4078 6292
320 329 454 383 1599

1417 323 1482 379 ΙΝ
1523 324 1761 381 ΙδΑΙΑΜ
1795 325 1927 382 LIB.
1966 325 2028 382 ν.
2067 324 2302 381 TOMUS
2341 323 2426 378 iV.

3435 326 3571 384 1510

313 440 443 504 ταῖς
494 435 659 503 ὁδοῖς
704 436 924 502 αὐτῶν,
978 436 1077 490 καὶ
1109 434 1253 489 ὁδὸν
1301 434 1547 504 εἰρήνης
1596 439 1710 492 οὐκ
1736 437 1889 492 οἰδα-

2000 453 2116 492 rum
2135 456 2154 494 :
2179 449 2229 494 et
2259 442 2402 494 viam
2429 441 2574 508 pacis
2608 455 2711 494 non
2749 445 3119 508 cognouerunt.
3150 435 3276 493 Non
3317 447 3396 494 est
3421 440 3573 508 judi-

313 546 436 585 σιν.
480 531 602 584 Οὐκ
631 527 802 583 ἔσται
851 528 1049 597 κρίσις
1079 527 1148 580 ἐν
1181 525 1313 592 ταῖς
1360 527 1524 593 ὁδοῖς
1561 529 1781 585 αὐτῶν.
1829 531 1899 587 Δί

315 626 425 694 γὰρ
454 623 638 691 τρίϐοι
664 619 862 675 αὐτῶν
888 617 1372 687 διεστραμμέναι,
1417 617 1493 685 ἃς
1529 619 1895 686 διοδεύουσι,

316 717 414 771 καὶ
467 718 578 787 οὐκ
625 713 864 768 οτδασιν
911 709 1182 778 εἰρήνην,
1227 709 1334 765 Διὰ
1381 710 1557 766 τοῦτο
1587 710 1824 781 ἀπέστη
1855 712 1895 780 ri

317 807 511 875 κρίσις
542 803 644 859 ἀπ’
680 799 877 856 αὐτῶν
909 801 1010 872 (1).

389 898 634 950 Ἔκαστα
696 892 806 946 τῶν
871 893 1177 948 Ἰουδαϊκῶν
1229 895 1718 967 πλημμελημάτων
1798 895 1898 949 ἀπ·

315 989 623 1059 αριθμεϊται
667 984 900 1052 λεπτῶς,
933 985 998 1039 ἵν’
1053 987 1351 1060 ἐπειδήπερ
1393 989 1748 1059 ἐπιϐέϐληνται
1793 988 1897 1058 τῆς

314 1077 446 1148 πρὸς
476 1075 634 1129 αὑτὸν
657 1075 1012 1147 οἰκειότητος,
1035 1076 1202 1149 ψήφῳ
1223 1078 1407 1150 δικαίᾳ
1442 1080 1602 1133 τοῦτο
1631 1079 1896 1142 παθόντες

311 1165 657 1219 ἁλίσκωνται.
706 1165 887 1236 Ἔργα
912 1165 1021 1238 γὰρ
1049 1168 1280 1238 ἀνομίας
1302 1169 1435 1240 φησὶ
1463 1169 1644 1224 πάντα
1667 1170 1737 1224 τὰ
1757 1171 1894 1240 ἔργα

309 1256 506 1317 αὐτῶν.
537 1257 631 1311 καὶ
651 1257 950 1329 συλλήϐδην
979 1260 1036 1311 ὲν
1069 1259 1278 1323 τούτοις
1317 1261 1537 1332 ἁπάσης
1574 1261 1755 1316 αὐτῶν
1795 1262 1892 1330 τῆς

310 1350 453 1420 ζωῆς
510 1348 718 1420 ἀληθὴς
755 1349 977 1418 γέγονεν
1014 1352 1048 1420 ἡ
1089 1350 1460 1422 κατάῤῥησις·
1520 1353 1798 1424 ἐπιτρέχει
1834 1351 1892 1406 δὲ

309 1441 404 1494 καὶ
443 1439 586 1494 οὕτω
628 1439 735 1494 τῶν
783 1441 1122 1512 αἰτιαμάτων
1149 1441 1402 1506 ἕκαστον,
1433 1445 1560 1507 τοὺς
1592 1444 1691 1514 μὲν
1723 1443 1892 1506 πόδας

310 1532 403 1584 ἐπὶ
435 1531 700 1602 πονηρίαν
720 1532 936 1604 τρέχειν
963 1531 1152 1598 εἰπὼν,
1195 1533 1290 1587 καὶ
1320 1530 1459 1588 εἶναι
1495 1535 1760 1605 ταχυνοὺς
1811 1535 1893 1597 εἰς

311 1623 371 1677 τὸ
404 1624 590 1694 ἐκχέαι
634 1620 792 1696 αἷμα.
837 1623 932 1679 καὶ
982 1625 1277 1696 λογισμοὺς
1317 1625 1612 1697 ἐσχηκέναι
1635 1626 1764 1690 τοὺς
1799 1625 1892 1678 ἐπὶ

310 1717 492 1785 φόνοις
525 1719 726 1780 αὐτοῖς.
765 1718 956 1789 Ἀθρει
983 1717 1046 1788 δή
1083 1735 1173 1788 μοι
1203 1718 1385 1782 πάλιν,
1415 1719 1519 1784 ὅτι,
1547 1717 1891 1774 καίτοιπλεί-

2000 532 2141 596 cium
2171 533 2229 586 in
2272 533 2370 586 uiis
2400 547 2598 588 eorum.
2629 532 2844 587 Semina
2876 531 3014 584 enim
3040 546 3220 584 eorum
3292 547 3570 599 perversa,

1998 637 2127 692 quas
2160 631 2516 685 transeunt,et
2544 637 2647 675 non
2680 630 3031 691 cognoverunt
3057 637 3260 690 pacem.
3287 620 3571 693 Propterea

1998 701 2210 770 rce-escit
2231 715 2494 782 iudicium
2518 713 2582 768 ab
2612 713 2764 782 ipsis.

2070 889 2290 959 Singula
2318 889 2625 945 Judaeorum
2658 887 2855 944 delicta
2903 893 3188 942 enumerat
3217 887 3565 944 minutatim:

1997 994 2056 1040 ut
2091 982 2522 1053 quandoquidem
2560 997 2588 1036 a
2633 979 3014 1050 conjunctione
3065 979 3160 1036 Dei
3210 986 3338 1034 sunt
3383 977 3569 1050 eiecti,

1990 1075 2138 1145 justo
2178 1073 2386 1130 calculo
2431 1075 2533 1130 hoc
2566 1073 2712 1143 passi
2752 1072 3169 1129 eonvincantur.
3217 1069 3394 1140 Opera
3423 1071 3568 1126 enim

1996 1165 2320 1235 iniquitatis,
2349 1165 2545 1234 inquit,
2584 1165 2768 1222 omnia
2797 1179 2960 1234 opera
2986 1179 3197 1232 eorum,
3229 1173 3283 1220 et
3333 1177 3568 1219 summa-

1995 1259 2090 1312 tim
2109 1258 2163 1312 in
2196 1257 2278 1312 his
2313 1256 2489 1313 verbis
2511 1265 2597 1313 est
2625 1272 2754 1313 vera
2785 1257 2948 1313 totius
2979 1256 3217 1324 ipsorum
3277 1256 3402 1310 vitae
3426 1254 3569 1309 refu-

1995 1347 2150 1404 tatio.
2174 1345 2454 1402 Percurrit
2484 1347 2647 1401 etiam
2683 1347 2763 1401 sic
2789 1345 3000 1417 singula
3026 1352 3229 1410 errata,
3251 1359 3373 1400 cum
3402 1343 3567 1413 pedes

1993 1438 2128 1493 dicit
2157 1437 2224 1492 ad
2263 1437 2528 1492 malitiam
2561 1451 2802 1503 currere,
2826 1447 2881 1492 et
2909 1451 3034 1492 esse
3060 1436 3274 1492 veloces
3300 1436 3364 1490 ad
3392 1433 3568 1490 ell‘un-

1992 1529 2227 1584 dendum
2262 1528 2600 1597 sanguinem,
2637 1542 2702 1582 ac
2741 1527 3098 1598 cogitationes
3139 1526 3444 1596 suscepisse
3501 1525 3568 1580 de

1993 1620 2252 1676 caedibus.
2289 1619 2498 1675 Rursus
2546 1620 2650 1674 hoc
2696 1618 2830 1674 mihi
2876 1626 3080 1686 specta,
3105 1615 3267 1684 quod.
3304 1614 3406 1669 etsi
3457 1613 3569 1683 pln-

1994 1712 2131 1766 rima
2175 1710 2286 1767 sint
2332 1710 2545 1778 delicta,
2574 1709 2806 1779 primum
2841 1714 3229 1764 commemoret
3260 1712 3566 1774 promptum

313 1827 454 1863 στων
481 1808 649 1862 ὄντων
668 1809 776 1862 τῶν
807 1809 1315 1880 πλημμελημάτων,
1347 1809 1564 1881 πρῶτος
1591 1809 1889 1880 διαμέμνη·

1994 1804 2160 1860 caedis
2187 1801 2466 1873 patrandae
2495 1801 2760 1856 studium.
2796 1797 3032 1854 Currere
3057 1796 3202 1852 enim
3250 1795 3357 1850 huc
3398 1794 3566 1864 pedes

306 1918 394 1954 ται
417 1901 515 1970 τῆς
544 1900 892 1972 ἑτοιμότητος
935 1900 1037 1970 τῆς
1067 1901 1146 1964 εἰς
1196 1902 1258 1954 τό
1288 1917 1374 1968 γε,
1399 1901 1544 1971 φημὶ
1581 1901 1641 1955 τὸ
1674 1899 1892 1954 ἑλέσθαι.

308 1993 491 2063 φονᾷν.
517 1990 742 2062 Τρέχειν
768 1992 879 2063 γὰρ
910 1991 1015 2063 ἔφη
1063 1993 1202 2062 πρὸς
1239 1991 1401 2046 τοῦτο
1437 1993 1566 2056 τοὺς
1600 1991 1764 2055 πόδας
1793 1993 1895 2045 αὐ-

304 2080 432 2146 τῶν,
457 2081 548 2134 καὶ
578 2080 720 2148 ὀξεῖς
774 2082 892 2154 ἦτοι
929 2083 1196 2152 ταχυνοῦς
1242 2077 1382 2137 εἶναι
1423 2081 1560 2152 πρός
1588 2100 1651 2151 γε
1696 2082 1756 2137 τὸ
1784 2082 1894 2136 δεῖν

304 2171 635 2242 εἰσδέχεσθαι
692 2173 1078 2244 διαλογισμοὺς
1119 2174 1246 2239 τοὺς
1290 2176 1374 2244 ἐφ’
1429 2173 1621 2243 αἵματί
1676 2190 1738 2226 τε
1801 2173 1895 2227 καὶ

306 2260 513 2328 φόνοις·
537 2262 852 2334 σύντριμμα
873 2264 929 2318 δὲ
958 2265 1052 2318 καὶ
1081 2264 1458 2333 ταλαιπωρίαν
1509 2265 1568 2317 ἐν
1611 2266 1734 2328 ταῖς
1755 2265 1895 2328 ὁδοῖς

304 2353 484 2405 αὐτῶν
515 2349 654 2408 εἶναι
684 2355 1030 2421 διατείνεται,
1077 2358 1178 2411 οὐκ
1202 2357 1400 2411 εἰδέναι
1429 2374 1488 2410 τε
1517 2356 1620 2428 τὴν
1649 2358 1890 2428 εἰρήνην,

303 2443 422 2512 ἦτοι
458 2443 556 2513 τὴν
575 2445 673 2512 τῆς
704 2446 924 2516 εἰρήνης
943 2447 1082 2502 ὀδόν.
1111 2449 1180 2501 Ἃ
1201 2447 1272 2516 τὰ
1281 2467 1312 2521 ρ
1327 2447 1496 2518 ἔδρων
1510 2448 1760 2514 ἀνοσίως,
1799 2448 1894 2501 καὶ

304 2533 450 2602 πέρα
476 2535 677 2598 παντὸς
699 2536 865 2600 ἱέντες
893 2537 1150 2608 θράσους,
1180 2538 1473 2609 συντριόἦς
1499 2539 1589 2592 καὶ
1620 2538 1895 2592 ταλαιπω-

309 2623 429 2691 ρὶας
450 2625 651 2689 αὐτοῖς,
668 2627 834 2697 ἤγουν
858 2631 988 2700 παρ’
1009 2630 1190 2685 αὐτῶν
1214 2631 1422 2703 ἑτέροις
1433 2630 1623 2700 γέγονε
1636 2629 1890 2700 πρόξενα.

304 2709 486 2769 Ἶισαν
527 2715 583 2768 δέ
613 2735 714 2770 που
745 2720 961 2786 πάντως
994 2722 1484 2795 φιλοπραγματίαι,
1519 2723 1616 2776 καὶ
1632 2721 1896 2794 δικαρῤά-

305 2821 414 2873 φοι,
448 2807 542 2860 καὶ
582 2807 716 2862 πολὺ
746 2811 1028 2876 νοσοῦντες
1060 2813 1121 2866 τὸ
1141 2814 1356 2885 δύσερι·
1380 2814 1520 2884 καὶὴ
1552 2811 1745 2867 τούτου
1770 2812 1896 2884 πρό-

304 2914 468 2965 φασις
483 2898 783 2969 λημμάτων
801 2902 984 2970 ἔφεσις
1016 2905 1109 2958 καὶ
1122 2904 1481 2978 δωροληψίας.
1509 2903 1782 2975 Ταύτῃτοι
1798 2903 1894 2958 καὶ

307 2988 450 3057 μάλα
471 2989 715 3058 εἰκότως,
745 2993 858 3046 Οὐκ
886 2993 1001 3048 ἐστι
1055 2995 1256 3066 κρίσις,
1288 2997 1471 3066 φησὶν,
1506 2998 1564 3050 ἐν
1596 2998 1719 3060 ταῖς
1753 2995 1895 3060 ὁδοῖς

303 3079 507 3134 αὐτῶν.
558 3083 756 3152 Κρίσιν
794 3085 852 3138 δέ
903 3102 1069 3157 φησιν
1115 3085 1350 3142 ἐνταῦθα
1395 3087 1490 3157 τὴν
1522 3088 1891 3159 δικαιοσύνην,

303 3173 422 3243 ἦτοι
466 3173 566 3245 τὴν
633 3176 1012 3249 ὲννομωτάτην
1069 3179 1162 3232 καὶ
1217 3179 1540 3251 ἀδιάϐλητον
1590 3181 1887 3237 πολιτείαν.

302 3264 459 3320 Οὕτω
479 3267 587 3338 γάρ
620 3268 722 3321 πού
740 3287 906 3341 φησιν
930 3273 957 3324 ὀ
986 3270 1269 3336 θεσπέσιος
1308 3271 1472 3325 Δαὸὶδ
1505 3275 1634 3344 περὶ
1665 3275 1765 3338 τῆς
1800 3273 1891 3329 διὰ

299 3357 543 3422 Μωσέως
575 3359 814 3431 ἐντολῆς,
844 3381 862 3412 ι
892 3361 1087 3434 Κρίσιν
1109 3364 1202 3416 καὶ
1229 3362 1574 3436 δικαιοσύνην
1606 3366 1664 3418 ὲν
1694 3364 1891 3420 Ἰακὼὸ

310 3449 373 3503 σὺ
399 3450 680 3522 ἐποίησας.
714 3471 733 3504 ι
764 3453 958 3507 Οὐκοῦπ
996 3455 1247 3527 εὐθύτης,
1280 3456 1398 3528 ἢτοι
1425 3457 1762 3528 δικαιοσύνη,
1787 3459 1889 3513 οὐκ

299 3541 444 3595 ἐστιν
478 3542 536 3596 ἐν
561 3546 681 3609 ταῖς
708 3545 847 3609 όδοῐς
882 3547 1080 3601 αὐτῶν.
1125 3551 1566 3622 Διεστραμμέναι
1607 3550 1716 3623 γάρ
1754 3552 1882 3615 εἰσι,

301 3633 392 3687 καὶ
421 3634 680 3704 φεύγουσι
697 3636 797 3707 τὴν
825 3637 1068 3709 εἰρηνὴν,
1103 3641 1222 3713 ἦτοι
1267 3643 1405 3713 πρὸς
1430 3644 1650 3713 ἑτέρους
1677 3646 1884 3714 εἰρηνι-

300 3727 386 3779 κοὶ
415 3726 865 3800 παραιτούμενοι,
902 3729 1069 3798 ἦγουν
1100 3732 1323 3801 εἰρηνὴν
1354 3732 1542 3784 ἐνθάδε
1593 3733 1759 3802 φησὶν
1791 3733 1885 3788 τὸν

300 3816 503 3888 Κύριον
553 3817 711 3888 ἡμῶν
784 3817 992 3888 Ἰησοῦν
1031 3820 1286 3888 Χριστὸν,
1341 3820 1400 3872 ὃν
1461 3822 1562 3874 οὐκ
1613 3821 1886 3891 ἠθέλησαν

298 3907 516 3973 εἰδέναι,
551 3907 641 3960 τὸν
663 3905 764 3976 τῆς
788 3905 1062 3970 ἀπωλείας
1088 3908 1300 3971 ἑαυτοῖς
1322 3908 1640 3978 ὀρύττοντες
1664 3907 1882 3978 βόθρον.

302 3999 401 4053 Διὰ
440 3999 598 4054 τοῦτο
647 3999 777 4069 γὰρ,
819 3998 1004 4070 φησὶν,
1035 4001 1246 4072 ἀπέστη
1276 4003 1308 4073 ή
1341 4002 1523 4074 κρίσις
1561 4003 1657 4056 ἀπ’
1683 4001 1886 4068 αὐτῶν,

297 4090 568 4156 τουτέστι,
601 4091 805 4160 ταύτης
834 4091 997 4145 ἕνεκα
1045 4091 1144 4162 τῆς
1193 4095 1371 4158 αἰτίας
1402 4095 1768 4167 ἀπεφοίτησεν
1792 4095 1889 4148 αὺ-

298 4181 406 4236 τῶν
441 4183 474 4252 ή
500 4181 837 4255 δικαιοσύνη,
862 4185 1029 4254 ἤγουν
1073 4184 1134 4237 τὸ
1176 4185 1373 4240 εἰδέναι
1413 4186 1568 4256 δρᾷν,
1598 4185 1636 4242 ἃ
1665 4186 1758 4240 τὸν
1789 4187 1890 4257 τῆς

1992 1911 2182 1953 eorum
2212 1896 2310 1959 ait,
2335 1904 2391 1950 et
2424 1893 2628 1950 celeres
2662 1906 2728 1946 ac
2762 1890 2973 1947 veloces
2995 1902 3118 1945 esse
3141 1887 3207 1943 ad
3241 1885 3565 1957 capiendum

1992 1986 2220 2043 consilia
2255 1987 2321 2042 de
2372 1986 2633 2056 sanguine
2664 1993 2720 2039 et
2757 1983 2923 2040 caede.
2967 1980 3215 2037 Aliirmat
3259 1992 3474 2049 quoque
3512 1977 3565 2030 in

1993 2077 2096 2133 viis
2136 2091 2324 2132 eorum
2373 2074 2754 2130 contritionem
2784 2088 2906 2130 esse
2930 2087 2993 2128 ac
3031 2069 3326 2134 miseriam,
3365 2081 3568 2137 eosque

1993 2169 2209 2225 nescire
2246 2182 2456 2238 pacem,
2487 2181 2581 2223 seu
2607 2165 2748 2222 viam
2782 2165 2954 2236 pacis.
2989 2162 3123 2218 Nam
3157 2177 3276 2231 quae
3306 2160 3473 2229 impie
3512 2167 3572 2214 et

1992 2257 2275 2330 plusquam
2311 2257 2566 2312 audacter
2592 2264 2897 2326 patrarunt,
2935 2252 3320 2311 contritionem
3363 2259 3420 2305 et
3463 2250 3567 2303 mi-

1993 2355 2192 2410 seriam
2239 2353 2392 2422 ipsis,
2422 2361 2517 2406 aut
2542 2351 2610 2406 ab
2645 2350 2776 2419 ipsis
2817 2348 2936 2404 aliis
2977 2346 3370 2404 conﬂaverunt.
3402 2343 3572 2398 Erant

1994 2455 2174 2502 autem
2201 2446 2404 2514 ubique
2433 2458 2614 2500 rerum
2639 2444 2936 2498 alienarum
2959 2438 3252 2504 curiosi,et
3281 2432 3476 2490 tabula:
3505 2445 3572 2486 ac

1995 2539 2172 2594 litium
2203 2546 2614 2604 consutores,et
2641 2536 2833 2591 morbo
2851 2532 3192 2590 contentiose
3213 2525 3461 2600 litigandi
3496 2524 3570 2580 la-

1995 2631 2286 2687 borabant.
2312 2625 2479 2696 Cujus
2499 2626 2662 2681 etiam
2691 2638 2852 2680 causa
2886 2621 3010 2687 fuit,
3042 2619 3349 2691 praedarum
3382 2624 3438 2670 et
3464 2615 3563 2670 do-

1993 2737 2186 2777 norum
2216 2719 2651 2790 accipiendorum
2712 2715 3002 2782 cupiditas.
3068 2710 3206 2766 Hinc
3247 2717 3302 2764 et
3349 2705 3564 2776 quidem

1989 2812 2294 2883 iustissime
2315 2852 2330 2877 ,
2363 2810 2481 2867 Non
2507 2809 2673 2880 832
2696 2817 2798 2873 est,
2845 2805 3045 2875 inquit,
3088 2802 3347 2872 judicium
3382 2800 3436 2852 in
3466 2798 3570 2852 viis

1997 2918 2205 2961 eorum.
2231 2900 2504 2957 Judicium
2524 2898 2614 2954 bic
2637 2897 2769 2952 dicit
2787 2893 3076 2964 justitiam,
3133 2889 3248 2944 sive
3283 2887 3565 2942 honestam

1995 3004 2050 3048 et
2093 3007 2300 3062 aequam
2331 3000 2384 3048 et
2432 2989 2760 3059 inculpatam
2824 2983 3082 3054 degendae
3129 2981 3258 3035 vitae
3282 2977 3566 3034 rationem.

1999 3083 2089 3140 Sic
2111 3085 2254 3140 enim
2277 3081 2411 3138 dicit
2439 3079 2655 3136 divinus
2685 3077 2856 3142 David
2883 3076 2952 3130 de
2976 3071 3265 3144 praeceptis
3295 3064 3568 3123 “uesicis;

2003 3192 2022 3226 ι
2049 3173 2317 3230 Judicium
2349 3180 2406 3226 et
2425 3168 2771 3238 justitiamin
2803 3164 2969 3220 Jacob
3015 3173 3074 3218 tu
3105 3159 3284 3216 fecisti
3307 3159 3376 3212 ".
3411 3175 3432 3210 ι
3464 3156 3569 3210 Ita-

1991 3281 2100 3337 que
2128 3279 2233 3320 non
2269 3273 2352 3318 est
2389 3261 2678 3324 rectitude,
2709 3272 2803 3313 seu
2844 3255 3053 3326 iustitia
3100 3253 3160 3307 in
3202 3252 3308 3306 viis
3355 3263 3566 3305 eorum.

1994 3361 2134 3416 Sunt
2182 3356 2327 3412 enim
2381 3367 2671 3424 perversae,
2720 3359 2776 3404 et
2817 3362 3004 3420 pacem
3053 3345 3284 3415 fugiunt,
3319 3341 3402 3397 vel
3449 3354 3569 3396 cum

1991 3451 2114 3507 aliis
2136 3463 2324 3520 pacem
2348 3447 2529 3504 colere
2576 3445 2916 3499 detrectant:
2950 3439 3028 3496 vel
3063 3452 3248 3508 pacem
3287 3437 3374 3489 hic
3414 3438 3572 3486 vocat

1991 3543 2277 3599 Dominum
2308 3549 2550 3596 nostrum
2585 3533 2768 3591 Jesum
2801 3531 3275 3598 Christum,quem
3305 3525 3446 3579 scire
3477 3537 3572 3576 no-

1991 3635 2495 3702 luerunuititeritus
2517 3629 2727 3685 foveam
2755 3628 2970 3682 sibimet
3003 3622 3290 3678 fodientes.
3317 3615 3573 3685 Propter-

1992 3745 2056 3785 ea
2105 3731 2250 3785 enim
2297 3721 2769 3782 όίοἰιςΑιιεεθεείι
2808 3718 3072 3788 judicium
3108 3715 3176 3768 ab
3208 3711 3336 3776 illis,
3369 3711 3418 3763 id
3464 3714 3568 3771 est,

1989 3817 2102 3872 llac
2139 3821 2205 3872 de
2235 3833 2399 3873 causa
2455 3815 2682 3870 recessit
2723 3813 2793 3865 ab
2839 3811 2946 3864 illis
2983 3805 3219 3874 iustitia,
3249 3813 3303 3858 et
3344 3798 3571 3855 scientia

1990 3909 2182 3977 agendi
2224 3922 2308 3972 ea,
2335 3921 2452 3975 qua:
2476 3905 2703 3972 iustitia:
2731 3915 2989 3958 coronam
3023 3898 3109 3954 his
3135 3894 3447 3964 acquirunt,
3479 3893 3571 3958 qui

1991 4003 2080 4058 illa
2117 4001 2302 4056 volunt
2347 3998 2583 4054 efﬁcere.
2612 3994 2772 4050 Omni
2812 4001 2992 4047 autem
3034 3985 3304 4058 spirituali
3344 3983 3568 4038 scicntia

1990 4101 2179 4150 carent
2222 4089 2416 4154 Judaei,
2444 4097 2498 4144 et
2538 4085 2932 4158 quodammodo
2967 4078 3233 4136 abscessit
3270 4077 3338 4130 ab
3389 4075 3571 4128 animo

1995 4201 2209 4250 eorum,
2235 4199 2344 4255 quo
2377 4190 2537 4253 pacto
2564 4180 2665 4234 rite
2695 4179 2835 4248 quod
2863 4175 2973 4231 Deo
3004 4180 3216 4244 gratum
3245 4168 3317 4224 sit
3349 4167 3568 4222 obeant.

297 4273 636 4345 δικαιοσύνης
695 4277 1054 4346 περιποιεῖται
1112 4277 1373 4346 στέφανον
1433 4281 1544 4342 τοῖς
1609 4279 1906 4350 κατορθοῦν
1964 4279 2262 4351 ᾑρημένοις
2334 4275 2494 4330 αὑτά.
2552 4271 2698 4335 Ἔξω
2757 4268 2815 4323 δὲ
2873 4267 3055 4338 πάσης
3108 4261 3246 4317 εἰσὶν
3291 4255 3572 4328 εὐτεχνίας

298 4373 670 4442 πνευματικῆς
708 4371 970 4437 Ἰουδαῖοι,
1013 4373 1108 4426 καὶ
1137 4369 1247 4428 οἷον
1273 4373 1493 4444 ἀπέπτη
1550 4377 1650 4446 τῆς
1680 4374 1916 4438 διανοίας
1970 4374 2150 4430 αὐτῶν
2209 4373 2268 4427 τὸ
2306 4372 2400 4428 καὶ
2420 4370 2557 4431 ὅλως
2583 4367 2785 4421 εἰδέναι
2813 4361 3074 4418 δύνασθαι
3101 4375 3152 4413 τι
3175 4357 3281 4411 τῶν
3311 4353 3571 4427 ἀρεσκόν-

295 4482 402 4519 των
427 4464 544 4536 Θεῷ
575 4467 941 4539 διαπεραίνειν
964 4467 1158 4538 ὀρθῶς.

382 4561 395 4579 '
413 4562 861 4630 Υπομεινάντων
885 4562 1085 4618 αὐτῶν
1108 4563 1236 4632 φῶς
1259 4563 1496 4633 ἐγένετο
1521 4565 1727 4632 αὐτοῖς
1752 4568 1889 4621 σκό-

2066 4560 2230 4615 Vens.
2253 4556 2341 4613 9-1
2355 4555 2376 4609 ι
2390 4595 2404 4609 .
2428 4552 2563 4609 Cum
2583 4558 2937 4618 exspectarent
2958 4547 3147 4613 lucem,
3174 4545 3332 4614 factm
3348 4553 3469 4600 sunt
3493 4543 3569 4598 eis

298 4667 420 4716 τος,
477 4653 787 4720 μείναντες
836 4654 1035 4725 αὐτὴν
1074 4655 1141 4708 ἐν
1188 4656 1374 4724 ἁωρίᾳ
1405 4656 1873 4726 περιεπάτησαν.

305 4743 793 4811 Ψηλαρήσουσιν
839 4747 918 4810 ὡς
965 4746 1195 4816 τυφλὸς
1233 4747 1458 4816 τοῖχον,
1508 4747 1609 4802 καὶ
1649 4749 1730 4815 ὡς
1767 4750 1880 4818 οὺχ

298 4834 693 4900 ὑπαρχόντων
745 4836 1074 4905 ὀφθαλμῶν
1131 4839 1597 4909 ψηλαφήσουσι,
1649 4841 1749 4895 καὶ
1780 4853 1885 4894 πε-

299 4925 551 4979 σοῦνται
606 4927 676 4979 ἐν
714 4930 1073 4996 μεσημϐρίᾳ,
1112 4932 1193 4994 ὡς
1235 4931 1304 4985 ἐν
1349 4933 1748 5002 μεσονυκτίῳ.
1788 4934 1882 5001 Ὠς

297 5016 790 5084 ἀποθνήσκοντες
821 5019 1253 5088 στενάξουσιν,
1284 5023 1364 5089 ὠς
1395 5023 1578 5093 ἄρκος
1632 5024 1734 5078 καὶ
1777 5041 1880 5080 πει

294 5112 543 5178 ριστερὰ
567 5110 688 5177 ἅμα
707 5113 1129 5180 πορεύσονται.

384 5203 683 5273 Ἐπάρατον
711 5204 913 5263 αὐτῶν.
943 5206 1035 5258 καὶ
1061 5207 1446 5280 ἐκνομωτάτην
1469 5211 1754 5280 ἀποφήνας
1782 5209 1880 5281 τὴν

301 5295 465 5363 ζωήν·
522 5296 628 5366 ἔφη
673 5296 802 5368 γὰρ,
829 5298 948 5351 τίνα
979 5299 1114 5370 ἔργα
1143 5302 1321 5354 αὐτῶν
1351 5302 1486 5373 ἔργα
1504 5303 1762 5372 ἀνομίας,¹
1788 5304 1880 5356 καὶ

298 5385 470 5440 ταῦτα
504 5388 714 5452 λεπτῶς
759 5391 1306 5463 ἁπαριομησάμενος,
1355 5395 1476 5448 τίνα
1513 5395 1573 5448 τέ
1611 5397 1747 5458 ἐστι,
1786 5397 1878 5449 καὶ¹

375 5568 422 5598 ⁷³⁵
455 5567 593 5622 i’snl.
631 5584 815 5634 cxvm,
862 5569 980 5624 121.

1984 4654 2206 4709 tenebras
2225 4665 2245 4704 :
2268 4647 2630 4715 prwstolantes
2669 4642 3013 4712 splendorem,
3050 4641 3104 4693 in
3135 4639 3359 4708 caligine
3381 4635 3569 4688 ambu-

1985 4747 2184 4802 larunl.
2210 4741 2512 4812 Palpabunt
2551 4747 2800 4806 tanquam
2847 4750 3014 4789 ca’cus
3057 4735 3331 4799 parietem,
3357 4739 3405 4784 et
3453 4738 3570 4782 tan-

1987 4853 2146 4909 quam
2178 4837 2231 4889 hi
2273 4833 2361 4905 qui
2409 4830 2576 4886 oculis
2604 4828 2742 4898 capti
2779 4835 2921 4890 sunt,
2947 4823 3260 4894 palpabunt,
3297 4833 3345 4875 et
3378 4821 3568 4874 cadent

1989 4932 2045 4984 in
2081 4928 2318 4992 meridie,
2360 4925 2499 4979 velut
2543 4925 2600 4976 in
2647 4929 2794 4975 nocte
2833 4919 3024 4974 media.
3073 4915 3243 4980 Quasi
3283 4913 3566 4966 morientes

1988 5031 2209 5094 gentem,
2231 5019 2382 5090 quasi
2429 5033 2586 5072 ursus
2621 5024 2669 5068 et
2697 5012 2850 5082 quasi
2887 5007 3128 5064 columba
3159 5006 3358 5076 pariter
3378 5004 3565 5058 ambu-

1988 5115 2169 5168 labunt
2183 5152 2196 5166 .

2059 5201 2462 5260 Exsecrabilem
2498 5215 2684 5254 eorum
2716 5194 3176 5264 etiuiquissiinam
3219 5190 3380 5244 vitam
3412 5195 3560 5255 post-

1987 5314 2147 5369 quam
2195 5291 2637 5350 ostendit:dixit
2688 5285 3076 5354 enim:0pcra
3136 5295 3346 5343 eorum.
3397 5292 3558 5347 opera

1987 5387 2318 5459 iniquitatis:
2343 5394 2397 5441 et
2425 5384 2510 5440 his
2538 5383 2844 5438 minutatim
2877 5393 2942 5433 ac
2973 5374 3244 5447 sigillatim
3270 5384 3556 5429 enumera-

373 5746 445 5812 (lj‘
485 5745 613 5798 LXX
653 5746 866 5808 addunt,
901 5747 987 5798 7.7.".
1035 5747 1090 5798 -ῖπζλ
1135 5749 1204 5815 μὶ,
1258 5744 1533 5812 κχῖαὶάες
1587 5744 1774 5804 the);
1811 5740 2134 5812 δικαιοσύνη.
