4078 6292
516 310 642 368 l5“

1574 308 1632 364 S.
1671 307 1944 364 CYBIILI
1981 308 2452 368 ALEXANDRINI
2488 311 2803 368 ARCHIEP.

3663 317 3811 372 15Ιέ

518 429 690 497 tis,et
714 439 962 498 quaenam
994 432 1198 492 essent,
1235 439 1299 481 ac
1326 424 1654 496 cuiusmodi,
1689 434 1976 496 postquam
2004 442 2099 482 ex-

2204 426 2269 481 δι’
2301 428 2444 483 ὅσων
2474 427 2694 500 ἔρχεται
2732 427 2952 498 τρόπων
2991 428 3180 494 είπὼν,
3233 429 3550 498 ἀναγκαίως
3597 417 3824 501 ἐπάγειέ

519 522 720 590 posuit,
757 519 1067 575 necessario
1101 517 1266 573 infert
1311 532 1376 573 ac
1404 517 1704 588 subjungit,
1735 526 1791 572 et
1833 517 2094 572 damnum

522 614 648 669 hinc
678 612 782 668 illis
809 610 1096 676 inuictum,
1127 620 1184 666 et
1222 610 1577 668 intoleranda:
1605 610 1918 666 vitiositatis
1952 621 2097 666 reta-

520 704 820 770 liationem,
857 718 919 758 ac
943 703 1236 773 impietatis
1261 704 1501 774 ipsorum
1534 702 1766 758 fructus.
1794 703 2093 773 Exspecta—

519 797 649 852 bant
675 796 823 852 enim
850 793 1448 851 Judasiillustratiouem
1482 809 1512 848 a
1538 793 1782 857 Christo,
1802 792 2098 848 audiebant

516 887 810 958 prophetas
851 896 1072 944 sanctos
1121 891 1422 944 clamantes
1479 888 1769 944 manifeste
1805 907 1818 943 :
1857 887 2097 942 «Illumi-

520 995 671 1045 nare,
712 979 1037 1046 illuminare,
1063 979 1404 1036 Jerusalem:
1440 981 1592 1034 venit
1617 979 1762 1034 enim
1796 979 1884 1034 lux
1907 987 2020 1044 tua,
2042 988 2098 1035 et

518 1071 686 1143 gloria
719 1071 931 1127 Domini
985 1083 1148 1141 super
1175 1079 1228 1126 te
1252 1080 1374 1126 orta
1406 1077 1494 1125 est
1526 1069 1596 1122 ".
1627 1087 1647 1122 ι
1676 1069 1746 1123 Et
1799 1078 1927 1124 tunc
1967 1082 2096 1137 ape-

521 1173 731 1218 rientur
757 1163 900 1218 oculi
929 1177 1233 1218 caecorum:
1261 1172 1318 1217 et
1351 1169 1616 1232 quantum
1670 1161 1738 1216 ad
1779 1170 2097 1215 sanctorum

520 1254 907 1325 prophetarum
945 1255 1349 1324 przedictionem
1374 1255 1602 1318 attinet,
1633 1269 1737 1308 non
1778 1262 1934 1308 erant
1957 1254 2095 1307 bona

516 1361 614 1416 spe
659 1347 901 1401 destituti
956 1346 1164 1402 miseri.
1216 1346 1498 1415 Siquidem
1541 1346 1685 1400 inter
1736 1360 1798 1400 se
1844 1345 2098 1400 dicebant

521 1440 814 1510 aliquando
848 1438 1090 1495 Iudaicae
1129 1437 1429 1510 Synagoga:
1461 1438 1719 1509 praesides
1753 1457 1764 1492 :
1809 1456 1828 1490 ι
1865 1437 2002 1492 Num
2031 1453 2096 1492 ex

518 1533 735 1589 Calilma
767 1533 1015 1589 Christus
1065 1532 1253 1587 venit?
1296 1530 1484 1586 Nonne
1526 1530 1806 1600 Scriptura
1837 1531 1987 1597 dicit,
2030 1545 2097 1584 ex

519 1626 730 1680 semine
779 1625 1016 1691 Davidis,
1047 1634 1104 1680 et
1146 1640 1175 1678 ιι
1231 1623 1506 1678 Bethleem
1542 1623 1660 1676 vico
1689 1622 1963 1677 Christum
2008 1637 2101 1678 ve-

521 1716 782 1772 nire"?i
821 1715 1162 1770 Samaritana
1210 1729 1424 1784 quoque
1483 1714 1570 1768 illa
1625 1713 1817 1769 mulier
1850 1713 2096 1769 confessa

2201 520 2296 574 καὶ
2337 521 2690 593 παρατίθησι,
2723 522 2817 574 καὶ
2857 521 2958 592 τὴν
2987 521 3240 576 ἐντεῦθεν
3281 525 3467 587 αὐτοῖς
3509 525 3810 596 ἐντετριμ-

2201 611 2369 683 μένην
2390 613 2612 684 ζημίαν,
2635 616 2731 669 καὶ
2769 615 2868 684 τῆς
2899 615 3130 686 ἀσχέτου
3159 613 3495 685 φαυλότητος
3531 615 3636 686 τὴν
3670 616 3823 694 ἀντί

2197 701 2422 768 ἑκτισιν,
2449 703 2568 773 ἦτοι
2597 705 2725 767 τοὺς
2745 705 2844 775 τῆς
2866 704 3095 780 ἐνούσης
3128 704 3311 767 αὐτοῖς
3341 703 3610 768 ἀσεϐείας
3671 722 3811 775 καρ-

2198 793 2354 857 πούς.
2376 795 2727 866 Προσεδόκων
2750 796 2846 866 μὲν
2871 796 2978 867 γὰρ
3011 795 3254 849 Ἰουδαῖοι
3277 796 3369 849 τὸν
3392 797 3548 867 παρὰ
3573 796 3810 868 Χριστῷ

2198 887 2501 958 φωτισμόν.
2564 889 2802 942 Ἤκουον
2851 888 3149 960 προφητῶν
3208 888 3382 957 ἁγίων
3431 888 3810 943 ἀναϐοώντων

2197 979 2521 1048 ἀναφανδὸν,
2560 998 2580 1031 ι
2609 979 2872 1044 Φωτίζου,
2911 979 3171 1050 φωτίζον,
3219 980 3610 1052 Ἰερουσαλὴμ,
3671 981 3806 1052 ἣκει

2197 1070 2306 1141 γὰρ
2342 1070 2405 1124 τὸ
2431 1071 2547 1140 φῶς
2575 1088 2694 1138 σου,
2720 1074 2814 1126 καὶ
2834 1075 2868 1143 ή
2888 1072 3015 1140 δόξα
3041 1073 3247 1143 Κυρίου
3279 1073 3372 1126 ἐπὶ
3398 1074 3459 1127 σὲ
3497 1073 3810 1129 ἀνατέταλ-

2199 1181 2286 1220 κε.
2327 1183 2346 1217 ι
2382 1165 2496 1219 Καὶ
2528 1166 2650 1218 τότε
2690 1165 3394 1238 ἀνοιχθήσονταιόφθαλμοὶ
3430 1168 3683 1237 τυφλῶν,
3707 1170 3799 1223 καὶ

2197 1256 2259 1310 τό
2297 1274 2360 1325 γε
2392 1252 2528 1329 ἦκον
2551 1260 2632 1321 είς
2658 1258 2758 1329 τὴν
2787 1259 2898 1312 τῶν
2929 1259 3100 1328 ἁγίων
3130 1260 3427 1330 προφήτων
3455 1261 3801 1332 προαγόρευ-

2200 1366 2304 1409 σιν,
2339 1349 2439 1402 οὐκ
2472 1348 2577 1414 ἔξω
2613 1350 2857 1421 χρηστῆς
2887 1351 3101 1414 ἐλπίδος
3143 1346 3284 1422 ἦσαν
3323 1353 3373 1405 oi
3401 1352 3662 1417 τάλανες.
3689 1355 3801 1406 Καὶ

2199 1441 2330 1506 γοῦν
2363 1441 2733 1512 προσελάλουν
2766 1443 3020 1515 ἀλλήλοις
3063 1443 3191 1497 ποτὲ
3218 1445 3316 1513 τῆς
3359 1445 3640 1498 Ἰουδαίων
3671 1445 3802 1496 Συν-

2200 1534 2424 1602 αγωγῆς
2462 1533 2512 1585 οί
2547 1535 2968 1604 προεστηκότες,
3010 1553 3030 1585 ι
3073 1534 3164 1606 Μὴ
3205 1535 3269 1587 ἐκ
3290 1534 3391 1604 τῆς
3421 1535 3725 1598 Γαλιλαίας
3772 1536 3802 1588 6

2201 1622 2434 1690 Χριστὸς
2455 1621 2698 1693 ἔρχεται;
2727 1623 2826 1692 οὐχ
2852 1623 2885 1694 ἡ
2913 1623 3102 1694 Γραφὴ
3135 1620 3312 1688 εἶπεν,
3339 1626 3423 1678 ὅτι
3454 1626 3522 1677 ἐκ
3552 1625 3801 1695 σπέρμαο

2200 1723 2290 1769 τος
2323 1706 2506 1773 Δαὸὶδ,
2541 1709 2637 1762 καὶ
2675 1708 2786 1762 ἀπὸ
2833 1710 3090 1782 Βηθλεὲμ
3129 1713 3229 1784 τῆς
3277 1712 3469 1784 κώμης
3502 1716 3533 1766 6
3563 1714 3801 1784 Χριστὸς

519 1816 605 1862 est
663 1808 969 1874 manifeste,
1024 1808 1199 1878 ipsum
1242 1805 1408 1877 833
1457 1806 1732 1862 Christum
1787 1807 2086 1878 alloquens,

2204 1797 2436 1870 ἔρχεταις
2464 1819 2482 1852 ι
2513 1802 2621 1854 Καὶ
2655 1803 2689 1872 ἡ
2710 1803 3039 1872 Σαμαρεῖτις
3063 1805 3247 1876 ἐκείνη
3274 1806 3411 1876 γυνὴ
3460 1806 3802 1876 διωμολόγη-

519 1902 784 1954 adventus
813 1898 1086 1955 virtutem.
1127 1899 1348 1954 Dicebat
1380 1899 1569 1953 enim:
1603 1917 1621 1949 ι
1662 1898 1918 1954 Novimus
1955 1897 2097 1967 quod

523 1987 749 2044 Messias
803 1989 972 2053 venit,
1029 1989 1122 2058 qui
1163 1988 1650 2044 diciturChristus.
1702 1987 1838 2043 Cum
1889 1988 2100 2043 venerit

523 2077 630 2142 ille,
663 2078 1185 2134 annuntiabitnobis
1211 2079 1416 2132 omnia.
1470 2096 1489 2128 ι
1518 2077 1914 2147 Exspectabam
1945 2091 2096 2147 ergo,

522 2178 582 2224 ut
637 2170 769 2236 dixi,
820 2169 1235 2226 illustrationem
1269 2186 1298 2224 a
1332 2169 1584 2226 Christo:
1615 2169 1710 2225 sed
1753 2171 2100 2241 contigerunt

520 2271 722 2328 praeter
770 2277 919 2332 spem
975 2261 1082 2318 illis
1129 2263 1331 2319 omnia.
1381 2261 1498 2318 Non
1547 2263 1690 2318 enim
1721 2278 1902 2319 veram
1925 2263 2100 2317 lucem

522 2351 881 2418 admiserunt,
919 2351 1011 2408 sed
1040 2367 1160 2407 cum
1192 2354 1444 2408 tenebras
1476 2353 1620 2408 ultro
1654 2353 1756 2408 sibi
1803 2353 2100 2408 accersitas

525 2452 782 2514 tanquam
827 2443 881 2500 in
931 2443 1200 2500 domicilia
1231 2444 1533 2498 animorum
1579 2444 1930 2514 recepissent,
1966 2441 2096 2497 caeci

522 2536 866 2602 exstiterunt,
896 2545 952 2592 et
982 2535 1148 2590 duces
1175 2551 1467 2602 cmcorum,
1491 2539 1650 2608 juxta
1669 2535 1977 2590 Servatoris
2007 2549 2099 2590 vo.

522 2641 640 2683 cem
669 2625 735 2682 ⁷⁷.
766 2627 901 2682 Dum
927 2627 1091 2698 igitur
1117 2627 1294 2683 lucem
1325 2627 1398 2681 illi
1428 2627 1888 2698 prazstolarentur,
1916 2626 1966 2680 id
1992 2634 2101 2692 est,

523 2729 806 2790 sperarent
832 2729 886 2775 et
923 2728 1334 2791 exspectarent,
1359 2719 1670 2790 obtigerunt
1706 2718 1810 2774 illis
1847 2717 2100 2773 tenebrae.

524 2813 590 2868 Et
617 2821 995 2882 exspectantes
1011 2812 1374 2882 splendorem,
1397 2813 1449 2866 in
1474 2812 1702 2881 caligine
1725 2812 2099 2867 versabantur.

523 2899 668 2958 ldcm
721 2918 910 2958 rursus
956 2903 1114 2958 aliter
1153 2903 1318 2958 etiam
1366 2903 1430 2958 de
1479 2905 1668 2958 eadem
1717 2918 1774 2958 re
1802 2903 1952 2972 ponit
1981 2919 2104 2974 pro-

522 2996 708 3068 pheta,
768 2997 1036 3051 dictorum
1088 2997 1417 3052 sententiam
1464 3010 1760 3065 exponens.
1805 2996 1908 3063 Qui
1957 2997 2101 3051 enim

525 3087 868 3158 splendorem
892 3097 1300 3157 exspectarunt,
1328 3088 1379 3142 in
1417 3086 1656 3142 tenebris
1685 3086 1966 3156 profundis
1989 3102 2101 3142 am-

523 3181 870 3238 bulaverunt.
916 3179 1029 3238 Hoc
1063 3182 1207 3237 enim
1228 3182 1330 3252 τῆς
1359 3181 1588 3252 ἀωρίας,
1629 3181 1681 3236 id
1715 3191 1817 3248 est,
1850 3181 2102 3251 caliginis

524 3289 721 3330 nomen
771 3273 1058 3345 significat.
1115 3273 1321 3329 Deinde
1359 3284 1418 3328 ut
1439 3274 1722 3340 caecitatis,
1754 3288 1872 3342 quae
1908 3273 1962 3326 in
1997 3273 2102 3328 illis

525 3367 649 3433 fuit,
681 3367 1103 3438 magnitudinem
1140 3367 1476 3435 exprimeret
1503 3365 1870 3435 :Palpahuut,
1899 3366 2099 3437 inquit,

527 3469 786 3528 tanquam
840 3471 1018 3513 caecus
1068 3455 1136 3510 ad
1185 3457 1468 3524 parietem.
1506 3455 1599 3510 Sic
1633 3457 1778 3510 enim
1831 3457 2100 3510 interdum

523 3548 802 3602 ambulare
851 3557 1268 3610 consueverunt,
1298 3546 1390 3615 qui
1433 3545 1712 3599 oculorum
1752 3546 2000 3601 caecitate
2031 3546 2101 3599 la-

525 3640 755 3693 borant.-
775 3637 842 3691 Et
865 3639 921 3692 in
956 3638 1094 3706 ipso,
1130 3637 1325 3706 inquit,
1347 3635 1593 3699 meridie,
1639 3645 1891 3706 tanquam
1925 3635 2099 3691 media

526 3741 684 3788 nocte
709 3731 922 3787 cadent.
969 3730 1244 3784 Meridiem
1281 3730 1498 3794 usitate,
1534 3729 1765 3783 mediam
1818 3729 1923 3784 diei
1972 3743 2100 3798 par-

528 3836 634 3879 tem
664 3823 931 3888 nominat,
971 3821 1189 3892 quando
1213 3820 1345 3878 solis
1379 3820 1614 3876 circulus
1643 3821 1878 3876 medium
1902 3820 2098 3877 cmlum

527 3929 740 3985 tenens,
756 3917 936 3972 radios
966 3915 1315 3971 intentissimi
1348 3914 1544 3971 caloris
1566 3914 1814 3971 immittit
1835 3924 1994 3971 terra:
2021 3915 2101 3970 in-

524 4009 680 4076 colis,
708 4018 760 4064 et
800 4009 949 4065 velut
981 4009 1319 4078 opulentiore
1382 4008 1688 4078 splendoris
1731 4009 1885 4078 copia
1927 4007 2098 4063 collu—

533 4113 674 4158 strat
717 4102 942 4169 omnia;
973 4100 1346 4174 μεσονύκτιον,
1392 4101 1444 4156 id
1478 4110 1581 4167 est,
1629 4100 1860 4156 medium
1903 4102 2097 4168 noctis,

520 4197 739 4266 quando
760 4195 1036 4266 profundae
1075 4195 1314 4251 tenebra:
1353 4195 1606 4250 omnibus
1647 4196 1750 4250 sub
1784 4195 1910 4251 caeli
1951 4210 2100 4251 com-

2201 1908 2296 1944 κεν
2326 1891 2573 1962 ἐναργῶς
2600 1893 2748 1965 αὐτῷ
2784 1895 3167 1965 προσλαλοῦσα
3209 1896 3433 1967 Χριστῷ
3469 1897 3575 1964 τῆς
3612 1897 3800 1966 ἐπιδηο

2204 1982 2331 2052 μίας
2360 1983 2457 2054 τὴν
2493 1984 2743 2056 δύναμιν.
2771 1988 2916 2058 Ἔφη
2943 1988 3079 2060 γὰρ,
3109 1990 3194 2042 ὅτι
3217 1987 3502 2059 (Οἴδαμεν
3534 1990 3616 2042 ὅτι
3654 1991 3798 2042 Μεσ-

2203 2073 2322 2136 σίας
2353 2074 2575 2146 ἐρχεται
2605 2079 2633 2130 6
2659 2077 2949 2148 λεγόμενος
2966 2079 3227 2150 Χριστόςο
3261 2079 3392 2133 ὅταν
3415 2078 3549 2150 ἔλθῃ
3572 2079 3795 2142 ἐκεῖνος,

2201 2166 2489 2235 εύαγγελεῖ
2515 2170 2645 2239 ἡμῖν
2671 2171 2870 2225 πάντα.
2899 2190 2917 2223 ι
2941 2171 3152 2225 Οὐκοῦν
3177 2171 3529 2243 προσεδόκων
3573 2172 3693 2241 μὲν,
3727 2173 3800 2233 ὡς

2202 2258 2358 2330 ἔφην.
2375 2261 2465 2318 τὸν
2484 2261 2634 2332 παρὰ
2655 2263 2893 2335 Χριστοῦ
2918 2265 3217 2334 φωτισμὸν,
3249 2262 3364 2316 ἀλλ’
3383 2262 3690 2332 ἐκϐέϐηκεν
3707 2261 3798 2315 αῦ-

2202 2352 2309 2412 τοῖς
2328 2353 2407 2414 είς
2424 2355 2532 2406 πᾶν
2549 2354 2858 2407 τούναντίον
2875 2356 2941 2409 τὰ
2957 2359 3054 2426 τῆς
3072 2356 3389 2419 ἐλπίδος.ού
3415 2354 3528 2424 γὰρ
3547 2352 3796 2425 προσεδέ-

2204 2439 2361 2506 ξαντο
2393 2443 2456 2496 τὸ
2479 2444 2594 2514 φῶς
2617 2446 2677 2498 τὸ
2696 2447 2968 2517 ἀληθινὸν,
2998 2447 3332 2517 αὐτόκλητον
3363 2449 3422 2500 δὲ
3459 2446 3650 2516 ὥσπερ
3678 2447 3794 2506 ταῖς

2203 2534 2414 2588 ἑαυτῶν
2433 2534 2694 2600 διανοίαις
2707 2539 3132 2608 εἰσοικισάμενοι
3147 2539 3359 2603 σκότον,
3375 2539 3571 2607 τυφλοὶ
3587 2537 3798 2605 γεγόνα-

2207 2643 2280 2689 σι,
2307 2627 2402 2680 καὶ
2419 2628 2632 2696 τυφλῶν
2657 2630 2868 2701 ὁδηγοὶ,
2889 2631 3032 2685 κατὰ
3058 2631 3156 2700 τὴν
3184 2631 3277 2684 τοῦ
3307 2630 3571 2702 Σωτῆρος
3596 2631 3793 2699 φωνήν.

2203 2717 2324 2781 Φῶς
2357 2718 2536 2773 τοίνυν
2565 2721 2974 2792 ὑπομεινάντων
3005 2721 3204 2786 αὐτῶν,
3229 2722 3514 2775 τουτέστιν
3550 2721 3795 2774 ἐλπισάν-

2204 2825 2312 2860 των
2329 2809 2446 2879 ἦτοι
2463 2811 2976 2882 προσδοκησάντων,
3012 2813 3234 2881 γέγονεν
3254 2813 3439 2877 αὐτοῖς
3471 2813 3690 2878 σκότος,
3713 2810 3797 2865 καὶ

2210 2899 2493 2969 μείναντες
2535 2903 2710 2973 αὐγὴν
2737 2905 2796 2957 ἐν
2826 2905 3004 2976 ἀωρίᾳ
3058 2906 3495 2976 περιεπάτησαν.
3550 2906 3694 2958 Atia-:6
3740 2905 3795 2974 δὴ

2207 2991 2369 3045 πάλιν
2389 2991 2613 3064 ἑτέρως,
2647 2995 2782 3066 ἧτοιξ
2820 2996 2951 3066 περὶ
2971 2997 3063 3050 τοῦ
3089 2997 3252 3050 αὐτοῦ
3279 2997 3500 3068 τίθησιν
3530 3000 3561 3050 6
3597 3000 3795 3068 προφή-

2206 3100 2330 3154 της,
2364 3084 2473 3140 τῶν
2502 3087 2808 3160 είρημένων
2845 3088 3284 3145 καταλευκαίνων
3315 3089 3406 3144 τὸν
3441 3088 3594 3143 νοῦν.
3619 3092 3678 3144 ΟΞ
3701 3082 3796 3152 γὰρ

2207 3178 2382 3251 αὐγὴν
2427 3179 2921 3251 προσδοκήσαντες,
2954 3184 3013 3235 ἐν
3058 3184 3235 3253 σκότῳ
3264 3182 3420 3252 βαθεί
3459 3184 3791 3254 περιεπάτη-

2207 3285 2326 3324 σαν.
2359 3271 2528 3325 Τοῦτο
2557 3273 2665 3342 γὰρ
2689 3273 2750 3325 τὸ
2779 3273 2882 3343 τῆς
2921 3274 3131 3342 ἀωρίας
3153 3274 3323 3344 ὄνομα
3344 3274 3527 3344 δηλοῖ.
3545 3269 3677 3326 Εἶτα
3706 3273 3794 3343 τῆς

2204 3362 2574 3433 ἐγγενομένης
2603 3364 2786 3426 αὐτοῖς
2826 3363 3154 3432 τυφλώσεως
3191 3363 3509 3434 ἐμφανίζων
3537 3363 3597 3415 τδ
3637 3367 3791 3434 PSH-’5‘

2206 3455 2318 3520 θος,
2364 3455 2710 3526 ψηλαφήσειν
2739 3457 2815 3520 ὡς
2858 3456 3058 3527 τυφλὸς
3099 3456 3202 3528 ἔφη
3244 3459 3446 3528 τοῖχον.
3492 3456 3648 3508 Οὕτω
3689 3454 3794 3522 γὰρ

2204 3546 2316 3600 ἐσθ’
2361 3550 2452 3602 ὅτε
2503 3552 2826 3620 περιπατεῖν
2861 3550 2980 3612 ἔθος
3025 3552 3141 3613 τοῖς
3169 3549 3278 3601 τῶν
3311 3550 3569 3620 ὀμμάτων
3599 3547 3793 3615 ἠρρω-

2206 3641 2431 3712 στηκόσι
2455 3641 2554 3713 τὴν
2592 3647 2860 3714 πήρωσιν.
2910 3641 3279 3713 Μεσημϐρίας
3303 3641 3362 3693 δὲ
3396 3638 3566 3706 οὔσης,
3596 3637 3793 3706 φησὶν,

2203 3731 2280 3794 ὡς
2307 3733 2366 3784 ἐν
2398 3733 2738 3804 μεσονυκτίῳ
2771 3731 3094 3787 πεσοῦνται.
3112 3731 3219 3785 Καὶ
3245 3731 3592 3803 μεσημϐρίαν
3619 3729 3718 3799 μὲν
3736 3728 3799 3780 τὸ

2207 3823 2533 3893 μεσαίτατον
2576 3827 2676 3896 τῆς
2711 3825 2929 3898 ἡμέρας
2972 3825 3233 3896 ὀνομάζει
3267 3824 3535 3896 συνήθως,
3585 3823 3676 3876 ὅτε
3708 3822 3799 3876 καὶ

2202 3916 2584 3988 ἀκμαιοτάτην
2623 3919 2923 3989 ἐπαφίησιν
2952 3920 3148 3973 ἀκτῖνα
3171 3919 3285 3982 τοῖς
3322 3918 3417 3970 ἐπὶ
3445 3916 3552 3984 γῆς
3603 3931 3796 3985 μεσου-

2207 4009 2384 4080 ρανῶν
2417 4011 2445 4063 ὁ
2471 4010 2620 4080 ἡλίου
2643 4010 2861 4076 κύκλος,
2892 4011 2988 4065 καὶ
3016 4007 3130 4064 οἷον
3156 4007 3669 4076 πεπλουσιωτέραις
3699 4006 3794 4059 αύ-

2201 4103 2328 4169 γατς
2366 4101 2800 4173 περιαστράπτει
2837 4102 2909 4157 τὰ
2951 4101 3263 4172 σύμπαντα·
3336 4098 3695 4170 μεσονύκτιον
3745 4096 3798 4150 δέ

2201 4193 2302 4263 τῆς
2331 4193 2526 4257 νυκτὸς
2555 4195 2616 4247 τὸ
2647 4193 2995 4264 μεσαίτατον,
3017 4195 3105 4248 ὅτε
3134 4195 3230 4248 καὶ
3275 4192 3443 4263 βαθὺς
3485 4191 3666 4245 ἅπασι
3690 4192 3800 4251 τοῖς

525 4289 684 4357 plexu
711 4285 1080 4342 ollunduntur.
1105 4285 1164 4340 ln
1195 4285 1424 4340 meridie
1464 4284 1647 4355 igitur,
1685 4283 1880 4354 inquit,
1912 4285 1966 4339 id
1993 4294 2097 4350 est,

2204 4283 2296 4336 ὑπ’
2311 4282 2539 4354 οὐρανὸν
2560 4284 2878 4355 καταχεῖται
2904 4283 3115 4348 σκότος.
3138 4281 3230 4336 Ἐν
3250 4281 3574 4353 μεσημϐρίᾳ
3599 4279 3801 4341 τοίνυν,

525 4381 579 4435 in
643 4379 1105 4434 abundantissima
1151 4375 1292 4444 luce,
1347 4377 1529 4432 divina
1583 4376 1811 4443 scilicet,
1859 4387 1917 4432 et
1979 4391 2099 4448 quae

2204 4374 2357 4445 φησὶ,
2405 4375 2703 4441 τουτέστιν,
2757 4374 3242 4446 ἁμφιλαφεστάτου
3283 4374 3485 4444 φωτὸς,
3546 4373 3688 4427 θείου
3740 4371 3799 4423 δὲ

525 4478 707 4523 mente
730 4470 1044 4537 percipitur,
1064 4483 1185 4538 qua:
1207 4467 1393 4523 orbem
1427 4475 1585 4522 terra:
1617 4467 1901 4533 illuminat,
1929 4467 2094 4523 bene-

2204 4466 2439 4537 δηλονότι
2471 4468 2564 4520 καὶ
2593 4467 2811 4537 νοητοῦ,
2843 4468 3278 4536 καταυγάζοντος
3294 4466 3394 4536 τὴν
3423 4465 3519 4518 ὑπ’
3552 4462 3799 4535 οὐρανὸν,

526 4560 651 4616 licio
699 4561 941 4614 omnium
1003 4568 1246 4614 nostrum
1289 4557 1604 4614 Servatoris
1652 4557 1879 4624 Christi,
1907 4560 2099 4614 cadent

2207 4557 2298 4611 διὰ
2316 4558 2409 4611 τοῦ
2440 4559 2660 4612 πάντων
2696 4558 2854 4630 ἡμῶν
2909 4560 3159 4631 Σωτῆρος
3210 4555 3478 4628 Χριστοῦ,
3508 4555 3802 4610 πεσοῦνται

525 4671 624 4711 ceu
647 4653 796 4719 caeci,
815 4651 984 4709 Judaei
1014 4668 1120 4722 quo
1147 4653 1352 4707 vadunt
1381 4651 1570 4707 nescii.
1599 4649 1898 4705 Noluerunt
1931 4651 2099 4720 siqui-

2211 4651 2461 4722 καθάπερ
2490 4651 2684 4720 τυφλοὶ
2711 4651 2847 4723 μηδὲ
2881 4653 3102 4717 εἰδότες,
3146 4650 3267 4704 ὅποι
3303 4647 3614 4721 βαδίζουσιν
3675 4648 3806 4702 Ἰου-

525 4750 647 4802 dem
678 4746 898 4803 obedire
936 4747 1152 4801 Christo
1186 4745 1386 4800 dicenti
1412 4763 1430 4800 :
1459 4763 1478 4798 ι
1507 4743 1758 4811 Quandiu
1794 4743 1968 4799 lucem
2005 4745 2099 4799 ha-

2208 4745 2367 4798 δαῖοι·
2404 4745 2466 4798 οὐ
2512 4745 2622 4816 γὰρ
2651 4744 2924 4816 ἠθέλησαν
2968 4742 3265 4797 ὑπακούειν
3294 4742 3509 4810 λέγοντι
3547 4739 3629 4811 τῷ
3676 4741 3808 4810 Χρι-

525 4840 684 4903 betis,
710 4838 984 4894 ambulate
1008 4837 1062 4892 in
1093 4838 1233 4902 luce,
1264 4853 1330 4891 ne
1362 4852 1457 4890 vos
1481 4836 1716 4891 tenebrze
1745 4837 2099 4906 comprehen-

2211 4837 2342 4909 στῷ,
2367 4839 2542 4903 «Ἕως
2563 4839 2622 4891 τὺ
2649 4838 2766 4907 φῶς
2787 4838 2961 4909 ἔχετε,
2982 4839 3335 4909 περιπατεῖτε
3362 4837 3421 4888 ἐν
3436 4853 3516 4905 τῳ
3533 4835 3696 4901 φωτὶ,
3715 4834 3809 4887 ἵνα

527 4926 742 4986 dant".
772 4949 790 4982 ι
821 4929 1210 5000 Comprehensi
1243 4938 1371 4984 sunt
1401 4928 1564 4997 igitur
1601 4943 1632 4984 a
1688 4927 1947 4991 tenebris,
1977 4943 2100 4982 cum

527 5023 582 5078 in
628 5023 748 5078 luce
795 5021 1074 5076 ambulare
1123 5037 1228 5076 non
1280 5021 1639 5076 sustinerent.
1677 5019 1818 5087 Quin
1859 5029 1915 5075 et
1958 5019 2102 5074 aliud

529 5127 743 5184 quoque
768 5112 1061 5182 patientur.
1095 5111 1325 5167 Gement
1360 5111 1528 5178 enim,
1558 5111 1757 5183 inquit,
1788 5111 1944 5182 quasi
1989 5126 2104 5166 mo-

533 5202 752 5269 rientes,
783 5203 836 5258 id
866 5214 971 5270 est,
1002 5203 1157 5272 quasi
1183 5204 1332 5272 gravi
1351 5212 1404 5258 et
1431 5203 1770 5259 intolerando
1799 5205 1988 5259 morbo
2017 5204 2104 5258 de-

531 5293 834 5349 bilitati.Ac
866 5294 1021 5348 ibttnt
1045 5295 1202 5364 quasi
1226 5309 1384 5350 ursus
1416 5295 1575 5350 simul
1601 5306 1656 5351 et
1679 5295 1924 5352 columba
1951 5313 1962 5349 :
1985 5309 2102 5350 non

531 5391 585 5436 ut
610 5383 716 5439 duo
750 5384 970 5453 quidam
1017 5384 1161 5440 inter
1199 5401 1257 5440 se
1287 5387 1692 5454 convenientes,
1734 5402 1966 5456 quorum
2015 5386 2104 5442 hic

533 5486 692 5526 ursus
736 5473 963 5544 intelligi
1013 5477 1216 5546 possit,
1262 5475 1351 5531 ille
1399 5477 1699 5533 columba:
1743 5479 1834 5532 sed
1875 5477 2106 5547 quisque

533 5559 724 5618 all‘ectu
751 5573 807 5619 et
834 5567 1018 5622 animo
1043 5569 1148 5623 erit
1178 5567 1335 5637 quasi
1367 5584 1525 5625 ursus
1545 5570 1702 5626 simul
1739 5579 1795 5626 et
1836 5570 2104 5625 columba.

2215 4931 2290 5001 μὴ
2315 4931 2348 5000 ἡ
2385 4931 2576 4984 σκοτία
2602 4931 2748 5000 ὑμᾶς
2777 4931 3082 5001 καταλάϐῃ.
3113 4948 3130 4981 ι
3157 4928 3488 5000 Κατελήφθη
3501 4946 3602 4981 σαν
3625 4928 3808 4981 τοίνυν

2212 5021 2318 5075 ὑπὸ
2348 5025 2448 5093 τῆς
2477 5025 2698 5087 σκοτίας
2739 5025 2840 5078 οὑκ
2873 5023 3241 5093 ἀνασχόμενοι
3271 5024 3601 5092 περιπατεῖν
3634 5023 3694 5074 ἐν
3725 5021 3809 5091 τῷ

2212 5115 2370 5184 φωτί·
2404 5115 2684 5170 πείσονται
2714 5116 2773 5170 δέ
2796 5135 2850 5170 τι
2877 5117 2972 5171 καὶ
2997 5117 3205 5187 ἕτερον.
3235 5115 3562 5179 Στενάξουσι
3591 5113 3703 5185 γὰρ
3727 5114 3808 5176 ὡς

2211 5207 2667 5278 ἀποθνήσκοντες,
2724 5209 2880 5277 φησὶ,
2942 5207 3244 5273 τουτέστιν,
3314 5207 3393 5269 ὡς
3458 5205 3654 5277 βαρείᾳ
3708 5205 3810 5257 καὶ⁵

2211 5299 2426 5369 ἁσχέτῳ
2462 5299 2603 5370 νόσῳ
2654 5301 3071 5371 κατισχημένοι.
3105 5298 3470 5370 Πορεύσονται
3503 5297 3561 5350 δὲ
3601 5298 3700 5350 καὶ
3725 5297 3808 5359 ὠς

2212 5391 2380 5462 ἄρκος
2412 5393 2545 5463 ἅμα,
2571 5394 2668 5447 καὶ
2696 5391 3015 5466 περιστερὰ,
3043 5392 3138 5446 καὶ
3167 5392 3265 5461 οὐχ
3293 5389 3370 5452 ὡς
3397 5389 3492 5442 δύο
3522 5389 3670 5452 τινὲς
3706 5390 3803 5441 ἀλ-

2213 5482 2393 5552 λήλοις
2419 5484 2867 5554 συμϐιϐάζοντες,
2892 5478 2967 5537 ὧν
2991 5486 3019 5536 ὁ
3047 5483 3146 5553 μὲν
3171 5483 3247 5544 ῶς
3268 5481 3440 5551 ἄρκος
3467 5479 3689 5550 νοηθείη
3713 5479 3802 5541 ἂν,

2209 5576 2236 5626 6
2252 5573 2307 5626 δὲ
2328 5575 2403 5638 ῶς
2434 5576 2750 5649 περιστερὰ,
2775 5576 2886 5632 ἀλλ’
2912 5575 3141 5634 ἕκαστος
3164 5573 3340 5629 αὐτῶν
3367 5575 3425 5626 ἐν
3454 5571 3636 5644 ταυτῷ
3659 5570 3803 5625 κατὰ

607 5740 651 5771 ⁷⁸
687 5738 790 5795 Isa.
822 5756 910 5805 ιχ,
947 5743 989 5797 ι.
1068 5743 1113 5776 ⁷⁸
1140 5742 1292 5800 Joan.
1323 5759 1416 5814 vti,
1448 5747 1534 5816 ll,
1562 5747 1650 5803 .32.
1697 5749 1736 5782 ⁷⁷
1769 5748 1960 5804 Matth.
1997 5764 2099 5819 xw,

2204 5783 2227 5808 ν.
2307 5753 2350 5785 ⁷⁸
2382 5751 2537 5809 Joau.
2571 5768 2667 5819 xu,
2703 5753 2789 5808 55.
