4078 6292
292 401 428 455 i315

1395 401 1459 455 ΙΝ
1498 403 1727 459 ISAIAM
1766 404 1896 460 LIB.
1937 407 1999 461 V.
2042 403 2282 464 TOMUS
2313 405 2398 460 IV.

3403 399 3538 455 13M

286 518 388 589 τὴν
422 517 555 585 ἕξιν,
591 518 685 572 καὶ
723 521 867 574 κατά
895 535 958 587 γε
995 518 1092 589 τὴν
1138 518 1364 572 ἐνοῦσαν
1394 521 1579 584 αὐτοῖς
1611 523 1867 588 διάνοιαν,

1980 522 2109 578 Nam
2145 523 2401 594 quoniam
2447 520 2680 584 dixerat,
2726 531 2820 572 eos
2866 527 3099 584 gemere,
3148 512 3380 570 ostendit
3421 515 3540 574 uul-

287 610 365 674 ὡς
406 613 574 684 ἄρκος
617 613 876 683 ὑπάρχων
930 611 1064 681 ὁμοῦ
1101 613 1198 665 καὶ
1251 614 1569 685 περιστερά.
1647 616 1862 685 Ἐπειδὴ

287 705 398 775 γὰρ
446 704 550 775 ἔφη
610 702 885 765 στενάζειν
943 701 1164 767 αὐτοὺς,
1197 704 1560 758 διαδείκνυσιν
1600 701 1660 760 εὖ
1720 707 1865 776 μάλα

288 798 442 860 ποῖος
508 796 660 848 ἔσται
712 793 805 846 καὶ
855 792 980 856 ὅσος
1030 795 1059 846 6
1123 796 1423 866 στεναγμὸς
1478 797 1675 850 αὐτῶν.
1731 799 1868 852 Φασὶ

289 888 398 958 γὰρ
459 886 559 948 τὰς
599 884 823 954 ἄρκους,
897 884 948 934 εί
1013 883 1368 939 ἁτεκνωθεῖεν
1422 886 1527 940 ὑπό
1573 904 1666 940 του
1715 887 1867 958 διηρ-

289 974 582 1044 πασμένων
607 972 798 1032 αὐταῖς
816 970 925 1025 τῶν
955 971 1250 1042 σκυμνίων,
1277 973 1462 1037 δεινῶς
1489 974 1866 1046 ὁλσρύρεσθαι,

290 1067 382 1119 καὶ
444 1061 786 1133 πίμπλασθαι
867 1061 968 1132 μὲν
1016 1063 1258 1134 ἀκράτου
1326 1065 1522 1134 μανίας
1556 1105 1572 1130 ,
1644 1066 1746 1137 ὅρη
1810 1067 1868 1120 δὲ

288 1156 383 1208 καὶ
483 1153 661 1216 νάπας
735 1155 1074 1223 περινοστεῖν
1095 1194 1112 1220 ,
1194 1155 1291 1207 καὶ
1373 1157 1486 1218 τοῖς
1561 1157 1870 1212 ὑπαντῶσιν

288 1245 532 1314 ἀσχέτως
584 1244 890 1314 ὲπιπηδᾷνο
920 1244 1014 1298 καί
1058 1262 1160 1298 που
1219 1246 1288 1299 δι’
1355 1247 1474 1312 ἐνὸς
1535 1249 1643 1302 τῶν
1699 1250 1870 1319 ἁγίων

288 1337 583 1408 προφητῶν
625 1336 867 1390 τοιοῦτόν
911 1353 964 1389 τι
1013 1338 1286 1406 σημαίνει,
1326 1338 1498 1408 λέγων
1525 1341 1554 1393 6
1594 1340 1702 1392 τῶν
1734 1342 1871 1395 ὅλων

291 1427 421 1491 Θεὸς
462 1427 592 1497 περὶ
635 1425 743 1479 τῶν
795 1425 856 1490 ἐξ
911 1426 1142 1495 αἵματος
1182 1427 1416 1498 Ἰσραὴλ,
1461 1429 1872 1499 Ὑπαντήσομαι

292 1519 474 1580 αὐτοῖς
503 1516 578 1580 ὼς
603 1515 770 1586 ἄρκος
817 1515 1188 1588 ἀπορουμένη,
1223 1517 1518 1581 τουτέστιν,
1576 1519 1742 1588 ὠμῶς
1779 1520 1874 1571 καὶ

293 1610 520 1678 ἀγρίως.
543 1609 608 1660 Αἰ
647 1607 704 1660 δὲ
743 1605 1059 1677 περιστεραὶ
1080 1606 1200 1669 ταῖς
1234 1607 1442 1659 ἑαυτῶν
1471 1607 1684 1669 καλιαῖς
1704 1607 1875 1672 ἐνιζά-

296 1716 483 1752 νουσαι
537 1694 951 1765 διαγογγύζουσι
982 1695 1210 1766 συχνῶς,
1259 1698 1352 1749 καὶ
1389 1692 1500 1750 οἷόν
1526 1716 1646 1752 τινα
1671 1698 1873 1773 γοερὰν

297 1790 574 1857 πέμπουσι
623 1788 823 1856 φωνήν.
873 1786 1116 1840 Τοιοῦτοί
1160 1803 1305 1850 τινες
1329 1788 1615 1856 γεγόνασιν
1647 1791 1699 1841 οί
1742 1791 1874 1844 Ἰου-

297 1879 453 1932 δαῖοι·
495 1876 912 1949 πεπορθημένης
961 1877 1068 1948 γάρ
1099 1878 1278 1931 αὐτῶν
1309 1880 1528 1950 ἀπάσης
1561 1882 1660 1951 τῆς
1689 1882 1873 1953 χώρας
1906 1874 1946 1932 Β

296 1971 430 2040 ὁμοῦ
449 1972 514 2040 τῇ
538 1969 668 2039 ἁγίᾳ
699 1969 874 2032 πόλει,
903 1969 1047 2038 φημὶ
1075 1969 1138 2040 δὴ
1169 1971 1234 2040 τῇ
1268 1969 1639 2043 Ἰερουσαλὴμ,
1675 1989 1875 2042 κατεμ-

298 2063 634 2133 πρησθέντος
678 2061 735 2114 δὲ
774 2063 865 2114 καὶ
896 2061 1059 2114 αὐτοῦ
1091 2061 1184 2114 τοῦ
1216 2062 1364 2128 ναοῦ,
1399 2063 1747 2134 θηριοπρεπῆ
1777 2064 1874 2133 μὲν

298 2154 479 2224 ἔχουσι
511 2153 756 2225 γνώμην,
781 2155 922 2207 κατά
947 2153 1055 2206 τῶν
1077 2153 1361 2224 ᾑρηκότων
1386 2154 1575 2225 αὑτήν.
1602 2155 1874 2225 Θρηνοῦσί

299 2263 361 2313 γε
390 2245 494 2316 μὴν
533 2245 810 2299 παθοῦσαν
845 2245 920 2308 ὡς
947 2245 1288 2315 περιστεραί.
1309 2244 1619 2316 Γέγραπται
1640 2245 1772 2316 γάρ,
1792 2237 1875 2299 ὅτι

307 2357 324 2386 ι
355 2338 463 2391 Καὶ
485 2337 696 2391 ἔσονται
715 2338 808 2389 ἐπὶ
826 2335 933 2389 τῶν
955 2336 1124 2408 ὀρέων
1149 2336 1224 2398 ὠς
1249 2337 1568 2407 περιστεραὶ
1591 2337 1876 2409 μελετητι-

303 2430 418 2484 καί.
435 2449 454 2482 ι
479 2431 551 2482 "H
571 2431 709 2498 τάχα
737 2446 840 2481 που
875 2430 971 2482 καὶ
998 2429 1183 2499 ἔτερόν
1208 2447 1262 2482 τι
1282 2429 1617 2502 καταδηλοῢν
1637 2431 1728 2485 τὸν
1746 2448 1878 2502 προσ

303 2519 527 2589 φητικὸν
560 2521 616 2572 ὲν
635 2518 842 2581 τούτοις
859 2518 1154 2588 οἰησόμεθα
1172 2518 1348 2588 λόγον.
1366 2520 1725 2590 Πορεύσονται
1745 2522 1874 2593 γὰρ,

305 2611 489 2679 φησὶν,
517 2611 591 2674 ὡς
623 2611 789 2683 ἄρκος
813 2613 908 2666 καὶ
935 2613 1250 2686 περιστερὰ,
1273 2612 1542 2678 τουτέστι,
1595 2612 1878 2684 διαζήσου-

307 2719 390 2753 σιν
421 2703 478 2753 ὲν
515 2702 797 2773 ἀγριότητι
822 2702 935 2768 νοῦ,
973 2703 1409 2776 συνεζευγμένης
1437 2704 1747 2767 ἀσυνεσίας·
1781 2705 1878 2758 καὶ

307 2792 626 2864 ἀγριότητος
673 2795 833 2866 μὲνὴ
872 2797 1039 2867 ἄρκος
1088 2796 1272 2862 εἰκὼν,
1330 2798 1450 2868 ῆτοι
1503 2797 1874 2867 παράδειγμα,

308 2883 559 2952 εὐηθείας
608 2885 665 2938 δὲ
728 2885 821 2940 καὶ
870 2886 1160 2951 ἀσυνεσίας
1208 2889 1241 2958 ή
1281 2889 1596 2959 περιστερά.
1648 2887 1877 2959 Εἴρηται

308 2968 439 3041 γοῦν
473 2975 597 3046 περὶ
620 2974 713 3028 τοῦ
757 2975 972 3047 Ἰσραὴλ
992 2976 1059 3030 δι’
1085 2977 1202 3040 ἑνὸς
1229 2977 1335 3030 τῶν
1363 2978 1532 3046 ἁγίων
1561 2977 1875 3048 προφητῶν,

310 3065 418 3116 Καὶ
434 3061 500 3134 ἦν
516 3067 750 3137 Ἐφραίμ
771 3069 1067 3139 περιστερὰ
1089 3069 1270 3133 ἄνους,
1292 3071 1392 3124 οὐκ
1411 3070 1604 3140 ἔχουσα
1619 3071 1843 3143 καρδίαν
1860 3088 1875 3102 ο

311 3158 610 3229 εὑρήσομεν
639 3160 696 3212 δὲ
718 3161 844 3222 τοὺς
883 3161 1166 3224 Ἰουδαίους
1208 3161 1588 3234 ἀγριομὼρους
1614 3164 1772 3226 ὄντας
1798 3179 1881 3216 τι-

1967 614 2257 676 cherrime,
2286 609 2461 680 qualis
2495 607 2710 662 futurus
2758 605 2832 660 sit
2862 613 2916 660 et
2949 611 3186 672 quantus
3213 616 3399 658 eorum
3449 617 3540 671 ge-

1967 702 2149 757 mitus.
2185 701 2354 773 83a
2391 698 2751 754 Dicuntenim
2789 710 2945 750 ursas
2975 697 3018 749 si
3045 694 3248 748 orbatae
3282 693 3393 749 sint
3427 694 3541 750 suis

1967 794 2160 850 catulis
2198 810 2226 847 a
2267 794 2521 866 quopiam
2565 792 2667 846 sibi
2708 790 2932 859 ereptis,
2958 789 3197 859 graviter
3239 787 3443 858 lugere,
3486 798 3542 842 et

1970 886 2293 954 impotenter
2321 887 2402 955 agi
2435 885 2486 938 in
2515 883 2742 948 rabiem,
2777 893 2990 936 montes
3013 890 3068 935 et
3096 879 3266 936 saltus
3288 880 3545 936 circuire.

1968 984 2021 1030 et
2052 976 2105 1029 in
2151 975 2339 1029 obvios
2378 972 2640 1028 effrenato
2688 973 2889 1043 impetu
2944 971 3170 1026 insilire.
3219 971 3285 1025 Et
3322 969 3538 1040 quidem

1971 1066 2077 1121 tale
2131 1067 2383 1136 quiddam
2424 1066 2797 1122 universorum
2852 1063 2997 1120 Deus
3043 1079 3139 1135 per
3172 1064 3457 1134 quemdam
3510 1078 3540 1117 e

1971 1159 2178 1213 sanctis
2232 1157 2512 1227 prophetis
2563 1156 2852 1227 signiﬁcat,
2901 1157 3085 1211 dicens
3159 1156 3226 1210 de
3283 1155 3542 1224 sanguine

1973 1248 2268 1303 Israelitico
2316 1246 2594 1302 oriundis:
2627 1245 2924 1301 Occurram
2971 1245 3078 1299 illis
3100 1243 3244 1298 velut
3278 1259 3403 1298 nrsa
3450 1257 3542 1296 or-

1972 1339 2118 1404 bata,
2147 1339 2199 1392 id
2247 1347 2353 1401 est,
2385 1337 2674 1392 crudeliter
2699 1345 2753 1390 et
2793 1336 3123 1397 immaniter.
3151 1334 3420 1390 Columbae
3445 1348 3542 1386 au-

1976 1441 2081 1485 tem
2121 1431 2262 1484 nidis
2305 1429 2418 1484 suis
2469 1429 2784 1491 insidentes,
2819 1427 3048 1484 subinde
3099 1435 3458 1489 murmurant,
3488 1434 3541 1479 et

1976 1526 2252 1596 lugubrem
2301 1528 2454 1594 quasi
2487 1539 2674 1580 vocem
2725 1526 3013 1594 quamdam
3061 1521 3332 1575 ennittunt.
3381 1519 3539 1573 Tales

1978 1616 2103 1670 facti
2141 1624 2265 1670 sunt
2288 1614 2478 1670 Judaei.
2516 1615 2649 1670 Nam
2677 1622 2883 1668 vastata
2927 1625 3114 1668 eorum
3161 1620 3272 1664 tota
3303 1610 3540 1679 regione,

1977 1706 2136 1762 simul
2170 1721 2294 1761 cum
2329 1715 2512 1760 sancta
2563 1704 2800 1769 civitate,
2832 1701 3128 1758 Jerusalem
3173 1702 3315 1764 dico,
3341 1713 3405 1754 ac
3429 1698 3544 1766 ipso

1979 1796 2179 1866 templo
2213 1803 2584 1863 concremato,
2611 1803 2792 1848 mente
2821 1792 2988 1848 ferina
3014 1807 3077 1846 ac
3104 1789 3335 1845 belluina
3366 1787 3542 1843 atl’ecti

1975 1898 2102 1943 sunt
2129 1889 2181 1941 in
2211 1903 2310 1942 eos
2343 1887 2433 1957 qui
2463 1873 2793 1940 sustulerunt
2813 1899 2952 1948 eam,
2978 1889 3140 1952 atque
3174 1882 3274 1938 hoc
3307 1881 3380 1936 illi
3403 1880 3543 1935 acci-

1976 1979 2118 2034 disse
2147 1979 2352 2048 lugent,
2377 1993 2476 2033 cen
2497 1977 2774 2032 columba.
2817 1975 3083 2044 Scriptum
3120 1983 3205 2028 est
3231 1973 3373 2026 enim
3399 1989 3414 2025 :
3445 1971 3542 2024 (Et

1975 2079 2138 2126 erunt
2190 2070 2243 2123 in
2293 2069 2584 2134 montibus,
2617 2083 2716 2123 ceu
2752 2067 3011 2122 columbae
3049 2064 3399 2136 querulantes
3424 2065 3490 2119 7’.
3517 2082 3536 2113 ι

1977 2162 2073 2216 Vel
2123 2161 2266 2215 aliud
2321 2159 2578 2230 quiddam
2613 2159 2702 2214 hic
2747 2158 3056 2230 signiﬁcare
3087 2157 3302 2210 videtur
3363 2169 3543 2209 sermo

1975 2251 2346 2321 propheticus.
2374 2249 2531 2304 Ibunt
2563 2250 2731 2310 enim.
2777 2248 2972 2318 inquit,
3006 2262 3102 2301 ceu
3155 2260 3313 2300 ursus
3361 2253 3416 2300 et
3452 2260 3544 2299 co-

1977 2343 2177 2410 lumba,
2220 2343 2273 2397 id
2320 2351 2423 2408 est,
2472 2340 2526 2395 in
2593 2340 2790 2395 mentis
2880 2339 3216 2393 immanitate
3259 2335 3541 2406 conjuncta

1978 2448 2099 2489 cum
2131 2432 2492 2502 imprudentia
2519 2431 2718 2486 vivent.
2755 2429 2892 2485 Ursa
2926 2429 3067 2483 enim
3094 2427 3463 2491 immanitatis,
3489 2435 3544 2480 at

1979 2523 2340 2595 simplicitatis
2367 2532 2421 2578 et
2450 2522 2822 2593 imprudentiae
2847 2521 3021 2590 imago
3047 2529 3101 2574 et
3123 2518 3429 2587 exemplum
3460 2526 3544 2570 est

1978 2614 2246 2670 columba.
2269 2612 2366 2668 Est
2389 2613 2530 2668 enim
2571 2612 2770 2666 dictum
2803 2612 2868 2665 de
2895 2609 3055 2664 Israel
3088 2609 3227 2677 apud
3257 2607 3542 2677 quemdam

1978 2720 2010 2762 e
2059 2705 2262 2761 sanctis
2308 2703 2582 2774 prophetis
2624 2720 2638 2757 :
2684 2702 2752 2756 Et
2806 2710 2925 2756 erat
2977 2700 3234 2770 Ephraim
3295 2698 3542 2754 columba

1978 2810 2186 2862 amens,
2217 2809 2325 2850 non
2363 2795 2570 2849 habens
2604 2808 2717 2848 cor.
2756 2791 3095 2846 Inveniemus
3128 2798 3308 2842 autem
3331 2785 3544 2842 Judazos

1978 2889 2235 2960 quosdam
2263 2901 2387 2944 esse
2437 2886 2738 2944 crudeliter
2779 2885 2970 2940 stultos
2998 2898 3057 2938 re
3088 2897 3234 2936 vera.
3261 2880 3370 2935 Nec
3401 2880 3542 2933 enim

1979 2989 2062 3036 est
2089 2981 2141 3034 in
2168 2979 2273 3035 illis
2297 2978 2609 3034 Christiana
2636 2976 2726 3030 illa
2757 2974 3042 3044 prudentia
3075 2983 3131 3027 et
3164 2967 3543 3027 mansuetudo.

1978 3069 2321 3137 Negaverunt
2345 3067 2488 3122 enim
2518 3069 2691 3137 ipsum
2721 3066 2999 3135 sapientiae
3023 3073 3074 3118 et
3102 3062 3401 3133 prudentiae
3421 3061 3548 3118 sub-

1980 3160 2426 3224 ministratorem,
2453 3159 2650 3228 quique
2677 3156 2958 3222 diligentes
2987 3168 3047 3208 se
3095 3152 3270 3205 reddit
3307 3151 3463 3203 mites
3491 3157 3548 3202 et

309 3250 405 3312 νὰς
436 3249 574 3302 κατὰ
605 3250 880 3320 ἀλήθειαν.
913 3253 986 3304 Οὐ
1023 3252 1131 3321 γάρ
1173 3253 1320 3305 ἐστιν
1355 3253 1414 3306 ἐν
1454 3255 1635 3318 αὐτοῖς
1660 3255 1694 3325 ή
1730 3255 1880 3325 παρὰ

1983 3264 2310 3308 mansuetos.
2347 3252 2493 3306 Dixit
2541 3264 2670 3319 ergo
2707 3249 2964 3318 propheta
3007 3244 3272 3299 Jeremias
3304 3243 3371 3296 de
3412 3241 3541 3304 illis,

309 3342 543 3413 Χριστοῦ
566 3342 777 3406 σύνεσις
807 3343 900 3397 καὶ
933 3343 1174 3414 πραότης
1194 3360 1209 3376 ο
1244 3345 1546 3417 ἠρνήσαντο
1585 3345 1694 3417 γὰρ
1715 3346 1876 3401 αὑτὸν

1983 3345 2217 3400 alicubi:
2276 3343 2627 3399 «infamatus
2683 3349 2766 3395 est
2817 3338 2994 3394 omnis
3054 3337 3216 3390 homo
3284 3349 3314 3388 a
3365 3332 3549 3403 cogni-

310 3432 501 3500 σοφίας
530 3431 658 3484 ὄντα
717 3434 810 3485 καὶ
844 3434 1112 3496 συνέσεως
1143 3436 1397 3504 χορηγὸν,
1431 3436 1671 3508 ἡμέρους
1696 3455 1756 3490 τε
1782 3439 1878 3491 καὶ

1984 3437 2129 3493 tione
2147 3437 2214 3492 ⁸ο.
2241 3456 2260 3490 ι
2294 3435 2435 3491 Alibi
2465 3447 2690 3489 rursus:
2729 3450 2747 3482 ι
2775 3430 2888 3484 Non
2935 3430 3072 3482 inest
3109 3427 3214 3481 illis
3258 3424 3548 3496 sapientia,

307 3523 514 3594 πράους
563 3524 932 3592 ἀποφαίνοντα
973 3527 1100 3589 τοὺς
1140 3526 1470 3594 ἀγαπῶντας
1509 3528 1693 3583 αὐτόν.
1731 3530 1875 3599 Ἔφη

1982 3529 2108 3598 quia
2133 3541 2440 3583 sermonem
2469 3524 2682 3581 Domini
2715 3521 3072 3591 reproharunt
3096 3518 3163 3571 ει.
3201 3536 3220 3570 ι

308 3619 435 3686 γοῦν
464 3622 492 3674 6
530 3620 815 3690 προφήτης
858 3620 1124 3691 Ἱερεμίας
1153 3623 1280 3693 περὶ
1310 3623 1490 3677 αὐτῶν
1524 3625 1655 3678 ποτὲ
1692 3624 1816 3695 μὲν,
1855 3625 1940 3678 ὅτι
1978 3643 1996 3676 ι
2021 3624 2342 3696 Ἐμωράνθη
2383 3622 2490 3684 πᾶς
2522 3619 2805 3690 ἄνθρωπος
2843 3614 2952 3670 ἀπὸ
2987 3611 3258 3682 γνώσεως,
3285 3628 3304 3662 ³
3329 3609 3457 3662 ποτὲ
3492 3607 3552 3662 δὲ

309 3708 491 3772 πάλιν,
520 3727 537 3758 ι
570 3710 644 3760 Οὐ
690 3709 853 3776 σοφία
886 3709 973 3772 τίς
1001 3711 1151 3764 ἐστιν
1183 3713 1242 3763 ὲν
1275 3714 1478 3776 αὐτοῖς,
1509 3713 1590 3766 ὅτι
1621 3714 1711 3766 τὸν
1748 3715 1906 3782 λόγον
1934 3715 2140 3785 Κυρίου
2166 3712 2598 3782 ἀπεδοκίμασαν.
2629 3727 2650 3760 ι

389 3798 801 3867 Ἀνεμείναμεν
843 3798 1064 3864 κρίσιν,
1105 3799 1203 3850 καὶ
1248 3803 1360 3852 οὐκ
1411 3801 1545 3853 ἐστι
1602 3804 1885 3869 σωτηρία,

2059 3805 2221 3857 Vsus.
2247 3803 2434 3855 12-14.
2471 3799 2900 3867 Exspectavimus
2920 3795 3202 3862 judicium,
3229 3802 3278 3846 et
3327 3807 3430 3845 non
3473 3799 3550 3844 est

308 3889 545 3960 μακρὰν
580 3887 922 3956 ἀφέστηκεν
953 3888 1052 3955 ἀφ’
1078 3887 1247 3956 ἡμῶν
1278 3903 1292 3918 ·
1332 3889 1535 3956 πολλὴ
1577 3889 1689 3956 γὰρ
1723 3891 1882 3958 ἡμῶν

1986 3892 2150 3955 salus,
2186 3891 2367 3958 procul
2395 3890 2602 3942 recessit
2625 3904 2657 3940 a
2692 3888 2862 3940 nobis.
2897 3885 3069 3937 Multa
3095 3883 3231 3936 enim
3264 3893 3336 3935 est
3363 3882 3554 3946 iniqui-

318 3983 357 4050 ἡ
377 3982 594 4048 ἀνομία
651 3978 930 4032 ἐναντίον
975 3993 1114 4042 σου,
1165 3978 1261 4031 καὶ
1297 3981 1358 4032 al
1396 3980 1672 4048 ἁμαρτίαι
1722 3979 1882 4048 ημῶν

1989 3990 2068 4033 tas
2093 3988 2272 4031 nostra
2297 3980 2352 4032 in
2383 3985 2659 4045 conspectu
2682 3987 2793 4040 tuo,
2818 3984 2866 4029 et
2884 3985 3096 4042 peccata
3139 3979 3318 4024 nostra
3352 3971 3554 4024 restite-

315 4072 697 4137 ἀντέστησαν
723 4068 868 4138 ἡμῖν
887 4086 900 4098 ·
933 4071 994 4121 αἱ
1025 4069 1134 4137 γὰρ
1164 4068 1401 4137 ἀνομίαι
1429 4067 1600 4138 ἡμῶν
1629 4069 1698 4122 ἐν
1725 4069 1888 4137 ἡμῖν,

316 4163 409 4216 καὶ
449 4161 522 4214 τὰ
561 4160 896 4230 ἀδικήματα
933 4158 1102 4229 ἡμῶν
1145 4159 1427 4230 ἔγνωμεν.
1460 4159 1885 4229 Ἠσεόήσαμεν,

314 4254 413 4305 καὶ
479 4252 881 4322 ἐψευσὰμεθα,
919 4252 1028 4305 καὶ
1081 4250 1427 4320 ἀπέστημεν
1470 4252 1588 4306 ἀπὸ
1637 4252 1917 4305 ὄπισθεν.

312 4337 420 4391 τοῦ
449 4338 594 4391 Θεοῦ
617 4337 802 4407 ἡμῶν.
847 4338 1262 4407 Ἐλαλήσαμεν
1286 4338 1483 4401 ἄδικα,
1523 4339 1619 4392 καὶ
1649 4337 1888 4406 ἠπειθή-

315 4446 509 4498 σαμεν
527 4445 542 4461 ⁸
598 4429 872 4499 ἐκύομεν,
898 4429 998 4484 καὶ
1019 4429 1464 4499 ἐμελετήσαμεν
1491 4429 1611 4483 ἀπὸ
1637 4429 1885 4497 καρδίας

1989 4079 2108 4124 runt
2147 4071 2314 4124 nobis.
2347 4067 2662 4138 Iniquitates
2690 4066 2824 4121 enim
2860 4075 3052 4117 nostris
3092 4064 3146 4116 in
3194 4062 3362 4126 nobis,
3390 4071 3436 4115 et
3467 4063 3554 4114 in-

1991 4161 2229 4232 justitias
2267 4167 2474 4214 nostras
2521 4157 2779 4210 novimus.
2812 4154 2980 4223 Impie
3015 4154 3236 4223 egimus,
3274 4159 3322 4205 et
3353 4153 3554 4204 mentiti

1995 4268 2196 4318 sumus,
2228 4261 2275 4305 et
2305 4248 2608 4304 recessimus
2641 4265 2674 4301 a
2705 4246 2814 4301 Deo
2836 4255 3038 4310 nostro,
3074 4244 3232 4296 locuti
3264 4258 3444 4297 sumus
3474 4244 3556 4294 in-

1985 4345 2158 4411 justa,
2187 4353 2234 4397 et
2279 4358 2383 4396 non
2412 4339 2752 4395 obedivimus.
2786 4335 3196 4402 Parturivimus,
3220 4345 3268 4390 et
3315 4334 3553 4389 meditati

1990 4451 2168 4489 sumus
2197 4435 2261 4489 de
2289 4434 2443 4487 corde
2470 4441 2645 4486 nostra
2668 4443 2927 4484 sermones
2970 4428 3212 4494 injustas,
3250 4435 3300 4481 et
3339 4425 3554 4479 recessi-

315 4521 484 4590 ’ἡμῶν
514 4523 736 4589 λόγους
775 4520 1042 4586 ἀδίκους,
1088 4523 1183 4575 καί
1233 4521 1666 4590 ἀπεστήσαμεν
1696 4521 1882 4574 ὀπίσω

1998 4543 2115 4581 mus
2143 4543 2174 4579 (ι
2190 4526 2420 4596 judicio,
2456 4535 2502 4579 et
2517 4522 2730 4594 justitia
2758 4518 2940 4590 procul
2963 4519 3189 4573 recessit.

314 4609 429 4676 τὴν
476 4611 696 4676 κρίσιν,
732 4613 830 4664 καὶ
868 4611 907 4677 ἡ
946 4610 1301 4679 δικαιοσύνη
1339 4611 1580 4679 μακρὰν
1622 4610 1885 4680 ἀφέστη-

316 4715 442 4753 κεν.

400 4791 513 4845 Ἀεὶ
540 4791 840 4863 φιλαλήθης
862 4793 978 4846 ἐστὶ
1003 4793 1109 4848 τῶν
1135 4793 1307 4862 ἁγίων
1337 4796 1629 4867 προφητῶν
1658 4799 1687 4852 6
1711 4797 1886 4866 λόγος.

317 4881 483 4936 Λαλεῖ
518 4883 625 4954 γὰρ
656 4887 712 4937 ὲν
745 4885 926 4948 αὐτοῖς
953 4887 1052 4955 τῆς
1082 4886 1338 4956 ἀληθείας
1367 4888 1428 4941 τὸ
1466 4889 1702 4960 πνεῦμα,
1736 4907 1888 4942 τουτ-

323 4974 439 5026 έστι
482 4973 737 5044 Χριστοῦ.
799 4974 1014 5044 Ταύτης
1060 4977 1221 5030 ἕνεκα
1269 4978 1366 5049 τῆς
1407 4981 1616 5044 αίτίας,
1671 4979 1888 5033 ὲπειδάν

321 5062 581 5116 ποιῶνται
630 5065 851 5134 μνήμην
891 5064 991 5134 τῆς
1036 5065 1309 5136 ἀποϐολῆς
1341 5067 1434 5120 τοῦ
1466 5068 1571 5120 τῶν
1623 5068 1888 5121 Ἰουδαίων

321 5153 526 5221 ἔθνους,
551 5155 646 5208 καὶ
670 5155 770 5223 τῆς
794 5157 1231 5228 ἐπενηνεγμένης
1255 5159 1436 5221 αὐτοῖς
1469 5159 1637 5230 ὀργῆς
1664 5158 1749 5212 διά
1790 5160 1890 5230 τὴν

320 5245 402 5306 εἰς
446 5243 680 5314 Χριστὸν
721 5243 995 5310 ἀσέϐειαν,
1027 5246 1419 5317 διαμέμνηνται
1452 5249 1758 5319 χρησίμως,
1790 5250 1884 5302 καὶ

319 5335 419 5403 τῆς
461 5335 726 5406 ἐσομένης
777 5337 1112 5408 ἐπιστροφῆς
1159 5339 1338 5392 αὐτῶν
1390 5340 1448 5392 ἐν
1492 5339 1744 5410 ἐσχάτοις
1793 5339 1889 5392 τοῦ

321 5423 516 5484 αἰῶνος
565 5429 806 5492 καιροῖς,
847 5425 1092 5495 κλήσεώς
1117 5444 1176 5478 τε
1210 5428 1309 5498 τῆς
1339 5429 1396 5480 ἐν
1426 5427 1646 5499 Χριστῷ
1678 5428 1766 5484 διὰ
1799 5429 1891 5482 πί-

323 5534 510 5579 στεως.
566 5516 1040 5587 Οἱκονομικὼτατα
1098 5519 1296 5583 τοίνυν,
1329 5519 1414 5572 ἵνα
1453 5521 1527 5590 μή
1577 5537 1660 5583 τις
1711 5519 1888 5591 οἴηται

319 5607 638 5677 ψευδοεπεῖν
681 5608 780 5678 τὴν
823 5609 1100 5680 ἀλήθειαν,
1143 5609 1340 5674 αὐτοὺς
1377 5611 1682 5681 εἰσκομίζει
1724 5627 1888 5681 μετα-

393 5789 438 5819 τθ
469 5788 571 5842 lsa.
608 5801 719 5853 th,
763 5790 814 5843 tt
919 5793 964 5823 ⁸ο
995 5792 1196 5849 Jerem.
1239 5811 1294 5861 κ,
1332 5794 1420 5849 Η.
1499 5792 1542 5824 ⁸¹
1569 5791 1769 5847 .lerem.
1798 5805 1912 5856 vm,
1945 5791 1999 5846 9.

2065 4806 2234 4877 835
2294 4805 2524 4876 Semper
2580 4803 2828 4858 veritatis
2873 4813 3062 4855 amans
3117 4805 3201 4853 est
3250 4802 3556 4851 sanctorum

1995 4895 2374 4963 prophetarum
2401 4895 2597 4947 oratio.
2631 4891 2893 4959 Loquitur
2929 4889 3072 4944 enim
3120 4887 3252 4956 ipsis
3292 4884 3556 4948 veritatis,

1993 4986 2043 5040 id
2074 4995 2176 5050 est,
2202 4985 2402 5040 Christi
2433 4985 2656 5053 spiritus
2683 5023 2700 5038 .
2734 4983 2846 5039 Hac
2876 4983 2941 5036 de
2987 4994 3170 5046 causa,
3222 4993 3344 5032 cum
3408 4991 3559 5031 men-

1994 5079 2193 5132 tionem
2225 5077 2426 5132 faciunt
2458 5077 2767 5146 rejectionis
2800 5073 3043 5130 Iudaica:
3101 5069 3295 5141 gentis,
3325 5076 3381 5123 et
3430 5067 3557 5121 illati

1993 5161 2103 5216 illis
2125 5163 2374 5232 supplicii
2399 5174 2620 5234 propter
2647 5163 2975 5234 impietatem
3000 5160 3053 5214 in
3078 5157 3357 5213 Christum
3387 5173 3401 5212 :
3465 5170 3562 5223 op-

1993 5263 2224 5322 portune
2248 5263 2677 5308 commemorant
2723 5253 2955 5308 futuram
3018 5264 3205 5306 eorum
3254 5245 3562 5302 conversio-

1995 5358 2117 5397 nem
2173 5345 2461 5414 postremis
2501 5345 2686 5400 saeculi
2731 5343 3080 5414 temporibus,
3127 5351 3184 5395 et
3224 5338 3562 5394 vocationem

1996 5434 2048 5488 in
2082 5433 2299 5490 Christo
2331 5451 2428 5506 per
2459 5437 2637 5492 tidem.
2672 5433 3085 5505 Appositissime
3122 5433 3328 5500 itaque,
3353 5441 3419 5482 ne
3442 5427 3560 5496 quis

2000 5527 2213 5581 mentiri
2242 5537 2393 5597 putet
2436 5529 2742 5595 veritatem,
2797 5540 2889 5582 eos
2922 5523 3131 5579 inducit
3181 5520 3560 5589 resipiscentes

1996 5622 2050 5668 et
2079 5629 2307 5684 persona
2333 5633 2518 5695 eorum
2576 5628 2806 5689 sumpta,
2861 5631 2955 5673 eos
3006 5624 3213 5670 tantum
3282 5625 3388 5667 non
3422 5608 3564 5665 sistit
