4134 6302
546 365 684 425 1515

1565 360 1622 414 S.
1664 357 1936 416 CYRILLI
1976 352 2447 412 ALEXANDRINI
2488 351 2805 408 ARCHIEP.

3669 357 3811 414 1516

547 489 657 542 Deo
685 483 965 538 dicentes:
1003 475 1454 548 Exspectavimus
1474 473 1758 544 judicium,
1785 483 1837 528 et
1873 487 1980 528 non
2007 478 2109 528 est.

2227 468 2628 538 γινώσκοντας,
2671 467 2766 520 καὶ
2815 465 2877 518 τὸ
2925 465 3103 519 αὐτῶν
3159 466 3448 537 πρόσωπον
3495 468 3816 530 ἀναλαϐιὶιν,

541 574 809 631 Jndicium
843 572 1026 626 dicunt
1057 566 1346 636 justitiam,
1389 579 1486 634 per
1523 562 1797 618 Christum
1843 561 2116 626 videlicet,

544 681 706 733 quam
738 678 795 719 se
835 669 1154 730 accepturos
1207 657 1522 725 sperabant.
1568 655 1675 709 Sed
1719 653 1861 724 apud
1889 668 1984 708 eos
2012 668 2119 706 non

542 753 897 824 estzquippe
945 749 1034 817 qui
1102 746 1220 803 duri
1279 753 1333 800 et
1390 743 1720 814 immorigeri
1775 742 2119 796 exstiterunt.

543 846 666 901 Ideo
695 842 865 897 dicit:
904 837 1062 894 Salus
1108 835 1299 906 procul
1351 833 1575 890 secessit
1641 848 1670 887 a
1723 833 1897 888 nobis.
1952 830 2116 886 Multa

541 937 687 992 enim
718 941 902 987 nostra
937 930 1197 999 iniquitas
1228 928 1281 982 in
1334 933 1627 996 conspectu
1651 933 1765 990 tuo,
1813 934 1869 980 et
1901 933 2121 993 peccata

542 1037 729 1084 nostra
761 1027 813 1080 in
844 1024 1000 1080 nobis
1025 1030 1170 1078 sunt.
1207 1019 1341 1076 Cum
1367 1020 1510 1076 enim
1542 1019 1597 1074 in
1629 1026 1798 1073 totum
1821 1016 2124 1076 exciderint

551 1121 621 1174 ab
647 1133 712 1174 eo
736 1117 828 1187 qui
857 1115 1119 1188 justiﬁest
1143 1126 1238 1184 per
1267 1111 1448 1176 (idem,
1481 1111 1550 1167 ab
1581 1124 1646 1165 ea
1677 1109 1852 1165 salute
1878 1123 1999 1178 quae.
2057 1107 2125 1163 ab

543 1212 660 1281 ipso
680 1220 760 1265 est
778 1209 964 1280 procul
983 1208 1149 1263 etiam
1179 1205 1489 1271 abfuerunt,
1535 1220 1660 1261 cum
1701 1217 1807 1259 non
1828 1202 2127 1272 abjecerint

541 1304 749 1374 peccati
807 1304 1236 1372 inquinamenta,
1287 1309 1344 1356 et
1374 1297 1681 1369 iniquitatis
1729 1296 1958 1351 crimina
2020 1310 2125 1350 non

543 1396 862 1462 deleverint,
885 1396 979 1452 sed
1011 1410 1134 1450 cum
1160 1394 1351 1450 sordes
1381 1392 1508 1447 hinc
1543 1389 1647 1446 sibi
1667 1388 1814 1443 velut
1847 1386 2054 1442 iniusas
2074 1395 2129 1441 et

543 1487 833 1544 instillatas
859 1489 1116 1543 habeant.
1144 1486 1438 1556 Propterea
1461 1480 1660 1537 allatus
1691 1489 1780 1534 est
1806 1493 1902 1534 eos
1963 1478 2126 1533 Chri-

546 1589 690 1643 stus,
726 1581 916 1635 dicens
954 1598 966 1633 :
1002 1597 1021 1631 ι
1043 1579 1216 1634 Amen
1247 1577 1370 1632 dico
1390 1573 1567 1642 vobis,
1589 1572 1637 1629 si
1665 1586 1769 1628 non
1791 1571 2130 1628 credideritis

544 1671 672 1740 quia
701 1685 800 1738 ego
832 1685 976 1734 sum,
1029 1670 1084 1724 in
1115 1669 1358 1739 peccatis
1393 1666 1591 1724 vestris
1636 1665 1946 1721 moriemini
1973 1665 2062 1718 ⁸¹”.
2103 1683 2122 1718 ι

2225 561 2507 632 μονονουχὶ
2562 559 2860 630 παρίστησι
2918 557 3037 628 Θεῷ
3075 559 3354 627 λέγοντας·
3422 559 3820 629 Ἀνεμείναμεν

2221 655 2421 724 κρίσιν,
2471 653 2566 706 καὶ
2598 653 2698 706 ούκ
2728 651 2893 705 ἔστιν.
2944 652 3142 721 Κρίσιν
3184 652 3240 705 δέ
3282 667 3414 720 φασι
3450 651 3549 722 τὴν
3608 651 3819 705 δικαιο-

2223 744 2411 814 σύνην,
2459 744 2559 814 τὴν
2602 743 2688 796 διά
2718 743 2956 814 Χριστοῦ
2989 743 3256 812 δηλονότι,
3303 744 3372 815 ἢν
3401 742 3670 814 λήψεσθαι
3709 745 3821 813 μὲν

2223 835 2608 906 προσεδόκουν.
2668 836 2800 905 παρ’
2830 836 3014 898 αὐτοῖς
3049 834 3105 887 δὲ
3134 835 3236 887 οὐκ
3278 833 3417 899 ἐστι,
3465 835 3725 902 γεγόνασι
3761 837 3822 888 δὲ

2226 927 2452 998 σκληροὶ
2512 927 2607 980 καὶ
2658 925 2923 990 ἀπειθεῖς.
2976 926 3074 980 Διὰ
3129 925 3288 979 τοῦτό
3335 944 3517 997 φησιν,
3563 927 3648 980 ὅτι
3699 929 3822 980 Σω-

2224 1023 2386 1094 τηρία
2434 1021 2652 1092 μακρὰν
2704 1021 3013 1091 ἀφέστηκεν
3063 1020 3158 1088 ἀφ’
3227 1018 3410 1091 ἡμῶν.
3482 1020 3660 1092 Πολλὴ
3704 1022 3822 1092 γὰρ

2226 1114 2384 1186 ἡμῶν
2412 1115 2445 1184 ἡ
2477 1113 2676 1183 ἀνομία
2711 1113 2953 1167 ἐναντίον
2997 1129 3114 1176 σου,
3153 1113 3248 1166 καὶ
3274 1112 3331 1166 ai.
3361 1113 3626 1184 ἁμαρτίαι
3653 1114 3824 1184 ἡμῶν

2227 1207 2286 1259 ἐν
2326 1207 2478 1276 ἡμῖν.
2520 1203 2735 1274 Ἐπειδὴ
2784 1203 2894 1273 γὰρ
2943 1203 3081 1266 ὅλως
3124 1203 3519 1257 ὲκπεπτώκασι
3576 1203 3675 1257 τοῦ
3731 1204 3820 1257 δι-

2228 1296 2514 1361 καιοῦντος
2542 1298 2600 1350 ὲν
2638 1295 2840 1360 πίστει,
2871 1295 3093 1367 μακρὰν
3122 1297 3379 1364 γεγόνασι
3411 1297 3506 1350 καὶ
3535 1297 3634 1368 τῆς
3680 1299 3822 1368 παρ’

2228 1387 2393 1441 αὑτοῦ
2417 1388 2711 1458 σωτηρίας,
2736 1387 2838 1440 οὐκ
2869 1386 3236 1450 ἀποϐαλόντες
3268 1387 3368 1458 τῆς
3391 1389 3669 1460 ἁμαρτίας
3686 1393 3821 1453 τοὺς

2231 1479 2562 1549 μολυσμοὺς,
2593 1479 2692 1532 ούκ
2721 1478 3157 1550 ἀποτριψάμενοι
3202 1479 3301 1550 τῆς
3345 1481 3578 1550 ἀνομίας
3611 1481 3680 1534 τὰ
3718 1484 3818 1549 ἑγ-

2231 1569 2507 1642 κλήματα,
2523 1570 2640 1624 ἀλλ’
2667 1563 2782 1622 οἷον
2809 1570 3205 1640 ὲντετηγμένον
3228 1572 3414 1634 αὐτοῖς
3439 1571 3532 1625 τὸν
3559 1571 3821 1625 ἐντεῦθεν

2231 1661 2443 1732 ἔχοντες
2491 1663 2683 1735 ῥύπον.
2715 1661 2818 1715 Διά
2845 1661 3007 1715 τοῦτο
3033 1661 3380 1732 προσεφώνει
3419 1661 3597 1732 λέγων
3631 1664 3821 1727 αὐτοῖς

545 1761 731 1832 Itaque
760 1762 884 1831 quia
917 1777 1022 1816 non
1049 1761 1417 1826 crediderunt,
1451 1759 1506 1814 in
1538 1757 1786 1829 peccatis
1810 1757 1926 1813 suis
1977 1771 2123 1810 mor-

2229 1758 2258 1810 ό
2300 1757 2554 1829 Χριστὸς,
2588 1775 2608 1808 ι
2631 1755 2801 1827 Ἀμὴν
2842 1755 2991 1824 λέγω
3025 1755 3176 1825 ὑμῖν,
3213 1756 3296 1808 ὅτι
3344 1754 3442 1809 ἐὰν
3481 1756 3559 1826 μὴ
3592 1757 3823 1809 πιστεύ-

549 1854 625 1906 ιυί
659 1863 808 1908 sunt.
839 1851 1049 1922 thuia
1083 1849 1433 1905 multifariam
1473 1849 1622 1919 impii
1653 1847 1878 1905 fuerunt
1931 1856 2124 1902 contra

545 1945 858 2008 Christum,
935 1944 1097 1997 etiam
1152 1943 1349 1998 horum
1420 1942 1662 2012 ipsorum
1731 1938 2130 1994 confessionem

545 2036 729 2088 edunt.
763 2031 898 2086 Nam
951 2033 1139 2088 dicunt
1183 2048 1197 2086 :
1259 2023 1556 2098 Injustitias
1604 2039 1817 2085 nostras
1862 2026 2130 2090 novimus,

546 2125 708 2195 impie
735 2125 969 2195 egimus,
1023 2133 1079 2178 et
1117 2122 1327 2178 mentiti
1377 2137 1584 2188 sumus,
1623 2135 1687 2176 ac
1749 2119 2129 2174 recessimusa

545 2216 657 2272 Deo
681 2227 884 2272 nostro.
911 2216 1246 2284 lmpietatem
1270 2215 1416 2270 enim
1443 2214 1838 2270 commiserunt
1876 2212 2017 2268 haud
2058 2213 2134 2268 ΐο-

547 2305 1133 2370 rendam,mentientes
1161 2313 1353 2360 contra
1390 2304 1729 2374 majestatem
1770 2307 2010 2362 omnium
2033 2321 2132 2359 nu-

545 2406 720 2452 slrum
758 2395 1065 2451 Servatoris
1104 2393 1343 2459 Christi,
1370 2408 1472 2451 nec
1503 2395 1748 2453 volentes
1785 2399 1837 2452 ei
1877 2397 2126 2468 obsequi.

544 2488 1076 2544 Conﬁtenturautem
1095 2502 1255 2557 porro
1275 2507 1288 2543 :
1309 2486 1496 2544 Loculi
1529 2489 1944 2561 sumusinjusta,
1960 2499 2131 2547 etnon

546 2579 902 2634 obedivimus.
929 2577 1340 2646 l’arturivimus,
1359 2588 1413 2637 et
1424 2581 1666 2638 meditati
1679 2596 1865 2638 sumus
1884 2597 1950 2638 ex
1970 2583 2135 2638 corde

545 2679 732 2725 nostro
769 2684 1050 2726 sermones
1099 2669 1348 2739 injustos.
1406 2669 1544 2726 Nam
1577 2670 1771 2741 iniusta
1812 2673 1978 2729 locuti
2000 2682 2131 2730 sunt

547 2772 734 2816 contra
769 2761 1045 2818 Christum
1075 2781 1090 2818 :
1117 2778 1261 2820 nunc
1314 2763 1589 2820 elevantes
1625 2765 1741 2836 eius
1786 2765 2032 2835 gloriam,
2079 2776 2134 2822 et

547 2855 808 2909 miracula
854 2856 1270 2922 calumniantes,
1312 2856 1583 2926 dixerunt,
1610 2858 1664 2913 in
1684 2857 1969 2915 Beelzebul
1996 2857 2134 2928 prin-

545 2946 665 3015 cipe
731 2947 1118 3002 dzrmoniorum
1181 2963 1305 3004 eum
1368 2948 1568 3018 ejicere
1622 2949 1923 3006 daemonia:
1987 2965 2133 3006 nunc

546 3037 818 3106 parientes
843 3053 875 3094 e
913 3039 1076 3096 corde
1126 3055 1226 3096 suo
1267 3056 1547 3099 sermones
1595 3043 1847 3113 iniustos,
1898 3058 2126 3099 accusa-

2235 1863 2387 1917 σητε,
2437 1847 2520 1901 ὅτι
2561 1845 2672 1916 ὲγὼ
2714 1848 2852 1916 εἰμὶ,
2898 1847 2956 1900 ὲν
3002 1849 3126 1910 ταῖς
3162 1847 3459 1919 ἁμαρτίαις
3490 1847 3647 1918 ὑμῶν
3677 1850 3822 1900 am-

2235 1935 2504 1991 θανεῖσθε.
2534 1955 2553 1989 ι
2587 1935 2798 1990 Οὐκοῦν
2823 1936 3122 2008 ἐπειδήπερ
3151 1938 3212 1991 ού
3253 1937 3708 2000 πεπιστεύκασιν,
3735 1940 3822 1990 ὲν-

2234 2028 2502 2084 απέθανον
2527 2031 2650 2092 ταῖς
2681 2029 2978 2100 ἁμαρτίαις
3008 2029 3207 2082 αὐτῶν·
3238 2029 3424 2101 ἐπειδὴ
3450 2030 3508 2082 δὲ
3552 2030 3818 2100 πολυτρό-

2234 2137 2352 2184 πως
2407 2120 2833 2191 δεδυσσεϐήκασι
2896 2120 3041 2175 κατὰ
3099 2121 3375 2193 Χριστοῦ,
3438 2123 3534 2176 καὶ
3609 2123 3821 2176 τούτων

2234 2213 2412 2266 αὐτῶν
2442 2211 2722 2267 ποιοῦνται
2746 2212 3421 2284 τὴνὲξομολόγησιν.Φασὶ
3445 2215 3576 2286 γὰρ,
3620 2217 3702 2268 δτι
3735 2217 3818 2270 Τά

2233 2306 2545 2376 ἀδικήματα
2597 2305 2756 2376 ἡμῶν
2794 2305 3062 2377 ἔγνωμεν,
3096 2307 3466 2378 ὴσεϐήσαμεν,
3520 2309 3616 2361 καὶ
3655 2309 3818 2379 ἔψευ-

2236 2397 2471 2470 σάμεθα,
2488 2400 2582 2452 καὶ
2603 2399 2921 2470 ἀπέστημεν
2952 2399 3065 2452 ἀπὸ
3091 2398 3317 2453 ὄπισθεν
3340 2401 3434 2454 τοῦ
3459 2400 3598 2454 Θεοῦ
3635 2402 3814 2473 ἡμῶν.

2246 2490 2552 2562 Ἦσέϐησαν
2605 2489 2715 2560 γὰρ
2761 2491 2821 2544 οὖ
2877 2491 3129 2562 φορητῶς
3185 2492 3665 2563 καταψευσάμενοι
3717 2494 3819 2564 ’ἧς

2233 2582 2392 2653 δόξης
2443 2582 2540 2636 τοῦ
2606 2583 2825 2637 πάντων
2873 2584 3033 2654 ἡμῶν
3082 2585 3336 2655 Σωτῆρος
3389 2585 3667 2656 Χριστοῦ,
3722 2588 3820 2641 καὶ

2235 2673 2572 2737 ἀποστάντες
2616 2672 2712 2727 τοῦ
2741 2673 2916 2728 θέλειν
2946 2674 3365 2729 κατακολουθεῖν
3411 2677 3584 2748 αὐτῷ.
3636 2679 3821 2752 Προσ-

2235 2763 2556 2834 ομολογοῦσι
2586 2762 2664 2825 δὲ,
2718 2764 2801 2818 ὅτι
2863 2763 3236 2835 Ἐλαλήσαμεν
3272 2764 3464 2831 ἄδικα,
3517 2767 3616 2820 καὶ
3657 2769 3822 2838 ἠπει-

2235 2855 2505 2927 θήσαμεν,
2544 2856 2801 2928 ὲκύομεν,
2851 2858 2946 2912 καὶ
2983 2856 3397 2928 ὲμελετήσαμεν
3439 2859 3550 2912 ἀπὸ
3588 2859 3824 2931 καρδίας

2234 2943 2392 3016 ἡμῶν
2417 2944 2610 3014 λόγους
2657 2946 2900 3010 ἀδίκους.
2946 2946 3140 3001 Ἄδικα
3177 2947 3286 3019 γὰρ
3315 2947 3652 3021 λελαλήκασι
3682 2955 3820 3007 κατᾶ

2235 3037 2494 3108 Χριστοῦ·
2528 3037 2658 3091 ποτὲ
2703 3037 2804 3110 μὲν
2854 3037 2964 3110 γὰρ
3007 3037 3354 3112 διασύροντες
3396 3041 3564 3096 αὑτοῦ
3598 3042 3698 3115 τὴν
3733 3047 3820 3099 δύο

545 3139 838 3195 runteum,
865 3131 1292 3199 Samaritanum,
1324 3141 1379 3188 et
1421 3134 1839 3200 daemoniacum,
1895 3135 2123 3190 edonent

2235 3129 2356 3198 ξαν,
2393 3132 2488 3185 καὶ
2530 3131 2909 3196 διαϐάλλοντες
2948 3133 3046 3197 τὰς
3093 3134 3414 3206 θεοσημίσς,
3458 3135 3727 3206 ἔφασκον,
3763 3143 3821 3194 ἐν

545 3230 601 3278 et
634 3223 994 3293 vinipomrem
1046 3226 1163 3281 ausi
1215 3227 1518 3284 nominare.
1575 3227 1962 3298 Sycophantiis
1999 3240 2125 3281 eum

544 3315 942 3384 prosciderunt,
974 3317 1147 3374 Pilato
1172 3321 1422 3390 praeside,
1478 3321 1762 3377 dicentes:
1828 3339 1847 3374 ι
1876 3321 2129 3377 Coneitat

547 3407 756 3473 turbas,
800 3418 856 3463 et
909 3419 1056 3464 vetat
1117 3411 1318 3465 tributa
1372 3411 1504 3466 dare
1547 3411 1746 3466 Caesari
1804 3411 1916 3465 ⁸³³.»
1962 3411 2129 3482 836

544 3497 837 3568 Propterea
873 3500 1102 3554 dicunt:
1138 3501 1483 3558 Recessimus
1508 3517 1536 3556 a
1568 3501 1679 3558 Deo
1728 3511 1934 3568 nostro,
1959 3503 2125 3558 locuti

544 3605 732 3645 sumus
759 3590 984 3659 iniusta,
1053 3601 1107 3644 et
1142 3607 1246 3648 non
1284 3593 1622 3648 obedivimns
1649 3611 1662 3649 :
1693 3595 2109 3663 parturivimus,

543 3690 599 3735 et
633 3681 876 3735 meditati
907 3697 1097 3737 sumus
1127 3697 1190 3738 ex
1223 3682 1386 3739 corde
1411 3693 1598 3740 nostro
1653 3698 1935 3742 sermones
1983 3685 2126 3753 inju-

545 3780 681 3839 stos,
717 3781 772 3825 et
793 3774 1123 3829 recessimus
1149 3788 1180 3828 a
1207 3772 1436 3843 judicio,
1465 3783 1521 3830 et
1561 3774 1768 3844 justitia
1801 3775 1988 3846 procul
2036 3791 2126 3832 re-

543 3865 730 3930 cessit,
767 3866 820 3920 id
853 3875 957 3932 est,
988 3867 1317 3938 proiecimus
1340 3867 1629 3938 justitiam,
1657 3877 1714 3924 et
1769 3868 1918 3924 velut
1973 3877 2122 3940 terga

543 3955 810 4017 dedimus.
835 3971 958 4012 eam
1007 3957 1262 4014 aversati.
1324 3957 1534 4015 Idcirco
1577 3959 1765 4024 procul
1817 3961 2048 4016 recessit
2091 3976 2124 4015 a

543 4049 719 4104 nobis.
755 4049 848 4105 Hae
867 4060 994 4105 sunt
1018 4052 1182 4120 igitur
1217 4066 1379 4110 voces
1423 4054 1798 4124 penitentiam
1826 4053 2122 4124 agentium,

539 4149 595 4195 et
646 4157 677 4196 a
727 4143 947 4199 Christo
1005 4145 1433 4200 misericordiam
1476 4147 1852 4216 quaerentium.
1907 4147 2121 4204 Etenim

541 4248 630 4288 res
657 4237 914 4292 salutaris
944 4246 1051 4301 est,
1085 4236 1427 4305 resipiscere,
1468 4245 1524 4292 et
1564 4236 1880 4292 delictorum
1900 4236 2119 4293 confes-

540 4325 723 4384 siones
772 4337 960 4398 aperte
995 4327 1174 4382 edere.
1202 4325 1474 4396 Scriptum
1523 4336 1608 4382 est
1635 4329 1824 4384 enim:
1871 4346 1890 4380 ι
1915 4327 2011 4384 Dic
2064 4335 2120 4382 tu

540 4421 858 4490 iniquitates
933 4429 1054 4476 tuas
1105 4421 1273 4490 prior,
1325 4430 1387 4475 ut
1442 4421 1756 4491 justiliceris
1795 4420 1862 4474 ³³.
1898 4438 1918 4472 ι
1973 4419 2120 4474 Dixit

2230 3225 2556 3289 Βεελζεϐοὺλ
2599 3225 2820 3296 ἄρχοντι
2851 3228 2960 3280 τῶν
3004 3227 3298 3298 δαιμονίων
3331 3229 3623 3286 ἐκϐάλλειν
3653 3236 3817 3288 αὑτὸν

2228 3316 2298 3368 τὰ
2327 3317 2580 3386 δαιμόνια
2599 3357 2614 3381 ,
2648 3316 2781 3370 ποτὲ
2817 3317 2875 3370 δὲ
2907 3319 3000 3372 καὶ
3030 3322 3308 3383 τίκτοντες
3339 3321 3447 3374 ἀπὸ
3480 3323 3579 3392 τῆς
3605 3325 3816 3376 ἑαυτῶν

2228 3407 2453 3478 καρδίας
2485 3408 2676 3475 λόγους
2727 3409 2944 3472 ἀδίκους
2967 3424 2980 3436 ·
3031 3413 3444 3483 κατηγόρευσαν
3483 3414 3592 3485 γάρ
3624 3416 3812 3478 αὑτοῦ,

2227 3497 2575 3569 Σαμαρείτην
2595 3500 2692 3553 καὶ
2717 3498 3081 3570 δαιμονῶντα,
3111 3504 3287 3570 φάγον
3316 3521 3374 3556 τε
3397 3506 3488 3558 καὶ
3524 3508 3818 3575 οἰνοπότην

2225 3591 2491 3660 ὀνομάσαι
2515 3590 2911 3662 τολμήσαντες,
2941 3597 3445 3666 σεσυκοφαντήκασι
3469 3596 3523 3649 δὲ
3577 3598 3672 3648 καὶ
3703 3599 3809 3650 ἐπὶ

2227 3683 2460 3736 Πιλάτου
2507 3683 2780 3752 λέγοντες,
2814 3685 2898 3739 ὅτι
2933 3705 2952 3737 ι
2975 3686 3247 3741 Ἀνασείει
3295 3691 3425 3754 τοὺς
3458 3689 3665 3758 δχλονς,
3708 3693 3817 3744 xa‘t

2225 3775 2424 3830 κωλύει
2459 3775 2657 3847 φόρους
2703 3777 2906 3831 διδόναι
2936 3780 3196 3852 Καίσαρι.
3229 3799 3249 3832 ι
3300 3781 3400 3834 Διά
3427 3782 3582 3834 τοῦτό
3618 3800 3812 3851 φασιν,

2225 3868 2307 3921 ὅτι
2343 3886 2362 3918 ι
2386 3867 2729 3939 Ἀπέστημεν
2763 3869 2874 3923 ἀπὸ
2915 3870 3140 3926 ὄπισθεν
3176 3871 3272 3926 τοῦ
3299 3873 3434 3927 Θεοῦ
3475 3873 3658 3945 ἡμῶν,
3689 3876 3816 3930 ἑλει⁸

2224 3956 2473 4027 λήσαμεν
2522 3955 2722 4020 ἄδικα,
2785 3959 2882 4012 καὶ
2938 3960 3356 4034 ὴπειθήσαμενο
3406 3965 3661 4034 ἑκύομεν,
3718 3966 3813 4018 καὶ

2226 4049 2639 4121 ὲμελετήσαμεν
2689 4049 2796 4106 ἀπὸ
2839 4051 3070 4121 καρδίας
3115 4054 3271 4125 ἡμῶν
3327 4054 3522 4124 λόγους
3570 4056 3809 4119 ἀδικίας,

2224 4143 2318 4196 καὶ
2366 4142 2759 4216 ἁπεστήσαμεν
2797 4143 2975 4198 ὀπίσω
3006 4145 3106 4217 τὴν
3142 4146 3344 4218 κρίσιν,
3377 4148 3472 4201 καὶ
3519 4150 3550 4220 ἡ
3604 4149 3813 4203 δικαιο-

2225 4234 2357 4304 σύνη
2393 4236 2611 4307 μακρὰν
2630 4237 2928 4308 ἀφέστηκε,
2958 4257 2977 4291 ι
3001 4239 3300 4306 τουτέστιν,
3338 4242 3652 4314 ὲρῤίψαμεν
3678 4260 3812 4297 κατ-

2221 4329 2344 4382 όπιν
2393 4331 2492 4400 τὴν
2547 4328 2914 4401 δικαιοσύνην,
2975 4332 3068 4384 καὶ
3119 4327 3232 4387 οἷον
3288 4334 3435 4388 νῶτα
3493 4335 3808 4406 δεδώκαμεν

2221 4420 2666 4492 ἀποστραφέντες
2708 4422 2898 4494 αὐτήν.
2931 4422 3029 4476 Διά
3053 4423 3213 4478 τοῦτο
3243 4427 3464 4498 μακρὰν
3496 4429 3806 4500 ἀφέστηκεν

537 4513 704 4569 etiam
750 4510 962 4566 divinus
1012 4511 1225 4567 Psaltcs
1264 4531 1279 4567 :
1320 4531 1340 4566 ι
1371 4512 1512 4577 Dixi,
1545 4513 1892 4568 Annuntiabo
1927 4521 2119 4568 contra

2227 4509 2317 4578 ἀφ’
2360 4509 2539 4581 ἡμῶν.
2591 4505 2764 4565 Δῦται
2803 4512 2868 4584 δὴ
2896 4509 2990 4566 οὖν
3031 4517 3437 4586 μετανοούντων
3471 4521 3673 4589 φωναὶ,
3716 4523 3806 4574 καὶ

540 4619 624 4657 me
683 4602 1020 4671 iniquitatem
1075 4617 1250 4658 meam
1299 4605 1526 4660 Domino
1573 4622 1587 4658 :
1646 4613 1699 4660 et
1758 4613 1811 4657 tu
1861 4603 2121 4658 remisisti

539 4696 866 4764 impietatem
897 4695 1072 4750 cordis
1102 4697 1202 4750 mei
1225 4696 1290 4750 “.
1334 4713 1352 4746 ι

2227 4600 2536 4672 ζητούντων
2585 4602 2854 4656 ἐλεεῖσθαι
2913 4604 3063 4676 παρὰ
3107 4607 3369 4677 Χριστοῦ.
3420 4608 3626 4680 Χρῆμα
3683 4611 3792 4679 γάρ

2233 4693 2502 4762 σωτήριον
2528 4693 2590 4746 τὸ
2619 4695 3027 4763 μετανοεῖν,καὶ
3045 4697 3142 4758 τὰς
3169 4697 3280 4750 τῶν
3305 4697 3803 4770 πλημμελημάτων

534 4788 827 4860 ὁμολογίας
856 4787 1128 4842 ποιεῖσθαι
1168 4790 1377 4859 σαφῶς.
1421 4789 1731 4860 Γέγραπται
1765 4787 1893 4858 γὰρ,
1928 4807 1947 4840 ι
1988 4786 2127 4854 Λέγε
2164 4785 2227 4837 σὺ
2266 4784 2366 4847 τὰς
2419 4785 2648 4856 ἀνομίας
2708 4791 2806 4840 σου
2844 4788 3081 4858 πρῶτος,
3131 4790 3218 4844 ἵνα
3242 4790 3560 4861 δικαιωθῇς.
3602 4810 3621 4842 ι
3659 4792 3803 4860 Ἔφη

531 4883 590 4937 δὲ
634 4883 727 4935 καὶ
759 4883 788 4934 ὁ
829 4881 1115 4944 θεσπέσιος
1149 4881 1420 4951 Μελῳδός·
1457 4902 1475 4935 ι
1511 4879 1674 4945 Εἷπα,
1718 4879 2096 4952 Ἐξαγορεύσω
2123 4878 2242 4931 κατ’
2273 4877 2406 4948 ἐμοῦ
2443 4878 2542 4948 τὴν
2576 4878 2808 4949 ἀνομίαν
2850 4897 2950 4951 μου
2982 4880 3060 4952 τῷ
3102 4882 3314 4954 Κυρίῳ,
3353 4882 3542 4936 καὶσὺ
3583 4883 3802 4953 ἀφῆκας

531 4978 630 5050 τὴν
655 4976 908 5030 ἀσέϐειαν
935 4977 1034 5046 τῆς
1065 4977 1294 5047 καρδίας
1330 4994 1459 5047 μου.
1495 4995 1512 5027 ι

603 5115 981 5172 Vrzns.i5-l9.
1023 5113 1167 5182 Quia
1208 5124 1516 5184 consuinpta
1569 5114 1720 5169 estin
1767 5115 1864 5169 viis
1927 5129 2108 5168 eorum

527 5210 738 5274 veritas,
761 5218 808 5262 et
837 5218 976 5261 recta
1011 5209 1182 5261 venire
1209 5224 1311 5261 non
1342 5215 1606 5273 poterant.
1673 5206 1878 5261 Veritas
1933 5216 2107 5260 autem

529 5301 732 5353 sublata
761 5308 861 5366 est,
890 5308 935 5353 et
961 5299 1340 5353 transtulerunt
1375 5309 1622 5364 mentem,
1651 5315 1713 5351 ne
1737 5298 2109 5366 intelligerent.

531 5389 595 5442 Et
631 5390 760 5443 vidit
798 5387 1078 5452 Dominus,
1122 5399 1168 5441 et
1234 5403 1335 5441 non
1373 5387 1568 5456 placuit
1621 5387 1689 5451 ei,
1718 5387 1841 5456 quia
1869 5402 1969 5438 non
1993 5396 2108 5439 erat

520 5477 799 5544 judicium.
837 5479 900 5533 Et
928 5481 1077 5546 vidit,
1097 5488 1144 5532 et
1186 5495 1288 5532 non
1333 5489 1446 5532 erat
1502 5479 1599 5544 νίν,
1633 5488 1680 5530 et
1740 5477 2104 5537 consideravit,

523 5579 571 5624 et
611 5586 713 5624 non
742 5582 856 5626 erat
889 5574 980 5641 qui
1021 5572 1336 5642 defenderet.
1378 5571 1440 5623 ls‘t
1480 5569 1622 5623 ultus
1678 5580 1750 5623 est
1777 5585 1862 5624 eos
1889 5569 2104 5640 brachio

593 5817 659 5846 ⁸¹⁹
697 5812 855 5870 είυλη.
977 5830 1015 5878 I,
1045 5814 1136 5867 τι.
1215 5814 1258 5845 ⁸³
1291 5813 1417 5872 Luc.
1461 5829 1620 5881 XXI”,
1660 5815 1712 5868 2ο

2286 5111 2416 5164 ’Ὁτι
2447 5112 2842 5182 κατηναλώθη
2877 5115 2948 5170 ἐν
2978 5115 3101 5183 τοῖς
3141 5116 3305 5183 ὁδοῖς
3341 5116 3544 5172 αὐτῶν
3574 5119 3613 5186 ἠ
3647 5117 3796 5183 ἀλή-

2212 5207 2360 5268 θεια,
2395 5203 2494 5256 καί
2523 5202 2596 5257 δι’
2628 5205 2866 5272 εὐθείας
2894 5209 3010 5262 οὐκ
3030 5207 3336 5276 ἠδύναντο
3357 5209 3582 5264 ἐλθεῖν.
3614 5210 3722 5262 Καὶ
3755 5209 3794 5274 ἡ

2210 5297 2463 5365 ἀλήθεια
2487 5291 2681 5368 ᾖρται,
2707 5300 2807 5352 καὶ
2823 5301 3211 5368 μετέστησαν
3231 5302 3343 5370 τὴν
3365 5302 3660 5364 διάνοιαν,
3688 5299 3794 5354 τοῦ

2211 5390 2578 5454 συνειδέναι,
2621 5391 2721 5444 καί
2756 5387 2878 5446 εἶδε
2901 5394 3134 5461 Κύριος,
3167 5393 3264 5447 καί
3291 5396 3401 5448 οὐκ
3433 5393 3662 5461 ἤρεσεν
3693 5393 3796 5446 αὐ-

2214 5478 2316 5545 τῷ,
2347 5481 2436 5533 ὅτι
2457 5483 2568 5534 οὐκ
2593 5478 2669 5550 ἦν
2699 5485 2918 5550 κρίσις.
2948 5486 3055 5540 Καὶ
3088 5481 3210 5540 εἶδε
3237 5486 3334 5540 καὶ
3361 5487 3473 5538 οὐκ
3501 5480 3582 5553 ἦν
3614 5481 3791 5551 ἀνὴρ,

2215 5573 2312 5626 καί
2342 5573 2695 5640 κατενόησε,
2723 5576 2818 5628 καὶ
2848 5579 2956 5630 οὐκ
2990 5573 3066 5647 ἦν
3095 5580 3128 5631 ό
3157 5577 3662 5644 ἀντιληψόμενος.
3682 5570 3791 5628 Καὶ

1828 5813 1871 5845 ⁸³
1901 5815 2004 5872 Ιεδ.
2043 5831 2196 5881 XLIII,
2231 5815 2322 5870 9.6.
2406 5815 2447 5849 ⁸⁵
2476 5815 2628 5872 Psal.
2661 5833 2814 5883 XXXI,
2857 5819 2904 5874 5.
