4078 6292
262 406 397 463 1517

1399 395 1464 451 ΙΝ
1501 395 1734 453 ISAIAM
1774 396 1906 455 LIB.
1944 398 2008 456 ν.
2053 397 2289 457 TOMUS
2327 398 2416 455 IV.

3399 404 3537 461 13H!

256 534 526 597 ἠμύνατο
555 520 779 587 αὐτοὺς
797 519 878 586 τῷ
897 518 1177 587 βραχίονι
1199 517 1406 586 αὐτοῦ,
1437 517 1534 573 καὶ
1562 517 1637 588 τῇ
1664 519 1834 588 em.

1944 537 2068 588 tuo,
2094 531 2141 577 et
2187 522 2550 590 misericordia
2588 522 2934 577 sustentavit.
2964 519 3032 575 Et
3069 522 3285 578 indutus
3334 536 3409 580 est
3445 531 3534 600 jn-

252 621 518 692 μοσύνῃ,
541 612 581 690 ᾗ
610 616 687 687 (ί)
715 614 1096 681 ὲστηρίσατο,
1123 611 1225 665 καὶ
1252 611 1584 666 ἐνεδύσατο
1612 611 1835 667 δικαιο-

255 714 481 779 σύνην,
517 711 599 775 ὡς
616 709 870 774 θώρακα,
899 702 997 757 καί
1031 703 1332 773 περιέθετο
1365 706 1839 775 περικεφαλαίαν

255 803 557 871 σωτηρίου
580 798 679 852 ἐπὶ
707 795 818 864 τῆς
844 793 1135 864 κεφαλῆς.
1167 795 1279 849 Καὶ
1307 794 1690 865 περιεϐάλετο
1709 796 1837 867 ἱμά-

256 909 388 946 τιον
413 884 799 954 ἐκδικήσεως,
835 884 936 939 καί
963 886 1363 954 περιϐόλαιον,
1398 886 1480 951 ὡς
1505 884 1841 940 ἀνταποδώι

255 1000 386 1038 σων
417 977 847 1042 ἀνταπόδοσιν,
880 975 1112 1043 ὄνειδος
1135 976 1263 1042 τοῖς
1296 978 1698 1044 ὑπεναντίοις.
1725 979 1837 1033 Καὶ

254 1071 698 1142 φοϐηθήσονται
733 1072 787 1123 οἱ
812 1068 933 1123 ἀπὸ
973 1066 1221 1139 δυσμῶν
1266 1068 1334 1123 τὸ
1373 1068 1562 1138 ὄνομα
1590 1068 1835 1136 Κυρίου,

1946 613 2114 679 stitio,
2143 613 2298 680 quasi
2324 613 2512 679 lorica,
2541 622 2589 667 et
2613 613 2954 667 circumdedit
2975 613 3123 684 galea
3147 615 3337 670 salutis
3359 633 3534 689 captu,

1948 714 2000 761 et
2043 707 2265 759 amictus
2309 713 2386 760 est
2429 705 2734 760 indumento
2784 706 3031 761 vindicta:
3091 706 3381 779 pallioque,
3414 719 3536 765 ton-

1949 813 2110 868 quum
2162 798 2374 851 ulturus
2420 796 2668 867 probrum
2698 797 3149 855 adversariorum.
3192 797 3261 853 Et
3289 799 3538 857 timebunt

1947 889 2002 944 Ιιὶ
2020 888 2111 959 qui
2130 888 2193 942 ab
2217 889 2479 944 occidente
2500 900 2639 957 sunt,
2660 905 2843 944 nomen
2861 889 3146 956 Domini,et
3165 891 3538 961 quiaborients

1947 991 2072 1036 sunt
2095 1021 2112 1048 ,
2140 997 2326 1036 nomen
2353 980 2660 1053 gloriosum.
2704 979 2884 1038 Veniet
2908 983 3043 1038 enim
3074 993 3322 1054 tanquam
3345 986 3536 1056 ﬂuvius

1949 1072 2205 1130 violentus
2248 1074 2331 1130 ira
2381 1073 2620 1139 Domini,
2679 1076 2845 1130 veniet
2894 1070 3014 1130 ciam
3049 1075 3251 1141 furore.

256 1167 351 1219 καὶ
367 1167 420 1217 οἱ
444 1163 560 1218 ἀπὸ
573 1162 890 1219 ἀνατολῶν
911 1161 978 1216 τὸ
999 1161 1186 1233 ὄνομα
1200 1161 1269 1214 τὸ
1295 1161 1568 1227 ἔνδοξον.
1586 1162 1747 1228 Ἥξει
1761 1162 1872 1235 γὰρ
1890 1166 1972 1234 ὡς
1992 1162 2465 1239 ποταιὶὸςβίαιος
2495 1168 2533 1237 ἡ
2558 1165 2703 1238 ὀργὴ
2721 1166 2961 1237 Κυρίου,
2987 1165 3121 1235 ἣξει
3150 1167 3302 1238 μετὰ
3322 1167 3531 1239 θυμοῦ.

322 1253 806 1327 Διαμνημονεύσας
832 1252 861 1305 δ
890 1254 1197 1327 προφήτης,
1234 1245 1309 1308 ὧν
1336 1255 1553 1326 ἐροῦσιν
1572 1257 1630 1310 ὲν
1650 1257 1832 1329 καιρῷ

2008 1259 2142 1317 Cum
2157 1261 2419 1333 propheta
2438 1260 2942 1317 commemoraverit
2953 1262 3089 1331 'qum
3113 1270 3355 1332 tempore
3370 1278 3535 1319 voca-

251 1347 499 1419 κλήσεως
536 1345 716 1398 αὐτῶν
750 1346 799 1398 οἱ
835 1343 896 1410 ἐξ
947 1343 1192 1415 Ἰσραὴλ.
1228 1344 1506 1409 αἰτοῦντες
1553 1345 1705 1417 παρὰ
1733 1345 1830 1400 τοῦ
1939 1352 2969 1424 ιίοιιὶεευιεάίοεηιιετεειῑιιε,ρειεηιεε
2986 1353 3186 1425 abipso
3201 1356 3537 1413 DeoetPatre

251 1436 388 1491 Θεοῦ
431 1436 527 1489 καὶ
575 1435 791 1505 Πατρὸς
833 1435 933 1505 τῆς
978 1433 1068 1489 διὰ
1114 1434 1355 1510 Χριστοῦ
1407 1437 1684 1508 σωτηρίας
1731 1436 1831 1508 τὴν

1944 1443 2166 1515 gratiam
2180 1442 2369 1499 salutis
2382 1458 2477 1514 per
2491 1443 2790 1499 Christum:
2807 1442 2860 1499 in
2878 1459 3164 1516 personam
3173 1461 3330 1501 suam
3343 1462 3535 1503 rursus

206 1594 211 1599 ί
252 1529 437 1600 χάριν,
484 1525 774 1598 μεθίστησι
815 1527 976 1582 πάλιν
1017 1526 1145 1591 τοὺς
1180 1525 1373 1596 λόγους
1410 1528 1489 1591 είς
1536 1527 1600 1581 τὸ
1637 1527 1830 1583 ἑαυτοῦ

1944 1535 2239 1592 oralionem
2256 1532 2515 1591 transfert
2532 1544 2586 1590 et
2600 1544 2820 1591 accusat
2835 1533 3130 1601 lsraelitas,
3154 1535 3264 1592 imo
3277 1539 3537 1594 annultet

253 1619 567 1692 πρόσωπον,
598 1618 701 1673 καὶ
736 1617 1097 1688 καταγορεύει
1119 1617 1229 1673 τῶν
1267 1618 1329 1685 ἐξ
1364 1618 1599 1693 Ἰσραὴλ,
1629 1620 1833 1693 μᾶλλον

1944 1626 2280 1697 comprobat,
2296 1633 2458 1682 eteos
2478 1626 2651 1683 malos
2667 1634 2723 1683 et
2751 1634 3029 1697 apostatas
3071 1636 3235 1698 atque
3284 1630 3532 1689 veritatis

251 1714 312 1768 δὲ
345 1713 606 1779 ωναινεί,
656 1712 738 1765 ὅτι
779 1711 1035 1781 γεγόνασι
1076 1713 1326 1785 πονηροὶ,
1367 1713 1464 1767 καὶ
1498 1714 1828 1781 ἀποστάται,

1944 1717 2184 1773 inimicos
2203 1731 2322 1773 esse
2355 1716 2661 1784 conﬁrmat,
2687 1718 2904 1774 dicens:
2931 1717 3264 1789 Consumpta
3281 1728 3364 1775 est
3389 1720 3532 1776 veri-

253 1808 350 1860 καὶ
395 1807 497 1876 τῆς
547 1804 804 1877 ἀληθείας
838 1804 1057 1877 ἐχθροίο
1110 1780 1504 1878 διῖσχυρίζεται
1537 1806 1593 1861 δὲ
1632 1806 1829 1877 λέγων,

1944 1820 2024 1866 tas
2051 1811 2106 1866 in
2138 1810 2243 1867 viis
2273 1824 2486 1877 eorum,
2505 1810 2558 1865 id
2585 1819 2689 1881 est,
2704 1819 3021 1868 tantumnon
3044 1780 3216 1867 deleta
3235 1820 3383 1869 estet
3406 1812 3532 1868 iun-

253 1900 340 1952 ὅτι
403 1896 776 1969 Κατηναλὼθη
822 1898 857 1968 ή
906 1895 1133 1968 ἀλήθεια
1176 1898 1235 1950 ὲν
1270 1899 1392 1962 ταῖς
1436 1899 1574 1964 ὁδοῖς
1611 1899 1790 1954 αὐτῶν
1816 1941 1830 1966 ,

252 1990 525 2053 τουτέστι,
601 1988 881 2059 μονονουχὶ
945 1986 1348 2060 δεδαπάνηται,
1424 1989 1518 2044 καὶ
1597 1989 1831 2044 είσάπαν

251 2081 444 2152 ᾤχετο.
478 2081 554 2137 Οὐ
589 2081 696 2152 γὰρ
728 2075 798 2152 ἦν
830 2079 968 2143 ὅλως
1015 2082 1074 2133 ὲν
1103 2082 1217 2145 τοῖς
1255 2080 1438 2150 ἔργοις
1478 2081 1659 2136 αὐτῶν
1703 2082 1835 2153 ἀλή-

252 2172 396 2234 θεια,
422 2171 690 2235 τουτέστι,
720 2171 822 2242 τῆς
850 2169 1110 2241 ἀληθείας
1149 2172 1178 2224 ὁ
1221 2170 1404 2242 νόμος.
1436 2171 1538 2224 Διά
1575 2170 1734 2226 τοῦτο
1765 2172 1833 2227 δι’

252 2263 469 2326 εὐθείας
496 2264 595 2316 οὐκ
625 2261 889 2332 ἠδύναντο
918 2259 1241 2315 διελθείνόί
1263 2260 1374 2331 γὰρ
1401 2260 1536 2324 ὅλως
1563 2260 1834 2333 διολισθή-

254 2372 446 2418 σαντες
484 2354 577 2408 τοῦ
610 2352 808 2408 εἰδέναι
846 2352 907 2406 τὸ
938 2349 1361 2405 πολιτεύσασθαι
1409 2351 1707 2423 συννόμως,
1741 2352 1837 2406 καὶ

253 2449 397 2503 κατά
424 2464 489 2516 γε
518 2447 579 2500 τὸ
617 2449 686 2517 τῇ
721 2445 952 2516 ἀληθείᾳ
1006 2443 1216 2511 δοκοῦν,
1246 2443 1476 2515 ἀλήθεια
1512 2444 1568 2498 δὲ
1601 2446 1630 2498 δ
1673 2445 1836 2517 νόμος

251 2539 347 2593 τοῦ
394 2538 531 2591 Θεοῦ
573 2537 891 2607 ὠνόμασται
921 2535 1225 2607 πανταχοῦ,
1260 2536 1381 2601 πῶς
1410 2535 1475 2589 ἂν
1507 2532 1672 2609 ἦλθον
1701 2538 1836 2591 εὐθὺ

260 2629 357 2683 τοῦ
391 2630 729 2700 πρέποντος;
761 2627 795 2700 ἢ
823 2626 943 2692 πῶς
972 2628 1035 2681 οὐ
1065 2625 1359 2698 καμπύλας
1417 2628 1511 2681 καὶ
1542 2628 1839 2700 διεστραμ-

258 2723 425 2793 μένας
470 2721 737 2791 ἐσχήκασι
780 2719 878 2784 τὰς
917 2718 1098 2786 ὁδούς;
1141 2717 1463 2791 Προστιθεὶς
1507 2718 1564 2773 δὲ
1609 2719 1703 2773 καὶ
1747 2717 1835 2773 λέ·-

253 2833 392 2883 γων,
427 2814 511 2867 ὅτι
544 2814 608 2867 'H
633 2811 859 2884 ἀλήθεια
886 2806 1075 2884 ἦρται,
1104 2812 1201 2865 καὶ
1229 2811 1565 2883 μετέστησαν
1599 2813 1700 2883 τὴν
1725 2811 1839 2867 διά-

256 2922 407 2959 νοιαν
480 2903 574 2958 τοῦ
654 2904 924 2971 συνιέναι,
976 2903 1338 2959 διαδείκνυσιν
1405 2903 1488 2957 ὅτι.
1558 2901 1840 2967 παντελῶς

254 2995 624 3066 ἀπεφοίτηκεν
653 2995 829 3050 αὐτῶν
856 2997 891 3067 ή
915 2995 1169 3069 ἀλήθεια,
1203 2995 1299 3049 καὶ
1334 2995 1678 3066 μετέστησαν
1717 2993 1838 3048 ὁλο-

256 3089 474 3160 τρόπως
503 3088 594 3141 τοῦ
626 3088 891 3142 δύνασθαί
920 3105 980 3141 τε
1017 3088 1257 3142 συνιέναι
1291 3087 1402 3141 τῶν
1434 3087 1731 3142 τελούντων
1757 3087 1840 3151 είς

260 3179 554 3251 σωτηρίαν.
601 3178 806 3246 Ταῦτα,
874 3180 1062 3251 φησὶν,
1093 3175 1200 3233 εἶδε
1223 3162 1448 3251 Κύριος,
1479 3181 1573 3233 καὶ
1587 3179 1687 3234 οὐκ
1715 3180 1847 3252 ἦρε-

260 3289 351 3325 σεν
376 3271 546 3343 αὐτῷ.
591 3271 666 3325 Ού
698 3272 807 3344 γὰρ
835 3267 904 3343 ἦν
942 3272 1078 3345 παρ’
1132 3273 1315 3337 αὐτοῖς
1346 3272 1545 3345 κρίσις,
1575 3273 1844 3341 τουτέστι,

255 3363 639 3431 δικαιοκρισία,
685 3365 781 3418 καὶ
818 3365 1000 3437 νόμος.
1042 3361 1194 3420 Εἶτα-
1236 3364 1522 3432 Τεθέαται,
1555 3365 1712 3436 φησὶ,
1749 3366 1844 3419 καὶ

254 3458 354 3511 οὐκ
383 3453 450 3529 ἦν
486 3457 647 3529 ἀνὴρ,
691 3459 989 3529 κατενόησε
1010 3459 1105 3512 καὶ
1127 3459 1228 3512 οὐκ
1250 3453 1320 3529 ἦν
1336 3459 1365 3511 ὁ
1396 3456 1840 3530 ἀντιληψόμενος.

271 3550 484 3620 Ἐπειδὴ
515 3550 625 3619 γάρ
684 3550 799 3602 ὲστι
835 3548 1256 3619 φιλοικτίρμων,
1304 3548 1379 3614 ὡς
1428 3549 1561 3614 Θεὸς
1602 3549 1839 3621 ἀνίησιν,

257 3641 368 3695 ἔσθ’
416 3642 526 3707 ὅτε,
573 3641 670 3696 καὶ
718 3641 997 3713 ὁλοκλήρῳ
1029 3642 1182 3696 πόλει
1215 3643 1562 3715 ἐγκλήματα,
1607 3643 1675 3697 δι’
1718 3643 1816 3697 ἕνα

258 3731 351 3786 καὶ
397 3731 556 3801 μόνον
583 3728 875 3800 εὑρεθέντα
908 3731 1115 3783 δίκαιον
1142 3732 1200 3782 ὲν
1235 3733 1373 3801 αὐτῇ
1394 3749 1410 3764 ο
1447 3733 1543 3786 καὶ
1572 3732 1704 3800 γοῦν
1734 3733 1840 3803 ἔφη

256 3824 343 3876 διὰ
379 3821 563 3891 φωνῆς
598 3818 868 3889 Ἰερεμίου
892 3833 905 3846 '
962 3837 980 3869 ι
1019 3819 1400 3889 Περιδράμετε
1448 3820 1506 3872 ὲν
1553 3823 1673 3885 ταίς
1701 3820 1841 3884 ὁδοῖς

272 3910 644 3984 Ἰερουσαλὴμ,
673 3910 766 3963 καὶ
798 3909 1071 3980 ζητήσατε
1102 3911 1159 3961 ὲν
1187 3910 1306 3973 ταῖς
1333 3909 1616 3974 πλατείαις
1643 3909 1839 3980 αὐτῆς,

258 4005 350 4056 καὶ
378 4003 517 4055 ἴδετε
543 4000 610 4055 ἂν
639 3999 838 4071 εὕρητε
871 3997 1059 4069 ἄνδρα.
1086 3999 1135 4050 εί
1162 3997 1283 4051 ἐστι
1316 3997 1487 4052 ποιῶν
1523 3997 1727 4067 πίστιν,
1747 3999 1842 4052 καὶ

258 4097 488 4167 ἀγαπῶν
513 4094 684 4159 ἔλεος,
715 4094 810 4147 καὶ
828 4092 987 4156 ἵλεως
1009 4093 1203 4163 ἔσομαι
1224 4082 1384 4164 αὐτῇ,
1410 4090 1798 4164 λέγειΚύριος.
1813 4109 1833 4144 ι

270 4191 569 4259 ’Υπέσχετο
603 4190 660 4243 δὲ
701 4190 795 4242 καὶ
839 4185 1096 4256 Σοδόμοις
1128 4185 1226 4258 τὴν
1270 4185 1358 4239 διὰ
1413 4184 1585 4257 πυρὸς
1616 4183 1839 4255 ἀνήσειν

259 4284 500 4345 κόλασιν,
534 4281 582 4333 εί
614 4280 775 4334 πέντε
808 4278 1051 4342 δικαίους
1076 4277 1235 4350 ἔσχον
1268 4277 1398 4348 παρ’
1423 4277 1657 4343 ἑαυτοῖς,
1681 4293 1838 4330 τουτ-

256 4375 425 4439 έστιν,
462 4374 520 4426 ἐν
547 4371 753 4442 ἑκάστῃ
790 4368 943 4423 πόλει
993 4368 1198 4422 δίκαιον
1223 4367 1337 4422 ἕνα.
1373 4368 1684 4438 Κατενόησε
1723 4366 1835 4421 τοί-

1944 1903 2087 1958 ditus
2122 1901 2304 1971 periit.
2333 1900 2448 1957 Non
2476 1901 2621 1958 enim
2671 1914 2790 1958 erat
2827 1902 2936 1958 ulla
2969 1905 3023 1959 in
3052 1904 3307 1974 operibus
3340 1918 3530 1959 eorum

1941 1994 2165 2057 veritas,
2188 1993 2242 2047 id
2271 2001 2377 2059 est,
2409 1992 2499 2047 lex
2521 1992 3007 2051 veritatis.ldcirco
3033 2010 3132 2066 per
3150 2004 3355 2051 rectam
3383 1996 3526 2052 viam

1943 2099 2050 2140 non
2085 2091 2377 2154 potuerunt
2409 2085 2667 2141 transire.
2706 2084 2810 2152 Qui
2835 2074 2980 2140 enim
3012 2086 3238 2141 omnino
3280 2100 3345 2142 ex
3394 2087 3529 2159 legis

1942 2185 1999 2231 et
2032 2175 2282 2231 veritatis
2335 2175 2654 2247 praescripto
2709 2176 2876 2231 vitam
2951 2177 3235 2234 instituere
3282 2180 3527 2235 nesciunt

1944 2267 2171 2338 (veritas
2192 2276 2371 2323 autem
2399 2268 2482 2323 lex
2510 2266 2604 2326 Dei
2626 2268 2826 2339 ubique
2845 2270 3233 2341 nuncupatur),
3257 2273 3527 2340 quomodo

1942 2358 2107 2431 837
2134 2368 2279 2415 recta
2306 2359 2374 2416 ad
2410 2361 2668 2416 decorum
2725 2362 3049 2418 transeant?
3095 2364 3208 2419 imo
3257 2365 3527 2434 quomodo

1944 2467 2053 2508 non
2077 2451 2326 2524 obliquas
2354 2461 2409 2508 et
2430 2452 2690 2511 distortus
2725 2454 2841 2510 vias
2868 2454 3192 2512 habuerint?
3219 2456 3355 2512 Cum
3376 2458 3525 2512 addit

1945 2545 2147 2602 etdicit
2173 2562 2186 2599 ε
2216 2543 2424 2602 Veritas
2473 2546 2685 2603 sublata
2724 2557 2828 2615 est,
2853 2556 2908 2604 et
2938 2552 3330 2606 transtulerunt
3371 2566 3525 2605 men-

1947 2649 2077 2700 tem,
2119 2654 2189 2694 ne
2237 2638 2637 2711 intelligerent;
2677 2638 2930 2708 ostendit,
2959 2641 3011 2696 in
3042 2651 3213 2698 totum
3242 2641 3521 2698 veritatem

1945 2728 2014 2784 ab
2038 2729 2143 2784 illis
2169 2720 2648 2800 recessisse,et,ecs
2675 2733 2896 2789 omnino
2926 2742 3161 2789 mentem
3186 2733 3525 2791 transtulisse

1946 2827 2005 2874 ut
2033 2821 2162 2891 quid
2208 2821 2274 2877 ad
2321 2822 2549 2879 salutem
2580 2823 2788 2880 faceret
2813 2839 2919 2881 non
2968 2824 3348 2896 intelligerent.
3388 2825 3525 2882 Hinc

1945 2909 2285 2966 dicit:Vidit
2326 2911 2587 2969 Dominus
2617 2923 2672 2969 et
2715 2929 2824 2969 non
2871 2913 2921 2969 ei
2956 2913 3193 2986 placuit;
3241 2930 3346 2971 non
3379 2915 3524 2971 enim

1946 3012 2064 3056 erat
2089 3003 2228 3073 apud
2253 3018 2348 3059 eos
2368 3003 2657 3075 judicium,
2677 3006 2728 3061 id
2741 3005 3320 3077 est,justumjudicium
3333 3017 3387 3064 et
3413 3007 3521 3064 les.

1950 3092 2169 3157 Deinde,
2194 3092 2441 3165 Aspexit,
2472 3096 2668 3166 inquit,
2719 3107 2775 3153 et
2811 3113 2915 3153 non
2941 3107 3062 3154 erat
3092 3098 3193 3164 vir,
3216 3099 3526 3155 considera-

1948 3183 2048 3248 vit,
2074 3192 2129 3238 et
2157 3199 2262 3238 non
2293 3194 2411 3240 erat
2454 3165 2728 3245 defensor.
2766 3165 2897 3242 Nam
2931 3188 3188 3258 quoniam
3215 3190 3524 3246 misericors

1945 3285 2051 3342 est,
2079 3288 2137 3333 ut
2165 3276 2330 3345 Deus,
2365 3279 2594 3334 remittit
2628 3279 2899 3335 interdum
2930 3279 3197 3335 universae
3222 3282 3387 3334 ctiam
3441 3280 3524 3337 cio

1945 3369 2098 3424 vitali
2129 3370 2378 3439 crimina,
2414 3380 2637 3442 propter
2666 3386 2834 3427 unum
2861 3371 3067 3439 solum,
3097 3374 3188 3443 qui
3234 3373 3287 3427 in
3324 3387 3386 3427 ea
3428 3372 3521 3443 ju-

1947 3469 2066 3518 stus
2127 3461 2380 3518 inventos
2427 3473 2533 3517 est.
2563 3460 2839 3535 Siquidem
2861 3464 2996 3519 dixit
3045 3479 3176 3520 voce
3228 3460 3520 3519 Jeremiae:

1948 3552 2222 3611 «Cursate
2275 3553 2330 3610 in
2381 3554 2485 3611 viis
2532 3553 2851 3621 Jerusalem,
2904 3564 2960 3611 et
2992 3556 3217 3626 quaerite
3242 3554 3294 3608 in
3333 3553 3525 3621 plateis

1942 3645 2078 3715 ejus,
2105 3660 2160 3704 et
2193 3647 2375 3705 videte
2409 3662 2476 3701 an
2510 3646 2762 3703 invenire
2786 3645 3006 3717 possitis
3036 3646 3232 3712 virum,
3263 3644 3356 3715 qui
3398 3643 3527 3698 facit

1943 3738 2126 3806 ﬁdem,
2148 3747 2204 3794 et
2235 3739 2411 3810 diligit
2434 3738 2886 3802 misericordiam,
2913 3752 2979 3792 ac
3005 3738 3274 3808 propitius
3296 3752 3391 3791 ero
3422 3736 3522 3800 illi,

1942 3826 2078 3881 dicit
2108 3828 2365 3885 Dominus
2392 3828 2459 3881 ⁸⁸.
2491 3846 2511 3879 ›
2537 3827 2799 3884 Promisit
2848 3828 2976 3883 item
3003 3828 3254 3883 Sodomis
3301 3842 3360 3882 se
3385 3828 3524 3895 ignis

1943 3913 2263 3983 supplicium
2325 3915 2432 3971 illis
2494 3917 2891 3979 remissurum,
2943 3914 2986 3970 si
3058 3918 3296 3985 quinque
3348 3916 3524 3986 justos

1943 4005 2083 4076 apud
2122 4017 2183 4061 se
2216 4004 2555 4070 habuissent,
2586 4005 2640 4060 id
2668 4015 2771 4070 est,
2797 4006 3178 4076 unumjustum
3212 4007 3523 4078 inunaquao

1941 4112 2047 4168 que
2072 4097 2312 4154 civitate.
2342 4095 2724 4154 Consideravit
2746 4095 2930 4166 igitur,
2966 4096 3161 4167 inquit,
3193 4105 3247 4153 et
3269 4112 3374 4152 non
3403 4109 3524 4154 erat

1941 4189 2045 4256 vir,
2075 4205 2180 4245 non
2206 4198 2328 4246 erat
2374 4188 2465 4261 qui
2500 4186 2837 4244 defenderet.
2880 4186 3065 4245 Justus
3090 4190 3236 4245 enim
3285 4203 3408 4246 cum
3435 4188 3520 4245 [υ-

1940 4296 2116 4339 rorem
2163 4283 2350 4349 sedet,
2389 4289 2444 4338 et
2493 4282 2640 4337 solus
2689 4279 2868 4337 valeat
2920 4279 3091 4338 Deum
3123 4282 3362 4352 placare,
3402 4280 3524 4337 illos

1940 4386 2155 4444 semper
2180 4373 2440 4439 defendit,
2473 4388 2573 4445 pro
2595 4371 2795 4445 quibus
2827 4388 3022 4443 preces
3061 4372 3342 4430 obtulerit.
3375 4372 3523 4441 Quo-

260 4487 372 4533 νυν,
405 4467 558 4537 φησὶ,
590 4467 686 4519 καὶ
714 4465 814 4518 οὐκ
852 4458 921 4534 ἧν
959 4462 1120 4534 ἀνὴρ,
1148 4462 1249 4515 οὐκ
1279 4457 1347 4532 ἦν
1392 4460 1421 4512 ὁ
1466 4460 1834 4532 ἀντιληψόμε-

1944 4465 2088 4520 niam
2123 4479 2251 4521 vero
2304 4464 2480 4523 nullus
2528 4466 2793 4538 ejusmodi
2857 4476 2996 4533 erat,
3046 4467 3342 4523 vindicavit
3396 4482 3511 4530 eos,

257 4576 367 4620 νος.
412 4558 470 4610 Ὀ
517 4558 625 4628 γὰρ
678 4555 886 4619 δίκαιος
930 4555 1022 4609 τὸν
1065 4554 1209 4607 θεῖον
1253 4553 1595 4616 κατευνάσας
1641 4552 1832 4625 θυμὸν,

258 4649 350 4701 καὶ
382 4649 623 4718 ἀρκέσας
652 4648 809 4717 μόνος
834 4648 911 4710 είς
951 4662 1016 4715 γε
1044 4646 1106 4699 τὸ
1139 4644 1400 4700 δύνασθαι
1449 4643 1835 4717 καταπραῧναι

257 4738 415 4800 Θεὸν,
460 4736 923 4806 ἀντιλαμϐάνεται
954 4737 1174 4800 πάντως
1202 4736 1448 4804 ἐκείνων,
1495 4736 1639 4808 ὑπὲρ
1666 4729 1742 4793 ὧν
1770 4736 1837 4790 ἂν

259 4830 509 4901 προσάγῃ
536 4827 632 4891 τὰς
646 4827 816 4891 λιτάς.
837 4829 990 4882 Ἐπεὶ
1018 4830 1077 4881 δὲ
1104 4825 1172 4899 ἦν
1200 4828 1440 4894 τοιοῦτος
1478 4829 1673 4894 οὐδεὶς,
1698 4828 1842 4901 ἠμύ-

256 4940 385 4976 νατο
429 4921 647 4986 αὐτοὺς,
703 4921 860 4991 φησὶ,
906 4919 982 4990 τῷ
1022 4918 1268 4991 βραχίονι
1308 4921 1512 4987 αὐτοῦ,
1568 4922 1836 4988 τουτέστι,

257 5018 321 5086 τῇ
356 5013 603 5083 δυνάμει,
663 5013 989 5084 ὲστηρίσατο
1042 5011 1101 5065 δὲ
1133 5012 1227 5066 καὶ
1260 5015 1327 5086 τῇ
1369 5014 1728 5087 ἐλεημοσύνηθ
1782 5014 1843 5067 οὐ

255 5108 366 5178 γὰρ
411 5104 689 5177 suppara»
725 5103 903 5158 ἀνεῖλε
929 5103 1020 5158 τὸν
1061 5104 1302 5178 Ἰσραὴλ,
1339 5107 1549 5160 σέσωκε
1581 5107 1637 5160 δὲ
1666 5107 1835 5162 κατά-

257 5199 464 5267 λειμμα
496 5194 880 5266 φιλάνθρωπος
927 5193 1023 5258 ὢν,
1055 5194 1152 5248 καὶ
1183 5197 1298 5258 τοῖς
1324 5194 1500 5265 ἁγίοις
1528 5196 1708 5250 αὐτῶν
1734 5214 1840 5250 πα-

256 5290 451 5357 τράσιν
503 5286 707 5358 ἀψευδῆ
734 5288 1006 5358 τετήρηκε
1033 5286 1132 5358 τὴν
1169 5287 1482 5359 ὑπόσχεσιν.
1516 5284 1646 5342 Εἶτά
1674 5304 1843 5359 φησιν

256 5384 282 5434 ὁ
304 5380 608 5450 προφήτης,
624 5376 944 5449 ὅτιθώρακα
985 5378 1082 5448 μὲν
1105 5378 1411 5445 ἐνεδύσατο,
1478 5381 1760 5449 περιέθετο
1786 5379 1843 5432 δὲ

258 5472 692 5544 περικεφαλαίαν
749 5472 845 5525 καὶ
872 5470 1086 5541 ἱμάτιον
1112 5472 1468 5544 ἐκδικήσεως,
1498 5473 1577 5537 ὡς
1602 5473 1840 5527 ἀνταπο-

327 5673 371 5704 ε³
407 5670 609 5730 Jercm.
641 5687 695 5738 ν,
730 5673 780 5727 ι.

336 5857 411 5927 ll)
444 5855 644 5913 Vocula
693 5843 1083 5922 ﬁdesideratur
1115 5856 1167 5912 in
1201 5858 1287 5914 ed.
1315 5855 1480 5913 LXX.

1940 4556 2138 4628 inquit,
2167 4557 2389 4612 brachio
2444 4573 2564 4625 suo,
2612 4558 2664 4614 id
2703 4567 2809 4621 est,
2832 4558 3091 4627 potentia.
3121 4567 3175 4614 et
3200 4560 3524 4615 sustentavit

1941 4645 2336 4701 misericordia.
2363 4644 2480 4702 Non
2509 4647 2652 4702 enim
2687 4648 2951 4703 radicitus
2974 4649 3199 4705 sustulit
3239 4649 3519 4714 lsraelem,

1944 4736 2040 4791 sed
2063 4736 2332 4792 humanus
2356 4750 2479 4791 cum
2506 4738 2598 4802 sit,
2623 4736 2883 4807 reliquias
2933 4737 3191 4803 servavit,
3223 4746 3278 4792 et
3318 4739 3525 4792 sanatis

1946 4829 2188 4899 ipsorum
2212 4830 2460 4899 patribus
2488 4830 2649 4884 ﬁdem
2681 4830 2860 4886 datam
2885 4845 3012 4885 vere
3045 4831 3302 4886 servavit.
3354 4829 3519 4884 Dein-

1947 4921 2014 4977 de
2034 4922 2292 4992 propheta
2319 4922 2392 4976 ait
2426 4936 2441 4976 :
2482 4921 2705 4976 lndutus
2754 4930 2841 4977 est
2902 4920 3093 4989 lorica,
3136 4931 3193 4976 et
3230 4920 3380 4993 galea
3410 4921 3519 4975 cir-

1948 5014 2234 5071 cumdatus
2254 5023 2360 5082 est,
2389 5030 2454 5070 ac
2475 5015 2793 5071 indumento
2818 5013 3089 5079 vindictae,
3129 5024 3384 5085 tanquam
3441 5015 3522 5066 ul-

1949 5117 2105 5164 turus
2157 5109 2413 5178 probrum
2462 5109 2946 5176 adversariorum;
3017 5116 3222 5162 tantum
3255 5122 3359 5161 non
3421 5106 3521 5160 im-

1940 5208 2253 5269 peratorem
2283 5207 2472 5254 contra
2525 5213 2621 5254 eos
2653 5197 2857 5254 factum
2909 5212 3030 5253 esse
3064 5197 3197 5253 dicit
3242 5196 3495 5251 universo

1942 5309 2063 5348 rum
2114 5293 2301 5358 Deum,
2355 5302 2634 5349 armatura
2690 5293 3041 5357 instructum,
3075 5301 3131 5346 et
3191 5291 3269 5346 rei
3319 5290 3522 5344 bellica:

1943 5399 2191 5455 gnarum.
2224 5383 2430 5451 Quibus
2476 5385 2655 5441 verbis
2705 5387 2800 5440 lrte
2846 5394 3036 5440 contra
3094 5384 3214 5439 illos
3264 5384 3519 5451 impetum

1944 5473 2205 5532 declarat.
2234 5475 2453 5547 Resutit
2476 5476 2619 5533 enim
2648 5475 2755 5532 illis
2786 5473 3161 5548 Omnipotens,
3190 5477 3275 5533 cui
3329 5474 3523 5531 merito
