4134 6302
572 344 703 404 1319
1581 343 1654 402 ὃ.
1695 339 1970 398 CYRILIJ
2009 340 2204 397 ΑΜΒΚ]

2250 341 2478 398 NDRINI
2515 342 2834 400 ARCHIEP.
3725 351 3882 405 1520

569 468 767 524 dictum
801 476 917 522 est:
947 465 1068 520 «Tu
1101 462 1356 519 terribilis
1375 475 1454 529 es,
1469 472 1523 518 et
1546 464 1669 533 quis
1707 465 1922 521 resistet
1950 467 2047 521 tibi
2099 468 2201 534 ah,

2270 467 2457 522 δώσων
2482 468 2840 522 ἀνταπόδοσιν
2865 465 3063 530 ὄνειδος
3112 469 3223 531 τοῖς
3271 468 3636 533 ὑπεναντίοις.
3679 473 3881 526 Μόνον

571 561 650 616 ira
674 568 766 614 tua
795 560 842 592 ⁸⁸
868 561 922 613 7»
951 558 1228 629 Supplicio
1246 569 1423 612 autem
1447 557 1646 613 Judaeis
1663 558 1838 626 illato,
1898 560 2161 615 timebunt

2267 559 2376 630 γὰρ
2400 559 2522 629 οὐχὶ
2550 559 2905 629 πολεμάρχην
2934 558 3037 630 ἔφη
3067 560 3190 612 τινὰ
3217 560 3471 628 γενέσθαι
3524 563 3648 615 κατ’
3671 564 3877 618 αὐτῶν

569 652 660 722 qui
693 653 761 705 ab
794 651 1086 706 Occidente
1108 661 1256 714 sunt,
1280 659 1335 704 et
1390 650 1481 720 qui
1536 650 1605 705 ab
1667 649 1917 716 Oriente,
1956 666 2155 706 nomen

2265 648 2357 702 τὸν
2379 647 2489 700 τῶν
2518 648 2655 701 ὅλων
2676 649 2832 711 Θεὸν,
2865 649 3195 718 παντευχίαν
3224 650 3440 718 ἔχοντα,
3468 653 3559 706 καὶ
3589 648 3648 704 εὖ
3675 654 3877 707 εἰδότα,

567 744 885 816 gloriosum.
945 739 1141 797 Veniet
1196 742 1378 808 enim,
1431 743 1660 810 veniet,
1706 744 1919 812 inquit,
1968 753 2156 798 contra

2263 740 2336 793 τά
2367 741 2623 793 τακτικά.
2669 741 2920 792 Δείκνυσι
2947 740 3002 792 δὲ
3039 740 3126 793 διὰ
3156 741 3361 793 τούτων
3401 741 3503 812 τῆς
3547 743 3637 796 ἐπ’
3673 746 3873 806 αὐτοῖς

567 833 808 889 inﬁdeles
838 833 939 898 ira,
968 832 1131 886 veluti
1195 832 1622 889 violentissimus
1687 834 1908 902 quidam
1955 832 2150 889 ﬂuvius

2265 833 2435 903 ὀργῆς
2464 833 2565 902 τὴν
2597 832 2784 900 ἔφοδον
2809 850 2820 860 ·
2850 833 3183 899 ἀντετάξατο
3207 834 3316 905 γάρ
3354 834 3541 896 αὐτοῖς
3581 836 3612 887 ὁ
3649 837 3875 889 παναλ-

567 927 781 996 rapiens
811 925 1014 990 omnia,
1038 934 1094 978 et
1133 933 1242 978 tam
1278 924 1470 994 rapido
1515 923 1660 979 ﬂuxu
1684 927 1980 980 decurrens
2016 933 2073 979 ut
2095 924 2146 981 ei

2253 925 2378 995 κὴς,
2424 924 2562 995 πρὸς
2601 925 2660 978 ὃν
2699 926 2915 996 είρηται
2951 924 3194 986 δικαίως·
3232 944 3250 974 ι
3282 926 3354 978 Σὺ
3389 925 3619 997 φοϐερὸς
3647 923 3723 989 si,
3767 930 3873 980 καὶ

569 1017 751 1073 resisti
781 1031 886 1071 non
914 1015 1108 1086 possit.

2251 1016 2332 1078 τίς
2348 1015 2729 1084 ἀντιστήσεται
2749 1033 2831 1068 σοι
2850 1015 2958 1068 ἀπὸ
2986 1016 3087 1085 τῆς
3111 1015 3283 1087 ὀργῆς
3323 1034 3414 1069 σου
3435 1034 3449 1082 ;
3473 1037 3492 1069 ι
3517 1019 3869 1088 Ἐπενηνεγ-

571 1111 746 1182 μένων
797 1111 854 1164 δὲ
905 1111 1019 1172 τοῖς
1071 1107 1348 1173 Ἰουδαίοις
1417 1107 1524 1162 τῶν
1585 1108 1995 1180 κολαστηρίων,
2053 1107 2467 1180 Φοϐηθήσονται,
2493 1109 2543 1161 οἱ
2583 1107 2693 1161 ἀπὸ
2734 1107 2954 1178 δυσμῶν
3015 1108 3109 1161 καὶ
3153 1108 3429 1162 ἀνατολῶν
3470 1109 3532 1162 τὸ
3572 1110 3752 1178 ὄνομα
3798 1125 3868 1174 τὸ

567 1203 796 1266 ἔνδοξον.
827 1201 983 1266 Ἥξει
1024 1201 1154 1273 γάρ,
1193 1201 1335 1272 ἥξει,
1381 1203 1534 1274 φησὶ,
1584 1202 1726 1256 κατὰ
1777 1203 1888 1258 τῶν
1959 1203 2377 1273 άπειθησάντων
2443 1205 2477 1273 ή
2530 1201 2703 1272 ὀργὴ,
2781 1202 3034 1272 καθάπερ
3085 1219 3167 1266 τις
3222 1202 3525 1272 βιαιότατος
3578 1204 3838 1272 ποταμὸς

567 1301 744 1352 πάντα
778 1288 1128 1370 κάτασύρων,
1174 1299 1269 1352 καὶ
1311 1298 1693 1370 άπρόσὸλητον
1737 1299 1877 1370 ἔχων
1942 1300 2040 1372 τὴν
2071 1299 2178 1354 τῶν
2217 1299 2473 1371 ναμάτων
2501 1299 2837 1368 καταφοράν.

640 1395 802 1446 Vsus.
833 1390 1036 1456 20,21.
1071 1389 1142 1444 Et
1174 1393 1339 1447 veniet
1370 1403 1588 1462 propter
1624 1395 1760 1450 Sion
1792 1395 2066 1461 liberator,
2106 1405 2154 1450 et

2334 1393 2446 1448 Kal
2492 1393 2626 1460 ἣξει
2663 1391 2871 1445 ἕνεκεν
2901 1388 3056 1444 Σιὼν
3100 1391 3134 1442 ὁ
3171 1388 3494 1457 ῥυόμενος,
3547 1391 3652 1443 καὶ
3701 1390 3869 1442 ἀπο-

565 1485 736 1556 333
796 1492 994 1538 avertet
1041 1484 1337 1547 impietate:
1367 1501 1400 1537 a
1455 1483 1643 1538 Iacob.
1695 1483 1764 1538 Et
1787 1487 1884 1540 hoc
1917 1487 2025 1541 illis
2082 1498 2158 1541 te-

2263 1484 2515 1552 στρέψει
2544 1483 2824 1548 ἀσεϐείας
2847 1480 2968 1536 ἀπὸ
3002 1479 3231 1546 Ἰακὼϐ,
3263 1482 3363 1534 καὶ
3384 1482 3538 1548 αὕτη
3568 1480 3783 1546 αὐτοῖς
3813 1482 3855 1548 ἡ

567 1587 876 1630 stamentum
902 1591 934 1628 a
957 1590 1060 1637 me,
1084 1575 1211 1627 dicit
1247 1574 1525 1632 Dominus.
1565 1575 1797 1644 Spiritus
1831 1593 1975 1632 meus
1999 1588 2074 1632 est
2102 1578 2155 1632 in

2260 1577 2396 1644 παρ’
2430 1573 2578 1643 ἐμοῦ
2617 1574 2873 1646 διαθήκη
2914 1571 3074 1640 λέγει
3112 1572 3347 1638 Κύριος.
3380 1571 3450 1624 Τὸ
3489 1569 3744 1639 Πνεῦμα
3786 1572 3855 1623 τὸ

569 1680 637 1736 te,
663 1678 709 1721 et
746 1667 896 1721 verba
948 1681 1085 1730 mea,
1117 1681 1235 1733 qua:
1259 1682 1352 1736 ego
1387 1667 1542 1735 posui
1573 1668 1630 1722 in
1648 1684 1746 1722 ore
1777 1677 1893 1732 tuo,
1925 1685 2028 1723 non
2063 1671 2156 1724 de-

2259 1668 2407 1738 ἐμόν
2428 1670 2599 1722 ἐστιν
2618 1668 2718 1722 ἐπὶ
2751 1665 2850 1719 σοὶ
2871 1707 2886 1732 ,
2917 1665 3018 1719 καὶ
3066 1666 3138 1718 τὰ
3163 1663 3422 1733 ῥήματα,
3453 1662 3494 1716 ἅ
3528 1663 3736 1716 ἔδωκα
3767 1667 3857 1729 εις

568 1756 737 1825 ﬁeient
766 1757 830 1810 de
859 1771 947 1809 ore
980 1765 1094 1820 tuo,
1130 1764 1178 1808 et
1209 1771 1274 1809 ea:
1315 1771 1404 1809 ore
1428 1757 1637 1812 seminis
1663 1759 1763 1812 tui.
1811 1757 1958 1813 Dixit
2015 1762 2153 1815 enim
2188 1819 2200 1827 η

2259 1757 2326 1812 τὸ
2365 1761 2560 1827 στόμα
2579 1776 2721 1827 μου,
2769 1759 2841 1811 οὺ
2876 1755 2963 1825 μὴ
2987 1755 3239 1822 ἐκλείπῃ
3292 1755 3361 1807 ἐκ
3396 1753 3502 1807 τοῦ
3541 1755 3856 1820 στόματος

571 1849 822 1902 Dominus
856 1847 1094 1910 deinceps
1125 1856 1171 1898 et
1198 1846 1253 1900 in
1288 1847 1563 1904 steculum.
2186 1819 2203 1875 l

2224 1826 2230 1868 ί
2260 1850 2368 1905 τοῦ
2393 1819 2740 1919 σσὶέριὶατόέ
2765 1819 2892 1902 σου⁷
2909 1819 3008 1917 (ι).
3031 1841 3178 1900 Εἷπε
3209 1819 3320 1915 γὰρ
3344 1845 3564 1912 Κύριος
3585 1819 3710 1897 ἀίει)
3744 1844 3856 1898 τοῦ

2260 1941 2398 2005 νῦν,
2429 1940 2531 1994 καὶ
2555 1941 2643 2005 εὶς
2667 1937 2774 1992 τὸν
2794 1936 3002 1990 αἰῶνα.

636 2024 706 2080 Ut
737 2025 790 2079 in
825 2024 1068 2096 proxime
1109 2023 1477 2094 superioribus
1545 2024 1639 2080 irae
1682 2025 1880 2084 Judazis
1912 2028 2160 2098 irrogata:

2332 2031 2543 2100 ’Ὠσπερ
2582 2031 2641 2082 ἐν
2670 2030 2784 2091 τοῖς
2812 2027 3004 2081 άνόπιν
3038 2027 3214 2099 βραχὺ
3258 2025 3352 2079 καὶ
3398 2025 3497 2096 τῆς
3545 2022 3851 2093 ἐπενεχθη-

581 2118 787 2172 diserte
813 2115 1078 2179 meminit,
1109 2125 1168 2168 ut.
1223 2115 1314 2184 qui
1349 2114 1538 2169 ducem
1571 2116 1694 2171 vitat
1751 2116 2157 2185 interfecerunt,

2262 2121 2496 2192 σομὲνης
2539 2123 2654 2184 τοῖς
2711 2119 2985 2182 Ἰουδαίοις
3036 2119 3206 2190 ὀργῆς
3254 2117 3587 2186 διεμέμνητο
3631 2113 3849 2181 eam,

565 2219 621 2264 et
654 2210 705 2263 iu
757 2207 1140 2262 universorum
1213 2206 1560 2263 Servatorem
1611 2223 1676 2264 ac
1732 2207 2153 2280 Redemptorem

2259 2215 2594 2269 ἀπεκτόνασι
2617 2213 2726 2282 γὰρ
2758 2211 2849 2265 τὸν
2877 2210 3117 2280 ἀρχηγὸν
3145 2211 3244 2278 τῆς
3271 2207 3438 2276 ζωῆς,
3466 2206 3561 2258 καὶ
3584 2220 3851 2272 πεπαρῳ-

567 2301 732 2370 impie
781 2297 1028 2354 bacchati
1075 2307 1232 2352 sunt:
1293 2297 1486 2354 deinde
1527 2300 1692 2354 etiam
1728 2300 1854 2366 illis,
1891 2302 2157 2372 posterio-

2260 2307 2488 2377 νήκασιν
2518 2304 2747 2366 ἀνοσίως
2776 2303 2858 2365 είς
2885 2301 2974 2354 τὸν
3004 2300 3114 2355 τῶν
3143 2299 3282 2353 ὅλων
3326 2297 3580 2367 Σωτῆρα,
3612 2296 3709 2348 καὶ
3737 2298 3847 2347 Λυ-

568 2386 718 2440 ribus
780 2383 1111 2454 temporibus
1183 2384 1608 2440 misericordiam
1657 2397 1717 2443 et
1766 2389 2156 2446 humanitatem

2259 2399 2476 2470 τρωτήν
2500 2412 2516 2428 ·
2567 2393 2684 2450 εἶτα
2717 2396 2817 2466 τῆς
2857 2394 3223 2464 δοθησομένης
3267 2392 3450 2454 αὐτοῖς
3494 2393 3555 2442 ὲν
3599 2390 3849 2459 ὑστέροις

567 2477 752 2532 datum
805 2475 871 2530 iri
931 2475 1182 2545 praedixit
1222 2474 1406 2530 :dixit
1471 2478 1616 2532 enim
1673 2497 1686 2534 :
1739 2478 1806 2533 Et
1865 2481 2158 2536 vindicavit

2260 2493 2471 2562 καιροῖς
2518 2488 2890 2560 ἐλεημοσύνης
2919 2527 2936 2554 ,
2980 2487 3074 2540 καὶ
3134 2482 3548 2555 φιλανθρωπίας
3612 2484 3850 2534 ἐποιεῖτο

567 2581 662 2622 eos
690 2566 919 2622 brachio
967 2580 1086 2632 suo,
1145 2577 1201 2621 et
1261 2567 1630 2624 misericordia
1682 2572 2028 2637 sustentavit,
2077 2573 2157 2629 sic

2261 2581 2361 2652 τὴν
2390 2579 2810 2650 προαγόρευσιν·
2851 2577 2956 2646 ἔφη
2988 2574 3096 2645 γὰρ
3114 2575 3220 2640 ὅτι,
3251 2575 3360 2627 Καὶ
3383 2572 3848 2643 ἠμύνατοαύτοπ

569 2657 672 2713 hoc
710 2671 929 2726 quoque
971 2655 1090 2711 loco
1126 2656 1279 2725 dicit,
1338 2657 1578 2714 furorem
1620 2659 1836 2716 Domini
1903 2670 2156 2732 tanquam

2257 2669 2336 2741 τῷ
2368 2668 2614 2741 βραχίονι
2663 2666 2852 2732 αὐτοῦ,
2885 2665 2981 2719 καὶ
3007 2667 3073 2734 τῇ
3106 2661 3445 2734 ἐλεημοσύνη
3493 2662 3845 2733 ἐστηρίσατο·

573 2757 870 2803 torrentem
897 2746 1188 2816 quemdam
1216 2747 1612 2804 intolerabilem
1650 2758 1706 2804 et
1756 2751 2156 2828 rapidissimum

2257 2760 2402 2816 οὓτω
2447 2759 2701 2826 κάνθάδε,
2735 2758 2989 2828 καθάπερ
3023 2757 3147 2810 τινὰ
3187 2758 3530 2828 χειμάρρουν
3574 2758 3849 2828 ἀφόρητόν

572 2839 627 2894 in
654 2854 753 2895 eos
776 2840 1164 2896 descensurum
1193 2857 1206 2894 :
1240 2849 1296 2895 et
1341 2841 1410 2895 de
1464 2841 1845 2898 benedictione
1895 2845 2186 2901 extremis.

2256 2871 2316 2909 τε
2341 2853 2437 2908 καὶ
2465 2852 2767 2924 βιαιότατον
2818 2848 3224 2920 ηταὸἡσεσθαι
3253 2851 3378 2900 κατ’
3407 2846 3594 2900 αὐτῶν
3633 2847 3732 2899 τὸν
3757 2847 3845 2901 τοῦ

571 2930 756 2988 δαιτυιί
781 2931 1112 3000 temporibus
1157 2931 1241 2986 eis
1295 2931 1469 2987 danda
1534 2933 1699 2989 verba
1748 2932 1898 2990 facit.
1961 2935 2158 2993 Veniet

2258 2946 2470 3016 Κυρίου
2520 2944 2714 3014 θυμόν.
2761 2941 2944 2996 Εἰπὼν
2972 2941 3053 3004 δὲ,
3089 2942 3182 2994 καὶ
3205 2939 3297 2994 τὸν
3327 2939 3456 3011 περὶ
3487 2939 3594 3010 τῆς
3625 2938 3845 3009 δοθησο-

575 3020 719 3079 enim
749 3031 978 3093 propter
1001 3021 1130 3077 Sion
1175 3021 1447 3078 liberator.
1485 3021 1558 3077 De
1592 3025 1732 3079 ctelo
1756 3026 1901 3081 enim
1926 3026 2154 3084 descen-

2260 3038 2427 3109 μένης
2455 3036 2637 3100 αὐτοῖς
2680 3034 2930 3104 εὐλογίας
2961 3036 3018 3089 ὲν
3060 3033 3309 3102 ἐσχάτοις
3345 3031 3441 3084 τοῦ
3478 3032 3687 3095 αἰῶνος
3724 3049 3844 3085 και-

576 3117 655 3173 dit
679 3114 1014 3206 unigenitum
1041 3113 1135 3168 Dei
1167 3114 1427 3180 Verbum,
1461 3121 1517 3170 et
1550 3117 1768 3172 demisit
1800 3118 1915 3188 ipse
1973 3135 2033 3176 se
2085 3123 2153 3177 ad
2181 3150 2208 3206 ί

2213 3152 2221 3204 ι
2262 3132 2370 3200 ροῖς
2403 3130 2634 3181 ποιεῖται
2658 3127 2838 3196 λόγον.
2882 3125 3041 3192 Ἥξει
3067 3125 3175 3197 γὰρ
3201 3125 3386 3178 ἕνεκεν
3423 3123 3568 3176 Σιὼν
3596 3126 3626 3177 ὁ
3652 3124 3845 3194 ῥυόμε-

573 3205 949 3274 inanitionem,
967 3205 1142 3261 factus
1160 3206 1345 3274 homo,
1370 3216 1429 3261 ut
1458 3207 1626 3262 etiam
1656 3223 1766 3278 prae
1795 3209 1915 3265 aliis
1935 3222 2154 3268 vocaret
2194 3205 2205 3206 ί

2258 3237 2367 3283 νος.
2389 3218 2848 3288 Καταπεφοίτηκε
2873 3219 2983 3289 γὰρ
2999 3217 3060 3284 ἐξ
3079 3214 3323 3288 οὐρανῶν
3354 3217 3383 3268 ὁ
3407 3217 3711 3286 μονογενὴς
3755 3215 3844 3268 τοῦ

573 3297 850 3362 lsraelem,
877 3307 934 3354 et
961 3309 1205 3354 servaret
1222 3313 1438 3368 quoque
1457 3299 1695 3366 gentium
1728 3301 2151 3358 multitudinem.

2254 3311 2388 3366 Θεοῦ
2432 3311 2621 3379 Λόγος,
2657 3311 2752 3364 καὶ
2786 3309 3026 3381 καθῆκεν
3062 3310 3252 3364 ἑαυτὸν
3303 3310 3385 3372 είς
3418 3309 3675 3376 κένωσιν,
3698 3308 3848 3377 γενό-

572 3391 750 3446 Testis
784 3391 889 3445 erit
917 3391 1354 3459 sapientissimus
1376 3388 1573 3445 Paulus
1629 3391 1881 3459 inquiens
1914 3409 1928 3448 :
1974 3413 1994 3446 ι
2022 3395 2155 3451 Dico

2259 3417 2418 3472 μενος
2454 3401 2764 3470 ἄνθρωπος,
2805 3400 2894 3454 ἵνα
2938 3399 3034 3453 καὶ¹
3064 3400 3168 3471 πρό
3190 3417 3251 3468 γε
3278 3398 3387 3452 τῶν
3416 3398 3594 3452 ἄλλων
3636 3398 3846 3471 καλέσῃ

570 3485 848 3539 Christum
882 3483 1187 3537 ministrum
1219 3481 1389 3536 fuisse
1410 3482 1866 3551 circumeisionis,
1928 3497 2148 3556 propter

2254 3491 2346 3543 τὸν
2383 3489 2619 3560 Ἰσραὴλ,
2651 3489 2892 3560 διασώσῃ
2927 3489 2983 3542 δὲ
3013 3489 3108 3543 καὶ
3137 3489 3244 3543 τῶν
3275 3489 3446 3544 ἐθνῶν
3474 3491 3570 3558 τὴν
3604 3489 3842 3558 πληθύν·

572 3574 854 3627 veritatem
881 3572 1068 3636 Dei,ad
1093 3571 1491 3625 conlirmandas
1505 3573 1895 3640 promissiones
1916 3587 2151 3645 patrum,

2258 3579 2352 3634 καὶ
2391 3581 2732 3650 μαρτυρήσει
2760 3579 2988 3651 γράφων
3016 3583 3044 3633 ὁ
3072 3581 3348 3648 πάνσοφος
3373 3579 3598 3642 Παῦλος·
3624 3597 3644 3628 ‹
3670 3579 3845 3644 Λέγω

571 3671 762 3734 gentes
783 3671 962 3716 autem
1003 3676 1164 3730 super
1183 3662 1556 3717 misericordia
1579 3665 1846 3722 honorare
1864 3668 2030 3723 Deum
2047 3669 2115 3724 "’.
2129 3687 2147 3720 ι

2254 3672 2364 3742 γὰρ
2387 3672 2620 3743 Χριστὸν
2656 3671 2900 3726 διάκονον
2947 3671 3277 3742 γεγενῆσθαι
3315 3670 3634 3743 περιτομῆς,
3666 3670 3821 3740 ὑπὲρ

572 3753 916 3809 Meminimus
931 3753 1093 3807 etiam
1116 3753 1244 3808 alibi
1267 3754 1450 3809 dicere
1464 3753 1741 3810 Christum
1759 3757 1933 3814 :«Non
1956 3761 2156 3819 missus

2255 3764 2511 3836 ἀληθείας
2541 3763 2704 3831 Θεοῦ,
2733 3764 2813 3827 είς
2841 3765 2901 3816 τὸ
2929 3763 3339 3834 βεϐαιῶσαιτὰς
3368 3762 3702 3832 ἐπαγγελίας
3736 3761 3844 3816 τῶν

571 3861 691 3900 sum
718 3845 821 3900 nisi
849 3845 915 3899 ad
941 3859 1068 3900 oves
1101 3844 1343 3916 perditas
1392 3848 1585 3902 domus
1609 3846 1770 3904 Israel
1801 3849 1868 3904 ⁸⁸.
1907 3869 1927 3903 ι
1967 3850 2158 3908 Veniet

2255 3858 2528 3930 πατέρων,
2550 3855 2620 3910 τὰ
2649 3854 2705 3910 δὲ
2727 3854 2852 3925 ἔθνη
2886 3855 3026 3927 ὑπὲρ
3058 3856 3241 3921 ἐλέους
3268 3855 3492 3922 δοξάσαι
3521 3855 3614 3907 τὸν
3650 3853 3837 3906 Θεόν.»

573 3935 738 4004 igitur
761 3933 1037 4000 liberator,
1057 3949 1086 3988 a
1108 3933 1347 4004 peccatis
1371 3934 1596 4004 scilicet,
1615 3951 1646 3990 a
1672 3948 1843 3995 morte
1857 3951 1910 3996 et
1926 3957 2154 4014 corrup-

2253 3950 2600 4022 Μεμνήμεθα
2641 3951 2699 4003 δὲ
2759 3945 2854 4003 καὶ
2902 3946 3070 4001 αὐτοῦ
3127 3947 3376 4016 λέγοντος
3425 3945 3521 4000 τοῦ
3577 3942 3836 4016 Χριστοῦ,

573 4027 740 4091 tione,
756 4039 785 4080 a
815 4025 1138 4080 crudelitate
1153 4025 1442 4094 diabolica,
1467 4043 1497 4081 a
1515 4029 1813 4085 daemonum
1831 4046 2036 4103 errore,
2057 4037 2153 4091 de-

2259 4061 2278 4093 ι
2314 4042 2428 4094 Οὐκ
2459 4042 2790 4112 ἀπεστάλην,
2821 4042 2870 4094 εί
2911 4039 2989 4112 μὴ
3019 4040 3099 4102 εἰς
3129 4040 3196 4092 τὰ
3225 4037 3476 4108 πρόϐατα
3515 4037 3586 4090 τὰ
3630 4037 3836 4104 ἀπολω-

571 4119 819 4188 ceptione
856 4128 911 4172 et
956 4117 1260 4187 tyrannide.
1301 4116 1365 4171 Et
1405 4118 1509 4175 hoc
1538 4120 1644 4176 illis
1687 4137 1715 4175 a
1747 4137 1831 4178 me
1860 4132 2154 4182 testamen-

2251 4133 2381 4186 λότα
2423 4133 2573 4187 οἴκου
2617 4135 2854 4206 Ἰσραήλ.
2887 4153 2907 4186 ι
2937 4131 3097 4198 ’Ἥξει
3140 4129 3205 4201 δὴ
3251 4125 3344 4183 οὖν
3389 4131 3420 4181 ὁ
3473 4129 3763 4198 ῥυόμενος,
3783 4129 3839 4192 ἐξ

573 4217 708 4275 ιυηι,
727 4208 858 4263 dicit
880 4209 1161 4263 Dominus.
1177 4207 1328 4276 Quod
1361 4219 1541 4266 autem
1573 4213 1847 4268 voluntate
1863 4215 1958 4270 Dei
1984 4218 2152 4274 semel

2251 4226 2535 4296 ἁμαρτιῶν
2560 4225 2820 4296 δηλονότι,
2850 4228 2915 4278 ἐκ
2947 4225 3174 4279 θανάτου
3204 4221 3294 4277 καὶ
3326 4219 3560 4292 φθορᾶς,
3594 4219 3654 4285 ἐξ
3690 4217 3836 4289 ὠμό-

570 4305 843 4358 decretum
856 4311 937 4358 est
951 4302 1588 4372 etpromissum,pr0rsus
1603 4305 1925 4376 penitusque
1938 4306 2152 4363 ﬁrmum

2251 4335 2411 4388 τητος
2441 4318 2774 4389 διαϐολικῆς,
2801 4320 2865 4371 ὲκ
2890 4319 2988 4388 τῆς
3015 4318 3124 4370 τῶν
3154 4317 3449 4387 δαιμονίων
3499 4313 3721 4383 ἀπάτης
3747 4315 3835 4367 καὶ

569 4397 697 4460 erit,
724 4403 778 4450 et
803 4409 907 4449 non
940 4393 1242 4465 negabitur.
1263 4393 1414 4460 Quod
1443 4394 1610 4464 igitur
1629 4398 1758 4462 erit,
1797 4396 1993 4467 inquit,
2013 4415 2042 4453 a
2067 4415 2151 4454 me

2253 4408 2582 4475 πλεονεξίας.
2634 4410 2745 4464 Καὶ
2785 4409 2924 4481 αὕτη
2959 4411 3142 4473 αὐτοῖς
3175 4411 3208 4480 ἡ
3247 4408 3378 4478 παρ’
3413 4408 3550 4476 ἐμοῦ
3579 4409 3829 4478 διαθήκη,

570 4484 988 4540 testamentum?
1033 4483 1266 4555 Spiritus
1300 4499 1452 4541 meus
1481 4497 1536 4542 et
1567 4488 1730 4542 verba
1762 4504 1880 4558 qua:
1911 4491 2061 4560 posui
2094 4493 2144 4545 in
2179 4497 2202 4555 ι

2198 4497 2227 4553 ἱ)
2256 4497 2375 4554 εἷπε
2419 4501 2640 4572 Κύριος.
2683 4502 2757 4554 Τὸ
2797 4501 2853 4554 δὲ
2907 4502 3056 4566 ἅπαξ
3105 4500 3320 4572 ὁρισθὲν
3369 4498 3459 4552 διὰ
3503 4499 3700 4569 βουλῆς
3741 4499 3830 4551 τοῦ

570 4593 668 4634 ore
724 4585 848 4644 tuo,
909 4591 1015 4632 non
1060 4576 1312 4632 deﬁcient
1372 4578 1626 4649 deinceps
1662 4588 1715 4633 et
1774 4581 1826 4633 in
1885 4591 2144 4637 aeternum

2249 4592 2383 4646 Θεοῦ
2411 4593 2505 4647 καὶ
2534 4594 2895 4662 ὲπαγγελθὲν,
2925 4593 3099 4664 πάντη
3125 4610 3185 4645 τε
3222 4593 3316 4645 καὶ
3357 4591 3601 4654 πάντως,
3631 4592 3832 4662 ἀραρὸς

570 4684 798 4742 tempus.
833 4667 1271 4725 Manifestissima
1310 4669 1455 4724 enim
1486 4671 1875 4728 demonstratio
1909 4683 2017 4737 est.
2056 4690 2143 4728 re-

2248 4685 2422 4748 ἔσται,
2445 4686 2543 4740 καὶ
2572 4686 2673 4738 οὐκ
2707 4683 3096 4756 άρνηθήσεται.
3150 4682 3286 4736 Ποία
3315 4682 3495 4736 τοίνυν
3531 4682 3703 4744 ἔσται,
3740 4699 3834 4751 φη·

569 4767 844 4834 dcmptunt
871 4778 994 4819 esse
1028 4777 1200 4833 genus
1227 4761 1546 4829 humanum,
1566 4770 1621 4817 et
1640 4761 1858 4832 quidem
1887 4778 1997 4827 prae
2024 4766 2145 4822 aliis

2250 4777 2354 4839 σὶν,
2392 4777 2425 4845 ή
2453 4777 2584 4846 παρ’
2614 4775 2750 4845 ἐμοῦ
2783 4775 3048 4846 διαθήκης
3100 4775 3143 4826 Τ
3145 4773 3174 4826 ὸ
3201 4772 3423 4844 Πνεῦμα
3455 4773 3517 4825 τὸ
3550 4773 3705 4842 ἐμὸν,
3741 4773 3832 4824 καὶ

570 4856 844 4911 lsraelitas
873 4855 965 4924 qui
995 4854 1344 4908 crediderunt
1364 4852 1541 4908 factos
1556 4868 1678 4909 esse
1705 4852 1946 4922 Spiritus
1968 4858 2140 4912 sancti

2249 4869 2317 4920 τὰ
2343 4867 2582 4938 ῥήματα,
2607 4867 2642 4920 ά
2667 4867 2844 4921 ἔδωκα
2882 4869 2942 4921 ὲν
2975 4866 3051 4937 τῷ
3097 4866 3324 4937 στόματί
3358 4882 3475 4927 σου,
3511 4867 3570 4917 οὐ
3628 4864 3705 4934 μὴ
3745 4866 3831 4915 ὲκ-

571 4947 860 5019 participes
891 4963 904 4998 :
938 4959 1033 5014 per
1065 4959 1222 5014 quem
1259 4943 1563 5014 adoptionis
1585 4946 1747 4999 decus
1773 4945 1994 5002 allatum
2038 4958 2142 5014 est,

2249 4956 2408 5028 λείπῃ
2431 4957 2538 5011 άπὸ
2563 4955 2656 5009 τοῦ
2689 4956 2805 5024 νῦν,
2825 4957 2920 5009 καὶ
2949 4958 3028 5019 εἰς
3056 4957 3148 5009 τὸν
3177 4956 3348 5009 αἰῶνα
3373 4956 3590 5026 χρόνον.
3649 4955 3827 5021 Σαφε-

570 5048 624 5092 ct
651 5033 904 5108 loquendi
931 5035 1113 5104 lingua
1151 5033 1376 5088 verbum
1412 5031 1557 5095 fidei,
1605 5035 1762 5090 sicuti
1787 5038 2011 5109 scripsit
2050 5056 2142 5096 sa-

2253 5049 2423 5118 στάτη
2469 5048 2579 5119 γὰρ
2610 5049 2884 5114 ἀπόδειξις
2931 5048 3024 5103 τοῦ
3059 5048 3427 5121 λελυτρῶσθαι
3477 5047 3540 5100 τὸ
3570 5047 3730 5115 γένος
3772 5047 3829 5097 τὸ

569 5129 939 5199 picutissimus
973 5126 1172 5182 Paulus
1202 5143 1216 5180 :
1253 5141 1272 5175 ι
1307 5123 1384 5179 Ne
1411 5125 1559 5180 dicas
1613 5127 1779 5196 enim,
1843 5131 2038 5201 inquit,
2089 5133 2142 5189 in

2251 5139 2608 5212 ἀνθρώπινον,
2663 5141 2828 5212 ἦγουν
2871 5143 2966 5195 καὶ
3015 5142 3120 5213 πρό
3157 5159 3220 5210 γε
3251 5141 3359 5193 τῶν
3401 5140 3575 5193 ἄλλων
3607 5138 3736 5200 τοὺς
3774 5137 3830 5202 ἐξ

568 5221 731 5278 corde
759 5229 850 5275 tuo
881 5237 895 5275 :
927 5219 1061 5286 Quis
1091 5217 1344 5273 ascendet
1371 5215 1422 5271 in
1463 5217 1661 5273 ctnlum
1687 5219 1711 5273 ?
1741 5222 1842 5277 hoc
1876 5234 1959 5278 est
1988 5224 2146 5279 Chri-

2265 5230 2522 5302 Ἰσραὴλ,
2585 5231 2982 5294 πιστεύσαντας
3039 5231 3099 5283 τὸ
3166 5231 3226 5283 ὲν
3297 5227 3509 5299 μεθέξει
3579 5225 3827 5294 γενέσθαι

567 5327 708 5372 stum
738 5315 1026 5378 deducere,
1080 5320 1171 5367 aut
1211 5310 1334 5381 quis
1381 5310 1668 5366 descendet
1727 5312 1780 5367 in
1833 5315 2137 5386 abyssum?

2253 5323 2567 5394 Πνεύματος
2597 5323 2775 5392 ἁγίου,
2810 5324 2876 5377 δι’
2926 5316 2987 5376 οὗ
3022 5323 3116 5376 καὶ
3155 5321 3216 5375 τὸ
3256 5320 3352 5391 τῆς
3399 5317 3670 5382 υἱοθεσίας
3720 5318 3827 5370 εἰσ-

640 5496 688 5528 “
716 5496 858 5553 Psul.
893 5513 1059 5564 Lxxv,
1094 5495 1151 5552 8.
1224 5497 1270 5530 ⁸⁷
1311 5497 1464 5553 Rom.
1497 5513 1587 5563 xv,
1620 5497 1677 5565 8,
1715 5496 1768 5552 9.
1844 5495 1891 5527 ⁸⁸
1924 5493 2116 5551 Matth.
2163 5512 2252 5562 xv,
2283 5499 2379 5553 Ἡ.

603 5672 718 5776 ’(l)
745 5669 906 5740 LXX,
940 5672 1020 5737 είς
1082 5673 1142 5727 τὸ
1166 5674 1339 5746 στόμα
1407 5691 1529 5746 μου,
1569 5672 1631 5726 οὐ
1663 5672 1738 5744 μὴ
1775 5672 2001 5748 ἐκλείπῃ
2042 5673 2106 5726 ὲκ
2145 5671 2235 5728 τοῦ

2184 5671 2239 5727 οὗ
2280 5675 2543 5747 στόματός
2578 5692 2689 5745 σου,
2726 5677 2818 5731 καὶ
2879 5678 2940 5731 ὲκ
2981 5676 3074 5732 τοῦ
3108 5675 3375 5749 στόματος
3421 5675 3516 5732 τοῦ
3572 5683 3816 5749 σπέρμα·

567 5759 658 5810 τος
699 5759 812 5796 σου.
