4134 6302
292 385 418 444 13⁵21

1379 371 1446 430 IN
1487 373 1720 430 ISAIAM
1764 376 1888 431 LIB.
1935 371 1996 433 ν.
2039 375 2274 432 TOMUS
2310 373 2398 432 l\'.

3409 378 3545 435 15·Ξὲ

291 511 516 583 φέρεται
538 503 820 576 καύχημα,
841 496 934 554 καὶ
961 497 1142 554 λαλεῖν
1173 498 1229 552 ὲν
1259 495 1474 569 γλώττῃ
1501 496 1560 550 τὸ
1590 497 1740 567 ῥῆμα
1762 495 1862 565 τῆς

1976 509 2062 549 uoc
2099 505 2180 548 est
2201 494 2476 550 Christum
2503 487 2670 565 839
2691 507 2720 547 a
2759 495 2986 550 mortuis
3011 493 3292 551 reducere.
3321 495 3388 550 At
3417 498 3544 566 quid

290 604 549 663 πίστεως,
581 596 724 652 καθὰ
768 594 1044 664 γέγραφεν
1072 588 1101 644 6
1129 589 1406 658 πάνσοφος
1443 587 1684 651 Παῦλος·
1725 606 1742 638 ι
1776 587 1868 657 Μὴ

289 695 397 765 γὰρ
434 693 614 762 εἴπῃς,
650 687 833 759 φησὶν,
859 687 917 737 ὲν
949 685 1014 754 τῇ
1041 679 1240 753 καρδίᾳ
1262 690 1380 733 σουο
1414 679 1510 742 Τίς
1537 679 1867 765 ἀναϐήσεται

291 757 377 848 ξιξ
405 781 498 836 τὸν
534 757 789 851 οὐρανόν;
829 773 1077 828 τουτέστι
1124 765 1358 843 Χριστὸν
1409 757 1758 838 καταγαγείν,
1809 767 1864 836 ἢ,

291 875 389 940 Τίς
416 871 783 941 καταστήσεται
809 869 890 930 εἰς
918 865 1019 936 τὴν
1055 863 1326 927 ἀδυσσονς
1360 861 1606 914 τουτέστι
1634 859 1868 930 Χριστὸν

290 965 354 1017 ἐκ
388 961 594 1033 νεκρῶν
625 959 938 1026 ἀναγαγεῖν.
974 953 1137 1008 Ἀλλά
1163 953 1214 1006 τί
1233 951 1380 1020 λέγει
1400 951 1435 1022 ἠ
1457 946 1645 1022 Γραφή
1665 968 1680 1016 ;
1700 948 1866 1018 ἐγγύς

291 1067 383 1107 σου
422 1051 484 1105 τὸ
515 1052 666 1123 ῥῆμα
697 1051 754 1102 ὲν
787 1046 868 1117 τῷ
909 1043 1138 1116 στόματί
1178 1061 1294 1107 σου,
1342 1043 1437 1096 καὶ
1467 1043 1525 1096 ὲν
1567 1044 1634 1112 τῇ
1669 1040 1865 1112 καρδίᾳ

291 1160 408 1207 σου,
452 1145 534 1196 ὅτι
580 1140 678 1195 ὲάν
725 1139 908 1210 εἴπῃς,
944 1137 1149 1208 Κύριος
1190 1133 1417 1202 Ἰησοῦς.
1447 1134 1542 1188 καὶ
1570 1132 1864 1204 πιστεύσῃς

291 1237 348 1290 ὲν
375 1237 441 1306 τῇ
470 1232 670 1305 καρδίᾳ
715 1246 828 1296 σου,
858 1232 940 1283 ὅτι
984 1230 1012 1282 6
1053 1227 1187 1290 Θεὸς
1217 1227 1380 1279 αὑτὸν
1428 1221 1650 1296 ἡγειρεν
1687 1226 1752 1278 ὲκ
1777 1241 1864 1277 νε-

289 1324 456 1395 κρῶν,
501 1322 742 1393 σωθήσῃ.
791 1318 1004 1390 Καρδίᾳ
1040 1316 1149 1388 γὰρ
1193 1316 1506 1371 πιστεύεται
1550 1317 1630 1380 είς
1662 1316 1862 1368 δικαιο-

291 1414 477 1484 σύνην,
509 1411 738 1482 στόματι
766 1410 823 1464 δὲ
853 1408 1196 1481 ὁμολογεῖται
1227 1409 1307 1472 είς
1332 1407 1626 1480 σωτηρίαν.
1661 1428 1680 1461 ι
1708 1408 1863 1462 Ἑλά-

288 1504 455 1575 δομεν
485 1501 662 1557 τοίνυν
691 1501 843 1572 παρά
880 1500 1016 1554 Θεοῦ
1043 1501 1103 1553 τὸ
1136 1500 1288 1572 ῥῆμα
1318 1499 1418 1570 τῆς
1455 1499 1714 1563 πίστεως,
1739 1499 1860 1570 ἢτοι

287 1595 386 1666 τὴν
423 1592 741 1665 ὁμολογίαν·
773 1591 1038 1662 σωτήριον
1065 1590 1120 1643 δὲ
1146 1591 1356 1661 χρῆμα,
1387 1591 1484 1643 καὶ
1511 1590 1860 1656 δικαιοσύνης

1971 586 2100 641 dicit
2129 586 2408 656 Scriptura
2436 587 2460 640 ?
2511 587 2682 656 Prope
2705 597 2788 641 est
2818 588 3041 642 verbum
3094 589 3145 642 in
3177 603 3272 644 ore
3330 594 3444 654 tuo,
3489 597 3546 645 et

1973 677 2024 731 in
2059 677 2224 732 corde
2251 687 2364 740 tuo,
2389 678 2514 746 quia
2537 677 2580 731 si
2631 678 2835 732 (litteris
2864 718 2880 744 ,
2939 675 3202 734 Dominus
3245 673 3428 745 Jesus,
3489 689 3546 736 et

1969 767 2268 840 credideris
2314 767 2369 822 in
2414 770 2576 824 corde
2632 769 2724 824 tuo
2806 760 2974 824 Deum
3021 766 3288 825 excitasse
3342 770 3545 826 illuma

1971 862 2217 926 mortuis,
2253 861 2434 916 saltus
2473 861 2604 918 eris.
2645 861 2822 916 Corde
2841 861 2986 917 enim
3024 861 3265 918 creditur
3293 863 3360 917 ad
3389 861 3546 934 justi-

1970 954 2121 1014 liam,
2159 965 2256 1008 ore
2287 961 2467 1008 autem
2501 953 2558 1008 ﬁt
2587 953 2858 1008 confessio
2897 955 2962 1008 ad
3012 948 3237 1014 salutem
3259 955 3326 1011 ".
3357 974 3380 1009 ο
3439 955 3547 1011 Ac-

1967 1042 2209 1114 cepimus
2227 1045 2408 1115 itaque
2431 1059 2459 1097 a
2478 1044 2586 1100 Deo
2601 1046 2822 1099 verbum
2849 1044 2972 1101 ﬁdei
2993 1045 3110 1101 sive
3121 1046 3543 1114 confessionem;

1965 1136 2108 1206 quod
2174 1137 2392 1206 quidem
2441 1135 2678 1192 salutare
2710 1145 2815 1202 est,
2863 1147 2919 1192 ct
2959 1135 3224 1206 justitiam
3270 1139 3544 1195 conciliat.

1965 1223 2232 1279 Justiﬁcat
2255 1224 2399 1280 enim
2429 1225 2511 1281 sic
2549 1226 2775 1296 impium
2813 1225 3092 1292 Christus,
3121 1229 3211 1298 qui
3269 1237 3325 1284 et
3369 1227 3546 1298 palam

1964 1316 2240 1372 clamitat:
2268 1333 2288 1368 ι
2317 1315 2458 1373 Ecce
2479 1317 2652 1372 delevi
2683 1327 2741 1372 ut
2770 1321 2966 1374 nubem
2990 1320 3304 1390 iniquitates
3323 1331 3464 1387 tuas,
3491 1330 3548 1375 et

1966 1416 2024 1460 ut
2047 1407 2336 1477 caliginem
2376 1421 2598 1478 peccata
2639 1420 2753 1465 tua.
2780 1431 2800 1463 ι
2871 1409 2984 1466 Hoc
3045 1413 3270 1468 verbum
3323 1411 3444 1466 ﬁdei
3490 1413 3545 1466 in

1965 1497 2117 1552 nobis
2131 1497 2239 1553 erit
2265 1505 2546 1569 perpetuo,
2563 1509 2616 1555 et
2643 1501 2708 1556 de
2719 1517 2814 1557 ore
2834 1508 3021 1557 nostro
3048 1517 3152 1557 non
3177 1501 3430 1567 cessabit,
3451 1500 3548 1558 scd

1964 1586 2091 1642 illud
2111 1588 2178 1642 ad
2201 1590 2576 1658 posteritatem
2607 1605 2777 1661 usque
2809 1591 3260 1646 transmittemus.
3291 1588 3382 1645 Sic
3401 1590 3544 1644 enim

289 1687 574 1759 πρόξενονο
623 1686 820 1740 δικαιοῖ
873 1684 980 1755 γὰρ
1024 1681 1166 1736 οὕτω
1198 1682 1292 1735 τὸν
1328 1681 1503 1752 ἀσεϐῆ
1539 1682 1794 1752 Χριστὸς,
1832 1682 1861 1734 ὁ

1983 1677 2400 1735 ustiﬁcabuntur
2414 1688 2467 1735 et
2483 1682 2704 1750 posteri.
2724 1681 2781 1737 Si
2811 1685 2956 1738 enim
2978 1696 3192 1752 semper
3212 1681 3458 1737 Christus
3479 1683 3551 1736 sit

289 1782 386 1832 καὶ
433 1777 600 1832 πάλαι
644 1776 802 1849 βοῶν,
855 1794 874 1828 ι
913 1775 1045 1829 Ἰδοὺ
1075 1773 1352 1845 ἀπήλειψα
1397 1774 1474 1838 ὡς
1501 1773 1733 1846 νεφέλην
1760 1773 1859 1837 τὰς

1976 1775 2014 1821 ιι
2032 1766 2172 1825 Deus
2188 1780 2241 1826 et
2273 1769 2559 1837 Dominus,
2593 1786 2865 1844 nunquam
2895 1773 3100 1830 desinet
3132 1772 3254 1830 ﬁdei
3281 1774 3396 1839 eius
3417 1789 3548 1828 con-

290 1867 519 1939 ἀνομίας
549 1834 662 1932 σουξ
711 1834 808 1920 καί
857 1863 932 1928 ὡς
976 1834 1187 1932 γνόφος).
1217 1834 1316 1925 τὰς
1361 1834 1638 1934 ἁμαρτίας
1685 1834 1798 1916 σου.

1976 1859 2128 1916 lessio
2172 1864 2313 1932 apud
2351 1879 2447 1918 eos
2496 1865 2585 1935 qui
2606 1864 2749 1921 illius
2774 1865 3168 1936 apparitionem
3190 1877 3545 1936 agnoverunt.

289 1963 459 2018 Τοῦτο
517 1962 579 2015 τὸ
621 1960 772 2032 ῥῆμα
822 1958 920 2030 τῆς
970 1957 1206 2019 πίστεως
1257 1957 1316 2009 ὲν
1377 1958 1511 2026 ἡμῖν
1561 1955 1701 2009 ἔστω
1765 1955 1856 2024 (1)
1930 1953 2215 2026 διηνεκῶς,
2265 1956 2358 2010 καὶ
2412 1958 2477 2011 ἐκ
2541 1956 2635 2011 τοῦ
2679 1951 2944 2030 στόματος
3024 1959 3181 2031 ἡμῶν
3227 1960 3288 2012 ού
3339 1955 3551 2012 πεπαύ-

288 2071 459 2108 σεται.
536 2051 986 2125 Παραπέμψομεν
1053 2049 1108 2103 δὲ
1161 2048 1291 2102 αὐτὸ
1355 2051 1436 2113 εἰς
1499 2047 1690 2118 γενεὰς
1760 2048 1985 2117 γενεῶν,
2048 2047 2499 2120 δικαιωθήσονται
2539 2050 2650 2123 γὰρ
2721 2044 2864 2105 οὕτω
2931 2050 3023 2106 καὶ
3093 2054 3144 2106 οί
3211 2049 3330 2123 μεθ’
3378 2054 3545 2125 ἡμᾶς.

286 2151 349 2205 Ei
393 2151 502 2220 γὰρ
530 2148 617 2203 ἀεὶ
641 2147 875 2219 Χριστὸς
943 2145 1036 2199 καὶ
1066 2145 1183 2198 ἔστι
1210 2143 1343 2208 Θεὸς
1389 2143 1484 2197 καὶ
1528 2138 1757 2213 Κύριος,
1799 2142 1860 2195 ού
1940 2142 2232 2215 καταλήξει
2266 2143 2485 2200 ¹ιἰπιῖυττοτιι
2527 2145 2628 2218 τῆς
2673 2148 2755 2211 εἰς
2821 2140 2984 2202 αύτδν
3021 2147 3256 2213 πίστεως
3297 2149 3332 2219 ἠ
3362 2143 3550 2220 ὁμολο.

285 2245 402 2314 γία,
431 2240 582 2312 παρά
612 2242 724 2303 τοῖς
757 2235 1093 2306 ἐπεγνωκόσι
1123 2235 1220 2306 τὴν
1247 2234 1571 2304 ἐπιφάνειαν
1605 2233 1795 2287 αὐτοῦ.

355 2331 630 2396 Φωτίζου,
659 2326 936 2399 φωτίζου,
975 2324 1412 2396 Ἰερουσαλὴιι,
1444 2322 1580 2392 ἣκει
1615 2322 1724 2392 γάρ
1747 2335 1862 2376 σου

285 2427 349 2481 τὸ
387 2422 531 2494 φῶς,
558 2420 658 2474 καὶ
688 2414 728 2487 ἡ
762 2417 912 2481 δόξα
941 2415 1163 2483 Κυρίου
1200 2413 1298 2467 ἐπὶ
1327 2412 1404 2467 σὲ
1438 2411 1861 2467 ἀνατέταλκεν.

297 2518 444 2573 Ἰδοὺ
477 2516 590 2586 γὰρ
629 2515 852 2575 σκότος
889 2509 989 2563 καὶ
1045 2507 1272 2576 γνόφος
1303 2503 1564 2572 καλύψει
1603 2499 1724 2570 γῆν
1772 2500 1867 2553 ἐπ’

285 2611 434 2678 ἔθνη
459 2625 472 2638 ·
498 2605 601 2662 ἐπὶ
637 2594 708 2658 δέ
729 2620 807 2658 σε
841 2600 1177 2671 φανήσεται
1227 2600 1464 2667 Κύριος,
1493 2596 1590 2652 καί
1622 2597 1662 2665 ἠ
1717 2594 1866 2659 δόξα

287 2698 472 2754 αὑτοῦ
517 2695 614 2750 ἐπὶ
636 2695 711 2749 σὲ
736 2691 1084 2763 ὀφθήσεται.
1115 2690 1224 2748 Kal
1257 2689 1657 2758 πορεύσονται
1683 2686 1864 2751 ,ϐασι-

285 2791 416 2858 λεῖς
442 2787 523 2855 τῷ
543 2787 691 2858 φωτί
714 2803 852 2851 σου,
878 2784 976 2838 καὶ
999 2783 1144 2850 ἔθνη
1173 2780 1248 2850 τῇ
1284 2777 1661 2850 λαμπρότητι
1689 2793 1825 2832 σου.

372 2882 459 2944 Ὠς
491 2878 738 2947 δοθείσης
769 2875 871 2946 τῆς
922 2871 1254 2943 ἐπαγγελίας
1285 2870 1380 2925 τοῦ
1424 2871 1508 2924 ὅτι
1561 2868 1867 2940 σωθήσεται

290 2973 430 3028 κατά
459 2970 682 3043 καιροὺς
703 2971 731 3022 6
765 2965 1003 3038 Ἰσραὴλ,
1029 2965 1334 3035 ἀνασκιρτᾷ
1362 2962 1565 3034 τρόπον
1582 2959 1706 3014 τινά
1729 2959 1868 3031 πρὸς

288 3065 553 3136 εὐθυμίαν
601 3062 632 3115 6
685 3060 842 3128 λόγος
899 3060 958 3111 ὲν
1003 3056 1212 3120 τούτοις
1254 3056 1386 3126 ἡμῖν
1425 3055 1454 3107 6
1508 3047 1868 3124 προφητικδς,

2042 2319 2170 2376 CAP.
2199 2313 2312 2374 LX.
2351 2319 2515 2375 Vens.
2541 2317 2654 2375 1-3.
2677 2319 3012 2392 Illuminare,
3045 2320 3365 2397 illuminare,
3387 2329 3546 2385 Jeru~

1971 2412 2133 2467 salem
2161 2425 2182 2463 :
2217 2413 2352 2466 venit
2379 2415 2517 2466 enim
2549 2423 2640 2467 tua
2671 2413 2796 2478 luat,
2830 2427 2875 2468 et
2911 2417 3083 2486 gloria
3113 2417 3328 2474 Domini
3393 2439 3552 2489 super

1987 2515 2036 2558 te
2070 2513 2188 2558 orta
2215 2513 2312 2558 est.
2341 2501 2476 2559 Ecce
2503 2506 2642 2559 enim
2662 2508 2884 2561 tenebrae
2918 2519 2964 2562 et
2993 2508 3161 2580 caligo
3185 2511 3377 2580 aperiet
3441 2523 3550 2567 ter-

1975 2612 2087 2650 ram
2117 2611 2274 2663 super
2305 2605 2499 2666 gentes.
2533 2593 2700 2666 Super
2729 2609 2777 2651 le
2827 2610 2999 2653 autem
3039 2602 3306 2670 apparebit
3361 2602 3550 2660 Domin

1977 2695 2162 2755 uus,et
2194 2687 2362 2758 gloria
2391 2687 2506 2756 ejus
2536 2689 2590 2742 in
2622 2697 2671 2742 te
2698 2688 2980 2745 videbitur.
3013 2691 3078 2744 Et
3102 2691 3442 2750 ambulabunt
3468 2712 3550 2750 re‘

1978 2796 2065 2850 ges
2099 2780 2152 2833 in
2187 2778 2301 2834 luce
2323 2789 2436 2845 tua,
2470 2789 2520 2834 et
2550 2791 2724 2850 gentes
2747 2783 2802 2834 in
2841 2775 3116 2852 splendore
3141 2791 3251 2840 tuo.

2047 2863 2281 2926 Perinde
2295 2884 2359 2926 ac
2381 2870 2427 2925 si
2455 2873 2764 2940 promissio,
2799 2871 2868 2927 de
2883 2875 3150 2930 servando
3170 2875 3297 2931 olim
3318 2868 3541 2944 lsraelc,

1988 2961 2113 3016 data
2149 2968 2316 3029 esset,
2341 2963 2578 3018 essultat
2606 2963 3004 3032 quodammodo
3036 2967 3120 3021 hic
3150 2967 3306 3024 nobis
3331 2973 3554 3040 prophe-

1984 3051 2088 3108 tica
2126 3053 2324 3108 oratio.
2359 3051 2496 3108 Nam
2521 3063 2730 3110 tantum
2773 3067 2880 3111 non
2948 3066 3142 3128 magno
3199 3058 3436 3117 clamore
3497 3059 3550 3116 in

291 3134 570 3228 μονονουχὶ
602 3155 709 3225 γάρ
735 3151 978 3224 μεγάλην
1008 3151 1178 3223 αἴρων
1205 3149 1284 3212 εἰς
1309 3146 1442 3218 ὕψος
1463 3148 1561 3218 τὴν
1589 3145 1718 3217 βοὴν
1744 3146 1863 3198 ἐπι-

1976 3144 2140 3199 altum
2199 3145 2433 3213 sublato,
2507 3154 2756 3203 resduat:
2793 3165 2813 3199 ι
2881 3147 3212 3216 "luminare,
3275 3152 3551 3223 inquiens.

289 3249 624 3318 φθέγγεταιο
682 3262 702 3297 ‹
739 3242 1000 3308 Φωτίζου,
1061 3239 1320 3308 φωσίζου,
1361 3238 1555 3307 λέγων,
1601 3237 1724 3306 ἥκει
1760 3233 1870 3306 γάρ

292 3360 384 3397 σου
411 3339 471 3394 τδ
497 3339 632 3409 φῶς.
673 3356 692 3391 ι
721 3335 821 3391 'AB
831 3352 911 3406 ρει
944 3335 1000 3388 δὲ
1025 3335 1173 3397 ὅπως
1201 3332 1307 3404 πρό
1327 3349 1389 3401 γε
1411 3329 1520 3384 τῶν
1545 3329 1720 3383 ἀλλων
1757 3329 1870 3391 τοῖς

288 3432 349 3499 ἐξ
387 3429 602 3502 Ἰσραὴλ
631 3425 1025 3498 ὲκνεμηθέντος
1047 3423 1197 3496 παρά
1213 3422 1348 3477 Θεοῦ
1377 3418 1474 3476 τοῦ
1502 3419 1646 3474 θείου
1669 3419 1866 3488 φωτὸς,

285 3524 440 3595 δῆλον
467 3523 523 3577 δὲ
551 3523 633 3576 ὅτι
667 3519 763 3574 τοῦ
793 3519 882 3572 διά
908 3515 1171 3590 Χριστοῦ,
1195 3515 1277 3580 τὸ,
1298 3516 1422 3586 ἥκει
1457 3530 1550 3568 σου
1568 3512 1630 3566 τὸ
1664 3510 1802 3580 φῶς,
1842 3513 1870 3563 6

288 3616 572 3686 προφήτης
634 3611 796 3682 φησὶ,
841 3609 1123 3682 μονονουχὶ
1183 3606 1425 3679 παρόντα
1468 3601 1868 3658 καταδεικνύων

287 3708 470 3768 αὐτοῖς
525 3705 617 3755 τὸν
669 3703 840 3755 παλαι
912 3701 1010 3769 μὲν
1055 3699 1146 3752 διὰ
1195 3699 1380 3769 νόμου,
1439 3697 1531 3750 καὶ
1574 3693 1870 3767 προφητῶν

291 3794 461 3862 ἁγίων
513 3789 1038 3861 προαπηγγελμένον
1067 3826 1083 3849 ,
1122 3787 1508 3857 ὲπιλάμψαντα
1538 3786 1595 3838 δὲ
1637 3788 1748 3847 τοῖς
1776 3783 1870 3837 ἐπὶ

294 3885 396 3954 γῆς
443 3884 498 3934 ἐν
544 3879 793 3951 ἐσχάτοις
823 3876 916 3930 τοῦ
964 3877 1159 3938 αἰῶνος
1197 3877 1404 3946 καιροῖς
1459 3873 1597 3944 μετὰ
1648 3873 1865 3943 σαρκός.

292 3975 459 4041 Δόξαν
486 3971 543 4028 δὲ
573 3973 778 4044 Κυρίου
804 3969 895 4023 τὸν
921 3967 1250 4036 ἐπιφανέντα
1267 3967 1452 4037 φησιν,
1478 3963 1716 4018 ἀνέτειλε
1740 3963 1847 4032 γὰρ

291 4060 379 4120 οἷά
419 4083 502 4128 τις
522 4063 674 4135 ἥλιος
701 4061 730 4113 6
757 4059 990 4129 Χριστὸς
1017 4057 1154 4127 φωτὶ
1182 4055 1258 4126 τῷ
1293 4056 1422 4126 θείῳ
1455 4055 1548 4108 καὶ
1575 4053 1751 4125 νοητῷ
1776 4071 1872 4106 πε-

296 4157 682 4231 ριαστράπτων
711 4153 781 4206 τὰ
814 4150 1126 4222 σύμπαντα,
1154 4147 1369 4218 καὶτῆς
1394 4144 1629 4217 ἀληθοῦς
1649 4145 1872 4212 θεογνω-

294 4252 414 4313 σίας
445 4248 654 4311 καθιεὶς
677 4246 776 4318 τὴν
802 4243 995 4313 αἴγλην
1026 4244 1139 4304 τοῖς
1160 4238 1526 4310 έτοιμοτέροις
1556 4237 1635 4299 είς
1666 4237 1866 4291 πίστιν.

296 4342 451 4395 Ἐστι
472 4340 528 4394 δὲ
553 4339 647 4392 καὶ
661 4337 786 4404 δόξα
806 4334 901 4388 τοῦ
921 4332 1076 4397 Θεοῦ,
1095 4331 1190 4385 καὶ
1213 4329 1443 4401 Πατρός.
1461 4330 1550 4382 Ἔν
1573 4327 1723 4399 αὐτῷ
1741 4327 1869 4397 γὰρ,

293 4433 386 4486 καὶ
418 4426 487 4483 δι’
521 4426 709 4493 αὑτοῦ,
735 4427 828 4480 καὶ
868 4425 963 4478 σὺν
990 4421 1142 4494 αύτῷ
1168 4420 1469 4485 δοξάζεται.
1504 4419 1794 4488 Ζωγραςρεῖ
1817 4416 1873 4470 δὲ

291 4523 482 4592 ὥσπερ
503 4523 560 4574 ὲν
587 4518 694 4590 ἰδίᾳ
724 4517 883 4587 φύσει
915 4515 1008 4568 τὸν
1036 4513 1264 4567 τεκόντα
1285 4510 1469 4564 αὐτόν.
1502 4509 1614 4562 Καὶ
1647 4509 1876 4578 ἐπείπερ
1909 4505 1952 4560 Ι)

293 4613 613 4680 ἐγνώκαμεν
643 4611 731 4662 τὸν
766 4608 914 4670 Υἰὸν,
947 4605 1254 4675 τεθεάμεθα
1285 4601 1341 4655 δὲ
1389 4601 1457 4656 δι’
1493 4600 1658 4654 αὑτοῦ
1693 4617 1752 4654 τε
1781 4599 1875 4653 καὶ

296 4706 353 4757 ἐν
379 4703 524 4773 αὐτῷ
556 4702 656 4773 τὴν
690 4699 1083 4771 μεγαλειότητα
1112 4694 1206 4750 τοῦ
1230 4695 1462 4765 Πατρδς,
1496 4694 1589 4746 καὶ
1612 4693 1709 4762 τὴν
1734 4694 1876 4745 ἀπα-

297 4793 563 4866 ράϐλητον
584 4791 762 4854 δόξαν,
799 4792 894 4844 καὶ
921 4790 1029 4842 τῶν
1059 4786 1380 4859 θεοπρεπῶν
1420 4786 1746 4857 ἀξιωμάτων
1777 4785 1876 4855 τὴν

296 4884 593 4954 ὑπεροχήν.
636 4880 744 4933 Καὶ
803 4879 933 4947 γοῦν
977 4879 1080 4950 ἔφη
1135 4895 1237 4931 που
1293 4875 1557 4947 Χριστός·
1608 4896 1626 4928 ι
1666 4875 1870 4946 Πάτερ,

293 4973 516 5039 δόξασόν
541 4989 632 5024 σου
664 4971 755 5024 τὸν
783 4971 927 5033 Υἱον,
958 4969 1044 5022 ἵνα
1074 4969 1166 5022 καὶ
1186 4971 1216 5021 6
1245 4968 1369 5032 Υἱός
1399 4982 1491 5021 σου
1517 4966 1718 5038 δοξάσῃ
1756 4984 1866 5020 σε.»

301 5064 477 5137 Ὤφθη
511 5064 690 5118 τοίνυν
720 5064 927 5134 ένὴμῖν
965 5063 1000 5133 ἦ
1035 5061 1162 5126 δόξα
1189 5060 1284 5114 τοῦ
1320 5060 1457 5113 Θεοῦ
1502 5061 1598 5114 καὶ
1640 5060 1876 5131 Πατρὸςν

297 5151 416 5209 εἶτα
441 5155 552 5207 τῶν
580 5153 758 5207 ἄλλων
783 5153 1044 5204 ἁπάντων
1091 5149 1259 5203 ἐθνῶν
1288 5149 1592 5221 ἀποκρίνας
1629 5149 1722 5202 τὸν
1772 5151 1879 5202 ἰσ-

301 5247 458 5319 ραὴλ,
509 5246 584 5311 ὡς
631 5247 924 5318 ἐξαιρέτως
979 5246 1342 5318 τετιμημένον
1385 5247 1539 5316 παρά
1589 5244 1746 5307 Θεοῦ,
1784 5243 1879 5298 καὶ

1977 3231 2324 3292 illuminare:
2352 3237 2499 3292 venit
2549 3237 2692 3294 enim
2746 3248 2837 3293 tua
2871 3237 2982 3293 lux.
3019 3259 3038 3292 ›
3069 3236 3306 3296 Observa
3369 3254 3551 3300 autem

1974 3341 2086 3394 prae
2115 3327 2258 3391 aliis,
2289 3327 2414 3381 data
2444 3324 2705 3382 lsraelilis
2754 3342 2783 3380 a
2837 3319 2952 3384 Deo
3001 3328 3182 3384 divina
3255 3331 3395 3398 luce,
3456 3348 3555 3402 per

1978 3416 2255 3471 Christum
2288 3417 2567 3483 videlicet,
2603 3419 2922 3488 pr0phclam
2982 3421 3196 3477 dicere:
3257 3417 3416 3480 Venit
3465 3435 3555 3480 tua

1974 3509 2336 3575 lttxrtantum
2370 3525 2475 3565 non
2507 3523 2828 3580 praesentem
2875 3524 2995 3567 esse
3052 3514 3345 3571 ostendens
3401 3531 3552 3580 etnn,

1977 3604 2067 3670 qui
2099 3601 2228 3656 olim
2259 3603 2311 3657 in
2337 3602 2456 3674 lege
2485 3615 2540 3658 et
2575 3619 2604 3656 a
2634 3603 2840 3659 sanctis
2865 3605 3144 3674 prophetis
3163 3609 3554 3676 pmnuntiatus

1977 3705 2084 3758 cst,
2126 3694 2328 3764 quique
2365 3693 2416 3747 in
2445 3709 2612 3749 carne
2634 3695 2924 3764 postremis
2981 3696 3164 3751 δαιτυΙί
3225 3699 3557 3768 temporibus

1977 3785 2149 3838 illuxit
2177 3783 2514 3840 mortalibus.
2540 3782 2814 3855 Vocalque
2844 3801 2964 3841 eum
3020 3789 3109 3856 qui
3139 3791 3410 3859 apparuit,
3452 3789 3557 3862 glo-

1977 3878 2110 3930 riam
2158 3875 2392 3930 Domini.
2417 3875 2582 3931 Ortus
2608 3877 2752 3931 enim
2783 3888 2864 3932 est
2886 3879 3137 3933 Christus
3166 3891 3424 3950 tanquam
3475 3885 3555 3937 sol

1977 3965 2342 4036 quidam,luce
2358 3963 2534 4021 divina
2555 3981 2620 4022 ac
2641 3967 3006 4037 intelligentiae
3019 3969 3338 4026 collustrans
3351 3975 3528 4028 omnia
3542 4017 3554 4038 ,

1977 4069 2031 4113 et
2057 4074 2198 4114 verte
2234 4058 2328 4114 Dei
2359 4058 2692 4130 cognitionis
2744 4059 3085 4130 splendorem
3126 4064 3554 4132 promptioribus

1976 4152 2042 4204 ad
2080 4150 2239 4206 ﬁdem
2302 4152 2730 4221 amplectendam
2783 4153 3100 4209 immittens.
3136 4155 3335 4225 Estque
3387 4156 3556 4226 gloria

1980 4243 2072 4298 Dei
2103 4255 2160 4299 et
2188 4242 2384 4300 Patris.
2416 4244 2473 4298 In
2504 4244 2622 4315 ipso
2643 4245 2780 4299 enim
2817 4257 2870 4300 ct
2901 4260 2994 4315 per
3023 4246 3198 4316 ipsum
3217 4256 3268 4301 et
3299 4263 3421 4302 cum
3441 4232 3592 4318 ipso‘

1977 4335 2327 4406 gloriﬁcatur.
2370 4333 2745 4407 Repraesentat
2781 4339 2924 4393 enim
2969 4349 3224 4409 tanquam
3267 4339 3319 4393 in
3339 4341 3558 4412 propria

1979 4438 2169 4480 natura
2218 4441 2339 4481 eum
2376 4429 2466 4497 qui
2504 4424 2677 4497 ipsum
2727 4431 2956 4499 peperit.
2991 4425 3055 4484 Et
3094 4440 3362 4499 quatenus
3408 4433 3560 4487 novi-

1984 4534 2102 4573 mus
2120 4517 2780 4590 Filium,coutemplamur
2793 4523 2956 4575 etiam
2991 4522 3272 4591 peripsum
3292 4531 3346 4577 et
3375 4523 3558 4594 inipso

1983 4609 2160 4665 Patris
2181 4609 2636 4679 magniﬁcentiam
2667 4619 2722 4666 et
2746 4611 3222 4682 incomparabilem
3255 4613 3424 4687 850
3443 4615 3559 4685 glo-

1985 4701 2156 4766 riam,
2193 4711 2245 4756 et
2272 4701 2468 4756 divinae
2501 4701 2841 4757 auctoritatis
2873 4703 3258 4773 dignitatisque
3291 4715 3556 4773 praestan-

1984 4793 2136 4846 tiam.
2153 4792 2430 4861 Siquidem
2451 4791 2697 4847 Cltristns
2713 4793 2905 4848 alicubi
2924 4795 3057 4850 dixit
3083 4813 3097 4850 :
3131 4814 3149 4843 ο
3186 4794 3365 4859 Pater,
3389 4795 3558 4867 glori-

1983 4881 2082 4935 ﬁca
2111 4890 2258 4935 tuum
2281 4877 2495 4948 Filium,
2525 4893 2584 4937 ut
2604 4878 2770 4939 Filius
2790 4893 2910 4939 tuus
2933 4885 3196 4955 gloriﬁcet
3225 4895 3279 4942 te
3301 4886 3402 4940 ⁸⁸.»
3434 4885 3555 4940 Visa

1983 4983 2070 5028 est
2091 4973 2274 5043 itaque
2298 4975 2352 5028 in
2377 4973 2709 5046 nobisgloria
2727 4975 2887 5032 Deiet
2910 4975 3110 5032 Patris.
3135 4976 3337 5033 Deinde
3365 4993 3554 5050 segre-

1985 5074 2112 5138 gato
2141 5067 2208 5122 ab
2240 5065 2361 5122 aliis
2387 5069 2642 5136 gentibus
2664 5069 2916 5125 omnibus
2945 5069 3165 5132 lsraele,
3195 5079 3253 5123 ut
3285 5069 3488 5125 eximie
3513 5085 3545 5124 a

1987 5159 2097 5213 Deo
2128 5158 2180 5212 in
2218 5159 2422 5214 honore
2466 5175 2530 5216 ac
2573 5162 2750 5232 pretio
2779 5163 2986 5228 habito,
3034 5171 3199 5232 utque
3229 5162 3347 5232 ejus
3404 5172 3558 5218 sorte

1983 5263 2045 5303 ac
2068 5245 2402 5315 haereditate,
2418 5266 2581 5322 porro
2611 5253 2851 5318 addit,et
2889 5254 3080 5324 inquit:
3122 5253 3292 5308 «Ecce
3321 5253 3558 5310 tenebrae

300 5338 496 5411 κλῆρον
522 5339 652 5393 ὄντα
679 5338 865 5401 αὐτοῦ,
903 5337 1262 5409 προσεπάγει,
1303 5339 1399 5392 καὶ
1440 5337 1604 5406 φησίν
1627 5353 1641 5366 ⁸
1682 5355 1701 5389 s
1743 5334 1869 5390 ’1δοῦ

1978 5348 2034 5394 et
2090 5339 2265 5410 caligo
2325 5342 2573 5411 operient
2634 5353 2832 5398 terram
2873 5355 3280 5415 supergentcs;
3312 5359 3475 5414 super
3506 5355 3560 5399 te

303 5431 494 5494 σκότος
543 5433 638 5486 καὶ
669 5431 866 5500 γνόφος
905 5431 1132 5499 καλύψει
1165 5430 1268 5502 γῆν
1307 5431 1395 5484 ἐπ’
1421 5429 1568 5499 ἔθνη.
1604 5429 1697 5482 ἐπὶ
1725 5428 1782 5482 δέ
1815 5440 1869 5480 σε

1981 5438 2159 5486 autem
2185 5427 2466 5500 apparebit
2493 5433 2771 5491 Dominus.
2787 5435 3048 5493 tNecluec
3059 5436 3212 5502 dicit,
3230 5435 3383 5506 quasi
3397 5434 3557 5491 Chri-

369 5607 414 5640 ⁶¹
447 5605 602 5662 Rom.
642 5623 698 5672 ι,
729 5605 882 5660 6-l0.
961 5606 1008 5636 ”
1046 5605 1200 5660 Joan.
1241 5617 1370 5669 μνη,
1408 5605 1458 5658 1.

370 5784 449 5854 (ί)
485 5783 693 5839 lltltul'r.
725 5783 899 5835 [σται.

658 5879 933 5939 Ρλτιιοι.
983 5878 1100 5939 (in.
1149 5877 1348 5937 LXX.
3091 5878 3166 5936 42
