4134 6302
626 333 652 353 {-
667 331 725 348 ﬁt-

626 336 652 353 ’γ
677 336 725 348 1—

597 336 613 387 |
643 354 728 387 mo

1619 323 1673 379 S.
1716 318 2000 379 CYRILLI
2038 318 2502 376 ALEXANURINI
2543 316 2857 374 ARCHIEP.

3705 312 3853 366 15Ξᾶ

592 455 677 501 sto
720 441 918 500 mundo
953 441 1316 509 illucescente,
1359 436 1594 495 tenebras
1631 451 1728 507 per
1804 444 1992 508 gentes
2060 435 2170 490 dis-

2278 433 2571 503 ιρανήσεται
2598 431 2819 501 Κύριος.
2865 449 2883 482 ι
2916 430 3029 483 Καὶ
3049 429 3147 500 οὐχ
3183 428 3258 491 ὡς
3295 426 3515 488 σκότους
3548 398 3857 495 μέλλοντος

594 537 834 609 sipaudae
861 541 1069 591 essent:
1129 542 1255 588 sunt
1320 531 1463 586 enim
1532 528 1811 585 illustratze
1866 528 2060 599 pOIitlS,
2114 535 2167 581 et

592 622 808 699 pristini
856 624 1060 680 erroris
1102 623 1366 693 tenebras
1392 621 1729 692 abiecerunt.
1765 622 1833 676 At
1883 620 1978 689 qui
2034 619 2168 679 divi-

605 734 727 772 nam
782 716 1121 785 Scripturam
1168 713 1503 785 interpretati
1538 724 1684 779 sunt,
1723 711 2026 781 promiscue
2057 709 2170 766 red-

595 812 728 864 dunt
775 823 916 879 saepe
948 818 1211 877 tempora.
1258 804 1444 875 Itaque
1480 820 1576 874 pro
1632 822 1650 855 ι
1687 802 1861 875 Tegit,
1895 820 1916 855 ο
1975 815 2168 872 posue-

595 909 723 959 runt
766 920 784 952 ε
816 899 1004 969 Teget.
1042 917 1061 950 ι
1099 898 1304 951 Verum
1365 907 1446 950 est
1468 895 1614 949 enim
1638 893 1856 949 Christo
1896 908 2005 964 prae
2052 892 2171 946 aliis

602 993 858 1047 illucente
908 985 1194 1052 lsraeiitis,
1228 989 1500 1042 detentum
1535 985 1700 1040 fuisse
1737 984 1984 1040 tenebris
2037 998 2169 1052 geu-

598 1085 729 1139 tium
791 1081 1228 1142 multitudinem,
1292 1079 1526 1133 nondum
1601 1078 1860 1133 translata
1911 1077 1964 1131 in
2026 1075 2171 1145 ipsas

597 1174 791 1248 gratia.
832 1172 973 1229 Ecce
1002 1172 1188 1242 igitur,
1224 1164 1417 1239 inquit,
1460 1172 1676 1225 obtecta
1707 1178 1792 1223 est
1831 1165 2073 1222 tenebris
2118 1172 2172 1219 et

598 1268 846 1338 caligine,
881 1264 1233 1335 ignoratiouis
1305 1262 1513 1316 scilicet
1564 1269 1617 1314 et
1666 1258 1891 1319 erroris,
1925 1256 2205 1311 universa‘

603 1366 743 1410 terra
772 1355 1032 1425 gentium.
1062 1350 1236 1420 Super
1268 1359 1318 1404 te
1344 1360 1524 1403 autem
1558 1348 1835 1417 apparebit
1864 1346 2127 1401 Dominus
2151 1360 2166 1409 ;

599 1448 776 1503 illuxit
804 1446 970 1510 enim,
1002 1453 1061 1497 ut
1090 1443 1225 1507 dixi,
1272 1440 1377 1495 illis
1411 1448 1465 1493 et
1535 1440 1751 1510 quidem
1803 1438 2057 1508 primum,
2121 1444 2175 1489 et

599 1540 767 1613 gloria
837 1539 953 1604 ejus
1021 1534 1131 1587 visa
1181 1541 1285 1596 est,
1351 1530 1545 1584 eximia
1602 1529 1973 1598 magnitudine
2046 1540 2176 1601 ope-

601 1646 741 1694 rum,
793 1627 1069 1696 signorum
1164 1631 1219 1677 et
1273 1621 1523 1693 prodigii.
1590 1619 1743 1692 Apud
1793 1634 1886 1675 eos
1920 1618 2178 1689 ’namque

598 1718 857 1776 miracula
890 1715 1078 1780 edidit,
1134 1714 1384 1783 utDeus,
1421 1713 1614 1783 partim
1653 1710 1891 1767 moi'tuos
1925 1726 1955 1766 a
1985 1727 2175 1767 monu-

2270 520 2729 577 κατασκίδνασθαι
2758 520 2866 574 τῶν
2891 518 3062 573 ἐθνῶν
3108 517 3515 589 ἐπιλάμψαντος
3548 515 3626 586 τῷ
3656 515 3857 585 κόσμῳ

2270 610 2531 686 Χριστοῦ,
2558 615 2628 666 τὰ
2653 610 2829 666 τοιάδε
2887 610 3021 682 φησὶ
3045 649 3060 673 ,
3093 600 3476 678 κατεφωτίσθη
3507 607 3566 660 δέ
3623 607 3852 679 μᾶλλον,

2270 707 2363 761 καὶ
2407 708 2498 759 τὸν
2555 705 2654 775 τῆς
2706 703 2941 775 ἀρχαίας
2992 702 3205 772 ἀπάτης
3253 700 3599 771 ἀποϐέϐληκε
3636 701 3856 754 σκότον.

2285 795 2664 869 Ἀδιαφοροῦσι
2722 796 2779 849 δέ
2814 795 3129 857 πλειστάκις
3181 793 3309 866 περὶ
3346 792 3446 863 τὴν
3485 792 3595 845 τῶν
3641 792 3862 863 χρόνων

2270 891 2524 945 ἀπόδοσιν
2553 891 2602 943 οί
2634 888 2733 960 τὴν
2765 888 2915 942 θείαν
2951 885 3440 960 διερμηνεύσαντες
3468 885 3720 956 Γραφήν.
3755 885 3863 937 Τε-

2272 981 2482 1035 θείκασι
2511 981 2711 1047 τοίνυν,
2731 979 2852 1035 ἀντὶ
2878 979 2972 1033 τοῦ
3000 997 3019 1032 t
3046 978 3332 1045 καλύπτει,
3367 995 3388 1029 ι
3406 975 3467 1030 τὸ
3512 995 3531 1028 ι
3560 976 3856 1045 καλύψει.»

2286 1074 2509 1145 ’Δληθές
2538 1074 2647 1144 γὰρ
2677 1074 2758 1127 ὅτι
2792 1072 2887 1127 καὶ
2920 1069 3325 1141 ἐπιλάμψαντος
3350 1066 3445 1123 τοῦ
3475 1067 3737 1140 Χριστοῦ,
3761 1069 3863 1121 καὶ

2271 1165 2379 1238 πρό
2415 1183 2481 1235 γε
2521 1164 2630 1220 τῶν
2668 1164 2841 1220 ἄλλων
2873 1166 2985 1227 τοῖς
3032 1163 3092 1230 ἐξ
3148 1160 3383 1234 Ἰσραὴλ,
3434 1160 3514 1215 ἐτι
3541 1158 3864 1230 κεκράτητο

2274 1257 2451 1329 σκότῳ
2486 1255 2594 1310 τῶν
2646 1255 2815 1310 ἐθνῶν
2852 1257 2887 1327 ή
2940 1253 3172 1326 πληθὺς,
3227 1251 3380 1306 οὔπω
3422 1250 3862 1322 μετατιθεμένης

2272 1350 2359 1401 ἐπ’
2388 1350 2530 1403 αὐτὰ
2564 1349 2659 1419 τῆς
2689 1349 2929 1420 χάριτος.
2947 1346 3078 1400 Ἰδοὺ
3105 1344 3307 1410 τοίνυν,
3326 1343 3481 1415 φησὶ,
3509 1341 3861 1396 κεκάλυπται

2276 1440 2451 1509 σκότῳ
2484 1441 2578 1494 καὶ
2602 1440 2785 1511 γνόφῳ
2804 1483 2818 1507 ,
2844 1440 2942 1509 τῆς
2975 1435 3213 1508 ἀμαθίας
3232 1436 3495 1508 δηλονότι,
3528 1433 3624 1488 καὶ
3646 1433 3726 1504 τῷ
3753 1434 3861 1502 τῆς

2274 1534 2505 1604 πλάνης,
2533 1535 2567 1605 ἡ
2593 1534 2664 1605 γῆ
2701 1534 2853 1588 πᾶσα
2883 1531 2991 1586 τῶν
3024 1531 3215 1595 ἐθνῶν,
3254 1529 3348 1583 ἐπὶ
3373 1528 3430 1582 δέ
3457 1528 3519 1581 σὲ
3546 1527 3859 1597 φανήσεται

2274 1624 2502 1697 Κύριος,
2538 1623 2819 1695 ἐπέλαμψε
2848 1622 2980 1695 γὰρ,
3000 1622 3075 1686 ὡς
3108 1618 3474 1692 ἓφην,αύτοῖς,
3499 1617 3594 1671 καὶ
3619 1616 3861 1689 πρώτως

2275 1716 2432 1788 ὤφθη
2460 1733 2519 1770 τε
2548 1717 2730 1780 αὐτοῖς
2759 1717 2793 1786 ἡ
2824 1714 2951 1780 δόξα
2980 1712 3168 1776 αὑτοῦ,
3202 1711 3289 1769 διὰ
3312 1711 3414 1781 τῆς
3442 1709 3729 1780 ἐξαιρέτου
3758 1725 3861 1779 με-

598 1812 797 1868 tuentis
833 1808 1136 1866 suscitans:
1183 1805 1379 1875 partim
1456 1818 1720 1860 caecorum
1779 1802 1951 1859 oculis
1996 1802 2177 1857 lumen

2278 1806 2628 1878 γαλουργίας,
2658 1807 2751 1860 καὶ
2781 1805 3059 1878 σημείων,
3101 1803 3196 1858 καὶ
3246 1803 3510 1874 τεράτων.
3559 1801 3859 1871 Τεθαυμα-

598 1903 916 1965 immittens,
959 1897 1199 1969 leprosos
1228 1894 1527 1949 emundans
1561 1902 1724 1962 nutu,
1767 1895 2039 1950 daemones
2092 1893 2176 1949 in-

600 2008 826 2064 crepans
850 2006 972 2046 cum
1019 1989 1362 2051 auctoritate,
1380 1996 1435 2041 et
1469 1985 1676 2039 nullum
1703 1984 1924 2039 omnino
1958 1984 2175 2038 modum

594 2084 1042 2157 praetermittens,
1092 2080 1159 2134 ad
1218 2078 1374 2133 ﬁdem
1444 2076 1771 2157 faciendam,
1850 2075 2178 2146 persuaden-

602 2181 835 2247 dumque
860 2190 918 2230 se
937 2187 1063 2228 vere
1081 2171 1245 2226 Deum
1263 2185 1406 2236 esse,
1433 2177 1487 2224 et
1507 2169 1597 2223 Dei
1630 2148 1928 2223 naturalem
1956 2165 2174 2221 Filium.

605 2291 625 2321 ι
656 2271 722 2325 Et
754 2265 1123 2328 ambulabunt,
1160 2263 1352 2333 inquit,
1386 2275 1541 2332 reges
1575 2260 1627 2315 in
1656 2260 1774 2315 luce
1818 2268 1929 2325 tua,
1961 2268 2014 2314 et
2053 2272 2182 2329 gen-

603 2373 685 2416 tes
718 2360 770 2415 iu
806 2357 1091 2430 splendore
1145 2366 1253 2409 tuo.
1295 2372 1315 2406 s
1377 2352 1629 2408 Adnectit
1677 2351 1874 2407 iterum
1902 2349 2178 2427 propheta

602 2450 893 2509 visitationi
950 2446 1316 2504 Israelitarum
1407 2445 1644 2516 gentium
1712 2445 2085 2512 vocationem,
2122 2455 2180 2499 ut

601 2543 840 2603 videant,
892 2537 935 2593 si
966 2544 1314 2592 contemnant
1342 2535 1439 2605 ipsi
1499 2548 1595 2589 sua
1657 2534 2016 2589 inobedientia
2075 2533 2181 2589 Re-

602 2638 959 2701 demptorem,
1015 2635 1070 2682 et
1104 2624 1351 2680 resiliant
1416 2625 1484 2679 ab
1531 2625 1649 2694 ejus
1698 2623 2007 2691 dilectione,
2057 2640 2177 2678 cum

599 2725 797 2795 capitis
845 2723 925 2778 sui
953 2720 1173 2776 interitu
1221 2734 1280 2775 se
1317 2732 1420 2771 non
1468 2716 1584 2772 fore
1635 2714 1949 2771 destitutum
2009 2716 2182 2772 culto-

605 2818 775 2880 ribus,
806 2813 899 2870 sed
927 2820 1117 2882 gentes
1151 2809 1328 2879 potius
1357 2816 1412 2862 et
1438 2821 1592 2877 reges
1638 2821 1736 2877 per
1797 2808 1955 2861 tidem
2009 2807 2180 2865 addu-

603 2921 838 2964 cturum.
878 2903 937 2960 In
969 2902 1251 2972 splendore
1301 2900 1443 2953 enim
1502 2900 1627 2953 dato
1691 2898 1807 2963 tibi,
1862 2898 2060 2968 inquit,
2126 2899 2178 2954 id

605 3005 710 3060 est,
732 2994 786 3048 in
812 2991 1169 3047 illustrations
1195 3005 1290 3060 per
1318 2986 1616 3053 Christum,
1652 2986 2004 3043 ambulabunt
2028 3002 2180 3058 reges

606 3099 661 3143 et
702 3094 908 3158 gentes.
954 3084 1152 3151 Atquo
1183 3079 1586 3135 ambulabunt?
1637 3079 1704 3134 ad
1745 3079 1971 3135 salutem
2033 3080 2180 3136 vide-

2275 1900 2546 1973 τούργηκε
2575 1900 2683 1972 γὰρ
2700 1899 2775 1963 ὡς
2801 1897 2932 1962 Θεὸς
2952 1900 3078 1970 παρ’
3106 1897 3308 1960 αὐτοῖς,
3323 1894 3483 1949 τοῦτο
3502 1894 3601 1964 μὲν
3624 1894 3862 1966 νεκροὺς

2275 1991 2499 2055 ἀνιστὰς
2526 1993 2591 2044 ἐκ
2627 1989 2943 2063 μνημάτων,
2975 1989 3132 2043 τοῦτο
3152 1987 3210 2041 δὲ
3231 1987 3447 2057 τυφλῶν
3475 1985 3779 2055 ὀφθαλμοῇ
3797 1985 3863 2039 τὸ

2277 2082 2393 2154 φῶς
2423 2082 2620 2149 ἐνιεὶς,
2674 2082 2909 2154 λεπροὺς
2934 2080 3278 2153 ἐκκαθαίρων
3319 2079 3569 2147 νεύματι,
3602 2078 3863 2147 δαίμοσιν

2276 2173 2621 2246 ἐπιπλήττων
2666 2174 2783 2245 μετ’
2830 2173 3097 2239 ἐξουσίας,
3154 2173 3247 2228 καὶ
3281 2170 3621 2238 ἁπαξαπλῶς
3661 2169 3861 2224 οὐδένα

2275 2265 2477 2338 τρόπον
2504 2266 2684 2335 ἀφεὶς,
2706 2264 2764 2329 ὃς
2783 2260 2851 2337 ἦν
2882 2264 3064 2329 ἱκανὸς
3090 2266 3169 2328 είς
3198 2261 3593 2336 πληροφορίαν,
3617 2262 3701 2316 δτι
3723 2261 3861 2324 Θεός

2278 2357 2396 2410 ἐστι
2433 2355 2575 2410 κατὰ
2601 2355 2879 2426 ἀλήθειαν,
2933 2354 3029 2410 καὶ
3058 2352 3193 2408 Θεοῦ
3227 2352 3321 2407 τοῦ
3345 2351 3488 2406 κατὰ
3516 2349 3679 2420 φύσιν
3708 2349 3857 2411 Υἱός.

2283 2463 2303 2498 r
2340 2445 2703 2516 Πορεύσονται
2743 2446 2818 2510 δὲ,
2852 2446 3007 2517 φησὶ,
3040 2443 3276 2517 βασιλεῖς
3312 2442 3389 2515 τῷ
3428 2440 3571 2513 φωτί
3611 2458 3733 2502 σου,
3760 2439 3860 2493 καὶ

2278 2538 2404 2609 ἔθνη
2433 2540 2499 2609 τῇ
2533 2536 2876 2609 λαμπρότητί
2911 2553 3026 2590 σου.
3066 2556 3084 2588 ι
3125 2535 3397 2590 Συνάπτει
3444 2532 3614 2588 πάλιν
3656 2533 3686 2586 δ
3723 2548 3859 2600 προ-

2279 2633 2456 2701 φήτης
2494 2630 2559 2698 τῇ
2591 2627 2873 2698 ἐπισκέψει
2928 2626 3034 2681 τῶν
3087 2627 3146 2694 ἐξ
3206 2625 3442 2696 Ἰσραὴλ,
3499 2625 3597 2679 καὶ
3622 2625 3727 2699 τὴν
3752 2626 3860 2681 τῶν

2279 2720 2450 2775 ἐθνῶν
2472 2718 2686 2790 κλῆσιν,
2718 2719 2785 2775 ἵν’
2811 2719 3017 2784 είδοῖεν,
3043 2720 3125 2774 ὅτι
3149 2719 3250 2773 κᾶν
3273 2721 3393 2782 ταῖς
3411 2718 3729 2784 ἅπειθείαις
3752 2722 3861 2772 ἀτι-

2283 2810 2526 2881 μάσωσιν
2549 2809 2703 2865 αὐτοὶ
2734 2809 2825 2863 τὸν
2849 2809 3164 2881 Λυτρωτὴν,
3191 2809 3284 2863 καὶ
3313 2809 3740 2879 ἁποπηδήσειαν
3770 2809 3866 2876 τῆς

2281 2904 2360 2968 είς
2393 2901 2553 2955 αὐτὸν
2582 2900 2823 2972 ἀγάπης,
2859 2902 2945 2956 ἐπ’
2988 2900 3195 2973 ὀλέθρῳ
3240 2900 3340 2971 τῆς
3373 2900 3557 2954 αὐτῶν
3592 2902 3857 2970 κεφαλῆς,

2279 2993 2484 3067 ἕρημος
2503 2993 2604 3047 οὐκ
2633 2994 2785 3046 ἐσται
2815 2993 3231 3063 προσκυνητιῖΝη
3269 2989 3601 3060 σαγηνεύσει
3626 2992 3685 3045 δὲ
3728 2993 3860 3063 μᾶλ-

2279 3083 2371 3140 λον
2396 3084 2483 3140 διὰ
2509 3085 2609 3154 τῆς
2627 3084 2881 3148 πίστεως,
2895 3083 3021 3155 ἐθνη
3044 3101 3103 3138 τε
3121 3083 3214 3138 καὶ
3240 3082 3499 3154 βασιλεῖς·
3515 3086 3585 3155 τῇ
3600 3083 3714 3156 γὰρ
3729 3089 3862 3155 λαμ·

604 3180 731 3234 licet
772 3192 867 3249 per
902 3175 1084 3239 ﬁdem,
1114 3171 1180 3226 ad
1214 3169 1504 3243 gloriosam
1538 3178 1592 3223 et
1661 3167 2037 3240 inculpabilem
2095 3170 2176 3224 vi-

2278 3177 2506 3251 πρότητι
2523 3178 2588 3248 τῇ
2600 3174 2814 3250 δοθείσῃ
2832 3191 2934 3240 σοι,
2950 3176 3105 3247 φησὶ,
3121 3175 3466 3247 τουτέστιτῷ
3490 3176 3767 3247 φωτισμῷ
3791 3175 3863 3245 τῷ

607 3280 734 3331 tam,
791 3265 857 3322 ad
910 3264 1188 3321 sciendum
1210 3271 1264 3317 et
1296 3260 1679 3326 conﬁtendum,
1711 3261 1832 3331 quis
1859 3271 2051 3317 natura
2106 3260 2177 3317 sit

603 3377 666 3417 ac
706 3374 833 3414 vere
896 3359 1271 3412 universorum
1310 3352 1538 3409 Creator
1577 3364 1631 3408 et
1690 3353 1904 3425 Opifex.
1966 3354 2174 3410 Adora—

606 3462 730 3508 runt
762 3463 995 3518 namque
1046 3455 1351 3502 creaturam
1388 3459 1499 3513 prae
1553 3443 1832 3509 Creatore,
1904 3455 1962 3500 et
2016 3446 2175 3517 lignis

604 3557 669 3595 ac
689 3538 950 3607 lapidibus
979 3535 1180 3590 cultum
1210 3532 1584 3588 exhibuerunt.
1618 3531 1722 3588 Sed
1762 3544 2065 3605 postquam,
2094 3537 2177 3590 in-

605 3631 742 3700 quit,
776 3628 894 3683 lucc
917 3626 1011 3680 tibi
1048 3624 1215 3698 851
1248 3626 1374 3679 data
1415 3622 1665 3679 illustrati
1699 3635 1847 3690 sunt,
1881 3628 2046 3682 etiam
2071 3627 2173 3698 ipsi

608 3717 967 3775 ambulabunt
1007 3726 1153 3772 recta
1195 3724 1250 3772 et
1275 3716 1423 3787 regia
1444 3716 1550 3784 via,
1579 3717 1645 3772 ad
1695 3717 1903 3773 nullum
1968 3719 2178 3775 obicem

605 3814 661 3866 in
692 3807 869 3863 medio
907 3806 1179 3876 iacentem
1236 3804 1618 3878 impingentes,
1648 3806 1742 3863 sed
1776 3816 1835 3862 ut
1901 3807 1957 3863 in
2031 3809 2178 3865 clara

607 3900 725 3956 luce
755 3908 810 3956 et
837 3897 945 3963 die,
980 3897 1321 3968 quantumvis
1351 3899 1528 3954 noctis
1556 3912 1620 3954 ac
1653 3892 1999 3956 tenebrarum
2058 3900 2177 3970 ﬁlii,

605 3989 786 4045 omnia
833 3985 1148 4043 offendicula
1179 3996 1683 4056 praetercurrentes.

2280 3269 2432 3341 παρὰ
2457 3266 2718 3340 Χριστοῦ,
2749 3267 3102 3339 πορεύσονται
3127 3267 3364 3340 βασιλεῖς
3417 3269 3515 3322 καὶ
3543 3267 3694 3340 ἐθνη.
3724 3270 3862 3341 Πορ-

2279 3363 2523 3417 εύσονται
2547 3360 2603 3416 δέ
2627 3362 2771 3427 ὃποι;
2794 3358 2888 3424 Είς
2909 3361 3007 3432 τὴν
3030 3360 3117 3417 διὰ
3138 3361 3371 3425 πίστεως
3388 3362 3662 3433 σωτηρίαν
3679 3361 3865 3431 δηλον-

2278 3452 2384 3517 ότι,
2423 3454 2503 3519 είς
2541 3452 2738 3506 εὐκλεᾶ
2765 3452 2861 3506 καὶ
2892 3452 3190 3523 ἀμώμητον
3223 3452 3388 3523 ζωὴν,
3436 3454 3518 3516 είς
3554 3452 3619 3506 τὸ
3659 3452 3869 3506 εἰδέναι

2281 3545 2377 3597 καὶ
2412 3542 2711 3614 ὁμολογεῖν,
2730 3542 2812 3607 τίς
2834 3545 2863 3598 ὁ
2896 3542 3055 3613 φύσει
3075 3544 3167 3598 καὶ
3194 3543 3412 3616 άληθῶς
3439 3546 3547 3597 ἐστι
3574 3542 3689 3598 τῶν
3716 3544 3869 3597 ὅλων

2279 3635 2666 3706 Γενεσιουργὸς
2701 3635 2797 3688 καὶ
2822 3635 3091 3708 τεχνίτης.
3128 3636 3491 3707 Προσεκύνουν
3517 3634 3612 3703 μὲν
3634 3633 3755 3702 γὰρ
3784 3637 3865 3705 τῇ

2278 3727 2451 3780 κτίσει
2475 3727 2626 3799 παρὰ
2649 3727 2740 3782 τὸν
2765 3727 3047 3792 κτίσαντα,
3074 3728 3172 3781 καὶ
3198 3727 3397 3793 ξύλοις,
3427 3727 3520 3781 καῖι
3536 3724 3713 3791 λίθοις
3765 3728 3869 3782 ἁνε-

2276 3816 2455 3887 ἧπτον
2489 3817 2551 3871 τὸ
2573 3818 2757 3882 σέϐας.
2792 3819 3012 3889 Ἐπειδὴ
3033 3818 3091 3875 δέ
3120 3820 3198 3891 τῷ
3215 3818 3419 3873 δοθέντι
3440 3835 3524 3872 σοι
3547 3819 3692 3888 φωτὶ
3732 3837 3868 3874 κατ-

2273 3908 2758 3981 ελαμπρύνθησαν,
2805 3908 2900 3964 καὶ
2951 3911 3125 3975 αὐτοὶ,
3159 3910 3313 3981 φησὶ,
3366 3908 3731 3983 πορεύσονται
3767 3912 3866 3981 τὴν

2273 3997 2493 4053 εὐθεῖαν
2515 4001 2608 4054 καὶ
2632 3998 2915 4072 βασιλικὴν
2934 4001 3076 4067 ὁδὸν,
3101 4001 3276 4056 οὐδενὶ
3296 4001 3736 4072 προσπταίοντες
3755 4002 3865 4056 τῶν

604 4081 692 4134 διὰ
723 4079 888 4158 μέσου
937 4079 1225 4148 κειμένων,
1280 4077 1395 4132 ἀλλ’
1424 4079 1500 4144 ὼς
1538 4082 1596 4134 ὲν
1660 4081 1827 4154 αὐτῇ,
1872 4083 1967 4138 καὶ
2012 4084 2220 4158 ἡμέρᾳ,
2292 4089 2470 4145 καίτοι
2514 4092 2748 4160 νυκτὸς,
2780 4093 2877 4146 καὶ
2907 4092 3133 4158 σκότους
3170 4092 3322 4157 ὄντες
3372 4093 3480 4148 υίοὶ
3505 4134 3521 4159 ,
3554 4096 3741 4150 πάντα
3795 4096 3865 4150 τά

608 4172 879 4231 σκάνδαλα
904 4170 1362 4244 παρατρέχοντες.

679 4267 841 4320 Vsus.
865 4264 987 4321 4-7.
1036 4262 1173 4319 Leva
1204 4265 1260 4318 in
1293 4265 1517 4319 circuitu
1554 4270 1733 4323 oculos
1778 4279 1917 4337 tuos,
1951 4278 2003 4326 et
2064 4270 2179 4327 vide
2209 4280 2254 4337 D

608 4366 948 4427 congregatos
994 4356 1183 4411 liberos
1223 4368 1361 4411 tuas.
1402 4355 1537 4413 Ecce
1569 4371 1814 4415 venerunt
1840 4362 1942 4431 filii
1998 4364 2079 4418 tui
2121 4364 2188 4419 de

607 4446 781 4511 longe,
816 4452 865 4497 et
899 4444 1025 4509 ﬁlia:
1056 4452 1160 4498 iure
1198 4460 1351 4510 super
1382 4446 1627 4502 humeros
1650 4451 2019 4519 portabuntur.
2039 4452 2184 4509 Tunc

609 4532 829 4594 videbis,
858 4544 903 4585 et
935 4531 1159 4599 timebis,
1199 4543 1246 4586 et
1272 4534 1500 4601 stupebis
1549 4538 1724 4604 corde,
1779 4540 1904 4609 quia
1960 4539 2186 4611 transfe-

609 4630 793 4676 rentur
820 4622 888 4675 ad
914 4632 963 4676 te
989 4622 1188 4676 divitia:
1226 4625 1389 4678 maris
1433 4633 1480 4679 ct
1501 4632 1755 4697 gentium,
1778 4640 1826 4685 et
1848 4631 2179 4698 populorum,

609 4726 657 4770 et
692 4715 895 4770 venient
926 4717 995 4767 ad
1034 4725 1086 4767 te
1116 4731 1292 4785 greges
1324 4716 1662 4781 camelorum,
1684 4729 1732 4772 et
1765 4721 1994 4787 operient
2028 4731 2077 4776 te
2096 4737 2186 4776 ca-

610 4807 733 4860 meli
774 4805 1011 4860 Madiam
1045 4817 1090 4860 et
1120 4804 1345 4876 Gephar.
1392 4806 1581 4863 Omnes
1629 4814 1691 4862 de
1737 4807 1913 4865 Sabba
1960 4816 2185 4881 venient,

611 4891 830 4959 ferentes
848 4905 1037 4942 aurum
1067 4899 1115 4943 et
1150 4891 1289 4956 thus,
1318 4890 1483 4958 ferent
1519 4900 1569 4946 et
1603 4893 1829 4962 lapidem
1868 4899 2183 4966 pretiosum,

611 4991 660 5033 et
691 4982 924 5033 salutare
943 4978 1156 5034 Domini
1178 4983 1586 5036 annuntiabunt.
1619 4983 1685 5037 Et
1714 5002 1886 5040 omnes
1912 5004 2025 5042 oves
2079 4988 2178 5044 Ce-

611 5068 711 5121 dar
734 5069 1185 5138 congregabantur
1216 5074 1285 5123 ad
1316 5080 1384 5133 te,
1417 5082 1464 5125 et
1496 5074 1680 5127 arietes
1712 5072 1956 5131 Nabeoth
1985 5080 2181 5132 venient

613 5160 682 5212 ad
716 5169 786 5227 te,
815 5171 863 5215 et
893 5161 1175 5229 amarentur
1203 5164 1542 5232 acceptabilia
1571 5182 1727 5235 super
1795 5184 1945 5223 aram
1992 5186 2177 5236 nteant,

612 5260 662 5303 et
686 5250 874 5305 domus
909 5247 1159 5307 orationis
1192 5268 1320 5308 metu
1350 5256 1754 5323 glori/imbitur.

687 5530 977 5596 Aptissime
1011 5542 1066 5587 et
1096 5536 1491 5604 sapientissime
1521 5538 1825 5607 disponitur
1872 5541 1986 5594 haec
2054 5555 2179 5596 ora-

2348 4267 2528 4340 'Apor
2548 4271 2755 4338 κύκλῳ
2774 4270 2915 4338 τοὺς
2949 4272 3298 4342 ὀφθαλμούς
3318 4286 3459 4340 σου,
3481 4277 3582 4329 καὶ
3604 4278 3699 4332 τδε
3727 4296 3864 4335 συν-

2280 4360 2511 4432 ηγμένα
2564 4361 2638 4416 τὰ
2675 4362 2859 4417 τέκνα
2900 4378 3044 4420 σου.
3117 4363 3263 4419 Ἰδοὺ
3309 4364 3497 4433 ﬁxam
3542 4368 3770 4437 πάντες
3808 4374 3862 4426 οι

2281 4454 2402 4507 υἱοί
2449 4469 2565 4508 σου
2616 4455 2937 4523 μακρόθεν,
2989 4455 3092 4510 καὶ
3141 4458 3202 4510 αι
3238 4457 3559 4528 θυγατέρες
3603 4476 3723 4515 σου
3767 4462 3859 4516 ἐπ’

2280 4542 2452 4612 ὤμων
2510 4543 2910 4611 ἀρθήσονταν
2966 4545 3102 4599 τότε
3157 4544 3314 4615 ὄψει,
3365 4547 3464 4601 καὶ
3512 4549 3859 4619 φοϐηθήση.

2282 4634 2559 4702 ἐκστήσῃ
2591 4633 2663 4704 τῇ
2690 4635 2944 4704 διανοίᾳ,
2972 4636 3060 4690 ὅτι
3086 4637 3416 4706 μεταϐαλεῖ
3439 4641 3529 4706 εἰς
3568 4640 3648 4693 σὲ
3677 4640 3861 4695 πλοῦο

2286 4743 2386 4791 τος
2410 4727 2746 4793 θαλάσσης,
2772 4727 2869 4781 καί
2902 4726 3111 4795 ἐθνῶν,
3145 4729 3242 4783 καί
3281 4728 3468 4792 λαῶν,
3503 4731 3602 4785 καὶ
3639 4731 3861 4799 ἥξουσί

2284 4832 2382 4870 σοι
2415 4816 2622 4887 ἀγέλαι
2655 4817 2961 4886 καμήλων,
2992 4819 3090 4872 καί
3121 4820 3474 4888 καλύψουσί
3495 4838 3571 4875 σε
3605 4822 3863 4892 κάμηλοι

2284 4906 2519 4977 Μαδιάμ
2561 4909 2659 4962 καὶ
2700 4909 2921 4979 Γεφάρ.
2970 4910 3199 4978 Πάντες
3245 4912 3315 4964 ἐκ
3360 4909 3556 4967 Σαϐϐᾶ
3614 4913 3861 4981 ἥξουσι,

2287 4996 2558 5066 φέροντες,
2588 5000 2848 5068 χρυσίον
2877 5002 2976 5057 καί
3000 5002 3270 5065 λίϐανον,
3300 5003 3543 5057 οἴσουσι
3570 5005 3669 5058 καί
3687 5005 3868 5059 λίθον

2287 5089 2486 5156 τίμιον
2514 5090 2614 5160 (i),
2649 5090 2835 5145 καὶτὸ
2862 5092 3160 5162 σωτήριον
3190 5094 3411 5161 Κυρίου
3439 5094 3868 5165 εὺάγτελιοῦγ-

2286 5196 2383 5232 ται
2403 5196 2417 5212 ο
2453 5180 2552 5234 καὶ
2590 5181 2787 5236 πάντα
2815 5183 2886 5237 τὰ
2909 5184 3174 5250 πρόϐατα
3202 5181 3406 5251 Κηδὰρ
3430 5183 3869 5253 συναχθήσον-

2286 5271 2385 5324 ταί
2413 5286 2533 5334 σοι,
2557 5271 2651 5325 καί
2677 5276 2730 5325 οὶ
2759 5272 2910 5341 κριοὶ
2944 5271 3211 5328 Ναϐαιὼθ
3238 5272 3463 5340 ἥξουσί
3491 5288 3611 5340 σοι,
3630 5273 3729 5327 καί
3756 5273 3872 5328 dr-

2288 5361 2710 5430 ενεχθήσονται
2729 5362 2907 5416 δεκτὰ
2928 5363 3025 5418 ἐπὶ
3053 5362 3120 5417 τὸ
3138 5363 3572 5433 θυσιαστήριόι·
3586 5381 3733 5433 μου,
3760 5364 3879 5431 καὶ,

2289 5454 2322 5504 ό
2354 5448 2516 5518 οἶκος
2554 5451 2662 5519 τῆς
2686 5454 3032 5523 προσευχῆς
3044 5472 3163 5524 μου
3179 5454 3643 5524 δοξασθήσεται.

2360 5543 2680 5612 Οἰκονομίαν
2708 5544 2821 5615 ἔχει
2854 5545 3111 5617 πλείστην
3142 5563 3200 5599 τε
3227 5547 3360 5617 ὅσην
3404 5548 3498 5600 καὶ
3518 5547 3691 5617 σοφὴν
3719 5548 3748 5597 ὁ
3768 5545 3870 5599 λό-

687 5700 764 5769 (ι)
798 5701 1046 5760 οἴσουσι
1081 5709 1176 5762 καί
1214 5696 1387 5767 λίθον
1422 5714 1634 5775 τίμιον.
1669 5713 1869 5770 Desuut
1902 5714 2016 5772 lucc
2040 5716 2202 5773 verba
2235 5718 2285 5772 iu
2319 5716 2485 5773 LXX.
