4112 6292
273 369 409 425 Ιῧξὶδ

1379 368 1445 423 IN
1487 368 1719 425 lSAlA‘M
1764 369 1890 426 LIB.
1941 371 2000 425 V.
2044 369 2278 426 TOMUS
2319 371 2403 426 IV.

3392 373 3529 427 1326

268 504 385 553 τος.
428 479 986 549 Εὖαγγελίζεται-γὰρ
1019 480 1109 532 καὶ
1144 479 1241 548 τὴν
1285 478 1390 531 τῶν
1425 480 1590 561 ἐθνῶν
1633 481 1836 551 κλῆσιν,

1956 483 2043 534 tio.
2085 481 2441 549 Evangelizat
2482 479 2626 531 enim
2660 477 2897 547 gentium
2927 478 3288 546 vocationem,
3318 490 3373 536 et
3399 485 3531 538 duo-

270 579 364 630 καὶ
393 574 502 627 τῶν
530 573 622 626 δύο
649 571 796 625 λαῶν
822 569 918 640 τὴν
938 568 1130 621 ’ἕνωσιν
1151 569 1208 622 ἐν
1234 570 1473 640 Χριστῷ,
1503 572 1595 623 καὶ
1630 575 1726 642 τῆς
1753 570 1846 624 τοῦ

265 668 434 736 νόμου
471 666 628 727 σκιᾶς
657 664 758 733 τὴν
793 660 1091 733 μεταϐολὴν
1132 662 1212 724 είς
1255 660 1512 732 λατρείαν
1559 681 1849 732 πνευματι-

268 760 392 828 κήν.
428 758 611 810 Πάντα
643 755 750 824 γὰρ
808 754 864 804 ἐν
895 750 1112 822 Χριστῷ
1166 753 1348 814 καινὰ,
1386 755 1476 806 καὶ
1533 754 1602 806 τὰ
1650 756 1848 824 ἀρχαῖα

269 845 564 913 παῄλθεν,
601 841 780 894 ἔκτισε
813 839 868 892 δὲ
917 840 1080 902 αὐτὸς
1130 843 1254 904 τοὺς
1280 841 1378 894 δύο
1416 842 1577 906 λαοὺς
1627 845 1706 905 είς
1753 844 1850 896 ἕνα

266 935 450 987 καινὸν
482 933 786 1004 ἄνθρωπον,
819 931 990 984 ποιῶν
1016 934 1237 1003 εἰρήνην
1262 976 1275 998 ,
1311 937 1406 988 καὶ
1434 935 1847 988 ἀποκαταλλάξῃ

267 1044 374 1079 σων
404 1028 528 1087 τοὺς
550 1022 890 1093 ἀμφοτέρους
910 1025 966 1075 ὲν
989 1024 1068 1076 ἐνὶ
1093 1024 1303 1094 σώματι
1330 1025 1463 1095 πρὸς
1485 1027 1574 1080 τὸν
1607 1027 1843 1098 Πατέρα.

263 1118 482 1171 Τούτων
508 1117 763 1170 ἁπάντων
796 1120 1031 1170 ποιεῖται
1063 1117 1161 1188 τὴν
1197 1119 1618 1189 προαγόρευσιν.
1662 1121 1755 1172 καὶ
1782 1121 1844 1190 δή

263 1225 396 1276 φησι
452 1207 587 1276 πρὸς
625 1206 724 1277 τὴν
761 1209 956 1279 νοητὴν
996 1211 1351 1282 Ἰερουσαλὴμ
1378 1255 1391 1277 ,
1445 1214 1690 1265 τουτέστι
1750 1215 1847 1284 τὴν

276 1297 618 1367 Ἐκκλησίαν,
652 1299 752 1368 τὴν
789 1299 884 1352 ἄπ’
909 1301 1083 1370 ἀρχῆς
1131 1304 1404 1356 συστᾶσαν
1445 1304 1504 1370 ἐξ
1557 1305 1842 1359 Ἰουδαίων’

265 1389 472 1459 πρῶτοι
501 1392 607 1460 γὰρ
636 1393 787 1444 αὐτοὶ
814 1393 1263 1448 πεπιστεύκασιν·
1295 1413 1313 1446 ι
1336 1390 1508 1466 τΑρον
1524 1396 1707 1467 κύκλῳ
1724 1398 1846 1461 τοὺς

265 1481 574 1551 ὀφθαλμούς
617 1500 730 1547 σου,
790 1485 873 1535 καί
937 1484 1012 1536 ἴδε
1051 1485 1366 1554 συνηγμένα
1412 1484 1482 1538 τὰ
1521 1485 1686 1539 τέκνα
1727 1504 1843 1540 σου.

278 1575 408 1626 Ἰδοὺ
457 1575 564 1644 γὰρ
594 1577 758 1644 ἥκασι
806 1576 1004 1638 πάντες
1039 1577 1142 1628 υἱοί
1189 1594 1280 1629 σου
1325 1577 1617 1647 μακρόθεν,
1669 1579 1762 1630 καὶ
1791 1579 1845 1631 αἱ

267 1665 565 1736 Θυγατέρες
615 1683 706 1719 σου
737 1667 821 1719 ἐπ’
851 1665 1012 1736 ὤμων
1043 1669 1391 1738 ἀρθὴσονται.
1443 1690 1458 1721 ι
1520 1671 1607 1732 Ὠς
1645 1670 1752 1740 γὰρ
1783 1671 1846 1722 ἐκ

267 1759 470 1822 παντὸς
501 1759 683 1821 ἔθνους
697 1776 756 1812 τε
789 1761 877 1813 καὶ
897 1759 1079 1830 χώρας
1112 1761 1460 1829 συλλέγοντος
1481 1765 1605 1825 τοὺς
1627 1761 1847 1814 πιστεύρ

1953 588 2068 626 rum
2103 572 2416 641 populorum
2452 572 2501 624 in
2539 570 2758 624 Christo
2787 568 3066 634 unimem,
3099 582 3156 625 et
3177 570 3365 641 legalis
3412 590 3531 629 mn-

1949 666 2060 718 brae
2101 665 2155 717 in
2178 663 2511 732 spiritualem
2532 661 2736 716 cultum
2769 662 3141 716 velitationem.
3175 662 3366 719 Omnia
3384 667 3528 721 enim

1952 755 2000 806 in
2025 754 2244 809 Christo
2265 767 2426 818 nova,
2454 763 2509 806 et
2572 762 2754 808 vetera
2799 752 3208 821 praeterierunt;
3265 756 3531 812 condidit-

1949 861 2054 914 que
2082 846 2220 899 duos
2247 845 2365 900 illos
2400 845 2625 914 populos
2652 844 2704 897 in
2738 857 2901 896 ιιιιιιιιι
2967 859 3165 901 novum
3228 845 3527 904 hominem.

1949 952 2141 990 creans
2175 949 2381 1005 pacem,
2413 944 2468 990 et
2493 935 2850 990 reconcilians
2881 936 3071 990 ambos
3135 937 3191 990 in
3243 952 3352 992 uno
3407 955 3529 994 cor-

1949 1042 2099 1096 pore,
2137 1027 2279 1096 apnd
2307 1026 2544 1081 Patrem.
2587 1025 2791 1080 llorum
2816 1026 3062 1080 omnium
3127 1027 3524 1096 praedictionem

1949 1119 2094 1182 facit,
2125 1129 2178 1172 et
2217 1118 2604 1187 intelligibilem
2637 1116 2958 1183 Jerusalem,
2986 1118 3037 1172 id
3087 1128 3176 1174 est
3209 1120 3523 1187 Ecclesium,

1947 1210 2015 1263 ab
2045 1212 2197 1263 initio
2238 1227 2300 1263 ex
2338 1208 2540 1264 Iudaeis
2567 1209 2911 1264 constitutam
2970 1210 3303 1279 alloquitur:
3365 1214 3525 1284 primi

1947 1303 2088 1355 enim
2126 1301 2199 1355 illi
2231 1301 2612 1356 crediderunt:
2660 1319 2679 1351 ι
2737 1299 2876 1354 Leva
2943 1302 2996 1356 in
3045 1303 3272 1358 circuitu
3339 1305 3526 1360 oculos

1948 1406 2088 1456 tuos,
2115 1403 2168 1448 et
2192 1395 2314 1448 vide
2347 1406 2700 1464 congregatos
2749 1396 2947 1452 liberos
2993 1407 3143 1452 tuos.
3187 1397 3329 1453 Ecce
3378 1399 3524 1453 enim

1946 1483 2173 1537 veniunt
2203 1497 2393 1537 omnes
2421 1482 2512 1536 lilii
2561 1485 2634 1537 tui
2672 1500 2702 1538 e
2761 1485 3071 1556 longinquo,
3122 1497 3176 1542 et
3239 1489 3362 1544 tilia:
3422 1499 3526 1546 tua

1947 1575 1999 1628 in
2031 1573 2272 1626 humeris
2311 1572 2584 1628 tollentur.
2621 1593 2641 1626 ι
2691 1574 2902 1629 Ali‘atur
2932 1578 3076 1630 enim
3111 1579 3194 1632 his
3228 1580 3406 1635 verbis
3429 1592 3526 1636 eos

1946 1667 2036 1736 qui
2067 1681 2132 1720 ex
2162 1666 2307 1720 omni
2346 1676 2504 1735 gente
2562 1675 2616 1720 et
2647 1667 2862 1736 regione
2891 1667 3102 1723 collecti
3155 1669 3522 1733 crediderunt,

1950 1758 2263 1823 Ecclesiam,
2307 1758 2550 1828 inquam,
2599 1758 2776 1812 divina
2809 1767 2864 1813 et
2886 1759 3194 1829 evangelica
3256 1761 3521 1831 praedica—

269 1866 467 1912 σαντας
525 1849 617 1902 τοῦ
651 1849 792 1902 θείου
839 1852 931 1902 καὶ
968 1850 1324 1918 εὐαγγελικοῦ
1366 1851 1718 1922 κηρύγματος
1750 1867 1836 1903 σα-

1950 1850 2094 1904 tioue
2147 1851 2340 1903 orbem
2392 1859 2658 1904 terrarum
2695 1850 2998 1914 irretiente,
3032 1861 3088 1906 et
3137 1859 3392 1922 tanquam
3453 1854 3521 1910 ad

267 1942 585 2010 γηνεύοντος
633 1941 733 2012 τὴν
779 1943 868 1993 ὑπ’
901 1941 1148 2013 οὐρανὸν,
1183 1943 1276 1995 καὶ
1308 1943 1398 2005 -ὡς
1428 1941 1508 2003 είς
1535 1960 1657 1995 τινα
1691 1942 1845 1995 πόλιν

264 2033 674 2104 εὐπυργοτάτην
718 2034 1020 2102 ἁποεροιτᾷν
1071 2033 1458 2096 ἀναπείθοντος
1511 2035 1591 2095 είς
1631 2034 1730 2104 τὴν
1756 2033 1844 2085 διὰ

265 2126 501 2187 πίστεως
549 2124 707 2197 χάριν
736 2165 747 2183 ,
805 2125 972 2195 ἤγουν
1001 2125 1080 2186 εἰς
1123 2124 1222 2194 τὴν
1255 2124 1364 2176 τῶν
1419 2125 1586 2193 ἁγίων
1616 2124 1840 2194 τροφὴν,

268 2220 408 2288 ςημὶ
443 2219 506 2290 δὴ
542 2219 638 2289 τὴν
684 2217 1032 2289 Ἐκκλησίαν,
1067 2217 1135 2269 τὰ
1171 2217 1347 2270 τοιάδε
1389 2216 1542 2284 φησὶ,
1590 2217 1842 2287 καθάπερ

264 2314 288 2363 ὁ
305 2312 473 2381 μέλει,
493 2313 582 2364 καὶ
600 2311 825 2381 ἑτέρωθί
843 2326 965 2360 που·
1001 2328 1020 2358 ‹
1035 2309 1227 2360 Ἔσται
1249 2308 1376 2375 γὰρ,
1396 2306 1578 2376 φησιν,
1593 2307 1655 2357 ἐν
1678 2308 1841 2374 ἐσχά-

263 2420 383 2466 ταις
414 2402 654 2472 ἡμέραις
683 2401 919 2470 ὲμφανὲς
943 2399 1003 2451 τὸ
1035 2399 1156 2468 ὅρος
1189 2399 1395 2468 Κυρίου
1418 2436 1432 2459 ,
1481 2397 1696 2464 ἕτοιμον
1752 2398 1844 2449 ἐπὶ

262 2496 361 2556 τὰς
397 2493 641 2562 κορυφὰς
669 2492 774 2544 τῶν
798 2491 989 2559 ὀρέων,
1031 2490 1123 2542 καλ⁸
1151 2487 1642 2558 μετεωρισθήσεται
1677 2488 1842 2557 ὑπερι-

265 2588 377 2641 άνω
407 2585 515 2638 τῶν
544 2584 764 2655 βουνῶν,
803 2583 895 2635 καὶ
944 2581 1168 2651 ἥξουσιν
1199 2583 1277 2643 εἰς
1311 2579 1444 2633 αὐτὸ
1476 2579 1600 2650 ἔθνη
1650 2579 1837 2641 πολλὰ,

265 2680 359 2732 καὶ
383 2677 589 2749 ἐροῦσι·
628 2677 810 2740 Δεῦτε,
842 2675 1132 2745 ἀναθῶμεν
1161 2675 1240 2735 εἰς
1265 2673 1326 2725 τὸ
1355 2673 1478 2744 ὅρος
1498 2672 1723 2742 Κυρίου,
1748 2671 1840 2728 καὶ

265 2775 346 2835 είς
373 2772 463 2823 τὸν
495 2767 640 2822 οἷκον
670 2768 761 2822 τοῦ
800 2767 935 2821 Θεοῦ
983 2765 1198 2829 Ἰακὼϐ,
1242 2767 1337 2817 καὶ
1382 2764 1674 2832 ἀναγγελεῖ
1710 2766 1840 2834 ἡμῖν

262 2865 361 2934 τὴν
393 2865 508 2917 ὁδὸν
539 2860 720 2914 αὑτοῦ.
765 2861 873 2912 Καὶ
906 2857 1283 2929 πορευσόμεθα
1313 2859 1371 2908 ὲν
1409 2856 1569 2926 αὐτῇ.
1611 2874 1630 2906 ι
1665 2857 1840 2909 Τέκνα

263 2957 326 3027 δὴ
361 2958 457 3026 τῆς
496 2953 847 3024 Ἰερουσαλὴμ
878 2952 997 3021 οὐχὶ
1031 2951 1181 3022 μόνοι
1208 2949 1447 3017 λέγοιντο
1485 2948 1550 3001 ἂν
1572 2950 1622 3000 οἱ
1661 2948 1718 3014 ἐξ
1757 2948 1841 2999 αἵ-

269 3065 433 3115 ματος
486 3046 716 3114 Ἰσραὴλ,
753 3044 886 3097 ἀλλὰ
911 3043 1020 3113 γὰρ
1051 3042 1145 3095 καὶ
1180 3041 1416 3103 ἅπαντες
1463 3041 1512 3092 οἱ
1547 3041 1610 3092 ἐκ
1641 3039 1841 3103 παντὸς

265 3141 449 3201 ἔθνους
496 3140 588 3192 καὶ
610 3136 790 3208 χώρας
827 3135 1150 3204 κεκλημένοι
1173 3133 1262 3186 διὰ
1297 3134 1532 3195 πίστεως
1550 3134 1629 3194 είς
1653 3131 1712 3183 τὸ
1742 3132 1840 3198 τῆς

264 3233 519 3300 ἀληθείας
544 3231 678 3299 φῶς.
720 3231 807 3292 Ὠς
837 3228 944 3298 γὰρ
971 3231 997 3280 ὀ
1037 3227 1307 3296 πάνσοφος
1354 3226 1554 3294 γράφει
1582 3224 1792 3286 Παῦλος
1820 3264 1834 3289 ,

269 3342 285 3370 ι
323 3323 396 3373 (ὶὺ
446 3321 643 3382 πάντες
690 3320 738 3371 οἱ
786 3317 845 3382 ἐξ
886 3315 1120 3388 Ἰσραὴλ,
1157 3309 1300 3368 οὗτοι
1355 3315 1590 3388 Ἰσραὴλ,
1614 3315 1720 3368 οὐδ’
1752 3316 1834 3368 ὅτι

260 3411 366 3463 εἰσὶ
399 3410 616 3478 σπέρμα
649 3407 916 3477 Ἀϐραὰμ,
973 3405 1172 3469 πάντες
1207 3406 1391 3472 τέκνα,
1415 3405 1552 3458 ἀλλὰ
1575 3405 1643 3458 τὰ
1670 3405 1835 3459 τέκνα

260 3503 358 3572 τῆς
389 3499 717 3567 ἐπαγγελίας
763 3495 1034 3567 λογίζεται
1061 3499 1141 3561 εἰς
1169 3499 1412 3570 σπέρμα.
1460 3516 1478 3550 ι
1517 3498 1744 3570 Εἴρηται
1777 3499 1832 3552 δὲ

263 3589 411 3662 παρὰ
431 3591 559 3642 Θεοῦ
583 3590 716 3659 πρδς
743 3587 832 3641 τὸν
852 3587 1133 3641 θεσπέσιον
1169 3586 1537 3657 Ἀϐραὰμ,ὅτι
1562 3605 1581 3638 ι
1611 3587 1833 3658 Πατέρα

258 3682 465 3735 πῖλλῶν
493 3679 658 3732 ἐθνῶν
683 3677 903 3730 τέθεικὰ
935 3694 1010 3728 σε.
1043 3695 1063 3727 ι
1097 3676 1308 3729 Οὐκοῦν
1342 3678 1416 3739 ὼς
1448 3677 1550 3746 ἤδη
1591 3676 1831 3746 πληθύος

261 3769 742 3839 σλναγηγερμένης
776 3767 835 3829 ἐξ
877 3767 1065 3829 ἐθνῶν,
1113 3766 1204 3816 καὶ⁸
1257 3767 1669 3834 προσκυνούσης
1698 3769 1832 3835 Χρι-

260 3864 389 3933 στῷ·
431 3859 498 3913 'A
508 3878 619 3931 ρον,
644 3857 795 3928 φησὶ,
824 3856 1007 3926 κύκλῳ
1037 3855 1162 3917 τοὺς
1197 3854 1504 3924 ὀφθαλμούς
1537 3873 1650 3918 σου,
1673 3873 1831 3907 τουτ-

260 3959 424 4018 ἐστιν,
458 3954 675 4007 ἃπασαν
699 3948 983 4020 περιαθρει
1005 3946 1101 4017 τὴν
1123 3945 1465 4016 οἰκουμένην,
1497 3945 1590 3998 καὶ
1619 3949 1682 3998 ὲκ
1708 3962 1833 3998 παν·

257 4049 348 4109 τὸς
387 4045 582 4116 μέρους
609 4042 779 4110 αὐτῆς
799 4040 918 4110 ὄψει
945 4038 1358 4110 τρέχονταπρὺς
1388 4039 1447 4090 σὲ
1473 4036 1542 4090 τὰ
1565 4037 1829 4103 σὰτέκνα,

255 4138 444 4209 ἥξουσι
474 4136 530 4187 δὲ
562 4134 735 4187 καίτοι
776 4131 991 4202 μακρὰν
1023 4130 1172 4192 ὄντες
1221 4128 1350 4182 ποτὲ
1370 4169 1383 4193 ,
1420 4128 1635 4199 μακρὰν
1682 4127 1738 4179 δὲ
1765 4126 1831 4182 οὐ

254 4227 518 4288 τοπικῶς,
542 4225 675 4278 ἀλλὰ
705 4223 844 4276 κατὰ
885 4221 1108 4292 γνώμην
1129 4262 1143 4284 ,
1183 4220 1276 4273 καὶ
1307 4221 1546 4273 διάθεσιν
1573 4217 1684 4271 νοῦ.
1719 4218 1829 4271 Καὶ

256 4319 386 4389 γοῦν
419 4320 523 4386 ἔφη
550 4335 632 4380 τις
659 4315 767 4369 τῶν
806 4314 975 4383 ἁγίων
999 4311 1291 4384 προφητῶν
1317 4314 1428 4373 τοῖς
1451 4307 1827 4380 ἁποδραμοῦσι

255 4413 348 4466 τοῦ
368 4412 561 4467 εἰδέναι
579 4409 668 4462 τὸν
688 4407 845 4477 φύσει
875 4422 934 4458 τε
963 4404 1056 4458 καὶ
1073 4403 1289 4473 ἀληθῶς
1315 4401 1444 4456 ὄντα
1461 4401 1614 4454 Θεόν·
1641 4421 1659 4451 ι
1681 4400 1830 4469 MV!)-

1946 1943 2215 1996 civitatem
2249 1943 2538 2010 quamdam
2562 1942 3000 2006 munitissimam,
3028 1943 3094 1998 ad
3122 1943 3242 1998 lidei
3268 1945 3518 2015 gratiam,

1946 2034 2011 2085 ad
2079 2043 2390 2086 sanctorum
2455 2031 2641 2086 cibum
2691 2033 2994 2099 invitante,
3069 2035 3518 2102 quemadmodum

1946 2121 2195 2174 videlicet
2250 2130 2304 2174 et
2355 2121 2478 2174 alibi
2527 2137 2540 2173 :
2590 2139 2610 2172 ι
2650 2121 2765 2176 Erit
2791 2122 2956 2189 enim,
3025 2123 3244 2193 inquit,
3316 2123 3368 2178 in
3425 2138 3520 2193 po-

1943 2215 2161 2268 strem-is
2190 2214 2382 2267 diebus
2436 2213 2743 2283 spectabilis
2773 2229 2925 2270 mons
2984 2213 3218 2280 Domini,
3270 2217 3520 2286 proposi-

1949 2319 2033 2362 tus
2068 2310 2122 2363 in
2156 2309 2454 2363 verticibus
2479 2308 2764 2372 montium,
2799 2318 2857 2363 et
2892 2310 3192 2366 elevabitur
3222 2325 3386 2380 supra
3405 2311 3518 2366 col-

1945 2401 2045 2462 les,
2079 2401 2403 2470 venientqne
2435 2403 2506 2454 ad.
2529 2400 2676 2454 illum
2711 2410 2899 2470 gentes
2947 2402 3146 2466 multa,
3202 2417 3270 2457 ac
3303 2403 3514 2458 dicent:

1948 2495 2160 2555 Adeste,
2209 2494 2566 2547 asc-eudamus
2606 2493 2679 2545 ad
2707 2503 2942 2546 montem
2977 2493 3210 2560 Domini,
3247 2502 3305 2548 et
3326 2496 3393 2548 ad
3422 2495 3517 2549 do-

1945 2602 2087 2639 mum
2117 2583 2286 2657 85-2
2351 2585 2439 2638 Dei
2467 2584 2650 2641 Jacob.
2689 2585 2756 2640 Et
2789 2585 3130 2640 aununtiabit
3169 2587 3324 2643 nobis
3371 2588 3518 2644 viam

1942 2679 2080 2747 ejus.
2110 2677 2175 2730 Et
2207 2677 2600 2732 ambulabimus
2651 2679 2701 2730 in
2732 2693 2792 2731 ea
2827 2680 2894 2731 “.
2923 2697 2945 2729 ι
2973 2678 3156 2734 Liberi
3187 2690 3367 2737 autem
3424 2681 3516 2738 Je-

1942 2768 2200 2834 rusalem,
2237 2784 2341 2822 non
2382 2770 2431 2822 hi
2463 2769 2558 2822 soli
2585 2769 2796 2822 dicendi
2824 2780 2968 2837 sunt,
3001 2772 3092 2840 qui
3124 2785 3192 2827 ex
3249 2774 3517 2844 sanguine

1944 2861 2107 2915 lsrael
2135 2861 2349 2916 oriundi
2401 2870 2548 2924 sunt,
2583 2863 2676 2917 sed
2711 2873 3067 2932 quotquot-ex
3125 2865 3276 2919 omni
3356 2874 3518 2937 gente

1944 2966 2006 3004 ac
2037 2951 2252 3020 regione
2277 2951 2452 3006 vocali
2485 2963 2725 3020 suntper
2755 2953 2923 3007 ﬁdem.
2949 2955 3014 3006 ad
3044 2953 3290 3008 veritatis
3316 2953 3510 3020 lucem;

1945 3051 2000 3097 ut
2023 3041 2164 3096 enim
2188 3042 2618 3112 sapientissimus
2643 3041 2841 3096 Paulus
2861 3043 3051 3098 scribit
3080 3064 3093 3099 :
3132 3063 3152 3096 ι
3178 3043 3295 3099 Non
3319 3059 3514 3100 mones

1865 3165 1909 3223 ο
1943 3131 2034 3203 qui
2069 3147 2134 3188 ex
2157 3130 2320 3185 Israel
2344 3173 2359 3196 ,
2394 3132 2444 3185 hi
2474 3130 2675 3198 lsrael;
2710 3147 2805 3188 nec
2835 3132 2958 3201 quia
3005 3148 3189 3188 semen
3241 3136 3512 3192 Abraham

1943 3228 2090 3286 sunt,
2120 3235 2311 3275 omnes
2333 3220 2511 3283 liberi,
2543 3221 2634 3275 sed
2667 3220 2828 3274 liberi.
2853 3222 3231 3290 promissionis
3259 3232 3516 3293 reputan-

1942 3318 2034 3363 tnr
2068 3311 2118 3363 in
2141 3324 2324 3365 semen
2358 3311 2424 3365 “.
2469 3328 2486 3361 ι
2532 3310 2742 3365 Dictum
2802 3314 2946 3366 enim
2971 3321 3054 3366 est
3085 3328 3112 3368 a
3142 3314 3253 3370 Deo
3304 3317 3375 3370 ad
3435 3316 3516 3371 di-

1941 3403 2125 3456 vinum
2160 3401 2482 3456 Abraham:
2541 3421 2560 3453 ι
2624 3402 2840 3460 Patrem
2916 3405 3209 3459 multarum
3273 3406 3512 3476 potitum

1943 3492 2196 3548 constitui
2224 3503 2276 3547 te
2297 3493 2363 3547 ".
2392 3512 2410 3545 ι
2451 3492 2638 3562 Itaque
2666 3493 2814 3548 velut
2859 3493 3334 3562 multitudinejant
3378 3512 3512 3551 eon-

1939 3593 2156 3655 gregata
2189 3600 2254 3640 ex
2289 3587 2539 3656 gentibus
2559 3595 2615 3640 et
2643 3585 2907 3641 adorante
2951 3584 3232 3641 Christum
3280 3601 3294 3640 :
3338 3585 3509 3651 Tolle,

1941 3680 2135 3748 inquit,
2166 3680 2519 3732 circumcirca
2541 3679 2728 3733 oculos
2771 3690 2912 3743 tuos,
2948 3678 2999 3732 id
3042 3689 3148 3743 est,
3198 3681 3513 3736 universum

1939 3767 2126 3819 orbem
2173 3767 2470 3833 perlustra,
2521 3777 2574 3820 et
2611 3781 2674 3820 ex
2721 3768 2866 3820 omni
2927 3777 3079 3835 parte
3135 3768 3252 3836 ejus
3306 3769 3514 3823 videbis

1940 3853 2140 3906 liberos
2157 3862 2274 3907 tuos
2296 3856 2362 3907 ad
2393 3863 2446 3906 te
2466 3863 2831 3921 accurrentes,
2857 3857 3179 3923 venientque
3203 3857 3302 3910 etsi
3325 3858 3512 3923 procul

1940 3941 2212 3994 a-bl‘uerint
2241 3941 2547 4008 aliquando.
2585 3941 2801 4006 Procul,
2848 3957 2951 3997 non
2984 3943 3196 3997 ratione
3229 3943 3332 3998 loci
3376 3946 3510 3999 dici-

1942 4041 2046 4095 tur,
2090 4033 2181 4086 sed
2201 4033 2267 4086 ad
2296 4033 2534 4086 animum
2560 4032 2863 4100 mentisque
2889 4033 3227 4088 aﬂ'cctionem
3254 4035 3508 4104 pertinet.

1939 4125 2081 4178 Dixit
2110 4125 2364 4178 nimirum
2387 4124 2600 4192 quidam
2630 4137 2669 4178 θ.
2715 4125 2916 4178 sanctis
2967 4125 3245 4193 prophetis
3300 4126 3365 4180 de
3423 4128 3507 4182 bis

1935 4219 2024 4286 qui
2063 4217 2378 4288 refugerunt
2415 4231 2444 4271 a
2481 4217 2671 4272 notitia
2727 4215 2844 4282 eius
2868 4219 2958 4286 qui
3027 4225 3220 4271 natura
3280 4226 3335 4273 et
3379 4234 3509 4276 vere

1938 4312 2084 4365 Deus
2104 4319 2231 4365 est:
2269 4328 2289 4361 ι
2331 4310 2440 4365 Vos
2468 4309 2558 4378 qui
2587 4308 2772 4378 procul
2823 4309 3046 4371 abestis,
3099 4323 3367 4364 memores
3418 4324 3506 4365 es.

1938 4409 2043 4454 tote
2084 4400 2318 4463 Domini,
2371 4407 2427 4454 et
2477 4397 2773 4454 Jerusalem
2801 4399 2981 4453 veniat
3034 4399 3188 4453 vobis
3238 4401 3298 4454 in
3353 4415 3506 4455 men-

258 4506 437 4574 σθητε,
451 4504 501 4554 οἱ
523 4501 739 4572 μακρὰν
755 4495 846 4550 τοῦ
861 4495 1083 4566 Κυρίου,
1102 4495 1195 4548 καὶ
1210 4491 1562 4563 Ἰερουσαλὴμ
1576 4491 1827 4562 ἅναὸήτω

1938 4499 2042 4544 tem
2090 4489 2156 4544 ".
2195 4510 2214 4541 ι
2279 4489 2621 4559 Scripsitqne
2671 4491 2736 4546 de
2804 4488 3020 4544 Christo
3076 4491 3504 4560 sapientissimus

259 4597 350 4647 ἐπὶ
375 4597 473 4664 τὴν
507 4593 729 4663 καρδίαν
760 4590 932 4660 ὑμῶν.
961 4608 978 4640 ι
1018 4587 1265 4656 Γέγραφε
1297 4585 1353 4638 δὲ
1387 4585 1480 4640 καὶ
1507 4585 1535 4637 ὁ
1557 4583 1828 4653 πάνσοφος

261 4685 469 4746 Παῦλος
503 4684 629 4752 περὶ
676 4679 940 4751 Χριστοῦ,
989 4681 1068 4731 ὃτι
1119 4696 1137 4727 ι
1202 4675 1399 4728 Ἐλθὼν
1441 4676 1839 4747 εὐηγγελίσατο

257 4777 479 4846 εἰρήνην
495 4777 602 4833 τοῖς
638 4770 874 4841 μακρὰν,
906 4770 998 4822 καὶ
1028 4772 1135 4831 τοῖς
1157 4767 1339 4835 ἐγγύς.
1365 4788 1382 4820 ι
1421 4769 1751 4822 Ἑπιστέλλει
1771 4769 1827 4824 δὲ

257 4869 473 4928 καὶτοῖς
491 4862 754 4928 ἐξὲθνῶνο
790 4881 807 4911 ι
831 4865 1036 4929 Διαμνη
1048 4859 1296 4929 μονεύετε
1327 4860 1482 4929 ὑμεῖς
1506 4861 1574 4915 τὰ
1597 4860 1744 4930 ἔθνη,
1774 4861 1824 4913 oi

256 4956 535 5025 λεγόμενοι
593 4950 925 5021 ἀκροϐυστία
971 4950 1197 5018 ὑπὸτῆς
1243 4951 1544 5020 λεγομένης
1563 4954 1624 5003 ἐν
1661 4952 1825 5021 σαρκὶ

258 5046 555 5118 περιτομῆς
583 5043 979 5114 χειροποιήτου,
1011 5042 1090 5096 ὅτι
1117 5039 1211 5112 ἦτε
1242 5044 1297 5096 ὲν
1316 5042 1394 5112 τῷ
1430 5044 1603 5113 καιρῷ
1632 5045 1822 5112 ἐκείνῳ

255 5137 419 5208 χωρὶς
448 5133 682 5204 Χριστοῦ
715 5131 1212 5201 ἀπηλλοτριωμένοι
1237 5131 1333 5202 τῆς
1364 5131 1573 5192 ἐλπίδος
1601 5130 1700 5183 τοῦ
1720 5133 1822 5183 ’ἰσ-

259 5227 412 5297 ραὴλ,
435 5227 526 5279 καὶ
555 5225 692 5289 ξένοι
722 5224 826 5276 τῶν
847 5222 1116 5293 διαθηκῶν
1137 5223 1232 5290 τῆς
1260 5222 1606 5289 ἐπαγγελίας,
1632 5223 1820 5274 ἐλπίδα

257 5317 331 5389 μὴ
358 5317 589 5386 ἔχοντες,
624 5316 715 5369 καὶ
751 5316 896 5370 ἄθεοι
934 5315 991 5366 ἐν
1014 5313 1090 5382 τῷ
1117 5315 1324 5383 κόσμῳ,
1365 5312 1458 5365 νῦν
1487 5313 1542 5364 δὲ
1593 5314 1744 5382 ὑμεῖς
1772 5315 1821 5366 οἱ

257 5411 380 5463 ποτὲ
403 5410 552 5471 ὄντες
572 5408 805 5479 μακρὰν,
834 5407 998 5474 ἐγγὺς
1028 5407 1316 5475 ἐγενήθητε
1344 5406 1400 5455 ὲν
1417 5404 1492 5473 τῷ
1519 5404 1708 5474 αἵματι
1726 5403 1819 5457 τοῦ

252 5500 506 5570 Χριστοῦ.
550 5521 568 5552 ι
603 5502 664 5553 0E
699 5500 805 5568 γὰρ
837 5499 971 5560 ὅλως
1002 5497 1131 5550 Θεὸν
1163 5498 1260 5548 οὐκ
1302 5495 1499 5559 εἰδότες
1541 5497 1630 5549 τὸν
1663 5497 1820 5566 φύσει

262 5611 307 5646 ιε
342 5594 432 5646 καὶ
455 5589 905 5662 ἀληθῶς,μακρὰν
932 5587 1067 5641 εἶναι
1097 5589 1361 5655 λέγονται,
1396 5588 1486 5640 καὶ
1525 5588 1649 5650 εἰσὶ,
1679 5587 1822 5640 κατὰ

323 5765 365 5794 ⁹¹
410 5764 512 5816 Ιςει.
559 5778 618 5824 tt,
659 5764 712 5826 ΕΞ,
743 5761 796 5814 5.
873 5764 917 5792 θ’
962 5760 1116 5816 Rom.
1166 5777 1241 5824 Π,
1276 5761 1324 5816 7.
1408 5761 1452 5792 ⁸³
1482 5759 1639 5812 Rom.
1681 5774 1749 5821 tv,
1789 5757 1871 5809 17.

1932 4583 2169 4638 Paulus:
2217 4601 2235 4632 ι
2272 4580 2430 4637 Venit
2460 4591 2516 4636 et
2558 4580 2950 4650 evangelizavit
3000 4595 3188 4650 pacem
3266 4581 3353 4637 his
3407 4583 3500 4649 qui

1929 4675 2141 4744 procul,
2178 4685 2227 4727 et
2255 4675 2358 4728 illis
2390 4674 2484 4742 qui
2513 4687 2680 4742 prope
2709 4683 2836 4726 sunt
2865 4672 2928 4726 ³⁵.
2960 4691 2979 4723 ι
3013 4671 3264 4743 Misitque
3280 4674 3344 4726 ad
3377 4689 3501 4743 gen-

1931 4777 2010 4822 tes
2053 4767 2332 4836 epistolam
2390 4781 2402 4816 :
2443 4784 2462 4817 ι
2509 4767 2862 4832 Mementote,
2909 4765 3178 4835 inquiens,
3222 4780 3322 4817 vos
3370 4779 3500 4833 gen-

1931 4867 2032 4920 tes,
2063 4859 2152 4926 qui
2199 4860 2516 4926 prmputium
2548 4856 2894 4919 direbamini,
2929 4857 3077 4911 abeo
3106 4871 3226 4924 qua!
3265 4857 3496 4910 circum-

1930 4952 2062 5006 cisio
2105 4953 2156 5004 in
2194 4963 2358 5003 carne
2409 4951 2550 5003 dicta
2605 4959 2686 5004 est
2749 4948 3074 5014 manufacta,
3123 4951 3265 5016 quod
3332 4949 3498 5001 eratis

1927 5043 2016 5094 illo
2043 5043 2097 5096 in
2124 5051 2362 5108 tempore
2390 5041 2506 5092 sine
2531 5038 2767 5102 Christo,
2805 5038 3023 5093 alienati
3077 5054 3104 5090 a
3161 5053 3257 5106 spe
3307 5037 3492 5096 lsraet,

1923 5143 1976 5188 et
2001 5134 2240 5200 hospites
2270 5139 2716 5185 testamentorum
2768 5129 3166 5198 promissionis,
3215 5142 3366 5197 spem
3390 5142 3492 5181 non

1924 5223 2201 5281 habentes,
2240 5228 2295 5274 et
2319 5219 2437 5273 sine
2467 5219 2574 5272 Deo
2613 5219 2665 5272 in
2699 5219 2917 5272 mundo.
2948 5217 3100 5272 Nunc
3134 5229 3342 5280 autem,
3374 5231 3491 5280 vos,

1918 5313 2008 5380 qui
2065 5315 2333 5380 quondam
2385 5310 2551 5364 eratis
2602 5309 2807 5378 procul,
2847 5309 2974 5364 facti
3023 5309 3153 5363 estis
3204 5306 3491 5377 propinqui

1920 5403 1972 5456 in
1999 5403 2260 5471 sanguine
2288 5401 2490 5456 Christi
2530 5400 2599 5458 ".
2637 5418 2655 5451 ι
2693 5399 2791 5465 Qui
2827 5400 2970 5454 enim
3027 5398 3248 5453 munitio
3300 5405 3488 5450 natura

1918 5505 1971 5548 et
2012 5511 2138 5550 vere
2173 5495 2338 5549 Deum
2369 5495 2643 5562 ignorant,
2693 5491 2880 5561 procul
2943 5505 3061 5545 esse
3109 5491 3382 5553 dit-untur,
3435 5497 3490 5542 et

1919 5588 2222 5654 affectione,
2264 5594 2318 5638 ut
2345 5583 2476 5649 dixi,
2510 5591 2564 5638 et
2587 5583 2788 5637 animo.
2823 5581 2927 5637 Sed
2961 5596 3110 5644 cccc,
3159 5579 3352 5650 inquit,
3396 5594 3486 5633 ve-

1948 5757 1989 5785 “
2015 5754 2125 5809 ιον.
2169 5770 2239 5821 Lt,
2279 5756 2363 5808 330.
2443 5755 2488 5786 ³⁵
2530 5753 2722 5822 Ephcs,
2755 5769 2814 5818 tl,
2841 5754 2923 5806 l7.
2997 5756 3039 5787 9⁸
3065 5754 3196 5816 ιὶιῑιῐ.
3235 5757 3286 5810 Η
3334 5755 3415 5807 l5.
