4134 6302
623 347 642 400 l
655 344 754 402 '52?

1643 326 1698 381 S.
1736 320 2014 380 CYRILLI
2055 315 2531 376 ALEXANDBINI
2565 313 2883 371 ARCHIEP.

3738 317 3897 372 1328

623 475 840 530 nerunt,
864 463 916 519 id
943 468 1064 526 est,
1104 471 1212 513 non
1249 456 1406 525 longe
1443 461 1562 526 post
1587 451 1764 507 lutura
1821 458 1907 506 est
1951 462 2050 503 nec
2087 444 2188 500 dil-

2298 435 2531 497 διάθεσίν
2555 459 2614 494 τε
2638 443 2732 495 καὶ
2757 439 3006 510 γνώμην,
3038 438 3114 500 ὡς
3162 436 3318 504 ἔφην.
3375 434 3512 487 Ἀλλ’
3548 433 3657 488 ἰδοῦ
3686 435 3892 505 ήκασι,

585 559 826 616 --leretur
879 565 1068 608 eorum
1098 547 1333 614 vocatio,
1357 546 1452 602 sed
1497 545 1683 600 statim
1737 546 1877 598 hanc
1929 539 2187 610 pra'dica.

609 654 820 708 tionem
898 640 1264 714 evangelieam
1323 648 1641 711 sequentur,
1697 634 2064 703 accedentque
2122 631 2189 685 ad

615 743 784 796 Deum
823 754 918 808 per
956 738 1140 802 ﬁdem,
1164 736 1284 792 sine
1331 733 1476 790 omni
1509 730 1718 795 labore,
1759 737 1816 783 et
1857 725 2006 781 omni
2053 722 2190 779 diﬁi-

613 835 820 887 cultate
869 843 924 887 et
974 831 1193 887 sudore.
1243 830 1300 884 In
1373 823 1616 881 humeris
1695 820 1840 877 enim
1911 818 2187 874 tollentur.

615 927 752 981 Nam
789 926 1052 994 ﬁguratus
1080 935 1164 980 est
1193 921 1410 978 habitus
1441 916 1726 978 orationis,
1801 911 1951 968 velut
2002 925 2188 966 exem-

613 1014 702 1081 plo
739 1029 767 1066 a
801 1013 964 1068 rebus
995 1012 1195 1068 nostris
1225 1009 1412 1080 petito.
1459 1005 1644 1060 Solent
1677 1001 1820 1058 enim
1856 1001 2068 1069 parvuli
2104 1000 2189 1053 in-

615 1102 800 1158 fantes
858 1103 1074 1171 nutriri,
1103 1111 1160 1158 et
1203 1102 1257 1156 in
1298 1108 1544 1154 materno
1593 1094 1799 1166 gremio
1826 1108 1890 1149 ac
1954 1091 2192 1148 brachiis

614 1197 804 1251 volunt
848 1208 1210 1264 requiescere.
1266 1191 1396 1245 Tale
1438 1190 1565 1258 quid
1600 1189 1657 1242 lit
1692 1189 1759 1242 de
1785 1186 1868 1241 his
1893 1186 1982 1255 qui
2020 1184 2189 1238 vocati

609 1296 740 1340 sunt
765 1286 833 1341 ab
870 1299 1059 1341 errore
1087 1283 1295 1338 Graeco.
1325 1280 1665 1335 Deliniuntur
1697 1277 1842 1332 enim
1904 1293 1934 1329 a
1994 1283 2192 1345 mysta-

611 1379 792 1452 gogis,
836 1392 941 1434 non
969 1376 1178 1433 duriter
1219 1379 1546 1436 tractantur,
1587 1382 1688 1424 nec
1727 1367 1871 1422 illico
1900 1381 1997 1436 per
2045 1379 2193 1436 aspe-

623 1488 732 1526 ram
759 1473 900 1525 viam
938 1467 1227 1532 incedunt;
1278 1465 1369 1520 sed
1434 1462 1578 1518 velut
1649 1469 1836 1515 tenera
1874 1457 2194 1514 educatione

621 1561 780 1634 M3
834 1561 1124 1620 Iactantur,
1167 1567 1219 1613 et
1264 1557 1518 1628 paulatim
1563 1557 1616 1611 in
1667 1556 1842 1610 virum
1896 1553 2193 1622 perlectum

615 1656 948 1720 adolescunt,
993 1655 1045 1709 in
1075 1666 1384 1709 mensuram
1409 1650 1586 1705 relatis
1615 1647 1969 1718 plenitudinis
2033 1644 2194 1702 Chri-

611 1748 706 1800 sti.
742 1746 1020 1816 Siquidem
1043 1743 1300 1814 praecepit
1331 1741 1533 1796 sanctis
1567 1737 1850 1808 apostolis,
1907 1747 1965 1792 ut
2015 1736 2194 1806 bapti-

623 1847 804 1895 carent
836 1852 1026 1892 omnes
1051 1847 1258 1905 gentes,
1319 1836 1371 1888 in
1411 1847 1602 1888 nomen
1627 1831 1828 1897 Patris,
1875 1840 1931 1886 et
1959 1829 2104 1894 Filii,
2141 1838 2197 1884 et

622 1930 853 2000 Spiritus
882 1929 1077 1994 saneti,
1106 1929 1469 1996 docerentque
1525 1939 1621 1980 eas
1657 1938 1880 1979 servare
1935 1937 2195 1992 quaecun-

620 2039 722 2094 que
775 2021 881 2078 illis
913 2029 1262 2090 prteceperat.
1296 2014 1360 2071 Hi
1396 2027 1574 2071 autem
1600 2016 1701 2070 hoc
1727 2014 1975 2068 factitare
2022 2014 2198 2068 volen-

625 2126 734 2178 tes,
787 2113 1043 2167 methodo
1078 2115 1134 2165 et
1193 2118 1315 2162 arte
1375 2105 1603 2162 docendi
1673 2104 1780 2169 usi,
1835 2103 2011 2173 primo
2063 2103 2198 2158 nihil

621 2221 908 2262 onerosum
975 2203 1350 2273 imposuerunt
1419 2197 1784 2254 credentibus.
1851 2195 2200 2266 Sciipserunt

622 2299 768 2355 enim
819 2297 1066 2367 gentibus
1097 2309 1112 2348 :
1148 2313 1166 2346 ι
1207 2293 1388 2348 Visum
1428 2299 1514 2346 est
1545 2289 1770 2359 Spiritui
1805 2297 1995 2344 sancto
2023 2295 2078 2343 et
2104 2302 2200 2342 nu-

623 2388 708 2444 bis
760 2387 965 2442 nullum
990 2387 1140 2440 onusi
1160 2381 1312 2437 vobis
1343 2381 1640 2452 imponere,
1675 2379 1778 2435 nisi
1806 2387 1866 2435 ut
1885 2377 2200 2434 abstineatis

618 2491 715 2532 vos
739 2490 769 2530 a
795 2474 1144 2537 scortatione,
1167 2479 1223 2525 et
1243 2467 1526 2535 suﬂ'ocato,
1553 2477 1608 2523 et
1633 2466 1894 2538 sanguine
1906 2465 1976 2518 ".
2008 2483 2028 2517 ι
2049 2462 2198 2519 Scri-

612 2567 802 2638 bitque
831 2564 1153 2638 quibusdam
1183 2561 1420 2633 optimus
1441 2559 1642 2614 Paulus
1676 2576 1688 2612 :
1760 2575 1781 2611 ι
1843 2556 2022 2611 Laetis
2070 2564 2198 2626 potu

624 2674 723 2716 vos
751 2658 882 2725 alui,
915 2672 1022 2712 non
1055 2669 1202 2712 esca.
1240 2652 1486 2709 Nondum
1511 2652 1656 2706 enim
1695 2649 1976 2721 poteratis,
2005 2649 2101 2705 sed
2132 2663 2200 2704 ne

616 2761 764 2800 nunc
800 2745 1016 2815 quidem
1047 2742 1274 2814 pmestis
1305 2741 1373 2794 ”.
1414 2759 1433 2792 ι
1476 2739 1844 2795 Pcrl'ectorum
1886 2747 2065 2794 autem
2116 2747 2202 2794 est

623 2835 776 2890 cibus
797 2833 1025 2897 solidus,
1051 2846 1264 2898 eorum,
1301 2832 1542 2900 inquam,
1571 2830 1659 2899 qui
1693 2838 1912 2900 propter
1955 2839 2200 2885 assuetu-

628 2927 808 2980 dinem
845 2939 1035 2980 sensus
1066 2924 1248 2979 cordis
1271 2923 1470 2979 habent
1498 2923 1842 2988 exercitatos,
1893 2922 1958 2976 ad
2008 2920 2202 2991 dijudi-

622 3017 892 3072 cationem
919 3015 1042 3070 boni
1079 3023 1133 3070 et
1156 3013 1304 3073 mali.
1334 3013 1521 3084 Itaque
1572 3013 1625 3068 in
1682 3013 1943 3078 humeris,
2001 3013 2196 3084 inquit,

2292 531 2449 604 φησὶ,
2473 529 2776 595 τουτέστιν,
2814 528 2914 582 οῦκ
2941 529 3022 590 είς
3054 523 3294 597 μακράν,
3323 525 3444 578 οὐδέ
3471 525 3551 588 είς
3583 524 3894 596 ἀνάϐλησιν

2292 627 2326 694 ἡ
2348 624 2541 695 κλῆσις
2573 621 2754 678 αὐτῶν
2779 620 2962 674 ἔσται·
2987 617 3321 691 δραμοῦνται
3370 615 3476 689 γὰρ
3506 615 3698 688 ὥσπερ
3742 619 3894 670 κατά

2292 715 2429 768 πόδα
2457 714 2566 767 τῶν
2608 710 2979 782 εὐαγγελικῶν
3019 709 3392 781 κηρυγμάτων
3415 744 3436 773 ,
3473 709 3798 778 ποιήσονται
3833 708 3897 761 δὲ

2292 808 2392 878 τήν
2413 805 2599 876 ἄφιξιν
2619 806 2720 875 τὴν
2748 804 2884 877 πρὸς
2901 802 3036 858 Θεὸν
3053 802 3144 855 διὰ
3170 802 3408 865 πίστεως
3423 801 3546 870 δίχα
3563 801 3733 854 πόνου
3751 818 3896 853 παν-

2293 899 2380 963 τὸς
2415 898 2738 970 δυσχερείας
2764 913 2826 950 τε
2853 895 3072 965 ἀπάσης
3121 895 3216 947 καὶ
3250 893 3472 963 ἱδρῶτος
3502 890 3891 963 ἐξῃρημένων.

2293 989 2411 1042 Ἐπ’
2443 988 2610 1060 ὤμων
2638 989 2745 1060 γὰρ
2779 987 3110 1059 άρθήσονται
3127 1002 3141 1015 ·
3166 983 3602 1055 πέπλαπαιγάρ
3617 984 3678 1038 τὸ
3697 984 3896 1054 σχῆμα

2292 1081 2386 1134 τοῦ
2407 1080 2566 1148 λόγου
2603 1079 2679 1142 ὡς
2706 1081 2768 1132 ἐκ
2790 1076 3229 1148 παραδείγματος
3246 1075 3339 1128 τοῦ
3358 1074 3480 1128 καθ’
3496 1076 3664 1146 ἡμᾶς·
3688 1074 3764 1127 τά
3781 1077 3896 1143 γάρ

2295 1189 2372 1224 τοι
2401 1170 2591 1239 νεογνά
2616 1171 2722 1222 τῶν
2746 1169 2961 1240 βρεφῶν
2979 1166 3315 1238 τιθηνεῖσθαι
3341 1166 3505 1236 φιλεῖ,
3529 1168 3755 1230 καὶτοῖς
3778 1169 3895 1220 τῶν

2299 1264 2548 1334 μητέρων
2587 1261 2808 1326 κόλποις
2836 1262 2933 1316 καὶ
2971 1260 3254 1333 βραχίοσιν
3284 1257 3738 1313 ἐπαναπαύεσθαι
3789 1257 3897 1329 ζη-

2293 1357 2394 1407 τεῖ.
2445 1351 2660 1406 Γίνεταί
2689 1367 2744 1406 τι
2766 1351 3008 1406 τοιοῦτον
3030 1353 3126 1404 ἐπὶ
3147 1351 3256 1404 τῶν
3280 1351 3628 1422 καλουμένων
3659 1353 3730 1405 ἐκ
3759 1352 3896 1404 πλά-

2295 1464 2393 1517 νης
2431 1445 2772 1517 Ἑλληνικῆς,
2792 1443 3182 1516 θεραπεύονται
3208 1442 3317 1514 γάρ
3351 1443 3505 1514 παρὰ
3534 1441 3644 1496 τῶν
3681 1460 3894 1513 μυστα-

2295 1537 2512 1606 γωγῶν,
2533 1535 2926 1608 σκληραγωγού
2935 1552 3084 1605 μενοι
3112 1534 3334 1606 μᾶλλον,
3353 1533 3476 1588 οῦδέ
3499 1533 3600 1605 τήν
3623 1538 3892 1608 τραχεῖαν

2297 1627 2458 1692 εὐθὺς
2497 1627 2667 1690 ἰόντες
2695 1627 2899 1698 τρίϐον,
2941 1627 3054 1681 ἀλλ’
3086 1621 3200 1680 οἷον
3231 1626 3320 1680 διὰ
3339 1627 3620 1697 τρυφερᾶς
3665 1627 3896 1695 ἀγωγῆς

2297 1721 2902 1792 γαλακτοτροφούμενοί
2983 1737 3043 1772 τε
3127 1721 3222 1773 καὶ
3287 1719 3674 1782 ἀναϐαίνοντες
3751 1720 3896 1771 κατὰ

2303 1815 2476 1887 βραχὺ
2523 1815 2661 1886 πρὸς
2707 1814 2876 1884 ἀνδρα
2906 1813 3134 1878 τέλειον,
3169 1814 3250 1878 είς
3297 1813 3498 1884 μέτρον
3544 1811 3767 1883 ἡλικίας
3796 1812 3892 1866 τοῦ

2300 1907 2665 1978 πληρώματος
2699 1905 2796 1958 τοῦ
2839 1905 3100 1975 Χριστοῦ.
3137 1904 3250 1959 Καὶ
3281 1904 3412 1972 γοῦν
3447 1903 3762 1957 ἐνετέλλετο
3792 1905 3892 1974 μὲν

2298 2001 2412 2062 τοῖς
2451 1998 2628 2066 ἁγίοις
2671 1997 2992 2060 ἀποστόλοις
3023 1996 3306 2067 βαπτίζειν
3337 1998 3519 2052 πάντα
3544 1997 3615 2050 τά
3641 1996 3776 2067 ἔθνη
3811 1999 3893 2058 είς

2300 2091 2360 2143 τὸ
2387 2090 2558 2159 ὄνομα
2591 2088 2685 2143 τοῦ
2730 2088 2966 2161 Πατρὺς,
2996 2089 3091 2141 καὶ
3134 2087 3229 2141 τοῦ
3275 2087 3427 2153 Υίοῦ,
3477 2089 3572 2140 καὶ
3602 2087 3702 2141 τοῦ
3735 2089 3891 2158 ᾁγίου

2301 2183 2642 2254 Πνεύματος,
2671 2181 2945 2236 διδάσκειν
2973 2196 3033 2234 τε
3060 2180 3200 2234 αὐτὰ
3246 2181 3434 2251 τηρεῖν
3465 2179 3648 2233 πάντα
3678 2181 3892 2250 ὅσαπερ

2301 2277 2484 2339 αὐτοῖς
2534 2274 2858 2330 ἐνετείλατο.
2906 2275 2971 2328 Οἱ
3015 2273 3073 2328 δέ
3102 2273 3198 2326 καὶ
3244 2272 3402 2326 τοῦτο
3445 2272 3582 2342 δρᾷν
3614 2269 3891 2334 ἐθέλοντες

2302 2367 2561 2438 φορτικὸν
2589 2367 2741 2421 οὐδὲν
2778 2366 3100 2421 ἐπετίθεσαν
3139 2366 3198 2419 ἐν
3226 2366 3421 2436 ἀρχαῖς
3453 2367 3568 2428 τοίς
3598 2366 3892 2418 πιστεύου-

2304 2479 2390 2516 σιν
2417 2461 2669 2533 εῦτεχνίᾳ
2696 2462 2971 2532 χρώμενοι
3013 2459 3388 2530 διδασκαλικῇ.
3423 2458 3754 2529 Γεγράφασι
3786 2459 3894 2528 γάρ

2300 2558 2413 2618 τοῖς
2443 2553 2502 2620 ἐξ
2532 2554 2740 2622 ἐθνῶν,
2773 2555 2857 2608 ὃτι
2893 2551 3117 2618 «Ἔδοξε
3162 2552 3240 2622 τῷ
3281 2551 3422 2622 ἁγίῳ
3469 2551 3764 2621 Πνεῦματι
3802 2552 3894 2604 καὶ

2299 2651 2457 2721 ήμῖν,
2509 2648 2676 2720 μηδὲν
2727 2646 2890 2702 πλέον
2937 2644 3278 2700 ἐπιτίθεσθαι
3329 2645 3460 2715 ὑμῖν
3513 2645 3710 2717 βάρος,
3756 2646 3889 2713 πλὴν

2301 2740 2605 2811 ἀπέχεσθαι
2639 2740 2784 2811 ὑμᾶς
2817 2739 3096 2810 πορνείας,
3139 2737 3235 2792 καὶ
3267 2735 3518 2803 πνικτοῦ,
3575 2737 3680 2792 καὶ
3730 2739 3890 2807 αἷμα-

2301 2851 2416 2898 τος.
2455 2853 2473 2884 ι
2518 2832 2725 2904 Γράφει
2754 2832 2812 2885 δέ
2841 2849 2952 2885 τισι
2982 2831 3076 2885 καὶ
3105 2833 3135 2884 ὁ
3165 2830 3499 2899 πανάριστος
3525 2831 3787 2894 Παῦλος,
3819 2834 3890 2883 ὅτι

2308 2945 2325 2978 ι
2362 2924 2510 2980 Γάλα
2537 2924 2764 2979 ἐπότισα
2795 2925 2963 2996 ὑμᾶς,
3007 2924 3067 2977 οὐ
3130 2922 3364 2994 βρῶμα,
3407 2921 3568 2977 οῦπω
3609 2925 3731 2996 γάρ
3778 2928 3889 2994 ἡδύ-

2303 3019 2486 3080 νασθε,
2513 3015 2629 3071 ἀλλ’
2647 3017 2770 3072 οὐδέ
2801 3017 2881 3070 ἐτι
2911 3017 3004 3070 νῦν
3031 3015 3568 3072 δύνασθε.»’1ἐλείων
3590 3019 3650 3071 δὲ
3685 3019 3837 3073 ἐστιν
3862 3024 3893 3089 ή

622 3108 876 3164 tollentur
901 3106 993 3162 lilii
1026 3105 1167 3162 tuiet
1196 3105 1317 3161 ﬁliae
1337 3115 1461 3162 tum.
1481 3105 1632 3162 Tunc
1661 3105 1865 3162 videbis
1879 3114 1933 3162 et
1961 3105 2195 3168 timebis,

2307 3109 2508 3184 στερεὰ
2545 3108 2720 3181 τροφὴ
2749 3109 2857 3162 τῶν
2890 3109 2979 3162 διά
3019 3108 3118 3180 τὴν
3162 3107 3275 3175 ἕξιν
3305 3107 3377 3162 τὰ
3417 3109 3766 3182 αἰσθητήρια
3802 3113 3894 3180 τῆς

613 3216 684 3258 ac
735 3199 998 3272 stupebis,
1021 3214 1144 3270 pro,
1173 3199 1548 3256 admiraberis.
1598 3197 1687 3254 Sic
1717 3198 1860 3253 enim
1885 3208 1941 3253 et
1986 3197 2199 3253 divinus

618 3294 891 3350 Abbacum
933 3310 949 3346 :
985 3311 1003 3343 ι
1042 3290 1292 3357 Domine,
1352 3289 1543 3360 inquit,
1581 3288 1761 3344 audivi
1808 3303 1996 3344 vocem
2049 3297 2196 3342 tuam

621 3394 674 3438 et
704 3383 879 3450 timui,
920 3382 1256 3438 consideravi
1313 3395 1478 3449 opera
1539 3389 1650 3447 tua,
1697 3389 1751 3435 et
1795 3379 2046 3449 obstupui
2070 3380 2136 3433 θ’.
2173 3399 2191 3432 ι

600 3473 872 3530 ·5οιειιιιιε
917 3473 1082 3528 etiam
1112 3487 1208 3526 nos
1257 3471 1358 3542 ipsi
1387 3469 1655 3525 interdum
1701 3471 1932 3526 dicere:
1979 3471 2194 3542 Stupui,

622 3579 740 3620 cum
766 3563 968 3634 aliquid
999 3569 1191 3632 praeter
1217 3562 1524 3631 opinionem
1555 3575 1586 3616 a
1612 3561 1864 3630 quopiam
1903 3561 2021 3617 ﬁeri
2067 3577 2196 3618 con—

598 3657 822 3728 .tigerit.
875 3653 1250 3708 Admiraberis
1284 3653 1466 3723 igitur,
1523 3652 1733 3723 inquit:
1785 3661 2003 3722 etgqua:
2079 3662 2197 3708 tan-

613 3751 738 3803 dem
777 3745 938 3818 hujus
970 3746 1046 3800 rei
1077 3745 1283 3801 causa?
1340 3743 1762 3800 Transferentur
1815 3745 1961 3800 enim
2019 3745 2085 3800 ad
2146 3755 2197 3801 te

625 3836 827 3891 divitiae
871 3835 1060 3901 maris,
1095 3843 1148 3889 ct
1180 3837 1418 3904 gentium
1480 3845 1534 3888 et
1587 3835 1924 3904 populorum.
1985 3835 2197 3891 Clarius

621 3929 706 3982 nic
737 3927 982 3994 praedicit
1045 3927 1337 3980 vocandam
1391 3911 1510 3980 esse
1571 3941 1670 3981 suo
1700 3936 1942 3996 tempore
1976 3927 2043 3980 ad
2102 3943 2195 3983 ve-

606 4019 798 4074 ,ritatis
867 4018 1219 4087 agnitionem,
1283 4018 1520 4088 gentium
1587 4018 2004 4075 multitudinem.
2076 4021 2194 4077 Sita

616 4112 757 4168 enim
801 4109 905 4166 fuit
934 4109 1246 4166 Judaorum
1281 4111 1427 4182 regio
1458 4113 1524 4165 ad
1574 4111 1784 4183 plagam
1833 4129 1952 4182 quae
1973 4115 2040 4184 ad
2067 4130 2194 4184 par-

617 4214 720 4258 tem
750 4203 1041 4260 australem
1073 4204 1263 4273 vergit.
1322 4180 1450 4268 Quae
1477 4180 1604 4258 vero
1668 4180 1927 4274 spectant
1995 4180 2084 4261 ad
2117 4221 2197 4264 se-

616 4297 1000 4368 ptentrionem,
1029 4305 1086 4351 et
1133 4310 1302 4361 mare,
1331 4306 1384 4350 et
1416 4296 1680 4363 civitates,
1711 4313 1773 4354 ac
1808 4299 2056 4370 regiones
2090 4300 2194 4356 ibi-

614 4394 736 4447 dem
773 4392 996 4461 positas,
1030 4391 1270 4461 gentium
1306 4405 1437 4460 grex
1486 4391 1711 4447 sortitus
1777 4400 1878 4447 est.
1927 4390 2192 4459 Quoniam

615 4491 795 4536 autem
827 4483 918 4552 qui
973 4496 1002 4536 a
1035 4457 1267 4550 pristino
1308 4457 1492 4537 errore
1518 4483 1903 4551 discesserant,
1934 4457 2192 4540 mutatio-
2225 4457 2270 4517 θ

614 4589 737 4630 nem
770 4573 824 4627 in
851 4572 1042 4629 melius
1070 4573 1336 4639 fecerunt,
1392 4575 1564 4628 vocati
1595 4575 1658 4628 ad
1705 4576 2035 4646 agnitionem
2095 4591 2193 4633 na-

613 4667 803 4722 turalis
837 4665 953 4734 Dei,
989 4681 1086 4736 per
1141 4680 1236 4722 eos
1258 4666 1348 4736 qui
1376 4667 1762 4724 administrant
1839 4668 2190 4741 Evangelium

611 4759 812 4814 Christi
845 4777 858 4813 :
888 4758 1021 4814 hinc
1041 4758 1174 4813 dicit
1205 4757 1608 4815 trausl'erendas
1646 4760 1714 4814 ad
1743 4759 2042 4817 Ecclesiam
2075 4777 2193 4817 ma-

612 4852 687 4906 ris
717 4850 957 4906 divitias.
1007 4849 1218 4904 Divitiae
1251 4861 1434 4906 autem
1473 4861 1622 4918 sunt,
1652 4861 1711 4907 nt
1757 4853 1888 4920 dixi,
1976 4855 2190 4912 urbium

610 4945 971 5014 «regionum
1018 4942 1088 4997 ad
1114 4958 1262 4998 mare
1293 4944 1542 5008 sitarum,
1595 4943 1646 4998 hi
1685 4947 1775 5014 qui
1827 4946 1878 5001 in
1925 4947 2032 5003 illis
2097 4951 2193 5004 ha-

613 5035 804 5091 bitant.
869 5051 889 5085 ι
925 5033 1294 5104 Vcnientque,
1355 5035 1561 5104 inquit,
1619 5037 1686 5090 ad
1751 5047 1800 5093 te
1859 5041 2022 5094 etiam
2068 5057 2192 5112 gre-

613 5143 707 5198 ges
758 5132 1111 5193 camelorum,
1146 5138 1203 5184 et
1255 5137 1436 5200 tegent
1491 5139 1543 5186 te
1595 5131 1788 5187 cameli
1855 5131 2082 5187 Madiam
2135 5143 2191 5189 et

612 5219 845 5292 Gephar.
887 5239 906 5273 ι
983 5220 1122 5276 Sunt
1187 5221 1333 5276 enim
1401 5221 1710 5278 Madianita‘.
1766 5235 1820 5279 et
1905 5224 2187 5293 Gepharaei

613 5324 802 5384 gentes
830 5313 1071 5369 ﬁnitima:
1105 5311 1427 5381 Jerusalem,
1497 5315 1762 5372 habentes
1823 5318 2192 5371 conterminas

614 5409 878 5476 regiones.
931 5404 1100 5478 844
1144 5405 1278 5460 Nam
1329 5406 1716 5463 abominabiles
1770 5418 1944 5474 erant,
1997 5419 2052 5464 et
2108 5410 2192 5464 in-

614 5497 942 5562 circumcisi,
971 5507 1025 5554 et
1051 5497 1366 5553 idololatrm.
1405 5495 1510 5552 Sed
1550 5507 1602 5552 et
1625 5512 1721 5552 eos
1755 5513 1974 5567 quoque
2005 5514 2194 5554 vocan-

613 5587 710 5640 dos
739 5602 878 5652 esse,
913 5597 967 5643 et
999 5587 1232 5642 fructum
1265 5588 1375 5646 Deo
1397 5589 1657 5655 edituros,
1701 5589 1851 5643 hisce
1883 5592 2060 5645 verbis
2105 5607 2189 5646 os-

685 5771 730 5803 ”
763 5770 880 5826 Act.
913 5786 998 5840 xv,
1033 5771 1121 5827 28.
1197 5773 1242 5803 ’⁸
1271 5773 1290 5829 Ι
1317 5773 1440 5829 Cor.
1469 5789 1552 5841 tn,
1593 5773 1646 5829 2.
1725 5775 1769 5806 "
1807 5773 2010 5830 llnbac.
2047 5791 2084 5844 l,
2119 5776 2170 5830 5.

2307 3200 2531 3271 καρδίας
2561 3199 2990 3270 γεγυμνασμένα
3031 3200 3262 3269 ἐχόντων
3305 3199 3441 3270 πρὸς
3487 3200 3774 3273 διάκρισιν
3805 3222 3896 3256 κα-

2300 3293 2393 3346 λοῦ
2435 3311 2493 3347 τε
2543 3293 2639 3345 καὶ⁸
2685 3290 2880 3347 κακοῦ.
2935 3292 3146 3344 Οὐκοῦν
3179 3292 3266 3344 ἐπ’
3312 3290 3484 3361 ὤμων
3530 3293 3894 3365 ἀρθήσονται,

2301 3387 2486 3455 φησὶν,
2535 3385 2584 3437 οἱ
2629 3384 2734 3438 υίοί
2764 3401 2882 3445 σου,
2917 3383 3013 3436 καὶ
3053 3384 3109 3436 αἱ
3155 3383 3458 3455 θυγατέρες
3505 3403 3621 3448 σου,
3669 3387 3789 3438 τότε
3833 3388 3896 3439 δὲ

2298 3475 2440 3546 ὄψει,
2471 3476 2564 3529 καὶ
2596 3475 2905 3549 φοϐηθήσῃ,
2940 3477 3034 3530 καὶ
3082 3478 3346 3548 ἐκστήσῃ,
3373 3477 3493 3530 ἀντὶ
3523 3477 3636 3539 τοῦ,
3675 3478 3901 3549 θαυμά-

2301 3583 2448 3631 σεις⁸
2480 3566 2625 3620 οὕτω
2674 3567 2784 3638 γάρ
2825 3585 2928 3621 που
2988 3569 3083 3621 καὶ
3127 3571 3157 3622 ό
3199 3569 3485 3632 θεσπέσιος
3529 3569 3898 3640 ’Δϐϐακούμ·

2303 3680 2322 3712 ι
2358 3661 2572 3731 Κύριε,
2623 3660 2824 3730 φησὶν,
2875 3661 3177 3731 εἰσακήκοα
3235 3663 3337 3731 τὴν
3384 3661 3541 3730 ἀκοήν
3609 3677 3740 3725 σου,
3786 3665 3901 3715 καὶ

2298 3752 2593 3825 ἐφοϐήθην.
2635 3751 2956 3821 Κα-τενόησα
3000 3753 3072 3806 τά
3102 3752 3239 3824 ἔργα
3269 3770 3365 3806 σου
3389 3796 3406 3820 ,
3450 3754 3542 3806 καὶ
3573 3753 3838 3825 ἐξέστην,
3873 3778 3893 3807 a

2299 3843 2708 3914 Κατειθίσμεθα
2744 3844 2803 3899 δέ
2848 3863 2966 3909 πως
3001 3845 3095 3898 καὶ
3125 3846 3286 3916 ἡμεῖς
3315 3847 3500 3910 αὐτοὶ,
3537 3845 3620 3912 τὸ,
3662 3846 3914 3915 ἐξέστην,

2300 3937 2412 3991 ἐσθ’
2442 3939 2530 3992 ὅτε
2561 3938 2762 4007 λέγειν,
2796 3939 2926 3992 ὅταν
2954 3956 3006 3992 τι
3035 3939 3141 3992 τῶν
3166 3940 3489 4012 παραδόξων
3525 3941 3634 3995 ὑπό
3669 3959 3767 3996 του
3802 3961 3890 4010 γε·

2297 4031 2483 4087 νέσθαι
2512 4032 2716 4104 συμϐῇ.
2739 4031 3054 4104 Θαυμάσεις
3081 4033 3283 4101 τοίνυν,
3312 4034 3470 4106 φησὶ,
3499 4036 3600 4090 καὶ
3619 4036 3753 4090 ποία
3773 4037 3889 4090 τοὺ-

2297 4141 2391 4178 του
2445 4125 2741 4196 γενήσεται
2794 4123 3107 4195 πρόφασις;
3163 4126 3479 4182 Μεταϐαλεῖ
3535 4127 3649 4199 γὰρ
3701 4131 3780 4192 είς
3831 4130 3884 4181 σὲ

2297 4215 2527 4281 πλοῦτος
2556 4215 2852 4285 θαλάσσης,
2873 4218 2970 4270 καὶ
3001 4217 3192 4282 ἐθνῶν,
3211 4218 3312 4272 καὶ
3338 4219 3505 4273 λαῶν.
3536 4221 3886 4290 Σαφεστέραν

2298 4308 2356 4361 ἐν
2397 4308 2608 4371 τούτοις
2657 4310 2893 4362 ποιεῖται
2929 4310 3028 4380 τὴν
3066 4311 3494 4381 προαγόρευσιν,
3542 4312 3643 4364 τοῦ
3690 4313 3772 4366 ὅτι
3802 4331 3886 4366 κε-

2298 4400 2560 4470 κλήσεται
2590 4399 2732 4454 κατὰ
2781 4400 3009 4472 καιροὺς
3044 4405 3126 4465 είς
3157 4401 3455 4470 ἐπίγνωσιν
3485 4402 3757 4475 ἀληθείας
3788 4405 3885 4456 τῶν

2300 4491 2471 4546 ἐθνῶν
2501 4493 2534 4562 ή
2570 4491 2802 4563 πληθύς.
2841 4489 2953 4546 Ἦν
3003 4494 3101 4563 μὲν
3135 4493 3246 4565 γὰρ
3291 4495 3352 4546 ἐν
3398 4497 3513 4557 τοῖς
3545 4497 3884 4566 νοτιωτέροις

2300 4583 2527 4654 κλίμασι
2545 4583 2654 4638 τῶν
2670 4583 2941 4639 Ἰουδαίων
2959 4585 2992 4656 ή
3015 4584 3187 4656 χώρα,
3206 4586 3277 4639 τά
3293 4603 3357 4654 γε
3381 4587 3490 4657 μὴν
3507 4588 3651 4660 πρὸς
3667 4590 3880 4661 ἄρκτον.

2300 4678 2397 4733 καὶ
2418 4677 2720 4743 θάλασσαν,
2740 4677 2836 4730 καὶ
2861 4677 3066 4744 πόλεις,
3089 4677 3184 4731 καὶ
3213 4678 3312 4741 τὰς
3333 4679 3422 4732 ἐπ’
3447 4681 3587 4750 αὐτῇ
3627 4682 3883 4752 κειμένας

2299 4769 2483 4844 χώρας
2509 4769 2566 4823 αἱ
2592 4768 2700 4822 τῶν
2731 4769 2900 4822 ἐθνῶν
2926 4768 3120 4837 ἀγέλαι
3168 4769 3621 4842 διεμοιρὼσαντο.
3670 4773 3882 4842 ‘Emgai;

2299 4863 2357 4917 δὲ
2386 4863 2486 4934 τῆς
2530 4862 2764 4934 ἀρχαίας
2795 4861 3013 4934 ἀπάτης
3045 4863 3523 4935 ἀπονοστήσαντες
3565 4864 3670 4936 τὴν
3699 4867 3786 4928 είς
3823 4866 3884 4917 τὰ

2301 4955 2511 5025 ἀμείνω
2562 4953 2866 5026 μεταϐολὴν
2907 4955 3175 5026 ἐσχήκασι
3219 4955 3537 5026 κεκλημένα
3584 4956 3728 5028 πρὸς
3771 4960 3886 5011 eti-

2301 5062 2503 5115 γνωσιν
2531 5044 2627 5097 τοῦ
2671 5045 2815 5098 κατά
2857 5044 3020 5114 φύσιν
3052 5044 3205 5110 ὄντος
3235 5043 3367 5098 Θεοῦ
3397 5045 3486 5099 διὰ
3524 5045 3639 5099 τῶν
3675 5049 3885 5116 ἱερουρ-

2299 5140 2540 5210 γούντων
2562 5137 2624 5190 τὸ
2654 5137 2985 5207 Εὑαγγέλιον
3010 5137 3106 5191 τοῦ
3150 5137 3412 5211 Χριστοῦ·
3451 5138 3718 5209 ταύτῃτοί
3753 5157 3888 5210 φησι

2294 5229 2616 5302 μεταϐαλεῖν
2655 5232 2736 5293 είς
2775 5229 2873 5301 τὴν
2940 5231 3275 5302 Ἐκκλησίαν
3319 5231 3419 5302 τῆς
3462 5231 3748 5300 θαλάσσης
3799 5231 3893 5283 τδτ

2293 5320 2541 5374 πλοῦτον⁹
2577 5319 2807 5385 πλοῦτος
2837 5323 2914 5388 δέ,
2967 5323 3044 5386 ὡς
3077 5322 3237 5392 ἔφην,
3264 5323 3375 5375 τῶν
3425 5322 3564 5393 πρὸς
3600 5321 3895 5392 θαλάσσης

2295 5413 2562 5484 κειμένων
2615 5413 2824 5467 πόλεων
2873 5415 2968 5470 καὶ
3018 5416 3232 5487 χωρῶν,
3276 5417 3326 5469 οἱ
3383 5413 3776 5478 κατοικοῦντες
3839 5417 3900 5466 ἐν

2294 5507 2508 5570 αὐταῖς.
2565 5523 2582 5557 ι
2613 5507 2842 5574 ’Ἥξουσι
2890 5507 2947 5560 δέ
3009 5524 3112 5573 σοι,
3159 5509 3330 5576 φησὶ,
3395 5507 3491 5561 καὶ
3528 5507 3725 5566 ἀγέλαι

2299 5598 2504 5670 μήλων,
2538 5599 2632 5653 καὶ
2659 5600 2960 5671 καλύψουσί
3000 5617 3057 5654 σε
3090 5600 3327 5671 κάμηλοι
3371 5601 3602 5672 Μαδιάμ
3646 5600 3743 5655 καὶ
3791 5601 3901 5656 1‘s.-

3797 5524 3893 5558 κα-
