  <div class='ocr_page' id='page_1' title='image "/cluster/home/n/w/nwhite01/storage/ocr_20150623/70/mdp.39015078384453/672.png"; bbox 0 0 4134 6302; ppageno 0'>
   <div class='ocr_carea' id='block_1_1' title="bbox 29 2099 78 2194">
    <p class='ocr_par' dir='ltr' id='par_1_1' title="bbox 29 2099 78 2176">
     <span class='ocr_line' id='line_1_1' title="bbox 31 2099 44 2107; baseline 0 0"><span class='ocrx_word' id='word_1_1' title='bbox 31 2099 44 2107; x_wconf 64' lang='grc' dir='ltr'>ι</span> 
     </span>
     <span class='ocr_line' id='line_1_2' title="bbox 29 2166 78 2176; baseline 0 0"><span class='ocrx_word' id='word_1_2' title='bbox 29 2166 78 2176; x_wconf 63' lang='grc' dir='ltr'><strong>-σ</strong></span> 
     </span>
    </p>
   </div>
   <div class='ocr_carea' id='block_1_2' title="bbox 23 2258 75 2387">
    <p class='ocr_par' dir='ltr' id='par_1_2' title="bbox 23 2258 75 2387">
     <span class='ocr_line' id='line_1_3' title="bbox 23 2258 75 2274; baseline 0 -2"><span class='ocrx_word' id='word_1_3' title='bbox 23 2258 75 2274; x_wconf 68' lang='lat'><strong>.—</strong></span> 
     </span>
     <span class='ocr_line' id='line_1_4' title="bbox 39 2281 73 2292; baseline 0 0"><span class='ocrx_word' id='word_1_4' title='bbox 39 2281 73 2292; x_wconf 67' lang='grc' dir='ltr'><strong>..ρ</strong></span> 
     </span>
     <span class='ocr_line' id='line_1_5' title="bbox 56 2379 64 2387; baseline 0 -1"><span class='ocrx_word' id='word_1_5' title='bbox 56 2379 64 2387; x_wconf 69' lang='grc' dir='ltr'><strong>α</strong></span> 
     </span>
    </p>
   </div>
   <div class='ocr_carea' id='block_1_3' title="bbox 347 401 3595 465">
    <p class='ocr_par' dir='ltr' id='par_1_3' title="bbox 347 401 3595 465">
     <span class='ocr_line' id='line_1_6' title="bbox 347 401 3595 465; baseline -0 -6"><span class='ocrx_word' id='word_1_6' title='bbox 347 403 484 460; x_wconf 64' lang='lat'><strong>{339</strong></span> <span class='ocrx_word' id='word_1_7' title='bbox 1467 401 1528 456; x_wconf 81' lang='grc' dir='ltr'><strong>ΙΝ</strong></span> <span class='ocrx_word' id='word_1_8' title='bbox 1569 401 1798 458; x_wconf 80' lang='lat' dir='ltr'><strong>ISAIAM</strong></span> <span class='ocrx_word' id='word_1_9' title='bbox 1839 405 1967 462; x_wconf 88' lang='lat' dir='ltr'><strong>LIB.</strong></span> <span class='ocrx_word' id='word_1_10' title='bbox 2007 408 2068 462; x_wconf 86' lang='lat' dir='ltr'><strong>V.</strong></span> <span class='ocrx_word' id='word_1_11' title='bbox 2109 405 2346 465; x_wconf 80' lang='lat' dir='ltr'><strong>TOMUS</strong></span> <span class='ocrx_word' id='word_1_12' title='bbox 2383 407 2471 464; x_wconf 77' lang='lat' dir='ltr'><strong>IV.</strong></span> <span class='ocrx_word' id='word_1_13' title='bbox 3464 401 3595 462; x_wconf 69' lang='lat' dir='ltr'><strong>i530</strong></span> 
     </span>
    </p>
   </div>
   <div class='ocr_carea' id='block_1_4' title="bbox 349 512 1922 588">
    <p class='ocr_par' dir='ltr' id='par_1_4' title="bbox 349 512 1915 588">
     <span class='ocr_line' id='line_1_7' title="bbox 349 512 1915 588; baseline -0.002 -17"><span class='ocrx_word' id='word_1_14' title='bbox 349 516 482 588; x_wconf 80' lang='grc' dir='ltr'>φάρ.</span> <span class='ocrx_word' id='word_1_15' title='bbox 523 532 540 566; x_wconf 75' lang='grc' dir='ltr'><strong>ι</strong></span> <span class='ocrx_word' id='word_1_16' title='bbox 574 514 742 587; x_wconf 83' lang='grc' dir='ltr'>Ἔθνη</span> <span class='ocrx_word' id='word_1_17' title='bbox 788 515 890 587; x_wconf 73' lang='grc' dir='ltr'><strong>μὲν</strong></span> <span class='ocrx_word' id='word_1_18' title='bbox 923 515 1029 586; x_wconf 80' lang='grc' dir='ltr'><strong>γάρ</strong></span> <span class='ocrx_word' id='word_1_19' title='bbox 1090 512 1343 584; x_wconf 79' lang='grc' dir='ltr'><strong>περίοικα</strong></span> <span class='ocrx_word' id='word_1_20' title='bbox 1386 512 1489 582; x_wconf 78' lang='grc' dir='ltr'>τῆς</span> <span class='ocrx_word' id='word_1_21' title='bbox 1542 513 1915 587; x_wconf 78' lang='grc' dir='ltr'>Ἰερουσαλήμ,</span> 
     </span>
    </p>
   </div>
   <div class='ocr_carea' id='block_1_5' title="bbox 2024 512 3579 588">
    <p class='ocr_par' dir='ltr' id='par_1_5' title="bbox 2024 515 3579 581">
     <span class='ocr_line' id='line_1_8' title="bbox 2024 515 3579 581; baseline -0.001 -11"><span class='ocrx_word' id='word_1_22' title='bbox 2024 519 2208 573; x_wconf 93' lang='lat' dir='ltr'><strong>tendit.</strong></span> <span class='ocrx_word' id='word_1_23' title='bbox 2266 519 2434 573; x_wconf 86' lang='lat' dir='ltr'><strong>Erant</strong></span> <span class='ocrx_word' id='word_1_24' title='bbox 2461 518 2605 574; x_wconf 85' lang='lat' dir='ltr'><strong>enim</strong></span> <span class='ocrx_word' id='word_1_25' title='bbox 2637 531 2875 574; x_wconf 87' lang='lat' dir='ltr'><strong>sessorcs</strong></span> <span class='ocrx_word' id='word_1_26' title='bbox 2917 515 3267 581; x_wconf 84' lang='lat' dir='ltr'><strong>camelorum,</strong></span> <span class='ocrx_word' id='word_1_27' title='bbox 3304 523 3356 572; x_wconf 90' lang='lat' dir='ltr'><strong>et</strong></span> <span class='ocrx_word' id='word_1_28' title='bbox 3383 515 3579 569; x_wconf 85' lang='lat' dir='ltr'><strong>victum</strong></span> 
     </span>
    </p>
   </div>
   <div class='ocr_carea' id='block_1_6' title="bbox 350 605 1919 679">
    <p class='ocr_par' dir='ltr' id='par_1_6' title="bbox 350 605 1919 679">
     <span class='ocr_line' id='line_1_9' title="bbox 350 605 1919 679; baseline -0.001 -15"><span class='ocrx_word' id='word_1_29' title='bbox 350 609 444 664; x_wconf 75' lang='grc' dir='ltr'>καὶ</span> <span class='ocrx_word' id='word_1_30' title='bbox 478 607 578 671; x_wconf 78' lang='grc' dir='ltr'><strong>τὰς</strong></span> <span class='ocrx_word' id='word_1_31' title='bbox 621 607 854 679; x_wconf 77' lang='grc' dir='ltr'><strong>ὁμόρους</strong></span> <span class='ocrx_word' id='word_1_32' title='bbox 899 606 1109 676; x_wconf 75' lang='grc' dir='ltr'>ἔχοντα.</span> <span class='ocrx_word' id='word_1_33' title='bbox 1158 605 1479 676; x_wconf 82' lang='grc' dir='ltr'>Μαδιηναῖοί</span> <span class='ocrx_word' id='word_1_34' title='bbox 1526 623 1585 660; x_wconf 83' lang='grc' dir='ltr'><strong>τε</strong></span> <span class='ocrx_word' id='word_1_35' title='bbox 1632 609 1724 662; x_wconf 75' lang='grc' dir='ltr'>καὶ</span> <span class='ocrx_word' id='word_1_36' title='bbox 1771 609 1821 662; x_wconf 76' lang='grc' dir='ltr'>οἱ</span> <span class='ocrx_word' id='word_1_37' title='bbox 1854 611 1919 663; x_wconf 85' lang='grc' dir='ltr'>ὲκ</span> 
     </span>
    </p>
   </div>
   <div class='ocr_carea' id='block_1_7' title="bbox 351 696 1920 777">
    <p class='ocr_par' dir='ltr' id='par_1_7' title="bbox 351 696 1920 777">
     <span class='ocr_line' id='line_1_10' title="bbox 351 696 1920 777; baseline 0.001 -23"><span class='ocrx_word' id='word_1_38' title='bbox 351 697 554 774; x_wconf 77' lang='grc' dir='ltr'>Γεφάρ.</span> <span class='ocrx_word' id='word_1_39' title='bbox 582 696 766 755; x_wconf 84' lang='grc' dir='ltr'>Ἦσαν</span> <span class='ocrx_word' id='word_1_40' title='bbox 810 697 920 769; x_wconf 83' lang='grc' dir='ltr'><strong>γὰρ</strong></span> <span class='ocrx_word' id='word_1_41' title='bbox 965 697 1234 770; x_wconf 80' lang='grc' dir='ltr'>βδελυροὶ,</span> <span class='ocrx_word' id='word_1_42' title='bbox 1289 699 1380 777; x_wconf 76' lang='grc' dir='ltr'>καὶ</span> <span class='ocrx_word' id='word_1_43' title='bbox 1424 700 1775 770; x_wconf 83' lang='grc' dir='ltr'>άκρόϐυστοι,</span> <span class='ocrx_word' id='word_1_44' title='bbox 1824 703 1920 755; x_wconf 75' lang='grc' dir='ltr'>καὶ</span> 
     </span>
    </p>
   </div>
   <div class='ocr_carea' id='block_1_8' title="bbox 352 790 1920 864">
    <p class='ocr_par' dir='ltr' id='par_1_8' title="bbox 352 790 1920 864">
     <span class='ocr_line' id='line_1_11' title="bbox 352 790 1920 864; baseline 0.001 -18"><span class='ocrx_word' id='word_1_45' title='bbox 352 793 753 864; x_wconf 77' lang='grc' dir='ltr'><strong>εἰδωλολάτραι,</strong></span> <span class='ocrx_word' id='word_1_46' title='bbox 797 791 914 845; x_wconf 78' lang='grc' dir='ltr'>ἀλλ’</span> <span class='ocrx_word' id='word_1_47' title='bbox 953 791 1034 843; x_wconf 81' lang='grc' dir='ltr'>ὅτι</span> <span class='ocrx_word' id='word_1_48' title='bbox 1087 790 1445 862; x_wconf 83' lang='grc' dir='ltr'>κεκλήσονται</span> <span class='ocrx_word' id='word_1_49' title='bbox 1485 792 1580 846; x_wconf 73' lang='grc' dir='ltr'>καὶ</span> <span class='ocrx_word' id='word_1_50' title='bbox 1617 793 1788 859; x_wconf 75' lang='grc' dir='ltr'>αὐτοὶ,</span> <span class='ocrx_word' id='word_1_51' title='bbox 1826 794 1920 848; x_wconf 79' lang='grc' dir='ltr'>καὶ</span> 
     </span>
    </p>
   </div>
   <div class='ocr_carea' id='block_1_9' title="bbox 355 879 1919 954">
    <p class='ocr_par' dir='ltr' id='par_1_9' title="bbox 355 879 1919 954">
     <span class='ocr_line' id='line_1_12' title="bbox 355 879 1919 954; baseline -0.002 -17"><span class='ocrx_word' id='word_1_52' title='bbox 355 883 834 954; x_wconf 80' lang='grc' dir='ltr'>καρποφορήσουσι</span> <span class='ocrx_word' id='word_1_53' title='bbox 879 879 960 950; x_wconf 85' lang='grc' dir='ltr'>τῷ</span> <span class='ocrx_word' id='word_1_54' title='bbox 1005 879 1147 951; x_wconf 81' lang='grc' dir='ltr'>Θεῷ,</span> <span class='ocrx_word' id='word_1_55' title='bbox 1169 880 1532 936; x_wconf 85' lang='grc' dir='ltr'>διαδείκνυσιν</span> <span class='ocrx_word' id='word_1_56' title='bbox 1582 884 1641 935; x_wconf 76' lang='grc' dir='ltr'><strong>ὲν</strong></span> <span class='ocrx_word' id='word_1_57' title='bbox 1688 882 1919 947; x_wconf 83' lang='grc' dir='ltr'><strong>τούτοις.</strong></span> 
     </span>
    </p>
   </div>
   <div class='ocr_carea' id='block_1_10' title="bbox 352 968 1921 1046">
    <p class='ocr_par' dir='ltr' id='par_1_10' title="bbox 352 968 1921 1046">
     <span class='ocr_line' id='line_1_13' title="bbox 352 968 1921 1046; baseline 0 -20"><span class='ocrx_word' id='word_1_58' title='bbox 352 968 531 1026; x_wconf 81' lang='grc' dir='ltr'>Ἦσαν</span> <span class='ocrx_word' id='word_1_59' title='bbox 562 973 662 1044; x_wconf 82' lang='grc' dir='ltr'><strong>μὲν</strong></span> <span class='ocrx_word' id='word_1_60' title='bbox 693 970 801 1044; x_wconf 78' lang='grc' dir='ltr'>γὰρ</span> <span class='ocrx_word' id='word_1_61' title='bbox 825 971 1060 1042; x_wconf 71' lang='grc' dir='ltr'>ἐμϐάται</span> <span class='ocrx_word' id='word_1_62' title='bbox 1102 973 1386 1043; x_wconf 76' lang='grc' dir='ltr'><strong>καμήλων,</strong></span> <span class='ocrx_word' id='word_1_63' title='bbox 1415 973 1509 1027; x_wconf 78' lang='grc' dir='ltr'>καὶ</span> <span class='ocrx_word' id='word_1_64' title='bbox 1539 973 1636 1037; x_wconf 80' lang='grc' dir='ltr'><strong>τὰς</strong></span> <span class='ocrx_word' id='word_1_65' title='bbox 1679 973 1774 1027; x_wconf 83' lang='grc' dir='ltr'><strong>τοῦ</strong></span> <span class='ocrx_word' id='word_1_66' title='bbox 1821 974 1921 1046; x_wconf 82' lang='grc' dir='ltr'><strong>ζῇν</strong></span> 
     </span>
    </p>
   </div>
   <div class='ocr_carea' id='block_1_11' title="bbox 351 1061 1920 1138">
    <p class='ocr_par' dir='ltr' id='par_1_11' title="bbox 351 1061 1920 1138">
     <span class='ocr_line' id='line_1_14' title="bbox 351 1061 1920 1138; baseline 0.003 -24"><span class='ocrx_word' id='word_1_67' title='bbox 351 1063 602 1132; x_wconf 75' lang='grc' dir='ltr'>ἀφορμάς</span> <span class='ocrx_word' id='word_1_68' title='bbox 657 1061 765 1116; x_wconf 87' lang='grc' dir='ltr'><strong>άπό</strong></span> <span class='ocrx_word' id='word_1_69' title='bbox 805 1078 870 1131; x_wconf 87' lang='grc' dir='ltr'><strong>γε</strong></span> <span class='ocrx_word' id='word_1_70' title='bbox 919 1061 1012 1116; x_wconf 88' lang='grc' dir='ltr'><strong>τοῦ</strong></span> <span class='ocrx_word' id='word_1_71' title='bbox 1061 1062 1354 1134; x_wconf 85' lang='grc' dir='ltr'>μάχεσθαι,</span> <span class='ocrx_word' id='word_1_72' title='bbox 1400 1065 1495 1116; x_wconf 72' lang='grc' dir='ltr'><strong>καὶ</strong></span> <span class='ocrx_word' id='word_1_73' title='bbox 1538 1068 1920 1138; x_wconf 77' lang='grc' dir='ltr'><strong>κτηνοτροφεῖν</strong></span> 
     </span>
    </p>
   </div>
   <div class='ocr_carea' id='block_1_12' title="bbox 351 1149 1918 1228">
    <p class='ocr_par' dir='ltr' id='par_1_12' title="bbox 351 1149 1918 1228">
     <span class='ocr_line' id='line_1_15' title="bbox 351 1149 1918 1228; baseline 0.005 -26"><span class='ocrx_word' id='word_1_74' title='bbox 351 1151 693 1223; x_wconf 72' lang='grc' dir='ltr'><strong>ἐπορίζοντο·</strong></span> <span class='ocrx_word' id='word_1_75' title='bbox 747 1149 889 1224; x_wconf 81' lang='grc' dir='ltr'>ἦσαν</span> <span class='ocrx_word' id='word_1_76' title='bbox 931 1153 989 1206; x_wconf 83' lang='grc' dir='ltr'>δὲ</span> <span class='ocrx_word' id='word_1_77' title='bbox 1024 1154 1107 1207; x_wconf 73' lang='grc' dir='ltr'><strong>ὅτι</strong></span> <span class='ocrx_word' id='word_1_78' title='bbox 1146 1154 1383 1225; x_wconf 86' lang='grc' dir='ltr'>μάλιστα</span> <span class='ocrx_word' id='word_1_79' title='bbox 1433 1157 1546 1219; x_wconf 84' lang='grc' dir='ltr'>τοῖς</span> <span class='ocrx_word' id='word_1_80' title='bbox 1587 1155 1647 1222; x_wconf 81' lang='grc' dir='ltr'>ἐξ</span> <span class='ocrx_word' id='word_1_81' title='bbox 1684 1156 1918 1228; x_wconf 81' lang='grc' dir='ltr'>Ἰσραὴλ,</span> 
     </span>
    </p>
   </div>
   <div class='ocr_carea' id='block_1_13' title="bbox 355 1243 1923 1318">
    <p class='ocr_par' dir='ltr' id='par_1_13' title="bbox 355 1243 1923 1318">
     <span class='ocr_line' id='line_1_16' title="bbox 355 1243 1923 1318; baseline 0.003 -23"><span class='ocrx_word' id='word_1_82' title='bbox 355 1244 468 1295; x_wconf 81' lang='grc' dir='ltr'>ἀλλ’</span> <span class='ocrx_word' id='word_1_83' title='bbox 495 1245 542 1297; x_wconf 79' lang='grc' dir='ltr'>οἱ</span> <span class='ocrx_word' id='word_1_84' title='bbox 573 1244 706 1297; x_wconf 78' lang='grc' dir='ltr'>ποτὲ</span> <span class='ocrx_word' id='word_1_85' title='bbox 741 1243 1084 1315; x_wconf 81' lang='grc' dir='ltr'>πλανώμενοι</span> <span class='ocrx_word' id='word_1_86' title='bbox 1110 1243 1326 1316; x_wconf 78' lang='grc' dir='ltr'>βέϐηλοι</span> <span class='ocrx_word' id='word_1_87' title='bbox 1347 1263 1404 1298; x_wconf 88' lang='grc' dir='ltr'><strong>τε</strong></span> <span class='ocrx_word' id='word_1_88' title='bbox 1445 1247 1539 1299; x_wconf 74' lang='grc' dir='ltr'><strong>καὶ</strong></span> <span class='ocrx_word' id='word_1_89' title='bbox 1566 1247 1787 1318; x_wconf 79' lang='grc' dir='ltr'>ἄμικτοι</span> <span class='ocrx_word' id='word_1_90' title='bbox 1811 1250 1923 1311; x_wconf 87' lang='grc' dir='ltr'>τοῖς</span> 
     </span>
    </p>
   </div>
   <div class='ocr_carea' id='block_1_14' title="bbox 351 1332 1920 1409">
    <p class='ocr_par' dir='ltr' id='par_1_14' title="bbox 351 1332 1920 1409">
     <span class='ocr_line' id='line_1_17' title="bbox 351 1332 1920 1409; baseline -0.009 -6"><span class='ocrx_word' id='word_1_91' title='bbox 351 1334 701 1405; x_wconf 66' lang='grc' dir='ltr'><strong>ἡγιασμένοις</strong></span> <span class='ocrx_word' id='word_1_92' title='bbox 727 1332 934 1406; x_wconf 76' lang='grc' dir='ltr'>ἥξουσι,</span> <span class='ocrx_word' id='word_1_93' title='bbox 965 1336 1150 1406; x_wconf 75' lang='grc' dir='ltr'>φησὶν,</span> <span class='ocrx_word' id='word_1_94' title='bbox 1178 1337 1239 1390; x_wconf 81' lang='grc' dir='ltr'>οὐ</span> <span class='ocrx_word' id='word_1_95' title='bbox 1270 1336 1387 1390; x_wconf 83' lang='grc' dir='ltr'>καθ’</span> <span class='ocrx_word' id='word_1_96' title='bbox 1414 1338 1510 1393; x_wconf 76' lang='grc' dir='ltr'>ἕνα</span> <span class='ocrx_word' id='word_1_97' title='bbox 1545 1338 1766 1409; x_wconf 80' lang='grc' dir='ltr'>μᾶλλον,</span> <span class='ocrx_word' id='word_1_98' title='bbox 1792 1335 1920 1406; x_wconf 72' lang='grc' dir='ltr'>ἆγε-ε</span> 
     </span>
    </p>
   </div>
   <div class='ocr_carea' id='block_1_15' title="bbox 350 1427 1916 1502">
    <p class='ocr_par' dir='ltr' id='par_1_15' title="bbox 350 1427 1916 1502">
     <span class='ocr_line' id='line_1_18' title="bbox 350 1427 1916 1502; baseline 0.002 -22"><span class='ocrx_word' id='word_1_99' title='bbox 350 1428 506 1500; x_wconf 84' lang='grc' dir='ltr'>ληδὸν</span> <span class='ocrx_word' id='word_1_100' title='bbox 533 1427 590 1481; x_wconf 83' lang='grc' dir='ltr'>δὲ</span> <span class='ocrx_word' id='word_1_101' title='bbox 617 1427 827 1498; x_wconf 84' lang='grc' dir='ltr'>ὥσπερ,</span> <span class='ocrx_word' id='word_1_102' title='bbox 864 1429 958 1481; x_wconf 79' lang='grc' dir='ltr'>καὶ</span> <span class='ocrx_word' id='word_1_103' title='bbox 997 1427 1140 1482; x_wconf 86' lang='grc' dir='ltr'>κατὰ</span> <span class='ocrx_word' id='word_1_104' title='bbox 1184 1428 1414 1500; x_wconf 88' lang='grc' dir='ltr'>πληθὺν,</span> <span class='ocrx_word' id='word_1_105' title='bbox 1445 1430 1478 1501; x_wconf 76' lang='grc' dir='ltr'>ἢ</span> <span class='ocrx_word' id='word_1_106' title='bbox 1507 1431 1772 1502; x_wconf 83' lang='grc' dir='ltr'><strong>καμήλοις</strong></span> <span class='ocrx_word' id='word_1_107' title='bbox 1817 1433 1916 1483; x_wconf 79' lang='grc' dir='ltr'><strong>ὲπ-</strong></span> 
     </span>
    </p>
   </div>
   <div class='ocr_carea' id='block_1_16' title="bbox 350 1518 1917 1592">
    <p class='ocr_par' dir='ltr' id='par_1_16' title="bbox 350 1518 1917 1592">
     <span class='ocr_line' id='line_1_19' title="bbox 350 1518 1917 1592; baseline 0.003 -21"><span class='ocrx_word' id='word_1_108' title='bbox 350 1518 660 1590; x_wconf 82' lang='grc' dir='ltr'>οχούμενοι,</span> <span class='ocrx_word' id='word_1_109' title='bbox 704 1519 869 1589; x_wconf 77' lang='grc' dir='ltr'>ἧγουν</span> <span class='ocrx_word' id='word_1_110' title='bbox 903 1519 1051 1590; x_wconf 75' lang='grc' dir='ltr'>ἅπερ</span> <span class='ocrx_word' id='word_1_111' title='bbox 1103 1519 1286 1590; x_wconf 78' lang='grc' dir='ltr'>ἔχουσι</span> <span class='ocrx_word' id='word_1_112' title='bbox 1318 1522 1798 1592; x_wconf 77' lang='grc' dir='ltr'>προσκομίζοντες,</span> <span class='ocrx_word' id='word_1_113' title='bbox 1825 1521 1917 1575; x_wconf 76' lang='grc' dir='ltr'>καὶ</span> 
     </span>
    </p>
   </div>
   <div class='ocr_carea' id='block_1_17' title="bbox 350 1610 1918 1681">
    <p class='ocr_par' dir='ltr' id='par_1_17' title="bbox 350 1610 1918 1681">
     <span class='ocr_line' id='line_1_20' title="bbox 350 1610 1918 1681; baseline 0.003 -19"><span class='ocrx_word' id='word_1_114' title='bbox 350 1612 464 1674; x_wconf 81' lang='grc' dir='ltr'>τοῖς</span> <span class='ocrx_word' id='word_1_115' title='bbox 489 1610 630 1664; x_wconf 76' lang='grc' dir='ltr'>κατὰ</span> <span class='ocrx_word' id='word_1_116' title='bbox 655 1613 813 1681; x_wconf 78' lang='grc' dir='ltr'>χεῖρα</span> <span class='ocrx_word' id='word_1_117' title='bbox 834 1611 1102 1680; x_wconf 85' lang='grc' dir='ltr'>τιμῶντες</span> <span class='ocrx_word' id='word_1_118' title='bbox 1137 1610 1290 1667; x_wconf 86' lang='grc' dir='ltr'>Θεόν.</span> <span class='ocrx_word' id='word_1_119' title='bbox 1327 1628 1345 1662; x_wconf 79' lang='grc' dir='ltr'><strong>ι</strong></span> <span class='ocrx_word' id='word_1_120' title='bbox 1381 1610 1610 1678; x_wconf 82' lang='grc' dir='ltr'>’Ἢξουσι</span> <span class='ocrx_word' id='word_1_121' title='bbox 1637 1613 1694 1666; x_wconf 81' lang='grc' dir='ltr'>δὲ</span> <span class='ocrx_word' id='word_1_122' title='bbox 1721 1613 1918 1677; x_wconf 85' lang='grc' dir='ltr'>πάντες</span> 
     </span>
    </p>
   </div>
   <div class='ocr_carea' id='block_1_18' title="bbox 351 1699 1921 1773">
    <p class='ocr_par' dir='ltr' id='par_1_18' title="bbox 351 1699 1921 1773">
     <span class='ocr_line' id='line_1_21' title="bbox 351 1699 1921 1773; baseline 0.001 -21"><span class='ocrx_word' id='word_1_123' title='bbox 351 1701 416 1753; x_wconf 77' lang='grc' dir='ltr'>ἐκ</span> <span class='ocrx_word' id='word_1_124' title='bbox 453 1699 638 1754; x_wconf 78' lang='grc' dir='ltr'>Σαϐϐἄ</span> <span class='ocrx_word' id='word_1_125' title='bbox 668 1700 922 1773; x_wconf 81' lang='grc' dir='ltr'>φέροντες</span> <span class='ocrx_word' id='word_1_126' title='bbox 949 1701 1173 1772; x_wconf 88' lang='grc' dir='ltr'>χρυσίον</span> <span class='ocrx_word' id='word_1_127' title='bbox 1212 1701 1307 1753; x_wconf 73' lang='grc' dir='ltr'>καὶ</span> <span class='ocrx_word' id='word_1_128' title='bbox 1337 1700 1576 1767; x_wconf 87' lang='grc' dir='ltr'>λίϐανον,</span> <span class='ocrx_word' id='word_1_129' title='bbox 1598 1701 1807 1754; x_wconf 71' lang='grc' dir='ltr'>οἴσουσι</span> <span class='ocrx_word' id='word_1_130' title='bbox 1829 1701 1921 1755; x_wconf 76' lang='grc' dir='ltr'>καὶ</span> 
     </span>
    </p>
   </div>
   <div class='ocr_carea' id='block_1_19' title="bbox 351 1789 1923 1862">
    <p class='ocr_par' dir='ltr' id='par_1_19' title="bbox 351 1789 1923 1862">
     <span class='ocr_line' id='line_1_22' title="bbox 351 1789 1923 1862; baseline 0.001 -20"><span class='ocrx_word' id='word_1_131' title='bbox 351 1789 499 1845; x_wconf 88' lang='grc' dir='ltr'>λίθον</span> <span class='ocrx_word' id='word_1_132' title='bbox 521 1790 725 1861; x_wconf 86' lang='grc' dir='ltr'>τίμιον,</span> <span class='ocrx_word' id='word_1_133' title='bbox 765 1791 860 1844; x_wconf 77' lang='grc' dir='ltr'>καὶ</span> <span class='ocrx_word' id='word_1_134' title='bbox 895 1789 958 1844; x_wconf 88' lang='grc' dir='ltr'><strong>τδ</strong></span> <span class='ocrx_word' id='word_1_135' title='bbox 1010 1791 1275 1862; x_wconf 82' lang='grc' dir='ltr'>σωτήριον</span> <span class='ocrx_word' id='word_1_136' title='bbox 1305 1791 1511 1862; x_wconf 76' lang='grc' dir='ltr'>Κυρίου</span> <span class='ocrx_word' id='word_1_137' title='bbox 1550 1791 1923 1861; x_wconf 80' lang='grc' dir='ltr'>εὐαγγελιοῦν-</span> 
     </span>
    </p>
   </div>
   <div class='ocr_carea' id='block_1_20' title="bbox 2022 606 3571 680">
    <p class='ocr_par' dir='ltr' id='par_1_20' title="bbox 2022 606 3571 680">
     <span class='ocr_line' id='line_1_23' title="bbox 2022 606 3571 680; baseline -0.003 -18"><span class='ocrx_word' id='word_1_138' title='bbox 2022 619 2088 662; x_wconf 77' lang='lat' dir='ltr'><strong>ex</strong></span> <span class='ocrx_word' id='word_1_139' title='bbox 2119 606 2270 663; x_wconf 85' lang='lat' dir='ltr'><strong>bellis</strong></span> <span class='ocrx_word' id='word_1_140' title='bbox 2297 618 2350 664; x_wconf 87' lang='lat' dir='ltr'><strong>et</strong></span> <span class='ocrx_word' id='word_1_141' title='bbox 2371 608 2652 680; x_wconf 88' lang='lat' dir='ltr'><strong>pecoribus</strong></span> <span class='ocrx_word' id='word_1_142' title='bbox 2699 607 2978 677; x_wconf 77' lang='lat' dir='ltr'><strong>pascendis</strong></span> <span class='ocrx_word' id='word_1_143' title='bbox 3017 607 3356 674; x_wconf 70' lang='lat' dir='ltr'><strong>quaerebant;</strong></span> <span class='ocrx_word' id='word_1_144' title='bbox 3393 613 3571 660; x_wconf 84' lang='lat' dir='ltr'><strong>erant-</strong></span> 
     </span>
    </p>
   </div>
   <div class='ocr_carea' id='block_1_21' title="bbox 2024 695 3594 768">
    <p class='ocr_par' dir='ltr' id='par_1_21' title="bbox 2024 695 3594 768">
     <span class='ocr_line' id='line_1_24' title="bbox 2024 695 3594 768; baseline -0.003 -16"><span class='ocrx_word' id='word_1_145' title='bbox 2024 714 2128 768; x_wconf 88' lang='lat' dir='ltr'><strong>que</strong></span> <span class='ocrx_word' id='word_1_146' title='bbox 2155 699 2408 754; x_wconf 89' lang='lat' dir='ltr'><strong>lsraelitis</strong></span> <span class='ocrx_word' id='word_1_147' title='bbox 2439 697 2819 754; x_wconf 88' lang='lat' dir='ltr'><strong>inimicissimi.</strong></span> <span class='ocrx_word' id='word_1_148' title='bbox 2879 698 2984 753; x_wconf 88' lang='lat' dir='ltr'><strong>Sed</strong></span> <span class='ocrx_word' id='word_1_149' title='bbox 3047 698 3138 767; x_wconf 87' lang='lat' dir='ltr'><strong>qui</strong></span> <span class='ocrx_word' id='word_1_150' title='bbox 3202 695 3351 762; x_wconf 87' lang='lat' dir='ltr'><strong>olim,</strong></span> <span class='ocrx_word' id='word_1_151' title='bbox 3390 695 3594 765; x_wconf 73' lang='lat' dir='ltr'><strong>inquit,</strong></span> 
     </span>
    </p>
   </div>
   <div class='ocr_carea' id='block_1_22' title="bbox 2024 786 3598 862">
    <p class='ocr_par' dir='ltr' id='par_1_22' title="bbox 2024 786 3598 862">
     <span class='ocr_line' id='line_1_25' title="bbox 2024 786 3598 862; baseline -0.003 -17"><span class='ocrx_word' id='word_1_152' title='bbox 2024 791 2278 845; x_wconf 84' lang='lat' dir='ltr'><strong>errabant</strong></span> <span class='ocrx_word' id='word_1_153' title='bbox 2343 800 2398 846; x_wconf 89' lang='lat' dir='ltr'><strong>et</strong></span> <span class='ocrx_word' id='word_1_154' title='bbox 2455 789 2662 862; x_wconf 79' lang='lat' dir='ltr'><strong>profani</strong></span> <span class='ocrx_word' id='word_1_155' title='bbox 2706 799 2882 856; x_wconf 89' lang='lat' dir='ltr'><strong>erant,</strong></span> <span class='ocrx_word' id='word_1_156' title='bbox 2946 787 3256 858; x_wconf 90' lang='lat' dir='ltr'><strong>nullumque</strong></span> <span class='ocrx_word' id='word_1_157' title='bbox 3332 786 3598 842; x_wconf 81' lang='lat' dir='ltr'><strong>habebant</strong></span> 
     </span>
    </p>
   </div>
   <div class='ocr_carea' id='block_1_23' title="bbox 2025 877 3596 946">
    <p class='ocr_par' dir='ltr' id='par_1_23' title="bbox 2025 877 3596 946">
     <span class='ocr_line' id='line_1_26' title="bbox 2025 877 3596 946; baseline -0.004 -12"><span class='ocrx_word' id='word_1_158' title='bbox 2025 894 2147 934; x_wconf 90' lang='lat' dir='ltr'><strong>cum</strong></span> <span class='ocrx_word' id='word_1_159' title='bbox 2209 879 2562 937; x_wconf 82' lang='lat' dir='ltr'><strong>sanctiﬁcatis</strong></span> <span class='ocrx_word' id='word_1_160' title='bbox 2624 877 3033 944; x_wconf 87' lang='lat' dir='ltr'><strong>commercium,</strong></span> <span class='ocrx_word' id='word_1_161' title='bbox 3115 878 3354 943; x_wconf 91' lang='lat' dir='ltr'><strong>venient,</strong></span> <span class='ocrx_word' id='word_1_162' title='bbox 3401 877 3596 946; x_wconf 86' lang='lat' dir='ltr'><strong>inquit,</strong></span> 
     </span>
    </p>
   </div>
   <div class='ocr_carea' id='block_1_24' title="bbox 2025 966 3596 1042">
    <p class='ocr_par' dir='ltr' id='par_1_24' title="bbox 2025 966 3596 1042">
     <span class='ocr_line' id='line_1_27' title="bbox 2025 966 3596 1042; baseline -0.004 -16"><span class='ocrx_word' id='word_1_163' title='bbox 2025 986 2129 1026; x_wconf 88' lang='lat' dir='ltr'><strong>non</strong></span> <span class='ocrx_word' id='word_1_164' title='bbox 2164 971 2385 1037; x_wconf 82' lang='lat' dir='ltr'><strong>viritim,</strong></span> <span class='ocrx_word' id='word_1_165' title='bbox 2432 973 2525 1026; x_wconf 81' lang='lat' dir='ltr'><strong>sed</strong></span> <span class='ocrx_word' id='word_1_166' title='bbox 2576 971 2838 1042; x_wconf 88' lang='lat' dir='ltr'><strong>gregatim</strong></span> <span class='ocrx_word' id='word_1_167' title='bbox 2871 979 2925 1024; x_wconf 89' lang='lat' dir='ltr'><strong>et</strong></span> <span class='ocrx_word' id='word_1_168' title='bbox 2959 968 3256 1032; x_wconf 87' lang='lat' dir='ltr'><strong>turmatim,</strong></span> <span class='ocrx_word' id='word_1_169' title='bbox 3297 966 3379 1021; x_wconf 82' lang='lat' dir='ltr'><strong>vel</strong></span> <span class='ocrx_word' id='word_1_170' title='bbox 3414 981 3596 1021; x_wconf 87' lang='lat' dir='ltr'><strong>came-</strong></span> 
     </span>
    </p>
   </div>
   <div class='ocr_carea' id='block_1_25' title="bbox 2025 1057 3598 1134">
    <p class='ocr_par' dir='ltr' id='par_1_25' title="bbox 2025 1057 3598 1134">
     <span class='ocr_line' id='line_1_28' title="bbox 2025 1057 3598 1134; baseline -0.003 -20"><span class='ocrx_word' id='word_1_171' title='bbox 2025 1061 2090 1118; x_wconf 84' lang='lat' dir='ltr'><strong>lis</strong></span> <span class='ocrx_word' id='word_1_172' title='bbox 2112 1062 2275 1124; x_wconf 89' lang='lat' dir='ltr'><strong>vecti,</strong></span> <span class='ocrx_word' id='word_1_173' title='bbox 2330 1061 2412 1117; x_wconf 86' lang='lat' dir='ltr'><strong>vel</strong></span> <span class='ocrx_word' id='word_1_174' title='bbox 2438 1076 2557 1130; x_wconf 76' lang='lat' dir='ltr'><strong>qua:</strong></span> <span class='ocrx_word' id='word_1_175' title='bbox 2590 1062 2788 1117; x_wconf 87' lang='lat' dir='ltr'><strong>habent</strong></span> <span class='ocrx_word' id='word_1_176' title='bbox 2811 1060 3160 1123; x_wconf 86' lang='lat' dir='ltr'><strong>adducentes,</strong></span> <span class='ocrx_word' id='word_1_177' title='bbox 3198 1057 3271 1134; x_wconf 79' lang='lat' dir='ltr'><strong>iis</strong></span> <span class='ocrx_word' id='word_1_178' title='bbox 3325 1071 3443 1127; x_wconf 80' lang='lat' dir='ltr'><strong>qua:</strong></span> <span class='ocrx_word' id='word_1_179' title='bbox 3487 1071 3598 1126; x_wconf 68' lang='lat' dir='ltr'><strong>prae</strong></span> 
     </span>
    </p>
   </div>
   <div class='ocr_carea' id='block_1_26' title="bbox 2024 1150 3589 1218">
    <p class='ocr_par' dir='ltr' id='par_1_26' title="bbox 2024 1150 3589 1218">
     <span class='ocr_line' id='line_1_29' title="bbox 2024 1150 3589 1218; baseline -0.004 -12"><span class='ocrx_word' id='word_1_180' title='bbox 2024 1152 2272 1208; x_wconf 82' lang='lat' dir='ltr'><strong>manibus</strong></span> <span class='ocrx_word' id='word_1_181' title='bbox 2309 1160 2435 1206; x_wconf 92' lang='lat' dir='ltr'><strong>sunt</strong></span> <span class='ocrx_word' id='word_1_182' title='bbox 2464 1151 2702 1208; x_wconf 85' lang='lat' dir='ltr'><strong>colentes</strong></span> <span class='ocrx_word' id='word_1_183' title='bbox 2745 1152 2933 1207; x_wconf 90' lang='lat' dir='ltr'><strong>Deum.</strong></span> <span class='ocrx_word' id='word_1_184' title='bbox 2971 1168 2990 1203; x_wconf 81' lang='grc' dir='ltr'><strong>ι</strong></span> <span class='ocrx_word' id='word_1_185' title='bbox 3027 1150 3364 1218; x_wconf 73' lang='lat' dir='ltr'><strong>Venientque</strong></span> <span class='ocrx_word' id='word_1_186' title='bbox 3395 1161 3589 1202; x_wconf 88' lang='lat' dir='ltr'><strong>omnes</strong></span> 
     </span>
    </p>
   </div>
   <div class='ocr_carea' id='block_1_27' title="bbox 2023 1241 3594 1312">
    <p class='ocr_par' dir='ltr' id='par_1_27' title="bbox 2023 1241 3594 1312">
     <span class='ocr_line' id='line_1_30' title="bbox 2023 1241 3594 1312; baseline -0.003 -16"><span class='ocrx_word' id='word_1_187' title='bbox 2023 1259 2088 1297; x_wconf 82' lang='lat' dir='ltr'><strong>ex</strong></span> <span class='ocrx_word' id='word_1_188' title='bbox 2121 1241 2319 1312; x_wconf 90' lang='lat' dir='ltr'><strong>Sabba,</strong></span> <span class='ocrx_word' id='word_1_189' title='bbox 2380 1245 2616 1300; x_wconf 82' lang='lat' dir='ltr'><strong>ferentes</strong></span> <span class='ocrx_word' id='word_1_190' title='bbox 2644 1259 2836 1300; x_wconf 88' lang='lat' dir='ltr'><strong>aurum</strong></span> <span class='ocrx_word' id='word_1_191' title='bbox 2866 1252 2921 1300; x_wconf 85' lang='lat' dir='ltr'><strong>et</strong></span> <span class='ocrx_word' id='word_1_192' title='bbox 2960 1243 3107 1310; x_wconf 89' lang='lat' dir='ltr'><strong>thus,</strong></span> <span class='ocrx_word' id='word_1_193' title='bbox 3149 1250 3201 1298; x_wconf 90' lang='lat' dir='ltr'><strong>et</strong></span> <span class='ocrx_word' id='word_1_194' title='bbox 3229 1241 3407 1296; x_wconf 77' lang='lat' dir='ltr'><strong>ferent</strong></span> <span class='ocrx_word' id='word_1_195' title='bbox 3454 1241 3594 1309; x_wconf 85' lang='lat' dir='ltr'><strong>lapi-</strong></span> 
     </span>
    </p>
   </div>
   <div class='ocr_carea' id='block_1_28' title="bbox 2026 1332 3590 1404">
    <p class='ocr_par' dir='ltr' id='par_1_28' title="bbox 2026 1332 3590 1404">
     <span class='ocr_line' id='line_1_31' title="bbox 2026 1332 3590 1404; baseline -0.003 -16"><span class='ocrx_word' id='word_1_196' title='bbox 2026 1335 2146 1388; x_wconf 90' lang='lat' dir='ltr'><strong>dem</strong></span> <span class='ocrx_word' id='word_1_197' title='bbox 2175 1336 2490 1404; x_wconf 87' lang='lat' dir='ltr'><strong>pretiosum,</strong></span> <span class='ocrx_word' id='word_1_198' title='bbox 2512 1348 2575 1391; x_wconf 89' lang='lat' dir='ltr'><strong>ac</strong></span> <span class='ocrx_word' id='word_1_199' title='bbox 2593 1334 2818 1391; x_wconf 88' lang='lat' dir='ltr'><strong>salutem</strong></span> <span class='ocrx_word' id='word_1_200' title='bbox 2856 1333 3066 1391; x_wconf 85' lang='lat' dir='ltr'><strong>Domini</strong></span> <span class='ocrx_word' id='word_1_201' title='bbox 3095 1332 3590 1404; x_wconf 64' lang='lat' dir='ltr'><strong>evangelisabunt.»</strong></span> 
     </span>
    </p>
   </div>
   <div class='ocr_carea' id='block_1_29' title="bbox 2027 1425 3596 1495">
    <p class='ocr_par' dir='ltr' id='par_1_29' title="bbox 2027 1425 3596 1495">
     <span class='ocr_line' id='line_1_32' title="bbox 2027 1425 3596 1495; baseline 0.001 -17"><span class='ocrx_word' id='word_1_202' title='bbox 2027 1425 2206 1479; x_wconf 87' lang='lat' dir='ltr'><strong>Sabba</strong></span> <span class='ocrx_word' id='word_1_203' title='bbox 2235 1425 2383 1495; x_wconf 83' lang='lat' dir='ltr'><strong>regio</strong></span> <span class='ocrx_word' id='word_1_204' title='bbox 2401 1434 2486 1482; x_wconf 85' lang='lat' dir='ltr'><strong>est</strong></span> <span class='ocrx_word' id='word_1_205' title='bbox 2502 1425 2639 1481; x_wconf 82' lang='lat' dir='ltr'><strong>ultra</strong></span> <span class='ocrx_word' id='word_1_206' title='bbox 2671 1436 2868 1481; x_wconf 90' lang='lat' dir='ltr'><strong>terram</strong></span> <span class='ocrx_word' id='word_1_207' title='bbox 2889 1427 3147 1489; x_wconf 81' lang='lat' dir='ltr'><strong>Arabum,</strong></span> <span class='ocrx_word' id='word_1_208' title='bbox 3177 1434 3232 1479; x_wconf 88' lang='lat' dir='ltr'><strong>et</strong></span> <span class='ocrx_word' id='word_1_209' title='bbox 3255 1438 3421 1495; x_wconf 85' lang='lat' dir='ltr'><strong>prope</strong></span> <span class='ocrx_word' id='word_1_210' title='bbox 3443 1439 3596 1479; x_wconf 85' lang='lat' dir='ltr'><strong>mare</strong></span> 
     </span>
    </p>
   </div>
   <div class='ocr_carea' id='block_1_30' title="bbox 2026 1513 3594 1588">
    <p class='ocr_par' dir='ltr' id='par_1_30' title="bbox 2026 1513 3594 1588">
     <span class='ocr_line' id='line_1_33' title="bbox 2026 1513 3594 1588; baseline 0.001 -20"><span class='ocrx_word' id='word_1_211' title='bbox 2026 1513 2288 1571; x_wconf 76' lang='lat' dir='ltr'><strong>Rubrum:</strong></span> <span class='ocrx_word' id='word_1_212' title='bbox 2313 1531 2379 1572; x_wconf 82' lang='lat' dir='ltr'><strong>ex</strong></span> <span class='ocrx_word' id='word_1_213' title='bbox 2395 1530 2497 1588; x_wconf 90' lang='lat' dir='ltr'><strong>qua</strong></span> <span class='ocrx_word' id='word_1_214' title='bbox 2515 1515 2690 1571; x_wconf 89' lang='lat' dir='ltr'><strong>Sabba</strong></span> <span class='ocrx_word' id='word_1_215' title='bbox 2704 1515 3014 1586; x_wconf 61' lang='lat' dir='ltr'><strong>Ethiopum</strong></span> <span class='ocrx_word' id='word_1_216' title='bbox 3036 1515 3241 1586; x_wconf 89' lang='lat' dir='ltr'><strong>regina,</strong></span> <span class='ocrx_word' id='word_1_217' title='bbox 3266 1515 3594 1584; x_wconf 84' lang='lat' dir='ltr'><strong>temporibus</strong></span> 
     </span>
    </p>
   </div>
   <div class='ocr_carea' id='block_1_31' title="bbox 2028 1605 3586 1672">
    <p class='ocr_par' dir='ltr' id='par_1_31' title="bbox 2028 1605 3586 1672">
     <span class='ocr_line' id='line_1_34' title="bbox 2028 1605 3586 1672; baseline 0 -12"><span class='ocrx_word' id='word_1_218' title='bbox 2028 1605 2348 1672; x_wconf 89' lang='lat' dir='ltr'><strong>Salomonis,</strong></span> <span class='ocrx_word' id='word_1_219' title='bbox 2401 1607 2623 1662; x_wconf 87' lang='lat' dir='ltr'><strong>accessit</strong></span> <span class='ocrx_word' id='word_1_220' title='bbox 2658 1605 3349 1664; x_wconf 82' lang='lat' dir='ltr'><strong>Jerusalem.Fertilissima</strong></span> <span class='ocrx_word' id='word_1_221' title='bbox 3386 1615 3469 1661; x_wconf 87' lang='lat' dir='ltr'><strong>est</strong></span> <span class='ocrx_word' id='word_1_222' title='bbox 3498 1620 3586 1660; x_wconf 87' lang='lat' dir='ltr'><strong>re-</strong></span> 
     </span>
    </p>
   </div>
   <div class='ocr_carea' id='block_1_32' title="bbox 2025 1695 3588 1768">
    <p class='ocr_par' dir='ltr' id='par_1_32' title="bbox 2025 1695 3588 1768">
     <span class='ocr_line' id='line_1_35' title="bbox 2025 1695 3588 1768; baseline 0 -18"><span class='ocrx_word' id='word_1_223' title='bbox 2025 1699 2112 1766; x_wconf 84' lang='lat' dir='ltr'><strong>gio</strong></span> <span class='ocrx_word' id='word_1_224' title='bbox 2145 1699 2322 1764; x_wconf 87' lang='lat' dir='ltr'><strong>thure,</strong></span> <span class='ocrx_word' id='word_1_225' title='bbox 2362 1712 2494 1754; x_wconf 91' lang='lat' dir='ltr'><strong>auro</strong></span> <span class='ocrx_word' id='word_1_226' title='bbox 2516 1707 2569 1752; x_wconf 89' lang='lat' dir='ltr'><strong>et</strong></span> <span class='ocrx_word' id='word_1_227' title='bbox 2596 1697 2856 1768; x_wconf 88' lang='lat' dir='ltr'><strong>lapidibus</strong></span> <span class='ocrx_word' id='word_1_228' title='bbox 2893 1697 3110 1752; x_wconf 83' lang='lat' dir='ltr'><strong>indicis.</strong></span> <span class='ocrx_word' id='word_1_229' title='bbox 3136 1695 3363 1753; x_wconf 88' lang='lat' dir='ltr'><strong>Venient</strong></span> <span class='ocrx_word' id='word_1_230' title='bbox 3406 1697 3588 1768; x_wconf 84' lang='lat' dir='ltr'><strong>igitur,</strong></span> 
     </span>
    </p>
   </div>
   <div class='ocr_carea' id='block_1_33' title="bbox 2027 1787 3594 1858">
    <p class='ocr_par' dir='ltr' id='par_1_33' title="bbox 2027 1787 3594 1858">
     <span class='ocr_line' id='line_1_36' title="bbox 2027 1787 3594 1858; baseline -0.001 -18"><span class='ocrx_word' id='word_1_231' title='bbox 2027 1788 2216 1857; x_wconf 86' lang='lat' dir='ltr'><strong>inquit,</strong></span> <span class='ocrx_word' id='word_1_232' title='bbox 2261 1789 2490 1843; x_wconf 83' lang='lat' dir='ltr'><strong>fructum</strong></span> <span class='ocrx_word' id='word_1_233' title='bbox 2549 1788 2821 1856; x_wconf 88' lang='lat' dir='ltr'><strong>parientes</strong></span> <span class='ocrx_word' id='word_1_234' title='bbox 2887 1788 2940 1842; x_wconf 89' lang='lat' dir='ltr'><strong>in</strong></span> <span class='ocrx_word' id='word_1_235' title='bbox 2987 1787 3251 1858; x_wconf 84' lang='lat' dir='ltr'><strong>gloriam,</strong></span> <span class='ocrx_word' id='word_1_236' title='bbox 3313 1795 3370 1842; x_wconf 87' lang='lat' dir='ltr'><strong>et</strong></span> <span class='ocrx_word' id='word_1_237' title='bbox 3425 1787 3594 1840; x_wconf 87' lang='lat' dir='ltr'><strong>addu-</strong></span> 
     </span>
    </p>
   </div>
   <div class='ocr_carea' id='block_1_34' title="bbox 353 1876 1922 1957">
    <p class='ocr_par' dir='ltr' id='par_1_34' title="bbox 353 1878 1922 1954">
     <span class='ocr_line' id='line_1_37' title="bbox 353 1878 1922 1954; baseline 0 -22"><span class='ocrx_word' id='word_1_238' title='bbox 353 1897 463 1934; x_wconf 87' lang='grc' dir='ltr'>ται.</span> <span class='ocrx_word' id='word_1_239' title='bbox 501 1899 521 1932; x_wconf 76' lang='grc' dir='ltr'><strong>ι</strong></span> <span class='ocrx_word' id='word_1_240' title='bbox 557 1878 727 1951; x_wconf 83' lang='grc' dir='ltr'>Χώρα</span> <span class='ocrx_word' id='word_1_241' title='bbox 753 1879 914 1935; x_wconf 78' lang='grc' dir='ltr'>πάλιν</span> <span class='ocrx_word' id='word_1_242' title='bbox 950 1880 1099 1933; x_wconf 75' lang='grc' dir='ltr'>ἐστὶν</span> <span class='ocrx_word' id='word_1_243' title='bbox 1129 1881 1162 1948; x_wconf 86' lang='grc' dir='ltr'><strong>ή</strong></span> <span class='ocrx_word' id='word_1_244' title='bbox 1197 1879 1386 1933; x_wconf 81' lang='grc' dir='ltr'>Σαϐϐὰ</span> <span class='ocrx_word' id='word_1_245' title='bbox 1415 1882 1516 1949; x_wconf 82' lang='grc' dir='ltr'>τῆς</span> <span class='ocrx_word' id='word_1_246' title='bbox 1554 1881 1800 1954; x_wconf 84' lang='grc' dir='ltr'>Ἀράϐων</span> <span class='ocrx_word' id='word_1_247' title='bbox 1826 1884 1922 1935; x_wconf 79' lang='grc' dir='ltr'><strong>ἑπ-</strong></span> 
     </span>
    </p>
   </div>
   <div class='ocr_carea' id='block_1_35' title="bbox 2024 1876 3593 1957">
    <p class='ocr_par' dir='ltr' id='par_1_35' title="bbox 2024 1880 3593 1957">
     <span class='ocr_line' id='line_1_38' title="bbox 2024 1880 3593 1957; baseline -0.001 -23"><span class='ocrx_word' id='word_1_248' title='bbox 2024 1887 2205 1936; x_wconf 86' lang='lat' dir='ltr'><strong>centes</strong></span> <span class='ocrx_word' id='word_1_249' title='bbox 2239 1880 2361 1935; x_wconf 86' lang='lat' dir='ltr'><strong>thus</strong></span> <span class='ocrx_word' id='word_1_250' title='bbox 2387 1889 2442 1933; x_wconf 89' lang='lat' dir='ltr'><strong>et</strong></span> <span class='ocrx_word' id='word_1_251' title='bbox 2497 1896 2687 1935; x_wconf 86' lang='lat' dir='ltr'><strong>aurum</strong></span> <span class='ocrx_word' id='word_1_252' title='bbox 2736 1896 2800 1935; x_wconf 90' lang='lat' dir='ltr'><strong>ac</strong></span> <span class='ocrx_word' id='word_1_253' title='bbox 2867 1880 3089 1949; x_wconf 88' lang='lat' dir='ltr'><strong>lapides,</strong></span> <span class='ocrx_word' id='word_1_254' title='bbox 3165 1880 3280 1957; x_wconf 90' lang='lat' dir='ltr'><strong>si_ve</strong></span> <span class='ocrx_word' id='word_1_255' title='bbox 3331 1881 3593 1935; x_wconf 86' lang='lat' dir='ltr'><strong>bonorum</strong></span> 
     </span>
    </p>
   </div>
   <div class='ocr_carea' id='block_1_36' title="bbox 351 1967 1919 2044">
    <p class='ocr_par' dir='ltr' id='par_1_36' title="bbox 351 1967 1919 2044">
     <span class='ocr_line' id='line_1_39' title="bbox 351 1967 1919 2044; baseline 0.001 -20"><span class='ocrx_word' id='word_1_256' title='bbox 351 1972 662 2036; x_wconf 74' lang='grc' dir='ltr'>ἐκεινα,καὶ</span> <span class='ocrx_word' id='word_1_257' title='bbox 682 1969 852 2040; x_wconf 81' lang='grc' dir='ltr'>ἀγχοῦ</span> <span class='ocrx_word' id='word_1_258' title='bbox 884 1970 1082 2040; x_wconf 82' lang='grc' dir='ltr'>μᾶλλον</span> <span class='ocrx_word' id='word_1_259' title='bbox 1102 1969 1380 2041; x_wconf 81' lang='grc' dir='ltr'><strong>Θαλάσσης</strong></span> <span class='ocrx_word' id='word_1_260' title='bbox 1402 1971 1692 2042; x_wconf 77' lang='grc' dir='ltr'>Ἐρυθρᾶς,</span> <span class='ocrx_word' id='word_1_261' title='bbox 1712 1972 1770 2038; x_wconf 74' lang='grc' dir='ltr'><strong>ἐξ</strong></span> <span class='ocrx_word' id='word_1_262' title='bbox 1791 1967 1858 2044; x_wconf 85' lang='grc' dir='ltr'>ἦς</span> <span class='ocrx_word' id='word_1_263' title='bbox 1885 1973 1919 2042; x_wconf 88' lang='grc' dir='ltr'><strong>ή</strong></span> 
     </span>
    </p>
   </div>
   <div class='ocr_carea' id='block_1_37' title="bbox 350 2059 1921 2132">
    <p class='ocr_par' dir='ltr' id='par_1_37' title="bbox 350 2059 1921 2132">
     <span class='ocr_line' id='line_1_40' title="bbox 350 2059 1921 2132; baseline 0.002 -20"><span class='ocrx_word' id='word_1_264' title='bbox 350 2059 534 2114; x_wconf 67' lang='grc' dir='ltr'>Σάϐϐα</span> <span class='ocrx_word' id='word_1_265' title='bbox 563 2061 597 2131; x_wconf 81' lang='grc' dir='ltr'><strong>ἡ</strong></span> <span class='ocrx_word' id='word_1_266' title='bbox 624 2059 734 2113; x_wconf 86' lang='grc' dir='ltr'><strong>τῶν</strong></span> <span class='ocrx_word' id='word_1_267' title='bbox 758 2059 1030 2113; x_wconf 83' lang='grc' dir='ltr'>Δίθιόπων</span> <span class='ocrx_word' id='word_1_268' title='bbox 1072 2059 1362 2130; x_wconf 82' lang='grc' dir='ltr'><strong>βασίλισσα</strong></span> <span class='ocrx_word' id='word_1_269' title='bbox 1395 2062 1454 2114; x_wconf 87' lang='grc' dir='ltr'><strong>ὲν</strong></span> <span class='ocrx_word' id='word_1_270' title='bbox 1486 2062 1603 2123; x_wconf 78' lang='grc' dir='ltr'>τοῖς</span> <span class='ocrx_word' id='word_1_271' title='bbox 1638 2061 1921 2132; x_wconf 81' lang='grc' dir='ltr'>Σολομῶν-</span> 
     </span>
    </p>
   </div>
   <div class='ocr_carea' id='block_1_38' title="bbox 347 2150 1918 2226">
    <p class='ocr_par' dir='ltr' id='par_1_38' title="bbox 347 2150 1918 2226">
     <span class='ocr_line' id='line_1_41' title="bbox 347 2150 1918 2226; baseline 0.003 -22"><span class='ocrx_word' id='word_1_272' title='bbox 347 2169 438 2215; x_wconf 87' lang='grc' dir='ltr'><strong>τος</strong></span> <span class='ocrx_word' id='word_1_273' title='bbox 464 2155 674 2222; x_wconf 88' lang='grc' dir='ltr'>καιροῖς</span> <span class='ocrx_word' id='word_1_274' title='bbox 701 2150 1029 2222; x_wconf 74' lang='grc' dir='ltr'>ἐπεφοξτησε</span> <span class='ocrx_word' id='word_1_275' title='bbox 1060 2154 1128 2222; x_wconf 79' lang='grc' dir='ltr'>τῇ</span> <span class='ocrx_word' id='word_1_276' title='bbox 1156 2152 1540 2224; x_wconf 81' lang='grc' dir='ltr'>Ἰερουσαλήμ.</span> <span class='ocrx_word' id='word_1_277' title='bbox 1566 2153 1918 2226; x_wconf 82' lang='grc' dir='ltr'>Γονιμωτάτη</span> 
     </span>
    </p>
   </div>
   <div class='ocr_carea' id='block_1_39' title="bbox 345 2241 1921 2314">
    <p class='ocr_par' dir='ltr' id='par_1_39' title="bbox 345 2241 1921 2314">
     <span class='ocr_line' id='line_1_42' title="bbox 345 2241 1921 2314; baseline 0.003 -18"><span class='ocrx_word' id='word_1_278' title='bbox 345 2243 403 2296; x_wconf 80' lang='grc' dir='ltr'>δὲ</span> <span class='ocrx_word' id='word_1_279' title='bbox 448 2245 482 2313; x_wconf 84' lang='grc' dir='ltr'><strong>ή</strong></span> <span class='ocrx_word' id='word_1_280' title='bbox 531 2242 685 2314; x_wconf 85' lang='grc' dir='ltr'>χώρα</span> <span class='ocrx_word' id='word_1_281' title='bbox 725 2241 1045 2308; x_wconf 85' lang='grc' dir='ltr'>λιϐανωτοῦ,</span> <span class='ocrx_word' id='word_1_282' title='bbox 1091 2243 1294 2314; x_wconf 84' lang='grc' dir='ltr'>χρυσοῦ</span> <span class='ocrx_word' id='word_1_283' title='bbox 1356 2261 1416 2297; x_wconf 90' lang='grc' dir='ltr'><strong>τε</strong></span> <span class='ocrx_word' id='word_1_284' title='bbox 1469 2245 1562 2297; x_wconf 81' lang='grc' dir='ltr'>καὶ</span> <span class='ocrx_word' id='word_1_285' title='bbox 1607 2243 1769 2298; x_wconf 86' lang='grc' dir='ltr'>λίθων</span> <span class='ocrx_word' id='word_1_286' title='bbox 1811 2245 1921 2300; x_wconf 89' lang='grc' dir='ltr'><strong>τῶν</strong></span> 
     </span>
    </p>
   </div>
   <div class='ocr_carea' id='block_1_40' title="bbox 363 2331 1922 2406">
    <p class='ocr_par' dir='ltr' id='par_1_40' title="bbox 363 2331 1922 2406">
     <span class='ocr_line' id='line_1_43' title="bbox 363 2331 1922 2406; baseline 0.003 -22"><span class='ocrx_word' id='word_1_287' title='bbox 363 2331 616 2399; x_wconf 79' lang='grc' dir='ltr'>Ἰνδικῶν.</span> <span class='ocrx_word' id='word_1_288' title='bbox 650 2331 876 2399; x_wconf 83' lang='grc' dir='ltr'>Ἥξουσι</span> <span class='ocrx_word' id='word_1_289' title='bbox 902 2333 1102 2400; x_wconf 83' lang='grc' dir='ltr'>τοίνυν,</span> <span class='ocrx_word' id='word_1_290' title='bbox 1151 2333 1307 2404; x_wconf 72' lang='grc' dir='ltr'>φησὶ,</span> <span class='ocrx_word' id='word_1_291' title='bbox 1339 2335 1818 2406; x_wconf 81' lang='grc' dir='ltr'>καρποφοροῦντες</span> <span class='ocrx_word' id='word_1_292' title='bbox 1841 2338 1922 2398; x_wconf 80' lang='grc' dir='ltr'>εἰς</span> 
     </span>
    </p>
   </div>
   <div class='ocr_carea' id='block_1_41' title="bbox 346 2422 1920 2495">
    <p class='ocr_par' dir='ltr' id='par_1_41' title="bbox 346 2422 1920 2495">
     <span class='ocr_line' id='line_1_44' title="bbox 346 2422 1920 2495; baseline 0.001 -21"><span class='ocrx_word' id='word_1_293' title='bbox 346 2422 503 2486; x_wconf 74' lang='grc' dir='ltr'>δόξαν</span> <span class='ocrx_word' id='word_1_294' title='bbox 535 2422 694 2488; x_wconf 84' lang='grc' dir='ltr'>Θεοῦ,</span> <span class='ocrx_word' id='word_1_295' title='bbox 746 2423 840 2476; x_wconf 69' lang='grc' dir='ltr'><strong>καλ⁵</strong></span> <span class='ocrx_word' id='word_1_296' title='bbox 887 2424 1255 2493; x_wconf 84' lang='grc' dir='ltr'>προσάγοντες</span> <span class='ocrx_word' id='word_1_297' title='bbox 1286 2423 1524 2490; x_wconf 89' lang='grc' dir='ltr'>λίϐανον,</span> <span class='ocrx_word' id='word_1_298' title='bbox 1575 2425 1667 2478; x_wconf 75' lang='grc' dir='ltr'>καὶ</span> <span class='ocrx_word' id='word_1_299' title='bbox 1700 2423 1920 2495; x_wconf 82' lang='grc' dir='ltr'>χρυσὸν,</span> 
     </span>
    </p>
   </div>
   <div class='ocr_carea' id='block_1_42' title="bbox 348 2513 1916 2585">
    <p class='ocr_par' dir='ltr' id='par_1_42' title="bbox 348 2513 1916 2585">
     <span class='ocr_line' id='line_1_45' title="bbox 348 2513 1916 2585; baseline 0.001 -18"><span class='ocrx_word' id='word_1_300' title='bbox 348 2513 446 2567; x_wconf 73' lang='grc' dir='ltr'><strong>καὶ</strong></span> <span class='ocrx_word' id='word_1_301' title='bbox 477 2513 679 2576; x_wconf 79' lang='grc' dir='ltr'>λίθους,</span> <span class='ocrx_word' id='word_1_302' title='bbox 707 2513 874 2583; x_wconf 82' lang='grc' dir='ltr'>ήγουν</span> <span class='ocrx_word' id='word_1_303' title='bbox 911 2513 1010 2582; x_wconf 82' lang='grc' dir='ltr'>τὴν</span> <span class='ocrx_word' id='word_1_304' title='bbox 1048 2514 1106 2579; x_wconf 73' lang='grc' dir='ltr'>ἐξ</span> <span class='ocrx_word' id='word_1_305' title='bbox 1145 2513 1322 2584; x_wconf 75' lang='grc' dir='ltr'>ἔργων</span> <span class='ocrx_word' id='word_1_306' title='bbox 1365 2514 1589 2582; x_wconf 82' lang='grc' dir='ltr'><strong>ἀγαθῶν</strong></span> <span class='ocrx_word' id='word_1_307' title='bbox 1636 2514 1916 2585; x_wconf 85' lang='grc' dir='ltr'>εὐοσμίαν,</span> 
     </span>
    </p>
   </div>
   <div class='ocr_carea' id='block_1_43' title="bbox 351 2603 1916 2676">
    <p class='ocr_par' dir='ltr' id='par_1_43' title="bbox 351 2603 1916 2676">
     <span class='ocr_line' id='line_1_46' title="bbox 351 2603 1916 2676; baseline 0.001 -18"><span class='ocrx_word' id='word_1_308' title='bbox 351 2605 444 2658; x_wconf 76' lang='grc' dir='ltr'>καὶ</span> <span class='ocrx_word' id='word_1_309' title='bbox 491 2603 823 2672; x_wconf 83' lang='grc' dir='ltr'>φαιδρότητα</span> <span class='ocrx_word' id='word_1_310' title='bbox 858 2605 1075 2673; x_wconf 81' lang='grc' dir='ltr'>νοητὴν,</span> <span class='ocrx_word' id='word_1_311' title='bbox 1122 2606 1214 2657; x_wconf 78' lang='grc' dir='ltr'>καὶ</span> <span class='ocrx_word' id='word_1_312' title='bbox 1249 2605 1478 2659; x_wconf 85' lang='grc' dir='ltr'>πλοῦτον</span> <span class='ocrx_word' id='word_1_313' title='bbox 1526 2606 1916 2676; x_wconf 88' lang='grc' dir='ltr'>πνευματικόν.</span> 
     </span>
    </p>
   </div>
   <div class='ocr_carea' id='block_1_44' title="bbox 357 2695 1914 2772">
    <p class='ocr_par' dir='ltr' id='par_1_44' title="bbox 357 2695 1914 2772">
     <span class='ocr_line' id='line_1_47' title="bbox 357 2695 1914 2772; baseline 0.003 -24"><span class='ocrx_word' id='word_1_314' title='bbox 357 2718 373 2747; x_wconf 81' lang='grc' dir='ltr'><strong>ι</strong></span> <span class='ocrx_word' id='word_1_315' title='bbox 408 2695 861 2766; x_wconf 81' lang='grc' dir='ltr'>Εὑαγγελιοῦνται</span> <span class='ocrx_word' id='word_1_316' title='bbox 893 2697 951 2750; x_wconf 82' lang='grc' dir='ltr'>δὲ</span> <span class='ocrx_word' id='word_1_317' title='bbox 990 2699 1086 2752; x_wconf 74' lang='grc' dir='ltr'>καὶ</span> <span class='ocrx_word' id='word_1_318' title='bbox 1128 2699 1190 2752; x_wconf 83' lang='grc' dir='ltr'>τὸ</span> <span class='ocrx_word' id='word_1_319' title='bbox 1242 2702 1509 2772; x_wconf 83' lang='grc' dir='ltr'>σωτήριον</span> <span class='ocrx_word' id='word_1_320' title='bbox 1556 2700 1651 2754; x_wconf 86' lang='grc' dir='ltr'><strong>τοῦ</strong></span> <span class='ocrx_word' id='word_1_321' title='bbox 1701 2700 1858 2757; x_wconf 88' lang='grc' dir='ltr'>Θεοῦ.</span> <span class='ocrx_word' id='word_1_322' title='bbox 1894 2721 1914 2753; x_wconf 77' lang='grc' dir='ltr'><strong>ι</strong></span> 
     </span>
    </p>
   </div>
   <div class='ocr_carea' id='block_1_45' title="bbox 351 2785 1920 2862">
    <p class='ocr_par' dir='ltr' id='par_1_45' title="bbox 351 2785 1920 2862">
     <span class='ocr_line' id='line_1_48' title="bbox 351 2785 1920 2862; baseline 0.003 -22"><span class='ocrx_word' id='word_1_323' title='bbox 351 2785 599 2840; x_wconf 83' lang='grc' dir='ltr'>Πλεῖστοι</span> <span class='ocrx_word' id='word_1_324' title='bbox 631 2788 730 2858; x_wconf 84' lang='grc' dir='ltr'><strong>μὲν</strong></span> <span class='ocrx_word' id='word_1_325' title='bbox 758 2786 866 2859; x_wconf 82' lang='grc' dir='ltr'><strong>γὰρ</strong></span> <span class='ocrx_word' id='word_1_326' title='bbox 895 2788 1008 2842; x_wconf 83' lang='grc' dir='ltr'>ὅσοι</span> <span class='ocrx_word' id='word_1_327' title='bbox 1062 2788 1357 2860; x_wconf 79' lang='grc' dir='ltr'>κέκληνται</span> <span class='ocrx_word' id='word_1_328' title='bbox 1389 2792 1487 2862; x_wconf 83' lang='grc' dir='ltr'>μὲν</span> <span class='ocrx_word' id='word_1_329' title='bbox 1521 2789 1580 2856; x_wconf 78' lang='grc' dir='ltr'><strong>ἐξ</strong></span> <span class='ocrx_word' id='word_1_330' title='bbox 1608 2790 1796 2856; x_wconf 73' lang='grc' dir='ltr'>ἐθνῶν,</span> <span class='ocrx_word' id='word_1_331' title='bbox 1827 2809 1920 2846; x_wconf 67' lang='grc' dir='ltr'>σετ-</span> 
     </span>
    </p>
   </div>
   <div class='ocr_carea' id='block_1_46' title="bbox 351 2879 1920 2955">
    <p class='ocr_par' dir='ltr' id='par_1_46' title="bbox 351 2879 1920 2955">
     <span class='ocr_line' id='line_1_49' title="bbox 351 2879 1920 2955; baseline 0.003 -24"><span class='ocrx_word' id='word_1_332' title='bbox 351 2879 654 2949; x_wconf 82' lang='grc' dir='ltr'>σοφωμὲνοι</span> <span class='ocrx_word' id='word_1_333' title='bbox 689 2879 748 2933; x_wconf 83' lang='grc' dir='ltr'>δὲ</span> <span class='ocrx_word' id='word_1_334' title='bbox 789 2880 886 2950; x_wconf 83' lang='grc' dir='ltr'><strong>τήν</strong></span> <span class='ocrx_word' id='word_1_335' title='bbox 917 2879 1164 2950; x_wconf 81' lang='grc' dir='ltr'>καρδίαν,</span> <span class='ocrx_word' id='word_1_336' title='bbox 1195 2883 1290 2936; x_wconf 81' lang='grc' dir='ltr'>καὶ</span> <span class='ocrx_word' id='word_1_337' title='bbox 1312 2882 1422 2937; x_wconf 89' lang='grc' dir='ltr'><strong>τῶν</strong></span> <span class='ocrx_word' id='word_1_338' title='bbox 1449 2883 1608 2955; x_wconf 77' lang='grc' dir='ltr'>ἱερῶν</span> <span class='ocrx_word' id='word_1_339' title='bbox 1633 2883 1920 2954; x_wconf 83' lang='grc' dir='ltr'>δογμάτων</span> 
     </span>
    </p>
   </div>
   <div class='ocr_carea' id='block_1_47' title="bbox 349 2969 1922 3045">
    <p class='ocr_par' dir='ltr' id='par_1_47' title="bbox 349 2969 1922 3045">
     <span class='ocr_line' id='line_1_50' title="bbox 349 2969 1922 3045; baseline 0.003 -24"><span class='ocrx_word' id='word_1_340' title='bbox 349 2969 475 3022; x_wconf 88' lang='grc' dir='ltr'>νοῦν</span> <span class='ocrx_word' id='word_1_341' title='bbox 512 2969 768 3036; x_wconf 82' lang='grc' dir='ltr'>λαϐόντες</span> <span class='ocrx_word' id='word_1_342' title='bbox 793 2971 1136 3041; x_wconf 76' lang='grc' dir='ltr'>ἐπιστήμονα</span> <span class='ocrx_word' id='word_1_343' title='bbox 1162 2971 1538 3028; x_wconf 86' lang='grc' dir='ltr'>διδασκαλικὸν</span> <span class='ocrx_word' id='word_1_344' title='bbox 1565 2975 1831 3045; x_wconf 74' lang='grc' dir='ltr'>ἐσχήκασι</span> <span class='ocrx_word' id='word_1_345' title='bbox 1859 2974 1922 3027; x_wconf 86' lang='grc' dir='ltr'><strong>τδ</strong></span> 
     </span>
    </p>
   </div>
   <div class='ocr_carea' id='block_1_48' title="bbox 349 3062 1922 3139">
    <p class='ocr_par' dir='ltr' id='par_1_48' title="bbox 349 3062 1922 3139">
     <span class='ocr_line' id='line_1_51' title="bbox 349 3062 1922 3139; baseline 0.004 -25"><span class='ocrx_word' id='word_1_346' title='bbox 349 3062 587 3133; x_wconf 78' lang='grc' dir='ltr'>ἀξίωμα,</span> <span class='ocrx_word' id='word_1_347' title='bbox 625 3064 722 3116; x_wconf 80' lang='grc' dir='ltr'><strong>καὶ</strong></span> <span class='ocrx_word' id='word_1_348' title='bbox 764 3064 866 3137; x_wconf 81' lang='grc' dir='ltr'><strong>τὴν</strong></span> <span class='ocrx_word' id='word_1_349' title='bbox 896 3067 1047 3139; x_wconf 73' lang='grc' dir='ltr'>παρὰ</span> <span class='ocrx_word' id='word_1_350' title='bbox 1084 3065 1179 3119; x_wconf 87' lang='grc' dir='ltr'><strong>τοῦ</strong></span> <span class='ocrx_word' id='word_1_351' title='bbox 1227 3066 1444 3120; x_wconf 85' lang='grc' dir='ltr'>πάντων</span> <span class='ocrx_word' id='word_1_352' title='bbox 1480 3066 1639 3136; x_wconf 86' lang='grc' dir='ltr'>ήμῶν</span> <span class='ocrx_word' id='word_1_353' title='bbox 1669 3067 1922 3137; x_wconf 82' lang='grc' dir='ltr'>Σωτῆρος</span> 
     </span>
    </p>
   </div>
   <div class='ocr_carea' id='block_1_49' title="bbox 350 3154 1918 3230">
    <p class='ocr_par' dir='ltr' id='par_1_49' title="bbox 350 3154 1918 3230">
     <span class='ocr_line' id='line_1_52' title="bbox 350 3154 1918 3230; baseline 0.003 -23"><span class='ocrx_word' id='word_1_354' title='bbox 350 3154 586 3226; x_wconf 84' lang='grc' dir='ltr'>Χριστοῦ</span> <span class='ocrx_word' id='word_1_355' title='bbox 619 3157 891 3228; x_wconf 83' lang='grc' dir='ltr'>σωτηρίαν</span> <span class='ocrx_word' id='word_1_356' title='bbox 921 3175 980 3211; x_wconf 88' lang='grc' dir='ltr'><strong>τε</strong></span> <span class='ocrx_word' id='word_1_357' title='bbox 1015 3158 1110 3211; x_wconf 75' lang='grc' dir='ltr'>καὶ</span> <span class='ocrx_word' id='word_1_358' title='bbox 1153 3157 1314 3228; x_wconf 85' lang='grc' dir='ltr'>χάριν</span> <span class='ocrx_word' id='word_1_359' title='bbox 1371 3157 1578 3228; x_wconf 77' lang='grc' dir='ltr'>ἑτέροις</span> <span class='ocrx_word' id='word_1_360' title='bbox 1620 3157 1918 3230; x_wconf 81' lang='grc' dir='ltr'>διακηρύτ-</span> 
     </span>
    </p>
   </div>
   <div class='ocr_carea' id='block_1_50' title="bbox 349 3227 1994 3322">
    <p class='ocr_par' dir='ltr' id='par_1_50' title="bbox 349 3227 1994 3322">
     <span class='ocr_line' id='line_1_53' title="bbox 349 3227 1994 3322; baseline 0.003 -22"><span class='ocrx_word' id='word_1_361' title='bbox 349 3261 554 3310; x_wconf 85' lang='grc' dir='ltr'>τοντες,</span> <span class='ocrx_word' id='word_1_362' title='bbox 576 3251 668 3301; x_wconf 82' lang='grc' dir='ltr'>τὸν</span> <span class='ocrx_word' id='word_1_363' title='bbox 715 3227 817 3320; x_wconf 63' lang='grc' dir='ltr'>τῆς</span> <span class='ocrx_word' id='word_1_364' title='bbox 858 3227 1237 3322; x_wconf 14' lang='grc' dir='ltr'>γνησιότητοςν</span> <span class='ocrx_word' id='word_1_365' title='bbox 1259 3249 1591 3318; x_wconf 81' lang='grc' dir='ltr'>ἀνεδήσαντο</span> <span class='ocrx_word' id='word_1_366' title='bbox 1630 3227 1918 3320; x_wconf 79' lang='grc' dir='ltr'>στέφανον.</span> <span class='ocrx_word' id='word_1_367' title='bbox 1947 3227 1994 3290; x_wconf 76' lang='lat' dir='ltr'>c</span> 
     </span>
    </p>
   </div>
   <div class='ocr_carea' id='block_1_51' title="bbox 355 3338 1922 3413">
    <p class='ocr_par' dir='ltr' id='par_1_51' title="bbox 355 3338 1922 3413">
     <span class='ocr_line' id='line_1_54' title="bbox 355 3338 1922 3413; baseline 0.004 -24"><span class='ocrx_word' id='word_1_368' title='bbox 355 3355 374 3389; x_wconf 81' lang='grc' dir='ltr'><strong>ι</strong></span> <span class='ocrx_word' id='word_1_369' title='bbox 415 3338 639 3404; x_wconf 82' lang='grc' dir='ltr'>Ἤξουσι</span> <span class='ocrx_word' id='word_1_370' title='bbox 695 3340 754 3394; x_wconf 79' lang='grc' dir='ltr'>δέ</span> <span class='ocrx_word' id='word_1_371' title='bbox 811 3359 916 3405; x_wconf 90' lang='grc' dir='ltr'>σοι,</span> <span class='ocrx_word' id='word_1_372' title='bbox 977 3342 1132 3413; x_wconf 79' lang='grc' dir='ltr'>φησὶ,</span> <span class='ocrx_word' id='word_1_373' title='bbox 1186 3340 1281 3393; x_wconf 77' lang='grc' dir='ltr'>καὶ</span> <span class='ocrx_word' id='word_1_374' title='bbox 1330 3339 1399 3394; x_wconf 80' lang='grc' dir='ltr'><strong>τὰ</strong></span> <span class='ocrx_word' id='word_1_375' title='bbox 1431 3340 1677 3411; x_wconf 82' lang='grc' dir='ltr'>πρόϐατα</span> <span class='ocrx_word' id='word_1_376' title='bbox 1707 3341 1922 3412; x_wconf 79' lang='grc' dir='ltr'>Κηδὰρ,</span> 
     </span>
    </p>
   </div>
   <div class='ocr_carea' id='block_1_52' title="bbox 350 3431 1924 3504">
    <p class='ocr_par' dir='ltr' id='par_1_52' title="bbox 350 3431 1924 3504">
     <span class='ocr_line' id='line_1_55' title="bbox 350 3431 1924 3504; baseline 0 -20"><span class='ocrx_word' id='word_1_377' title='bbox 350 3431 444 3486; x_wconf 75' lang='grc' dir='ltr'><strong>καὶ</strong></span> <span class='ocrx_word' id='word_1_378' title='bbox 469 3433 519 3486; x_wconf 77' lang='lat' dir='ltr'><strong>oi</strong></span> <span class='ocrx_word' id='word_1_379' title='bbox 547 3435 692 3504; x_wconf 82' lang='grc' dir='ltr'>κριοὶ</span> <span class='ocrx_word' id='word_1_380' title='bbox 720 3432 1002 3501; x_wconf 87' lang='grc' dir='ltr'>Ναϐαιὼθ,</span> <span class='ocrx_word' id='word_1_381' title='bbox 1033 3433 1127 3487; x_wconf 79' lang='grc' dir='ltr'>καὶ</span> <span class='ocrx_word' id='word_1_382' title='bbox 1165 3431 1613 3503; x_wconf 81' lang='grc' dir='ltr'>ἀνενεχθήσονται</span> <span class='ocrx_word' id='word_1_383' title='bbox 1639 3431 1803 3486; x_wconf 83' lang='grc' dir='ltr'>δεκτὰ</span> <span class='ocrx_word' id='word_1_384' title='bbox 1831 3433 1924 3486; x_wconf 74' lang='grc' dir='ltr'><strong>ἐπὶ</strong></span> 
     </span>
    </p>
   </div>
   <div class='ocr_carea' id='block_1_53' title="bbox 347 3523 1924 3598">
    <p class='ocr_par' dir='ltr' id='par_1_53' title="bbox 347 3523 1924 3598">
     <span class='ocr_line' id='line_1_56' title="bbox 347 3523 1924 3598; baseline 0.001 -21"><span class='ocrx_word' id='word_1_385' title='bbox 347 3525 409 3577; x_wconf 81' lang='grc' dir='ltr'>τὸ</span> <span class='ocrx_word' id='word_1_386' title='bbox 451 3523 833 3596; x_wconf 74' lang='grc' dir='ltr'>θυσιαστήριον</span> <span class='ocrx_word' id='word_1_387' title='bbox 862 3543 985 3597; x_wconf 86' lang='grc' dir='ltr'>μου.</span> <span class='ocrx_word' id='word_1_388' title='bbox 1025 3545 1046 3580; x_wconf 70' lang='grc' dir='ltr'><strong>ι</strong></span> <span class='ocrx_word' id='word_1_389' title='bbox 1095 3525 1286 3598; x_wconf 84' lang='grc' dir='ltr'>Κηδὰρ</span> <span class='ocrx_word' id='word_1_390' title='bbox 1312 3525 1390 3591; x_wconf 84' lang='grc' dir='ltr'>δὲ,</span> <span class='ocrx_word' id='word_1_391' title='bbox 1430 3525 1525 3579; x_wconf 80' lang='grc' dir='ltr'>καὶ</span> <span class='ocrx_word' id='word_1_392' title='bbox 1553 3524 1784 3579; x_wconf 88' lang='grc' dir='ltr'>Ναϐεὼθ</span> <span class='ocrx_word' id='word_1_393' title='bbox 1813 3525 1924 3595; x_wconf 87' lang='grc' dir='ltr'>χῶ-</span> 
     </span>
    </p>
   </div>
   <div class='ocr_carea' id='block_1_54' title="bbox 351 3615 1925 3690">
    <p class='ocr_par' dir='ltr' id='par_1_54' title="bbox 351 3615 1925 3690">
     <span class='ocr_line' id='line_1_57' title="bbox 351 3615 1925 3690; baseline 0.001 -22"><span class='ocrx_word' id='word_1_394' title='bbox 351 3631 441 3684; x_wconf 89' lang='grc' dir='ltr'><strong>ραι</strong></span> <span class='ocrx_word' id='word_1_395' title='bbox 475 3615 637 3672; x_wconf 90' lang='grc' dir='ltr'>πάλιν</span> <span class='ocrx_word' id='word_1_396' title='bbox 686 3616 872 3690; x_wconf 72' lang='grc' dir='ltr'>ἕτεραι</span> <span class='ocrx_word' id='word_1_397' title='bbox 901 3617 1131 3689; x_wconf 89' lang='grc' dir='ltr'>λιπαραί</span> <span class='ocrx_word' id='word_1_398' title='bbox 1159 3634 1222 3670; x_wconf 83' lang='grc' dir='ltr'><strong>τε</strong></span> <span class='ocrx_word' id='word_1_399' title='bbox 1257 3617 1352 3672; x_wconf 75' lang='grc' dir='ltr'>καὶ</span> <span class='ocrx_word' id='word_1_400' title='bbox 1379 3616 1608 3682; x_wconf 78' lang='grc' dir='ltr'>εὖϐοτοι,</span> <span class='ocrx_word' id='word_1_401' title='bbox 1640 3617 1736 3670; x_wconf 77' lang='grc' dir='ltr'><strong>καὶ</strong></span> <span class='ocrx_word' id='word_1_402' title='bbox 1775 3617 1925 3670; x_wconf 86' lang='grc' dir='ltr'>πλεί-</span> 
     </span>
    </p>
   </div>
   <div class='ocr_carea' id='block_1_55' title="bbox 353 3706 1923 3779">
    <p class='ocr_par' dir='ltr' id='par_1_55' title="bbox 353 3706 1923 3779">
     <span class='ocr_line' id='line_1_58' title="bbox 353 3706 1923 3779; baseline 0.003 -22"><span class='ocrx_word' id='word_1_403' title='bbox 353 3721 509 3768; x_wconf 86' lang='grc' dir='ltr'>στους</span> <span class='ocrx_word' id='word_1_404' title='bbox 555 3707 653 3774; x_wconf 78' lang='grc' dir='ltr'>μὲν</span> <span class='ocrx_word' id='word_1_405' title='bbox 693 3706 916 3776; x_wconf 75' lang='grc' dir='ltr'>ἔχουσαι</span> <span class='ocrx_word' id='word_1_406' title='bbox 960 3709 1086 3771; x_wconf 77' lang='grc' dir='ltr'>τοὺς</span> <span class='ocrx_word' id='word_1_407' title='bbox 1131 3707 1470 3772; x_wconf 69' lang='grc' dir='ltr'>ἐνοικοῦντας</span> <span class='ocrx_word' id='word_1_408' title='bbox 1518 3709 1738 3771; x_wconf 82' lang='grc' dir='ltr'>αὑταῖς,</span> <span class='ocrx_word' id='word_1_409' title='bbox 1783 3707 1923 3779; x_wconf 78' lang='grc' dir='ltr'>πλὴν</span> 
     </span>
    </p>
   </div>
   <div class='ocr_carea' id='block_1_56' title="bbox 352 3787 1919 3865">
    <p class='ocr_par' dir='ltr' id='par_1_56' title="bbox 352 3787 1919 3865">
     <span class='ocr_line' id='line_1_59' title="bbox 352 3787 1919 3865; baseline 0.003 -19"><span class='ocrx_word' id='word_1_410' title='bbox 352 3792 761 3862; x_wconf 77' lang='grc' dir='ltr'>είδωλολάτρας,</span> <span class='ocrx_word' id='word_1_411' title='bbox 795 3796 888 3847; x_wconf 74' lang='grc' dir='ltr'>καὶ</span> <span class='ocrx_word' id='word_1_412' title='bbox 920 3795 1395 3865; x_wconf 73' lang='grc' dir='ltr'>πεπλανημένους.</span> <span class='ocrx_word' id='word_1_413' title='bbox 1433 3795 1595 3850; x_wconf 56' lang='lat' dir='ltr'><strong>nam</strong></span> <span class='ocrx_word' id='word_1_414' title='bbox 1630 3798 1722 3850; x_wconf 79' lang='grc' dir='ltr'>καὶ</span> <span class='ocrx_word' id='word_1_415' title='bbox 1754 3787 1919 3863; x_wconf 76' lang='grc' dir='ltr'>οὗτοι,</span> 
     </span>
    </p>
   </div>
   <div class='ocr_carea' id='block_1_57' title="bbox 355 3884 1926 3956">
    <p class='ocr_par' dir='ltr' id='par_1_57' title="bbox 355 3884 1926 3956">
     <span class='ocr_line' id='line_1_60' title="bbox 355 3884 1926 3956; baseline 0.003 -20"><span class='ocrx_word' id='word_1_416' title='bbox 355 3884 509 3954; x_wconf 71' lang='grc' dir='ltr'>φησὶ,</span> <span class='ocrx_word' id='word_1_417' title='bbox 549 3886 756 3954; x_wconf 85' lang='grc' dir='ltr'>κριοὺς,</span> <span class='ocrx_word' id='word_1_418' title='bbox 795 3885 890 3937; x_wconf 73' lang='grc' dir='ltr'>καὶ</span> <span class='ocrx_word' id='word_1_419' title='bbox 929 3884 1180 3955; x_wconf 88' lang='grc' dir='ltr'>πρόϐατα</span> <span class='ocrx_word' id='word_1_420' title='bbox 1218 3885 1588 3956; x_wconf 77' lang='grc' dir='ltr'>προσοίσουσι,</span> <span class='ocrx_word' id='word_1_421' title='bbox 1614 3887 1710 3940; x_wconf 70' lang='grc' dir='ltr'>καὶ</span> <span class='ocrx_word' id='word_1_422' title='bbox 1746 3887 1926 3942; x_wconf 86' lang='grc' dir='ltr'>πάντα</span> 
     </span>
    </p>
   </div>
   <div class='ocr_carea' id='block_1_58' title="bbox 356 3974 1926 4047">
    <p class='ocr_par' dir='ltr' id='par_1_58' title="bbox 356 3974 1926 4047">
     <span class='ocr_line' id='line_1_61' title="bbox 356 3974 1926 4047; baseline 0.002 -19"><span class='ocrx_word' id='word_1_423' title='bbox 356 3975 509 4029; x_wconf 67' lang='grc' dir='ltr'>ἔσται</span> <span class='ocrx_word' id='word_1_424' title='bbox 537 3974 704 4029; x_wconf 86' lang='grc' dir='ltr'>δεκτά</span> <span class='ocrx_word' id='word_1_425' title='bbox 750 3975 843 4029; x_wconf 77' lang='grc' dir='ltr'><strong>ἐπὶ</strong></span> <span class='ocrx_word' id='word_1_426' title='bbox 885 3975 949 4029; x_wconf 82' lang='grc' dir='ltr'><strong>τὺ</strong></span> <span class='ocrx_word' id='word_1_427' title='bbox 997 3975 1382 4047; x_wconf 76' lang='grc' dir='ltr'>θυσιαπήριὸν</span> <span class='ocrx_word' id='word_1_428' title='bbox 1412 3992 1538 4045; x_wconf 86' lang='grc' dir='ltr'>μου·</span> <span class='ocrx_word' id='word_1_429' title='bbox 1575 3976 1752 4030; x_wconf 84' lang='grc' dir='ltr'>καίτοι</span> <span class='ocrx_word' id='word_1_430' title='bbox 1784 3979 1926 4032; x_wconf 86' lang='grc' dir='ltr'>κατά</span> 
     </span>
    </p>
   </div>
   <div class='ocr_carea' id='block_1_59' title="bbox 355 4066 1925 4139">
    <p class='ocr_par' dir='ltr' id='par_1_59' title="bbox 355 4066 1925 4139">
     <span class='ocr_line' id='line_1_62' title="bbox 355 4066 1925 4139; baseline 0.001 -19"><span class='ocrx_word' id='word_1_431' title='bbox 355 4084 420 4136; x_wconf 86' lang='grc' dir='ltr'><strong>γε</strong></span> <span class='ocrx_word' id='word_1_432' title='bbox 451 4067 544 4121; x_wconf 83' lang='grc' dir='ltr'>τὸν</span> <span class='ocrx_word' id='word_1_433' title='bbox 587 4067 830 4132; x_wconf 80' lang='grc' dir='ltr'>Μωσέως</span> <span class='ocrx_word' id='word_1_434' title='bbox 867 4066 1032 4138; x_wconf 87' lang='grc' dir='ltr'>νόμον</span> <span class='ocrx_word' id='word_1_435' title='bbox 1070 4067 1172 4121; x_wconf 85' lang='grc' dir='ltr'>οὐκ</span> <span class='ocrx_word' id='word_1_436' title='bbox 1215 4067 1346 4138; x_wconf 75' lang='grc' dir='ltr'>ἐξῆν</span> <span class='ocrx_word' id='word_1_437' title='bbox 1399 4066 1711 4136; x_wconf 81' lang='grc' dir='ltr'>άλλογενέσι</span> <span class='ocrx_word' id='word_1_438' title='bbox 1757 4085 1925 4139; x_wconf 80' lang='grc' dir='ltr'>προσ-</span> 
     </span>
    </p>
   </div>
   <div class='ocr_carea' id='block_1_60' title="bbox 354 4157 1926 4230">
    <p class='ocr_par' dir='ltr' id='par_1_60' title="bbox 354 4157 1926 4230">
     <span class='ocr_line' id='line_1_63' title="bbox 354 4157 1926 4230; baseline 0.001 -18"><span class='ocrx_word' id='word_1_439' title='bbox 354 4158 506 4227; x_wconf 85' lang='grc' dir='ltr'>άγειν</span> <span class='ocrx_word' id='word_1_440' title='bbox 545 4157 736 4221; x_wconf 87' lang='grc' dir='ltr'>θυσίας</span> <span class='ocrx_word' id='word_1_441' title='bbox 775 4157 854 4229; x_wconf 85' lang='grc' dir='ltr'>τῷ</span> <span class='ocrx_word' id='word_1_442' title='bbox 896 4157 1035 4230; x_wconf 81' lang='grc' dir='ltr'>Θεῷ.</span> <span class='ocrx_word' id='word_1_443' title='bbox 1073 4158 1194 4213; x_wconf 82' lang='grc' dir='ltr'>Οὐδ’</span> <span class='ocrx_word' id='word_1_444' title='bbox 1227 4158 1295 4212; x_wconf 81' lang='grc' dir='ltr'>ἂν</span> <span class='ocrx_word' id='word_1_445' title='bbox 1325 4159 1375 4212; x_wconf 86' lang='grc' dir='ltr'><strong>εί</strong></span> <span class='ocrx_word' id='word_1_446' title='bbox 1405 4157 1685 4230; x_wconf 83' lang='grc' dir='ltr'>προσῆγον</span> <span class='ocrx_word' id='word_1_447' title='bbox 1729 4159 1926 4225; x_wconf 82' lang='grc' dir='ltr'>δεκτὰς</span> 
     </span>
    </p>
   </div>
   <div class='ocr_carea' id='block_1_61' title="bbox 353 4246 1925 4318">
    <p class='ocr_par' dir='ltr' id='par_1_61' title="bbox 353 4246 1925 4318">
     <span class='ocr_line' id='line_1_64' title="bbox 353 4246 1925 4318; baseline 0.003 -19"><span class='ocrx_word' id='word_1_448' title='bbox 353 4247 642 4316; x_wconf 66' lang='grc' dir='ltr'>ἐποιήσατό</span> <span class='ocrx_word' id='word_1_449' title='bbox 683 4264 767 4312; x_wconf 92' lang='grc' dir='ltr'><strong>τις</strong></span> <span class='ocrx_word' id='word_1_450' title='bbox 817 4247 1004 4311; x_wconf 77' lang='grc' dir='ltr'>αὑτάς.</span> <span class='ocrx_word' id='word_1_451' title='bbox 1062 4247 1201 4300; x_wconf 80' lang='grc' dir='ltr'>Ἀλλ’</span> <span class='ocrx_word' id='word_1_452' title='bbox 1256 4248 1364 4303; x_wconf 83' lang='grc' dir='ltr'>ίδοὺ</span> <span class='ocrx_word' id='word_1_453' title='bbox 1415 4246 1746 4318; x_wconf 76' lang='grc' dir='ltr'>προστάττει</span> <span class='ocrx_word' id='word_1_454' title='bbox 1794 4247 1925 4315; x_wconf 79' lang='grc' dir='ltr'>θεὸς</span> 
     </span>
    </p>
   </div>
   <div class='ocr_carea' id='block_1_62' title="bbox 352 4334 1921 4415">
    <p class='ocr_par' dir='ltr' id='par_1_62' title="bbox 352 4334 1921 4415">
     <span class='ocr_line' id='line_1_65' title="bbox 352 4334 1921 4415; baseline 0.004 -24"><span class='ocrx_word' id='word_1_455' title='bbox 352 4338 545 4403; x_wconf 81' lang='grc' dir='ltr'>δεκτάς</span> <span class='ocrx_word' id='word_1_456' title='bbox 588 4334 728 4394; x_wconf 78' lang='grc' dir='ltr'>εἶναι</span> <span class='ocrx_word' id='word_1_457' title='bbox 771 4339 863 4393; x_wconf 73' lang='grc' dir='ltr'>καὶ</span> <span class='ocrx_word' id='word_1_458' title='bbox 888 4337 1094 4402; x_wconf 87' lang='grc' dir='ltr'>ταύτας</span> <span class='ocrx_word' id='word_1_459' title='bbox 1125 4341 1237 4403; x_wconf 80' lang='grc' dir='ltr'>τοῖς</span> <span class='ocrx_word' id='word_1_460' title='bbox 1266 4339 1442 4408; x_wconf 77' lang='grc' dir='ltr'>ἁγίοις</span> <span class='ocrx_word' id='word_1_461' title='bbox 1492 4341 1921 4415; x_wconf 83' lang='grc' dir='ltr'>θυσιαστηρίοις.</span> 
     </span>
    </p>
   </div>
   <div class='ocr_carea' id='block_1_63' title="bbox 365 4431 1923 4504">
    <p class='ocr_par' dir='ltr' id='par_1_63' title="bbox 365 4431 1923 4504">
     <span class='ocr_line' id='line_1_66' title="bbox 365 4431 1923 4504; baseline 0.001 -19"><span class='ocrx_word' id='word_1_462' title='bbox 365 4432 454 4485; x_wconf 86' lang='grc' dir='ltr'>Ἐν</span> <span class='ocrx_word' id='word_1_463' title='bbox 477 4431 584 4502; x_wconf 80' lang='grc' dir='ltr'><strong>γὰρ</strong></span> <span class='ocrx_word' id='word_1_464' title='bbox 611 4431 834 4504; x_wconf 83' lang='grc' dir='ltr'>Χριστῷ</span> <span class='ocrx_word' id='word_1_465' title='bbox 871 4431 1046 4503; x_wconf 85' lang='grc' dir='ltr'>Ἰησοῦ</span> <span class='ocrx_word' id='word_1_466' title='bbox 1075 4432 1175 4486; x_wconf 78' lang='grc' dir='ltr'>οὐκ</span> <span class='ocrx_word' id='word_1_467' title='bbox 1203 4431 1283 4486; x_wconf 76' lang='grc' dir='ltr'><strong>ἔνι</strong></span> <span class='ocrx_word' id='word_1_468' title='bbox 1309 4431 1518 4499; x_wconf 90' lang='grc' dir='ltr'>δοῦλος,</span> <span class='ocrx_word' id='word_1_469' title='bbox 1552 4433 1673 4487; x_wconf 83' lang='grc' dir='ltr'>οὐδὲ</span> <span class='ocrx_word' id='word_1_470' title='bbox 1703 4433 1923 4488; x_wconf 81' lang='grc' dir='ltr'>ἐλεύθε-</span> 
     </span>
    </p>
   </div>
   <div class='ocr_carea' id='block_1_64' title="bbox 353 4524 1923 4598">
    <p class='ocr_par' dir='ltr' id='par_1_64' title="bbox 353 4524 1923 4598">
     <span class='ocr_line' id='line_1_67' title="bbox 353 4524 1923 4598; baseline 0 -18"><span class='ocrx_word' id='word_1_471' title='bbox 353 4542 474 4595; x_wconf 86' lang='grc' dir='ltr'>ρος,</span> <span class='ocrx_word' id='word_1_472' title='bbox 518 4524 824 4598; x_wconf 85' lang='grc' dir='ltr'>βάρϐαρος,</span> <span class='ocrx_word' id='word_1_473' title='bbox 874 4524 1122 4596; x_wconf 86' lang='grc' dir='ltr'>Σκύθης,</span> <span class='ocrx_word' id='word_1_474' title='bbox 1164 4524 1366 4596; x_wconf 88' lang='grc' dir='ltr'>Ἕλλην</span> <span class='ocrx_word' id='word_1_475' title='bbox 1402 4542 1463 4578; x_wconf 87' lang='grc' dir='ltr'><strong>τε</strong></span> <span class='ocrx_word' id='word_1_476' title='bbox 1501 4527 1597 4580; x_wconf 79' lang='grc' dir='ltr'>καὶ</span> <span class='ocrx_word' id='word_1_477' title='bbox 1655 4526 1923 4593; x_wconf 83' lang='grc' dir='ltr'>Ἰουδαῖος,</span> 
     </span>
    </p>
   </div>
   <div class='ocr_carea' id='block_1_65' title="bbox 351 4614 1919 4688">
    <p class='ocr_par' dir='ltr' id='par_1_65' title="bbox 351 4614 1919 4688">
     <span class='ocr_line' id='line_1_68' title="bbox 351 4614 1919 4688; baseline 0.001 -19"><span class='ocrx_word' id='word_1_478' title='bbox 351 4614 488 4669; x_wconf 77' lang='grc' dir='ltr'>ἀλλὰ</span> <span class='ocrx_word' id='word_1_479' title='bbox 515 4617 712 4682; x_wconf 85' lang='grc' dir='ltr'>πάντα,</span> <span class='ocrx_word' id='word_1_480' title='bbox 738 4617 833 4670; x_wconf 75' lang='grc' dir='ltr'>καὶ</span> <span class='ocrx_word' id='word_1_481' title='bbox 854 4618 911 4670; x_wconf 79' lang='grc' dir='ltr'><strong>ὲν</strong></span> <span class='ocrx_word' id='word_1_482' title='bbox 940 4617 1074 4673; x_wconf 76' lang='grc' dir='ltr'>πᾶσι</span> <span class='ocrx_word' id='word_1_483' title='bbox 1103 4615 1358 4688; x_wconf 84' lang='grc' dir='ltr'>Χριστός.</span> <span class='ocrx_word' id='word_1_484' title='bbox 1377 4616 1476 4670; x_wconf 84' lang='grc' dir='ltr'>Ἓν</span> <span class='ocrx_word' id='word_1_485' title='bbox 1498 4616 1608 4688; x_wconf 85' lang='grc' dir='ltr'><strong>γὰρ</strong></span> <span class='ocrx_word' id='word_1_486' title='bbox 1631 4617 1919 4686; x_wconf 87' lang='grc' dir='ltr'>γεγόνασιν</span> 
     </span>
    </p>
   </div>
   <div class='ocr_carea' id='block_1_66' title="bbox 352 4703 1920 4779">
    <p class='ocr_par' dir='ltr' id='par_1_66' title="bbox 352 4703 1920 4779">
     <span class='ocr_line' id='line_1_69' title="bbox 352 4703 1920 4779; baseline 0.001 -21"><span class='ocrx_word' id='word_1_487' title='bbox 352 4706 402 4759; x_wconf 89' lang='grc' dir='ltr'>οἱ</span> <span class='ocrx_word' id='word_1_488' title='bbox 427 4704 519 4758; x_wconf 85' lang='grc' dir='ltr'>δύο</span> <span class='ocrx_word' id='word_1_489' title='bbox 542 4706 697 4773; x_wconf 78' lang='grc' dir='ltr'>λαοὶ,</span> <span class='ocrx_word' id='word_1_490' title='bbox 737 4707 1160 4775; x_wconf 80' lang='grc' dir='ltr'>κατενεγκόντος</span> <span class='ocrx_word' id='word_1_491' title='bbox 1187 4703 1353 4760; x_wconf 84' lang='grc' dir='ltr'>αὐτοῦ</span> <span class='ocrx_word' id='word_1_492' title='bbox 1387 4706 1448 4761; x_wconf 80' lang='grc' dir='ltr'>τὸ</span> <span class='ocrx_word' id='word_1_493' title='bbox 1479 4707 1794 4779; x_wconf 81' lang='grc' dir='ltr'>μεσότοιχον</span> <span class='ocrx_word' id='word_1_494' title='bbox 1825 4706 1920 4760; x_wconf 89' lang='grc' dir='ltr'><strong>τοῦ</strong></span> 
     </span>
    </p>
   </div>
   <div class='ocr_carea' id='block_1_67' title="bbox 353 4796 1922 4876">
    <p class='ocr_par' dir='ltr' id='par_1_67' title="bbox 353 4796 1922 4876">
     <span class='ocr_line' id='line_1_70' title="bbox 353 4796 1922 4876; baseline 0.001 -26"><span class='ocrx_word' id='word_1_495' title='bbox 353 4796 631 4868; x_wconf 75' lang='grc' dir='ltr'>φραγμοῦ,</span> <span class='ocrx_word' id='word_1_496' title='bbox 681 4797 778 4849; x_wconf 73' lang='grc' dir='ltr'>καὶ</span> <span class='ocrx_word' id='word_1_497' title='bbox 818 4796 911 4850; x_wconf 74' lang='grc' dir='ltr'><strong>τὸν</strong></span> <span class='ocrx_word' id='word_1_498' title='bbox 957 4797 1121 4868; x_wconf 87' lang='grc' dir='ltr'>νόμον</span> <span class='ocrx_word' id='word_1_499' title='bbox 1158 4796 1271 4850; x_wconf 86' lang='grc' dir='ltr'><strong>τῶν</strong></span> <span class='ocrx_word' id='word_1_500' title='bbox 1313 4797 1544 4851; x_wconf 74' lang='grc' dir='ltr'>ἐντολῶν</span> <span class='ocrx_word' id='word_1_501' title='bbox 1586 4799 1644 4876; x_wconf 62' lang='grc' dir='ltr'>εν</span> <span class='ocrx_word' id='word_1_502' title='bbox 1685 4798 1922 4869; x_wconf 84' lang='grc' dir='ltr'>δόγμασι</span> 
     </span>
    </p>
   </div>
   <div class='ocr_carea' id='block_1_68' title="bbox 353 4889 1920 4960">
    <p class='ocr_par' dir='ltr' id='par_1_68' title="bbox 353 4889 1920 4960">
     <span class='ocr_line' id='line_1_71' title="bbox 353 4889 1920 4960; baseline -0.001 -16"><span class='ocrx_word' id='word_1_503' title='bbox 353 4889 820 4960; x_wconf 87' lang='grc' dir='ltr'>καταργήσαντος.</span> <span class='ocrx_word' id='word_1_504' title='bbox 879 4890 1074 4942; x_wconf 80' lang='grc' dir='ltr'>Δεκταὶ</span> <span class='ocrx_word' id='word_1_505' title='bbox 1122 4889 1303 4942; x_wconf 87' lang='grc' dir='ltr'>τοίνυν</span> <span class='ocrx_word' id='word_1_506' title='bbox 1349 4891 1403 4942; x_wconf 84' lang='grc' dir='ltr'>αἱ</span> <span class='ocrx_word' id='word_1_507' title='bbox 1445 4890 1666 4944; x_wconf 89' lang='grc' dir='ltr'>πάντων</span> <span class='ocrx_word' id='word_1_508' title='bbox 1717 4890 1920 4955; x_wconf 87' lang='grc' dir='ltr'>θυσίαι,</span> 
     </span>
    </p>
   </div>
   <div class='ocr_carea' id='block_1_69' title="bbox 353 4979 1920 5053">
    <p class='ocr_par' dir='ltr' id='par_1_69' title="bbox 353 4979 1920 5053">
     <span class='ocr_line' id='line_1_72' title="bbox 353 4979 1920 5053; baseline 0.001 -18"><span class='ocrx_word' id='word_1_509' title='bbox 353 4981 685 5053; x_wconf 87' lang='grc' dir='ltr'>προσιόντων</span> <span class='ocrx_word' id='word_1_510' title='bbox 711 4979 832 5052; x_wconf 88' lang='grc' dir='ltr'><strong>Θεῷ</strong></span> <span class='ocrx_word' id='word_1_511' title='bbox 854 4981 943 5034; x_wconf 81' lang='grc' dir='ltr'>διὰ</span> <span class='ocrx_word' id='word_1_512' title='bbox 963 4979 1062 5050; x_wconf 80' lang='grc' dir='ltr'>τῆς</span> <span class='ocrx_word' id='word_1_513' title='bbox 1087 4981 1321 5044; x_wconf 79' lang='grc' dir='ltr'>πίστεως</span> <span class='ocrx_word' id='word_1_514' title='bbox 1356 4982 1413 5034; x_wconf 79' lang='grc' dir='ltr'>ὲν</span> <span class='ocrx_word' id='word_1_515' title='bbox 1442 4979 1682 5053; x_wconf 83' lang='grc' dir='ltr'>Χριστῷ.</span> <span class='ocrx_word' id='word_1_516' title='bbox 1701 4980 1920 5047; x_wconf 83' lang='grc' dir='ltr'>Ἐδοξά-</span> 
     </span>
    </p>
   </div>
   <div class='ocr_carea' id='block_1_70' title="bbox 355 5067 1919 5146">
    <p class='ocr_par' dir='ltr' id='par_1_70' title="bbox 355 5067 1919 5146">
     <span class='ocr_line' id='line_1_73' title="bbox 355 5067 1919 5146; baseline 0 -18"><span class='ocrx_word' id='word_1_517' title='bbox 355 5074 458 5146; x_wconf 87' lang='grc' dir='ltr'><strong>σθη</strong></span> <span class='ocrx_word' id='word_1_518' title='bbox 489 5074 546 5127; x_wconf 81' lang='grc' dir='ltr'>δὲ</span> <span class='ocrx_word' id='word_1_519' title='bbox 585 5075 615 5127; x_wconf 88' lang='grc' dir='ltr'><strong>ό</strong></span> <span class='ocrx_word' id='word_1_520' title='bbox 660 5067 808 5136; x_wconf 74' lang='grc' dir='ltr'>οἶκος</span> <span class='ocrx_word' id='word_1_521' title='bbox 833 5073 933 5142; x_wconf 82' lang='grc' dir='ltr'>τῆς</span> <span class='ocrx_word' id='word_1_522' title='bbox 968 5074 1279 5144; x_wconf 79' lang='grc' dir='ltr'>προσευχῆς</span> <span class='ocrx_word' id='word_1_523' title='bbox 1321 5070 1416 5126; x_wconf 89' lang='grc' dir='ltr'><strong>τοῦ</strong></span> <span class='ocrx_word' id='word_1_524' title='bbox 1458 5071 1615 5127; x_wconf 88' lang='grc' dir='ltr'>Θεοῦ.</span> <span class='ocrx_word' id='word_1_525' title='bbox 1665 5073 1774 5127; x_wconf 86' lang='grc' dir='ltr'>Καί</span> <span class='ocrx_word' id='word_1_526' title='bbox 1828 5091 1919 5144; x_wconf 89' lang='grc' dir='ltr'><strong>μοι</strong></span> 
     </span>
    </p>
   </div>
   <div class='ocr_carea' id='block_1_71' title="bbox 353 5162 1922 5236">
    <p class='ocr_par' dir='ltr' id='par_1_71' title="bbox 353 5162 1922 5236">
     <span class='ocr_line' id='line_1_74' title="bbox 353 5162 1922 5236; baseline -0.001 -16"><span class='ocrx_word' id='word_1_527' title='bbox 353 5166 516 5220; x_wconf 84' lang='grc' dir='ltr'>πάλιν</span> <span class='ocrx_word' id='word_1_528' title='bbox 539 5165 692 5236; x_wconf 77' lang='grc' dir='ltr'>ἄθρει</span> <span class='ocrx_word' id='word_1_529' title='bbox 720 5163 814 5218; x_wconf 89' lang='grc' dir='ltr'><strong>τοῦ</strong></span> <span class='ocrx_word' id='word_1_530' title='bbox 839 5164 1001 5232; x_wconf 86' lang='grc' dir='ltr'>λόγου</span> <span class='ocrx_word' id='word_1_531' title='bbox 1033 5163 1095 5216; x_wconf 80' lang='grc' dir='ltr'>τὸ</span> <span class='ocrx_word' id='word_1_532' title='bbox 1126 5162 1307 5232; x_wconf 84' lang='grc' dir='ltr'>βάθος·</span> <span class='ocrx_word' id='word_1_533' title='bbox 1340 5165 1400 5218; x_wconf 84' lang='grc' dir='ltr'>οὐ</span> <span class='ocrx_word' id='word_1_534' title='bbox 1435 5164 1542 5236; x_wconf 81' lang='grc' dir='ltr'><strong>γὰρ</strong></span> <span class='ocrx_word' id='word_1_535' title='bbox 1571 5165 1794 5230; x_wconf 90' lang='grc' dir='ltr'>θυσιῶν,</span> <span class='ocrx_word' id='word_1_536' title='bbox 1829 5165 1922 5219; x_wconf 81' lang='grc' dir='ltr'>καὶ</span> 
     </span>
    </p>
   </div>
   <div class='ocr_carea' id='block_1_72' title="bbox 349 5252 1921 5328">
    <p class='ocr_par' dir='ltr' id='par_1_72' title="bbox 349 5252 1921 5328">
     <span class='ocr_line' id='line_1_75' title="bbox 349 5252 1921 5328; baseline -0.001 -15"><span class='ocrx_word' id='word_1_537' title='bbox 349 5257 574 5314; x_wconf 83' lang='grc' dir='ltr'>καπνῶν</span> <span class='ocrx_word' id='word_1_538' title='bbox 623 5252 770 5311; x_wconf 77' lang='grc' dir='ltr'>οἷκον</span> <span class='ocrx_word' id='word_1_539' title='bbox 810 5255 892 5309; x_wconf 74' lang='grc' dir='ltr'>ἔτι</span> <span class='ocrx_word' id='word_1_540' title='bbox 937 5255 1186 5326; x_wconf 83' lang='grc' dir='ltr'>βούλεται</span> <span class='ocrx_word' id='word_1_541' title='bbox 1236 5255 1516 5310; x_wconf 87' lang='grc' dir='ltr'>καλεῖσθαι</span> <span class='ocrx_word' id='word_1_542' title='bbox 1541 5257 1640 5327; x_wconf 86' lang='grc' dir='ltr'><strong>τὴν</strong></span> <span class='ocrx_word' id='word_1_543' title='bbox 1686 5257 1921 5328; x_wconf 84' lang='grc' dir='ltr'>Ἐκκλη-</span> 
     </span>
    </p>
   </div>
   <div class='ocr_carea' id='block_1_73' title="bbox 357 5347 1917 5422">
    <p class='ocr_par' dir='ltr' id='par_1_73' title="bbox 357 5347 1917 5422">
     <span class='ocr_line' id='line_1_76' title="bbox 357 5347 1917 5422; baseline 0 -20"><span class='ocrx_word' id='word_1_544' title='bbox 357 5349 494 5416; x_wconf 86' lang='grc' dir='ltr'>σίαν,</span> <span class='ocrx_word' id='word_1_545' title='bbox 527 5349 778 5422; x_wconf 87' lang='grc' dir='ltr'>καθάπερ</span> <span class='ocrx_word' id='word_1_546' title='bbox 807 5347 1001 5419; x_wconf 66' lang='grc' dir='ltr'>ἀμέλει</span> <span class='ocrx_word' id='word_1_547' title='bbox 1037 5347 1132 5401; x_wconf 75' lang='grc' dir='ltr'>καὶ</span> <span class='ocrx_word' id='word_1_548' title='bbox 1158 5347 1248 5400; x_wconf 85' lang='grc' dir='ltr'>τὸν</span> <span class='ocrx_word' id='word_1_549' title='bbox 1286 5347 1346 5400; x_wconf 81' lang='grc' dir='ltr'><strong>ὲν</strong></span> <span class='ocrx_word' id='word_1_550' title='bbox 1372 5351 1487 5412; x_wconf 87' lang='grc' dir='ltr'>τοῖς</span> <span class='ocrx_word' id='word_1_551' title='bbox 1525 5347 1917 5420; x_wconf 85' lang='grc' dir='ltr'>Ἱεροσολύμοις</span> 
     </span>
    </p>
   </div>
   <div class='ocr_carea' id='block_1_74' title="bbox 346 5436 1921 5508">
    <p class='ocr_par' dir='ltr' id='par_1_74' title="bbox 346 5436 1921 5508">
     <span class='ocr_line' id='line_1_77' title="bbox 346 5436 1921 5508; baseline 0 -18"><span class='ocrx_word' id='word_1_552' title='bbox 346 5437 499 5503; x_wconf 81' lang='grc' dir='ltr'>ναὸν,</span> <span class='ocrx_word' id='word_1_553' title='bbox 539 5437 704 5508; x_wconf 80' lang='grc' dir='ltr'>εὐχῆς</span> <span class='ocrx_word' id='word_1_554' title='bbox 741 5438 798 5491; x_wconf 87' lang='grc' dir='ltr'>δὲ</span> <span class='ocrx_word' id='word_1_555' title='bbox 833 5438 1053 5508; x_wconf 81' lang='grc' dir='ltr'>μᾶλλον,</span> <span class='ocrx_word' id='word_1_556' title='bbox 1084 5436 1352 5504; x_wconf 81' lang='grc' dir='ltr'>τουτέστι,</span> <span class='ocrx_word' id='word_1_557' title='bbox 1396 5437 1652 5506; x_wconf 84' lang='grc' dir='ltr'>λατρείας</span> <span class='ocrx_word' id='word_1_558' title='bbox 1680 5455 1921 5508; x_wconf 84' lang='grc' dir='ltr'>πνευμα-</span> 
     </span>
    </p>
   </div>
   <div class='ocr_carea' id='block_1_75' title="bbox 2022 1970 3595 2041">
    <p class='ocr_par' dir='ltr' id='par_1_75' title="bbox 2022 1970 3595 2041">
     <span class='ocr_line' id='line_1_78' title="bbox 2022 1970 3595 2041; baseline -0.001 -16"><span class='ocrx_word' id='word_1_559' title='bbox 2022 1985 2242 2040; x_wconf 91' lang='lat' dir='ltr'><strong>operum</strong></span> <span class='ocrx_word' id='word_1_560' title='bbox 2271 1985 2490 2026; x_wconf 77' lang='lat' dir='ltr'><strong>suavem</strong></span> <span class='ocrx_word' id='word_1_561' title='bbox 2524 1971 2869 2041; x_wconf 81' lang='lat' dir='ltr'><strong>fragrantiam</strong></span> <span class='ocrx_word' id='word_1_562' title='bbox 2902 1979 2956 2026; x_wconf 89' lang='lat' dir='ltr'><strong>et</strong></span> <span class='ocrx_word' id='word_1_563' title='bbox 3002 1970 3343 2040; x_wconf 85' lang='lat' dir='ltr'><strong>splendorem</strong></span> <span class='ocrx_word' id='word_1_564' title='bbox 3390 1971 3491 2026; x_wconf 88' lang='lat' dir='ltr'><strong>sub</strong></span> <span class='ocrx_word' id='word_1_565' title='bbox 3517 1971 3595 2024; x_wconf 88' lang='lat' dir='ltr'><strong>in-</strong></span> 
     </span>
    </p>
   </div>
   <div class='ocr_carea' id='block_1_76' title="bbox 2024 2059 3580 2132">
    <p class='ocr_par' dir='ltr' id='par_1_76' title="bbox 2024 2059 3580 2132">
     <span class='ocr_line' id='line_1_79' title="bbox 2024 2059 3580 2132; baseline -0.001 -18"><span class='ocrx_word' id='word_1_566' title='bbox 2024 2061 2371 2132; x_wconf 81' lang='lat' dir='ltr'><strong>telligentiam</strong></span> <span class='ocrx_word' id='word_1_567' title='bbox 2441 2063 2746 2127; x_wconf 83' lang='lat' dir='ltr'><strong>cadentem,</strong></span> <span class='ocrx_word' id='word_1_568' title='bbox 2837 2060 3161 2130; x_wconf 79' lang='lat' dir='ltr'><strong>divitiasque</strong></span> <span class='ocrx_word' id='word_1_569' title='bbox 3251 2059 3580 2129; x_wconf 87' lang='lat' dir='ltr'><strong>spirituales.</strong></span> 
     </span>
    </p>
   </div>
   <div class='ocr_carea' id='block_1_77' title="bbox 2027 2149 3593 2221">
    <p class='ocr_par' dir='ltr' id='par_1_77' title="bbox 2027 2149 3593 2221">
     <span class='ocr_line' id='line_1_80' title="bbox 2027 2149 3593 2221; baseline 0.001 -18"><span class='ocrx_word' id='word_1_570' title='bbox 2027 2172 2045 2203; x_wconf 75' lang='grc' dir='ltr'><strong>ι</strong></span> <span class='ocrx_word' id='word_1_571' title='bbox 2082 2152 2148 2206; x_wconf 84' lang='grc' dir='ltr'>Ει</span> <span class='ocrx_word' id='word_1_572' title='bbox 2180 2151 2630 2221; x_wconf 83' lang='lat' dir='ltr'><strong>evangelizabunt</strong></span> <span class='ocrx_word' id='word_1_573' title='bbox 2662 2151 2889 2206; x_wconf 82' lang='lat' dir='ltr'><strong>salutem</strong></span> <span class='ocrx_word' id='word_1_574' title='bbox 2917 2150 3149 2206; x_wconf 88' lang='lat' dir='ltr'><strong>Domini.</strong></span> <span class='ocrx_word' id='word_1_575' title='bbox 3193 2168 3212 2202; x_wconf 75' lang='grc' dir='ltr'><strong>ι</strong></span> <span class='ocrx_word' id='word_1_576' title='bbox 3273 2149 3593 2218; x_wconf 79' lang='lat' dir='ltr'><strong>Complures</strong></span> 
     </span>
    </p>
   </div>
   <div class='ocr_carea' id='block_1_78' title="bbox 2020 2242 3591 2314">
    <p class='ocr_par' dir='ltr' id='par_1_78' title="bbox 2020 2242 3591 2314">
     <span class='ocr_line' id='line_1_81' title="bbox 2020 2242 3591 2314; baseline -0.002 -15"><span class='ocrx_word' id='word_1_577' title='bbox 2020 2243 2164 2299; x_wconf 86' lang='lat' dir='ltr'><strong>enim</strong></span> <span class='ocrx_word' id='word_1_578' title='bbox 2198 2244 2373 2298; x_wconf 81' lang='lat' dir='ltr'><strong>vocati</strong></span> <span class='ocrx_word' id='word_1_579' title='bbox 2408 2251 2532 2299; x_wconf 88' lang='lat' dir='ltr'><strong>sunt</strong></span> <span class='ocrx_word' id='word_1_580' title='bbox 2562 2257 2628 2298; x_wconf 85' lang='lat' dir='ltr'><strong>ex</strong></span> <span class='ocrx_word' id='word_1_581' title='bbox 2655 2243 2926 2314; x_wconf 84' lang='lat' dir='ltr'><strong>gentibus,</strong></span> <span class='ocrx_word' id='word_1_582' title='bbox 2971 2251 3026 2297; x_wconf 90' lang='lat' dir='ltr'><strong>et</strong></span> <span class='ocrx_word' id='word_1_583' title='bbox 3083 2242 3246 2298; x_wconf 88' lang='lat' dir='ltr'><strong>corde</strong></span> <span class='ocrx_word' id='word_1_584' title='bbox 3296 2243 3591 2312; x_wconf 80' lang='lat' dir='ltr'><strong>sapientes,</strong></span> 
     </span>
    </p>
   </div>
   <div class='ocr_carea' id='block_1_79' title="bbox 2019 2335 3594 2404">
    <p class='ocr_par' dir='ltr' id='par_1_79' title="bbox 2019 2335 3594 2404">
     <span class='ocr_line' id='line_1_82' title="bbox 2019 2335 3594 2404; baseline -0.003 -12"><span class='ocrx_word' id='word_1_585' title='bbox 2019 2346 2074 2392; x_wconf 87' lang='lat' dir='ltr'><strong>et</strong></span> <span class='ocrx_word' id='word_1_586' title='bbox 2100 2350 2256 2391; x_wconf 88' lang='lat' dir='ltr'><strong>sacra</strong></span> <span class='ocrx_word' id='word_1_587' title='bbox 2293 2335 2541 2404; x_wconf 80' lang='lat' dir='ltr'><strong>dogmata</strong></span> <span class='ocrx_word' id='word_1_588' title='bbox 2592 2345 2771 2390; x_wconf 88' lang='lat' dir='ltr'><strong>mente</strong></span> <span class='ocrx_word' id='word_1_589' title='bbox 2827 2344 3092 2402; x_wconf 87' lang='lat' dir='ltr'><strong>tenentes,</strong></span> <span class='ocrx_word' id='word_1_590' title='bbox 3145 2335 3374 2391; x_wconf 89' lang='lat' dir='ltr'><strong>docendi</strong></span> <span class='ocrx_word' id='word_1_591' title='bbox 3416 2343 3594 2389; x_wconf 86' lang='lat' dir='ltr'><strong>aucto-</strong></span> 
     </span>
    </p>
   </div>
   <div class='ocr_carea' id='block_1_80' title="bbox 2019 2424 3591 2496">
    <p class='ocr_par' dir='ltr' id='par_1_80' title="bbox 2019 2424 3591 2496">
     <span class='ocr_line' id='line_1_83' title="bbox 2019 2424 3591 2496; baseline -0.003 -15"><span class='ocrx_word' id='word_1_592' title='bbox 2019 2429 2182 2482; x_wconf 82' lang='lat' dir='ltr'><strong>ritate</strong></span> <span class='ocrx_word' id='word_1_593' title='bbox 2259 2425 2496 2496; x_wconf 68' lang='lat' dir='ltr'><strong>prmditi:</strong></span> <span class='ocrx_word' id='word_1_594' title='bbox 2527 2434 2583 2481; x_wconf 86' lang='lat' dir='ltr'><strong>et</strong></span> <span class='ocrx_word' id='word_1_595' title='bbox 2615 2425 2840 2481; x_wconf 87' lang='lat' dir='ltr'><strong>salutem</strong></span> <span class='ocrx_word' id='word_1_596' title='bbox 2864 2440 2928 2482; x_wconf 88' lang='lat' dir='ltr'><strong>ac</strong></span> <span class='ocrx_word' id='word_1_597' title='bbox 2958 2426 3210 2496; x_wconf 85' lang='lat' dir='ltr'><strong>gratiam,</strong></span> <span class='ocrx_word' id='word_1_598' title='bbox 3241 2425 3310 2480; x_wconf 91' lang='lat' dir='ltr'><strong>ab</strong></span> <span class='ocrx_word' id='word_1_599' title='bbox 3350 2424 3591 2480; x_wconf 84' lang='lat' dir='ltr'><strong>omnium</strong></span> 
     </span>
    </p>
   </div>
   <div class='ocr_carea' id='block_1_81' title="bbox 2021 2513 3594 2587">
    <p class='ocr_par' dir='ltr' id='par_1_81' title="bbox 2021 2513 3594 2587">
     <span class='ocr_line' id='line_1_84' title="bbox 2021 2513 3594 2587; baseline -0.004 -15"><span class='ocrx_word' id='word_1_600' title='bbox 2021 2527 2262 2573; x_wconf 84' lang='lat' dir='ltr'><strong>nostrum</strong></span> <span class='ocrx_word' id='word_1_601' title='bbox 2299 2516 2586 2572; x_wconf 74' lang='lat' dir='ltr'><strong>Senators</strong></span> <span class='ocrx_word' id='word_1_602' title='bbox 2629 2515 2867 2582; x_wconf 88' lang='lat' dir='ltr'><strong>Christo,</strong></span> <span class='ocrx_word' id='word_1_603' title='bbox 2929 2516 3050 2572; x_wconf 87' lang='lat' dir='ltr'><strong>aliis</strong></span> <span class='ocrx_word' id='word_1_604' title='bbox 3081 2515 3455 2587; x_wconf 64' lang='lat' dir='ltr'><strong>praedicantes,</strong></span> <span class='ocrx_word' id='word_1_605' title='bbox 3518 2513 3594 2567; x_wconf 78' lang='lat' dir='ltr'><strong>in-</strong></span> 
     </span>
    </p>
   </div>
   <div class='ocr_carea' id='block_1_82' title="bbox 2019 2605 3592 2678">
    <p class='ocr_par' dir='ltr' id='par_1_82' title="bbox 2019 2605 3592 2678">
     <span class='ocr_line' id='line_1_85' title="bbox 2019 2605 3592 2678; baseline -0.004 -14"><span class='ocrx_word' id='word_1_606' title='bbox 2019 2608 2308 2678; x_wconf 84' lang='lat' dir='ltr'><strong>genuitatis</strong></span> <span class='ocrx_word' id='word_1_607' title='bbox 2339 2621 2536 2663; x_wconf 88' lang='lat' dir='ltr'><strong>corona</strong></span> <span class='ocrx_word' id='word_1_608' title='bbox 2587 2607 2818 2663; x_wconf 88' lang='lat' dir='ltr'><strong>redimiti</strong></span> <span class='ocrx_word' id='word_1_609' title='bbox 2847 2617 2990 2662; x_wconf 83' lang='lat' dir='ltr'><strong>sunt.</strong></span> <span class='ocrx_word' id='word_1_610' title='bbox 3035 2625 3054 2660; x_wconf 79' lang='grc' dir='ltr'><strong>ι</strong></span> <span class='ocrx_word' id='word_1_611' title='bbox 3112 2605 3592 2678; x_wconf 72' lang='lat' dir='ltr'><strong>Venient,etiam,</strong></span> 
     </span>
    </p>
   </div>
   <div class='ocr_carea' id='block_1_83' title="bbox 2019 2697 3587 2773">
    <p class='ocr_par' dir='ltr' id='par_1_83' title="bbox 2019 2697 3587 2773">
     <span class='ocr_line' id='line_1_86' title="bbox 2019 2697 3587 2773; baseline -0.002 -17"><span class='ocrx_word' id='word_1_612' title='bbox 2019 2702 2216 2773; x_wconf 86' lang='lat' dir='ltr'><strong>inquit,</strong></span> <span class='ocrx_word' id='word_1_613' title='bbox 2257 2715 2387 2756; x_wconf 84' lang='lat' dir='ltr'><strong>oves</strong></span> <span class='ocrx_word' id='word_1_614' title='bbox 2409 2700 2585 2756; x_wconf 88' lang='lat' dir='ltr'><strong>Cedar</strong></span> <span class='ocrx_word' id='word_1_615' title='bbox 2628 2709 2682 2754; x_wconf 87' lang='lat' dir='ltr'><strong>et</strong></span> <span class='ocrx_word' id='word_1_616' title='bbox 2725 2700 2922 2757; x_wconf 82' lang='lat' dir='ltr'><strong>arietes</strong></span> <span class='ocrx_word' id='word_1_617' title='bbox 2953 2699 3217 2766; x_wconf 84' lang='lat' dir='ltr'><strong>Nabeoth,</strong></span> <span class='ocrx_word' id='word_1_618' title='bbox 3257 2709 3314 2755; x_wconf 89' lang='lat' dir='ltr'><strong>et</strong></span> <span class='ocrx_word' id='word_1_619' title='bbox 3361 2697 3587 2755; x_wconf 79' lang='lat' dir='ltr'><strong>oﬂ&#39;eren-</strong></span> 
     </span>
    </p>
   </div>
   <div class='ocr_carea' id='block_1_84' title="bbox 2022 2789 3596 2862">
    <p class='ocr_par' dir='ltr' id='par_1_84' title="bbox 2022 2789 3596 2862">
     <span class='ocr_line' id='line_1_87' title="bbox 2022 2789 3596 2862; baseline -0.001 -17"><span class='ocrx_word' id='word_1_620' title='bbox 2022 2801 2108 2848; x_wconf 90' lang='lat' dir='ltr'><strong>tur</strong></span> <span class='ocrx_word' id='word_1_621' title='bbox 2161 2791 2514 2862; x_wconf 88' lang='lat' dir='ltr'><strong>acceptabilia</strong></span> <span class='ocrx_word' id='word_1_622' title='bbox 2560 2807 2722 2862; x_wconf 89' lang='lat' dir='ltr'><strong>super</strong></span> <span class='ocrx_word' id='word_1_623' title='bbox 2795 2805 2944 2846; x_wconf 91' lang='lat' dir='ltr'><strong>aram</strong></span> <span class='ocrx_word' id='word_1_624' title='bbox 3018 2806 3216 2848; x_wconf 88' lang='lat' dir='ltr'><strong>meam.</strong></span> <span class='ocrx_word' id='word_1_625' title='bbox 3253 2810 3272 2843; x_wconf 73' lang='grc' dir='ltr'><strong>ι</strong></span> <span class='ocrx_word' id='word_1_626' title='bbox 3323 2789 3497 2846; x_wconf 86' lang='lat' dir='ltr'><strong>Cedar</strong></span> <span class='ocrx_word' id='word_1_627' title='bbox 3539 2799 3596 2844; x_wconf 88' lang='lat' dir='ltr'><strong>et</strong></span> 
     </span>
    </p>
   </div>
   <div class='ocr_carea' id='block_1_85' title="bbox 2018 2882 3594 2953">
    <p class='ocr_par' dir='ltr' id='par_1_85' title="bbox 2018 2882 3594 2953">
     <span class='ocr_line' id='line_1_88' title="bbox 2018 2882 3594 2953; baseline -0.003 -15"><span class='ocrx_word' id='word_1_628' title='bbox 2018 2882 2285 2949; x_wconf 86' lang='lat' dir='ltr'><strong>Nabeoth,</strong></span> <span class='ocrx_word' id='word_1_629' title='bbox 2326 2882 2572 2953; x_wconf 85' lang='lat' dir='ltr'><strong>regiones</strong></span> <span class='ocrx_word' id='word_1_630' title='bbox 2599 2896 2787 2938; x_wconf 87' lang='lat' dir='ltr'><strong>rursus</strong></span> <span class='ocrx_word' id='word_1_631' title='bbox 2831 2891 2956 2938; x_wconf 84' lang='lat' dir='ltr'><strong>sunt</strong></span> <span class='ocrx_word' id='word_1_632' title='bbox 2984 2882 3121 2949; x_wconf 61' lang='lat' dir='ltr'><strong>alia,</strong></span> <span class='ocrx_word' id='word_1_633' title='bbox 3155 2882 3351 2953; x_wconf 64' lang='lat' dir='ltr'><strong>Opima:</strong></span> <span class='ocrx_word' id='word_1_634' title='bbox 3392 2890 3449 2936; x_wconf 88' lang='lat' dir='ltr'><strong>et</strong></span> <span class='ocrx_word' id='word_1_635' title='bbox 3497 2896 3594 2950; x_wconf 87' lang='lat' dir='ltr'><strong>pa-</strong></span> 
     </span>
    </p>
   </div>
   <div class='ocr_carea' id='block_1_86' title="bbox 2019 2972 3594 3044">
    <p class='ocr_par' dir='ltr' id='par_1_86' title="bbox 2019 2972 3594 3044">
     <span class='ocr_line' id='line_1_89' title="bbox 2019 2972 3594 3044; baseline -0.002 -15"><span class='ocrx_word' id='word_1_636' title='bbox 2019 2974 2218 3029; x_wconf 69' lang='lat' dir='ltr'><strong>bulosae</strong></span> <span class='ocrx_word' id='word_1_637' title='bbox 2261 2989 2325 3029; x_wconf 89' lang='lat' dir='ltr'><strong>ac</strong></span> <span class='ocrx_word' id='word_1_638' title='bbox 2358 2973 2620 3044; x_wconf 89' lang='lat' dir='ltr'><strong>plurimos</strong></span> <span class='ocrx_word' id='word_1_639' title='bbox 2649 2974 2850 3030; x_wconf 87' lang='lat' dir='ltr'><strong>habent</strong></span> <span class='ocrx_word' id='word_1_640' title='bbox 2878 2973 3102 3040; x_wconf 87' lang='lat' dir='ltr'><strong>incolas,</strong></span> <span class='ocrx_word' id='word_1_641' title='bbox 3130 2989 3317 3029; x_wconf 88' lang='lat' dir='ltr'><strong>verum</strong></span> <span class='ocrx_word' id='word_1_642' title='bbox 3369 2972 3594 3028; x_wconf 91' lang='lat' dir='ltr'><strong>idolola-</strong></span> 
     </span>
    </p>
   </div>
   <div class='ocr_carea' id='block_1_87' title="bbox 2021 3064 3594 3136">
    <p class='ocr_par' dir='ltr' id='par_1_87' title="bbox 2021 3064 3594 3136">
     <span class='ocr_line' id='line_1_90' title="bbox 2021 3064 3594 3136; baseline -0.001 -16"><span class='ocrx_word' id='word_1_643' title='bbox 2021 3073 2136 3121; x_wconf 87' lang='lat' dir='ltr'><strong>tras</strong></span> <span class='ocrx_word' id='word_1_644' title='bbox 2169 3074 2224 3120; x_wconf 88' lang='lat' dir='ltr'><strong>et</strong></span> <span class='ocrx_word' id='word_1_645' title='bbox 2249 3076 2512 3121; x_wconf 74' lang='lat' dir='ltr'><strong>errantes.</strong></span> <span class='ocrx_word' id='word_1_646' title='bbox 2547 3064 2653 3120; x_wconf 86' lang='lat' dir='ltr'><strong>Sed</strong></span> <span class='ocrx_word' id='word_1_647' title='bbox 2688 3074 2742 3120; x_wconf 92' lang='lat' dir='ltr'><strong>et</strong></span> <span class='ocrx_word' id='word_1_648' title='bbox 2777 3066 2854 3131; x_wconf 89' lang='lat' dir='ltr'><strong>hi,</strong></span> <span class='ocrx_word' id='word_1_649' title='bbox 2877 3066 3073 3136; x_wconf 90' lang='lat' dir='ltr'><strong>inquit,</strong></span> <span class='ocrx_word' id='word_1_650' title='bbox 3099 3066 3299 3121; x_wconf 86' lang='lat' dir='ltr'><strong>arietes</strong></span> <span class='ocrx_word' id='word_1_651' title='bbox 3369 3075 3427 3120; x_wconf 91' lang='lat' dir='ltr'><strong>et</strong></span> <span class='ocrx_word' id='word_1_652' title='bbox 3465 3080 3594 3120; x_wconf 89' lang='lat' dir='ltr'><strong>oves</strong></span> 
     </span>
    </p>
   </div>
   <div class='ocr_carea' id='block_1_88' title="bbox 2023 3156 3589 3227">
    <p class='ocr_par' dir='ltr' id='par_1_88' title="bbox 2023 3156 3589 3227">
     <span class='ocr_line' id='line_1_91' title="bbox 2023 3156 3589 3227; baseline -0.002 -16"><span class='ocrx_word' id='word_1_653' title='bbox 2023 3158 2307 3224; x_wconf 87' lang='lat' dir='ltr'><strong>adducent,</strong></span> <span class='ocrx_word' id='word_1_654' title='bbox 2332 3165 2388 3212; x_wconf 91' lang='lat' dir='ltr'><strong>et</strong></span> <span class='ocrx_word' id='word_1_655' title='bbox 2403 3156 2583 3213; x_wconf 88' lang='lat' dir='ltr'><strong>omnia</strong></span> <span class='ocrx_word' id='word_1_656' title='bbox 2605 3166 2762 3211; x_wconf 89' lang='lat' dir='ltr'><strong>erunt</strong></span> <span class='ocrx_word' id='word_1_657' title='bbox 2786 3165 3004 3227; x_wconf 85' lang='lat' dir='ltr'><strong>accepta</strong></span> <span class='ocrx_word' id='word_1_658' title='bbox 3033 3172 3196 3227; x_wconf 88' lang='lat' dir='ltr'><strong>super</strong></span> <span class='ocrx_word' id='word_1_659' title='bbox 3215 3171 3367 3212; x_wconf 86' lang='lat' dir='ltr'><strong>aram</strong></span> <span class='ocrx_word' id='word_1_660' title='bbox 3393 3171 3589 3225; x_wconf 85' lang='lat' dir='ltr'><strong>meam,</strong></span> 
     </span>
    </p>
   </div>
   <div class='ocr_carea' id='block_1_89' title="bbox 2022 3247 3594 3321">
    <p class='ocr_par' dir='ltr' id='par_1_89' title="bbox 2022 3247 3594 3321">
     <span class='ocr_line' id='line_1_92' title="bbox 2022 3247 3594 3321; baseline -0.002 -15"><span class='ocrx_word' id='word_1_661' title='bbox 2022 3250 2234 3306; x_wconf 83' lang='lat' dir='ltr'><strong>etiamsi</strong></span> <span class='ocrx_word' id='word_1_662' title='bbox 2264 3251 2382 3321; x_wconf 80' lang='lat' dir='ltr'><strong>lege</strong></span> <span class='ocrx_word' id='word_1_663' title='bbox 2421 3247 2654 3306; x_wconf 82' lang='lat' dir='ltr'><strong>Mosaica</strong></span> <span class='ocrx_word' id='word_1_664' title='bbox 2691 3248 2895 3305; x_wconf 90' lang='lat' dir='ltr'><strong>licitum</strong></span> <span class='ocrx_word' id='word_1_665' title='bbox 2943 3263 3047 3303; x_wconf 89' lang='lat' dir='ltr'><strong>non</strong></span> <span class='ocrx_word' id='word_1_666' title='bbox 3101 3248 3266 3303; x_wconf 80' lang='lat' dir='ltr'><strong>fuerit</strong></span> <span class='ocrx_word' id='word_1_667' title='bbox 3339 3248 3594 3319; x_wconf 87' lang='lat' dir='ltr'><strong>alienige-</strong></span> 
     </span>
    </p>
   </div>
   <div class='ocr_carea' id='block_1_90' title="bbox 2023 3340 3594 3407">
    <p class='ocr_par' dir='ltr' id='par_1_90' title="bbox 2023 3340 3594 3407">
     <span class='ocr_line' id='line_1_93' title="bbox 2023 3340 3594 3407; baseline 0.001 -12"><span class='ocrx_word' id='word_1_668' title='bbox 2023 3341 2128 3407; x_wconf 87' lang='lat' dir='ltr'><strong>nis,</strong></span> <span class='ocrx_word' id='word_1_669' title='bbox 2171 3341 2284 3397; x_wconf 88' lang='lat' dir='ltr'><strong>Deo</strong></span> <span class='ocrx_word' id='word_1_670' title='bbox 2316 3341 2524 3398; x_wconf 78' lang='lat' dir='ltr'><strong>hostias</strong></span> <span class='ocrx_word' id='word_1_671' title='bbox 2561 3340 2790 3397; x_wconf 77' lang='lat' dir='ltr'><strong>otl&#39;erre:</strong></span> <span class='ocrx_word' id='word_1_672' title='bbox 2827 3349 2882 3396; x_wconf 90' lang='lat' dir='ltr'><strong>et</strong></span> <span class='ocrx_word' id='word_1_673' title='bbox 2939 3341 2984 3396; x_wconf 88' lang='lat' dir='ltr'><strong>si</strong></span> <span class='ocrx_word' id='word_1_674' title='bbox 3045 3341 3390 3407; x_wconf 83' lang='lat' dir='ltr'><strong>obtulissent,</strong></span> <span class='ocrx_word' id='word_1_675' title='bbox 3437 3356 3594 3398; x_wconf 82' lang='lat' dir='ltr'><strong>acce-</strong></span> 
     </span>
    </p>
   </div>
   <div class='ocr_carea' id='block_1_91' title="bbox 2023 3428 3594 3500">
    <p class='ocr_par' dir='ltr' id='par_1_91' title="bbox 2023 3428 3594 3500">
     <span class='ocr_line' id='line_1_94' title="bbox 2023 3428 3594 3500; baseline 0.001 -16"><span class='ocrx_word' id='word_1_676' title='bbox 2023 3437 2145 3500; x_wconf 88' lang='lat' dir='ltr'><strong>ptas</strong></span> <span class='ocrx_word' id='word_1_677' title='bbox 2167 3428 2287 3484; x_wconf 85' lang='lat' dir='ltr'><strong>illas</strong></span> <span class='ocrx_word' id='word_1_678' title='bbox 2319 3445 2426 3485; x_wconf 88' lang='lat' dir='ltr'><strong>non</strong></span> <span class='ocrx_word' id='word_1_679' title='bbox 2464 3430 2717 3487; x_wconf 90' lang='lat' dir='ltr'><strong>habebat.</strong></span> <span class='ocrx_word' id='word_1_680' title='bbox 2753 3428 2860 3486; x_wconf 87' lang='lat' dir='ltr'><strong>Sed</strong></span> <span class='ocrx_word' id='word_1_681' title='bbox 2909 3444 3037 3486; x_wconf 88' lang='lat' dir='ltr'><strong>ecce</strong></span> <span class='ocrx_word' id='word_1_682' title='bbox 3071 3429 3226 3500; x_wconf 84' lang='lat' dir='ltr'><strong>jubet</strong></span> <span class='ocrx_word' id='word_1_683' title='bbox 3279 3433 3418 3487; x_wconf 88' lang='lat' dir='ltr'><strong>Deus</strong></span> <span class='ocrx_word' id='word_1_684' title='bbox 3475 3431 3594 3486; x_wconf 88' lang='lat' dir='ltr'><strong>illas</strong></span> 
     </span>
    </p>
   </div>
   <div class='ocr_carea' id='block_1_92' title="bbox 2024 3520 3595 3590">
    <p class='ocr_par' dir='ltr' id='par_1_92' title="bbox 2024 3520 3595 3590">
     <span class='ocr_line' id='line_1_95' title="bbox 2024 3520 3595 3590; baseline 0.004 -17"><span class='ocrx_word' id='word_1_685' title='bbox 2024 3529 2276 3590; x_wconf 87' lang='lat' dir='ltr'><strong>acceptas</strong></span> <span class='ocrx_word' id='word_1_686' title='bbox 2301 3535 2446 3587; x_wconf 85' lang='lat' dir='ltr'><strong>esse,</strong></span> <span class='ocrx_word' id='word_1_687' title='bbox 2473 3520 2526 3576; x_wconf 92' lang='lat' dir='ltr'><strong>in</strong></span> <span class='ocrx_word' id='word_1_688' title='bbox 2553 3521 2760 3577; x_wconf 86' lang='lat' dir='ltr'><strong>sanctis</strong></span> <span class='ocrx_word' id='word_1_689' title='bbox 2797 3522 2930 3578; x_wconf 88' lang='lat' dir='ltr'><strong>aris.</strong></span> <span class='ocrx_word' id='word_1_690' title='bbox 2958 3522 3016 3577; x_wconf 88' lang='lat' dir='ltr'><strong>In</strong></span> <span class='ocrx_word' id='word_1_691' title='bbox 3050 3523 3270 3580; x_wconf 86' lang='lat' dir='ltr'><strong>Christo</strong></span> <span class='ocrx_word' id='word_1_692' title='bbox 3295 3525 3438 3580; x_wconf 91' lang='lat' dir='ltr'><strong>enim</strong></span> <span class='ocrx_word' id='word_1_693' title='bbox 3467 3523 3595 3580; x_wconf 75' lang='lat' dir='ltr'><strong>Iesu</strong></span> 
     </span>
    </p>
   </div>
   <div class='ocr_carea' id='block_1_93' title="bbox 2023 3613 3595 3687">
    <p class='ocr_par' dir='ltr' id='par_1_93' title="bbox 2023 3613 3595 3687">
     <span class='ocr_line' id='line_1_96' title="bbox 2023 3613 3595 3687; baseline 0.002 -22"><span class='ocrx_word' id='word_1_694' title='bbox 2023 3625 2129 3666; x_wconf 89' lang='lat' dir='ltr'><strong>non</strong></span> <span class='ocrx_word' id='word_1_695' title='bbox 2171 3620 2256 3667; x_wconf 77' lang='lat' dir='ltr'><strong>est</strong></span> <span class='ocrx_word' id='word_1_696' title='bbox 2300 3626 2524 3679; x_wconf 85' lang='lat' dir='ltr'><strong>servus,</strong></span> <span class='ocrx_word' id='word_1_697' title='bbox 2591 3628 2766 3684; x_wconf 85' lang='lat' dir='ltr'><strong>neque</strong></span> <span class='ocrx_word' id='word_1_698' title='bbox 2818 3615 2973 3678; x_wconf 90' lang='lat' dir='ltr'><strong>liber,</strong></span> <span class='ocrx_word' id='word_1_699' title='bbox 3029 3613 3309 3679; x_wconf 84' lang='lat' dir='ltr'><strong>barbarus,</strong></span> <span class='ocrx_word' id='word_1_700' title='bbox 3374 3615 3595 3687; x_wconf 81' lang='lat' dir='ltr'><strong>Scytha,</strong></span> 
     </span>
    </p>
   </div>
   <div class='ocr_carea' id='block_1_94' title="bbox 2023 3701 3597 3772">
    <p class='ocr_par' dir='ltr' id='par_1_94' title="bbox 2023 3701 3597 3772">
     <span class='ocr_line' id='line_1_97' title="bbox 2023 3701 3597 3772; baseline 0.004 -15"><span class='ocrx_word' id='word_1_701' title='bbox 2023 3701 2242 3757; x_wconf 67' lang='lat' dir='ltr'><strong>Graecus</strong></span> <span class='ocrx_word' id='word_1_702' title='bbox 2279 3713 2334 3760; x_wconf 92' lang='lat' dir='ltr'><strong>et</strong></span> <span class='ocrx_word' id='word_1_703' title='bbox 2355 3701 2594 3772; x_wconf 67' lang='lat' dir='ltr'><strong>Iudaeus,</strong></span> <span class='ocrx_word' id='word_1_704' title='bbox 2638 3707 2732 3761; x_wconf 88' lang='lat' dir='ltr'><strong>sed</strong></span> <span class='ocrx_word' id='word_1_705' title='bbox 2759 3707 2938 3761; x_wconf 87' lang='lat' dir='ltr'><strong>omnia</strong></span> <span class='ocrx_word' id='word_1_706' title='bbox 2963 3715 3017 3761; x_wconf 88' lang='lat' dir='ltr'><strong>et</strong></span> <span class='ocrx_word' id='word_1_707' title='bbox 3069 3706 3124 3762; x_wconf 89' lang='lat' dir='ltr'><strong>in</strong></span> <span class='ocrx_word' id='word_1_708' title='bbox 3149 3707 3399 3763; x_wconf 87' lang='lat' dir='ltr'><strong>omnibus</strong></span> <span class='ocrx_word' id='word_1_709' title='bbox 3446 3709 3597 3764; x_wconf 84' lang='lat' dir='ltr'><strong>Chri-</strong></span> 
     </span>
    </p>
   </div>
   <div class='ocr_carea' id='block_1_95' title="bbox 2024 3793 3592 3868">
    <p class='ocr_par' dir='ltr' id='par_1_95' title="bbox 2024 3793 3592 3868">
     <span class='ocr_line' id='line_1_98' title="bbox 2024 3793 3592 3868; baseline 0.003 -19"><span class='ocrx_word' id='word_1_710' title='bbox 2024 3802 2158 3849; x_wconf 87' lang='lat' dir='ltr'><strong>stus.</strong></span> <span class='ocrx_word' id='word_1_711' title='bbox 2199 3793 2373 3850; x_wconf 86' lang='lat' dir='ltr'><strong>Unum</strong></span> <span class='ocrx_word' id='word_1_712' title='bbox 2410 3796 2556 3850; x_wconf 88' lang='lat' dir='ltr'><strong>enim</strong></span> <span class='ocrx_word' id='word_1_713' title='bbox 2587 3797 2715 3852; x_wconf 80' lang='lat' dir='ltr'><strong>lacti</strong></span> <span class='ocrx_word' id='word_1_714' title='bbox 2745 3807 2874 3853; x_wconf 89' lang='lat' dir='ltr'><strong>sunt</strong></span> <span class='ocrx_word' id='word_1_715' title='bbox 2909 3798 3014 3854; x_wconf 92' lang='lat' dir='ltr'><strong>duo</strong></span> <span class='ocrx_word' id='word_1_716' title='bbox 3052 3798 3255 3868; x_wconf 88' lang='lat' dir='ltr'><strong>populi,</strong></span> <span class='ocrx_word' id='word_1_717' title='bbox 3313 3814 3434 3854; x_wconf 90' lang='lat' dir='ltr'><strong>cum</strong></span> <span class='ocrx_word' id='word_1_718' title='bbox 3501 3799 3592 3853; x_wconf 89' lang='lat' dir='ltr'><strong>ille</strong></span> 
     </span>
    </p>
   </div>
   <div class='ocr_carea' id='block_1_96' title="bbox 2025 3885 3597 3960">
    <p class='ocr_par' dir='ltr' id='par_1_96' title="bbox 2025 3885 3597 3960">
     <span class='ocr_line' id='line_1_99' title="bbox 2025 3885 3597 3960; baseline 0.004 -21"><span class='ocrx_word' id='word_1_719' title='bbox 2025 3885 2376 3942; x_wconf 85' lang='lat' dir='ltr'><strong>interstitium</strong></span> <span class='ocrx_word' id='word_1_720' title='bbox 2433 3888 2684 3942; x_wconf 68' lang='lat' dir='ltr'><strong>maceria:</strong></span> <span class='ocrx_word' id='word_1_721' title='bbox 2727 3887 3004 3958; x_wconf 87' lang='lat' dir='ltr'><strong>dejecerit,</strong></span> <span class='ocrx_word' id='word_1_722' title='bbox 3061 3899 3116 3943; x_wconf 89' lang='lat' dir='ltr'><strong>et</strong></span> <span class='ocrx_word' id='word_1_723' title='bbox 3162 3889 3334 3960; x_wconf 88' lang='lat' dir='ltr'><strong>legem</strong></span> <span class='ocrx_word' id='word_1_724' title='bbox 3374 3891 3597 3946; x_wconf 84' lang='lat' dir='ltr'><strong>manda-</strong></span> 
     </span>
    </p>
   </div>
   <div class='ocr_carea' id='block_1_97' title="bbox 2027 3975 3586 4056">
    <p class='ocr_par' dir='ltr' id='par_1_97' title="bbox 2027 3975 3586 4056">
     <span class='ocr_line' id='line_1_100' title="bbox 2027 3975 3586 4056; baseline 0.004 -27"><span class='ocrx_word' id='word_1_725' title='bbox 2027 3984 2201 4029; x_wconf 89' lang='lat' dir='ltr'><strong>torum</strong></span> <span class='ocrx_word' id='word_1_726' title='bbox 2248 3975 2300 4028; x_wconf 91' lang='lat' dir='ltr'><strong>in</strong></span> <span class='ocrx_word' id='word_1_727' title='bbox 2332 3975 2596 4046; x_wconf 80' lang='lat' dir='ltr'><strong>dogmatis</strong></span> <span class='ocrx_word' id='word_1_728' title='bbox 2617 3975 2784 4056; x_wconf 65' lang='grc'><strong>845</strong></span> <span class='ocrx_word' id='word_1_729' title='bbox 2820 3976 3134 4033; x_wconf 85' lang='lat' dir='ltr'><strong>aboleverit.</strong></span> <span class='ocrx_word' id='word_1_730' title='bbox 3174 3979 3422 4049; x_wconf 70' lang='lat' dir='ltr'><strong>Accepta:</strong></span> <span class='ocrx_word' id='word_1_731' title='bbox 3458 3992 3586 4035; x_wconf 85' lang='lat' dir='ltr'><strong>sunt</strong></span> 
     </span>
    </p>
   </div>
   <div class='ocr_carea' id='block_1_98' title="bbox 2025 4065 3596 4140">
    <p class='ocr_par' dir='ltr' id='par_1_98' title="bbox 2025 4065 3596 4140">
     <span class='ocr_line' id='line_1_101' title="bbox 2025 4065 3596 4140; baseline 0.006 -20"><span class='ocrx_word' id='word_1_732' title='bbox 2025 4065 2190 4137; x_wconf 87' lang='lat' dir='ltr'><strong>igitur</strong></span> <span class='ocrx_word' id='word_1_733' title='bbox 2235 4065 2428 4120; x_wconf 64' lang='lat' dir='ltr'><strong>hostiae</strong></span> <span class='ocrx_word' id='word_1_734' title='bbox 2473 4080 2684 4132; x_wconf 87' lang='lat' dir='ltr'><strong>eorum,</strong></span> <span class='ocrx_word' id='word_1_735' title='bbox 2735 4068 2826 4137; x_wconf 90' lang='lat' dir='ltr'><strong>qui</strong></span> <span class='ocrx_word' id='word_1_736' title='bbox 2889 4083 2987 4140; x_wconf 88' lang='lat' dir='ltr'><strong>per</strong></span> <span class='ocrx_word' id='word_1_737' title='bbox 3036 4069 3195 4125; x_wconf 83' lang='lat' dir='ltr'><strong>ﬁdem</strong></span> <span class='ocrx_word' id='word_1_738' title='bbox 3258 4073 3310 4125; x_wconf 89' lang='lat' dir='ltr'><strong>in</strong></span> <span class='ocrx_word' id='word_1_739' title='bbox 3378 4072 3596 4129; x_wconf 83' lang='lat' dir='ltr'><strong>Christo</strong></span> 
     </span>
    </p>
   </div>
   <div class='ocr_carea' id='block_1_99' title="bbox 2027 4155 3596 4228">
    <p class='ocr_par' dir='ltr' id='par_1_99' title="bbox 2027 4155 3596 4228">
     <span class='ocr_line' id='line_1_102' title="bbox 2027 4155 3596 4228; baseline 0.008 -20"><span class='ocrx_word' id='word_1_740' title='bbox 2027 4155 2294 4210; x_wconf 89' lang='lat' dir='ltr'><strong>accedunt</strong></span> <span class='ocrx_word' id='word_1_741' title='bbox 2321 4157 2389 4211; x_wconf 89' lang='lat' dir='ltr'><strong>ad</strong></span> <span class='ocrx_word' id='word_1_742' title='bbox 2427 4155 2615 4212; x_wconf 89' lang='lat' dir='ltr'><strong>Deum.</strong></span> <span class='ocrx_word' id='word_1_743' title='bbox 2657 4175 2677 4209; x_wconf 79' lang='grc' dir='ltr'><strong>ι</strong></span> <span class='ocrx_word' id='word_1_744' title='bbox 2704 4156 2772 4212; x_wconf 84' lang='grc' dir='ltr'>Ει</span> <span class='ocrx_word' id='word_1_745' title='bbox 2803 4157 3039 4228; x_wconf 87' lang='lat' dir='ltr'><strong>gloriosa</strong></span> <span class='ocrx_word' id='word_1_746' title='bbox 3077 4160 3267 4216; x_wconf 66' lang='lat' dir='ltr'><strong>effecta</strong></span> <span class='ocrx_word' id='word_1_747' title='bbox 3296 4171 3380 4218; x_wconf 81' lang='lat' dir='ltr'><strong>est</strong></span> <span class='ocrx_word' id='word_1_748' title='bbox 3403 4163 3596 4220; x_wconf 88' lang='lat' dir='ltr'><strong>domus</strong></span> 
     </span>
    </p>
   </div>
   <div class='ocr_carea' id='block_1_100' title="bbox 2024 4246 3588 4310">
    <p class='ocr_par' dir='ltr' id='par_1_100' title="bbox 2024 4246 3588 4310">
     <span class='ocr_line' id='line_1_103' title="bbox 2024 4246 3588 4310; baseline 0.005 -9"><span class='ocrx_word' id='word_1_749' title='bbox 2024 4247 2288 4302; x_wconf 86' lang='lat' dir='ltr'><strong>orationis</strong></span> <span class='ocrx_word' id='word_1_750' title='bbox 2349 4246 2464 4302; x_wconf 87' lang='lat' dir='ltr'><strong>Dei.</strong></span> <span class='ocrx_word' id='word_1_751' title='bbox 2519 4246 2728 4304; x_wconf 83' lang='lat' dir='ltr'><strong>Rursus</strong></span> <span class='ocrx_word' id='word_1_752' title='bbox 2774 4248 2906 4303; x_wconf 89' lang='lat' dir='ltr'><strong>mihi</strong></span> <span class='ocrx_word' id='word_1_753' title='bbox 2954 4248 3253 4307; x_wconf 62' lang='lat' dir='ltr'><strong>{considera</strong></span> <span class='ocrx_word' id='word_1_754' title='bbox 3323 4253 3588 4310; x_wconf 86' lang='lat' dir='ltr'><strong>orationis</strong></span> 
     </span>
    </p>
   </div>
   <div class='ocr_carea' id='block_1_101' title="bbox 2025 4336 3592 4406">
    <p class='ocr_par' dir='ltr' id='par_1_101' title="bbox 2025 4336 3592 4406">
     <span class='ocr_line' id='line_1_104' title="bbox 2025 4336 3592 4406; baseline 0.007 -15"><span class='ocrx_word' id='word_1_755' title='bbox 2025 4336 2467 4406; x_wconf 80' lang='lat' dir='ltr'><strong>profunditatem.</strong></span> <span class='ocrx_word' id='word_1_756' title='bbox 2504 4337 2618 4394; x_wconf 83' lang='lat' dir='ltr'><strong>Non</strong></span> <span class='ocrx_word' id='word_1_757' title='bbox 2677 4339 2823 4394; x_wconf 89' lang='lat' dir='ltr'><strong>enim</strong></span> <span class='ocrx_word' id='word_1_758' title='bbox 2872 4340 3172 4397; x_wconf 88' lang='lat' dir='ltr'><strong>hostiarum</strong></span> <span class='ocrx_word' id='word_1_759' title='bbox 3216 4351 3272 4399; x_wconf 89' lang='lat' dir='ltr'><strong>et</strong></span> <span class='ocrx_word' id='word_1_760' title='bbox 3321 4343 3592 4402; x_wconf 74' lang='lat' dir='ltr'><strong>{umorum</strong></span> 
     </span>
    </p>
   </div>
   <div class='ocr_carea' id='block_1_102' title="bbox 2027 4418 3592 4501">
    <p class='ocr_par' dir='ltr' id='par_1_102' title="bbox 2027 4418 3592 4501">
     <span class='ocr_line' id='line_1_105' title="bbox 2027 4418 3592 4501; baseline 0.007 -17"><span class='ocrx_word' id='word_1_761' title='bbox 2027 4430 2241 4484; x_wconf 88' lang='lat' dir='ltr'><strong>domum</strong></span> <span class='ocrx_word' id='word_1_762' title='bbox 2265 4428 2378 4500; x_wconf 82' lang='lat' dir='ltr'><strong>jam</strong></span> <span class='ocrx_word' id='word_1_763' title='bbox 2405 4430 2590 4486; x_wconf 89' lang='lat' dir='ltr'><strong>vocari</strong></span> <span class='ocrx_word' id='word_1_764' title='bbox 2625 4430 2739 4486; x_wconf 78' lang='lat' dir='ltr'><strong>vult</strong></span> <span class='ocrx_word' id='word_1_765' title='bbox 2767 4431 3094 4501; x_wconf 74' lang='lat' dir='ltr'><strong>Ecclesium,</strong></span> <span class='ocrx_word' id='word_1_766' title='bbox 3119 4418 3288 4491; x_wconf 42' lang='lat' dir='ltr'><strong>&#39;sicuti</strong></span> <span class='ocrx_word' id='word_1_767' title='bbox 3333 4439 3592 4495; x_wconf 88' lang='lat' dir='ltr'><strong>nimirum</strong></span> 
     </span>
    </p>
   </div>
   <div class='ocr_carea' id='block_1_103' title="bbox 2037 4517 3596 4597">
    <p class='ocr_par' dir='ltr' id='par_1_103' title="bbox 2037 4517 3596 4597">
     <span class='ocr_line' id='line_1_106' title="bbox 2037 4517 3596 4597; baseline 0.006 -24"><span class='ocrx_word' id='word_1_768' title='bbox 2037 4519 2295 4588; x_wconf 91' lang='lat' dir='ltr'><strong>templum</strong></span> <span class='ocrx_word' id='word_1_769' title='bbox 2361 4517 2906 4592; x_wconf 84' lang='lat' dir='ltr'><strong>Jerosolymitanum,</strong></span> <span class='ocrx_word' id='word_1_770' title='bbox 2959 4521 3051 4576; x_wconf 88' lang='lat' dir='ltr'><strong>sed</strong></span> <span class='ocrx_word' id='word_1_771' title='bbox 3101 4525 3430 4592; x_wconf 87' lang='lat' dir='ltr'><strong>precationis</strong></span> <span class='ocrx_word' id='word_1_772' title='bbox 3503 4544 3596 4597; x_wconf 90' lang='lat' dir='ltr'><strong>po-</strong></span> 
     </span>
    </p>
   </div>
   <div class='ocr_carea' id='block_1_104' title="bbox 2031 4610 3595 4681">
    <p class='ocr_par' dir='ltr' id='par_1_104' title="bbox 2031 4610 3595 4681">
     <span class='ocr_line' id='line_1_107' title="bbox 2031 4610 3595 4681; baseline 0.006 -17"><span class='ocrx_word' id='word_1_773' title='bbox 2031 4611 2158 4674; x_wconf 88' lang='lat' dir='ltr'><strong>tius,</strong></span> <span class='ocrx_word' id='word_1_774' title='bbox 2209 4610 2261 4666; x_wconf 93' lang='lat' dir='ltr'><strong>id</strong></span> <span class='ocrx_word' id='word_1_775' title='bbox 2293 4620 2378 4666; x_wconf 88' lang='lat' dir='ltr'><strong>est</strong></span> <span class='ocrx_word' id='word_1_776' title='bbox 2414 4611 2596 4667; x_wconf 89' lang='lat' dir='ltr'><strong>cultus</strong></span> <span class='ocrx_word' id='word_1_777' title='bbox 2651 4611 2973 4681; x_wconf 89' lang='lat' dir='ltr'><strong>spiritualis.</strong></span> <span class='ocrx_word' id='word_1_778' title='bbox 3040 4613 3226 4670; x_wconf 88' lang='lat' dir='ltr'><strong>Psallit</strong></span> <span class='ocrx_word' id='word_1_779' title='bbox 3261 4627 3443 4673; x_wconf 88' lang='lat' dir='ltr'><strong>autem</strong></span> <span class='ocrx_word' id='word_1_780' title='bbox 3494 4620 3595 4674; x_wconf 82' lang='lat' dir='ltr'><strong>ali-</strong></span> 
     </span>
    </p>
   </div>
   <div class='ocr_carea' id='block_1_105' title="bbox 2023 4700 3594 4776">
    <p class='ocr_par' dir='ltr' id='par_1_105' title="bbox 2023 4700 3594 4776">
     <span class='ocr_line' id='line_1_108' title="bbox 2023 4700 3594 4776; baseline 0.004 -20"><span class='ocrx_word' id='word_1_781' title='bbox 2023 4701 2170 4767; x_wconf 91' lang='lat' dir='ltr'><strong>cubi,</strong></span> <span class='ocrx_word' id='word_1_782' title='bbox 2226 4710 2281 4756; x_wconf 92' lang='lat' dir='ltr'><strong>et</strong></span> <span class='ocrx_word' id='word_1_783' title='bbox 2310 4703 2386 4757; x_wconf 90' lang='lat' dir='ltr'><strong>ait</strong></span> <span class='ocrx_word' id='word_1_784' title='bbox 2436 4700 2651 4758; x_wconf 88' lang='lat' dir='ltr'><strong>divinus</strong></span> <span class='ocrx_word' id='word_1_785' title='bbox 2731 4703 2934 4759; x_wconf 87' lang='lat' dir='ltr'><strong>David:</strong></span> <span class='ocrx_word' id='word_1_786' title='bbox 2994 4724 3011 4757; x_wconf 80' lang='grc' dir='ltr'><strong>ι</strong></span> <span class='ocrx_word' id='word_1_787' title='bbox 3079 4705 3358 4776; x_wconf 88' lang='lat' dir='ltr'><strong>Dirigatur</strong></span> <span class='ocrx_word' id='word_1_788' title='bbox 3415 4710 3594 4765; x_wconf 89' lang='lat' dir='ltr'><strong>oratio</strong></span> 
     </span>
    </p>
   </div>
   <div class='ocr_carea' id='block_1_106' title="bbox 2025 4793 3595 4868">
    <p class='ocr_par' dir='ltr' id='par_1_106' title="bbox 2025 4793 3595 4868">
     <span class='ocr_line' id='line_1_109' title="bbox 2025 4793 3595 4868; baseline 0.005 -20"><span class='ocrx_word' id='word_1_789' title='bbox 2025 4808 2165 4860; x_wconf 89' lang='lat' dir='ltr'><strong>mea,</strong></span> <span class='ocrx_word' id='word_1_790' title='bbox 2192 4793 2334 4850; x_wconf 84' lang='lat' dir='ltr'><strong>sicut</strong></span> <span class='ocrx_word' id='word_1_791' title='bbox 2377 4795 2660 4851; x_wconf 87' lang='lat' dir='ltr'><strong>incensum</strong></span> <span class='ocrx_word' id='word_1_792' title='bbox 2715 4795 2769 4850; x_wconf 92' lang='lat' dir='ltr'><strong>in</strong></span> <span class='ocrx_word' id='word_1_793' title='bbox 2825 4807 3118 4868; x_wconf 88' lang='lat' dir='ltr'><strong>conspectu</strong></span> <span class='ocrx_word' id='word_1_794' title='bbox 3184 4809 3298 4864; x_wconf 92' lang='lat' dir='ltr'><strong>tuo,</strong></span> <span class='ocrx_word' id='word_1_795' title='bbox 3361 4799 3595 4857; x_wconf 84' lang='lat' dir='ltr'><strong>elevatio</strong></span> 
     </span>
    </p>
   </div>
   <div class='ocr_carea' id='block_1_107' title="bbox 2027 4887 3593 4960">
    <p class='ocr_par' dir='ltr' id='par_1_107' title="bbox 2027 4887 3593 4960">
     <span class='ocr_line' id='line_1_110' title="bbox 2027 4887 3593 4960; baseline 0.007 -22"><span class='ocrx_word' id='word_1_796' title='bbox 2027 4899 2282 4940; x_wconf 90' lang='lat' dir='ltr'><strong>manuum</strong></span> <span class='ocrx_word' id='word_1_797' title='bbox 2309 4901 2550 4942; x_wconf 87' lang='lat' dir='ltr'><strong>mearum</strong></span> <span class='ocrx_word' id='word_1_798' title='bbox 2608 4887 2934 4944; x_wconf 84' lang='lat' dir='ltr'><strong>sacriﬁcium</strong></span> <span class='ocrx_word' id='word_1_799' title='bbox 2959 4890 3323 4960; x_wconf 89' lang='lat' dir='ltr'><strong>vespertinum</strong></span> <span class='ocrx_word' id='word_1_800' title='bbox 3356 4893 3395 4946; x_wconf 78' lang='grc'>³.</span> <span class='ocrx_word' id='word_1_801' title='bbox 3434 4913 3451 4944; x_wconf 72' lang='grc' dir='ltr'><strong>ο</strong></span> <span class='ocrx_word' id='word_1_802' title='bbox 3484 4892 3593 4949; x_wconf 86' lang='lat' dir='ltr'><strong>No-</strong></span> 
     </span>
    </p>
   </div>
   <div class='ocr_carea' id='block_1_108' title="bbox 2031 4975 3597 5049">
    <p class='ocr_par' dir='ltr' id='par_1_108' title="bbox 2031 4975 3597 5049">
     <span class='ocr_line' id='line_1_111' title="bbox 2031 4975 3597 5049; baseline 0.008 -20"><span class='ocrx_word' id='word_1_803' title='bbox 2031 4975 2250 5031; x_wconf 88' lang='lat' dir='ltr'><strong>tandum</strong></span> <span class='ocrx_word' id='word_1_804' title='bbox 2291 4976 2458 5032; x_wconf 90' lang='lat' dir='ltr'><strong>etiam</strong></span> <span class='ocrx_word' id='word_1_805' title='bbox 2519 4978 2679 5049; x_wconf 77' lang='lat' dir='ltr'><strong>hujus</strong></span> <span class='ocrx_word' id='word_1_806' title='bbox 2717 4979 2974 5034; x_wconf 90' lang='lat' dir='ltr'><strong>versiculi</strong></span> <span class='ocrx_word' id='word_1_807' title='bbox 3022 4982 3349 5039; x_wconf 89' lang='lat' dir='ltr'><strong>mentionem</strong></span> <span class='ocrx_word' id='word_1_808' title='bbox 3401 4983 3597 5042; x_wconf 82' lang='lat' dir='ltr'><strong>fecisse</strong></span> 
     </span>
    </p>
   </div>
   <div class='ocr_carea' id='block_1_109' title="bbox 2027 5067 3594 5144">
    <p class='ocr_par' dir='ltr' id='par_1_109' title="bbox 2027 5067 3594 5144">
     <span class='ocr_line' id='line_1_112' title="bbox 2027 5067 3594 5144; baseline 0.007 -23"><span class='ocrx_word' id='word_1_809' title='bbox 2027 5067 2202 5137; x_wconf 89' lang='lat' dir='ltr'><strong>ipsum</strong></span> <span class='ocrx_word' id='word_1_810' title='bbox 2233 5067 2604 5136; x_wconf 85' lang='lat' dir='ltr'><strong>Servatorem,</strong></span> <span class='ocrx_word' id='word_1_811' title='bbox 2637 5086 2759 5126; x_wconf 89' lang='lat' dir='ltr'><strong>cum</strong></span> <span class='ocrx_word' id='word_1_812' title='bbox 2825 5070 3134 5128; x_wconf 63' lang='lat' dir='ltr'><strong>Judmorum</strong></span> <span class='ocrx_word' id='word_1_813' title='bbox 3194 5075 3594 5144; x_wconf 83' lang='lat' dir='ltr'><strong>negotiationes</strong></span> 
     </span>
    </p>
   </div>
   <div class='ocr_carea' id='block_1_110' title="bbox 2026 5159 3592 5235">
    <p class='ocr_par' dir='ltr' id='par_1_110' title="bbox 2026 5159 3592 5235">
     <span class='ocr_line' id='line_1_113' title="bbox 2026 5159 3592 5235; baseline 0.006 -22"><span class='ocrx_word' id='word_1_814' title='bbox 2026 5159 2394 5228; x_wconf 88' lang='lat' dir='ltr'><strong>reprehendit,</strong></span> <span class='ocrx_word' id='word_1_815' title='bbox 2427 5168 2486 5216; x_wconf 88' lang='lat' dir='ltr'><strong>et</strong></span> <span class='ocrx_word' id='word_1_816' title='bbox 2514 5160 2680 5217; x_wconf 89' lang='lat' dir='ltr'><strong>dicit:</strong></span> <span class='ocrx_word' id='word_1_817' title='bbox 2716 5181 2737 5215; x_wconf 73' lang='grc' dir='ltr'><strong>ι</strong></span> <span class='ocrx_word' id='word_1_818' title='bbox 2781 5161 3052 5234; x_wconf 87' lang='lat' dir='ltr'><strong>Scriptum</strong></span> <span class='ocrx_word' id='word_1_819' title='bbox 3081 5174 3191 5221; x_wconf 87' lang='lat' dir='ltr'><strong>est:</strong></span> <span class='ocrx_word' id='word_1_820' title='bbox 3227 5169 3426 5223; x_wconf 88' lang='lat' dir='ltr'><strong>Domus</strong></span> <span class='ocrx_word' id='word_1_821' title='bbox 3447 5184 3592 5235; x_wconf 86' lang='lat' dir='ltr'><strong>mea,</strong></span> 
     </span>
    </p>
   </div>
   <div class='ocr_carea' id='block_1_111' title="bbox 2026 5252 3595 5328">
    <p class='ocr_par' dir='ltr' id='par_1_111' title="bbox 2026 5252 3595 5328">
     <span class='ocr_line' id='line_1_114' title="bbox 2026 5252 3595 5328; baseline 0.004 -22"><span class='ocrx_word' id='word_1_822' title='bbox 2026 5253 2218 5307; x_wconf 88' lang='lat' dir='ltr'><strong>domus</strong></span> <span class='ocrx_word' id='word_1_823' title='bbox 2260 5252 2525 5308; x_wconf 88' lang='lat' dir='ltr'><strong>orationis</strong></span> <span class='ocrx_word' id='word_1_824' title='bbox 2553 5253 2857 5310; x_wconf 88' lang='lat' dir='ltr'><strong>vocabitur.</strong></span> <span class='ocrx_word' id='word_1_825' title='bbox 2905 5253 3014 5312; x_wconf 87' lang='lat' dir='ltr'><strong>Vos</strong></span> <span class='ocrx_word' id='word_1_826' title='bbox 3037 5265 3219 5313; x_wconf 89' lang='lat' dir='ltr'><strong>autem</strong></span> <span class='ocrx_word' id='word_1_827' title='bbox 3274 5258 3445 5328; x_wconf 86' lang='lat' dir='ltr'><strong>ipsam</strong></span> <span class='ocrx_word' id='word_1_828' title='bbox 3501 5259 3595 5312; x_wconf 85' lang='lat' dir='ltr'><strong>l‘a-</strong></span> 
     </span>
    </p>
   </div>
   <div class='ocr_carea' id='block_1_112' title="bbox 2026 5343 3594 5421">
    <p class='ocr_par' dir='ltr' id='par_1_112' title="bbox 2026 5343 3594 5421">
     <span class='ocr_line' id='line_1_115' title="bbox 2026 5343 3594 5421; baseline 0.006 -23"><span class='ocrx_word' id='word_1_829' title='bbox 2026 5344 2149 5399; x_wconf 88' lang='lat' dir='ltr'><strong>citis</strong></span> <span class='ocrx_word' id='word_1_830' title='bbox 2174 5343 2482 5412; x_wconf 87' lang='lat' dir='ltr'><strong>speluncam</strong></span> <span class='ocrx_word' id='word_1_831' title='bbox 2535 5344 2808 5401; x_wconf 88' lang='lat' dir='ltr'><strong>latronum</strong></span> <span class='ocrx_word' id='word_1_832' title='bbox 2842 5349 2888 5403; x_wconf 80' lang='grc'>¹.</span> <span class='ocrx_word' id='word_1_833' title='bbox 2923 5366 2943 5401; x_wconf 75' lang='grc' dir='ltr'><strong>ι</strong></span> <span class='ocrx_word' id='word_1_834' title='bbox 3002 5348 3134 5404; x_wconf 89' lang='lat' dir='ltr'><strong>Cum</strong></span> <span class='ocrx_word' id='word_1_835' title='bbox 3180 5350 3343 5421; x_wconf 86' lang='lat' dir='ltr'><strong>igitur</strong></span> <span class='ocrx_word' id='word_1_836' title='bbox 3402 5355 3594 5408; x_wconf 89' lang='lat' dir='ltr'><strong>domus</strong></span> 
     </span>
    </p>
   </div>
   <div class='ocr_carea' id='block_1_113' title="bbox 2025 5433 3484 5510">
    <p class='ocr_par' dir='ltr' id='par_1_113' title="bbox 2025 5433 3484 5510">
     <span class='ocr_line' id='line_1_116' title="bbox 2025 5433 3484 5510; baseline 0.008 -21"><span class='ocrx_word' id='word_1_837' title='bbox 2025 5435 2292 5491; x_wconf 88' lang='lat' dir='ltr'><strong>orationis</strong></span> <span class='ocrx_word' id='word_1_838' title='bbox 2324 5433 2465 5491; x_wconf 76' lang='lat' dir='ltr'><strong>facta</strong></span> <span class='ocrx_word' id='word_1_839' title='bbox 2485 5444 2590 5503; x_wconf 87' lang='lat' dir='ltr'><strong>est,</strong></span> <span class='ocrx_word' id='word_1_840' title='bbox 2625 5445 2753 5492; x_wconf 90' lang='lat' dir='ltr'><strong>tunc</strong></span> <span class='ocrx_word' id='word_1_841' title='bbox 2795 5453 3013 5509; x_wconf 83' lang='lat' dir='ltr'><strong>quoque</strong></span> <span class='ocrx_word' id='word_1_842' title='bbox 3039 5439 3336 5510; x_wconf 79' lang='lat' dir='ltr'><strong>gloriﬁcata</strong></span> <span class='ocrx_word' id='word_1_843' title='bbox 3379 5453 3484 5500; x_wconf 90' lang='lat' dir='ltr'><strong>est.</strong></span> 
     </span>
    </p>
   </div>
   <div class='ocr_carea' id='block_1_114' title="bbox 346 5531 3594 5606">
    <p class='ocr_par' dir='ltr' id='par_1_114' title="bbox 346 5531 3594 5606">
     <span class='ocr_line' id='line_1_117' title="bbox 346 5531 3594 5606; baseline 0.001 -18"><span class='ocrx_word' id='word_1_844' title='bbox 346 5533 526 5604; x_wconf 74' lang='grc' dir='ltr'>οιικῆς.</span> <span class='ocrx_word' id='word_1_845' title='bbox 555 5533 762 5588; x_wconf 80' lang='grc' dir='ltr'>Ψάλλει</span> <span class='ocrx_word' id='word_1_846' title='bbox 792 5533 849 5586; x_wconf 78' lang='grc' dir='ltr'>δέ</span> <span class='ocrx_word' id='word_1_847' title='bbox 875 5550 979 5587; x_wconf 89' lang='grc' dir='ltr'><strong>που</strong></span> <span class='ocrx_word' id='word_1_848' title='bbox 1013 5533 1108 5588; x_wconf 76' lang='grc' dir='ltr'>καὶ</span> <span class='ocrx_word' id='word_1_849' title='bbox 1145 5532 1308 5604; x_wconf 82' lang='grc' dir='ltr'>φησὶν</span> <span class='ocrx_word' id='word_1_850' title='bbox 1333 5535 1362 5586; x_wconf 89' lang='grc' dir='ltr'>ὁ</span> <span class='ocrx_word' id='word_1_851' title='bbox 1389 5533 1674 5598; x_wconf 83' lang='grc' dir='ltr'>θεσπέσιος</span> <span class='ocrx_word' id='word_1_852' title='bbox 1710 5533 1905 5588; x_wconf 78' lang='grc' dir='ltr'>Δαϐίδο</span> <span class='ocrx_word' id='word_1_853' title='bbox 1933 5549 1952 5584; x_wconf 81' lang='grc' dir='ltr'><strong>ι</strong></span> <span class='ocrx_word' id='word_1_854' title='bbox 1984 5531 2419 5602; x_wconf 85' lang='grc' dir='ltr'>Κατευθυνθήτω</span> <span class='ocrx_word' id='word_1_855' title='bbox 2455 5534 2489 5604; x_wconf 83' lang='grc' dir='ltr'><strong>ἡ</strong></span> <span class='ocrx_word' id='word_1_856' title='bbox 2522 5533 2798 5603; x_wconf 81' lang='grc' dir='ltr'>προσευχὴ</span> <span class='ocrx_word' id='word_1_857' title='bbox 2829 5533 3048 5604; x_wconf 82' lang='grc' dir='ltr'>μου,ὼς</span> <span class='ocrx_word' id='word_1_858' title='bbox 3087 5534 3337 5606; x_wconf 77' lang='grc' dir='ltr'>θυμίαμα</span> <span class='ocrx_word' id='word_1_859' title='bbox 3363 5537 3594 5592; x_wconf 79' lang='grc' dir='ltr'>ἐνώπιόν</span> 
     </span>
    </p>
   </div>
   <div class='ocr_carea' id='block_1_115' title="bbox 349 5625 3598 5702">
    <p class='ocr_par' dir='ltr' id='par_1_115' title="bbox 349 5625 3598 5702">
     <span class='ocr_line' id='line_1_118' title="bbox 349 5625 3598 5702; baseline 0.002 -20"><span class='ocrx_word' id='word_1_860' title='bbox 349 5645 469 5693; x_wconf 89' lang='grc' dir='ltr'>σου,</span> <span class='ocrx_word' id='word_1_861' title='bbox 519 5627 748 5700; x_wconf 77' lang='grc' dir='ltr'>ἔπαρσις</span> <span class='ocrx_word' id='word_1_862' title='bbox 809 5629 916 5683; x_wconf 89' lang='grc' dir='ltr'><strong>τῶν</strong></span> <span class='ocrx_word' id='word_1_863' title='bbox 960 5628 1160 5702; x_wconf 79' lang='grc' dir='ltr'>χειρῶν</span> <span class='ocrx_word' id='word_1_864' title='bbox 1209 5646 1309 5700; x_wconf 88' lang='grc' dir='ltr'><strong>μου</strong></span> <span class='ocrx_word' id='word_1_865' title='bbox 1368 5629 1528 5684; x_wconf 87' lang='grc' dir='ltr'>θυσία</span> <span class='ocrx_word' id='word_1_866' title='bbox 1571 5630 1854 5701; x_wconf 84' lang='grc' dir='ltr'>ἐσπερινή.</span> <span class='ocrx_word' id='word_1_867' title='bbox 1895 5649 1913 5682; x_wconf 77' lang='grc' dir='ltr'><strong>ι</strong></span> <span class='ocrx_word' id='word_1_868' title='bbox 1957 5625 2299 5698; x_wconf 80' lang='grc' dir='ltr'>Σημειωτὲον</span> <span class='ocrx_word' id='word_1_869' title='bbox 2344 5627 2400 5680; x_wconf 81' lang='grc' dir='ltr'>δὲ</span> <span class='ocrx_word' id='word_1_870' title='bbox 2458 5629 2540 5681; x_wconf 82' lang='grc' dir='ltr'>ὅτι</span> <span class='ocrx_word' id='word_1_871' title='bbox 2592 5625 2774 5681; x_wconf 88' lang='grc' dir='ltr'>τοῦτον</span> <span class='ocrx_word' id='word_1_872' title='bbox 2819 5627 2910 5681; x_wconf 82' lang='grc' dir='ltr'>τὸν</span> <span class='ocrx_word' id='word_1_873' title='bbox 2986 5630 3194 5699; x_wconf 81' lang='grc' dir='ltr'>στοῖχον</span> <span class='ocrx_word' id='word_1_874' title='bbox 3237 5630 3330 5686; x_wconf 76' lang='grc' dir='ltr'>καὶ</span> <span class='ocrx_word' id='word_1_875' title='bbox 3374 5632 3534 5695; x_wconf 72' lang='grc' dir='ltr'>αὐτὸς</span> <span class='ocrx_word' id='word_1_876' title='bbox 3571 5639 3598 5687; x_wconf 72' lang='grc' dir='ltr'>ὁ</span> 
     </span>
    </p>
   </div>
   <div class='ocr_carea' id='block_1_116' title="bbox 423 5799 2324 5877">
    <p class='ocr_par' dir='ltr' id='par_1_116' title="bbox 423 5799 2324 5877">
     <span class='ocr_line' id='line_1_119' title="bbox 423 5799 2324 5877; baseline 0.004 -21"><span class='ocrx_word' id='word_1_877' title='bbox 423 5799 607 5856; x_wconf 81' lang='lat' dir='ltr'><strong>&#39;Psal.</strong></span> <span class='ocrx_word' id='word_1_878' title='bbox 634 5817 755 5869; x_wconf 70' lang='lat' dir='ltr'><strong>CXL,</strong></span> <span class='ocrx_word' id='word_1_879' title='bbox 790 5802 844 5858; x_wconf 76' lang='lat'><strong>‘2.</strong></span> <span class='ocrx_word' id='word_1_880' title='bbox 922 5805 942 5835; x_wconf 85' lang='grc'><strong><em>²</em></strong></span> <span class='ocrx_word' id='word_1_881' title='bbox 980 5803 1167 5861; x_wconf 80' lang='lat' dir='ltr'><strong>Matth.</strong></span> <span class='ocrx_word' id='word_1_882' title='bbox 1201 5822 1313 5873; x_wconf 67' lang='grc' dir='ltr'>κει,</span> <span class='ocrx_word' id='word_1_883' title='bbox 1349 5807 1449 5876; x_wconf 76' lang='grc'><strong>13;</strong></span> <span class='ocrx_word' id='word_1_884' title='bbox 1482 5805 1642 5866; x_wconf 82' lang='lat' dir='ltr'><strong>Marc.</strong></span> <span class='ocrx_word' id='word_1_885' title='bbox 1688 5824 1750 5874; x_wconf 79' lang='grc' dir='ltr'><strong>ιι,</strong></span> <span class='ocrx_word' id='word_1_886' title='bbox 1785 5809 1848 5864; x_wconf 83' lang='lat' dir='ltr'><strong>l7</strong></span> <span class='ocrx_word' id='word_1_887' title='bbox 1873 5825 1890 5877; x_wconf 84' lang='lat'><strong>;</strong></span> <span class='ocrx_word' id='word_1_888' title='bbox 1919 5808 2048 5866; x_wconf 89' lang='lat' dir='ltr'><strong>Luc.</strong></span> <span class='ocrx_word' id='word_1_889' title='bbox 2085 5824 2194 5874; x_wconf 75' lang='lat' dir='ltr'><strong>nx,</strong></span> <span class='ocrx_word' id='word_1_890' title='bbox 2235 5809 2324 5866; x_wconf 70' lang='grc'><strong>46.</strong></span> 
     </span>
    </p>
   </div>
  </div>
