4112 6292
607 357 744 415 1351

1605 354 1661 407 S.
1700 349 1971 407 CYRILLI
2010 349 2480 406 ALEXANDBINI
2520 350 2835 407 ARCHIEP.

3760 356 3915 409 {359.

603 472 796 544 Σωτὴρ
821 471 1247 542 διεμνημόνευσέ
1317 488 1417 523 που
1457 472 1573 533 ταῖς
1617 470 1888 523 Ἰουδαίων
1959 469 2252 541 ἐμπορίαις
2292 469 2584 540 ἐπιτιμῶν,
2635 469 2728 523 καὶ
2764 469 2938 538 λέγων
2963 486 2976 499 ·
3013 489 3031 522 ι
3065 471 3410 543 Γέγραπται·
3452 474 3511 527 ’0
3555 467 3716 538 οἶκός
3773 491 3909 544 μου,

603 567 750 634 οἶκος
780 568 1090 640 προσευχῆς
1119 568 1470 639 κληθήσεται,
1509 568 1665 638 ὑμεῖς
1692 568 1747 621 δὲ
1789 569 1955 624 αὐτὸν
1989 569 2190 622 ποιεῖτε
2231 567 2496 640 σπήλαιον
2563 567 2798 640 λῃστῶν.
2840 587 2860 621 ι
2897 567 3028 620 Ὅτε
3073 569 3253 622 τοίνυν
3289 564 3440 634 οἶκος
3487 570 3688 638 γέγονε
3727 587 3908 640 προσ-

604 665 794 734 ευχῆς,
821 661 942 715 τότε
972 661 1066 716 καὶ
1090 659 1424 724 δεδόξασται.

675 758 838 814 Vens.
860 757 922 821 8,
952 757 1005 812 9.
1041 755 1144 822 Qui
1189 766 1309 810 sunt
1355 757 1444 810 isti
1481 758 1572 826 qui
1609 769 1666 810 ut
1697 757 1856 812 nubes
1893 759 2087 820 volant,
2133 770 2172 809 et

2356 751 2528 814 Τίνες
2567 748 2694 802 οἵδε
2717 748 2799 815 ὡς
2845 748 3094 818 νεφέλαι
3134 749 3445 812 πέτανται,
3483 749 3585 804 καὶ
3617 751 3708 817 ὠς
3736 770 3908 822 περι.

600 864 655 907 ιιι
680 850 936 906 columbae
953 866 1076 906 cum
1101 848 1263 917 pultis
1283 850 1309 904 2
1355 847 1443 903 Me
1485 849 1677 905 insula:
1708 851 2098 912 sustinuerunt,
2134 861 2181 906 et

599 961 755 1000 naves
793 943 1010 1000 Tharria
1037 944 1096 997 in
1119 943 1328 1011 primis,
1384 953 1440 998 ut
1467 941 1737 995 adducant
1780 942 1968 996 liberos
2008 953 2124 996 tuos
2154 959 2182 995 ι

599 1035 903 1106 longinquo,
944 1043 995 1090 et
1039 1043 1310 1103 argentum
1348 1043 1396 1088 et
1429 1048 1628 1087 aurum
1656 1048 1779 1086 cum
1807 1033 1938 1097 illis,
1970 1042 2183 1100 propter

598 1143 784 1182 nomen
811 1125 1028 1180 Domini
1065 1135 1331 1192 sanctum,
1361 1134 1411 1180 et
1445 1134 1656 1194 propter
1681 1123 1936 1180 Sanctum
1985 1123 2180 1188 Israel,

599 1229 658 1273 ut
680 1220 749 1273 sit
775 1218 1056 1289 gloriosus.

667 1309 821 1367 Licet
847 1309 1044 1364 iterum
1073 1310 1162 1364 hic
1185 1307 1367 1364 videre
1394 1307 1648 1368 Ecclesiae
1701 1321 1799 1364 seu
1825 1307 2181 1376 iuteliigibilis

596 1401 895 1460 Jerusalem
919 1415 1204 1472 personam
1246 1401 1632 1464 introductam,
1655 1398 1922 1455 levantem
1952 1399 2099 1454 velut
2124 1398 2178 1453 in

596 1493 825 1550 circuitu
846 1493 1061 1559 oculos,
1079 1501 1140 1548 ut
1158 1491 1367 1560 iussum
1391 1503 1477 1548 est
1493 1507 1524 1546 a
1542 1490 1656 1548 Deo
1679 1509 1693 1545 :
1720 1490 1916 1547 deinde
1941 1490 2179 1546 admira-

599 1595 688 1639 tur
712 1585 790 1654 ’l)
835 1584 1172 1640 currentium
1214 1598 1280 1637 eo
1328 1583 1754 1649 multitudinem,
1807 1591 1864 1638 et
1920 1582 2178 1654 populum

596 1691 696 1746 per
755 1675 915 1732 ild
973 1684 1364 1746 congregatum
1392 1716 1409 1740 ,
1477 1675 1950 1730 innumerabilem.
2023 1695 2043 1729 ι
2075 1675 2176 1743 Qui

595 1777 725 1823 sunt
760 1767 929 1833 enim,
976 1767 1170 1837 inquit,
1207 1767 1298 1836 qui
1339 1776 1396 1821 ut
1432 1768 1603 1823 nubes
1643 1766 1848 1834 volant,
1889 1778 1946 1823 et
1990 1778 2052 1824 ut
2081 1783 2174 1824 co-

597 1859 797 1916 lumba
838 1875 965 1916 eum
1014 1860 1174 1930 pullis
1202 1861 1226 1914 ?
1256 1879 1276 1913 ι
1306 1861 1635 1916 lrretiuntur
1682 1861 1829 1917 cnim
1874 1875 1973 1930 per
2013 1861 2173 1917 ﬁdem

595 1967 702 2008 non
724 1952 888 2007 modo
913 1965 1093 2017 senes,
1119 1967 1306 2008 verum
1337 1953 1500 2008 etiam
1530 1968 1655 2008 cum
1687 1953 1795 2008 illis
1815 1952 2069 2020 juvenes,
2117 1961 2174 2008 et

596 2059 722 2100 cum
769 2044 895 2100 illiis
937 2053 1142 2114 patres,
1187 2055 1404 2100 etcum
1450 2045 1665 2102 ﬁliabus
1714 2057 1936 2102 matres.
1986 2047 2174 2116 Itaque

595 2144 787 2195 contra
833 2150 1055 2191 omnem
1111 2145 1328 2191 aetatem
1376 2136 1716 2206 Evangelicte
1771 2139 2174 2208 praedicationis

598 2234 717 2281 rete
750 2226 1098 2296 expanditur.
1152 2226 1220 2281 Et
1262 2227 1386 2292 hoc,
1418 2228 1630 2297 opinor,
1671 2236 1753 2283 est
1779 2231 1923 2299 quod
1955 2227 2010 2282 in
2037 2227 2175 2283 libro

597 2316 940 2376 Psalmorum
984 2320 1249 2389 scriptum
1293 2330 1419 2376 est:
1463 2339 1484 2373 ι
1514 2319 1754 2377 Juvenus
1802 2331 1857 2377 et
1912 2321 2172 2391 virgines,

593 2424 755 2468 senes
780 2425 902 2464 cum
950 2409 1257 2480 junioribus
1288 2412 1512 2469 laudent
1569 2428 1764 2468 nomen
1797 2412 2010 2470 Domini
2038 2414 2084 2466 ³.
2147 2433 2166 2466 ι

593 2501 790 2558 \‘olare
818 2517 913 2558 eos
942 2503 1095 2570 dicit,
1123 2513 1220 2560 aut
1239 2505 1366 2574 quia
1389 2507 1591 2561 vadunt
1612 2521 1678 2562 eo
1707 2521 1814 2562 non
1840 2507 2175 2576 negligenter

591 2602 648 2650 et
687 2594 936 2661 remisse,
969 2596 1063 2650 sed
1107 2604 1361 2666 tanquam
1394 2597 1646 2653 volucres
1669 2607 1724 2651 et
1755 2613 2042 2665 cursores;
2080 2609 2174 2652 aut

595 2683 766 2752 quod,
801 2692 1020 2739 terreno
1055 2693 1112 2740 et
1142 2684 1332 2738 humili
1349 2683 1543 2740 alectu
1569 2684 1836 2755 deposito,
1864 2686 1917 2738 in
1943 2685 2173 2740 sublime

595 2773 826 2828 tendunt
877 2774 1317 2843 quodammodo,
1372 2784 1428 2830 et
1476 2789 1574 2829 ceu
1618 2789 1652 2830 ο
1700 2777 1837 2830 mari
1883 2777 2092 2843 nubes,
2139 2791 2172 2831 a

592 2864 1013 2920 tumultuatione
1033 2874 1091 2921 et
1115 2865 1326 2922 deliciis
1366 2867 1675 2932 ntattdanis,
1708 2867 1761 2922 in
1807 2868 1976 2924 altum
2036 2868 2173 2924 assio

591 2955 732 3011 liunt
757 2965 814 3011 et
833 2967 1142 3028 emergunt,
1165 2959 1234 3014 ad
1266 2973 1572 3028 supremam
1619 2960 1945 3016 festinantes
1982 2961 2173 3016 civita-

590 3057 722 3104 tem.
750 3047 1068 3104 Admiraute
1093 3050 1260 3120 igitur
1292 3050 1530 3106 Ecclesia
1557 3067 1624 3107 ex
1649 3053 1798 3108 omni
1831 3055 2051 3124 regione
2076 3067 2173 3123 per

590 3142 754 3198 ﬁdem
789 3155 1140 3208 concursum,
1193 3156 1420 3198 causam
1465 3143 1542 3198 rei
1596 3145 1794 3214 aperit,
1847 3159 2038 3201 rursus
2078 3159 2171 3202 eos

591 3243 817 3303 captans
864 3232 1034 3308 846
1071 3242 1127 3290 et
1162 3236 1442 3301 irretiens,
1476 3247 1534 3291 et
1563 3235 1778 3306 inquit:
1818 3257 1836 3291 ι
1860 3237 1946 3293 Me
1983 3239 2172 3292 insulae

588 3327 989 3391 sustinuerunt,
1013 3335 1068 3382 et
1089 3343 1260 3383 naves
1290 3327 1538 3391 Tharsis,
1573 3339 1638 3384 ut
1669 3330 1943 3386 adducant
1969 3330 2172 3386 liberos

2285 841 2493 909 στεραὶ
2515 840 2639 894 σὺν
2667 841 2952 905 νεοσσοῖς
2969 857 2988 905 ;
3027 840 3158 910 Ἐμὲ
3180 840 3364 909 νῆσοι
3397 841 3763 911 ὑπέμειναν,
3803 848 3906 900 καὶ

2285 932 2473 988 πλοῖα
2507 932 2761 1002 Θαρσεῖς
2787 933 2860 986 ἐν
2878 931 3156 1002 πρώτοις,
3183 934 3431 1004 ἀγαγεῖν
3456 935 3528 989 τὰ
3553 936 3748 990 τέκνα
3780 956 3905 993 σου

2279 1027 2606 1095 μακρόθεν,
2640 1025 2742 1079 καὶ
2767 1027 2875 1078 τὸν
2904 1025 3186 1094 ἄργυρον,
3227 1027 3324 1079 καὶ
3356 1026 3465 1079 τὸν
3493 1029 3748 1096 χρυσὸν
3765 1034 3902 1097 μετ’

2282 1115 2483 1176 ἀὺτῶν
2515 1118 2717 1178 διὰ.τὸ
2741 1119 2930 1188 ὄνομα
2963 1118 3186 1187 Κυρίου
3227 1121 3294 1172 τὸ
3324 1118 3519 1188 ἅγιον,
3551 1121 3656 1174 καὶ
3697 1121 3805 1175 διὰ
3835 1123 3900 1175 τὸ

2282 1211 2390 1265 τὸν
2417 1212 2620 1280 ’Δγ-ιον
2643 1210 2750 1264 τοῦ
2778 1209 3018 1278 Ἰσραὴλ
3062 1207 3319 1274 ἔνδοξον
3352 1206 3526 1266 εἶναι.

2357 1305 2572 1357 Ἐνεστι
2606 1303 2770 1358 πάλιν
2813 1304 2870 1358 ὲν
2916 1303 3129 1366 τούτοις
3155 1302 3285 1355 ἰδεῖν
3324 1303 3389 1355 τὸ
3415 1303 3514 1372 τῆς
3554 1304 3899 1373 Ἐκκλησίας

2283 1395 2574 1465 πρόσωπον
2606 1393 3116 1464 είσκεκομισμένον,
3149 1393 3270 1464 ήτοι
3299 1393 3403 1462 τῆς
3442 1394 3648 1464 νοητῆς
3681 1397 3894 1464 Ἰερου-

2283 1486 2485 1557 σαλὴμ,
2516 1484 2648 1558 ἆρον
2681 1485 2870 1558 ὥσπερ
2896 1487 2955 1538 ὲν
2990 1485 3175 1556 κύκλῳ
3209 1487 3338 1548 τοὺς
3362 1486 3711 1558 ὀφθαλμοὺς,
3744 1490 3890 1541 καθὰ

2281 1578 2685 1650 προστέτακται
2702 1577 2854 1648 παρὰ
2867 1577 3026 1641 Θεοῦ,
3041 1572 3163 1633 εἶτα
3177 1579 3573 1650 καταπεπλανη
3583 1582 3764 1651 μένης
3781 1583 3890 1635 τῶν

2281 1669 2367 1721 ἐπ’
2399 1669 2542 1740 αὐτῇ
2574 1670 2878 1740 τρεχόντων
2902 1669 2964 1724 τὺ
2999 1671 3228 1741 πλῆθος,
3254 1672 3483 1726 καὶτῶν
3516 1673 3611 1727 διὰ
3642 1676 3889 1739 uictam;

2281 1760 2780 1832 συναγηγερμένων
2799 1761 2899 1814 τὸνι
2913 1761 3151 1832 ἀριθμοῦ
3177 1763 3380 1826 παντὸς
3402 1765 3669 1818 ἐπέκεινα
3689 1768 3756 1837 δῆ
3767 1786 3885 1837 μου.

2283 1872 2302 1905 ι
2329 1853 2487 1916 Τίνες
2516 1851 2625 1922 γὰρ
2658 1853 2766 1906 οἵδε
2797 1854 3082 1918 πέτανται,
3105 1855 3290 1925 φησιν,
3316 1855 3392 1918 ὡς
3413 1856 3660 1924 νεφέλαι,
3682 1860 3781 1910 καὶ
3812 1859 3887 1924 ὡς

2278 1944 2602 2015 περιστεραὶ
2632 1945 2732 1997 σὺν
2762 1947 2998 2007 νεοττοῖς
3025 1962 3040 2010 ;
3065 1963 3086 1996 ι
3126 1945 3527 2013 Σαγηνεύονται
3557 1947 3672 2018 γὰρ
3688 1949 3777 2003 διὰ
3794 1951 3882 2002 πί-

2277 2051 2467 2101 στεως,
2491 2035 2554 2088 οὐ
2589 2035 2894 2104 πρεσϐῦται
2927 2036 3112 2105 μόνον,
3139 2035 3277 2090 ἀλλὰ
3304 2038 3414 2107 γὰρ
3436 2039 3535 2091 σὺν
3566 2040 3762 2102 αὐτοῖς
3790 2041 3882 2093 καὶ

2207 2104 2246 2158 Β
2276 2126 2409 2193 νέοι,
2436 2127 2534 2180 καὶ
2571 2125 2711 2198 ὁμοῦ
2752 2128 2910 2181 παισὶ
2933 2104 3203 2198 πατέρες,
3246 2104 3340 2182 καί⁵
3375 2104 3683 2201 θυγατράσι
3715 2131 3883 2202 μητέο

2280 2239 2391 2292 ρες.
2413 2220 2624 2275 οὐκοῦν
2650 2221 2791 2274 κατὰ
2817 2220 2998 2291 πάσης
3023 2207 3348 2292 ἠλικίαςξτὺ
3368 2220 3481 2273 τῶν
3504 2222 3880 2289 εὑαγγελικῶν

2249 2314 2647 2387 ’κηρυγμάτων
2665 2314 3104 2377 ἀπλοῦταιλῖνον,
3125 2315 3221 2368 καὶ
3248 2313 3428 2378 τοῦτο,
3462 2309 3646 2383 οἶμαι,
3674 2312 3794 2364 ἐστὶ
3818 2315 3877 2366 re

2275 2408 2332 2461 ὲν
2359 2410 2426 2478 τῇ
2456 2407 2627 2478 βίϐλῳ
2658 2405 2905 2477 Ψαλμῶν
2942 2405 3351 2476 γεγραμμένον·
3388 2423 3405 2455 ι
3432 2403 3724 2457 Νεανίσκοι
3782 2406 3877 2456 καὶ

2275 2499 2554 2568 παρθένοι,
2578 2498 2880 2570 πρεσϐῦται
2907 2497 3048 2568 μετὰ
3071 2496 3350 2566 νεωτέρων
3402 2496 3778 2550 αἱνεσάτωσαν
3813 2495 3876 2546 τὸ

2273 2590 2444 2661 ὄνομα
2493 2592 2720 2663 Κυρίου.
2759 2610 2778 2642 ι
2813 2589 3092 2644 Πετᾶσθαι
3124 2589 3182 2643 δέ
3229 2605 3395 2659 φησιν
3439 2589 3668 2651 αὐτοὺς,
3709 2587 3743 2657 ἢ
3796 2589 3874 2640 ὅτι

2276 2682 2552 2753 βαδιοῦσιν
2604 2683 2692 2737 ἐπ’
2725 2682 2921 2754 αὐτὴν,
2951 2681 3055 2736 οὐκ
3103 2681 3395 2750 ἀτημελῶς
3423 2697 3482 2733 τε
3532 2682 3634 2734 καὶ
3685 2698 3871 2752 παρει-

2276 2775 2453 2846 μένως
2473 2816 2487 2839 ,
2525 2773 2639 2829 ἀλλ’
2682 2773 2796 2829 οἷον
2849 2775 3069 2845 πτηνοὶ,
3118 2773 3214 2826 καὶ
3261 2773 3515 2844 δρομαίοι
3537 2814 3553 2838 ,
3597 2775 3773 2845 ήγουν
3819 2772 3872 2826 τὸ

2272 2867 2472 2938 γεῶδες
2520 2868 2617 2922 καὶ
2655 2867 2936 2939 χθαμαλὸν
2957 2867 3196 2937 ἀφέντες
3224 2868 3481 2938 φρόνημα
3521 2884 3865 2939 μετεωροποο

2273 2961 2426 3015 λοῦσι
2455 2961 2658 3032 τρόπον
2701 2961 2847 3027 τινὰ,
2881 2963 2978 3015 καὶ
3005 2962 3196 3032 ὥσπερ
3219 2963 3282 3014 ὲκ
3317 2960 3603 3031 Θαλάττης
3637 2962 3867 3030 νεφέλαι,

2274 3059 2337 3110 ἐκ
2359 3054 2592 3127 θορύϐου
2619 3071 2678 3108 τε
2698 3055 2790 3107 κοιλ⁵
2821 3057 3034 3126 τρυφῆς
3063 3053 3354 3124 κοσμικῆς,
3379 3051 3609 3107 ἄττουσί
3636 3070 3699 3106 τε
3724 3053 3865 3124 ὑψοῦ,

2274 3147 2369 3200 καὶ
2415 3147 2775 3217 ἀνανήχονται
2826 3145 2964 3216 πρὸς
3002 3145 3100 3216 τὴν
3143 3143 3258 3199 ἄνω
3306 3144 3647 3208 σπεύδοντες
3704 3148 3864 3200 πόλιν.

2271 3238 2670 3309 Θαυμαζούσης
2708 3238 2888 3291 τοίνυν
2919 3237 3021 3307 τῆς
3077 3236 3404 3307 Ἐκκλησίας
3431 3238 3533 3308 τὴν
3561 3239 3621 3304 ἐξ
3665 3241 3869 3309 ἀπάσης

2274 3331 2459 3404 χώρας
2483 3332 2584 3404 τὴν
2612 3331 2700 3384 διὰ
2733 3332 2972 3394 πίστεως
3000 3331 3327 3402 συνδρομὴν,
3357 3331 3460 3402 τὴν
3485 3331 3583 3386 τοῦ
3617 3333 3869 3402 πράγμα-

589 3425 713 3470 tuos
755 3429 785 3470 e
841 3413 1158 3486 longinquo,
1212 3429 1268 3474 et
1338 3435 1532 3474 aurum
1593 3429 1652 3476 et
1700 3429 1986 3490 argentum
2039 3437 2166 3476 cum

2274 3441 2362 3488 τος
2381 3424 2564 3479 αἰτίαν
2584 3423 2894 3494 ἀπογυμνοῖ
2913 3422 3074 3475 πάλιν
3101 3424 3132 3474 ὁ
3162 3422 3483 3493 σαγηνεύων
3515 3424 3732 3485 αὐτοὺς,
3765 3432 3863 3482 καί

589 3505 715 3562 illis.
749 3525 768 3559 ι
813 3508 1026 3564 insulas
1065 3509 1158 3565 blc
1193 3511 1486 3580 intelliges,
1525 3527 1633 3566 non
1682 3513 1930 3570 absolute
1964 3514 2168 3568 insula-

589 3612 711 3652 rum
737 3598 937 3664 solum,
968 3598 1173 3669 quippe
1209 3602 1451 3668 ineptum
1495 3603 1618 3670 hoc,
1660 3619 1762 3659 nec
1806 3606 1955 3674 ipsas
2005 3621 2170 3661 naves

590 3688 834 3754 Tharsis,
867 3691 961 3745 sed
989 3693 1168 3762 potius
1217 3695 1528 3750 habitantes
1575 3695 1630 3748 in
1674 3696 1800 3761 illis,
1836 3709 1927 3750 aut
1958 3697 2048 3765 qui
2086 3697 2168 3752 in—

587 3781 734 3838 sulas
775 3784 1168 3842 conscendunt.
1215 3785 1439 3842 Tharsis
1481 3801 1609 3842 vero
1654 3788 1834 3842 divina
1885 3788 2168 3859 Scriptura

588 3893 735 3949 saepe
779 3889 940 3934 vocat
981 3877 1229 3947 Indicas;
1260 3890 1596 3950 narrantque
1640 3885 1693 3935 in
1722 3882 1902 3953 Cypro
1945 3881 2170 3938 Tharsis

588 3971 865 4026 civitatem
889 3985 1015 4027 esse
1043 3970 1337 4028 celebrem.
1388 3972 1731 4042 Quapropter
1775 3972 1900 4042 quin
1958 3975 2169 4037 insulae,

588 4065 786 4134 inquit,
829 4073 886 4119 et
926 4064 1018 4136 qui
1063 4079 1128 4120 ex
1185 4064 1441 4120 indemni
1503 4069 1725 4135 regione
1779 4067 2025 4136 veniunt,
2085 4081 2171 4119 me

589 4156 985 4224 sustinuerunt,
1037 4157 1090 4210 id
1127 4167 1232 4223 est,
1279 4157 1586 4227 impositum
1631 4158 1734 4213 sibi
1782 4175 1809 4210 a
1854 4175 1940 4211 mc
1979 4158 2167 4225 jugum

591 4251 916 4316 subierunt,
961 4249 1166 4305 idcirco
1208 4251 1568 4318 undecunque
1616 4251 1840 4306 conﬂuit
1884 4251 2170 4304 multitudo

589 4340 951 4399 credentium.
985 4338 1229 4395 Veniunt
1250 4341 1394 4394 enim
1419 4349 1473 4395 et
1495 4356 1563 4394 ex
1584 4341 1698 4410 ipsa
1733 4341 1962 4395 barbara
2000 4350 2166 4406 terra,

589 4433 693 4487 viri
728 4448 835 4488 non
866 4433 1044 4502 pauci,
1073 4433 1274 4488 Christi
1315 4448 1512 4488 nomen
1543 4445 1814 4503 gerentes,
1851 4444 1907 4488 et
1937 4434 2170 4490 fructiﬁ-

592 4533 780 4580 cantes
808 4524 861 4578 in
885 4523 1003 4592 ejus
1043 4524 1271 4594 gloriam
1341 4539 1679 4593 quaecunque
1717 4527 1864 4595 regio
1899 4527 2042 4581 ferre
2075 4543 2172 4596 po-

593 4622 699 4669 test
727 4613 962 4670 illorum.
999 4615 1132 4670 Auri
1179 4627 1360 4670 autem
1388 4625 1442 4672 et
1468 4619 1678 4687 argenti
1729 4619 1960 4674 fertilem
1997 4621 2168 4690 ipsam

590 4718 712 4762 esse
739 4706 947 4762 dicunt.
977 4705 1223 4764 Oderunt
1274 4723 1404 4764 vero
1452 4723 1557 4764 non
1614 4726 1765 4766 more
1818 4713 2172 4783 institutoque

2275 3531 2457 3586 φησιν’
2470 3533 2490 3567 ι
2513 3514 2641 3584 Ἐμὲ
2663 3515 2814 3585 νῆσοι
2837 3516 3139 3586 ὑπέμειναν
3157 3557 3172 3581 ,
3192 3515 3287 3568 καὶ
3307 3515 3465 3567 πλοῖα
3478 3515 3717 3584 Θαρσεῖς
3734 3516 3869 3582 ἀγα·-

2273 3610 2389 3673 γείν
2418 3606 2488 3658 τὰ
2513 3606 2679 3659 τέκνα
2711 3623 2805 3659 σου
2832 3606 3102 3678 μακρόθεν
3122 3651 3138 3675 ,
3178 3607 3275 3661 καὶ
3313 3607 3402 3660 τὸν
3422 3605 3615 3675 χρυσὸν
3638 3606 3738 3656 καὶ
3765 3604 3874 3656 τὸν

2272 3697 2512 3768 ἄργυρον
2546 3698 2666 3767 μετ’
2690 3697 2889 3752 αὐτῶν.
2923 3717 2940 3749 ι
2991 3700 3100 3752 Καὶ
3137 3700 3340 3770 νήσους
3361 3696 3538 3751 ἐνθάδε
3577 3697 3862 3766 συνήσεις,

2272 3790 2393 3860 οὐχὶ
2407 3791 2471 3860 δὴ
2489 3793 2707 3855 πάντως
2727 3792 2867 3845 αὐτὰ
2885 3791 2952 3844 τὰ
2977 3790 3087 3844 τῶν
3101 3791 3284 3862 νήσων
3310 3791 3501 3859 ἐδάφη,
3515 3786 3713 3856 εῦηθες
3734 3785 3862 3856 γὰρ,

2271 3882 2393 3938 οὔτε
2415 3884 2521 3954 μὴν
2546 3883 2686 3936 αὐτὰ
2715 3886 2784 3936 τὰ
2808 3884 2905 3954 τῆς
2925 3882 3161 3952 Θαρσεῖς
3181 3883 3358 3946 πλοῖα,
3373 3881 3505 3943 τοὺς
3526 3879 3866 3943 ἐνοικοῦντας

2271 3977 2328 4029 δὲ
2359 3975 2557 4046 μᾶλλον
2579 3975 2791 4040 αὐταῖς,
2823 3975 3074 4046 ἣτοιτῶν
3089 3977 3268 4046 νήσων
3283 3976 3410 4037 τοὺς
3441 3972 3867 4043 ὲμὸἀτας.Θαρο

2274 4072 2388 4137 σείς
2415 4069 2476 4123 δὲ
2508 4072 2540 4142 ή
2571 4068 2690 4122 θεία
2716 4067 2907 4139 Γραφὴ
2937 4067 3037 4131 τὰς
3067 4067 3292 4129 Ἰνδικὰς
3326 4066 3589 4135 ὀνομάζει
3617 4066 3865 4118 πλειστα·

2273 4159 2391 4229 χοῦ’
2420 4160 2561 4229 φασὶ
2583 4158 2642 4211 δὲ
2681 4153 2820 4210 εἶναι
2867 4158 2962 4209 καὶ
3007 4157 3067 4208 ὲν
3097 4158 3164 4226 τῇ
3191 4155 3408 4225 ⁴Κύπρῳ
3442 4155 3685 4225 Θαρσεῖς
3723 4154 3864 4206 πόλιν

2271 4251 2687 4322 ὠνομασμένην.
2732 4247 2940 4303 Οὐκοῦν
2975 4248 3273 4318 ἐπειδήπερ
3304 4248 3366 4300 αἴ
3403 4265 3464 4300 τε
3495 4247 3680 4317 νῆσοι,
3716 4247 3861 4316 φησὶ,

2273 4345 2367 4396 καὶ
2397 4343 2448 4395 οἱ
2485 4345 2551 4395 ὲκ
2586 4342 2679 4412 τῆς
2723 4340 2904 4395 Ἰνδῶν
2933 4341 3163 4410 ἥκοντες
3191 4338 3373 4410 χώρας
3402 4341 3503 4410 ἐμὲ
3543 4339 3862 4410 ὑπέμειναν,

2272 4434 2573 4496 τουτέστιν,
2609 4433 2926 4502 ὑπέστησαν
2969 4432 3064 4484 τὸν
3111 4431 3474 4500 ἐπενεχθέντα
3511 4433 3701 4496 αὐτοῖς
3740 4432 3864 4500 παρ’

2272 4526 2408 4596 ἐμοῦ
2433 4526 2619 4594 ζυγὸν,
2657 4525 2745 4578 διὰ
2785 4523 2944 4577 τοῦτο
2981 4526 3174 4595 συῤῥεῖ
3201 4523 3546 4593 πανταχόθεν
3573 4525 3607 4593 ή
3644 4521 3756 4575 τῶν
3787 4539 3866 4573 πι-

2274 4619 2572 4672 στευόντων
2599 4617 2830 4688 πληθύς.
2865 4619 3098 4670 ’Ἢκουσι
3135 4617 3245 4688 γὰρ
3266 4658 3278 4680 ,
3317 4618 3411 4670 καὶ
3457 4617 3520 4681 ἐξ
3568 4615 3738 4685 αὐτῆς
3769 4614 3865 4680 τῆς

2273 4711 2562 4782 Βαρϐάρου
2596 4712 2698 4782 γῆς
2725 4710 2915 4781 ἄνδρες
2935 4711 3035 4763 οὐκ
3059 4709 3229 4777 ὀλίγοι
3271 4709 3333 4762 τὺ
3361 4708 3605 4778 Χριστοῦ
3644 4707 3862 4778 φοροῦν-

589 4797 761 4853 veteri
808 4797 1064 4854 inanimis
1101 4800 1426 4868 quibusdam
1477 4801 1657 4865 idolis,
1688 4811 1743 4855 et
1779 4803 2168 4858 daemoniorum

2276 4821 2365 4867 τες
2390 4804 2580 4876 ὄνομα,
2608 4804 2702 4856 καὶ
2748 4801 3228 4876 καρποφοροῦντες
3268 4802 3348 4864 εἰς
3388 4800 3548 4865 δόξαν
3594 4801 3765 4853 αὐτοῦ
3802 4800 3862 4850 τὰ

589 4891 864 4961 gregibus,
930 4891 1026 4946 sed
1086 4893 1214 4961 quia
1264 4904 1512 4947 sanctum
1567 4893 1838 4948 habebant
1885 4897 2026 4963 apud
2081 4911 2172 4950 eos

2274 4895 2480 4966 ὅσαπερ
2529 4895 2596 4948 ἂν
2629 4896 2812 4957 αὐτοῖς
2842 4895 2876 4965 ή
2925 4893 3078 4964 χώρα
3116 4893 3341 4963 δύνηται
3378 4893 3587 4961 φέρειν.
3623 4892 3861 4960 Εῦφορον

589 4997 784 5038 nomen
813 4983 1046 5048 Domini,
1078 4994 1133 5040 et
1163 4985 1431 5051 gloriosus
1457 4995 1677 5042 sanctus
1710 4987 1897 5043 Israel.
1929 4989 2035 5044 Sed
2068 5006 2171 5046 non

590 5081 673 5127 est
703 5074 843 5129 alius
867 5073 1152 5141 Dominus,
1186 5075 1322 5130 alius
1351 5091 1566 5130 rursum
1597 5077 1829 5134 Sanctus
1859 5079 2041 5144 Israel,
2077 5080 2171 5134 sed

589 5179 732 5218 unus
771 5174 828 5219 et
857 5165 999 5219 idem
1028 5165 1241 5220 exsistit
1271 5165 1553 5232 Dominus,
1584 5178 1638 5221 et
1660 5181 1900 5237 sanctus,
1920 5179 1970 5224 et
2002 5169 2170 5240 glori-

591 5255 806 5310 iicatus.
854 5255 1148 5310 Sciendum
1177 5267 1261 5312 est
1305 5266 1482 5314 autem
1554 5259 1758 5316 insulas
1790 5264 1973 5317 vocari
2005 5265 2167 5317 etiam

590 5346 840 5402 civitates
880 5361 1002 5417 qua
1048 5364 1144 5419 per
1188 5349 1478 5405 circuitum
1522 5363 1668 5421 sunt,
1711 5365 1878 5410 vasta:
1927 5364 1980 5410 et
2025 5371 2171 5425 vagae

590 5452 785 5512 magna
816 5457 881 5498 ex
913 5450 1068 5512 parte
1097 5452 1153 5499 et
1185 5459 1293 5500 non
1327 5444 1606 5500 habitatur.
1637 5445 1794 5514 Quod
1831 5449 1875 5503 si
1919 5449 2171 5506 dicantur

558 5673 567 5686 '
666 5613 686 5644 ⁸
711 5613 856 5672 Psal.
887 5635 1112 5688 crum,
1149 5621 1230 5676 i2.

663 5790 738 5863 (ί)
783 5793 990 5851 Humir.
1060 5802 1238 5866 venit,
1295 5804 1609 5868 admiratur,
1662 5813 1912 5874 petitque
1965 5807 2049 5860 hic

2269 4987 2326 5042 δὲ
2360 4983 2498 5041 εἶναι
2533 4985 2755 5059 χρυσοῦ,
2792 4987 2885 5038 καὶ
2917 4984 3156 5055 ἀργύρου
3199 4985 3364 5054 φασὶν
3399 4984 3594 5056 αὑτήν.
3625 4985 3862 5053 Πρω-κο-

2273 5081 2491 5152 μίζουσι
2531 5080 2588 5133 δὲ
2617 5082 2677 5133 οὐ
2711 5078 2850 5132 κατά
2893 5095 2957 5146 γε
2986 5076 3048 5130 τὸ
3104 5077 3434 5149 παρῳχηκὸς
3480 5076 3599 5138 ἔθος
3638 5075 3865 5143 ἀψύχοις

2268 5174 2411 5226 τισὶν
2459 5171 2735 5236 εἰδώλοις,
2781 5171 2874 5224 καὶ
2915 5171 3209 5240 δαιμονίων
3251 5169 3506 5237 ἀγέλαις,
3549 5167 3668 5220 ἀλλ’
3717 5168 3862 5218 ἐπει-

2268 5266 2443 5337 δήπερ
2488 5265 2642 5333 ἅγιον
2676 5265 2865 5336 γέγονε
2921 5265 3053 5336 παρ’
3093 5264 3277 5326 αὐτοῖς
3323 5261 3384 5314 τὸ
3417 5261 3589 5330 δνομα
3632 5260 3860 5329 Κυρὶου.

2270 5357 2476 5421 ἔνδοξος
2499 5357 2554 5409 δὲ
2577 5360 2603 5410 ό
2638 5359 2827 5424 ’Ἄγιος
2852 5354 2946 5408 τοῦ
2985 5354 3222 5424 Ἰσραήλ’
3247 5354 3341 5408 καὶ
3357 5354 3453 5423 οὐχ
3482 5354 3674 5423 ἔτερος
3704 5351 3804 5421 μὲν
3837 5352 3864 5400 δ

2271 5450 2494 5522 Κύριος,
2514 5450 2700 5521 ἕτερος
2719 5449 2776 5501 δὲ
2801 5448 2958 5502 πάλιν
2983 5448 3010 5500 ό
3031 5447 3224 5516 ’Ἄγιος
3252 5445 3345 5500 τοῦ
3376 5444 3618 5516 Ἰσραὴλ,
3644 5443 3758 5499 ἀλλ’
3784 5436 3864 5504 εἷς

2121 5823 2237 5862 esse
2283 5809 2555 5862 mendum.
