4112 6292
335 384 355 438 1
365 383 472 441 533

1459 388 1529 444 ΙΝ
1568 389 1798 445 ISAIAM
1838 389 1963 446 LIB.
2000 390 2062 447 V.
2098 391 2335 448 TOMUS
2373 390 2459 447 IV.

337 504 429 554 καὶ
456 503 484 555 ὁ
515 502 675 566 αὐτὸς
699 500 959 575 ὑπάρχων
983 504 1183 576 Κύριός
1214 521 1274 557 τε
1302 508 1396 560 καὶ
1426 506 1597 576 ἅγιος,
1630 508 1724 561 καὶ
1765 507 1893 561 δεδο-

2017 508 2119 564 illa
2154 523 2368 578 quoque
2403 506 2675 563 sustinere
2718 505 3025 572 Dominum,
3050 506 3101 560 id
3127 510 3229 571 est,
3267 503 3316 559 ei
3348 502 3586 570 servire;

332 591 616 662 ξασμένος.
635 594 830 647 ’ῐστέον
866 594 922 648 δὲ
963 594 1043 648 ὃτι
1074 595 1225 665 νῆσοι
1258 595 1569 665 καλοῦνται,
1602 597 1695 652 καὶ
1726 598 1911 662 πόλεις

329 684 386 737 al
412 683 618 755 κύκλῳ,
648 684 846 756 πολλὴν
878 684 1096 755 ἔχουσαι
1128 687 1221 741 καὶ
1257 688 1513 760 ἀοίκητον
1561 690 1816 762 ἐρημίαν.
1845 692 1909 745 El

332 774 388 827 δὲ
434 773 676 844 λέγοιντο
708 774 804 828 καὶ
850 775 1011 829 αὑταὶ
1042 777 1331 849 ὑπομεῖναι
1362 780 1453 835 τὸν
1489 780 1715 854 Κύριον,
1744 801 1905 838 τουτ-

330 864 495 931 έστιν,
519 864 666 935 αὐτῷ
694 863 997 933 δουλεῦσαι,
1028 869 1299 939 συνήσεις,
1329 871 1411 925 ὅτι
1435 872 1529 927 καὶ
1561 872 1610 926 ol
1643 873 1742 938 τάς
1764 874 1902 930 ἀϐά-

330 972 473 1018 τους.
500 956 592 1025 καὶ
618 954 932 1023 ἐξωσμένας
959 958 1166 1032 ἐρημίᾳ
1194 961 1364 1035 πολλῇ
1390 963 1770 1030 κατοικοῦντες
1797 966 1905 1037 χώ-

330 1059 450 1113 ρας,
484 1042 516 1112 ἦ
554 1041 736 1105 πόλεις
761 1043 953 1115 ἥξουσι
977 1047 1065 1103 διὰ
1104 1051 1358 1118 πίστεως,
1406 1053 1501 1107 καὶ
1543 1058 1902 1130 καρποφορή-

327 1149 476 1185 σουσι
505 1132 584 1202 τῷ
613 1134 837 1207 Χριστῷ
874 1139 1094 1210 χρυσὸν,
1137 1142 1232 1194 καὶ
1263 1142 1523 1215 ἄργυρον,
1555 1147 1649 1201 καὶ
1688 1148 1808 1218 οὐχὶ
1838 1148 1903 1220 δή

324 1239 426 1275 που
466 1222 683 1289 πάντως
720 1226 820 1296 τὴν
857 1226 1011 1301 ὓλην,
1052 1230 1167 1283 ἀλλ’
1189 1226 1303 1286 οἷον
1338 1232 1406 1286 τὰ
1445 1235 1505 1288 ὲν
1536 1238 1669 1307 ἡμῖν
1707 1237 1897 1308 τίμια,

323 1315 414 1368 καὶ
445 1316 695 1387 λαμπρὰ,
715 1318 926 1373 καὶτοῦ
956 1321 1156 1386 παντὸς
1166 1320 1292 1387 ἀξια
1311 1323 1494 1394 λόγου,
1517 1327 1698 1381 πίστιν
1712 1329 1902 1398 δηλον-

319 1407 425 1470 ότι,
460 1408 559 1461 καὶ
614 1408 713 1480 τὴν
747 1408 805 1477 ἐξ
836 1411 1053 1481 ἀπάσης
1092 1413 1294 1485 ἀρετῆς
1339 1417 1671 1489 φαιδρότητα
1696 1435 1710 1451 ο
1750 1418 1900 1484 ξένια

320 1498 429 1569 γὰρ
453 1498 628 1554 ταῦτα
658 1500 795 1573 Θεῷ,
835 1501 932 1556 καὶ
979 1507 1354 1577 πνευματικῆς
1389 1507 1648 1581 λατρείας
1693 1510 1903 1565 ἀναθέ-

324 1606 471 1658 ματα
500 1589 748 1662 λαμπρὰ,
786 1592 881 1647 καὶ
902 1593 1347 1668 τεθαυμασμένα.
1374 1596 1688 1671 Γέγραπται
1717 1601 1775 1655 δὲ
1806 1603 1901 1657 καὶ⁵

320 1680 379 1732 ἑν
419 1676 583 1753 βίϐλῳ
615 1682 861 1754 Ψαλμῶν
904 1687 1033 1758 περὶ
1076 1686 1169 1741 τοῦ
1200 1688 1417 1743 πάντων
1456 1688 1615 1763 ήμῶν
1646 1693 1902 1767 Σωτῆρος

319 1777 592 1850 Χριστοῦ,
634 1779 717 1834 ὅτι
769 1798 789 1833 t
828 1780 1079 1848 Βασιλεῖς
1140 1784 1373 1856 Θαρσεῖς
1423 1787 1516 1842 καὶ
1571 1788 1729 1860 νῆσοι
1774 1790 1926 1862 δῶρα

2019 601 2284 671 intelliges
2331 616 2425 656 eos
2472 601 2563 670 qui
2623 599 2933 655 inaccessas
2963 607 3018 653 et
3050 610 3244 666 magna
3299 594 3591 652 solitudine

2018 692 2266 747 horridas
2320 692 2569 761 regiones
2616 699 2670 745 et
2718 689 2881 745 urbes
2940 687 3272 751 inhabitant,
3328 692 3587 741 venturos

2014 796 2112 852 per
2132 781 2292 838 ﬁdem
2325 791 2381 836 et
2410 780 2836 837 fructiﬁcaturos
2883 779 3104 835 Christo
3160 791 3354 831 aurum
3400 784 3456 830 et
3503 791 3586 829 ar-

2012 880 2256 945 gentum,
2301 879 2358 927 et
2412 887 2517 926 non
2568 870 2888 940 simpliciter
2937 868 3088 923 illam
3139 864 3444 928 materiam,
3493 865 3586 919 sed

2013 962 2175 1019 veluti
2201 962 2323 1034 qua
2375 966 2429 1019 in
2470 962 2626 1018 nobis
2663 971 2789 1017 sunt
2846 961 3083 1032 pretiosa
3126 968 3183 1015 et
3232 946 3493 1024 illustria,
3532 967 3587 1012 et

2008 1055 2190 1129 magni
2246 1054 2515 1120 facienda,
2538 1053 2698 1111 ﬁdem
2721 1055 2928 1110 scilicet
2948 1054 3297 1123 omniumque
3328 1051 3581 1105 virtutum

2003 1145 2373 1216 splendorem.
2415 1143 2543 1200 Hac
2596 1142 2741 1199 enim
2785 1153 2913 1199 sunt
2954 1143 3064 1197 Deo
3104 1144 3286 1206 xenia,
3325 1143 3440 1195 hac
3476 1140 3584 1210 spi-

2005 1230 2218 1292 ritualis
2254 1234 2433 1292 cultus
2481 1236 2855 1300 anathemata,
2912 1244 2968 1289 et
3010 1234 3237 1288 donaria
3273 1231 3500 1286 illustria
3530 1239 3583 1283 et

2002 1328 2341 1384 admiranda.
2370 1328 2643 1399 Scriptum
2674 1334 2755 1382 est
2787 1328 2950 1382 etiam
2981 1325 3034 1380 in
3063 1324 3202 1379 libro
3243 1312 3581 1378 Psalmorum

2002 1420 2069 1475 de
2122 1420 2363 1475 omnium
2408 1429 2651 1476 nostrum
2690 1417 2981 1474 Servatore
3032 1415 3301 1483 Christo:
3351 1433 3370 1466 ι
3414 1413 3584 1483 Reges

2005 1508 2235 1569 Tharsis
2285 1522 2340 1569 et
2387 1510 2577 1567 insula
2615 1510 2757 1565 dona
2787 1508 3053 1564 adducent
3085 1524 3099 1562 :
3136 1521 3295 1577 reges
3340 1503 3581 1560 Arabum

2002 1616 2056 1661 et
2083 1604 2262 1661 Sabba
2313 1604 2455 1661 dona
2501 1600 2765 1669 afferent;
2795 1607 2850 1655 et
2874 1598 3180 1655 adorabunt
3228 1611 3348 1652 eum
3392 1609 3579 1650 omnes

2003 1711 2157 1767 reges
2179 1707 2358 1763 terra,
2390 1709 2582 1752 omnes
2604 1702 2795 1767 gentes
2824 1688 3063 1748 servient
3086 1691 3136 1745 ei
3163 1688 3205 1744 ⁵.
3234 1707 3255 1742 ι

2004 1791 2336 1866 προσάξουσι
2358 1833 2374 1861 ,
2426 1791 2666 1865 βασιλεῖς
2734 1785 2980 1861 ’Δράϐων
3052 1787 3146 1842 καὶ
3190 1782 3376 1839 Σαϐϐἄ
3435 1781 3580 1853 δῶρα

320 1873 686 1945 προσοίσουσι.
736 1878 848 1933 Καὶ
896 1881 1364 1953 προσκυνήσουσιν
1404 1882 1555 1955 αὑτῷ
1601 1885 1807 1951 πάντες
1860 1889 1910 1941 οῖ
1988 1889 2229 1959 βασιλεῖς
2298 1888 2401 1959 τῆς
2457 1890 2586 1960 γῆς,
2638 1888 2819 1946 πάντα
2881 1886 2952 1942 τά
3012 1882 3144 1954 ἔθνη
3204 1876 3583 1934 δουλεύσουσιν

316 1966 485 2038 αὐτῷ.
524 1986 543 2019 ιι

386 2058 494 2157 {tul
517 2057 1023 2157 οἰκοδομήσωσιν
1056 2064 1405 2137 ἀνυογενεῗς
1439 2067 1511 2124 τὰ
1549 2071 1718 2141 τείχη
1749 2085 1889 2136 σου,

2064 2062 2229 2121 Vens.
2252 2062 2340 2120 l0.
2376 2062 2447 2125 Et
2486 2060 2823 2134 aediﬁcabant
2867 2060 3173 2131 alienigenae
3219 2072 3399 2157 Ματρί
3438 2065 3574 2124 tuos,

314 2146 413 2202 καὶ
440 2151 494 2203 οι
515 2148 801 2217 βασιλεῖς
818 2153 1019 2207 αὐτῶν
1040 2156 1537 2225 παραστήσονται
1561 2174 1681 2214 σοι.

396 2240 663 2309 Ἐξαίσιον
714 2246 808 2298 καὶ
852 2244 1044 2313 τοῦτο,
1090 2249 1185 2302 καὶ
1235 2250 1575 2323 θεοπρεποῦς
1611 2251 1898 2324 δυνάμεως

313 2335 682 2406 ἀποτέλεσμα.
709 2335 888 2407 Τεύχη
929 2336 1028 2407 μὲν
1056 2337 1167 2411 γὰρ
1200 2340 1293 2393 καὶ
1323 2339 1599 2411 περίϐολοι
1630 2338 1900 2407 σώζοντες

314 2426 416 2496 τῆς
444 2427 772 2498 Ἐκκλησίας
800 2428 870 2481 τὰ
915 2429 1106 2494 τέκνα,
1141 2430 1383 2501 νοηθεῖεν
1418 2431 1485 2486 ἂν
1521 2432 1705 2497 πίστις
1738 2433 1894 2506 ὀρθὴ,

314 2518 409 2571 καὶ
441 2517 766 2589 ἀμώμητος,
797 2517 975 2590 ἔργων
1003 2536 1063 2572 τε
1100 2520 1392 2594 φαιδρότης
1422 2521 1483 2588 ἐξ
1518 2524 1738 2596 ἀπάσης
1764 2525 1895 2596 ἀρε-

314 2610 413 2680 τῆς
437 2607 769 2677 συλλέγουσα
804 2607 1019 2674 κάλλος,
1051 2611 1306 2679 γνώσεως
1333 2612 1389 2666 δὲ
1416 2612 1772 2686 ὼγματικῆς,
1803 2614 1897 2670 καὶ

317 2697 501 2765 μέντοι
525 2696 619 2751 καὶ
642 2696 848 2766 ἠθικῶς
872 2696 982 2771 [ἵσ.
998 2697 1218 2773 ἠθικῆς]
1244 2695 1353 2756 εἷεν
1379 2700 1445 2757 ἂν
1471 2704 1782 2776 εἰσηγηταὶ,
1800 2705 1896 2759 καὶ

312 2786 623 2843 διδάσκαλοι
654 2788 764 2843 τῶν
802 2790 961 2844 θείων
994 2793 1365 2864 κηρυγμάτων
1397 2796 1670 2869 ἱερουργοὶ
1695 2798 1896 2863 πάντες

311 2880 428 2934 ὅσοι
453 2880 619 2952 ψήφῳ
650 2880 771 2953 θείᾳ
807 2881 1095 2937 καλοῦνται
1142 2885 1279 2956 πρὸς
1316 2886 1493 2943 τοῦτο.
1531 2890 1643 2943 Καὶ
1672 2890 1895 2964 ἀπαρχὴ

314 2971 413 3041 μὲν
443 2971 648 3027 τούτων
677 2972 785 3025 τῶν
828 2973 991 3045 ἱερῶν
1021 2977 1393 3046 κηρυγμάτων
1429 2981 1719 3050 γεγόνασιν
1761 2985 1894 3056 ἡμῖν

310 3065 359 3117 οι
387 3062 665 3116 θεσπέσιοι
710 3063 985 3135 μαθηταὶ,
1016 3065 1260 3122 πλεῖστοι
1300 3068 1357 3122 δὲ
1390 3071 1508 3141 μετ’
1538 3073 1804 3142 ἐκείνους,
1844 3076 1893 3128 οί

312 3155 402 3208 τὸν
431 3155 560 3226 παρ’
590 3155 772 3210 αὐτῶν
819 3157 1230 3228 ἰχνηλάτοῦντες
1260 3156 1437 3231 λόγον,
1476 3165 1577 3218 οὐκ
1606 3167 1671 3220 ὲκ
1715 3167 1894 3237 μόνων

324 3247 611 3312 Ἰουδαίων,
640 3247 776 3302 ἀλλά
815 3249 926 3321 γὰρ
967 3251 1063 3306 καὶ
1104 3253 1168 3306 ὲκ
1207 3254 1502 3325 ταγμάτων
1540 3255 1889 3329 Ἑλληνικῶν,

308 3340 360 3393 οἳ
394 3341 486 3393 καὶ
512 3343 618 3411 τῆς
652 3342 711 3394 ἐν
739 3341 928 3414 κόσμῳ
957 3345 1148 3413 σοφίας
1173 3346 1232 3400 ὲν
1273 3346 1426 3419 καλῷ
1450 3348 1759 3417 γεγονότες,
1796 3351 1891 3406 καὶ

307 3431 629 3500 εὐγλωττεῖν
674 3433 874 3498 ειδότες
924 3434 1134 3507 ἄριστοι
1166 3437 1422 3506 γεγόνασι
1472 3441 1763 3496 παιδευταὶ
1801 3440 1891 3495 τὸν

310 3523 407 3591 μὲν
431 3522 623 3596 ἀκλινῆ
647 3525 741 3596 τῆς
774 3525 1009 3590 πίστεως
1034 3528 1190 3596 λόγον
1222 3529 1629 3602 οἰκοδομοῦντες
1660 3531 1891 3597 ἀστείως

307 3613 366 3665 ἐν
410 3616 529 3678 ταῖς
574 3614 683 3669 τῶν
735 3618 1238 3686 μυσταγωγούντων
1283 3620 1502 3692 ψυχαῖς,
1556 3624 1792 3687 ἐνιέντες
1832 3623 1889 3676 δὲ

305 3702 491 3765 αὐτοῖς
524 3704 798 3766 πολιτείας
829 3704 927 3775 τὴν
958 3707 1284 3773 ἀξιάγαστον
1319 3712 1638 3781 συνείδησιν.
1678 3713 1888 3767 Οὐκοῦν

304 3792 615 3859 ἀλλογενεῖς
664 3791 783 3861 μὲν,
833 3793 918 3845 ὅτι
972 3794 1046 3863 μὴ
1098 3795 1157 3860 ἐξ
1200 3797 1431 3865 αἵματος
1485 3802 1701 3871 Ἰσραὴλ
1747 3806 1891 3857 κατά

310 3883 509 3951 σάρκα,
529 3880 667 3951 πλὴν
698 3881 1079 3952 ἀρχιτέκτονες
1111 3884 1286 3953 σοφοὶ,
1322 3887 1464 3941 κατά
1489 3888 1579 3941 τὸν
1603 3890 1889 3944 θεσπέσιον

310 3972 539 4038 Παῦλον,
568 3972 662 4026 καὶ
680 3967 739 4025 εὖ
770 3973 967 4037 εἰδότες
988 3973 1269 4045 θεμελιοῦν
1289 3977 1345 4030 ὲν
1369 3978 1499 4048 ἡμῖν
1520 3978 1612 4033 τὸν
1631 3978 1886 4051 Χριστὸν,

305 4063 395 4118 διά
423 4064 657 4127 πίστεως
698 4062 756 4117 δὲ
799 4063 1072 4129 δηλονότι,
1121 4064 1214 4118 καὶ
1262 4067 1601 4139 εἰσηγήσεως
1645 4070 1884 4140 ἀγαθῶν.

308 4155 499 4220 Τοῦτο,
542 4149 718 4227 οἶμαι,
765 4156 883 4210 ὲστί
924 4155 1005 4220 τὸ,
1033 4176 1051 4208 ι
1078 4156 1534 4230 Οἰκοδομήσουσιν
1580 4161 1888 4234 ἀλλογενεῖς

306 4248 374 4300 τὰ
410 4248 565 4319 τείχη
600 4264 713 4310 σου,
738 4247 834 4300 καὶ
872 4248 921 4301 οί
951 4248 1191 4319 βασιλεῖς
1226 4250 1404 4304 αὐτῶν
1446 4255 1886 4325 παραστήσονταί

309 4356 408 4393 σοι.
436 4358 456 4392 ι
481 4339 655 4393 Τίνων
683 4338 739 4391 δὲ
768 4340 815 4391 οἱ
851 4337 1088 4410 βασιλεῖς
1110 4356 1126 4409 ;
1146 4335 1222 4394 Ἦ
1255 4341 1496 4413 δηλονότι
1531 4344 1639 4398 τῶν
1664 4345 1884 4414 ἀλλογε-

308 4429 432 4484 νῶν.
465 4430 714 4496 Βασιλεῖς
754 4429 812 4484 δέ
859 4447 1023 4502 φησιν
1058 4433 1114 4484 ὲν
1140 4431 1370 4496 τούτοις,
1401 4432 1434 4504 ἢ
1472 4436 1597 4498 τοὺς
1621 4435 1886 4508 ἄρχοντας

307 4523 400 4575 καὶ
433 4524 769 4593 ἡγουμένους
798 4522 965 4587 λαῶν,
993 4524 1042 4578 οἳ
1080 4529 1455 4597 παρεστήκασι
1485 4529 1550 4599 τῇ
1592 4528 1886 4602 Ἐκκλησία

307 4612 566 4683 Χριστοῦ,
596 4613 1020 4685 δορυφοροῦντες
1050 4615 1239 4686 ὥσπερ
1278 4616 1468 4688 αὐτὴν,
1511 4620 1605 4674 καὶ
1628 4621 1885 4675 συνασπί-

307 4704 492 4768 ζοντες
522 4707 637 4768 τοῖς
669 4707 840 4777 αὐτῆς
871 4709 1101 4772 τέκνοις,
1145 4709 1237 4761 καὶ
1275 4711 1670 4778 ἀποσοϐοῦντες
1701 4692 1881 4769 πάσαν

307 4795 493 4865 ἔφοδον
521 4794 732 4867 ἐχθρῶν
758 4798 969 4869 ὁρατῶν
1004 4818 1064 4852 τε
1099 4801 1192 4854 καὶ
1224 4802 1545 4878 ἀοράτωι,ἢ
1580 4805 1721 4860 κατὰ
1751 4806 1881 4879 ἁλή-

306 4887 457 4942 θειαν
481 4889 607 4952 τοὺς
631 4891 752 4952 ταῖς
772 4889 1033 4944 ἀνωτάτω
1056 4896 1242 4962 τιμαῖς
1265 4894 1761 4968 ἐστεφανωμένους,
1790 4901 1884 4955 καὶ

304 4980 365 5033 τὸ
388 4979 486 5050 τῆς
519 4979 794 5050 βασιλείας
830 4980 1051 5052 ἔχοντας
1084 4984 1379 5057 σκῆπτρον,
1413 4988 1461 5041 οἳ
1489 4988 1579 5042 καὶ
1608 4990 1884 5062 παρέστητ

306 5089 406 5125 σαν
438 5074 503 5143 τῇ
547 5071 861 5145 Ἐκκλησίᾳ.
899 5073 964 5127 Ἦ
992 5073 1048 5127 δὲ
1070 5076 1414 5146 παράστασις
1445 5081 1501 5132 ἐν
1545 5080 1755 5145 τούτοις
1794 5100 1889 5155 ση-

308 5162 487 5233 μαίνει
517 5162 613 5234 τὴν
666 5164 933 5234 ὑπακοήν.
980 5166 1202 5219 Εῖκουσι
1249 5168 1355 5238 γὰρ
1401 5171 1509 5233 τοῖς
1556 5169 1740 5237 θείοις,
1788 5175 1883 5226 καὶ

307 5257 471 5325 ἱεροῖς
503 5255 856 5327 θεσπίσμασι,
906 5256 999 5311 καὶ
1027 5257 1089 5310 τὸ
1118 5259 1216 5328 τῆς
1253 5260 1576 5333 Ἐκκλησίας
1618 5264 1880 5335 κήρυγμα

309 5345 504 5408 παντὸς
527 5344 734 5410 ἀξιοῦσι
764 5342 943 5414 λόγου.
1704 5336 1709 5341 ’

372 5437 476 5489 Διά
502 5436 610 5505 γὰρ
645 5435 831 5505 ὀργὴν
855 5435 1125 5502 ἐπάταξά
1148 5452 1242 5505 σε,
1280 5440 1379 5493 και
1410 5440 1484 5494 δι’
1515 5441 1695 5497 ἔλεον
1728 5425 1873 5514 ἡγάᾷ

1912 4753 1958 4809 D

1999 2169 2050 2216 et
2090 2174 2234 2228 reges
2276 2174 2457 2212 eorum
2488 2157 2735 2213 assistent
2774 2154 2895 2210 tibi.

2069 2249 2344 2306 Eximium
2371 2248 2621 2319 quodque
2643 2249 2768 2313 hoc,
2797 2254 2854 2303 et
2875 2244 3073 2302 divina
3096 2242 3353 2311 potentia
3383 2250 3468 2295 est
3492 2237 3575 2295 fa-

1998 2341 2178 2398 cinus.
2210 2339 2345 2394 Ruri
2375 2338 2521 2394 enim
2545 2348 2601 2394 et
2628 2337 2963 2393 munimenta
2989 2348 3111 2405 qua
3144 2330 3408 2388 Ecclesia
3437 2330 3574 2385 libe-

1998 2447 2091 2487 ros
2135 2438 2380 2496 servant,
2435 2426 2656 2500 intelligi
2692 2420 2857 2499 847
2909 2431 3156 2495 poSsunt,
3184 2421 3318 2478 ﬁdes
3341 2433 3487 2477 recta
3522 2431 3577 2475 et

1999 2518 2519 2594 irreprehensibilis,
2564 2529 2620 2574 et
2653 2530 2879 2589 operum
2930 2514 3185 2586 splendor
3214 2516 3362 2571 omni
3404 2514 3575 2569 virtu-

1999 2621 2112 2668 tum
2151 2611 2555 2683 pulchritudine
2619 2610 2930 2666 decoratus.
2977 2606 3346 2678 Praceptores
3394 2613 3572 2660 autem

1996 2703 2320 2775 cognitionis
2366 2702 2684 2776 dogmatica
2749 2710 2805 2757 et
2832 2697 3077 2766 moralis,
3115 2698 3358 2769 adeoque
3390 2697 3575 2757 docto—

1996 2810 2085 2852 res
2132 2794 2440 2851 divinorum
2488 2792 2883 2866 praconiorum
2906 2806 3028 2848 esse
3051 2801 3301 2862 possunt,
3335 2788 3577 2845 ministri

1994 2903 2186 2944 omnes
2227 2889 2539 2959 quicunque
2591 2886 2775 2943 divino
2804 2885 3015 2942 calculo
3045 2884 3111 2939 ad
3146 2883 3251 2938 hoc
3286 2891 3571 2938 vocantur.

1997 2980 2064 3035 Et
2096 2977 2350 3051 primitia
2376 2980 2596 3050 quidem
2631 2978 2793 3048 hujus
2823 2992 2995 3035 sacra
3022 2973 3435 3047 praedicationis
3472 2988 3572 3029 ex-

1995 3073 2250 3128 stiterunt
2292 3072 2445 3127 nobis
2482 3069 2651 3126 divini
2685 3069 2955 3137 discipuli,
3000 3078 3056 3126 et
3098 3066 3408 3139 complures
3451 3074 3573 3136 post

1996 3164 2136 3228 illos,
2159 3164 2250 3232 qui
2288 3162 2339 3217 in
2376 3158 3003 3231 sermone.pradicando
3027 3157 3201 3215 secuti
3228 3164 3355 3212 sunt
3382 3170 3568 3209 eorum

1997 3254 2243 3324 vestigia,
2274 3269 2377 3309 non
2414 3252 2587 3309 solum
2613 3267 2678 3306 ex
2714 3248 2940 3315 Judais,
2970 3251 3063 3304 Sed
3092 3256 3147 3304 et
3168 3260 3232 3303 ex
3258 3247 3569 3304 Gracorum

1995 3344 2295 3410 ordinibus,
2342 3342 2457 3414 qui,
2485 3343 2732 3399 saculari
2780 3341 3030 3397 instructi
3071 3341 3359 3411 sapientia,
3402 3347 3457 3393 et
3490 3338 3572 3393 di-

1995 3436 2149 3490 cendi
2184 3434 2442 3492 facultate
2488 3433 2721 3506 praditi,
2768 3432 2957 3504 optimi
3008 3432 3344 3489 institutores
3377 3444 3571 3485 evase-

1996 3539 2142 3593 runt,
2174 3527 2388 3581 lirmum
2428 3540 2736 3582 sermonem
2781 3523 2903 3580 fidei
2937 3522 3268 3579 aediﬁcantes
3294 3521 3571 3591 eleganter

1994 3618 2045 3673 in
2098 3618 2296 3674 animis
2338 3618 2702 3683 initiatorum,
2745 3625 2803 3673 et
2844 3616 3147 3672 inserentes
3183 3616 3237 3670 in
3286 3614 3390 3668 illis
3431 3614 3571 3668 bene

1991 3711 2203 3765 vivendi
2232 3709 2603 3767 admirabilem
2637 3709 3050 3767 conscientiam.
3088 3707 3426 3779 Alienigena
3466 3707 3569 3777 igi-

1992 3808 2080 3853 tur
2108 3798 2347 3868 l‘uerunt,
2371 3801 2496 3870 quia
2528 3817 2636 3857 non
2662 3809 2905 3856 erantex
2932 3800 3197 3871 sanguine
3218 3799 3403 3864 lsrael,
3428 3801 3569 3867 quod

1991 3886 2060 3939 ad
2091 3901 2311 3942 carnem
2342 3888 2565 3955 attinet;
2612 3887 2896 3943 architecti
2946 3897 3128 3942 tamen
3173 3889 3471 3957 sapientes,
3514 3897 3571 3940 ut

1991 3975 2205 4031 divinus
2249 3975 2451 4032 Paulus
2501 3976 2766 4046 loquitur,
2824 3976 3028 4046 quique
3077 3987 3226 4032 recte
3272 3987 3466 4030 norant
3514 3978 3566 4033 iu

1990 4066 2147 4121 nobis
2191 4064 2465 4122 Christum
2509 4067 2739 4122 fundare
2760 4068 2804 4134 ',
2828 4081 2951 4138 per
3005 4065 3165 4119 ﬁdem
3206 4063 3476 4132 videlicet,
3517 4077 3569 4121 et

1992 4170 2170 4210 rerum
2231 4155 2496 4211 bonarum
2552 4155 2973 4211 institutionem.
3038 4153 3172 4222 Hoc,
3199 4157 3412 4226 Opinor,
3445 4166 3565 4211 est:

1995 4236 2396 4302 «Ediﬁcabunt
2418 4245 2733 4317 alienigena
2758 4260 2941 4301 muros
2965 4257 3105 4314 tuos,
3126 4254 3182 4301 et
3208 4259 3360 4315 reges
3382 4260 3566 4301 eorum

1987 4337 2249 4394 assistent
2273 4337 2392 4392 tibi.
2426 4355 2445 4388 ι
2480 4335 2721 4403 Quorum
2764 4336 2958 4406 reges?
2993 4335 3259 4392 Nimirum
3303 4335 3567 4407 alienige-

1988 4445 2202 4485 narum.
2247 4430 2315 4485 Et
2355 4444 2513 4500 reges
2565 4429 2655 4485 hic
2693 4428 2846 4493 dicit,
2889 4426 2974 4485 vel
3014 4428 3287 4498 principes
3321 4439 3377 4484 et
3402 4428 3567 4482 duces

1987 4522 2335 4592 populorum,
2367 4522 2455 4592 qui
2483 4522 2751 4576 assistunt
2795 4520 3051 4576 Ecclesia
3089 4521 3316 4587 Christi,
3357 4520 3564 4575 sate!li-

1990 4614 2065 4669 tio
2102 4613 2411 4668 munientes
2459 4612 2602 4668 velut
2636 4627 2779 4681 eam;
2822 4621 2879 4668 et
2927 4611 3130 4668 liberos
3158 4611 3276 4681 ejus
3306 4621 3562 4692 tanquam

1988 4714 2143 4760 scuto
2192 4715 2558 4775 protegentes,
2619 4717 2683 4760 ac
2732 4719 2947 4760 omnem
3007 4704 3247 4759 hostium
3306 4704 3565 4774 impetum

1987 4796 2366 4867 propellentes,
2420 4804 2530 4851 tam
2585 4795 2675 4865 qui
2724 4793 3082 4865 aspectabiles
3128 4804 3443 4865 suntquam
3474 4793 3564 4864 qui

1989 4887 2442 4959 inaspectabiles;
2500 4897 2594 4943 aut
2632 4896 2803 4951 certe,
2832 4888 3058 4963 summis
3087 4900 3311 4945 ornatos
3340 4888 3561 4943 honori-

1990 4979 2113 5041 bus.
2144 4989 2198 5034 et
2223 4981 2427 5050 regium
2457 4988 2726 5049 sceptrum
2756 4979 3038 5043 habentes,
3066 4966 3160 5048 qui
3187 4979 3349 5034 etiam
3385 4979 3567 5035 Eccle-

1994 5069 2089 5124 sia
2150 5071 2431 5125 assistunt.
2489 5071 2813 5128 Assistentia
2868 5069 2971 5123 hoc
3018 5069 3072 5123 in
3125 5071 3245 5125 loco
3296 5069 3564 5141 signiﬁcat

1989 5161 2377 5215 obedientiam.
2427 5161 2639 5217 Cedunt
2678 5164 2821 5218 enim
2857 5163 3057 5219 divinis
3108 5170 3163 5218 et
3201 5162 3564 5217 sacrosanctis

1988 5248 2282 5317 vaticiniis,
2320 5260 2483 5322 atque
2518 5253 2956 5323 pradicationem
2991 5252 3247 5308 Ecclesia
3274 5267 3487 5307 summo
3510 5252 3561 5305 in

1985 5348 2156 5418 pretio
2190 5350 2411 5408 habent.

2056 5439 2220 5498 Vens.
2283 5443 2370 5509 ll,
2403 5442 2489 5499 12.
2530 5445 2736 5499 Etenim
2783 5454 2997 5514 propter
3040 5446 3179 5523 iram
3226 5444 3460 5513 ρεπιιεεὶ
3490 5453 3559 5507 te,

315 5524 471 5593 πησά
518 5542 609 5580 σε.
638 5526 749 5581 Καὶ
791 5525 1258 5596 ἀνοιχοὴσονται
1293 5532 1355 5583 αἱ
1397 5530 1583 5584 πύλαι
1621 5547 1737 5586 σου
1784 5531 1881 5586 διὰ

1996 5537 2031 5582 at
2084 5540 2298 5600 propter
2346 5534 2768 5588 misericordiam
2822 5534 2985 5588 dilexi
3024 5543 3092 5587 te.
3146 5532 3215 5587 Et
3263 5534 3562 5602 aperientur

300 5614 555 5680 παντὸς,
611 5615 836 5683 ἡμέρας
883 5614 982 5668 καὶ
1031 5615 1284 5682 νυκτὸς,
1333 5617 1429 5670 καὶ
1476 5619 1547 5672 οὺ
1593 5623 1873 5690 συγκλει-

376 5792 391 5820 ³
432 5790 568 5847 Psal.
602 5806 746 5856 LXXI,
784 5790 956 5862 10,-”.
1036 5792 1054 5823 "
1091 5791 1295 5847 Coloss.
1338 5809 1372 5853 l,
1405 5793 1491 5847 25.

1981 5632 2144 5689 porta:
2168 5634 2270 5678 tua:
2292 5641 2511 5695 semper,
2554 5626 2638 5681 dic
2659 5637 2706 5680 ct
2742 5636 2905 5691 nocte,
2933 5635 2979 5681 et
3014 5642 3115 5701 non
3148 5624 3475 5688 claudentur,
3504 5632 3557 5674 ut
