4134 6302
632 333 771 395 1355

1617 336 1671 391 S.
1719 335 1994 398 CYRILLI
2039 334 2510 391 ALEXANDllINl
2552 331 2876 390 ARCHIEP.

3753 313 3906 379 1356

630 451 967 515 introducam
991 451 1058 504 ad
1084 461 1132 506 te
1165 455 1447 520 potentiam
1471 457 1725 523 gentium,
1760 464 1807 508 et
1839 470 1978 524 reges
2025 455 2184 508 addu-

2297 452 2634 521 σθήσονται
2651 447 2995 524 εἰσαγαγεῖν
3013 443 3164 514 πρὸς
3184 443 3258 498 σὲ
3275 443 3526 513 δύναμιν
3544 441 3764 508 ἐθνῶν,
3789 443 3903 495 καὶ

629 547 829 599 rentur.
864 537 1047 593 Gentes
1077 542 1212 595 enim
1246 553 1292 596 et
1336 558 1478 612 reges
1520 544 1610 616 qui
1663 560 1766 610 non
1816 544 2032 607 servient
2081 543 2198 609 tibi,

628 628 892 698 peribunt,
924 641 972 686 et
1003 644 1176 699 gentes
1215 634 1583 691 vastabantur.

702 807 967 875 Quoniam
1017 812 1195 880 enim,
1242 812 1446 891 inquit,
1501 816 1835 888 deprehensa
1862 829 1955 882 es,
2011 831 2202 885 quam-

631 899 878 970 plurimis
917 911 973 958 et
1025 903 1455 968 intolerabilibus
1504 907 1778 974 implicata
1812 906 1980 973 vitiis,
2011 922 2198 976 parem

633 1003 849 1064 poenam
879 992 1201 1051 sustinuisti.
1227 992 1356 1059 Erat
1389 996 1533 1050 enim
1564 1011 1785 1054 necesse
1810 1007 1887 1063 ut,
1922 1011 2044 1050 cum
2075 997 2201 1052 talis

631 1079 726 1142 sis,
765 1077 900 1139 iram
949 1080 1088 1142 banc
1121 1094 1175 1136 et
1213 1084 1532 1156 supplicium
1581 1087 1899 1143 sustineres.
1933 1086 2198 1154 Quoniam

632 1179 810 1221 autem
851 1168 946 1233 tibi
994 1186 1180 1240 rursus
1231 1173 1606 1229 misericordia
1657 1175 2016 1244 impartienda
2052 1187 2193 1242 erat,

632 1269 817 1328 utpote
839 1276 872 1317 ι
903 1263 1046 1318 bono
1069 1275 1125 1318 et
1156 1265 1506 1323 ntisericorde
1547 1267 1772 1323 Domino
1816 1282 1881 1322 ac
1918 1267 2053 1332 Deo,
2093 1267 2198 1322 im-

629 1354 822 1426 partita
862 1364 965 1421 est,
996 1364 1051 1410 et
1074 1356 1334 1424 expellam
1375 1373 1593 1414 omnem
1629 1361 1788 1414 iram.
1831 1359 1970 1428 Quid
2023 1359 2194 1430 igitur

629 1443 871 1498 futurum
925 1445 1095 1519 848
1137 1450 1257 1503 est?
1298 1449 1430 1520 quid
1478 1450 1714 1517 dabitur,
1760 1461 2045 1522 postquam
2113 1463 2199 1503 res

627 1551 837 1605 aspera:
893 1540 1261 1594 cessaverint?
1325 1557 1346 1592 ι
1383 1543 1724 1610 Aperientur,
1793 1542 1989 1612 inquit,
2029 1547 2199 1610 portae

628 1639 732 1682 tua:
773 1643 1006 1697 semper,
1043 1630 1276 1686 interdiu
1307 1643 1360 1686 et
1387 1642 1570 1696 noctu,
1601 1648 1773 1707 neque
1800 1636 2138 1687 claudentur.
2175 1652 2191 1684 ι

627 1716 854 1776 Videtur
893 1720 977 1781 his
1019 1720 1201 1777 verbis
1254 1736 1441 1792 pacem
1489 1722 1726 1790 polliceri
1773 1723 1896 1787 illis,
1947 1731 2003 1778 et
2050 1731 2197 1777 tran-

2296 546 2577 614 βασιλεῖς
2601 545 2950 614 ἀγομένους.
2970 539 3047 593 Τὰ
3063 537 3172 610 γὰρ
3199 536 3366 602 ἔθνη,
3393 524 3490 587 καὶ
3517 536 3571 588 οἱ
3599 533 3902 599 βασιλεῖς

2301 638 2520 704 οἵτινες
2549 637 2620 691 οὐ
2649 629 3060 691 δουλεύσουσι
3094 644 3216 695 σοι,
3246 626 3639 689 ἀπολοῦνται,
3677 625 3779 679 καί
3822 625 3900 678 τὰ

2302 726 2446 792 ἔθνη
2472 725 2977 796 ἐρημωθήσονται.

2386 816 2602 887 Ἐπειδὴ
2637 816 2765 889 γὰρ,
2804 814 2957 886 φησὶ,
2990 811 3262 873 πλείστοις
3284 825 3343 862 τε
3374 809 3519 871 ὅσοις
3549 807 3642 862 καὶ
3675 808 3898 880 ἀφορή-

2302 926 2411 973 τοις
2454 907 2920 978 πλημμελήμασιν
2962 901 3192 974 εὑρέθης
3231 901 3414 970 ἔνοχος
3447 898 3546 972 τὴν
3592 899 3898 970 ἰσόρροπω

2303 1000 2725 1072 ὑπομεμένηκας
2758 997 2933 1067 δίκην.
2956 991 3066 1048 Ἦν
3109 994 3220 1066 γὰρ
3249 993 3462 1063 ἀνάγκη
3495 981 3763 1060 τοιαύτην
3800 985 3898 1045 οὗ·

2305 1109 2403 1144 σαν
2451 1092 2741 1161 ὑπομεῖναι
2787 1091 2856 1143 τὰ
2893 1087 2952 1156 ἐξ
2992 1088 3182 1160 ὀργῆς.
3220 1083 3438 1156 Ἐπειδή
3478 1083 3536 1138 δέ
3584 1101 3669 1137 σοι
3722 1083 3896 1136 πάλιν

2302 1185 2467 1256 ἐχρῆν
2501 1183 2576 1247 ὼς
2616 1183 2677 1250 ἐξ
2715 1181 2921 1250 ἀγαθοῦ
2950 1197 3010 1242 τε
3049 1180 3144 1242 καὶ
3188 1176 3624 1249 φιλοικτίρμονος
3672 1177 3894 1246 Κυρίου

2303 1279 2394 1331 καὶ
2416 1275 2550 1330 Θεοῦ
2577 1275 2796 1344 δοθῆναι
2827 1273 2918 1326 τὸν
2938 1271 3106 1335 ἔλεον,
3135 1269 3364 1334 δέδοται,
3397 1267 3492 1320 καὶ
3518 1265 3698 1331 διώξω
3726 1267 3798 1320 τὰ
3831 1266 3896 1330 ἑξ

2299 1367 2490 1438 ὀργῆς.
2522 1365 2587 1419 Τί
2617 1361 2710 1418 οὖν
2741 1362 2995 1432 ὑπάρξει,
3029 1363 3080 1422 τί
3110 1360 3167 1414 δὲ
3193 1359 3479 1428 δοθήσεται
3512 1357 3894 1410 πεπαυμένων

2299 1458 2407 1510 τῶν
2475 1455 2852 1531 σκυθρωπῶν;
2923 1473 2942 1506 t
3003 1450 3497 1523 Ἂνεωχθήσονται,
3570 1449 3780 1519 φησὶν,
3831 1450 3891 1500 αἱ

2303 1547 2466 1604 πύλαι
2505 1564 2597 1600 σου
2637 1546 2726 1601 διὰ
2769 1545 3002 1608 παντὸς,
3035 1543 3246 1616 ἡμέρας
3283 1543 3378 1595 καὶ
3411 1540 3624 1605 νυκτὸς,
3678 1540 3779 1592 καὶ
3822 1541 3887 1591 οὐ

2303 1636 2835 1710 συγκλεισθήσονται.
2861 1655 2880 1688 ι
2920 1635 3137 1688 Ἔοικεν
3171 1634 3230 1685 ὲν
3261 1632 3469 1694 τούτοις
3511 1631 3743 1702 εἰρήνην
3785 1632 3891 1682 αὑ-

2299 1732 2409 1793 τοῖς
2446 1727 2845 1800 ὑπισχνεῖσθαι,
2879 1727 2974 1780 καὶ
3011 1725 3111 1796 τὴν
3159 1723 3407 1779 ἐντεῦθεν
3441 1721 3643 1775 εὐδίαν.
3678 1722 3748 1772 Δί
3785 1721 3889 1792 μὲν

624 1809 944 1886 quillilatem
983 1827 1102 1880 qua:
1140 1812 1262 1877 inde
1294 1813 1564 1882 provenit.
1615 1813 1750 1868 Nam
1785 1814 2035 1872 civitates
2071 1830 2184 1885 qua:

2298 1819 2407 1891 γὰρ
2436 1821 2494 1873 ὲν
2524 1818 2732 1890 ὑποψίᾳ
2765 1817 3040 1888 πολεμίων
3072 1816 3308 1891 ἐμϐολῆς
3347 1810 3502 1870 οὖσαι
3537 1813 3749 1876 πόλεις,
3783 1814 3886 1866 οὐκ

627 1903 858 1956 hostium
915 1903 1329 1972 impressionem
1385 1905 1618 1976 aliquam
1663 1906 1780 1962 lore
1818 1909 2187 1978 suspicantur,

623 2009 730 2052 non
753 2009 973 2070 semper
1000 2007 1216 2066 apertas
1243 1997 1440 2053 habent
1466 2008 1672 2069 portas,
1701 2001 1802 2058 nisi
1831 2015 1952 2056 cum
1981 2011 2192 2071 tempus

621 2082 694 2136 ita
731 2081 838 2136 fert
865 2092 920 2138 et
946 2085 1259 2151 necessitas,
1295 2085 1457 2155 idque
1484 2087 1571 2140 vix
1603 2087 1832 2142 interdiu
1865 2090 1986 2143 sine
2013 2101 2183 2143 metu.

616 2174 686 2236 At
715 2189 835 2249 qua:
867 2190 932 2230 eo
965 2176 1158 2232 timore
1210 2175 1450 2232 liberatae
1496 2187 1646 2243 sunt,
1692 2194 1791 2234 nec
1836 2194 2095 2252 passuras
2131 2194 2191 2234 se

623 2264 728 2319 tale
757 2265 1050 2335 quidquam
1082 2277 1420 2338 exspectant,
1457 2269 1578 2324 illas
1609 2271 1858 2344 aperiunt
1892 2271 2192 2338 ingredien-

621 2357 782 2421 tibus,
821 2357 983 2426 idque
1014 2359 1178 2414 etiam
1208 2361 1425 2431 quidam
1459 2372 1620 2418 noctu
1670 2361 1892 2418 faciunt.
1944 2363 2001 2419 Si
2027 2363 2190 2434 igitur

617 2465 806 2523 pacem
837 2450 944 2506 illis
972 2452 1238 2521 promittit
1274 2453 1416 2510 Deus
1437 2465 1491 2509 et
1519 2455 1908 2524 amplissimam
1952 2456 2186 2512 felicita-

619 2552 749 2609 tem,
779 2551 928 2598 certe
959 2545 1250 2600 continuus
1279 2546 1386 2602 erit
1419 2547 1826 2603 adventantium
1862 2563 2184 2614 concursus,

613 2644 668 2688 rt
702 2634 863 2688 veluti
892 2644 1184 2706 perpetuus
1220 2637 1498 2707 ingressus
1527 2651 1740 2703 eorum,
1779 2638 1871 2705 qui
1903 2640 2190 2694 trahuntur

615 2724 1011 2798 quodammodo
1049 2740 1148 2801 per
1194 2728 1352 2783 lldem
1380 2728 1448 2782 ad
1480 2727 1810 2797 agnitionem
1846 2727 2070 2796 Christi,
2114 2731 2184 2785 ita

616 2824 674 2866 nt
707 2814 986 2895 patefacta:
1008 2825 1177 2886 porta:
1201 2829 1326 2877 esse
1356 2816 1660 2882 videantur,
1680 2827 1734 2871 et
1755 2817 1956 2871 nullum
1976 2827 2185 2889 tempus

613 2920 752 2972 esse,
777 2921 882 2983 quo
907 2920 1001 2969 eas
1030 2906 1203 2961 claudi
1233 2917 1502 2978 oporteat,
1533 2924 1636 2963 non
1667 2909 1751 2964 his
1782 2909 1954 2965 solum
1969 2912 2183 2980 quidem

613 2995 857 3049 demissa:
874 3004 926 3048 et
945 2995 1164 3062 humilis
1178 2995 1406 3060 fortuna:
1423 3008 1570 3063 sunt,
1589 3009 1642 3052 et
1658 2999 1786 3074 jugo
1805 3001 1951 3068 regni
1971 3011 2180 3071 parent,

614 3086 707 3140 sed
741 3085 844 3142 illis
867 3087 960 3169 qui
994 3089 1046 3143 ln
1067 3103 1258 3145 omnes
1283 3089 1482 3145 habent
1501 3091 1804 3166 imperium.
1843 3092 2183 3152 Licetautem

612 3192 679 3232 ex
709 3178 870 3236 rebus
911 3181 1043 3260 ipsis
1073 3181 1369 3253 prophetia:
1406 3182 1564 3252 hujus
1594 3185 1848 3240 virtutem
1885 3185 2182 3239 etiamnum

612 3271 814 3332 videre.
867 3271 1084 3343 Accipit
1136 3275 1282 3330 enim
1329 3276 1572 3332 Ecclesia
1619 3277 1766 3334 omni
1811 3289 2053 3351 tempore
2088 3293 2184 3333 vo-

615 3364 785 3417 lentes
819 3363 1066 3431 credere,
1109 3365 1307 3420 nemini
1361 3381 1586 3435 prorsus
1614 3368 1854 3422 occludit
1893 3369 1998 3424 huc
2028 3367 2182 3424 festio

615 3454 788 3518 nstiti,
821 3455 916 3509 sed
949 3455 1178 3510 liberum
1212 3473 1276 3512 ac
1313 3458 1518 3511 licitum
1554 3468 1638 3513 est
1665 3458 1970 3514 volentibus
2003 3461 2181 3529 quoli-

612 3545 701 3599 bet
727 3555 990 3614 tempore,
1034 3547 1182 3601 nullo
1231 3549 1576 3618 impediente,
1621 3551 1687 3604 ad
1725 3550 1900 3604 lucem
1939 3551 2184 3606 veritatis

612 3634 828 3697 adduci.
867 3637 1102 3696 Adducit
1140 3649 1317 3694 autem
1367 3655 1558 3694 onmes
1602 3639 1745 3696 Deus
1788 3651 1841 3697 et
1887 3641 2072 3710 Pater,
2113 3645 2183 3700 ad

610 3727 936 3803 agnitionem
987 3727 1130 3796 Filii,
1175 3747 1270 3801 per
1291 3746 1473 3807 quem,
1500 3733 1628 3788 etin
1659 3749 1787 3803 quo,
1825 3742 1879 3790 et
1916 3751 2039 3792 cum
2075 3753 2182 3807 quo

609 3818 962 3898 gloriﬁcatur.
1003 3820 1180 3904 Atque
1227 3823 1328 3878 hoc
1373 3824 1484 3894 ipse
1517 3823 1674 3880 nobis
1707 3826 2058 3896 signiﬁcavit,
2099 3829 2181 3883 di-

608 3927 782 3967 cens:
820 3912 1033 3979 (Nemo
1113 3926 1292 3985 potest
1357 3919 1544 3980 venire
1602 3918 1669 3973 ad
1699 3935 1806 3990 me,
1859 3920 1962 3975 nisi
2018 3920 2181 3976 Pater

609 4019 760 4074 gneus
783 4006 876 4078 qui
907 4007 1052 4075 misit
1096 4023 1182 4072 me
1231 4011 1461 4065 traxerit
1493 4027 1619 4075 curn
1651 4011 1692 4067 ⁸.
1723 4031 1742 4066 ι
1781 4012 2038 4070 Gentium
2079 4029 2177 4082 po-

609 4099 829 4154 tentiam
881 4099 1241 4163 inducendam
1277 4102 1430 4170 dicit,
1479 4113 1536 4158 ut
1574 4118 1642 4159 ne
1672 4105 1817 4160 solos
1852 4119 1948 4162 eos
1978 4105 2179 4161 intellio

605 4205 721 4270 gas,
752 4200 809 4244 ut
839 4188 978 4257 dixi,
1013 4191 1106 4261 qui
1141 4192 1288 4247 tenui
1335 4203 1391 4248 et
1439 4194 1646 4266 abjecta
1681 4196 1992 4254 conditione
2023 4208 2173 4267 sunt,

602 4282 698 4336 sed
730 4295 824 4337 eos
849 4282 1036 4355 etiam,
1059 4281 1151 4358 qui
1195 4299 1316 4338 cum
1353 4294 1618 4356 potestate
1654 4297 1802 4356 sunt,
1840 4299 1895 4344 et
1921 4288 2091 4360 gloria
2119 4290 2174 4346 in

604 4375 707 4442 hac
766 4374 894 4439 vita,
934 4375 1275 4448 spectabiles.
1327 4376 1587 4447 Adiungit
1644 4395 1862 4450 porro:
1921 4381 2174 4439 «Gentes

2295 1913 2382 1966 ἀεὶ
2414 1911 2514 1975 τὰς
2559 1910 2731 1974 πύλας
2761 1907 3218 1978 ἀναπετασμένας
3261 1907 3511 1977 ἔχουσιν,
3543 1905 3660 1958 ἀλλ’
3700 1905 3779 1968 ὡς
3827 1907 3886 1960 ἐν

2294 2002 2470 2074 καιρῷ
2492 2003 2586 2057 καὶ
2605 2001 2783 2073 χρείᾳ,
2813 2001 2906 2054 καὶ
2925 2002 2982 2054 ὲν
3001 1999 3184 2072 ἡμέρᾳ
3207 1999 3381 2068 μόλις,
3408 1997 3504 2051 καὶ
3529 1999 3591 2050 οὑ
3621 1996 3749 2068 δίχα
3772 1996 3885 2050 δει-

2296 2095 2480 2166 μάτων
2501 2110 2515 2123 ·
2557 2093 2616 2146 αἱ
2639 2092 2696 2145 δὲ
2726 2092 2958 2146 είσάπαν
2978 2085 3403 2160 ’ἀπηλλαγμέναι
3436 2087 3533 2144 τοῦ
3569 2087 3887 2158 προσδοκᾷν

2291 2202 2342 2237 τι
2375 2182 2585 2237 τοιοῦτο
2625 2183 2914 2252 ὑπομεῖναι
2951 2180 3337 2251 ἀνευρύνονσιν
3386 2178 3558 2241 αὑτὰς
3620 2180 3735 2241 τοῖς
3764 2179 3882 2230 εἱσ-

2293 2274 2567 2340 6άλλουσι,
2595 2275 2699 2329 κᾶν
2731 2276 2779 2328 εξ
2807 2275 2866 2327 ἐν
2903 2273 3060 2328 νυκτὶ
3089 2271 3248 2326 τοῦτο
3278 2270 3448 2343 δρῶσί
3472 2287 3642 2333 τινες.
3674 2271 3739 2323 El
3767 2270 3878 2322 τοί-

2290 2385 2385 2422 νυν
2429 2369 2656 2443 εἰρήνην
2689 2367 2871 2430 αὐτοῖς
2897 2364 3292 2434 ἐπαγγέλλεται
3334 2361 3490 2426 Θεὸς,
3539 2363 3636 2416 καὶ
3673 2361 3878 2426 πλάτος

2291 2456 2610 2528 εὐημερίας,
2635 2455 2805 2526 ἤγουν
2832 2453 3194 2516 ἀδιαλείπτως
3219 2452 3372 2504 ἔσται
3401 2449 3512 2503 τῶν
3538 2449 3678 2520 πρὸς
3707 2447 3876 2518 αὑτὴν

2293 2553 2478 2604 ἰόντων
2516 2551 2550 2622 ἡ
2591 2547 2898 2619 συνδρομὴ,
2947 2546 3040 2599 καὶ
3091 2539 3202 2599 οἷον
3247 2540 3507 2615 διηνεκὴς
3550 2543 3588 2611 ἡ
3649 2540 3872 2603 εῖσοδος,

2289 2642 2597 2712 ἑλκομένων
2626 2640 2827 2712 τρόπον
2859 2637 2984 2692 τινὰ
3015 2636 3106 2691 διὰ
3131 2636 3230 2706 τῆς
3256 2635 3495 2696 πίστεως
3523 2633 3608 2694 εἰς
3641 2629 3873 2699 ἐπίγνω-

2291 2751 2374 2788 σιν
2405 2733 2499 2787 τοῦ
2522 2730 2783 2804 Χριστοῦ,
2809 2730 2952 2784 ὥστε
2971 2728 3148 2782 δοκεῖν
3169 2723 3511 2796 ἀνανεῶχθαι
3539 2723 3644 2787 τὰς
3677 2721 3872 2786 πύλας,

2288 2824 2383 2879 καὶ
2410 2824 2604 2895 καιρὸν
2635 2821 2735 2876 οὑκ
2767 2816 2908 2875 εἷναί
2952 2836 3095 2887 τινα,
3127 2818 3248 2874 καθ’
3277 2817 3336 2871 ὃν
3377 2816 3550 2879 αὑτὰς
3595 2815 3871 2869 κλείεσθαι

2287 2915 2510 2985 πρέπει,
2535 2913 2631 2968 καὶ
2659 2913 2779 2982 οὐχὶ
2810 2911 2990 2981 μόνοις
3023 2912 3134 2974 τοῖς
3163 2911 3222 2964 ὲν
3252 2909 3444 2976 ὑφέσει
3476 2906 3622 2978 βίου,
3646 2908 3750 2960 καὶ
3779 2907 3872 2960 ὑπὸ

2288 3005 2431 3076 ζυγὰ
2469 3005 2766 3076 βασιλείας,
2797 3003 2934 3058 ἀλλά
2968 3002 3078 3075 γὰρ
3105 3002 3202 3056 καὶ
3245 3002 3427 3065 αὑτοῖς
3461 3003 3577 3064 τοῖς
3620 2999 3685 3053 τὸ
3738 3001 3872 3053 κατὰ

2289 3099 2508 3153 πάντων
2553 3095 2738 3171 ἔχουσι
2780 3095 3002 3168 κράτος.
3038 3093 3262 3158 Ἔξεστι
3303 3091 3362 3146 δὲ
3395 3091 3487 3146 διὰ
3521 3095 3870 3162 πραγμάτων

2303 3191 2438 3245 ἰδεῖν
2480 3190 2580 3260 τῆς
2628 3186 2966 3260 προφητείας
2997 3183 3098 3256 τὴν
3147 3183 3374 3255 δύναμιν
3431 3181 3755 3254 κρατοῦσαν
3798 3183 3871 3243 εἰς

2285 3281 2464 3354 δεῦρο.
2491 3282 2716 3352 Δέχεται
2739 3278 2850 3348 γὰρ
2875 3278 2910 3349 ἡ
2938 3275 3236 3348 Ἐκκλησία
3274 3276 3416 3330 κατὰ
3452 3275 3637 3330 πάντα
3680 3275 3870 3346 καιρὸν

2283 3373 2411 3436 τοὺς
2438 3371 2715 3430 πιστεύειν
2753 3368 3056 3431 ἐθέλοντας,
3082 3366 3388 3420 ὲκκλείειδὲ
3410 3365 3547 3429 ὅλως
3575 3364 3748 3419 οὐδενὶ
3770 3365 3869 3436 τήν

2285 3464 2365 3527 εἰς
2400 3460 2560 3515 τοῦτο
2612 3459 2885 3532 σπουδήν·
2922 3457 3100 3522 ἔξεστι
3147 3457 3204 3510 δὲ
3237 3459 3349 3521 τοῖς
3395 3456 3637 3510 ἐθέλουσι
3689 3472 3870 3526 παρα-

2285 3550 2591 3616 ποδίζοντος
2620 3549 2870 3615 οὐδενὸς,
2920 3546 3042 3600 καθ’
3078 3546 3138 3600 ὃν
3177 3545 3244 3600 ἂν
3291 3544 3580 3615 βούλωνται
3627 3545 3869 3614 καιρὸν,

2285 3643 2420 3715 πρὸς
2453 3642 2514 3695 τὸ
2543 3642 2644 3713 τῆς
2679 3639 2920 3711 ἀληθοῦς
2959 3637 3286 3706 θεογνωσίας
3309 3635 3523 3706 ἄγεσθαι
3548 3633 3664 3702 σῶς
3687 3652 3702 3666 ·
3726 3636 3867 3703 ἄγει

2280 3736 2338 3790 δὲ
2368 3736 2612 3797 ἅπαντας
2636 3732 2770 3796 Θεὸς
2791 3732 2885 3786 καὶ
2908 3729 3099 3802 Πατὴρ
3136 3730 3215 3793 εἰς
3250 3729 3536 3798 ἐπίγνωσιν
3566 3724 3663 3779 τοῦ
3691 3726 3863 3790 Tini»,

2279 3827 2347 3880 δι’
2376 3821 2458 3894 οὑ,
2495 3826 2591 3879 καὶ
2636 3825 2695 3878 ὲν
2736 3817 2802 3892 ᾧ,
2839 3823 2934 3878 καὶ
2968 3821 3090 3893 μεθ’
3117 3815 3179 3876 οὑ
3215 3821 3514 3886 δοξάζεται.
3550 3817 3665 3874 Καὶ
3707 3817 3869 3870 τοῦτο

2279 3918 2443 3982 αὑτὸς
2485 3919 2616 3992 ἡμῖν
2663 3915 3113 3986 καταμεμήνυκε,
3144 3912 3339 3982 λέγων’
3367 3931 3388 3963 ι
3419 3910 3612 3974 Οὐδεὶς
3640 3909 3864 3963 δύναται

2279 4011 2454 4064 ἐλθεῖν
2484 4009 2620 4080 πρός
2653 4025 2741 4079 με,
2779 4007 2876 4059 ἐὰν
2907 4005 2984 4076 μὴ
3019 4007 3048 4059 ὁ
3081 4005 3271 4076 Πατήρ
3307 4021 3410 4075 μου
3451 4003 3481 4056 ό
3519 4001 3754 4074 πέμψας
3795 4018 3863 4072 με

2277 4101 2480 4173 ἑλκύσῃ
2518 4097 2699 4153 αὑτόν.
2725 4115 2744 4150 ι
2802 4095 3000 4150 Ἐθνῶν
3057 4095 3115 4148 δὲ
3156 4091 3388 4166 δύναμιν
3434 4091 3862 4162 εἰσαχθήσεσθαί

2277 4209 2463 4264 φησιν,
2503 4191 2591 4244 ἵνα
2621 4188 2696 4260 μὴ
2725 4188 2920 4259 μόνους
2960 4186 3171 4256 ὲννοῇς,
3191 4185 3266 4249 ὡς
3295 4185 3454 4256 ἔφην,
3480 4185 3610 4247 τοὺς
3644 4185 3707 4237 ὲν
3739 4202 3859 4255 σμεο

2275 4283 2499 4356 κρότητί
2527 4298 2587 4335 τε
2632 4282 2727 4334 καὶ
2755 4280 2813 4332 ἐν
2837 4278 3048 4350 ὑφέσει,
3077 4278 3210 4333 ἀλλά
3233 4277 3344 4349 γὰρ
3373 4277 3472 4331 καὶ
3501 4277 3708 4341 αὑτοὺς
3739 4278 3859 4340 τοὺς

2275 4377 2334 4429 ἐν
2361 4375 2610 4446 δυνάμει,
2631 4374 2726 4426 καὶ
2758 4372 2886 4444 δόξῃ
2914 4374 2980 4444 τῇ
3021 4370 3162 4425 κατά
3197 4371 3349 4425 τόνδε
3379 4371 3474 4424 τὸν
3510 4370 3645 4450 βίον.
3688 4372 3859 4441 Προσ-

602 4474 657 4533 et
685 4479 837 4535 reges
876 4467 967 4536 qui
1016 4482 1121 4534 non
1160 4470 1399 4524 servient
1437 4471 1556 4538 tibi,
1590 4474 1862 4542 peribunt,
1894 4484 1948 4530 et
1988 4486 2173 4534 vasta—

2288 4467 2471 4536 επάγει
2523 4466 2582 4519 δὲ
2609 4467 2712 4530 ὅτι,
2754 4483 2772 4515 ι
2804 4462 2912 4516 Καὶ
2944 4462 3094 4533 ἔθνη,
3129 4461 3224 4516 καὶ
3267 4463 3317 4514 οἱ
3359 4460 3623 4530 βασιλεῖς,
3664 4462 3856 4524 οἵτινες

603 4563 870 4613 buntur.)
918 4558 1166 4629 lulldeles
1211 4561 1355 4626 enim
1402 4572 1457 4618 et
1493 4579 1524 4618 a
1572 4567 1845 4639 mysteriis
1893 4567 2077 4634 alieni,
2117 4577 2174 4624 et

602 4649 790 4718 salutis
823 4665 945 4720 quae
984 4666 1080 4721 per
1123 4651 1400 4719 Christum
1444 4665 1527 4720 est
1556 4672 1662 4711 non
1700 4659 2010 4730 participes,
2056 4661 2174 4718 sive

602 4742 675 4808 illi
705 4741 812 4796 sint
836 4741 1096 4816 illustres,
1130 4743 1244 4799 sive
1271 4745 1506 4816 obscuri,
1535 4747 1586 4801 in
1622 4746 1942 4817 profundum
1973 4749 2170 4808 inferni

600 4835 734 4889 etin
782 4835 972 4890 mortis
999 4835 1250 4904 laqueum
1297 4838 1554 4897 incident.
1605 4841 1985 4905 Immorieulnr
2025 4845 2171 4902 enim

599 4927 839 5006 peccatis
884 4927 1024 4995 suis,
1062 4938 1120 4984 et
1163 4943 1378 5002 poenam
1423 4932 1663 4998 ninnium
1696 4942 1994 4998 extremam
2042 4936 2171 4994 sub-

603 5019 781 5086 ibunL

673 5187 838 5244 Vsus.
879 5189 966 5245 l3.
1012 5187 1075 5243 Et
1108 5190 1276 5260 gloria
1315 5191 1504 5254 Libani
1543 5193 1614 5247 ad
1651 5205 1700 5248 te
1740 5195 1946 5262 veniet;
1976 5196 2032 5250 in
2081 5212 2170 5276 cy-

2273 4559 2335 4612 οὑ
2362 4557 2704 4612 δουλεύσουσί
2722 4573 2824 4620 σοι,
2849 4553 3192 4618 ἀπολοῦνται,
3220 4554 3315 4607 καὶ
3335 4552 3811 4624 ὲρημωθήσονται.
3832 4570 3851 4603 ι

2275 4653 2337 4706 Οἱ
2367 4651 2475 4726 γὰρ
2529 4651 2778 4713 ἄπιστοι,
2825 4649 2920 4703 καὶ
2965 4643 3458 4718 ἁμυσταγώγητοι,
3497 4646 3592 4698 καὶ
3633 4645 3739 4715 τῆς
3771 4642 3855 4697 διὰ

2279 4741 2516 4814 Χριστοῦ
2552 4741 2824 4814 σωτηρίας
2851 4741 3132 4812 ἀμέτοχοι,
3155 4739 3260 4794 κᾶν
3293 4739 3405 4792 εἴτε
3430 4739 3578 4801 τινὲς
3615 4733 3732 4790 εἷεν
3751 4737 3854 4790 τῶν

2279 4832 2614 4907 περιφανῶν,
2635 4834 2747 4886 εἴτε
2771 4832 2882 4887 τῶν
2909 4831 3287 4904 ἀσημοτέρων,
3307 4832 3388 4895 εἰς
3410 4830 3685 4901 πέταυρον
3705 4827 3849 4899 ᾅδου,

2278 4925 2372 4979 καὶ
2393 4925 2474 4988 εις
2501 4923 2701 4993 παγῖδα
2723 4922 2955 4978 θανάτου
2979 4922 3290 4976 πεσοῦνται·
3316 4919 3727 4991 ὲντεθνήξονται
3749 4919 3853 4987 γὰρ

2275 5015 2396 5078 ταῖς
2445 5013 2653 5067 ἑαυτῶν
2700 5012 3020 5084 ἁμαρτίαις,
3066 5011 3160 5065 καὶ
3205 5011 3306 5080 την
3347 5009 3574 5063 ἁπασῶν
3614 5007 3850 5078 ἐσχάτην

2279 5105 2610 5178 ὑπομενοῦσι
2639 5105 2818 5176 δίκην.

2345 5197 2457 5252 Καὶ
2479 5197 2519 5265 ἠ
2543 5196 2694 5262 δόξα
2715 5196 2824 5251 τοῦ
2842 5195 3100 5252 Λιϐάνου
3124 5193 3276 5264 πρὸς
3305 5193 3382 5248 σὲ
3400 5191 3533 5261 ἣξει
3557 5192 3629 5245 ἐν
3655 5207 3846 5246 κυπα-

597 5283 805 5350 parisso
831 5293 878 5337 et
901 5283 1029 5352 pinu
1054 5293 1101 5338 et
1127 5283 1303 5350 cedro,
1344 5294 1399 5338 ut
1434 5284 1758 5356 gloriﬁcetnr
1780 5287 1928 5343 locus
1959 5299 2172 5344 sanctus

2288 5287 2492 5356 οισσῳ,
2521 5289 2623 5343 καὶ
2663 5288 2876 5357 πεύκη,
2908 5286 3008 5342 και
3045 5285 3254 5356 κέδρῳ,
3298 5285 3419 5357 ἅμα
3449 5283 3712 5350 δοξάσαι
3740 5281 3848 5335 τὸν

597 5387 743 5428 meus
749 5412 764 5426 .

667 5462 823 5519 Ilons
848 5475 927 5521 est
950 5465 1241 5534 thnicia
1267 5469 1528 5539 Libanus,
1559 5472 1760 5539 cedris,
1795 5473 2089 5544 cyparissis
2113 5483 2169 5530 et

599 5553 724 5631 pinu
772 5559 1009 5623 densus,
1061 5567 1114 5615 et
1153 5559 1283 5637 ipsis
1334 5563 1507 5619 thuris
1557 5563 1863 5621 arboribus.
1918 5562 2165 5631 Admira-

669 5732 689 5770 ’
719 5730 876 5790 Joan.
903 5750 974 5797 νι,
1017 5735 1104 5796 44.

2275 5377 2462 5432 τόπον
2479 5377 2587 5432 τὸν
2609 5377 2780 5447 ἅγιόν
2806 5393 2946 5446 μου.

2349 5473 2513 5543 Ὅρος
2538 5468 2656 5524 ἐστὶ
2677 5469 2775 5540 τῆς
2800 5468 3053 5538 Φοινίκης
3076 5468 3106 5520 ὁ
3130 5465 3379 5533 Λίϐανος,
3411 5465 3624 5537 κέδροις
3640 5481 3704 5517 τε
3751 5462 3851 5515 καὶ

2277 5562 2656 5637 κυπαρίσσοις,
2705 5559 2798 5616 καὶ
2835 5558 3013 5631 πεύκη
3050 5558 3397 5628 κατάκομον,
3431 5555 3525 5611 καὶ
3577 5554 3756 5617 αὐτοῖς
3789 5549 3846 5603 δὲ
