4134 6302
382 388 515 444 ίΰῦἹ

1479 383 1564 453 (IN
1595 383 1824 440 ISAIAM
1868 384 1973 440 LIB
2033 385 2092 440 γ.
2120 383 2356 442 Τοιιυδ
2396 378 2483 440 ιν.

3493 387 3630 444 1538

381 505 492 566 τοίς
550 500 646 556 τοῦ
696 501 928 557 Λιϐάνου
985 503 1190 569 φυτοῖς.
1234 500 1582 571 Θαυμάζεται
1627 501 1684 554 δὲ
1742 501 1948 572 ταύτης

2065 503 2182 558 tioni
2216 511 2397 557 autem
2428 502 2658 558 habetur
2695 499 2864 573 85,9
2890 501 2990 555 hac
3034 500 3102 556 de
3141 515 3304 556 causa
3346 502 3435 558 hic
3473 518 3630 559 mons

382 597 545 650 ἓνεκα
582 597 680 668 τῆς
711 596 890 658 αίτίας
919 595 979 648 τὸ
1015 594 1384 666 μνημονευθὲν
1416 595 1562 667 ὅρος,
1595 595 1670 658 ὡς
1713 595 1958 666 ἀφθονω-

385 686 552 756 τάτην
582 684 704 754 ἕχον
731 685 831 756 τήν
870 683 1021 754 ὕλην,
1060 683 1155 737 καὶ
1181 682 1420 755 δένδρεσι
1453 687 1563 748 τοῖς
1615 685 1958 756 εὐμηκεστά-

385 793 519 840 τοις,
551 775 646 829 καὶ
677 773 1058 845 εὐοσμοτάτοις
1091 774 1517 828 καταπλουτοῦν.
1543 775 1692 846 Δῦτη
1716 777 1895 830 τοίνυν
1922 778 1956 847 ή

384 866 511 931 δόξα
530 866 809 937 δοθήσεται
847 881 950 929 σοι,
975 864 1130 935 φησι,
1159 865 1364 936 νοητῶς
1383 865 1646 936 δηλονότι,
1671 866 1765 920 καὶ¹
1789 883 1955 920 πνευο

389 956 653 1026 ματικῶς.
677 954 874 1026 Τρέφει
906 953 1013 1026 γὰρ
1036 956 1070 1024 ή
1119 953 1415 1025 Ἐκκλησία
1435 954 1672 1025 Χριστοῦ
1701 955 1958 1020 πλείστας

386 1064 444 1100 τε
491 1047 622 1108 ὅσας
643 1086 658 1110 ,
703 1045 798 1098 καὶ
851 1044 1168 1116 εὐδοκίμους
1211 1044 1384 1114 ἁγίων
1438 1043 1680 1114 κεφαλὰς
1732 1043 1866 1115 ὑψοῦ
1898 1062 1959 1098 τε

385 1136 629 1207 ἡρμένας
667 1136 727 1201 ἐξ
750 1136 988 1207 ἀρετῶν,
1027 1137 1116 1190 ναὶ
1142 1136 1258 1208 μὴν
1282 1136 1375 1191 καὶ
1409 1135 1798 1207 εὑοσμοτάτας.
1826 1137 1959 1208 Χρι-

389 1229 510 1282 στὸν
531 1227 639 1298 γὰρ
665 1227 1029 1292 εὑῶιὰζουσιν
1050 1242 1064 1257 ⁶
1103 1228 1278 1284 ἔνεστι
1313 1228 1370 1282 δὲ
1396 1229 1579 1293 αὐτοῖς
1607 1227 1703 1280 καὶ
1733 1227 1794 1280 τὸ
1815 1227 1960 1298 πέρα

385 1315 598 1369 κεῖσθαι
629 1315 838 1388 φθορᾶς
871 1317 970 1386 τῆς
1003 1318 1068 1370 ὲκ
1100 1319 1448 1388 φρονήματος
1476 1315 1762 1388 σαρκικοῦ,
1789 1316 1959 1370 καθά-

388 1423 491 1474 περ
536 1405 728 1476 ἀμέλει
762 1406 857 1462 καὶ
914 1407 978 1460 τὸ
1029 1408 1104 1479 μὴ
1153 1408 1470 1481 φθείρεσθαι
1519 1408 1700 1482 πεύκῃ
1748 1425 1810 1462 τε
1865 1408 1960 1462 καὶ

389 1497 586 1567 κέδρῳ.
625 1497 784 1562 Ἔθος
815 1498 873 1553 δὲ
895 1502 962 1570 τῇ
996 1500 1338 1571 θεοπνεύστῳ
1366 1501 1556 1572 Γραφῇ
1593 1503 1708 1564 τοῖς
1734 1499 1957 1555 τοιοῖσδε

386 1588 494 1640 τῶν
527 1589 706 1655 φυτῶν
732 1589 1027 1659 ἀφομοιοῦν
1058 1589 1170 1643 ἔσθ’
1204 1591 1293 1644 ὅτε
1329 1592 1428 1661 τὴν
1466 1591 1578 1644 τῶν
1614 1590 1788 1660 ἁγίων
1818 1590 1958 1660 πλη-

389 1677 506 1741 θῦν,
526 1679 621 1732 καὶ
641 1678 772 1747 γοῦν
795 1680 897 1752 ἔφη
926 1699 1030 1735 που
1053 1682 1213 1736 πάλιν
1239 1681 1370 1745 Θεὸς
1391 1682 1481 1736 διὰ
1507 1685 1691 1754 φωνῆς
1711 1681 1957 1735 Ἡσαΐου·

395 1787 412 1818 ι
437 1768 548 1820 Καὶ
588 1770 798 1840 ποιήσω
828 1769 970 1842 ὕδωρ
1004 1770 1062 1824 ἐν
1089 1774 1156 1842 τῇ
1185 1771 1396 1842 ὲρήμῳ,
1426 1768 1521 1825 καί
1563 1773 1622 1825 ἐν
1650 1773 1716 1841 τῇ
1746 1771 1960 1842 ἀνύδρῳ

390 1859 689 1928 ποταμούς.
729 1860 891 1930 Θήσω
931 1862 1014 1924 είς
1044 1861 1144 1932 τὴν
1188 1860 1417 1931 ἄνυδρον
1462 1862 1566 1933 γῆν
1602 1862 1821 1933 κέδρον,
1869 1863 1964 1915 καὶ¹
1993 1845 2036 1900 Β

390 1949 577 2015 πύξον,
601 1951 695 2004 καὶ
730 1952 1020 2022 μυρσίνην,
1049 1955 1146 2006 καὶ
1179 1952 1537 2022 κυπάρισσον,
1563 1952 1657 2006 καὶ
1693 1951 1916 2022 λεύκην.
1939 1969 1957 2002 ι

387 2040 461 2110 Γῇ
493 2041 590 2110 μὲν
610 2041 718 2112 γὰρ
743 2039 884 2113 ξηρᾷ
901 2058 962 2094 τε
994 2042 1088 2096 καὶ
1106 2041 1316 2113 ἀνύδρῳ
1345 2041 1671 2112 παρεικάζει
1701 2041 1770 2094 τὰ
1799 2039 1926 2112 ῐθνη
1944 2059 1958 2070 ·

387 2132 447 2186 οὑ
476 2132 584 2204 γὰρ
613 2129 680 2204 ἦν
719 2135 851 2205 παρ’
875 2134 1058 2198 αὐτοῖς
1083 2133 1225 2197 θεῖος
1249 2133 1406 2202 λόγος
1440 2136 1468 2187 ὁ
1493 2134 1776 2197 ζωοποιεῖν
1803 2131 1963 2186 δυνά-

390 2243 569 2295 μενος,
601 2225 694 2280 καὶ
716 2227 795 2290 είς
823 2224 1051 2296 αὔξησιν
1073 2225 1366 2294 ἀναφέρειν
1398 2223 1497 2295 τὴν
1531 2226 1589 2278 ὲν
1617 2222 1868 2294 εὐσεϐείᾳ
1903 2240 1964 2275 τε

388 2319 481 2371 καὶ
503 2315 702 2387 γνώσει
726 2317 884 2384 Θεοῦ,
915 2317 1052 2372 ἀλλὰ
1081 2319 1341 2387 γεγόνασι
1376 2317 1506 2387 παρ’
1535 2314 1732 2380 αὐτοῖς’
1750 2317 1964 2388 κέδρος,

389 2411 481 2463 καὶ
505 2408 673 2474 πύξος
704 2411 802 2464 καὶ
835 2411 1092 2482 μυρσίνη,
1133 2409 1227 2464 καὶ
1259 2411 1622 2481 κυπάρισσος.
1653 2410 1746 2464 καὶ
1771 2408 1960 2480 λεύκη,

388 2501 684 2567 τουτέστιν,
715 2501 933 2572 εὐμήκη
959 2519 1020 2554 τε
1051 2503 1144 2555 καὶ
1178 2500 1488 2569 ἁξιάγαστα
1517 2500 1682 2571 φυτὰ,
1705 2494 1782 2555 ὧν
1813 2499 1908 2554 καὶ
1935 2500 1964 2551 ὁ

391 2593 675 2657 Θεσπέσιος
715 2593 969 2665 Μελῳδὸς
1005 2593 1425 2664 διαμνημονεύει
1484 2593 1676 2662 λέγων·
1714 2611 1733 2644 ι
1768 2594 1964 2662 "Apto;

393 2685 618 2756 καρδίαν
640 2684 929 2758 ἀνθρώπου
956 2685 1222 2757 στηρίξει,
1247 2685 1708 2758 χορτασθήσονται
1740 2684 1811 2738 τὰ
1834 2683 1966 2751 ξύλα

388 2778 486 2832 τοῦ
521 2778 727 2846 πεδίου,
761 2779 854 2833 καὶ
891 2781 947 2832 αἱ
980 2779 1162 2852 κέδροι
1198 2778 1292 2832 τοῦ
1342 2779 1601 2842 Λιϐάνου,
1637 2777 1704 2842 ἃς
1736 2776 1965 2846 ἐφύτευ-

393 2885 514 2932 σας.
546 2887 566 2920 ι
613 2869 702 2932 Ὦς
739 2870 850 2941 γὰρ
881 2871 910 2922 ὁ
947 2869 1222 2938 πάνσοφος
1257 2869 1462 2940 γράφει
1505 2868 1738 2940 Παῦλος,
1778 2887 1797 2920 ι
1826 2866 1964 2922 Θεοῦ

389 2959 658 3031 γεώργιον
685 2962 870 3032 ἐσμεν.
894 2981 913 3014 ι
944 2961 1092 3033 Αὕτη
1122 2961 1300 3016 τοίνυν
1338 2965 1372 3033 ή
1411 2961 1538 3027 δόξα
1564 2960 1662 3015 τοῦ
1706 2960 1962 3025 Λιϐάνου,

391 3053 546 3124 φησὶ,
597 3053 884 3124 δοθήσεται
928 3071 1030 3120 σοι,
1066 3055 1366 3118 τουτέστιν,
1403 3054 1615 3126 ὁφθήση
1651 3051 1963 3122 κατάνομος

2060 614 2218 669 quem
2268 595 2849 660 commemoravimus,
2901 603 2960 649 ut
3009 595 3099 663 qui
3154 596 3444 650 maximam
3495 595 3627 668 ligni

2058 693 2166 744 vim
2195 687 2410 752 habeat,
2448 688 2794 757 abundetque
2839 687 3125 742 arboribus
3151 687 3551 756 procerissimis
3575 697 3632 744 et

2061 779 2519 851 fragrantissimis.
2573 777 2696 832 llaec
2746 776 2913 847 igitur
2941 778 3134 848 gloria,
3178 777 3374 848 inquit,
3416 778 3632 834 dabitur

2061 873 2192 939 tibi,
2245 869 2654 942 intelligibiliter
2691 867 2899 924 scilicet
2949 875 3006 922 et
3047 866 3422 936 spiritualiter.
3455 866 3634 921 Nutrit

2059 965 2205 1020 enim
2235 962 2474 1019 Ecclesia
2501 960 2703 1017 Christi
2735 959 2962 1029 plurima
2991 967 3044 1013 ct
3075 959 3303 1015 illustria
3319 969 3628 1015 sanctorum

2058 1056 2271 1125 capita,
2323 1063 2436 1110 tum
2477 1051 2726 1108 sublimia
2776 1051 3011 1115 virtute,
3062 1059 3172 1103 mm
3220 1048 3627 1104 odoratissima.

2060 1144 2282 1216 Spirant
2315 1146 2460 1201 enim
2489 1145 2730 1199 suaviter
2755 1140 3054 1197 Christum.
3087 1139 3257 1196 Adest
3285 1139 3391 1195 illis
3417 1155 3632 1211 quoque

2060 1233 2185 1296 hoc,
2220 1242 2277 1286 ut
2311 1232 2438 1286 nulli
2474 1231 2585 1286 sint
2622 1229 2859 1286 carnalis
2899 1228 3126 1284 aﬁ'ectus
3176 1228 3510 1298 corruptioni
3535 1229 3632 1283 ob-

2061 1325 2226 1391 noxii,
2282 1325 2354 1379 ita
2405 1334 2463 1378 ut
2508 1324 2668 1393 pinus
2717 1333 2774 1377 et
2813 1323 3006 1377 cedrus
3050 1338 3157 1377 non
3193 1330 3631 1391 corrumpuntur.

2061 1416 2211 1471 Solet
2234 1425 2411 1470 autem
2433 1415 2716 1486 Scriptura
2737 1415 2998 1470 divinitus
3015 1415 3300 1484 inspirata,
3325 1413 3631 1483 hujusmodi

2060 1506 2348 1561 arboribus
2393 1519 2780 1574 nonnunquam
2839 1505 3140 1558 assimilare
3166 1513 3476 1559 sanctorum
3505 1503 3637 1557 mul-

2061 1598 2368 1652 titudinem.
2427 1593 2705 1664 Siquidem
2735 1609 2920 1649 rursus
2942 1594 3076 1648 dixit
3111 1609 3240 1650 voce
3273 1592 3428 1649 Isaiae
3447 1592 3592 1648 Deus
3619 1611 3631 1646 :

2067 1707 2086 1740 ε
2114 1689 2180 1744 Et
2211 1689 2505 1760 producam
2525 1701 2721 1756 aquam
2746 1686 2798 1740 in
2830 1685 3142 1751 solitudine,
3175 1686 3306 1740 etin
3343 1685 3460 1739 loco
3483 1685 3638 1752 aquis

2061 1790 2284 1836 careate
2333 1778 2574 1833 ﬂumina.
2627 1776 2832 1832 Ponam
2883 1778 2938 1832 in
2987 1786 3131 1832 terra
3185 1777 3340 1847 aquis
3393 1785 3636 1839 carentc,

2063 1870 2309 1936 cedrum,
2329 1870 2551 1935 buxum,
2570 1869 3173 1939 myrtum,cyparissum
3202 1877 3258 1924 et
3281 1868 3536 1939 pupulum
3556 1867 3633 1922 ⁷.»

2064 1960 2197 2015 Cum
2221 1969 2364 2014 terra
2399 1961 2543 2015 enim
2569 1960 2719 2014 arida
2754 1970 2810 2014 et
2838 1959 2992 2030 aquis
3015 1970 3234 2015 carente
3263 1971 3452 2030 gentes
3480 1974 3637 2014 com-

2061 2060 2236 2120 parat.
2265 2049 2381 2104 Non
2412 2049 2557 2104 enim
2591 2049 2690 2104 l'uit
2716 2051 2856 2120 apud
2908 2066 3002 2106 eas
3045 2066 3227 2107 sermo
3273 2051 3508 2112 divinus.
3545 2053 3637 2120 qui

2063 2141 2337 2196 vivilicare
2384 2150 2580 2210 potest,
2629 2151 2684 2195 et
2731 2141 2797 2196 ad
2847 2143 3066 2212 pietatis
3108 2151 3302 2197 auctus
3343 2158 3405 2196 ac
3463 2143 3642 2199 incre-

2066 2242 2304 2287 mentum
2345 2234 2396 2286 iu
2442 2233 2753 2303 cognitione
2805 2233 2898 2288 Dei
2955 2235 3244 2291 adducere.
3285 2234 3391 2289 Sed
3426 2233 3642 2289 fuerunt

2067 2327 2209 2395 apud
2246 2325 2365 2380 illas
2398 2326 2593 2380 cedrus
2621 2333 2676 2380 et
2706 2325 2881 2379 buxus
2915 2336 2968 2380 et
3001 2334 3212 2394 myrtus
3239 2333 3296 2379 et
3329 2326 3642 2395 cyparissus

2067 2428 2130 2466 ac
2157 2411 2404 2482 populus,
2429 2413 2480 2467 id
2515 2422 2616 2478 est,
2646 2413 2872 2468 arbores
2893 2413 3054 2467 ~bene
3101 2429 3338 2482 procera:
3375 2423 3428 2466 et
3475 2413 3642 2467 mira-

2066 2502 2221 2558 biles.
2277 2504 2515 2569 Quarum
2576 2504 2740 2558 etiam
2812 2505 3060 2558 meminit
3117 2504 3333 2558 divinus
3394 2503 3637 2567 Psaltes,

2065 2596 2249 2660 dicens
2281 2614 2296 2649 :
2335 2614 2354 2647 ι
2380 2594 2542 2652 Panis
2565 2611 2658 2650 cor
2686 2596 2924 2651 hominis
2955 2599 3176 2652 roborat
3203 2613 3217 2663 ;
3251 2598 3640 2650 saturahuntur

2066 2689 2206 2759 ligna
2236 2689 2435 2757 campi,
2468 2698 2524 2742 et
2545 2687 2690 2742 cedri
2717 2687 2908 2744 Libani
2939 2704 3074 2758 quas
3104 2689 3408 2758 plantasti‘.
3437 2707 3455 2740 ι
3483 2687 3638 2754 Nam,

2065 2790 2124 2835 ut
2169 2779 2606 2851 sapientissimus
2653 2778 2848 2834 Paulus
2873 2780 3108 2834 scribit:
3141 2798 3158 2829 ι
3187 2779 3278 2834 Dei
3314 2779 3639 2848 agricultura

2065 2888 2252 2928 smnus
2271 2872 2313 2926 ’.
2344 2890 2363 2924 ι
2403 2871 2525 2926 Haec
2545 2871 2726 2940 igitur,
2775 2871 2967 2941 inquit,
2999 2872 3168 2939 gloria
3199 2871 3388 2925 Libani
3423 2871 3642 2924 dabiltlt‘

2067 2965 2184 3027 tibi,
2206 2964 2257 3018 id
2281 2974 2386 3029 est,
2418 2962 2636 3017 ﬂorebis
2665 2962 2850 3016 multis
2881 2973 2936 3016 et
2966 2961 3297 3016 admirandis
3329 2969 3639 3015 sanctorum

2065 3053 2334 3124 capitibus
2384 3053 2644 3108 refertus.
2693 3055 2809 3107 Erit
2849 3064 3030 3108 autem
3083 3055 3207 3118 hoc,
3254 3062 3309 3106 ut
3354 3053 3641 3106 decoretur

390 3147 612 3211 πολλαῖς
658 3147 752 3201 καὶ
778 3147 1255 3218 τεθαυμασμέναις
1283 3147 1452 3216 ἁγίων
1476 3147 1962 3215 κεφαλαῖς.Ἐσται

2068 3147 2217 3200 locus
2247 3155 2469 3199 sanctus
2516 3159 2685 3198 meus.
2734 3145 2906 3199 Decus
2939 3145 3086 3198 enim
3125 3144 3485 3200 Ecclesiarum
3517 3153 3641 3198 sunt

387 3239 446 3291 δὲ
472 3239 651 3304 10610,
678 3237 819 3292 ὥστε
856 3216 1175 3309 δοξασθιίψαι
1215 3238 1306 3291 τὸν
1332 3239 1499 3292 τόπον
1532 3237 1624 3290 τὸν
1652 3236 1806 3305 ἅγιόν
1834 3253 1956 3307 μου.

2067 3236 2118 3290 hi
2171 3236 2262 3304 qui
2291 3237 2356 3288 ad
2390 3237 2646 3288 virtutum
2697 3235 3000 3290 celsitatem
3042 3235 3422 3295 ascenderunt.
3462 3243 3512 3288 et
3549 3235 3640 3301 qni

388 3328 666 3400 Καύχημα
699 3329 800 3400 μὲν
840 3328 952 3400 γὰρ
1001 3327 1338 3400 Ἐκκλησιῶν
1363 3329 1412 3380 οἱ
1442 3330 1554 3392 τοῐς
1595 3328 1704 3380 τῶν
1751 3327 1962 3398 ἀρετῶν

389 3418 678 3492 ί-ψὼμασιν
711 3420 1102 3492 ἐμϐεϐηκότες,
1151 3421 1247 3475 καὶ
1278 3420 1556 3491 χθαμαλὸν
1589 3420 1762 3483 οὐδὲν,
1792 3419 1962 3489 ήγουν

387 3512 596 3582 γήϊνον,
642 3512 738 3567 καὶ
787 3515 1154 3587 χαμαιρῤιφὴς
1200 3513 1415 3585 ἔχοντες
1457 3515 1538 3576 είς
1575 3512 1700 3566 νοῦν
1727 3511 1815 3565 διὰ
1868 3511 1961 3564 τοῦ

389 3607 604 3675 φρονεῖν
627 3605 697 3660 τὰ
730 3606 952 3677 σαρκὸς,
981 3607 1234 3670 ἄττοντες
1261 3607 1316 3660 δὲ
1357 3605 1561 3676 μᾶλλον
1584 3603 1744 3674 ὑψοῦ,
1768 3604 1863 3657 καὶ
1893 3603 1963 3657 τὰ

389 3695 502 3748 ἄνω
521 3696 862 3766 φρονοῦντες,
886 3699 978 3750 καὶ
1007 3692 1117 3750 οἷον
1136 3697 1537 3766 ἀποφοιτῶντες
1575 3697 1672 3767 τῆς
1703 3695 1829 3766 γῆς,
1869 3695 1964 3748 καὶ

393 3784 818 3854 περιπατοῦντες
849 3787 948 3855 μὲν
985 3787 1071 3839 ἐπ’
1103 3788 1294 3857 αὐτῆς,
1329 3788 1441 3841 ἄνω
1475 3789 1534 3840 δὲ
1573 3788 1667 3840 καὶ
1703 3791 1761 3840 ὲν
1796 3789 1962 3858 οὐρα-

393 3877 502 3935 νοῖς
530 3874 746 3946 ἔχοντες
782 3876 843 3930 τὸ
871 3877 1190 3948 πολίτευμα.

465 3969 571 4022 Καὶ
595 3968 990 4037 πορεύσονται
1014 3969 1163 4037 πρὸς
1182 3968 1258 4023 σὲ
1279 3968 1613 4037 δεδοικότες
1633 3973 1685 4026 al
1705 3975 1820 4026 υἱοὶ
1848 3972 1967 4027 τῶν

393 4057 890 4117 ταπεινωσάντων
924 4076 1017 4127 σε,
1056 4061 1155 4115 καί
1206 4062 1678 4130 παροξυνάντων
1719 4081 1813 4128 σε,
1868 4067 1965 4120 καὶ

392 4153 673 4222 κληθήσῃ
693 4155 870 4221 πόλις
887 4155 1109 4223 Κυρίου
1131 4154 1286 4210 Σιὼν
1314 4156 1488 4226 ἀγίσυ
1521 4156 1789 4224 Ἰσραήλ.

461 4247 602 4300 Αὐτὸ
628 4245 736 4302 τῶν
765 4249 1104 4318 πραγμάτων
1135 4247 1197 4302 τὸ
1223 4248 1397 4319 πέρας
1425 4247 1783 4303 διαδείκνυσιν
1810 4251 1967 4321 ἀκρι-

390 4339 499 4404 ϐῶς
525 4341 622 4411 τῆς
651 4340 986 4412 προφητείας
1008 4340 1108 4412 τήν
1130 4340 1382 4409 δύναμιν,
1416 4340 1517 4393 οὐκ
1545 4339 1650 4406 ἔξω
1679 4340 1967 4410 βαίνουσαν

384 4429 438 4484 τ’
464 4429 718 4502 ἀληθοῦςο
752 4431 1270 4503 ὲμπαροινησαμένη
1291 4430 1400 4502 γὰρ
1421 4430 1498 4501 τῷ
1514 4431 1733 4485 πάντων
1757 4432 1967 4503 Σωτῆρι

2063 3325 2198 3380 nihil
2223 3326 2419 3379 habent
2447 3324 2500 3379 in
2527 3334 2704 3379 mente
2735 3333 3009 3378 terrenum
3034 3333 3088 3378 et
3113 3323 3342 3388 humile,
3385 3337 3483 3376 nec
3521 3337 3641 3390 qum

2064 3417 2246 3473 carnis
2277 3427 2402 3472 sunt
2426 3417 2677 3486 sapiunt;
2727 3417 2820 3470 sed
2849 3416 2939 3485 qui
2977 3414 3142 3468 altum
3178 3424 3385 3483 petunt,
3431 3424 3484 3468 et
3524 3427 3640 3476 qua’

2065 3525 2226 3579 supra
2253 3520 2377 3565 sunt
2404 3510 2643 3577 sapiunt,
2668 3517 2721 3562 et
2750 3507 2898 3560 velut
2917 3522 2948 3560 e
2977 3516 3118 3560 terra
3149 3507 3432 3570 secedunt,
3475 3522 3539 3559 ac
3590 3505 3640 3557 in

2066 3601 2315 3671 supernis
2345 3601 2621 3656 ambulant
2646 3600 2715 3665 ¹⁰,
2749 3599 2802 3654 in
2847 3597 3001 3654 cmlis
3046 3600 3304 3653 habentes
3352 3613 3638 3652 conversa-

2067 3690 2266 3742 tionem
2293 3687 2354 3740 ".

2141 3974 2304 4028 Vens.
2344 3974 2429 4033 lsi.
2475 3973 2542 4026 Et
2575 3975 2720 4027 ibunt
2751 3975 2821 4027 ad
2847 3983 2898 4027 te
2933 3973 3169 4028 timentes
3197 3974 3300 4041 ﬁlii
3336 3989 3516 4025 eorum
3551 3973 3639 4040 qui

2067 4068 2317 4120 humilem
2351 4077 2398 4121 te
2424 4066 2786 4132 reddiderunt,
2815 4075 2861 4119 et
2887 4067 3315 4129 concitaverunt;
3347 4064 3638 4119 vocaberis-

2067 4176 2165 4228 que
2190 4160 2376 4213 civitas
2404 4159 2619 4212 Domini
2653 4159 2786 4214 Sion
2815 4159 2986 4212 sancti
3013 4156 3204 4214 Israel.

2143 4253 2341 4307 Rerum
2370 4250 2553 4307 exitus
2593 4250 2726 4305 satis
2749 4250 2971 4316 indicat,
3001 4251 3299 4321 prephetiie
3323 4250 3427 4303 vim
3453 4263 3480 4301 a
3509 4263 3637 4302 vero

2071 4358 2176 4396 non
2226 4342 2465 4396 deviare.
2512 4341 2780 4396 Bacchata
2826 4344 2972 4396 enim
3032 4340 3234 4396 furiose
3289 4340 3341 4393 in
3395 4339 3636 4393 omnium

2071 4435 2413 4491 Servatorem
2441 4432 2717 4489 Christum
2743 4432 3040 4488 Jerusalem
3061 4431 3228 4504 850
3249 4432 3471 4486 humilis
3497 4429 3636 4484 facta

389 4519 544 4591 ἡμῶν
585 4519 760 4592 Ἰησοῦ
789 4519 1010 4592 Χριστῷ
1038 4519 1266 4589 ταπεινὴ
1295 4517 1514 4588 γέγονεν
1549 4519 1581 4590 ή
1613 4517 1962 4590 Ἰερουσαλὴμ

2070 4534 2174 4591 est,
2212 4539 2241 4579 a
2276 4524 2658 4594 conjunctione
2707 4523 2824 4590 ejus
2874 4523 3069 4591 ejecta,
3103 4532 3158 4577 et
3185 4539 3213 4574 a
3249 4536 3344 4591 spe
3389 4521 3444 4575 in
3487 4519 3633 4575 illum

386 4613 488 4682 τῆς
538 4613 674 4684 πρὸς
710 4613 842 4666 Θεὸν
885 4613 1218 4682 οἰκειότητος
1253 4609 1694 4683 ἀποϐεϐλημένη,
1733 4610 1827 4665 καὶ
1867 4611 1965 4681 τῆς

393 4703 471 4765 είς
497 4702 658 4755 αὐτὸν
686 4701 898 4765 ἐλπίδος
937 4701 1370 4774 ἀπολισθήσασα,
1405 4701 1500 4756 καὶ
1538 4701 1754 4770 φειδοῦς
1779 4702 1960 4773 ἐρήμη

390 4795 488 4862 τῆς
543 4791 748 4846 ἄνωθεν
802 4794 1092 4863 γενομένη,
1144 4791 1386 4846 πεσοῦσα
1435 4793 1489 4846 δὲ
1535 4794 1631 4847 καὶ
1661 4795 1740 4856 είς
1773 4794 1964 4863 χεῖρας

385 4881 620 4953 ἐχθρῶν,
675 4882 724 4935 οἳ
753 4882 816 4952 δὴ
866 4885 960 4936 κα)⁸
993 4885 1174 4936 πᾶσαν
1217 4882 1318 4954 τὴν
1378 4883 1634 4937 Ἰουδαίαν
1677 4883 1961 4956 καταδῃὼ-

389 4989 604 5037 σαντες,
638 4973 733 5026 καὶ
774 4975 937 5027 αὐτὸν
971 4975 1274 5047 ἐνέπρησαν
1311 4976 1400 5029 τὸν
1439 4975 1582 5029 θεῖόν
1611 4993 1670 5030 τε
1713 4977 1806 5029 καὶ
1843 4976 1960 5029 δια-

390 5066 582 5135 ϐόητον
616 5066 760 5121 ναόν.
824 5066 1040 5137 Ἐπειδὴ
1092 5067 1150 5120 δὲ
1182 5069 1449 5122 σέσωσται
1502 5069 1565 5122 τὸ
1615 5069 1961 5140 κατάλειμμα

389 5156 524 5214 Θεοῦ
567 5158 1056 5229 κατοικτείραντος,
1104 5159 1500 5213 πεπιστεύκασι
1549 5160 1659 5231 γὰρ
1703 5163 1784 5223 εἰς
1827 5161 1960 5231 Χρι-

393 5251 514 5305 στὸν
541 5251 642 5305 οὐκ
665 5250 1020 5322 εὐαρίθμητοι
1055 5250 1164 5304 τῶν
1195 5250 1256 5316 ὲξ
1289 5251 1525 5323 Ἰσραὴλ,
1557 5252 1963 5322 κεχρημάτικεν

399 5341 699 5412 Ἐκκλησία
727 5341 986 5412 Χριστοῦ.
1014 5343 1108 5396 καὶ
1135 5341 1322 5411 γέγονε
1349 5344 1530 5415 μήτηρ
1557 5341 1744 5415 ὥσπερ
1771 5343 1958 5398 ἐθνῶν.

389 5434 464 5484 0i
484 5434 592 5504 γὰρ
626 5433 732 5487 υἱοὶ
761 5433 868 5487 τῶν
911 5451 1042 5488 ποτε
1087 5435 1540 5489 ταπεινωσάντων
1583 5435 1776 5507 αὐτὴν,
1805 5453 1961 5492 τουτ-

391 5526 559 5589 έστιν,
589 5526 639 5578 ei
672 5524 780 5579 τῶν
815 5525 1074 5593 ἐπιγείων
1097 5526 1426 5596 κρατοῦντες
1471 5529 1839 5599 πραγμάτων,
1871 5530 1961 5582 καὶ⁵

387 5618 508 5680 ταῖς
535 5617 644 5670 τῶν
705 5620 997 5690 σκήπτρων
1027 5619 1294 5691 διαδοχαῖς
1343 5621 1418 5684 ὡς
1463 5619 1520 5685 ἐξ
1555 5620 1774 5675 ἐκείνων
1803 5622 1961 5693 ἐρχό-

2071 4618 2312 4689 delapsa,
2358 4627 2415 4673 et
2459 4632 2489 4671 a
2533 4616 2903 4672 misericordia
2954 4631 3188 4685 superna
3225 4615 3500 4679 derelicta,
3546 4627 3636 4667 ca-

2071 4711 2307 4779 densque
2351 4709 2404 4764 in
2455 4724 2648 4763 manus
2692 4708 2956 4770 hostium,
3001 4707 3115 4775 qui,
3173 4716 3282 4759 tota
3337 4703 3521 4756 Judu-a
3581 4704 3633 4756 in
3734 4701 3736 4703 ’

2071 4802 2374 4856 vastitatem
2423 4804 2664 4864 redacta,
2716 4799 2892 4869 ipsum
2927 4799 3092 4852 etiam
3126 4796 3366 4850 divinum
3411 4805 3465 4849 ct
3495 4795 3636 4848 cele-

2070 4895 2438 4950 bratissimum
2477 4893 2733 4961 templum
2763 4891 3137 4945 incenderunt.
3187 4889 3476 4958 Postquam
3506 4903 3635 4942 vero

2068 4993 2298 5040 servata:
2344 4981 2563 5038 luerunt
2605 4983 2872 5050 reliquim,
2909 4983 3017 5034 Deo
3043 4981 3464 5034 commiserante
3490 4979 3632 5038 (cre—

2068 5078 2322 5132 diderunt
2369 5076 2514 5130 enim
2574 5076 2626 5128 in
2669 5075 2944 5130 Christum
2999 5072 3267 5126 innumeri
3332 5071 3631 5138 Israelita»),

2070 5179 2375 5239 nuncupata
2419 5177 2504 5222 est
2551 5168 2790 5222 Ecclesia
2832 5166 3056 5229 Christi,
3087 5175 3142 5220 et
3190 5165 3328 5218 facta
3375 5173 3459 5218 est
3491 5164 3634 5218 velut

2072 5269 2242 5313 mater
2265 5258 2527 5327 gentium.
2574 5256 2706 5310 Nam
2741 5257 2833 5311 lilii
2867 5270 3052 5310 eorum
3088 5255 3178 5324 qui
3216 5254 3631 5308 humiliaverunt

2067 5363 2208 5414 eam,
2259 5349 2312 5404 id
2363 5358 2477 5414 est,
2510 5348 2600 5417 qui
2646 5348 2806 5403 rebus
2859 5348 3089 5404 terrenis
3134 5347 3426 5418 imperant,
3474 5355 3529 5399 et
3578 5345 3630 5399 in

2067 5446 2404 5508 sceptrorum
2457 5438 2833 5494 successiones
2877 5437 3073 5492 exinde
3120 5437 3360 5500 veniunt,
3406 5451 3622 5492 venerav

2069 5532 2202 5588 tioni
2237 5531 2436 5587 habent
2472 5529 2789 5594 Ecclesiam,
2816 5539 2872 5584 et
2894 5531 3170 5593 timentes,
3205 5529 3377 5592 idest,
3403 5526 3630 5582 sollicite

2067 5634 2268 5680 etcum
2314 5623 2406 5678 Dei
2453 5630 2614 5689 metu,
2661 5621 2728 5676 ad
2771 5637 2890 5676 eam
2920 5621 3203 5676 accedunt.
3249 5636 3268 5670 ι
3305 5620 3500 5676 Vocata
3543 5624 3628 5673 cst

463 5794 482 5824 "
514 5794 614 5850 lsa.
646 5811 752 5861 xu,
794 5798 988 5862 18,10.
1069 5799 1087 5829 ⁸
1121 5797 1261 5852 Paul.
1295 5813 1405 5859 Clll,
1447 5798 1527 5860 l2),
1577 5798 1657 5853 lh‘.
1736 5800 1752 5829 ’
1785 5800 1798 5854 Ι
1833 5799 1956 5855 Cor.

2065 5840 2070 5861 ,
2105 5800 2157 5854 9.
2246 5800 2288 5830 ⁸ο
2327 5797 2484 5854 Rom.
2519 5753 2635 5865 vnt,
2667 5797 2719 5852 5.
2803 5798 2842 5830 ³¹
2875 5797 3108 5870 Philipp.
3146 5815 3225 5867 ut,
3257 5800 3346 5856 20.
