4112 6292
587 365 727 422 1559

1578 357 1633 409 S.
1677 354 1951 410 (IYRlLLI
1990 351 2455 409 ALEXANDBINI
2495 349 2811 406 ARCHIEP.

3700 351 3848 407 15ιο

583 479 728 536 enim
797 475 988 533 civitas
1035 472 1240 527 Domini
1293 472 1421 527 Sion
1480 470 1653 526 sancti
1711 470 1898 524 Israel.
1961 487 1981 522 ι
2057 468 2148 522 Dei

2258 484 2406 538 μενοι
2433 466 2635 536 σεπτὴν
2672 465 2933 536 ἡγοῦνται
2979 464 3080 534 τὴν
3119 463 3466 532 Ἐκκλησίαν,
3528 465 3624 516 καὶ
3674 464 3850 519 δεδοι-

583 581 819 636 namque
856 567 1042 621 civitas
1079 575 1163 618 est
1215 563 1471 618 Ecclesia.
1518 561 1684 630 quue
1721 561 1879 615 docet
1933 560 2147 613 divinus

581 657 778 721 David,
813 655 956 709 velut
986 655 1127 706 illam
1159 653 1474 719 alloquens:
1503 668 1522 702 ι
1558 649 1809 705 Gloriosa
1847 649 1990 703 dicta
2022 656 2148 702 sunt

586 753 652 805 de
682 759 755 811 te,
781 747 974 802 civitas
999 745 1094 799 Dei
1121 746 1184 798 η.
1214 763 1231 795 ι
1258 743 1323 798 Et
1346 743 1459 812 ipse
1485 741 1858 798 universorum
1887 741 2149 796 Dominus

590 841 667 894 ait
719 839 834 910 lyra
863 836 1146 892 Psallentis
1179 855 1193 890 :
1218 855 1236 887 ι
1271 835 1367 889 Hic
1391 834 1664 900 habitabo,
1689 834 1812 903 quia
1840 832 1974 902 elegi
2006 845 2145 886 eam.

587 931 766 985 Portre
821 931 940 1000 ejus
982 929 1304 983 benedicens
1347 927 1691 989 benedicam,
1738 941 2001 996 pauperes
2033 926 2150 996 ejus

588 1019 845 1074 saturabo
867 1017 1119 1088 panibus,
1138 1017 1445 1070 sacerdotes
1465 1012 1584 1088 ejus
1608 1015 1825 1070 induam
1852 1015 2028 1071 salute
2048 1014 2142 1072 υ.»

588 1111 682 1166 Sin
708 1109 835 1164 velit
883 1109 1144 1179 quispiam
1176 1118 1424 1177 posteros
1455 1122 1642 1161 eorum
1664 1120 1877 1185 regum,
1904 1107 1994 1174 qui
2025 1121 2148 1176 per-

585 1201 757 1255 secuti
787 1209 913 1256 sunt
940 1200 1256 1265 Ecclesiam,
1307 1197 1486 1252 dicere
1506 1197 1595 1267 qui
1629 1212 1772 1252 nunc
1799 1212 1919 1251 cum
1942 1197 2151 1252 honore

587 1303 646 1347 et
683 1294 876 1346 timore
917 1293 986 1345 ad
1023 1307 1141 1346 eam
1175 1291 1418 1352 veniunt,
1453 1299 1510 1344 et
1552 1289 1789 1343 divinam
1819 1289 1971 1358 quasi
2011 1289 2149 1343 civi-

589 1393 752 1440 tatem
806 1386 1133 1454 suscipiunt,
1175 1400 1280 1438 non
1327 1383 1554 1438 discedit
1595 1397 1624 1435 a
1669 1397 1854 1450 scopo.
1899 1381 2152 1435 Videmus

585 1479 732 1532 enim
772 1477 1034 1543 exemplis
1066 1490 1176 1529 rem
1201 1474 1270 1528 ad
1303 1488 1426 1526 eum
1455 1481 1706 1528 eventum
1738 1471 2045 1526 deductam.

585 1569 711 1631 τοὺς
757 1566 993 1636 καθεξῆς
1043 1565 1347 1635 ὀνομάζειν,
1382 1565 1432 1617 οἶ
1483 1562 1619 1632 μετὰ
1663 1563 1828 1632 τιμῆς
1863 1563 1957 1616 καὶ
1997 1562 2151 1624 δέους

2254 559 2428 621 κότες,
2477 556 2742 620 τουτέστι,
2781 556 2898 626 μετ’
2932 555 3234 620 εὐλαϐείας,
3284 557 3379 609 καὶ
3429 556 3522 609 τὸν
3566 555 3719 609 θεῖον
3765 559 3850 622 είς

2253 649 2377 705 νοῦν
2402 650 2614 719 ἔχοντες
2647 648 2808 716 φόϐον
2838 648 3123 718 προσίασιν
3155 650 3294 718 αὐτῇ
3320 666 3334 680 ⁸
3374 668 3392 700 ι
3422 647 3706 717 Κέκληται
3734 648 3850 719 γὰρ

2259 740 2414 804 πόλις
2439 739 2641 808 Κυρίου
2676 739 2811 793 Σιὼν
2833 739 2989 808 ἁγίου
3017 740 3284 810 Ἰσραήλ.ι
3311 738 3449 792 Θεοῦ
3479 739 3588 811 γὰρ
3617 740 3785 802 πόλις
3815 742 3848 809 ἡ

2263 831 2574 900 Ἐκκλησία,
2608 829 2878 884 καὶτοῦτο
2909 831 3147 884 διδάσκει
3179 834 3207 884 6
3241 830 3531 893 θεσπέσιος
3571 829 3746 883 Δαῦὶδ
3772 829 3855 892 ὥς

2250 922 2386 992 πρὸς
2413 921 2604 992 αὐτὴν,
2633 939 2650 973 ι
2670 921 3040 990 Δεδοξασμένα
3063 921 3296 992 ἐλαλήθη
3322 925 3452 992 περὶ
3483 921 3601 983 σοῦ,
3619 923 3656 992 ή
3689 922 3857 985 πόλις

2248 1013 2341 1068 τοῦ
2363 1013 2520 1066 Θεοῦ.
2546 1031 2566 1064 ι
2594 1014 2704 1067 Καὶ
2733 1013 2898 1076 αὐτὸς
2923 1013 2980 1066 δέ
3015 1030 3116 1065 που
3142 1013 3307 1083 φησὶν
3353 1016 3381 1066 6
3403 1014 3512 1066 τῶν
3559 1013 3704 1067 ὅλων
3732 1015 3858 1066 Κύ-

2257 1121 2369 1176 ριος
2392 1105 2478 1158 διὰ
2499 1106 2596 1176 τῆς
2621 1106 2718 1159 τοῦ
2749 1107 3054 1170 Ψάλλοντος
3073 1107 3263 1177 λύρας·
3305 1126 3324 1158 ι
3353 1102 3478 1161 ὀδε
3502 1110 3736 1176 κατοική
3748 1127 3853 1172 σω,

2253 1197 2338 1250 ὅτι
2363 1197 2702 1267 ᾑρετισάμην
2730 1198 2921 1268 αὐτὴν,
2969 1200 3070 1269 τὴν
3107 1198 3280 1269 θύραν
3321 1201 3493 1271 αὐτῆς
3537 1202 3856 1272 εὐλογήσω,

2257 1288 2384 1351 τοὺς
2429 1289 2677 1357 πτωχοὺς
2730 1289 2904 1359 αὐτῆς
2956 1291 3210 1360 χορτάσω
3249 1291 3438 1361 ἄρτον,
3492 1293 3626 1356 τοὺς
3683 1295 3860 1360 ἱερεῖς

2258 1380 2430 1450 αὐτῆς
2458 1379 2660 1434 ἐνδύσω
2689 1381 2980 1452 σωτηρίαν.
3007 1400 3028 1435 s
3068 1384 3132 1436 Ei
3170 1384 3226 1437 δὲ
3263 1385 3327 1454 δὴ
3362 1384 3609 1454 βούλοιτό
3636 1402 3724 1446 τις
3755 1385 3857 1435 καὶ

2257 1470 2366 1524 τῶν
2396 1487 2526 1524 ποτε
2555 1470 2862 1538 διωξάντων
2898 1473 2996 1543 τὴν
3042 1472 3368 1543 Ἐκκλησίαν
3397 1475 3671 1545 βασιλέων
3701 1476 3855 1537 υἱοὺς

2220 1562 2615 1633 προσέρχονται
2679 1563 2775 1616 νῦν
2808 1565 2968 1635 αὐτῇ,
3007 1567 3101 1618 καὶ
3125 1567 3202 1629 ὡς
3239 1567 3392 1621 θείαν
3419 1567 3626 1638 τιμῶσι
3670 1567 3854 1627 πόλιν,

583 1661 686 1712 οὐκ
719 1657 822 1723 ἔξω
853 1659 1078 1728 φέρεται
1107 1656 1198 1710 τοῦ
1221 1655 1442 1710 σκοποῦ.
1486 1655 1731 1726 ὐρῶμεν
1756 1656 1864 1724 γὰρ
1885 1656 1964 1718 είς
1988 1654 2146 1708 τοῦτο
2184 1654 2481 1726 ἐκϐεϐηκὸς
2503 1656 2564 1708 τὸ
2585 1655 2692 1709 τῶν
2716 1658 3054 1728 πραγμάτων
3081 1659 3270 1729 πέρας.

658 1747 822 1802 Vsus.
855 1747 942 1811 15,
971 1745 1058 1800 16.
1097 1743 1201 1798 Pro
1223 1762 1280 1799 eo
1313 1747 1454 1814 quod
1481 1745 1628 1810 fuisti
1651 1744 1922 1809 derelicta,
1947 1752 1996 1798 et
2022 1743 2144 1796 odio

2319 1744 2419 1797 Διὰ
2465 1743 2534 1796 τὸ
2584 1743 2858 1812 γενέσθαι
2916 1759 2991 1799 σε
3047 1746 3704 1817 ἐγκαταλελειμμένην,
3755 1739 3854 1801 καί

588 1842 800 1903 habita,
848 1849 896 1893 et
943 1855 1044 1893 non
1083 1847 1196 1892 erat
1237 1838 1327 1906 qui
1377 1844 1724 1891 succurreret.
1764 1835 1829 1888 Et
1875 1851 2063 1902 ponam
2104 1842 2152 1887 te

589 1931 990 1985 exsultationem
1021 1939 1298 1993 wternam,
1334 1927 1591 1998 gaudium
1633 1927 2027 1997 generationum
2060 1942 2152 1994 ge-

587 2022 964 2076 nerationibus.
1003 2019 1072 2073 Et
1101 2035 1253 2086 suges
1287 2018 1370 2071 lac
1394 2020 1646 2086 gentium,
1670 2026 1718 2072 et
1743 2017 1953 2070 divitias
1976 2032 2154 2084 regum

588 2115 844 2169 comedes.
893 2111 960 2166 Et
991 2113 1121 2166 scies
1155 2111 1282 2180 quia
1322 2125 1416 2178 ego
1463 2108 1720 2164 Dominus
1775 2110 1865 2181 qui
1903 2111 2050 2164 salvo
2083 2119 2149 2173 te,

585 2217 634 2261 et
663 2207 753 2275 qui
771 2221 895 2259 eruo
924 2213 973 2258 te
996 2203 1136 2258 Deus
1163 2199 1334 2256 Israel

663 2401 682 2432 ι
728 2381 862 2435 Eras
905 2379 1071 2443 enim,
1103 2378 1300 2447 inquit,
1349 2376 1603 2431 derelicta
1657 2384 1711 2429 et
1771 2375 1896 2430 odio
1953 2375 2154 2439 habita,

588 2484 644 2527 et
671 2488 779 2527 non
820 2481 938 2526 erat
978 2471 1070 2539 qui
1107 2478 1472 2524 succurreret.
1505 2488 1525 2520 ι
1572 2466 1700 2524 [huc
1737 2482 1900 2522 causa
1936 2467 2156 2523 humili-

585 2565 713 2620 tatis
758 2574 862 2618 tua)
904 2562 1128 2617 exstitit.
1171 2559 1305 2614 Nam
1347 2560 1675 2615 debacchata
1707 2574 1768 2616 es
1806 2561 1861 2614 in
1909 2575 2032 2614 eum
2065 2559 2156 2627 qui

586 2657 817 2710 evehere
863 2669 918 2709 et
950 2654 1260 2708 felicitatem
1297 2653 1392 2706 tibi
1432 2651 1756 2706 incolumem
1807 2665 2026 2704 scrvare
2065 2666 2159 2718 po-

589 2757 728 2813 test;
762 2746 857 2801 sed
889 2760 1047 2800 nemo
1074 2744 1175 2797 fuit
1201 2743 1294 2813 qui
1324 2757 1540 2796 manum
1587 2742 1890 2810 porrigeret
1929 2742 2158 2796 auxilia-

590 2839 803 2901 tricem,
841 2852 908 2892 eo
949 2836 1092 2905 quod
1135 2835 1246 2890 Deo
1293 2834 1466 2889 invisa
1518 2848 1662 2888 eras.
1716 2834 2052 2887 Debacchata
2100 2849 2158 2886 es

592 2928 738 2983 enim
782 2943 890 2981 non
934 2928 988 2981 in
1033 2941 1198 2980 unum
1241 2925 1472 2994 aliquem
1517 2925 1572 2978 in
1612 2925 1794 2979 servili
1851 2925 2160 2980 conditioite

591 3022 857 3086 locatum,
904 3027 1000 3074 aut
1057 3017 1288 3072 ministri
1340 3031 1535 3071 munus
1585 3017 1910 3080 obeuntem,
1954 3017 2048 3071 sed
2104 3018 2154 3070 in

2246 1832 2681 1902 μεμισημένην,
2725 1833 2823 1887 καὶ
2873 1837 2984 1888 οὐκ
3023 1831 3102 1904 ἦν
3133 1839 3169 1889 ὀ
3203 1836 3469 1904 βοηθῶν.
3518 1838 3636 1892 Καὶ
3685 1839 3854 1907 θήσω

2251 1939 2327 1977 σε
2391 1924 2738 1993 (multum
2802 1924 3071 1990 αἰώνιον,
3149 1929 3541 1995 εὐφροσύνην
3615 1930 3852 1997 γενεαῖς

2251 2013 2491 2083 γενεῶν.
2531 2015 2644 2067 Καὶ
2693 2014 2986 2083 θηλάσεις
3014 2017 3170 2086 γάλα
3195 2017 3407 2084 ἐθνῶν,
3444 2021 3546 2074 καὶ
3579 2023 3852 2075 πλοῦτοι·

2248 2103 2559 2169 ,βασιλέων
2611 2104 2886 2174 φάγεσαι.
2933 2108 3043 2160 Καὶ
3084 2108 3287 2177 γνώσῃ
3325 2107 3418 2162 ὅτι
3471 2111 3592 2180 ἐγὼ
3634 2113 3850 2177 Κύριος

2255 2197 2289 2246 ὁ
2334 2191 2536 2253 σώζων
2597 2208 2704 2259 σε,
2767 2196 2865 2248 καί
2921 2199 2958 2251 ό
3005 2195 3434 2266 ἐξαιρούμενός
3483 2215 3562 2254 σε
3621 2204 3655 2254 ὁ
3709 2203 3849 2265 Θεὲς

2269 2284 2539 2351 Ἰσραήλ.

2333 2377 2610 2445 «Γέγονας
2663 2378 2763 2448 μὲν
2818 2377 2964 2448 γὰρ,
3013 2380 3214 2448 φησὶν,
3278 2381 3842 2452 ἐγκαταλελειμμένη,

2258 2470 2350 2522 καὶ
2398 2470 2771 2539 μεμισημένη,
2807 2470 2904 2523 καὶ
2935 2470 3034 2523 οὐκ
3065 2466 3134 2541 ἦν
3164 2473 3192 2524 6
3226 2471 3459 2541 βοηθῶν.
3509 2493 3530 2524 ι
3585 2472 3734 2542 Αῦτη
3769 2490 3843 2524 σοι

2258 2558 2532 2629 πρόφασις
2556 2559 2656 2628 τῆς
2683 2558 3060 2624 ταπεινώσεως
3083 2556 3172 2631 ἦν,
3193 2563 3616 2634 πεπαρῴνηκας
3631 2566 3745 2632 γὰρ
3774 2565 3844 2627 είς

2258 2649 2350 2702 τὸν
2368 2649 2536 2719 ὑψοῦν
2557 2650 2875 2721 δυνάμενον,
2909 2653 3008 2704 καὶ
3040 2653 3375 2722 ἀκράδαντόν
3410 2672 3494 2707 σοι
3522 2655 3761 2723 φυλάξαι
3792 2658 3845 2708 τὸ

2259 2741 2568 2811 εὐημερεῖν,
2602 2743 2715 2796 ἀλλ’
2755 2743 2929 2808 οὐδεὶς
2950 2739 3017 2815 ἦν
3047 2747 3076 2798 6
3103 2747 3261 2815 χεῖρα
3302 2746 3487 2816 νέμων
3531 2747 3840 2819 ἐπίκουρον,

2260 2833 2489 2904 ἐπείπερ
2518 2829 2662 2904 ἦσθα
2689 2835 2951 2905 θεομισής
2977 2853 2992 2867 ο
3041 2836 3456 2907 πεπαρῴνηκας
3487 2838 3601 2908 γὰρ
3632 2840 3736 2891 οὐκ
3775 2841 3843 2901 είς

2258 2923 2353 2977 ἕνα
2377 2924 2501 2977 τινὰ
2525 2923 2632 2978 τῶν
2659 2926 2716 2979 ἐν
2745 2925 2896 2990 τάξει
2929 2927 3198 2998 κειμένων
3227 2929 3498 2998 οίκετικῇ,
3541 2932 3642 2982 καὶ
3670 2931 3840 2983 διακο-

2260 3018 2416 3088 νικὴν
2458 3018 2692 3087 ἐχόντων
2743 3017 2841 3090 τήν
2873 3019 3237 3090 λειτουργίαν,
3279 3020 3394 3073 ἀλλ’
3441 3023 3523 3084 εἰς
3557 3023 3727 3075 αὑτὸν
3763 3023 3842 3074 τὸν

594 3121 769 3184 ipsum
817 3111 1191 3166 universorum
1236 3108 1436 3179 Regem
1473 3124 1535 3167 ac
1565 3109 1871 3163 Dominum.
1920 3109 1990 3162 At
2021 3123 2154 3176 quo-

2258 3109 2360 3163 τῶν
2417 3111 2551 3163 ὅλων
2601 3109 2826 3180 βασιλέα
2880 3111 2975 3165 κα)⁸
3035 3110 3260 3182 Κύριον.
3316 3112 3538 3182 Ἐπειδὴ
3595 3112 3654 3165 δὲ
3709 3114 3842 3175 ἆπσξ

593 3204 736 3258 niam
782 3201 945 3256 semel
991 3198 1152 3270 851
1205 3198 1636 3254 huntilialionem
1677 3199 1816 3254 hanc
1861 3212 2016 3266 passa
2075 3212 2155 3259 es,

591 3295 708 3348 hac
745 3293 967 3347 molesta
999 3293 1372 3360 praeteribunt,
1400 3299 1453 3344 et
1493 3290 1778 3358 posteriori
1813 3289 2077 3344 beneﬁcio
2109 3297 2160 3343 te

593 3385 645 3438 in
680 3384 963 3454 pristinum
992 3393 1190 3437 statum
1223 3383 1490 3437 restituet.
1522 3380 1984 3447 Quemadmodum
2015 3380 2158 3433 enim

595 3492 690 3544 par
740 3485 880 3539 crat,
925 3475 1105 3528 divina
1160 3473 1249 3527 Dei
1302 3472 1607 3537 sententia,
1660 3481 1712 3525 te
1764 3471 2158 3526 inobedientem

594 3565 810 3632 puniri;
854 3565 934 3618 sic
981 3576 1298 3617 conversam
1347 3570 1398 3616 te
1441 3559 1868 3615 misericordiam
1915 3558 2161 3612 invenire

592 3656 861 3711 convenit.
905 3673 923 3704 ι
961 3655 1157 3709 Ponam
1219 3664 1269 3708 te
1325 3653 1506 3724 igitur,
1568 3653 1781 3722 inquit,
1849 3652 2161 3710 exsultatio—

593 3762 717 3802 nem
748 3758 1024 3802 aaternam.
1057 3764 1075 3797 ι
1124 3745 1268 3800 Nihil
1313 3755 1396 3800 est
1435 3745 1578 3800 enim
1613 3745 1765 3799 triste
1817 3744 1871 3798 in
1916 3745 2158 3800 Ecclesia

592 3839 819 3894 Christi.
863 3837 961 3894 Ubi
1003 3838 1146 3892 enim
1179 3839 1401 3893 omnino
1443 3851 1565 3905 spes
1596 3846 1677 3890 est
1713 3837 2157 3907 incorruptionis,

591 3939 646 3986 et
691 3940 904 3987 aeternae
936 3932 1078 3995 vitaz,
1131 3941 1187 3984 et
1240 3931 1584 3999 sempiternae
1629 3929 1836 3999 gloriae,
1887 3945 1953 3986 ac
2008 3932 2160 3998 regni

595 4023 891 4087 caelorum,
938 4019 1208 4092 quomodo
1255 4019 1527 4074 mcestitia:
1577 4019 1728 4073 locus
1776 4033 1896 4074 esse
1948 4022 2161 4090 p0lest?

597 4129 616 4162 ι
642 4113 709 4166 Ει
737 4127 896 4183 suges
923 4111 1003 4165 lac
1025 4112 1286 4182 gentium,
1309 4119 1362 4164 et
1387 4109 1602 4164 divitias
1637 4125 1819 4179 regum
1851 4114 2152 4166 comedas.»

595 4202 818 4258 Videtur
866 4203 1137 4258 nonnullis
1202 4216 1394 4256 sensus
1447 4202 1802 4271 propheticus
1863 4201 1965 4254 tale
2031 4202 2159 4271 quid

595 4296 792 4349 docere
838 4314 850 4349 :
894 4295 1089 4348 multos
1130 4309 1196 4349 ex
1240 4309 1401 4362 grege
1442 4308 1505 4348 ac
1550 4309 1777 4348 numero
1822 4291 2157 4359 Graecorum,

595 4385 890 4452 Scripturis
921 4385 1178 4438 divinitus
1226 4385 1506 4451 iuspiratis
1565 4384 1808 4438 eruditos
1837 4394 1886 4438 et
1922 4393 2160 4438 tractan-

2260 3201 2532 3265 πέπονθας
2585 3202 2682 3272 τὴν
2727 3202 3056 3257 ταπείνωσιν
3096 3203 3394 3274 παρελάσει
3443 3204 3518 3256 τὰ
3578 3204 3842 3274 μοχθηρὰ,

2259 3294 2486 3356 καὶτοῖς
2515 3292 2790 3363 δευτέροις
2821 3293 3186 3364 ἀνακτήσεταί
3208 3311 3286 3347 σε.
3316 3297 3528 3359 ’Ὠσπερ
3557 3294 3668 3363 γὰρ
3692 3295 3840 3345 6:2:-

2261 3383 2504 3453 θήσασαν
2543 3384 2650 3437 ἔδει
2693 3383 3018 3447 κολάζεσθαι
3047 3384 3216 3454 ψήφῳ
3257 3385 3442 3454 δικαία
3481 3384 3640 3445 Θεοῦ,
3671 3382 3836 3445 οὕτως

2259 3475 2665 3545 ἐπιστρέψασαν
2709 3474 2980 3528 ἐλεεῖσθαι
3028 3476 3247 3544 πρέπει.
3288 3493 3306 3527 ι
3342 3476 3506 3545 Θήσω
3538 3493 3598 3528 σε
3641 3477 3841 3532 τοίνυν.

2259 3565 2446 3635 φησὶν,
2499 3564 2845 3636 εὐφροσύνην
2889 3567 3102 3634 γενεαῖς
3149 3565 3378 3633 γενεῶνο
3413 3585 3431 3616 ι
3477 3564 3699 3630 στυγνὸν
3731 3565 3841 3634 γὰρ

2258 3654 2410 3707 οὐδὲν
2443 3655 2500 3708 ἐν
2547 3654 2843 3726 Ἐκκλησία
2889 3653 3147 3725 Χριστοῦ,
3204 3655 3338 3709 ὅπου
3381 3655 3436 3708 δὲ
3484 3652 3617 3714 ὅλως
3675 3652 3838 3716 ἐλπὶς

2261 3745 2592 3814 ἀφθαρσίας,
2652 3747 2745 3800 καὶ
2791 3746 3152 3818 ἀτελευτήτου
3205 3746 3374 3816 ζωῆς,
3423 3746 3516 3799 καὶ
3557 3745 3844 3816 ὰμηρὺτου

2261 3838 2440 3909 δόξης,
2472 3838 2562 3890 καὶ
2589 3837 2864 3907 βασιλείας
2893 3838 3159 3910 οὐρανῶν,
3190 3840 3343 3893 ποῖον
3366 3838 3432 3894 ἂν
3461 3837 3576 3909 ἔχοι
3595 3838 3657 3890 τὸ
3677 3854 3846 3906 κατη-

2260 3928 2392 3997 φές;
2425 3930 2532 3982 Καὶ
2549 3928 2804 4000 θηλάσεις
2827 3929 2966 3998 γάλα
2991 3929 3180 3994 ἐθνῶν,
3211 3930 3305 3985 καὶ
3332 3929 3562 3984 πλοῦτον
3590 3929 3848 3999 βασιλέων

2261 4021 2515 4089 φάγεσαι.
2541 4022 2650 4074 Καὶ
2674 4021 2822 4074 δοκεῖ
2851 4022 2950 4092 μέν
2975 4039 3085 4076 τισι
3109 4021 3346 4075 τοιοῦτόν
3378 4039 3433 4074 τι
3449 4021 3724 4074 διδάσκειν
3751 4021 3849 4090 τῆς

2261 4111 2594 4182 προφητείας
2623 4112 2651 4164 ὀ
2671 4112 2817 4177 νοῦς,
2851 4113 2934 4166 ὃτι
2961 4112 3146 4166 πολλοὶ
3181 4112 3289 4166 τῶν
3325 4112 3386 4176 ἐξ
3410 4113 3615 4182 ἀγέλης
3654 4112 3844 4180 Ἐλλη-

2261 4203 2418 4272 νικῆς
2448 4203 2818 4272 σεσοφωμένοι
2845 4203 2936 4257 τὸν
2969 4203 3092 4256 νοῦν
3139 4207 3256 4267 ταῖς
3289 4204 3674 4267 θεοπνεύστοις
3711 4203 3851 4274 Γρα-

2263 4295 2409 4361 φαῖς,
2432 4295 2524 4346 καὶ
2552 4293 2886 4370 δογματικῆς
2919 4295 3199 4365 εὐτεχνίας
3223 4297 3305 4359 είς
3331 4295 3535 4362 γνῶσιν
3567 4296 3850 4365 ἀναπηδήο

2263 4402 2472 4448 σαντες,
2503 4384 2715 4438 ἔσονται
2735 4387 3043 4440 διδάσκαλοι
3066 4388 3161 4457 τῆς
3191 4389 3251 4454 ἐξ
3293 4389 3568 4451 Ἰουδαίων
3597 4389 3851 4455 Συναγωο

593 4476 784 4530 dorum
821 4476 1127 4543 dogmatum
1167 4474 1515 4542 intelligentia
1544 4476 1828 4544 praeditos,
1882 4474 1998 4531 fore
2035 4478 2155 4531 doc-

2264 4475 2386 4545 γῆς.
2417 4477 2576 4527 Δοκεῖ
2600 4474 2657 4526 δέ
2685 4492 2802 4538 πως
2830 4478 2911 4539 είς
2938 4476 2997 4528 τὸ
3024 4475 3194 4546 παρὸν
3226 4477 3253 4528 6
3283 4476 3461 4544 λόγος,
3493 4477 3619 4545 οὐχὶ
3652 4475 3853 4544 ταύτην

597 4577 743 4621 tores
772 4564 1007 4620 iudaice;
1036 4567 1348 4636 Synagogm.
1381 4565 1486 4621 Sed
1511 4567 1764 4622 aliorsum
1805 4568 2016 4622 videtur
2047 4569 2160 4623 haec

594 4659 770 4714 oratio
814 4659 1054 4724 tendere,
1089 4675 1186 4713 nec
1231 4660 1369 4714 hanc
1401 4661 1542 4713 viam
1573 4676 1690 4714 esse
1726 4669 1780 4714 et
1812 4675 2158 4730 progressum

597 4751 758 4821 hujus
805 4753 1119 4814 sententiae,
1169 4750 1407 4819 illudque
1457 4759 1634 4819 potms
1682 4751 1818 4804 velle
1868 4751 2155 4815 denotare;

595 4840 947 4894 cumulandos
985 4855 1104 4894 esse
1135 4854 1227 4894 eos
1260 4842 1530 4894 fructuum
1563 4837 1929 4892 oblationibus
1979 4849 2033 4892 et
2073 4855 2161 4894 re-

597 4934 699 5003 giis
735 4932 976 4987 donariis
1005 4932 1268 5001 gentium.
1319 4931 1486 5000 quue
1534 4946 1717 4984 verum
1763 4916 1884 4984 csse
1927 4931 2165 4986 ostendit

599 5042 714 5095 ipsa
752 5040 929 5080 rerqu
959 5023 1314 5093 experientia.
1365 5022 1459 5077 llis
1501 5022 1574 5075 ita
1631 5021 1937 5076 absolutis:
1970 5041 1988 5072 ι
2035 5023 2169 5091 Ego,

2260 4565 2395 4619 ἰέναι
2434 4565 2632 4635 μᾶλλον
2670 4566 2780 4620 τῶν
2822 4567 3042 4620 ἐννοιῶν
3085 4567 3182 4638 τὴν
3219 4567 3358 4632 ὁδὸν,
3409 4567 3590 4620 ἐκεῖνο
3636 4567 3693 4620 δὲ
3730 4567 3854 4627 ἴσως

2259 4658 2542 4728 βούλεσθαι
2580 4660 2941 4731 καταδηλοῦν,
2985 4661 3067 4714 ὅτι
3104 4663 3222 4723 ταῖς
3259 4659 3320 4723 ἐξ
3364 4660 3534 4712 ἐθνῶν
3567 4675 3851 4730 καρποφο-

2261 4751 2422 4822 ρίαις,
2486 4752 2579 4804 καὶ
2627 4751 2927 4821 βασιλικοῖς
2981 4751 3324 4821 ἀναθήμασιν
3373 4751 3852 4820 ἐμπλησθήσεται.

2267 4842 2602 4895 Διαδείκνυσι
2624 4843 2732 4912 γὰρ
2758 4842 2958 4913 ἀληθὲς
2983 4841 3040 4894 ὃν
3069 4841 3341 4896 καὶτοῦτο
3372 4841 3476 4893 τῶν
3508 4840 3855 4909 πραγμάτων

2270 4937 2304 5006 ὴ
2330 4938 2510 5005 πεῖρα.
2559 4935 2777 4988 Τούτων
2821 4936 2876 4988 δὲ
2904 4935 3044 4987 οὕτω
3077 4934 3476 5004 τετελεσμένων
3525 4934 3716 5001 φησὶν,
3779 4934 3856 4984 ὅτι

2287 5045 2306 5078 ι
2346 5027 2487 5096 Ἐγὼ
2524 5028 2725 5099 Κύριος
2757 5030 2784 5081 ὁ
2813 5026 3000 5091 σώζων
3043 5043 3120 5080 σε.
3149 5044 3165 5075 ι
3227 5026 3312 5087 Ὠς
3350 5024 3456 5095 γὰρ
3498 5027 3527 5077 6
3569 5026 3859 5094 προφήτης

599 5115 794 5184 inquit,
857 5113 1114 5168 Dominus
1143 5114 1234 5180 qui
1263 5125 1420 5164 servo
1461 5119 1528 5163 te.
1571 5129 1589 5161 ι
1618 5107 1776 5174 Nam,
1815 5117 1873 5162 ut
1913 5109 2155 5177 prephctz

2281 5123 2442 5190 φησὶν
2479 5122 2703 5184 Ἡσαΐας
2726 5139 2738 5151 ·
2775 5141 2792 5172 ι
2821 5123 2884 5176 Εἰ
2910 5122 2982 5191 μὴ
3018 5120 3221 5190 Κύριος
3238 5117 3468 5172 Σαϐαὼθ
3491 5117 3856 5186 ἐγκατέλιπεν

600 5207 768 5262 Isaias
818 5205 895 5259 ait
945 5223 959 5260 :
1004 5221 1023 5254 ι
1079 5201 1191 5255 Nisi
1246 5203 1501 5255 Dominus
1569 5198 1808 5254 Sabaoth
1865 5199 2155 5269 reliquisset

2275 5215 2405 5282 ἡμῖν
2440 5213 2680 5283 σπέρμα,
2719 5212 2792 5274 ὡς
2828 5212 3033 5280 Σόδομα
3061 5211 3126 5262 ἂν
3148 5210 3509 5280 ἐγενήθημεν,
3529 5210 3623 5261 καὶ⁵
3651 5208 3726 5268 ὡς
3758 5207 3854 5260 Γόο

599 5299 756 5353 nobis
810 5311 1025 5362 semen,
1074 5293 1228 5362 quasi
1278 5291 1508 5346 Sodoma
1559 5290 1846 5346 fuissemus
1903 5299 1958 5345 et
2009 5291 2163 5358 quasi

596 5390 912 5446 Gomorrha:
943 5387 1142 5443 similes
1178 5386 1239 5440 ”.
1274 5405 1291 5436 ι
1326 5383 1507 5438 Gratia
1547 5385 1691 5438 enim
1734 5393 1788 5438 et
1825 5384 2162 5438 humanitate

607 5481 700 5534 Dei
727 5492 954 5537 servata:
988 5491 1114 5537 sunt
1145 5481 1382 5550 reliquiae
1413 5477 1651 5542 lsraelis,
1683 5493 1750 5533 ne
1778 5478 1829 5532 in
1871 5486 2038 5534 totum
2070 5477 2159 5532 illa

604 5585 734 5640 gens
761 5588 828 5628 ex
859 5574 1061 5630 sanctis
1087 5582 1208 5629 orta
1238 5571 1481 5643 patribus
1511 5571 1818 5640 disperiret.

677 5743 716 5773 ¹¹
745 5741 883 5798 I‘sal.
928 5761 1141 5801 Lxxxvt.
1174 5748 1223 5800 ὗ.
1307 5748 1343 5776 ¹³
1379 5745 1517 5799 Paul.
1554 5762 1734 5807 CXXXI,
1780 5747 1954 5801 ἰαί-16.

2276 5305 2451 5374 μοῤῥα
2483 5303 2548 5355 ἂν
2582 5301 3010 5372 ὡμοιώθημεν.»
3061 5300 3257 5366 Χάριτι
3292 5299 3400 5367 γὰρ
3431 5299 3525 5350 καὶ
3553 5296 3853 5365 φιλανθρω·

2274 5393 2375 5463 πίᾳ.
2398 5392 2532 5445 Θεοῦ
2565 5393 2829 5444 σέσωσται
2855 5391 2915 5443 τὸ
2944 5390 3292 5458 κατάλειμμα
3313 5387 3406 5440 τοῦ
3441 5387 3680 5456 Ἰσραὴλ,
3713 5385 3851 5437 ὥστε

2277 5486 2351 5554 μὴ
2375 5484 2604 5538 εἰσάπαν
2635 5483 2922 5538 ἀπολέσθαι
2953 5483 3010 5534 τὸ
3043 5481 3102 5544 ἐξ
3127 5481 3298 5548 ἁγίων
3333 5479 3582 5548 πατέρων
3609 5479 3780 5540 ἔθνος.

2033 5747 2281 5800 “13ml.
2317 5747 2363 5798 9.
