4134 6302
588 359 723 414 Ωὸόδ
1564 349 1621 406 S.
1663 345 1941 411 CYRILLI
1978 344 2220 401 ALEXM

2221 341 2448 399 ΝῡιίιΝι
2491 340 2806 400 ARCHIEP.
3695 339 3853 395 1346

580 473 856 534 deorum,
897 466 1021 523 dico
1063 449 1360 522 Jerusalem
1395 480 1409 518 :
1447 481 1466 514 ι
1509 461 1576 518 Ει
1619 459 1868 516 inducam
1921 474 2140 515 manum
2171 466 2212 524 Α

2216 457 2394 528 ,αὑτῷ
2432 454 2690 510 δοκοῦντα
2735 455 2950 525 φρονεῖν
2987 450 3395 516 σπουδάζοντες,
3434 452 3530 504 καὶ
3570 456 3686 516 τοῖς
3737 457 3848 525 τῆς

467 592 470 596 -
581 573 758 613 meam
803 573 966 627 super
1005 566 1080 622 te,
1121 563 1178 611 et
1218 569 1519 624 excoquam
1549 554 1616 608 ad
1643 567 1868 624 purum;
1901 550 2099 606 inﬁdeli

2240 547 2583 618 δικαιοσύνης
2609 546 2889 617 αὐχήμασι
2925 545 3365 614 στεφανούμενοι.
3402 543 3551 614 Ἔφη
3576 560 3629 596 τι
3656 545 3847 599 τοιοῦ-

581 657 765 704 autem
788 647 1033 718 perdam,
1057 645 1364 701 etauferam
1381 643 1546 716 853
1567 659 1756 700 omnes
1776 644 1990 713 iniquos
2021 649 2144 707 ate,

2241 659 2332 696 τον
2363 640 2588 713 ἑτέρωθί
2616 657 2718 692 που
2758 638 2918 692 πάλιν
2951 641 2980 690 ό
3008 635 3297 707 προφήτης
3340 633 3592 702 Ἡσαΐας,
3632 635 3849 706 μᾶλλον

579 749 635 795 et
655 753 844 794 omnes
881 737 1143 808 superbos
1173 736 1473 807 deprimam
1493 777 1509 802 ,
1542 745 1597 793 et
1623 735 1914 808 prteliciam
1935 733 2147 802 judices

2243 733 2413 788 δὲδιά
2439 730 2534 786 τοῦ
2568 731 2849 803 προφήτου
2893 728 3024 790 θεὸς
3076 726 3212 798 πρὸς
3260 726 3360 798 τὴν
3399 725 3514 779 τῶν
3561 726 3851 782 Ἰουδαίων

583 840 703 884 tuos
735 837 792 884 ut
820 829 993 899 prius,
1031 837 1087 885 et
1118 829 1460 884 consiliarios
1487 836 1606 884 tuos
1648 837 1705 882 ut
1745 828 1814 884 ab
1857 826 2032 881 initio.
2078 823 2149 879 Et

2248 825 2483 896 μητέρα,
2515 841 2587 895 φη
2599 824 2658 892 μὶ
2679 821 2743 892 δὴ
2769 821 2867 891 τὴν
2915 818 3293 890 ἰερουσαλήμο
3330 837 3349 870 ι
3377 819 3484 872 Καὶ
3515 819 3707 884 ἐπάξω
3741 820 3853 892 τὴν

578 921 832 990 deinceps
860 919 1138 978 vocaberis
1163 920 1356 976 civitas
1371 919 1617 990 justitite,
1636 917 1950 988 metropolis
1975 917 2149 972 ﬁdelis

2249 918 2406 988 χεῖρά.
2433 935 2534 987 μου
2565 917 2657 969 ἐπὶ
2689 917 2768 981 σὲ,
2802 915 2896 968 καὶ
2924 917 3165 984 πυρώσω
3193 914 3275 976 είς
3305 913 3566 985 καθαρὸν,
3609 915 3744 978 τοὺς
3789 915 3852 968 δὲ

580 1001 710 1066 Sion
745 1011 814 1064 ⁸⁸.
854 1031 874 1064 ι
916 1012 1056 1078 Quin
1107 1021 1162 1068 et
1193 1011 1456 1068 Servator
1507 1011 1624 1079 ipse
1663 1009 2010 1080 reprehendit
2054 1007 2148 1063 Ju-

2247 1007 2605 1072 ἀπειθοῦντας
2643 1006 2914 1069 ἀπολέσω,
2965 1005 3060 1059 καὶ
3109 1006 3294 1075 ἀφελῶ
3339 1007 3549 1071 πάντας
3596 1007 3852 1078 ἀνόμους

579 1103 819 1157 daeorum
864 1103 1184 1172 praefectos,
1237 1104 1466 1158 dicens:
1506 1122 1524 1154 ι
1569 1102 1779 1165 Amen,
1821 1116 1978 1155 amen
2025 1099 2148 1154 dico

2246 1101 2356 1155 άπὸ
2401 1101 2516 1166 σοῦ,
2553 1101 2646 1154 καὶ
2692 1099 2901 1161 πάντας
2957 1098 3341 1169 ὑπερηφάνους
3377 1098 3707 1153 ταπεινώσω
3750 1097 3853 1150 καὶ

580 1195 754 1257 vobis,
789 1195 1006 1249 tolletur
1041 1211 1070 1248 a
1110 1194 1267 1249 vobis
1295 1210 1516 1264 regnum
1545 1193 1828 1258 caelorum,
1851 1201 1906 1248 et
1931 1192 2149 1248 dabitur

2246 1193 2526 1262 ἐπιστήσω
2571 1194 2695 1255 τοὺς
2726 1192 2918 1264 κριτάς
2965 1209 3060 1244 σου
3091 1191 3168 1254 ὼς
3198 1189 3257 1244 τὺ
3288 1191 3552 1262 πρότερον
3579 1190 3682 1244 καὶ
3711 1191 3852 1251 τοὺς

579 1287 724 1353 genti
759 1285 914 1340 alteri
954 1285 1148 1342 ferenti
1188 1287 1396 1340 fructus
1423 1285 1542 1353 ejus
1569 1285 1632 1337 ".
1664 1304 1684 1337 ›

2247 1283 2581 1354 συμϐούλους
2618 1301 2708 1337 σου
2743 1283 2819 1346 ὼς
2861 1283 2923 1335 τὸ
2960 1281 3055 1334 ἀπ’
3099 1282 3293 1352 ἀρχῆς,
3333 1282 3425 1335 καὶ
3471 1280 3615 1352 μετά
3664 1279 3853 1334 ταῦτα

580 1376 826 1449 κληθήσῃ
905 1378 1060 1441 πόλις
1127 1377 1494 1446 δικαιοσύνης,
1577 1376 1905 1448 μητρόπολις
1961 1375 2126 1446 πιστὴ
2203 1374 2361 1429 Σιών.
2413 1396 2430 1427 ι
2481 1376 2588 1430 Ναὶ
2635 1375 2741 1446 μὴν
2786 1375 2880 1427 καὶ
2915 1374 3076 1436 αὐτὸς
3114 1375 3143 1426 6
3180 1372 3369 1442 Σωτήρ
3414 1375 3528 1434 τοῖς
3570 1372 3852 1426 Ἰουδαίων

579 1465 919 1535 καθηγηταῖς
969 1463 1203 1536 ἐπετίμα
1252 1465 1456 1534 λέγων’
1511 1484 1530 1515 ι
1565 1465 1756 1537 Ἀμὴν,
1819 1466 1968 1535 ἀμὴν
2013 1465 2156 1533 λέγω
2229 1466 2378 1536 ὑμῖν,
2419 1465 2718 1537 ἀρθήσεται
2784 1466 2875 1534 ἀφ’
2902 1464 3057 1534 ὑμῶν
3086 1466 3119 1534 ή
3156 1463 3401 1534 βασιλεία
3428 1463 3541 1517 τῶν
3571 1463 3847 1536 οὐρανῶν,

579 1560 673 1613 καὶ
710 1558 995 1630 δοθήσεται
1033 1556 1174 1610 ἔθνει
1219 1557 1408 1627 ἑτέρῳ,
1471 1557 1710 1611 ποιοῦντι
1743 1558 1868 1619 τοὺς
1901 1558 2149 1629 καρποὺς
2187 1558 2375 1627 αὐτῆς.
2399 1577 2418 1608 ο
3285 1567 3292 1575 ·

1149 1694 1389 1752 TOMUS
1449 1695 1512 1753 v.
2181 1662 2224 1717 ⁸

2181 1662 2224 1717 Β
2862 1696 3095 1749 ΤοιιοΣ

655 1809 817 1865 Vens.
855 1809 938 1864 18.
1002 1809 1067 1863 Et
1124 1827 1227 1864 non
1294 1811 1541 1864 audietur
1592 1811 1734 1863 ultra
1779 1812 2042 1878 iniustitia
2099 1812 2154 1864 in

2324 1811 2434 1863 Καὶ
2463 1811 2573 1864 οὐκ
2591 1807 3038 1874 ἀκουσθήσεται
3059 1809 3149 1861 ἔτι
3167 1805 3368 1861 ἀδικία
3398 1807 3466 1860 ἐν
3497 1805 3572 1874 τῇ
3596 1805 3680 1876 τῇ
3702 1825 3845 1872 σου,

580 1912 722 1955 terra
767 1912 884 1965 tua,
934 1917 1095 1970 itaque
1143 1901 1415 1966 contritio,
1465 1917 1627 1969 neque
1673 1902 1884 1956 miseria
1939 1903 1997 1956 in
2041 1903 2156 1971 ﬁni-

2253 1901 2398 1956 οὺδὲ
2423 1901 2786 1969 σύντριμμα,
2823 1899 2922 1952 καὶ
2975 1898 3342 1966 ταλαιπωρία
3382 1899 3453 1950 ἐν
3488 1898 3619 1964 τοῖς
3662 1899 3842 1966 ὁρίοις

582 1991 677 2045 bus
717 1992 858 2056 tuis;
893 1993 983 2046 sed
1012 1992 1336 2046 vocabuntur
1381 1992 1526 2046 salus
1581 1995 1719 2045 muri
1761 1993 1860 2058 tui,
1888 2003 1935 2047 et
1987 2002 2156 2062 parua

2253 2007 2393 2054 σου,
2430 1989 2595 2045 ἀλλὰ
2630 1989 2997 2057 κληθήσεται
3043 1988 3341 2058 σωτήριον
3373 1987 3448 2042 τὰ
3484 1990 3662 2057 τείχη
3704 2007 3847 2054 σου,

581 2093 686 2139 tua
721 2084 1011 2153 sculptura.

2256 2082 2357 2136 καὶ
2389 2086 2454 2136 αἰ
2485 2083 2673 2136 πύλαι
2709 2097 2827 2134 σου
2859 2081 3122 2152 τλύμμα.

654 2193 900 2263 Magnam
943 2196 1108 2251 habet
1173 2194 1616 2264 probabilitatem
1663 2194 1860 2252 oratio.
1891 2193 1950 2248 Si
2007 2195 2153 2249 enim

2325 2194 2438 2248 Καὶ
2477 2193 2609 2247 πολύ
2648 2211 2713 2263 γε
2741 2193 2801 2246 τὸ
2831 2193 2978 2256 εἰκὸς
3007 2193 3036 2246 6
3062 2193 3220 2262 λόγος
3251 2191 3385 2263 ἔχει.
3432 2191 3497 2246 Εἰ
3537 2192 3647 2263 γὰρ
3675 2194 3723 2244 οἱ
3746 2193 3846 2262 ἀρ-

580 2285 856 2354 principes
887 2284 1005 2354 ejus
1036 2286 1087 2339 in
1141 2300 1275 2354 pace
1333 2295 1388 2340 et
1427 2286 1664 2356 episcopi
1703 2285 1951 2341 laudibus
1989 2285 2156 2356 justi-

2257 2301 2439 2356 χοντες
2472 2285 2642 2355 αὐτῆς
2669 2283 2728 2336 ὲν
2760 2283 2976 2355 εἰρήνη,
3011 2284 3104 2336 καὶ
3153 2283 3553 2354 διαπρέποντες
3590 2284 3653 2334 ὲν
3684 2283 3848 2352 αὐχή-

585 2377 674 2429 ιῑαι
719 2375 1022 2442 excellant,
1088 2377 1291 2431 valebit
1364 2377 1529 2432 etiam
1595 2391 1809 2447 semper
1865 2379 1971 2432 hoc
2018 2379 2158 2445 apud

2261 2395 2395 2450 μασι
2436 2377 2781 2448 δικαιοσύνης
2825 2378 2875 2429 οἱ
2923 2376 3235 2441 ἐπίσκοποι,
3285 2377 3555 2446 κρατήσει
3606 2376 3826 2438 πάντως

583 2468 848 2536 subditos,
881 2478 940 2522 ut
967 2469 1022 2523 in
1052 2468 1202 2524 omni
1244 2467 1454 2537 justitia
1478 2478 1534 2523 et
1591 2472 1793 2541 pietate
1849 2469 2158 2526 Christiana

2259 2485 2384 2532 που,
2416 2468 2511 2520 καὶ
2561 2467 2715 2537 παρά
2755 2469 2870 2529 τοῖς
2904 2465 3417 2535 ὑπεζευγμένοις,τὸ
3457 2467 3521 2519 ὲν
3550 2466 3743 2537 ἁπάσῃ
3773 2467 3850 2518 διο

583 2557 750 2612 vitam
788 2560 1157 2616 transmittere
1187 2559 1534 2616 contendant.
1583 2579 1602 2613 ι
1644 2559 1762 2616 Non
1788 2562 1912 2627 erit,
1964 2562 2157 2632 inquit,

2259 2559 2539 2629 καιοσύνῃ,
2577 2558 2672 2612 καὶ
2702 2557 2956 2628 εὐσεϐείᾳ
2995 2561 3062 2628 τῇ
3093 2557 3234 2610 κατὰ
3263 2555 3498 2628 Χριστὸν
3533 2557 3848 2626 ἐπείγεσθαι

583 2649 851 2704 contritio
905 2649 959 2704 in
1014 2650 1212 2708 linibus
1261 2653 1391 2708 tuis.
1414 2671 1434 2705 ι
1462 2650 1856 2708 Coutritionem
1890 2653 1979 2709 hic
2005 2663 2162 2710 vocat

2257 2650 2519 2704 διαϐιοῦν.
2540 2671 2558 2702 ι
2581 2651 2694 2704 Οὐκ
2717 2650 2830 2703 ἐστι
2855 2651 2931 2713 δὲ,
2957 2651 3141 2721 φησὶν,
3171 2650 3294 2703 οὐδὲ
3313 2649 3638 2720 σύντριμμα
3660 2654 3720 2703 ὲν
3745 2655 3849 2714 τοῖς

581 2741 692 2795 vim
731 2751 922 2797 contra
977 2742 1279 2799 submissos
1329 2752 1385 2798 et
1409 2742 1674 2798 inﬁrmos.
1700 2742 1978 2811 Ejusmodi
2013 2745 2157 2800 enim

2258 2743 2428 2814 ὁρίοις
2462 2759 2575 2795 σου.
2608 2761 2626 2793 ι
2663 2741 2982 2812 Σύντριμμα
3001 2742 3060 2794 δέ
3089 2760 3221 2812 φησι
3261 2741 3360 2813 τὴν
3381 2742 3731 2809 πλεονεξίαν,
3760 2744 3849 2814 τὴν

587 2832 834 2888 homines
887 2833 1045 2887 facile
1077 2842 1264 2902 patent
1311 2833 1738 2902 incursionibus,
1799 2843 1853 2890 et
1911 2843 2160 2905 prostant

2261 2833 2404 2888 κατά
2428 2850 2494 2902 γε
2522 2833 2632 2888 τῶν
2660 2834 2717 2886 ὲν
2748 2834 2957 2901 ὑφέσει,
2986 2834 3080 2887 καὶ
3117 2833 3394 2905 ἀσθενείᾳ.
3437 2832 3719 2906 Εὗδρομοι
3750 2834 3850 2903 γὰρ

587 2923 823 2992 diripere
850 2922 1180 2991 volentibus,
1210 2933 1463 2995 tanquam
1494 2925 1698 2994 praeda,
1731 2927 2153 2995 promptissime.
2206 2995 2219 2996 ί

2215 2995 2224 2996 7
2261 2929 2311 2981 oi
2337 2925 2554 2992 τοιοίδε,
2596 2927 2690 2979 καὶ
2719 2927 2832 2988 τοῖς
2861 2923 3184 2996 διαρπάζειν
3207 2924 3488 2978 ἐθέλουσιν
3517 2927 3847 2996 ὲτοιμοτάτη

585 3011 775 3082 lnjusti
819 3024 999 3070 autem
1073 3015 1199 3069 olim
1231 3025 1286 3071 et
1359 3016 1575 3071 violenti
1618 3015 1835 3072 fuerunt
1899 3018 2139 3074 Judaica:
2183 2995 2217 3057 ί

2218 2995 2231 3058 ἶ
2263 3016 2582 3088 πρόκεινται
2612 3014 2774 3086 θήρα.
2807 2995 3016 3066 Ἀδικοι
3039 3012 3096 3066 δὲ
3122 3013 3216 3066 καὶ
3242 3011 3565 3065 πλεονέκται
3594 2995 3850 3081 γεγόνασι

587 3103 885 3176 Synagogae
927 3107 1090 3162 duces
1128 3124 1143 3161 :
1200 3122 1262 3161 ac
1292 3107 1502 3177 legibus
1557 3107 1756 3162 divinis
1804 3108 2154 3173 obnitentes,

2262 3107 2404 3162 κατὰ
2433 3093 2659 3177 καιροὺς
2701 3107 2752 3157 οι
2785 3107 2882 3176 τῆς
2927 3103 3197 3158 Ἰουδαίων
3243 3103 3582 3176 Συναγωγῆς
3612 3104 3848 3175 ήγούμεο

585 3209 844 3265 perversa
875 3196 1121 3252 ferebant
1163 3198 1217 3252 in
1249 3212 1307 3252 re
1363 3212 1577 3267 quaque
1608 3197 1830 3268 judicia.
1857 3196 2013 3270 Saepe
2059 3199 2160 3268 igi-
2195 3217 2207 3226 -

2261 3215 2363 3264 vet,
2403 3201 2496 3252 καὶ
2525 3200 2639 3260 τοῖς
2669 3195 2835 3259 θείοις
2867 3195 3054 3266 νόμοις
3096 3196 3572 3265 ἀντανιστάμενοι,
3598 3194 3847 3263 διαστρό-

588 3297 678 3340 tur
722 3299 819 3342 eos
864 3285 1087 3342 Littera:
1139 3302 1309 3343 sacrae
1363 3287 1633 3354 incusant,
1683 3297 1743 3342 ut
1788 3289 1878 3357 qui
1945 3303 2159 3344 summa

2262 3308 2396 3359 φους
2440 3288 2722 3343 ἐποιοῦντο
2763 3287 2861 3351 τὰς
2907 3288 2994 3356 ἐφ’
3026 3287 3243 3356 ἑκάστῳ
3286 3287 3577 3356 πράγματι
3620 3285 3844 3355 κρίσεις.

590 3377 868 3447 impietate
913 3381 980 3433 ad
1029 3379 1174 3435 hunc
1248 3378 1478 3446 lapidem
1542 3381 1938 3452 impingerent,
1974 3383 2045 3435 ita
2103 3389 2160 3435 ut

2261 3384 2511 3437 Αἰτιᾶται
2527 3381 2659 3450 γοῦν
2682 3361 2879 3443 αὐτοὺς
2895 3375 3222 3446 πλεισταχοῦ
3248 3378 3310 3429 τὸ
3331 3377 3568 3447 Γράμμα
3591 3375 3651 3429 τὸ
3680 3374 3842 3445 ἱερὸν,

589 3467 948 3524 intolerandis
1001 3470 1323 3524 criminibus
1393 3473 1836 3540 conspicerentur
1891 3473 2156 3541 impediti.

2261 3477 2337 3539 ὡς
2370 3473 2717 3542 ἀνοσιότητος
2747 3474 2826 3536 εις
2860 3469 3020 3524 τοῦτο
3063 3468 3418 3532 διελάσαντας
3453 3468 3664 3539 μέτρον,
3697 3469 3842 3519 ὥστε

585 3557 801 3612 Alicubi
837 3560 983 3614 enim
1037 3561 1204 3615 dicit:
1253 3559 1498 3616 Prtelecti
1554 3561 1674 3627 ejus
1721 3564 1791 3615 ob
1837 3563 1978 3616 dona
2004 3562 2156 3632 judi-

2262 3567 2358 3619 καὶ
2405 3565 2700 3636 άφορήτοις
2737 3562 3076 3633 ἐγκλήμασιν
3115 3560 3335 3630 ἐνόχους
3379 3560 3523 3620 ὄντας
3566 3557 3806 3626 ὁρᾶσθαι
3827 3575 3843 3588 ·

587 3647 808 3715 cabant,
837 3657 894 3702 et
925 3649 1199 3718 propheta:
1228 3650 1344 3718 ejus
1374 3660 1596 3722 propter
1645 3663 1927 3722 argentum
1965 3655 2160 3709 vatlci-

2263 3656 2392 3710 ποτὲ
2433 3655 2532 3727 μὲν
2586 3655 2695 3724 γάρ
2725 3670 2912 3724 φησιν,
2943 3653 3025 3706 ὅτι
3055 3653 3106 3705 οἱ
3157 3651 3448 3722 ήγούμενοι
3491 3649 3656 3718 αὑτῆς
3700 3650 3850 3716 μετὰ.

589 3737 860 3793 nabantur
888 3737 956 3792 ”.
985 3737 1177 3794 Psallit
1235 3742 1396 3795 etiam
1449 3741 1664 3797 divinus
1724 3741 1922 3799 David:
1970 3762 1990 3796 ι
2021 3743 2160 3801 Con-

2261 3744 2449 3816 δώρων
2477 3742 2720 3816 ἔκριναν,
2755 3742 2852 3797 κα)⁹
2893 3742 2942 3794 οἱ
2977 3741 3255 3813 προφῆται
3292 3740 3463 3810 αὐτῆς
3495 3738 3630 3808 μετά
3663 3739 3842 3808 ἀργυ-

591 3829 742 3884 tritio
788 3839 845 3884 et
883 3830 1102 3886 miseria
1139 3832 1189 3886 in
1220 3832 1324 3888 viis
1364 3847 1574 3900 eorum,
1615 3844 1671 3889 et
1702 3835 1840 3889 viam
1877 3836 2028 3906 pacis
2053 3853 2158 3892 non

2265 3839 2382 3909 ρίου
2411 3835 2790 3908 ἐμαντεύοντο.
2816 3833 3031 3889 Ψάλλει
3057 3833 3112 3886 δὲ
3135 3832 3230 3887 καὶ
3252 3833 3280 3884 6
3323 3831 3634 3895 θεσπέσιος,
3664 3848 3684 3880 ι
3717 3830 3847 3882 Σύν-

587 3933 981 3992 cognoverunt,
1051 3937 1156 3978 non
1213 3935 1298 3980 est
1356 3926 1516 3980 timor
1573 3926 1664 3982 Dei
1701 3935 1828 3982 ante
1855 3929 2042 3986 oculos
2067 3945 2162 3987 eo-

2261 3946 2478 4000 τριμμα
2535 3928 2630 3981 καὶ
2667 3925 3015 3996 ταλαιπωρία
3063 3925 3123 3977 ὲν
3179 3926 3299 3986 ταῖς
3329 3921 3469 3984 ὁδοῖς
3507 3920 3711 3985 αὐτῶν,
3758 3922 3850 3974 καὶ

587 4027 710 4068 rum
739 4013 806 4067 ιι.
833 4032 852 4066 ι
886 4012 1340 4084 Reprehendebat
1389 4026 1445 4071 et
1480 4031 1574 4072 eos
1633 4017 1724 4087 qui
1774 4018 2163 4089 jejunaverunt

2261 4021 2380 4076 ὁδὸν
2408 4021 2631 4091 εἰρήνης
2654 4019 2756 4073 οὐκ
2779 4017 3150 4088 ἐγνωσαν,ούκ
3171 4015 3285 4070 ἐστι
3307 4012 3472 4084 φόϐος
3501 4012 3642 4066 Θεοῦ
3679 4012 3845 4065 ἀπένο

590 4104 966 4161 universorum
1025 4106 1184 4174 Deus,
1233 4107 1315 4162 sic
1362 4107 1586 4164 dicens:
1625 4126 1645 4160 ι
1677 4109 1732 4163 ln
1790 4109 1978 4166 diebus
2015 4112 2161 4167 enim

2260 4127 2382 4164 αντι
2415 4108 2524 4162 τῶν
2557 4108 2854 4179 ὀφθαλμῶν
2909 4105 3108 4160 αὐτῶν.
3147 4125 3166 4157 ι
3214 4103 3483 4174 Ἐπετίμα
3505 4101 3565 4155 δὲ
3589 4103 3684 4156 καὶ
3705 4119 3850 4170 νενη-

583 4191 916 4262 ieiuniorum
929 4203 1261 4262 vestrorum,
1292 4196 1547 4252 invenitis
1573 4197 1879 4253 voluntates
1927 4211 2156 4266 vestras,

2263 4200 2547 4254 στευκόσιν
2568 4203 2596 4254 6
2631 4199 2738 4252 τῶν
2769 4199 2906 4252 ὅλων
2931 4198 3086 4262 Θεὸς,
3118 4195 3261 4250 οὕτω
3304 4195 3511 4264 λέγων’
3553 4213 3574 4246 ι
3629 4194 3720 4248 Ἐν
3746 4194 3851 4264 γάρ

588 4293 876 4388 etomnes
950 4285 1196 4388 Sillim-tos
1246 4283 1481 4357 aﬂligitis
1553 4285 1762 4357 judicio
1813 4299 1868 4346 et
1932 4293 2155 4362 pugnis,
2189 4330 2220 4388 Ε

2216 4295 2381 4386 ,ταῖς
2413 4290 2649 4362 ήμέραις
2678 4289 2786 4343 τῶν
2823 4288 3087 4359 νηστειῶν
3116 4287 3294 4359 ὑμῶν,
3337 4285 3730 4388 εὑρίσκετε-τὰ
3765 4286 3848 4388 θε-

580 4373 845 4444 jejunatis
869 4384 924 4430 et
958 4374 1130 4448 854
1183 4379 1468 4446 percutitis
1514 4381 1704 4451 pugnis
1745 4381 2007 4438 humilem
2031 4386 2099 4438 ".
2135 4404 2154 4438 ι
2189 4373 2212 4388 ⁸

2215 4373 2233 4387 ’
2261 4383 2482 4454 λήματα
2519 4381 2695 4450 ὑμῶν,
2726 4380 2820 4434 καὶ
2855 4380 3063 4444 πάντας
3089 4379 3216 4441 τοὺς
3246 4377 3596 4448 ὑποχειρίους
3619 4375 3847 4430 ὕπονύσ-

587 4464 857 4522 Ριωιθι-θσ
904 4481 1034 4522 voce
1087 4468 1238 4524 Isaiae
1268 4486 1281 4522 :
1315 4488 1336 4522 ι
1368 4469 1803 4540 Concupiverunt
1873 4491 2055 4546 agros,
2106 4487 2163 4534 et

2261 4491 2382 4528 σετε
2410 4475 2490 4536 είς
2516 4473 2750 4544 κρίσεις,
2778 4473 2872 4526 καὶ⁹
2901 4470 3100 4542 μάχας,
3127 4472 3441 4542 νηστεύετε,
3492 4471 3592 4524 καὶ
3620 4471 3846 4524 τύπτετε

589 4556 930 4625 diripuerunt
981 4558 1284 4628 orphanos,
1320 4571 1378 4616 et
1429 4561 1616 4618 domos
1681 4579 2038 4634 occuparunt,
2107 4580 2163 4624 et

2261 4567 2508 4635 πυγμαῖς
2551 4563 2833 4618 ταπεινόν·
2871 4581 2890 4614 ι
2926 4563 3020 4616 καὶ
3073 4563 3296 4633 προσέτι
3343 4562 3559 4625 τούτοις
3617 4561 3709 4615 διὰ
3751 4561 3848 4631 τῆς

586 4647 928 4718 diripuerunt
976 4649 1149 4705 virum
1186 4651 1501 4707 ct'domum
1547 4653 1686 4723 ejus,
1713 4655 1888 4712 virum
1944 4668 1998 4713 et
2057 4661 2165 4716 Im-

2275 4658 2496 4712 Ἡσαῖου
2529 4656 2746 4726 φωνῆς’
2786 4674 2805 4706 t
2840 4654 2952 4708 Καὶ
2977 4653 3289 4724 ἐπεθύμουν
3317 4654 3546 4721 ἀγροὺς,
3583 4654 3678 4706 καὶ
3705 4652 3848 4723 διήρ-

589 4739 874 4795 reditatetn
925 4739 1046 4811 ejus
1068 4741 1116 4773 ”
1143 4779 1160 4796 .
1186 4757 1208 4796 ι
1243 4741 1533 4814 Postquam
1564 4758 1690 4800 vero
1713 4746 1768 4801 hi
1815 4762 1936 4804 esse
1988 4752 2167 4806 desie-

2266 4750 2438 4814 παζον
2482 4749 2773 4821 ὀρφανοὺς,
2824 4749 2922 4800 καὶ
2975 4745 3156 4808 οἴκους
3211 4745 3712 4808 κατεδυνάστευον,
3761 4746 3848 4798 καὶ

588 4837 736 4896 runt,
767 4839 824 4886 et
853 4845 1042 4888 eorum
1081 4833 1202 4889 loco
1249 4835 1516 4893 excitatus
1544 4847 1628 4894 est
1676 4847 1983 4896 sanctorum
2030 4857 2164 4912 apo-

2269 4841 2568 4913 διήρπαζον
2604 4839 2772 4910 ἄνδρα
2812 4839 2906 4891 καὶ
2934 4836 3024 4891 τὸν
3046 4831 3194 4889 οἷκον
3223 4834 3413 4897 αὐτοῦ,
3437 4834 3610 4906 ἄνδρα
3634 4837 3732 4888 καὶ
3755 4835 3849 4904 τὴν

588 4921 848 4976 ειοΙοι-υιιι
901 4925 1101 4980 chorus
1129 4944 1143 4993 ;
1173 4936 1229 4982 et
1258 4928 1351 4997 qui
1393 4941 1516 4998 post
1540 4930 1663 4986 illos
1691 4945 1880 4988 eorum
1931 4935 2160 5005 vestigia

2269 4933 2632 5007 κληρονομίαν
2660 4931 2843 4986 αὐτοῦ.
2880 4949 2900 4981 ι
2944 4929 3161 5001 Ἐπειδὴ
3187 4930 3461 4982 πέπαυται
3487 4930 3588 4999 μὲν
3610 4929 3685 4984 τά
3712 4930 3847 4982 ὲκεί-

593 5010 750 5078 sequi
779 5013 1084 5079 studentes,
1118 5024 1267 5071 recte
1291 5026 1481 5072 secant
1510 5019 1751 5074 veritatis
1774 5035 2078 5078 sermonem
2091 5025 2160 5092 ’⁸,

2267 5041 2396 5088 νων,
2425 5023 2824 5093 ἀντεγήγερται
2845 5021 2904 5073 δὲ
2925 5020 3036 5072 τῶν
3066 5019 3237 5086 άγίων
3262 5018 3583 5071 ἀποστόλων
3604 5020 3636 5071 6
3668 5019 3844 5090 χορὸς,

587 5103 886 5172 optimique
916 5103 1054 5159 ﬁunt
1079 5105 1337 5175 subjectae
1378 5107 1549 5178 plebis
1581 5112 1855 5183 paedagogi
1881 5131 1894 5168 :
1918 5113 2042 5168 hinc
2066 5130 2167 5169 nec

2267 5119 2361 5170 καὶ
2384 5117 2432 5168 oi
2464 5116 2581 5185 μετ’
2603 5113 2843 5175 ἐκείνους
2863 5111 2944 5164 ἐτι
2971 5113 3085 5174 τοῖς
3109 5109 3287 5162 αὐτῶν
3323 5109 3493 5180 ἴχνεσι
3518 5109 3846 5163 κατακολου-

589 5197 708 5250 sine
753 5211 922 5253 causa
964 5198 1096 5253 dicit
1129 5214 1234 5253 non
1268 5199 1407 5256 ultra
1441 5201 1496 5256 in
1541 5211 1683 5260 terra
1712 5222 1898 5261 eorum
1922 5209 2161 5264 auditum

2264 5207 2376 5261 θεῖν
2408 5205 2799 5268 σπουδάζοντες
2828 5200 3186 5271 ὀρθατομοῦσι
3217 5199 3316 5272 μὲν
3340 5199 3443 5270 τῆς
3471 5199 3731 5270 ἀληθείας
3758 5200 3845 5253 τὸν

589 5287 654 5341 iri
694 5288 1042 5358 injustitiant,
1078 5291 1171 5346 sed
1203 5306 1302 5346 nec
1324 5294 1704 5351 contritionem
1731 5313 1830 5353 nec
1863 5299 2161 5366 miseriam;

2263 5299 2441 5365 λόγον,
2472 5295 2685 5366 ἄριστοι
2707 5294 2764 5348 δὲ
2795 5291 2905 5346 τῶν
2938 5292 3042 5344 ὑπὸ
3070 5293 3230 5362 χεῖρα
3267 5289 3525 5360 γεγόνασι
3570 5292 3843 5359 παιδαγω-

590 5383 682 5434 sed
715 5383 988 5438 vocandas
1013 5397 1135 5438 esse
1186 5398 1368 5440 muros
1404 5383 1520 5454 ejus
1581 5389 1838 5453 salutare.
1878 5402 1934 5446 et
1987 5402 2167 5460 portas

2265 5388 2370 5457 γοέ.
2406 5386 2696 5457 Ταύτῃτοι,
2723 5384 2818 5436 καὶ
2849 5381 2992 5451 μάλα
3024 5379 3260 5443 εἰκότως,
3275 5380 3372 5432 οὐκ
3402 5380 3483 5434 ἔτι
3512 5381 3613 5449 μὲν
3633 5381 3842 5434 ἀδικίαν

595 5474 954 5540 sculpturam.
987 5474 1192 5541 Muros,
1222 5484 1283 5531 ut
1327 5490 1429 5547 ego
1489 5479 1743 5545 arbitror,
1771 5482 1902 5538 dicit
1951 5492 2164 5539 sanctos

2266 5485 2324 5534 ἐν
2362 5483 2428 5550 τῇ
2482 5480 2552 5548 γῇ
2589 5475 2773 5530 αὐτῶν
2823 5469 3257 5542 άκουσθήσεσθαί
3309 5487 3494 5540 φησιν,
3557 5472 3675 5525 ἀλλ’
3725 5471 3839 5524 οὐδὲ

669 5670 844 5745 ‘flsa.
870 5672 1142 5745 t_._‘2‘5,26.
1223 5675 1263 5706 ¹⁹
1305 5675 1489 5729 Matth.
1527 5693 1637 5740 ut,
1673 5679 1757 5732 45.
1876 5680 1920 5711 ²⁰
1959 5678 2117 5735 Mich.
2171 5693 2264 5745 ιιι,

2203 5694 2264 5745 ιι,
2323 5677 2403 5734 ll.
2529 5681 2570 5710 ἰ
2598 5676 2736 5733 l‘sal.
2777 5691 2898 5740 xm,
2933 5675 2984 5729 3.
3058 5673 3100 5704 ²²
3132 5672 3234 5725 Ιδιι.
3270 5686 3416 5732 LVIII,
3449 5671 3500 5736 3,
3537 5672 3587 5725 ι.
3668 5674 3710 5704 ³³
3741 5672 3835 5727 lea.

600 5753 658 5806 ι,
682 5740 736 5793 2.
809 5739 852 5770 ⁸⁸
889 5737 928 5792 Il
955 5741 1096 5797 Tim.
1140 5745 1292 5804 ".18
1327 5746 1413 5798 23'.
