4134 6302
332 341 466 397 1565

1443 341 1506 396 ΙΝ
1547 339 1780 396 ISAIAM
1819 339 1949 398 LIB.
1993 339 2054 396 V.
2105 339 2341 398 TOMUS
2383 344 2443 398 V.

3426 344 3563 399 1566

329 456 660 527 σύντριμμα,
686 454 778 508 καλ⁵
795 452 1198 522 ταλαιπωρίαν·
1229 453 1593 524 κληθήσεσθαι
1617 455 1673 507 δὲ
1699 454 1897 525 μᾶλλον

2010 456 2336 528 paedagogos,
2378 456 2473 528 qui
2507 456 2818 527 dogmatum
2858 465 2913 511 et
2941 455 3223 510 moraliutn
3267 471 3568 528 prmeepto-
3611 426 3621 454 1

328 549 592 618 σωτήριον
622 545 690 599 τὰ
711 546 863 617 τείχη
894 544 1084 614 αὐτῆς,
1110 543 1338 615 γλύμμα
1364 545 1420 598 δὲ
1449 547 1542 598 καὶ
1574 545 1672 609 τὰς
1706 545 1898 608 πύλας,

326 635 479 706 τείχη
504 635 583 703 δὲ,
612 635 688 698 ὥς
715 651 779 703 γε
797 631 970 703 οἶμαι,
993 631 1126 701 φησὶ⁵
1153 632 1280 694 τοὺς
1294 633 1482 700 ἁγίους
1500 633 1900 703 παιδαγωγοὺς,

326 726 682 796 δογματικαῖς
714 742 774 778 τε
820 723 912 776 καὶ
957 721 1176 791 ἠθικαῖς
1235 723 1582 794 εἰσηγήσεσιν
1619 723 1905 794 ἀσφαλιζο-

332 818 522 888 μένους
576 817 676 886 τὴν
717 812 1060 884 Ἐκκλησίαν,
1106 812 1248 866 ὥστε
1300 815 1396 867 καὶ
1443 814 1716 869 ἀνάλωτον
1764 811 1903 869 εἶναι

326 909 439 970 τοῖς
472 906 704 978 ἐχθροῖς,
739 904 844 957 κᾶν
871 903 982 957 εἴτε
1021 903 1168 966 τινὲς
1195 898 1305 957 εῖεν
1332 905 1537 976 ὁρατοὶ,
1566 906 1662 958 εἴτ’
1688 903 1780 960 οὖν
1811 909 1905 961 καὶ

326 999 567 1069 ἀόρατοι.
609 996 670 1047 Ol
720 993 877 1048 αὐτοὶ
909 992 954 1046 δ’
984 991 1051 1046 ἃν
1083 987 1196 1047 εἷεν
1224 993 1320 1048 καὶ
1367 993 1552 1062 πύλαι,
1580 995 1674 1049 ἆτε
1712 996 1777 1067 δὴ
1812 996 1906 1049 καὶ

327 1087 672 1156 εἰσαγωγικῷ
748 1085 1022 1158 χρώμενοι
1073 1086 1236 1156 λόγῳ,
1293 1087 1389 1140 καὶ
1430 1086 1773 1159 εἰσφέροντες
1820 1087 1906 1141 διὰ

329 1181 558 1242 πίστεως
585 1181 663 1241 εἰς
694 1178 990 1247 ἐπίγνωσιν
1015 1177 1273 1249 ἀληθείας
1301 1179 1426 1243 τοὺς
1462 1177 1568 1242 ἔξω
1589 1179 1725 1243 τέως
1748 1179 1906 1244 ὄντας

326 1271 516 1340 αὐτῆς.
548 1269 780 1340 Γλύμμα
824 1269 882 1321 δὲ
922 1270 1004 1338 ὅτι
1038 1269 1370 1342 περικαλλὴς
1397 1265 1467 1340 ἦν
1512 1271 1653 1339 ἄγαν
1690 1273 1718 1325 ὁ
1751 1271 1906 1340 λόγος

328 1363 530 1427 αὐτοῖς,
546 1361 643 1415 καὶ
660 1355 772 1415 οἷον
801 1363 880 1424 είς
903 1360 1159 1432 ἀλήθειαν
1181 1362 1686 1433 ἐκτετορνευμένος’
1707 1362 1904 1432 εὐπρε-

329 1453 428 1516 πὲς
459 1453 568 1524 γὰρ
594 1451 738 1505 ἅπαν
765 1451 828 1504 τὸ
857 1449 1238 1520 γεγλυμμένον
1256 1465 1272 1482 ⁸
1298 1450 1392 1504 κοιλ¹
1418 1452 1468 1504 οί
1497 1451 1597 1522 μὲν
1645 1451 1908 1522 Ἑϐδομὴ-

329 1559 494 1597 κοντα
525 1541 727 1611 ταύτην
757 1541 1023 1596 δεδώκασι
1055 1542 1156 1613 τὴν
1207 1541 1526 1612 ἑρμηνείαν,
1557 1544 1606 1595 οἱ
1637 1541 1692 1595 δὲ
1732 1542 1906 1613 ἕτεροι

329 1632 436 1685 τῶν
478 1631 850 1702 ἐρμηνευτῶν,
905 1631 1028 1685 ἀντὶ
1071 1630 1164 1684 τοῦ
1211 1631 1440 1701 γλύμμα
1494 1631 1769 1684 τεθείκασι
1815 1631 1908 1684 τὸν

344 1721 570 1792 Ἰησοῦν.
611 1723 769 1774 Ἐστι
823 1723 879 1774 δὲ
927 1723 1021 1776 καὶ
1065 1720 1226 1774 τοῦτο
1273 1721 1486 1792 ἀληθές.
1539 1721 1754 1792 Ὠραῖος
1801 1721 1908 1789 γὰρ

2004 563 2123 602 rum
2174 548 2440 604 doctrinis
2508 546 2808 602 Ecclesiam
2857 549 3142 613 muniunt,
3187 558 3246 602 ut
3296 549 3418 618 capi
3459 564 3564 604 non

2000 640 2172 709 possit
2218 639 2287 692 ab
2326 639 2594 704 hostibus,
2622 640 2738 695 sive
2775 639 2854 694 illi
2889 640 3000 694 sint
3029 640 3404 709 aspectabiles,
3455 643 3570 696 sive

2004 732 2435 801 inaspeclahiles.
2477 731 2645 786 lidem
2677 741 2903 802 possunt
2943 734 3106 788 etiam
3148 747 3266 789 esse
3303 742 3468 803 portae
3512 743 3570 788 nt

2002 823 2092 890 qui
2142 820 2425 892 isagogicis
2466 829 2685 875 utantur
2761 822 3101 878 sermonibus
3146 837 3238 877 seu
3281 822 3571 878 institutio-

2005 913 2184 975 nibus,
2216 923 2270 966 ct
2295 928 2391 980 per
2422 912 2582 966 [idem
2611 913 2880 967 adducant
2907 913 2974 966 ad
3012 913 3340 983 agnitionem
3373 914 3571 968 verita-

2006 1003 2076 1056 tis
2111 1018 2205 1055 eos
2257 1001 2348 1069 qui
2386 1011 2496 1055 tum
2527 1003 2596 1056 ab
2619 1015 2681 1055 ea
2715 1001 2935 1056 fuerunt
2962 1002 3199 1058 alienati.
3228 1002 3570 1072 Sculpturam

2005 1101 2184 1148 autem
2215 1093 2356 1160 quod
2386 1091 2607 1160 pulchra
2642 1103 2697 1146 et
2731 1092 2948 1161 elegans
2989 1093 3061 1146 sit
3089 1107 3276 1147 eorum
3311 1097 3504 1159 oratio,
3518 1102 3573 1147 et

2007 1184 2073 1236 ad
2123 1182 2411 1238 veritatem
2460 1183 2616 1252 quasi
2668 1192 2900 1238 tornata.
2941 1181 3256 1253 Speciosum
3298 1192 3383 1238 est
3421 1186 3570 1238 "enim

2006 1271 2310 1333 admodum,
2338 1273 2480 1342 quod
2510 1282 2592 1327 est
2641 1272 2890 1328 caelatum
2928 1281 2982 1326 et
3036 1273 3284 1342 politum.
3325 1273 3390 1327 Et
3437 1275 3573 1328 hanc

2005 1362 2223 1430 quidem
2275 1363 2775 1433 interpretationem
2841 1367 3102 1420 dederunt
3193 1367 3567 1436 Septuaginta.

2005 1452 2108 1506 Alii
2145 1452 2471 1523 interpretes
2519 1469 2616 1522 pro
2645 1453 2872 1526 γλύμμα
2902 1466 3205 1524 posuerunt
3250 1456 3451 1511 Jesum.
3477 1457 3572 1512 Est

2009 1543 2192 1600 autem
2242 1545 2369 1598 illud
2399 1559 2615 1614 quoque
2652 1561 2862 1623 verum.
2897 1547 3186 1616 Speciosus
3222 1549 3363 1602 enim
3401 1549 3570 1603 l'orma

2005 1651 2116 1705 pra:
2162 1636 2287 1692 filiis
2318 1637 2595 1691 hominum
2625 1637 2671 1668 "
2695 1645 2751 1692 et
2793 1647 3134 1708 nuncupatur
3160 1649 3214 1692 et
3251 1649 3354 1702 est,
3399 1639 3575 1692 illum-

2007 1743 2112 1798 que
2149 1737 2408 1798 tanquam
2443 1742 2632 1784 muros
2681 1737 2737 1785 et
2788 1737 2971 1798 portas
3005 1730 3359 1799 possedimus.
3407 1729 3575 1784 Munit

331 1812 514 1866 κάλλει
546 1813 695 1884 παρὰ
729 1814 854 1875 τοὺς
883 1813 1032 1875 υίοὺς
1061 1811 1167 1864 τῶν
1205 1811 1510 1881 ἀνθρώπων
1533 1810 1905 1882 κεχρημάτικέ

2010 1817 2149 1871 enim
2179 1832 2278 1871 nos
2326 1814 2582 1871 ineﬂ'abili
2620 1819 2881 1888 potentia,
2921 1825 2976 1873 et
3011 1829 3322 1875 sanetorum
3354 1819 3574 1890 angelo-

329 1922 388 1958 τε
427 1903 522 1958 καὶ
558 1903 695 1968 ἐστι,
730 1903 879 1974 τείχη
925 1904 982 1956 δὲ
1020 1904 1203 1966 αὑτὸν,
1238 1903 1334 1956 καὶ
1392 1901 1566 1964 πύλας
1607 1901 1908 1971 πεπλουτη-

329 2010 524 2064 καμεν.
569 1993 951 2063 Ἀσφαλίζεται
981 1993 1090 2065 γὰρ
1116 1995 1263 2064 ἡμᾶς
1289 1993 1515 2064 ἀρρήτῳ
1543 1992 1789 2063 δυνάμει,
1813 1992 1910 2046 καὶ

326 2089 448 2149 ταῖς
483 2084 589 2139 τῶν
625 2085 793 2155 ἁγίων
821 2085 1069 2153 ἀγγέλων
1112 2085 1491 2154 ἐπικουρίαιςο
1522 2103 1542 2136 ε
1583 2081 1909 2137 Ἐντελεῖται

328 2176 468 2247 γὰρ,
527 2179 699 2248 φησὶ,
749 2179 861 2240 τοῖς
927 2177 1181 2246 ἀγγέλοις
1227 2174 1394 2230 αὑτοῦ
1444 2175 1577 2245 περὶ
1628 2173 1725 2228 σοῦ
1751 2215 1767 2240 ,
1813 2174 1906 2227 τοῦ

328 2267 648 2336 διαφυλάξαι
679 2284 738 2320 σε
767 2268 825 2320 ἐν
845 2267 1048 2330 πάσαις
1067 2269 1190 2330 ταῖς
1217 2266 1357 2329 ὁδοῖς
1384 2275 1537 2318 σουἿ
1566 2265 1662 2318 καὶ
1697 2282 1716 2316 ι
1749 2265 1901 2334 Παρ-

330 2363 559 2433 εμὸαλεῖ
608 2363 838 2431 ἄγγελος
905 2363 1110 2434 Κυρίου
1165 2360 1351 2430 κύκλῳ
1396 2358 1504 2414 τῶν
1558 2357 1906 2430 φοϐουμένων

329 2454 510 2521 αὐτὸν,
539 2455 633 2507 καὶ
673 2453 860 2522 ῥύεται
897 2451 1113 2514 αὐτούς.
1153 2469 1172 2502 ι
1219 2450 1524 2522 Ἐρχόμεθα
1553 2450 1611 2504 δὲ
1643 2449 1712 2505 δι’
1739 2451 1904 2505 αὑτοῦ

331 2546 409 2608 είς
453 2544 746 2612 ἐπίγνωσιν
792 2541 886 2596 τοῦ
927 2541 1161 2613 Πατρδς,
1200 2543 1294 2595 καὶ
1337 2541 1530 2612 γέγονε
1575 2541 1713 2612 πρὸς
1748 2543 1906 2596 τοῦτο

332 2636 426 2688 καὶ
449 2634 608 2706 θύρα,
640 2635 736 2690 καὶ
758 2633 922 2706 πύλη,
952 2634 1050 2688 καὶ
1080 2633 1220 2697 ὁδός.
1257 2635 1402 2704 Ἔφη
1433 2633 1562 2700 γοῦν
1581 2634 1660 2686 ὅτι
1698 2653 1716 2685 ‹
1763 2632 1905 2702 Ἐγώ

332 2727 446 2795 είμι
476 2729 510 2796 ἡ
531 2726 690 2798 θύρα,
713 2727 808 2781 καὶ
834 2728 869 2796 ἡ
903 2725 1039 2791 ὁδὸς,
1073 2725 1167 2780 καὶ
1193 2724 1368 2788 οὐδεὶς
1399 2724 1617 2798 ἔρχεται
1649 2725 1785 2796 πρὸς
1810 2725 1904 2778 τὸν

2008 1921 2126 1960 rum
2176 1907 2462 1975 prasidiis.
2491 1913 2530 1978 ξι
2571 1906 2849 1963 Mandabit
2918 1923 3173 1979 namque,
3232 1910 3426 1979 inquit,
3475 1926 3574 1963 an-

2007 1998 2142 2082 gelis
2182 1999 2298 2052 suis
2335 2000 2404 2055 de
2438 2013 2508 2064 te,
2543 2011 2602 2054 ut
2626 2003 2935 2056 custodiant
2973 2011 3025 2056 te
3059 2003 3109 2056 in
3169 2002 3422 2058 omnibus
3469 2003 3574 2056 viis

2009 2089 2116 2143 tuis
2141 2088 2207 2143 ⁸⁸.
2233 2106 2253 2141 ι
2291 2090 2386 2145 Et:
2433 2108 2452 2142 ι
2479 2089 2666 2146 Castra
2698 2102 2860 2161 ponet
2911 2092 3135 2162 angelus
3178 2091 3386 2146 Domini
3414 2091 3560 2147 circa

2012 2179 2262 2234 timentes
2296 2195 2373 2245 se,
2414 2187 2468 2234 et
2503 2189 2658 2235 eruet
2693 2195 2787 2235 eos
2807 2181 2875 2234 ’⁷.
2913 2199 2932 2234 ›
2967 2180 3044 2235 Ac
3068 2196 3162 2248 per
3201 2180 3350 2234 illum
3383 2181 3564 2250 ingre-

2012 2271 2192 2326 dimur
2223 2273 2290 2326 ad
2326 2271 2652 2342 agnitionem
2681 2272 2882 2336 Patris,
2914 2282 2968 2328 et
3001 2272 3212 2326 exstitit
3244 2273 3310 2328 ad
3347 2272 3462 2328 haec
3483 2287 3577 2327 os-

2018 2361 2170 2426 tium,
2206 2370 2259 2415 et
2296 2368 2473 2430 porta,
2503 2361 2680 2416 etvia.
2718 2362 2861 2416 Dixit
2889 2363 3194 2434 siquidem:
3241 2382 3259 2414 ι
3288 2362 3401 2432 Ego
3457 2377 3577 2417 sum

2013 2451 2235 2517 ostium,
2279 2461 2334 2504 et
2359 2453 2466 2517 via,
2498 2461 2554 2508 et
2600 2467 2758 2508 nemo
2786 2453 2936 2508 venit
2978 2454 3043 2506 ad
3081 2451 3319 2511 Patrem.
3348 2453 3450 2507 nisi
3482 2468 3580 2523 per

2015 2556 2100 2596 me
2124 2541 2192 2596 ’⁸.
2231 2561 2249 2594 ι
2288 2543 2380 2598 Est
2427 2544 2593 2599 etiam
2632 2544 2910 2614 sculptura
2938 2558 3032 2598 seu
3065 2542 3237 2598 forma
3269 2553 3324 2598 et
3371 2545 3581 2614 species

2012 2633 2130 2704 ejus
2157 2635 2247 2703 qui
2283 2635 2488 2705 genuit,
2532 2644 2587 2689 et
2615 2635 2901 2690 character
2967 2636 3282 2691 substantia:
3345 2635 3486 2706 ejus,
3525 2645 3582 2694 et

2012 2725 2224 2798 imago,
2262 2737 2422 2796 atque
2456 2726 2710 2796 splendor
2739 2726 2922 2798 gloriae
2945 2725 3082 2796 ejus.

331 2819 570 2889 Rari-pa,
601 2820 649 2872 εί
703 2817 778 2888 μὴ
801 2818 870 2870 δι’
899 2816 1057 2889 ἐμοῦ.
1093 2837 1112 2870 ›
1154 2817 1309 2873 Ἐστι
1364 2819 1420 2872 δὲ
1457 2818 1551 2872 καὶ
1593 2818 1842 2889 γλύμμα,
1912 2817 2186 2873 τουτέστιν
2224 2821 2257 2890 ἡ
2303 2819 2504 2892 μορφὴ,
2546 2819 2732 2873 καὶτὸ
2782 2814 2923 2883 εἶδος
2967 2817 3060 2874 τοῦ
3103 2819 3352 2886 τεκόντος
3392 2820 3578 2886 αὐτὸν,

334 2911 425 2962 καὶ
453 2908 737 2982 χαρακτὴρ
759 2909 860 2980 τῆς
882 2907 1231 2973 ὑποστάσεως
1251 2908 1440 2975 αὐτοῦ,
1472 2909 1565 2962 καὶ
1591 2908 1778 2972 εἰκὼν,
1810 2909 1906 2963 καὶ
1941 2909 2284 2981 ἀπαύγασμα
2311 2915 2410 2981 τῆς
2442 2909 2599 2980 δόξης
2637 2909 2822 2965 αὐτοῦ.

403 3001 512 3057 Καὶ
555 3003 667 3055 οὐκ
716 2999 890 3054 ἔσται
942 3015 1041 3054 σοι
1072 3002 1108 3054 δ
1144 3000 1316 3068 ἣλιος
1361 3002 1448 3066 εἰς
1494 3000 1621 3070 φῶς
1661 3000 1907 3069 ἡμέρας,

2088 3003 2250 3056 Vsus.
2279 3003 2366 3067 19,
2391 3003 2480 3056 20.
2520 3003 2584 3055 Et
2620 3018 2726 3056 non
2769 3003 2868 3056 erit
2897 3001 2992 3055 tibi
3019 3003 3100 3056 tot
3141 3003 3198 3057 in
3235 3002 3402 3057 lucem
3449 3004 3575 3070 diei,

331 3093 474 3149 οὐδὲ
521 3089 788 3160 ἀνατολὴ
829 3090 1098 3159 σελήνης
1143 3089 1346 3160 φωτιεῖ
1388 3105 1487 3144 σοι
1530 3090 1645 3158 τὴν
1693 3091 1905 3156 νύκτα,

329 3186 467 3240 ἀλλ’
513 3184 684 3238 ἔσται
725 3197 826 3236 σοι
865 3181 1083 3250 Κύριος
1104 3179 1231 3250 φῶς
1267 3180 1526 3241 aidmor,
1567 3180 1664 3233 καί
1699 3183 1732 3233 ὀ
1764 3179 1906 3244 Θεὸς

332 3274 482 3338 δόξα
511 3290 649 3328 σου.
677 3275 761 3327 Οὐ
792 3274 902 3342 γὰρ
932 3273 1179 3326 δύσεται
1208 3275 1241 3327 ό
1268 3272 1444 3339 ἥλιός
1468 3286 1588 3334 σοι,
1617 3271 1716 3326 καὶ
1738 3272 1776 3339 ή
1806 3287 1906 3325 σε·

329 3367 489 3434 λήνη
518 3368 629 3421 οὐκ
665 3366 954 3434 ἐκλείψει.
994 3367 1206 3418 Ἔσται
1239 3363 1351 3434 γάρ
1398 3379 1498 3418 σοι
1530 3364 1743 3432 Κύριος
1780 3361 1906 3432 φῶς

331 3457 591 3514 αιώνιον.

403 3549 690 3602 Βούλονταί
717 3567 861 3612 τινες
897 3549 988 3602 διὰ
1013 3549 1114 3620 τῆς
1141 3547 1250 3601 τῶν
1295 3546 1673 3619 προκειμένων
1698 3546 1906 3610 ἐννοίας

331 3641 626 3710 ἀποφέρειν
665 3642 813 3711 ἡμᾶς
847 3642 926 3703 εῖς
968 3657 1031 3708 γε
1063 3641 1126 3692 τὺ
1171 3639 1372 3710 χρῆναί
1401 3657 1453 3693 τι
1504 3638 1746 3692 τοιοῦτον
1776 3638 1906 3690 ὑπο⁴

333 3735 492 3786 νοεῖν.
541 3733 632 3785 Ἐν
663 3732 908 3800 ἐσχάτοις
935 3731 1044 3800 γὰρ
1071 3730 1166 3783 τοῦ
1210 3730 1404 3792 αίῶνος
1435 3731 1646 3798 καιροῖς
1671 3731 1906 3798 ἐγηγερ-

339 3820 514 3890 μένων
541 3819 652 3872 τῶν
677 3820 734 3871 ἐν
760 3821 838 3893 ,γῇ
878 3819 1168 3889 κειμένων.
1196 3820 1290 3872 καὶ
1330 3819 1826 3887 καταφοιτὴσαντος
1848 3818 1907 3884 ἐξ

336 3908 566 3981 οὐρανοῦ
612 3908 706 3962 τοῦ
758 3910 973 3963 πάντων
1014 3908 1171 3979 ἡμῶν
1199 3910 1449 3979 Σωτῆρος
1487 3909 1725 3980 Χριστοῦ
1770 3910 1907 3980 μετὰ

336 4002 447 4057 τῶν
466 4002 639 4070 ἁγίων
661 4001 908 4070 ἀγγέλων
947 4002 1004 4054 ἐν
1025 4002 1091 4071 τῇ
1118 3998 1243 4073 δόξῃ
1263 3999 1357 4053 τοῦ
1379 3999 1611 4072 Πατρὸς,
1633 4000 1910 4072 ἀπρακτὴ-

338 4114 421 4150 σει
453 4095 554 4167 μέν
585 4097 618 4164 ἡ
658 4093 768 4146 τῶν
814 4091 1091 4163 στοιχείων
1117 4091 1455 4162 λαμπρότης,
1489 4091 1708 4154 καινοὺς
1739 4091 1796 4144 δὲ
1819 4093 1910 4144 οὐ·

337 4188 551 4260 ρανοὺς,
576 4187 672 4239 καὶ
701 4185 894 4256 καινὴν
930 4183 1054 4254 γῆν,
1091 4184 1184 4237 καὶ
1210 4183 1276 4236 τὰ
1315 4183 1704 4253 ἐπαγγέλματα
1745 4183 1909 4250 αὐτοῦ

335 4277 744 4351 προσδοκῶμεν,
767 4275 906 4331 κατὰ
925 4277 987 4329 τὸ
1005 4275 1404 4346 γεγραμμένον.
1429 4276 1573 4346 Ἔφη
1594 4275 1651 4327 δέ
1673 4293 1725 4329 τι
1745 4275 1912 4328 τοιοῦ-

2010 3111 2174 3164 neque
2234 3094 2374 3147 (una:
2414 3103 2560 3146 ortus
2615 3093 2948 3146 collustrabit
3003 3101 3052 3146 te
3097 3103 3290 3148 noctu:
3337 3095 3426 3148 sed
3481 3096 3580 3148 erit

1971 3245 1985 3260 .
2010 3186 2105 3238 tibi
2152 3184 2400 3238 Dominus
2435 3184 2528 3237 ius:
2566 3193 2782 3248 wterna,
2829 3195 2876 3237 et
2912 3183 3045 3238 Deus
3079 3185 3247 3254 gloria
3295 3195 3404 3238 tua.
3456 3184 3581 3238 Non

2011 3275 2151 3330 enim
2194 3277 2390 3330 occidet
2415 3273 2496 3329 sol
2548 3273 2666 3340 tibi,
2694 3284 2744 3328 et
2781 3274 2907 3328 luna
2938 3283 2987 3328 te
3015 3290 3115 3330 non
3165 3275 3384 3344 deﬁciet.
3434 3275 3578 3330 Nam

2011 3365 2110 3418 erit
2145 3364 2240 3418 tibi
2274 3363 2528 3418 Dominus
2575 3363 2667 3417 tua:
2691 3373 2908 3418 (eterna.

2080 3539 2247 3613 855
2269 3537 2470 3594 Volunt
2491 3538 2708 3608 quidam
2725 3554 2791 3594 ex
2805 3548 2992 3595 senten
3001 3539 3072 3594 tia
3086 3539 3276 3594 horum
3291 3539 3577 3594 verborum

2015 3651 2111 3691 nos
2141 3637 2426 3698 adducere,
2459 3640 2518 3686 ut
2549 3631 2653 3686 tale
2677 3632 2934 3703 quiddam
2975 3633 3359 3703 intelligamus.
3390 3631 3582 3686 Extre-

2015 3725 2116 3780 mis
2168 3725 2313 3778 enim
2347 3723 2528 3779 saeculi
2569 3725 2926 3793 temporibus,
2953 3725 3205 3780 excitatis
3259 3724 3348 3781 his
3390 3725 3483 3793 qui
3525 3725 3578 3777 in

2017 3827 2157 3872 terra
2178 3816 2384 3884 iacent,
2415 3822 2469 3869 et
2510 3815 2878 3870 descendente
2911 3815 2976 3868 de
3010 3815 3150 3868 caelo
3204 3815 3446 3868 omnium
3485 3830 3582 3866 no-

2016 3918 2188 3961 strum
2225 3907 2518 3964 Servatore
2548 3907 2801 3970 Christo,
2861 3920 2984 3959 cum
3030 3904 3232 3958 sanctis
3266 3902 3468 3971 angelis
3527 3903 3581 3956 in

2015 3999 2184 4068 gloria
2236 3997 2433 4063 Patris,
2481 3997 2666 4050 irritus
2715 3995 2812 4049 ﬁet
2865 3991 3256 4047 elementorum
3307 3991 3578 4060 Splendor,

2017 4106 2293 4160 novosque
2321 4091 2508 4154 caelos,
2546 4104 2609 4144 ac
2645 4101 2841 4142 novam
2875 4094 3074 4151 terram
3102 4093 3156 4138 et
3193 4082 3581 4152 promissiones

2015 4186 2134 4253 eius
2165 4192 2570 4252 exspectamus,
2599 4181 2888 4236 secundum
2925 4179 2978 4234 id
3008 4179 3149 4246 quod
3183 4175 3446 4246 scriptum
3471 4185 3573 4232 est.

2017 4276 2148 4331 Tale
2178 4275 2304 4345 quid
2337 4273 2472 4328 dixit
2500 4273 2663 4327 etiam
2712 4271 2969 4325 Servatur
3021 4277 3246 4323 noster:
3277 4283 3297 4318 σ
3359 4262 3416 4319 1η
3468 4264 3586 4320 die-

334 4385 428 4422 τον
458 4369 552 4422 καὶ
583 4367 745 4432 αὐτὸς
769 4368 798 4419 ὁ
828 4365 1038 4436 Σωτὴρ,
1063 4367 1144 4419 ὅτι
1181 4385 1198 4417 ι
1245 4366 1334 4418 Ἐν
1357 4369 1473 4428 ταῖς
1505 4365 1738 4436 ἡμέραις
1766 4365 1907 4419 ὲκεί-

2015 4366 2114 4420 bns
2147 4364 2253 4418 illis
2282 4362 2361 4418 sol
2394 4360 2859 4426 oblenebrabitur,
2885 4368 2938 4414 et
2969 4358 3091 4412 luna
3141 4371 3245 4412 non
3289 4355 3436 4411 dabit
3491 4355 3577 4409 lu-

333 4477 452 4522 ναις
480 4461 510 4512 ὁ
550 4458 702 4530 ἡλιος
747 4455 1179 4527 σκοτισθήσεται,
1211 4456 1304 4510 καὶ
1349 4457 1384 4524 ἡ
1421 4455 1618 4525 σελήνη
1653 4455 1714 4507 οὐ
1757 4454 1907 4508 δώσει

2010 4471 2138 4512 men
2172 4469 2327 4509 suum
2360 4453 2425 4506 ".
2469 4471 2488 4504 ι
2513 4451 2656 4506 Satis
2697 4451 2841 4504 enim
2884 4451 2988 4505 erit
3030 4449 3236 4504 sanctis
3270 4449 3339 4504 ad
3379 4449 3579 4504 illumi-

335 4548 396 4601 τὸ
428 4547 630 4616 φέγγος
657 4547 846 4618 αὐτῆς.
881 4566 899 4598 ι
941 4547 1190 4618 Ἀρκέσει
1222 4544 1331 4615 γὰρ
1352 4547 1467 4608 τοῖς
1495 4543 1674 4612 ἁγίοις
1703 4545 1782 4608 είς
1805 4561 1907 4612 φω-

2017 4543 2293 4598 nationem
2359 4541 2473 4611 ipsa
2507 4539 2810 4594 Servatoris
2857 4537 3050 4607 gloria.
3100 4536 3205 4592 Sed
3244 4551 3352 4608 quo
3405 4537 3579 4607 posita

334 4640 529 4709 τισμδν
579 4640 719 4710 αὐτὴ
764 4639 860 4692 τοῦ
911 4640 1161 4710 Σωτῆρος
1207 4638 1241 4708 ἡ
1293 4635 1439 4700 δόξα.
1479 4636 1617 4690 Ἀλλ’
1652 4636 1741 4690 ἴνα
1785 4635 1917 4706 δοκῇ

342 4742 456 4788 παυς
481 4725 709 4780 ἕπεσθαι
754 4729 820 4796 τῇ
863 4725 971 4780 τῶν
1011 4727 1202 4780 ὰνόπιν
1245 4726 1424 4798 ἐννοίᾳ
1452 4727 1521 4780 τὰ
1562 4726 1920 4797 προκείμενα,

335 4816 435 4886 τὴν
470 4816 766 4887 ἑρμηνείαν
814 4817 1202 4881 ἐπαινέσαντες
1230 4819 1477 4889 ταυτηνὶ,
1511 4819 1608 4874 καὶ
1649 4818 1836 4888 ἕτερόν
1868 4835 1921 4870 τι

335 4909 625 4981 δηλοῦσθαί
665 4926 844 4981 φαμεν
865 4909 952 4962 διὰ
981 4909 1090 4963 τῶν
1128 4911 1504 4983 προκειμένων
1527 4912 1745 4982 στίχων.
1792 4908 1912 4972 Φῶς

341 5001 439 5070 μὶν
492 4999 601 5071 γὰρ
655 5000 714 5054 τὸ
767 5001 1014 5070 ἡλιακὸν,
1068 5002 1163 5055 καὶ
1213 5002 1438 5072 προσέτι
1477 5006 1539 5055 τὸ
1585 5002 1908 5072 σεληνιαῖον,

337 5088 596 5159 χρεῶδές
645 5105 704 5142 τε
750 5092 844 5142 καὶ
879 5089 1174 5157 ἀναγκαῖόν
1221 5092 1337 5144 ἐστι
1375 5094 1490 5155 τοῖς
1528 5091 1624 5144 τοῦ
1660 5091 1909 5161 σώματος

337 5176 654 5247 ὀφθαλμοῖς.
693 5177 832 5230 Ἀλλ’
853 5179 911 5228 ἐν
949 5178 1103 5232 νυκτὶ
1137 5179 1236 5248 μὲν
1273 5179 1336 5232 τὸ
1372 5180 1596 5252 ἡλιακὸν
1627 5179 1912 5232 συστέλλε-

335 5287 430 5322 ται
465 5268 602 5337 φῶς,
643 5271 701 5323 ἐν
748 5269 932 5340 ἡμέρᾳ
983 5270 1040 5323 δὲ
1084 5271 1146 5324 τὸ
1193 5271 1438 5343 σελήνης.
1469 5269 1760 5342 Παραλλὰξ
1803 5271 1913 5341 γὰρ

337 5362 588 5431 ἀλλήλοις
615 5379 688 5414 πα
699 5361 1007 5433 ραχωροῦσι
1036 5363 1098 5416 τὸ
1128 5364 1360 5432 φαίνειν.
1387 5364 1460 5418 Τὸ
1479 5365 1537 5416 δέ
1567 5380 1628 5432 γε
1655 5363 1799 5416 θεῖον
1821 5364 1915 5415 καὶ

337 5453 549 5522 νοητὸν,
585 5452 613 5503 ὃ
658 5455 778 5516 ταῖς
824 5453 932 5505 τῶν
971 5455 1375 5506 πιστευσάντων
1424 5453 1671 5524 καρδίαις
1717 5451 1912 5522 ἐνίησι,

338 5543 525 5615 φησὶν,
554 5545 582 5595 ὁ
625 5542 730 5595 τῶν
757 5543 893 5595 ὅλων
924 5543 1113 5615 Σωτὴρ
1143 5544 1232 5597 διὰ
1259 5543 1351 5596 τοῦ
1382 5544 1537 5612 ἁγίου
1579 5541 1912 5613 Πνεύματος,

2014 4635 2180 4688 verba
2213 4648 2335 4687 cum
2370 4631 2709 4700 superiorum
2750 4631 3017 4684 sententia
3081 4630 3449 4684 cohaeret-scere
3504 4628 3586 4680 vi—

2017 4725 2273 4790 deantur,
2305 4723 2808 4794 interpretationem
2852 4722 2992 4775 hanc
3027 4721 3307 4774 laudamus
3338 4719 3580 4788 quidem,

2019 4818 2114 4873 sed
2166 4816 2309 4870 aliud
2340 4815 2590 4882 quiddam
2620 4814 2704 4891 his
2735 4814 2978 4868 versibus
3003 4811 3298 4882 significari
3328 4811 3578 4866 dicimus.

2019 4904 2133 4959 Lux
2162 4906 2307 4958 enim
2340 4903 2532 4959 solaris
2555 4914 2609 4958 et
2635 4910 2895 4972 praeterea
2925 4901 3148 4960 lunaris,
3176 4898 3403 4968 perutile
3428 4899 3581 4967 quid-

2017 5001 2140 5052 dam
2187 5007 2271 5052 est
2326 5005 2381 5051 et
2427 4997 2790 5052 necessarium
2827 4993 3101 5064 corporeis
3138 4992 3332 5056 oculis;
3365 4991 3460 5045 sed
3487 5005 3578 5044 no-

2016 5099 2107 5144 ctu
2147 5087 2234 5143 lux
2285 5088 2416 5142 solis
2467 5088 2828 5153 contrahitur,
2861 5085 3089 5140 interdiu
3150 5083 3309 5135 lnnaa.
3344 5081 3582 5136 Alternis

2015 5181 2159 5234 enim
2206 5179 2416 5234 vicibus
2451 5180 2649 5234 lucent.
2689 5178 2852 5248 Atqui
2907 5177 2997 5230 lux
3055 5174 3236 5228 divina
3270 5183 3324 5226 et
3387 5171 3582 5227 intelli-

2010 5274 2190 5342 gentia
2236 5283 2511 5342 percepta,
2562 5285 2722 5341 quam
2773 5270 3106 5325 credentium
3161 5268 3414 5321 cordibus
3480 5265 3584 5318 int-

2011 5362 2176 5416 mittit
2205 5362 2574 5416 universorum
2605 5359 2882 5424 Servator,
2923 5373 3019 5428 per
3049 5356 3307 5426 Spiritum
3341 5361 3583 5409 sanctum

2012 5463 2068 5506 et
2105 5468 2199 5522 per
2229 5466 2323 5506 eos
2370 5453 2460 5521 qui
2508 5451 2762 5521 mysteria
2810 5459 3009 5503 norunt
3043 5447 3277 5509 tradere,
3329 5445 3586 5499 inexstin-

2017 5555 2101 5598 cta
2129 5545 2252 5610 erit,
2281 5554 2327 5597 et
2362 5543 2508 5614 jngis
2535 5553 2590 5596 et
2643 5556 2858 5610 semper
2902 5541 3114 5605 lucida;
3147 5539 3282 5593 adeo
3331 5548 3388 5592 ut
3413 5536 3586 5607 cujus-

413 5719 462 5750 “
494 5717 634 5774 PSnI.
677 5734 818 5785 XLIV,
852 5720 907 5777 ὅ.
985 5722 1030 5754 ⁸⁸
1070 5719 1212 5777 Psal.
1253 5738 1338 5789 xc,
1375 5723 1458 5778 ll.
1537 5723 1581 5755 '7
1623 5721 1764 5776 Psal.
1798 5735 1899 5774 xxx

2046 5719 2099 5775 8.
2127 5718 2132 5723 “
2171 5721 2222 5807 f3
2254 5721 2412 5778 Joau.
2444 5739 2496 5788 κ,
2526 5721 2588 5787 9;
2625 5733 2732 5777 xlv,
2763 5712 2818 5772 θ’.
2895 5719 2940 5750 ²⁹
2975 5717 3166 5777 Mallh.
3205 5734 3351 5786 “tv,
3379 5717 3469 5773 29.
