4134 6302
592 314 724 368 1347

1573 310 1631 364 S.
1673 306 1946 362 CYIHLLI
1990 304 2459 361 ALEXANDRIM
2501 305 2816 362 AllCHlEP.

3707 309 3859 365 1548

587 449 692 502 que
721 447 876 487 utens
910 446 1011 486 nec
1041 432 1174 486 solis
1227 443 1412 499 Opera,
1449 443 1551 483 nec
1594 427 1734 482 luna:
1789 443 1922 496 opus
1959 427 2148 482 habeat

2270 429 2362 482 καὶ
2379 427 2468 480 διὰ
2496 428 2602 481 τῶν
2620 424 2680 480 εὖ
2708 427 2921 480 εἰδότων
2951 425 3347 495 μυσταγωγεῖν,
3378 424 3643 479 ἄσϐεστον
3668 427 3855 489 ἔσται,

596 523 664 576 ad
714 519 1158 575 illuminationem
1202 527 1256 571 et
1299 517 1445 571 visus
1498 516 1990 585 recuperationem
2047 514 2162 570 Non

587 613 734 665 enim
779 613 894 664 luce
929 609 1026 662 sub
1067 622 1227 662 sensu
1259 605 1486 660 cadente
1530 605 1832 658 illustratur
1855 604 2164 669 mens;sed

590 710 766 768 potms
838 697 1008 751 sancti
1083 695 1314 763 Spiritus
1369 693 1728 747 illustratione
1758 701 1812 746 et
1881 691 2164 760 splendore

587 799 839 844 contenta
878 799 962 841 est
999 788 1064 840 ad
1110 789 1539 857 perspiciendum
1571 795 1627 840 et
1659 784 1972 838 intuendam
2000 781 2160 836 Chri-

586 882 655 935 sti
695 879 944 948 gloriam,
999 887 1162 946 utque
1220 878 1363 930 scire
1414 876 1587 946 possit
1655 883 1914 944 quantum
1968 874 2163 926 habeat

587 987 708 1026 cum
762 968 922 1022 Patre
955 981 1052 1021 suo
1085 967 1519 1030 similitudinem,
1580 964 1894 1018 substantia:
1956 963 2161 1018 scilicet

590 1063 817 1125 ratione,
868 1069 924 1115 et
983 1059 1252 1128 quodnam
1303 1059 1376 1112 sit
1418 1058 1637 1127 optima:
1690 1057 1812 1111 vitae
1878 1056 1982 1110 iter
2012 1065 2162 1110 certe

585 1165 932 1222 cognoscere.
972 1149 1170 1204 Factus
1195 1160 1277 1203 est
1304 1150 1466 1219 igitur
1490 1148 1646 1203 nobis
1682 1149 1771 1201 lux
1801 1159 2004 1202 acterna
2040 1147 2159 1201 Sal-

587 1257 758 1298 vator.
803 1245 968 1311 quue
1015 1243 1351 1310 perspicuum
1398 1241 1544 1304 facit,
1571 1241 1792 1294 dicens:
1828 1259 1845 1290 ι
1888 1240 1998 1309 Ego
2038 1253 2158 1293 sum

587 1337 675 1388 lux
760 1335 940 1388 mundi
1004 1333 1048 1364 ³⁰
1093 1374 1103 1386 .
1157 1351 1174 1383 ι
1215 1331 1279 1384 Et
1331 1346 1552 1384 rursus:
1600 1348 1620 1382 ι
1657 1331 1790 1382 Cum
1855 1335 1905 1387 in
1957 1329 2158 1382 mundo

586 1446 726 1489 sunt,
768 1428 854 1478 lux
902 1441 1018 1478 sum
1057 1424 1236 1476 Inundi
1270 1424 1336 1475 ³¹.
1369 1441 1387 1474 ›
1412 1453 1481 1462 -
1511 1443 1528 1474 ι
1560 1423 1660 1488 Qui
1723 1419 1990 1484 sequitur'
2029 1437 2114 1475 me
2139 1458 2155 1483 ,

587 1540 688 1573 non
743 1517 1038 1572 ambulabit
1091 1517 1145 1570 in
1213 1516 1488 1578 tenebris,
1550 1515 1642 1568 sed
1691 1515 1911 1568 habebit
1977 1512 2149 1568 lucem

585 1615 706 1664 vita:
731 1610 795 1662 ³³.
834 1630 852 1662 ι

2265 519 2361 572 καὶ
2409 519 2806 589 ἀκατάληκτον,
2864 519 2958 570 καὶ
2999 517 3274 585 ἀειφανὲς,
3315 517 3456 569 ῶστε
3507 520 3645 589 μήτε
3690 521 3856 588 ἡλίου

2269 612 2407 678 μήτε
2442 610 2671 678 σελήνης
2718 611 2776 662 ὲν
2821 609 2979 678 χρείᾳ
3029 609 3424 677 καθεστηκέναι
3465 609 3556 662 τὸν
3609 609 3854 664 licio-ma

2265 699 2389 752 νοῦν
2427 699 2563 770 πρὸς
2590 699 2890 768 φωτισμὸν,
2921 699 2952 768 ἢ
2984 698 3276 766 ἀνάϐλεψιν
3298 716 3311 728 ·
3349 699 3412 750 οῦ
3445 699 3555 768 γὰρ
3598 700 3856 770 αἰσθητῷ

2264 790 2404 860 φωτὶ
2439 791 2856 859 καταλάμπεται
2886 788 3027 852 νοῦς,
3059 789 3312 857 ἀρκεῖται
3344 788 3400 840 δὲ
3431 788 3631 857 μᾶλλον
3658 793 3724 859 τῇ
3755 791 3857 843 διὰ

2275 882 2368 935 τοῦ
2403 881 2560 948 ἁγίου
2608 881 2922 949 Πνεύματος
2975 880 3332 948 φωταγωγίᾳ,
3383 881 3476 931 καὶ
3523 880 3854 950 φαιδρότητι

2262 970 2398 1042 πρὸς
2426 971 2486 1024 τὸ
2527 970 2790 1025 δύνασθαι
2834 970 3072 1042 καθορᾷν
3100 972 3198 1038 τὴν
3232 969 3390 1036 δόξαν
3437 971 3701 1040 Χριστοῦ,
3749 973 3854 1026 καὶ

2276 1065 2402 1116 ὅσον
2433 1063 2498 1116 ἂν
2531 1062 2643 1132 ἔχοι
2663 1064 2797 1133 πρὸς
2822 1061 2913 1114 τὸν
2944 1061 3170 1114 τεκόντα
3196 1060 3358 1112 αὑτὸν
3384 1060 3481 1130 τὴν
3515 1063 3848 1132 ἐμφέρειαν,

2259 1154 2528 1217 οὖσιωδῶς
2557 1155 2612 1207 δὲ
2636 1155 2898 1223 δηλονότι,
2925 1153 3014 1205 vati.
3046 1153 3151 1222 μὴν
3181 1152 3273 1203 καὶ
3309 1153 3405 1220 τῆς
3435 1153 3662 1222 ἀρίστης
3695 1155 3851 1224 ζωῆς

2259 1245 2512 1308 ἀπλανῶς
2543 1247 2741 1299 εἰδέναι
2785 1246 2884 1316 τὴν
2913 1244 3050 1298 ὁδόν.
3096 1244 3289 1310 Γέγονε
3316 1243 3494 1296 τοίνυν
3546 1245 3663 1314 φῶς
3703 1246 3848 1298 αἰώ-

2258 1356 2368 1390 νιον
2403 1340 2532 1408 ἡμῖν
2573 1339 2601 1391 ὁ
2644 1338 2854 1407 Σωτὴρ,
2890 1337 2984 1390 καὶ
3026 1336 3184 1388 τοῦτο
3233 1339 3364 1405 ἡμῖν
3411 1337 3642 1406 ἐναργὲς
3699 1339 3843 1391 καο-

2261 1428 2458 1497 ίστησι,
2486 1428 2678 1496 λέγων·
2722 1447 2744 1478 ι
2790 1426 2930 1494 Ἐγώ
2958 1427 3076 1495 εἰμι
3104 1426 3165 1478 τὸ
3190 1427 3304 1495 φῶς
3333 1426 3427 1478 τοῦ
3451 1428 3714 1495 κόσμου,›
3743 1431 3845 1482 καὶ

2258 1519 2450 1572 πάλιν⁹
2468 1539 2488 1569 ι
2512 1519 2684 1570 Ὅταν
2709 1511 2752 1570 ὦ
2769 1519 2826 1570 ὲν
2848 1516 2927 1586 τῷ
2943 1515 3156 1586 κόσμῳ,
3175 1516 3289 1583 φῶς
3318 1517 3432 1584 εἰμι
3449 1515 3544 1567 τοῦ
3569 1517 3838 1584 κόσμουδ

2255 1627 2350 1659 -ι
2373 1609 2432 1661 Ὀ
2455 1605 2763 1660 ἀκολουθῶν
2786 1606 2931 1674 ἐμοὶ,
2954 1605 3014 1657 οὐ
3049 1606 3122 1674 μὴ
3147 1607 3493 1675 περιπατήσῃ
3525 1606 3584 1656 ὲν
3614 1607 3686 1675 τῇ
3711 1622 3842 1658 σκο-

2256 1700 2365 1769 τίᾳ,
2401 1699 2512 1750 ἀλλ’
2541 1698 2649 1761 ἕξει
2677 1699 2738 1749 τὸ
2772 1697 2886 1765 φῶς
2918 1697 3015 1766 τῆς
3042 1695 3207 1764 ζωῆς.
3243 1715 3261 1745 ι

660 1792 818 1843 \‘rzns.
875 1790 967 1854 21,
1001 1788 1092 1842 2‘2.
1137 1785 1200 1840 Et
1251 1783 1643 1853 corripiebantur
1691 1783 1799 1835 dies
1840 1783 2010 1836 luctus
2053 1783 2148 1845 tui,

2326 1791 2435 1844 Kal
2463 1789 3075 1858 ἀναπληρωθ-ιὶσονται
3101 1790 3160 1841 (ιι
3191 1787 3401 1856 ἡμέραι
3429 1787 3538 1842 τοῦ
3575 1786 3843 1852 πένθους

583 1897 628 1935 et
685 1881 905 1949 populus
941 1892 1058 1932 mus
1118 1879 1284 1932 omnis
1338 1877 1540 1946 justus,
1579 1886 1626 1929 et
1667 1875 1720 1927 in
1765 1873 2015 1929 sa'culum
2051 1885 2158 1926 ter-

586 1991 657 2027 ra:
718 1973 1074 2026 hwreditalem
1142 1969 1444 2039 possidebit,
1498 1967 1792 2021 custodiens
1871 1966 2159 2030 plantatio-

583 2081 722 2127 nem,
745 2078 902 2130 Opera
941 2077 1195 2114 manuum
1219 2073 1437 2112 suarum
1488 2058 1543 2109 in
1571 2056 1813 2126 gloriam.
1859 2053 1963 2118 Qui
2027 2068 2161 2120 pau-

553 2174 673 2230 .cus
729 2165 825 2219 est,
895 2155 993 2208 erit
1033 2153 1087 2206 in
1155 2151 1344 2215 millia,
1395 2161 1444 2203 et
1485 2149 1575 2217 qui
1622 2148 1892 2208 miniatus,
1932 2147 1983 2198 in
2028 2160 2158 2214 gen-

584 2262 686 2299 ιιιιιι
750 2261 1008 2316 magnam.
1047 2242 1156 2313 Ego
1190 2242 1440 2296 Dominus
1473 2241 1528 2293 in
1576 2248 1801 2308 tempore
1839 2243 2159 2307 congregabo

579 2357 686 2395 ως.

652 2429 756 2496 Qui
787 2439 994 2496 tempus
1031 2422 1519 2480 consummationis
1573 2419 1844 2490 designari
1885 2418 2058 2484 aiunt,
2091 2430 2163 2472 ex

583 2539 643 2576 co
681 2523 820 2589 quod
887 2535 989 2570 non
1038 2517 1178 2570 ultra
1220 2513 1397 2567 lumen
1458 2511 1634 2566 solare
1663 2522 1717 2565 et
1752 2509 1920 2580 856
1974 2508 2161 2562 lunare

582 2629 716 2681 Opus
759 2627 914 2698 sputu
963 2616 1208 2676 peragat,
1241 2607 1335 2659 sed
1365 2605 1738 2667 contrahatur,
1778 2611 1836 2654 ut
1879 2601 2136 2654 Dominus

587 2714 766 2755 nnstcr
798 2691 918 2753 '[iat
965 2697 1051 2750 lux
1109 2707 1330 2760 acterna,
1381 2693 1568 2747 dicunt
1620 2691 1932 2761 lugentibus
1992 2703 2155 2752 nunc,

585 2811 720 2864 quos
768 2796 927 2847 etiam
984 2786 1338 2844 consolandos
1396 2784 1473 2838 ait
1523 2783 1799 2847 Serv-ator,
1853 2781 2012 2835 linem
2066 2781 2150 2834 lu-

579 2900 700 2940 ctus
732 2883 957 2937 loreillo
1011 2894 1269 2948 tempore.
1305 2878 1559 2932 Dcsinent
1591 2876 1736 2929 enim
1791 2874 2040 2928 laborare
2096 2884 2154 2928 et

584 2979 731 3031 curis
787 2974 1077 3036 macerari,
1106 2979 1161 3026 et
1210 2980 1408 3026 aeterna
1461 2975 1861 3036 consequentur
1911 2966 2149 3033 praemia.

587 3070 697 3123 Iloc
742 3078 824 3122 est
849 3065 1016 3131 enim,
1053 3065 1268 3133 opinor,
1307 3057 1678 3115 consolatione
1712 3059 1982 3128 perfundi.
2009 3058 2155 3124 Quo-

2258 1895 2395 1942 σου,
2429 1880 2528 1933 καὶ
2570 1883 2602 1932 ὀ
2633 1883 2782 1944 λαός
2816 1895 2932 1932 σου
2955 1877 3074 1944 πᾶς
3099 1878 3349 1945 δίκαιος,
3379 1879 3476 1931 καί
3514 1877 3589 1930 δι’
3624 1877 3844 1944 αἰῶνος

2258 1972 2786 2040 κληρονομήσουσι
2809 1973 2921 2038 τὴν
2950 1970 3086 2040 γῆν,
3116 1970 3455 2038 φυλάσσων
3477 1970 3545 2023 τὸ
3567 1971 3847 2039 φύτευμα

2258 2059 2402 2128 ἔργα
2437 2058 2649 2128 χειρῶν
2675 2059 2861 2113 αὐτοῦ
2885 2061 2973 2126 εὶς
2995 2059 3207 2123 δόξαν.
3234 2060 3294 2112 ’0
3319 2061 3640 2128 ὀλιγοστὸς
3667 2060 3844 2115 ἔσται

2256 2154 2344 2216 εὶς
2359 2151 2654 2220 χιλιάδας,
2672 2152 2769 2206 καί
2793 2155 2831 2206 d
2854 2151 3174 2220 ἐλάχιστος
3191 2154 3276 2215 εις
3291 2151 3464 2219 ἔθνος
3489 2153 3673 2222 μέτα.
3699 2153 3842 2222 Ἐγὼ

2257 2242 2474 2309 Κύριος
2495 2245 2652 2296 κατὰ
2664 2243 2907 2310 καιρσὺς
2931 2241 3177 2307 συνάξω
3203 2244 3444 2308 αὐτούς.

2329 2425 2393 2477 Ot
2442 2424 2530 2478 τὸν
2560 2424 2655 2494 τῆς
2699 2423 3005 2485 συντελείας
3043 2421 3233 2493 καιρὸν
3272 2422 3714 2493 καταδηλοῦσθαι
3753 2423 3841 2477 λέ-

2256 2531 2444 2582 γοντες
2463 2515 2552 2569 διὰ
2582 2515 2675 2568 τοῦ
2722 2517 2916 2585 μηκέτι
2945 2515 3004 2568 τὸ
3033 2515 3274 2586 ἡλιακὸν,
3309 2516 3427 2584 ἦτοι
3456 2514 3520 2568 τδ
3557 2515 3838 2586 σεληναῖον

2255 2606 2548 2676 ἐνεργῆσαι
2577 2606 2711 2676 φῶς,
2745 2605 3074 2675 συσταλῆναι
3120 2606 3178 2660 δὲ
3214 2605 3436 2676 μᾶλλον,
3466 2607 3535 2659 ἶν’
3566 2609 3595 2661 ὁ
3637 2609 3840 2678 Κύριος

2254 2696 2411 2766 ἡμῶν
2436 2697 2549 2765 φῶς
2581 2697 2793 2750 αἰώνιον
2825 2697 3070 2768 γένηται,
3106 2700 3272 2764 φασὶν
3303 2699 3388 2751 ὅτι
3414 2701 3530 2762 τοῖς
3573 2701 3835 2754 πενθοῦσι

2255 2785 2372 2852 νῦν,
2406 2787 2499 2850 οὓς
2541 2788 2604 2858 δὴ
2638 2789 2728 2842 καὶ
2778 2788 3296 2860 παρακληθήσεσθαί
3349 2807 3517 2860 φησιν
3551 2793 3584 2844 ὁ
3626 2791 3836 2862 Σωτὴρ,

2254 2875 2406 2938 τέλος
2439 2877 2589 2930 ἔσται
2618 2877 2712 2930 τοῦ
2743 2878 2961 2931 πενθεῖν
2986 2879 3107 2932 κατ’
3137 2877 3310 2932 ἐκεῖνό
3336 2896 3438 2932 που
3467 2880 3570 2932 τοῦ
3601 2880 3805 2954 καιροῦ
3823 2895 3834 2906 ·

2256 2966 2622 3019 πεπαύσονται
2651 2967 2758 3038 γὰρ
2786 2968 2878 3020 τοῦ
2905 2971 3076 3021 ποιεῖν
3101 2967 3205 3032 ἔτι,
3237 2968 3332 3023 καὶ
3361 2970 3831 3042 κατατρύχεσθαι,

2254 3057 2471 3110 καὶτῶν
2487 3060 2564 3121 είς
2579 3059 2748 3112 αἰῶνα
2767 3059 3044 3124 τεύξονται
3065 3059 3265 3129 γερῶν.
3289 3059 3460 3114 Τοῦτο
3485 3062 3624 3132 γὰρ,
3660 3059 3835 3133 οἶμαι,

586 3161 728 3213 niam
767 3165 946 3210 autem
1009 3167 1192 3206 rursus
1253 3146 1589 3204 tractationis
1648 3153 1702 3200 et
1755 3145 2144 3199 theorematum

2250 3149 2306 3201 τὸ
2336 3150 2750 3222 παρακληθῆναί
2771 3153 2938 3207 ἐστιν.
2970 3151 3188 3222 Ἐπειδὴ
3215 3151 3271 3205 δὲ
3301 3153 3463 3208 πάλιν
3485 3155 3599 3207 τῶν
3630 3156 3830 3226 θεωρῇ·

584 3249 907 3306 scntentiam
958 3259 1024 3300 ex
1065 3241 1494 3312 praecedentibus
1555 3238 1706 3308 sequi
1750 3245 1982 3306 Oportet,
2020 3233 2148 3296 illud

583 3341 833 3402 dicimus,
885 3338 969 3390 his
1011 3336 1099 3402 qui
1157 3340 1376 3387 manent
1437 3345 1502 3385 ac
1549 3328 1731 3398 jaceat
1781 3329 1834 3381 iu
1881 3325 2144 3393 peccatis,

585 3431 856 3485 tristitiam
944 3426 1215 3496 propriam
1277 3437 1397 3478 esse
1451 3428 1506 3476 et
1561 3417 2145 3475 convenientissimam.

585 3527 911 3593 Exspectant
936 3521 1078 3576 enim
1113 3533 1220 3572 non
1253 3517 1486 3570 honores
1512 3522 1567 3568 et
1599 3525 1847 3575 coronas,
1881 3523 1985 3563 non
2015 3522 2149 3562 con~

581 3619 894 3674 solatiouem
925 3630 953 3667 a
989 3614 1118 3675 Deo,
1147 3610 1240 3663 sed
1285 3610 1464 3677 potius
1512 3604 1854 3675 supplicium,
1884 3611 1939 3656 et
1969 3601 2145 3668 ignem

582 3719 744 3777 atque
791 3704 1056 3760 tenebras.
1087 3701 1190 3765 Oui
1243 3709 1422 3752 autem
1462 3695 1832 3759 benefaciunt,
1873 3707 1968 3762 spe
2016 3707 2146 3762 gau-

580 3799 712 3854 dent
737 3796 802 3859 ³³,
825 3789 1274 3864 quemadmodum
1311 3786 1741 3857 sapientissimus
1787 3784 1985 3840 Paulus
2042 3785 2142 3838 ait.

581 3886 796 3955 Excipit
836 3883 980 3938 enim
1035 3896 1096 3936 ac
1143 3877 1430 3934 comitatur
1474 3877 1796 3947 probitatem
1837 3892 2045 3941 eorum,
2091 3876 2144 3930 in

583 3975 792 4030 inﬁnita
826 3971 1044 4036 saecula,
1070 3981 1124 4026 et
1150 3969 1320 4039 gloria
1342 4006 1357 4032 ,
1382 3977 1438 4022 et
1463 3967 1724 4038 voluptas.
1758 3968 1956 4023 Verum
1979 3983 2149 4037 quan-

580 4069 647 4121 do
675 4081 968 4120 conversus
1013 4062 1174 4116 fuerit
1207 4064 1274 4116 ad
1323 4059 1612 4116 Dominum
1645 4059 1810 4113 etiam
1843 4057 1943 4128 qui
1980 4059 2145 4128 pluri-

582 4157 682 4208 mis
730 4153 966 4224 peccatis
994 4161 1289 4221 occupatus
1317 4160 1418 4213 est,
1451 4149 1645 4204 deinde
1668 4148 1994 4219 jnstiﬁcatus
2022 4149 2135 4205 fite-

581 4249 648 4299 rit
701 4262 796 4315 per
858 4245 1039 4307 ﬁdem,
1081 4253 1134 4297 ct
1184 4244 1551 4296 remissionem
1589 4241 1873 4294 criminum
1919 4241 2150 4309 adeptus

580 4340 762 4403 luerit,
815 4335 1316 4405 exspectaveritqne
1351 4331 1600 4400 accipere
1649 4331 1881 4384 honores
1944 4332 2148 4386 sanctis

581 4431 898 4490 destinatos,
937 4436 1061 4478 tunc
1107 4425 1393 4478 cessabunt
1444 4422 1557 4475 dies
1590 4420 1763 4474 luctus
1804 4421 1926 4487 ejus
1953 4462 1968 4484 ,
2016 4431 2072 4478 et
2111 4437 2139 4475 a

577 4522 775 4574 sudore
823 4533 886 4572 ac
933 4517 1192 4572 maestitia
1217 4515 1458 4569 desistet.
1491 4512 1784 4567 Conﬁrmat
1815 4513 1966 4580 quasi
1999 4513 2140 4570 hunc

575 4624 815 4672 sensum,
863 4607 1003 4674 quod
1054 4607 1308 4674 deinceps
1352 4608 1581 4672 positum
1614 4612 1695 4656 est
1725 4619 1738 4654 :
1770 4621 1790 4654 ι
1815 4603 1882 4656 Ει
1916 4603 2158 4672 populus.

577 4713 699 4752 tuus
742 4697 920 4752 omnis
967 4695 1164 4763 justus,
1217 4713 1234 4744 ι
1266 4694 1314 4746 id
1365 4691 1869 4758 cst,justi[icabitur
1918 4693 2142 4761 populus

575 4803 806 4858 quantus
835 4801 918 4844 est
949 4789 1186 4842 futurus.
1216 4784 1563 4852 llabeturque
1591 4784 1766 4837 oratio
1795 4794 2046 4853 tanquam
2071 4785 2138 4841 ad

573 4883 869 4937 Ecclesiam
901 4901 916 4938 :
948 4879 1208 4950 jnstitlcat
1233 4888 1409 4932 autem
1437 4873 1660 4942 impium
1697 4873 1966 4935 Christus.
2013 4889 2135 4944 gra—

574 4977 644 5030 tia
671 4983 726 5028 et
763 4970 1112 5032 humanitate,
1143 4976 1198 5022 et
1235 4967 1350 5034 ipse
1387 4966 1546 5020 solvit
1573 4965 1640 5018 ab
1696 4964 1840 5018 omni
1909 4967 2136 5020 crimine

571 5081 665 5120 eos
699 5063 790 5132 qui
853 5060 1081 5116 convicti
1113 5065 1258 5114 sunt.
1287 5055 1419 5109 Nam
1471 5055 1595 5124 quis
1656 5055 1847 5108 horum
1909 5056 2136 5124 largitor

571 5158 661 5222 sit,
693 5153 1031 5226 signiﬁcavit,
1094 5165 1215 5203 cmn
1268 5147 1478 5216 inquit:
1506 5145 1821 5201 Custodiens
1847 5145 2133 5215 plantatio-

572 5263 717 5312 nctn,
745 5261 907 5314 opera
946 5256 1198 5297 manuum
1259 5254 1476 5294 suarum
1510 5239 1561 5292 in
1601 5237 1848 5308 gloriam.
1913 5237 2132 5293 Planta-

570 5342 645 5393 tio
676 5339 819 5392 enim
852 5349 1037 5390 sumus
1068 5334 1367 5403 plantarum
1397 5331 1636 5386 omnium
1663 5341 1903 5384 nostrum
1938 5329 2134 5384 Serva-

571 5431 701 5484 toris
750 5429 970 5492 Christi,
999 5426 1220 5495 ejusque
1245 5439 1399 5493 opus.
1425 5422 1556 5477 Cum
1601 5436 1832 5491 namque
1888 5436 2135 5478 essemus

568 5522 818 5584 oieaster,
854 5521 1007 5575 oliva:
1035 5520 1268 5588 pulchra:
1317 5515 1460 5571 insiti
1521 5529 1728 5581 sumus,
1768 5521 1971 5568 tantum
2024 5529 2131 5568 non

2251 3242 2435 3311 μάτων
2477 3243 2704 3297 ἕπεσθαι
2732 3243 2836 3315 χρὴ
2880 3247 2989 3308 τοῖς
3027 3245 3240 3307 ἀνόπιν,
3281 3247 3462 3300 ἐκεῖνό
3493 3264 3698 3316 φαμεν,
3752 3248 3832 3299 ὅτι

2246 3337 2358 3396 τοῖς
2387 3335 2640 3407 μένουσιν
2668 3339 2726 3389 ὲν
2777 3335 3180 3407 πλημμελείαις
3216 3339 3275 3391 τὸ
3315 3340 3564 3408 κατηφὲς
3609 3341 3824 3398 οικεῖον,

2247 3429 2340 3479 καὶ
2391 3427 2814 3497 ἁρμοδιώτατον.
2877 3429 3222 3500 Προσδοκῶσι
3261 3432 3369 3503 γὰρ
3409 3433 3468 3483 οὐ
3514 3433 3679 3501 τιμὰς
3729 3433 3826 3486 καὶ

2248 3513 2562 3582 στεφάνους,
2602 3516 2662 3568 οὐ
2696 3517 3038 3589 παράκλησιν
3069 3518 3168 3590 τὴν
3209 3521 3364 3590 παρά
3406 3520 3560 3583 Θεοῦ,
3595 3522 3826 3575 κόλασιν

2244 3605 2300 3658 δὲ
2358 3606 2578 3676 μᾶλλον,
2615 3609 2708 3662 καὶ
2743 3609 2876 3680 πῦρ,
2919 3611 3014 3664 καὶ
3050 3612 3269 3675 σκότος·
3305 3614 3361 3666 of
3403 3630 3460 3681 τε
3504 3613 3607 3683 μὴν
3654 3613 3820 3676 ὄντες

2245 3697 2303 3749 ὲν
2339 3697 2733 3770 ἁγαθουργίαις
2765 3705 2832 3772 τῇ
2869 3702 3043 3756 ἑλπίδι
3081 3703 3353 3775 χαίρουσι,
3399 3703 3534 3758 καθὰ.
3575 3721 3742 3774 φησιν
3788 3707 3825 3758 6

2245 3790 2518 3859 πάνσοφος
2551 3793 2762 3858 Παῦλος
2780 3813 2794 3826 ·
2823 3795 3126 3866 διαδέχεται
3153 3797 3260 3870 γὰρ
3292 3798 3352 3850 τὸ
3379 3798 3616 3861 ἐπιεικὲς
3638 3797 3824 3851 αὐτῶν

2245 3884 2278 3953 ἡ
2310 3884 2390 3947 είς
2413 3885 2751 3955 ἀπεράντους
2780 3885 2979 3950 αἰῶνας
3004 3887 3149 3950 δόξα,
3177 3889 3271 3943 καὶ
3296 3890 3501 3959 τρυφή·
3535 3890 3674 3956 πλὴν
3694 3891 3825 3943 ὅταν

2244 3973 2547 4044 ἐπιστρέψῃ
2570 3974 2706 4045 πρὸς
2728 3974 2951 4045 Κύριον,
2982 3976 3120 4028 καὶὸ
3150 3975 3428 4039 πλείσταις
3454 3977 3611 4039 ὅσαις
3642 3977 3822 4046 ἀμαρ-

2243 4063 2386 4126 τίαις
2421 4063 2798 4133 ὲνισχημένος,
2840 4059 2958 4116 εἶτα
2997 4063 3256 4134 δικαιωθῇ
3299 4063 3388 4117 διὰ
3414 4063 3515 4133 τῆς
3562 4063 3818 4126 πίστεως.

2243 4154 2340 4208 καὶ
2393 4155 2684 4225 κομίσηται
2741 4154 2838 4224 μὲν
2896 4155 3003 4208 τῶν
3058 4154 3397 4224 αἰτιαμάτων
3451 4153 3553 4225 τὴν
3608 4155 3821 4221 ipsum,

2243 4245 2604 4316 προσδοκήσει
2659 4247 2715 4298 δὲ
2753 4245 2936 4307 λαϐεῖν
2972 4247 3064 4298 καὶ
3101 4246 3198 4308 τὰς
3241 4247 3354 4309 τοῖς
3403 4245 3583 4314 ἁγίοις
3629 4247 3824 4316 ηὐτρε-

2233 4337 2509 4406 πισμένας
2534 4336 2718 4405 τιμάς.
2752 4337 2883 4390 Τότε
2915 4337 2979 4406 δὴ
3003 4337 3369 4390 πεπαύσονται
3399 4337 3500 4408 μὲν
3525 4339 3584 4390 αἱ
3617 4338 3823 4408 ἡμέραι

2241 4427 2336 4482 τοῦ
2364 4426 2592 4489 πένθους
2618 4427 2804 4488 αὑτοῦ,
2835 4426 3128 4498 καταλήξει
3153 4427 3209 4480 δὲ
3249 4427 3490 4496 ἱδρῶτος,
3533 4430 3630 4481 καὶ
3655 4445 3824 4496 κατη-

2246 4519 2424 4588 φείας,
2464 4517 2678 4588 βεϐαιοῖ
2711 4519 2770 4573 δὲ
2816 4519 3010 4591 ὥσπερ
3049 4521 3276 4590 ταυτηνὶ
3326 4519 3427 4592 τὴν
3469 4521 3713 4575 διάνοιαν
3759 4521 3824 4574 τὸ

2244 4609 2442 4679 ἐφεξῆς
2472 4608 2738 4679 κείμενον·
2755 4609 2981 4664 “Eous
3011 4609 3135 4681 γὰρ,
3159 4612 3471 4681 φησὶν,πᾶς
3499 4613 3529 4664 6
3560 4611 3687 4676 λαός
3720 4629 3822 4667 σου

2235 4704 2462 4769 δίκαιος,
2477 4703 2774 4764 »τουτέστι,
2798 4702 3216 4772 δικαιωθήσεται
3246 4703 3355 4768 πᾶς
3380 4705 3410 4757 δ
3435 4705 3524 4757 σοι
3550 4706 3824 4775 ἑπόμενος

2239 4792 2398 4856 λαός’
2431 4794 2543 4846 ἔστι
2581 4792 2636 4845 δὲ
2663 4793 2690 4845 ὁ
2731 4792 2888 4859 λόγος
2920 4791 2996 4856 ὡς
3025 4793 3160 4863 πρὸς
3199 4794 3301 4864 τὴν
3339 4794 3669 4863 Ἐκκλησίαν
3689 4813 3704 4826 ·
3735 4796 3821 4850 δι-

2243 4887 2387 4937 κοιιοί
2426 4884 2483 4936 δὲ
2511 4883 2746 4954 Χριστὸς
2782 4883 2875 4938 τὸν
2921 4883 3092 4952 ἀσεϐῆ
3140 4884 3324 4954 χάριτι
3379 4886 3471 4938 καὶ
3510 4886 3824 4956 φιλανθρω-

2243 4974 2362 5044 πίᾳ,
2411 4973 2504 5028 καὶ
2556 4974 2737 5043 ἀνίησι
2791 4973 2992 5037 παντὸς
3039 4974 3356 5044 αὶτιάματος
3410 4977 3538 5040 τοὺς
3587 4978 3820 5040 ἁλόντας

2241 5065 2422 5127 αὐτός.
2454 5064 2548 5127 Τίς
2577 5065 2684 5135 γὰρ
2731 5064 2884 5118 ἔσται
2915 5063 3028 5118 τῶν
3062 5063 3316 5119 τοιούτων
3340 5066 3368 5116 ὁ
3406 5067 3663 5135 χορηγὸς,
3699 5068 3820 5120 δια-

2240 5158 2572 5227 μεμήνυκεν,
2593 5153 2763 5208 εἰπών
2786 5171 2800 5186 ·
2826 5154 3123 5208 Φυλάσσων
3147 5155 3210 5208 τὸ
3227 5155 3500 5225 φύτευμα,
3528 5157 3668 5227 ἔργα
3695 5175 3816 5228 χει-

2235 5248 2344 5319 ρῶν
2371 5245 2534 5302 αὑτοῦ
2555 5249 2634 5310 είς
2659 5246 2839 5310 δόξαν.
2884 5246 3138 5318 Φύτευμα
3159 5247 3270 5318 γάρ
3295 5250 3460 5317 ἐσμεν
3486 5249 3592 5301 τῶν
3624 5251 3814 5317 φυτῶν

2227 5340 2323 5392 τοῦ
2357 5338 2576 5391 πάντων
2622 5337 2779 5407 ἡμῶν
2817 5338 3068 5409 Σωτῆρος
3111 5339 3368 5407 Χριστοῦ,
3401 5342 3494 5392 καὶ⁵
3523 5341 3686 5412 ἔργον
3713 5345 3814 5398 αὖ.

2228 5430 2322 5483 τοῦ
2347 5448 2358 5461 ο
2397 5429 2698 5500 ἀγριέλαιοι
2727 5429 2834 5498 γὰρ
2866 5428 3018 5492 ὅντες
3056 5429 3540 5501 ὲνεκεντρίσθημεν
3569 5434 3649 5494 εἰς
3678 5435 3814 5486 καλ-

2229 5520 2484 5587 λιέλαιον,
2521 5521 2802 5590 μονονουχὶ
2830 5519 2921 5572 καὶ
2953 5519 3375 5590 αὑτουργοῦντος
3406 5522 3487 5585 είς
3519 5523 3670 5591 ἡμᾶς
3713 5523 3812 5575 τοῦ

639 5695 681 5725 ⁸⁸
711 5693 866 5750 Joan.
909 5708 1022 5757 vni,
1065 5694 1151 5747 1‘2.
1229 5695 1269 5725 ³³
1301 5692 1454 5747 Joan.
1489 5706 1563 5754 ις,
1592 5688 1645 5743 5.
1724 5689 1767 5718 ³²
1795 5687 1947 5744 Joan.
1990 5704 2108 5754 vni,
2141 5694 2148 5743 1

2301 5692 2345 5724 ³³
2380 5694 2397 5747 Ι
2426 5691 2565 5746 Tim.
2601 5708 2671 5760 vi,
2709 5695 2791 5748 l8.
