4134 6302
329 345 460 396 1519

1453 341 1518 396 IN
1556 341 1788 420 ISAIAn
1826 344 1953 396 LIB.
1998 346 2057 398 ιι.
2102 345 2338 402 matus
2384 350 2442 402 ιι.

3438 366 3570 420 1550

321 459 587 531 Χριστοῦ
621 462 682 516 οὑ
715 461 823 532 γὰρ
866 460 1130 531 πρέσϐυς,
1165 461 1265 514 οὐκ
1295 461 1544 530 ἄγγελος,
1575 462 1691 515 ἀλλ’
1741 463 1876 517 αὐτὸ

2004 477 2262 531 operante
2287 467 2336 520 in
2373 467 2527 523 nobis
2568 469 2801 526 Christo.
2835 473 2948 528 Non
3001 476 3144 530 cnim
3191 476 3418 546 legatus,
3464 494 3568 533 non

319 552 348 604 6
371 550 574 621 Κύριος
598 550 801 604 ἔσωσεν
833 553 997 621 ἡμᾶς.
1035 551 1179 622 Ἔφη
1208 549 1339 618 γοῦν
1381 553 1560 615 αὐτός·
1598 571 1616 603 ι
1654 554 1711 606 '0
1727 552 1901 606 λαλῶν

320 642 569 712 πάρειμι.
587 661 708 694 ›-‹
724 641 1004 702 Ἕσταιδὲ,
1018 642 1175 710 φησὶ,
1193 641 1286 695 καὶ
1300 643 1330 694 6
1342 641 1616 710 ὀλιγοστὸς
1637 644 1899 713 είςχιλιά-

319 733 435 799 δας,
475 735 567 788 καὶ
590 735 618 787 6
661 733 938 804 ἐλάχιστος
977 734 1057 796 είς
1079 733 1236 798 ἔθνος
1256 736 1418 805 μέγα.
1448 755 1466 786 ι
1501 735 1616 788 Νῦν
1644 737 1742 805 μὲν
1770 738 1896 808 γὰρ,

318 826 614 888 τουτέστιν,
647 827 704 878 ἐν
725 824 800 893 τῷ
832 823 988 877 αίῶνι
1007 824 1184 896 τούτῳ
1214 826 1518 896 κέκρυπται
1542 827 1650 880 τῶν
1671 829 1841 896 ἁγίων
1863 831 1894 897 ἠ

318 918 464 984 δόξα,
499 919 594 972 καὶΙ
627 918 687 970 τό
719 933 780 984 γε
807 913 944 986 ἧκον
983 919 1063 981 είς
1091 918 1413 982 ἀλαζονείας
1460 920 1732 990 κοσμικὰς
1775 920 1897 974 ἐλά-

317 1007 490 1075 χιστοί
517 1023 661 1069 τινες
715 1003 855 1060 εἷναι
902 1007 1152 1062 δοκοῦσιν
1200 1011 1298 1062 οὐκ
1339 1009 1552 1080 ἔχοντες
1595 1011 1752 1077 δόξαν
1799 1012 1895 1082 ἐμ-

317 1103 479 1169 φανῆ.
522 1098 962 1168 Ἐπιλὰμψαντος
987 1100 1045 1154 δὲ
1077 1100 1238 1154 πάλιν
1265 1101 1324 1165 ἐξ
1364 1102 1609 1174 οὐρανῶν
1638 1103 1731 1155 τοῦ
1759 1100 1892 1174 Χρι-

317 1192 439 1246 στοῦ
469 1192 527 1244 τὸ
576 1192 852 1261 τηνικάδε,
883 1191 978 1246 καὶ
1005 1194 1035 1245 6
1078 1193 1354 1264 νομισθεὶς
1403 1194 1685 1264 ἐλάχιστος
1729 1188 1868 1247 εἶναι

314 1286 406 1336 καὶ
452 1285 729 1352 ὀλιγοστὸς
779 1284 932 1338 ἔσται
978 1287 1058 1347 εἰς
1097 1285 1247 1348 ἔθνος
1295 1284 1456 1354 μέγα.
1507 1284 1892 1355 Καθηγήσεται

314 1375 421 1444 γὰρ
451 1374 618 1437 λαῶν,
648 1375 742 1428 καὶ
781 1373 1138 1444 ἡγεμονεύσει
1181 1374 1414 1437 πολλῶν,
1445 1374 1542 1427 ἅτε
1579 1373 1642 1443 δὴ
1671 1374 1761 1426 τὸν
1797 1374 1887 1426 εὑ-

311 1466 536 1535 δόκιμον
571 1467 630 1519 ἐν
660 1466 796 1536 τῷδε
836 1467 913 1536 τῷ
944 1466 1044 1537 βίῳ
1071 1465 1326 1528 διανύσας
1357 1465 1555 1536 δρόμον
1575 1481 1592 1496 ο
1622 1464 1892 1518 καὶτοῦτο

311 1557 457 1610 ἐστιν
483 1557 608 1609 ἰδεῖν
649 1558 707 1624 ἐξ
746 1553 822 1611 ὧν
849 1557 952 1627 ἔφη
996 1557 1229 1627 Χριστός
1249 1574 1264 1590 ο
1288 1559 1399 1621 τοῖς
1425 1557 1534 1629 γὰρ
1575 1557 1890 1619 ἀποστόλοις

311 1649 647 1717 προσλαλῶν·
685 1668 703 1700 ι
743 1650 910 1702 Ὅταν
939 1651 966 1703 6
1017 1649 1144 1712 Υίδς
1187 1647 1279 1702 τοῦ
1329 1648 1621 1720 ἀνθρώπου
1662 1647 1884 1718 καθίσῃ,

311 1742 476 1808 φησὶν
495 1782 509 1804 ,
567 1741 664 1794 ἐπὶ
687 1740 877 1811 θρόνου
914 1741 1071 1810 δόξης
1100 1740 1285 1804 αὐτοῦ,
1327 1740 1447 1792 τότε
1475 1740 1568 1792 καὶ
1608 1740 1760 1809 ὑμεῖς
1791 1755 1888 1790 κα·-

2010 555 2260 624 angelns,
2295 559 2386 611 scd
2424 559 2535 628 ipse
2571 560 2824 616 Dominus
2855 568 3091 620 servavit
3121 583 3238 621 nos.
3279 568 3420 622 Dixit
3464 570 3568 623 ita-

2003 661 2108 714 que
2129 649 2244 715 ipse
2275 663 2286 697 :
2319 667 2336 698 ι
2364 649 2464 715 Qui
2499 650 2708 719 loquer,
2737 653 2924 708 adsum
2959 655 3024 711 ³³.
3065 676 3082 708 ι
3113 689 3178 696 -
3206 678 3223 709 ι
3259 659 3358 725 Qui
3389 671 3568 714 autem

2001 747 2206 800 pauens
2235 746 2335 801 est,
2382 739 2572 806 inquit,
2605 743 2706 796 erit
2737 743 2789 797 in
2827 745 3015 812 millia,
3068 758 3121 800 ct
3167 749 3255 816 qui
3297 751 3564 815 minimus,

2002 825 2055 877 in
2087 835 2296 894 gentem
2335 844 2603 899 magnam.
2633 855 2651 883 ι
2681 833 2835 888 Nunc
2889 837 3053 901 enini,
3094 839 3148 891 id
3199 848 3300 902 est,
3349 840 3400 892 iu
3455 843 3567 894 hoc

1999 919 2215 981 saeculo,
2248 921 2514 976 occultata
2548 933 2631 978 est
2659 926 2828 995 gloria
2848 937 3183 994 sanctorum,
3207 941 3254 984 et
3290 931 3333 984 si
3370 930 3564 985 iustum

1999 1009 2180 1063 mundi
2218 1011 2494 1080 respicias,
2555 1015 2762 1068 minimi
2801 1031 2922 1072 esse
2983 1019 3248 1083 videntur,
3279 1020 3369 1089 qui
3444 1021 3567 1074 illu-

1998 1107 2164 1152 strem
2207 1115 2310 1153 non
2341 1103 2538 1157 habent
2573 1106 2940 1174 gloriam;sed
2965 1123 3150 1164 rursus
3197 1111 3283 1164 ubi
3333 1111 3566 1167 illuxerit

1996 1189 2060 1241 de
2096 1190 2234 1243 ραιΙο
2263 1191 2529 1260 Christus,
2562 1207 2692 1251 tunc
2725 1199 2886 1252 etiam
2928 1200 3018 1268 qni
3070 1201 3282 1254 habitus
3313 1209 3394 1255 est
3460 1203 3562 1254 mi-

1995 1277 2174 1332 nimus
2197 1288 2251 1333 et
2278 1297 2502 1350 paucus,
2531 1285 2630 1338 erit
2660 1287 2712 1339 in
2747 1303 2992 1358 magnam
3023 1299 3255 1357 gentem.
3303 1291 3564 1344 Prmliritu

1995 1368 2255 1421 turenim
2292 1372 2502 1438 populis
2535 1381 2588 1426 et
2636 1374 2962 1441 imperitabil
3005 1379 3208 1443 multis,
3265 1390 3446 1450 utpote
3507 1383 3558 1432 iu

1993 1455 2093 1509 hac
2119 1457 2228 1510 vita
2260 1460 2506 1516 conlecto
2532 1478 2691 1517 cursu
2736 1465 3010 1524 laudabili.
3053 1469 3204 1533 Quod
3242 1471 3425 1526 videre
3450 1485 3553 1535 est,

1991 1560 2056 1601 ex
2100 1548 2185 1603 his
2216 1566 2336 1619 qua:
2359 1552 2782 1612 dixitChristus.
2821 1557 2953 1612 Nam
3013 1561 3208 1614 θίΐοιιις
3269 1564 3556 1630 apostolus,

1993 1637 2172 1708 inquit
2197 1656 2212 1695 :
2240 1661 2259 1694 ι
2294 1643 2430 1698 Cum
2453 1645 2622 1700 Filius
2641 1647 2872 1703 hominis
2903 1650 3107 1703 sedebit
3136 1651 3300 1720 857
3331 1653 3381 1704 in
3411 1651 3554 1706 thro-

1988 1743 2063 1784 no.
2083 1731 2266 1800 gloria:
2286 1749 2417 1798 suae,
2445 1744 2570 1789 tunc
2596 1737 2761 1791 etiam
2790 1740 3044 1793 sedebitis
3080 1755 3172 1794 vos
3191 1742 3241 1794 in
3277 1743 3555 1796 duodecim

311 1831 526 1884 θίσεσθε
582 1833 676 1886 ἐειιελ⁸
715 1833 922 1886 δώδεκα
964 1831 1189 1903 θρόνων,
1239 1832 1516 1902 κρίνοντες
1556 1829 1651 1892 τὰς
1681 1828 1876 1882 δώδεκα

1991 1823 2202 1878 throuis
2233 1825 2534 1894 jndicantes
2573 1827 2854 1882 duodecim
2887 1830 3058 1884 tribus
3092 1830 3252 1884 Israel
3278 1832 3342 1884 ³³.
3376 1851 3394 1884 ι
3417 1834 3556 1898 Quin

309 1923 480 1991 φυλὰς
515 1925 608 1977 τοῦ
645 1925 878 1995 Ἰσραήλ.
911 1943 930 1974 ι
973 1923 1132 1976 ’Δλλὰ
1179 1923 1287 1994 γὰρ
1333 1923 1428 1976 καὶ
1473 1908 1624 1992 ἐν’τῇ
1655 1920 1762 1974 τῶν
1793 1937 1888 1974 τα-

1988 1922 2043 1967 et
2082 1913 2138 1967 in
2180 1914 2557 1970 distributione
2595 1916 2913 1972 talento-rum
2960 1921 3263 1974 invenimus
3302 1937 3424 1976 eum
3469 1925 3555 1976 di-

273 2014 514 2068 .λὰντων
555 2015 872 2084 διανεμήσει
906 2014 1221 2084 εὑρίσκεται
1251 2013 1443 2082 λέγων,
1477 2034 1494 2064 ι
1535 2013 1665 2064 "Eoo
1703 2009 1876 2065 ἐπάνιι

1989 2020 2111 2060 cere
2137 2021 2150 2057 :
2185 2024 2202 2056 ι
2227 2006 2356 2061 Esto
2376 2023 2536 2077 super
2554 2009 2738 2062 decem
2761 2009 2961 2076 tribus;
2989 2030 3007 2062 ι
3031 2011 3148 2065 aliis
3174 2025 3352 2066 autem
3387 2013 3566 2067 mino-

305 2106 434 2158 δέκα
482 2105 683 2176 φυλῶν·
725 2125 744 2157 ι
780 2106 990 2177 ἑτέροις
1037 2105 1092 2158 δὲ
1132 2105 1231 2176 τὴν
1278 2106 1416 2174 μείω
1441 2103 1623 2158 δίδωσι
1668 2104 1884 2174 μοῖραν

312 2217 329 2246 ‹
368 2198 498 2249 Ἔσο
535 2196 678 2268 γὰρ,
719 2197 904 2266 φησὶν,
967 2196 1153 2250 ἐπάνω
1215 2194 1376 2248 πέντε
1425 2194 1647 2248 πόλεων.
1683 2211 1704 2246 s
1754 2195 1886 2246 Ἰσοο

307 2285 605 2340 στατοῦσὰν
637 2303 740 2339 που
786 2287 1003 2349 πάντως
1043 2287 1164 2348 ταῖς
1193 2284 1519 2348 ὲπιεικείαις
1565 2283 1744 2336 αὐτῶν
1787 2283 1886 2354 τὴν

303 2377 647 2448 ἀντιμισθίαν
675 2379 902 2450 ὀρέγων,
941 2380 1037 2431 καὶ
1060 2377 1158 2448 τὴν
1189 2378 1406 2447 ἑκάστῳ
1449 2375 1764 2446 πρέπουσαν
1789 2389 1887 2427 τας
1937 2445 1940 2448 _

302 2467 571 2523 λαντεύων
590 2469 779 2538 τιμήν.
827 2470 944 2522 Ἐπ’
991 2469 1140 2538 αὐτῷ
1175 2468 1240 2539 δὴ
1271 2463 1364 2521 οῦν
1407 2467 1584 2536 τούτῳ
1605 2465 1886 2536 χαίροντες

303 2559 351 2611 οἱ
389 2558 534 2626 ἅγιοι
558 2576 741 2627 φασιν·
776 2577 795 2610 ι
839 2558 1105 2622 ’Υπέταξε
1135 2559 1297 2622 λαοὺς
1327 2561 1480 2629 ἡμῖν,
1506 2559 1599 2610 καὶ
1625 2557 1750 2628 ἔθνη
1778 2555 1892 2610 ὑπὸ

302 2651 428 2712 τοὺς
457 2650 623 2712 πόδας
661 2649 838 2721 ἡμῶν.
880 2670 897 2701 ι
943 2649 1082 2713 Τούς
1117 2667 1182 2718 γε
1218 2649 1324 2721 μὴν
1365 2649 1684 2720 ἐλαχίστους
1725 2664 1881 2718 νομι-

303 2739 530 2804 σθέντας
556 2737 694 2794 εἶναι
741 2741 882 2794 κατὰ
921 2741 1013 2794 τὸν
1049 2741 1182 2811 βίον,
1214 2737 1333 2794 εἶτα
1363 2740 1652 2810 γεγονότας
1690 2740 1768 2800 είς
1798 2756 1882 2809 χι-

302 2831 508 2895 λιάδας,
563 2831 659 2885 καὶ
706 2833 786 2895 εἰς
813 2831 964 2895 ἔθνος
995 2831 1155 2902 μέγα.
1193 2850 1211 2882 ι
1267 2830 1428 2899 Ἐγὼ,
1471 2831 1651 2900 φησιν,
1693 2831 1721 2882 6
1747 2829 1882 2881 πάν-

299 2940 407 2976 των
454 2922 684 2993 Κύριος,
740 2923 951 2991 συνάξω
999 2923 1140 2976 κατὰ
1172 2925 1458 2994 καιροὺς,ι
1494 2923 1621 2985 τοὺς
1671 2923 1769 2992 τῆς
1818 2920 1880 2986 ἐξ

299 3013 545 3086 οὐρανῶν
596 3016 890 3086 ἐπιδημίας
935 3016 1194 3086 δηλονότι.
1249 3016 1381 3070 Τότε
1413 3015 1521 3084 γὰρ
1570 3013 1722 3068 ἔσται
1765 3014 1876 3076 τοῖς

299 3107 473 3174 ἁγίοις
507 3109 540 3179 ή
573 3109 773 3170 παντὸς
799 3109 1096 3172 ἀπόλαυσις
1131 3108 1362 3176 ἀγαθοῦ⁹
1385 3108 1434 3161 οἳ
1458 3107 1552 3161 καὶ
1587 3105 1874 3177 ἁρπασθή-

1987 2111 2099 2150 rem
2129 2096 2358 2167 largitur
2398 2097 2720 2165 portionem.
2755 2117 2775 2150 ι
2819 2099 2948 2154 Esto
2974 2101 3139 2164 enlm,
3174 2101 3365 2170 inquit,
3389 2118 3553 2169 super

1985 2187 2222 2257 quinque
2250 2187 2493 2242 civitates
2518 2187 2584 2252 ³⁸,
2629 2207 2652 2239 ι
2677 2188 2928 2256 probitati
2956 2190 3193 2258 ipsorum
3219 2205 3404 2259 parem
3439 2195 3549 2244 uti-

1986 2291 2091 2346 que
2113 2277 2416 2332 mercedem
2437 2278 2699 2341 tribuens,
2733 2290 2786 2333 et
2809 2281 3004 2348 cuique
3025 2283 3436 2336 convenientem
3464 2293 3549 2335 ta-

1984 2366 2256 2421 lentorum
2292 2369 2571 2423 honorem.
2623 2369 2848 2437 Ideoque
2896 2372 3189 2438 gaudentes
3223 2373 3419 2440 sancti,
3468 2377 3552 2427 di-

1983 2467 2146 2513 cunt:
2167 2478 2185 2509 ι
2211 2458 2451 2526 Subiecit
2475 2460 2698 2529 populos
2728 2463 2883 2517 nobis
2901 2471 2954 2517 et
2968 2474 3155 2532 gentes
3189 2466 3289 2518 sub
3323 2466 3550 2532 pedibus

1984 2550 2183 2604 metris
2200 2549 2265 2602 ³⁸³.
2289 2569 2310 2602 ι
2328 2551 2576 2605 Minimas
2612 2561 2790 2606 autem
2827 2553 2878 2606 in
2903 2554 3012 2607 vita
3040 2565 3335 2619 repntatos,
3354 2556 3548 2610 deinde

1982 2642 2041 2698 iu
2061 2643 2230 2698 millia
2259 2652 2312 2696 et
2344 2643 2396 2695 in
2421 2651 2632 2712 gentem
2660 2659 2908 2714 magnam
2942 2645 3315 2713 ampliﬁcatos.
3354 2663 3375 2697 ι
3411 2647 3546 2716 Ego,

1981 2735 2426 2803 inqui.t,omnium
2451 2735 2708 2789 Dominus
2741 2739 3077 2807 congregatio
3110 2752 3208 2792 suo
3235 2745 3496 2806 tempore,
3523 2756 3542 2789 ι

1979 2827 2242 2880 adventus
2271 2824 2477 2879 scilicet
2515 2825 2586 2880 de
2615 2827 2771 2880 «elo.
2806 2826 2957 2880 Tunc
3003 2827 3146 2880 enim
3189 2827 3361 2881 sancti
3397 2825 3548 2879 omni

1979 2919 2119 2971 bono
2151 2915 2502 2982 lruenturqni
2528 2917 2824 2984 rapientur,
2859 2926 2915 2968 nt
2947 2916 3374 2984 sapientissimus
3405 2914 3544 2970 Pau-

1975 3007 2060 3061 lus
2093 3006 2285 3075 inquit,
2330 3007 2383 3060 in
2409 3007 2644 3061 nubibus
2692 3007 2745 3060 in
2785 3023 3066 3062 occursum
3120 3009 3329 3062 Domini
3371 3009 3422 3063 in
3452 3024 3545 3064 ae-

1977 3114 2124 3168 rem;
2179 3101 2361 3169 itaque
2414 3115 2632 3170 semper
2681 3116 2804 3153 cum
2849 3101 3076 3154 Domino
3110 3102 3320 3158 erimus
3358 3102 3424 3166 ³⁸.
3457 3102 3546 3157 vel

300 3219 500 3263 σονται,
530 3201 674 3256 καθά
700 3219 864 3272 φησιν
887 3204 916 3256 6
945 3203 1219 3272 πάνσοφος
1258 3199 1490 3264 Παῦλος,
1525 3200 1583 3252 ἐν
1621 3197 1872 3268 νεφέλαις

1978 3201 2158 3254 erunt,
2186 3192 2404 3246 aeternis
2426 3192 2863 3246 circumﬂuentes
2893 3192 3210 3247 honoribus.

297 3296 376 3357 είς
403 3294 702 3365 ἀπάντησιν
735 3294 827 3348 τοῦ
853 3294 1061 3364 Κυρίου
1093 3295 1174 3357 εἰς
1199 3291 1359 3362 ἀέρα,
1385 3291 1525 3344 οὕτω
1551 3307 1611 3342 τε
1664 3287 1894 3342 πάντοτε
1929 3282 2028 3339 σὺν
2094 3280 2284 3353 Κυρίῳ
2317 3279 2554 3352 ἐσόμεθα
2585 3283 2706 3343 ταῖς
2754 3279 3131 3351 ἀτελευτήτοις
3170 3282 3541 3356 ἐντρυφῶντες

293 3404 479 3457 τιμαις

363 3480 603 3551 Πνεῦμα
631 3480 852 3548 Κυρίου
879 3479 974 3535 ἐπ’
993 3479 1118 3550 ἐμὲ,
1156 3474 1229 3536 οὗ
1267 3480 1499 3533 εἵνεκεν
1524 3473 1730 3545 ἐχρισέ
1752 3487 1830 3542 με
1847 3510 1862 3536 ›

293 3575 794 3643 εὐαγγελίσασθαι
813 3575 1070 3643 πτωχοῖς
1092 3571 1439 3628 ἀπέσταλκέ
1465 3585 1563 3640 με,
1581 3566 1866 3622 ἰάσασθαι

293 3663 437 3728 τοὺς
488 3667 1032 3735 συντετριμμένους
1097 3665 1216 3732 τὴν
1276 3663 1566 3732 καρδίαν,
1615 3656 1864 3727 κηρύξαι

293 3755 689 3821 αἰχμαλώτοις
733 3756 984 3823 ἄφεσιν,
1039 3756 1139 3808 καὶ
1185 3754 1438 3823 τυφλοῖς
1498 3751 1861 3818 ἀνάϐλεψινδ

294 3844 550 3898 καλέσαι
581 3846 858 3900 ἐνιαυτὸν
903 3849 1127 3914 Κυρίου
1182 3845 1399 3899 δεκτόν
1423 3884 1439 3909 ,
1487 3843 1589 3896 καὶ
1638 3842 1867 3910 ἡμέραν

294 3936 778 4002 ἀνταποδόσεως,
829 3935 1244 4004 παρακαλέσαι
1283 3935 1514 3999 πάντας
1557 3934 1698 4000 τοὺς
1721 3946 1866 3988 πεν-

295 4027 573 4094 θοῦντας,
607 4027 858 4096 δοθῆναι
884 4027 1010 4093 τοῖς
1029 4026 1321 4082 πενθοῦσι
1347 4024 1502 4080 Σιὼν
1518 4024 1706 4090 δόξαν
1729 4023 1876 4081 ἀντὶ

290 4119 526 4174 σποδοῦ
550 4159 565 4182 ,
619 4118 879 4188 ἄλειμμα
930 4118 1314 4188 εὐφροσύνης
1371 4116 1497 4182 τοῖς
1538 4115 1825 4171 πενθοῦσι
1847 4149 1863 4174 ι

291 4209 392 4262 καὶ
439 4207 826 4277 καταστολὴν
885 4207 1072 4279 δόξης
1129 4208 1266 4263 ἀντὶ
1328 4207 1667 4276 πνεύματος
1722 4207 1866 4276 ἀκη-

290 4296 442 4361 δίας.

372 4386 429 4440 ὐ
467 4387 524 4440 ἐν
547 4389 659 4450 τοῖς
688 4386 880 4440 ἁνόπιν
911 4386 1083 4442 εἰπὼν
1118 4389 1248 4460 περὶ
1275 4387 1383 4442 τῶν
1410 4388 1471 4440 ἐν
1501 4385 1684 4442 πίστει
1729 4387 1864 4457 κλη-

2046 3459 2176 3518 Cn.
2205 3457 2340 3513 LXI.
2374 3456 2539 3512 Vens.
2573 3459 2690 3514 1ρὸ.
2722 3457 2954 3528 Spiritus
2985 3460 3196 3514 Domini
3231 3477 3389 3531 super
3433 3481 3538 3525 me.

1971 3561 2181 3622 propter
2196 3553 2334 3622 quod
2366 3552 2516 3605 unxit
2541 3567 2622 3606 me
2634 3568 2653 3617 ;
2686 3551 3042 3621 evangelise“
3063 3554 3378 3622 pauperibus
3391 3558 3536 3610 misit

1970 3659 2087 3709 me,
2117 3658 2308 3698 sanare
2349 3643 2600 3696 contritas
2649 3645 2826 3706 corde,
2866 3645 3157 3713 praedicare
3201 3647 3415 3715 captivis
3458 3664 3535 3701 rs-

1971 3733 2290 3798 missiouem,
2329 3743 2376 3788 et
2409 3735 2562 3789 cacis
2607 3735 2795 3800 visum,
2843 3750 3026 3788 vocare
3074 3752 3272 3790 cum
3322 3736 3545 3792 Domini

1971 3824 2359 3890 acceptabilem,
2388 3833 2438 3877 et
2471 3826 2610 3877 diem
2638 3825 3018 3888 retributionis,
3053 3826 3316 3880 consolari
3356 3843 3534 3882 omnes

1963 3915 2215 3985 lugentes,
2249 3924 2304 3968 ut
2331 3915 2483 3966 detur
2516 3913 2816 3982 lugentibus
2840 3913 2972 3968 Sion
3001 3915 3172 3984 gloria
3197 3933 3292 3984 pro
3337 3916 3531 3983 cinere,

1965 4003 2140 4058 unctio
2170 4003 2364 4056 laetitia:
2391 4000 2706 4071 lugentibus,
2741 4012 2787 4054 et
2814 4002 3035 4056 amictus
3067 4003 3254 4072 gloria
3288 4021 3383 4075 pro
3423 4009 3532 4077 εμὲ-

1963 4094 2073 4148 ritu
2101 4093 2352 4146 litteratis.

2032 4400 2134 4467 Qui
2176 4402 2226 4455 in
2255 4398 2624 4470 superioribus
2651 4399 2786 4454 dixit
2817 4400 2885 4456 de
2911 4401 3164 4456 vocandis
3189 4415 3285 4470 per
3308 4402 3466 4458 ﬁdem
3510 4425 3524 4460 :

289 4478 632 4549 θησομένων·
700 4499 721 4529 ι
757 4477 899 4548 Ἐγὼ
941 4478 1143 4550 Κύριος
1201 4478 1343 4533 κατὰ
1393 4477 1622 4547 καιροὺς
1648 4475 1861 4541 συνάξω

1978 4511 1988 4544 ι
2022 4493 2134 4563 Ego
2173 4492 2446 4553 Dominus.
2479 4490 2534 4544 in
2578 4497 2824 4561 tempore
2871 4493 3209 4562 congregabo
3242 4507 3335 4549 eos
3376 4495 3442 4560 ",
3502 4514 3520 4546 ο

285 4570 499 4634 αὐτοὺς,
535 4588 553 4619 ›
580 4568 656 4633 ὡς
703 4569 1061 4641 ἐνεστηκότος
1107 4569 1211 4639 ἤδη
1261 4567 1357 4622 τοῦ
1390 4567 1606 4639 καιροῦ,
1635 4567 1756 4621 καθ’
1799 4567 1859 4620 ὃν

283 4660 622 4726 ἐπήγγελται
649 4662 995 4731 συναγείρειν
1029 4660 1245 4725 αὐτοὺς,
1270 4659 1363 4712 καὶ
1393 4659 1470 4722 ὡς
1499 4659 1600 4730 ἤδη
1632 4659 1860 4729 γενόμεσ

284 4767 372 4813 νος
399 4749 495 4802 ἄνθ
507 4767 708 4820 ρωπος,
729 4752 825 4804 καὶ
850 4752 950 4822 τὴν
977 4752 1114 4822 πρὸς
1132 4753 1280 4823 ἡμᾶς
1309 4751 1568 4821 ὁμοίωσιν
1587 4749 1854 4816 ὑπελθὼν,

282 4840 370 4892 καὶ
406 4839 594 4903 καθεὶς
627 4841 820 4893 ἐαυτὸν
873 4842 955 4904 εἰς
998 4841 1260 4906 κένωσιν,
1299 4860 1317 4892 ι
1349 4841 1573 4912 Πνεῦμα
1623 4839 1854 4912 Κυρίου,

284 4929 470 4998 φησὶν,
493 4931 580 4982 ἐπ’
618 4930 738 5000 ἐμὲ,
768 4948 788 4980 ι
819 4930 994 4984 καίτοι
1033 4930 1192 4998 φύσει
1217 4932 1347 4996 Θεὸς
1367 4933 1626 5004 ὑπάρχων
1642 4936 1670 4988 6
1688 4936 1856 4988 Μονο-

280 5022 444 5090 γενὴς
466 5021 654 5090 ’Ἄγιος
682 5023 854 5091 ἁγίων
900 5025 1040 5088 ἐστὶ,
1088 5025 1180 5078 καὶ
1228 5027 1407 5080 πᾶσαν
1433 5027 1596 5090 αὐτὸς
1635 5025 1851 5095 ἁγιάζει

280 5111 378 5181 τὴν
410 5112 610 5178 κτίσιν,
646 5113 742 5166 ἁτε
780 5113 844 5185 δὴ
888 5115 982 5168 καὶ
1015 5114 1076 5180 ἐξ
1104 5115 1261 5184 ἁγίου
1315 5117 1528 5188 Πατρὸς
1553 5115 1846 5186 πεφυκὼς,

1959 4585 2124 4641 veluti
2149 4585 2261 4655 jam
2311 4584 2548 4640 instante
2583 4593 2844 4653 tempore,
2876 4597 2982 4652 quo
3029 4584 3277 4653 promisit
3320 4600 3412 4640 eos
3469 4603 3528 4640 se

1960 4687 2298 4739 coacturum,
2335 4683 2389 4730 et
2421 4674 2574 4744 quasi
2604 4674 2777 4728 factus
2801 4673 2913 4744 jam
2949 4675 3131 4740 homo,
3171 4685 3225 4730 et
3271 4675 3525 4730 similitu-

1960 4769 2140 4823 dinem
2191 4776 2430 4822 nostram
2482 4765 2802 4834 suscipiens,
2850 4774 2905 4818 et
2954 4779 3012 4820 se
3063 4765 3128 4819 ad
3172 4765 3520 4820 inanitionem

1959 4859 2318 4923 submittens,
2388 4875 2408 4909 ι
2466 4855 2702 4926 Spiritus
2744 4854 2980 4921 Domini,
3073 4857 3263 4926 inquit,
3365 4873 3527 4927 super

1961 4963 2075 5016 me;
2116 4967 2135 5000 ι
2168 4949 2421 5019 quoniam
2452 4959 2643 5001 natura
2685 4946 2829 5003 Deus
2878 4949 3148 5003 exsistens
3206 4947 3523 5016 Unigenitus

1957 5035 2189 5091 Sanctus
2242 5037 2311 5090 sit
2354 5046 2688 5103 sanctorum,
2733 5043 2787 5091 et
2831 5050 3049 5091 omnem
3103 5037 3218 5105 ipse
3273 5048 3519 5091 naturam

1952 5128 2274 5193 sanctiﬁcet,
2316 5135 2502 5198 utpote
2544 5143 2610 5182 ex
2645 5135 2834 5184 sancto
2867 5127 3028 5183 Patre
3070 5136 3246 5192 natus,
3294 5143 3523 5198 cumque

278 5201 372 5254 καὶ
401 5201 460 5253 τὸ
484 5201 545 5266 ἐξ
594 5200 760 5255 αὐτοῦ
788 5204 1153 5275 προχεόμενον
1186 5204 1434 5274 Πνεῦμα,
1466 5206 1563 5260 καὶ
1591 5208 1711 5270 ταῖς
1738 5207 1852 5262 ἄνω

1978 5237 2013 5274 κ
2043 5234 2106 5275 se
2130 5221 2509 5290 procedentem
2552 5220 2812 5289 Spiritum
2856 5222 3109 5275 immittat
3155 5221 3366 5288 superis
3428 5239 3513 5290 p0-

276 5292 571 5363 δυνὰμεσιν
625 5295 828 5358 ἐνιεὶς,
884 5295 961 5359 ὡς
1010 5297 1230 5362 ἐαυτοῦ,
1294 5300 1388 5353 καὶ
1454 5300 1678 5369 προσέτι
1737 5303 1851 5365 τοῖς

276 5385 612 5451 ἐπεγνωκόσι
629 5386 728 5455 τὴν
748 5386 1074 5456 ἐπιφάνειαν
1100 5387 1286 5443 αὐτοῦ.
1312 5389 1436 5454 Πῶς
1457 5387 1550 5444 σῦν
1571 5388 1847 5461 ἡγιὰζετο;

273 5474 406 5538 Θεὸς
443 5475 550 5546 γὰρ
575 5476 834 5547 ὑπάρχων
864 5479 1001 5547 ὁμοῦ
1052 5481 1148 5534 καὶ
1181 5481 1466 5551 ἄνθρωπος
1493 5483 1521 5535 ὁ
1564 5484 1745 5547 αὐτὸς,
1773 5484 1849 5536 δί-

270 5566 400 5618 δωσι
430 5565 529 5637 μὲν
559 5566 753 5630 θεῖκῶς
782 5570 842 5622 τὸ
873 5570 1087 5642 πνεῦμα
1116 5575 1182 5644 τῇ
1209 5573 1403 5641 κτίσει,
1421 5574 1631 5645 δέχεται
1660 5575 1716 5629 δὲ
1755 5577 1852 5629 αὑ-

1951 5311 2231 5365 testatibus
2255 5312 2391 5377 suis,
2422 5322 2475 5365 et
2503 5327 2664 5379 porro
2720 5314 3112 5382 apparitionem
3145 5313 3310 5381 ipsius
3350 5329 3516 5379 agno-

1951 5402 2248 5467 scenlibus,
2281 5402 2548 5472 quomodo
2589 5403 2750 5472 igitur
2797 5405 3164 5459 suncliﬁcntus
3215 5405 3333 5458 est?
3379 5403 3516 5458 Deus

1951 5507 2140 5563 nempe
2171 5508 2296 5547 eum
2349 5493 2420 5547 sit
2462 5495 2711 5562 idemque
2746 5494 2931 5560 homo,
2963 5496 3055 5550 dat
3084 5496 3333 5565 spiritum
3365 5510 3517 5549 crea-

1952 5591 2085 5638 turae
2119 5583 2345 5640 Deitatis
2378 5585 2606 5649 ratione,
2643 5586 2836 5654 accipit
2867 5595 3046 5641 autem
3088 5588 3233 5642 illum
3260 5602 3287 5640 ιι
3314 5586 3424 5643 Deo
3462 5597 3516 5640 et

341 5681 405 5712 ³³*
430 5681 532 5770 [ξδ’.
560 5699 713 5770 txm,
746 5684 825 5770 θεῖ
879 5687 922 5720 ³³⁵
960 5689 1063 5746 Isa.
1099 5706 1198 5759 LII,
1231 5690 1286 5746 θ.
1364 5693 1409 5726 ³⁸
1438 5691 1625 5753 Matth.
1664 5710 1776 5763 xIx,
1811 5694 1876 5750 28

1978 5699 2022 5732 ⁸⁸
2060 5698 2192 5757 Luc.
2229 5717 2342 5768 xu,
2367 5701 2454 5756 l7.
2533 5702 2572 5733 ³⁷
2604 5700 2742 5757 Psal.
2771 5718 2913 5770 XLVI,
2943 5707 2992 5758 4.
3072 5703 3158 5758 ³⁸1
3201 5706 3392 5762 Thess.
3435 5719 3518 5770 IV,-

271 5748 358 5805 16.
435 5752 478 5784 ³⁹
501 5753 602 5807 lsa.
634 5748 724 5820 ιχ,
757 5756 846 5810 22.
