4134 6302
571 321 700 376 1551

1552 313 1608 367 S.
1649 310 1924 367 CYRILIJ
1967 306 2430 364 ALEXANDRINI
2468 304 2788 360 ARCIIIEP.

3686 301 3855 355 131‘}

571 439 752 501 Patre,
789 437 996 492 ratione
1030 433 1396 490 humanitatis.
1431 430 1581 486 llanc
1607 431 1839 486 dicimus
1877 443 2000 484 esse
2044 444 2144 482 un-

2259 427 2307 478 τὸ
2330 424 2481 496 παρὰ
2516 423 2611 477 τοῦ
2640 422 2774 476 Θεοῦ
2819 423 2911 476 καὶ
2945 419 3182 492 Πατρδς,
3207 419 3348 475 κατὰ
3367 418 3431 473 ra
3456 415 3839 490 ἀνθρώπινον.

569 531 828 584 etionem.
872 525 1043 598 858
1094 526 1435 593 Causatuque
1481 521 1837 576 humanitatis
1882 519 2141 574 declarat.

572 619 705 672 Cum
735 617 879 670 enim
905 615 1152 677 dixisset,
1195 627 1222 666 a
1267 611 1449 677 Patre,
1487 609 1730 680 adjunxit
1777 605 2083 662 necessario
2128 624 2142 658 :

578 729 596 762 ι
633 709 709 763 Eo
737 707 877 777 quod
900 706 1057 760 unxit
1088 719 1194 772 me,
1225 703 1600 772 cvangelizare
1627 701 1952 770 pauperibus
2001 697 2148 751 misit

572 813 682 861 me,
713 810 908 850 sanare
937 795 1200 850 contritos
1230 794 1413 857 corde,
1443 808 1508 848 ac
1538 793 1832 863 praedicare
1875 789 2147 845 remissio-

573 904 692 942 nem
725 886 978 955 captivis,
1010 895 1066 939 et
1095 885 1254 940 caecis
1277 885 1454 939 visum
1504 884 1750 950 reddere,
1788 896 1850 936 ac
1885 889 2146 950 praeterea

573 995 774 1035 vocare
805 981 944 1034 diem
974 977 1365 1034 retributionis.
1403 995 1421 1028 ι
1453 975 1620 1030 Multa
1647 973 1915 1044 siquidem
1942 973 1996 1028 in
2029 972 2148 1027 illos

571 1071 901 1127 exstiterunt
916 1067 1276 1123 humanitatis
1297 1066 1563 1138 Unigeniti
1581 1067 1807 1122 illustria
1829 1064 2144 1135 speeimina.

573 1161 645 1218 Ut
665 1161 810 1218 enim
839 1159 1088 1215 reﬁceret
1123 1159 1331 1225 orbem,
1363 1169 1418 1215 et
1451 1159 1717 1213 universa:
1760 1166 1916 1212 terra:
1945 1155 2148 1212 incolas

574 1256 682 1308 Deo
708 1261 764 1308 et
783 1251 928 1306 Patri
953 1252 1266 1317 adduceret,
1293 1248 1547 1304 omnibus
1576 1249 1628 1302 in
1660 1248 1849 1302 melius
1873 1256 2146 1300 transmu-

573 1348 719 1411 tatis,
747 1353 802 1398 et
831 1343 968 1398 facie
995 1353 1153 1398 terra:
1182 1342 1334 1412 quasi
1354 1351 1636 1404 renovata,
1683 1338 1892 1410 accepit
1918 1337 2146 1392 formam

571 1437 712 1489 servi
745 1434 813 1499 “,
853 1434 1221 1504 quamtumvis
1260 1441 1408 1487 esset
1450 1431 1714 1486 Dominus
1747 1429 2145 1492 universorum,

571 1538 626 1583 et
667 1529 840 1583 fausta
889 1525 1160 1580 nuntiavit
1195 1524 1546 1595 pauperibus,
1596 1531 1878 1593 propterea
1923 1521 2146 1576 missum

573 1633 632 1672 se
655 1618 808 1672 dicit.
829 1616 1105 1686 Pauperes
1143 1630 1266 1668 esse
1293 1623 1352 1668 et
1380 1613 1601 1684 intelligi
1641 1618 1885 1683 possunt,
1907 1609 1999 1681 qui
2028 1623 2149 1663 om-

575 1705 660 1761 uis
686 1705 810 1760 boni
842 1704 1089 1760 laborant
1112 1703 1426 1773 indigentia,
1461 1717 1561 1758 nec
1593 1701 1886 1772 quidquam
1907 1701 2020 1770 spei
2049 1701 2148 1756 lia-

2247 518 2464 588 Ταύτην
2501 513 2641 570 εἷναί
2676 531 2856 586 φαμεν
2881 513 2981 584 τὴν
3001 512 3199 584 χρῆσιν
3220 510 3292 582 [ί.
3318 507 3558 582 χρίσιν].
3586 508 3844 580 Ἐναργῆ

2246 609 2302 662 δὲ
2337 607 2627 677 καθίστησι
2664 607 2763 676 τῆς
2791 605 3261 676 ένανθρωπήσεως
3289 603 3388 674 την
3412 602 3614 655 αἰτίαν.
3643 600 3845 654 Εἰπὼν

2246 700 2355 770 γὰρ
2375 700 2457 753 ὅτι
2489 699 2640 769 παρὰ
2666 696 2749 750 τοῦ
2775 696 3472 768 Ιῐατρδς,προσεπήνεγκεν
3488 693 3840 761 ἀναγκαίαις,

2255 809 2273 842 ι
2301 783 2376 843 οὗ
2434 789 2642 842 εἵνεκεν
2697 787 2883 859 έχρισέ
2941 804 3031 858 με,
3092 783 3550 855 εὐαγγελίσασθαι
3592 786 3844 854 πτωχοῖς

2247 881 2562 937 ἀπέσταλκέ
2595 897 2686 951 με,
2725 879 2981 934 ἰάσασθαι
3009 879 3137 942 τοὺς
3194 876 3693 948 συντετριμμένους
3731 876 3842 946 τὴν

2249 971 2496 1044 καρδίαν,
2525 971 2719 1041 ἄφεσίν
2760 988 2820 1024 τε
2877 969 3113 1040 κηρύξαι
3157 971 3272 1032 τοῖς
3329 969 3390 1021 ἑν
3436 967 3796 1039 αἰχμαλωσίᾳ
3821 1010 3837 1028 ,

2249 1061 2579 1132 χαρίσασθαι
2608 1061 2667 1116 δὲ
2724 1063 2817 1115 καὶ
2873 1060 3092 1130 τυφλοῖς
3131 1058 3444 1128 ἀνάϐλεψιν,
3494 1057 3724 1114 καλέσαι
3774 1077 3837 1111 τε

2251 1155 2388 1224 πρὸς
2421 1153 2633 1217 τούτοις
2679 1155 2776 1208 καὶ
2823 1154 3041 1224 ἡμέραν
3095 1151 3504 1216 άνταποδόσσως
3527 1167 3541 1180 ’
3583 1171 3604 1204 ι
3654 1151 3839 1204 πολλά

2252 1245 2392 1298 κατὰ
2422 1245 2615 1299 ταύτὸν
2645 1246 2744 1316 τῆς
2773 1245 3236 1316 ὲνανθρωπήσεως
3263 1243 3358 1298 τοῦ
3390 1244 3728 1313 Μονογενοῦς
3759 1246 3836 1298 τὰ

2252 1334 2526 1405 περιφανῆ
2551 1333 2971 1406 κατορθώματα.
3012 1335 3130 1387 ’Ὶνα
3149 1335 3260 1406 γὰρ
3285 1335 3694 1406 κατακτήσηται
3727 1335 3836 1406 τὴν

2251 1426 2342 1478 ὑπ’
2367 1424 2616 1497 οὐρανὸν,
2649 1427 2745 1479 καὶ
2771 1426 2897 1488 τοὺς
2927 1424 3033 1479 ἀνὰ
3081 1427 3263 1478 πᾶσαν
3292 1425 3453 1490 ὄντας
3489 1426 3591 1495 τὴν
3643 1427 3835 1480 οἰκου-

2255 1516 2426 1588 μένην
2451 1519 2800 1589 προσκομίσῃ
2832 1515 2909 1588 τῷ
2941 1515 3060 1587 Θεῷ
3093 1516 3188 1570 καὶ
3227 1516 3400 1588 Πατρὶ
3453 1533 3835 1587 μεταστοιχει-

2250 1606 2400 1672 ώσας
2427 1608 2498 1662 τά
2528 1609 2706 1663 πάντα
2757 1609 2895 1680 πρὸς
2927 1608 2987 1662 τὸ
3033 1610 3334 1680 άμεινόνως
3383 1610 3550 1680 ἔχειν,
3591 1611 3692 1665 καὶ
3716 1605 3835 1664 οἷον

2251 1702 2608 1766 ἀνακαινίσας
2641 1702 2702 1755 τὸ
2733 1703 3023 1773 πρόσωπον
3052 1702 3153 1774 τῆς
3184 1703 3310 1774 γῆς,
3359 1703 3521 1757 έλαὸι
3551 1703 3610 1757 δὲ
3641 1703 3834 1757 δούλου

574 1797 724 1859 bent,
760 1804 813 1850 et
837 1797 954 1850 sine
999 1794 1108 1849 Deo
1149 1769 1274 1850 sunt
1315 1795 1368 1849 in
1413 1769 1635 1858 mundo,
1687 1769 1846 1849 sicuti
1886 1769 2148 1862 scriptum

2259 1791 2489 1863 μορφὴν,
2521 1792 2697 1846 καίτοι
2730 1769 2936 1863 Κύριος
2970 1769 3256 1863 ὑπάρχω-ν-
3289 1793 3397 1846 τῶν
3440 1793 3600 1848 ὅλων.
3644 1793 3833 1862 Ethn-

574 1887 751 1942 est‘°'.
795 1885 858 1940 lli
887 1894 1064 1940 autem
1091 1895 1218 1939 sunt
1249 1900 1313 1939 ex
1340 1884 1609 1956 gentibus,
1634 1885 1725 1954 qui
1758 1883 1862 1938 ﬁde
1897 1883 1948 1938 iu
1975 1883 2148 1952 ipsum

574 1977 908 2049 locupletati,
939 1978 1178 2033 divinum
1210 1987 1266 2033 et
1292 1977 1574 2033 ctelestem
1599 1977 1910 2032 thesaurum
1955 1974 2149 2029 lucrati

577 2078 726 2136 sunt,
764 2068 1128 2139 evangelicam
1165 2069 1417 2124 videlicet
1458 2077 1514 2124 et
1550 2067 1842 2124 salutarem
1890 2065 2153 2134 pradica-

576 2161 798 2223 tionem,
837 2176 932 2230 per
959 2177 1119 2232 quam
1152 2159 1279 2216 facti
1319 2168 1445 2214 sunt
1465 2159 1705 2216 cmlestis
1753 2159 1901 2230 regni
1932 2157 2151 2228 partici-

575 2267 692 2322 pes,
720 2263 775 2308 οι
803 2263 1086 2308 consortes
1115 2262 1448 2317 sanctorum,
1473 2260 1638 2320 atque
1669 2250 1914 2306 hteredes
1963 2265 2152 2306 eorum

577 2360 697 2412 quae
725 2358 830 2400 nec
864 2358 1019 2398 meus
1069 2359 1168 2398 nec
1199 2343 1375 2397 oratio
1399 2341 1682 2412 complecti
1718 2350 1914 2412 potest.
1958 2359 1978 2393 ι
2012 2340 2154 2396 Ocu—

579 2437 663 2491 lus
717 2435 884 2500 enim,
943 2435 1159 2504 inquit,
1217 2448 1322 2488 non
1353 2434 1506 2498 vidit,
1560 2446 1616 2489 et
1649 2433 1796 2490 auris
1845 2447 1954 2488 non
1998 2431 2153 2487 audi-

579 2527 676 2592 vit,
714 2539 812 2581 nec
838 2525 891 2580 in
921 2541 1016 2581 cor
1053 2525 1288 2580 hominis
1331 2525 1595 2592 ascendit,
1621 2540 1742 2595 quae
1774 2524 1984 2594 paravit
2013 2525 2156 2580 Deus

581 2619 932 2686 diligentibus
959 2632 1018 2671 se
1047 2617 1115 2673 “.
1162 2635 1181 2668 ι
1223 2614 1319 2671 Vel
1353 2617 1601 2672 fortassis
1649 2617 1823 2671 oratio
1869 2615 1959 2672 hic
2002 2615 2152 2682 dicit,

2250 1884 2505 1953 γελίσατο
2533 1885 2664 1954 γοῦν
2698 1887 2952 1956 πτωχοῖς,
2986 1885 3322 1940 ἀπεστάλθαι
3365 1885 3455 1939 διὰ
3483 1886 3643 1940 τοῦτό
3673 1903 3832 1957 φησι.

2254 1979 2466 2048 Πτωχοὶ
2491 1979 2536 2033 δ’
2565 1979 2630 2032 ἂν
2662 1974 2790 2042 εἷεν,
2829 1979 2994 2050 ἣγουν
3019 1978 3282 2050 νοηθεῖεν,
3307 1980 3358 2032 οἱ
3385 1980 3589 2043 παντὸς
3623 1981 3835 2049 ἀγαθοῦ

2253 2070 2606 2142 νενοσηκότες
2633 2070 2767 2124 ποτὲ
2797 2072 2896 2142 τὴν
2924 2070 3152 2132 ἔνδειαν,
3177 2071 3366 2124 ἐλπίδα
3385 2089 3444 2125 τε
3478 2073 3556 2143 μὴ
3583 2073 3835 2142 ἔχοντες,

2254 2163 2348 2218 καὶ
2380 2162 2528 2217 ἄθεοι
2551 2164 2609 2216 ὲν
2639 2162 2720 2233 τῷ
2739 2162 2951 2233 κόσμῳ,
2979 2164 3123 2216 κατὰ
3147 2163 3208 2216 τδ
3243 2165 3652 2235 γεγραμμένον.
3673 2160 3837 2221 οὗτοι

2253 2254 2298 2308 δ’
2316 2253 2383 2308 ἂν
2401 2251 2511 2307 εἶεν
2533 2256 2583 2306 οἱ
2603 2252 2664 2318 ἐξ
2682 2253 2873 2317 ἐθνῶν,
2901 2254 2950 2306 oi
2974 2253 3073 2323 τὴν
3091 2254 3172 2318 είς
3197 2252 3361 2308 αὐτὸν
3387 2254 3573 2308 πίστιν
3598 2257 3838 2326 πλουτὴ-

2259 2362 2474 2411 σαντες,
2501 2345 2602 2398 τὸν
2623 2344 2767 2398 θετόν
2795 2361 2855 2397 τε
2900 2345 2995 2399 καὶ
3024 2345 3273 2418 οὐράνιον
3315 2346 3719 2418 κεκερδηκότες
3742 2349 3836 2418 θη·

2261 2437 2493 2508 σαυρὸν,
2563 2436 2625 2490 τδ
2675 2435 3034 2506 εὑαγγελικὸν
3094 2436 3337 2507 δηλονότι
3422 2439 3520 2490 καὶ
3572 2440 3837 2509 σωτήριον

2257 2528 2541 2598 κήρυγμα,
2570 2526 2635 2579 δι’
2663 2519 2723 2579 οὗ
2752 2527 3007 2596 γεγόνασι
3032 2529 3128 2580 καὶ
3153 2527 3252 2598 τῆς
3271 2527 3378 2583 τῶν
3403 2529 3659 2600 οὐρανῶν
3687 2529 3837 2599 βασι-

2259 2618 2409 2683 λείας
2457 2621 2696 2691 μέτοχοι,
2730 2622 2824 2673 καὶ
2866 2620 3238 2692 συμμερισταὶ
3270 2620 3379 2672 τῶν
3414 2620 3613 2690 ἁγίων,
3649 2622 3840 2692 κληρο-

584 2711 916 2780 panperibus
940 2710 1132 2779 spiritu
1156 2708 1411 2763 donatum
1440 2722 1560 2763 esse
1587 2707 1825 2776 locuples
1855 2707 2160 2764 charisma-
2187 2721 2197 2729 ·

583 2808 697 2855 tum
754 2817 850 2868 per
894 2801 1167 2855 Clu-istum
1227 2798 1610 2856 ministerium.
1662 2798 1941 2856 Contritos
1995 2799 2160 2856 corde

587 2901 751 2948 vocat
803 2894 1022 2948 inlirmo
1046 2902 1105 2947 et
1137 2891 1311 2948 fracto
1339 2889 1522 2946 animo
1560 2892 1830 2963 praeditos,
1855 2901 1911 2948 et
1944 2905 2159 2962 pertur-

589 2985 866 3039 bationum
933 2983 1338 3040 incursionibus
1395 2999 1502 3039 non
1562 2983 1801 3042 valentes
1856 2985 2156 3053 obsistere,

2264 2987 2439 3042 πῶσιν
2473 2986 2654 3040 αὐτόν.
2701 3005 2718 3035 ι
2761 2987 2830 3039 Ἦ
2860 2985 3001 3056 τάχα
3035 3001 3138 3039 που
3183 2986 3277 3041 καὶ
3334 2989 3444 3049 τοῖς
3497 2991 3742 3059 πτωχοῖς
3769 2989 3840 3058 τῷ

590 3078 769 3147 itaque
794 3077 903 3132 illis
931 3077 1229 3145 subjectos,
1260 3084 1318 3131 ut
1339 3075 1540 3147 captivi
1573 3089 1695 3132 esse
1725 3074 2028 3131 videantur.
2065 3075 2156 3131 llis

2265 3077 2536 3150 πνεύματι
2561 3076 2895 3150 δεδωρῆσθαι
2941 3095 3109 3148 φησιν
3137 3080 3167 3131 6
3195 3076 3354 3147 λόγος
3404 3081 3465 3132 ἐν
3493 3079 3713 3144 τούτοις
3741 3081 3844 3132 τῶν

590 3171 926 3225 sanationem
965 3183 1030 3224 ac
1058 3170 1382 3225 medicinam
1434 3166 1720 3238 promittit,
1762 3183 1826 3222 ac
1863 3168 2022 3224 (meis
2073 3168 2156 3224 dat

2261 3167 2354 3224 διὰ
2400 3169 2637 3240 Χριστοῦ
2698 3169 3050 3239 χαρισμάτων
3101 3169 3200 3240 τὴν
3259 3168 3494 3237 ἄφθονον
3556 3171 3838 3243 χορηγίαν.

2260 2712 2414 2783 νόμοι
2443 2711 2549 2764 τῶν
2599 2711 2741 2782 ὑπὲρ
2780 2710 2904 2765 νοῦν
2961 2713 3054 2765 καὶ
3103 2711 3280 2780 λόγον.
3319 2731 3338 2764 ι
3381 2711 3696 2782 ὀφθαλμὸς
3740 2713 3839 2784 γὰρ

2260 2807 2362 2860 οὐκ
2393 2801 2519 2868 εἶδε,
2552 2804 2705 2875 φησι,
2742 2805 2838 2857 καὶ
2867 2799 2960 2868 οῦς
2981 2805 3082 2858 οὐκ
3111 2804 3334 2875 ἢκουσε,
3358 2805 3453 2857 καὶ
3484 2806 3581 2858 ἐπὶ
3615 2807 3842 2876 καρδίαν

2263 2893 2555 2966 ἀνθρώπου
2577 2893 2674 2946 ούκ
2712 2893 2903 2966 ἁνὲση,
2943 2892 2980 2947 a
3011 2893 3310 2964 ἡτοίμασεν
3329 2894 3358 2946 ό
3379 2893 3517 2958 Θεὸς
3546 2897 3668 2958 τοῖς
3707 2897 3837 2965 ἀγα-

588 3263 786 3316 visum.
821 3260 953 3314 Nam
985 3260 1078 3330 qui
1110 3269 1417 3315 creaturam
1455 3259 1661 3324 colunt,
1692 3269 1745 3314 et
1774 3259 1916 3329 ligno
1944 3259 2161 3314 dicunt:

594 3370 612 3403 ι
655 3351 812 3408 Pater
846 3364 998 3404 meus
1027 3364 1086 3404 es
1113 3359 1199 3416 ttt;
1231 3359 1287 3405 et
1320 3349 1480 3419 lapidi
1517 3368 1530 3402 :
1568 3348 1648 3402 Tu
1676 3350 1907 3421 genuisti
1955 3365 2040 3404 me
2058 3349 2158 3411 ⁸²ςι

591 3443 790 3498 deinde
848 3451 1039 3494 natura
1087 3450 1142 3496 et
1197 3455 1326 3496 vere
1392 3441 1556 3495 Deum
1613 3454 1716 3494 non
1761 3449 2092 3511 agnoverunt
2147 3460 2161 3494 :

591 3532 780 3602 quidni
813 3532 939 3585 caeci
966 3531 1099 3594 sint,
1131 3540 1185 3584 et
1222 3539 1409 3598 pectus
1451 3530 1689 3584 habeant
1727 3530 1849 3584 luce
1888 3530 2068 3584 divina
2110 3541 2168 3586 et

594 3621 919 3691 intelligibili
952 3621 1193 3674 nudum?
1244 3619 1339 3674 His
1391 3620 1632 3674 immittit
1665 3619 1825 3675 Pater
1877 3637 2018 3677 vera:
2071 3621 2166 3678 Dei

593 3711 918 3782 cognitionis
939 3711 1136 3766 lucem.
1176 3711 1363 3765 Vocati
1395 3719 1526 3764 sunt
1555 3711 1701 3766 enim
1738 3726 1834 3782 per
1882 3712 2064 3778 ﬁdem,
2112 3724 2166 3769 et

597 3803 744 3857 illum
774 3809 1160 3871 cognoverunt,
1187 3799 1295 3854 imo
1320 3799 1387 3853 ab
1411 3799 1527 3868 ipso
1549 3801 1746 3871 cogniti
1777 3813 1932 3868 sunt;
1966 3802 2168 3873 ﬁliique

599 3893 772 3948 noctis
800 3907 922 3946 cum
959 3901 1142 3945 essent
1195 3903 1258 3943 ac
1288 3889 1658 3954 tenebrarum,
1697 3890 1791 3944 ﬁlii
1829 3890 1962 3947 lucis
2001 3895 2167 3949 exsti-

598 3992 796 4040 terunt.
823 3981 992 4054 859
1015 3980 1357 4036 Collustravit
1386 3982 1585 4036 etenim
1621 3983 1740 4038 illos
1771 3983 1906 4049 dies,
1934 3996 1988 4041 et
2015 3997 2165 4041 ortus

596 4085 682 4130 cst
708 4075 798 4130 Sol
823 4074 1068 4143 iustitiae,
1097 4083 1152 4128 et
1191 4073 1416 4128 illustris
1455 4077 1700 4142 apparuit
1743 4073 1976 4133 Lucifer.
2019 4079 2164 4134 Nihil

601 4166 923 4222 incommodi
957 4165 1082 4227 erit,
1108 4165 1153 4220 si
1188 4179 1251 4218 ex
1280 4164 1541 4235 sanguine
1580 4165 1874 4222 Israelitico
1927 4169 2169 4226 oriundis

598 4258 778 4312 munia
808 4257 952 4311 dicta
978 4255 1470 4310 accommodemus.
1511 4255 1643 4309 Nam
1689 4268 1846 4312 erant
1880 4275 2164 4329 pauperes,

599 4361 652 4403 et
685 4349 902 4402 contriti
934 4347 1120 4410 corde,
1154 4361 1215 4400 ac
1248 4346 1396 4400 velut
1447 4349 1666 4416 captivi,
1710 4359 1763 4406 et
1805 4351 2166 4410 obtenebrati.

606 4459 624 4491 ι
665 4440 780 4494 Non
805 4439 951 4492 enim
995 4439 1047 4492 in
1090 4449 1229 4493 terra
1258 4449 1376 4494 erat
1408 4440 1695 4510 quisquam
1725 4443 1812 4511 qui
1847 4443 2048 4500 faceret
2073 4449 2170 4500 bo-

2264 3251 2765 3332 Zuv'rs'rptppévou;
2789 3261 2852 3316 δέ
2875 3279 3010 3333 φησι
3067 3261 3163 3332 τὴν
3195 3249 3448 3334 καρδίαν,
3481 3264 3615 3328 τοὺς
3644 3265 3844 3331 ἀσθενῆ

2265 3353 2360 3407 καὶ
2388 3352 2778 3423 εύδιάθρυπτον
2802 3350 3023 3420 ἔχοντας
3045 3351 3191 3416 νοῦν,
3223 3355 3318 3406 καὶ
3345 3356 3466 3416 ταῖς
3505 3355 3616 3408 τῶν
3656 3354 3839 3408 mede:

2266 3444 2592 3514 προσϐολαῖς
2617 3444 3002 3516 ἀντιφέρεσθαι
3033 3445 3110 3515 μὴ
3140 3445 3502 3518 δυναμένους,
3537 3448 3840 3518 ὑπενηνεγο

2269 3538 2464 3608 μένους
2480 3537 2538 3590 δὲ
2559 3536 2732 3601 οὕτως
2753 3538 2961 3604 αὑταῖς,
2978 3539 3053 3602 ὡς
3081 3537 3459 3609 αἰχμαλώτους
3480 3534 3613 3592 εἶναι
3631 3541 3838 3594 δοκετν.

2266 3627 2488 3691 Τούτοις
2516 3627 2661 3680 ἴασίν
2691 3645 2750 3680 τε
2785 3630 2880 3682 καὶ
2920 3629 3112 3699 ἄφεσιν
3159 3630 3561 3699 ἐπαγγέλλεται,
3606 3632 3838 3699 τυφλοῖς

2264 3721 2321 3774 δὲ
2346 3715 2496 3774 οὖσιν
2520 3720 2704 3785 αὐτοῖς
2721 3719 2901 3773 δίδωσι
2923 3723 3014 3774 καὶ
3041 3720 3357 3790 ἀνάϐλεψιν.
3381 3723 3444 3776 Οἱ
3462 3722 3566 3794 γὰρ
3581 3724 3842 3792 τῇκτὶσει

2266 3813 2653 3884 λατρεύοντες,
2682 3814 2775 3867 καὶ
2804 3812 2882 3884 τῷ
2908 3814 3052 3884 ξύλῳ
3078 3814 3348 3882 λέγοντεςο
3383 3833 3403 3864 ι
3439 3817 3628 3886 Πατήρ
3662 3833 3764 3885 μου
3797 3813 3845 3869 εἴ

2273 3910 2360 3971 σὺ,
2379 3910 2475 3961 καὶ
2503 3907 2581 3978 τῷ
2611 3907 2767 3977 λίθῳ,
2791 3908 2862 3960 Σὺ
2901 3907 3200 3979 ἐγέννησας
3226 3925 3314 3979 με,
3347 3927 3365 3960 ι
3397 3904 3519 3962 εἶτα
3544 3909 3635 3963 τὸν
3665 3909 3841 3978 φύσει,

2269 3998 2364 4051 καὶ
2392 3996 2606 4068 ἀληθῶς
2633 3997 2762 4052 ὄντα
2791 3997 2924 4050 Θεὸν
2952 3997 3051 4051 οὐκ
3075 3997 3470 4065 ἐπεγνωκότες,
3501 3997 3623 4062 πῶς
3654 4001 3752 4051 οὐκ
3781 3999 3844 4052 ἂν

2269 4087 2378 4144 εἷεν
2405 4090 2617 4158 τυφλοὶ,
2655 4091 2748 4144 καὶ
2783 4088 2961 4158 φωτός
2993 4089 3086 4142 τοῦ
3113 4089 3260 4142 θείου
3289 4090 3386 4141 καὶ
3418 4089 3614 4158 νοητοῦ
3637 4089 3847 4160 γυμνὴν

2269 4181 2486 4251 ἔχοντες
2533 4180 2632 4252 τὴν
2681 4181 2941 4251 καρδίανς
2969 4180 3178 4237 τούτοις
3216 4179 3426 4251 ἐνίησιν
3470 4182 3500 4232 6
3540 4179 3847 4251 Πατὴρ-τῇ

2253 4273 2502 4344 ,ἀληθοῦς
2539 4273 2867 4340 οεογνωσίας
2902 4272 2962 4326 τὸ
2989 4272 3124 4342 φῶς.
3164 4272 3476 4343 Κέκληνται
3504 4273 3615 4344 γὰρ
3641 4273 3730 4326 διὰ
3757 4275 3845 4326 πί-

2273 4383 2462 4433 στεως,
2489 4366 2583 4419 καὶ
2613 4365 2863 4434 ἔγνωσαν
2916 4367 3099 4428 αὑτὸν,
3141 4366 3340 4436 μᾶλλον
3390 4366 3449 4419 δὲ
3497 4366 3845 4436 ἐγνώσθησαν

2271 4458 2363 4510 ὑπ’
2395 4457 2580 4522 αὐτοῦ,
2609 4459 2703 4511 καὶ
2726 4458 2832 4510 υίοὶ
2854 4457 3044 4521 νυκτὸς
3070 4458 3242 4523 ὅντες,
3268 4459 3364 4511 καὶ
3396 4460 3648 4524 σκότους,
3679 4460 3848 4529 φωτὸς

602 4544 752 4592 num,
789 4543 894 4582 non
927 4536 1045 4581 erat
1073 4543 1241 4598 usque
1273 4529 1340 4582 ad
1378 4544 1564 4585 unum.
1596 4527 1798 4586 Omnes
1839 4538 2042 4602 pariter
2073 4537 2156 4592 de-

2272 4553 2527 4620 γεγόνασι
2575 4551 2759 4603 τέκναο
2794 4551 3054 4621 διηύγασε
3087 4551 3194 4621 γὰρ
3223 4553 3419 4614 αὐτοὺς
3453 4553 3487 4621 ἡ
3524 4527 3730 4624 ἡμέρα,
3758 4553 3849 4603 καὶ

602 4621 962 4683 clinaverunt,
988 4618 1147 4673 simul
1181 4620 1398 4675 inutiles
1425 4622 1550 4675 facti
1582 4633 1706 4676 sunt
1736 4623 1801 4679 “.
1847 4645 1866 4678 ι
1900 4625 2059 4683 Venit
2080 4645 2170 4682 au-

603 4720 710 4764 tem
739 4709 1007 4773 Christus,
1043 4718 1095 4764 et
1124 4708 1379 4765 lsraelitis
1402 4721 1526 4766 ante
1559 4713 1692 4768 alios
1737 4717 2004 4772 nuntiavit
2053 4718 2164 4775 fau-

603 4814 687 4859 sta
709 4818 772 4857 ac
803 4801 1057 4870 praeclara
1084 4804 1380 4870 praesentiae
1405 4820 1518 4860 suae
1543 4805 1781 4861 facinora
1820 4824 1835 4862 :
1884 4821 2167 4878 praeterea,

2272 4644 2302 4694 6
2345 4643 2446 4712 τῆς
2485 4641 2832 4712 δικαιοσύνης
2885 4643 3112 4712 ἀνέσχεν
3169 4642 3396 4707 Ἥλιος,
3455 4643 3553 4696 καὶ
3603 4643 3849 4713 λαμπρὸς

2273 4733 2546 4786 ἀνέτειλεν
2584 4733 2912 4801 Ἑωσφόρος.
2936 4735 3112 4787 Δυπεῖ
3145 4733 3202 4786 δὲ
3235 4734 3389 4787 οὐδὲν
3409 4735 3505 4788 καὶ
3533 4738 3648 4797 τοῖς
3679 4735 3737 4798 ἐξ
3771 4735 3848 4786 αἶα

2281 4840 2444 4894 ματος
2488 4821 2705 4892 Ἰσραὴλ
2729 4823 3038 4894 ἐφαρμόσαι
3065 4823 3245 4876 πάντα
3291 4823 3362 4876 τὰ
3410 4824 3700 4894 εἰρημένα.
3749 4824 3852 4875 Kal.

606 4905 664 4949 ut
695 4909 894 4948 annum
929 4908 1144 4963 quoque
1171 4894 1378 4949 Domini
1427 4895 1784 4964 proclamaret
1811 4912 2088 4972 acceptum
2117 4919 2156 4959 et

2276 4912 2385 4983 γὰρ
2403 4907 2546 4982 ἦσαν
2575 4913 2804 4982 πτωχοὶ,
2835 4913 2930 4966 καὶ
2974 4912 3430 4984 συντετριμμένον.
3457 4913 3557 4984 τὴν
3591 4912 3850 4984 καρδίαν,

611 4984 752 5038 diem
784 4983 1175 5038 retributionis.
1215 4982 1481 5054 Acceptus
1521 5001 1695 5042 annus
1741 5001 1882 5057 erat,
1921 5008 2031 5063 quo
2076 5011 2156 5066 ρι’(

2279 4982 2375 5058 καὶ
2400 4998 2511 5057 οἷον
2547 5004 2900 5074 αἰχμάλωτοι,
2929 5003 3022 5058 καὶ
3050 4982 3444 5076 ἐσκοτωμένοι.
3477 4982 3599 5057 ιήού
3635 4982 3750 5075 γὰρ
3789 4999 3856 5072 ἦν

607 5075 764 5132 nobis
808 5074 1098 5131 cruciﬁxus
1144 5083 1230 5129 est
1263 5075 1525 5131 Christus.
1583 5077 1718 5134 Tum
1767 5083 1911 5138 enim
1966 5099 2155 5159 accept

2281 5097 2374 5150 ἐπὶ
2392 5095 2495 5166 γῆς
2515 5098 2544 5150 6
2571 5095 2741 5150 ποιῶν
2763 5098 3132 5170 χρηστότητα,
3162 5074 3285 5152 οὐκγ
3303 5093 3374 5171 ἦν
3411 5098 3518 5161 ἕως
3557 5099 3700 5160 ἑνὸς.
3719 5074 3853 5152 αλλὰ

609 5166 738 5221 facti
767 5180 952 5219 sumus
980 5163 1088 5219 Deo
1112 5173 1166 5218 et
1194 5163 1362 5230 Patri,
1399 5175 1455 5220 et
1480 5181 1576 5236 per
1606 5169 1780 5238 ipsum
1830 5170 2036 5229 fructus
2061 5177 2156 5232 edit

2282 5163 2482 5252 πάντες
2509 5163 2813 5253 ἐξέκλιναν,
2834 5163 2953 5260 άμα
3007 5163 3406 5262 ἧχρειώθησαν.
3445 5209 3462 5244 ι
3510 5191 3777 5261 Ἀφῆκται
3800 5189 3851 5240 δὲ

606 5259 810 5312 dimus.
866 5254 1029 5326 quue
1069 5270 1169 5309 nos
1215 5253 1398 5309 docuit
1441 5257 1576 5328 ipse,
1625 5259 1815 5318 dicens
1856 5281 1870 5318 :
1917 5283 1937 5316 ι
1983 5271 2155 5322 Amen

2277 5279 2304 5330 6
2337 5249 2570 5348 Χριστὸς
2619 5277 2712 5329 καὶ
2757 5249 2968 5346 πρό-γε
3174 5249 3350 5333 ἄλλων
3375 5249 3855 5347 εύαγγελιξάμενος

611 5363 769 5402 amen
797 5347 918 5401 dico
948 5347 1104 5402 vobis
1134 5365 1148 5400 :
1183 5345 1301 5402 Nisi
1336 5363 1562 5418 granum
1606 5350 1860 5410 frumenti
1895 5357 2096 5414 cadens
2127 5361 2156 5416 i1

2279 5345 2472 5432 coisse
2518 5366 2732 5436 Ἰσραὴλ
2772 5345 2871 5438 τῆς
2915 5345 3113 5422 έαυτοῦ
3147 5370 3448 5440 παρουσίας
3575 5345 3850 5438 κατορθώ-

613 5446 816 5491 terram
850 5448 1119 5493 mortuum
1153 5439 1338 5507 fuerit,
1366 5441 1538 5510 ipsum
1570 5456 1750 5500 manet
1785 5447 1993 5516 solum;
2037 5465 2156 5520 qum

2283 5474 2445 5528 ματα.
2479 5459 2588 5512 Καὶ
2617 5460 2753 5530 πρός
2783 5476 2844 5528 γε
2868 5460 2933 5532 δὴ
2964 5460 3193 5525 τούτοις,
3234 5439 3322 5514 ἵνα
3352 5461 3446 5514 καὶ
3474 5460 3721 5512 ἐνιαυτὸν
3748 5460 3854 5511 Κυ-

610 5528 654 5581 si
687 5541 954 5583 mortuum
992 5529 1172 5598 fuei’it,
1210 5531 1447 5589 fructum
1485 5535 1786 5592 uberiorem
1820 5539 2020 5608 profert
2051 5543 2119 5602 “.

2283 5549 2398 5618 ρίου
2430 5549 2630 5621 καλέσῃ
2663 5528 2870 5615 δεκτὸν,
2899 5528 2994 5606 διαὶ
3035 5551 3252 5622 ἡμέραν
3293 5550 3721 5612 ἀνταποδόσεως.
3750 5548 3858 5601 Καὶ

681 5703 984 5774 “Philipp.
1015 5725 1072 5776 ιι,
1107 5709 1161 5765 7.
1219 5711 1286 5745 ιο·
1317 5714 1695 5786 Epltes.ti,42.
1727 5717 1767 5750 δ·
1801 5719 1970 5778 lCor.
2009 5724 2137 5792 ",9.
2200 5727 2244 5758 ιι
2275 5727 2384 5785 Jcr.
2417 5747 2474 5796 ιι,
2509 5732 2600 5786 27.
2680 5733 2725 5767 ω
2769 5735 2908 5792 l‘sal.
2947 5751 3067 5798 xm,
3098 5736 3152 5791 5.
3232 5738 3276 5768 ιδ
3315 5734 3470 5791 Joan.
3504 5731 3852 5797 “1.21.25.
