4112 6292
341 345 481 401 1555

1458 310 1528 396 iN
1562 340 1788 396 lSAlAM
1824 338 1952 396 LIB.
1991 338 2053 396 ν.
2097 342 2336 399 Tenus
2370 341 2436 400 ν.

3456 342 3596 400 1356

341 458 531 522 δεκτὸς
571 457 670 529 μέν
699 454 962 519 ἐνιαυτὸς,
993 454 1114 507 καθ’
1145 454 1202 506 όν
1230 451 1547 524 ἐσταυρώθη
1583 455 1722 525 ὑπὲρ
1753 452 1911 525 ἡμῶν

2035 453 2288 508 Ξιίιεειιιιι
2324 474 2335 509 :
2372 473 2390 507 ι
2429 454 2651 522 Quando
2681 456 2746 510 de
2782 466 2923 511 terra
2955 458 3221 511 exaltatus
3253 456 3425 521 fuero,
3474 472 3591 513 om~

345 551 600 622 Χριστός.
652 550 840 603 Δεκτοὶ
868 548 975 617 γὰρ
1010 546 1131 598 τότε
1175 546 1478 616 γεγόναμεν
1526 545 1602 616 τῷ
1652 544 1772 616 θεῷ
1824 545 1917 598 καὶ

345 643 546 713 Πατρὶ,
599 642 695 694 καὶ
747 635 1255 707 καρποφορηθέντες
1284 636 1350 690 δι’
1384 636 1570 702 αὐτοῦ,
1614 637 1709 690 καὶ
1757 634 1917 689 τοῦτο

345 732 507 795 αὐτὸς
560 731 710 801 ἡμᾶς
736 726 993 790 ἐδίδαξεν,
1022 724 1225 790 εἰπὼν,
1283 745 1302 776 ‹
1356 726 1548 797 Ἀμὴν,
1599 726 1746 796 ἀμὴν
1770 723 1917 792 λέγω

348 824 496 890 ὑμῖν,
521 823 615 874 ἐὰν
655 821 730 891 μὴ
757 822 786 872 ό
812 818 1008 880 κόκκος
1038 818 1131 871 τοῦ
1168 812 1316 871 σίτου
1368 817 1550 872 πεσὼν
1590 818 1670 880 εἰς
1697 818 1794 884 τὴν
1812 819 1916 886 γῆν

346 914 610 986 ἀποθάνῃ,
635 911 796 973 αὐτὸς
826 909 984 980 μόνος
1008 908 1178 980 μένει·
1218 910 1313 963 ἐὰν
1336 909 1393 962 δὲ
1422 908 1689 979 ἀποθάνῃ,
1707 909 1917 978 καρπὸν

348 1005 565 1058 πλείονα
597 1000 774 1071 φέρει.
810 1019 829 1052 ι
878 1001 987 1053 Καὶ
1011 1000 1194 1065 πάλιν,
1235 1019 1254 1052 ι
1288 1001 1452 1055 Ὅταν
1481 999 1682 1069 ὑψωθῶ
1710 1001 1774 1052 ἐκ
1818 999 1918 1069 τῆς

345 1099 466 1167 γῆς.
524 1096 733 1158 πάντας
796 1093 1009 1147 ἐλκύσω
1065 1093 1203 1164 πρὸς
1268 1095 1529 1165 ἐμαυτόν.
1569 1111 1591 1148 ι
1652 1093 1762 1146 Καὶ
1788 1092 1918 1162 γοῦν

345 1187 544 1243 ἀνεϐίω
594 1187 891 1258 τριήμερος
943 1188 1188 1257 πατήσας
1204 1186 1300 1239 τοῦ
1339 1184 1569 1238 θανάτου
1600 1183 1661 1237 τὸ
1694 1183 1915 1253 κράτος.

346 1278 479 1336 Εἶτα
538 1282 654 1343 τοῖς
723 1279 899 1347 ἁγίοις
972 1278 1241 1349 μαθηταῖς
1304 1275 1675 1347 προσεφώνει,
1721 1274 1915 1343 λέγων·

353 1394 371 1425 ι
411 1371 599 1442 Ἐδόθη
632 1389 722 1442 μοι
766 1372 917 1424 πᾶσα
974 1369 1191 1435 ἐξουσία
1214 1372 1271 1422 ἐν
1297 1368 1512 1440 οὐρανῴ
1551 1369 1646 1422 καὶ
1673 1369 1765 1423 ἐπὶ
1790 1368 1915 1438 γῆς’

349 1464 706 1536 πορευθέντες
736 1461 1106 1532 μαθητεύσατε
1125 1462 1303 1516 πάντα
1318 1461 1386 1515 τὰ
1403 1461 1550 1531 ἔθνη,
1571 1461 1921 1531 βαπτίζοντες

350 1553 545 1615 αὐτοὺς
573 1554 653 1615 εἰς
682 1551 743 1604 τὸ
770 1552 939 1621 ὄνομα
964 1551 1058 1605 τοῦ
1086 1552 1317 1621 Πατρός,
1350 1552 1445 1606 καὶ
1498 1552 1591 1605 τοῦ
1617 1551 1769 1617 Υίοῦ,
1825 1550 1921 1604 καὶ

349 1644 444 1699 τοῦ
478 1640 633 1713 ὰγίόυ
661 1641 998 1713 Πνεύματος.
1038 1662 1055 1695 ι
1087 1643 1282 1705 Δεκτδς
1304 1639 1398 1697 οὖν
1449 1641 1687 1705 ἐνιαυτὸς
1713 1642 1917 1705 ἐκεῖνος

351 1753 455 1788 που
486 1736 720 1800 πάντως,
751 1734 873 1789 καθ’
902 1736 962 1788 ὃν
1009 1736 1394 1806 είσεδέχθημεν
1446 1735 1544 1804 τὴν
1596 1734 1734 1806 πρὸς
1759 1734 1920 1788 αὐτὸν

2024 559 2121 598 nes
2140 545 2349 599 traham
2375 546 2441 599 ad
2464 546 2730 615 meipsum
2755 545 2821 600 “.
2841 566 2857 598 ι
2891 547 3169 614 Siquidem
3202 547 3401 601 revixit
3431 549 3594 604 tertio

2025 635 2130 701 die,
2167 635 2374 690 calcato
2421 637 2610 691 mortis
2656 636 2900 706 imperio.
2958 635 3161 691 Deinde
3214 645 3431 691 sanctos
3484 637 3591 692 dis-

2026 726 2233 795 cipulos
2267 726 2529 782 allocutus
2575 727 2651 781 ait
2693 746 2707 782 :
2749 745 2767 778 ι
2810 727 2939 799 Data
2975 734 3057 781 est
3109 726 3236 782 mihi
3280 728 3456 782 omnis
3505 743 3597 799 po-

2025 828 2193 872 testas
2224 819 2277 872 in
2307 820 2443 874 coelo
2473 827 2526 873 et
2555 819 2606 873 in
2644 830 2809 874 terra.
2844 797 2942 882 ite',
2975 824 3163 874 docete
3183 837 3368 874 omnes
3385 832 3593 891 gentes.

2024 908 2360 976 baptizantes
2387 925 2480 965 eos
2504 910 2557 965 in
2594 926 2788 965 nomen
2829 911 3023 973 Patris,
3060 923 3113 966 et
3146 911 3292 976 Filii,
3327 922 3382 966 et
3424 912 3596 979 Spiri-

2027 1008 2113 1053 tns
2153 1002 2326 1055 sancti
2368 1001 2434 1052 “.
2473 1021 2491 1053 ι
2532 1003 2800 1071 Acceptns
2834 1017 2915 1058 est
2952 1004 3113 1072 igitur
3160 1005 3378 1057 oninino
3424 1019 3598 1057 annus

2029 1092 2136 1157 ilie,
2163 1109 2272 1164 quo
2322 1094 2544 1149 admissi
2605 1110 2811 1162 smnus,
2868 1095 3042 1165 adepti
3103 1097 3415 1151 societatem
3471 1111 3594 1150 cmn

2027 1184 2164 1251 ipso,
2194 1184 2375 1239 abluto
2401 1192 2747 1253 peccato'per
2781 1195 3025 1239 sanctum
3058 1186 3343 1253 baptisma,
3371 1192 3427 1239 ct
3460 1187 3596 1240 divi-

2026 1290 2108 1328 nat
2136 1274 2280 1353 illius
2328 1285 2536 1330 natura:
2582 1275 2711 1330 facti
2764 1276 3058 1347 participes
3108 1276 3596 1332 communicatione

2026 1366 2196 1419 sancti
2226 1364 2480 1434 Spiritus.
2510 1366 2603 1422 Vel
2630 1382 2803 1423 annus
2834 1378 3088 1436 acceptus
3130 1379 3234 1430 est.
3278 1383 3385 1439 quo
3430 1370 3597 1422 mani-

2027 1456 2242 1511 i'estarit
2272 1456 2498 1525 gloriam
2532 1474 2682 1512 suam
2735 1460 2993 1515 miraculo
3040 1459 3316 1516 ineﬂabili.
3345 1460 3599 1515 Libenter

2026 1548 2169 1601 enim
2218 1547 2545 1617 arripuimus
2598 1548 2788 1604 salutis
2826 1565 2922 1620 per
2956 1551 3129 1619 ipsum
3179 1560 3415 1622 tempus,
3456 1554 3596 1621 quod

2027 1639 2458 1707 sapientissimus
2514 1640 2840 1710 significavit
2869 1639 3090 1706 Paulus,
3134 1643 3319 1698 dicens
3352 1658 3368 1697 :
3412 1663 3429 1695 ι
3461 1646 3597 1697 ισῐοεσ

2030 1747 2170 1787 nunc
2201 1743 2410 1802 tempus
2437 1733 2780 1802 acceptabile,
2801 1720 2927 1788 ecce
2948 1749 3091 1788 nunc
3119 1734 3234 1789 dies
3261 1734 3450 1789 salutis
3474 1734 3538 1788 ⁸⁷.
3576 1754 3595 1787 ι

352 1827 605 1897 λαχόντες
627 1827 919 1891 οἰκείωσιν,
956 1826 1348 1897 ἀπονιψάμενοι
1386 1826 1484 1899 τὴν
1541 1826 1816 1898 ἁμαρτίαν
1839 1826 1928 1879 διὰ

2035 1802 2427 1879 Retribntionis
2477 1824 2621 1879 diem
2678 1834 2799 1879 esse
2853 1824 3018 1878 nihilo
3080 1826 3254 1879 serius
3333 1826 3597 1887 dicimus,

352 1918 445 1971 τοῦ
473 1920 628 1987 ἁγίου
659 1917 1050 1988 βαπτίσματος,
1080 1921 1174 1972 καὶ
1199 1918 1300 1989 τῆς
1335 1917 1483 1981 θείας
1517 1917 1682 1970 αὐτοῦ
1714 1917 1927 1985 φύσεως

353 2011 633 2079 γενόμενοι
658 2008 901 2061 κοινωνοὶ
931 2009 1017 2061 διὰ
1043 2010 1273 2080 μετοχῆς
1292 2009 1384 2063 τοῦ
1408 2010 1561 2077 ἁγίου
1592 2008 1925 2079 Πνεύματος.

357 2102 562 2169 Ἦγουν
595 2099 780 2162 δεκτὸς
825 2099 1091 2161 ἐνιαυτὸς,
1144 2101 1266 2153 καθ’
1318 2100 1376 2153 ὃν
1436 2100 1789 2170 πεφανέρωκε
1830 2099 1931 2167 τὴν

352 2194 509 2259 δόξαν
544 2193 710 2246 αὐτοῦ
739 2193 825 2246 διὰ
850 2192 949 2262 τῆς
1003 2193 1144 2264 ὑπὲρ
1176 2193 1333 2261 λόγον
1362 2192 1518 2262 θεοση
1531 2193 1707 2260 μείαςο
1748 2192 1931 2256 ἐδεξάο

358 2284 496 2352 μεθα
522 2283 631 2352 γὰρ
686 2283 939 2353 ἀσμένως
983 2282 1076 2335 τὸν
1114 2283 1213 2353 τῆς
1261 2284 1390 2353 παρ’
1442 2281 1607 2336 αὐτοῦ
1658 2282 1930 2354 σωτηρίας

355 2377 560 2447 καιρὸν,
592 2375 650 2429 ὃν
682 2375 747 2444 δὴ
779 2376 873 2429 καλ⁵
901 2377 929 2428 ὁ
957 2375 1235 2445 πάνσοφος
1262 2376 1475 2438 Παῦλος
1502 2375 1929 2445 καταμεμήνυκε

355 2465 552 2532 λέγων’
606 2483 626 2515 ι
665 2464 797 2517 Ἰδοὺ
843 2466 937 2517 νῦν
987 2466 1175 2534 καιρὸς
1227 2465 1642 2536 εὐπρόσδεκτος,
1697 2465 1803 2518 ἰδοὺ
1837 2464 1933 2518 νῦν

355 2554 538 2623 ἡμέρα
587 2553 882 2625 σωτηρίας⁸
917 2573 935 2605 ι
982 2553 1194 2624 ἡμέραν
1248 2571 1312 2621 γε
1369 2553 1473 2625 μὴν
1528 2554 1934 2619 ἀνταποδόσεως

358 2640 499 2696 εἷναί
529 2661 709 2714 φαμεν
741 2644 894 2698 οὐδὲν
944 2639 1106 2716 ἦττον
1149 2643 1308 2698 αὐτὸν
1340 2644 1432 2697 τὸν
1480 2647 1582 2714 τῆς
1639 2643 1934 2715 ἐπιδημίας

360 2737 571 2808 καιρὸν,
623 2737 745 2790 καθ’
793 2737 852 2789 ὃν
894 2740 923 2807 ὴ
964 2737 1318 2801 ἁνταπόδοσις
1363 2736 1570 2791 δέδοται
1618 2738 1934 2808 παράὐτοῦ

357 2830 469 2889 τοῖς
497 2827 850 2880 πιστεύσασιν
884 2830 964 2891 εἰς
996 2827 1159 2882 αὐτὸν
1192 2827 1281 2880 διὰ
1307 2828 1404 2896 τῆς
1435 2831 1491 2881 ἐν
1523 2828 1738 2882 ἐλπίσιν
1761 2830 1934 2898 ἐπαγ-

360 2916 568 2981 γελίας·
592 2911 701 2968 οἷον
732 2916 789 2968 δὲ
810 2916 872 2987 δή
903 2933 957 2969 τι
991 2919 1154 2987 φημίο
1196 2918 1257 2970 Ἠ
1289 2918 1431 2970 κατὰ
1456 2918 1548 2973 τὸν
1576 2920 1820 2982 Μωσέως
1850 2919 1936 2972 νόο

363 3025 463 3077 μον
485 3007 723 3061 πολιτεία
746 3009 1109 3078 ἐπαινουμένη
1128 3009 1379 3080 πρόξενος
1402 3006 1468 3080 ἦν
1482 3012 1593 3073 τοῖς
1617 3011 1937 3080 ἀμωμήτως

2036 1918 2211 1985 ipsum
2244 1917 2507 1970 adventus
2539 1927 2765 1985 tempus,
2795 1932 2901 1984 quo
2946 1917 3229 1971 retributio
3267 1918 3387 1971 data
3421 1928 3498 1972 est
3533 1918 3600 1972 ab

2036 2008 2150 2076 ipso
2179 2006 2521 2061 credentibus
2572 2008 2621 2059 in
2671 2008 2868 2076 ipsum,
2911 2024 2973 2061 ex
3032 2008 3389 2075 promissione
3438 2024 3599 2078 quam

2032 2112 2155 2166 spes
2182 2097 2540 2167 amplectitur.
2587 2098 2738 2165 Quod
2779 2100 2919 2161 dico,
2966 2099 3037 2152 ita
3087 2116 3147 2153 se
3213 2086 3371 2153 habet
3400 2119 3412 2154 :
3445 2098 3602 2169 Legis

2036 2190 2281 2244 MoSaicrr.
2310 2189 2491 2258 politia
2529 2190 2764 2256 laudata,
2815 2201 2959 2246 recte
3004 2202 3055 2244 ct
3104 2188 3375 2258 inculpata
3422 2190 3603 2245 facere

2036 2281 2361 2345 volentibus,
2414 2278 2685 2336 felicitatis
2736 2280 3016 2349 prmsentis
3065 2279 3398 2335 conciliatrix
3448 2291 3601 2345 erat;

2035 2370 2475 2440 pollicitationem
2507 2386 2638 2424 vero
2669 2372 2933 2426 honorum
2965 2370 3271 2425 futurorum
3298 2362 3627 2439 adjunctam'

2036 2476 2141 2516 non
2178 2461 2430 2527 habebat,
2463 2464 2557 2517 sed
2603 2462 2937 2517 solummodo
2991 2461 3399 2532 prosperitatem
3444 2462 3603 2531 hujus

2032 2554 2157 2607 vita:
2196 2553 2362 2625 860
2404 2555 2756 2622 praedicabat;
2798 2554 3021 2625 jubehat
3066 2556 3209 2610 enim
3252 2556 3525 2611 abstinere
3571 2572 3601 2609 a

2035 2643 2268 2710 delictis,
2300 2644 2606 2701 acclmnans
2644 2660 2658 2699 :
2697 2662 2714 2695 ι
2749 2645 2824 2701 Ne
2856 2645 3108 2701 moriaris
3138 2647 3190 2699 in
3221 2655 3457 2714 tempore
3497 2661 3602 2699 non

2036 2747 2129 2792 tuo
2167 2737 2233 2791 η.
2293 2756 2311 2787 ι
2368 2735 2576 2790 Liberis
2618 2748 2796 2791 autem
2831 2737 3006 2791 aiebat
3037 2755 3050 2790 :
3089 2755 3106 2787 ι
3144 2734 3363 2792 Honora
3395 2743 3603 2805 patrem

2036 2836 2184 2880 tuum
2212 2835 2265 2880 et
2297 2836 2523 2879 matrem
2549 2835 2714 2892 tuam,
2749 2837 2806 2880 ut
2833 2824 2970 2881 bene
3001 2825 3093 2880 tibi
3124 2827 3215 2892 sit,
3245 2836 3300 2881 et
3333 2828 3606 2894 long-.evns

2035 2917 2110 2972 sis
2135 2917 2187 2971 in
2224 2928 2367 2972 terra
2391 2916 2458 2972 “.
2504 2937 2521 2971 ι
2577 2916 2848 2973 Interdum
2891 2918 3054 2973 etiam
3100 2918 3451 2986 promittebat
3488 2915 3605 2970 fru-

2037 3022 2217 3064 ctuum
2243 3010 2563 3074 ubertatem,
2592 3022 2646 3064 et
2677 3011 2912 3079 quietem
2944 3025 2974 3064 a
3012 3008 3173 3078 bello,
3202 3025 3264 3063 ac
3298 3010 3449 3079 pacis
3491 3023 3610 3062 am-

362 3100 535 3171 αὐτὴν
564 3099 804 3153 ἐθέλουσι
832 3100 1128 3170 κατορθοῦν
1177 3103 1276 3170 τῆς
1306 3099 1538 3154 ἐνταῦθα
1584 3101 1890 3173 εὐπραγίας
1913 3142 1926 3167 ,

2041 3102 2379 3172 piitudinem,
2412 3110 2465 3156 ct
2500 3103 2623 3156 inde
2655 3102 2820 3156 animi
2854 3102 3319 3172 tranquillitatem.
3355 3102 3497 3155 Dixit
3541 3102 3609 3156 si-

363 3190 654 3258 ὑπόσχεσιν
688 3190 742 3243 δὲ
789 3189 967 3261 γερῶν
1003 3189 1113 3243 τῶν
1159 3192 1239 3252 εἰς
1293 3190 1354 3242 τὸ
1414 3190 1605 3260 μέλλον
1645 3191 1746 3244 οὐκ
1793 3189 1926 3261 εἶχε.

363 3276 545 3347 Μόνης
572 3278 627 3330 δὲ
648 3279 785 3349 τάχα
811 3296 912 3332 που
938 3280 1036 3347 τῆς
1056 3279 1197 3334 κατὰ
1217 3279 1367 3333 τόνδε
1387 3282 1479 3335 τὸν
1502 3281 1614 3352 βίον
1633 3282 1934 3354 εὐημερίας

363 3366 599 3419 ἐποιεῖτο
635 3373 874 3438 μνήμην·
906 3368 1126 3423 ἐκέλευε
1151 3370 1252 3441 μὲν
1279 3370 1389 3444 γὰρ
1420 3372 1722 3443 ἀπέχεσθαι
1750 3374 1933 3445 πλημ-

368 3456 713 3526 μελημάτων,
771 3460 1081 3529 ἐπιφωνῶν,
1124 3483 1143 3518 ι
1168 3467 1286 3519 Ἵνα
1335 3462 1411 3536 μὴ
1437 3463 1715 3538 ἀποθάνῃς
1772 3467 1831 3519 ἐν
1870 3467 1934 3520 οὐ

364 3549 538 3619 καιρῷ
569 3566 680 3605 σου.
717 3569 735 3602 ι
758 3552 1052 3622 Ἐπεφώνει
1084 3554 1140 3608 δέ
1193 3557 1288 3609 καὶ
1330 3557 1544 3623 τέκνοις
1564 3575 1576 3590 ·
1624 3577 1646 3611 ι
1671 3559 1817 3629 Τίμα
1844 3559 1936 3614 τὸν

367 3639 574 3709 πατέρα
605 3657 697 3693 σου
732 3643 823 3694 καὶ
868 3643 967 3713 τὴν
1026 3645 1261 3716 μητέρα,
1318 3647 1405 3701 ἵνα
1452 3645 1512 3701 εὖ
1570 3667 1652 3703 σοι
1683 3652 1933 3722 γένηται,

364 3730 461 3781 καὶ
487 3728 588 3801 ἔσῃ
617 3733 1009 3800 μακροχρόνιος
1043 3736 1136 3786 ἐπὶ
1183 3739 1280 3804 τῆς
1321 3738 1445 3806 γῆς.
1476 3759 1495 3790 ι
1539 3740 1939 3808 Ἐπηγγέλλετο

365 3820 420 3872 δὲ
462 3821 556 3873 καὶ
602 3822 832 3894 καρπῶν
881 3823 1163 3890 ἀφθονίαν,
1226 3825 1337 3877 ἐσθ’
1392 3829 1502 3890 ὅτε,
1556 3832 1649 3884 καὶ
1699 3831 1937 3901 πολέμου

369 3910 601 3976 παῦλαν,
651 3912 745 3966 καὶ
800 3916 1024 3984 εἰρήνης
1069 3912 1291 3980 πλάτος,
1350 3918 1445 3969 καὶ
1493 3919 1593 3988 τὴν
1636 3922 1726 3972 ἐπ’
1770 3922 1941 3992 αὐτῆς

369 4004 654 4075 εὐθυμίαν.
691 4005 836 4074 Ἔφη
863 4005 996 4069 γοῦν
1030 4006 1121 4061 διὰ
1155 4009 1337 4079 φωνῆς
1369 4010 1670 4082 Ζαχαρίου·
1716 4032 1735 4064 ι
1757 4015 1941 4070 Κατα-

370 4096 596 4164 κάρπως
632 4096 1089 4166 κατοικηθήσεται
1138 4097 1488 4170 Ἰερουσαλὴμ
1543 4099 1653 4153 ἀπὸ
1702 4102 1942 4173 πλήθους

370 4183 673 4254 ἀνθρώπων
725 4187 820 4237 καὶ
851 4186 1069 4256 κτηνῶν
1097 4186 1206 4239 τῶν
1233 4189 1293 4241 ἐν
1320 4188 1478 4259 αὐτῇ,
1509 4190 1602 4242 καὶ
1618 4189 1728 4257 ἐγὼ
1746 4191 1941 4261 ἔσομαι

373 4278 528 4346 αὐτῇ,
562 4275 709 4344 λέγει
739 4277 962 4348 Κύριος,
995 4280 1172 4347 τεῖχος
1200 4278 1371 4349 πυρὸς
1407 4279 1690 4343 κυκλόθεν,
1739 4284 1833 4336 καὶ
1862 4286 1944 4346 εἰς

2036 3195 2252 3263 quidem
2279 3209 2411 3250 voce
2455 3193 2728 3250 Zachariae
2764 3213 2778 3249 :
2820 3212 2837 3246 ι
2878 3195 3179 3250 Fructuose
3218 3193 3608 3249 inlmbitabitur

2035 3284 2334 3341 Jerusalem
2368 3300 2396 3339 a
2435 3285 2776 3341 multitudine
2809 3286 3085 3357 hominum
3118 3295 3172 3339 ct
3213 3285 3604 3354 iumentorum,

2036 3395 2155 3446 qua:
2181 3388 2307 3432 sunt
2341 3378 2393 3434 in
2423 3393 2506 3434 ea.
2536 3378 2602 3433 Et
2623 3393 2721 3449 ego
2747 3393 2841 3434 ero
2870 3378 2965 3441 illi,
3001 3377 3131 3431 dicit
3164 3376 3443 3442 Dominus,
3485 3393 3608 3432 mn-

2038 3484 2127 3525 rus
2174 3469 2314 3540 ignis
2384 3471 2782 3537 circumcirca,
2849 3479 2902 3523 et
2949 3468 3117 3539 gloria
3182 3480 3276 3522 ero
3322 3468 3375 3522 in
3432 3468 3608 3522 medio

2037 3562 2153 3631 ejus
2176 3562 2244 3615 “.
2282 3581 2301 3615 ι
2336 3562 2402 3618 Ει
2435 3563 2627 3618 iterum
2657 3580 2672 3617 :
2707 3580 2727 3614 ‹
2777 3561 2968 3617 Adhuc
3000 3560 3262 3616 sedebant
3290 3560 3532 3616 seniores
3555 3561 3605 3612 in

2036 3655 2227 3723 plateis
2252 3652 2575 3716 Jerusalem.
2620 3655 2849 3725 quisque
2892 3654 3099 3724 virgam
3129 3668 3282 3710 suam
3314 3653 3521 3709 habens
3552 3653 3607 3709 in

2038 3763 2221 3811 manu,
2259 3763 2288 3800 tt
2333 3748 2672 3802 multitudine
2729 3748 2956 3801 dierum.
3009 3745 3080 3800 Et
3131 3745 3321 3814 plateae
3371 3744 3610 3798 civitatis

2039 3838 2402 3904 implebantur
2429 3838 2667 3907 puerulis
2688 3846 2741 3891 et
2774 3836 2968 3905 puellis
3000 3835 3307 3889 ludentibus
3336 3836 3388 3889 in
3416 3835 3610 3904 plateis

2039 3927 2156 3994 ejus
2174 3926 2240 3981 ⁸³.
2284 3942 2303 3976 ι
2346 3924 2750 3995 'l'empnrariam
2784 3927 2964 3994 itaque
2992 3927 3335 3995 praemiorum
3380 3927 3610 3996 perfrui-

2039 4018 2238 4073 tioncnt
2270 4014 2500 4069 Mosaica
2541 4015 2622 4069 lex
2655 4016 3001 4084 promittebat
3035 4017 3340 4081 veteribus;
3390 4027 3444 4071 at
3468 4020 3608 4071 divi-

2041 4125 2107 4163 na
2134 4117 2186 4161 et
2219 4107 2478 4161 salutaris
2522 4107 2852 4174 praedicatio,
2902 4105 3287 4161 rettibutiones
3324 4107 3378 4161 in
3430 4107 3611 4161 futuro

2044 4211 2303 4268 tempore.
2338 4215 2359 4250 ι
2393 4197 2544 4252 Beati
2598 4197 2765 4262 enim,
2842 4198 3037 4266 inquit,
3082 4182 3346 4268 pauperes
3378 4200 3609 4268 spiritu,

2042 4291 2166 4359 quia
2194 4290 2430 4359 ipsorum
2466 4296 2548 4342 est
2581 4272 2800 4357 regnum
2836 4288 3100 4344 caelorum
3130 4290 3196 4342 ".
3235 4307 3255 4341 ι
3291 4290 3377 4356 Ει,
3409 4292 3452 4342 si
3482 4305 3613 4344 con-

370 4366 522 4429 δόξαν
571 4365 763 4436 ἔσομαι
805 4368 862 4418 ὲν
909 4368 1060 4439 μέσῳ
1109 4370 1297 4439 αὐτῆς.
1358 4371 1515 4422 »Καὶ
1548 4370 1726 4426 πάλιν·
1763 4392 1781 4424 ι
1820 4374 1931 4428 Ἔτι

2042 4393 2328 4449 sequentes
2367 4378 2729 4434 beatitudines
2767 4381 2887 4448 quis
2915 4381 3169 4449 indagare
3216 4382 3340 4435 velit
3387 4381 3611 4452 diligen-

371 4455 681 4511 καθίσονται
707 4457 1064 4530 πρεσὸύτεροι
1094 4462 1151 4513 ἐν
1191 4464 1309 4524 ταῖς
1352 4462 1632 4526 πλατείαις
1675 4464 1931 4533 Ἰερουσαι

2049 4481 2151 4535 ter,
2207 4469 2589 4524 retributiones
2627 4484 2748 4538 qua;
2785 4470 3063 4539 promissa:
3102 4482 3246 4536 sunt,
3294 4472 3528 4526 inveniet
3582 4486 3611 4524 ο

371 4543 503 4614 λήμ.
540 4547 809 4611 Ἕκαστος
834 4549 935 4620 τὴν
976 4549 1170 4619 ῥάϐδον
1208 4552 1375 4607 αὐτοῦ
1415 4554 1472 4605 ἐν
1497 4556 1562 4624 τῇ
1623 4557 1766 4627 χειρὶ
1805 4554 1931 4626 Exuit

2044 4557 2175 4621 Deo,
2201 4565 2256 4611 et
2284 4556 2527 4611 illustres
2551 4568 2605 4612 et
2630 4573 2875 4629 magnas.
2901 4559 2998 4612 Sin
3027 4559 3132 4614 alio
3158 4564 3315 4615 modo
3338 4562 3509 4614 visum
3538 4560 3612 4615 sit

373 4633 481 4686 ἀπὸ
511 4634 748 4704 πλήθους
785 4639 1029 4709 ἡμερῶν,
1079 4641 1173 4693 καὶ
1206 4643 1263 4694 αι
1289 4642 1536 4698 πλατεῖαι
1590 4647 1687 4717 τῆς
1735 4647 1944 4712 πόλεως

375 4723 774 4794 πλησθήσονται
803 4729 1102 4800 παιδαρίων
1136 4733 1233 4785 καὶ
1265 4736 1533 4804 κορασίων
1556 4737 1859 4803 παιζόντων
1884 4738 1959 4793 ἐν’

373 4815 491 4875 ταῖς
517 4815 797 4879 πλατείαις
833 4818 1025 4887 αὐτῆς.
1056 4839 1077 4872 ι
1111 4822 1467 4894 Προσκαίρων
1498 4822 1592 4879 οὖν
1615 4827 1727 4900 ἄρα
1765 4830 1959 4900 γερῶν

375 4904 669 4959 ἀπόλαυσιν
696 4908 725 4958 ό
753 4907 841 4962 διὰ
888 4910 1127 4975 Μωσέως
1157 4915 1318 4982 νόμος
1362 4914 1668 4986 ὑπισχνεῖτο
1695 4922 1808 4983 τοῖς
1837 4922 1942 4974 πά-

376 5000 484 5053 λαι·
525 5001 587 5053 τὸ
616 5002 671 5054 δὲ
706 5000 848 5056 θεῖον
896 5004 991 5057 καὶ
1052 5007 1315 5077 σωτήριον
1347 5010 1609 5082 κήρυγμα
1634 5011 1735 5075 τὰς
1774 5015 1854 5078 εἰς
1878 5015 1940 5067 τὸ

375 5093 564 5163 μέλλον
617 5093 1019 5159 ἀνταποδόσεις
1061 5117 1079 5148 ι
1108 5098 1381 5171 Μακάριοι
1442 5102 1569 5175 γὰρ,
1629 5107 1827 5175 φησιν,
1895 5111 1946 5163 οἱ

372 5187 577 5255 πτωχοὶ
635 5187 713 5255 τῷ
760 5187 1053 5258 πνεύματι,
1094 5191 1176 5243 ὅτι
1214 5192 1393 5247 αὐτῶν
1425 5193 1572 5247 ἐστιν
1608 5197 1642 5266 ἡ
1695 5194 1939 5266 βασιλεία

370 5275 479 5326 τῶν
511 5275 776 5344 οὐρανῶν·
813 5296 832 5328 ι
883 5280 981 5331 καὶ
1028 5280 1153 5342 τοὺς
1204 5280 1401 5353 ἐφεξῆς
1439 5285 1721 5354 κειμένους
1768 5306 1944 5358 patara-

374 5364 601 5436 μσμούς
655 5367 708 5421 εἷ
750 5386 833 5435 τις
862 5370 1035 5424 ἕλοιτο
1072 5372 1543 5443 πολυπραγμονεῖν
1580 5378 1943 5435 -ἁνταποδόσει

375 5454 809 5526 ἐπηγγελμένας,
840 5459 1095 5530 λαμπρὰς
1131 5466 1226 5514 καὶ
1263 5464 1501 5531 μεγάλας
1546 5467 1770 5538 εὑρήσει
1792 5472 1942 5542 παρὰ

445 5654 488 5683 ⁸⁷
528 5654 682 5709 5mm.
726 5671 823 5718 XII,
860 5657 949 5709 5‘2.

1054 5659 1099 5689 “’
1140 5660 1330 5716 Matth.
1380 5679 1568 5724 xxvttt,
1598 5665 1683 5722 18.
1723 5663 1806 5715 19.
1884 5664 1924 5693 ⁸⁷
1958 5661 1996 5714 II
2032 5665 2155 5717 (Zur.
2207 5678 2278 5723 γι,
2338 5665 2392 5720 2.

2043 4646 2221 4710 alicui,
2257 4646 2666 4701 retributionem
2700 4661 2730 4700 a
2775 4647 2992 4702 Christo
3023 4647 3218 4701 factam
3257 4650 3323 4703 de
3351 4650 3613 4704 adventus

2047 4748 2286 4804 tempore
2312 4736 2687 4807 interpretari,
2719 4750 2825 4790 non
2872 4737 3148 4790 aberrabit
3180 4751 3209 4789 a
3255 4751 3435 4807 scopo.
3472 4737 3610 4793 Olim

2042 4829 2185 4881 enim
2228 4827 2519 4883 insolenter
2543 4827 2707 4897 gessit
2735 4842 2794 4883 se
2824 4812 3008 4882 contra
3042 4828 3297 4883 mortales
3344 4827 3614 4897 profanis-

2048 4921 2218 4973 simus
2246 4920 2434 4984 Satan,
2461 4931 2514 4974 et
2541 4921 2725 4974 orbem
2752 4919 3104 4989 ocrupavit,a
3137 4932 3262 4991 vera
3284 4919 3612 4987 cognitione,

2052 5012 2167 5074 Dei,
2207 5012 2444 5080 inquam,
2500 5011 2759 5066 naturalis
2815 5025 3150 5081 segregatum
3200 5025 3264 5066 ac
3321 5010 3611 5077 divulsum,

2047 5115 2102 5156 et
2125 5104 2176 5157 in
2212 5113 2426 5171 puteum
2453 5102 2605 5171 quasi
2635 5104 2833 5171 peceati
2861 5102 3272 5171 praecipitatum,
3308 5115 3370 5154 ac
3395 5103 3475 5154 sui
3503 5116 3617 5156 ma-

2045 5195 2330 5264 larumque
2355 5209 2535 5249 secum
2565 5204 2889 5263 potestatum
2926 5194 3161 5248 reddidit
3187 5195 3474 5248 cultorem.
3506 5193 3611 5248 Ita-

2043 5300 2151 5356 que
2178 5284 2316 5338 dixit
2362 5303 2378 5339 :
2418 5303 2437 5336 ι
2475 5284 2666 5339 Totum
2715 5284 2899 5340 orbem
2942 5285 3396 5353 comprehendam
3450 5298 3613 5339 manu

2043 5390 2102 5431 ut
2128 5378 2334 5442 nidum,
2366 5386 2421 5432 et
2448 5388 2505 5431 ut
2552 5377 2807 5433 derelicta
2844 5391 2946 5432 ova
2977 5377 3161 5432 tollam
3193 5391 3210 5430 :
3243 5392 3343 5432 nec
3386 5386 3474 5431 est
3520 5378 3610 5447 qui

2041 5470 2209 5537 possit
2239 5484 2324 5524 me
2352 5469 2606 5540 cﬂ‘ugere,
2655 5472 2736 5523 vel
2776 5471 2865 5539 qui
2908 5469 3241 5524 contradicat
3279 5469 3406 5524 mihi
3456 5467 3524 5521 ⁸³.
3585 5486 3607 5521 ι

2471 5666 2513 5695 ⁵⁸
2545 5665 2719 5721 Eccle.
2775 5681 2867 5732 vn,
2903 5665 2987 5720 l8.
3105 5664 3151 5695 ”
3180 5662 3348 5719 Exod.
3388 5678 3479 5728 ax,
3518 5658 3610 5719 ιε.

373 5733 416 5764 ιε
451 5727 615 5779 ἵμιυιι.
653 5741 711 5790 tt,
754 5732 806 5781 4.
882 5728 926 5757 ⁵⁸
958 5727 1121 5783 Zaclt.
1153 5747 1266 5800 \‘lll,
1295 5732 1349 5786 4.
1424 5735 1470 5764 ³⁸
1501 5733 1687 5791 Matth.
1724 5750 1770 5799 ν,
1811 5732 1865 5788 ὗ.

2040 5750 2118 5789 sa.
2158 5748 2211 5800 ι,
2255 5736 2341 5788 Η.

583 5815 857 5879 ΡΑῖῐιοι.
910 5825 997 5882 Gn
1072 5828 1241 5885 LXX.

3098 5832 3186 5897 43,
