4134 6302
513 326 646 385 1555

1498 315 1556 370 S.
1597 312 1866 371 CYRILLI
1909 308 2378 367 ALEXANDRINI
2413 308 2733 365 ARCHIEP.

3641 317 3794 372 i356

505 442 614 499 Sed
638 438 1011 510 deprehensus
1041 445 1124 493 est
1155 450 1322 491 vanas
1359 449 1484 504 spes
1518 434 1622 488 hac
1672 434 1739 488 de
1797 448 1855 489 re
1898 445 2090 487 conce-

2196 431 2356 489 Θεοῦ.
2391 431 2455 484 Ei
2477 429 2536 485 δέ
2565 431 2628 503 δή
2669 448 2755 496 τις
2798 430 3044 500 βούλοιτο
3087 431 3184 486 καὶ
3221 432 3344 487 καθ’
3369 434 3558 506 ἕτερον
3585 435 3795 506 τρόπον

505 536 672 606 pisse.
705 531 985 588 Excitatus
1011 527 1154 584 enim
1179 537 1264 583 est
1292 536 1481 582 contra
1519 525 1785 591 Christus,
1831 533 1888 578 et
1934 525 2090 579 oblu-

503 639 685 683 elatus
715 635 797 682 est
829 640 926 696 pro
977 623 1156 687 nobis,
1207 631 1259 674 et
1311 634 1502 690 pcenas
1547 617 1844 687 impietatis
1890 616 1943 670 in
1993 632 2091 671 nos

506 721 576 776 ab
599 735 664 774 eo
691 716 892 786 exegit.
923 713 1151 768 Omnem
1188 709 1332 764 enim
1359 709 1501 763 illius
1531 707 1823 764 demolitus
1853 714 1938 761 est
1978 703 2089 760 for-

509 806 814 868 titudinem,
857 813 912 858 et
948 800 1232 874 tyrannide
1263 799 1316 853 in
1349 814 1446 854 nos
1483 797 1816 863 exturbavit,
1854 813 1874 847 ι
1917 804 1971 851 et
1998 811 2089 850 ru-

505 894 758 950 dentibus
795 891 990 948 inferni
1026 891 1302 946 detractos
1335 888 1387 942 in
1431 888 1746 952 Tartarum,
1788 905 1806 938 ι
1855 895 1911 940 ιιι
1953 886 2090 942 scri-

505 996 655 1055 ptum
683 994 784 1049 est,
819 1003 836 1035 ι
869 982 1088 1037 tradidit
1127 981 1453 1036 cruciaudos
1493 981 1546 1034 in
1594 978 1860 1046 judicium
1910 979 2088 1050 magni

509 1078 613 1133 diei
644 1076 911 1131 reservari
944 1075 1013 1141 ⁸⁸,
1055 1093 1072 1126 ι
1126 1083 1233 1128 tam
1282 1073 1456 1142 ipsum
1497 1086 1661 1142 quam
1702 1081 1950 1135 caeteros,
1997 1071 2092 1138 qui

509 1184 632 1224 cum
697 1169 814 1240 ipso
860 1175 1120 1236 aposnatm
1170 1165 1516 1220 exstiterunt.
1573 1163 1758 1218 Psallit
1827 1161 2091 1232 siquidem

506 1261 722 1315 divinus
768 1259 957 1325 David,
1001 1259 1146 1312 velut
1183 1257 1282 1311 sub
1316 1270 1548 1326 persona
1583 1257 2006 1324 redemptorum,
2040 1263 2094 1307 et

503 1352 666 1423 861
701 1351 873 1422 inquit
914 1369 929 1406 :
967 1369 984 1402 ι
1038 1347 1353 1404 Conﬁtebor
1394 1347 1510 1410 tibi,
1557 1346 1805 1410 Domine,
1857 1345 1911 1398 in
1979 1353 2093 1399 toto

506 1443 670 1499 corde
716 1455 861 1505 meo,
892 1438 1130 1493 narrabo
1163 1435 1346 1491 omnia
1389 1434 1658 1488 mirabilia
1699 1443 1808 1486 tua.
1843 1433 2094 1488 Lzetabor

505 1546 562 1591 et
594 1534 878 1590 exsultabo
909 1532 962 1586 in
1001 1540 1073 1597 te,
1101 1530 1324 1600 psallam
1372 1527 1576 1584 nomini
1619 1536 1734 1590 tuo,
1775 1525 2088 1591 Altissime,

505 1627 634 1697 quia
669 1625 844 1680 fecisti
874 1623 1138 1692 judicium
1174 1634 1350 1675 meum
1378 1629 1430 1674 et
1475 1633 1691 1672 causam
1743 1633 1938 1672 meam.
1991 1617 2090 1672 Se-

507 1716 630 1772 disti
655 1729 818 1784 super
853 1713 1131 1776 thronum,
1173 1711 1263 1780 qni
1297 1709 1509 1778 iudicas
1527 1707 1813 1777 justitiam,
1846 1708 2094 1778 increpa-

2193 525 2292 594 τὴν
2343 523 2702 578 ἀνταπόδοσιν
2749 524 2848 593 τὴν
2915 524 3292 595 γεγενημένην
3344 525 3497 597 παρὰ
3546 527 3794 598 Χριστοῦ

2191 614 2334 692 κατά
2361 614 2452 668 τὸν
2489 614 2590 686 τῆς
2626 612 2920 683 ἐπιδημίας
2971 619 3186 684 καιρὸν,
3241 615 3342 668 οὐκ
3402 616 3468 669 ἀν
3500 615 3605 680 ἔξω
3634 616 3795 687 βάλοι

2194 707 2425 764 σκοποῦ.
2461 706 2638 761 Πάλαι
2671 708 2769 778 μὲν
2785 706 2896 779 γὰρ
2926 706 3390 778 κατηλαζονεύετο
3417 708 3526 763 τῶν
3559 710 3656 762 ἐπὶ
3685 710 3794 780 τῆς

2192 799 2295 870 γῆς
2315 800 2343 852 6
2371 798 2726 871 παμϐἐϐηλος
2767 800 3030 864 Σατανᾶς·
3075 800 3513 872 πεπλεονέκτηκε
3549 801 3659 872 γὰρ
3686 800 3796 872 τὴν

2193 892 2287 944 ὑπ’
2332 891 2564 962 οὐρανὸν
2642 889 3091 962 ἀποϐουκολήσας
3146 891 3317 962 αὐτὴν
3384 892 3485 963 τῆς
3549 891 3797 963 ἀληθοῦς

2192 981 2448 1050 γνώσεως
2477 981 2576 1051 τῆς
2605 980 2695 1032 ἐπί
2728 981 2792 1048 γέ
2823 998 2968 1052 φημι
3000 979 3078 1050 τῷ
3109 982 3254 1035 κατά
3293 981 3454 1050 φύσιν
3488 982 3629 1053 Θεῷ,
3660 983 3759 1035 τέλ
3779 1013 3795 1022 -

2197 1091 2334 1145 μασι
2382 1073 2438 1126 δὲ
2469 1072 2659 1143 ὥσπερ
2685 1075 2799 1136 τοῖς
2827 1072 2929 1144 τῆς
2977 1073 3251 1144 ἁμαρτίας
3279 1073 3554 1142 ἐμϐαλὼν,
3586 1075 3795 1129 ἐαυτοῦ

2199 1181 2259 1218 τε
2289 1166 2385 1218 καὶ
2440 1165 2548 1220 τῶν
2603 1166 2699 1220 σὺν
2734 1165 2883 1235 αὐτῷ
2907 1165 3190 1237 δυνάμεων
3238 1166 3488 1237 πονηρῶν
3533 1168 3794 1239 ἀπέφηνε

2194 1257 2602 1328 προσκυνητάς.
2644 1258 2894 1328 Ἔφασκε
2927 1257 3092 1327 γοῦν,
3137 1259 3220 1312 ὃτι
3260 1277 3278 1310 ι
3302 1259 3414 1327 Τὴν
3461 1259 3794 1330 οἰκουμένην

2193 1347 2323 1418 ὅλην
2384 1345 2775 1419 καταλήψομαι
2833 1350 2899 1418 τῇ
2954 1348 3118 1418 χειρὶ,
3173 1347 3250 1412 ὡς
3287 1347 3528 1414 νοσσιὰν,
3579 1351 3677 1403 καὶ
3710 1350 3794 1414 ὡς

2194 1439 2670 1512 καταλελειμμένα
2703 1442 2786 1494 ubi
2817 1441 2957 1512 ἀρῶ,
2992 1440 3085 1494 καὶ
3118 1441 3218 1494 οὐκ
3246 1440 3391 1494 ἐστιν
3425 1441 3482 1504 ὃς
3500 1441 3791 1509 διαφεύξε-

2192 1529 2284 1583 ταί
2317 1546 2404 1600 με,
2433 1526 2470 1597 ἢ
2531 1530 2760 1601 ἀντείπῃ
2793 1546 2904 1600 μοι·
2943 1547 2961 1581 ι
3001 1528 3117 1582 ἀλλ’
3148 1528 3264 1600 ἥλω
3307 1529 3472 1593 κενὰς
3524 1531 3666 1600 ἔχων
3700 1532 3791 1584 ἐπ’

2197 1621 2346 1694 αὐτῷ
2375 1623 2440 1694 δὴ
2469 1621 2644 1692 τούτῳ
2667 1623 2885 1686 καὶτὰς
2909 1622 3150 1684 ἐλπίδας.
3194 1622 3618 1693 Ἀντεγήγερται
3654 1626 3792 1695 γὰρ,

2195 1715 2290 1770 καὶ
2322 1716 2647 1790 ἀντείρηκεν
2680 1717 2821 1788 ὺπέρ
2851 1715 3010 1787 ἡμῶν
3049 1717 3078 1769 6
3122 1715 3378 1786 Χριστὸς,
3428 1715 3799 1785 εἰσεπράξατο

507 1808 574 1863 sti
600 1781 814 1879 gentes,
844 1813 899 1860 et
931 1803 1092 1873 periit
1117 1802 1338 1872 impius.
1367 1799 1573 1856 Nomen
1601 1800 1718 1870 ejus
1764 1799 2008 1856 deleviSti
2040 1801 2092 1854 in

2197 1807 2254 1861 δὲ
2285 1808 2379 1862 καὶ
2407 1781 2564 1873 δίκας
2589 1808 2752 1863 αὐτὸν
2772 1781 3022 1878 τῆς-καθ’
3053 1781 3214 1879 ἡμῶν
3254 1807 3531 1871 ἀσεϐείας,
3573 1781 3796 1861 καθεῖλε

507 1897 762 1954 stcculum
819 1894 1001 1951 saeculi
1053 1892 1122 1948 ⁸⁸.
1191 1911 1209 1944 ι
1275 1892 1419 1948 Alibi
1468 1907 1658 1947 rursus
1712 1891 1791 1946 sic
1845 1893 1912 1947 de
1957 1907 2022 1948 eo
2075 1908 2090 1946 :

514 2009 533 2043 ι
571 1990 875 2058 Quaeretur,
933 1984 1128 2054 inquit,
1189 1993 1471 2054 peccatum
1520 1981 1661 2051 ejus,
1706 1993 1760 2037 et
1823 1997 1928 2038 non
2008 1983 2093 2037 in-

509 2084 756 2139 venietur
797 2081 867 2133 ⁵⁸.
899 2097 918 2132 ι
958 2078 1102 2132 Dixit
1132 2089 1349 2146 quoque
1379 2075 1493 2146 ipse
1520 2075 1780 2130 Servator
1813 2093 1828 2130 :
1873 2094 1892 2126 ι
1939 2073 2092 2130 Nunc

505 2177 764 2246 judicium
795 2182 878 2228 est
910 2170 1096 2226 mundi
1116 2167 1314 2239 hujus;
1343 2183 1483 2229 nunc
1510 2167 1761 2238 princeps
1785 2167 1966 2220 mtmdi
1993 2167 2093 2220 hu-

503 2269 595 2337 jus
629 2265 881 2338 ejicietur
915 2262 1059 2318 foras
1101 2261 1171 2316 ".
1216 2279 1233 2313 ι
1265 2258 1499 2330 Tempus
1527 2259 1691 2330 igitur
1723 2257 2093 2313 retributionis

510 2365 672 2416 etiam
699 2360 802 2414 hoe
838 2356 996 2411 modo
1037 2363 1123 2410 est
1170 2369 1276 2422 quo
1327 2351 1506 2408 illuxit
1563 2351 1762 2406 mundo
1819 2350 2089 2406 Christus.

517 2455 736 2512 Venisse
764 2460 943 2506 autem
980 2463 1102 2503 eum
1133 2447 1284 2511 dicit,
1329 2455 1388 2500 ut
1433 2443 1743 2499 consoletur
1777 2457 1968 2499 omnes
2010 2441 2093 2495 lu-

510 2556 698 2614 gentes
729 2542 882 2607 Sion,
913 2551 972 2594 ut
1003 2539 1092 2594 det
1120 2537 1228 2592 illis
1259 2535 1481 2607 gloriam
1515 2550 1611 2605 pro
1653 2533 1857 2598 cinere,
1905 2543 1959 2587 et
1988 2549 2092 2587 un-

515 2638 750 2693 ctionem
805 2634 1025 2699 la-titizr,
1087 2643 1143 2687 et
1213 2630 1468 2684 amictum
1523 2627 1709 2698 gloria:
1755 2640 1852 2696 pro
1899 2625 2092 2695 spiritu

515 2729 786 2788 maeroris.
823 2727 1158 2782 Exstiterunt
1186 2723 1330 2778 enim
1384 2721 1657 2792 quondam
1700 2719 1839 2789 apud
1879 2717 2093 2772 Jud.t:os

511 2823 688 2880 sancti
717 2819 822 2875 viri
854 2829 906 2875 et
938 2819 990 2872 in
1025 2816 1142 2886 lege
1182 2814 1347 2879 docti,
1379 2829 1441 2868 ac
1471 2811 1907 2884 propheticorum
1956 2824 2094 2880 prae-

511 2914 794 2972 coniorum
830 2918 1164 2966 scrutatores
1208 2917 1263 2964 et
1313 2905 1488 2976 gnari.
1547 2903 1609 2958 lli
1668 2919 1792 2958 eum
1849 2903 2094 2957 viderent

510 3005 776 3077 sanguine
830 3001 1129 3057 Israelitico
1179 2999 1459 3062 oriundos,
1524 2995 1756 3052 Mosaica
1823 3005 2090 3066 praecepta

511 3099 662 3172 parvi
694 3095 937 3161 duxisse,
963 3104 1017 3149 et
1054 3094 1120 3147 ad
1149 3107 1243 3148 sua
1271 3091 1466 3161 placita
1509 3102 1826 3153 conversos,
1870 3087 2092 3142 docere—

511 3151 620 3264 que
651 3188 929 3245 doctrinas
977 3194 1242 3256 praecepta
1301 3183 1599 3246 hominum,
1661 3195 1726 3236 ac
1777 3181 1941 3234 vitam
1985 3177 2086 3249 legi
2118 3151 2160 3210 (ἶ

512 3281 750 3338 maxime
800 3278 1129 3336 contrariam
1157 3287 1210 3332 et
1237 3274 1557 3346 ﬂagitiosam
1611 3274 1812 3338 vivere,
1867 3270 2088 3326 tristitia

512 3388 633 3444 qua
661 3381 884 3428 sanctos
930 3370 1089 3425 decet
1131 3364 1309 3420 atl'ecti
1351 3372 1496 3429 sunt,
1551 3380 1616 3419 ac
1666 3363 2090 3434 redemptionem

512 3481 611 3536 per
641 3464 916 3518 Christum
941 3457 1348 3528 exspectabant.
1377 3454 1495 3531 Non
1520 3455 1719 3510 etenim
1752 3455 2090 3525 ignorarunt,

512 3572 637 3611 cum
666 3554 867 3622 Spiritu
907 3549 1067 3605 amati
1110 3557 1314 3614 essent,
1361 3561 1508 3616 eum,
1560 3548 1649 3618 qui
1694 3547 1797 3602 [ide
1831 3549 2094 3617 justilicat

513 3647 768 3718 impium,
803 3653 856 3698 et
886 3643 976 3713 qui
1013 3642 1188 3712 gratia
1220 3638 1541 3709 injuriarum
1593 3639 1917 3706 immemori,
1963 3655 2094 3696 con-

514 3739 806 3794 taminatos
833 3734 1113 3804 abstergit.
1150 3731 1283 3786 Nam
1311 3731 1530 3787 Simcon
1565 3729 1655 3786 ille
1683 3730 1884 3801 justus,
1931 3732 2094 3788 Chri-

513 3840 599 3884 sto
627 3826 852 3901 infante,
887 3823 1027 3880 ulnis
1081 3830 1326 3891 excepto,
1385 3830 1632 3891 precatus
1682 3832 1786 3889 est,
1840 3821 2028 3878 dicens
2076 3841 2091 3878 :

520 3938 539 3971 ι
576 3919 727 3974 Nune
755 3916 982 3972 dimittis
1013 3929 1229 3969 servum
1279 3922 1449 3978 tuum,
1500 3913 1745 3980 Domine,
1799 3915 2092 3971 secundum

512 4011 737 4067 verbum
769 4020 915 4064 tuum
955 4009 1006 4062 in
1053 4021 1204 4077 pace.
1234 4005 1369 4072 Quia
1409 4005 1662 4060 viderunt
1689 4005 1828 4061 oculi
1864 4007 1967 4062 mei
2008 4022 2096 4062 sa-

514 4105 688 4161 lutare
720 4112 893 4168 tuum,
931 4099 1070 4169 quod
1100 4097 1305 4169 parasti
1353 4108 1478 4152 ante
1508 4097 1700 4154 faciem
1733 4100 1972 4156 omnium
2001 4116 2096 4171 po-

512 4195 782 4266 pulorum.
817 4191 1022 4247 Lmnen
1051 4191 1117 4244 ad
1156 4189 1536 4244 revelationem
1586 4191 1825 4260 gentium
1868 4199 1925 4246 et
1974 4191 2093 4262 glo-

512 4290 650 4344 riam
678 4285 857 4357 populi
895 4285 968 4341 tui
1001 4282 1165 4340 Israel
1194 4282 1262 4337 ".
1302 4301 1320 4335 ι
1363 4283 1700 4339 Inveniemus
1749 4285 1911 4339 etiam
1955 4286 2092 4339 divi-

512 4395 641 4433 nutu
685 4377 1026 4442 Zachariam,
1059 4374 1287 4430 Joannis
1313 4385 1544 4445 patrem,
1577 4375 1761 4432 dicere
1798 4395 1811 4430 :
1849 4394 1869 4429 ι
1920 4375 2092 4434 Bene-

2196 1901 2306 1973 γάρ
2343 1901 2508 1955 αὑτοῦ
2539 1903 2720 1955 πᾶσαν
2772 1901 2947 1971 ἰσχὺν,
2993 1901 3320 1972 ἐκϐέϐληται
3357 1899 3460 1969 τῆς
3485 1899 3606 1954 καθ’
3632 1901 3798 1971 ἡμῶν

2195 1992 2529 2064 τυραννίδος,
2572 2013 2590 2044 ι
2626 1992 2738 2046 Καὶ
2798 1993 3008 2064 σειραῖς
3082 1992 3248 2062 ζόφου
3313 1991 3674 2063 ταρταρώσας
3709 2033 3726 2059 ,
3766 2010 3785 2042 ι

2194 2085 2334 2139 κατά
2363 2085 2422 2138 τὸ
2449 2084 2856 2156 γεγραμμένον,
2914 2103 2933 2135 ι
2972 2085 3287 2156 παρέδωκεν
3342 2087 3423 2149 είς
3473 2084 3654 2156 κρίσιν
3692 2103 3794 2156 με·

2193 2176 2368 2247 γάλης
2411 2176 2628 2246 ἡμέρας
2677 2175 3180 2247 κολασθησομένους
3233 2177 3423 2246 τηρεῖν
3458 2193 3477 2228 ι
3528 2177 3692 2230 αὐτόν
3725 2192 3792 2230 τι

2193 2266 2288 2320 καὶ
2318 2267 2444 2330 τοὺς
2471 2266 2713 2338 ἐτέρους,
2748 2266 2798 2319 οἳ
2845 2267 3249 2321 συναποστάται
3297 2267 3587 2336 γεγόνασιν
3618 2268 3790 2339 αὐτῷ.

2191 2358 2404 2412 Ψάλλει
2435 2359 2569 2429 γοῦν
2595 2358 2690 2413 καὶ
2733 2359 2762 2412 6
2786 2359 3074 2423 θεσπέσιος
3102 2358 3264 2412 Δαϐὶδ
3291 2359 3367 2422 ὡς
3399 2360 3464 2412 ἐκ
3496 2360 3795 2430 προσώπου

2191 2450 2302 2503 τῶν
2337 2450 2784 2523 λελυτρωμένων,
2803 2449 3098 2521 καίφησινο
3119 2470 3138 2502 ι
3163 2449 3666 2522 Ἐξομολογησομαί
3691 2469 3795 2520 σοι,

2195 2543 2394 2616 Κύριε,
2449 2545 2508 2598 ἐν
2561 2543 2660 2617 ὅλῃ
2691 2543 2888 2616 καρδίᾳ
2949 2552 3072 2614 μου,
3121 2543 3456 2615 διηγήσομαι
3515 2544 3698 2597 πάντα
3727 2544 3800 2600 τὰ

2198 2635 2483 2706 θαυμάσιά
2510 2653 2626 2690 σου.
2663 2634 3149 2708 Εὑφρανθὴσομαι,
3175 2636 3270 2689 καὶ
3301 2635 3710 2706 ἀγαλλιάσομαι
3738 2638 3799 2690 ὲν

2198 2724 2302 2780 σοί.
2334 2725 2508 2779 Ψαλῶ
2572 2725 2653 2798 τῷ
2702 2725 2928 2798 ὀνόματί
2960 2742 3091 2794 σου,
3127 2725 3380 2795 ἰ’ψιστε,
3418 2728 3500 2780 ὅτι
3531 2727 3801 2800 ἐποίησας

2194 2815 2295 2890 τὴν
2324 2819 2506 2890 κρίσιν
2538 2835 2663 2890 μου,
2715 2819 2811 2873 καὶ
2857 2818 2957 2890 τὴν
3005 2817 3162 2890 δίκην
3207 2836 3331 2891 μου.
3368 2818 3673 2884 Ἐκάθισας
3706 2820 3802 2874 ἐπὶ

2197 2909 2414 2983 θρόνου,
2441 2913 2470 2965 6
2489 2911 2691 2983 κρίνων
2715 2910 3080 2982 δικαιοσύνηνο
3101 2911 3440 2983 ἐπετίμησας
3470 2911 3678 2981 ἔθνεσι,
3705 2914 3802 2968 καὶ

2197 3000 2449 3056 ἀπώλετο
2473 3003 2502 3054 6
2523 3000 2750 3070 ἀσεϐής·
2782 3002 2843 3054 τὸ
2875 3001 3050 3072 ὄνομα
3065 2999 3230 3054 αὐτοῦ
3264 2999 3557 3071 ἐξήλειψας
3589 3004 3677 3066 εἰς
3705 3001 3799 3055 τὸν

2193 3092 2388 3161 αίῶνα,
2413 3093 2508 3148 καὶ
2537 3093 2616 3158 είς
2636 3092 2726 3146 τὸν
2746 3091 2922 3146 αἰῶνα
2967 3091 3062 3146 τοῦ
3095 3091 3317 3157 αἰῶνος·
3349 3112 3366 3145 ι
3406 3093 3517 3146 Ναὶ
3561 3093 3674 3164 μὴν
3701 3093 3795 3146 καὶ

2192 3186 2423 3260 ἑτέρωθί
2446 3203 2547 3240 που
2578 3185 2740 3240 πάλιν
2755 3184 2890 3256 φησι
2921 3183 3052 3254 περὶ
3089 3183 3256 3238 αὐτοῦ
3290 3177 3415 3238 ὧδε.
3438 3204 3458 3237 ι
3478 3185 3796 3258 Ζητηθήσε-

2192 3297 2282 3333 ται
2310 3281 2344 3351 ἡ
2379 3275 2622 3349 ἁμαρτία
2667 3273 2858 3343 αὑτοῦ,
2885 3275 2980 3329 καὶ
3007 3273 3068 3328 οὐ
3103 3275 3178 3346 μὴ
3205 3274 3401 3346 εὑρεθῇ
3455 3275 3525 3329 δι’
3547 3277 3736 3347 αὑτήν.
3762 3296 3788 3330 a

2197 3372 2342 3442 Ἔφη
2387 3370 2446 3424 δὲ
2479 3369 2572 3424 καὶ
2601 3368 2763 3432 αὐτὸς
2785 3368 2815 3422 6
2846 3367 3058 3440 Σωτήρ·
3089 3385 3108 3418 ι
3139 3365 3254 3421 Νῦν
3300 3366 3480 3439 κρίσις
3525 3368 3643 3420 ἐστὶ
3687 3367 3782 3420 τοῦ

2195 3465 2402 3535 κόσμου
2445 3461 2662 3526 τούτου,
2724 3462 2819 3516 νῦν
2869 3461 3053 3534 ἄρχων
3102 3458 3196 3514 τοῦ
3235 3459 3445 3530 κόσμου
3478 3459 3669 3514 τούτου
3692 3462 3782 3513 ἐκ·

2197 3555 2533 3626 ϐληθήσεται
2581 3552 2708 3620 ἔξω.
2735 3572 2754 3605 ι
2813 3551 3016 3624 Καιρὸς
3045 3544 3141 3604 οὖν
3207 3549 3625 3613 ἀνταποδόσεως,
3679 3551 3783 3604 καὶ

2195 3648 2336 3700 κατὰ
2355 3643 2544 3699 τοῦτον
2577 3643 2671 3696 τὸν
2706 3642 2929 3715 τρόπον,
2968 3640 3089 3695 καθ’
3105 3639 3164 3693 ὃν
3190 3638 3460 3710 ἐπέλαμψε
3479 3635 3555 3707 τῷ
3575 3637 3773 3707 κόσμῳ

2195 3736 2452 3811 Χριστός·
2490 3733 2807 3807 ἐληλυθέναι
2861 3733 2922 3788 δέ
2972 3750 3161 3806 φησιν,
3212 3730 3358 3784 ὥστε
3402 3728 3782 3800 παρακαλέσαι.

2195 3831 2404 3894 πάντας
2436 3829 2564 3893 τοὺς
2611 3825 2940 3890 πενθοῦντας
2973 3827 3136 3892 Σιὼν,
3174 3824 3359 3879 δοῦναι
3411 3824 3589 3886 αὐτοῖς
3623 3821 3785 3886 δόξαν

2196 3923 2318 3980 ἀντὶ
2350 3919 2571 3989 σποδοῦ,
2624 3919 2721 3975 καὶ
2771 3918 3016 3990 ἄλειμμα
3062 3917 3422 3989 εὐφροσύνης,
3458 3914 3555 3967 καὶ
3613 3930 3787 3967 κατα-

2198 4015 2392 4086 στολὴν
2416 4013 2576 4084 δόξης
2614 4013 2736 4068 ἀντὶ
2765 4009 3080 4082 πνεύματος
3108 4008 3357 4079 ἀκηδίας.
3393 4007 3655 4074 Γεγόνασι
3685 4006 3784 4076 μὲν

2195 4105 2306 4181 γάρ
2335 4105 2482 4162 κατὰ
2506 4107 2734 4176 καιροὺς
2755 4101 2908 4175 παρά
2928 4105 3039 4166 τοῖς
3081 4100 3358 4164 Ἰουδαίοις
3387 4099 3580 4170 ἄνδρες
3614 4098 3782 4166 ἅγιοι,

2195 4200 2290 4254 καὶ
2312 4196 2661 4270 νομομαθείς,
2681 4197 2775 4250 καὶ
2798 4193 3151 4266 προφητικῶν
3169 4192 3543 4264 κηρυγμάτων
3570 4192 3696 4260 ἐρευ
3707 4207 3787 4260 δηο

2194 4289 2307 4358 ταὶ,
2359 4289 2452 4343 καὶ
2502 4288 2888 4358 ἐπιστήμονες.
2947 4280 3105 4340 Οὗτοι
3166 4282 3502 4354 θεωροῦντες
3558 4280 3688 4343 τοὺς
3722 4278 3786 4344 ἐξ

2195 4380 2427 4452 αἵματος
2486 4376 2702 4449 Ἰσραὴλ
2751 4371 2853 4447 τῆς
2899 4374 2989 4429 διὰ
3035 4373 3284 4437 Μωσέως
3346 4370 3573 4441 ἐντολῆς
3626 4369 3782 4436 ὀλίγα

510 4471 691 4526 dictus
724 4469 982 4524 Dominus
1010 4469 1153 4523 Deus
1179 4468 1369 4533 Israel,
1406 4467 1532 4537 quia
1576 4468 1834 4536 visitavit,
1868 4478 1924 4525 et
1962 4468 2092 4524 fecit

2197 4471 2648 4545 πεφροντικότας,
2677 4468 3054 4541 τραπομένους
3086 4467 3144 4521 δὲ
3173 4465 3376 4537 μᾶλλον
3412 4465 3494 4526 είς
3519 4463 3580 4517 τδ
3599 4463 3780 4524 adtul;

511 4559 936 4630 redemptionem
972 4558 1112 4629 plebi
1145 4575 1277 4614 suae.
1329 4557 1396 4614 Et
1450 4559 1624 4614 erexit
1672 4575 1838 4615 cornu
1902 4561 2092 4617 salutis

2194 4565 2408 4634 δοκοῦν,
2431 4567 2526 4620 καὶ
2545 4564 2894 4628 διδάσκοντας
2936 4560 3036 4630 μὶν
3081 4557 3434 4612 διδασκαλίαν
3468 4554 3786 4626 ἐντάλματα

511 4653 672 4710 nobis
713 4652 785 4709 ”.
832 4671 853 4706 ι
909 4651 1316 4721 Evangelizavit
1373 4651 1502 4706 item
1554 4649 1834 4722 Philippus
1886 4651 2092 4708 Natha-

513 4745 678 4813 naeli,
716 4744 800 4800 sic
825 4745 1014 4800 dicens
1052 4762 1066 4798 :
1107 4761 1126 4796 ι
1181 4747 1352 4809 Quem
1384 4743 1604 4813 scripsit
1637 4741 1811 4798 Moses
1850 4743 1903 4797 in
1952 4743 2089 4814 lege,

510 4847 567 4893 et
595 4835 892 4907 prophetae,
945 4831 1251 4890 invenimus
1305 4831 1489 4887 Jesum
1547 4832 1712 4887 ﬁlium
1765 4830 2009 4904 Josephi,
2059 4849 2088 4888 a

512 4923 780 4979 Natat-eth
809 4922 876 4977 °°.
906 4941 926 4974 ι
963 4920 1170 4976 Scribit
1202 4922 1366 4975 etiam
1393 4921 1821 4991 sapientissimus
1846 4922 2043 4979 Paulus
2071 4941 2085 4978 :

516 5035 536 5069 ι
568 5013 809 5071 Tristitia
845 5013 974 5070 mihi
1009 5027 1201 5083 magna
1236 5023 1338 5077 est,
1368 5023 1420 5066 et
1467 5015 1756 5071 continuus
1785 5015 1940 5071 dolor
1967 5033 2089 5072 cor-

509 5107 587 5175 di,
623 5122 722 5176 pro
744 5106 1000 5161 lratribus
1037 5105 1192 5171 meis,
1221 5105 1312 5174 qui
1343 5115 1468 5160 sunt
1495 5107 1706 5176 cognati
1747 5110 1849 5162 mei
1895 5125 2089 5163 secun-

511 5200 640 5254 dutn
674 5214 893 5254 carnem
923 5199 989 5252 “.
1030 5215 1050 5250 ι
1082 5227 1154 5238 -
1175 5213 1194 5248 ι
1223 5195 1353 5250 Data
1382 5207 1468 5252 est
1492 5197 1838 5271 igitur862
1859 5201 2087 5271 lugenti-

509 5291 610 5347 bus
627 5291 780 5356 Sion,
813 5288 1128 5354 consolatio,
1153 5306 1173 5341 ι
1205 5301 1302 5358 per
1331 5287 1628 5355 Christum,
1652 5305 1670 5340 ι
1699 5301 1753 5344 et
1772 5307 1868 5358 pro
1905 5293 2088 5346 cinere

510 5381 701 5454 gloria.
742 5400 763 5434 ι
802 5381 1082 5438 Desierunt
1105 5379 1250 5436 enim
1279 5377 1422 5434 illam
1457 5379 1642 5449 lugere
1665 5391 1719 5435 et
1751 5381 1970 5450 deﬂere,
1993 5399 2086 5438 ce-

2191 4657 2494 4728 ἀνθρὼπων
2520 4697 2535 4722 ,
2583 4653 2972 4726 ἐκνομωτάτην
3037 4650 3094 4704 δὲ
3155 4650 3251 4703 καὶ
3320 4649 3786 4720 φιλαμαρτήμονα

2188 4746 2530 4810 διαϐιοῦντας
2552 4746 2718 4817 ζωὴν,
2763 4744 2866 4816 τὴν
2910 4743 3088 4812 ἁγίοις
3121 4739 3442 4810 πρέπουσαν
3475 4739 3564 4792 ἐπ’
3596 4740 3785 4802 αὐτοῖς

2190 4840 2440 4913 ἐδέγοντυ
2493 4839 2694 4911 λύπην.
2739 4836 3115 4910 Προσεδόκουν
3166 4834 3228 4889 δὲ
3276 4835 3378 4906 τὴν
3423 4833 3515 4889 διὰ
3542 4833 3783 4904 Χριστοῦ

2193 4931 2480 5004 λύτρωσιν.
2514 4931 2590 4986 Οὐ
2617 4931 2726 5002 γὰρ
2746 4930 3023 5002 ἠγνόησαν
3048 4927 3203 4991 δντες
3229 4927 3670 4998 πνευματοφόροι
3692 4927 3786 4979 τὸν

2193 5020 2506 5076 δικαιοῦντα
2533 5021 2718 5076 πίστει
2745 5021 2838 5075 τὸν
2867 5019 3063 5089 ἀσεϐῆ,
3085 5018 3180 5072 καὶ
3197 5017 3568 5088 ἀμνησικάκῳ
3599 5018 3787 5088 χάριτι

2194 5116 2563 5186 διασμήχοντα
2593 5114 2719 5180 τοὺς
2771 5111 3236 5186 μεμολυσμένους.
3287 5111 3400 5164 Καὶ
3453 5109 3587 5178 γοῦν
3620 5111 3649 5162 ὀ
3684 5109 3785 5179 μὲν

2191 5205 2400 5269 δίκαιος
2464 5204 2691 5276 Συμεὼν
2743 5203 2944 5276 βρέφος
2976 5203 3106 5256 ὅντα
3142 5199 3380 5272 Χριστὸν
3426 5201 3486 5253 ἐν
3515 5199 3784 5268 ἀγκάλαις

2191 5295 2372 5351 λαϐὼν
2397 5296 2742 5368 προσηύχετο
2771 5295 2964 5364 λέγων·
3001 5313 3019 5346 ι
3039 5291 3153 5346 Νῦν
3183 5290 3441 5355 ἀπολύεις
3468 5290 3562 5343 τὸν
3596 5288 3783 5344 δοῦλόν

2192 5404 2310 5453 σου,
2342 5389 2609 5452 Δέσποτα,
2642 5385 2785 5442 κατά
2807 5387 2868 5440 τὸ
2893 5386 3049 5457 ῥῆμά
3066 5402 3182 5453 σου,
3205 5385 3264 5438 ὲν
3289 5384 3503 5456 εἰρήνῃ,
3529 5383 3612 5437 ὃτι
3644 5375 3784 5435 εἶδον

511 5481 812 5544 peruntque
846 5487 941 5544 per
988 5472 1264 5528 Christum
1306 5471 1584 5542 gaudium,
1626 5471 1986 5541 praedicantes
2032 5486 2083 5530 et

2194 5479 2240 5532 oi.
2264 5477 2532 5550 ὀφθαλμοί
2563 5495 2668 5550 μου
2689 5477 2752 5533 τὸ
2784 5477 3049 5548 σωτήριόν
3079 5493 3194 5542 σου,
3237 5474 3267 5528 6
3298 5473 3608 5546 ἡτοίμασας
3641 5472 3783 5529 κατὰ

577 5697 620 5770 ’ξε
657 5695 694 5748 ll
721 5693 948 5770 l’etr._rt,
975 5696 1055 5770 4.“
1095 5697 1152 5770 3"
1179 5695 1318 5750 Psal.
1351 5711 1424 5770 Ix,
1451 5694 1566 5749 2-6.
1645 5695 1688 5726 ’⁵⁵
1717 5696 1859 5754 Psal.
1900 5714 1952 5766 χ,
1991 5699 2075 5752 15.

2194 5701 2196 5707 ’
2227 5698 2384 5756 Joan.
2419 5717 2516 5770 xu,
2548 5703 2634 5757 3|.
2714 5701 2986 5769 “Luem,
3011 5697 3203 5755 29-32.
3278 5693 3322 5726 ⁸⁹
3353 5691 3484 5747 Luc.
3506 5707 3544 5757 ι,
3573 5692 3664 5757 68,
3687 5693 3779 5754 6.9-

511 5765 736 5822 “Joan.
780 5781 816 5831 ι,
849 5765 937 5819 45.
1017 5766 1056 5796 “
1091 5763 1251 5821 Βυιιι.
1295 5781 1370 5829 ιιι,
1395 5765 1449 5821 2.
