4112 6292
361 338 500 393 l5‘57

1493 335 1557 389 IN
1602 336 1834 392 lSAIAM
1873 338 2002 394 LIB.
2050 339 2112 396 γ.
2161 341 2398 402 TOMUS
2434 347 2498 402 ν.

3495 347 3626 405 1358

360 457 654 526 πρόσωπον
693 455 916 509 πάντων
954 455 1061 508 τῶν
1111 455 1276 518 λαῶν,
1317 453 1434 523 φῶς
1480 456 1560 518 εἰς
1602 454 1944 524 ἀποκάλυψιν

2049 461 2437 518 annnntiantes
2463 463 2834 534 Evangelium.
2888 484 2906 516 ι
2961 464 3090 518 Data
3126 473 3209 520 est
3226 463 3335 520 illis
3363 478 3459 532 pro
3481 463 3625 520 luctu

360 545 555 609 ὲθνῶν,
582 547 678 600 καὶ
706 545 865 611 δόξαν
917 545 1045 599 λαοῦ
1090 562 1183 598 σου
1224 545 1461 617 Ἰσραήλ.
1489 565 1510 597 ι
1544 545 1864 617 Εὑρήσομεν
1889 547 1945 599 δὲ

360 638 454 690 καὶ
481 637 569 690 τὸν
598 637 883 690 Θεσπέσιον
916 637 1187 707 Ζαχαρίαν
1218 637 1311 690 τὸν
1354 637 1598 691 Ἰωάννου
1625 638 1837 708 πατέρα
1856 637 1946 689 λέ-
1975 678 2000 694 κ

360 747 545 798 γοντα·
591 750 608 780 ι
630 727 934 797 Εὐλογητὸς
967 728 1173 800 Κύριος
1221 731 1251 784 6
1282 728 1415 792 Θεὸς
1469 728 1564 782 τοῦ
1601 730 1837 802 Ἰσραὴλ,
1864 730 1947 783 ὅτι

350 821 716 890 ἐπεσκέψατο,
759 818 854 870 καὶ
886 819 1112 889 ἐποίησε
1160 820 1431 892 λύτρωσιν
1483 821 1563 892 τῷ
1594 820 1711 890 λαῷ
1747 820 1946 885 αὑτοῦ,

363 915 453 968 καὶ
479 915 666 982 ἤγειρε
696 909 865 980 κέρας
898 911 1170 983 σωτηρίας
1211 913 1362 982 ἡμῖν.
1394 930 1414 964 ι
1457 911 1858 981 Εὑηγγελίξετο
1889 912 1947 967 δὲ

358 1004 726 1064 καὶΦίλιππος
742 1001 819 1072 τῷ
837 1001 1129 1073 Ναθαναὴλ
1148 1000 1290 1055 οὕτω
1307 1000 1504 1070 λέγων’
1548 1020 1567 1054 ι
1598 1003 1694 1056 Ὃν
1738 1001 1946 1075 ἔγραψε

359 1095 562 1164 Μωσῆς
597 1094 655 1145 ἐν
687 1092 767 1164 τῷ
801 1092 976 1164 νόμῳ,
1000 1096 1093 1148 καὶ
1117 1095 1168 1147 οἱ
1190 1095 1495 1165 προφῆται,
1543 1094 1793 1166 ηῦραμεν
1843 1095 1948 1166 Ἰη-

357 1187 484 1241 σοῦν
514 1188 604 1241 τὸν
626 1187 742 1241 υἱὸν
779 1187 980 1257 Ἰωσὴφ
1015 1187 1105 1241 τὸν
1152 1187 1261 1242 ἀπὸ
1288 1184 1565 1260 Ναζάρετ.
1607 1206 1625 1239 ι
1651 1187 1859 1258 Γράφει
1888 1187 1947 1241 δέ

355 1296 456 1331 που
476 1279 570 1331 καὶ
593 1281 621 1333 6
640 1279 913 1348 πάνσοφος
934 1277 1167 1344 Παῦλος,
1206 1279 1287 1332 ὅτι
1313 1298 1334 1330 ι
1371 1279 1530 1350 Λύπη
1565 1279 1655 1350 μοί
1683 1281 1799 1333 ὲστι
1852 1281 1948 1335 καὶ

353 1371 699 1434 ἀδιάλειπτος
730 1371 890 1442 ὀδύνη
915 1373 981 1442 τῇ
1011 1371 1229 1443 καρδίᾳ,
1261 1371 1402 1443 ὑπὲρ
1429 1371 1538 1425 τῶν
1567 1370 1812 1440 ἀδελφῶν
1841 1388 1944 1442 μου

353 1462 464 1516 τῶν
496 1463 772 1531 συγγενῶν
808 1480 909 1533 μου
933 1463 1074 1516 κατὰ
1095 1464 1294 1535 σάρκα.
1331 1483 1350 1516 ι
1373 1491 1442 1504 -
1470 1483 1488 1515 ι
1518 1463 1738 1518 Δέδοται
1763 1462 1945 1518 τοίνυν

355 1554 470 1614 τοῖς
508 1552 762 1606 πενθοῦσι
775 1552 912 1606 Σιὼν
933 1553 1332 1625 παράκλησις,›
1356 1554 1495 1624 ὴλδιὰ
1524 1552 1786 1625 Χριστοῦ,
1811 1573 1828 1606 ι
1849 1553 1947 1608 καὶ

358 1644 480 1698 ἀντὶ
504 1643 701 1697 σποδοῦ
730 1643 877 1710 δόξα.
913 1663 929 1696 ι
968 1643 1284 1715 Κατέληξαν
1315 1645 1413 1715 μὲν
1438 1643 1545 1715 γὰρ
1561 1643 1658 1698 τοῦ
1691 1644 1909 1699 πενθεῖν
1928 1687 1944 1711 ,

358 1737 454 1792 καὶ
483 1737 688 1791 κλαίειν
725 1735 913 1808 αὐτὴν,
947 1735 1192 1806 ἐδέχοντο
1218 1736 1276 1789 δὲ
1318 1734 1417 1807 τὴν
1461 1737 1552 1790 διὰ
1581 1735 1817 1809 Χριστοῦ
1847 1736 1944 1807 χὰ-

359 1846 467 1900 ριν,
498 1829 971 1903 εὐαγγελιζόμενοι
995 1850 1053 1885 τε
1076 1835 1172 1888 καὶ
1219 1834 1670 1904 ἐπαγγέλλοντες.
1702 1853 1721 1886 ι
1753 1832 1939 1905 Ἐδόθη
1973 1813 2017 1868 Β

355 1922 413 1975 δὲ
464 1922 644 1986 αὐτοῖς
693 1922 936 1994 ἄλειμμα
983 1924 1322 1996 εὐφροσύνης
1358 1925 1478 1978 ἀντὶ
1530 1925 1795 1988 πένθους,
1847 1925 1944 1978 καὶ

359 2011 661 2082 καταστολὴ
694 2012 872 2082 δόξης,
905 2011 1028 2065 ἀντὶ
1054 2011 1366 2084 πνεύματος
1394 2013 1649 2083 ἀκηδίας.
1680 2033 1698 2064 ι
1723 2013 1952 2083 ’Δλειμ-

359 2117 436 2170 μα
464 2101 521 2154 δέ
544 2118 712 2171 φησιν
733 2103 792 2156 ὲν
813 2101 1023 2165 τούτοις
1053 2102 1115 2156 τὸ
1139 2101 1342 2174 ἱλαρὸν,
1365 2104 1483 2174 ἢτοι
1503 2103 1603 2175 τὴν
1634 2103 1948 2174 ἱλαρότητα,

356 2194 453 2246 καὶ
481 2193 580 2265 τὴν
608 2193 973 2264 εὐφροσύνην,
1008 2195 1133 2248 ἀντὶ
1173 2194 1268 2248 τοῦ
1300 2194 1542 2258 πενθεῖν,
1568 2197 1664 2250 καὶ
1697 2194 1908 2249 κλαίειν
1927 2233 1944 2260 ,

353 2285 448 2338 καὶ
478 2285 636 2357 δόξης
663 2285 1024 2357 καταστολὴν,
1069 2285 1338 2353 τουτέστι,
1395 2285 1712 2357 περίϐλημα
1732 2327 1748 2351 ,
1775 2286 1946 2357 ἤγουν

2053 552 2236 606 unctio
2265 552 2484 622 laetitiae,
2518 564 2573 608 et
2617 557 2848 610 amictus
2887 555 3072 627 gloriae
3116 570 3215 624 pro
3259 555 3449 624 spiritu
3495 569 3631 611 mea.

2051 642 2214 697 roris.
2258 661 2278 696 ι
2319 643 2637 700 Unctiouem
2673 657 2850 702 autem
2896 648 2984 702 hic
3027 656 3203 712 vocat,
3259 647 3401 715 quod
3460 646 3631 702 hilare

2051 742 2158 799 est,
2197 747 2292 787 seu
2317 733 2644 790 hilaritatem
2680 747 2736 794 et
2764 737 3003 793 laetitiam
3044 754 3140 809 pro
3174 738 3318 793 luctu
3362 749 3417 792 et
3450 737 3577 794 ﬂetu
3609 755 3625 792 :

2049 833 2104 878 ct
2129 825 2486 898 καταστολὴν,
2517 829 2568 882 id
2601 839 2703 894 est,
2732 830 3010 896 amictum,
3045 831 3159 886 sive
3184 831 3399 901 stolam,
3441 840 3496 884 et
3536 847 3628 883 vc-

2050 915 2363 972 srimcntum
2397 934 2497 988 pro
2539 920 2732 988 spiritu
2770 921 3019 994 ἀκηδίας,
3068 923 3120 977 id
3168 931 3272 987 est,
3321 937 3421 992 pro
3457 924 3625 976 veleri

2051 1007 2141 1061 illa
2164 1008 2330 1064 animi
2358 1009 2658 1077 dejectione
2691 1021 2746 1067 et
2775 1017 3164 1069 contractione.
3196 1013 3329 1068 Nam
3361 1015 3629 1086 gloriﬁca-

2051 1097 2089 1151 ti
2116 1106 2264 1164 sunt,
2294 1101 2386 1168 qui
2426 1099 2554 1156 olim
2593 1101 2948 1172 deplorabant
2979 1119 3122 1170 eam,
3162 1112 3218 1158 et
3256 1105 3349 1174 qui
3393 1118 3628 1159 mterore

2048 1204 2148 1260 pro
2178 1205 2242 1245 ea
2265 1189 2657 1248 alliciebantnr.
2675 1193 2971 1250 Gloriiicati
2992 1209 3123 1250 vero
3145 1202 3291 1264 sunt,
3322 1194 3629 1265 quomodo?

2049 1281 2185 1336 Nam
2222 1281 2502 1336 constituti
2540 1292 2668 1338 sunt
2698 1282 2814 1352 ejus
2841 1297 3204 1354 praeceptores
3253 1293 3309 1341 et
3355 1288 3624 1343 doctores.

2047 1372 2226 1438 Atque
2252 1371 2356 1426 hoc
2385 1380 2470 1426 est
2499 1373 2644 1442 quod
2683 1373 2736 1430 ei
2767 1375 2970 1429 dictum
3007 1386 3089 1430 est
3121 1375 3232 1448 lyra
3269 1374 3558 1432 Psallentis
3606 1394 3622 1429 :

2053 1478 2072 1510 ι
2112 1457 2217 1512 Pro
2247 1458 2492 1528 patribus
2518 1462 2625 1516 tuis
2659 1463 2771 1516 nati
2800 1474 2925 1519 sunt
2950 1465 3042 1520 tibi
3095 1466 3190 1521 lilii
3237 1467 3304 1522 ⁸³.
3363 1485 3384 1520 ι
3443 1465 3624 1521 Liberi

2047 1549 2192 1604 enim
2231 1548 2471 1604 Iudaica-3
2510 1548 2808 1622 Synagoga:
2837 1567 2960 1607 cum
3007 1563 3190 1608 essent
3241 1553 3627 1624 sapientissimi

2047 1641 2319 1712 discipuli,
2361 1641 2488 1699 laeti
2531 1652 2658 1698 sunt
2705 1653 2906 1714 patres.
2943 1642 3140 1699 Scribit
3167 1646 3378 1701 scilicet
3407 1646 3626 1714 sapien-

2051 1734 2298 1792 tissimus
2328 1735 2527 1791 Paulus
2554 1754 2568 1792 :
2601 1755 2620 1789 ι
2653 1734 2710 1790 ln
2751 1734 2968 1791 Christo
2999 1737 3140 1792 enim
3167 1735 3292 1792 Jesu
3323 1752 3420 1807 per
3445 1736 3593 1792 Evan
3619 1767 3628 1779 σ

2047 1828 2244 1900 geiium
2274 1844 2376 1900 ego
2405 1844 2500 1885 vos
2535 1828 2693 1898 genui
2726 1829 2791 1883 ⁸³.
2846 1848 2866 1881 ι
2925 1829 3215 1885 Constituti
3262 1832 3457 1901 quippe
3500 1840 3628 1886 sunt

2048 1929 2264 1990 patrum
2293 1920 2432 1986 loco,
2464 1921 2556 1990 qni
2589 1921 2807 1975 fuerunt
2841 1919 2960 1990 ejus
2992 1921 3108 1979 lilii.
3146 1920 3414 1978 Habuisse
3443 1933 3623 1978 autem

2049 2011 2260 2066 divinos
2292 2009 2586 2080 discipulos
2617 2011 2876 2066 amictum
2924 2010 3106 2081 gloria:
3150 2029 3180 2066 a
3231 2011 3362 2078 Deo,
3417 2013 3624 2068 clarum

2046 2115 2168 2157 esse
2208 2109 2407 2172 potest,
2443 2101 2654 2156 dicente
2699 2101 2918 2158 Christo
2969 2103 3072 2157 illis
3125 2103 3370 2159 alicubi:
3403 2122 3422 2156 ι
3465 2103 3624 2157 Infir-

2047 2209 2167 2249 mos
2196 2203 2406 2259 curate,
2438 2193 2699 2249 daemonia
2723 2193 2921 2264 ejicile,
2960 2205 3202 2250 mortuos
3227 2195 3463 2251 excitate
3491 2194 3566 2261 “;
3601 2216 3620 2245 ι

2048 2299 2237 2340 rursus
2270 2283 2437 2338 alibi:
2479 2303 2498 2335 ι
2529 2282 2638 2339 Vos
2667 2285 2801 2340 estis
2831 2285 2920 2339 lux
2955 2285 3139 2339 mundi
3182 2286 3249 2340 ⁸⁵.
3278 2305 3298 2339 ι

355 2375 568 2447 στολὴν,
602 2377 695 2429 κα)⁵
721 2377 923 2448 ἄμφιον
948 2377 1069 2430 ἀντὶ
1135 2377 1450 2448 πνεύματος
1495 2379 1750 2448 ἁκηδίας,
1787 2377 2088 2441 τουτέστιν,
2116 2376 2240 2432 ἀντὶ
2298 2377 2400 2447 τῆς
2424 2377 2594 2432 πάλαι
2656 2377 3040 2449 μικροψυχίας.
3077 2378 3484 2451 Ἐδοξάσθησαν
3511 2375 3624 2448 γὰρ

351 2471 401 2524 oi
444 2472 614 2524 πάλαι
645 2470 972 2544 θρηνοῦντες
1003 2473 1199 2544 αὐτὴν,
1229 2475 1325 2528 καὶ
1362 2473 1696 2538 ἀκηδιῶντες
1732 2474 1872 2546 ὑπὲρ
1930 2475 2125 2545 αὐτῆς
2157 2471 2522 2543 ὲδοξάσθησαν
2549 2471 2608 2527 δὲ
2641 2473 2788 2539 πῶς;
2811 2474 3076 2527 τέθεινται
3107 2473 3216 2546 γὰρ
3262 2473 3436 2544 αὐτῆς
3483 2472 3621 2527 καθ-

351 2562 558 2633 ηγηταὶ
600 2564 694 2616 καὶ
740 2562 1079 2629 διδάσκαλοι,
1116 2565 1210 2618 καὶ
1253 2565 1411 2621 τοῦτο
1460 2561 1528 2638 ἦν
1554 2565 1664 2638 ἄρα
1699 2566 1763 2620 τὸ
1787 2567 1922 2638 πρὸς
1961 2567 2132 2637 αὐτὴν
2189 2566 2479 2638 εἰρημένον
2507 2566 2595 2622 διὰ
2622 2568 2722 2639 τῆς
2738 2566 2830 2621 τοῦ
2857 2567 3161 2630 Ψὰλλοντος
3201 2565 3390 2638 λύρας·
3425 2585 3442 2617 ι
3478 2567 3623 2620 Ἀντὶ

351 2658 461 2712 τῶν
493 2658 744 2732 πατέρων
783 2676 900 2726 σου,
932 2660 1266 2734 ἐγενήθησάν
1295 2679 1376 2716 σοι
1411 2662 1536 2717 υίοί.
1564 2682 1582 2715 ι
1616 2663 1794 2718 Τέκνα
1821 2663 1930 2735 γὰρ
1967 2663 2118 2727 ὄντες
2179 2665 2277 2734 τῆς
2336 2661 2442 2716 τῶν
2478 2663 2744 2716 Ἰουδαίων
2776 2662 3103 2733 Συναγωγῆς
3127 2662 3177 2714 οἱ
3226 2665 3489 2731 πάνσοφοι
3518 2677 3622 2731 μα-

353 2748 535 2820 θηταὶ,
605 2750 864 2820 γεγόνασι
938 2754 1187 2823 πατέρες.
1239 2754 1441 2826 Γράφει
1502 2755 1634 2822 γοῦν
1665 2756 1861 2809 τισινὸ
1931 2756 2208 2825 πάνσοφος
2259 2755 2506 2822 Παῦλος,
2565 2773 2584 2807 ι
2628 2754 2718 2808 Ἐν
2761 2757 2870 2828 γὰρ
2917 2755 3138 2827 Χριστῷ
3180 2754 3355 2825 Ἰησοῦ
3396 2754 3482 2807 διὰ
3527 2751 3620 2806 τοῦ

353 2846 686 2915 Εὐαγγελίου
734 2846 844 2916 ἐγὼ
887 2848 1032 2918 ὑμᾶς
1084 2849 1694 2921 ἐγέννησα.»Τέθεινται
1729 2846 1822 2905 οὖν
1880 2851 1940 2906 ὲν
2013 2849 2445 2922 τάξειπατέρων
2479 2853 2528 2904 οἱ
2575 2853 2858 2920 γεγονότες
2918 2851 3086 2922 αὐτῆς
3123 2850 3254 2905 υίοί·
3285 2850 3368 2903 ὅτι
3419 2848 3476 2902 δὲ
3519 2850 3620 2918 τῆς

353 2940 506 3011 παρὰ
563 2940 700 2994 Θεοῦ
761 2941 921 3012 δόξης
975 2943 1276 3014 ἐσχήκασιν
1335 2947 1434 3016 τὴν
1500 2945 1829 3017 περιστολὴν
1879 2947 1930 2999 ot
1971 2946 2251 3000 θεσπέσιοι
2311 2947 2568 3018 μαθηταὶ,
2595 2947 2764 3015 σαφὲς
2783 2947 2850 3001 ἂν
2878 2947 3107 3016 γένοιτο,
3175 2944 3412 3018 Χριστοῦ
3436 2944 3620 3012 λέγον-

351 3052 444 3097 τος
514 3036 734 3100 αὐτοῖς,
777 3037 910 3089 ποτὲ
1013 3038 1150 3106 μὲν,
1209 3038 1291 3091 ὅτι
1355 3057 1374 3090 ι
1422 3039 1806 3103 ’Δσθενοῦντας
1853 3039 2220 3112 θεραπεύετε,
2307 3040 2562 3112 δαιμόνια
2620 3039 2954 3108 ἐκϐάλλετε,
3001 3041 3227 3112 νεκροὺς
3285 3039 3559 3110 ἐγείρετε⁹
3593 3056 3612 3089 ι

351 3129 483 3182 ποτὲ
514 3127 572 3180 δὲ
599 3127 783 3182 πόλι-ι’
819 3147 836 3181 ι
880 3128 1068 3199 Ὑμεῖς
1092 3129 1218 3183 ἐστε
1267 3129 1330 3184 τὸ
1369 3131 1483 3200 φῶς
1516 3131 1611 3186 τοῦ
1653 3132 1880 3202 κόσμου.
1908 3150 1929 3186 ι

427 3223 538 3276 Καὶ
602 3222 1012 3290 κληθήσονται
1079 3223 1278 3292 γενεαί
1337 3223 1762 3292 δικαιοσύνης,
1823 3226 1938 3295 φύ-

2114 3224 2278 3280 Vsns.
2301 3225 2355 3279 4.
2391 3224 2460 3278 Et
2490 3225 2816 3279 vocabuntur
2837 3224 3106 3294 progenies
3131 3223 3381 3293 justitiw,
3407 3224 3619 3293 planta-

354 3330 540 3384 τευμα
599 3315 819 3382 Κυρίου
887 3317 974 3380 εὶς
1023 3314 1234 3380 δόξαν.
1298 3316 1410 3370 Καὶ
1465 3316 1936 3386 οἰκοδομήσουσι

2044 3317 2114 3370 ιίο
2154 3315 2365 3370 Domini
2390 3317 2446 3370 in
2493 3314 2743 3385 gloriam.
2806 3312 2873 3366 Et
2921 3313 3258 3383 a'diﬁcabunt
3307 3313 3620 3370 solitudine:

351 3407 562 3469 πόλεις
615 3405 878 3473 ἐρήμους
917 3405 1180 3470 αἰωνίοις,
1229 3403 1683 3474 ἐξερημωμένας
1719 3397 1938 3473 ’πρότε-

345 3513 458 3564 ρον
472 3494 984 3562 ὲξαναστήσουσι,
1010 3494 1111 3550 καί
1128 3495 1432 3552 καινιοῦσι
1451 3497 1661 3564 πόλεις
1677 3495 1939 3568 ἐρήμους

350 3586 798 3658 ἐξερημωμένας
817 3591 904 3654 είς
931 3587 1163 3656 γενεάς.

423 3678 838 3749 Χρηματίζουσι
867 3679 976 3746 γὰρ
1009 3673 1062 3730 οἱ
1082 3680 1142 3732 ὲν
1164 3679 1388 3749 Χριστῷ
1417 3699 1436 3732 ι
1459 3681 1621 3738 Γένος
1657 3682 1936 3746 ἐκλεκτὸν,

354 3771 506 3831 ἔθνος
531 3768 706 3832 ἅγιον,
733 3767 859 3828 λαὸς
885 3767 966 3828 είς
989 3767 1362 3836 περιποίησιν,
1390 3785 1408 3818 ι
1436 3768 1526 3820 διά
1545 3785 1628 3820 τοι
1654 3769 1715 3821 τδ
1742 3771 1938 3834 κάλλος

352 3861 449 3931 τῆς
483 3858 707 3928 ἐνούσης
734 3857 916 3919 αὐτοῖς
947 3856 1315 3926 δικαιοσύνης,
1351 3856 1449 3909 καὶ
1496 3856 1612 3911 οὔτι
1657 3858 1762 3912 πού
1793 3877 1938 3928 φημι

353 3953 452 4021 τῆς
480 3950 622 4004 κατὰ
643 3950 828 4018 νόμον,
861 3948 1077 4019 ἐκείνης
1109 3947 1166 4000 δὲ
1211 3946 1433 4017 μᾶλλον,
1469 3947 1536 4018 ἢν
1574 3947 1665 4000 διὰ
1699 3948 1808 4003 τῶν
1841 3949 1938 4004 τοῦ

355 4044 604 4113 Σωτῆρος
631 4043 895 4111 ἐσχήκασι
916 4040 1326 4110 θεσπισμάτωνο
1353 4039 1591 4108 ἀμείνων
1615 4039 1661 4092 δ’
1674 4041 1940 4113 ἅσυγκρί-

355 4135 518 4202 τωςή
557 4130 646 4185 διὰ
671 4129 909 4201 Χριστοῦ
936 4131 1036 4201 τῆς
1063 4131 1125 4185 ἐν
1169 4130 1340 4200 νόμῳ·
1385 4131 1479 4183 καὶ
1507 4128 1637 4196 γοῦν
1686 4129 1791 4200 ἔφη
1827 4133 1938 4195 τοῖς

353 4223 530 4292 ἁγίοις
591 4223 928 4285 ἀποστόλοιςο
987 4240 1006 4274 ι
1079 4223 1251 4294 Ἀμὴν
1304 4221 1446 4291 λέγω
1500 4222 1628 4292 ὑμῖν
1653 4262 1668 4289 ,
1726 4221 1821 4276 ἐὰν
1862 4225 1938 4294 μὴ

356 4299 753 4388 περισσεύσῃὴ
803 4314 1120 4386 δικαιοσύνη
1170 4315 1324 4385 ὑμῶν
1377 4316 1559 4370 πλεῖον
1612 4315 1723 4368 τῶν
1749 4315 1938 4387 Γραμ-

358 4409 571 4478 ματέων
616 4408 711 4460 καὶ
743 4407 1074 4478 Φαρισαίων,
1104 4408 1166 4460 οὐ
1199 4409 1272 4479 μὴ
1306 4407 1585 4478 εἰσέλθητε
1606 4409 1686 4473 είς
1713 4407 1814 4480 τὴν
1837 4407 1935 4479 βα-

356 4499 558 4554 σιλείαν
585 4499 693 4552 τῶν
709 4499 974 4570 οὐρανῶν.
989 4519 1089 4552 i—
1112 4519 1130 4552 ‹
1151 4500 1523 4572 Κεκλήσονται
1547 4500 1749 4566 τοίνυν,
1776 4500 1932 4573 φησὶ,

2040 3419 2285 3473 wternas,
2304 3417 2534 3462 vastatas
2560 3407 2707 3475 prius
2734 3405 3058 3468 excitabant,
3073 3414 3122 3458 et
3140 3405 3460 3459 innovabunt
3487 3405 3616 3459 cici-

2038 3509 2170 3555 (σιω
2200 3499 2459 3566 desertas,
2484 3507 2716 3552 vastatas
2747 3497 2802 3550 in
2825 3497 3204 3568 generationes.

2110 3681 2505 3748 Nuncupantur
2541 3677 2688 3734 enim
2735 3675 2826 3746 qui
2867 3677 2923 3731 in
2945 3674 3167 3731 Christo
3211 3684 3341 3729 sunt
3377 3693 3395 3726 ι
3447 3690 3618 3744 genus

2039 3769 2296 3833 electum,
2327 3782 2460 3836 gens
2511 3774 2720 3827 sancta,
2751 3763 2977 3832 populus
3007 3762 3305 3832 acquisitus
3344 3761 3442 3828 “,o
3494 3777 3617 3829 pro-

2039 3869 2157 3928 pter
2176 3859 2404 3926 justitia:
2420 3872 2540 3924 quae.
2557 3855 2660 3908 illis
2683 3853 2826 3907 inest
2843 3852 3322 3922 pulchritudinem.
3341 3850 3614 3907 Justitiam

2040 3948 2162 4003 dico
2194 3963 2297 4002 non
2329 3945 2577 4011 legalem,
2614 3943 2708 4000 sed
2743 3944 2920 4010 potius
2963 3957 3108 4006 eam,
3137 3957 3301 4008 quant
3326 3956 3390 3996 ex
3420 3941 3616 3996 Serva-

2043 4038 2178 4092 toris
2207 4036 2445 4092 oraculis
2476 4036 2804 4090 habuerunt.
2837 4032 2968 4098 Qua:
3001 4032 3055 4086 in
3085 4032 3304 4087 Christo
3326 4043 3428 4097 est,
3461 4033 3616 4104 legali

2035 4125 2250 4195 justitia
2281 4124 2578 4179 meliorest
2618 4121 3138 4190 incomparabiliter.
3174 4119 3453 4191 Siquidem
3490 4139 3616 4177 san—

2038 4226 2154 4272 ctos
2173 4215 2446 4283 apostolos
2466 4215 2729 4270 allocutus
2757 4222 2840 4270 est
2862 4231 2876 4268 :
2918 4231 2936 4266 ι
2961 4214 3133 4269 Amen
3157 4214 3280 4270 dico
3301 4215 3477 4281 vobis,
3511 4217 3613 4271 nisi

2039 4308 2394 4362 abundaverit
2419 4309 2632 4376 justitia
2665 4319 2841 4363 chtra
2888 4307 3172 4378 plusquam
3221 4306 3534 4364 Scribarum
3561 4319 3616 4363 et

2037 4399 2452 4462 Pharisaeorum.
2475 4416 2582 4456 non
2647 4400 3120 4470 iugredieminiJn
3180 4417 3401 4472 regnum
3448 4406 3614 4458 unto-

2040 4508 2157 4548 rum
2189 4493 2256 4548 ⁸⁷.
2282 4511 2302 4546 ι
2326 4523 2397 4534 —
2427 4510 2446 4545 ι
2473 4491 2822 4548 Vecahuntur
2855 4491 3044 4561 igitur,
3080 4492 3275 4561 inquit,
3319 4494 3610 4564 pragcnies

355 4587 702 4658 δικαιοσύνης
750 4591 954 4656 γενεαὶ,
1007 4591 1101 4643 καὶ
1134 4589 1358 4659 προσέτι
1393 4589 1645 4660 φύτευμα
1665 4590 1924 4662 Κυρίου.»

2044 4584 2274 4653 iustitiae,
2313 4593 2364 4640 et
2393 4591 2653 4653 przeterea
2679 4581 2941 4650 plantatio
2969 4579 3204 4635 Domini.
3241 4599 3259 4632 ι
3288 4580 3496 4634 Etenim
3521 4596 3612 4635 su-

357 4681 467 4732 Καὶ
499 4679 610 4748 γάρ
662 4682 829 4749 ἐσμεν
885 4680 1101 4750 ἀληθῶς
1163 4679 1300 4733 Θεοῦ
1353 4679 1642 4751 γεώργιον,
1668 4682 1762 4736 καὶ
1809 4683 1938 4754 περὶ

356 4771 516 4840 ἡμῶν
537 4771 565 4822 6
584 4771 868 4834 θεσπέσιος
893 4773 1059 4826 Δαὸίδ
1088 4790 1241 4842 φησι·
1278 4791 1297 4825 ι
1338 4773 1743 4844 Πεφυτευμένοι
1779 4773 1838 4829 ἰν
1861 4774 1941 4845 τῷ

357 4864 488 4933 οἴκῳ
516 4865 744 4934 Κυρίου,
776 4864 834 4917 ἐν
856 4868 975 4928 ταῖς
1005 4865 1192 4930 αὐλαῖς
1221 4865 1316 4919 τοῦ
1348 4865 1484 4920 Θεοῦ
1534 4867 1690 4938 ὴμῶν
1710 4865 1940 4938 ἐξανθή-

362 4973 531 5010 σουσι.
568 4975 585 5006 ι
622 4956 730 5010 Καὶ
752 4955 883 5025 γοῦν
917 4958 946 5009 ὁ
970 4956 1245 5026 πάνσοφος
1279 4958 1492 5022 Παῦλος
1509 4956 1644 5011 Θεοῦ
1674 4957 1940 5029 γεώργιον

356 5047 615 5116 ὀνομάζει
635 5048 760 5111 τοὺς
785 5047 1153 5118 κεκλημένους
1181 5048 1270 5102 διὰ
1298 5050 1532 5113 πίστεως
1566 5050 1665 5120 τῆς
1711 5051 1770 5102 ὲν
1797 5051 1933 5120 Χρι-

359 5137 488 5208 στῷ.
516 5139 662 5207 Ἔφη
701 5138 757 5191 δὲ
789 5138 970 5204 πάλιν,
999 5141 1081 5193 ὅτι
1115 5157 1133 5188 ι
1177 5138 1317 5208 Ἐγὼ
1345 5139 1635 5207 ἐφύτευσα,
1663 5137 1932 5202 Ἀπολλὼς

357 5229 625 5293 ἐπότισεν,
657 5232 686 5282 6
719 5229 776 5282 δὲ
815 5229 946 5292 Θεὸς
970 5228 1191 5300 ηὔξανε.
1241 5249 1259 5281 ι
1316 5231 1556 5300 Γεωργεϊ
1599 5229 1710 5300 γὰρ
1734 5229 1883 5300 ἡμᾶς
1907 5230 1936 5282 6

359 5321 550 5392 Σωτὴρ
596 5320 685 5374 διὰ
739 5320 847 5374 τῶν
900 5322 1072 5390 ἁγίων
1125 5321 1516 5392 μυσταγωγῶν·
1550 5321 1803 5394 ταύτῃτοι
1839 5321 1936 5376 καὶ

361 5412 505 5481 μὲλα
543 5416 765 5479 εἰκότως
816 5416 978 5485 φασὶν
1043 5417 1268 5480 ἑαυτοὺς
1330 5417 1624 5488 συνεργοὺς
1682 5413 1934 5483 γενέσθαι

358 5503 520 5584 Θεοῦἒ
541 5507 771 5586 σΨάλλει
819 5507 877 5562 δὲ
933 5508 1028 5561 καὶ
1064 5510 1093 5562 6
1135 5508 1409 5578 πάνσοφος
1442 5506 1629 5562 Δαϐίδ·
1659 5526 1678 5558 ι
1716 5507 1933 5570 Δίκαιος

2036 4692 2158 4731 mus
2191 4690 2320 4730 vere
2350 4674 2444 4731 Dei
2468 4674 2891 4745 agricultura,et
2921 4673 2990 4728 de
3020 4673 3173 4727 nobis
3202 4671 3421 4726 divinus
3447 4673 3614 4726 David

2036 4771 2145 4825 ait:
2186 4767 2465 4824 «Plantati
2521 4767 2576 4823 in
2631 4766 2791 4822 domo
2851 4765 3086 4830 Domini,
3137 4759 3192 4818 in
3253 4762 3614 4819 tabernaculis

2037 4862 2130 4917 Dei
2165 4862 2336 4918 nostri
2381 4859 2648 4918 ﬂorebunt
2673 4858 2742 4913 ⁸⁸.
2775 4876 2796 4912 ι
2827 4857 3106 4929 Siquidem
3153 4854 3350 4910 Paulus
3394 4855 3611 4925 sapien-

2041 4953 2281 5008 tissimus
2335 4953 2430 5007 Dei
2479 4950 2863 5020 agriculturam
2923 4949 3170 5004 neminat
3195 4947 3261 5013 ⁸³,
3310 4945 3474 5019 863
3521 4947 3612 5017 qui

2039 5058 2134 5113 per
2174 5041 2334 5097 tidem
2397 5042 2452 5096 in
2501 5041 2718 5097 Christo
2755 5041 2928 5096 vocati
2961 5049 3107 5096 sunt.
3166 5039 3373 5094 Rursus
3433 5038 3610 5091 dixit:

2046 5151 2064 5184 ι
2093 5133 2202 5200 Ego
2231 5131 2489 5200 plantavi,
2524 5131 2715 5200 Apollo
2744 5132 2960 5201 rigavit,
2988 5132 3080 5185 sed
3122 5131 3262 5186 Deus
3304 5131 3612 5182 incremen-

2044 5235 2157 5279 tum
2185 5223 2331 5279 dedit
2353 5223 2423 5276 το.
2452 5241 2472 5274 ι
2495 5221 2637 5278 Colit
2665 5224 2806 5277 enim
2837 5238 2937 5278 nos
2963 5222 3116 5292 quasi
3141 5221 3395 5292 agricola
3427 5221 3615 5274 Serva-

2041 5324 2150 5381 tor,
2199 5330 2295 5386 per
2331 5322 2552 5370 sanctos
2589 5323 2952 5384 mystagogos.
2993 5312 3144 5367 Unde
3176 5321 3230 5366 et
3263 5312 3480 5380 quidem
3526 5310 3612 5378 ju-

2041 5406 2280 5463 stissime
2300 5403 2486 5459 dicunt
2509 5419 2568 5458 se
2595 5403 2689 5457 Dei
2722 5417 2840 5458 esse
2864 5403 3227 5472 cooperarios.
3264 5401 3453 5456 l’sallit
3479 5418 3611 5470 quo-

2041 5515 2147 5571 que
2173 5497 2342 5552 David
2363 5495 2824 5566 sapientissimus:
2851 5513 2870 5547 ι
2889 5493 3077 5551 Justus
3099 5503 3157 5550 ut
3180 5494 3351 5565 palma
3376 5492 3605 5556 ﬂorebit,

429 5695 473 5724 ⁶¹
500 5693 639 5750 l’sal.
673 5711 817 5757 λων,
850 5697 934 5751 Π.
1010 5697 1055 5729 ⁸³
1081 5699 1104 5749 \
1129 5701 1257 5754 dor.
1291 5712 1365 5759 tv,
1393 5696 1478 5750 1‘5.
1556 5697 1602 5728 “
1630 5697 1816 5751 Matth.
1847 5713 1899 5761 λ,
1934 5699 1944 5748 ἓ

2066 5699 2108 5729 ⁸³
2149 5697 2337 5751 Matth.
2376 5713 2424 5762 v,
2457 5697 2542 5753 Μ.
2621 5696 2665 5729 ⁶⁶
2701 5695 2878 5750 chtr.
2917 5713 2977 5760 tt,
3017 5695 3068 5751 9.
3145 5696 3187 5726 ⁵⁷
3222 5695 3403 5749 Matth.
3434 5711 3478 5753 ν,
3511 5691 3604 5746 ‘20.

359 5762 404 5796 “
438 5763 580 5821 Psal.
610 5765 824 5832 xc1,H.
901 5768 945 5800 ⁸⁸
977 5767 1150 5823 lCor.
1183 5783 1262 5833 In,
1293 5767 1347 5822 9.
1421 5769 1485 5852 ξ’,
1525 5767 1654 5823 ibid.
1687 5769 1741 5821 6.
