4112 6292
365 369 500 428 1561

1497 370 1563 426 IN
1597 372 1833 429 ISAIAM
1864 371 1995 428 LIB.
2037 374 2105 430 γ.
2142 373 2377 435 Τολίυὸ
2418 377 2488 431 ν.

3502 374 3651 433 1362.

374 493 509 548 Ἰδοὺ
541 493 602 549 τὺ
631 494 777 563 γάλα
815 490 1299 571 κατεσθίστι,.καὶ
1339 492 1410 546 τὰ
1458 493 1709 566 πρόϐατά
1757 511 1859 567 μου
1892 494 1949 548 οὐ

2059 497 2556 553 conculcationibus
2598 500 2793 567 pedum
2837 504 3134 551 vestrorum
3180 495 3561 564 pascebantur.
3584 505 3638 551 et

366 583 626 654 βόσκετεο
662 603 683 638 r
727 583 808 638 ἔτι
844 599 906 637 τε
947 582 1086 653 πρὸς
1114 582 1348 648 τούτοις·
1392 601 1412 636 ι
1440 584 1554 657 Τὴν
1581 585 1755 657 καλὴν
1784 584 1949 656 νομὴν

2059 604 2255 658 aquam
2295 591 2566 645 turbatam
2606 604 2637 643 a
2685 587 2916 659 pedibus
2956 588 3156 645 vestris
3217 587 3473 645 bibebant
3518 582 3586 642 τ’.
3611 607 3631 638 ι

366 676 650 746 ἑνέμεσθε,
695 678 790 731 καὶ
834 674 904 730 τὰ
954 674 1223 730 ὑπόλοιπα
1255 680 1612 732 κατεπατεῖτε
1655 680 1766 743 τοῖς
1799 679 1956 733 ποσὶν

367 770 544 839 ὑμῶν,
578 770 672 824 καὶ
713 766 774 822 τὸ
802 767 1140 839 καθεστηκὸς
1172 768 1319 842 ὕδωρ
1352 770 1586 836 ὲπίνετε,
1616 771 1711 826 καὶ
1746 772 1808 825 τὸ
1835 770 1958 825 ἐπί·-

366 861 553 914 λοιπον
583 859 918 929 ὲταράσσετε
950 862 1068 925 τοῖς
1094 862 1250 917 ποσὶν
1281 861 1457 933 ὑμῶν,
1485 862 1670 918 καὶτὰ
1707 862 1961 934 πρόϐατά

370 969 471 1022 μου
494 951 563 1004 τὰ
595 951 898 1021 πατήματα
924 952 1036 1004 τῶν
1066 951 1243 1007 ποδῶν
1271 953 1426 1024 ὑμῶν
1456 955 1732 1025 ἐνέμοντο.
1767 955 1863 1009 καὶ
1892 953 1957 1008 τὸ

365 1040 772 1110 τεταραγμένον
807 1041 954 1115 ὕδωρ
988 1043 1094 1096 ὑπὸ
1125 1043 1230 1097 τῶν
1260 1045 1438 1098 ποδῶν
1485 1045 1642 1115 ὑμῶν
1690 1046 1897 1101 ἔπινον.
1930 1065 1947 1098 ι

368 1135 548 1205 ’Ὑδωρ
589 1134 688 1205 μὲν
719 1135 832 1206 γὰρ
862 1137 1202 1207 καθεστηκὸς
1226 1139 1324 1208 τὴν
1355 1138 1443 1193 διὰ
1470 1138 1636 1209 νόμου
1673 1140 1954 1194 παίδευσιν

363 1227 642 1297 ὀνομάζει,
678 1228 772 1280 καὶ
798 1228 1028 1299 ἀρίστην
1054 1233 1225 1300 νομήν
1247 1248 1261 1261 ο
1296 1233 1344 1283 oi
1376 1232 1433 1285 δὲ
1458 1233 1636 1285 πάντα
1666 1233 1951 1304 φύροντες,

365 1323 460 1374 καὶ
488 1319 919 1385 καταθολοῦντες
945 1322 1119 1392 αὐτὴν
1138 1322 1228 1375 διὰ
1256 1323 1352 1377 τοῦ
1380 1325 1456 1394 μὴ
1481 1325 1754 1380 διδάσκειν
1775 1324 1952 1396 ὀρθῶς

363 1412 492 1474 τοὺς
535 1411 642 1464 ὑπὸ
697 1413 854 1481 χεῖρα
898 1411 1078 1475 λαοὺς,
1108 1413 1525 1483 παρεσκεύαζον
1574 1414 1718 1485 ὕδωρ
1763 1415 1955 1485 ὥσπερ

368 1503 614 1556 ἐκπίνειν
640 1503 700 1554 οὒ
731 1501 989 1573 καθαρὸν,
1022 1503 1144 1556 οὔτε
1184 1503 1290 1575 μὴν
1332 1506 1528 1576 ὲνανθῆ
1555 1506 1823 1576 νέμεσθαι
1862 1523 1955 1562 νο-

372 1592 861 1665 μήν.Ἐξὼσθησαν
901 1594 1212 1666 τοιγαροῦν,
1238 1598 1332 1650 καὶ
1382 1597 1527 1665 μάλα
1578 1599 1824 1666 εἰκότως,
1856 1598 1953 1654 τοῦ

369 1685 678 1755 ποιμαίνειν
702 1684 783 1738 ἑτι
814 1684 906 1738 τὸν
947 1685 1043 1739 τοῦ
1076 1686 1282 1757 Κυρίου
1314 1687 1460 1743 λαόν.
1497 1688 1813 1760 Κὲκληνται
1841 1691 1955 1764 γὰρ

368 1776 508 1849 πρὸς
538 1775 697 1829 τοῦτο
741 1776 1067 1845 ἀλλογενεῖς.
1115 1778 1437 1834 Διδάσκαλοι
1476 1780 1586 1852 γὰρ
1615 1782 1952 1854 Ἑκκλησιῶν

369 1867 799 1939 χειροτονοῦνται
821 1869 971 1939 παρὰ
1005 1868 1243 1939 Χριστοῦ
1275 1872 1448 1939 σοφοὶ,
1472 1871 1567 1925 καὶ
1595 1872 1831 1942 ἀγχίνοι,
1857 1874 1954 1927 καὶ

365 1958 710 2028 δογματικῆς
735 1959 1015 2029 εὐτεχνίας
1036 1959 1329 2030 ἐπίμαστον
1349 1960 1568 2030 ἔχοντες
1590 1962 1738 2027 νοῦν,
1761 1963 1955 2034 ἄνδρες

366 2049 423 2115 ἐξ
453 2048 654 2118 ἀγέλης
672 2048 1017 2119 Ἑλληνικῆς,
1041 2049 1136 2102 καὶ
1158 2051 1260 2103 οὐκ
1303 2050 1365 2116 ἐξ
1394 2051 1623 2123 αἵματος
1648 2053 1804 2117 ὄντες
1853 2057 1954 2110 Ἰσ-

368 2140 524 2209 ραὴλ,
549 2135 696 2193 οὗτοι
724 2141 981 2209 γεγόνασι
1004 2141 1098 2194 και.
1123 2141 1413 2213 ἀροτῆρες,
1431 2142 1529 2195 καὶ
1556 2144 1949 2217 ἀμπελουργοί.

376 2228 595 2302 Ἐπειδὴ
630 2230 740 2302 γὰρ
772 2231 1003 2300 ὲκλεκτὴ
1036 2231 1106 2302 γῆ
1141 2230 1437 2302 κέκληνται
1487 2233 1816 2306 πλεισταχοῦ
1851 2236 1954 2306 τῆς

365 2320 719 2376 θεοπνεύστου
748 2323 971 2393 Γραφῆς
1010 2323 1060 2376 οἱ
1091 2323 1502 2391 πιστεύσαντες,
1541 2325 1639 2379 καὶ
1664 2325 1950 2395 ἀμπελὼν,

365 2413 462 2466 καὶ
515 2414 713 2484 κῆπος·
749 2413 1011 2485 ταύτῃτοί
1061 2430 1229 2484 φησιν
1268 2416 1298 2468 ὁ
1346 2414 1523 2482 λόγος.
1550 2415 1626 2481 ὡς
1675 2418 1951 2489 ἀροτῆρας

366 2498 606 2565 ἔσεσθαι,
638 2501 733 2552 καὶ
766 2499 1207 2571 ἀμπελουργοὺς,
1236 2503 1365 2565 τοὺς
1409 2503 1571 2577 οἵπερ
1608 2504 1675 2559 ἂν
1711 2505 1953 2574 γένοιντο

366 2588 509 2642 κατὰ
535 2592 762 2659 καιροὺς
792 2592 956 2662 ἱερεῖς
982 2592 1187 2663 Κυρίου
1215 2594 1311 2647 καὶ
1334 2594 1639 2667 λειτουργοὶ
1664 2597 1826 2661 Θεοῦ,
1857 2600 1950 2652 τὶν

366 2675 467 2744 τῆς
491 2675 751 2747 ἀληθείας
776 2680 1199 2757 ὀρθοτομοῦντες
1219 2682 1396 2751 λόγον,
1422 2686 1516 2739 καί
1540 2687 1950 2759 ἱερουργοῦντες

365 2765 427 2818 τὸ
458 2766 790 2836 Εὑαγγὲλιον
802 2769 897 2824 τοῦ
923 2772 1184 2843 Χριστοῦ,
1214 2773 1361 2828 καθά
1386 2776 1731 2846 γέγραπται·
1754 2779 1950 2834 οὐκοῦν

364 2856 464 2926 οὐχ
493 2859 707 2924 ἑαυτοῖς
742 2862 1050 2933 ἁρπάζουσι
1074 2863 1171 2934 τὴν
1188 2864 1375 2937 τιμὴν,
1411 2868 1705 2940 κέκληνται
1731 2869 1787 2923 δὲ
1821 2872 1952 2941 pitt-

366 2947 456 3001 λον
483 2950 634 3021 παρά
662 2951 818 3018 Θεοῦ,
852 2954 1034 3018 καθὼς
1057 2956 1151 3010 καὶ
1175 2958 1205 3011 ὁ
1229 2958 1506 3028 πάνσοφός
1547 2977 1684 3032 φησι
1715 2960 1945 3024 Παῦλος.

365 3041 558 3095 Καίτοι
587 3041 695 3114 γὰρ
723 3045 896 3115 φυλῆς
934 3047 1195 3118 ὑπάρχων
1230 3050 1507 3121 Βενιαμὶν,
1541 3052 1823 3124 ἱερουργὸν
1853 3054 1951 3107 αύο

2057 683 2275 749 Aquam
2316 682 2460 737 enim
2511 678 2795 737 collectam
2841 690 2999 736 vocat
3048 680 3351 735 doctrinam
3402 678 3534 749 legis
3584 690 3643 733 et

2057 785 2316 840 pascuum
2368 769 2656 839 optimum.
2712 768 2814 836 Qui
2864 780 3044 825 autem
3113 768 3533 839 corrumpebant
3583 779 3641 824 et

2057 866 2500 922 contaminabant
2535 880 2680 931 eam,
2730 880 2797 922 eo
2836 866 2983 937 quod
3024 880 3182 921 suum
3222 867 3477 937 populum
3529 881 3638 920 non

2059 965 2207 1012 recte
2254 956 2545 1022 docerent,
2598 970 2794 1025 aquam
2839 970 2944 1011 non
2994 969 3185 1023 puram
3223 955 3289 1010 ad
3343 954 3635 1010 bibendum

2054 1045 2436 1114 propinabant,
2464 1058 2564 1100 nec
2609 1042 2801 1098 ﬂorida
2829 1056 3027 1111 pascua
3085 1041 3403 1110 pascebant.
3434 1039 3636 1106 Dejecti

2056 1145 2183 1192 sum
2206 1136 2386 1205 itaque
2415 1135 2482 1190 ab
2505 1133 2681 1190 ollicio
2711 1137 2966 1204 pascendi
3000 1136 3257 1202 deinceps
3293 1132 3507 1187 Domini
3539 1147 3637 1203 po-

2055 1228 2264 1298 pulum,
2295 1227 2456 1296 idque
2480 1225 2604 1294 jure
2628 1227 2846 1282 merito.
2882 1226 3066 1281 Vocati
3100 1234 3226 1280 sunt
3251 1224 3395 1279 enim
3440 1222 3505 1276 ad
3536 1223 3637 1277 hoc

2056 1319 2393 1387 alienigenae,
2407 1320 2604 1388 quippe
2614 1318 2705 1386 qui
2719 1319 2968 1373 doctores
2991 1316 3353 1372 Ecclesiarum
3368 1330 3399 1368 a
3416 1312 3636 1369 Christo

2055 1412 2317 1481 designati
2347 1411 2779 1479 sunt,sapientes
2808 1418 2863 1466 et
2891 1410 3119 1474 cordati,
3162 1417 3216 1464 et
3246 1423 3377 1464 sana
3411 1407 3635 1475 dogma-

2056 1513 2166 1558 tnm
2195 1500 2548 1571 intelligentia
2562 1499 2815 1555 cumulati
2836 1511 2890 1553 et
2912 1499 3240 1562 instructi,et
3254 1497 3353 1551 viri
3367 1512 3429 1551 ex
3447 1496 3636 1551 Graeco

2054 1608 2236 1667 grege,
2262 1609 2373 1653 non
2415 1608 2484 1651 ex
2529 1591 2791 1662 sanguine
2839 1589 3003 1645 Israel
3031 1590 3268 1655 oriundi,
3302 1587 3356 1643 hi
3409 1586 3636 1642 exstite-

2054 1698 2179 1742 runt
2209 1687 2371 1742 etiam
2400 1696 2644 1741 aratores
2668 1693 2723 1740 et
2751 1682 3028 1739 vinitores.
3064 1680 3199 1738 Cum
3234 1679 3379 1736 enim
3411 1681 3638 1736 creden-

2056 1789 2139 1837 tes
2164 1794 2307 1850 saepe
2330 1777 2389 1833 in
2411 1778 2710 1848 Scripturis
2723 1776 2978 1833 divinitus
3009 1770 3495 1844 inspiratis,vocati
3526 1770 3637 1824 sint

2054 1871 2230 1926 electa
2260 1879 2428 1937 terra,
2458 1880 2513 1924 et
2550 1871 2727 1935 vinea,
2757 1877 2812 1924 et
2839 1870 3052 1933 hortus,
3085 1865 3286 1920 idcirco
3313 1862 3510 1918 dicitur
3533 1862 3637 1916 hac

2054 1961 2323 2021 oratione.
2393 1959 2510 2013 fore
2554 1972 2648 2013 eos
2695 1967 2941 2011 aratores
2987 1965 3041 2009 et
3086 1953 3346 2008 vinitores
3370 1950 3461 2021 qui
3505 1950 3632 2005 olim

2055 2051 2415 2111 constituendi
2443 2051 2554 2105 sint
2583 2050 2895 2106 sacerdotes
2921 2046 3133 2103 Domini
3169 2054 3222 2099 et
3246 2044 3481 2099 ministri
3513 2041 3631 2106 Del,

2053 2146 2275 2201 verbum
2327 2143 2576 2217 veritatis
2610 2150 2756 2198 recte
2790 2148 3062 2196 sectantes
3087 2138 3155 2202 ⁷⁸,
3183 2145 3237 2193 et
3284 2135 3632 2207 Evangelium

2053 2235 2251 2295 Christi
2295 2234 2690 2299 ministrantes,
2729 2232 3184 2302 quemadmodum
3235 2229 3494 2298 scriptum
3525 2234 3630 2281 est.

2054 2324 2237 2401 Itaque
2262 2339 2367 2381 non
2395 2322 2497 2379 sibi
2534 2333 2798 2392 usurpant
2828 2321 3113 2385 honorem,
3134 2320 3227 2375 sed
3258 2316 3436 2372 vocati
3457 2324 3582 2371 sunt
3601 2329 3632 2369 ι

2053 2418 2165 2472 Deo
2198 2415 2376 2486 potius
2407 2415 2475 2480 τ’,
2501 2410 2662 2468 sicuti
2710 2413 2908 2468 Paulus
2951 2410 3407 2482 sapientissimus,
3435 2408 3537 2464 etsi
3566 2421 3629 2462 ex

2053 2505 2194 2559 tribu
2234 2503 2510 2571 Beniamin
2549 2503 2840 2569 exstiterit,
2874 2518 2932 2558 se
2963 2514 3141 2558 tamen
3181 2503 3294 2572 ipse
3323 2501 3630 2556 ministrtnu

2051 2606 2107 2653 et
2135 2605 2384 2651 vocatum
2436 2595 2736 2666 apostolum
2767 2592 2933 2667 865
2962 2592 3090 2649 Jesn
3128 2592 3330 2650 Christi
3362 2592 3628 2646 nominat.

2057 2708 2076 2739 ι
2106 2686 2210 2743 Vos
2238 2686 2402 2758 igitur
2429 2688 2745 2757 omnes,qui
2786 2686 3072 2742 ministerii
3102 2686 3416 2757 dignitatem
3450 2682 3630 2740 sortiti

2049 2779 2204 2846 estis,
2241 2778 2613 2833 fortitudinem
2648 2777 2885 2848 gentium
2921 2777 3237 2843 comedetis,
3255 2785 3311 2832 et
3339 2775 3392 2830 in
3427 2772 3631 2828 divitiis

2050 2886 2237 2928 (‘OI'llm
2289 2871 2638 2926 admirabiles
2686 2869 2858 2926 eritis.
2891 2890 2910 2923 ι
2948 2868 3345 2925 Fortitudinem
3388 2865 3628 2938 gentium

2051 2964 2301 3027 dicit,vel
2331 2963 2563 3018 honores
2592 2944 3092 3034 potentissimorum
3127 2960 3426 3024 hominum,
3445 2958 3535 3031 qui
3562 2972 3629 3012 ex

2049 3056 2299 3126 gentibus
2315 3055 2492 3111 vocati
2520 3062 2671 3119 sunt,
2698 3053 2778 3108 vel
2806 3053 2913 3108 alio
2939 3053 3097 3109 modo
3128 3050 3412 3122 intelliges.
3432 3048 3630 3104 «Nemo

363 3132 456 3229 τὸν
480 3132 738 3229 ὀνομάζει
765 3137 1066 3208 πανταχοῦ,
1099 3140 1194 3193 καὶ
1219 3140 1418 3212 κλητὸν
1441 3144 1739 3200 ἀπόστολον
1771 3147 1944 3217 Ἰησοῦ

2050 3148 2191 3202 enim
2237 3159 2496 3213 vestrum,
2543 3146 2739 3215 inquit,
2782 3143 3000 3215 effugiet
3042 3157 3129 3207 os,
3188 3161 3208 3194 ι
3248 3140 3311 3195 id
3347 3147 3453 3207 est,
3508 3151 3628 3193 ser-

366 3220 627 3292 Χριστοῦ.
663 3243 682 3275 ι
705 3226 893 3296 Ὑμεῖς
929 3228 992 3299 δὴ
1029 3224 1122 3283 οὖν
1160 3229 1485 3296 ἅπαντες-,οἱ
1520 3235 1580 3288 τὸ
1610 3238 1709 3307 τῆς
1736 3236 1947 3308 ἱερουρ-

363 3313 489 3381 γίας
516 3314 769 3385 λαχόντες
789 3317 1033 3390 ἀξίωμα,
1066 3324 1218 3392 ἰσχὺν
1247 3323 1415 3378 ἐθνῶν
1432 3327 1742 3394 κατέδεσθε,
1765 3329 1858 3383 καὶ
1888 3331 1945 3383 ὲν

362 3403 441 3474 τῷ
469 3405 685 3477 πλούτῳ
716 3409 895 3463 αὐτῶν
927 3412 1409 3486 θαυμασθήσεσθε.
1444 3436 1463 3468 ι
1486 3420 1661 3489 Ὶσχὺν
1688 3420 1751 3473 δέ
1780 3438 1946 3492 φησιν

362 3493 549 3586 ἐθνῶν,
586 3498 618 3570 ἢ
651 3500 749 3565 τὰς
782 3502 947 3571 τιμὰς
982 3506 1080 3569 τὰς
1109 3508 1172 3559 ἐκ
1210 3506 1319 3561 τῶν
1346 3509 1755 3579 δυνατωτάτων,
1787 3514 1948 3586 οἵπερ

362 3585 430 3640 ἂν
460 3584 568 3642 εἶεν
593 3590 651 3658 ἐξ
677 3592 845 3647 ὲονῶν
878 3597 1227 3670 κεκλημένοι,
1262 3600 1294 3672 ἢ
1333 3600 1454 3655 καθ’
1478 3602 1662 3675 ἕτερον
1693 3584 1947 3676 συνήσεις

360 3679 581 3749 τρόπον.
636 3700 657 3732 ι
687 3684 872 3748 Οὐδεὶς
898 3687 1007 3756 γὰρ
1061 3690 1235 3759 ὑμῶν,
1284 3692 1438 3762 φησὶ,
1476 3695 1833 3764 διαφεύξεται.
1885 3698 1946 3753 τὸ

365 3771 561 3839 στόμα,
592 3791 609 3822 ι
650 3774 898 3826 τουτέστι
929 3777 1021 3828 τὸν
1054 3777 1234 3844 λόγον,
1265 3782 1386 3832 ἀντὶ
1416 3783 1525 3850 γὰρ
1556 3785 1651 3837 τοῦ
1696 3786 1856 3855 λόγου
1886 3790 1947 3842 τὸ

364 3858 541 3927 στόμα
580 3858 759 3929 τίθησι
802 3863 1079 3933 πανταχοῦ
1108 3865 1182 3932 ,τὸ
1216 3866 1456 3937 Γράμμα
1492 3871 1555 3923 τὸ
1602 3873 1768 3942 ἱερὸν,
1812 3870 1944 3938 οἷον,

368 3943 499 4001 «Ὧν
545 3949 606 4002 τὸ
659 3951 832 4020 στόμα
859 3953 999 4023 ἀρᾶς
1031 3955 1126 4008 καὶ
1153 3957 1377 4027 πικρίας
1402 3959 1581 4029 γέμει.
1615 3979 1736 4014 ι-ι
1764 3965 1949 4020 Κατα-

363 4040 735 4113 νεμηθήσεσθε
795 4046 1119 4114 τοιγαροῦν,
1181 4050 1357 4119 φησὶ,
1444 4053 1543 4122 τὴν
1622 4054 1774 4125 ίσχὺν
1838 4058 1947 4113 τῶν

364 4132 555 4189 ἐθνῶν.
586 4153 605 4186 ›
627 4135 821 4189 Ἐθνῶν
843 4138 898 4190 δὲ
921 4137 1169 4211 δύναμιν,
1198 4142 1231 4213 ἢ
1258 4145 1381 4208 τοὺς
1408 4149 1538 4215 παρ’
1562 4147 1795 4214 ἐκείνοις
1814 4152 1949 4223 λαμ-

364 4226 555 4295 προὺς,
607 4227 773 4296 ῆγουν
817 4228 1295 4301 ἐλλογιμωτάτους,
1344 4237 1439 4289 καὶ
1485 4239 1677 4307 σοφίαν
1725 4240 1948 4312 ἔχοντας

363 4317 634 4387 κοσμικὴν
683 4318 966 4388 ὀνομάζειν
998 4324 1025 4375 ό
1055 4323 1209 4392 λόγος
1245 4324 1420 4381 ἔοικεν
1475 4330 1533 4383 ἐν
1581 4329 1808 4395 τούτοις.
1841 4333 1946 4386 Ed-

367 4408 605 4478 ρὴσομεν
634 4409 690 4462 δὲ
724 4413 816 4465 καὶ
860 4413 1021 4467 αὐτὸν
1067 4416 1157 4470 τὸν
1202 4418 1310 4474 τῶν
1363 4420 1536 4488 ἁγίων
1568 4425 1944 4495 μυσταγωγῶν

2054 3254 2289 3294 inonem.
2326 3238 2432 3294 Pro
2461 3252 2711 3294 sermone
2733 3235 2878 3292 enim
2920 3246 3293 3305 saepenumero
3324 3244 3388 3286 os
3421 3235 3631 3300 ponunt

2050 3347 2220 3388 sacrae
2251 3331 2489 3396 Litterae,
2508 3327 2739 3400 exempli
2764 3327 2924 3383 causa
2947 3345 2961 3381 :
2988 3344 3005 3378 ι
3036 3322 3277 3392 Quorum
3311 3337 3374 3377 os
3407 3319 3632 3375 maledi-

2049 3423 2228 3479 ctione
2243 3429 2296 3483 et
2321 3419 2672 3475 amarulentia
2692 3418 2904 3488 plenum
2925 3415 3085 3471 est“.
3117 3433 3134 3466 ι
3151 3443 3222 3455 -—
3248 3427 3270 3464 ι
3296 3404 3631 3466 Devorabitis

2049 3513 2215 3579 enim,
2245 3513 2440 3582 inquit,
2481 3511 2852 3566 fortitudinem
2896 3509 3157 3579 gentium,
3182 3527 3200 3560 ι
3239 3506 3290 3562 id
3314 3513 3417 3572 est,
3441 3503 3630 3558 Oratio

2049 3615 2227 3671 vestra
2273 3606 2452 3663 vincet
2477 3606 2714 3676 gentium
2749 3603 3066 3674 potentiam.
3101 3598 3405 3655 Potentiam
3449 3606 3628 3650 autem

2048 3698 2290 3768 gentium
2325 3698 2409 3753 vel
2445 3696 2689 3753 illustres
2712 3696 2858 3751 viros
2890 3693 3029 3765 apud
3064 3708 3175 3758 eas,
3216 3692 3300 3745 vel
3339 3687 3628 3746 disertissi-

2049 3803 2166 3843 mos
2195 3797 2250 3843 et
2294 3787 2477 3842 mundi
2517 3785 2801 3854 prudentia
2836 3783 3081 3837 valentes
3109 3778 3393 3835 nominare
3414 3778 3629 3831 videtur

2051 3880 2140 3932 hic
2165 3876 2718 3931 oratio.lnv.euiemus
2743 3881 2920 3926 autem
2950 3878 3261 3927 sanctorum
3287 3876 3628 3938 mystagogo-

2048 3980 2170 4020 rum
2201 3965 2500 4019 orationem
2530 3960 2894 4032 praevaluisse,
2922 3969 2978 4014 et
3016 3958 3107 4028 qui
3131 3972 3317 4011 eorum
3344 3957 3627 4011 vocatione

2049 4056 2204 4113 ditati
2238 4063 2387 4121 sunt,
2411 4052 2591 4129 gloria
2610 4060 2738 4111 sunt
2770 4049 2970 4106 allecti.
2999 4049 3144 4123 Laus
3185 4062 3416 4118 namque
3443 4050 3630 4103 docto-

2050 4164 2171 4205 rum
2203 4158 2257 4204 et
2280 4162 2479 4221 corona
2520 4144 2779 4215 et.gloria
2812 4150 2941 4198 sunt
2984 4141 3072 4211 qui
3106 4139 3319 4196 illorum
3348 4138 3631 4195 illumina-

2047 4244 2194 4298 tione
2226 4239 2426 4297 servati
2457 4245 2602 4293 sunt.
2632 4236 2923 4306 Propterea
2948 4233 3023 4289 ait
3049 4251 3062 4287 :
3087 4252 3104 4285 ι
3128 4233 3184 4287 ιιι
3207 4232 3408 4287 divitiis
3436 4246 3622 4286 earum

2048 4334 2395 4390 admirabiles
2434 4330 2606 4387 eritis.
2638 4349 2659 4385 ι
2694 4328 2847 4397 Quod
2879 4336 3058 4382 autem
3090 4324 3271 4381 divina
3313 4322 3626 4395 praedicatio

2047 4428 2115 4482 ad
2147 4426 2395 4497 regiones
2419 4423 2687 4494 pertinget
2713 4430 2768 4478 et
2795 4423 2863 4479 ad
2884 4412 3099 4482 omnem
3135 4428 3448 4490 gentem,et
3481 4416 3624 4487 quod

364 4499 767 4568 κατισχύσαντα
799 4503 975 4571 λόγον,
1007 4507 1101 4559 καὶ
1127 4507 1225 4577 τὴν
1272 4508 1453 4562 αὐτῶν
1484 4511 1676 4582 κλῆσιν
1705 4513 1938 4589 πλουτή-

2050 4518 2292 4575 hmredes
2323 4516 2471 4571 orbis
2502 4525 2767 4570 terrarum
2793 4502 2959 4569 futuri
2985 4522 3114 4568 sunt
3149 4512 3276 4568 olim
3307 4519 3618 4568 sanctarum

366 4605 557 4652 σαντες
582 4591 960 4666 ὲδοξάσθησαν.
992 4598 1271 4670 Καύχημα
1305 4600 1413 4674 γὰρ
1437 4602 1792 4675 διδασκάλων,
1830 4611 1950 4665 στέ-

364 4680 532 4747 φανός
554 4697 612 4733 τε
640 4685 734 4736 καὶ
764 4684 908 4751 δόξα,
931 4688 980 4740 0t
1006 4687 1095 4740 διὰ
1112 4689 1209 4758 τῆς
1229 4690 1410 4743 αὐτῶν
1441 4696 1775 4766 σεσωσμένοι
1804 4715 1951 4767 φωτ-

363 4771 629 4840 αγωγίας.
673 4774 774 4828 Διά
801 4777 958 4831 τοῦτό
989 4796 1173 4850 φησιν,
1210 4781 1291 4834 ὅτι
1330 4801 1354 4834 r
1392 4784 1479 4836 Ἐν
1503 4784 1582 4856 τῷ
1615 4788 1829 4859 πλούτῳ
1861 4792 1953 4847 αύ-

363 4862 469 4914 τῶν
503 4861 974 4938 θαυμασθήσεσθιε.
1002 4872 1154 4924 »Ὅτι
1191 4872 1248 4925 δὲ
1284 4874 1346 4926 τὸ
1372 4874 1658 4931 Θεσπέσιον
1689 4882 1948 4952 κήρυγμα

364 4953 759 5023 καταδρὰξεται
809 4957 915 5010 τῶν
965 4960 1178 5029 χωρῶν,
1212 4965 1307 5017 καὶ
1355 4966 1554 5030 παντὸς
1581 4967 1809 5035 ἔθνους,
1851 4974 1944 5026 καὶ

365 5047 648 5116 μονονουχὶ
675 5047 999 5118 κληρονόμοι
1040 5054 1137 5122 τῆς
1170 5054 1265 5106 ὑπ’
1289 5056 1519 5127 οὐρανὸν
1563 5058 1773 5115 ἔσονται
1803 5063 1941 5117 κατά

363 5138 586 5206 καιροὺς
608 5140 655 5191 οἱ
680 5139 788 5194 τῶν
815 5140 983 5208 ἀγίων
1021 5143 1353 5215 Ἐκκλησιῶν
1383 5148 1701 5220 ἡγούμενοι,
1723 5153 1941 5223 Χριστῷ

361 5227 460 5297 τὴν
508 5227 666 5295 δόξαν
713 5231 1065 5297 ἀνάπτοντες,
1094 5236 1447 5307 ὑπεμφαίνει,
1480 5239 1669 5308 λέγων’
1701 5261 1723 5293 ι
1753 5243 1938 5308 Οὕτως

363 5315 425 5370 ἐκ
465 5318 722 5392 δευτέρας
756 5324 1227 5397 κληρονομήσουσι
1272 5329 1369 5398 τὴν
1420 5330 1545 5398 γῆν.
1575 5350 1594 5382 ι
1630 5332 1804 5387 Πάλαι
1843 5336 1940 5405 μὲν

363 5408 468 5477 γὰρ
513 5411 1008 5484 κατεκληροδότησε
1059 5420 1171 5481 τοῖς
1219 5419 1279 5484 ἐξ
1312 5421 1527 5491 Ἰσραὴλ
1562 5420 1767 5492 Ἰησοῦς
1799 5426 1825 5477 ὁ
1849 5425 1939 5478 τοῦ

361 5500 518 5569 Ναυῆ
563 5501 662 5565 τὰς
710 5506 822 5558 τῶν
873 5507 1040 5560 ἐθνῶν
1078 5510 1290 5581 χώρας·
1322 5514 1514 5567 ἔλαϐον
1544 5514 1651 5586 γὰρ
1691 5517 1790 5586 τὴν
1840 5518 1939 5588 γῆν

359 5592 468 5646 τῶν
505 5595 865 5667 Ἀμορραίων,
911 5603 1004 5656 καὶ
1039 5604 1370 5675 Ἰδουμαίων,
1426 5609 1520 5661 καὶ
1564 5608 1806 5675 Εὐαίων,
1848 5610 1940 5664 καὶ

2034 4610 2409 4675 Εοοιεεὶιιτιιηι
2443 4607 2704 4680 praefecti,
2726 4607 2817 4678 qui
2846 4606 3065 4663 Christo
3092 4607 3322 4678 gloriam
3355 4606 3619 4668 tribuunt,

2045 4700 2373 4765 subindicat,
2407 4698 2590 4754 dicens
2633 4717 2646 4754 :
2675 4715 2695 4750 ι
2722 4696 2815 4751 Sic
2863 4705 3060 4757 terram
3105 4696 3342 4751 secundo
3378 4688 3619 4764 posside?

2046 4793 2234 4848 bunt.»
2261 4791 2399 4851 Olim
2425 4792 2625 4861 quippe
2650 4789 2844 4844 sortito
2873 4787 3054 4844 divisit
3085 4786 3341 4843 lsraelitis
3368 4784 3544 4849 Jesus,
3562 4786 3625 4838 tl-

2047 4885 2151 4940 lius
2182 4883 2351 4944 Nave,
2380 4884 2633 4954 regiones
2662 4881 2903 4956 gentium
2931 4898 2947 4948 ;
2978 4889 3306 4950 acceperunt
3337 4879 3480 4933 enim
3512 4887 3623 4932 ter-

2046 4989 2162 5030 ram
2185 4974 2644 5040 Amorrhazorum,
2677 4971 3056 5036 ldummornm,
3089 4970 3369 5025 Evmornm
3414 4979 3464 5025 et
3488 4968 3620 5022 alio-

2046 5080 2185 5118 rum.
2215 5062 2348 5118 Cum
2399 5072 2578 5117 autem
2615 5062 2814 5116 mundo
2861 5061 3122 5116 illuxisset
3162 5059 3431 5124 Christus,
3464 5060 3619 5126 cujus

2045 5152 2219 5223 figura
2244 5161 2365 5208 erat
2403 5153 2562 5208 Jesus
2596 5153 2685 5207 ille
2714 5138 2992 5221 antiquus,
3030 5166 3136 5206 non
3174 5150 3342 5207 solam
3378 5145 3614 5204 Judaeum

2040 5243 2154 5298 suis
2187 5242 2449 5298 ministris
2482 5242 2775 5309 distribuit,
2806 5244 2898 5297 sed
2951 5251 3007 5296 et
3046 5250 3246 5295 terram
3282 5243 3613 5294 universam.

2040 5336 2105 5391 Et
2134 5339 2250 5391 haec
2279 5337 2514 5392 secunda
2553 5334 2653 5388 fuit
2684 5342 2803 5404 post
2844 5334 3074 5403 primam
3104 5334 3297 5390 divisio
3329 5334 3614 5390 haeredita-

2041 5427 2131 5481 tis.
2166 5427 2444 5497 Dispartiti
2487 5437 2614 5482 sunt
2663 5427 2808 5482 enim
2849 5425 3052 5485 calculo
3091 5438 3144 5484 et
3195 5426 3401 5499 judicio
3446 5426 3614 5494 ipsius

2040 5519 2286 5585 regiones
2312 5534 2377 5573 ac
2407 5520 2658 5575 civitates
2695 5504 2991 5593 myslagogi
3018 5531 3073 5577 et
3109 5522 3359 5576 doctores
3383 5534 3397 5571 :
3422 5500 3613 5572 etiam-

2042 5627 2166 5665 num
2195 5612 2431 5681 gaudent
2457 5613 2508 5668 in
2534 5612 2776 5680 Christo,
2806 5625 2861 5671 et
2886 5615 3080 5686 gaudio
3111 5614 3343 5686 quodam
3381 5610 3611 5683 spiritali

431 5774 475 5806 ’τ
508 5776 702 5832 Ιῖῑοιξιι.
738 5796 917 5846 xxxn',
955 5784 1152 5851 18,19.
1233 5789 1277 5819 ⁷³
1314 5789 1353 5842 ΙΙ
1385 5790 1522 5843 Tim.
1559 5808 1618 5857 ιι,
1659 5792 1743 5848 t5.
1820 5792 1864 5823 τ⁹
1893 5793 1949 5845 lii

2081 5809 2118 5851 ι.
2158 5793 2207 5845 6.
2288 5794 2331 5822 ¹¹⁰
2364 5794 2504 5848 Psal.
2537 5795 2727 5863 xtt|,5.
