4134 6302
497 314 641 372 1563
1489 318 1546 375 S.
1587 317 1861 376 CYBILLI
1899 315 2074 372 ALEX

2172 313 2366 370 lDRINI
2407 313 2727 371 ARCHIEP.
3629 305 3770 363 1364

495 431 654 502 quasi
700 442 899 488 corona
926 438 1052 488 sunt
1097 432 1354 488 redimiti.
1380 431 1584 504 Estque
1616 434 1870 505 gaudium
1913 441 2074 487 teter-

2177 432 2278 496 τάς
2305 431 2413 486 τῶν
2446 431 2669 502 ἑτέρων.
2688 426 3035 499 Ἑπιλάμψας
3066 426 3125 481 δὲ
3156 425 3238 498 τῷ
3279 425 3469 497 κόσμῳ
3509 422 3770 494 Χριστὸς,

498 539 651 579 num.
693 522 826 580 Nam
874 525 928 580 in
977 525 1316 596 temporariis
1357 527 1521 582 rebus
1560 541 1666 581 non
1697 535 2074 596 exspectamus

2180 515 2242 576 οὗ
2273 522 2366 575 καὶ
2391 523 2471 585 είς
2493 522 2667 573 τύπον
2685 514 2754 591 ἦν
2790 516 2994 589 Ἰησοῦς
3016 519 3045 571 6
3067 517 3237 572 πάλαι
3265 514 3774 586 κατεκληροδᾶτησε

496 613 616 670 fore
649 615 1160 684 remunerationem,
1185 618 1277 674 sed
1303 619 1356 674 in
1386 633 1480 688 spe
1505 618 1662 689 longa
1702 627 1758 674 et
1785 619 1893 673 vita
1927 631 2072 672 sem-

2179 614 2293 675 τοῖς
2341 611 2494 674 ἰδίοις
2537 611 2864 682 ίερουργοῖς,
2896 608 3020 679 οὐχὶ
3048 608 3112 680 δή
3146 624 3252 661 που
3301 607 3461 678 μόνον
3503 607 3602 676 τὴν
3640 607 3778 660 ἰουο

496 701 732 770 piterna,
762 712 817 759 et
855 703 910 759 in
942 705 1098 761 bouis
1129 707 1511 778 cogitationem
1543 717 1599 763 et
1634 707 1938 763 orationem
1976 721 2074 763 ex-

2177 701 2354 763 δαίαν,
2385 699 2521 754 ἀλλά
2549 699 2660 772 γάρ
2690 700 2910 754 ἃπασαν
2942 697 3043 770 τὴν
3064 698 3194 768 γῆν.
3227 697 3341 751 Καὶ
3371 696 3601 768 δευτέρα
3631 696 3779 767 μετὰ

495 793 834 848 cedentibus.
2175 791 2276 862 τὴν
2295 790 2520 862 πρώτην
2547 787 2904 860 κληροδοσίαν
2929 788 3142 858 γέγονει
3166 787 3520 857 Διενείμαντο
3541 784 3650 854 γάρ
3668 784 3776 849 τάς

493 901 556 937 τε
584 884 771 957 Χώρας
817 887 911 942 καὶ
943 888 1126 954 πόλεις
1180 889 1345 962 ψήφῳ
1365 893 1432 964 τῇ
1461 893 1592 964 παρ’
1654 891 1820 948 αὑτοῦ
1887 870 2237 962 μυσταγωγοὶ
2277 885 2372 939 καὶ
2406 884 2736 949 διδάσκαλοι,
2770 884 2866 938 καὶ
2889 882 3064 936 Γεἰσὶν
3095 882 3176 945 εἰς
3206 881 3369 952 δεῦρο
3398 879 3685 950 χαίροντες
3712 879 3778 930 ὲν

493 979 736 1052 Χριστῷ,
773 982 868 1036 καὶ
895 985 1091 1056 νοητὴν
1125 985 1484 1058 εὐφροσύνην,
1517 985 1704 1059 ὥσπερ
1733 987 1856 1039 τινά
1911 984 2173 1053 στέφανον
2204 979 2424 1050 ἔχοντες
2491 976 2586 1030 ἐπὶ
2644 975 2907 1046 κεφαλῆς.
2940 973 3170 1038 Αίώνιος
3204 973 3263 1026 δὲ
3286 975 3320 1043 ἡ
3350 970 3678 1042 εὐφροσύνη·
3704 971 3777 1023 οὐ

495 1074 607 1145 γὰρ
640 1075 698 1128 ὲν
727 1075 1082 1148 προσκαίροις
1117 1079 1407 1148 πράγμασι
1467 1080 1858 1150 προσδοκῶμεν
1883 1076 2101 1131 ἔσεσθαι
2139 1071 2238 1144 τὴν
2272 1069 2644 1141 ἀντιμισθίαν,
2706 1067 2823 1123 ἀλλ’
2849 1069 2909 1121 ὲν
2937 1066 3115 1120 ἐλπίδι
3151 1066 3364 1136 μακρᾷ,
3401 1066 3496 1118 καὶ
3541 1061 3776 1118 ἀτελευ-

493 1169 638 1242 τήτῳ
677 1169 798 1241 βίῳ,
829 1171 924 1226 καὶ
975 1174 1033 1226 ὲν
1081 1175 1194 1238 τοῖς
1246 1174 1387 1248 ὑπὲρ
1419 1175 1545 1231 νοῦν
1582 1177 1678 1230 καὶ
1721 1176 1880 1244 λόγον
1921 1173 2169 1243 ἀγαθοῖς.

567 1261 729 1318 Vens.
761 1264 812 1327 8,
844 1264 896 1323 9.
917 1263 1030 1336 Ego
1054 1268 1190 1321 enim
1215 1285 1330 1322 sum
1363 1268 1641 1330 Dominus,
1662 1268 1884 1337 diligens
1903 1267 2070 1338 justi-

2260 1258 2409 1330 Ἐγὼ
2435 1257 2550 1328 γάρ
2585 1259 2703 1327 ειμι
2744 1257 2963 1325 Κύριος
3004 1257 3039 1310 ό
3062 1252 3325 1324 ’ἀγαπῶν
3347 1252 3778 1321 δικαιοσύνην,

498 1353 626 1406 tiam
655 1365 704 1408 et
743 1356 864 1409 odio
897 1357 1090 1410 habens
1118 1360 1333 1429 rapinas
1368 1376 1433 1415 ea:
1474 1359 1763 1430 injustitia.
1819 1358 1885 1412 Et
1932 1358 2070 1410 dabo

2176 1351 2276 1406 καὶ
2303 1348 2502 1420 μισῶν
2530 1348 2884 1418 ἁρπάγματα
2910 1345 2980 1412 ἐξ
3019 1345 3256 1410 ἀδικίας
3276 1360 3288 1374 ⁸
3323 1342 3422 1396 καὶ
3454 1342 3628 1396 δώσω
3661 1345 3779 1397 τὸν

497 1444 729 1499 laborem
762 1450 1098 1518 eorumaliis,
1133 1463 1180 1506 et
1217 1462 1581 1508 testamentum
1631 1461 1884 1508 teternum
1904 1451 2076 1518 dispo-

495 1549 620 1592 nam
653 1541 747 1594 eis.
777 1542 846 1594 Et
871 1552 1208 1614 cognoscetur
1237 1546 1295 1599 in
1344 1545 1582 1615 gentibus
1622 1560 1796 1600 semen
1856 1559 2070 1608 eorum,

494 1631 662 1704 866
688 1642 738 1687 et
755 1645 959 1703 nepotes
983 1638 1183 1691 ’eorum
1222 1638 1276 1690 in
1293 1638 1462 1691 medio
1505 1638 1838 1706 populorum.
1890 1634 2073 1691 Omnis

2171 1443 2406 1512 μόχθον
2449 1440 2650 1497 αὐτῶν
2695 1438 2982 1504 δικαίοις,
3032 1437 3132 1491 καὶ
3191 1435 3486 1504 διαθήκην
3527 1434 3782 1489 αἰώνιον

2177 1533 2536 1602 διαθήσομαι
2569 1530 2794 1598 αὐτοῖς.
2819 1529 2929 1584 Καὶ
2960 1526 3298 1599 γνώσονται
3320 1527 3389 1581 ἐν
3417 1525 3542 1592 τοῖς
3559 1524 3776 1580 ἔθνεσι

2179 1625 2245 1680 τὸ
2267 1625 2508 1694 σπέρμα
2528 1622 2746 1678 αὐτῶν.
2779 1620 2891 1676 Kal
2922 1620 2995 1675 τὰ
3021 1619 3242 1690 ἔκγονα
3276 1616 3476 1674 αὐτῶν
3501 1617 3572 1672 ἐν
3601 1616 3786 1687 μέσῳ

497 1725 598 1790 qui
615 1725 1185 1798 videriteos,agnoscet
1207 1744 1317 1793 eos,
1353 1730 1476 1800 quia
1503 1729 1586 1783 illi
1639 1737 1758 1784 sunt
1804 1744 1976 1783 semen
2007 1726 2074 1782 be.

2186 1715 2308 1771 τῶν
2338 1714 2525 1771 λαῶν.
2559 1713 2686 1780 Πᾶς
2729 1717 2763 1770 ὁ
2806 1713 2964 1784 ὁρῶν
2993 1711 3216 1778 αὐτοὺς
3236 1709 3634 1780 ἐπιγνώσεται
3658 1711 3782 1764 αὑ-

497 1813 813 1870 nedt'rtuma
841 1815 966 1880 Deo,
995 1817 1235 1874 lwtitiam
1286 1820 1606 1875 (tutabantur
1676 1835 1833 1888 super
1896 1817 2076 1872 Domi-

496 1922 643 1960 vrum.

564 1999 699 2055 Cum
740 2000 937 2056 dixerit
969 2019 983 2055 :
1013 2021 1034 2056 ι
1068 2003 1396 2075 Alienigena:
1443 2003 1657 2060 venturi
1715 2003 1956 2073 suntqui
1983 2013 2080 2072 pa-

493 2101 650 2148 scant
670 2107 801 2149 oves
832 2104 968 2157 tuas,
997 2103 1053 2150 et
1085 2095 1272 2151 aliena:
1287 2096 1460 2164 gentis
1496 2104 1743 2151 aratores
1774 2105 1828 2150 et
1881 2095 2079 2150 vinito-

489 2199 604 2270 res,
633 2203 654 2237 ι
682 2185 871 2256 ejectis
903 2185 1154 2243 videlicet
1185 2188 1402 2258 primis,
1441 2197 1495 2242 et
1541 2187 1843 2244 deturbatis
1901 2187 2077 2243 domi-

492 2290 624 2334 natu
659 2294 820 2348 quem
860 2280 912 2334 in
946 2281 1201 2350 populum
1235 2281 1625 2345 obtinuerunt,
1681 2296 1778 2336 cur
1801 2282 1904 2336 hoc
1932 2279 2076 2350 passi

495 2369 604 2423 sint
634 2378 823 2427 sancto
850 2371 1056 2428 calculo
1088 2387 1151 2428 ac
1167 2373 1376 2443 judicio
1405 2375 1522 2441 eius
1557 2373 1647 2440 qui
1673 2372 1822 2443 juste
1843 2372 2076 2442 juilicat,

497 2476 690 2517 causas
748 2464 1001 2519 ostendit.
1072 2463 1208 2532 Quia
1277 2466 1458 2531 enim,
1541 2464 1755 2534 inquit,
1811 2481 1934 2519 amo
1987 2465 2076 2536 ju-

494 2551 720 2618 stitiam,
764 2555 1091 2624 rapinasque
1130 2569 1194 2610 ex
1226 2553 1488 2624 lnjustitia
1538 2553 1798 2609 conﬂatas
1851 2553 1961 2619 odi,
2020 2561 2076 2608 et

493 2643 623 2711 quia
641 2644 726 2700 isti
751 2643 988 2702 Iudaica:
1038 2645 1336 2718 Synagogac
1370 2646 1611 2716 prtelecti
1666 2645 1801 2702 tales
1831 2645 2072 2711 luerunt,

494 2735 675 2790 dimisi
705 2751 803 2792 eos
835 2746 892 2792 et
918 2737 1120 2809 expuli.
1171 2737 1516 2806 Rapientium
1547 2737 1693 2792 enim
1729 2737 1956 2804 injustas
1983 2753 2072 2792 ra-

494 2829 651 2896 pinas
679 2834 733 2882 et
759 2826 1000 2882 laborem
1032 2829 1172 2884 dabo
1195 2827 1335 2882 aliis.
1371 2827 1471 2896 Qui
1499 2827 1642 2884 enim
1695 2827 1892 2897 injuste
1932 2827 2073 2883 dite-

495 2924 676 2982 scunt,
707 2926 786 2983 et,
821 2925 879 2971 ut
903 2917 1160 2987 propheta
1188 2917 1285 2985 ait,
1337 2917 1598 2987 colligunt
1627 2925 1682 2973 et
1730 2919 2073 2974 accumulant

495 3007 596 3062 sibi
618 3007 748 3076 ipsis
779 3008 1109 3078 impietatem
1141 3023 1204 3065 ac
1221 3008 1518 3073 miseriam,
1545 3010 1610 3064 ad
1640 3007 1775 3065 alios
1795 3022 1857 3065 ea
1890 3019 2071 3066 trans-

2189 1809 2364 1875 τοὺς,
2399 1807 2491 1862 ὅτι
2537 1805 2706 1865 οὗτοι
2749 1809 2868 1861 εισι
2912 1805 3152 1875 σπέρμα
3194 1803 3606 1873 εὐλογημένον
3651 1804 3784 1858 ὑπὸ

2181 1900 2350 1965 Θεοῦ,
2384 1901 2738 1969 εὐφροσύνῃ
2768 1897 3297 1968 εὐφρανθήσονται
3327 1895 3428 1949 ἐπὶ
3452 1897 3694 1964 Κύριον.

2249 1991 2456 2056 Εἰπὼν,
2482 1991 2568 2045 ὅτι
2600 1990 2896 2058 (Ἢξουσιν
2927 1988 3232 2058 ἀλλογενεῖς
3279 1987 3659 2057 ποιμαίνοντες
3700 1987 3777 2042 τὰ

2177 2081 2428 2156 πρόϐατά
2453 2097 2568 2146 σου,
2594 2081 2690 2135 καὶ
2714 2078 3006 2148 ἀλλόφυλοι
3030 2077 3322 2149 ἀροτῆρες,
3341 2076 3438 2130 καὶ
3461 2075 3775 2146 ἀμπελουρ-

2175 2175 2285 2245 γοὶ,
2318 2193 2338 2227 ›
2372 2174 2449 2238 ὡς
2473 2171 2817 2240 ὲξωσθέντων
2852 2169 3097 2242 δηλονότι
3127 2169 3236 2224 τῶν
3280 2167 3537 2240 πρώτων,
3564 2168 3660 2222 καὶ
3677 2168 3774 2222 τοῦ

2177 2265 2538 2339 καθηγεῖσθαι
2563 2263 2706 2318 λαῶν
2723 2261 2986 2333 ὲκσεσοὸη
2995 2262 3171 2332 μένων
3187 2301 3204 2327 ,
3222 2261 3554 2316 διαδείκνυσι
3570 2261 3671 2325 τὰς
3689 2261 3781 2315 αι.

2175 2359 2319 2423 τίας,
2371 2359 2458 2428 ἐφ’
2511 2352 2600 2422 αἷς
2643 2357 2802 2409 τοῦτο
2863 2354 3218 2421 πεπόνθασιν,
3269 2353 3396 2427 ὁσία
3443 2353 3618 2424 ψήφῳ
3677 2353 3779 2408 τοῦ

2174 2450 2245 2504 τὰ
2299 2448 2487 2503 δίκαια
2537 2447 2838 2520 κρίνοντος.
2866 2445 3118 2516 τἙπειδὴ
3161 2443 3272 2516 γάρ
3329 2444 3552 2513 ἀγαπῶ,
3600 2444 3774 2514 φησι,

2175 2541 2275 2612 τὴν
2341 2539 2688 2611 δικαιοσύνην
2716 2579 2732 2604 ,
2799 2537 3143 2610 ἁρπάγματα
3193 2538 3252 2592 δὲ
3313 2536 3382 2590 τά
3435 2537 3498 2602 ἐξ
3559 2536 3779 2602 ἀδικίας

2179 2633 2344 2704 μισῶ,
2377 2633 2636 2702 γεγόνασι
2665 2631 2723 2686 δὲ
2753 2630 2988 2686 τοιοῦτοι
3013 2631 3111 2700 τῆς
3142 2629 3408 2685 Ἰουδαίων
3437 2631 3780 2698 Συναγωγῆς

2175 2725 2225 2777 οε
2277 2723 2640 2796 προεστῶτες,
2676 2723 2926 2795 παρῆκα,
2981 2722 3138 2794 φησι,
3177 2720 3269 2775 καὶ
3317 2720 3650 2793 ὲξεωσάμην
3676 2722 3779 2775 αῦ-

2173 2815 2319 2880 τούς.
2353 2815 2476 2869 Τῶν
2505 2814 2614 2888 γὰρ
2663 2814 3020 2886 ἁρπαζόντων
3059 2815 3404 2885 ἁρπάγματα
3446 2812 3510 2878 ὲξ
3555 2815 3782 2879 ἀδικίας

2172 2905 2265 2960 τὸν
2293 2905 2492 2977 μόχθον
2536 2906 2743 2979 ἑτέροις
2768 2905 2980 2976 δίδωμι.
3009 2907 3073 2959 Οἱ
3099 2905 3208 2976 γὰρ
3235 2905 3438 2967 ἀδίκως
3483 2905 3783 2960 πλουτοῦν-

2171 3015 2285 3062 τες,
2307 2998 2428 3061 καὶ,
2445 2997 2592 3052 καθά
2616 3014 2781 3068 φησιν
2802 3000 2831 3051 6
2852 2998 3156 3069 προφήτης,
3189 2997 3618 3068 θησαυρίζοντες
3646 3000 3778 3052 ἑαυ-

496 3100 733 3154 ιιιίιιυηι.
771 3099 907 3155 Hinc
961 3100 1214 3156 Solomon
1250 3116 1266 3155 :
1305 3118 1324 3154 ι
1363 3100 1592 3164 Divitiae,
1644 3101 1843 3173 inquit,
1931 3100 2074 3172 inju-

2176 3093 2292 3155 τοῖς
2343 3091 2603 3145 ἀσέϐειαν
2649 3092 2745 3144 καὶ
2793 3090 3188 3162 θαλαιπωρίαν,
3235 3091 3318 3152 εἰς
3362 3089 3588 3160 ἑτέρως
3635 3092 3777 3144 αὐτά

496 3203 578 3247 ste
612 3201 883 3262 congestas
915 3203 1261 3260 evomentur,
1296 3209 1328 3250 e
1357 3196 1516 3251 domo
1545 3194 1663 3259 ejus
1719 3195 1898 3248 trahet
1950 3193 2072 3250 illas

495 3287 738 3355 angelus.
776 3304 795 3339 ι
831 3285 897 3341 Ει
927 3285 1123 3341 iterum
1153 3307 1168 3343 :
1208 3305 1228 3338 ι
1269 3285 1369 3354 Qui
1393 3287 1637 3358 congerit
1669 3285 1886 3341 divitias
1943 3300 2072 3341 suas

497 3389 592 3442 per
625 3390 818 3430 usuras
845 3377 1223 3443 etavaritiam,
1241 3385 1296 3431 et
1326 3378 1416 3446 qui
1444 3375 1733 3432 miseretur
1753 3391 2071 3445 pauperum,

495 3465 761 3535 relinquet
787 3480 908 3528 eas;
943 3481 1042 3522 nec
1076 3465 1261 3534 utique
1289 3465 1446 3521 bonis
1479 3466 1613 3520 viris
1649 3474 1705 3520 et
1760 3466 2073 3522 misericor-

495 3554 670 3619 tlibns,
709 3553 804 3607 sed
844 3553 1023 3620 potius
1079 3553 1457 3608 decoctoribus
1493 3551 1562 3607 ".
1595 3570 1616 3603 ι
1664 3550 1864 3622 Lepide
1926 3552 2072 3608 enim

495 3644 628 3698 dixit
651 3658 745 3700 eos
766 3643 1008 3700 misereri
1038 3657 1354 3714 pauperum.
1387 3641 1520 3698 Nam
1581 3643 1673 3714 qui
1713 3641 1932 3713 profuse
1987 3644 2073 3699 vi-

496 3744 646 3799 vunt,
680 3735 765 3790 bis
790 3735 1095 3805 complures
1121 3735 1542 3807 agglutinantur,
1565 3744 1620 3791 et
1667 3749 1772 3789 una
1799 3749 1921 3790 cum
1966 3735 2073 3791 illis

495 3832 821 3880 consumunt
849 3840 968 3894 qua:
1013 3825 1202 3880 multis
1230 3825 1520 3882 sudoribus
1549 3839 1648 3894 per
1671 3823 1929 3896 unciasque
1947 3832 2074 3881 sunt

491 3925 832 3974 coacervata.
871 3916 945 3971 De
972 3915 1263 3973 illiusmodi
1289 3917 1600 3974 hominibus
1646 3917 1828 3989 psalllt
1859 3918 2072 3974 divinus

499 4002 690 4067 David,
742 4012 798 4059 et
831 4004 1055 4075 inquit:
1089 4023 1109 4058 ι
1147 4004 1220 4061 At
1261 4005 1462 4062 frustra
1510 4007 1900 4074 tumultuatur;
1955 4009 2076 4063 the-

494 4097 756 4164 saurizat,
789 4107 844 4152 et
881 4098 1058 4154 nescit
1089 4097 1176 4154 cui
1228 4108 1524 4170 congreget
1547 4113 1609 4155 ea
1640 4099 1708 4152 θ’.
1743 4117 1765 4152 s
1803 4099 2073 4154 Praeterea

493 4185 600 4242 alio
634 4187 794 4244 modo
823 4203 838 4240 :
863 4187 1042 4244 Labor
1061 4203 1156 4244 seu
1181 4203 1313 4244 cura
1347 4189 1664 4246 Scrlbarum
1685 4197 1741 4246 et
1767 4187 2073 4245 Pharisaeo-

494 4294 614 4333 rum
645 4277 766 4334 aliis
804 4279 928 4334 data
984 4287 1103 4347 est,
1137 4279 1390 4335 videlicet
1435 4281 1674 4350 gentium
1733 4279 2069 4339 doctoribus.

493 4370 742 4428 Christus
778 4371 962 4438 itaque
993 4371 1110 4425 ait:
1146 4389 1167 4424 ι
1226 4371 1394 4426 Amen
1447 4371 1571 4427 dico
1623 4371 1798 4439 vobis,
1853 4372 2072 4428 tolletur

2177 3185 2814 3256 παραπέμπουσιν.⁹Εφη
2845 3184 2979 3254 γοῦν
3008 3185 3039 3237 6
3071 3182 3346 3253 Σολομὼν,
3375 3184 3459 3238 ὅτι
3489 3203 3508 3236 ι
3536 3184 3776 3247 Πλοῦτος

2173 3278 2378 3341 ἀδίκως
2418 3278 2788 3347 συναγόμενος
2834 3276 3246 3348 ὲξεμεθὴσεται,
3277 3275 3337 3344 ἐξ
3379 3276 3560 3340 οἰκίας
3608 3275 3768 3330 αὐτοῦ

2175 3367 2389 3421 ἑλκύσει
2415 3368 2576 3421 αὐτὸν
2602 3367 2850 3437 ἄγγελος.
2882 3386 2902 3419 s
2934 3369 3044 3421 Kal
3073 3368 3294 3422 πάλιν·‹
3316 3368 3377 3421 ’0
3409 3367 3654 3436 συνάγων
3673 3367 3767 3419 τὸν

2175 3459 2406 3514 πλοῦτον
2437 3459 2602 3514 αὐτοῦ
2635 3459 2773 3530 μετά
2795 3459 2980 3522 τόκου,
3029 3461 3123 3514 καὶ
3165 3459 3535 3529 πλεονασμῶν,
3562 3456 3645 3530 τῷ
3677 3457 3768 3512 ἑλ-

2173 3550 2353 3606 εοῦντι
2387 3552 2636 3622 πτωχοὺς
2649 3551 2966 3621 καταλείψει
2995 3551 3183 3616 αὐτὸν,
3206 3552 3304 3606 καὶ
3323 3552 3381 3606 οὐ
3397 3551 3462 3620 σή
3494 3566 3593 3602 που
3619 3549 3764 3602 πάν-

2173 3659 2283 3708 τως
2314 3642 2540 3713 ἀγαθοῖς
2579 3644 2827 3714 ἀνδράσι,
2857 3644 2951 3698 καὶ
2983 3642 3432 3715 φιλοικτίρμοσιν,
3450 3639 3584 3695 ἀλλά
3603 3641 3757 3695 ἀσώ-

2171 3751 2286 3800 τοις
2319 3734 2539 3806 μᾶλλον.
2572 3753 2591 3786 ι
2624 3735 2902 3806 Εὑφήμως
2946 3734 3057 3805 γὰρ
3105 3736 3232 3798 τοὺς
3276 3733 3540 3796 τοιούτους
3585 3732 3763 3786 ὲλεεῖν

2172 3827 2276 3900 ἔφη
2315 3828 2587 3900 πτωχούς.
2610 3829 2736 3891 Τοῖς
2777 3826 2887 3898 γάρ
2939 3825 3109 3890 ζῶσιν
3159 3827 3218 3879 ὲν
3264 3826 3476 3896 ἀσωτίᾳ
3522 3825 3763 3880 πλεῖστοι

2171 3919 2294 3975 λίαν
2334 3921 2384 3975 οῖ
2425 3918 2790 3989 κολλώμενοι,
2827 3918 2918 3972 καὶ
2967 3917 3416 3981 συνδαπανῶντες
3467 3916 3654 3980 αὐτοῖς
3693 3918 3765 3970 τά

2173 4011 2389 4076 πολλοῖς
2416 4011 2638 4083 ἱδρῶσιν
2669 4010 2871 4073 ἀδίκως
2902 4008 3308 4082 σεσωρευμένα.
3345 4007 3554 4063 vim:
3583 4008 3642 4062 δὲ
3667 4009 3764 4061 καὶ

2170 4102 2200 4154 6
2247 4102 2532 4164 θεσπέσιος
2582 4101 2747 4154 Δασὶδ
2791 4099 2919 4170 περὶ
2973 4099 3086 4154 τῶν
3127 4099 3406 4163 τοιούτων,
3458 4100 3554 4152 καί
3607 4116 3760 4170 φησι·

2176 4215 2196 4248 ι
2227 4195 2370 4262 Πλὴν
2398 4195 2573 4266 μάτην
2601 4195 2953 4266 ταράσσεται·
2985 4193 3322 4266 θησαυρίζει,
3357 4194 3455 4247 καὶ
3495 4195 3560 4248 οὔ
3598 4195 3762 4263 γινώ-

2173 4302 2294 4339 σκει
2325 4284 2432 4338 τίνι
2463 4284 2682 4350 συνάξει
2718 4285 2882 4340 αὐτά.
2942 4303 2962 4338 s
2989 4285 3100 4338 Kal
3127 4284 3247 4339 καθ’
3269 4287 3458 4356 ἕτερον
3479 4286 3535 4339 δὲ
3563 4286 3763 4357 τρόπον

2151 4377 2216 4435 '0
2248 4373 2464 4448 μόχθος,
2515 4376 2682 4446 ἤγουν
2727 4376 2761 4448 ἡ
2799 4375 3020 4447 φροντὶς
3066 4375 3176 4430 τῶν
3215 4376 3606 4448 Γραμματέων
3663 4377 3759 4430 καὶ

494 4475 716 4532 regnum
740 4460 838 4515 Dei
869 4475 900 4516 a
927 4461 1161 4526 vobis,et
1187 4460 1407 4517 dabitur
1435 4462 1580 4531 genti
1605 4461 1824 4518 facienti
1855 4462 2068 4520 fructus

2172 4445 2478 4540 Φαρισαίων
2507 4445 2714 4540 ἑτέροις
2742 4445 2922 4538 ἐδόθη,
2952 4468 3111 4538 δῆλον
3137 4468 3195 4521 δὲ
3222 4445 3306 4522 ὅτι
3337 4445 3415 4541 lli)
3458 4487 3479 4521 ι
3501 4469 3756 4540 ’Δρθήσε-

492 4555 612 4625 ejus
644 4553 711 4609 ⁸⁸.
746 4572 765 4606 ι
797 4553 938 4625 Ergo
971 4552 1069 4622 illi,
1098 4553 1298 4626 inquit,
1335 4553 1544 4624 expulsi
1587 4563 1732 4610 sunt.
1768 4553 1836 4610 At
1881 4556 2066 4623 vobis,

493 4647 584 4718 qui
607 4661 675 4702 ex
697 4645 947 4718 gentibus
973 4647 1151 4703 vocati
1189 4647 1323 4704 estis
1352 4645 1419 4701 ad
1447 4661 1658 4702 sacrum
1683 4645 2067 4715 ministerium,

497 4745 874 4794 testamentum
899 4745 1157 4792 internum
1187 4737 1466 4807 disponam
1497 4750 1512 4787 :
1554 4735 1679 4791 inde
1708 4737 1791 4791 vel
1811 4739 2071 4806 praedica-

499 4829 700 4883 tionem
729 4827 1119 4897 evangelicam,
1152 4827 1237 4883 vel
1267 4841 1418 4898 spem
1463 4827 1847 4896 sempiternam
1879 4828 2070 4883 intelli-

491 4936 623 4991 gens
655 4937 669 4975 :
715 4939 734 4973 ι
774 4918 830 4973 In
855 4918 1179 4992 gentibusﬂi
1219 4921 1413 4989 inquit,
1449 4937 1468 4973 ι
1505 4929 1861 4990 cognoscetur
1882 4934 2065 4976 semen

490 5024 702 5075 eorum,
745 5017 800 5066 et
830 5011 1111 5081 progenies
1135 5025 1344 5065 eorum.
1368 5009 1515 5077 Quos
1548 5010 1639 5079 qui
1670 5010 1863 5066 viderit
1897 5027 2067 5082 agno-

2167 4578 2256 4614 ται
2307 4560 2400 4629 ἀφ’
2427 4557 2584 4630 ὑμῶν
2635 4561 2670 4630 ἡ
2717 4559 2967 4630 βασιλεία
3006 4558 3102 4613 τοῦ
3152 4558 3313 4624 Θεοῦ,
3346 4559 3444 4613 καὶ
3474 4559 3754 4631 δοθήσεται

2167 4650 2310 4703 ἔθνει
2335 4649 2577 4703 ποιοῦντι
2610 4649 2736 4712 τοὺς
2763 4650 3012 4714 καρποὺς
3038 4649 3230 4720 αὐτῆς.
3262 4667 3282 4701 s
3311 4648 3526 4704 οὐκοῦν
3555 4651 3756 4703 ἐκεῖνοι

2171 4743 2272 4814 μὲν
2298 4741 2634 4812 ἐξώσθησαν,
2661 4740 2849 4811 φησὶν,
2877 4742 3010 4812 ὑμῖν
3053 4740 3111 4794 δὲ
3150 4743 3268 4805 τοῖς
3307 4740 3672 4812 κεκλημένοις
3695 4741 3755 4808 ἐξ

2167 4832 2337 4886 ἐθνῶν
2369 4832 2450 4895 εἰς
2483 4831 2794 4903 ἱερουργίαν
2837 4830 3104 4903 διαθήκην
3147 4831 3366 4886 αἰώνιον
3397 4831 3754 4904 διαθήσομαι.

2170 4923 2204 4994 ἢ
2233 4923 2296 4977 τὸ
2325 4924 2588 4995 κήρυγμα
2608 4922 2670 4976 τὸ
2697 4921 3052 4990 εὐαγγελικδν
3076 4922 3164 4978 διὰ
3186 4923 3343 4977 τοῦτο
3365 4924 3566 4994 δηλῶν,
3588 4926 3755 4997 ἤγουν

2172 5013 2362 5068 ἐλπίδα
2393 5014 2492 5067 τὴν
2512 5011 2889 5085 ἀτελεύτητοηη
2926 5031 2945 5064 ι
2969 5014 3058 5069 Ἐν
3085 5014 3144 5067 δὲ
3162 5017 3276 5079 τοῖς
3296 5014 3476 5070 ἔθνεσι
3502 5016 3753 5086 γνωσθῇς

491 5111 606 5157 scct
640 5102 764 5172 quia
793 5102 848 5156 hi
881 5111 1006 5158 sunt
1029 5117 1209 5157 semen
1259 5102 1598 5157 benedictum
1626 5118 1654 5156 a
1693 5103 1820 5159 Deo.
1854 5122 1874 5156 ι
1930 5104 2064 5158 Nam

2172 5121 2336 5170 σεται,
2370 5124 2389 5156 s
2428 5104 2583 5175 φησὶ,
2632 5121 2652 5155 ι
2683 5103 2745 5156 τὸ
2793 5102 3019 5174 σπέρμα
3068 5103 3267 5170 αὐτῶν,
3297 5107 3393 5159 καὶ
3435 5106 3506 5160 τὰ
3553 5107 3754 5174 ἔκγονα

490 5194 582 5264 qui
630 5193 965 5249 institutione
993 5201 1047 5248 et
1080 5192 1325 5248 doctrina
1355 5191 1457 5247 lilii
1509 5202 1820 5248 sanctorum
1861 5204 2067 5265 mysta-

2161 5197 2371 5250 αὐτῶψ
2396 5199 2504 5260 πᾶς
2548 5197 2578 5248 6
2625 5195 2769 5267 ὁρῶν
2801 5196 3002 5260 αὐτοὺς
3025 5197 3391 5266 ἐπιγνώσεται
3424 5201 3644 5263 αὐτοὺς.
3670 5201 3753 5254 δτι

491 5302 748 5358 gogorum
797 5287 1373 5356 cxstiteruntpmpter
1433 5285 1702 5354 insignem
1738 5286 2062 5354 probitatem

2172 5283 2306 5343 δῦτοί
2333 5289 2438 5341 εἱσι
2473 5287 2692 5357 σπέρμα
2737 5287 3102 5358 εὐλογημένον
3149 5290 3256 5344 ὑπὸ
3302 5290 3460 5346 Θεοῦ.
3486 5309 3506 5343 s
3539 5294 3604 5346 ΟΞ
3641 5291 3750 5362 γὰρ

491 5385 547 5429 et
569 5379 691 5433 vita:
729 5379 1004 5447 pietatem,
1032 5377 1282 5433 omnibus
1302 5384 1430 5433 sunt
1459 5377 1749 5441 notissimi,
1784 5377 1909 5447 quia
1939 5392 2065 5446 pro-

2161 5379 2302 5432 κατά
2335 5379 2633 5451 μαθητείαν
2660 5377 2766 5432 υἱοὶ
2792 5377 2902 5434 τῶν
2929 5380 3098 5451 ἁγίων
3128 5384 3504 5454 μυσταγωγῶν
3524 5385 3595 5439 ἐκ
3618 5385 3749 5438 πολ-

561 5553 606 5588 “
634 5555 793 5608 Prov.
826 5571 1022 5623 xxvm,
1047 5557 1100 5613 8.
1174 5558 1222 5592 ⁸⁸
1249 5556 1387 5614 Psal.
1417 5571 1645 5620 xxxvm.
1671 5557 1722 5611 7.
1798 5557 1844 5589 ³³
1879 5555 2070 5611 Matth.
2105 5573 2220 5622 χχι,
2251 5557 2320 5611 45

558 5731 636 5805 (1)
672 5730 728 5786 In
783 5732 1076 5801 exemplari
1121 5731 1306 5786 Graeco
1357 5733 1712 5802 prmtcrmissa
1775 5743 1895 5787 sunt
1956 5735 2059 5786 duo
2102 5734 2266 5786 triave
2297 5733 2572 5786 vocabula.
