4112 6292
330 373 354 433 1
366 373 473 432 365

1467 375 1535 433 IN
1571 375 1804 434 ISAIAM
1844 376 1974 433 LIB.
2016 376 2081 434 ν.
2123 371 2364 435 TOMUS
2403 373 2467 430 ν.

3455 371 3592 428 i566

328 492 429 566 λῆς
459 493 602 563 ἄγαν
629 494 1016 567 ἀγαθουργίας,
1046 495 1141 549 καὶ
1163 497 1263 568 τῆς
1286 497 1408 550 κατ’
1434 497 1714 552 εὐσέϐειαν
1743 495 1910 570 ζωῆς,

2029 498 2201 572 ζεηιρε
2232 507 2544 555 sanctorum
2575 496 2700 552 lacti
2751 503 2878 552 sunt
2924 494 3262 550 institutione
3319 501 3373 550 et
3427 493 3593 548 disci-

329 588 746 660 γνωριμὼτατοι
777 589 940 642 πᾶσίν
970 589 1128 650 εἰσιν,
1151 588 1232 641 ὅτι
1267 589 1363 642 καὶ
1394 589 1566 658 ἁγίων
1599 589 1796 659 ἔκγονα
1819 607 1913 660 γε-

333 679 524 748 γόνασι
559 681 702 733 κατὰ
737 677 1056 749 μαθητείαν,
1087 677 1164 741 ὡς
1191 677 1348 750 ἔφην,
1383 699 1401 732 ι
1430 681 1541 734 Καὶ
1571 681 1652 734 ὅτι
1694 681 1916 752 σπέρμα

334 772 472 827 είσὶν
511 769 868 841 εὐλογημένον
915 769 1022 821 ὑπὸ
1069 769 1224 832 Θεοῦ,
1256 789 1274 822 ι
1313 767 1426 825 οἷον
1475 773 1543 826 τὰ
1596 773 1705 827 τῶν
1744 773 1915 840 ἁγίων

336 865 614 935 μοναστῶν
646 863 985 931 συστήματα,
1020 865 1147 934 περὶ
1175 857 1249 918 ὧν
1275 883 1439 938 φησιν
1471 866 1500 919 6
1529 867 1741 932 Παῦλος
1761 883 1774 896 ·
1805 886 1824 918 ι
1852 868 1915 921 Ol

329 955 385 1007 δὲ
425 952 516 1005 τοῦ
550 949 785 1021 Χριστοῦ
819 949 996 1020 Ἰησοῦ
1052 950 1151 1021 τὴν
1201 951 1380 1023 σάρκα
1421 954 1773 1026 ἐσταύρωσαν
1817 955 1917 1010 σύν

327 1046 438 1106 τοῖς
469 1040 754 1111 παθήμασι
784 1040 880 1094 καὶ
930 1043 1054 1105 ταῖς
1077 1041 1414 1115 ἐπιθυμίαις,
1446 1064 1465 1098 ι
1503 1046 1552 1098 el
1577 1046 1668 1100 τὸν
1698 1046 1914 1118 ἐπιεικῆ

329 1133 422 1186 καὶ
457 1132 744 1202 φιλόπονον
787 1131 1082 1196 διαζῶντες
1128 1133 1261 1202 βίονο
1287 1134 1394 1188 τῶν
1439 1137 1497 1188 ὲν
1542 1137 1808 1210 παρθενίᾳ
1847 1138 1917 1192 τὰ

330 1222 515 1295 στίφη,
533 1224 626 1276 καὶ
645 1224 797 1295 χοροὶ
813 1223 1076 1293 γέμοντες
1095 1224 1342 1294 εὐλογίας
1355 1225 1513 1291 Θεοῦ,
1532 1220 1678 1281 οὗτοι
1695 1229 1918 1300 σπέρμα

330 1314 467 1367 εἰσὶν
496 1313 860 1384 εὐλογημένον
883 1313 988 1368 ὑπὸ
1021 1313 1180 1381 Θεοῦ,
1212 1307 1358 1369 οῦτοι
1399 1317 1672 1389 χαίρουσι,
1700 1321 1796 1374 καὶ
1829 1319 1917 1373 εὐ-

329 1402 650 1474 φραίνονται
679 1404 774 1457 ἐπὶ
798 1404 1037 1476 Κύριονο
1068 1404 1128 1457 οὐ
1159 1404 1270 1477 γὰρ
1301 1406 1588 1475 ὲφήδονται
1627 1408 1918 1480 πράγμασι

333 1498 636 1566 κοσμικαῖς,
660 1496 1008 1566 ὲμπίμπλασι
1031 1496 1089 1549 δὲ
1115 1496 1313 1566 μᾶλλον
1335 1498 1436 1562 τὰς
1457 1499 1668 1554 ἑαυτῶν
1690 1502 1919 1572 καρδίας

334 1588 554 1658 ἀγάπης
578 1589 676 1658 τῆς
704 1591 784 1651 είς
807 1587 1069 1660 Χριστὸν,
1103 1591 1372 1662 σωτήριον
1391 1591 1450 1645 δὲ
1471 1592 1537 1645 τὸ
1561 1592 1754 1664 χρῆμά
1775 1595 1915 1657 ἐστι,

335 1681 430 1734 καὶ
462 1680 730 1751 θυμηδίας
762 1680 979 1750 ἁπάσης
1007 1683 1384 1754 ἐμποιητικύν.

419 1772 816 1843 Ἆγανωιιὶσθω
843 1772 884 1841 ἡ
911 1774 1082 1842 ψυχή
1108 1791 1228 1844 μου
1260 1775 1357 1829 ἐπὶ
1401 1775 1484 1842 τῷ
1521 1777 1717 1845 Kvpltp
1744 1795 1760 1809 ο
1830 1777 1922 1831 ἐγ-

2013 592 2180 661 plina,
2217 599 2276 646 ut
2303 589 2436 655 dixi,
2468 606 2487 640 ι
2526 598 2578 645 et
2607 589 2733 659 quia
2759 601 2942 643 semen
2967 587 3310 642 benedictum
3342 585 3527 642 aDeo:
3567 602 3586 636 ι

2013 688 2178 760 867
2205 699 2351 758 puta,
2383 697 2692 743 sanctorum
2728 685 3114 742 monachorum
3171 695 3363 753 cintus,
3391 687 3454 740 de
3481 685 3597 755 qui-

2017 781 2115 833 bus
2153 777 2352 833 Paulus
2392 796 2406 833 :
2445 796 2464 830 ι
2505 778 2606 846 Qui
2637 787 2816 832 autem
2850 777 3054 833 Christi
3109 776 3234 833 Jesu
3297 787 3442 842 sunt,
3476 793 3594 832 car-

2017 883 2140 922 nem
2197 868 2586 923 crucilixerunt
2653 883 2775 922 cum
2828 867 3107 922 all‘ectibus
3178 875 3235 921 et
3282 866 3596 936 cupiditati-

2017 958 2116 1013 bus
2139 956 2208 1024 ",
2242 977 2261 1011 ι
2287 960 2379 1028 qui
2411 958 2632 1028 probam
2657 967 2711 1015 et
2735 957 3060 1015 laboriosam
3098 958 3382 1014 traducunt
3405 959 3591 1014 vitam:

2016 1058 2070 1103 et
2119 1049 2172 1103 in
2200 1044 2510 1120 virginitate.
2543 1049 2849 1118 degentium
2879 1050 3134 1105 cohortes
3178 1059 3232 1105 et
3287 1050 3441 1106 chori
3503 1051 3592 1121 qui

2019 1139 2112 1194 Dei
2130 1139 2503 1195 benedictione
2536 1138 2862 1194 abundant:
2907 1139 2961 1195 bi
3017 1148 3143 1195 sunt
3194 1154 3380 1194 semen
3433 1139 3596 1194 bene-

2017 1229 2221 1284 dictum
2255 1244 2285 1283 a
2321 1227 2454 1294 Deo,
2491 1227 2542 1282 hi
2571 1227 2807 1298 gaudent
2844 1236 2895 1283 et
2939 1228 3192 1283 laetantur
3232 1228 3284 1282 in
3346 1226 3594 1283 Domino.

2017 1319 2134 1376 Non
2169 1321 2315 1376 enim
2347 1321 2634 1375 mundanis
2656 1321 2966 1375 adiciuntur
3000 1320 3248 1390 negotiis,
3293 1319 3389 1375 sed
3434 1320 3597 1375 corda

2017 1427 2114 1468 sua
2143 1413 2324 1483 potius
2351 1412 2619 1467 charitate
2647 1412 2850 1468 Christi
2884 1412 3174 1482 complent.
3223 1411 3347 1467 Haec
3385 1426 3475 1469 res
3505 1425 3597 1468 sa-

2018 1504 2208 1560 lutaris
2239 1511 2340 1571 est,
2370 1512 2424 1558 et
2453 1503 2630 1559 omnis
2659 1501 2950 1573 voluptatis
2979 1501 3242 1559 elfectrix.

2092 1767 2256 1821 Vens.
2298 1765 2387 1832 10,
2423 1767 2512 1822 il.
2578 1764 2822 1821 Exsulta
2859 1765 3038 1820 anima
3080 1780 3196 1819 mea
3251 1767 3308 1819 in
3335 1763 3600 1833 Domino;

335 1862 517 1918 έδυσε
548 1863 660 1931 γάρ
681 1879 759 1932 με
797 1861 1032 1932 ιμάτιον
1068 1865 1388 1932 σωτηρίου,
1443 1865 1542 1919 καὶ
1582 1867 1804 1934 χιτῶνα
1827 1869 1924 1920 εὐ-

2029 1859 2196 1912 induit
2221 1859 2357 1912 enim
2383 1873 2462 1911 me
2491 1867 2625 1912 veste
2666 1856 2854 1911 salutis
2897 1867 2945 1910 et
2992 1857 3172 1911 tunica
3202 1856 3420 1922 laztitite,
3471 1867 3600 1911 tan-

335 1958 663 2025 φροσύνηςι
689 1956 770 2022 ὡς
800 1958 1038 2025 νυμφίῳ
1068 1956 1383 2026 περιέθηκέ
1411 1975 1515 2027 μοι
1538 1959 1779 2028 μίτραν,
1823 1957 1925 2012 καί

333 2050 414 2115 ὡς
440 2050 683 2118 νύμφην
732 2050 1154 2118 κατεκόσμησέ
1194 2067 1269 2119 με
1299 2051 1527 2118 κόσμῳ,
1563 2051 1660 2104 καί
1697 2051 1778 2117 ὡς
1807 2051 1925 2121 γῆν

333 2137 649 2203 αὔξουσαν
689 2137 755 2190 τὸ
813 2137 997 2203 ἄνθος
1041 2138 1251 2207 αὐτῆς,
1321 2139 1419 2192 καί
1479 2140 1560 2205 ὡς
1607 2139 1809 2210 κῆπον
1851 2139 1928 2195 τὰ

334 2232 645 2300 σπέρματα
691 2230 898 2296 αὐτοῦ,
928 2229 1117 2297 οὕτως
1149 2229 1434 2284 ἁνατελεῖ
1451 2231 1670 2300 Κύριος
1701 2233 1927 2288 amato-

334 2323 555 2390 σύν-ην,
607 2322 706 2376 καί
766 2321 1116 2393 (ig-alliam
1177 2322 1458 2378 ἐναντίον
1522 2323 1766 2380 πάντων
1808 2324 1929 2380 τῶν

332 2410 545 2465 ἐθνῶν.

405 2503 692 2573 Φιλότιμον
723 2502 810 2556 ἐπ’
843 2502 1029 2565 αὐτοῖς
1075 2501 1333 2566 διπλώσας
1381 2504 1482 2575 τὴν
1541 2507 1721 2577 χεῖρα,
1777 2505 1930 2562 πλεί-

339 2609 484 2658 στοις
525 2611 585 2646 τε
629 2595 774 2658 ὅσοις
805 2593 898 2648 καὶ
930 2593 1274 2665 ἀξιοκτήτοις
1310 2597 1609 2668 χαρίσμασι
1661 2598 1930 2668 στεφανὼο

340 2703 456 2739 σειν
516 2683 720 2739 εἰπών’
783 2705 802 2738 ι
843 2687 962 2748 Πᾶς
1013 2687 1124 2758 γὰρ
1169 2689 1199 2741 6
1248 2689 1428 2760 ὀρῶν,
1474 2690 1640 2760 φησὶν
1668 2734 1682 2758 ,
1733 2691 1930 2755 αὐτοὺς

338 2776 723 2844 ιπιγνώσεται,
757 2777 838 2830 ὅτι
859 2768 1014 2831 οὗτοί
1049 2779 1159 2842 εισι
1180 2779 1403 2850 σπέρμα
1438 2780 1802 2853 εὐλογημένον
1824 2781 1929 2836 ὐπὸ

337 2866 496 2932 Θεοῦ,
544 2885 563 2919 ι
612 2863 733 2922 εἶτα
773 2869 1234 2939 προσεπενεγκὼν
1285 2871 1365 2925 ὄτι
1403 2891 1423 2924 ε
1466 2873 1576 2926 Καὶ
1625 2872 1932 2945 εὐφρανθή-

340 2977 522 3014 σονται
559 2960 654 3013 ἐπὶ
695 2960 926 3033 Κύριον,
960 2980 980 3014 s
1017 2961 1232 3017 δίδωσιν
1275 2963 1436 3028 εὐθὺς
1462 2964 1561 3034 τὴν
1590 2964 1931 3036 εὐφροσύνην

336 3052 539 3116 αὐτοῖς.
562 3052 831 3124 Ταύτῃτοι
852 3052 947 3106 καὶ
985 3054 1133 3123 μάλα
1157 3054 1463 3118 εἰκότωςτδ
1481 3055 1584 3121 τῆς
1604 3056 1931 3127 Ἑκκλησίας

339 3142 687 3213 εἰσεκομίσθη
703 3143 989 3213 πρόσωπον
1002 3144 1067 3196 ὲκ
1081 3144 1435 3216 περιχαρείας
1447 3145 1547 3215 τῆς
1563 3146 1699 3214 ἄγαν
1713 3147 1931 3215 ἀναφω-

339 3235 487 3299 νοῦν,
510 3253 528 3285 ι
549 3234 923 3303 Ἀγαλλιάσθω
937 3237 970 3305 ἠ
985 3235 1128 3306 ψυχή
1150 3251 1251 3307 μου
1269 3236 1362 3289 ἐπὶ
1383 3234 1461 3306 τῷ
1479 3236 1692 3308 Κυρίῳ,
1712 3237 1929 3292 ἐνέδυσε

338 3327 446 3396 γάρ
466 3343 530 3395 με
548 3325 761 3396 ἱμάτιον
779 3326 1066 3398 σωτηρίου,
1087 3327 1180 3380 καὶ
1200 3326 1400 3398 χιτῶνα
1421 3327 1782 3398 εὐφροσύνης.
1811 3329 1934 3382 »Χι-

336 3417 485 3470 τῶνα
521 3417 857 3488 εὐφροσύνης
890 3418 981 3471 τὸν
1009 3417 1216 3490 Κύριον
1253 3419 1410 3489 ἡμῶν
1450 3419 1662 3490 Ἰησοῦν
1693 3421 1930 3492 Χριστόν

339 3524 492 3578 φησι.
512 3507 719 3578 Γράφει
741 3507 870 3575 γοῦν
882 3509 975 3560 καὶ
987 3509 1016 3561 6
1031 3509 1306 3576 πάνσοφος
1320 3508 1536 3574 Παῦλος
1547 3513 1662 3574 τοῖς
1674 3512 1755 3574 εἰς
1767 3509 1930 3565 αὐτὸν

339 3596 692 3650 πιστεύσασιν
715 3611 731 3627 '
765 3615 784 3649 ι
809 3597 1128 3651 Ἐνδύσασθε
1163 3598 1256 3652 τὸν
1278 3598 1482 3670 Κύριον
1518 3601 1678 3672 ἡμῶν
1715 3601 1929 3673 Ἰησοῦν

336 3686 428 3741 τὸν
461 3688 716 3757 Χριστὸν,
750 3688 846 3740 καὶ⁵
877 3687 977 3756 τῆς
1009 3690 1210 3759 σαρκὸς
1247 3691 1504 3758 πρόνοιαν
1555 3692 1630 3762 μὴ
1685 3693 1930 3747 ποιεῖσθε

339 3779 419 3840 είς
447 3777 758 3847 ἐπιθυμίαν.
797 3796 816 3828 ι
855 3778 922 3830 Οἳ
955 3794 1020 3845 γε
1067 3778 1171 3848 μὴν
1202 3780 1410 3848 ἀμφίου
1444 3781 1602 3851 δίκην
1631 3784 1932 3854 ἐσχηκότες

339 3869 503 3923 αὐτὸν
531 3868 669 3939 πρὸς
705 3869 772 3938 τῇ
806 3867 1052 3936 σωτηρίᾳ
1089 3866 1435 3937 κερδαίνουσι
1499 3869 1560 3921 τὸ
1613 3871 1929 3944 εὐημερεῖν,

343 3963 435 4015 καὶ
466 3961 528 4013 τὸ
563 3963 622 4013 ὲν
652 3957 1013 4030 εὐφροσύναις
1043 3953 1181 4011 εἶναι
1204 3961 1465 4028 μακραῖς.
1503 3959 1647 4031 Ἔφη
1672 3961 1805 4029 γοῦν
1831 3963 1931 4015 αὖ-

340 4053 433 4116 τδς
461 4053 490 4106 6
518 4048 734 4122 Σωτήρ·
763 4068 782 4102 ι
830 4049 889 4103 '0
941 4049 1180 4120 κλέπτης
1218 4051 1319 4104 οὐκ
1363 4049 1602 4122 ἔρχεται,
1655 4053 1704 4104 εί
1740 4051 1814 4123 μὴ
1845 4052 1934 4107 ἵνα

342 4143 517 4216 κλέψῃ
551 4143 643 4197 καὶ
675 4141 834 4213 θύσῃ,
863 4141 958 4194 καὶ
986 4141 1250 4212 ἀπολέσῃ.
1304 4142 1446 4209 Ἐγὼ
1468 4138 1636 4212 ἦλθον
1673 4142 1763 4196 ἵνα
1787 4142 1938 4214 ζωὴν

343 4235 534 4305 ἔχωσι,
563 4234 657 4287 καὶ
683 4232 944 4304 περισσὸν
980 4231 1198 4302 ἔχωσιν.
1235 4251 1254 4284 ο
1295 4235 1368 4286 Οὐ
1400 4235 1509 4306 γὰρ
1556 4231 1720 4296 σώζει
1747 4232 1931 4303 μόνον,

342 4327 418 4390 ὡς
471 4325 628 4396 ἔφην,
680 4323 817 4378 ἀλλὰ
852 4325 961 4393 γὰρ
1013 4325 1108 4378 καὶ
1142 4323 1481 4395 ἀτελευτήτῳ
1540 4323 1934 4394 κατευφραίνει

341 4421 486 4491 χαρᾷ
505 4437 518 4450 ·
559 4419 654 4472 καὶ
699 4415 1013 4472 τοῦτό’ὲστι
1041 4417 1104 4470 τὸ
1138 4417 1391 4488 περιττὸν
1421 4416 1932 4488 προστεθησόμενον

2025 1965 2183 2020 quam
2212 1964 2454 2015 sponsum
2479 1949 2825 2003 circumdetlit
2849 1963 2930 2003 me
2960 1950 3140 2014 mitra,
3167 1956 3216 2001 et
3241 1949 3393 2018 quasi
3446 1963 3604 2016 spon-

2026 2057 2142 2096 sam
2163 2041 2366 2095 ornavit
2389 2056 2470 2094 me
2485 2042 2683 2093 mundo
2715 2039 2956 2094 muliebri
2971 2055 2991 2104 ,'
3017 2050 3064 2092 et
3087 2040 3220 2092 sicut
3244 2047 3384 2091 terra
3399 2038 3600 2108 profert

2025 2134 2207 2203 ﬂorem
2240 2147 2414 2196 suum,
2436 2140 2484 2185 et
2519 2140 2576 2184 ut
2601 2130 2787 2185 hortus
2835 2131 3036 2186 semina
3062 2146 3180 2195 sua,
3209 2130 3285 2184 sic
3308 2129 3602 2200 germinare

2028 2224 2186 2294 [σείει
2206 2223 2462 2278 Dominus
2476 2222 2742 2294 justitiam
2769 2233 2818 2279 et
2846 2220 3253 2278 exsultationem
3286 2236 3462 2276 coram
3493 2236 3605 2276 ons-

2029 2316 2183 2370 nibu's
2209 2314 2472 2386 gentibus.

2101 2490 2409 2547 Munillcam
2438 2489 2494 2545 in
2540 2487 2657 2545 illos
2688 2503 2908 2545 manum
2929 2489 3195 2558 extendit,
3247 2497 3303 2546 et
3357 2487 3606 2559 plurimis

2027 2593 2086 2646 et
2103 2583 2400 2656 insignibus
2423 2582 2576 2638 donis
2597 2590 2982 2638 coronaturum
3007 2597 3068 2638 se
3097 2583 3220 2639 illos
3235 2581 3399 2638 dixit:
3432 2599 3451 2633 ι
3471 2580 3605 2637 0m-

2034 2678 2116 2734 nis
2170 2676 2336 2743 enim,
2394 2674 2590 2744 inquit,
2630 2676 2722 2744 qui
2766 2675 2916 2731 videt
2962 2690 3075 2741 eos,
3128 2681 3424 2745 cognoscet
3482 2687 3608 2730 esse

2031 2769 2152 2825 illos
2178 2782 2364 2824 semen
2403 2767 2746 2822 benedictum
2783 2781 2812 2820 a
2846 2767 2976 2824 Deo.
3017 2784 3037 2819 ι
3069 2767 3361 2834 Subiunxit
3383 2765 3601 2822 deinde:
3639 2817 3647 2830 ,

2036 2881 2056 2916 ι
2086 2863 2146 2917 Et
2177 2861 2506 2917 laetabuntur
2549 2862 2602 2916 in
2655 2861 2902 2917 Domino.
2941 2880 2960 2915 ι
3001 2861 3194 2916 Statim
3231 2860 3340 2915 illis
3357 2859 3448 2914 dat
3469 2859 3606 2914 laeti-

2031 2956 2182 3012 tiam.
2223 2952 2360 3009 Hinc
2382 2968 2489 3008 non
2541 2954 2811 3010 immerito
2845 2953 3102 3010 Ecclesiae
3144 2967 3376 3024 persona
3432 2952 3607 3009 intro-

2032 3046 2192 3101 ducta
2213 3055 2318 3109 est,
2344 3060 2456 3115 prae
2484 3045 2682 3117 insigni
2717 3047 2912 3117 gaudio
2963 3046 3018 3100 in
3070 3047 3168 3101 has
3219 3060 3380 3101 voces
3427 3059 3610 3100 eruun-

2033 3152 2198 3207 pens:
2235 3155 2255 3189 ι
2285 3137 2526 3193 Exsultet
2553 3140 2732 3192 anima
2757 3153 2872 3194 mea
2899 3137 2952 3192 in
2980 3137 3242 3205 Domino;
3271 3136 3608 3192 iuduitenim

2033 3244 2122 3283 me
2153 3237 2301 3284 veste
2321 3229 2584 3285 salutiset
2620 3231 2805 3286 tunica
2831 3229 3048 3286 latitia.
3088 3249 3106 3282 ι
3143 3229 3404 3285 Tunicam
3451 3235 3612 3283 vocat

2032 3318 2318 3375 Dominum
2349 3328 2594 3376 nostrum
2617 3319 2800 3377 Jesum
2823 3321 3124 3378 Christum.
3161 3321 3368 3376 Scribit
3426 3322 3610 3390 itaque

2032 3413 2471 3480 sapientissimus
2489 3413 2686 3471 Paulus
2717 3415 2803 3471 his
2829 3415 2923 3486 qui
2947 3416 3002 3470 in
3024 3415 3200 3485 ipsum
3225 3415 3605 3471 crediderunt:

2034 3522 2054 3556 ι
2091 3504 2302 3562 lnduite
2322 3505 2616 3563 Dominum
2668 3516 2913 3564 nostrum
2962 3505 3147 3562 Jesum
3204 3507 3503 3574 Christum,
3554 3514 3612 3561 et

2029 3599 2212 3654 carnis
2269 3614 2456 3655 curam
2496 3615 2564 3656 ne
2593 3600 2766 3671 gerite
2818 3599 2876 3654 in
2922 3598 3308 3669 cupiditatibus
3346 3598 3414 3652 ⁸⁸.
3455 3616 3474 3650 ι
3506 3597 3608 3664 Qui

2031 3704 2210 3746 autem
2265 3691 2418 3746 illum
2469 3700 2726 3762 tanquam
2783 3698 2988 3747 vestem
3031 3693 3356 3757 habuerunt,
3415 3699 3612 3760 praeter

2031 3782 2260 3836 salutem
2283 3783 2566 3837 lucrantur
2589 3783 2926 3848 felicitatem;
2944 3782 3126 3850 itaque
3138 3782 3396 3836 diuturno
3423 3782 3612 3835 fruun-

2035 3876 2123 3920 tur
2150 3869 2366 3937 gaudio.
2398 3868 2489 3922 Ait
2532 3867 2718 3934 itaque
2769 3869 2889 3935 ipse
2945 3867 3243 3922 Servatur:
3280 3885 3298 3918 ι
3339 3867 3451 3921 Fur
3501 3884 3607 3924 non

2034 3958 2182 4011 venit
2208 3957 2310 4011 nisi
2339 3967 2395 4011 ut
2415 3957 2647 4022 feretur,
2670 3964 2724 4010 et
2752 3964 2951 4011 mactet
2971 3965 3025 4012 et
3045 3957 3264 4026 perdat;
3289 3972 3390 4027 ego
3412 3959 3530 4013 veni
3553 3969 3612 4014 ut

2035 4047 2198 4101 vitam
2231 4047 2486 4114 habeant,
2541 4055 2597 4103 et
2654 4049 3016 4102 abundantem
3061 4047 3299 4104 habeant
3334 4049 3403 4104 ⁸⁸.
3435 4067 3454 4102 ι
3494 4047 3608 4105 Non

2032 4138 2235 4194 etenim
2261 4149 2443 4195 servat
2469 4139 2650 4205 modo,
2672 4147 2731 4194 ut
2758 4140 2892 4209 dixi,
2925 4140 3018 4196 sed
3035 4140 3198 4196 etiam
3233 4141 3456 4210 perenni
3485 4157 3612 4213 gau-

2034 4233 2122 4287 dio
2159 4233 2341 4287 allicit.
2372 4233 2437 4287 Et
2478 4234 2581 4288 hoc
2603 4241 2686 4288 est
2714 4233 2845 4288 illud
2885 4232 3171 4288 abundans
3216 4248 3310 4289 seu
3351 4234 3609 4289 eximium

2035 4319 2180 4387 quod
2198 4319 2484 4386 adjiciatur
2506 4320 2714 4377 sanctis
2739 4321 2870 4377 vita.
2904 4321 3156 4378 Christus
3189 4321 3353 4392 igitur
3405 4333 3489 4380 est
3520 4324 3611 4379 illa

2039 4411 2280 4468 celestis
2307 4421 2363 4468 et
2389 4427 2622 4483 superna
2648 4412 2929 4479 vestis,illa
2953 4413 3375 4486 incorruptionis
3407 4416 3608 4482 tunica,

343 4514 376 4583 ὴ
408 4514 522 4576 τοῖς
551 4512 728 4581 ἁγίοις
751 4510 888 4582 ζωή.
919 4509 1161 4581 Χριστὸς
1197 4505 1292 4564 οὖν
1327 4511 1447 4582 ,ἄρα
1483 4510 1545 4564 τὸ
1575 4511 1637 4578 ἐξ
1675 4507 1928 4582 οὐρανοῦ,

2034 4519 2196 4574 quam
2227 4507 2274 4558 si
2307 4505 2430 4576 quis
2463 4505 2779 4576 sumpserit,
2812 4506 2958 4562 omni
2985 4515 3183 4561 ornatu
3242 4507 3611 4571 coronabitur,

344 4601 438 4652 καὶ
469 4599 673 4653 ἄνωθεν
694 4599 895 4670 ἄμφιον
924 4601 953 4653 6
987 4600 1085 4667 τῆς
1114 4598 1424 4671 ἀφθαρσίας
1457 4598 1646 4670 χιτὼν,
1681 4600 1741 4653 ὃν
1767 4598 1822 4652 εί
1845 4615 1930 4662 τις

343 4691 498 4744 λάϐοι
525 4692 1000 4762 στεφανωθήσεται
1034 4692 1226 4763 κόσμῳ
1251 4692 1435 4756 παντὶ,
1459 4691 1636 4763 νοητῷ
1665 4691 1932 4763 δηλονότι,

344 4783 572 4845 καὶτοῖς
599 4781 658 4846 ἐξ
685 4781 1058 4852 ἁγαθουργίας
1097 4783 1432 4854 αὐχήμασιν.
1466 4782 1663 4837 Ἔσται
1707 4785 1819 4855 γὰρ
1857 4783 1935 4846 ὡς

345 4875 596 4946 νυμφίος,
627 4876 703 4938 ὡς
729 4875 924 4946 μίτραν
957 4875 1338 4946 διεζωσμένος,
1381 4877 1475 4929 καὶ
1518 4876 1594 4940 ὡς
1622 4876 1808 4947 νύμφη
1844 4876 1937 4930 κός

346 4985 469 5039 σμῳ
501 4968 661 5021 παντὶ
691 4966 1089 5038 διαπρέπουσα.
1125 4967 1247 5020 Εἰσὶ
1291 4966 1421 5039 γὰρ,
1454 4967 1592 5021 εἰσὶν
1619 4969 1667 5022 οἱ
1700 4969 1759 5022 ἐν
1803 4968 1937 5038 Χρι-

345 5059 456 5131 στῷ
509 5060 671 5114 δεινοὶ
727 5060 850 5132 μὲν,
886 5060 980 5113 καὶ
1010 5058 1402 5129 ἀλκιμώτατοι,
1446 5059 1583 5131 πρός
1621 5076 1687 5129 γε
1726 5060 1787 5114 τὸ
1827 5060 1937 5114 δεῖν

344 5149 689 5220 ἀνδρίζεσθαι
730 5147 956 5220 νοητῶς,
1008 5148 1449 5204 καταπλουτοῦσι
1501 5149 1560 5203 δὲ
1601 5149 1723 5204 λίαν
1753 5150 1846 5204 καὶ
1874 5149 1936 5203 τὸ

344 5241 619 5311 εὐπρεπὲς
668 5242 748 5304 είς
797 5241 944 5294 ἅπαν
973 5235 1113 5302 εἶδος
1152 5240 1374 5313 ἀρετῆς.
1438 5241 1684 5294 Ἐοίκασι
1733 5240 1791 5294 δὲ
1839 5241 1935 5294 καὶ

345 5333 584 5403 νύμφαις
630 5333 718 5386 διὰ
743 5333 802 5386 τὸ
834 5333 1171 5403 καρπογόνον
1215 5333 1354 5404 μετὰ
1395 5332 1489 5386 τοῦ
1517 5332 1761 5387 ποικίλον
1788 5331 1932 5403 ἔχειν

345 5423 421 5487 ὡς
467 5424 530 5475 ὲν
566 5423 778 5495 ἀρετῶν
831 5424 1149 5494 φαιδρότητι
1197 5423 1414 5487 κάλλος.
1474 5424 1617 5496 Ἔφη
1671 5424 1803 5492 γοῦν
1849 5440 1933 5487 τις

345 5515 454 5567 τῶν
495 5514 664 5582 ἁγίων
705 5515 1018 5586 προφητῶν,
1054 5517 1369 5586 ὲγκάρπους
1402 5515 1561 5579 ὄντας
1611 5516 1934 5578 ἀποδεικνὺς

345 5607 471 5671 τούς
497 5606 588 5659 τὸν
625 5606 798 5676 εὐαγῆ
831 5605 1231 5677 κατορθοῦντας
1264 5607 1400 5678 βίον·
1443 5624 1462 5660 ι
1511 5606 1602 5660 Διὸ
1630 5606 1721 5661 τὸν
1769 5605 1934 5676 φόϐον

419 5780 466 5812 ⁸⁸
502 5781 677 5836 Galat.
711 5797 761 5848 ν,
792 5782 878 5835 ‘24.
959 5783 1004 5815 ⁸⁸
1035 5781 1191 5844 Rom.
1225 5801 1342 5850 xm,
1381 5785 1459 5838 li.
1540 5786 1583 5816 ⁸⁸
1614 5784 1769 5841 Joau.
1805 5797 1861 5851 κ,
1894 5779 1979 5835 10.

2037 4596 2286 4652 videlicet
2310 4597 2400 4666 qui
2437 4597 2538 4652 sub
2577 4597 2987 4668 intelligentiam
3014 4596 3160 4652 cadit
3190 4605 3244 4651 et
3271 4599 3485 4654 virtutis
3523 4613 3615 4654 or-

2033 4689 2252 4743 nabitur
2275 4687 2725 4759 iusignibus.Erit
2751 4689 2894 4744 enim
2914 4699 3168 4760 tanquam
3191 4704 3422 4759 sponsus
3451 4691 3613 4745 mitra

2033 4780 2260 4848 cinctus,
2291 4788 2346 4835 et
2377 4789 2632 4851 tanquam
2662 4796 2858 4851 sponsa
2886 4783 3034 4836 omni
3082 4789 3281 4838 ornatu
3317 4780 3609 4837 excellens.

2033 4873 2203 4945 868
2249 4873 2389 4929 Sunt
2422 4875 2589 4941 enim,
2616 4885 2746 4930 sunt
2771 4875 3068 4931 Christiani
3085 4884 3334 4945 potentes
3359 4885 3414 4930 et
3435 4873 3615 4930 fortis-

2035 4966 2180 5034 simi,
2206 4976 2263 5022 et
2293 4966 2616 5038 intelligibili
2637 4968 2830 5023 robore
2847 4967 3084 5039 praediti,
3105 4967 3362 5037 omnique
3417 4981 3616 5038 genere

2037 5055 2250 5114 decoris
2277 5074 2340 5115 ac
2372 5059 2590 5114 virtut-is
2621 5069 2748 5117 sunt
2794 5060 3130 5130 locupletati.
3168 5058 3386 5115 Similes
3433 5066 3617 5114 autem

2036 5158 2160 5204 sunt
2183 5149 2348 5204 etiam
2385 5151 2600 5220 sponsis
2657 5160 2878 5221 propter
2926 5151 3337 5219 fecunditatem,
3360 5165 3425 5206 eo
3471 5152 3615 5220 quod

2036 5241 2188 5297 vario
2226 5241 2512 5310 splendore
2566 5242 2828 5298 virtutum
2861 5243 3100 5299 decorati
3146 5243 3276 5298 sint.
3319 5242 3362 5297 E
3411 5242 3616 5297 sanctis

2037 5331 2201 5401 igitur
2226 5333 2504 5401 prophetis
2527 5333 2744 5403 quidam
2769 5333 2925 5401 dixit,
2954 5349 3076 5389 cum
3108 5334 3229 5389 illos
3249 5333 3340 5403 qui
3371 5340 3616 5388 sanctam

2040 5424 2209 5477 vitam
2241 5425 2532 5480 instituunt
2558 5425 2824 5482 fecundos
2853 5441 2918 5482 ac
2937 5425 3244 5482 fructuosos
3277 5439 3398 5482 esse
3427 5426 3618 5481 innue-

2040 5521 2160 5569 ret:
2217 5533 2236 5566 ι
2273 5515 2566 5584 Propterea
2612 5518 2856 5572 timorem
2903 5516 3000 5581 tui,
3060 5516 3304 5582 Domine,
3363 5516 3417 5570 in
3463 5525 3618 5570 utero

2043 5607 2413 5678 concepimus,
2440 5617 2494 5664 et
2515 5609 2922 5679 parturivimus,
2955 5615 3011 5665 et
3033 5609 3340 5679 peperimus
3367 5607 3617 5678 spiritum
