4134 6302
338 357 483 423 tuos

1382 420 1389 427 ,
1472 353 1827 415 ὶΝἸῦἁυὸῐ
1855 360 2076 418 ιιυκν.
2115 359 2355 418 matus
2391 357 2459 416 ἴ.
2494 377 2523 413 'z
2618 376 2627 387 '

3454 360 3615 419 ηπ·

347 487 447 542 μου
488 470 564 535 ὥς
598 467 1221 542 λαμπάςηκαυθήσοται,
1254 468 1583 543 Δικαιοσύνη
1612 488 1674 526 τι
1697 474 1795 528 καὶ
1825 489 1922 527 σω-

2027 475 2347 531 mortalihus
2369 472 2637 533 Christus.
2661 469 2931 530 Instincti
2942 471 3591 543 enim'etwvatmuippe

343 564 531 633 τήριον
555 564 670 626 τοῖς
689 561 783 614 ἐπὶ
807 563 906 633 τῆς
929 562 1030 632 γῆς
1053 557 1205 629 ὤφθη
1228 575 1289 612 τε
1318 559 1412 613 καὶ
1438 561 1629 630 γέγονε
1659 564 1918 633 Χριστὸς,

342 652 545 705 δικαιοί
572 653 702 723 γάρ,
742 651 838 706 καὶ
866 649 1047 715 σώζει,
1081 648 1198 719 φῶς
1226 649 1487 721 ὑπάρχων
1516 651 1679 716 αὐτὸς
1701 652 1771 706 τὸ
1791 653 1923 725 ἀληο

348 741 513 802 θινὸν.
533 742 626 795 καὶ
651 734 739 795 οἷά
766 757 850 803 τις
877 740 937 793 ὲν
971 737 1148 809 σκότῳ
1183 739 1425 809 λαμπάς.
1473 740 1617 812 Ἔφη
1651 742 1783 812 γοῦν
1819 744 1924 801 αύ-

348 833 455 899 16,“,
494 834 576 887 ὅτι
603 850 622 884 ι
661 832 826 885 Ὅταν
856 824 900 883 ὦ
925 830 983 882 ὲν
1010 829 1085 900 τῷ
1129 828 1341 900 κόσμῳ,
1367 830 1482 901 φῶς
1521 834 1635 904 εἰμι
1679 832 1774 888 τοῦ
1826 834 1920 887 κά..

350 941 509 995 σμου.
577 942 597 975 ι
656 920 837 991 ’Δχλύί
894 921 993 990 μὲν
1054 920 1164 992 γὰρ
1227 922 1323 974 καὶ
1398 923 1574 994 σκότῳ
1622 924 1690 978 τὰ
1743 924 1923 981 πάντα

2026 567 2112 622 lux
2138 582 2261 621 vera
2298 581 2426 621 cum
2458 566 2531 619 sit
2553 565 2686 634 ipse,
2718 572 2772 619 et
2798 578 2898 621 ceu
2921 563 3127 632 lampas
3149 564 3412 633 quarpiam
3439 565 3493 617 in
3515 576 3621 618 ιιι-ι

2023 658 2229 715 hebris.
2272 657 2547 726 Siquidem
2595 656 2711 724 ipse
2763 654 2903 710 dixit
2937 671 2952 708 :
2998 673 3019 708 ι
3059 654 3360 721 Quandoin
3393 654 3595 711 mundo

2022 766 2167 815 suta,
2194 750 2281 803 lux
2303 764 2423 805 sum
2452 747 2639 807 mundi
2654 748 2724 802 θ’.
2766 765 2786 799 ι
2820 746 3062 816 Caligine
3102 762 3334 816 namque
3361 756 3416 801 et.
3444 756 3594 811 leue-

2023 840 2136 896 bris
2159 840 2340 895 omnia
2361 839 2753 908 comprehensa
2785 847 2962 902 erant,
3018 837 3233 892 diabolo
3281 843 3443 892 corda
3477 852 3592 893 om-

2024 934 2170 987 nium
2201 930 2517 988 otl‘usoante.
2540 928 2710 985 Nemo
2732 940 2853 985 erat
2916 930 3008 999 qui
3053 929 3256 984 laceret
3287 930 3513 994 bonum,
3541 940 3597 986 et

348 1015 694 1084 κατείληπτο,
736 1012 854 1089 ,τὰς
899 1011 1155 1067 ἁπάντων
1227 1012 1456 1083 καρδίας
1518 1012 1613 1067 τοῦ
1675 1014 1926 1073 διαϐόλου.

2027 1022 2281 1091 iustitiam
2306 1030 2504 1084 nosset,
2536 1027 2630 1074 aut
2653 1021 2794 1075 viam
2822 1035 2941 1088 qua
2960 1020 3108 1074 ducit
3127 1020 3193 1074 ad
3218 1019 3466 1083 salutem;
3496 1020 3595 1075 sed

347 1103 853 1174 καταμελαίνοντος,
882 1103 975 1156 καὶ
1011 1103 1185 1165 οὐδεὶς
1204 1098 1272 1174 ἦν
1300 1106 1329 1158 6
1360 1104 1529 1158 ποιῶν
1555 1106 1922 1177 χρηστότητα,

348 1192 442 1246 καὶ
497 1193 848 1263 δικαιοσύνην
900 1191 1075 1256 εἰδὼς,
1126 1193 1293 1264 ἤγουν
1335 1193 1434 1264 τὴν
1467 1196 1785 1264 ἀπάγουσαν
1823 1195 1921 1266 [aL

348 1280 682 1352 ἐπάγουσαν]
711 1281 804 1334 ἐπὶ
842 1279 906 1333 τὸ
948 1280 1215 1344 σώζεσθαι
1255 1282 1456 1353 τρίϐον.
1509 1284 1647 1336 Ἀλλ’
1699 1283 1821 1337 οὐδὲ
1854 1279 1923 1354 ἦν

347 1373 376 1424 6
404 1371 518 1438 φῶς
552 1370 693 1440 ἔχων
730 1370 792 1423 τὸ
820 1370 961 1424 θεῖον
993 1372 1071 1435 είς
1103 1371 1246 1439 νοῦν,
1279 1373 1374 1426 καὶ
1401 1375 1513 1437 τοῖς
1557 1374 1654 1444 τῆς
1685 1374 1925 1440 διανοίας

348 1464 560 1534 ὄμμασι
588 1461 931 1535 καταθρῆσαι
955 1463 1268 1533 δυνάμενος,
1309 1464 1393 1528 τίς
1426 1468 1455 1518 6
1483 1464 1642 1535 φύσει
1678 1467 1770 1521 καὶ
1795 1467 1927 1538 ἁλη-

352 1554 461 1619 θῶς
490 1557 604 1609 ἐστι
643 1553 796 1620 Θεὸς,
824 1555 919 1608 κα)⁵
942 1553 1051 1607 τῶν
1076 1555 1209 1610 ὅλων
1237 1556 1638 1627 γενεσιουργὸς,
1677 1557 1773 1611 καὶ
1811 1557 1927 1612 Κύ-

353 1661 488 1715 ριος·
516 1646 640 1700 ἐπεὶ
663 1645 719 1701 δὲ
740 1647 817 1711 ὡς
842 1646 957 1715 φῶς
971 1646 1185 1718 ἀνέσχε,
1220 1648 1314 1701 καὶ
1344 1648 1420 1711 ὡς
1447 1648 1668 1718 λαμπὰς
1689 1649 1926 1722 ἀνέλαμ-

2025 1129 2127 1168 nec
2156 1113 2439 1182 quisquam
2477 1121 2593 1171 erat
2619 1117 2709 1182 qui
2738 1113 2979 1166 divinam
3002 1111 3176 1166 lucem
3204 1114 3259 1166 in
3290 1122 3468 1167 mente
3494 1112 3595 1166 ha-

2026 1205 2201 1267 beret,
2225 1213 2280 1257 et
2319 1204 2411 1272 qui
2442 1212 2624 1271 posset
2670 1203 2836 1257 animi
2868 1202 3039 1258 oculis
3094 1203 3300 1268 videre,
3349 1202 3595 1269 quisnam

2023 1295 2093 1348 sit
2113 1295 2198 1349 ille
2228 1305 2418 1355 natura
2447 1302 2500 1348 et
2521 1308 2643 1348 vere
2660 1294 2824 1358 Deus,
2853 1303 2906 1346 et
2925 1295 3299 1349 universorum
3340 1291 3599 1348 Conditor

2025 1394 2078 1436 et
2096 1384 2372 1441 Dominus.
2399 1382 2689 1450 Postquam
2724 1399 2852 1441 vero
2891 1382 3148 1437 Servator
3171 1397 3269 1437 ceu
3318 1381 3403 1436 lux
3436 1396 3598 1436 exor«

2025 1484 2112 1531 tus
2130 1483 2234 1541 est,
2264 1483 2321 1529 et
2343 1489 2440 1529 ceu
2472 1473 2680 1541 lampas
2711 1473 3170 1543 illuxit,deinceps
3199 1471 3497 1527 illustratus
3515 1483 3601 1525 est

2025 1567 2175 1624 orbis
2206 1574 2496 1629 terrarum,
2516 1572 2572 1619 et
2599 1564 2791 1619 salutis
2819 1564 2960 1617 viam
2982 1579 3077 1629 per
3106 1564 3478 1643 ipsumiutuiti
3500 1578 3601 1618 su-

2027 1674 2166 1715 mus.
2218 1658 2421 1712 Deinde
2488 1655 2777 1726 alloquitur
2831 1654 3129 1712 Eeclesiam
3172 1670 3238 1710 ex
3293 1654 3623 1713 Judmorum.

348 1737 449 1808 ψεν
473 1739 502 1792 6
529 1737 741 1812 Σωτὴρ,
767 1737 1146 1810 κατεφωτίσθη
1177 1738 1362 1794 λοιπὸν
1384 1741 1419 1811 η
1442 1741 1532 1794 ὑπ’
1552 1740 1802 1813 οὐρανὸν,
1832 1743 1926 1796 καὶ

2028 1749 2455 1823 grege,perinde
2471 1750 2623 1819 quasi
2682 1748 2918 1804 nondum
2961 1746 3173 1805 irretita
3219 1753 3364 1802 esset
3411 1745 3599 1799 multi-

349 1829 448 1901 τὴν
476 1828 577 1900 τῆς
611 1830 678 1885 δι’
704 1829 871 1886 αὐτοῦ
901 1831 1179 1902 σωτηρίας
1209 1831 1516 1903 τεθεάμεθα
1557 1832 1763 1904 τρίϐον.
1796 1827 1926 1887 Εἶτα

2031 1820 2157 1897 tudo
2178 1841 2454 1912 gentium,
2478 1858 2498 1894 ι
2534 1839 2797 1897 Videbunt
2832 1849 3021 1909 gentes
3057 1837 3323 1908 justitiam
3350 1845 3519 1900 tuam,
3547 1846 3604 1890 et

352 1922 488 1993 πρὸς
517 1921 617 1994 τὴν
640 1921 964 1994 Ἐκκλησίαν
995 1924 1130 1995 φησὶ
1167 1922 1269 1995 τὴν
1295 1924 1403 1979 ἀπό
1432 1940 1496 1992 γε
1522 1924 1621 1994 τῆς
1655 1922 1927 1977 Ἰουδαίων

348 2010 569 2084 ἀγέλης,
616 2014 709 2067 καὶ
728 2013 801 2077 ὡς
824 2011 976 2068 οὔπω
1008 2017 1107 2085 τῆς
1135 2013 1245 2069 τῶν
1271 2013 1443 2069 ὲθνῶν
1476 2014 1717 2086 πληθύος
1761 2031 1927 2069 σεσα-

348 2106 706 2176 γηνευμὲνης,
738 2106 822 2159 ὃτι
842 2124 859 2157 ι
893 2106 1154 2176 Ὄψονται
1172 2106 1299 2179 ἔθνη
1314 2107 1412 2177 τὴν
1442 2104 1785 2177 δικαιοσύνην
1807 2123 1925 2171 σου,

347 2200 441 2253 καὶ
470 2199 707 2270 βασιλεῖς
724 2201 825 2274 τὴν
840 2201 999 2268 δόξαν
1027 2219 1145 2257 σου.
1173 2220 1192 2254 ι
1220 2200 1579 2272 Δικαιοσύνην
1610 2201 1668 2255 δὲ
1686 2200 1848 2254 πάλιν
1870 2203 1928 2255 ὲν

345 2291 576 2356 τούτοις,
628 2295 724 2349 καὶ
763 2294 866 2366 μέν
894 2311 979 2349 τοι
1024 2294 1121 2351 καὶ
1157 2293 1335 2361 δόξαν,
1379 2294 1532 2348 οὐδὲν
1564 2293 1753 2365 ἕτερον
1787 2287 1929 2349 εἶναι

350 2400 485 2455 φησι
536 2384 673 2456 πλὴν
700 2385 781 2439 ὅτι
800 2386 890 2440 τὸν
910 2385 1115 2455 Κύριον
1137 2387 1295 2457 ἡμῶν
1329 2385 1536 2458 Ἰησοῦν
1556 2386 1650 2441 τὸν
1669 2387 1923 2459 Χριστόν.

347 2475 753 2545 Δεδικαιώμεθα
777 2475 888 2546 γὰρ
921 2477 979 2529 ὲν
1007 2476 1180 2544 αὐτῷ,
1210 2478 1307 2530 καὶ
1342 2477 1442 2548 τὴν
1473 2479 1600 2547 παρ’
1635 2477 1800 2532 αὐτοῦ
1830 2493 1930 2530 πε-

350 2566 735 2636 πλουτήκαμεν
780 2565 957 2632 δόξαν.
981 2564 1158 2620 Αὑτοῦ
1181 2566 1292 2637 γάρ
1319 2566 1645 2638 γεγόναμεν,
1678 2568 1775 2621 καὶ
1795 2567 1930 2636 κλῆ-

350 2673 445 2727 ρος
498 2657 660 2711 αὐτοῦ
706 2658 1137 2729 χρηματίζομεν.
1183 2656 1509 2728 Τετάγμεθα
1550 2657 1608 2711 δὲ
1681 2657 1775 2711 καὶ
1824 2658 1930 2714 ὑπὸ

348 2747 493 2816 ζυγὰ
526 2748 622 2802 καὶ
650 2748 922 2819 σκῆπτρα,
956 2748 1054 2821 τὴν
1076 2746 1170 2803 τοῦ
1198 2747 1319 2802 καθ’
1353 2747 1511 2818 ἡμῶν
1559 2749 1929 2820 τυραννήσαν-

346 2855 440 2903 τος
466 2838 775 2904 πλεονεξίαν
805 2838 1195 2911 ἀπονιψάμενοι
1218 2857 1232 2870 ο
1262 2839 1344 2892 ὅτι
1376 2839 1435 2893 δὲ
1459 2838 1560 2908 τῆς
1591 2838 1735 2893 κατὰ
1762 2839 1928 2909 νόμον

346 2929 603 3002 λατρείας
631 2931 1066 3001 άποφοιτήσασα,
1091 2930 1186 2984 καὶ
1231 2924 1342 2984 οἷον
1372 2928 1753 3001 μεταϐαλοῦσα
1794 2931 1929 3002 πρὸς

346 3022 641 3092 καινότητα
673 3024 820 3093 ζωῆς
861 3022 1242 3094 εὼγγελικῆς,
1270 3023 1363 3076 καὶ
1390 3022 1487 3093 τὴν
1528 3021 1765 3093 ἀρχαίαν
1796 3022 1930 3093 κλῆ-

2029 1945 2187 2002 reges
2218 1929 2443 2000 gloriam
2468 1939 2645 1985 tuam.
2678 1947 2696 1981 ι
2724 1927 2995 1985 Justitiam
3023 1942 3211 1983 rursus
3269 1936 3325 1983 et
3373 1927 3604 1996 gloriam

2028 2022 2116 2078 bic
2146 2022 2289 2078 aliud
2318 2021 2449 2075 nihil
2474 2035 2594 2076 esse
2643 2021 2798 2088 dicit,
2873 2029 3229 2090 prmterquam
3314 2019 3601 2083 Dominum

2030 2120 2272 2167 nostrum
2297 2107 2477 2166 Jcsum
2501 2110 2811 2166 Christum..
2852 2109 2912 2165 ln
2967 2111 3085 2180 ipso
3135 2110 3276 2165 enim
3318 2108 3603 2178 iustificati

2028 2215 2239 2267 sumus,
2266 2209 2322 2254 et
2342 2199 2510 2271 gloria
2541 2202 2608 2257 ab
2640 2201 2755 2272 ipso
2781 2201 2935 2257 ditati
2955 2215 3162 2256 sumus.
3183 2200 3356 2270 Ipsius
3376 2214 3607 2269 namque

2030 2308 2238 2356 sumus,
2263 2300 2317 2346 et
2353 2305 2472 2347 sors
2496 2290 2613 2359 ejus
2641 2307 3036 2362 nuncupamur.
3053 2292 3223 2367 ipsius
3249 2290 3379 2362 jugo
3406 2300 3460 2345 et
3482 2304 3601 2347 sce-

2029 2394 2151 2455 ptro
2177 2383 2478 2453 paruimus,
2536 2383 2787 2438 abdicato
2821 2382 3051 2447 violento
3076 2382 3195 2451 ejus
3253 2382 3480 2451 imperio
3512 2381 3604 2450 qui

2030 2477 2084 2531 in
2115 2491 2214 2531 nos
2241 2476 2574 2547 tyrannidem
2626 2477 2886 2532 exercuit.
2944 2475 3094 2542 Quod
3154 2484 3334 2529 autem
3387 2489 3416 2526 a
3468 2473 3606 2544 legis

2029 2568 2174 2624 cultu
2198 2568 2475 2634 recedens,
2502 2576 2558 2621 et
2604 2566 2751 2622 velut
2799 2566 2866 2621 ad
2923 2567 3216 2622 novitatem
3276 2564 3445 2634 87o
3474 2564 3597 2617 vitae

2030 2660 2350 2731 evangelicae
2380 2667 2762 2723 transmutata,
2786 2668 3024 2713 veterem
3053 2657 3212 2712 simul
3261 2656 3481 2723 abjiciet
3510 2669 3606 2708 vo-

2030 2755 2324 2818 cationem,
2346 2761 2401 2807 et
2423 2766 2560 2806 novo
2589 2750 2844 2819 deinceps
2885 2748 3326 2805 denominabitur
3369 2747 3604 2808 nomine,

2030 2846 2296 2901 arbitratu
2329 2854 2383 2899 et
2413 2844 2693 2899 voluntate
2725 2841 2818 2896 Dei
2855 2842 3097 2907 omnium
3124 2838 3383 2907 supremi,
3424 2846 3609 2891 osten-

2032 2938 2129 3000 dit,
2160 2937 2382 2991 dicens:
2422 2954 2442 2988 ι
2474 2933 2769 2991 Vocabitur
2814 2934 2908 2988 tibi
2960 2947 3148 2988 nomen
3187 2945 3413 2995 novum,
3464 2926 3607 2998 quod

2032 3029 2289 3083 Dominus
2318 3026 2631 3081 nominabit.
2692 3045 2711 3076 ›
2764 3025 2877 3080 Non
2932 3025 3077 3079 enim
3122 3023 3289 3095 ultra
3327 3023 3467 3075 dicta
3516 3028 3605 3077 est

347 3126 436 3164 σιν
473 3110 860 3177 συναποϐαλεῖ,
913 3111 1439 3184 μετονομασθήσεται
1486 3111 1542 3165 δὲ
1587 3111 1775 3166 λοιπὸν
1810 3113 1926 3166 ὀνό-

2033 3123 2339 3192 Synagoga,
2364 3118 2456 3172 sed
2490 3115 2729 3173 Ecclesia
2758 3114 2854 3168 Dei
2894 3113 3148 3179 viventis,
3197 3112 3390 3167 civitas
3418 3125 3481 3163 ac
3504 3110 3606 3163 do—

348 3216 482 3268 ματι
512 3201 706 3272 καινῷ,
749 3202 890 3257 κατά
918 3202 977 3256 τὸ
1024 3203 1214 3257 δοκοῦν
1266 3204 1345 3274 τῷ
1386 3204 1480 3257 ἐπὶ
1534 3205 1743 3268 πάντας
1787 3204 1927 3276 Θεῷ,

344 3293 671 3346 διαδείκνυσι
705 3294 876 3364 λέγων
896 3308 912 3323 ·
956 3313 975 3346 ι
1007 3295 1242 3349 Καλέσει
1271 3295 1332 3348 τὸ
1367 3295 1538 3366 ὄνομά
1570 3313 1662 3349 σου
1695 3296 1758 3349 τὸ
1802 3314 1928 3350 και-

343 3386 454 3449 νὸν,
476 3386 504 3441 ὃ
535 3388 564 3440 6
594 3385 796 3457 Κύριος
822 3385 1078 3457 ὁνομάσει
1099 3386 1246 3439 αύτό·
1271 3405 1290 3437 ι
1321 3385 1581 3457 κέκληται
1608 3386 1716 3460 γάρ
1743 3387 1928 3441 οὐκέτι

349 3478 636 3549 συναγωγὴ
661 3477 879 3548 μᾶλλον,
920 3478 1034 3532 ἀλλ’
1070 3476 1366 3547 Ἐκκλησία
1408 3477 1543 3533 Θεοῦ
1582 3478 1806 3543 ζῶντος,
1842 3479 1931 3533 πό-

351 3568 433 3633 λις
457 3587 516 3622 τε
547 3571 643 3624 καὶ
681 3566 830 3635 οἶκος
850 3570 1040 3628 αὐτοῦ.
1070 3570 1448 3643 Δωμέμνηται
1476 3554 1787 3645 γὰρ”αύτῆς
1835 3573 1928 3627 καὶ

345 3662 375 3711 6
403 3660 685 3723 θεσπέσιος
711 3661 1052 3727 Δασὶδ,οῦτω
1079 3662 1253 3728 λέγων
1276 3680 1289 3692 ·
1329 3680 1349 3713 ι
1396 3662 1771 3733 Δεδοξασμένα
1806 3662 1930 3716 ἐλα-

347 3748 485 3820 λήθη
516 3749 644 3820 περὶ
672 3749 766 3802 σοῦ
800 3751 833 3819 ἡ
864 3749 1014 3813 πόλις
1046 3750 1142 3802 τοῦ
1163 3750 1319 3804 Θεοῦ.
1360 3771 1379 3802 ›
1410 3754 1604 3805 Ἔσται
1633 3754 1689 3806 δὲ
1723 3754 1806 3806 ὅτι
1835 3754 1930 3817 καὶ

349 3839 629 3909 εὐπρεπὴς
668 3840 827 3907 ἄγαν,
859 3840 953 3892 καὶ
990 3840 1365 3913 ἀπαραόλήτφ
1403 3842 1589 3895 κάλλει
1636 3834 1929 3916 κατεστεμ-

351 3929 492 4002 μένη
517 3971 533 3997 ,
557 3931 796 3985 διδάσκει
822 3930 1030 3998 λέγων’
1072 3949 1091 3981 ι
1124 3933 1261 4005 “Ean
1291 3932 1555 4003 στέφανος
1593 3935 1822 4000 κάλλους
1871 3939 1929 3991 ὲν

346 4023 492 4095 χειρὶ⁹
521 4020 748 4095 κυρίου,
779 4020 874 4075 καὶ
917 4020 1154 4091 διάδημα
1187 4021 1467 4092 βασιλείας
1522 4026 1582 4078 ἐν
1619 4025 1762 4097 χειρὶ
1793 4025 1926 4079 Θεοῦ

347 4112 462 4168 σου.
496 4131 515 4164 ι
557 4112 825 4183 Ἐκάστην
843 4111 951 4185 γὰρ
975 4110 1135 4180 ἁγίαν
1157 4111 1354 4183 ψυχὴν,
1385 4114 1479 4167 καὶ
1501 4115 1805 4188 συλλήϐδην
1830 4100 1930 4189 τὴν

358 4203 702 4276 Ἐκκλησίαν,
766 4204 1029 4270 τουτέστι,
1086 4204 1156 4258 τά
1211 4205 1320 4257 τῶν
1361 4205 1533 4274 ἁγίων
1568 4207 1927 4278 συστήματα,

346 4297 596 4367 στεφάνῳ
626 4295 1021 4366 παρεικαστέον
1053 4297 1117 4350 ἐκ
1152 4295 1361 4351 πολλῶν
1395 4296 1602 4352 ἀνθέων
1653 4300 1929 4354 συντεθει-

346 4388 510 4461 μὲνῳ,
564 4389 730 4460 ἤγουν
784 4386 1072 4458 διαδήματι
1121 4386 1407 4458 βασιλικῷ,
1464 4384 1630 4452 λίθοις
1687 4390 1929 4457 Ἰνδικοῖς

2032 3227 2152 3266 mus
2179 3212 2316 3279 ejus.
2366 3206 2530 3275 Cujus
2575 3207 2819 3261 meminit
2861 3206 3022 3261 etiam
3085 3204 3297 3259 divinus
3332 3201 3499 3256 David
3552 3201 3606 3254 in

2031 3304 2168 3358 hanc
2192 3300 2516 3356 sententiam
2560 3315 2572 3351 :
2601 3315 2619 3348 ι
2656 3296 2897 3353 Gloriosa
2928 3298 3070 3352 dicta
3106 3306 3232 3351 sunt
3262 3296 3327 3349 de
3362 3305 3434 3357 te,
3475 3292 3610 3346 civi-

2031 3403 2112 3447 tas
2137 3392 2227 3445 Dei
2267 3391 2334 3446 ’³.
2374 3408 2393 3441 ι
2422 3389 2559 3445 Fore
2591 3403 2803 3463 quoque
2841 3388 2981 3442 illam
3024 3388 3182 3441 valde
3209 3385 3510 3461 speciosam
3556 3391 3610 3437 ct

2030 3482 2437 3554 incomparabili
2498 3480 2671 3553 gloria
2728 3493 3040 3551 coronatam
3100 3478 3605 3547 dnccl,iuquictts:

2037 3592 2056 3625 ι
2090 3574 2211 3629 Eris
2243 3590 2444 3629 corona
2504 3572 2921 3644 pulchritudinis
2973 3572 3024 3625 in
3088 3586 3249 3624 manu
3296 3567 3611 3633 Domini,et

2028 3664 2272 3719 diadema
2290 3665 2435 3737 regni
2457 3665 2508 3718 in
2531 3680 2687 3719 manu
2712 3663 2804 3717 Dei
2834 3663 2928 3716 tui.
2946 3682 2963 3714 ι
2995 3661 3438 3731 υιιιιηηιιθιιιιιιιθ
3465 3659 3609 3713 enim

2029 3757 2264 3813 animam
2295 3766 2561 3823 sanctam,
2589 3765 2642 3809 et
2674 3755 2978 3809 universam
3040 3754 3262 3807 omnino
3292 3752 3605 3811 Ecclesiam,

2030 3847 2081 3901 id
2103 3857 2205 3911 est,
2231 3848 2538 3913 sanctorum
2563 3854 2785 3905 emtum.
2831 3859 3043 3897 coronae
3068 3859 3318 3911 compara
3333 3856 3387 3894 re
3459 3842 3606 3905 licet,

2030 3950 2093 3989 ex
2128 3933 2310 3987 multis
2331 3931 2566 3986 ﬂosculis
2623 3932 2953 3998 compositae,
2984 3931 3066 3983 vel
3119 3930 3266 4000 regio
3312 3929 3605 3983 diademati

2030 4024 2295 4094 lapidibus
2352 4022 2551 4077 Iudicis
2632 4021 2892 4090 fulgenti,
2956 4031 3011 4076 et
3073 4022 3214 4090 quod
3261 4021 3605 4088 multiplicem

2031 4115 2189 4171 habet
2218 4122 2272 4168 et
2300 4113 2503 4169 variam
2563 4110 2908 4179 elegantiam.
2969 4108 3218 4164 Plurimis
3273 4120 3398 4163 sunt
3442 4111 3605 4165 etiam

2031 4214 2340 4261 sanctorum
2376 4203 2606 4274 egregiae
2632 4202 2882 4267 virtutes,
2913 4211 2967 4255 et
2995 4217 3098 4255 non
3138 4216 3299 4253 unum
3330 4209 3411 4254 est
3442 4216 3607 4254 orna-

2030 4306 2331 4352 mentorum
2370 4310 2562 4366 genus,
2582 4292 2676 4348 sed
2712 4292 2988 4363 multiplex
3019 4301 3072 4346 et
3102 4292 3392 4346 diversum.
3425 4288 3607 4361 Siqui-

1986 4452 1989 4459 ι
2029 4390 2148 4443 dem
2188 4396 2241 4442 et
2270 4389 2484 4442 divinus
2533 4383 2701 4438 David
2728 4383 3023 4438 Ecclesiam
3055 4383 3253 4439 Christi
3322 4385 3376 4436 in
3408 4384 3611 4438 vestitu

343 4479 699 4550 ἐκλάμποντι,
750 4479 847 4532 καὶ
895 4477 1187 4542 πολυειδῶς
1239 4477 1416 4548 ἔχοντι
1473 4479 1535 4533 τὸ
1588 4479 1909 4557 διαπρεπές·

2027 4480 2276 4536 deaurato
2303 4478 2688 4532 circumdatam
2721 4490 2784 4530 ac
2809 4476 3135 4545 variegatam
3166 4475 3369 4529 inducit
3391 4473 3459 4527 ".
3490 4492 3508 4525 ι
3539 4474 3598 4529 In

341 4570 567 4623 πλεῖστα
588 4570 644 4624 δὲ
670 4569 771 4640 ὅσα
819 4570 914 4624 καὶ
964 4569 1032 4623 τὰ
1060 4568 1170 4621 τῶν
1214 4567 1386 4638 ἀγίων
1432 4569 1922 4643 άνδραγαθήματα,

2032 4586 2193 4626 manu
2222 4569 2453 4636 Domini,
2487 4587 2507 4621 ι
2557 4568 2746 4637 inquit,
2784 4567 2834 4621 id
2879 4576 2981 4632 est,
3037 4568 3369 4636 protectione
3415 4580 3606 4619 manus

341 4660 443 4715 καὶ
461 4662 560 4732 οὐχ
586 4656 667 4724 εἷς
705 4660 904 4732 μᾶλλον
941 4658 1049 4712 τῶν
1072 4658 1406 4730 αὐχημάτων
1445 4660 1474 4712 6
1505 4660 1728 4731 τρόπος,
1759 4661 1925 4726 πολὺς

2032 4679 2162 4717 mea:
2193 4672 2467 4732 protegam
2496 4670 2567 4716 te.
2596 4661 2659 4715 Et
2691 4661 2802 4730 ipse
2828 4672 3042 4728 quoque
3092 4656 3340 4713 Christus
3369 4656 3437 4711 de
3491 4655 3605 4711 suis

340 4753 398 4806 δὲ
436 4753 531 4806 καὶ
571 4751 847 4821 διάφορος.
900 4752 1011 4804 Καὶ
1052 4750 1183 4821 γοῦν
1214 4751 1244 4804 6
1277 4749 1564 4814 θεσπέσιος
1607 4750 1773 4805 Δαϐὶδ
1826 4751 1923 4821 τὴν

2029 4758 2218 4811 ovibus
2268 4754 2349 4809 vel
2373 4755 2439 4808 de
2494 4768 2654 4824 grege
2695 4752 3032 4806 credentium
3087 4750 3140 4804 in
3195 4750 3368 4817 ipsum
3433 4747 3602 4802 dicit:

355 4843 683 4915 Ἐκκλησίαν
701 4841 794 4896 τοῦ
820 4841 1053 4913 Χριστοῦ
1082 4843 1141 4896 ὲν
1162 4838 1440 4913 ἱματισμῷ
1459 4843 1736 4914 διαχρύσῳ
1765 4861 1922 4914 περι-

2037 4862 2054 4894 ι
2084 4841 2253 4897 Nemo
2279 4844 2467 4912 eripiet
2490 4856 2581 4896 eas
2610 4842 2672 4896 de
2698 4834 2856 4894 manu
2899 4841 3074 4895 Patris
3103 4839 3204 4891 mei
3230 4838 3299 4890 9'.
3340 4855 3358 4887 ι

342 4939 680 5011 ὄεόλημένην
744 4936 1171 5008 πεποικιλμένην
1236 4937 1496 5008 εἰσφέρει,
1549 4938 1610 4991 τὸ
1659 4938 1716 4990 δὲ
1748 4957 1766 4989 ι
1822 4939 1908 4991 Ἐν
1980 4938 2125 5012 χειρὶ
2173 4937 2400 5008 Κυρίου,
2462 4958 2479 4989 ι
2520 4938 2674 5009 φησὶ,
2741 4936 3037 5000 τουτέστιν,
3111 4933 3215 4988 ὑπὸ
3265 4932 3472 5003 σκέπην
3509 4933 3604 5003 τῆς

340 5031 517 5106 χειρός
561 5046 663 5101 μου
713 5029 971 5083 σκεπάσω
1002 5041 1082 5081 σε’
1123 5028 1217 5081 καὶ
1241 5029 1402 5092 αὐτὸς
1430 5029 1488 5082 δέ
1534 5046 1637 5082 που
1684 5030 1914 5101 Χριστὸς
1951 5031 2081 5102 περὶ
2138 5030 2247 5082 τῶν
2289 5030 2431 5084 ἰδίων
2458 5030 2811 5106 θρεμμάτων,
2868 5030 2960 5085 καὶ
2980 5028 3097 5100 ἦτοι
3125 5026 3223 5098 τῆς
3258 5024 3366 5078 τῶν
3392 5040 3600 5077 πιστευ.

342 5122 549 5175 σάντων
573 5122 652 5185 εἰς
680 5118 843 5173 αὑτὸν
873 5118 1074 5188 ἀγέλης
1108 5120 1293 5190 φησὶν,
1340 5119 1422 5172 ὅτι
1460 5137 1479 5170 ι
1520 5118 1707 5183 Οὐδεὶς
1736 5120 1970 5192 ἁρπάσει
1993 5119 2132 5174 αὐτὰ
2163 5122 2226 5173 ἐκ
2257 5120 2359 5190 τῆς
2393 5121 2576 5193 χειρὸς
2613 5120 2709 5173 τοῦ
2741 5120 2951 5192 Πατρός
2979 5136 3101 5191 μου.
3127 5136 3145 5169 ι

410 5210 516 5264 Καὶ
543 5208 742 5264 οὐκέτι
771 5208 1056 5278 κληθήσῃ
1086 5209 1620 5278 καταλελειμμένῃ,
1648 5209 1747 5262 καὶ
1782 5209 1820 5276 ἡ
1844 5207 1918 5279 γῆ

2102 5209 2263 5264 Vens.
2288 5209 2342 5264 4.
2388 5210 2457 5264 Et
2495 5228 2824 5282 nequaquam
2869 5210 3009 5264 ultra
3034 5206 3298 5263 vocaberis
3327 5205 3600 5272 derelicta,

337 5317 454 5355 σου
501 5302 573 5356 οὐ
609 5299 979 5368 κληθήσεται
1006 5299 1246 5368 ἕρημος
1281 5299 1378 5353 σοί
1412 5301 1522 5369 γὰρ
1550 5299 1920 5369 κληθήσεται

2028 5317 2119 5355 nec
2149 5310 2289 5355 terra
2325 5314 2416 5355 tua
2471 5306 2736 5357 vocabitur
2762 5305 2983 5357 deserta.
3018 5301 3131 5356 Tibi
3165 5302 3301 5355 enim
3337 5299 3602 5354 vocabitur

338 5390 565 5461 θέλημα
600 5390 770 5460 ἐμὸν,
802 5389 902 5444 καί
929 5387 1006 5458 τῇ
1034 5386 1113 5461 τῇ
1146 5405 1264 5445 σου
1303 5386 1624 5460 οἰκουμένη
1655 5389 1756 5459 tl).

2027 5390 2267 5446 voluntas
2293 5409 2428 5457 mea,
2454 5403 2505 5449 et
2537 5403 2819 5450 temetum
2855 5394 3114 5448 habitata.

404 5549 451 5582 "
488 5548 644 5605 Joan.
676 5564 752 5615 Ix,
784 5548 839 5604 5.
910 5549 958 5584 "
980 5547 1121 5605 Psal.
1147 5562 1368 5614 Luxvt,
1396 5549 1451 5606 ‘5.
1524 5546 1574 5579 “
1605 5544 1747 5600 Psai".
1798 5510 1972 5611 σοιν,
2007 5545 2092 5600 io.
2168 5547 2216 5580 "
2250 5546 2405 5603 Joan.
2441 5563 2494 5612 ι,
2530 5548 2620 5603 29.

408 5687 484 5757 (Ι)
517 5686 773 5754 Sequitur
800 5684 853 5739 in
878 5685 1007 5739 edit.
1043 5683 1229 5757 LXX,
1257 5686 1338 5757 ὅτι
1365 5683 1624 5755 εύδόκησε
1685 5656 1926 5752 Κύριοςί

2027 5684 2113 5747 τοὶ,
2156 5685 2248 5737 καὶ
2305 5687 2337 5755 ἡ
2369 5686 2441 5756 γῆ
2472 5701 2562 5737 σου
2631 5681 3121 5755 συνοικισθήπεται,
3185 5696 3302 5753 qua:
3333 5692 3506 5737 tamen
3529 5677 3589 5734 3.

338 5755 695 5827 ilieronytnus
726 5766 886 5827 negat
915 5755 1055 5825 apud
1090 5755 1232 5809 LXX
1258 5755 1461 5809 haberi.
