4112 6292
562 357 695 417 18⁵11

1553 366 1613 425 S.
1650 362 1933 425 CYRILU
1967 364 2443 427 ALEXANDRINI
2478 360 2803 428 ARCHIEP.

3686 310 3707 331 ὶ

628 473 1027 534 Rursustloeet
1056 477 1426 547 depositurum
1478 496 1540 538 se
1571 492 1728 541 vetus
1773 486 1981 556 odium,
2031 502 2140 557 quo

2312 487 2656 543 Διαδιδάσκει
2681 486 2866 553 πάλιν,
2906 485 2991 540 δτι
3023 483 3127 557 τῆς
3176 480 3415 556 ἀρχαίας
3452 480 3849 552 ἀποστροφῆς.

558 582 703 639 κει).
748 577 1066 641 prosecutus
1088 580 1171 626 est
1194 570 1473 629 Iudaicam
1528 576 1892 651 Syuagogam,
1951 582 2021 636 ab
2056 583 2135 637 ira

559 659 885 716 destiturum
910 700 926 728 ,
958 660 1229 719 laetarum
1263 679 1382 720 eam
1411 668 1769 726 voluntariam
1804 683 1859 728 et
1886 675 2138 732 fructuo-

557 766 699 821 sam,
747 769 812 811 ac
867 754 1209 812 multitudine
1253 761 1585 816 credentium
1628 773 1970 822 ornatarum.
2007 767 2138 823 Sion

555 844 723 911 enim,
751 846 1033 913 repudiato
1075 848 1300 906 Domino
1327 861 1514 909 nostro
1555 853 1682 911 Jesu
1738 856 1980 925 Christo,
2046 874 2137 913 τοο-

554 935 710 990 ducta
741 936 900 991 estin
930 939 1257 1003 vastitatem.
1288 952 1344 998 et
1374 944 1662 1002 multitudo
1697 948 1990 1004 inﬁdelium
2015 964 2139 1018 per-

555 1024 636 1080 iit.
692 1024 1050 1098 Posteaquam
1075 1044 1203 1087 vero
1233 1034 1477 1104 reliquiae
1496 1037 1653 1091 ﬁdem
1709 1052 2051 1107 receperunt,
2083 1049 2139 1095 ct

553 1130 717 1184 porro
750 1129 939 1174 vocata
969 1130 1053 1176 est
1102 1122 1391 1182 multitudo
1430 1129 1696 1198 gentium,
1732 1144 1797 1184 ac
1851 1131 1904 1185 in
1966 1147 2134 1187 unum

550 1209 806 1279 populum
847 1213 901 1266 lti
931 1215 1036 1267 duo
1065 1216 1268 1271 conditi
1293 1227 1443 1286 sunt,
1466 1229 1523 1274 et
1547 1236 1651 1275 una
1678 1222 1893 1279 domum
1920 1239 1987 1279 ex
2019 1240 2136 1280 aut-

552 1290 724 1355 bobus
740 1301 883 1358 dicta
906 1314 991 1361 est
1022 1306 1285 1378 Ecclesia,
1334 1310 1562 1380 largitur
1597 1312 1645 1367 ei
1689 1311 1859 1379 Deus,
1895 1325 1955 1370 ut
1991 1315 2137 1373 nullo

553 1390 712 1445 modo
735 1393 978 1462 pristinis
1001 1397 1156 1453 malis
1185 1399 1514 1468 implicetur,
1542 1417 1643 1458 nec
1689 1403 1946 1461 derelicta
1977 1421 2133 1463 voce-

555 1489 644 1536 tur
673 1484 758 1539 τοι
785 1487 1021 1554 deserta,
1061 1493 1155 1547 sed
1180 1499 1239 1544 ut
1265 1492 1441 1561 potius
1472 1493 1523 1549 ei
1547 1495 1813 1566 morigera
1849 1506 1905 1553 et
1941 1499 2136 1554 volun-

552 1575 689 1628 taria
716 1574 808 1630 ﬁat
834 1594 850 1632 :
876 1578 1041 1650 871
1068 1590 1123 1636 et
1150 1596 1255 1636 non
1291 1583 1527 1653 amplius
1563 1587 1797 1653 deserta,
1833 1591 1929 1645 sed
1973 1591 2133 1648 habi-

554 1673 667 1720 tata
688 1668 991 1725 vocabitur.
1044 1670 1158 1728 Hoc
1204 1684 1384 1730 autem
1439 1693 1503 1732 ex
1527 1679 1689 1735 rebus
1722 1681 1854 1750 ipsis
1882 1681 2133 1741 videmus

551 1758 888 1827 usuvenisse,
920 1771 975 1816 et
1010 1761 1276 1822 Ecclesias
1302 1767 1505 1837 ubique
1549 1770 1600 1825 in
1663 1773 2058 1843 tranquillitate
2079 1784 2134 1830 et

2238 572 2308 651 ἧς
2341 578 2639 651 πεποίηται
2690 576 2955 642 πολλάκις
2997 576 3091 630 επὶ
3125 576 3193 646 τῇ
3244 573 3353 628 τῶν
3393 573 3673 628 Ἰουδαίων
3705 572 3849 628 20v-

2239 674 2454 744 αγωγῇ,
2472 670 2765 742 καταλήξει
2785 670 2995 735 λοιπὸν,
3017 667 3114 722 καὶ
3133 666 3480 721 πεπαύσεται
3497 665 3603 735 τῆς
3640 664 3845 737 ὀργῆς,

2239 764 2472 837 θελητὴν
2500 763 2558 818 δὲ
2579 764 2886 834 ποιήσεται,
2913 760 3009 815 καὶ
3040 758 3269 831 προσέτι
3302 756 3480 829 τούτῳ
3505 757 3603 811 καὶ
3630 755 3841 828 ἔγκαρ-

2240 874 2362 920 πον,
2396 856 2492 910 καὶ
2522 853 2602 926 τῷ
2645 853 2842 926 πλήθει
2890 852 3001 907 τῶν
3034 851 3481 906 πεπιστευκότων
3530 862 3846 918 στεφανου-

2242 948 2410 1020 μένην
2449 949 2737 1018 ἀποφανεῖ.
2801 943 3143 1015 Ἀθετήσασα
3182 942 3284 1015 μὲν
3324 941 3433 1013 γὰρ
3474 942 3508 1014 ἡ
3567 939 3711 1005 Σιὼν
3745 940 3846 994 τὸν

2238 1039 2445 1111 Κύριον
2474 1037 2630 1110 ἡμῶν
2673 1035 2881 1109 Ἰησοῦν
2906 1034 3165 1109 Χριστὸν,
3195 1030 3408 1089 δέδοται
3431 1033 3569 1106 προς
3604 1034 3843 1104 ἐρήμω-

2239 1144 2345 1190 σιν,
2366 1126 2460 1181 καὶ
2484 1125 2517 1197 ὴ
2541 1124 2650 1179 τῶν
2673 1124 3093 1197 ἀπιστησάντων
3113 1122 3337 1178 διόλωλε
3365 1120 3592 1192 πληθύς.
3642 1122 3840 1175 Ἐπει-

2236 1218 2302 1290 δὴ
2332 1218 2390 1273 δὲ
2418 1217 2751 1291 παρεδέξατο
2768 1218 2867 1289 τὴν
2897 1216 3080 1272 πίστιν
3100 1214 3162 1271 τδ
3183 1214 3554 1287 κατάλειμμα,
3576 1207 3700 1268 εἷτα
3738 1212 3839 1267 κέ-

2235 1404 2366 1458 λαδν
2381 1402 2708 1475 ἐκτίσθησαν
2730 1402 2781 1456 oi
2808 1398 2921 1465 δύο,
2953 1400 3054 1472 μία
3086 1415 3147 1453 τε
3171 1397 3359 1453 λοιπὸν
3390 1395 3452 1463 ἐξ
3482 1396 3687 1468 ἀμφοῖν
3726 1411 3839 1447 κε-

2246 1494 2591 1568 χρημάτικεν
2613 1492 2935 1565 Ἐκκλησία,
2963 1489 3400 1563 χαρίζεταιθεδς
3428 1489 3570 1560 αὐτῇ
3592 1488 3657 1541 τὸ
3686 1485 3840 1541 κατὰ

2239 1588 2441 1660 μηδένα
2456 1587 2656 1659 τρόπον
2674 1586 2789 1650 τοῖς
2809 1584 3056 1657 ἀρχαίοις
3076 1582 3279 1638 ἁλῶναι
3310 1583 3525 1644 κακοῖς,
3550 1581 3694 1652 μήτε
3722 1577 3837 1649 μὴν

2237 1676 2577 1750 κληθήσεσθε
2601 1674 2763 1749 [Lat]
2787 1673 3315 1746 καταλελειμμένην,
3351 1668 3385 1744 ἢ
3438 1670 3674 1743 ἔρημον,
3716 1669 3839 1725 ἀλλ’

2237 1769 2319 1824 ὅτι
2368 1769 2571 1839 μᾶλλον
2612 1767 2812 1840 θελητὴ
2837 1767 3127 1838 γενήσεται
3155 1763 3327 1837 αὐτῷ,
3359 1763 3458 1818 καὶ
3484 1762 3704 1834 ἔρημος
3732 1760 3840 1832 μὲν

552 1849 847 1905 serenitate
869 1853 1187 1923 collocatas,
1209 1866 1265 1914 et
1304 1858 1491 1917 ﬁdeles
1528 1862 1595 1916 ad
1631 1865 1950 1919 immensam
1996 1869 2135 1921 mul-

2242 1861 2441 1927 οὐκέτι,
2465 1858 2867 1931 κατοικουμένη
2887 1857 2945 1912 δὲ
2969 1856 3170 1930 μᾶλλον
3193 1855 3547 1929 κληθήσεται.
3581 1851 3840 1926 Ὀρῶμεν

553 1936 838 1996 titudiuem
862 1957 1203 2018 propagatos,
1233 1961 1288 2006 et
1316 1950 1482 2007 Deum
1529 1965 1753 2024 propter
1818 1957 1938 2013 illos
1990 1958 2134 2014 cele-

553 2024 723 2083 brari.
750 2028 1165 2093 PerSecutioues
1186 2038 1329 2094 enim
1363 2051 1520 2096 muta:
1552 2051 1679 2098 sunt
1709 2044 1872 2113 olim,
1909 2048 2002 2101 sed
2027 2062 2132 2103 non

552 2114 644 2171 diu
678 2134 695 2175 :
748 2129 804 2173 et
834 2122 1024 2180 breves
1050 2137 1227 2192 erant,
1262 2138 1318 2184 et
1352 2134 1681 2189 exercebant
1723 2137 1893 2206 magis
1918 2148 2138 2194 sanctos

550 2219 716 2298 quam
742 2211 1142 2280 opprimebant.
1201 2215 1421 2275 Probati
1473 2236 1706 2294 namque
1745 2233 1870 2281 sunt
1919 2236 2139 2298 propter

552 2294 891 2385 patientiam,
924 2311 979 2356 et
999 2315 1222 2375 prepter
1242 2307 1582 2366 tolerantiam
1615 2327 1886 2385 germanas
1907 2294 1959 2371 in
1978 2294 2139 2374 Citri-

2238 1949 2296 2005 δὲ
2320 1949 2479 2004 τοῦτο
2507 1950 2597 2005 διά
2629 1949 2972 2020 πραγμάτων
2996 1947 3179 2003 αὐτῶν
3205 1948 3287 2011 είς
3304 1945 3479 2019 πέρας
3499 1944 3834 2014 ὲκδεδηκός.

2252 2043 2340 2097 Ἐν
2370 2043 2521 2116 εὑδίᾳ
2552 2042 2663 2114 γὰρ
2709 2043 2805 2096 καὶ
2841 2041 3052 2114 γαλήνῃ
3080 2040 3181 2106 τὰς
3209 2037 3531 2110 ἁπανταχοῦ
3565 2038 3839 2108 κειμένας

2246 2134 2577 2207 Ἐκκλησίας
2597 2135 2838 2207 ὁρῶμεν,
2867 2135 2964 2189 καὶ
2987 2137 3066 2198 εἰς
3091 2131 3304 2206 πληθὺν
3330 2131 3419 2186 ἀεὶ
3435 2131 3540 2203 τὴν
3572 2128 3840 2183 ἐπέκεινα

2239 2226 2440 2299 μέτρου
2484 2226 2612 2290 τοὺς
2658 2225 3018 2291 πιστεύοντας
3061 2223 3495 2296 ἑκτεινομένους,
3541 2222 3639 2277 καὶ
3680 2220 3835 2274 εὐδοο

2235 2317 2439 2373 κοῦντα
2457 2316 2593 2372 Θεὸν
2613 2317 2701 2372 ἐπ’
2738 2318 2944 2383 αὐτοῖς.
2976 2316 3222 2389 Διωγμοὶ
3263 2317 3364 2389 μὲν
3382 2315 3496 2386 γὰρ
3516 2312 3839 2384 κεκίνηνται

536 2392 682 2481 stum
698 2384 820 2443 ﬁdei
863 2404 1122 2448 coronam
1157 2408 1456 2467 reportant,
1505 2412 1563 2457 et
1629 2406 1876 2479 martyrii
1911 2407 2137 2479 gloriam

2242 2409 2378 2465 κατὰ
2412 2409 2663 2480 καιροὺς,
2713 2408 2828 2463 ἀλλ’
2856 2410 2959 2464 οῦκ
2978 2410 3037 2463 ἐν
3064 2384 3245 2481 χρόνῳ
3264 2384 3495 2480 μακρῷ,
3539 2402 3837 2459 συνεσταλο

555 2471 888 2532 uberrimam
923 2484 1222 2550 possident.

2238 2500 2390 2572 μένοι
2416 2498 2496 2565 δὲ,
2527 2500 2624 2555 καὶ
2659 2499 3045 2571 γυμνάσαντες
3090 2497 3291 2571 μᾶλλον
3335 2498 3553 2570 ἁγίους.
3583 2495 3618 2567 ἢ
3643 2493 3836 2564 ἀδικίΓ

556 2585 748 2670 σαγτες
766 2590 781 2607 ⁸
818 2576 1097 2649 εὐδόκιμοι
1130 2582 1238 2655 γὰρ
1273 2586 1530 2655 γεγόνασι
1558 2589 1651 2645 διὰ
1682 2594 2000 2667 καρτερίας,
2043 2596 2141 2651 καὶ
2177 2597 2477 2670 ὑπομονῆς,
2504 2597 2596 2652 τὸν
2646 2596 2746 2669 τῆς
2766 2598 2848 2662 είς
2876 2596 3112 2669 Χριστὸν
3175 2594 3533 2668 γνησιότητος
3573 2591 3838 2664 ἀράμενοι

556 2659 838 2731 στέφανον,
868 2670 962 2723 καὶ
981 2670 1078 2742 τὴν
1103 2672 1199 2727 τοῦ
1231 2679 1531 2750 μαρτυρίου
1561 2681 1721 2749 δόξαν
1752 2659 2321 2761 καταπλουτήσαντες.

628 2755 791 2850 Vsus.
834 2759 888 2817 5.
937 2760 1007 2817 Et
1037 2770 1091 2833 ut
1132 2767 1336 2825 habitat
1380 2773 1592 2843 juvenis
1645 2792 1765 2831 cum
1811 2782 2031 2850 uirgine,
2061 2755 2139 2838 sic

555 2845 867 2905 habitabant
904 2852 1005 2920 ﬁlii
1037 2858 1115 2911 tui
1143 2867 1313 2915 tecum
1333 2879 1353 2917 :
1379 2874 1425 2916 et
1448 2866 1545 2918 erit
1569 2871 1832 2937 quomodo
1864 2845 2140 2928 (lambitur

554 2953 781 3005 aponstte
814 2959 973 3014 super
1006 2963 1199 3018 sponsa
1223 2992 1240 3018 ,
1280 2954 1358 3009 sic
1413 2956 1685 3014 [celabitur
1720 2978 1877 3033 super
1936 2972 1986 3021 te
2028 2966 2138 3022 Do-

554 3048 752 3090 nimus.

629 3122 897 3199 Deinceps
923 3130 991 3187 ad
1028 3134 1328 3196 Ecclesiam
1374 3143 1680 3201 orationem
1729 3147 1917 3216 habet,
1951 3160 2139 3221 utpote

559 3236 628 3277 ex
665 3221 910 3283 Judaicis
961 3228 1212 3287 tribubus
1266 3236 1503 3303 primum
1550 3240 1934 3305 constitutam,
1985 3241 2142 3313 cujus

556 3313 652 3369 lilii
682 3317 906 3387 quidem
942 3319 1166 3377 fuerunt
1196 3329 1382 3384 carnis
1407 3330 1620 3385 ratione
1644 3331 1811 3387 divini
1844 3334 2092 3407 discipuli
2123 3352 2140 3393 :

557 3406 653 3461 sed
681 3416 861 3464 tamen
902 3410 955 3465 in
989 3411 1073 3466 illa
1109 3417 1486 3484 praestiterunt
1535 3429 1588 3477 et
1625 3421 1960 3491 praefuerunt
2012 3425 2142 3481 reli-

557 3498 704 3566 quis.
737 3509 924 3569 utpote
954 3506 1252 3572 apostolica
1289 3514 1625 3568 auctoritate
1661 3516 1895 3583 praediti.
1938 3517 2141 3573 Verum

559 3602 833 3644 summum
885 3606 1128 3648 amorem
1169 3611 1300 3667 erga
1342 3599 1488 3655 illam
1532 3611 1588 3657 et
1639 3603 1895 3660 allectum
1933 3609 2142 3664 retine-

559 3677 716 3747 bant,
748 3680 885 3737 adeo
913 3692 972 3737 ut
997 3699 1059 3739 ea
1088 3685 1367 3743 videretur
1384 3705 1510 3748 esse
1539 3693 1671 3749 talis
1701 3696 1755 3750 in
1790 3711 1910 3752 eam
1945 3699 2140 3769 pietas,

561 3771 741 3840 qualis
775 3773 1030 3843 juvenem
1072 3778 1228 3834 decet
1294 3781 1629 3842 habitantem
1661 3801 1784 3843 cum
1827 3791 2059 3862 virgine,
2090 3793 2144 3850 id

560 3871 666 3927 est,
696 3878 817 3936 quae
846 3881 969 3922 cum
1002 3883 1068 3925 eo
1091 3885 1122 3924 a
1148 3872 1464 3945 virginitate
1503 3877 1751 3948 copulata
1789 3890 1897 3938 est.
1948 3884 2144 3941 Dicunt

561 3964 745 4010 autem
777 3971 874 4013 eos
911 3959 980 4015 ad
1008 3976 1282 4018 summum
1324 3965 1542 4037 pietatis
1578 3970 1805 4041 gradum
1836 3974 2142 4044 pervenire,

561 4045 655 4117 qui
703 4062 769 4104 eo
817 4051 1034 4109 vinculo
1071 4062 1279 4112 tantum
1334 4075 1439 4115 non
1471 4062 1751 4119 constricti
1789 4076 1939 4123 sunt.
1971 4065 2138 4124 Nimi-

486 4166 511 4182 -
564 4155 684 4195 rum
729 4153 786 4198 et
843 4146 1285 4216 sapientissimus
1336 4150 1576 4209 Paulus:
1644 4174 1665 4209 ι
1708 4152 1955 4215 Tristitia
2010 4162 2144 4218 mihi

562 4242 670 4298 est,
711 4254 731 4289 ι
771 4237 968 4309 inquit,
1004 4259 1023 4294 ι
1064 4252 1119 4297 et
1152 4242 1307 4299 dolor
1353 4244 1691 4317 irremissus,
1735 4250 1786 4305 in
1827 4253 2013 4319 corde,
2044 4269 2146 4325 pro

562 4324 825 4385 fratribus
871 4333 1008 4388 meis
1066 4337 1315 4405 cognatis
1362 4338 1576 4396 ratione
1629 4344 1835 4411 carnis,
1885 4345 1976 4416 qui
2018 4324 2148 4401 sunt

2311 2783 2424 2838 Kal
2462 2783 2543 2851 ὡς
2585 2782 2891 2840 συνοικῶν
2936 2781 3262 2848 νεανίσκος
3294 2779 3596 2849 παρθένῳ,
3644 2774 3838 2841 οὕτως

2239 2873 2718 2942 κατοικήσουσιν
2753 2875 2809 2929 oi
2852 2873 2974 2929 υἱοί
3012 2887 3130 2928 σου
3160 2870 3313 2942 μετὰ
3349 2868 3491 2933 σοῦ,
3534 2867 3639 2922 καὶ
3670 2866 3841 2921 ἔσται

2242 2966 2317 3021 δν
2359 2968 2586 3036 τρόπον
2632 2963 3114 3036 εὐφρανθήσεται
3161 2965 3425 3033 νυμφίος
3461 2959 3565 3014 ἐπὶ
3610 2958 3838 3030 νύμφῃ»

2241 3057 2433 3125 οὕτως
2463 3056 2940 3127 εὐφρανθήσεται
2976 3054 3076 3109 ἐπὶ
3106 3054 3206 3108 σοὶ
3239 3054 3476 3122 Κύριος.

2314 3142 2448 3200 Εἶτα
2471 3146 2611 3216 πρὸς
2640 3145 2741 3216 τὴν
2755 3142 3085 3215 Ἐκκλησίαν
3117 3144 3350 3196 ποιεῖται
3382 3140 3513 3202 τοὺς
3538 3136 3740 3207 λόγους
3765 3133 3841 3198 ὥς

2240 3236 2350 3291 ἀπό
2380 3253 2463 3306 γε·
2486 3236 2597 3291 τῶν
2627 3233 2939 3291 Ἰουδαϊκῶν
2980 3234 3276 3306 ταγμάτων
3323 3232 3604 3285 συστᾶσαν
3653 3230 3715 3282 ἐν
3741 3230 3841 3299 ἀρ·

2242 3329 2386 3399 χαῖς.
2410 3327 2630 3398 Ταύτης
2654 3328 2949 3398 γεγόνασιν
2973 3325 3082 3379 υίοὶ
3109 3325 3250 3379 κατὰ
3280 3323 3458 3395 σάρκα
3483 3325 3533 3377 oi
3561 3321 3838 3377 θεσπέσιοι

2247 3417 2508 3490 μαθηταὶ,
2534 3419 2651 3474 ἀλλ’
2683 3414 2825 3489 ἦσαν
2853 3420 2913 3473 ὲν
2935 3419 3075 3491 αὐτῇ
3110 3415 3438 3489 προῦχοντες
3470 3415 3569 3486 μὲν
3594 3413 3703 3468 τῶν
3738 3411 3838 3467 άλ-

2242 3508 2373 3575 λων,
2402 3510 2495 3563 καὶ
2521 3510 2966 3582 ἡγεμονεύοντες,
2988 3510 3065 3576 ὡς
3098 3511 3157 3563 ὲν
3190 3508 3495 3581 ἀξιώμασιν
3521 3507 3679 3570 ὄντες
3704 3507 3840 3560 ἀπο·

2245 3602 2511 3669 στολικοῖς
2533 3643 2548 3667 ,
2591 3603 2734 3674 πλὴν
2771 3602 2871 3676 τὴν
2904 3604 2985 3668 είς
3016 3602 3187 3675 άκρον
3228 3603 3364 3674 αὐτῇ
3393 3600 3650 3663 σώζοντες
3685 3598 3837 3666 ἁγά-

2244 3712 2354 3767 πην
2418 3697 2515 3750 καὶ
2550 3695 2811 3763 διάθεσιν,
2861 3695 3005 3750 ὥστε
3050 3694 3149 3750 καὶ
3196 3696 3376 3750 δοκεῖν
3405 3692 3655 3762 τοιαὺτην
3692 3684 3838 3744 εἶναι

2243 3785 2342 3858 τὴν
2385 3788 2474 3841 ἐπ’
2521 3788 2662 3861 αὐτῇ
2696 3789 2999 3862 γενομένην
3050 3788 3459 3861 φιλοστοργίαν,
3502 3779 3593 3840 οἷά
3629 3802 3737 3855 περ
3770 3786 3838 3839 ἂν

2245 3879 2449 3951 πρέποι
2477 3880 2745 3952 νεανίσκῳ
2776 3881 3115 3954 συνῳκηκότι
3146 3880 3424 3952 παρθένῳ,
3456 3878 3708 3933 τουτέστι
3768 3879 3834 3949 τῇ

2245 3968 2312 4022 ὲκ
2342 3969 2640 4042 παρθενίας
2687 3970 2840 4043 αὑτῷ
2888 3971 3244 4046 συνημμένῃ’
3291 3971 3425 4040 φασὶ
3456 3971 3516 4024 δὲ
3546 3971 3629 4035 είς
3676 3968 3831 4039 λῆξιν

2243 4058 2465 4133 ἀπάσης
2510 4060 2703 4116 ἑλάσαι
2741 4061 3122 4133 φιλοστοργίας
3186 4061 3313 4126 τοὺς
3367 4061 3460 4114 ἐπὶ
3507 4059 3589 4132 τῷ
3650 4059 3835 4131 τοιῷδε

2244 4151 2432 4225 δεσμῷ
2465 4153 2745 4226 μονονουχὶ
2787 4154 3277 4227 κατεστιγμένους.
3322 4155 3433 4209 Καὶ
3465 4153 3600 4223 γοῦν
3630 4156 3660 4209 ὁ
3702 4153 3836 4208 πάν·

2246 4258 2409 4315 σοφος
2437 4245 2680 4312 Παῦλος·
2711 4264 2730 4298 ι
2754 4244 2914 4320 Λύπη
2940 4264 3055 4319 μοι,
3089 4266 3109 4300 ι
3143 4247 3330 4319 φησὶν,
3363 4267 3382 4300 ι
3416 4246 3534 4301 ἔστι
3555 4247 3653 4302 καὶ
3676 4246 3838 4320 όδὺνη

2245 4335 2589 4402 ἀδιάλειπτος
2616 4339 2674 4392 ὲν
2699 4338 2767 4410 τῇ
2795 4337 2993 4410 καρδίᾳ
3021 4355 3124 4410 μου
3154 4337 3296 4409 ὑπὲρ
3320 4336 3431 4392 τῶν
3454 4338 3704 4409 ἀδελφῶν
3734 4355 3835 4408 μου

564 4414 822 4509 Israelita:
854 4423 979 4482 η’.»
1022 4423 1349 4499 Optavitque
1384 4436 1674 4490 anathema
1708 4436 1823 4491 lleri
1857 4414 1955 4509 pro
1984 4438 2139 4508 ipsis.

2246 4428 2356 4484 τῶν
2389 4429 2667 4500 συγγενῶν
2707 4429 2850 4485 κατὰ
2890 4429 3103 4503 σάρκα,
3144 4429 3343 4495 οἵτινές
3390 4431 3531 4484 εἰσιν
3568 4429 3837 4501 Ἰσραηλῖ-

572 4505 769 4563 Verum
802 4525 994 4583 magna
1031 4531 1212 4572 rerum
1239 4522 1481 4586 novatio.
1508 4533 1563 4578 et
1591 4524 1728 4579 mira
1758 4505 2005 4593 mutatio,
2043 4528 2146 4584 bac

562 4603 848 4672 prophetia
915 4607 1073 4664 nobis
1122 4614 1400 4682 proposita
1461 4616 1830 4688 signiﬁcatur.
1907 4621 2145 4690 Antiqua

562 4692 708 4785 enim
741 4694 1023 4772 Synagoga
1051 4713 1108 4757 et
1136 4710 1348 4760 tantum
1384 4721 1492 4762 non
1541 4710 1838 4767 inveterata
1898 4721 2146 4785 tempore

557 4776 864 4852 juveneulaa
904 4805 1277 4861 comparatur.
1331 4815 1353 4852 ι
1409 4799 1744 4858 Habitabant
1801 4804 1971 4860 veluti
2016 4821 2142 4862 cum

561 4874 855 4947 virgine,»
893 4881 1087 4953 inquit,
1119 4902 1140 4937 ι
1171 4886 1267 4941 lilii
1299 4887 1395 4945 tui.
1433 4909 1452 4942 ι
1485 4891 1600 4947 Hoc
1627 4903 1733 4959 est,
1757 4895 1972 4965 opinor,
1999 4896 2142 4966 quod

562 4965 620 5021 in
673 4966 902 5028 Psalmis
975 4974 1322 5034 decantatqu
1376 4992 1499 5038 est:
1567 5001 1588 5036 ι
1658 4965 2031 5042 Reuovabitur
2085 4999 2144 5044 ut

564 5060 762 5130 aquila:
783 5063 1044 5133 juventus
1071 5077 1163 5123 tua
1188 5070 1260 5125 ".
1298 5091 1318 5125 ι
1354 5067 1684 5132 Habitarunt
1708 5093 1833 5133 cum
1862 5079 1999 5150 ipsa,
2026 5095 2143 5135 ma-

566 5153 905 5215 nuducentes
922 5175 1066 5230 eam,
1094 5172 1349 5234 tanquam
1381 5170 1649 5227 nutricem
1682 5173 2055 5242 consolantes,
2087 5185 2146 5232 et

564 5252 626 5299 ut
658 5256 888 5303 matrem
925 5266 1107 5308 rerum
1149 5256 1579 5315 umbraticarum
1614 5271 1673 5318 et
1704 5263 2011 5335 typicarum
2050 5280 2141 5322 sa-

565 5339 778 5407 pienter
808 5343 1162 5415 adducentes,
1190 5358 1248 5402 ut
1290 5364 1391 5420 pro
1423 5350 1599 5408 inutili
1639 5356 1830 5411 umbra
1858 5356 2141 5412 veritatem

566 5431 850 5504 eligerent.
890 5435 1205 5507 Cujusmodi
1235 5451 1318 5497 est
1350 5444 1495 5513 quod
1525 5446 1575 5500 ei
1627 5445 1766 5501 dixit
1798 5446 1963 5502 etiam
2005 5446 2145 5501 divi-

569 5538 672 5579 nus
690 5526 858 5583 David
886 5547 900 5583 :
929 5549 950 5582 ι
978 5529 1086 5587 Pro
1107 5535 1356 5603 patribus
1383 5536 1622 5592 tuisnati
1643 5547 1777 5594 sunt
1799 5539 1896 5594 tibi
1928 5538 2136 5594 111ίί⁸⁷.»

2250 4538 2362 4577 ται.
2390 4542 2411 4576 ι
2446 4520 2656 4594 Ηῦχετο
2683 4522 2741 4576 δὲ
2774 4522 2868 4577 καὶ
2892 4520 3142 4594 ἀνάθεμα
3168 4521 3423 4588 γενέσθαι
3460 4521 3606 4595 ὑπὲρ
3638 4520 3837 4582 αὐτῶν,

2252 4612 2393 4686 πλὴν
2420 4614 2502 4668 ὅτι
2533 4614 2700 4679 πολὺς
2742 4612 2851 4670 τῶν
2881 4614 3222 4688 πραγμάτων
3248 4614 3278 4667 ό
3318 4614 3611 4687 καινισμὸς
3635 4613 3726 4667 διὰ
3740 4611 3840 4683 τῆς

2251 4706 2621 4779 προκειμένης
2645 4708 2777 4778 ἡμῖν
2811 4705 3146 4778 προφητείας
3183 4705 3533 4776 σημαίνεται,
3566 4707 3665 4761 καὶ
3692 4703 3838 4771 ἀξιο-

2254 4798 2621 4872 θαύμαστοςή
2650 4799 2920 4872 μεταϐολή
2939 4817 2953 4830 ο
2977 4801 3012 4871 ἡ
3039 4799 3146 4873 γὰρ
3170 4797 3376 4871 ἀρχαία
3398 4794 3723 4869 Συναγωγή,
3746 4798 3839 4853 καὶ

2243 4891 2443 4963 τρόπον
2480 4891 2603 4946 τινὰ
2636 4890 3023 4963 πεπολιωμένη
3071 4888 3182 4963 [aL
3233 4888 3669 4961 πεπαλαιωμένη
3686 4888 3731 4962 j,
3755 4888 3843 4943 διὰ

2242 4982 2334 5036 τὸν
2357 4983 2548 5054 χρόνον
2570 4981 2771 5055 νεάνιδι
2797 4982 3212 5055 παρεικάζεταυ
3245 5000 3265 5034 ι
3290 4982 3701 5052 Κατοικήσουσι
3731 4983 3843 5053 γὰρ

2243 5072 2320 5139 ὡς
2359 5051 2512 5145 μετὰ
2551 5051 2854 5147 παρθένου,
2882 5051 2915 5129 -ι
2959 5074 3148 5146 φησὶν,
3205 5092 3224 5126 ι
3260 5074 3310 5126 σί
3357 5074 3465 5129 υἱοί
3507 5051 3634 5129 σου.
3658 5093 3676 5126 ι
3728 5051 3843 5129 Kal.

2242 5164 2424 5231 τοῦτο,
2438 5161 2614 5239 οἶμαι,
2648 5167 2763 5221 ἐστι
2799 5166 2861 5221 τὸ
2886 5168 2945 5221 ὲν
2962 5167 3217 5240 Ψαλμοῖς
3244 5167 3583 5241 ὑμνούμενον
3601 5184 3617 5198 ο
3646 5184 3666 5218 ι
3688 5166 3844 5221 Ἀνα-

2245 5259 2695 5333 καινισθήσεται,
2740 5259 2816 5326 ὡς
2855 5258 3014 5314 ἀετοῦ
3051 5263 3088 5333 ἡ
3132 5262 3321 5334 νεότης
3373 5279 3493 5328 σου,
3514 5280 3533 5313 ι
3577 5276 3842 5333 κατῳκη-

2245 5352 2377 5406 κασί
2419 5370 2484 5423 γε
2534 5352 2641 5425 μὴν
2684 5354 2743 5408 ὲν
2783 5352 2919 5425 αὐτῇ
2970 5352 3443 5425 χειραγωγοῦντες
3484 5352 3561 5418 ὡς
3607 5352 3835 5425 τροφὸν,

2244 5443 2690 5515 παρακαλοῦντες
2719 5443 2796 5509 ὡς
2829 5443 3062 5516 μητέρα,
3108 5444 3216 5500 τῶν
3280 5446 3340 5499 ὲν
3378 5447 3561 5509 σκιαῖς
3606 5446 3703 5499 καὶ
3739 5445 3839 5499 τῦο

2245 5551 2371 5601 ποις
2414 5536 2875 5607 ἀποκομίζοντες,
2921 5537 3344 5603 ἅναδισάζσντές
3373 5555 3437 5591 τε
3474 5537 3661 5608 σοφῶς
3698 5538 3840 5611 πρός

567 5609 701 5668 Nam
733 5616 787 5670 bi
814 5632 936 5671 cum
975 5620 1092 5689 ejus
1120 5625 1446 5681 exsisterent
1483 5626 1601 5695 lilii,
1635 5629 1778 5697 quod
1810 5628 1880 5685 ad
1916 5642 2137 5685 carnem

2245 5646 2311 5700 γε
2341 5628 2405 5683 τὸ
2431 5628 2544 5685 δεῖν
2569 5628 2671 5701 τῆς
2702 5630 2960 5702 ἀνονήτου
3003 5630 3161 5694 σκιᾶς
3191 5628 3519 5685 ἀνθελέσθαι
3560 5629 3662 5703 τὴν
3704 5609 3843 5703 ἁλή-

2146 5694 2219 5764 Γ)

638 5788 704 5822 ⁸⁸·
732 5788 889 5845 Rom.
920 5807 993 5856 Ix,
1026 5795 1080 5861 3,
1109 5796 1162 5850 4.
1239 5799 1451 5856 "Psal.
1488 5817 1580 5867 cn,
1615 5803 1667 5858 5.
1743 5805 1787 5839 "
1821 5805 1963 5863 Psal.
1990 5822 2136 5876 xuv,
2175 5765 2261 5862 l7.
