4134 6302
243 388 390 445 1573

1387 373 1455 431 ΙΝ
1494 375 1731 432 ιειιιςιιι
1767 377 1898 434 LIB.
1938 379 2002 436 ν.
2044 378 2282 436 'I'OMUS
2324 379 2385 436 Υ.

3375 389 3513 448 1374

240 502 417 559 θειανο
455 497 561 570 εφη
589 490 645 550 τι
685 493 927 550 τοιοῦτον
959 491 1055 546 καὶ
1101 491 1130 541 ὁ
1173 489 1461 552 Θεσπέσιος
1503 491 1667 543 Δαϐὶδ
1696 490 1833 562 πρὸς

1943 492 2154 557 attinet,
2207 492 2333 546 facti
2380 501 2504 548 sunt
2542 493 2590 548 ci
2633 505 2842 564 patres,
2893 495 3214 569 initiumque
3248 515 3512 557 novorum

241 594 436 666 αὑτήνο
489 609 509 644 ι
551 589 700 644 Ἀντὶ
751 587 860 642 τῶν
917 585 1170 654 πατέρων
1221 597 1315 633 σου
1362 582 1700 652 ἐγενήθησάν
1749 600 1833 635 σοι

239 687 371 743 υιοί.
403 705 422 739 ι
456 687 519 739 0i
565 682 675 754 γάρ
707 681 876 750 αὐτῆς
920 677 1072 739 ὄντες
1119 675 1228 728 uiol.
1260 673 1406 728 κατὰ
1451 674 1631 746 σάρκα
1675 675 1835 743 γεγό-

239 794 400 832 νασιν
441 774 612 844 αὐτῆς
655 769 918 840 πατέρες,
955 764 1101 837 ἀρχὴ
1146 764 1256 816 τῶν
1287 763 1424 817 νέων
1464 764 1635 834 αὐτῆς
1679 763 1834 827 ὄντες

237 869 472 934 τέκνων,
503 867 613 920 τῶν
658 862 750 918 διά
777 861 1015 922 πίστεως
1060 856 1301 928 δηλονότι
1354 855 1708 926 κεκλημένων
1753 857 1833 918 εἰς

240 963 542 1030 ἰπίγνωσιν
586 955 682 1010 τοῦ
741 953 962 1007 πάντων
1017 949 1178 1022 ἡμῶν
1243 948 1497 1019 Σωτῆρος
1553 947 1792 1018 Χριστοῦ
1814 963 1829 978 ·

239 1054 446 1109 τούτων
481 1051 537 1105 δὲ
571 1048 746 1112 οὕτως
788 1046 1044 1116 ἑχόντων,
1085 1042 1274 1114 φησίψ
1311 1060 1330 1093 ι
1361 1040 1550 1104 Οὕτως
1591 1041 1832 1110 εὐφραν-

242 1145 470 1216 θήσεται
529 1139 736 1212 Κύριος
768 1139 864 1191 ἐπὶ
903 1136 1007 1202 σοὶ,
1039 1135 1293 1204 καθάπερ
1325 1132 1516 1203 ἀμέλει
1554 1133 1649 1185 καὶ
1703 1148 1836 1200 νυμ-

242 1237 364 1305 φίος
389 1235 483 1289 ἐπὶ
524 1232 733 1304 νύμφῃ.
763 1250 782 1283 ι
816 1228 1091 1283 Καθίκετο
1115 1225 1225 1296 γάρ
1249 1224 1310 1290 ἐξ
1339 1223 1587 1295 οὐρανῶν
1610 1223 1640 1274 ό
1676 1239 1833 1292 μονο-

242 1327 406 1399 γενὴς
446 1324 543 1379 τοῦ
571 1323 709 1378 Θεοῦ
745 1321 946 1389 Λόγος,
984 1319 1072 1372 ἵνα
1115 1318 1393 1386 ἔγκαρπον
1437 1315 1690 1386 ἀποφήνῃ
1733 1314 1834 1383 τὴν

257 1418 600 1489 Ἐκκλησίαν,
650 1416 716 1486 ἢν
767 1413 930 1474 αὐτὸς
967 1408 1147 1479 ἑαυτῷ
1202 1407 1516 1479 παρέστησε
1561 1403 1833 1474 παρθένον

243 1509 440 1580 ἁγνὴν,
476 1506 552 1579 μὴ
579 1506 808 1577 ἔχουσαν
845 1502 1035 1556 σπίλον
1063 1499 1096 1570 ἢ
1127 1497 1334 1570 ῥυτίδα,
1360 1496 1521 1565 ἁγίαν
1543 1495 1598 1548 δὲ
1633 1493 1832 1566 μᾶλλον

245 1602 342 1655 καὶ
373 1599 623 1669 ἄμωμον.
656 1595 937 1666 Δεξαμένη
975 1592 1155 1646 τοίνυν
1193 1591 1324 1662 παρ’
1348 1588 1514 1642 αὑτοῦ
1549 1585 1834 1657 εὐαγγελι-

245 1692 350 1761 κῆς
392 1689 670 1753 πολιτείας
715 1687 788 1740 τὰ
837 1685 1164 1756 σπέρματα,
1215 1680 1594 1751 κεκυοιρόρηκέ
1631 1696 1693 1732 τε
1741 1679 1834 1732 καὶ

245 1783 491 1846 τέτοκεν,
539 1781 641 1835 οὐκ
679 1780 758 1834 ἔτι
796 1777 896 1849 τὴν
941 1777 1007 1830 δι’
1033 1777 1281 1846 αἱμάτων
1323 1773 1419 1827 καὶ
1476 1771 1700 1826 καπνῶν
1737 1771 1832 1825 λα-

1937 584 2104 654 872
2136 583 2250 651 ejus
2289 585 2605 651 liberorum,
2657 587 2747 655 qui
2809 602 2906 656 per
2967 588 3124 643 lldem
3187 591 3397 648 scilicet
3444 597 3514 649 ad

1937 675 2269 744 agnitionem
2327 677 2571 730 omnium
2633 686 2883 732 nostrum
2947 678 3256 737 Scrvatoris
3313 684 3514 742 Christi

1938 768 2111 821 vocati
2158 776 2306 822 sunt.
2351 767 2447 822 llis
2483 769 2553 822 ita
2591 785 2652 824 se
2705 770 3047 834 habentibus,
3092 773 3312 842 inquit:
3351 794 3371 827 ι
3426 778 3519 833 Sic

1936 855 2209 910 laetabitur
2247 855 2503 912 Dominus
2553 867 2776 928 propter
2825 869 2898 922 te,
2944 865 3398 930 quemadmodum
3439 867 3520 934 vi-

1935 949 2133 1003 delicet
2159 963 2393 1018 sponsus
2427 959 2647 1019 pmpter
2673 966 2952 1020 sponsam.
2994 971 3014 1006 ι
3053 955 3340 1010 Descendit
3370 960 3514 1012 enim

1936 1041 2273 1108 unigenitum
2337 1041 2429 1096 Dei
2481 1041 2754 1110 Verbum,
2809 1057 2868 1098 ut
2917 1045 3202 1102 fecuinlam
3267 1051 3520 1106 redderet

1935 1129 2260 1194 Ecclesium,
2301 1145 2462 1200 quam
2513 1132 2631 1200 ipse
2675 1133 2778 1186 sibi
2827 1134 3075 1190 exhibuit
3118 1137 3382 1206 virginem
3419 1153 3518 1207 pu-

1935 1235 2074 1287 ram,
2105 1237 2217 1276 non
2253 1222 2540 1278 habentem
2575 1225 2842 1284 maculam
2881 1236 2973 1279 aut
3023 1242 3234 1296 rugam,
3273 1229 3366 1282 sed
3395 1243 3519 1298 qua:

1935 1324 2122 1368 sancta
2166 1314 2345 1383 potius
2374 1313 2518 1370 foret
2556 1326 2610 1369 et
2643 1315 2988 1370 immaculata
3005 1317 3094 1371 "'.
3130 1319 3388 1388 Acceptis
3417 1319 3518 1390 igi-

1937 1414 2023 1459 tur
2041 1405 2109 1457 ah
2128 1405 2245 1474 ipso
2268 1406 2587 1475 evangelicae
2607 1408 3036 1462 conversationis
3057 1410 3371 1474 seminibus,
3390 1426 3517 1480 gra-

1935 1493 2058 1547 vida
2093 1491 2236 1546 facta
2271 1503 2376 1555 est.
2406 1503 2461 1548 et
2492 1509 2599 1547 nou
2625 1494 2737 1562 jam
2775 1497 2980 1550 cultqu
3017 1499 3225 1568 peperit
3259 1508 3358 1569 per
3388 1515 3517 1555 sau-

1934 1584 2128 1654 guines
2175 1593 2230 1638 et
2279 1581 2478 1650 fumos,
2529 1583 2623 1638 sed
2682 1583 2830 1638 illum
2891 1586 3063 1656 magis
3127 1603 3234 1654 quo
3283 1591 3520 1642 niaxime

1936 1675 2183 1730 veritatis
2231 1675 2578 1745 pulchritudo
2630 1685 2950 1730 exornatur.
3005 1676 3142 1732 lliuc
3193 1677 3426 1745 laetatur,
3465 1688 3522 1732 et

1935 1767 2153 1835 quidem
2190 1769 2404 1829 merito,
2430 1782 2555 1822 cum
2589 1769 2768 1823 videat
2801 1768 2934 1838 legis
2965 1779 3120 1840 typos
3156 1769 3208 1823 in
3237 1772 3518 1824 vcritatc'n

245 1875 454 1946 τρείαν,
499 1873 715 1943 εκείνην
759 1871 817 1924 δὲ
856 1869 1076 1941 μᾶλλον,
1209 1866 1274 1938 δὴ
1328 1865 1566 1936 μάλιστα
1617 1864 1679 1918 τὸ
1730 1863 1832 1934 τῆς

1943 1857 2304 1926 evangelicum
2341 1869 2599 1925 mutatos,
2633 1870 2688 1914 et
2722 1875 2977 1929 sponsam
3012 1859 3392 1928 spiritualihus
3423 1877 3516 1915 su-

243 1964 507 2036 άληθείας
545 1963 950 2033 ὲντετόρνευται
989 1959 1204 2022 κάλλος.
1242 1957 1513 2028 Ταύτῃτοι
1561 1955 1654 2009 καὶ
1690 1953 1837 2025 μάλα

1941 1950 2166 2006 crillciis
2191 1960 2246 2004 et
2277 1965 2404 2005 vere
2454 1953 2663 2007 sanctis
2697 1949 2989 2006 virtutibus
3027 1953 3442 2009 enitescentem.

245 2056 471 2120 εἰκότως
516 2054 875 2126 εὐφραίνεται
917 2051 1377 2122 μετατιθεμένους
1413 2047 1557 2118 όρῶν
1602 2049 1729 2112 τοὺς
1777 2045 1869 2100 τοῦ
1911 2044 2080 2115 νόμου
2118 2045 2324 2108 τύπους
2386 2045 2468 2107 είς
2513 2043 2771 2114 ἀλήθειαν
2817 2045 3201 2117 εὐαγγελικὴν,
3233 2047 3328 2099 καὶ
3362 2063 3522 2102 πνευ-

249 2149 504 2218 ματικαῖς
533 2145 766 2210 θυσίαις,
793 2145 892 2200 καὶ
920 2143 1314 2216 άγιοπρεπέσιν
1357 2140 1576 2214 άληθῶς
1619 2139 2047 2212 κατορθώμασιν
2073 2137 2172 2209 τὴν
2203 2136 2425 2208 νύμφην
2455 2134 2868 2209 ὲκλάμπουσαν.

319 2279 422 2334 Kal
477 2277 723 2333 ἐπὶτῶν
766 2278 1011 2347 τειχέων
1054 2291 1196 2342 σου,
1235 2273 1651 2343 Ἰερουσαλὴμ,
1686 2290 1828 2328 κατ-

2001 2271 2164 2326 Vens.
2194 2271 2246 2326 6.
2278 2271 2343 2327 Et
2376 2289 2532 2342 super
2557 2289 2734 2328 muros
2768 2282 2906 2337 tuos,
2928 2272 3250 2339 Jerusalem,
3271 2275 3522 2328 constitui

247 2369 480 2438 ἐστησα
511 2371 788 2439 φύλακας
832 2367 990 2437 ὅλην
1037 2367 1153 2432 τὴν
1186 2365 1440 2436 ἡμέραν,
1511 2365 1611 2418 καὶ
1676 2363 1832 2432 ὅλην

1943 2367 2198 2430 custodes,
2231 2373 2340 2418 tota
2391 2366 2478 2419 die
2507 2376 2555 2419 et
2582 2375 2693 2418 tota
2724 2375 2896 2429 nocte,
2928 2365 3018 2435 qui
3067 2381 3336 2435 nunquam
3381 2375 3524 2420 tace-

250 2461 364 2530 τὴν
409 2464 637 2524 νύκτα,
679 2461 737 2515 οἳ
782 2460 879 2514 διὰ
919 2459 1133 2526 τέλους
1167 2460 1239 2513 οὐ
1278 2456 1696 2520 σιωπήσονται
1735 2475 1831 2528 μι-

247 2554 660 2623 μνησκόμενοι
689 2553 931 2621 Κυρίου.
970 2552 1092 2605 Οὐκ
1136 2551 1269 2605 ἐστι
1300 2549 1410 2621 γὰρ
1435 2549 1578 2618 ὑμῖν
1609 2547 1830 2618 ὅμοιος.

339 2687 426 2750 Ὦς
459 2685 594 2758 πρὸς
631 2686 782 2739 πόλιν
823 2686 1132 2756 διαλέγεται
1165 2684 1446 2756 λαμπρὰν,
1477 2683 1571 2738 καὶ
1601 2701 1836 2754 συνῳκι-

261 2779 468 2850 σμένην
487 2796 500 2809 °
533 2779 620 2833 ἀεὶ
642 2778 699 2832 δέ
731 2796 848 2842 πως
882 2778 984 2843 τάς
1026 2779 1135 2832 τῶν
1173 2777 1380 2832 πόλεων
1411 2776 1839 2848 διαφανεστέρας

260 2867 501 2922 πλεῖστοί
543 2884 602 2921 τε
634 2867 748 2921 ὅσοι
796 2867 892 2921 καὶ
936 2866 1186 2937 νηφάλιοι
1215 2868 1535 2939 περιέπουσι
1565 2866 1839 2937 φύλακες,

264 2958 339 3028 μὴ
381 2957 490 3028 ἄρα
530 2975 615 3021 τις
646 2957 922 3029 ἀδοκήτως
957 2957 1068 3010 τῶν
1101 2957 1377 3028 πολεμίων
1423 2955 1669 3027 ἐμϐάλῃο
1700 2955 1843 3010 οὕτω

1929 2458 2053 2511 bunt
2089 2458 2422 2512 recordantes
2469 2457 2701 2512 Domini.
2756 2457 2880 2512 Non
2930 2458 3072 2512 enim
3123 2469 3201 2514 est
3262 2459 3414 2513 vestri
3456 2457 3528 2512 si-

1936 2551 2101 2605 milis.

2013 2682 2326 2753 Alloquitur
2345 2681 2497 2738 velut
2523 2682 2798 2739 civitatem
2831 2684 3096 2742 illustrem
3126 2695 3181 2741 et
3205 2684 3526 2742 habitatam.

1946 2769 2175 2842 Semper
2206 2773 2352 2828 enim
2387 2774 2640 2830 civitates
2689 2775 3018 2847 insigniores
3045 2779 3260 2848 plurimi
3294 2787 3349 2832 et
3395 2777 3530 2847 vigi-

1945 2865 2024 2920 les
2067 2865 2323 2920 custodes
2377 2872 2592 2930 curant,
2647 2880 2718 2920 ne
2755 2867 2879 2935 quis
2911 2867 3084 2922 hostis
3135 2867 3204 2922 de
3232 2865 3531 2937 improviso

1952 2957 2232 3012 adoriatur
2261 2975 2275 3010 :
2309 2957 2388 3012 sic
2420 2965 2478 3010 et
2518 2957 2901 3012 universorum
2950 2955 3212 3013 Servator
3239 2967 3294 3012 et
3349 2956 3534 3012 Domi.

263 3051 356 3104 xui.
381 3053 409 3104 ὁ
437 3049 548 3104 τῶν
593 3050 729 3104 ὅλων
759 3049 948 3121 Σωτὴρ
989 3051 1083 3104 καὶ
1137 3049 1342 3120 Κύριος
1383 3050 1650 3121 ἀφράστῳ
1686 3046 1841 3101 δυνά-

1953 3061 2077 3108 nns,
2123 3043 2384 3101 ineffabili
2421 3047 2663 3117 potentia
2693 3055 2748 3102 et
2773 3047 3090 3113 angelorum
3123 3048 3388 3119 praesidiis
3414 3063 3532 3101 mu—

266 3159 354 3213 μει
411 3143 506 3196 καὶ
554 3138 680 3206 ταῖς
725 3141 836 3194 τῶν
874 3141 1118 3210 ἀγγέλων
1167 3141 1507 3210 ἐπικουρίαις
1543 3138 1843 3210 πυργώσας

258 3234 358 3304 τήν
395 3231 728 3303 Ἐκκλησίαν
776 3232 1222 3303 κεχειροτόνηκεν
1267 3233 1404 3303 αὐτῇ
1455 3231 1702 3301 φύλακας
1755 3247 1843 3284 σο-

265 3323 400 3392 φοὺς
442 3323 534 3376 καὶ
585 3324 992 3394 ἐγρηγορότας,
1042 3325 1134 3378 καὶ
1167 3323 1572 3377 ἀκατεύναστον
1619 3322 1842 3393 ἔχοντας

261 3413 502 3486 ἔπάὐτῇ
540 3414 638 3487 την
671 3417 950 3485 φροντίδα,
1005 3417 1130 3479 τοὺς
1168 3416 1358 3484 ἁγίους
1393 3415 1636 3486 δηλονότι
1675 3432 1844 3486 μυστ-

259 3507 532 3576 αγωγοὺς,
559 3507 608 3560 οἳ
638 3509 756 3562 κατ’
785 3508 974 3563 οὐδένα
989 3509 1189 3581 τρόπον
1213 3507 1584 3579 καταλήγουσι
1604 3506 1700 3561 τοῦ
1730 3506 1845 3559 δια-

264 3599 568 3671 μεμνῆσθαι
591 3601 690 3671 τῆς
714 3601 872 3672 δόξης
906 3600 1094 3663 αὑτοῦ,
1121 3600 1218 3654 καὶ
1246 3601 1354 3655 τῶν
1391 3600 1713 3670 θαυμασίων
1745 3597 1843 3650 αὑ-

259 3689 377 3754 τοῦ,
403 3689 546 3742 καθά
579 3691 905 3760 γέγραπται.
937 3689 1343 3760 Κατειθίσμεθα
1387 3689 1496 3761 γάρ
1543 3691 1602 3741 ὲν
1645 3687 1843 3758 ἐκκλη-

265 3778 408 3840 σίαις
450 3779 562 3839 τοῖς
593 3777 698 3829 ὑπὸ
725 3782 882 3848 χεῖρα
921 3776 1071 3838 λαοῖς
1099 3776 1479 3847 διακηρύττειν
1508 3778 1595 3831 ἀεὶ
1621 3777 1721 3840 τὰς
1745 3776 1841 3830 τοῦ

265 3870 515 3940 Σωτῆρος
564 3867 996 3940 μεγαλουργίας,
1026 3868 1121 3920 καὶ
1164 3867 1260 3936 τῆς
1296 3866 1634 3938 θεοπρεποῦς
1674 3869 1844 3940 ὑπερ-

263 3959 397 4030 οχῆς
434 3959 534 4031 τὴν
564 3957 806 4024 ἔνδειξιν,
832 3959 918 4010 ἵνα
947 3956 1238 4011 κάντεῦθεν
1264 3957 1479 4028 ἀσφαλῆ
1543 3959 1637 4014 καὶ
1673 3958 1846 4030 ἀκρά..

261 4050 450 4104 δαντον
483 4048 652 4118 ἔχωσι
704 4047 833 4118 περὶ
885 4047 1051 4100 αὑτοῦ
1081 4046 1180 4118 τὴν
1211 4047 1416 4101 πίστιν.
1449 4048 1521 4100 Ἦ
1557 4047 1702 4118 τάχα
1738 4065 1843 4102 που

265 4135 671 4208 μνησθήσεσθαί
715 4153 848 4207 φησι
889 4134 982 4189 τοῦ
1029 4137 1238 4208 Κυρίου
1267 4138 1394 4201 τοὺς
1426 4137 1673 4208 φύλακας
1720 4141 1843 4194 ἐπι-

263 4228 573 4298 φωνοῦντάς
629 4246 688 4282 τε
736 4229 830 4282 καὶ
884 4229 1142 4299 λέγοντας
1165 4270 1180 4296 ,
1219 4232 1303 4286 ὄτι
1335 4251 1354 4284 ι
1391 4233 1506 4286 Οὐκ
1535 4231 1683 4287 ἔστιν
1714 4234 1843 4304 ὑμῖν

261 4322 464 4392 ὅμοιος.
496 4340 516 4375 ι
557 4321 631 4376 Οὐ
673 4321 782 4394 γάρ
807 4323 924 4376 ἐστι
957 4323 1080 4376 καθ’
1102 4325 1272 4395 ἡμᾶς,
1313 4323 1430 4377 ἀλλ’
1459 4325 1582 4378 ὅσον
1606 4325 1842 4397 ὑπερνή..

1947 3141 2060 3194 nita
2097 3138 2366 3206 Ecclesia,
2397 3139 2602 3210 delegit
2645 3141 2695 3194 ei
2726 3141 2982 3195 custodes
3012 3141 3290 3207 sapientes
3317 3147 3372 3193 et
3405 3154 3534 3209 per-

1943 3231 2158 3302 vigiles,
2189 3238 2243 3284 et
2270 3233 2388 3300 ejus
2411 3244 2601 3284 curam
2637 3229 2938 3284 insomnem
2981 3229 3258 3292 habentes.
3302 3241 3524 3286 sanctos

1950 3322 2197 3377 videlicet
2227 3330 2598 3393 mystagogos,
2623 3320 2712 3390 qui
2751 3321 2897 3375 nullo
2931 3321 3090 3376 modo
3120 3320 3384 3377 desinunt
3417 3320 3531 3392 κιο·
3564 3321 3570 3330 “

1945 3414 2082 3468 riam
2140 3413 2260 3484 ejus
2297 3424 2352 3468 et
2393 3412 2661 3468 mirabilia
2699 3415 2816 3482 ejus
2869 3427 3327 3480 commemorare,
3366 3413 3530 3468 sicuti

1943 3506 2207 3576 scriptum
2233 3516 2339 3563 est.
2366 3505 2761 3563 Consuevimus
2803 3506 2950 3560 enim
2991 3507 3044 3560 in
3077 3506 3306 3561 ecclesia
3360 3520 3530 3575 popu-

1945 3599 2012 3655 lis
2060 3600 2294 3656 subditis
2335 3615 2554 3669 semper
2611 3598 3072 3671 magniﬁcentiam
3127 3597 3435 3653 Servutoris
3475 3606 3535 3651 et

1943 3693 2141 3749 divina:
2190 3693 2520 3762 prastantize
2561 3692 2886 3747 documenta
2941 3690 3262 3760 praedicare,
3299 3698 3360 3744 ut
3403 3689 3528 3744 inde

1945 3784 2225 3838 immotam
2260 3792 2314 3839 et
2363 3784 2743 3838 inconcussam
2781 3784 2848 3838 de
2874 3798 2940 3839 eo
2979 3781 3138 3837 (idem
3190 3782 3526 3849 concipiant.

1946 3873 2044 3929 Vel
2077 3873 2462 3929 recordaturos
2506 3872 2640 3926 dicit
2685 3872 2940 3927 custodes
2970 3871 3182 3926 Domini
3229 3870 3531 3926 clamantes

1945 3981 2010 4020 ac
2050 3964 2336 4020 dicentes:
2392 3981 2412 4016 ι
2450 3962 2570 4018 Non
2621 3971 2708 4018 est
2751 3962 2918 4017 vestri
2967 3961 3186 4017 similis.
3225 3977 3245 4011 ι
3285 3958 3402 4013 Non
3436 3969 3521 4014 est

1945 4057 2090 4112 enim
2131 4055 2287 4111 nobis
2313 4054 2526 4120 similis,
2563 4055 2659 4110 sed
2698 4063 2958 4124 quantum
2995 4053 3288 4107 humanam
3321 4060 3530 4108 sortem

1945 4160 1999 4204 et
2039 4147 2339 4204 nobilitatis
2379 4147 2691 4218 praestantia
2734 4155 2790 4201 et
2833 4145 3134 4202 divinitatis
3203 4143 3374 4215 gloria
3437 4159 3530 4200 su-

1947 4249 2120 4312 perat,
2169 4249 2381 4294 tantum
2439 4238 2680 4294 bonitate
2740 4238 2906 4293 vincit
2952 4246 3007 4292 ct
3041 4238 3396 4292 humanitate.
3462 4236 3531 4292 Ut

1946 4332 2116 4399 enim_
2153 4331 2360 4386 Psaltes
2423 4330 2498 4386 ait
2545 4344 2561 4384 :
2633 4349 2652 4382 ι
2715 4329 2832 4384 Non
2877 4330 3171 4384 secundum
3212 4329 3530 4400 iniquitates

261 4432 418 4487 χεται
459 4415 528 4470 τά
560 4415 878 4486 ἀνθρώπινα
911 4420 978 4488 τῇ
1007 4416 1105 4487 τῆς
1145 4416 1398 4481 εὐκλείας
1437 4419 1681 4490 ὑπεροχῇ
1701 4458 1716 4484 ,
1750 4419 1841 4472 καὶ

1953 4431 2169 4478 nostras
2200 4421 2328 4477 fecit
2355 4423 2536 4491 nobis,
2566 4437 2743 4493 neque
2765 4420 3066 4476 secundum
3093 4430 3315 4493 peccata
3341 4430 3528 4476 nostra

260 4510 330 4580 τῇ
366 4508 465 4580 τῆς
497 4508 750 4582 θεότητος
778 4509 927 4582 δόξῃ,
957 4507 1182 4563 τοσοῦτο
1218 4511 1344 4580 νικᾷ
1370 4509 1466 4564 καὶ
1509 4511 1652 4566 κατά
1682 4528 1748 4580 γε
1783 4511 1846 4565 τὸ

262 4595 402 4654 εἶναι
429 4601 662 4672 χρηστὸς
711 4602 806 4656 καὶ
855 4601 1256 4673 φιλάνθρωπος.
1301 4601 1390 4664 Ὠς
1415 4601 1525 4674 γάρ
1547 4604 1576 4656 ό
1610 4601 1846 4657 Ψάλλων

264 4692 430 4762 φησίν
449 4709 462 4723 ·
495 4711 514 4744 ι
543 4694 618 4747 Οὐ
654 4693 798 4747 κατά
825 4694 926 4756 τὰς
953 4693 1184 4764 ἀνομίας
1209 4691 1368 4764 ἡμῶν
1400 4693 1658 4765 εποίησεν
1685 4695 1840 4766 ἡμῖν,

263 4779 384 4834 οὐδὲ
413 4779 555 4834 κατά
599 4781 698 4844 τάς
743 4781 1018 4853 ἁμαρτίας
1047 4781 1206 4854 ἡμῶν
1233 4782 1614 4837 ἀνταπέδωκεν
1642 4785 1793 4854 ἡμῖν.
1815 4803 1834 4836 ι

264 4869 482 4922 Σέσωκε
513 4869 625 4941 γάρ
666 4869 828 4934 ὄντας
869 4872 1264 4943 ἁμαρτωλοὺς,
1315 4872 1410 4926 καὶ
1457 4873 1844 4944 προσηγάγετο

266 4957 664 5030 φιλανθρώπως
689 4959 792 5014 οὐκ
825 4959 983 5024 ὄντας
1020 4960 1202 5026 ἀξίους
1237 4960 1332 5016 τοῦ
1370 4961 1660 5024 σώζεσθαι.
1696 4964 1842 5035 Ἔφη

267 5065 321 5104 τι
348 5049 588 5105 τοιοῦτον
618 5051 712 5105 καὶ
740 5052 806 5105 δι’
827 5051 1020 5123 ἑτέρου
1040 5053 1342 5124 προφήτου·
1373 5073 1392 5106 ι
1416 5053 1482 5107 Τί
1511 5071 1593 5107 σοι
1611 5054 1842 5126 ποιήσω,

280 5144 553 5215 Ἐφρατμ;
607 5145 674 5198 Τί
701 5161 782 5198 σοι
812 5146 1049 5217 ποιήσω,
1085 5145 1288 5215 Ἰούδα;
1328 5147 1405 5212 ὡς
1445 5145 1728 5218 ἀδάμαντα
1767 5145 1845 5218 (l)

268 5235 508 5307 θήσομαι
551 5253 634 5302 σε,
683 5236 778 5291 καὶ
817 5236 893 5301 ὡς
933 5237 1154 5308 Σεϐωἲμ
1184 5239 1534 5310 μετεστράφη
1576 5240 1610 5309 ἡ
1650 5237 1848 5308 καρδία

271 5344 376 5398 μου
413 5329 472 5380 ἐν
497 5327 576 5399 τῷ
613 5328 762 5400 αὒτῷ
789 5329 888 5401 (2),
917 5330 978 5383 οὐ
1015 5329 1091 5402 μὴ
1121 5331 1334 5401 ποιήσω
1371 5330 1512 5384 κατά
1549 5330 1651 5400 τὴν
1677 5328 1850 5401 ὀργὴν

267 5417 364 5472 τοῦ
392 5418 566 5490 θυμοῦ
599 5436 733 5491 μουυ
765 5421 826 5474 οὐ
862 5421 940 5492 μὴ
978 5420 1362 5490 ιγκαταλείπω
1399 5421 1494 5475 τοῦ
1526 5420 1851 5491 ἐξαλειφθῆ-

341 5606 406 5638 ⁶⁷⁸
434 5605 633 5675 Ephes.
663 5621 716 5674 ν,
749 5607 845 5663 27.
921 5609 968 5642 ⁸³
995 5609 1138 5666 Psal.
1169 5625 1264 5677 sit,
1299 5610 1384 5665 lO.
1459 5611 1504 5644 ”
1535 5609 1665 5666 Ose.
1697 5627 1772 5673 ιι,
1798 5610 1855 5679 8,
1883 5609 1936 5668 9.

341 5758 708 5850 (“legium
751 5763 1146 5850 σεῃδξαθῷμαι,
1191 5767 1458 5850 ᾘςρραῒςκ
1516 5766 1839 5838 ὑπερασπιῶ

273 5844 390 5894 σου,
434 5831 679 5902 Ἰσραήλ;
715 5833 767 5886 τί
793 5849 851 5885 σε
879 5831 1046 5888 διαθῶ
1069 5853 1083 5902 ;
1111 5835 1186 5898 ὡς
1206 5831 1408 5907 ἁδάμαζ

1952 4515 2208 4570 retribuit
2248 4516 2404 4571 nobis
2440 4515 2509 4568 ⁸⁸.
2564 4532 2584 4568 ι
2633 4515 2885 4571 Servavit
2935 4515 3080 4570 enim
3116 4531 3240 4572 cum
3287 4530 3530 4570 essemus

1950 4615 2294 4674 peccatores,
2329 4605 2494 4677 873
2540 4616 2596 4661 et
2650 4607 2963 4661 humaniter
3002 4620 3066 4661 ac
3104 4605 3402 4661 clementer
3448 4604 3532 4657 in-

1952 4696 2149 4766 dignos
2195 4696 2370 4752 salute
2415 4697 2654 4751 admisit.
2699 4695 2889 4750 Simile
2922 4705 3007 4752 est
3050 4696 3196 4765 quod
3247 4695 3406 4753 dixit?
3434 4707 3531 4762 per

1949 4787 2114 4843 alium
2138 4791 2489 4859 prophetam:
2512 4808 2531 4841 ι
2556 4788 2694 4856 Quid
2712 4789 2806 4844 tibi
2831 4787 3049 4852 faciam,
3075 4785 3364 4856 Ephraim?
3387 4782 3529 4852 Quid

1949 4881 2045 4937 tibi
2088 4883 2280 4937 faciam
2305 4923 2320 4948 ,
2359 4883 2540 4938 Juda?
2587 4882 2953 4938 Sicutadama
2984 4896 3182 4951 ponam
3213 4889 3284 4948 te,
3314 4887 3368 4933 et
3387 4878 3532 4934 sicut

1951 4972 2168 5028 Seboim
2193 4988 2510 5028 conversum
2535 4981 2614 5029 est
2637 4988 2735 5027 cor
2756 4988 2934 5026 meum
2968 4970 3022 5025 in
3041 4970 3178 5041 ipso,
3209 4983 3312 5022 non
3337 4967 3528 5021 faciam

1951 5079 2056 5134 pro
2083 5066 2165 5120 ira
2199 5065 2400 5120 furoris
2457 5067 2584 5121 mei.
2616 5064 2732 5119 Non
2793 5064 3091 5134 relinquam
3154 5069 3215 5116 ut
3288 5059 3530 5114 deleatur

1951 5154 2236 5224 Ephraim.
2265 5155 2532 5222 Quoniam
2583 5156 2729 5212 Deus
2769 5170 2872 5223 ego
2911 5171 3052 5220 sum,
3101 5164 3154 5208 et
3199 5163 3304 5206 non
3343 5149 3530 5213 homo,

1951 5245 2005 5300 in
2045 5255 2096 5300 te
2139 5255 2362 5302 sanctus
2382 5247 2452 5302 ".
2493 5265 2513 5300 ι
2558 5247 2695 5314 Quia
2759 5247 2929 5311 enim,
2990 5245 3185 5314 inquit,
3246 5255 3352 5296 non
3409 5254 3530 5295 sum

1953 5336 2138 5402 homo,
2197 5339 2293 5393 sed
2351 5337 2529 5407 potius
2565 5346 2786 5392 sanctus
2821 5337 2876 5392 iu
2924 5346 2976 5391 te
3027 5335 3191 5402 Deus,
3243 5340 3532 5404 propterea

1955 5440 2063 5482 non
2107 5427 2408 5498 relinquam
2451 5439 2510 5483 ut
2558 5429 2799 5484 deleatur
2837 5425 3118 5500 Ephraim.

2021 5767 2097 5838 (‘2)
2130 5767 2270 5822 LXX
2299 5769 2522 5833 addunt,
2554 5764 2928 5837 συνεταράχθη
2966 5768 2998 5839 ἡ
3032 5761 3369 5838 μεταμέλειά
3394 5779 3518 5837 μου.
