4112 6292
268 376 402 434 12.77

1390 373 1458 430 IN
1499 370 1731 428 ISAlAM
1773 371 1903 428 Lm.
1946 371 2013 428 γ.
2054 366 2294 426 TOMUS
2338 366 2400 425 Υ.

3396 364 3537 422 1578

264 493 627 567 πταισμάτων
700 494 993 566 ἐλευθέραν
1041 494 1150 555 τοῖς
1204 491 1508 547 εἰσϐάλλειν
1583 491 1856 546 ἐθέλουσιν

1964 492 2062 543 hus
2111 502 2365 551 vacuum,
2415 485 2501 540 his
2540 485 2631 555 qui
2676 484 2861 540 volunt
2909 482 3157 555 ingredi;
3196 498 3292 553 per
3330 483 3535 549 lapides

265 586 547 658 ἀποφῆναι
579 584 678 657 τὴν
708 584 1029 656 εἰσδρομὴν·
1054 580 1142 634 διὰ
1167 582 1274 652 γάρ
1302 598 1382 635 τοι
1398 582 1506 634 τῶν
1535 581 1697 635 λίθων
1725 582 1855 635 ὑπο.

267 680 420 751 δηλοῖ
451 678 521 731 τά
567 676 858 732 σκάνδαλα.
907 674 969 727 El
1024 672 1123 742 μὲν
1171 674 1281 745 γάρ
1325 692 1410 738 τις
1454 675 1538 745 εἴη
1585 673 1745 744 τυχὸν
1790 674 1855 725 ἐκ
1892 696 1903 705 δ

267 773 368 842 τῆς
400 770 669 824 Ἰουδαίων
713 767 911 835 ἀγέλης
952 760 1314 836 κεκλημένος.
1356 766 1684 837 προσπταίει
1724 765 1854 818 πολ-

268 862 427 927 λάκις
451 865 560 926 τοῖς
588 860 826 930 νομικοῖς
850 855 1198 928 ἐντάλμασιν,
1224 858 1593 929 ἐμφιλοχωρεῖ
1619 857 1726 928 γὰρ
1744 859 1857 920 τοῖς

269 955 484 1021 τύποις,
522 954 616 1007 καὶ
642 947 754 1004 οἷον
794 949 1051 1021 ἐνιζήσας
1087 955 1207 1016 ταῖς
1256 954 1435 1011 σκιαῖς
1482 950 1855 1023 ἀπαράδεκτον

272 1052 506 1103 ποιεῖται
544 1046 644 1116 τὴν
680 1043 958 1115 ἀλήθειαν.
1004 1045 1067 1098 Εἰ
1106 1044 1161 1098 δὲ
1193 1045 1257 1114 δή
1293 1062 1375 1107 τις
1480 1044 1588 1098 τῶν
1627 1045 1689 1097 ἐκ
1717 1042 1857 1114 πλη-

273 1138 783 1208 θύοςἚλληνικῆς,
860 1136 1190 1209 προσ-πταίει
1252 1137 1346 1192 καὶ
1389 1132 1542 1201 οὗτος
1600 1137 1677 1208 τῷ
1721 1136 1856 1207 ξένῳ

272 1232 370 1303 τῆς
414 1229 782 1296 διδασκαλίας,
827 1229 1048 1302 θορυϐεῖ
1086 1246 1145 1282 τε
1183 1228 1300 1283 λίαν
1334 1229 1494 1283 αὐτὸν
1511 1230 1573 1283 τὸ
1590 1228 1856 1298 ἀσύνηθες

271 1325 372 1394 τῆς
411 1323 684 1396 λατρείας,
724 1322 759 1394 ἦ
793 1322 934 1392 τάχα
963 1340 1065 1375 που
1097 1322 1191 1376 καὶ
1225 1323 1501 1392 μέμνηται
1530 1320 1725 1390 λόγων,
1763 1318 1857 1384 οὓς

274 1417 367 1469 ἐπί
395 1433 455 1485 γε
493 1418 604 1478 τοῖς
632 1414 783 1484 σφῶν
815 1414 994 1468 αὐτῶν
1024 1413 1302 1468 ποιοῦνται
1340 1412 1479 1476 θεοῖς
1510 1414 1556 1467 οἱ
1595 1411 1727 1483 παρ’
1762 1412 1859 1465 αύ-

274 1512 386 1572 τοίς
423 1507 667 1575 λογάδες.
704 1505 977 1569 Παλαιοὺς
1020 1504 1131 1577 γὰρ
1178 1504 1273 1558 καὶ
1307 1504 1687 1575 γεγηρακότας
1725 1519 1855 1571 συγ-

276 1600 587 1668 γεγράφασι
627 1597 826 1668 μύθους
858 1596 1190 1662 πλανῶντες,
1220 1597 1314 1651 καὶ
1356 1594 1726 1666 πλανώμενοι,
1765 1593 1858 1647 καὶ

274 1689 585 1760 διαϐολικῆς
625 1689 821 1760 ἀχλύος
852 1689 1301 1761 ἀναπιμπλάντες
1339 1690 1437 1761 τὴν
1472 1689 1595 1758 γῆν.
1638 1687 1778 1740 Ἀλλ’
1808 1688 1857 1740 οἱ

276 1784 527 1855 νηφάλιοι
555 1782 813 1852 φύλακες,
845 1783 938 1836 καὶ
976 1784 1324 1854 μυσταγωγοὶ
1356 1782 1454 1845 τὰς
1487 1774 1595 1834 τῶν
1631 1779 1859 1835 σκανδά-

1957 581 2104 636 enim
2155 577 2440 635 subinnuit
2472 575 2751 632 scandala.
2812 573 2871 629 Si
2933 576 3057 645 quis
3105 576 3249 630 enim
3298 573 3535 643 esempli

1953 689 2141 739 causa,
2170 687 2234 726 ex
2278 667 2702 740 congregatione
2735 668 3042 724 Judteorutn
3071 676 3296 723 vocatus
3324 666 3415 733 sit,
3452 664 3538 720 οἷς

1956 760 2399 820 ΐοιιιὶίίειὼίιιιίο
2455 763 2523 816 ad
2576 760 2712 831 legis
2757 744 3166 832 pracceptafet
3219 761 3539 812 immoratur

1958 858 2164 929 figuris,
2197 871 2262 908 ac
2300 853 2448 909 velut
2472 853 2682 908 umbris
2710 853 2979 917 assidens,
3022 867 3129 906 non
3173 851 3411 905 admittit
3443 864 3534 905 ve-

1957 951 2205 1002 ritatem.
2233 944 2327 998 Sin
2359 943 2522 997 fuerit
2551 943 2819 1013 quispiam
2846 958 2914 997 ex
2948 941 3292 995 multitudine
3319 938 3540 994 ϐιωσο-

1959 1054 2100 1103 rum,
2146 1037 2399 1106 impingit
2441 1035 2605 1090 etiam
2639 1034 2729 1088 hic
2759 1035 2827 1088 ad
2873 1034 3134 1089 doctrina;
3174 1030 3537 1103 peregrinita-

1959 1141 2064 1186 tem
2095 1139 2151 1184 et
2182 1129 2360 1183 cultus
2410 1130 2757 1183 inconsuetus
2790 1128 2937 1183 illum
2987 1126 3144 1181 valde
3189 1126 3389 1191 turbat,
3426 1138 3540 1179 me-

1959 1234 2185 1289 morque
2237 1228 2320 1272 est
2364 1220 2656 1272 verborum
2723 1234 2845 1286 quae
2893 1217 3132 1286 ipsorum
3176 1229 3432 1283 proceres
3472 1214 3540 1268 de

1957 1311 2071 1366 suis
2097 1312 2199 1365 diis
2228 1309 2454 1364 faciunt.
2493 1308 2627 1363 Nam
2659 1307 2787 1363 olim
2819 1308 3075 1362 fallentes
3097 1317 3151 1361 et
3184 1304 3328 1370 falsi,
3355 1321 3418 1361 ac
3447 1320 3540 1359 ca-

1957 1404 2122 1474 ligine
2150 1401 2415 1457 diabolica
2456 1403 2726 1471 replentes
2752 1411 2977 1463 terram,
3012 1399 3224 1454 fabulas
3253 1399 3451 1454 seniles
3483 1406 3540 1451 et

1960 1495 2132 1550 aniles
2172 1492 2640 1561 conscripserunt.
2702 1491 2971 1546 (Ia-terunt
3012 1492 3202 1561 vigiles
3253 1499 3308 1545 et
3369 1488 3541 1545 sobrii

1960 1584 2213 1642 custodes
2262 1582 2586 1654 mystagogi,
2634 1580 2996 1637 offensionum
3049 1592 3105 1636 et
3155 1580 3537 1637 scandalorunt

1959 1678 2273 1732 occasiones
2300 1686 2608 1742 amputant,
2642 1674 2853 1737 singula
2899 1673 3197 1729 artificiose
3236 1673 3541 1728 dissolven-

1964 1776 2064 1832 tes,
2085 1783 2203 1837 qua:
2227 1767 2498 1821 traditioni
2528 1766 2648 1821 fidei
2682 1767 2735 1821 in
2767 1764 3054 1820 Dominum
3085 1774 3331 1819 nostrum
3356 1761 3540 1818 Jesum

276 1876 384 1930 λων
411 1875 841 1947 περικόπτουσιν
861 1875 1138 1946 ἀφορμὰς,
1174 1875 1382 1928 ἕκαστα
1414 1873 1632 1936 λύοντες
1680 1872 1858 1941 εὐτέχ-

1971 1860 2246 1915 Christum
2296 1861 2548 1915 videntur
2596 1862 2893 1918 adversari.
2945 1857 3059 1913 Hoc
3120 1856 3349 1924 faciunt,
3395 1864 3542 1910 recte

277 1986 384 2032 νως
417 1968 485 2022 τὰ
513 1967 839 2022 ἀνθεστᾶναι
885 1966 1146 2020 δοκοῦντα
1178 1967 1245 2037 τῇ
1286 1965 1582 2037 παραδόσει
1626 1964 1725 2033 τῆς
1765 1963 1857 2016 πί·-

281 2078 469 2125 στεως,
496 2060 595 2130 τῆς
616 2060 697 2123 είς
719 2059 810 2112 τὸν
837 2056 1041 2128 Κύριον
1067 2056 1222 2128 ἡμῶν
1253 2055 1459 2126 Ἰησοῦν
1480 2053 1571 2106 τὸν
1594 2052 1854 2125 Χριστόν·

275 2149 436 2205 τοῦτο
478 2148 676 2221 δρῶσιν
717 2147 923 2219 ὀρθῶς,
969 2146 1263 2215 λογισμοὺς
1314 2141 1731 2215 καθαιροῦντες,
1765 2142 1860 2196 καὶ

280 2242 386 2296 πᾶν
441 2240 641 2312 ῢψωμα
695 2239 1059 2310 ἐπαιρόμενον
1117 2236 1259 2290 κατά
1320 2235 1418 2306 τῆς
1467 2233 1719 2303 γνώσεως
1765 2232 1858 2287 τοῦ

276 2333 433 2399 Θεοῦ,
475 2335 569 2388 καὶ
599 2330 1092 2404 αἰχμαλωτίζοντες
1126 2329 1234 2382 πᾶν
1278 2327 1455 2398 νόημα
1500 2327 1578 2389 είς
1607 2325 1708 2395 τὴν
1755 2327 1859 2378 ὑπ-

277 2427 445 2495 ακοὴν
492 2425 682 2478 αὑτοῦ.
729 2423 1049 2495 Εὑρήσομεν
1081 2419 1140 2472 δὲ
1178 2419 1267 2472 τὸν
1302 2417 1589 2490 ἱερώτατον
1625 2414 1856 2479 Παῦλον,

291 2516 579 2579 Ἰουδαίους
641 2516 738 2586 μὲν
810 2509 1298 2573 σκανδαλισθέντας
1359 2506 1857 2580 ἐπανορθούμενον,

280 2608 676 2678 ἐπιπλήττοντα
722 2605 775 2659 δὲ
820 2607 931 2667 τοῖς
970 2603 1030 2668 ἐξ
1067 2601 1237 2655 ἐθνῶν
1276 2598 1516 2653 τοιοῦτόν
1564 2616 1620 2651 τι
1660 2614 1861 2650 πεπον-

279 2698 443 2754 θόσιν.
472 2697 618 2767 Ἔφη
652 2696 751 2767 μἐν
788 2695 897 2767 γὰρ
928 2697 1041 2757 τοῖς
1077 2691 1137 2758 ἐξ
1174 2692 1405 2762 αἵματος
1449 2688 1696 2760 Ἰσραήλ·
1735 2706 1752 2737 ι
1796 2686 1858 2741 Ἡ

280 2787 553 2859 περιτομὴ
582 2786 740 2841 οὐδέν
771 2788 909 2850 ἐστι,
941 2785 1035 2838 καὶ
1065 2786 1097 2855 ἡ
1132 2782 1464 2855 ἀκροϐυστία
1503 2781 1653 2833 οὐδέν
1688 2783 1857 2844 ἐστιν,

278 2877 415 2932 ἀλλὰ
443 2878 675 2950 τήρησις
697 2876 925 2929 ἐντολῶν
959 2874 1146 2928 Θεοῦ.»
1176 2875 1286 2927 Καὶ
1314 2872 1495 2926 πάλιν·
1525 2890 1543 2923 t
1569 2870 1726 2938 Λέγω
1751 2871 1860 2939 γὰρ

278 2971 429 3043 ὑμῖν,
482 2970 563 3024 ὅτι
607 2968 700 3022 ἐὰν
754 2966 1190 3038 περιτέμνησθε,
1239 2965 1472 3035 Χριστὸς
1517 2962 1663 3032 ὑμᾶς
1708 2961 1860 3015 οὐδὲν

279 3062 577 3134 ὠφελήσει.
631 3058 1135 3132 Ἀπηλλοτριῶθητε
1179 3057 1287 3111 ἀπὸ
1332 3053 1571 3128 Χριστοῦ
1599 3092 1615 3120 ,
1665 3053 1859 3114 οἵτινες

279 3157 338 3208 ἐν
362 3154 509 3224 νόμῳ
538 3150 870 3215 δικαιοῦσθε,
896 3153 992 3223 τῆς
1024 3151 1245 3222 χάριτος
1279 3147 1623 3217 ἐξεπέσατε.»
1671 3146 1858 3216 Ἡμεῖς

1964 1954 2200 2008 tollendo
2241 1953 2555 2020 ratiocinia,
2587 1965 2641 2008 et
2689 1968 2905 2008 onmem
2954 1951 3328 2006 celsitudinem
3371 1947 3544 2003 cxtol-

1962 2044 2160 2099 lentem
2208 2059 2267 2097 se
2315 2055 2505 2097 contra
2571 2044 2936 2114 cognitionem
2982 2042 3075 2097 Dei
3137 2043 3454 2103 evertendo,
3487 2048 3543 2095 et

1960 2153 2174 2193 omnem
2203 2136 2534 2191 intellectura
2558 2142 2627 2193 ad
2656 2138 3017 2192 obedientiam
3047 2136 3168 2205 ejus
3190 2136 3538 2206 captivando.

1962 2229 2304 2284 Inveniemus
2359 2241 2540 2284 autem
2603 2230 3009 2285 sanctissimum
3052 2229 3276 2283 Paulum
3327 2226 3542 2283 Judtcos

1961 2322 2198 2378 oﬂ'ensos
2228 2323 2613 2391 corrigentem,
2642 2334 2694 2377 et
2726 2334 2915 2393 gentes
2944 2325 3140 2392 quibus
3175 2322 3349 2377 simile
3379 2322 3542 2392 quid-

1962 2419 2084 2473 dam
2118 2417 2317 2471 accidit
2353 2416 2860 2484 reprehendentem.
2891 2415 3036 2470 Dixit
3062 2416 3207 2469 enim
3236 2414 3541 2469 Israelitico

1961 2509 2225 2579 Sanguine
2259 2509 2539 2563 orinndis:
2570 2528 2589 2560 ι
2628 2509 2986 2563 Circumcisio
3019 2508 3151 2562 nihil
3176 2519 3281 2575 est,
3315 2521 3363 2561 et
3400 2523 3539 2576 pra:-

1963 2602 2170 2671 putinm
2202 2600 2332 2652 nihil
2358 2610 2461 2666 est,
2493 2598 2657 2671 875
2689 2580 2781 2654 sed
2819 2599 3124 2654 observatio
3147 2611 3541 2667 prmceptorum

1966 2693 2056 2747 Dei
2089 2690 2132 2745 ‘.
2168 2710 2189 2765 ξ
2236 2691 2300 2744 Ει
2335 2707 2564 2746 rursus:
2601 2711 2621 2744 ι
2667 2691 2795 2743 Dico
2828 2693 2972 2746 enim
3012 2693 3187 2759 vobis,
3234 2691 3279 2745 si
3310 2693 3543 2745 circum-

1965 2784 2244 2849 cidamini,
2308 2784 2559 2838 Christus
2616 2782 2769 2839 vobis
2813 2785 2946 2839 nihil
3000 2784 3262 2854 proderit.
3310 2782 3542 2838 Alienati

1962 2876 2094 2939 estis
2120 2891 2150 2929 a
2181 2875 2434 2943 Christo;
2461 2875 2770 2946 quicunque
2800 2878 2851 2929 in
2903 2876 3020 2947 lege
3051 2875 3334 2942 justificati
3385 2874 3538 2938 estis,

1962 2984 1992 3023 a
2022 2966 2196 3034 gratia
2229 2968 2513 3023 excidistis
2533 2968 2621 3020 ⁸.»
2663 2967 2774 3025 Nos
2807 2968 2950 3025 enim
2978 2982 3075 3041 per
3105 2956 3264 3023 iidem
3290 2982 3438 3036 spem
3456 2966 3544 3033 ju-

1961 3058 2124 3113 stitia:
2190 3058 2505 3127 accipimus.
2563 3057 2878 3113 Graecorum
2955 3068 3137 3114 autem
3188 3057 3542 3120 multitudini,

1967 3169 1986 3203 ι
2023 3151 2169 3217 Dies,
2210 3169 2229 3203 ι
2258 3140 2463 3220 inquit,
2497 3170 2516 3205 ι
2561 3152 2864 3207 observatis
2917 3160 2972 3209 et
3014 3167 3248 3218 menses,
3298 3163 3543 3223 tempora

282 3246 393 3318 γὰρ
441 3244 531 3299 διὰ
574 3245 673 3314 τῆς
721 3243 956 3307 πίστεως
1010 3242 1202 3298 ἐλπίδα
1248 3237 1593 3310 δικαιοσύνης
1647 3234 1858 3308 ἐκδεχό-

1966 3252 2021 3297 ct
2064 3258 2257 3299 annos.
2298 3241 2478 3298 Metuo
2514 3243 2688 3310 vobis,
2729 3259 2798 3305 ne
2838 3241 3045 3325 frustra
3092 3242 3449 3319 laboraverim
3490 3244 3543 3297 in

283 3338 440 3410 μεθα-
465 3338 565 3408 τῆς
585 3335 693 3407 [ισ.
721 3334 859 3407 τοῖς]
888 3351 950 3404 γε
981 3336 1087 3405 μὴν
1104 3336 1166 3388 ἐκ
1186 3334 1287 3404 τῆς
1314 3332 1579 3404 Ἑλλήνων
1601 3327 1867 3412 πληθύοςο.

283 3453 302 3484 ι
346 3429 601 3501 Ἡμέρας-
630 3428 1055 3500 παρατηρεῖσθε,
1104 3426 1197 3480 καὶ
1243 3424 1436 3495 μῆνας,
1468 3423 1565 3476 καὶ
1602 3421 1824 3494 καιροὺς
1844 3460 1859 3485 ν

279 3523 374 3578 καὶ
400 3520 696 3584 ἐνιαυτοὺς,
729 3510 999 3589 φοϐοῦμαι
1036 3516 1214 3589 ὑμᾶς,
1271 3517 1481 3588 μήποτε
1515 3515 1640 3586 είκῆ
1698 3529 1861 3567 κεκο-

279 3613 453 3669 πίακα
490 3614 568 3676 είς
607 3612 775 3683 ὑμᾶς.
803 3629 823 3662 ι
859 3611 1023 3682 Ὁρᾷς
1073 3608 1349 3680 πανταχοῦ
1405 3605 1861 3681 διαρριπτοῦντας

275 3709 401 3768 τοῦς
431 3705 632 3768 λίθους,
659 3704 756 3757 καὶ
786 3703 851 3756 ἐκ
889 3704 1054 3771 μέσου
1083 3702 1327 3764 τιθέντας
1357 3702 1426 3754 τὰ
1461 3702 1665 3770 ἀμφοῖν
1694 3692 1858 3755 σκάνὲ

280 3798 434 3852 δαλα.
462 3794 657 3857 Λίθους
695 3793 750 3845 δὲ
783 3788 920 3844 εἶναί
950 3807 1129 3861 φαμεν
1172 3782 1265 3842 καὶ
1298 3789 1520 3858 ἑτέρως,
1548 3784 1630 3852 οἷς
1662 3790 1728 3842 ἂν
1747 3784 1859 3842 ἔσθ’

276 3892 365 3942 ise
404 3881 834 3958 προσπταίσειάν
873 3897 1035 3944 τινες,
1069 3881 1138 3932 τὰ
1168 3879 1274 3932 τῶν
1308 3879 1535 3931 ἀνοσίων
1570 3876 1862 3943 αίρετικῶν

282 3980 486 4053 βέϐηλὰ
531 3996 590 4032 τε
652 3976 746 4032 καὶ
784 3973 1000 4046 μυσαρὰ
1046 3971 1432 4043 τερετίσματα.
1480 3968 1860 4038 Κενοφωνοῦσι

277 4076 387 4146 γὰρ
420 4074 468 4126 οἱ
516 4072 739 4125 δείλαιοι
792 4070 902 4132 τοῖς
946 4063 1328 4138 ὀρθοποδοῦσιν
1382 4061 1857 4127 ἐπιϐουλεύοντες,

279 4167 375 4220 καὶ
405 4165 512 4219 τῶν
541 4164 639 4233 τῆς
669 4159 926 4230 ἀληθείας
960 4158 1243 4227 δογμάτων
1271 4155 1718 4225 ἀποκομίζοντες,
1752 4152 1859 4207 τῶν

278 4257 740 4329 εὒσυναρπάστων
763 4253 914 4315 τινάς
935 4268 948 4281 ·
976 4248 1113 4304 ἀλλὰ
1136 4248 1228 4302 καὶ
1252 4246 1423 4302 ταῦτα
1449 4246 1858 4318 διαρρίπτουσιν

278 4355 344 4405 ἐκ
395 4351 558 4421 μέσου
610 4346 721 4400 τῶν
760 4345 859 4415 τῆς
896 4343 1219 4412 Ἐκκλησίας
1264 4341 1457 4412 τειχῶν
1500 4343 1549 4395 οἱ
1596 4341 1854 4412 φύλακες.

278 4443 320 4494 Τ
325 4441 443 4512 είχη
480 4441 539 4493 δέ
587 4439 755 4508 αὐτῆς
786 4434 923 4490 εἷναί
969 4452 1150 4505 φαμεν
1197 4434 1292 4487 καὶ
1325 4433 1433 4487 τῶν
1468 4435 1565 4504 τῆς
1600 4432 1855 4504 ἀληθείας

276 4533 563 4602 δογμάτων
604 4530 702 4601 τὴν
744 4528 1092 4601 ἑδραιότητα,
1136 4519 1209 4579 ὧν
1243 4526 1343 4579 οὐκ
1369 4523 1435 4580 ἂν
1474 4525 1855 4599 κατισχύσαιεν

278 4624 335 4677 αί
371 4624 496 4692 ᾅδου
551 4621 738 4674 πύλαι.
768 4639 786 4670 ι
813 4621 1017 4690 ’Λρατε
1055 4616 1163 4688 γάρ
1213 4616 1514 4689 σύσσημον,
1547 4618 1732 4687 φησὶν,
1773 4619 1853 4682 είς

275 4710 346 4766 τὰ
374 4711 521 4783 ἔθνη.
569 4711 700 4763 Ἰδοὺ
734 4710 844 4780 γὰρ
894 4709 1099 4779 Κύριος
1138 4707 1403 4761 ἀκουστὸν
1446 4708 1701 4778 ἐποίησεν
1750 4708 1853 4772 ἕως

276 4801 507 4872 ἐσχάτου
571 4798 669 4867 τῆς
724 4798 844 4868 γῆς.
876 4815 894 4848 ι
939 4796 1047 4850 Καὶ
1093 4797 1243 4847 ποῖον
1290 4793 1398 4863 ἄρα
1438 4793 1582 4846 τοῦτ’
1629 4792 1743 4844 ἐστι
1792 4793 1854 4847 τὸ

275 4890 538 4945 ἀκουστὸν
578 4888 878 4959 σύσσημον,
905 4887 1057 4959 δικαὶ
1080 4889 1191 4949 τοῖς
1220 4884 1420 4949 ἔθνεσι,
1451 4885 1546 4939 καὶ
1565 4887 1672 4949 ἓως
1697 4886 1856 4957 ἐσχά-

276 4999 370 5036 του
398 4982 497 5053 τῆς
529 4981 632 5051 γῆς
662 4980 897 5050 ἀρθῆναι
927 4978 1036 5030 δεῖν
1062 4976 1187 5046 ἔφη,
1220 4977 1521 5040 τουτέστιν,
1550 4976 1855 5049 ἐπαρθῆναι

275 5091 333 5127 τε
359 5073 453 5126 καὶ
476 5071 732 5140 γενέσθαι
758 5067 1186 5140 γνωριμώτατον
1206 5068 1265 5120 τὺ
1296 5069 1451 5139 ῥῆμα
1472 5068 1571 5138 τῆς
1596 5068 1853 5134 πίστεως,

274 5164 302 5215 ὃ
333 5160 705 5232 κηρύσσομεν,
736 5159 769 5231 ἢ
807 5160 949 5229 τάχα
980 5174 1081 5211 που
1106 5160 1200 5212 καὶ
1229 5157 1323 5210 τοῦ
1358 5159 1625 5231 σωτηρίου
1651 5158 1856 5229 πάθους

273 5255 335 5308 τὸ
370 5253 659 5324 σύμϐολον.
690 5252 926 5305 Ἐστιδέ
957 5251 1052 5306 καὶ
1085 5249 1241 5305 τοῦτο
1264 5252 1365 5323 τῆς
1398 5252 1635 5314 πίστεως
1662 5250 1852 5323 ὁμολος-

275 5345 387 5416 γία.
431 5347 525 5398 Δεῖ
555 5345 665 5415 γάρ
700 5345 895 5409 εἰπεῖν,
930 5343 1012 5396 ὃτι
1045 5341 1247 5414 Κύριος
1287 5342 1493 5416 Ἰησοῦς
1511 5381 1539 5413 ,_
1575 5342 1863 5413 πιστεῦσαί

271 5455 355 5504 τε,
400 5437 482 5491 ὅτι
522 5438 550 5489 ὁ
587 5436 722 5500 Θεὸς
766 5435 927 5489 αὑτὸν
967 5435 1189 5505 ἡγειρεν
1234 5437 1299 5488 ἐκ
1343 5434 1777 5506 νεκρῶν.,Σώζει
1808 5436 1864 5490 δὲ

268 5530 430 5584 τοῦτο
460 5530 552 5582 καὶ
577 5529 641 5580 ἐκ
663 5526 918 5592 θανάτου,
947 5528 1041 5581 καὶ
1072 5525 1371 5599 ἁμαρτίας..
1395 5524 1602 5579 Οὐκοῦν
1636 5526 1698 5579 οὑ
1732 5527 1863 5581 Ἰου-

271 5615 436 5668 δαίων
473 5614 653 5685 μόνον,
686 5612 820 5666 ἀλλὰ
865 5612 958 5668 καὶ
991 5612 1179 5668 ἐθνῶν.
1222 5608 1459 5684 Αίρεται
1484 5614 1592 5685 γὰρ
1624 5614 1685 5668 τὸ
1731 5614 1861 5668 σύσ-

342 5796 367 5829 ⁴
401 5792 576 5852 Calat.
613 5807 660 5860 v,
698 5791 787 5848 H.‘
863 5794 883 5826 '
920 5794 1073 5863 ibid.,
1100 5794 1133 5847 2
1162 5795 1245 5868 4._
1277 5796 1314 5874 f
1349 5794 1524 5852 Galat.
1558 5808 1631 5863 tv,
1664 5792 1751 5862 lO,
1788 5795 1875 5855 il.

1966 3333 2120 3390 vobis
2148 3335 2196 3409 ,⁸.
2230 3353 2249 3387 ι
2288 3334 2451 3391 Vides
2494 3351 2714 3408 semper
2755 3336 2877 3394 illos
2914 3351 3169 3394 amovere
3213 3335 3444 3408 lapides,
3490 3348 3546 3392 et

1963 3427 2247 3489 antiborum
2279 3427 2539 3484 scandala
2572 3428 2643 3485 de
2679 3429 2856 3486 medio
2891 3430 3101 3487 tollere.
3129 3428 3364 3500 Lapides
3389 3430 3546 3486 aliter

1962 3533 2179 3589 quoque
2208 3519 2461 3588 dicimus,
2493 3519 2562 3576 ad
2595 3535 2731 3590 quos
2768 3521 3040 3592 interdum
3070 3531 3295 3593 possent
3323 3522 3543 3590 quidam

1948 3611 2258 3687 offendere,
2292 3613 2581 3684 impiorum
2613 3614 3001 3685 haereticorum
3036 3629 3193 3685 nugae
3227 3624 3280 3671 el
3306 3613 3547 3686 profante

1954 3713 2019 3761 et
2067 3706 2458 3775 exsecrabiles.
2515 3706 2760 3763 lnaniter
2812 3706 2958 3763 enim
3013 3707 3263 3777 garriunt
3315 3706 3543 3771 miseri,

1964 3803 2113 3849 recto
2142 3797 2276 3863 pede
2336 3796 2714 3851 incedentibus
2750 3808 3134 3865 comparantes
3186 3797 3454 3861 insidias,
3484 3808 3544 3852 et

1962 3885 2225 3954 quosdam
2265 3886 2355 3953 qui
2396 3885 2555 3937 facile
2606 3887 2777 3943 averti
2833 3896 3063 3953 possunt.
3104 3902 3134 3939 a
3165 3888 3411 3940 veritatis
3448 3887 3545 3941 do-

1962 3964 2232 4044 gmatibus
2279 3973 2576 4028 abducunt.
2639 3971 2746 4027 Sed
2778 3984 2833 4026 et
2873 3975 2989 4029 haec
3028 3976 3221 4029 tollunt
3259 3979 3324 4031 de
3363 3980 3546 4037 medio

1962 4079 2238 4118 murorum
2300 4061 2560 4117 Ecclesia:
2606 4065 2884 4121 custodes.
2951 4064 3136 4120 Muros
3193 4077 3373 4120 autem
3425 4068 3544 4137 ejus

1962 4154 2216 4220 dicimus,
2277 4155 2523 4209 veritatis
2573 4155 2883 4225 dogmatum
2931 4157 3309 4225 stabilitatem,
3345 4169 3538 4215 contra

1961 4261 2080 4309 quo:
2126 4261 2225 4315 nec
2273 4246 2572 4301 inferorum
2619 4257 2791 4316 portae
2840 4250 3023 4305 valere
3070 4261 3315 4319 possunt.
3352 4271 3372 4304 ι
3411 4253 3543 4311 Tol-

1959 4335 2054 4389 lite
2111 4337 2279 4405 enim,
2331 4337 2531 4406 inquit,
2578 4338 2794 4408 signum
2825 4342 2890 4407 ad
2920 4353 3134 4411 gentes.
3202 4342 3341 4399 Ecce
3394 4346 3539 4407 enim

1961 4424 2223 4482 Dominus
2247 4427 2376 4483 fecit
2416 4435 2473 4482 ut
2509 4429 2763 4485 audiatur
2791 4447 2962 4500 usque
2988 4435 3056 4488 ad
3084 4442 3362 4489 extremos
3402 4435 3543 4490 fines

1962 4528 2142 4592 terrm.
2165 4538 2183 4570 ι
2205 4520 2270 4575 Ει
2295 4520 2552 4591 quidnam
2579 4522 2680 4577 hoc
2696 4523 2811 4577 est?
2828 4522 2894 4579 Ut
2915 4527 3166 4589 audiatur
3185 4527 3285 4581 hoc
3301 4527 3537 4596 signum,

1962 4610 2104 4678 quod
2133 4612 2199 4667 ad
2230 4622 2419 4682 gentes
2456 4623 2512 4668 et
2539 4615 2606 4671 ad
2634 4626 2878 4669 extrema
2918 4626 3076 4674 terrae
3103 4619 3397 4674 tollendum
3434 4622 3535 4685 ait,

1963 4702 2018 4758 id
2068 4712 2157 4757 est
2213 4705 2605 4773 extollendum,
2657 4714 2712 4761 et
2756 4709 2961 4776 passim
3006 4710 3391 4779 divulgandum
3434 4714 3540 4768 haec

1963 4795 2192 4857 verbum
2224 4796 2371 4861 fidei,
2395 4797 2539 4866 quod
2574 4799 2957 4869 praedicamus,
2984 4816 3081 4857 seu
3108 4802 3247 4858 forte
3271 4804 3540 4870 passionis

1961 4888 2217 4944 salutaris
2263 4890 2588 4960 sytILbOInm,
2632 4904 2798 4960 atque
2861 4894 2915 4948 id
2959 4902 3044 4950 est
3077 4895 3201 4951 ﬁdei
3243 4894 3535 4951 confessio.

1965 4980 2194 5051 Oportet
2245 4982 2391 5036 enim
2457 4982 2639 5038 dicere
2699 4986 2993 5041 Dominum
3038 5002 3158 5044 esse
3209 4987 3432 5053 Iesum,
3472 5005 3538 5043 ac

1958 5074 2184 5128 credere
2224 5072 2392 5129 Deum
2430 5076 2700 5135 excitasse
2742 5078 2921 5148 ipsum
2953 5092 2985 5133 e
3028 5081 3276 5136 mortuis.
3340 5082 3538 5139 Servat

1958 5174 2138 5219 autem
2168 5165 2271 5218 hoc
2296 5180 2324 5217 a
2353 5176 2530 5221 morte
2555 5176 2610 5223 et
2634 5180 2877 5237 peccato.
2900 5170 3067 5240 Igitur
3100 5187 3204 5226 non
3228 5170 3537 5229 Judteorum

1958 5257 2144 5322 modo,
2169 5258 2266 5313 sed
2296 5267 2351 5312 et
2371 5261 2635 5328 gentium.
2656 5259 2891 5319 Tollitur
2911 5264 3055 5320 enim
3074 5265 3310 5334 signum.
3338 5281 3449 5319 non
3467 5268 3536 5321 ad

1956 5345 2139 5401 solum
2169 5348 2455 5407 credentes
2482 5364 2550 5409 ex
2590 5354 2855 5423 sanguine
2876 5352 3069 5418 Israel,
3093 5355 3189 5410 sed
3231 5357 3298 5409 ad
3343 5371 3536 5412 orntus.

1962 5437 2172 5505 ubique
2194 5441 2460 5509 gentium.
2480 5440 2650 5513 prbis
2680 5458 2915 5515 namque
2940 5454 3085 5501 totus
3114 5445 3215 5511 sub
3232 5447 3356 5503 οωιί
3380 5463 3533 5504 com-

1958 5528 2118 5598 plexu
2142 5533 2452 5603 evangelica
2472 5536 2875 5605 praedicatione,
2905 5547 3162 5609 tauquam
3191 5540 3311 5608 reti,
3339 5548 3535 5611 caput:

1958 5631 2058 5675 (:Sl.
