4112 6292
589 327 729 386 1870

1571 320 1627 372 S.
1669 314 1945 372 CYRILLI
1985 315 2457 372 ALEXANDRINI
2496 314 2817 374 ARCHIEP.

3712 310 3877 369 £380

591 465 768 520 σῃμον
805 447 926 516 οὐχὶ
967 445 1146 516 μόνοις
1174 444 1284 505 τοῖς
1349 439 1704 494 πιστεύσασιν
1743 439 1800 505 ἐξ
1837 439 2068 510 αἵματος
2115 440 2352 512 Ἰσραὴλ,
2395 439 2532 494 ἀλλὰ
2595 439 2706 510 γὰρ
2749 435 2989 500 καὶτοῖς
3029 434 3372 504 ἁπανταχόσε
3437 433 3579 505 γῆς’
3615 433 3872 504 σεσαγή-

592 557 778 596 νευται
810 537 918 609 γὰρ
946 535 1034 590 διὰ
1069 536 1179 588 τῶν
1208 529 1580 600 εὐαγγελικῶν
1609 531 1983 601 κηρυγμάτων
2015 531 2050 599 ἡ
2077 531 2168 583 ὐπ’
2205 531 2452 601 οὐρανόν.

669 629 832 684 Vens.
876 625 961 688 11,
1001 624 1082 679 12.
1119 624 1288 676 Dicite
1327 622 1456 691 [ilia
1491 619 1617 676 Sion
1646 618 1822 675 :Ecce
1849 621 1942 673 tibi
1973 617 2162 674 Serva-

2326 622 2553 674 Εἴπατε
2601 617 2678 688 τῇ
2723 618 2965 688 θυγατρί
3018 616 3190 670 Σιών·
3233 615 3380 670 Ἰδού
3426 631 3526 670 σοι
3573 617 3608 670 ὁ
3650 611 3871 684 Σωτήρ

595 733 679 778 tor
729 719 897 783 venit,
945 717 1138 768 habens
1184 728 1336 767 suam
1388 716 1710 776 mercedem,
1779 721 1828 764 et
1887 728 2016 780 opus
2049 724 2169 766 mue

597 811 783 881 facient
831 822 1003 863 suam.
1061 803 1128 858 Et
1161 804 1362 859 vocabit
1413 818 1531 856 eum
1582 803 1831 870 populum
1876 812 2116 856 sanctum
2150 842 2166 870 ,

595 904 915 970 redemptum
945 916 975 952 ιι
1008 896 1257 950 Domino.
1315 893 1359 949 T
1363 912 1396 948 ιι
1433 904 1608 948 autent
1625 894 1887 949 vocaberis
1922 895 2170 958 requisita

596 997 783 1051 ciuitas
808 1033 825 1060 ,
852 1003 899 1047 et
926 1007 1030 1045 non
1063 989 1337 1045 derelicta.

673 1165 1005 1221 Prae-nuntiat
1051 1151 1344 1216 adventum
1376 1158 1706 1222 Servatoris,
1741 1170 1798 1212 et
1830 1173 2178 1228 quaecunquu.

598 1260 725 1312 inde
778 1257 970 1310 lucrati
1015 1269 1239 1320 sumus,
1277 1268 1341 1306 ac
1385 1251 1606 1305 divitias
1654 1249 1860 1304 dandas
1900 1251 1952 1302 in
1987 1250 2162 1318 ipsum

597 1349 964 1404 credentibus.
1002 1347 1194 1400 Filiam
1231 1344 1476 1398 nominat
1513 1343 1668 1396 Sion.
1712 1341 1841 1395 Sive
1873 1351 2051 1395 autem
2083 1355 2198 1399 vc-,

599 1442 660 1494 lit
687 1440 809 1510 quis
842 1441 1121 1507 antiquam
1149 1437 1294 1490 illam
1325 1433 1640 1504 utpotejam
1673 1433 1924 1500 adeptam
1952 1433 2174 1487 miseri-

601 1532 872 1595 cordiam,
926 1528 1108 1583 etiide
1139 1527 1514 1596 iustiﬁcatam,
1546 1524 1661 1577 sive
1713 1537 1936 1590 novam,
1985 1523 2037 1577 id
2087 1533 2174 1578 est

601 1623 902 1677 Ecclesium
933 1661 946 1684 ,
989 1619 1290 1688 intelligere
1325 1635 1338 1671 :
1373 1632 1478 1671 non
1517 1614 1750 1669 absurde
1783 1615 2002 1679 dixerit,
2027 1617 2172 1684 quod

602 1715 720 1768 haec
761 1713 832 1766 sit
883 1712 1029 1765 illius
1060 1709 1241 1764 Sionis
1303 1707 1433 1762 tilia.
1487 1706 1656 1778 876
1716 1705 1880 1760 l’rimi
1914 1705 2060 1758 enim
2105 1720 2174 1758 ex

599 1804 862 1875 sanguine
897 1800 1114 1856 lsraelis
1144 1797 1359 1856 oriundi
1391 1799 1741 1852 crediderunt
1783 1813 1798 1849 :
1837 1805 1892 1850 et
1929 1796 2171 1865 gentium

602 1895 843 1950 Ecclesia
879 1894 1028 1949 velut
1085 1892 1192 1946 tilia
1225 1891 1470 1960 quadam
1497 1890 1641 1944 dicta
1668 1899 1754 1944 est
1786 1886 1904 1956 ejus
1939 1902 2058 1955 qua:
2105 1887 2172 1940 ab

2268 708 2678 780 παραγέγονεν
2721 708 2877 776 ἔχων
2929 707 3037 760 τὸν
3089 705 3308 759 ἑαυτοῦ
3351 703 3595 775 μισθόν,
3638 705 3746 758 καί
3801 702 3873 758 τὸ

2267 801 2447 869 ἔργον
2486 799 2600 868 πρὸ
2641 797 2966 868 προσώπου
3003 794 3210 851 αὐτοῦ’
3248 796 3348 850 καί
3381 795 3634 850 καλέσει
3673 797 3876 849 αὐτὸν

2268 889 2423 944 λαὸν
2474 888 2669 958 ἅγιον,
2712 886 3171 957 λελυτρωμένον
3207 887 3327 942 ὑπὸ
3377 888 3623 956 Κυρίου·
3666 887 3758 941 σὺ
3804 887 3876 940 δὲ

2271 981 2554 1051 κληθήσῃ
2582 980 3008 1050 ἐπιξιιτουμένη
3035 982 3232 1046 πόλις,
3267 979 3367 1033 καὶ
3391 982 3506 1034 οὐκ
3530 979 3874 1051 ἐγκαταλε-

2270 1074 2578 1144 λειμμένη.

2343 1162 2785 1236 Προῦπαγορεύει
2807 1162 2863 1217 δὲ
2897 1162 2990 1216 τοῦ
3022 1162 3271 1233 Σωτῆρος
3295 1162 3393 1234 τὴν
3421 1163 3626 1230 ἄφιξιν,
3661 1164 3773 1217 ὅσα
3811 1182 3872 1218 τε

2271 1258 2338 1311 δι’
2367 1259 2534 1329 αὐτῆς
2566 1257 3001 1328 κεκερδήκαμεν,
3025 1257 3118 1310 καὶ
3137 1255 3229 1309 τὸν
3254 1255 3616 1327 δοθησόμενον
3645 1261 3768 1321 τοῖς
3791 1260 3874 1321 εἰς

2271 1349 2436 1403 αὐτὸν
2457 1347 2771 1402 πιστεύουσι
2801 1347 3050 1402 πλοῦτον,
3078 1347 3363 1418 Θυγατὲρα
3385 1365 3448 1416 γε
3474 1347 3581 1419 μὴν
3600 1349 3872 1418 ὀνομάζει

2271 1437 2370 1505 τὴν
2393 1435 2550 1489 Σιών.
2567 1437 2677 1490 Καὶ
2703 1439 2750 1490 εί
2788 1437 2884 1507 μὲν
2916 1435 3156 1507 βούλοιτό
3185 1453 3269 1500 τις
3288 1435 3386 1508 τήν
3411 1437 3648 1507 ἀρχαίαν
3672 1439 3872 1490 νοείτω

2270 1527 2346 1591 ὡς
2395 1528 2702 1599 ἠλεημένην
2752 1529 2888 1598 ἤδη,
2925 1528 3021 1582 καὶ
3071 1527 3496 1598 δεδικαιωμένην
3545 1529 3606 1582 ἐν
3657 1528 3867 1583 πίστει.

2274 1617 2337 1672 Εἰ
2367 1618 2425 1672 δὲ
2450 1619 2514 1689 δὴ
2551 1619 2652 1690 τὴν
2690 1619 2836 1686 νέαν,
2860 1619 3106 1671 τουτέστι
3133 1618 3230 1689 τὴν
3261 1618 3615 1689 Ἐκκλησίαν,
3651 1617 3871 1687 λέγοιτο

2275 1710 2339 1764 ἂν
2363 1712 2461 1765 οὐκ
2486 1711 2792 1776 ἀπεικότως
2814 1711 2910 1765 καὶ
2943 1710 3082 1782 αὐτη
3113 1710 3361 1781 θυγάτηρ
3395 1707 3538 1764 εἶναι
3563 1710 3673 1781 τῆς
3703 1710 3865 1764 Σιών.

2273 1802 2491 1874 Πρῶτοι
2509 1801 2618 1872 γὰρ
2642 1803 2693 1854 oi
2723 1802 2781 1869 ἐξ
2811 1802 3042 1873 αἵματος
3075 1801 3290 1873 Ἰσραὴλ
3314 1801 3747 1867 πεπιστεύκασι,
3774 1803 3871 1856 καὶ

2273 1890 2389 1949 οἷόν
2423 1911 2506 1956 τις
2528 1892 2772 1965 θυγάτηρ
2805 1894 2904 1964 τῆς
2932 1893 3027 1946 ἀπ’
3050 1893 3229 1947 αὐτῶν
3261 1889 3534 1962 συστάσης
3562 1893 3622 1945 ὲν
3663 1893 3871 1963 ἀρχαῖς

601 1987 758 2041 initio
787 1985 854 2039 ab
881 1984 984 2038 illis
1011 1983 1304 2038 constituta
1333 1990 1438 2036 est.
1476 1982 1544 2033 At
1592 1979 1789 2050 quibus
1822 1979 2076 2044 mandat,
2116 1989 2173 2032 nt

2285 1988 2610 2059 Ἐκκλησίας
2642 1987 2676 2058 ἡ
2721 1985 2780 2053 ἐξ
2807 1985 2976 2038 ἐθνῶν
3017 1983 3365 2054 ὀνομάζεται.
3402 1984 3523 2036 Τίσι
3558 1983 3618 2036 δὲ
3649 1985 3870 2038 κελεύει

602 2077 952 2148 Evangelium
981 2074 1304 2129 aununtient
1325 2072 1480 2128 Sinni
1503 2071 1528 2125 ?
1580 2071 1771 2125 Annon
1797 2070 2018 2125 omnino
2043 2085 2173 2124 san-

603 2168 708 2223 ctis
730 2167 1058 2237 mystagogis
1076 2165 1169 2235 qui
1193 2161 1524 2234 praefuerunt
1548 2159 1831 2227 Ecclesiis,
1854 2175 1989 2230 quos
2007 2164 2172 2216 etiam

599 2257 763 2329 jussit
796 2257 1009 2326 aperire
1036 2266 1242 2326 portas,
1278 2265 1332 2309 et
1358 2255 1564 2324 lapides
1598 2253 1888 2325 diligenter
1913 2268 1944 2310 e
1997 2256 2174 2310 medio

607 2349 840 2404 tollere?
867 2347 1004 2413 Quid
1025 2356 1108 2401 est
1136 2347 1299 2415 igitur
1341 2347 1485 2415 quod
1521 2344 1895 2414 pradicatur?
1954 2363 1975 2397 ‹
2033 2345 2175 2400 Ecce

607 2437 703 2493 tibi
739 2437 996 2492 Servatur
1029 2433 1252 2489 advenit
1314 2433 1523 2488 habens
1559 2432 1860 2487 mercedem
1911 2446 2085 2495 suam,
2122 2441 2175 2483 et

603 2546 739 2602 Opus
774 2536 902 2583 ante
932 2527 1126 2582 faciem
1156 2540 1330 2580 suam.
1371 2542 1391 2577 ι
1434 2523 1547 2579 Duo
1575 2522 1738 2578 simul
1776 2522 1950 2591 ponit,
1993 2521 2173 2576 divina

605 2631 662 2674 et
701 2620 927 2682 eximia,
960 2617 1104 2673 unde
1154 2613 1441 2670 manifesta
1495 2613 1590 2668 ﬁat
1629 2611 1939 2668 Servatoris
1980 2612 2173 2684 gloria.

608 2713 782 2767 Divini
812 2710 957 2765 enim
1003 2709 1283 2780 prophetae
1313 2705 1754 2762 exhortabantur
1782 2720 1900 2759 eam
1936 2705 2006 2759 ad
2049 2703 2175 2759 vita:

607 2803 953 2874 probitatem,
981 2810 1036 2855 ct
1066 2801 1134 2854 ad
1154 2796 1624 2852 conversationem
1657 2796 1760 2866 legi
1785 2803 2174 2867 congruentem

605 2904 660 2949 et
717 2895 1021 2948 honestam.
1100 2890 1306 2945 Deinde
1386 2888 1752 2944 meminerant
1831 2887 2174 2956 praemiorum

605 3000 727 3055 qua:
750 2983 1022 3053 accepturi
1058 2989 1214 3037 erant
1240 2981 1372 3035 olim
1403 2993 1434 3033 a
1467 2979 1600 3044 Deo,
1652 2977 1852 3048 quibus
1887 2993 2032 3032 curae
2056 2985 2176 3032 erat

605 3086 755 3133 recte
789 3076 1055 3129 factorum
1080 3073 1286 3142 gloria;
1341 3071 1438 3126 sed
1467 3085 1574 3126 non
1624 3076 1781 3126 erant
1825 3068 1928 3140 ipsi
1961 3070 2176 3123 datores

604 3166 968 3239 spiritualium
986 3164 1401 3228 charismatum,
1433 3161 1527 3218 sed
1545 3161 1936 3231 praedicebant,
1958 3160 2173 3228 ut,dixi,

604 3259 1000 3332 promissiones
1049 3255 1166 3311 Dei.
1230 3255 1621 3311 Universorum
1659 3263 1841 3309 autem
1894 3251 2174 3320 Servator,

2272 2080 2334 2132 τὸ
2353 2078 2814 2149 εὐαγγελίσασθαι
2836 2079 2902 2148 τῇ
2925 2075 3093 2141 Σιὼν;
3122 2075 3156 2147 ἢ
3181 2075 3400 2139 πάντως
3420 2093 3521 2128 που
3546 2079 3668 2140 τοῖς
3688 2076 3871 2145 ἁγίοις

2278 2173 2658 2240 μυσταγωγοῖς
2690 2172 2804 2233 τοῖς
2829 2166 3190 2237 καθηγεῖσθαι
3216 2165 3469 2238 λαχοῦσιν
3496 2167 3868 2240 Ἐκκλησιῶ-ι,

2274 2255 2356 2325 οἷς
2379 2261 2474 2314 καὶ
2501 2260 2809 2330 ἀνοιγνύναι
2836 2259 2935 2323 τὰς
2963 2258 3156 2322 πύλας,
3179 2259 3274 2313 καὶ
3301 2260 3428 2322 τούς
3453 2259 3639 2323 λίθους
3665 2261 3733 2312 ἔγ
3767 2261 3871 2330 μὲ-

2277 2371 2372 2407 σου
2404 2353 2745 2424 διαρρίπτειν
2765 2346 2824 2404 εὖ
2854 2350 2999 2422 μάλα
3027 2349 3425 2420 παρεκελεύετο
3448 2367 3466 2416 ;
3491 2351 3557 2404 Τί
3583 2351 3639 2404 δὲ
3660 2351 3726 2420 δὴ
3752 2353 3872 2424 ἄρα

2275 2447 2336 2500 τὸ
2371 2445 2809 2518 κηρυττόμενον;
2837 2463 2856 2497 ι
2893 2443 3023 2498 Ἰδού
3060 2459 3141 2498 σοι
3175 2445 3204 2496 ό
3249 2443 3442 2516 Σωτὴρ
3478 2445 3868 2517 παραγέγονεν

2275 2535 2414 2608 ἔχων
2444 2535 2535 2590 τὸν
2567 2535 2762 2590 ἑαυτοῦ
2791 2533 3003 2606 μισθὸν,
3031 2535 3126 2588 καὶ
3144 2534 3204 2588 τὸ
3231 2535 3391 2606 ἔργον
3429 2536 3539 2607 πρὸ
3566 2535 3865 2607 προσώπου

2276 2626 2465 2681 αὐτοῦ.
2490 2645 2509 2677 ι
2529 2626 2633 2679 Δύο
2667 2626 2878 2696 τίθησιν
2906 2624 3042 2696 ὁμοῦ
3071 2626 3350 2696 θεοπρεπῆ
3378 2643 3437 2678 τε
3461 2627 3560 2679 καὶ
3585 2627 3863 2700 ἐξαίρετα,

2275 2718 2342 2773 δι’
2368 2712 2443 2772 ὧν
2476 2717 2541 2772 ἂν
2575 2717 2783 2786 γένοιτο
2816 2717 3131 2788 καταφανὴς
3159 2717 3254 2769 τοῦ
3282 2718 3537 2788 Σωτῆρος
3555 2720 3591 2789 ή
3628 2718 3776 2784 δόξα.
3801 2721 3864 2773 Ol

2279 2811 2377 2882 μὲν
2399 2810 2508 2881 γὰρ
2533 2809 2812 2863 θεσπέσιοι
2837 2809 3114 2880 προφῆται
3140 2807 3488 2880 παρεκάλουν
3516 2810 3602 2874 είς
3635 2810 3864 2874 εὐζωῖαν

2276 2899 2465 2972 αὐτὴν,
2497 2902 2592 2955 καὶ
2621 2901 2698 2965 είς
2727 2899 2949 2972 ἔννομόν
2983 2917 3043 2954 τε
3076 2900 3171 2953 καὶ
3210 2901 3531 2972 εὐσχήμονα
3564 2903 3860 2958 πολιτείαν.

2278 2986 2413 3046 Εἶτα
2445 2992 2804 3063 διεμέμνηντο
2825 2991 2934 3045 τῶν
2965 2991 3164 3062 γερῶν,
3189 2993 3226 3046 ἃ
3256 2993 3409 3064 παρά
3439 2993 3579 3047 Θεοῦ
3606 2994 3864 3066 λήψονται.

2277 3084 2423 3140 κατὰ
2454 3084 2701 3156 καιροὺς,
2731 3077 2814 3148 οἷς
2850 3083 2916 3138 ἂν
2943 3083 3156 3152 γένοιτο
3187 3083 3248 3137 τὸ
3273 3085 3590 3154 εὐδοκιμεῖν
3616 3087 3676 3140 ἐν
3700 3087 3860 3156 λόγῳ,

2278 3175 2393 3231 ἀλλ’
2418 3177 2518 3230 οὐκ
2547 3176 2701 3229 αὐτοὶ
2739 3174 3100 3246 χαρισμάτων
3122 3173 3348 3246 δοτῆρες
3379 3171 3522 3248 ἦσαν
3551 3178 3662 3231 τῶν
3700 3195 3864 3231 πνευ-

2283 3266 2548 3338 ματικῶν.
2601 3267 2980 3338 Προηγόρευον
3034 3267 3126 3332 δὲ,
3177 3267 3254 3332 ὡς
3298 3268 3476 3340 ἔφην,
3540 3271 3864 3339 ὑποσχέσεις

605 3362 796 3423 utpote
831 3353 993 3414 Deus,
1021 3349 1191 3404 habet
1219 3358 1542 3418 potcStatem
1581 3347 1742 3401 dandi
1777 3346 2102 3411 mercedem,
2124 3353 2173 3400 et

2281 3359 2439 3413 Θεοῦ.
2483 3360 2541 3415 '0
2575 3359 2634 3414 δέ
2667 3377 2728 3429 γε
2771 3362 2880 3414 τῶν
2924 3362 3061 3416 ὅλων
3089 3361 3301 3435 Σωτὴρ,
3339 3363 3436 3417 ἆτε
3476 3364 3542 3436 δὴ
3588 3364 3720 3427 Θεὸς
3756 3367 3859 3418 ὐπ’-

604 3452 870 3514 Ῑιταιιοιοοιι
920 3439 1240 3509 dispiciendi
1269 3478 1286 3503 ,
1333 3439 1425 3507 qui
1472 3439 1664 3492 modus
1691 3437 1890 3508 cuique
1943 3445 1999 3492 et
2035 3437 2178 3505 quod

604 3549 740 3605 Opus
781 3533 1122 3587 tribuendum
1155 3532 1244 3586 sit.
1277 3531 1374 3586 Est
1398 3531 1541 3584 enim
1568 3530 1671 3584 hoc
1707 3530 1948 3583 divinum
1975 3568 1992 3582 .
2024 3527 2176 3582 Scri-

603 3634 758 3695 ptum
783 3637 1015 3690 namque
1033 3632 1116 3676 est
1147 3637 1162 3675 :
1192 3639 1211 3674 ι
1235 3620 1430 3676 Coram
1453 3620 1626 3674 oculis
1654 3620 1744 3674 Dei
1779 3627 1904 3674 sunt
1930 3619 2030 3673 via:
2053 3619 2175 3684 viri,

604 3728 903 3784 omnesque
947 3709 1169 3770 semitas
1206 3713 1323 3782 ejus
1355 3712 1738 3768 considerat".
1779 3731 1799 3765 ι
1824 3742 1896 3752 ——
1927 3729 1946 3763 ι
1989 3711 2178 3768 Veniet

605 3807 792 3880 igitur,
831 3823 852 3858 ι
893 3805 1105 3878 inquit,
1135 3825 1155 3858 ι
1188 3804 1395 3861 habens
1412 3817 1566 3858 suam
1601 3805 1927 3868 mercedem,
1957 3822 1978 3856 ι
2002 3804 2173 3872 idest,

603 3897 826 3968 praemia
863 3897 998 3951 dans
1033 3897 1118 3952 his
1172 3910 1311 3966 quos
1343 3910 1442 3964 par
1471 3906 1554 3950 est
1591 3894 1858 3966 accipere.
1897 3895 2174 3967 Siquidem

601 3987 788 4043 divino
817 3987 976 4042 Petro
1023 3996 1171 4042 recte
1217 3986 1377 4041 lldcm
1426 3986 1733 4051 conﬁtenti,
1766 4005 1784 4038 ι
1831 3987 1996 4052 Dabo,
2033 4005 2052 4039 ι
2092 3988 2177 4042 in-

609 4079 755 4145 quit,
797 4096 816 4130 ι
857 4078 950 4133 tibi
997 4079 1178 4133 claves
1202 4078 1352 4148 regni
1395 4077 1680 4132 caelorum.
1730 4075 1795 4132 Et
1844 4093 2176 4149 «praecunqne

603 4169 861 4240 ligaveris
889 4185 1053 4238 super
1105 4179 1305 4223 terram
1339 4207 1354 4231 ,
1405 4179 1566 4222 erunt
1610 4169 1774 4238 ligata
1817 4169 1871 4223 in
1906 4170 2080 4225 caelis.
2111 4171 2176 4226 Et

602 4276 940 4332 quaecunque
973 4259 1202 4316 solveris
1254 4273 1417 4327 super
1451 4267 1674 4325 terram,
1723 4269 1883 4313 erunt
1907 4260 2084 4316 soluta
2119 4263 2172 4316 in

602 4354 758 4411 caelis
787 4353 832 4408 '.
867 4370 887 4403 ι
927 4351 1084 4405 Dedit
1111 4358 1290 4402 autem
1321 4350 1374 4403 in
1416 4349 1730 4404 universum
1761 4352 2012 4406 omnibus
2045 4369 2174 4408 san-

603 4445 710 4500 ctis
741 4441 999 4514 apostolis
1037 4448 1358 4510 potestatein
1408 4453 1599 4496 contra
1645 4442 1955 4498 immundos
2007 4445 2172 4512 Spiri-

605 4546 712 4600 tus,
747 4545 801 4589 et
831 4542 887 4586 ut
915 4539 1133 4602 possent
1155 4547 1348 4588 curare
1364 4547 1582 4588 onmem
1599 4535 1845 4589 morbum
1872 4545 1926 4590 et
1953 4551 2170 4592 omnem

2278 3452 2488 3522 άρχων,
2519 3449 2633 3522 ἔχει
2661 3451 2723 3506 τὸ
2751 3451 3012 3507 δύνασθαι.
3048 3453 3248 3508 διδόναι
3279 3455 3539 3526 μισθοὺς,
3574 3455 3672 3510 καὶ
3691 3473 3863 3527 προσ-

2279 3541 2546 3613 επιτούτῳ
2583 3541 2646 3595 τὸ
2693 3544 2896 3616 ὲφορᾷν
2935 3544 3149 3624 ἑκάστῳ
3199 3545 3293 3598 τὸν
3339 3547 3561 3616 τρόπον,
3617 3548 3741 3616 ἦτοι
3800 3547 3864 3600 τὸ

2277 3633 2438 3706 ἔργον
2459 3649 2471 3662 ·
2497 3632 2798 3709 θεοπρεπὲς
2819 3636 2929 3708 γὰρ
2951 3637 3046 3690 καὶ
3073 3637 3251 3691 τοῦτο.
3275 3637 3580 3709 Γέγραπται
3605 3636 3744 3709 γὰρ,
3772 3638 3864 3692 ὅτι.

2281 3742 2302 3778 ι
2340 3725 2601 3780 Ἐνώπιόν
2632 3727 2740 3780 είσι
2761 3727 2870 3781 τῶν
2893 3727 2988 3782 τοῦ
3009 3727 3146 3782 Θεοῦ
3169 3728 3464 3800 ὀφθαλμῶν
3493 3728 3604 3782 ὁδοὶ
3639 3729 3856 3800 ἀνδρὸς,

2277 3817 2357 3881 εἰς
2380 3817 2438 3872 δὲ
2465 3818 2645 3883 πάσας
2677 3819 2777 3884 τὰς
2799 3821 3023 3893 τροχιὰς
3050 3821 3218 3875 αὐτοῦ
3239 3823 3516 3877 σκοπεύει.
3550 3840 3676 3874 »-«
3700 3821 3858 3888 Ἥξει

2274 3909 2474 3975 τοίνυν,
2506 3929 2526 3962 ι
2569 3912 2754 3983 φησὶν,
2801 3931 2820 3964 ι
2856 3913 2996 3982 ἔχων
3036 3912 3127 3966 τὸν
3157 3913 3351 3966 ἑαυτοῦ
3392 3914 3612 3986 μισθὸν,
3643 3933 3663 3968 ι
3704 3931 3855 3968 τουτ-

2275 3997 2447 4062 έστιν,
2478 3999 2642 4064 αὐτὸς
2669 3999 2737 4053 τὰ
2763 4000 2902 4072 γέρα
2929 4000 3124 4066 διδοὺς,
3142 3996 3224 4067 οἷς
3253 4003 3317 4057 ἂν
3334 4004 3540 4073 πρέποι
3568 4004 3630 4057 τὸ
3654 4004 3848 4058 λαϐεῖν.

2275 4090 2385 4144 Καὶ
2422 4089 2554 4159 γοῦν
2595 4091 2990 4165 ὁμολογήσαντι
3043 4093 3142 4164 μὲν
3182 4095 3283 4164 τὴν
3321 4096 3505 4148 πίστιν
3559 4096 3733 4166 ὀρθῶς
3778 4095 3854 4166 τῷ

2275 4181 2545 4254 θεσπεσίῳ
2588 4184 2798 4256 Πέτρῳ,
2838 4202 2857 4236 ι
2880 4183 3048 4239 Δώσω
3086 4203 3190 4251 σοι,
3215 4205 3235 4239 ι
3270 4187 3422 4258 φησὶ,
3466 4207 3486 4239 ι
3507 4188 3611 4252 τὰς
3645 4188 3854 4251 κλεῖδας

2273 4274 2374 4341 τῆς
2391 4272 2668 4342 βασιλείας
2681 4273 2789 4327 τῶν
2803 4274 3071 4346 οὐρανῶν,
3101 4276 3197 4329 καὶ
3210 4275 3311 4330 ὅσα
3327 4277 3423 4330 ἐὰν
3444 4278 3615 4349 δήσῃς
3645 4280 3739 4332 ἐπὶ
3759 4278 3853 4350 τῆς

2272 4362 2398 4433 γῆς,
2431 4363 2584 4418 ἔσται
2619 4364 2883 4435 δεδεμένα
2928 4367 2988 4420 ἔν
3012 4370 3125 4432 τοῖς
3167 4369 3436 4441 οὐρανοῖς,
3482 4374 3580 4424 καὶ
3620 4372 3722 4425 ὅσα
3760 4371 3850 4424 ἐὰν

2273 4454 2442 4526 λύσῃς
2469 4456 2560 4508 ἐπὶ
2587 4458 2688 4526 τῆς
2715 4457 2840 4527 γῆς,
2858 4457 3012 4513 ἔσται.
3033 4459 3302 4531 λελυμένα
3323 4464 3382 4515 ὲν
3405 4467 3520 4526 τοῖς
3547 4464 3846 4535 οὐρανοῖς.»

2285 4543 2604 4616 Ἐχαρίζετο
2631 4545 2688 4598 δὲ
2721 4547 2818 4600 καὶ
2850 4549 3147 4622 συλλήϐδην
3170 4552 3343 4607 ἅπασι
3371 4556 3484 4617 τοῖς
3516 4555 3693 4623 ἁγίοις
3718 4555 3850 4607 ἀπο-

603 4626 976 4683 iniirmitatem
1011 4625 1064 4678 in
1097 4626 1296 4696 populo
1321 4627 1366 4681 ’.
1399 4627 1561 4682 Certe
1592 4635 1646 4679 et
1676 4626 1870 4682 latroni
1919 4628 2170 4698 pendenti

2275 4635 2484 4698 στόλοις
2517 4635 2658 4689 κατὰ
2705 4640 3033 4710 πνευμάτων
3077 4641 3404 4714 ἀκαθάρτων
3439 4644 3719 4709 ἐξουσίαν,
3761 4645 3850 4698 καὶ

604 4735 709 4775 una
744 4732 866 4772 cum
900 4715 1017 4785 ipso
1050 4715 1188 4771 dixit
1210 4716 1372 4772 ﬁdem
1416 4733 1525 4773 non
1564 4721 1858 4772 carituram
1887 4733 1986 4774 suo
2031 4735 2168 4788 pra:-

2274 4725 2336 4778 τὸ
2359 4725 2684 4798 θεραπεύειν
2715 4727 2973 4784 δύνασθαι
3003 4733 3182 4788 πᾶσαν
3209 4734 3382 4800 νόσον,
3418 4737 3513 4790 καὶ
3539 4739 3721 4792 πᾶσαν
3750 4755 3850 4807 μαι

603 4811 755 4865 miu:
798 4825 817 4858 ι
857 4806 1028 4897 Amen
1073 4806 1194 4862 dico
1221 4808 1336 4873 tibi,
1391 4809 1550 4863 hodie
1584 4823 1793 4864 mecum
1833 4811 1944 4866 eris
1977 4811 2030 4865 in
2075 4828 2170 4882 pa-

2274 4813 2470 4870 λακίαν
2503 4816 2562 4868 ὲν
2590 4815 2668 4888 τῷ
2709 4817 2841 4890 λαῷ.
2881 4819 2992 4876 Ναὶ
3035 4821 3141 4894 μὴν
3179 4823 3379 4894 καὶτῷ
3411 4806 3848 4897 συγκρεμαμένῳ

604 4898 784 4954 radiso
815 4897 881 4952 ‘°.
920 4915 938 4948 ι
967 4896 1102 4951 Cum
1135 4911 1268 4967 ergo
1289 4899 1502 4954 venerit
1523 4939 1540 4966 ,
1627 4899 1841 4968 inquit,
1941 4915 2037 4956 eos
2075 4881 2167 4972 qui

2274 4904 2444 4978 λῃστῇ
2493 4904 2593 4978 τὴν
2637 4881 2835 4962 ⁷πίστιν
2884 4911 2984 4964 οὐκ
3035 4881 3274 4982 θμισθον
3306 4881 3845 4988 είπὼνιέπέφηινενί

601 4989 832 5045 credunt
891 4987 945 5042 in
979 4988 1176 5056 ipsum,
1209 5005 1228 5039 ι
1262 4987 1477 5042 vocabit
1529 4987 1782 5058 populum
1821 5001 2068 5046 sanctum
2114 5003 2170 5048 et

2281 5013 2301 5046 ι
2339 4994 2510 5068 Ἀμὴν
2553 4996 2696 5066 λέγω
2743 5014 2846 5066 σοι,
2900 5002 3140 5072 σήμερον
3173 5003 3294 5074 μετ’
3330 5005 3468 5075 ἐμοῦ
3501 5006 3600 5078 ἔσῃ
3660 4987 3719 5062 ὲν
3773 5008 3849 5080 τῷ

603 5082 935 5150 redemptum
962 5094 993 5133 a
1029 5078 1278 5134 Domine.
1317 5097 1336 5131 ι
1369 5077 1482 5134 Νοιι
1511 5080 1655 5134 enim
1673 5079 1900 5150 legatus,
1933 5098 2038 5136 non
2075 5100 2172 5137 an-

2277 5087 2610 5160 παραδείσῳ.
2635 5108 2654 5141 ι
2687 5089 3009 5162 ’Δφιγμένος
3038 5093 3102 5164 δὴ
3136 5090 3248 5162 οὖν,
3287 5099 3441 5167 φησι,
3471 5077 3598 5164 τούς
3639 5100 3741 5169 μὲν
3772 5077 3848 5164 είς

601 5171 770 5240 golus,
807 5172 900 5226 sed
932 5173 1045 5240 ipse
1079 5169 1342 5226 Dominus
1383 5173 1624 5226 servavit
1673 5185 1791 5240 nos,
1838 5173 1996 5229 sicuti
2032 5176 2170 5230 serio

2280 5178 2444 5232 αὐτὸν
2484 5179 2837 5246 πιστεύοντας
2874 5201 2894 5234 ι
2924 5185 3141 5238 καλέσει
3188 5186 3316 5241 λαὸν
3344 5188 3518 5259 ἃγιον,
3565 5193 3660 5246 καὶ
3696 5192 3848 5246 λελυ-

601 5270 749 5329 ptum
771 5261 950 5314 estw.
973 5278 991 5312 ι
1021 5259 1099 5314 'l‘u
1115 5270 1316 5328 autem,
1337 5276 1374 5316 ο
1393 5259 1592 5326 Sion.)
1613 5264 1728 5318 sive
1749 5263 2010 5327 Ecclesia,
2031 5283 2049 5317 ι
2074 5280 2168 5321 vo-

2274 5269 2551 5340 τρωμένον
2577 5271 2687 5326 ἀπὸ
2719 5273 2946 5346 Κυρίου.
2977 5293 2996 5327 ι
3023 5276 3096 5329 Ού
3125 5277 3233 5348 γὰρ
3263 5281 3526 5351 πρέσϐυς,
3554 5284 3655 5336 οὐκ
3685 5284 3846 5353 ἅγγε-

601 5351 816 5406 caberis
857 5352 1116 5419 requisita
1146 5351 1341 5407 civitas
1367 5362 1424 5408 et
1458 5369 1564 5408 non
1591 5354 1872 5408 derelicta.
1919 5373 1940 5406 ι
1968 5354 2173 5426 Requi-

2274 5357 2382 5422 λος,
2417 5357 2530 5411 ἀλλ’
2563 5360 2725 5424 αὐτὸς
2752 5362 2782 5415 ὁ
2807 5363 3010 5435 Κύριος
3040 5363 3244 5421 ἔσωσεν
3272 5370 3441 5440 ἡμᾶς,
3468 5371 3611 5426 καθὰ
3641 5351 3847 5446 γέγρα-

602 5442 758 5496 sitam
817 5441 977 5510 dicit,
1030 5452 1086 5498 et
1122 5446 1382 5501 memoria
1427 5445 1662 5515 dignam.
1731 5446 1969 5503 Tenetur
2025 5451 2170 5504 enim

2274 5465 2436 5539 πτειν
2463 5469 2482 5503 ι
2511 5453 2584 5504 Σὺ
2615 5453 2692 5518 δὲ,
2731 5453 2893 5522 Σιὼν,
2927 5475 2946 5508 ι
2980 5458 3148 5529 ήγουν
3183 5460 3503 5531 Ἐκκλησία,
3539 5484 3559 5518 ι
3599 5441 3844 5539 κληθήσῃ

603 5533 864 5588 memoria
885 5535 1030 5604 quod
1075 5538 1354 5605 quaeritur.
1408 5535 1475 5590 Et
1518 5551 1623 5591 non
1649 5538 1924 5603 derelicta,
1968 5547 2026 5593 ut
2060 5541 2172 5608 pri-

2274 5537 2669 5615 ἔπιζητουμένη
2718 5543 2907 5613 πόλις,
2938 5523 3040 5601 καί
3074 5549 3175 5604 οὐκ
3220 5523 3841 5632 ἐγκαταλελειμμένῃοοῖ

679 5697 698 5728 ⁷
735 5698 894 5753 Prov.
923 5717 973 5768 v,
1007 5703 1098 5757 9.1.
1173 5708 1194 5740 ⁸
1235 5708 1425 5764 Matth.
1457 5725 1566 5777 xw,
1601 5711 1683 5766 l9.
1761 5713 1781 5743 °
1820 5712 2012 5770 Matth.
2045 5731 2122 5785 tv,
2155 5717 2173 5770 ﬁ

2322 5720 2366 5753 ¹⁰
2398 5719 2530 5776 Luc.
2564 5739 2716 5793 uni,
2752 5727 2840 5782 43.
2937 5729 3123 5802 ’θ’-1³³.
3160 5745 3321 5801 uin,
3355 5735 3390 5792 9
