4112 6292
607 329 750 389 4385

1593 327 1652 382 Β.
1687 325 1965 382 ςγιιιιιι
2003 323 2473 382 ΑιΕΧΑΝυιιιΜ
2512 325 2833 383 ARCHIEP.

3739 327 3844 379 138
3861 329 3889 380 ὖ

616 442 763 496 victo
805 441 1111 511 praulilum.
1181 439 1291 493 lloc
1355 455 1590 508 namque
1637 441 1803 496 credo
1847 439 2166 495 subindicar:

2291 439 2448 510 δόξης
2487 439 2715 510 ἔμπλεοι
2763 442 3100 495 κατεθεῶντο
3153 441 3422 512 Χριστὸν.
3474 443 3521 492 εἰ
3570 442 3666 493 καὶ
3703 437 3776 511 ἦν
3826 449 3887 495 ἐν

614 535 1005 602 spectaculum.
1059 531 1523 599 lnterrogantibus
1583 531 1762 599 itaque
1815 531 2040 601 angelis,
2101 530 2182 584 vel

613 629 751 684 inter
784 641 901 680 sese
943 622 1301 688 qULL'l‘CItlibus
1329 642 1339 674 :
1375 640 1392 672 ι
1431 621 1564 687 Quis
1597 633 1680 676 est
1709 623 1839 677 hic?
1883 644 1899 674 ο
1940 637 2169 690 respon-

611 720 700 774 det
731 727 784 771 ct
821 715 997 784 inquit
1036 731 1048 766 :
1103 731 1120 764 ι
1159 711 1268 782 Ego
1294 713 1485 781 loquor
1510 715 1772 782 justitiam
1815 724 1868 766 et
1914 713 2180 782 judicium

610 812 815 867 salutis.
863 828 881 860 ι
919 807 1194 862 Justitiam
1230 818 1406 869 vocat,
1439 808 1520 861 vel
1561 808 1927 874 eratigeliram
1961 817 2016 860 et
2047 808 2178 860 divi-

611 918 732 955 nam
796 899 1263 969 praedicationem,
1324 900 1401 954 vel
1459 901 1599 968 quod
1653 904 1828 953 omnis
1874 903 1966 954 Dei
2007 901 2183 954 oratio

601 991 744 1060 jnsla
780 990 867 1042 sit.
905 989 1104 1042 Salutis
1132 990 1395 1058 judicium
1443 991 1696 1059 appellat,
1736 995 1876 1060 quod
1914 993 1982 1047 de
2027 995 2183 1048 nobis

607 1092 692 1136 est
736 1081 1022 1150 judicium.
1061 1080 1322 1134 lndicavit
1379 1083 1524 1134 enim
1575 1083 1761 1136 orbem
1818 1095 1870 1136 cl
1920 1085 2179 1138 Satanam

607 1176 694 1242 qni
728 1191 849 1227 eum
888 1173 1081 1239 injuria
1109 1183 1474 1242 oppresserat,
1510 1177 1854 1244 servavitque
1915 1177 2180 1231 intolera-

605 1265 696 1317 bili
731 1264 1012 1334 tyrannide
1038 1275 1317 1332 gravatos,
1355 1273 1410 1318 et
1438 1265 1665 1332 imperio
1697 1265 1748 1318 in
1786 1266 1902 1320 illos
1955 1281 2052 1321 suo
2087 1269 2181 1320 de-

599 1355 731 1424 jecit
765 1365 1063 1424 apostatam
1105 1368 1158 1408 et
1189 1355 1450 1409 alientnn.
1503 1354 1692 1425 itaque
1731 1359 1864 1410 dixit
1900 1377 1913 1414 :
1957 1378 1974 1411 ι
2019 1358 2176 1414 Iudi-

605 1447 745 1502 cium
787 1464 929 1500 nunc
961 1456 1043 1501 est
1069 1446 1228 1512 hujus
1263 1449 1472 1500 mundi.
1514 1446 1665 1501 Nunc
1710 1450 1960 1518 princeps
1993 1451 2178 1504 mundi

605 1538 763 1607 hujus
797 1537 1046 1605 cjicietur
1072 1536 1236 1591 foras.
1290 1537 1351 1589 Et
1391 1553 1489 1604 ego
1526 1539 1569 1591 si
1603 1538 1881 1592 exaltatus
1927 1538 2082 1592 fuero
2111 1540 2179 1592 de

606 1638 772 1693 terra,
808 1643 996 1681 omnes
1032 1629 1244 1681 traham
1271 1629 1334 1680 ad
1366 1630 1626 1696 meipsmn
1663 1629 1728 1682 ¹³.
1774 1649 1791 1680 ι
1844 1629 1968 1685 llaec
1999 1632 2179 1699 itaque

602 1719 819 1773 Christo
869 1719 1102 1781 dicente,
1148 1734 1336 1771 rursus
1375 1733 1822 1787 percunctantur,
1873 1730 1926 1775 et
1968 1724 2119 1775 aiunt
2159 1738 2171 1774 :

2289 531 2473 600 σαρκὶ,
2503 533 2590 583 ναὶ
2635 534 2740 601 μὴν
2776 535 2870 585 καὶ
2904 534 3087 602 ἰσχύος
3118 534 3247 586 ὄντα
3281 535 3474 602 μεστὸν
3501 531 3601 600 τῆς
3635 532 3881 600 ἀμάχου,

2284 620 2442 672 τοῦτο
2470 622 2600 691 γὰρ,
2626 617 2800 691 οἶμαι,
2830 624 2928 694 τὴν
2961 625 3109 677 θείαν
3137 623 3212 695 (l)
3245 623 3530 693 ὑπεδήλου.
3567 623 3884 692 Ἐρομένων

2284 712 2347 780 δὴ
2373 708 2466 764 οὖν
2500 714 2606 766 τῶν
2639 714 2906 783 ἀγγέλων,
2940 716 2971 786 ἢ
3001 717 3143 785 τάχα
3173 733 3276 768 που
3313 715 3407 767 καὶ
3447 713 3581 782 πρὸς
3609 714 3885 786 ἀλλήλους

2284 801 2343 854 τὸ
2370 821 2388 852 ι
2408 802 2504 865 Τίς
2532 798 2683 867 οὗτος
2709 822 2724 870 ;
2749 824 2766 856 ι
2793 805 3223 874 διηγορευκότων
3246 805 3622 876 ἀποκρίνεται,
3645 805 3741 856 καί
3778 822 3884 875 τρη-

2287 911 2371 946 σιν
2397 910 2410 922 ·
2449 913 2466 944 ι
2507 893 2648 962 Ἐγὼ
2682 896 3002 966 διαλέγομαι
3034 894 3400 963 δικαιοσύνην,
3432 897 3528 948 καὶ
3563 896 3744 964 κρίσιν
3776 913 3884 948 σω-

2281 984 2504 1054 τηρίου·
2546 1004 2564 1034 ι
2611 986 2955 1057 δικαιοσύνην
3003 986 3060 1039 δέ
3093 1003 3278 1055 φησιν,
3331 987 3362 1056 ἢ
3408 986 3468 1037 τὸ
3513 986 3883 1054 εὑαγγελικὸν

2283 1077 2378 1129 καὶ
2411 1075 2699 1130 θεσπέσιον
2735 1081 3018 1150 κήρυγμα,
3062 1078 3230 1148 ήγουν
3271 1078 3353 1129 ὅτι
3385 1077 3522 1130 Θεοῦ
3568 1081 3681 1140 πᾶς
3717 1079 3881 1145 λόγος

2279 1168 2522 1231 δίκαιοςο
2559 1169 2826 1240 σωτηρίου
2873 1169 2928 1221 δὲ
2960 1170 3142 1240 κρίσιν
3185 1170 3326 1238 τάχα
3369 1187 3470 1221 που
3519 1169 3580 1220 τὸ
3617 1169 3705 1236 ἐφ’
3741 1171 3880 1240 ἡμῖν

2280 1260 2539 1331 ὀνομάζει
2572 1265 2766 1332 κρῖμα,
2809 1261 3058 1314 δεδίκακε
3087 1262 3194 1331 γὰρ
3227 1263 3326 1331 τὴν
3358 1262 3451 1313 ὑπ’
3479 1261 3736 1331 οὐρανὸν,
3781 1262 3879 1314 καὶ

2279 1349 2357 1421 τῷ
2384 1350 2588 1421 ταύτην
2623 1351 2936 1420 ἀδικήσαντι
2971 1353 3207 1422 Σατανᾷ,
3233 1351 3327 1404 καὶ
3357 1353 3482 1414 τοὺς
3516 1355 3639 1414 ταῖς
3665 1354 3878 1422 ἀφορή-

2279 1458 2393 1503 τοις
2413 1440 2746 1506 πλεονεξίαις
2772 1442 3241 1512 κατηχθισμένους
3272 1443 3536 1494 σέσωκεν·
3566 1441 3875 1509 ἐκϐέϐληκε

2278 1530 2332 1583 δὲ
2371 1531 2468 1600 τῆς
2502 1533 2621 1584 κατ’
2654 1531 2828 1583 αὑτῶν
2878 1531 3052 1599 ἀρχῆς
3089 1531 3180 1583 τὸν
3217 1532 3554 1598 ἀποστάτην,
3590 1531 3690 1582 καὶ
3717 1530 3875 1582 ἀλλύ-

2278 1639 2457 1690 τριον·
2492 1622 2595 1691 ἔφη
2627 1621 2757 1690 γοῦν
2790 1620 2883 1673 νῦν
2932 1622 3014 1673 ὅτι
3055 1640 3073 1672 ι
3116 1621 3316 1691 Κρίσις
3364 1621 3482 1671 ἐστὶ
3525 1617 3624 1672 τοῦ
3663 1619 3874 1689 κόσμου

2278 1714 2488 1766 τούτου.
2536 1713 2650 1766 Νῦν
2685 1715 2712 1766 ὁ
2756 1712 2940 1784 ἄρχων
2973 1711 3068 1766 τοῦ
3110 1713 3316 1781 κόσμου
3359 1711 3550 1764 τούτου
3593 1709 3874 1781 ἐκϐληθή-

606 1812 847 1882 ¢_Qnare
877 1812 1037 1864 rubra
1078 1818 1205 1862 sunt
1242 1812 1566 1865 vestimenta
1611 1823 1697 1865 tua
1749 1825 1802 1866 et
1857 1814 2166 1867 indumenta

2280 1822 2432 1858 σεται
2485 1805 2608 1871 ἔξω,
2643 1804 2800 1873 κάγὼ
2845 1805 2939 1858 ἐὰν
2977 1804 3177 1874 ὑψωθῶ
3209 1806 3272 1856 ἐκ
3325 1805 3424 1872 τῆς
3479 1803 3616 1872 γῆς,
3661 1805 3874 1868 πάντας

602 1912 690 1956 tua
714 1941 730 1968 ,
767 1903 910 1955 velut
955 1917 1019 1955 ex
1075 1902 1328 1955 torculari
1369 1902 1526 1970 pleno
1558 1903 1815 1957 calcato?
1856 1924 1872 1954 ι
1911 1904 2006 1958 llic
2044 1905 2172 1957 mihi

601 2001 784 2059 repete
854 1993 1112 2046 memoria
1162 1991 1306 2059 quod
1358 1993 1663 2060 patriarcha
1711 1991 1946 2046 Jacobus
1995 1994 2172 2047 dixit:

605 2101 623 2134 ι
660 2081 886 2136 Lavabit
919 2083 972 2136 in
1008 2083 1134 2136 \‘ino
1165 2084 1363 2137 stolam
1401 2100 1578 2146 suam,
1603 2094 1656 2136 et
1689 2084 1741 2136 in
1771 2084 2029 2152 sanguine
2061 2101 2174 2138 nvo:

599 2171 854 2224 amictum
905 2187 1059 2225 suum
1090 2172 1154 2226 ιθ.
1215 2193 1234 2224 ›
1281 2173 1472 2227 Tincta
1504 2173 1648 2227 enim
1705 2175 1965 2242 sanguine
2019 2174 2174 2228 indu-

601 2273 782 2317 menta
813 2263 1174 2333 apparebant,
1207 2273 1261 2318 et
1300 2277 1550 2332 tanquam
1582 2273 1760 2318 musto
1809 2265 2050 2318 colorata
2081 2282 2172 2320 ru-

599 2357 750 2409 bore.
790 2354 996 2409 Deinde
1047 2353 1241 2408 iterum
1278 2356 1543 2410 Serrator
1581 2375 1594 2410 :
1655 2374 1672 2407 ι
1705 2355 1772 2410 Ει
1817 2373 1882 2410 ex
1921 2356 2172 2426 gentibus

598 2463 756 2501 nemo
783 2445 884 2500 fuit
912 2462 1144 2501 mecum.
1196 2467 1215 2500 ι
1249 2448 1538 2503 Coliazrcnt
1586 2465 1707 2503 cum
1759 2450 2006 2504 oratione
2034 2449 2170 2516 haac,

596 2551 1070 2595 etconnectuntnr
1117 2556 1238 2593 cum
1297 2539 1689 2609 superioribus.
1767 2559 1784 2591 ι
1849 2541 1957 2612 Ego
1996 2541 2169 2606 enim,

596 2630 792 2700 inquit,
823 2630 1019 2698 loquor
1049 2630 1318 2698 justitiam
1343 2630 1678 2698 etjudicium
1715 2631 1990 2699 salutaris,
2024 2642 2078 2688 et
2104 2649 2170 2688 ex

597 2724 852 2791 gentibus
894 2739 1002 2777 non
1037 2730 1121 2777 est
1152 2722 1236 2775 vir
1271 2737 1504 2777 mecum.
1553 2741 1570 2772 ι
1614 2721 1802 2790 Nemo,
1833 2723 2032 2794 inquit,
2071 2739 2168 2792 pa-

598 2813 750 2866 tienti
799 2813 930 2866 mihi
974 2811 1169 2866 adfuit.
1213 2812 1385 2875 Nemo
1425 2829 1488 2866 ex
1528 2812 1632 2866 ulla
1681 2824 1838 2883 gente
1870 2815 2167 2871 condoluit.

593 2901 661 2956 Et
690 2913 947 2973 quantum
979 2905 1042 2958 ad
1073 2904 1320 2959 homines
1348 2905 1563 2967 attinet,
1586 2907 1732 2958 omni
1761 2921 1985 2976 prorsus
2009 2910 2168 2962 auxi-

594 2995 669 3050 lio
697 2996 990 3050 destitutus
1021 2995 1146 3059 fuit,
1181 2995 1404 3051 cohorte
1437 2996 1668 3051 militum
1719 3001 2168 3058 et.immanitate

595 3068 964 3138 ministrorum
1011 3085 1358 3140 insultante:
1417 3087 1507 3157 qui
1561 3088 1764 3154 etiam,
1821 3099 1881 3145 ut
1935 3107 2170 3162 evange-

593 3172 718 3228 lista
749 3184 954 3241 narrat,
982 3175 1130 3229 illum
1171 3176 1236 3230 ad
1275 3174 1534 3246 Caipbam
1573 3177 1930 3232 adduxerunt.
1968 3197 1988 3230 ι
2032 3179 2168 3233 Τιιιιι

593 3280 786 3320 omnes
842 3266 1114 3335 discipuli,
1151 3267 1346 3336 inquit,
1381 3282 1446 3322 eo
1498 3266 1705 3335 relicto,
1747 3269 2000 3340 fugerunt
2039 3271 2101 3325 ⁸⁵.
2145 3288 2167 3324 ι

594 3353 792 3409 Verum
822 3355 951 3409 illud
989 3359 1152 3410 etiam
1181 3356 1432 3426 praedixit
1459 3355 1742 3413 Christus:
1769 3376 1788 3409 ι
1820 3360 1957 3414 Ecce
2001 3365 2168 3425 enim,

594 3445 769 3514 inquit
797 3486 812 3509 ,

593 3537 797 3605 gamini
829 3536 896 3588 ad
942 3551 1037 3590 sua
1065 3576 1080 3601 ,
1130 3545 1184 3590 ct
1222 3552 1308 3590 me
1347 3537 1524 3592 solum
1559 3539 1902 3606 relinquatis.
1950 3540 2016 3594 Et
2063 3556 2167 3595 non

591 3643 710 3682 sum
747 3627 915 3692 solus,
948 3628 1072 3695 quia
1105 3628 1272 3684 Pater
1303 3643 1514 3684 mecum
1539 3640 1622 3684 est
1645 3631 1713 3684 “.
1748 3649 1768 3684 ›
1820 3630 1969 3685 Dixit
1998 3632 2164 3688 etiam

593 3717 705 3790 lyra
735 3717 1020 3773 Psaltentis
1059 3735 1074 3771 :
1126 3737 1144 3770 ι
1187 3719 1583 3790 lmproperium
1624 3722 1959 3791 exspectavit
1987 3724 2164 3778 aniina

591 3825 732 3874 mea,
787 3820 842 3864 et
880 3810 1190 3876 miseriam;
1228 3821 1284 3866 et
1318 3813 1630 3882 ex5pectavi
1685 3813 1778 3884 qui
1828 3814 1990 3869 simul
2034 3830 2167 3870 con-

593 3902 923 3968 trislaretur,
959 3911 1139 3957 etnon
1163 3902 1285 3968 fuit,
1317 3915 1374 3957 et
1403 3905 1492 3974 qui
1519 3905 1918 3974 consolaretur,
1976 3918 2162 3965 etnon

591 3992 793 4046 inveni.
829 3993 1102 4048 Dederunt
1142 3995 1192 4048 in
1221 4010 1403 4049 escam
1432 4012 1605 4051 meam
1640 3998 1733 4063 fel,
1763 4009 1818 4053 et
1845 4000 1895 4053 in
1927 4001 2016 4055 siti
2047 4016 2162 4055 mea

590 4093 913 4152 pOtavcrunt
951 4100 1035 4139 me
1074 4085 1241 4155 879
1295 4097 1446 4141 aceto
1479 4088 1540 4142 ".
1581 4106 1599 4140 ›
1655 4087 1838 4158 Itaque
1885 4107 1905 4140 ι
1956 4089 2160 4157 Nemo,

590 4174 786 4242 inquit,
820 4188 1026 4228 mecum
1056 4186 1175 4228 erat
1207 4191 1272 4229 ex
1322 4177 1574 4232 omnibus
1591 4179 1857 4248 gentibus.
1897 4198 1917 4232 ι
1949 4181 2031 4234 An
2063 4182 2162 4250 igi-

590 4277 698 4327 tur,
733 4281 852 4318 cum
885 4267 1035 4321 solus
1064 4280 1212 4322 esses
1264 4278 1318 4322 et
1374 4267 1714 4336 adjutoribus
1763 4272 2158 4338 destituereris,

590 4372 748 4409 manu
782 4358 960 4409 hostili
987 4357 1159 4410 victus
1181 4358 1274 4412 es?
1301 4358 1437 4413 Num
1463 4373 1808 4430 superarunt,
1831 4371 1886 4416 et
1917 4363 2021 4417 tuis
2053 4365 2162 4419 vir-

885 3447 1031 3500 venit
1085 3448 1214 3502 hora
1259 3458 1314 3501 et
1361 3449 1534 3512 adest,
1587 3459 1641 3502 ut
1705 3449 1935 3519 quisque
1967 3451 2172 3519 disper-

2277 1896 2488 1949 ἑλκύσω
2517 1897 2652 1966 πρὸς
2691 1897 2946 1966 ἐμαυτόν.
2983 1916 3001 1949 ι
3041 1896 3226 1949 Ταῦτα
3253 1897 3311 1948 δὲ
3341 1898 3586 1959 εἰπόντος
3614 1896 3712 1948 τοῦ
3738 1899 3874 1966 Χρι-

2277 1988 2433 2052 στοῦ,
2471 1988 2632 2041 πάλιν
2665 1988 3149 2052 ἀναπδνθὰνονται,
3183 1988 3280 2041 καί
3322 2003 3476 2058 φασι·
3511 2007 3529 2038 ι
3575 1989 3734 2041 Διατί
3775 2006 3869 2041 σου

2275 2080 2481 2152 ἐρυθρὰ
2513 2081 2581 2134 τά
2615 2081 2828 2153 ἱμάτια,
2854 2083 2946 2136 καί
2974 2083 3042 2136 τὰ
3080 2081 3353 2152 ἐνδύματα
3398 2099 3488 2134 σου
3524 2083 3602 2144 ῶς
3625 2083 3736 2136 ἀπὸ
3765 2101 3870 2136 πα-

2273 2171 2435 2240 τητοῦ
2461 2170 2622 2242 ληνοῦ
2656 2171 2899 2243 πλήρους
2932 2173 3503 2243 καταπεπατημὲνηςξ
3538 2193 3558 2224 ι
3600 2173 3867 2226 Ἐνταῦθᾶ

2275 2279 2368 2332 μοι
2418 2263 2670 2335 μέμνησο
2715 2265 2809 2316 τοῦ
2856 2267 3196 2336 πατριάρχου
3237 2263 3490 2332 λέγοντος
3535 2263 3734 2317 Ἰακὼὸ
3771 2265 3864 2317 τό·

2279 2375 2297 2408 ι
2323 2357 2520 2410 Πλυνεῖ
2543 2358 2599 2409 ἐν
2613 2357 2738 2428 οἴνῳ
2759 2357 2858 2428 τὴν
2885 2357 3078 2426 στολὴν
3109 2355 3297 2419 αὑτοῦ,
3319 2357 3414 2407 καὶ
3441 2357 3498 2408 ἐν
3530 2357 3728 2426 αἵματι
3743 2373 3866 2408 στα-

2273 2447 2446 2520 φυλῆς
2479 2447 2576 2519 τὴν
2605 2447 2895 2519 περιϐολὴν
2924 2447 3108 2502 αὑτοῦ.
3151 2465 3172 2498 ι
3202 2448 3610 2518 Πεφοινιγμένα
3641 2449 3746 2518 γὰρ
3782 2446 3861 2517 τῷ

2271 2539 2463 2610 αἵματι
2507 2543 2574 2593 τὰ
2606 2539 2878 2609 ἐνδύματα
2908 2539 3284 2607 κατεφαίνετο,
3341 2540 3437 2591 καὶ
3471 2535 3597 2592 οἷον
3623 2540 3859 2605 ἐξοῐνου

2273 2632 2734 2703 κατακεχωσμένα
2766 2632 2902 2702 πρὸς
2928 2633 2989 2684 τὸ
3019 2631 3266 2703 ἐρυθρόν.
3294 2628 3425 2684 Εἶτα
3449 2632 3620 2685 πάλιν
3652 2632 3812 2695 εὐθὺς
3832 2635 3858 2684 ὁ

2272 2723 2484 2793 Σωτήρ⁸
2521 2741 2538 2773 ι
2565 2723 2674 2776 Καὶ
2702 2723 2809 2776 τῶν
2840 2722 3009 2776 ἐθνῶν
3039 2724 3139 2776 οὐκ
3161 2722 3305 2777 ἔστιν
3333 2723 3476 2793 ἀνὴρ
3514 2725 3638 2792 μετ’
3676 2725 3852 2795 ἐμοῦ-ι

2272 2812 2452 2883 ἔχεται
2491 2813 2583 2866 τοῦ
2631 2813 2813 2882 λόγου,
2860 2815 2952 2867 καὶ
2987 2814 3244 2867 συνάπτει
3278 2815 3512 2868 κατόπιν
3543 2817 3644 2868 καὶ
3670 2817 3856 2869 ταῦτα·

2280 2923 2297 2956 α
2331 2902 2472 2973 Ἐγὼ
2511 2904 2641 2974 γὰρ,
2671 2903 2798 2973 ἔφη,
2839 2904 3158 2974 διαλέγομαι
3209 2904 3584 2976 δικαιοσύνην,
3629 2908 3726 2961 καὶ
3751 2909 3858 2976 κρί-

2277 3013 2360 3048 σιν
2395 2996 2684 3065 σωτηρίου,
2727 2996 2822 3048 καὶ
2866 2996 2975 3048 τῶν
3017 2994 3187 3048 ἐθνῶν
3215 2997 3317 3049 οὑκ
3361 2995 3513 3049 ἐστιν
3553 2999 3702 3069 ἀνὴρ
3750 2999 3856 3068 μετ’

2197 3100 2240 3174 C
2275 3085 2430 3155 ἐμοῦ.
2464 3106 2481 3137 ι
2507 3084 2696 3174 ρὺδεὶς
2727 3086 2838 3156 γάρ
2865 3103 2953 3155 μοι
2995 3086 3255 3156 πάσχοντι
3290 3089 3562 3159 παρίστη,
3586 3093 3774 3160 φησὶν,
3803 3091 3856 3156 ἐξ

2272 3171 2483 3237 οὐδενὸς
2517 3169 2586 3245 ἦν
2627 3174 2864 3238 ἔθνουςὸ
2907 3175 3213 3244 συναλγῶν,
3258 3178 3354 3230 καὶ
3378 3179 3443 3231 τό
3489 3195 3557 3246 γε
3610 3177 3752 3254 ἧκον
3784 3184 3857 3246 εἰς

2272 3268 2610 3340 ἀνθρώπους,
2633 3271 3066 3343 ἀνεπικούρητος
3083 3269 3151 3344 ἦν
3173 3274 3474 3339 παντελῶς,
3502 3277 3857 3348 ὲπιπηδὼσης

2271 3359 2416 3430 αὑτῷ
2443 3363 2542 3432 τῆς
2579 3379 2638 3414 τε
2673 3363 2902 3433 σπείρας
2934 3363 3044 3417 τῶν
3081 3367 3452 3436 στρατιωτῶν,
3490 3369 3586 3421 καὶ
3613 3369 3711 3436 τῆς
3737 3369 3852 3420 τῶν

2269 3449 2556 3519 ὑπηρετῶν
2581 3451 2924 3524 ἀγριότητος,
2961 3473 2978 3506 ι
3004 3456 3054 3508 οἳ
3086 3455 3180 3508 καὶ
3209 3456 3500 3526 ἀπήγαγον
3530 3458 3695 3511 αὑτὸν
3715 3459 3850 3530 πρὸς

2268 3540 2541 3606 Καϊάφαν,
2577 3541 2721 3595 καθά
2749 3559 2913 3615 φησιν
2959 3545 2988 3597 ὁ
3028 3546 3439 3619 εὑαγγελιστὴς,
3481 3549 3605 3600 τότε
3645 3551 3852 3612 πάντες

2267 3629 2496 3698 ἀφέντες
2523 3632 2689 3686 αὑτὸν
2711 3635 2762 3686 oi
2807 3635 3049 3706 μαθηταὶΙ
3076 3637 3300 3707 ἔφυγον,
3336 3657 3353 3690 ι
3393 3638 3524 3709 πλὴν
3551 3640 3649 3692 ut
3675 3641 3850 3694 τοῦτο

2266 3723 2672 3794 προηγόρευσεν
2715 3727 2744 3778 ὁ
2775 3727 3038 3798 Χριστός*
3071 3728 3177 3799 ἔφη
3215 3730 3328 3802 γάρ
3350 3747 3364 3761 ·
3397 3750 3414 3782 ι
3443 3729 3579 3784 Ἰδοῖι
3621 3730 3850 3802 ἔρχεται

2266 3810 2406 3882 ὥρα,
2441 3814 2533 3866 καὶ
2562 3813 2838 3884 ἐλήλυθεν,
2877 3817 2964 3871 ἴνα
2996 3818 3227 3883 ἕκαστος
3259 3819 3630 3892 σκορπισθῆτε
3667 3824 3750 3886 είς
3781 3825 3848 3876 τὰ

2266 3903 2395 3970 ῐδια,
2437 3905 2582 3974 κάμὲ
2623 3905 2783 3976 μόνον
2821 3907 3017 3976 ἀφῆτε,
3047 3911 3138 3962 καὶ
3188 3913 3288 3965 οὑκ
3324 3913 3442 3981 είμὶ
3487 3913 3673 3982 μόνος,
3701 3917 3783 3969 ὅτι
3819 3917 3846 3966 ὀ

2264 3991 2453 4064 Πατὴρ
2501 3995 2616 4062 μετ’
2661 3993 2793 4063 ἐμοῦ
2825 3996 2990 4048 ἐστιν.
3029 4015 3048 4047 ι
3083 3997 3226 4067 Ἔφη
3266 3997 3323 4050 δὲ
3358 3999 3452 4050 καὶ
3485 3998 3576 4052 διὰ
3609 4001 3710 4070 τῆς
3753 3998 3843 4052 τοῦ

2265 4086 2571 4148 Ψὰλλοντος
2599 4085 2788 4156 λύρας·
2818 4107 2836 4138 ι
2861 4089 3190 4159 Ὀνειδισμὸν
3212 4091 3621 4160 προσεδόκησεν
3644 4095 3678 4163 ή
3702 4092 3838 4162 ψυχή

2266 4191 2389 4244 μου,
2411 4176 2506 4228 καὶ
2535 4175 2929 4248 ταλαιπωρίαν,
2951 4179 3044 4231 καὶ
3079 4179 3347 4246 ὑπέμεινα
3377 4179 3836 4251 συλλυπούμενον,

2262 4266 2356 4317 καὶ
2385 4266 2483 4335 οὑχ
2528 4267 2760 4337 ὑπῆρξε,
2792 4269 2886 4320 καὶ
2915 4270 3336 4339 παρακαλοῦντα
3385 4273 3484 4325 καὶ
3531 4274 3635 4344 οὐχ
3667 4270 3838 4346 εὗρον,

2261 4354 2354 4408 καὶ
2400 4357 2606 4410 ἔδωκαν
2645 4360 2724 4420 εἰς
2759 4359 2818 4411 τὸ
2873 4359 3069 4429 βρῶμά
3119 4378 3221 4430 μου
3261 4362 3446 4432 χολὴν,
3485 4365 3583 4417 καὶ
3629 4367 3712 4428 είς
3745 4367 3840 4430 τὴν

593 4447 800 4500 tatibus
861 4450 1186 4516 expugnatis
1237 4457 1493 4520 tanquam
1543 4452 1766 4506 victoria
1817 4454 1971 4521 petiti
2029 4470 2158 4523 gau-

2268 4444 2420 4514 δίψαν
2452 4461 2554 4515 μου
2585 4445 2842 4500 ὲπότισὰν
2893 4465 2960 4517 με
3005 4448 3146 4512 ὅξος.
3175 4468 3194 4500 ι
3239 4448 3448 4502 Οὑκοῦν
3491 4468 3510 4500 ι
3541 4451 3731 4513 Οὐδεὶς
3771 4445 3838 4520 ἦν

588 4535 765 4589 dent?
806 4534 1180 4606 Nequaquam,
1245 4539 1441 4608 inquit.
1521 4539 1633 4595 Etsi
1689 4544 1834 4596 enim
1879 4546 2148 4599 neminem

587 4627 843 4681 haberem
905 4643 1240 4684 assessorem
1291 4640 1346 4685 et
1379 4631 1793 4700 opitulatorem,
1837 4637 2149 4692 conculcari

587 4727 765 4770 tamen
796 4717 934 4782 illos,
969 4735 1032 4773 ac
1063 4729 1122 4772 ut
1165 4729 1366 4774 terram
1393 4721 1658 4791 confregi,
1684 4725 1988 4795 deduxique
2021 4743 2149 4782 san-

586 4806 802 4872 guinem
831 4821 1019 4861 eorum
1047 4809 1098 4862 in
1117 4818 1340 4864 terram.
1373 4811 1501 4864 Post
1532 4811 1759 4865 reditum
1783 4815 1925 4867 enim
1947 4815 2152 4871 Christi

585 4896 638 4948 in
674 4897 875 4962 oculos,
925 4913 1085 4954 onine
1126 4915 1298 4968 genus
1330 4900 1678 4956 intoleranda:
1724 4903 2047 4960 calamitatis
2083 4921 2148 4960 ex

583 4985 763 5039 divina
793 4987 873 5040 ira
896 4985 1128 5044 Judaico
1151 4989 1347 5058 pepqu
1373 4989 1634 5046 inﬂictum
1663 5001 1764 5049 est.
1795 5013 1816 5046 ι
1857 4996 1982 5051 Dies
2007 4998 2152 5052 enim

583 5079 993 5146 retributionis,
1072 5081 1251 5150 inquit
1279 5121 1294 5145 ,
1342 5083 1560 5138 advenit
1613 5084 1742 5140 illis.
1781 5105 1800 5138 ι
1837 5086 1968 5140 Nam
2023 5090 2150 5158 qui-

583 5170 682 5224 bus
715 5170 864 5224 licuit
917 5173 1074 5226 [idem
1108 5173 1367 5242 arripere,
1396 5183 1449 5227 et
1490 5190 1586 5244 per
1634 5191 1753 5230 eam
1834 5176 2149 5248 locupletari

579 5262 776 5328 gratia.
811 5278 930 5315 cum
973 5274 1150 5317 tamen
1176 5263 1302 5318 lacti
1335 5276 1516 5320 essent
1553 5266 1714 5335 pigri,
1742 5267 1851 5323 imo
1888 5285 2148 5338 arrogan-

581 5361 659 5408 tes
690 5365 742 5408 et
775 5353 1094 5421 insolentes,
1152 5365 1205 5410 et
1235 5369 1400 5426 prope
1433 5349 1540 5411 Deo
1565 5358 1764 5412 bellum
1797 5358 2098 5415 indicerent
2131 5378 2143 5412 :

597 5528 600 5532 ’
643 5527 690 5562 ⁸³
708 5528 864 5585 Joan.
898 5549 992 5598 xu,
1020 5534 1106 5600 5|,
1141 5534 1229 5590 52.
1306 5535 1350 5566 “
1383 5533 1515 5590 Gen.
1550 5549 1695 5598 uix,
1733 5535 1821 5591 Η.

1898 5537 1942 5566 ⁸⁵
1971 5534 2153 5588 blatta.
2195 5553 2337 5602 uri,
2366 5539 2453 5602 56,
2481 5539 2572 5592 57.

2261 4537 2375 4605 μετ’
2401 4535 2556 4606 ἐμοῦ,
2593 4539 2778 4608 φησὶν,
2813 4540 2877 4592 ἐκ
2913 4540 3125 4594 πάντων
3150 4540 3257 4594 τῶν
3289 4540 3482 4593 ἐθνῶν.
3515 4561 3535 4592 ι
3558 4537 3685 4611 ’Ἆρ’
3723 4537 3833 4602 οὖν,

2258 4627 2381 4680 ἐπεὶ
2424 4625 2585 4694 μόνος
2628 4623 2808 4698 ἦσθα,
2859 4630 3093 4682 καὶτῶν
3137 4629 3545 4684 συναθλούντων
3598 4632 3835 4702 ἔρημος,

2256 4719 2430 4787 ἥττων
2460 4718 2689 4788 γέγονας
2733 4721 2830 4791 τῆς
2875 4722 2984 4774 τῶν
3013 4723 3394 4791 πολεμούντων
3431 4725 3656 4795 χειρὸ;;
3692 4720 3838 4793 Ἀρα

2257 4809 2652 4877 κεκρατήκασι,
2672 4809 2766 4862 καὶ
2787 4809 2886 4879 τῆς
2912 4810 3010 4879 σῆς
3030 4811 3208 4882 ἰσχύος
3233 4816 3834 4884 κατευμεγεθήσαντες.

2258 4897 2508 4967 χαίρουσι
2532 4915 2592 4952 τε
2619 4899 2824 4964 λοιπὸν,
2859 4900 2934 4964 ὡς
2959 4904 3336 4973 νενικηκότες
3363 4905 3655 4975 Οὐδαμῶς,
3685 4909 3836 4977 φησί.

2251 4990 2442 5044 Καίτοι
2475 4991 2586 5061 γάρ
2627 4992 2766 5063 ἔχων
2797 4992 2986 5046 οὐδένα
3041 4993 3132 5046 τὸν
3176 4995 3559 5066 παραστάτην,
3597 5000 3840 5051 κατεπά-

2248 5097 2391 5150 τησα
2447 5083 2644 5144 αὐτοὺς
2677 5087 2734 5136 ὲν
2789 5083 2950 5154 θυμῷ
2971 5123 2988 5148 ,
3023 5087 3120 5138 καὶ
3157 5085 3472 5142 κατέθλασα
3503 5089 3710 5152 αὐτοὺς
3763 5089 3838 5151 ὡς

2247 5179 2374 5246 γῆν,
2403 5178 2717 5246 κατήγαγον
2740 5177 2801 5231 τὸ
2825 5172 2964 5248 αἷμα
2991 5178 3170 5233 αὑτῶν
3199 5181 3278 5243 εἰς
3299 5181 3432 5251 γῆν-
3459 5183 3602 5251 μετὰ
3629 5184 3837 5252 γάρτοι

2247 5269 2342 5338 τὴν
2370 5271 2448 5331 είς
2483 5269 2746 5340 οὐρανοὺς
2769 5269 3122 5339 ἁναφοίτησιν
3144 5269 3238 5322 τοῦ
3255 5270 3524 5342 Χριστοῦ,
3553 5274 3672 5325 πᾶν
3698 5268 3836 5334 εἶδος

2246 5360 2520 5432 ἀφορήτου
2569 5363 2853 5431 συμφορᾶς
2879 5364 2991 5427 τοῖς
3045 5361 3319 5415 Ἰουδαίων
3346 5361 3543 5433 δήμοις
3575 5365 3642 5416 ἐκ
3691 5363 3838 5425 θείας

2648 5538 2864 5594 u’Joan.
2896 5557 3004 5609 XVI,
3029 5540 3118 5597 '52.
3153 5541 3216 5596 ".
3249 5541 3391 5597 Psal.
3420 5543 3711 5608 ιχιίιι,21,
3743 5540 3832 5597 ἥ.

643 5701 1009 5772 (l)"umlred.
1045 5709 1237 5778 legisse
1264 5712 1473 5767 videtur
1498 5712 1646 5781 θέαν,
1675 5721 1727 5769 et
1757 5713 1896 5769 intra
1921 5714 2013 5772 lin.
2035 5715 2136 5784 ,1-2,

2268 5715 2416 5788 θριον
2451 5732 2548 5786 pro
2579 5715 2878 5787 ἀλλότριον.
