  <div class='ocr_page' id='page_1' title='image "/cluster/home/n/w/nwhite01/storage/ocr_20150623/70/mdp.39015078384453/700.png"; bbox 0 0 4112 6292; ppageno 0'>
   <div class='ocr_carea' id='block_1_1' title="bbox 273 318 1859 418">
    <p class='ocr_par' dir='ltr' id='par_1_1' title="bbox 273 318 1859 410">
     <span class='ocr_line' id='line_1_1' title="bbox 273 318 1859 410; baseline 0 -2"><span class='ocrx_word' id='word_1_1' title='bbox 273 344 416 410; x_wconf 66' lang='lat'><strong>{385</strong></span> <span class='ocrx_word' id='word_1_2' title='bbox 1290 364 1297 369; x_wconf 91' lang='grc'><strong>-</strong></span> <span class='ocrx_word' id='word_1_3' title='bbox 1388 336 1455 406; x_wconf 72' lang='lat' dir='ltr'><strong>IN</strong></span> <span class='ocrx_word' id='word_1_4' title='bbox 1494 318 1731 407; x_wconf 71' lang='lat' dir='ltr'><strong>lSAlAlil</strong></span> <span class='ocrx_word' id='word_1_5' title='bbox 1774 342 1859 408; x_wconf 79' lang='lat' dir='ltr'><strong>ut</strong></span> 
     </span>
    </p>
   </div>
   <div class='ocr_carea' id='block_1_2' title="bbox 1960 318 3541 418">
    <p class='ocr_par' dir='ltr' id='par_1_2' title="bbox 1960 340 3541 418">
     <span class='ocr_line' id='line_1_2' title="bbox 1960 340 3541 418; baseline 0 -11"><span class='ocrx_word' id='word_1_6' title='bbox 1960 348 2012 409; x_wconf 78' lang='grc' dir='ltr'><strong>ν.</strong></span> <span class='ocrx_word' id='word_1_7' title='bbox 2054 346 2298 418; x_wconf 65' lang='lat' dir='ltr'><strong>TOMUS</strong></span> <span class='ocrx_word' id='word_1_8' title='bbox 2338 345 2404 402; x_wconf 63' lang='grc' dir='ltr'><strong>Υ.</strong></span> <span class='ocrx_word' id='word_1_9' title='bbox 2944 346 2953 354; x_wconf 72' lang='grc'><strong>“</strong></span> <span class='ocrx_word' id='word_1_10' title='bbox 3401 340 3541 408; x_wconf 68' lang='grc'><strong>1588</strong></span> 
     </span>
    </p>
   </div>
   <div class='ocr_carea' id='block_1_3' title="bbox 271 440 1859 544">
    <p class='ocr_par' dir='ltr' id='par_1_3' title="bbox 271 462 1859 544">
     <span class='ocr_line' id='line_1_3' title="bbox 271 462 1859 544; baseline 0.001 -21"><span class='ocrx_word' id='word_1_11' title='bbox 271 462 445 544; x_wconf 68' lang='grc' dir='ltr'><strong>ὀργῆς</strong></span> <span class='ocrx_word' id='word_1_12' title='bbox 488 466 847 544; x_wconf 76' lang='grc' dir='ltr'><strong>ἐπενήνεκται</strong></span> <span class='ocrx_word' id='word_1_13' title='bbox 872 510 886 525; x_wconf 93' lang='grc'><strong>.</strong></span> <span class='ocrx_word' id='word_1_14' title='bbox 915 490 936 522; x_wconf 79' lang='grc' dir='ltr'><strong>ι</strong></span> <span class='ocrx_word' id='word_1_15' title='bbox 958 468 1165 542; x_wconf 79' lang='grc' dir='ltr'><strong>Ἡμέρα</strong></span> <span class='ocrx_word' id='word_1_16' title='bbox 1216 464 1324 540; x_wconf 82' lang='grc' dir='ltr'><strong>γάρ</strong></span> <span class='ocrx_word' id='word_1_17' title='bbox 1371 469 1802 534; x_wconf 78' lang='grc' dir='ltr'><strong>ἀνταποδόσεως,</strong></span> <span class='ocrx_word' id='word_1_18' title='bbox 1840 488 1859 525; x_wconf 68' lang='grc' dir='ltr'><strong>ι</strong></span> 
     </span>
    </p>
   </div>
   <div class='ocr_carea' id='block_1_4' title="bbox 1960 440 3539 544">
    <p class='ocr_par' dir='ltr' id='par_1_4' title="bbox 1971 440 3539 539">
     <span class='ocr_line' id='line_1_4' title="bbox 1971 440 3539 539; baseline 0 -17"><span class='ocrx_word' id='word_1_19' title='bbox 1971 468 2158 539; x_wconf 89' lang='lat' dir='ltr'><strong>quidni</strong></span> <span class='ocrx_word' id='word_1_20' title='bbox 2187 468 2242 523; x_wconf 89' lang='lat' dir='ltr'><strong>in</strong></span> <span class='ocrx_word' id='word_1_21' title='bbox 2279 476 2440 522; x_wconf 80' lang='lat' dir='ltr'><strong>omne</strong></span> <span class='ocrx_word' id='word_1_22' title='bbox 2462 440 2634 536; x_wconf 75' lang='lat' dir='ltr'><strong>genus</strong></span> <span class='ocrx_word' id='word_1_23' title='bbox 2659 464 2925 521; x_wconf 90' lang='lat' dir='ltr'><strong>malorum</strong></span> <span class='ocrx_word' id='word_1_24' title='bbox 2947 461 3268 521; x_wconf 81' lang='lat' dir='ltr'><strong>devenirent</strong></span> <span class='ocrx_word' id='word_1_25' title='bbox 3289 464 3316 520; x_wconf 72' lang='grc' dir='ltr'>ἲ</span> <span class='ocrx_word' id='word_1_26' title='bbox 3338 464 3539 522; x_wconf 73' lang='lat' dir='ltr'><strong>Verum</strong></span> 
     </span>
    </p>
   </div>
   <div class='ocr_carea' id='block_1_5' title="bbox 271 552 1859 633">
    <p class='ocr_par' dir='ltr' id='par_1_5' title="bbox 271 552 1859 633">
     <span class='ocr_line' id='line_1_5' title="bbox 271 552 1859 633; baseline -0.001 -20"><span class='ocrx_word' id='word_1_27' title='bbox 271 559 463 631; x_wconf 62' lang='grc' dir='ltr'><strong>φησιν,</strong></span> <span class='ocrx_word' id='word_1_28' title='bbox 485 577 505 613; x_wconf 79' lang='lat' dir='ltr'><strong>t</strong></span> <span class='ocrx_word' id='word_1_29' title='bbox 524 559 762 631; x_wconf 79' lang='grc' dir='ltr'><strong>ἐπῆλθεν</strong></span> <span class='ocrx_word' id='word_1_30' title='bbox 789 561 992 624; x_wconf 79' lang='grc' dir='ltr'><strong>αὐτοῖς.</strong></span> <span class='ocrx_word' id='word_1_31' title='bbox 1020 579 1039 611; x_wconf 80' lang='grc'><strong>›</strong></span> <span class='ocrx_word' id='word_1_32' title='bbox 1067 554 1163 623; x_wconf 76' lang='grc' dir='ltr'><strong>Οἷς</strong></span> <span class='ocrx_word' id='word_1_33' title='bbox 1188 552 1299 632; x_wconf 77' lang='grc' dir='ltr'><strong>γὰρ</strong></span> <span class='ocrx_word' id='word_1_34' title='bbox 1327 560 1449 627; x_wconf 74' lang='grc' dir='ltr'><strong>ἐξὸν</strong></span> <span class='ocrx_word' id='word_1_35' title='bbox 1485 561 1731 633; x_wconf 78' lang='grc' dir='ltr'><strong>ἁρπάσαι</strong></span> <span class='ocrx_word' id='word_1_36' title='bbox 1761 560 1859 631; x_wconf 74' lang='grc' dir='ltr'><strong>τὴν</strong></span> 
     </span>
    </p>
   </div>
   <div class='ocr_carea' id='block_1_6' title="bbox 1960 552 3546 633">
    <p class='ocr_par' dir='ltr' id='par_1_6' title="bbox 1966 554 3546 628">
     <span class='ocr_line' id='line_1_6' title="bbox 1966 554 3546 628; baseline 0.001 -15"><span class='ocrx_word' id='word_1_37' title='bbox 1966 558 2339 614; x_wconf 77' lang='lat' dir='ltr'><strong>retributionis</strong></span> <span class='ocrx_word' id='word_1_38' title='bbox 2391 565 2607 628; x_wconf 83' lang='lat' dir='ltr'><strong>tempus</strong></span> <span class='ocrx_word' id='word_1_39' title='bbox 2662 554 2793 623; x_wconf 87' lang='lat' dir='ltr'><strong>illis,</strong></span> <span class='ocrx_word' id='word_1_40' title='bbox 2832 564 2953 611; x_wconf 89' lang='lat' dir='ltr'><strong>erat</strong></span> <span class='ocrx_word' id='word_1_41' title='bbox 3002 556 3394 626; x_wconf 80' lang='lat' dir='ltr'><strong>redemptionis</strong></span> <span class='ocrx_word' id='word_1_42' title='bbox 3428 557 3546 615; x_wconf 87' lang='lat' dir='ltr'><strong>dies</strong></span> 
     </span>
    </p>
   </div>
   <div class='ocr_carea' id='block_1_7' title="bbox 273 647 1859 724">
    <p class='ocr_par' dir='ltr' id='par_1_7' title="bbox 273 647 1859 724">
     <span class='ocr_line' id='line_1_7' title="bbox 273 647 1859 724; baseline 0.003 -23"><span class='ocrx_word' id='word_1_43' title='bbox 273 651 481 715; x_wconf 85' lang='grc' dir='ltr'><strong>πίστιν,</strong></span> <span class='ocrx_word' id='word_1_44' title='bbox 516 650 613 704; x_wconf 71' lang='grc' dir='ltr'><strong>καὶ</strong></span> <span class='ocrx_word' id='word_1_45' title='bbox 630 651 733 724; x_wconf 81' lang='grc' dir='ltr'><strong>τὴν</strong></span> <span class='ocrx_word' id='word_1_46' title='bbox 752 652 822 704; x_wconf 79' lang='grc' dir='ltr'><strong>δι’</strong></span> <span class='ocrx_word' id='word_1_47' title='bbox 849 651 1023 719; x_wconf 80' lang='grc' dir='ltr'><strong>αὐτῆς</strong></span> <span class='ocrx_word' id='word_1_48' title='bbox 1051 650 1499 721; x_wconf 87' lang='grc' dir='ltr'><strong>καταπλουτῆσαι</strong></span> <span class='ocrx_word' id='word_1_49' title='bbox 1526 654 1707 724; x_wconf 80' lang='grc' dir='ltr'>χάριν,</span> <span class='ocrx_word' id='word_1_50' title='bbox 1741 647 1859 719; x_wconf 83' lang='grc' dir='ltr'><strong>εἶτα</strong></span> 
     </span>
    </p>
   </div>
   <div class='ocr_carea' id='block_1_8' title="bbox 1960 647 3544 724">
    <p class='ocr_par' dir='ltr' id='par_1_8' title="bbox 1966 647 3544 720">
     <span class='ocr_line' id='line_1_8' title="bbox 1966 647 3544 720; baseline 0.001 -16"><span class='ocrx_word' id='word_1_51' title='bbox 1966 651 2051 705; x_wconf 88' lang='lat' dir='ltr'><strong>his</strong></span> <span class='ocrx_word' id='word_1_52' title='bbox 2113 650 2206 720; x_wconf 91' lang='lat' dir='ltr'><strong>qui</strong></span> <span class='ocrx_word' id='word_1_53' title='bbox 2241 649 2361 718; x_wconf 82' lang='lat' dir='ltr'><strong>ejus</strong></span> <span class='ocrx_word' id='word_1_54' title='bbox 2390 649 2785 720; x_wconf 83' lang='lat' dir='ltr'><strong>apparitionem</strong></span> <span class='ocrx_word' id='word_1_55' title='bbox 2818 656 3179 719; x_wconf 78' lang='lat' dir='ltr'><strong>agnoverunt.</strong></span> <span class='ocrx_word' id='word_1_56' title='bbox 3205 647 3377 704; x_wconf 83' lang='lat' dir='ltr'><strong>Simul</strong></span> <span class='ocrx_word' id='word_1_57' title='bbox 3397 650 3544 705; x_wconf 88' lang='lat' dir='ltr'><strong>enim</strong></span> 
     </span>
    </p>
   </div>
   <div class='ocr_carea' id='block_1_9' title="bbox 277 740 1861 815">
    <p class='ocr_par' dir='ltr' id='par_1_9' title="bbox 277 740 1861 815">
     <span class='ocr_line' id='line_1_9' title="bbox 277 740 1861 815; baseline 0 -18"><span class='ocrx_word' id='word_1_58' title='bbox 277 742 512 815; x_wconf 79' lang='grc' dir='ltr'><strong>ρᾴθυμοι</strong></span> <span class='ocrx_word' id='word_1_59' title='bbox 543 742 860 812; x_wconf 81' lang='grc' dir='ltr'><strong>γεγονότες,</strong></span> <span class='ocrx_word' id='word_1_60' title='bbox 903 740 1108 811; x_wconf 66' lang='grc' dir='ltr'><strong>μᾶλλον</strong></span> <span class='ocrx_word' id='word_1_61' title='bbox 1140 740 1196 794; x_wconf 80' lang='grc' dir='ltr'><strong>δέ</strong></span> <span class='ocrx_word' id='word_1_62' title='bbox 1245 741 1505 806; x_wconf 73' lang='grc' dir='ltr'><strong>ἀλαζόνες</strong></span> <span class='ocrx_word' id='word_1_63' title='bbox 1524 782 1538 804; x_wconf 87' lang='grc'><strong>,</strong></span> <span class='ocrx_word' id='word_1_64' title='bbox 1581 744 1676 798; x_wconf 76' lang='grc' dir='ltr'><strong>καὶ</strong></span> <span class='ocrx_word' id='word_1_65' title='bbox 1707 743 1861 814; x_wconf 75' lang='grc' dir='ltr'><strong>ὓϐρι-</strong></span> 
     </span>
    </p>
   </div>
   <div class='ocr_carea' id='block_1_10' title="bbox 278 828 1864 904">
    <p class='ocr_par' dir='ltr' id='par_1_10' title="bbox 278 828 1864 904">
     <span class='ocr_line' id='line_1_10' title="bbox 278 828 1864 904; baseline -0.002 -15"><span class='ocrx_word' id='word_1_66' title='bbox 278 834 423 897; x_wconf 73' lang='grc' dir='ltr'><strong>σταὶ,</strong></span> <span class='ocrx_word' id='word_1_67' title='bbox 454 833 551 887; x_wconf 75' lang='grc' dir='ltr'><strong>καὶ</strong></span> <span class='ocrx_word' id='word_1_68' title='bbox 591 832 753 903; x_wconf 85' lang='grc' dir='ltr'><strong>μέχρι</strong></span> <span class='ocrx_word' id='word_1_69' title='bbox 803 829 1008 894; x_wconf 82' lang='grc' dir='ltr'><strong>παντὸς</strong></span> <span class='ocrx_word' id='word_1_70' title='bbox 1044 828 1305 903; x_wconf 81' lang='grc' dir='ltr'><strong>θεομάχοι</strong></span> <span class='ocrx_word' id='word_1_71' title='bbox 1325 874 1340 896; x_wconf 94' lang='grc'><strong>,</strong></span> <span class='ocrx_word' id='word_1_72' title='bbox 1376 832 1495 896; x_wconf 83' lang='grc' dir='ltr'><strong>πῶς</strong></span> <span class='ocrx_word' id='word_1_73' title='bbox 1542 832 1605 885; x_wconf 82' lang='grc' dir='ltr'><strong>οὗ</strong></span> <span class='ocrx_word' id='word_1_74' title='bbox 1657 833 1864 904; x_wconf 73' lang='grc' dir='ltr'><strong>σφόδρα</strong></span> 
     </span>
    </p>
   </div>
   <div class='ocr_carea' id='block_1_11' title="bbox 275 919 1861 994">
    <p class='ocr_par' dir='ltr' id='par_1_11' title="bbox 275 919 1861 994">
     <span class='ocr_line' id='line_1_11' title="bbox 275 919 1861 994; baseline 0.001 -18"><span class='ocrx_word' id='word_1_75' title='bbox 275 923 505 986; x_wconf 86' lang='grc' dir='ltr'><strong>είκότως</strong></span> <span class='ocrx_word' id='word_1_76' title='bbox 535 920 736 983; x_wconf 82' lang='grc' dir='ltr'><strong>παντὸς</strong></span> <span class='ocrx_word' id='word_1_77' title='bbox 779 919 913 973; x_wconf 77' lang='grc' dir='ltr'><strong>εἵσω</strong></span> <span class='ocrx_word' id='word_1_78' title='bbox 954 921 1214 990; x_wconf 81' lang='grc' dir='ltr'><strong>γεγόνασι</strong></span> <span class='ocrx_word' id='word_1_79' title='bbox 1262 921 1473 987; x_wconf 81' lang='grc' dir='ltr'><strong>κακοῦ;</strong></span> <span class='ocrx_word' id='word_1_80' title='bbox 1510 922 1659 994; x_wconf 77' lang='grc' dir='ltr'><strong>Πλὴν</strong></span> <span class='ocrx_word' id='word_1_81' title='bbox 1707 924 1735 976; x_wconf 91' lang='lat'><strong>6</strong></span> <span class='ocrx_word' id='word_1_82' title='bbox 1761 923 1861 992; x_wconf 70' lang='grc' dir='ltr'><strong>τῆς</strong></span> 
     </span>
    </p>
   </div>
   <div class='ocr_carea' id='block_1_12' title="bbox 275 1008 1863 1085">
    <p class='ocr_par' dir='ltr' id='par_1_12' title="bbox 275 1008 1863 1085">
     <span class='ocr_line' id='line_1_12' title="bbox 275 1008 1863 1085; baseline 0 -19"><span class='ocrx_word' id='word_1_83' title='bbox 275 1013 482 1068; x_wconf 80' lang='grc' dir='ltr'><strong>ἐκείνου</strong></span> <span class='ocrx_word' id='word_1_84' title='bbox 530 1008 941 1076; x_wconf 84' lang='grc' dir='ltr'><strong>ἀνταποδόσεως</strong></span> <span class='ocrx_word' id='word_1_85' title='bbox 990 1011 1223 1081; x_wconf 78' lang='grc' dir='ltr'><strong>καιρὸς.</strong></span> <span class='ocrx_word' id='word_1_86' title='bbox 1270 1011 1595 1085; x_wconf 84' lang='grc' dir='ltr'><strong>λυτρώσεως</strong></span> <span class='ocrx_word' id='word_1_87' title='bbox 1642 1009 1712 1084; x_wconf 77' lang='grc' dir='ltr'><strong>ἦν</strong></span> <span class='ocrx_word' id='word_1_88' title='bbox 1738 1010 1863 1077; x_wconf 83' lang='grc' dir='ltr'><strong>τοῖς</strong></span> 
     </span>
    </p>
   </div>
   <div class='ocr_carea' id='block_1_13' title="bbox 274 1099 1863 1178">
    <p class='ocr_par' dir='ltr' id='par_1_13' title="bbox 274 1099 1863 1178">
     <span class='ocr_line' id='line_1_13' title="bbox 274 1099 1863 1178; baseline 0.003 -22"><span class='ocrx_word' id='word_1_89' title='bbox 274 1099 614 1171; x_wconf 76' lang='grc' dir='ltr'><strong>ἐπεγνωκόσι</strong></span> <span class='ocrx_word' id='word_1_90' title='bbox 643 1101 746 1173; x_wconf 84' lang='grc' dir='ltr'><strong>τὴν</strong></span> <span class='ocrx_word' id='word_1_91' title='bbox 778 1102 1103 1171; x_wconf 80' lang='grc' dir='ltr'><strong>ἐπιφάνειαν</strong></span> <span class='ocrx_word' id='word_1_92' title='bbox 1137 1103 1323 1157; x_wconf 87' lang='grc' dir='ltr'><strong>αὐτοῦ.</strong></span> <span class='ocrx_word' id='word_1_93' title='bbox 1364 1105 1452 1159; x_wconf 84' lang='grc' dir='ltr'><strong>Ἐν</strong></span> <span class='ocrx_word' id='word_1_94' title='bbox 1475 1104 1660 1177; x_wconf 86' lang='grc' dir='ltr'><strong>ταυτῷ</strong></span> <span class='ocrx_word' id='word_1_95' title='bbox 1696 1106 1805 1178; x_wconf 82' lang='grc' dir='ltr'><strong>γάρ</strong></span> <span class='ocrx_word' id='word_1_96' title='bbox 1833 1108 1863 1160; x_wconf 94' lang='lat'><strong>6</strong></span> 
     </span>
    </p>
   </div>
   <div class='ocr_carea' id='block_1_14' title="bbox 277 1193 1864 1267">
    <p class='ocr_par' dir='ltr' id='par_1_14' title="bbox 277 1193 1864 1267">
     <span class='ocr_line' id='line_1_14' title="bbox 277 1193 1864 1267; baseline 0.003 -22"><span class='ocrx_word' id='word_1_97' title='bbox 277 1193 378 1263; x_wconf 77' lang='grc' dir='ltr'><strong>μὲν</strong></span> <span class='ocrx_word' id='word_1_98' title='bbox 404 1193 616 1265; x_wconf 75' lang='grc' dir='ltr'><strong>ἐξηνιος</strong></span> <span class='ocrx_word' id='word_1_99' title='bbox 640 1193 955 1259; x_wconf 75' lang='grc' dir='ltr'><strong>ἐκολάζετο,</strong></span> <span class='ocrx_word' id='word_1_100' title='bbox 980 1194 1011 1249; x_wconf 98' lang='lat'><strong>6</strong></span> <span class='ocrx_word' id='word_1_101' title='bbox 1041 1193 1101 1248; x_wconf 73' lang='grc' dir='ltr'><strong>δὲ</strong></span> <span class='ocrx_word' id='word_1_102' title='bbox 1134 1193 1394 1267; x_wconf 78' lang='grc' dir='ltr'><strong>εὐπειθὴς</strong></span> <span class='ocrx_word' id='word_1_103' title='bbox 1442 1196 1535 1250; x_wconf 72' lang='grc' dir='ltr'><strong>καὶ</strong></span> <span class='ocrx_word' id='word_1_104' title='bbox 1569 1197 1864 1267; x_wconf 77' lang='grc' dir='ltr'><strong>ὑφειμένος</strong></span> 
     </span>
    </p>
   </div>
   <div class='ocr_carea' id='block_1_15' title="bbox 275 1283 1860 1360">
    <p class='ocr_par' dir='ltr' id='par_1_15' title="bbox 275 1283 1860 1360">
     <span class='ocr_line' id='line_1_15' title="bbox 275 1283 1860 1360; baseline 0.003 -23"><span class='ocrx_word' id='word_1_105' title='bbox 275 1283 553 1357; x_wconf 80' lang='grc' dir='ltr'><strong>ἐλυτρώοη</strong></span> <span class='ocrx_word' id='word_1_106' title='bbox 598 1286 751 1357; x_wconf 84' lang='grc' dir='ltr'><strong>παρά</strong></span> <span class='ocrx_word' id='word_1_107' title='bbox 797 1284 1062 1358; x_wconf 78' lang='grc' dir='ltr'><strong>Χριστοῦ.</strong></span> <span class='ocrx_word' id='word_1_108' title='bbox 1093 1304 1112 1337; x_wconf 78' lang='grc' dir='ltr'><strong>ι</strong></span> <span class='ocrx_word' id='word_1_109' title='bbox 1148 1284 1455 1355; x_wconf 76' lang='grc' dir='ltr'><strong>Ἐπέϐλεψα</strong></span> <span class='ocrx_word' id='word_1_110' title='bbox 1481 1286 1614 1360; x_wconf 80' lang='grc' dir='ltr'><strong>γὰρ,</strong></span> <span class='ocrx_word' id='word_1_111' title='bbox 1653 1306 1670 1340; x_wconf 75' lang='grc' dir='ltr'><strong>ι</strong></span> <span class='ocrx_word' id='word_1_112' title='bbox 1707 1289 1860 1359; x_wconf 67' lang='grc' dir='ltr'><strong>φησι,</strong></span> 
     </span>
    </p>
   </div>
   <div class='ocr_carea' id='block_1_16' title="bbox 281 1372 1864 1450">
    <p class='ocr_par' dir='ltr' id='par_1_16' title="bbox 281 1372 1864 1450">
     <span class='ocr_line' id='line_1_16' title="bbox 281 1372 1864 1450; baseline 0.003 -22"><span class='ocrx_word' id='word_1_113' title='bbox 281 1395 300 1428; x_wconf 74' lang='grc' dir='ltr'><strong>ι</strong></span> <span class='ocrx_word' id='word_1_114' title='bbox 333 1378 427 1431; x_wconf 74' lang='grc' dir='ltr'><strong>καὶ</strong></span> <span class='ocrx_word' id='word_1_115' title='bbox 455 1377 559 1431; x_wconf 84' lang='grc' dir='ltr'><strong>οὐκ</strong></span> <span class='ocrx_word' id='word_1_116' title='bbox 584 1372 653 1449; x_wconf 78' lang='grc' dir='ltr'><strong>ἦν</strong></span> <span class='ocrx_word' id='word_1_117' title='bbox 688 1379 718 1431; x_wconf 91' lang='lat'><strong>6</strong></span> <span class='ocrx_word' id='word_1_118' title='bbox 748 1376 946 1448; x_wconf 82' lang='grc' dir='ltr'><strong>βοηθός</strong></span> <span class='ocrx_word' id='word_1_119' title='bbox 964 1393 981 1408; x_wconf 75' lang='grc' dir='ltr'><strong><em>ο</em></strong></span> <span class='ocrx_word' id='word_1_120' title='bbox 1010 1378 1378 1450; x_wconf 85' lang='grc' dir='ltr'><strong>προσενόησα,</strong></span> <span class='ocrx_word' id='word_1_121' title='bbox 1410 1379 1506 1432; x_wconf 73' lang='grc' dir='ltr'><strong>καὶ</strong></span> <span class='ocrx_word' id='word_1_122' title='bbox 1534 1376 1709 1442; x_wconf 79' lang='grc' dir='ltr'><strong>οὐδεὶς</strong></span> <span class='ocrx_word' id='word_1_123' title='bbox 1738 1380 1864 1433; x_wconf 81' lang='grc' dir='ltr'><strong>ἀντ-</strong></span> 
     </span>
    </p>
   </div>
   <div class='ocr_carea' id='block_1_17' title="bbox 277 1469 1864 1543">
    <p class='ocr_par' dir='ltr' id='par_1_17' title="bbox 277 1469 1864 1543">
     <span class='ocr_line' id='line_1_17' title="bbox 277 1469 1864 1543; baseline 0.001 -20"><span class='ocrx_word' id='word_1_124' title='bbox 277 1469 501 1524; x_wconf 77' lang='grc' dir='ltr'><strong>ελάϐετο</strong></span> <span class='ocrx_word' id='word_1_125' title='bbox 522 1484 536 1500; x_wconf 81' lang='grc'><em>’</em></span> <span class='ocrx_word' id='word_1_126' title='bbox 568 1488 586 1520; x_wconf 74' lang='grc' dir='ltr'><strong>ι</strong></span> <span class='ocrx_word' id='word_1_127' title='bbox 623 1469 717 1523; x_wconf 72' lang='grc' dir='ltr'><strong>καὶ</strong></span> <span class='ocrx_word' id='word_1_128' title='bbox 744 1469 1013 1541; x_wconf 70' lang='grc' dir='ltr'><strong>ἐρρύσατο</strong></span> <span class='ocrx_word' id='word_1_129' title='bbox 1041 1470 1241 1534; x_wconf 73' lang='grc' dir='ltr'><strong>αὐτοὺς</strong></span> <span class='ocrx_word' id='word_1_130' title='bbox 1269 1472 1298 1524; x_wconf 92' lang='lat'><strong>6</strong></span> <span class='ocrx_word' id='word_1_131' title='bbox 1328 1470 1568 1543; x_wconf 78' lang='grc' dir='ltr'><strong>βραχίων</strong></span> <span class='ocrx_word' id='word_1_132' title='bbox 1613 1483 1736 1542; x_wconf 85' lang='grc' dir='ltr'><strong>μου,</strong></span> <span class='ocrx_word' id='word_1_133' title='bbox 1769 1473 1864 1526; x_wconf 74' lang='grc' dir='ltr'><strong>καὶ</strong></span> 
     </span>
    </p>
   </div>
   <div class='ocr_carea' id='block_1_18' title="bbox 275 1556 1861 1633">
    <p class='ocr_par' dir='ltr' id='par_1_18' title="bbox 275 1556 1861 1633">
     <span class='ocr_line' id='line_1_18' title="bbox 275 1556 1861 1633; baseline 0.003 -24"><span class='ocrx_word' id='word_1_134' title='bbox 275 1557 307 1608; x_wconf 88' lang='lat'><strong>6</strong></span> <span class='ocrx_word' id='word_1_135' title='bbox 336 1556 506 1629; x_wconf 89' lang='grc' dir='ltr'><strong>θυμός</strong></span> <span class='ocrx_word' id='word_1_136' title='bbox 547 1575 650 1629; x_wconf 91' lang='grc' dir='ltr'><strong>μου</strong></span> <span class='ocrx_word' id='word_1_137' title='bbox 687 1557 911 1628; x_wconf 80' lang='grc' dir='ltr'><strong>ἐπέστη.</strong></span> <span class='ocrx_word' id='word_1_138' title='bbox 951 1576 972 1610; x_wconf 72' lang='grc' dir='ltr'><strong>ι</strong></span> <span class='ocrx_word' id='word_1_139' title='bbox 1003 1559 1114 1612; x_wconf 74' lang='lat' dir='ltr'><strong>Kal</strong></span> <span class='ocrx_word' id='word_1_140' title='bbox 1141 1560 1505 1631; x_wconf 83' lang='grc' dir='ltr'><strong>κατεπάτησα</strong></span> <span class='ocrx_word' id='word_1_141' title='bbox 1548 1561 1748 1626; x_wconf 81' lang='grc' dir='ltr'><strong>αὐτοὺς</strong></span> <span class='ocrx_word' id='word_1_142' title='bbox 1794 1564 1861 1633; x_wconf 80' lang='grc' dir='ltr'><strong>τῇ</strong></span> 
     </span>
    </p>
   </div>
   <div class='ocr_carea' id='block_1_19' title="bbox 276 1632 1865 1723">
    <p class='ocr_par' dir='ltr' id='par_1_19' title="bbox 276 1632 1865 1723">
     <span class='ocr_line' id='line_1_19' title="bbox 276 1632 1865 1723; baseline 0.003 -22"><span class='ocrx_word' id='word_1_143' title='bbox 276 1649 414 1720; x_wconf 70' lang='grc' dir='ltr'><strong>ὀργῇ</strong></span> <span class='ocrx_word' id='word_1_144' title='bbox 450 1666 574 1719; x_wconf 89' lang='grc' dir='ltr'><strong>μου.</strong></span> <span class='ocrx_word' id='word_1_145' title='bbox 600 1666 620 1700; x_wconf 77' lang='grc' dir='ltr'><strong>ι</strong></span> <span class='ocrx_word' id='word_1_146' title='bbox 646 1647 863 1703; x_wconf 84' lang='grc' dir='ltr'><strong>Ἔοικεν</strong></span> <span class='ocrx_word' id='word_1_147' title='bbox 886 1649 945 1702; x_wconf 85' lang='grc' dir='ltr'><strong>ἐν</strong></span> <span class='ocrx_word' id='word_1_148' title='bbox 968 1644 1179 1712; x_wconf 79' lang='grc' dir='ltr'><strong>τούτοις</strong></span> <span class='ocrx_word' id='word_1_149' title='bbox 1200 1632 1307 1721; x_wconf 64' lang='grc' dir='ltr'><strong>τῆς</strong></span> <span class='ocrx_word' id='word_1_150' title='bbox 1338 1650 1448 1705; x_wconf 87' lang='grc' dir='ltr'><strong>τῶν</strong></span> <span class='ocrx_word' id='word_1_151' title='bbox 1482 1650 1865 1723; x_wconf 85' lang='grc' dir='ltr'><strong>Γραμματέων</strong></span> 
     </span>
    </p>
   </div>
   <div class='ocr_carea' id='block_1_20' title="bbox 278 1738 1868 1815">
    <p class='ocr_par' dir='ltr' id='par_1_20' title="bbox 278 1738 1868 1815">
     <span class='ocr_line' id='line_1_20' title="bbox 278 1738 1868 1815; baseline 0.003 -23"><span class='ocrx_word' id='word_1_152' title='bbox 278 1739 374 1792; x_wconf 74' lang='grc' dir='ltr'><strong>καὶ</strong></span> <span class='ocrx_word' id='word_1_153' title='bbox 403 1739 715 1811; x_wconf 77' lang='grc' dir='ltr'><strong>Φαρισαίων</strong></span> <span class='ocrx_word' id='word_1_154' title='bbox 755 1738 1033 1811; x_wconf 77' lang='grc' dir='ltr'><strong>ῥᾳθυμίας</strong></span> <span class='ocrx_word' id='word_1_155' title='bbox 1062 1741 1332 1796; x_wconf 81' lang='grc' dir='ltr'><strong>ποιεῖσθαι</strong></span> <span class='ocrx_word' id='word_1_156' title='bbox 1366 1742 1664 1815; x_wconf 71' lang='grc' dir='ltr'><strong>καταϐοὴν,</strong></span> <span class='ocrx_word' id='word_1_157' title='bbox 1702 1742 1752 1797; x_wconf 85' lang='grc' dir='ltr'><strong>οἳ</strong></span> <span class='ocrx_word' id='word_1_158' title='bbox 1784 1756 1868 1796; x_wconf 85' lang='grc' dir='ltr'><strong>τε-</strong></span> 
     </span>
    </p>
   </div>
   <div class='ocr_carea' id='block_1_21' title="bbox 1962 738 3545 808">
    <p class='ocr_par' dir='ltr' id='par_1_21' title="bbox 1962 738 3545 808">
     <span class='ocr_line' id='line_1_21' title="bbox 1962 738 3545 808; baseline -0.001 -12"><span class='ocrx_word' id='word_1_159' title='bbox 1962 750 2017 796; x_wconf 84' lang='lat' dir='ltr'><strong>et</strong></span> <span class='ocrx_word' id='word_1_160' title='bbox 2053 742 2141 797; x_wconf 89' lang='lat' dir='ltr'><strong>hic</strong></span> <span class='ocrx_word' id='word_1_161' title='bbox 2165 738 2388 796; x_wconf 78' lang='lat' dir='ltr'><strong>ell&#39;renis</strong></span> <span class='ocrx_word' id='word_1_162' title='bbox 2416 741 2642 808; x_wconf 86' lang='lat' dir='ltr'><strong>punitus</strong></span> <span class='ocrx_word' id='word_1_163' title='bbox 2673 749 2759 796; x_wconf 82' lang='lat' dir='ltr'><strong>est</strong></span> <span class='ocrx_word' id='word_1_164' title='bbox 2779 779 2796 805; x_wconf 89' lang='lat'><strong>,</strong></span> <span class='ocrx_word' id='word_1_165' title='bbox 2838 748 2896 794; x_wconf 84' lang='lat' dir='ltr'><strong>et</strong></span> <span class='ocrx_word' id='word_1_166' title='bbox 2921 738 3011 794; x_wconf 87' lang='lat' dir='ltr'><strong>ille</strong></span> <span class='ocrx_word' id='word_1_167' title='bbox 3039 739 3299 795; x_wconf 87' lang='lat' dir='ltr'><strong>obediens</strong></span> <span class='ocrx_word' id='word_1_168' title='bbox 3321 756 3386 797; x_wconf 83' lang='lat' dir='ltr'><strong>ac</strong></span> <span class='ocrx_word' id='word_1_169' title='bbox 3416 742 3545 796; x_wconf 81' lang='lat' dir='ltr'><strong>sub-</strong></span> 
     </span>
    </p>
   </div>
   <div class='ocr_carea' id='block_1_22' title="bbox 1965 830 3542 902">
    <p class='ocr_par' dir='ltr' id='par_1_22' title="bbox 1965 830 3542 902">
     <span class='ocr_line' id='line_1_22' title="bbox 1965 830 3542 902; baseline -0.003 -11"><span class='ocrx_word' id='word_1_170' title='bbox 1965 836 2162 891; x_wconf 77' lang='lat' dir='ltr'><strong>missus</strong></span> <span class='ocrx_word' id='word_1_171' title='bbox 2184 847 2215 887; x_wconf 88' lang='lat' dir='ltr'><strong>a</strong></span> <span class='ocrx_word' id='word_1_172' title='bbox 2237 832 2457 889; x_wconf 83' lang='lat' dir='ltr'><strong>Christo</strong></span> <span class='ocrx_word' id='word_1_173' title='bbox 2492 832 2803 902; x_wconf 85' lang='lat' dir='ltr'><strong>redemptus</strong></span> <span class='ocrx_word' id='word_1_174' title='bbox 2829 840 2936 887; x_wconf 88' lang='lat' dir='ltr'><strong>est.</strong></span> <span class='ocrx_word' id='word_1_175' title='bbox 2976 849 2996 883; x_wconf 85' lang='grc' dir='ltr'><strong>ι</strong></span> <span class='ocrx_word' id='word_1_176' title='bbox 3029 830 3266 902; x_wconf 81' lang='lat' dir='ltr'><strong>Respexi</strong></span> <span class='ocrx_word' id='word_1_177' title='bbox 3311 834 3480 896; x_wconf 91' lang='lat' dir='ltr'><strong>enim,</strong></span> <span class='ocrx_word' id='word_1_178' title='bbox 3520 850 3542 886; x_wconf 72' lang='grc' dir='ltr'><strong>ι</strong></span> 
     </span>
    </p>
   </div>
   <div class='ocr_carea' id='block_1_23' title="bbox 1965 921 3546 994">
    <p class='ocr_par' dir='ltr' id='par_1_23' title="bbox 1965 921 3546 994">
     <span class='ocr_line' id='line_1_23' title="bbox 1965 921 3546 994; baseline -0.002 -16"><span class='ocrx_word' id='word_1_179' title='bbox 1965 925 2157 994; x_wconf 85' lang='lat' dir='ltr'><strong>inquit,</strong></span> <span class='ocrx_word' id='word_1_180' title='bbox 2186 940 2209 974; x_wconf 83' lang='grc'><em>‹</em></span> <span class='ocrx_word' id='word_1_181' title='bbox 2236 933 2291 978; x_wconf 90' lang='lat' dir='ltr'><strong>et</strong></span> <span class='ocrx_word' id='word_1_182' title='bbox 2326 937 2432 979; x_wconf 90' lang='lat' dir='ltr'><strong>non</strong></span> <span class='ocrx_word' id='word_1_183' title='bbox 2466 928 2588 977; x_wconf 83' lang='lat' dir='ltr'><strong>erat</strong></span> <span class='ocrx_word' id='word_1_184' title='bbox 2607 921 2818 989; x_wconf 72' lang='lat' dir='ltr'><strong>adiutor</strong></span> <span class='ocrx_word' id='word_1_185' title='bbox 2842 935 2858 987; x_wconf 90' lang='lat'>;</span> <span class='ocrx_word' id='word_1_186' title='bbox 2886 921 3251 985; x_wconf 69' lang='lat' dir='ltr'><strong>considerari,</strong></span> <span class='ocrx_word' id='word_1_187' title='bbox 3283 931 3341 977; x_wconf 87' lang='lat' dir='ltr'><strong>et</strong></span> <span class='ocrx_word' id='word_1_188' title='bbox 3384 935 3546 978; x_wconf 88' lang='lat' dir='ltr'><strong>nemo</strong></span> 
     </span>
    </p>
   </div>
   <div class='ocr_carea' id='block_1_24' title="bbox 1964 1011 3549 1085">
    <p class='ocr_par' dir='ltr' id='par_1_24' title="bbox 1964 1011 3549 1085">
     <span class='ocr_line' id='line_1_24' title="bbox 1964 1011 3549 1085; baseline -0.004 -13"><span class='ocrx_word' id='word_1_189' title='bbox 1964 1014 2214 1085; x_wconf 53' lang='lat' dir='ltr'><strong>erat‘qn‘i</strong></span> <span class='ocrx_word' id='word_1_190' title='bbox 2248 1014 2521 1085; x_wconf 73' lang='lat' dir='ltr'><strong>praeberet</strong></span> <span class='ocrx_word' id='word_1_191' title='bbox 2547 1011 2828 1067; x_wconf 77' lang='lat' dir='ltr'><strong>auxilium.</strong></span> <span class='ocrx_word' id='word_1_192' title='bbox 2865 1026 2886 1065; x_wconf 77' lang='grc' dir='ltr'><strong>ι</strong></span> <span class='ocrx_word' id='word_1_193' title='bbox 2935 1011 3003 1067; x_wconf 86' lang='lat' dir='ltr'><strong>Et</strong></span> <span class='ocrx_word' id='word_1_194' title='bbox 3027 1011 3281 1068; x_wconf 79' lang='lat' dir='ltr'><strong>liberavit</strong></span> <span class='ocrx_word' id='word_1_195' title='bbox 3299 1026 3395 1067; x_wconf 81' lang='lat' dir='ltr'><strong>eos</strong></span> <span class='ocrx_word' id='word_1_196' title='bbox 3419 1012 3549 1069; x_wconf 78' lang='lat' dir='ltr'><strong>bra-</strong></span> 
     </span>
    </p>
   </div>
   <div class='ocr_carea' id='block_1_25' title="bbox 1965 1103 3546 1167">
    <p class='ocr_par' dir='ltr' id='par_1_25' title="bbox 1965 1103 3546 1167">
     <span class='ocr_line' id='line_1_25' title="bbox 1965 1103 3546 1167; baseline -0.003 -5"><span class='ocrx_word' id='word_1_197' title='bbox 1965 1105 2146 1162; x_wconf 89' lang='lat' dir='ltr'><strong>chium</strong></span> <span class='ocrx_word' id='word_1_198' title='bbox 2202 1120 2404 1167; x_wconf 89' lang='lat' dir='ltr'><strong>meum,</strong></span> <span class='ocrx_word' id='word_1_199' title='bbox 2442 1113 2498 1158; x_wconf 91' lang='lat' dir='ltr'><strong>et</strong></span> <span class='ocrx_word' id='word_1_200' title='bbox 2521 1103 2675 1159; x_wconf 85' lang='lat' dir='ltr'><strong>furor</strong></span> <span class='ocrx_word' id='word_1_201' title='bbox 2697 1118 2854 1160; x_wconf 88' lang='lat' dir='ltr'><strong>meus</strong></span> <span class='ocrx_word' id='word_1_202' title='bbox 2880 1103 3082 1165; x_wconf 77' lang='lat' dir='ltr'><strong>invasit</strong></span> <span class='ocrx_word' id='word_1_203' title='bbox 3108 1117 3227 1160; x_wconf 86' lang='lat' dir='ltr'><strong>eos.</strong></span> <span class='ocrx_word' id='word_1_204' title='bbox 3262 1121 3283 1156; x_wconf 79' lang='grc' dir='ltr'><strong>ι</strong></span> <span class='ocrx_word' id='word_1_205' title='bbox 3319 1105 3391 1159; x_wconf 81' lang='lat' dir='ltr'><strong>At</strong></span> <span class='ocrx_word' id='word_1_206' title='bbox 3414 1119 3546 1159; x_wconf 82' lang='grc' dir='ltr'><strong>οοιι-</strong></span> 
     </span>
    </p>
   </div>
   <div class='ocr_carea' id='block_1_26' title="bbox 1964 1194 3545 1253">
    <p class='ocr_par' dir='ltr' id='par_1_26' title="bbox 1964 1194 3545 1253">
     <span class='ocr_line' id='line_1_26' title="bbox 1964 1194 3545 1253; baseline -0.001 -3"><span class='ocrx_word' id='word_1_207' title='bbox 1964 1197 2173 1253; x_wconf 80' lang='lat' dir='ltr'><strong>rulcavi</strong></span> <span class='ocrx_word' id='word_1_208' title='bbox 2197 1196 2321 1253; x_wconf 91' lang='lat' dir='ltr'><strong>illos</strong></span> <span class='ocrx_word' id='word_1_209' title='bbox 2361 1198 2439 1251; x_wconf 88' lang='lat' dir='ltr'><strong>ira</strong></span> <span class='ocrx_word' id='word_1_210' title='bbox 2495 1210 2634 1251; x_wconf 88' lang='lat' dir='ltr'><strong>mea.</strong></span> <span class='ocrx_word' id='word_1_211' title='bbox 2672 1214 2697 1248; x_wconf 74' lang='grc' dir='ltr'><strong>ι</strong></span> <span class='ocrx_word' id='word_1_212' title='bbox 2749 1194 2975 1252; x_wconf 77' lang='lat' dir='ltr'><strong>Videtur</strong></span> <span class='ocrx_word' id='word_1_213' title='bbox 3010 1196 3096 1252; x_wconf 87' lang='lat' dir='ltr'><strong>his</strong></span> <span class='ocrx_word' id='word_1_214' title='bbox 3132 1195 3315 1251; x_wconf 79' lang='lat' dir='ltr'><strong>verbis</strong></span> <span class='ocrx_word' id='word_1_215' title='bbox 3353 1204 3545 1251; x_wconf 80' lang='lat' dir='ltr'><strong>contra</strong></span> 
     </span>
    </p>
   </div>
   <div class='ocr_carea' id='block_1_27' title="bbox 1965 1288 3547 1355">
    <p class='ocr_par' dir='ltr' id='par_1_27' title="bbox 1965 1288 3547 1355">
     <span class='ocr_line' id='line_1_27' title="bbox 1965 1288 3547 1355; baseline -0.002 -10"><span class='ocrx_word' id='word_1_216' title='bbox 1965 1291 2268 1347; x_wconf 84' lang='lat' dir='ltr'><strong>socordiam</strong></span> <span class='ocrx_word' id='word_1_217' title='bbox 2289 1289 2604 1346; x_wconf 83' lang='lat' dir='ltr'><strong>Scribarum</strong></span> <span class='ocrx_word' id='word_1_218' title='bbox 2621 1298 2677 1345; x_wconf 88' lang='lat' dir='ltr'><strong>ct</strong></span> <span class='ocrx_word' id='word_1_219' title='bbox 2696 1289 3092 1345; x_wconf 69' lang='lat' dir='ltr'><strong>Pbarismorum</strong></span> <span class='ocrx_word' id='word_1_220' title='bbox 3115 1288 3430 1354; x_wconf 81' lang='lat' dir='ltr'><strong>vociferari,</strong></span> <span class='ocrx_word' id='word_1_221' title='bbox 3455 1289 3547 1355; x_wconf 87' lang='lat' dir='ltr'><strong>qui</strong></span> 
     </span>
    </p>
   </div>
   <div class='ocr_carea' id='block_1_28' title="bbox 1965 1378 3538 1453">
    <p class='ocr_par' dir='ltr' id='par_1_28' title="bbox 1965 1378 3538 1453">
     <span class='ocr_line' id='line_1_28' title="bbox 1965 1378 3538 1453; baseline -0.004 -14"><span class='ocrx_word' id='word_1_222' title='bbox 1965 1382 2246 1439; x_wconf 84' lang='lat' dir='ltr'><strong>constituti</strong></span> <span class='ocrx_word' id='word_1_223' title='bbox 2274 1390 2401 1438; x_wconf 83' lang='lat' dir='ltr'><strong>sunt</strong></span> <span class='ocrx_word' id='word_1_224' title='bbox 2434 1391 2494 1437; x_wconf 88' lang='lat' dir='ltr'><strong>ut</strong></span> <span class='ocrx_word' id='word_1_225' title='bbox 2522 1389 2826 1453; x_wconf 58' lang='lat' dir='ltr'><strong>prnessent</strong></span> <span class='ocrx_word' id='word_1_226' title='bbox 2849 1382 3070 1453; x_wconf 89' lang='lat' dir='ltr'><strong>populo,</strong></span> <span class='ocrx_word' id='word_1_227' title='bbox 3096 1390 3152 1437; x_wconf 89' lang='lat' dir='ltr'><strong>et</strong></span> <span class='ocrx_word' id='word_1_228' title='bbox 3182 1382 3248 1435; x_wconf 86' lang='lat' dir='ltr'><strong>ad</strong></span> <span class='ocrx_word' id='word_1_229' title='bbox 3266 1378 3538 1448; x_wconf 83' lang='lat' dir='ltr'><strong>justitiam</strong></span> 
     </span>
    </p>
   </div>
   <div class='ocr_carea' id='block_1_29' title="bbox 1966 1470 3547 1544">
    <p class='ocr_par' dir='ltr' id='par_1_29' title="bbox 1966 1470 3547 1544">
     <span class='ocr_line' id='line_1_29' title="bbox 1966 1470 3547 1544; baseline -0.006 -14"><span class='ocrx_word' id='word_1_230' title='bbox 1966 1472 2287 1544; x_wconf 78' lang='lat' dir='ltr'><strong>dirigerent,</strong></span> <span class='ocrx_word' id='word_1_231' title='bbox 2318 1481 2373 1527; x_wconf 88' lang='lat' dir='ltr'><strong>et</strong></span> <span class='ocrx_word' id='word_1_232' title='bbox 2404 1472 2471 1526; x_wconf 87' lang='lat' dir='ltr'><strong>ad</strong></span> <span class='ocrx_word' id='word_1_233' title='bbox 2503 1470 2600 1525; x_wconf 76' lang='lat' dir='ltr'><strong>Dei</strong></span> <span class='ocrx_word' id='word_1_234' title='bbox 2635 1472 2893 1541; x_wconf 85' lang='lat' dir='ltr'><strong>placitum</strong></span> <span class='ocrx_word' id='word_1_235' title='bbox 2961 1472 3135 1542; x_wconf 88' lang='lat' dir='ltr'><strong>probe</strong></span> <span class='ocrx_word' id='word_1_236' title='bbox 3174 1470 3547 1526; x_wconf 83' lang='lat' dir='ltr'><strong>instituerent.</strong></span> 
     </span>
    </p>
   </div>
   <div class='ocr_carea' id='block_1_30' title="bbox 1968 1558 3553 1628">
    <p class='ocr_par' dir='ltr' id='par_1_30' title="bbox 1968 1558 3553 1628">
     <span class='ocr_line' id='line_1_30' title="bbox 1968 1558 3553 1628; baseline -0.007 -7"><span class='ocrx_word' id='word_1_237' title='bbox 1968 1563 2078 1621; x_wconf 84' lang='lat' dir='ltr'><strong>Sed</strong></span> <span class='ocrx_word' id='word_1_238' title='bbox 2099 1562 2237 1619; x_wconf 86' lang='lat' dir='ltr'><strong>adeo</strong></span> <span class='ocrx_word' id='word_1_239' title='bbox 2264 1561 2524 1618; x_wconf 90' lang='lat' dir='ltr'><strong>socordes</strong></span> <span class='ocrx_word' id='word_1_240' title='bbox 2551 1570 2707 1616; x_wconf 87' lang='lat' dir='ltr'><strong>erant</strong></span> <span class='ocrx_word' id='word_1_241' title='bbox 2726 1575 2791 1617; x_wconf 90' lang='lat' dir='ltr'><strong>ac</strong></span> <span class='ocrx_word' id='word_1_242' title='bbox 2821 1561 3057 1625; x_wconf 84' lang='lat' dir='ltr'><strong>desides,</strong></span> <span class='ocrx_word' id='word_1_243' title='bbox 3107 1569 3167 1615; x_wconf 90' lang='lat' dir='ltr'><strong>ut</strong></span> <span class='ocrx_word' id='word_1_244' title='bbox 3193 1561 3280 1615; x_wconf 83' lang='lat' dir='ltr'><strong>his</strong></span> <span class='ocrx_word' id='word_1_245' title='bbox 3300 1560 3391 1628; x_wconf 88' lang='lat' dir='ltr'><strong>qui</strong></span> <span class='ocrx_word' id='word_1_246' title='bbox 3416 1558 3553 1612; x_wconf 58' lang='lat' dir='ltr'><strong>sum»</strong></span> 
     </span>
    </p>
   </div>
   <div class='ocr_carea' id='block_1_31' title="bbox 1967 1650 3551 1725">
    <p class='ocr_par' dir='ltr' id='par_1_31' title="bbox 1967 1650 3551 1725">
     <span class='ocr_line' id='line_1_31' title="bbox 1967 1650 3551 1725; baseline -0.008 -14"><span class='ocrx_word' id='word_1_247' title='bbox 1967 1654 2063 1711; x_wconf 90' lang='lat' dir='ltr'><strong>diti</strong></span> <span class='ocrx_word' id='word_1_248' title='bbox 2086 1654 2217 1725; x_wconf 76' lang='lat' dir='ltr'><strong>jugo</strong></span> <span class='ocrx_word' id='word_1_249' title='bbox 2240 1652 2460 1708; x_wconf 82' lang='lat' dir='ltr'><strong>fuerunt</strong></span> <span class='ocrx_word' id='word_1_250' title='bbox 2489 1651 2692 1707; x_wconf 87' lang='lat' dir='ltr'><strong>nullam</strong></span> <span class='ocrx_word' id='word_1_251' title='bbox 2717 1666 2877 1723; x_wconf 88' lang='lat' dir='ltr'><strong>opem</strong></span> <span class='ocrx_word' id='word_1_252' title='bbox 2906 1650 3190 1715; x_wconf 72' lang='lat' dir='ltr'><strong>aﬂerrent,</strong></span> <span class='ocrx_word' id='word_1_253' title='bbox 3237 1650 3400 1704; x_wconf 84' lang='lat' dir='ltr'><strong>nullis</strong></span> <span class='ocrx_word' id='word_1_254' title='bbox 3433 1662 3551 1701; x_wconf 80' lang='lat' dir='ltr'><strong>mo-</strong></span> 
     </span>
    </p>
   </div>
   <div class='ocr_carea' id='block_1_32' title="bbox 1969 1739 3549 1815">
    <p class='ocr_par' dir='ltr' id='par_1_32' title="bbox 1969 1739 3549 1815">
     <span class='ocr_line' id='line_1_32' title="bbox 1969 1739 3549 1815; baseline -0.004 -18"><span class='ocrx_word' id='word_1_255' title='bbox 1969 1743 2099 1798; x_wconf 85' lang='lat' dir='ltr'><strong>nitis</strong></span> <span class='ocrx_word' id='word_1_256' title='bbox 2122 1743 2460 1815; x_wconf 71' lang='lat' dir='ltr'><strong>corrigerent</strong></span> <span class='ocrx_word' id='word_1_257' title='bbox 2488 1760 2503 1795; x_wconf 92' lang='lat'><strong>:</strong></span> <span class='ocrx_word' id='word_1_258' title='bbox 2532 1743 2626 1797; x_wconf 88' lang='lat' dir='ltr'><strong>sed</strong></span> <span class='ocrx_word' id='word_1_259' title='bbox 2657 1757 2689 1798; x_wconf 92' lang='lat' dir='ltr'><strong>e</strong></span> <span class='ocrx_word' id='word_1_260' title='bbox 2711 1741 3008 1808; x_wconf 71' lang='lat' dir='ltr'><strong>Contrario,</strong></span> <span class='ocrx_word' id='word_1_261' title='bbox 3032 1742 3198 1797; x_wconf 88' lang='lat' dir='ltr'><strong>etiam</strong></span> <span class='ocrx_word' id='word_1_262' title='bbox 3220 1741 3289 1795; x_wconf 88' lang='lat' dir='ltr'><strong>ad</strong></span> <span class='ocrx_word' id='word_1_263' title='bbox 3313 1739 3549 1793; x_wconf 78' lang='lat' dir='ltr'><strong>infideli-</strong></span> 
     </span>
    </p>
   </div>
   <div class='ocr_carea' id='block_1_33' title="bbox 276 1819 1859 1904">
    <p class='ocr_par' dir='ltr' id='par_1_33' title="bbox 276 1831 1859 1904">
     <span class='ocr_line' id='line_1_33' title="bbox 276 1831 1859 1904; baseline 0.001 -18"><span class='ocrx_word' id='word_1_264' title='bbox 276 1833 513 1904; x_wconf 87' lang='grc' dir='ltr'><strong>τάχαντο</strong></span> <span class='ocrx_word' id='word_1_265' title='bbox 539 1832 637 1904; x_wconf 84' lang='grc' dir='ltr'><strong>μὲν</strong></span> <span class='ocrx_word' id='word_1_266' title='bbox 660 1832 740 1895; x_wconf 85' lang='grc' dir='ltr'><strong>είς</strong></span> <span class='ocrx_word' id='word_1_267' title='bbox 763 1831 822 1884; x_wconf 82' lang='grc' dir='ltr'><strong>τὸ</strong></span> <span class='ocrx_word' id='word_1_268' title='bbox 847 1831 1204 1903; x_wconf 81' lang='grc' dir='ltr'><strong>καθηγεῖσθαι</strong></span> <span class='ocrx_word' id='word_1_269' title='bbox 1226 1832 1394 1897; x_wconf 84' lang='grc' dir='ltr'><strong>λαῶν,</strong></span> <span class='ocrx_word' id='word_1_270' title='bbox 1418 1833 1513 1887; x_wconf 76' lang='grc' dir='ltr'><strong>καὶ</strong></span> <span class='ocrx_word' id='word_1_271' title='bbox 1537 1833 1859 1889; x_wconf 72' lang='grc' dir='ltr'><strong>ἀπευθύνειν</strong></span> 
     </span>
    </p>
   </div>
   <div class='ocr_carea' id='block_1_34' title="bbox 1960 1819 3548 1904">
    <p class='ocr_par' dir='ltr' id='par_1_34' title="bbox 1969 1829 3548 1890">
     <span class='ocr_line' id='line_1_34' title="bbox 1969 1829 3548 1890; baseline -0.004 -2"><span class='ocrx_word' id='word_1_272' title='bbox 1969 1842 2133 1888; x_wconf 87' lang='lat' dir='ltr'><strong>tatem</strong></span> <span class='ocrx_word' id='word_1_273' title='bbox 2160 1832 2665 1890; x_wconf 83' lang='lat' dir='ltr'><strong>abducerent.Ausi</strong></span> <span class='ocrx_word' id='word_1_274' title='bbox 2688 1835 2977 1889; x_wconf 89' lang='lat' dir='ltr'><strong>suntenim</strong></span> <span class='ocrx_word' id='word_1_275' title='bbox 3007 1834 3190 1889; x_wconf 88' lang='lat' dir='ltr'><strong>dicere</strong></span> <span class='ocrx_word' id='word_1_276' title='bbox 3222 1832 3288 1887; x_wconf 88' lang='lat' dir='ltr'><strong>de</strong></span> <span class='ocrx_word' id='word_1_277' title='bbox 3307 1829 3548 1886; x_wconf 87' lang='lat' dir='ltr'><strong>omnium</strong></span> 
     </span>
    </p>
   </div>
   <div class='ocr_carea' id='block_1_35' title="bbox 278 1919 1860 1994">
    <p class='ocr_par' dir='ltr' id='par_1_35' title="bbox 278 1919 1860 1994">
     <span class='ocr_line' id='line_1_35' title="bbox 278 1919 1860 1994; baseline 0 -18"><span class='ocrx_word' id='word_1_278' title='bbox 278 1923 478 1986; x_wconf 76' lang='grc' dir='ltr'><strong>αὐτοὺς</strong></span> <span class='ocrx_word' id='word_1_279' title='bbox 516 1923 599 1987; x_wconf 86' lang='grc' dir='ltr'><strong>είς</strong></span> <span class='ocrx_word' id='word_1_280' title='bbox 643 1921 1024 1993; x_wconf 81' lang='grc' dir='ltr'><strong>δικαιοσύνην,</strong></span> <span class='ocrx_word' id='word_1_281' title='bbox 1058 1922 1153 1974; x_wconf 71' lang='grc' dir='ltr'><strong>καὶ</strong></span> <span class='ocrx_word' id='word_1_282' title='bbox 1200 1922 1569 1991; x_wconf 83' lang='grc' dir='ltr'><strong>παιδαγωγεῖν</strong></span> <span class='ocrx_word' id='word_1_283' title='bbox 1613 1919 1674 1979; x_wconf 77' lang='grc' dir='ltr'><strong>εὖ</strong></span> <span class='ocrx_word' id='word_1_284' title='bbox 1712 1923 1860 1994; x_wconf 84' lang='grc' dir='ltr'><strong>μάλα</strong></span> 
     </span>
    </p>
   </div>
   <div class='ocr_carea' id='block_1_36' title="bbox 277 2010 1860 2085">
    <p class='ocr_par' dir='ltr' id='par_1_36' title="bbox 277 2010 1860 2085">
     <span class='ocr_line' id='line_1_36' title="bbox 277 2010 1860 2085; baseline 0 -19"><span class='ocrx_word' id='word_1_285' title='bbox 277 2013 417 2084; x_wconf 83' lang='grc' dir='ltr'><strong>πρὸς</strong></span> <span class='ocrx_word' id='word_1_286' title='bbox 461 2013 522 2066; x_wconf 80' lang='grc' dir='ltr'><strong>τὸ</strong></span> <span class='ocrx_word' id='word_1_287' title='bbox 567 2013 688 2083; x_wconf 82' lang='grc' dir='ltr'><strong>Θεῷ</strong></span> <span class='ocrx_word' id='word_1_288' title='bbox 711 2012 922 2067; x_wconf 89' lang='grc' dir='ltr'><strong>δοκοῦν.</strong></span> <span class='ocrx_word' id='word_1_289' title='bbox 970 2013 1237 2085; x_wconf 83' lang='grc' dir='ltr'><strong>Ῥᾁθυμοι</strong></span> <span class='ocrx_word' id='word_1_290' title='bbox 1275 2013 1333 2066; x_wconf 84' lang='grc' dir='ltr'><strong>δὲ</strong></span> <span class='ocrx_word' id='word_1_291' title='bbox 1374 2010 1515 2085; x_wconf 77' lang='grc' dir='ltr'><strong>ἦσαν</strong></span> <span class='ocrx_word' id='word_1_292' title='bbox 1554 2012 1721 2079; x_wconf 80' lang='grc' dir='ltr'><strong>οὕτω,</strong></span> <span class='ocrx_word' id='word_1_293' title='bbox 1764 2015 1860 2068; x_wconf 80' lang='grc' dir='ltr'><strong>καὶ</strong></span> 
     </span>
    </p>
   </div>
   <div class='ocr_carea' id='block_1_37' title="bbox 276 2101 1861 2173">
    <p class='ocr_par' dir='ltr' id='par_1_37' title="bbox 276 2101 1861 2173">
     <span class='ocr_line' id='line_1_37' title="bbox 276 2101 1861 2173; baseline 0 -16"><span class='ocrx_word' id='word_1_294' title='bbox 276 2101 750 2167; x_wconf 86' lang='grc' dir='ltr'><strong>ἀναπεπτωκότες,</strong></span> <span class='ocrx_word' id='word_1_295' title='bbox 789 2102 863 2168; x_wconf 82' lang='grc' dir='ltr'><strong>ὡς</strong></span> <span class='ocrx_word' id='word_1_296' title='bbox 893 2102 1211 2173; x_wconf 80' lang='grc' dir='ltr'><strong>ἐπικουρεῖν</strong></span> <span class='ocrx_word' id='word_1_297' title='bbox 1256 2103 1356 2172; x_wconf 83' lang='grc' dir='ltr'><strong>μὲν</strong></span> <span class='ocrx_word' id='word_1_298' title='bbox 1388 2103 1564 2158; x_wconf 74' lang='grc' dir='ltr'><strong>οὐδενὶ</strong></span> <span class='ocrx_word' id='word_1_299' title='bbox 1604 2104 1714 2159; x_wconf 81' lang='grc' dir='ltr'><strong>τῶν</strong></span> <span class='ocrx_word' id='word_1_300' title='bbox 1751 2104 1861 2157; x_wconf 78' lang='grc' dir='ltr'><strong>ὑπ-</strong></span> 
     </span>
    </p>
   </div>
   <div class='ocr_carea' id='block_1_38' title="bbox 276 2190 1861 2267">
    <p class='ocr_par' dir='ltr' id='par_1_38' title="bbox 276 2190 1861 2267">
     <span class='ocr_line' id='line_1_38' title="bbox 276 2190 1861 2267; baseline 0.001 -19"><span class='ocrx_word' id='word_1_301' title='bbox 276 2194 640 2265; x_wconf 77' lang='grc' dir='ltr'><strong>εζευγμένων,</strong></span> <span class='ocrx_word' id='word_1_302' title='bbox 673 2195 769 2249; x_wconf 71' lang='grc' dir='ltr'><strong>καὶ</strong></span> <span class='ocrx_word' id='word_1_303' title='bbox 795 2197 917 2258; x_wconf 82' lang='grc' dir='ltr'><strong>ταῖς</strong></span> <span class='ocrx_word' id='word_1_304' title='bbox 960 2193 1267 2258; x_wconf 84' lang='grc' dir='ltr'><strong>νουθεσίαις</strong></span> <span class='ocrx_word' id='word_1_305' title='bbox 1308 2190 1663 2267; x_wconf 79' lang='grc' dir='ltr'><strong>ἐπανορθοῦν,</strong></span> <span class='ocrx_word' id='word_1_306' title='bbox 1705 2196 1771 2250; x_wconf 84' lang='grc' dir='ltr'><strong>ἐκ</strong></span> <span class='ocrx_word' id='word_1_307' title='bbox 1803 2195 1861 2250; x_wconf 80' lang='grc' dir='ltr'><strong>δέ</strong></span> 
     </span>
    </p>
   </div>
   <div class='ocr_carea' id='block_1_39' title="bbox 275 2280 1860 2358">
    <p class='ocr_par' dir='ltr' id='par_1_39' title="bbox 275 2280 1860 2358">
     <span class='ocr_line' id='line_1_39' title="bbox 275 2280 1860 2358; baseline 0.001 -18"><span class='ocrx_word' id='word_1_308' title='bbox 275 2287 384 2340; x_wconf 84' lang='grc' dir='ltr'><strong>τῶν</strong></span> <span class='ocrx_word' id='word_1_309' title='bbox 416 2287 676 2342; x_wconf 80' lang='grc' dir='ltr'><strong>ἐναντίων</strong></span> <span class='ocrx_word' id='word_1_310' title='bbox 710 2287 802 2341; x_wconf 74' lang='grc' dir='ltr'><strong>καὶ</strong></span> <span class='ocrx_word' id='word_1_311' title='bbox 841 2285 1203 2358; x_wconf 75' lang='grc' dir='ltr'><strong>ἀποκομίζειν</strong></span> <span class='ocrx_word' id='word_1_312' title='bbox 1234 2289 1314 2351; x_wconf 84' lang='grc' dir='ltr'><strong>είς</strong></span> <span class='ocrx_word' id='word_1_313' title='bbox 1350 2286 1628 2342; x_wconf 81' lang='grc' dir='ltr'><strong>ἀπιστίαν.</strong></span> <span class='ocrx_word' id='word_1_314' title='bbox 1661 2280 1860 2343; x_wconf 63' lang='lat' dir='ltr'><strong>Tceo).-</strong></span> 
     </span>
    </p>
   </div>
   <div class='ocr_carea' id='block_1_40' title="bbox 278 2377 1866 2455">
    <p class='ocr_par' dir='ltr' id='par_1_40' title="bbox 278 2377 1866 2455">
     <span class='ocr_line' id='line_1_40' title="bbox 278 2377 1866 2455; baseline 0.004 -23"><span class='ocrx_word' id='word_1_315' title='bbox 278 2379 487 2450; x_wconf 80' lang='grc' dir='ltr'><strong>μήκασι</strong></span> <span class='ocrx_word' id='word_1_316' title='bbox 517 2380 630 2450; x_wconf 86' lang='grc' dir='ltr'><strong>γάρ</strong></span> <span class='ocrx_word' id='word_1_317' title='bbox 661 2378 838 2434; x_wconf 86' lang='grc' dir='ltr'><strong>εἰπεῖν</strong></span> <span class='ocrx_word' id='word_1_318' title='bbox 872 2381 1002 2451; x_wconf 69' lang='grc' dir='ltr'><strong>περὶ</strong></span> <span class='ocrx_word' id='word_1_319' title='bbox 1034 2381 1131 2435; x_wconf 84' lang='grc' dir='ltr'><strong>τοῦ</strong></span> <span class='ocrx_word' id='word_1_320' title='bbox 1171 2383 1391 2435; x_wconf 87' lang='grc' dir='ltr'><strong>πάντων</strong></span> <span class='ocrx_word' id='word_1_321' title='bbox 1422 2377 1581 2453; x_wconf 82' lang='grc' dir='ltr'><strong>ἡμῶν</strong></span> <span class='ocrx_word' id='word_1_322' title='bbox 1611 2383 1866 2455; x_wconf 83' lang='grc' dir='ltr'><strong>Σωτῆρος</strong></span> 
     </span>
    </p>
   </div>
   <div class='ocr_carea' id='block_1_41' title="bbox 276 2468 1870 2542">
    <p class='ocr_par' dir='ltr' id='par_1_41' title="bbox 276 2468 1870 2542">
     <span class='ocr_line' id='line_1_41' title="bbox 276 2468 1870 2542; baseline 0.003 -18"><span class='ocrx_word' id='word_1_323' title='bbox 276 2468 513 2541; x_wconf 79' lang='grc' dir='ltr'><strong>Χριστοῦ</strong></span> <span class='ocrx_word' id='word_1_324' title='bbox 537 2487 552 2500; x_wconf 88' lang='grc'><strong>·</strong></span> <span class='ocrx_word' id='word_1_325' title='bbox 588 2488 608 2521; x_wconf 80' lang='grc' dir='ltr'><strong>ι</strong></span> <span class='ocrx_word' id='word_1_326' title='bbox 643 2470 837 2535; x_wconf 82' lang='grc' dir='ltr'><strong>Ἡμεῖς</strong></span> <span class='ocrx_word' id='word_1_327' title='bbox 886 2470 1111 2541; x_wconf 74' lang='grc' dir='ltr'><strong>οἴδαμεν</strong></span> <span class='ocrx_word' id='word_1_328' title='bbox 1155 2471 1237 2525; x_wconf 81' lang='grc' dir='ltr'><strong>ὅτι</strong></span> <span class='ocrx_word' id='word_1_329' title='bbox 1269 2472 1461 2526; x_wconf 86' lang='grc' dir='ltr'><strong>Μωσεῖ</strong></span> <span class='ocrx_word' id='word_1_330' title='bbox 1503 2472 1801 2542; x_wconf 82' lang='grc' dir='ltr'><strong>λελάληκεν</strong></span> <span class='ocrx_word' id='word_1_331' title='bbox 1838 2475 1870 2529; x_wconf 90' lang='lat'><strong>6</strong></span> 
     </span>
    </p>
   </div>
   <div class='ocr_carea' id='block_1_42' title="bbox 275 2556 1863 2631">
    <p class='ocr_par' dir='ltr' id='par_1_42' title="bbox 275 2556 1863 2631">
     <span class='ocr_line' id='line_1_42' title="bbox 275 2556 1863 2631; baseline 0.006 -23"><span class='ocrx_word' id='word_1_332' title='bbox 275 2556 633 2620; x_wconf 83' lang='grc' dir='ltr'><strong>Θεὸς,τοῦτον</strong></span> <span class='ocrx_word' id='word_1_333' title='bbox 651 2558 710 2612; x_wconf 73' lang='grc' dir='ltr'><strong>δὲ</strong></span> <span class='ocrx_word' id='word_1_334' title='bbox 746 2557 847 2612; x_wconf 81' lang='grc' dir='ltr'><strong>οὐκ</strong></span> <span class='ocrx_word' id='word_1_335' title='bbox 877 2559 1101 2631; x_wconf 77' lang='grc' dir='ltr'><strong>οἴδαμεν</strong></span> <span class='ocrx_word' id='word_1_336' title='bbox 1122 2558 1289 2615; x_wconf 87' lang='grc' dir='ltr'><strong>πόθεν</strong></span> <span class='ocrx_word' id='word_1_337' title='bbox 1314 2561 1484 2614; x_wconf 75' lang='grc' dir='ltr'><strong>ἐστί.»</strong></span> <span class='ocrx_word' id='word_1_338' title='bbox 1521 2562 1631 2615; x_wconf 78' lang='grc' dir='ltr'><strong>Καὶ</strong></span> <span class='ocrx_word' id='word_1_339' title='bbox 1663 2562 1827 2617; x_wconf 88' lang='grc' dir='ltr'><strong>πάλιν</strong></span> <span class='ocrx_word' id='word_1_340' title='bbox 1848 2580 1863 2595; x_wconf 87' lang='grc'><strong>·</strong></span> 
     </span>
    </p>
   </div>
   <div class='ocr_carea' id='block_1_43' title="bbox 281 2635 1861 2722">
    <p class='ocr_par' dir='ltr' id='par_1_43' title="bbox 281 2635 1861 2722">
     <span class='ocr_line' id='line_1_43' title="bbox 281 2635 1861 2722; baseline 0.007 -24"><span class='ocrx_word' id='word_1_341' title='bbox 281 2665 301 2697; x_wconf 76' lang='grc' dir='ltr'><strong>ι</strong></span> <span class='ocrx_word' id='word_1_342' title='bbox 326 2648 612 2718; x_wconf 84' lang='grc' dir='ltr'><strong>Δαιμόνιον</strong></span> <span class='ocrx_word' id='word_1_343' title='bbox 655 2649 770 2720; x_wconf 77' lang='grc' dir='ltr'><strong>ἔχει</strong></span> <span class='ocrx_word' id='word_1_344' title='bbox 813 2651 906 2705; x_wconf 79' lang='grc' dir='ltr'><strong>καὶ</strong></span> <span class='ocrx_word' id='word_1_345' title='bbox 942 2650 1219 2719; x_wconf 84' lang='grc' dir='ltr'><strong>μαίνεται,</strong></span> <span class='ocrx_word' id='word_1_346' title='bbox 1248 2651 1302 2705; x_wconf 88' lang='grc' dir='ltr'><strong>τί</strong></span> <span class='ocrx_word' id='word_1_347' title='bbox 1350 2651 1518 2707; x_wconf 83' lang='grc' dir='ltr'><strong>αὑτοῦ</strong></span> <span class='ocrx_word' id='word_1_348' title='bbox 1549 2635 1778 2709; x_wconf 82' lang='grc' dir='ltr'><strong>ἀκούετε</strong></span> <span class='ocrx_word' id='word_1_349' title='bbox 1800 2673 1814 2722; x_wconf 87' lang='grc'>;</span> <span class='ocrx_word' id='word_1_350' title='bbox 1839 2674 1861 2709; x_wconf 70' lang='grc' dir='ltr'><strong>ι</strong></span> 
     </span>
    </p>
   </div>
   <div class='ocr_carea' id='block_1_44' title="bbox 274 2738 1865 2819">
    <p class='ocr_par' dir='ltr' id='par_1_44' title="bbox 274 2738 1865 2819">
     <span class='ocr_line' id='line_1_44' title="bbox 274 2738 1865 2819; baseline 0.007 -28"><span class='ocrx_word' id='word_1_351' title='bbox 274 2738 487 2792; x_wconf 77' lang='grc' dir='ltr'><strong>Οὐκοῦν</strong></span> <span class='ocrx_word' id='word_1_352' title='bbox 536 2741 833 2813; x_wconf 78' lang='grc' dir='ltr'><strong>ἐπειδήπερ</strong></span> <span class='ocrx_word' id='word_1_353' title='bbox 866 2742 1043 2807; x_wconf 75' lang='grc' dir='ltr'><strong>οὐδεὶς</strong></span> <span class='ocrx_word' id='word_1_354' title='bbox 1080 2739 1185 2815; x_wconf 77' lang='grc' dir='ltr'><strong>ἦν’,</strong></span> <span class='ocrx_word' id='word_1_355' title='bbox 1223 2745 1425 2817; x_wconf 78' lang='grc' dir='ltr'><strong>φησὶν,</strong></span> <span class='ocrx_word' id='word_1_356' title='bbox 1477 2747 1506 2800; x_wconf 90' lang='lat'><strong>6</strong></span> <span class='ocrx_word' id='word_1_357' title='bbox 1553 2744 1799 2817; x_wconf 78' lang='grc' dir='ltr'><strong>βοηθῶν,</strong></span> <span class='ocrx_word' id='word_1_358' title='bbox 1830 2747 1865 2819; x_wconf 73' lang='grc' dir='ltr'>ἦ</span> 
     </span>
    </p>
   </div>
   <div class='ocr_carea' id='block_1_45' title="bbox 1968 1921 3544 1994">
    <p class='ocr_par' dir='ltr' id='par_1_45' title="bbox 1968 1921 3544 1994">
     <span class='ocr_line' id='line_1_45' title="bbox 1968 1921 3544 1994; baseline -0.004 -16"><span class='ocrx_word' id='word_1_359' title='bbox 1968 1933 2213 1979; x_wconf 88' lang='lat' dir='ltr'><strong>nostrum</strong></span> <span class='ocrx_word' id='word_1_360' title='bbox 2236 1924 2526 1981; x_wconf 81' lang='lat' dir='ltr'><strong>Servatore</strong></span> <span class='ocrx_word' id='word_1_361' title='bbox 2555 1923 2816 1980; x_wconf 85' lang='lat' dir='ltr'><strong>Christo:</strong></span> <span class='ocrx_word' id='word_1_362' title='bbox 2848 1943 2867 1976; x_wconf 82' lang='grc' dir='ltr'><strong>ι</strong></span> <span class='ocrx_word' id='word_1_363' title='bbox 2895 1921 3007 1979; x_wconf 85' lang='lat' dir='ltr'><strong>Nos</strong></span> <span class='ocrx_word' id='word_1_364' title='bbox 3050 1923 3266 1994; x_wconf 85' lang='lat' dir='ltr'><strong>quidem</strong></span> <span class='ocrx_word' id='word_1_365' title='bbox 3291 1922 3544 1978; x_wconf 77' lang='lat' dir='ltr'><strong>novimus</strong></span> 
     </span>
    </p>
   </div>
   <div class='ocr_carea' id='block_1_46' title="bbox 1967 2011 3552 2086">
    <p class='ocr_par' dir='ltr' id='par_1_46' title="bbox 1967 2011 3552 2086">
     <span class='ocr_line' id='line_1_46' title="bbox 1967 2011 3552 2086; baseline -0.004 -17"><span class='ocrx_word' id='word_1_366' title='bbox 1967 2013 2135 2086; x_wconf 70' lang='lat' dir='ltr'><strong>Moysi</strong></span> <span class='ocrx_word' id='word_1_367' title='bbox 2158 2013 2394 2068; x_wconf 89' lang='lat' dir='ltr'><strong>locutum</strong></span> <span class='ocrx_word' id='word_1_368' title='bbox 2418 2027 2540 2069; x_wconf 88' lang='lat' dir='ltr'><strong>esse</strong></span> <span class='ocrx_word' id='word_1_369' title='bbox 2562 2014 2760 2083; x_wconf 87' lang='lat' dir='ltr'><strong>Deum;</strong></span> <span class='ocrx_word' id='word_1_370' title='bbox 2778 2014 2922 2070; x_wconf 90' lang='lat' dir='ltr'><strong>hunc</strong></span> <span class='ocrx_word' id='word_1_371' title='bbox 2935 2023 3115 2070; x_wconf 88' lang='lat' dir='ltr'><strong>autem</strong></span> <span class='ocrx_word' id='word_1_372' title='bbox 3133 2011 3275 2069; x_wconf 89' lang='lat' dir='ltr'><strong>haud</strong></span> <span class='ocrx_word' id='word_1_373' title='bbox 3302 2012 3552 2067; x_wconf 83' lang='lat' dir='ltr'><strong>novimus</strong></span> 
     </span>
    </p>
   </div>
   <div class='ocr_carea' id='block_1_47' title="bbox 1969 2099 3554 2161">
    <p class='ocr_par' dir='ltr' id='par_1_47' title="bbox 1969 2099 3554 2161">
     <span class='ocr_line' id='line_1_47' title="bbox 1969 2099 3554 2161; baseline -0.003 -1"><span class='ocrx_word' id='word_1_374' title='bbox 1969 2106 2112 2160; x_wconf 82' lang='lat' dir='ltr'><strong>unde</strong></span> <span class='ocrx_word' id='word_1_375' title='bbox 2134 2105 2205 2160; x_wconf 87' lang='lat' dir='ltr'><strong>sit</strong></span> <span class='ocrx_word' id='word_1_376' title='bbox 2231 2105 2295 2159; x_wconf 71' lang='grc' dir='ltr'><strong>η.</strong></span> <span class='ocrx_word' id='word_1_377' title='bbox 2340 2123 2359 2156; x_wconf 74' lang='grc' dir='ltr'><strong>ι</strong></span> <span class='ocrx_word' id='word_1_378' title='bbox 2394 2105 2462 2159; x_wconf 86' lang='grc' dir='ltr'><strong>Ει</strong></span> <span class='ocrx_word' id='word_1_379' title='bbox 2501 2105 2738 2159; x_wconf 88' lang='lat' dir='ltr'><strong>iterum:</strong></span> <span class='ocrx_word' id='word_1_380' title='bbox 2771 2123 2792 2158; x_wconf 79' lang='grc' dir='ltr'><strong>ι</strong></span> <span class='ocrx_word' id='word_1_381' title='bbox 2825 2099 3169 2161; x_wconf 73' lang='grc' dir='ltr'><strong>ὐωιηοιιίυῐο</strong></span> <span class='ocrx_word' id='word_1_382' title='bbox 3203 2103 3366 2157; x_wconf 85' lang='lat' dir='ltr'><strong>habet</strong></span> <span class='ocrx_word' id='word_1_383' title='bbox 3384 2111 3440 2158; x_wconf 89' lang='lat' dir='ltr'><strong>et</strong></span> <span class='ocrx_word' id='word_1_384' title='bbox 3469 2103 3554 2157; x_wconf 85' lang='lat' dir='ltr'><strong>in-</strong></span> 
     </span>
    </p>
   </div>
   <div class='ocr_carea' id='block_1_48' title="bbox 1969 2194 3550 2266">
    <p class='ocr_par' dir='ltr' id='par_1_48' title="bbox 1969 2194 3550 2266">
     <span class='ocr_line' id='line_1_48' title="bbox 1969 2194 3550 2266; baseline -0.003 -15"><span class='ocrx_word' id='word_1_385' title='bbox 1969 2195 2137 2258; x_wconf 87' lang='lat' dir='ltr'><strong>sanit,</strong></span> <span class='ocrx_word' id='word_1_386' title='bbox 2166 2196 2291 2264; x_wconf 90' lang='lat' dir='ltr'><strong>quid</strong></span> <span class='ocrx_word' id='word_1_387' title='bbox 2327 2194 2476 2250; x_wconf 89' lang='lat' dir='ltr'><strong>illum</strong></span> <span class='ocrx_word' id='word_1_388' title='bbox 2516 2196 2716 2251; x_wconf 84' lang='lat' dir='ltr'><strong>auditis</strong></span> <span class='ocrx_word' id='word_1_389' title='bbox 2744 2195 2787 2229; x_wconf 83' lang='grc'><strong>¹⁹</strong></span> <span class='ocrx_word' id='word_1_390' title='bbox 2818 2195 2846 2251; x_wconf 73' lang='grc' dir='ltr'>τ</span> <span class='ocrx_word' id='word_1_391' title='bbox 2883 2214 2904 2248; x_wconf 76' lang='grc' dir='ltr'><strong>ι</strong></span> <span class='ocrx_word' id='word_1_392' title='bbox 2963 2195 3151 2266; x_wconf 84' lang='lat' dir='ltr'><strong>itaque</strong></span> <span class='ocrx_word' id='word_1_393' title='bbox 3185 2194 3311 2265; x_wconf 87' lang='lat' dir='ltr'><strong>quia</strong></span> <span class='ocrx_word' id='word_1_394' title='bbox 3364 2207 3550 2256; x_wconf 85' lang='lat' dir='ltr'><strong>nemo,</strong></span> 
     </span>
    </p>
   </div>
   <div class='ocr_carea' id='block_1_49' title="bbox 1968 2280 3537 2358">
    <p class='ocr_par' dir='ltr' id='par_1_49' title="bbox 1968 2280 3537 2358">
     <span class='ocr_line' id='line_1_49' title="bbox 1968 2280 3537 2358; baseline -0.002 -17"><span class='ocrx_word' id='word_1_395' title='bbox 1968 2280 2166 2358; x_wconf 80' lang='lat' dir='ltr'><strong>inquit,</strong></span> <span class='ocrx_word' id='word_1_396' title='bbox 2189 2296 2307 2342; x_wconf 75' lang='lat' dir='ltr'><strong>erat</strong></span> <span class='ocrx_word' id='word_1_397' title='bbox 2327 2288 2417 2356; x_wconf 88' lang='lat' dir='ltr'><strong>qui</strong></span> <span class='ocrx_word' id='word_1_398' title='bbox 2448 2298 2815 2353; x_wconf 81' lang='lat' dir='ltr'><strong>succurreret,</strong></span> <span class='ocrx_word' id='word_1_399' title='bbox 2841 2287 2923 2343; x_wconf 87' lang='lat' dir='ltr'><strong>vel</strong></span> <span class='ocrx_word' id='word_1_400' title='bbox 2947 2287 3210 2342; x_wconf 78' lang='lat' dir='ltr'><strong>auxilium</strong></span> <span class='ocrx_word' id='word_1_401' title='bbox 3246 2286 3537 2356; x_wconf 58' lang='lat' dir='ltr'><strong>praeberet,</strong></span> 
     </span>
    </p>
   </div>
   <div class='ocr_carea' id='block_1_50' title="bbox 1966 2375 3552 2447">
    <p class='ocr_par' dir='ltr' id='par_1_50' title="bbox 1966 2375 3552 2447">
     <span class='ocr_line' id='line_1_50' title="bbox 1966 2375 3552 2447; baseline -0.004 -12"><span class='ocrx_word' id='word_1_402' title='bbox 1966 2381 2210 2436; x_wconf 82' lang='lat' dir='ltr'><strong>servavit</strong></span> <span class='ocrx_word' id='word_1_403' title='bbox 2233 2394 2328 2435; x_wconf 83' lang='lat' dir='ltr'><strong>eos</strong></span> <span class='ocrx_word' id='word_1_404' title='bbox 2344 2379 2626 2435; x_wconf 84' lang='lat' dir='ltr'><strong>brachium</strong></span> <span class='ocrx_word' id='word_1_405' title='bbox 2653 2394 2857 2443; x_wconf 89' lang='lat' dir='ltr'><strong>meum,</strong></span> <span class='ocrx_word' id='word_1_406' title='bbox 2881 2379 2934 2434; x_wconf 89' lang='lat' dir='ltr'><strong>id</strong></span> <span class='ocrx_word' id='word_1_407' title='bbox 2971 2387 3077 2447; x_wconf 81' lang='lat' dir='ltr'><strong>est,</strong></span> <span class='ocrx_word' id='word_1_408' title='bbox 3097 2379 3362 2447; x_wconf 88' lang='lat' dir='ltr'><strong>potentia.</strong></span> <span class='ocrx_word' id='word_1_409' title='bbox 3387 2375 3552 2431; x_wconf 85' lang='lat' dir='ltr'><strong>Com-</strong></span> 
     </span>
    </p>
   </div>
   <div class='ocr_carea' id='block_1_51' title="bbox 1966 2466 3549 2542">
    <p class='ocr_par' dir='ltr' id='par_1_51' title="bbox 1966 2466 3549 2542">
     <span class='ocr_line' id='line_1_51' title="bbox 1966 2466 3549 2542; baseline -0.005 -14"><span class='ocrx_word' id='word_1_410' title='bbox 1966 2474 2150 2542; x_wconf 88' lang='lat' dir='ltr'><strong>plures</strong></span> <span class='ocrx_word' id='word_1_411' title='bbox 2199 2474 2368 2537; x_wconf 89' lang='lat' dir='ltr'><strong>enim,</strong></span> <span class='ocrx_word' id='word_1_412' title='bbox 2395 2482 2456 2527; x_wconf 92' lang='lat' dir='ltr'><strong>ut</strong></span> <span class='ocrx_word' id='word_1_413' title='bbox 2501 2471 2638 2537; x_wconf 77' lang='lat' dir='ltr'><strong>dixi,</strong></span> <span class='ocrx_word' id='word_1_414' title='bbox 2673 2486 2740 2528; x_wconf 80' lang='lat' dir='ltr'><strong>ex</strong></span> <span class='ocrx_word' id='word_1_415' title='bbox 2779 2470 2982 2527; x_wconf 64' lang='lat' dir='ltr'><strong>Iudaeis</strong></span> <span class='ocrx_word' id='word_1_416' title='bbox 3037 2468 3412 2526; x_wconf 89' lang='lat' dir='ltr'><strong>crediderunt.</strong></span> <span class='ocrx_word' id='word_1_417' title='bbox 3445 2466 3549 2532; x_wconf 80' lang='lat' dir='ltr'><strong>Qui</strong></span> 
     </span>
    </p>
   </div>
   <div class='ocr_carea' id='block_1_52' title="bbox 1964 2557 3549 2630">
    <p class='ocr_par' dir='ltr' id='par_1_52' title="bbox 1964 2557 3549 2630">
     <span class='ocr_line' id='line_1_52' title="bbox 1964 2557 3549 2630; baseline -0.005 -11"><span class='ocrx_word' id='word_1_418' title='bbox 1964 2579 2095 2621; x_wconf 90' lang='lat' dir='ltr'><strong>vero</strong></span> <span class='ocrx_word' id='word_1_419' title='bbox 2125 2563 2382 2620; x_wconf 88' lang='lat' dir='ltr'><strong>nolebant</strong></span> <span class='ocrx_word' id='word_1_420' title='bbox 2410 2575 2734 2619; x_wconf 88' lang='lat' dir='ltr'><strong>succurrere</strong></span> <span class='ocrx_word' id='word_1_421' title='bbox 2761 2577 2879 2630; x_wconf 85' lang='lat' dir='ltr'><strong>eos,</strong></span> <span class='ocrx_word' id='word_1_422' title='bbox 2940 2562 3095 2617; x_wconf 80' lang='lat' dir='ltr'><strong>furor</strong></span> <span class='ocrx_word' id='word_1_423' title='bbox 3122 2573 3278 2615; x_wconf 83' lang='lat' dir='ltr'><strong>meus</strong></span> <span class='ocrx_word' id='word_1_424' title='bbox 3328 2557 3549 2619; x_wconf 84' lang='lat' dir='ltr'><strong>invasit,</strong></span> 
     </span>
    </p>
   </div>
   <div class='ocr_carea' id='block_1_53' title="bbox 1965 2646 3551 2727">
    <p class='ocr_par' dir='ltr' id='par_1_53' title="bbox 1965 2646 3551 2727">
     <span class='ocr_line' id='line_1_53' title="bbox 1965 2646 3551 2727; baseline -0.003 -18"><span class='ocrx_word' id='word_1_425' title='bbox 1965 2655 2203 2727; x_wconf 77' lang='lat' dir='ltr'><strong>iactique</strong></span> <span class='ocrx_word' id='word_1_426' title='bbox 2232 2662 2361 2710; x_wconf 87' lang='lat' dir='ltr'><strong>sunt</strong></span> <span class='ocrx_word' id='word_1_427' title='bbox 2383 2655 2725 2712; x_wconf 88' lang='lat' dir='ltr'><strong>conculcatio</strong></span> <span class='ocrx_word' id='word_1_428' title='bbox 2753 2646 2871 2712; x_wconf 55' lang='lat' dir='ltr'><strong>ira}.</strong></span> <span class='ocrx_word' id='word_1_429' title='bbox 2916 2652 3042 2709; x_wconf 86' lang='lat' dir='ltr'><strong>Mali</strong></span> <span class='ocrx_word' id='word_1_430' title='bbox 3071 2654 3216 2710; x_wconf 93' lang='lat' dir='ltr'><strong>enim</strong></span> <span class='ocrx_word' id='word_1_431' title='bbox 3242 2650 3384 2707; x_wconf 89' lang='lat' dir='ltr'><strong>male</strong></span> <span class='ocrx_word' id='word_1_432' title='bbox 3416 2664 3551 2721; x_wconf 82' lang='lat' dir='ltr'><strong>per-</strong></span> 
     </span>
    </p>
   </div>
   <div class='ocr_carea' id='block_1_54' title="bbox 1964 2745 3337 2818">
    <p class='ocr_par' dir='ltr' id='par_1_54' title="bbox 1964 2745 3337 2818">
     <span class='ocr_line' id='line_1_54' title="bbox 1964 2745 3337 2818; baseline -0.001 -16"><span class='ocrx_word' id='word_1_433' title='bbox 1964 2747 2164 2810; x_wconf 88' lang='lat' dir='ltr'><strong>ierunt,</strong></span> <span class='ocrx_word' id='word_1_434' title='bbox 2196 2756 2253 2802; x_wconf 89' lang='lat' dir='ltr'><strong>et</strong></span> <span class='ocrx_word' id='word_1_435' title='bbox 2279 2747 2471 2818; x_wconf 75' lang='lat' dir='ltr'><strong>dignas</strong></span> <span class='ocrx_word' id='word_1_436' title='bbox 2491 2746 2792 2804; x_wconf 87' lang='lat' dir='ltr'><strong>sceleribus</strong></span> <span class='ocrx_word' id='word_1_437' title='bbox 2821 2760 3013 2815; x_wconf 65' lang='lat' dir='ltr'><strong>pinnas</strong></span> <span class='ocrx_word' id='word_1_438' title='bbox 3045 2745 3337 2802; x_wconf 90' lang='lat' dir='ltr'><strong>dederunt.</strong></span> 
     </span>
    </p>
   </div>
   <div class='ocr_carea' id='block_1_55' title="bbox 274 2827 3552 2908">
    <p class='ocr_par' dir='ltr' id='par_1_55' title="bbox 274 2827 3552 2908">
     <span class='ocr_line' id='line_1_55' title="bbox 274 2827 3552 2908; baseline 0.002 -26"><span class='ocrx_word' id='word_1_439' title='bbox 274 2827 830 2902; x_wconf 76' lang='grc' dir='ltr'><strong>ἀντιλαμϐανόμενος,</strong></span> <span class='ocrx_word' id='word_1_440' title='bbox 867 2832 1073 2888; x_wconf 84' lang='grc' dir='ltr'><strong>σέσωκε</strong></span> <span class='ocrx_word' id='word_1_441' title='bbox 1111 2834 1211 2904; x_wconf 84' lang='grc' dir='ltr'><strong>μὲν</strong></span> <span class='ocrx_word' id='word_1_442' title='bbox 1239 2835 1483 2900; x_wconf 73' lang='grc' dir='ltr'><strong>ἐκείνους</strong></span> <span class='ocrx_word' id='word_1_443' title='bbox 1510 2837 1540 2891; x_wconf 92' lang='lat'><strong>6</strong></span> <span class='ocrx_word' id='word_1_444' title='bbox 1567 2836 1701 2908; x_wconf 84' lang='grc' dir='ltr'><strong>ἐμδς</strong></span> <span class='ocrx_word' id='word_1_445' title='bbox 1725 2835 1987 2908; x_wconf 84' lang='grc' dir='ltr'><strong>βραχίων,</strong></span> <span class='ocrx_word' id='word_1_446' title='bbox 2038 2834 2312 2902; x_wconf 77' lang='grc' dir='ltr'><strong>τουτέστι,</strong></span> <span class='ocrx_word' id='word_1_447' title='bbox 2368 2834 2620 2908; x_wconf 86' lang='grc' dir='ltr'><strong>δύναμις,</strong></span> <span class='ocrx_word' id='word_1_448' title='bbox 2693 2834 2940 2890; x_wconf 85' lang='grc' dir='ltr'><strong>πλεῖστοι</strong></span> <span class='ocrx_word' id='word_1_449' title='bbox 3004 2834 3137 2907; x_wconf 91' lang='grc' dir='ltr'><strong>γάρ,</strong></span> <span class='ocrx_word' id='word_1_450' title='bbox 3181 2832 3259 2899; x_wconf 83' lang='grc' dir='ltr'><strong>ὡς</strong></span> <span class='ocrx_word' id='word_1_451' title='bbox 3291 2832 3453 2905; x_wconf 66' lang='grc' dir='ltr'><strong>ἔφην,</strong></span> <span class='ocrx_word' id='word_1_452' title='bbox 3490 2834 3552 2902; x_wconf 74' lang='grc' dir='ltr'><strong>ἐξ</strong></span> 
     </span>
    </p>
   </div>
   <div class='ocr_carea' id='block_1_56' title="bbox 286 2920 3547 3003">
    <p class='ocr_par' dir='ltr' id='par_1_56' title="bbox 286 2920 3547 3003">
     <span class='ocr_line' id='line_1_56' title="bbox 286 2920 3547 3003; baseline 0.002 -30"><span class='ocrx_word' id='word_1_453' title='bbox 286 2920 555 2975; x_wconf 83' lang='grc' dir='ltr'><strong>Ἰουδαίων</strong></span> <span class='ocrx_word' id='word_1_454' title='bbox 583 2924 1008 2981; x_wconf 81' lang='grc' dir='ltr'><strong>πεπιστεύκασι.</strong></span> <span class='ocrx_word' id='word_1_455' title='bbox 1035 2926 1161 2992; x_wconf 89' lang='grc' dir='ltr'><strong>Τοῖς</strong></span> <span class='ocrx_word' id='word_1_456' title='bbox 1193 2940 1259 2996; x_wconf 90' lang='grc' dir='ltr'><strong>γε</strong></span> <span class='ocrx_word' id='word_1_457' title='bbox 1302 2927 1408 3000; x_wconf 83' lang='grc' dir='ltr'><strong>μὴν</strong></span> <span class='ocrx_word' id='word_1_458' title='bbox 1439 2930 1541 2984; x_wconf 76' lang='grc' dir='ltr'><strong>οὐκ</strong></span> <span class='ocrx_word' id='word_1_459' title='bbox 1567 2930 1860 3002; x_wconf 81' lang='grc' dir='ltr'><strong>ἐθελήσάσι</strong></span> <span class='ocrx_word' id='word_1_460' title='bbox 1899 2930 2116 3003; x_wconf 85' lang='grc' dir='ltr'><strong>βοηθεῖν</strong></span> <span class='ocrx_word' id='word_1_461' title='bbox 2144 2932 2174 2984; x_wconf 85' lang='grc' dir='ltr'>ὀ</span> <span class='ocrx_word' id='word_1_462' title='bbox 2203 2928 2376 2999; x_wconf 88' lang='grc' dir='ltr'><strong>θυμός</strong></span> <span class='ocrx_word' id='word_1_463' title='bbox 2420 2946 2522 3002; x_wconf 89' lang='grc' dir='ltr'><strong>μου</strong></span> <span class='ocrx_word' id='word_1_464' title='bbox 2569 2930 2796 3003; x_wconf 85' lang='grc' dir='ltr'><strong>ἐπέστη,</strong></span> <span class='ocrx_word' id='word_1_465' title='bbox 2859 2926 3125 2999; x_wconf 85' lang='grc' dir='ltr'><strong>γεγόνασι</strong></span> <span class='ocrx_word' id='word_1_466' title='bbox 3162 2926 3547 2999; x_wconf 84' lang='grc' dir='ltr'><strong>καταπάτημα</strong></span> 
     </span>
    </p>
   </div>
   <div class='ocr_carea' id='block_1_57' title="bbox 271 3010 2997 3094">
    <p class='ocr_par' dir='ltr' id='par_1_57' title="bbox 271 3010 2997 3094">
     <span class='ocr_line' id='line_1_57' title="bbox 271 3010 2997 3094; baseline 0.003 -27"><span class='ocrx_word' id='word_1_467' title='bbox 271 3010 371 3082; x_wconf 73' lang='grc' dir='ltr'><strong>τῆς</strong></span> <span class='ocrx_word' id='word_1_468' title='bbox 406 3013 591 3085; x_wconf 84' lang='grc' dir='ltr'><strong>ὀργῆς.</strong></span> <span class='ocrx_word' id='word_1_469' title='bbox 615 3015 795 3069; x_wconf 79' lang='grc' dir='ltr'><strong>Κακοὶ</strong></span> <span class='ocrx_word' id='word_1_470' title='bbox 821 3015 932 3088; x_wconf 79' lang='grc' dir='ltr'><strong>γὰρ</strong></span> <span class='ocrx_word' id='word_1_471' title='bbox 957 3015 1148 3081; x_wconf 82' lang='grc' dir='ltr'><strong>κακῶς</strong></span> <span class='ocrx_word' id='word_1_472' title='bbox 1186 3017 1505 3082; x_wconf 76' lang='grc' dir='ltr'><strong>διολώλασι,’</strong></span> <span class='ocrx_word' id='word_1_473' title='bbox 1524 3022 1618 3075; x_wconf 74' lang='grc' dir='ltr'><strong>καὶ</strong></span> <span class='ocrx_word' id='word_1_474' title='bbox 1647 3021 1972 3094; x_wconf 78' lang='grc' dir='ltr'><strong>ίσορῤόπους</strong></span> <span class='ocrx_word' id='word_1_475' title='bbox 2003 3023 2121 3086; x_wconf 88' lang='grc' dir='ltr'><strong>τοῖς</strong></span> <span class='ocrx_word' id='word_1_476' title='bbox 2152 3019 2475 3091; x_wconf 78' lang='grc' dir='ltr'><strong>αἰτιάμασιν</strong></span> <span class='ocrx_word' id='word_1_477' title='bbox 2500 3019 2792 3092; x_wconf 79' lang='grc' dir='ltr'><strong>ἐξῄτηνται</strong></span> <span class='ocrx_word' id='word_1_478' title='bbox 2819 3019 2997 3086; x_wconf 88' lang='grc' dir='ltr'><strong>δίκας.</strong></span> 
     </span>
    </p>
   </div>
   <div class='ocr_carea' id='block_1_58' title="bbox 348 3100 1859 3185">
    <p class='ocr_par' dir='ltr' id='par_1_58' title="bbox 348 3104 1854 3185">
     <span class='ocr_line' id='line_1_58' title="bbox 348 3104 1854 3185; baseline 0.006 -27"><span class='ocrx_word' id='word_1_479' title='bbox 348 3104 464 3158; x_wconf 75' lang='grc' dir='ltr'><strong>Τὸν</strong></span> <span class='ocrx_word' id='word_1_480' title='bbox 502 3105 682 3159; x_wconf 73' lang='grc' dir='ltr'><strong>ἔλεον</strong></span> <span class='ocrx_word' id='word_1_481' title='bbox 710 3108 935 3176; x_wconf 82' lang='grc' dir='ltr'><strong>Κυρίου</strong></span> <span class='ocrx_word' id='word_1_482' title='bbox 972 3107 1306 3178; x_wconf 68' lang='grc' dir='ltr'><strong>ἐμνήσθην,</strong></span> <span class='ocrx_word' id='word_1_483' title='bbox 1348 3109 1456 3185; x_wconf 73' lang='grc' dir='ltr'><strong>τὰς</strong></span> <span class='ocrx_word' id='word_1_484' title='bbox 1485 3112 1701 3180; x_wconf 79' lang='grc' dir='ltr'><strong>ἀρετὰς</strong></span> <span class='ocrx_word' id='word_1_485' title='bbox 1740 3115 1854 3166; x_wconf 81' lang='grc' dir='ltr'><strong>Κυ-</strong></span> 
     </span>
    </p>
   </div>
   <div class='ocr_carea' id='block_1_59' title="bbox 1960 3100 3548 3185">
    <p class='ocr_par' dir='ltr' id='par_1_59' title="bbox 2032 3100 3548 3168">
     <span class='ocr_line' id='line_1_59' title="bbox 2032 3100 3548 3168; baseline -0.003 -4"><span class='ocrx_word' id='word_1_486' title='bbox 2032 3109 2195 3167; x_wconf 75' lang='lat' dir='ltr'><strong>Vsus.</strong></span> <span class='ocrx_word' id='word_1_487' title='bbox 2230 3100 2287 3165; x_wconf 73' lang='grc'><strong>7.</strong></span> <span class='ocrx_word' id='word_1_488' title='bbox 2351 3105 2735 3165; x_wconf 64' lang='lat' dir='ltr'><strong>Misericordia</strong></span> <span class='ocrx_word' id='word_1_489' title='bbox 2787 3109 3005 3164; x_wconf 85' lang='lat' dir='ltr'><strong>Domini</strong></span> <span class='ocrx_word' id='word_1_490' title='bbox 3055 3108 3364 3164; x_wconf 75' lang='lat' dir='ltr'><strong>recordatus</strong></span> <span class='ocrx_word' id='word_1_491' title='bbox 3407 3122 3548 3168; x_wconf 77' lang='lat' dir='ltr'><strong>sum.</strong></span> 
     </span>
    </p>
   </div>
   <div class='ocr_carea' id='block_1_60' title="bbox 268 3193 1894 3272">
    <p class='ocr_par' dir='ltr' id='par_1_60' title="bbox 268 3193 1894 3272">
     <span class='ocr_line' id='line_1_60' title="bbox 268 3193 1894 3272; baseline 0.007 -25"><span class='ocrx_word' id='word_1_492' title='bbox 268 3211 404 3264; x_wconf 76' lang='grc' dir='ltr'><strong>ρίου</strong></span> <span class='ocrx_word' id='word_1_493' title='bbox 432 3195 502 3248; x_wconf 80' lang='grc' dir='ltr'><strong>ἐν</strong></span> <span class='ocrx_word' id='word_1_494' title='bbox 535 3195 744 3263; x_wconf 80' lang='grc' dir='ltr'><strong>πᾶσιν,</strong></span> <span class='ocrx_word' id='word_1_495' title='bbox 778 3193 870 3265; x_wconf 80' lang='grc' dir='ltr'><strong>οἷς</strong></span> <span class='ocrx_word' id='word_1_496' title='bbox 908 3201 942 3252; x_wconf 86' lang='lat' dir='ltr'><strong>d</strong></span> <span class='ocrx_word' id='word_1_497' title='bbox 971 3200 1185 3269; x_wconf 83' lang='grc' dir='ltr'><strong>Κύριος</strong></span> <span class='ocrx_word' id='word_1_498' title='bbox 1214 3200 1360 3272; x_wconf 74' lang='grc' dir='ltr'><strong>ἡμῖν</strong></span> <span class='ocrx_word' id='word_1_499' title='bbox 1389 3202 1856 3260; x_wconf 76' lang='grc' dir='ltr'><strong>ἀνταποδίδωσι.</strong></span> <span class='ocrx_word' id='word_1_500' title='bbox 1891 3249 1894 3252; x_wconf 87' lang='grc'><strong>.</strong></span> 
     </span>
    </p>
   </div>
   <div class='ocr_carea' id='block_1_61' title="bbox 272 3285 1859 3366">
    <p class='ocr_par' dir='ltr' id='par_1_61' title="bbox 272 3285 1859 3366">
     <span class='ocr_line' id='line_1_61' title="bbox 272 3285 1859 3366; baseline 0.008 -29"><span class='ocrx_word' id='word_1_501' title='bbox 272 3285 491 3353; x_wconf 79' lang='grc' dir='ltr'><strong>Κύριος</strong></span> <span class='ocrx_word' id='word_1_502' title='bbox 532 3286 742 3355; x_wconf 79' lang='grc' dir='ltr'><strong>κριτὴς</strong></span> <span class='ocrx_word' id='word_1_503' title='bbox 781 3288 1004 3357; x_wconf 74' lang='grc' dir='ltr'><strong>ἀγαθὸς</strong></span> <span class='ocrx_word' id='word_1_504' title='bbox 1042 3289 1122 3356; x_wconf 84' lang='grc' dir='ltr'><strong>τῷ</strong></span> <span class='ocrx_word' id='word_1_505' title='bbox 1164 3292 1309 3358; x_wconf 83' lang='grc' dir='ltr'><strong>οῑκῳ</strong></span> <span class='ocrx_word' id='word_1_506' title='bbox 1349 3294 1615 3363; x_wconf 78' lang='grc' dir='ltr'><strong>Ἰσραὴλ,</strong></span> <span class='ocrx_word' id='word_1_507' title='bbox 1650 3293 1859 3366; x_wconf 79' lang='grc' dir='ltr'><strong>ἐπάγει</strong></span> 
     </span>
    </p>
   </div>
   <div class='ocr_carea' id='block_1_62' title="bbox 270 3375 1858 3455">
    <p class='ocr_par' dir='ltr' id='par_1_62' title="bbox 270 3375 1858 3455">
     <span class='ocr_line' id='line_1_62' title="bbox 270 3375 1858 3455; baseline 0.01 -28"><span class='ocrx_word' id='word_1_508' title='bbox 270 3375 418 3444; x_wconf 72' lang='grc' dir='ltr'><strong>ἡμῖν</strong></span> <span class='ocrx_word' id='word_1_509' title='bbox 448 3375 548 3430; x_wconf 83' lang='grc' dir='ltr'><strong>καί</strong></span> <span class='ocrx_word' id='word_1_510' title='bbox 569 3379 719 3433; x_wconf 82' lang='grc' dir='ltr'><strong>κατὰ</strong></span> <span class='ocrx_word' id='word_1_511' title='bbox 739 3378 1008 3448; x_wconf 70' lang='grc' dir='ltr'><strong>τὸ⁹ἕλεος</strong></span> <span class='ocrx_word' id='word_1_512' title='bbox 1035 3383 1244 3447; x_wconf 83' lang='grc' dir='ltr'><strong>αὑτοῦ,</strong></span> <span class='ocrx_word' id='word_1_513' title='bbox 1274 3384 1375 3439; x_wconf 80' lang='grc' dir='ltr'><strong>καὶ</strong></span> <span class='ocrx_word' id='word_1_514' title='bbox 1413 3386 1565 3442; x_wconf 81' lang='grc' dir='ltr'><strong>κατὰ</strong></span> <span class='ocrx_word' id='word_1_515' title='bbox 1596 3385 1661 3440; x_wconf 83' lang='grc' dir='ltr'><strong>τὸ</strong></span> <span class='ocrx_word' id='word_1_516' title='bbox 1700 3384 1858 3455; x_wconf 72' lang='grc' dir='ltr'><strong>πλῆ-</strong></span> 
     </span>
    </p>
   </div>
   <div class='ocr_carea' id='block_1_63' title="bbox 270 3468 1153 3538">
    <p class='ocr_par' dir='ltr' id='par_1_63' title="bbox 270 3468 1153 3538">
     <span class='ocr_line' id='line_1_63' title="bbox 270 3468 1153 3538; baseline 0.006 -15"><span class='ocrx_word' id='word_1_517' title='bbox 270 3472 375 3534; x_wconf 80' lang='grc' dir='ltr'><strong>θος</strong></span> <span class='ocrx_word' id='word_1_518' title='bbox 397 3468 507 3537; x_wconf 81' lang='grc' dir='ltr'><strong>τῆς</strong></span> <span class='ocrx_word' id='word_1_519' title='bbox 536 3469 928 3538; x_wconf 79' lang='grc' dir='ltr'><strong>δικαιοσύνης</strong></span> <span class='ocrx_word' id='word_1_520' title='bbox 946 3473 1153 3528; x_wconf 81' lang='grc' dir='ltr'><strong>αὐτοῦ.</strong></span> 
     </span>
    </p>
   </div>
   <div class='ocr_carea' id='block_1_64' title="bbox 340 3558 1858 3640">
    <p class='ocr_par' dir='ltr' id='par_1_64' title="bbox 340 3558 1858 3640">
     <span class='ocr_line' id='line_1_64' title="bbox 340 3558 1858 3640; baseline 0.007 -29"><span class='ocrx_word' id='word_1_521' title='bbox 340 3558 475 3612; x_wconf 85' lang='grc' dir='ltr'><strong>Θεοῦ</strong></span> <span class='ocrx_word' id='word_1_522' title='bbox 517 3558 772 3627; x_wconf 85' lang='grc' dir='ltr'><strong>λέγοντος</strong></span> <span class='ocrx_word' id='word_1_523' title='bbox 808 3560 887 3624; x_wconf 81' lang='grc' dir='ltr'><strong>ὡς</strong></span> <span class='ocrx_word' id='word_1_524' title='bbox 917 3561 1119 3632; x_wconf 77' lang='grc' dir='ltr'><strong>ἐπέστη</strong></span> <span class='ocrx_word' id='word_1_525' title='bbox 1164 3564 1266 3635; x_wconf 83' lang='grc' dir='ltr'><strong>μὲν</strong></span> <span class='ocrx_word' id='word_1_526' title='bbox 1294 3568 1407 3631; x_wconf 79' lang='grc' dir='ltr'><strong>τοῖς</strong></span> <span class='ocrx_word' id='word_1_527' title='bbox 1435 3567 1799 3640; x_wconf 69' lang='grc' dir='ltr'><strong>ἀπειθήσασιν</strong></span> <span class='ocrx_word' id='word_1_528' title='bbox 1827 3567 1858 3621; x_wconf 89' lang='lat'><strong>6</strong></span> 
     </span>
    </p>
   </div>
   <div class='ocr_carea' id='block_1_65' title="bbox 271 3650 1856 3728">
    <p class='ocr_par' dir='ltr' id='par_1_65' title="bbox 271 3650 1856 3728">
     <span class='ocr_line' id='line_1_65' title="bbox 271 3650 1856 3728; baseline 0.006 -26"><span class='ocrx_word' id='word_1_529' title='bbox 271 3650 463 3720; x_wconf 80' lang='grc' dir='ltr'><strong>θυμὸς,</strong></span> <span class='ocrx_word' id='word_1_530' title='bbox 506 3652 857 3720; x_wconf 80' lang='grc' dir='ltr'><strong>κατεπάτησε</strong></span> <span class='ocrx_word' id='word_1_531' title='bbox 896 3652 955 3704; x_wconf 79' lang='grc' dir='ltr'><strong>δέ</strong></span> <span class='ocrx_word' id='word_1_532' title='bbox 1005 3655 1207 3718; x_wconf 75' lang='grc' dir='ltr'><strong>αὐτοὺς</strong></span> <span class='ocrx_word' id='word_1_533' title='bbox 1234 3659 1268 3726; x_wconf 84' lang='grc' dir='ltr'><strong>ἠ</strong></span> <span class='ocrx_word' id='word_1_534' title='bbox 1292 3659 1453 3728; x_wconf 84' lang='grc' dir='ltr'><strong>ὀργὴ,</strong></span> <span class='ocrx_word' id='word_1_535' title='bbox 1482 3661 1578 3714; x_wconf 72' lang='grc' dir='ltr'><strong>καὶ</strong></span> <span class='ocrx_word' id='word_1_536' title='bbox 1604 3660 1686 3713; x_wconf 83' lang='grc' dir='ltr'><strong>δτι</strong></span> <span class='ocrx_word' id='word_1_537' title='bbox 1719 3675 1856 3713; x_wconf 83' lang='grc' dir='ltr'><strong>κατ-</strong></span> 
     </span>
    </p>
   </div>
   <div class='ocr_carea' id='block_1_66' title="bbox 270 3735 1855 3819">
    <p class='ocr_par' dir='ltr' id='par_1_66' title="bbox 270 3735 1855 3819">
     <span class='ocr_line' id='line_1_66' title="bbox 270 3735 1855 3819; baseline 0.004 -24"><span class='ocrx_word' id='word_1_538' title='bbox 270 3740 538 3810; x_wconf 85' lang='grc' dir='ltr'><strong>εκομίσθη</strong></span> <span class='ocrx_word' id='word_1_539' title='bbox 569 3741 630 3792; x_wconf 81' lang='grc' dir='ltr'><strong>τὸ</strong></span> <span class='ocrx_word' id='word_1_540' title='bbox 654 3735 793 3810; x_wconf 75' lang='grc' dir='ltr'><strong>αἷμα</strong></span> <span class='ocrx_word' id='word_1_541' title='bbox 824 3740 1002 3794; x_wconf 82' lang='grc' dir='ltr'><strong>αὐτῶν</strong></span> <span class='ocrx_word' id='word_1_542' title='bbox 1028 3745 1109 3805; x_wconf 86' lang='grc' dir='ltr'><strong>είς</strong></span> <span class='ocrx_word' id='word_1_543' title='bbox 1135 3744 1258 3811; x_wconf 82' lang='grc' dir='ltr'><strong>γῆν,</strong></span> <span class='ocrx_word' id='word_1_544' title='bbox 1286 3746 1374 3798; x_wconf 82' lang='grc' dir='ltr'><strong>διά</strong></span> <span class='ocrx_word' id='word_1_545' title='bbox 1411 3749 1576 3816; x_wconf 80' lang='grc' dir='ltr'><strong>μέσου</strong></span> <span class='ocrx_word' id='word_1_546' title='bbox 1605 3749 1855 3819; x_wconf 81' lang='grc' dir='ltr'><strong>κεχώρη-</strong></span> 
     </span>
    </p>
   </div>
   <div class='ocr_carea' id='block_1_67' title="bbox 271 3831 1856 3906">
    <p class='ocr_par' dir='ltr' id='par_1_67' title="bbox 271 3831 1856 3906">
     <span class='ocr_line' id='line_1_67' title="bbox 271 3831 1856 3906; baseline 0.003 -19"><span class='ocrx_word' id='word_1_547' title='bbox 271 3850 369 3888; x_wconf 85' lang='grc' dir='ltr'><strong>κεν</strong></span> <span class='ocrx_word' id='word_1_548' title='bbox 402 3835 430 3887; x_wconf 90' lang='lat'><strong>6</strong></span> <span class='ocrx_word' id='word_1_549' title='bbox 457 3832 769 3903; x_wconf 80' lang='grc' dir='ltr'><strong>προφήτης,</strong></span> <span class='ocrx_word' id='word_1_550' title='bbox 792 3832 886 3885; x_wconf 72' lang='lat' dir='ltr'><strong>xui.</strong></span> <span class='ocrx_word' id='word_1_551' title='bbox 915 3831 1320 3900; x_wconf 83' lang='grc' dir='ltr'><strong>ἀπογινώσκειν</strong></span> <span class='ocrx_word' id='word_1_552' title='bbox 1345 3836 1445 3888; x_wconf 80' lang='grc' dir='ltr'><strong>οὐκ</strong></span> <span class='ocrx_word' id='word_1_553' title='bbox 1478 3839 1543 3906; x_wconf 77' lang='grc' dir='ltr'><strong>ἐᾷ</strong></span> <span class='ocrx_word' id='word_1_554' title='bbox 1571 3838 1699 3900; x_wconf 78' lang='grc' dir='ltr'><strong>τοὺς</strong></span> <span class='ocrx_word' id='word_1_555' title='bbox 1731 3836 1856 3892; x_wconf 76' lang='grc' dir='ltr'><strong>καθ’</strong></span> 
     </span>
    </p>
   </div>
   <div class='ocr_carea' id='block_1_68' title="bbox 269 3920 1852 3997">
    <p class='ocr_par' dir='ltr' id='par_1_68' title="bbox 269 3920 1852 3997">
     <span class='ocr_line' id='line_1_68' title="bbox 269 3920 1852 3997; baseline 0.001 -18"><span class='ocrx_word' id='word_1_556' title='bbox 269 3920 346 3979; x_wconf 79' lang='grc' dir='ltr'><strong>ὧν</strong></span> <span class='ocrx_word' id='word_1_557' title='bbox 374 3925 424 3977; x_wconf 89' lang='grc' dir='ltr'><strong>οί</strong></span> <span class='ocrx_word' id='word_1_558' title='bbox 454 3922 623 3991; x_wconf 80' lang='grc' dir='ltr'><strong>λόγοι,</strong></span> <span class='ocrx_word' id='word_1_559' title='bbox 650 3922 872 3990; x_wconf 80' lang='grc' dir='ltr'><strong>μέτεισι</strong></span> <span class='ocrx_word' id='word_1_560' title='bbox 895 3922 953 3976; x_wconf 84' lang='grc' dir='ltr'><strong>δὲ</strong></span> <span class='ocrx_word' id='word_1_561' title='bbox 980 3922 1042 3977; x_wconf 78' lang='grc' dir='ltr'><strong>τὸ</strong></span> <span class='ocrx_word' id='word_1_562' title='bbox 1063 3922 1273 3995; x_wconf 79' lang='grc' dir='ltr'><strong>χρῆμα,</strong></span> <span class='ocrx_word' id='word_1_563' title='bbox 1298 3925 1393 3977; x_wconf 79' lang='grc' dir='ltr'><strong>καὶ</strong></span> <span class='ocrx_word' id='word_1_564' title='bbox 1423 3925 1546 3980; x_wconf 81' lang='grc' dir='ltr'><strong>λίαν</strong></span> <span class='ocrx_word' id='word_1_565' title='bbox 1564 3926 1852 3997; x_wconf 79' lang='grc' dir='ltr'><strong>εὐτέχνως.</strong></span> 
     </span>
    </p>
   </div>
   <div class='ocr_carea' id='block_1_69' title="bbox 282 4012 1857 4086">
    <p class='ocr_par' dir='ltr' id='par_1_69' title="bbox 282 4012 1857 4086">
     <span class='ocr_line' id='line_1_69' title="bbox 282 4012 1857 4086; baseline 0.002 -17"><span class='ocrx_word' id='word_1_566' title='bbox 282 4012 594 4085; x_wconf 75' lang='grc' dir='ltr'><strong>Ἐμνήσθην</strong></span> <span class='ocrx_word' id='word_1_567' title='bbox 645 4012 775 4084; x_wconf 79' lang='grc' dir='ltr'><strong>γὰρ,</strong></span> <span class='ocrx_word' id='word_1_568' title='bbox 806 4014 961 4084; x_wconf 77' lang='grc' dir='ltr'><strong>φησὶ,</strong></span> <span class='ocrx_word' id='word_1_569' title='bbox 990 4016 1111 4068; x_wconf 85' lang='grc' dir='ltr'><strong>κατ’</strong></span> <span class='ocrx_word' id='word_1_570' title='bbox 1163 4013 1419 4086; x_wconf 81' lang='grc' dir='ltr'><strong>ἐμαυτὸν,</strong></span> <span class='ocrx_word' id='word_1_571' title='bbox 1470 4016 1543 4079; x_wconf 87' lang='grc' dir='ltr'><strong>ὼς</strong></span> <span class='ocrx_word' id='word_1_572' title='bbox 1577 4016 1724 4070; x_wconf 78' lang='grc' dir='ltr'><strong>ἐστιν</strong></span> <span class='ocrx_word' id='word_1_573' title='bbox 1756 4017 1857 4072; x_wconf 83' lang='grc' dir='ltr'><strong>οὐκ</strong></span> 
     </span>
    </p>
   </div>
   <div class='ocr_carea' id='block_1_70' title="bbox 269 4099 1857 4177">
    <p class='ocr_par' dir='ltr' id='par_1_70' title="bbox 269 4099 1857 4177">
     <span class='ocr_line' id='line_1_70' title="bbox 269 4099 1857 4177; baseline 0 -16"><span class='ocrx_word' id='word_1_574' title='bbox 269 4105 484 4177; x_wconf 76' lang='grc' dir='ltr'><strong>ἀπηνὴς</strong></span> <span class='ocrx_word' id='word_1_575' title='bbox 506 4102 663 4157; x_wconf 83' lang='grc' dir='ltr'><strong>ὁτῶν</strong></span> <span class='ocrx_word' id='word_1_576' title='bbox 694 4104 831 4157; x_wconf 75' lang='grc' dir='ltr'><strong>ὅλων</strong></span> <span class='ocrx_word' id='word_1_577' title='bbox 879 4103 1093 4175; x_wconf 84' lang='grc' dir='ltr'><strong>κριτής.</strong></span> <span class='ocrx_word' id='word_1_578' title='bbox 1131 4099 1260 4158; x_wconf 81' lang='grc' dir='ltr'><strong>Οἶδα</strong></span> <span class='ocrx_word' id='word_1_579' title='bbox 1303 4105 1413 4176; x_wconf 83' lang='grc' dir='ltr'><strong>γὰρ</strong></span> <span class='ocrx_word' id='word_1_580' title='bbox 1445 4106 1538 4160; x_wconf 81' lang='grc' dir='ltr'><strong>τὸν</strong></span> <span class='ocrx_word' id='word_1_581' title='bbox 1576 4105 1725 4160; x_wconf 73' lang='grc' dir='ltr'><strong>ἔλεον</strong></span> <span class='ocrx_word' id='word_1_582' title='bbox 1764 4109 1857 4161; x_wconf 79' lang='grc' dir='ltr'><strong>καὶ</strong></span> 
     </span>
    </p>
   </div>
   <div class='ocr_carea' id='block_1_71' title="bbox 268 4194 1852 4268">
    <p class='ocr_par' dir='ltr' id='par_1_71' title="bbox 268 4194 1852 4268">
     <span class='ocr_line' id='line_1_71' title="bbox 268 4194 1852 4268; baseline 0.001 -17"><span class='ocrx_word' id='word_1_583' title='bbox 268 4195 367 4260; x_wconf 82' lang='grc' dir='ltr'><strong>τὰς</strong></span> <span class='ocrx_word' id='word_1_584' title='bbox 391 4196 593 4268; x_wconf 83' lang='grc' dir='ltr'><strong>ἀρετὰς</strong></span> <span class='ocrx_word' id='word_1_585' title='bbox 606 4195 797 4263; x_wconf 78' lang='grc' dir='ltr'><strong>αὑτοῦ,</strong></span> <span class='ocrx_word' id='word_1_586' title='bbox 820 4194 1091 4259; x_wconf 82' lang='grc' dir='ltr'><strong>τουτέστι,</strong></span> <span class='ocrx_word' id='word_1_587' title='bbox 1118 4195 1219 4261; x_wconf 80' lang='grc' dir='ltr'><strong>τὰς</strong></span> <span class='ocrx_word' id='word_1_588' title='bbox 1239 4197 1559 4262; x_wconf 83' lang='grc' dir='ltr'><strong>δυναστείας</strong></span> <span class='ocrx_word' id='word_1_589' title='bbox 1578 4200 1642 4253; x_wconf 77' lang='grc' dir='ltr'><strong>ἐν</strong></span> <span class='ocrx_word' id='word_1_590' title='bbox 1667 4202 1852 4264; x_wconf 83' lang='grc' dir='ltr'><strong>πᾶσιν,</strong></span> 
     </span>
    </p>
   </div>
   <div class='ocr_carea' id='block_1_72' title="bbox 267 4284 1851 4363">
    <p class='ocr_par' dir='ltr' id='par_1_72' title="bbox 267 4284 1851 4363">
     <span class='ocr_line' id='line_1_72' title="bbox 267 4284 1851 4363; baseline 0.003 -23"><span class='ocrx_word' id='word_1_591' title='bbox 267 4284 350 4350; x_wconf 76' lang='grc' dir='ltr'><strong>οἷς</strong></span> <span class='ocrx_word' id='word_1_592' title='bbox 397 4287 822 4341; x_wconf 85' lang='grc' dir='ltr'><strong>ἀνταποδίδωσιν</strong></span> <span class='ocrx_word' id='word_1_593' title='bbox 860 4290 1010 4360; x_wconf 81' lang='grc' dir='ltr'><strong>ἡμῖν.</strong></span> <span class='ocrx_word' id='word_1_594' title='bbox 1057 4289 1121 4342; x_wconf 76' lang='lat' dir='ltr'><strong>Ei</strong></span> <span class='ocrx_word' id='word_1_595' title='bbox 1160 4290 1267 4360; x_wconf 80' lang='grc' dir='ltr'><strong>γὰρ</strong></span> <span class='ocrx_word' id='word_1_596' title='bbox 1314 4292 1409 4345; x_wconf 75' lang='grc' dir='ltr'><strong>καὶ</strong></span> <span class='ocrx_word' id='word_1_597' title='bbox 1446 4292 1851 4363; x_wconf 79' lang='grc' dir='ltr'><strong>ἀπέστραπται,</strong></span> 
     </span>
    </p>
   </div>
   <div class='ocr_carea' id='block_1_73' title="bbox 268 4377 1855 4455">
    <p class='ocr_par' dir='ltr' id='par_1_73' title="bbox 268 4377 1855 4455">
     <span class='ocr_line' id='line_1_73' title="bbox 268 4377 1855 4455; baseline 0.006 -26"><span class='ocrx_word' id='word_1_598' title='bbox 268 4378 424 4449; x_wconf 81' lang='grc' dir='ltr'><strong>φησὶ,</strong></span> <span class='ocrx_word' id='word_1_599' title='bbox 465 4379 906 4451; x_wconf 81' lang='grc' dir='ltr'><strong>πεπαρῳνηκότα</strong></span> <span class='ocrx_word' id='word_1_600' title='bbox 926 4377 1016 4434; x_wconf 81' lang='grc' dir='ltr'><strong>τὸν</strong></span> <span class='ocrx_word' id='word_1_601' title='bbox 1056 4380 1293 4452; x_wconf 79' lang='grc' dir='ltr'><strong>Ἰσραὴλ,</strong></span> <span class='ocrx_word' id='word_1_602' title='bbox 1324 4381 1428 4434; x_wconf 64' lang='grc' dir='ltr'><strong>,καὶ</strong></span> <span class='ocrx_word' id='word_1_603' title='bbox 1453 4381 1699 4436; x_wconf 83' lang='grc' dir='ltr'><strong>ἀπειθεῖν</strong></span> <span class='ocrx_word' id='word_1_604' title='bbox 1724 4385 1855 4455; x_wconf 80' lang='grc' dir='ltr'><strong>ᾑρη-</strong></span> 
     </span>
    </p>
   </div>
   <div class='ocr_carea' id='block_1_74' title="bbox 1963 3198 3550 3270">
    <p class='ocr_par' dir='ltr' id='par_1_74' title="bbox 1963 3198 3550 3270">
     <span class='ocr_line' id='line_1_74' title="bbox 1963 3198 3550 3270; baseline -0.001 -13"><span class='ocrx_word' id='word_1_605' title='bbox 1963 3203 2212 3257; x_wconf 81' lang='lat' dir='ltr'><strong>virtutum</strong></span> <span class='ocrx_word' id='word_1_606' title='bbox 2253 3200 2498 3266; x_wconf 82' lang='lat' dir='ltr'><strong>Domini,</strong></span> <span class='ocrx_word' id='word_1_607' title='bbox 2540 3200 2598 3255; x_wconf 85' lang='lat' dir='ltr'><strong>in</strong></span> <span class='ocrx_word' id='word_1_608' title='bbox 2640 3200 2881 3255; x_wconf 78' lang='lat' dir='ltr'><strong>omnibus</strong></span> <span class='ocrx_word' id='word_1_609' title='bbox 2926 3215 3045 3270; x_wconf 78' lang='lat' dir='ltr'><strong>qua:</strong></span> <span class='ocrx_word' id='word_1_610' title='bbox 3093 3199 3242 3254; x_wconf 76' lang='lat' dir='ltr'><strong>nobis</strong></span> <span class='ocrx_word' id='word_1_611' title='bbox 3284 3198 3550 3255; x_wconf 76' lang='lat' dir='ltr'><strong>retribuit.</strong></span> 
     </span>
    </p>
   </div>
   <div class='ocr_carea' id='block_1_75' title="bbox 1967 3288 3548 3362">
    <p class='ocr_par' dir='ltr' id='par_1_75' title="bbox 1967 3288 3548 3362">
     <span class='ocr_line' id='line_1_75' title="bbox 1967 3288 3548 3362; baseline -0.001 -16"><span class='ocrx_word' id='word_1_612' title='bbox 1967 3292 2222 3348; x_wconf 73' lang='lat' dir='ltr'><strong>Dominus</strong></span> <span class='ocrx_word' id='word_1_613' title='bbox 2280 3292 2452 3362; x_wconf 79' lang='lat' dir='ltr'><strong>judea:</strong></span> <span class='ocrx_word' id='word_1_614' title='bbox 2505 3291 2669 3347; x_wconf 74' lang='lat' dir='ltr'><strong>bonus</strong></span> <span class='ocrx_word' id='word_1_615' title='bbox 2701 3291 2884 3346; x_wconf 82' lang='lat' dir='ltr'><strong>domui</strong></span> <span class='ocrx_word' id='word_1_616' title='bbox 2924 3289 3100 3346; x_wconf 75' lang='lat' dir='ltr'><strong>Israel</strong></span> <span class='ocrx_word' id='word_1_617' title='bbox 3157 3292 3373 3345; x_wconf 72' lang='lat' dir='ltr'><strong>adducit</strong></span> <span class='ocrx_word' id='word_1_618' title='bbox 3401 3288 3548 3345; x_wconf 75' lang='lat' dir='ltr'><strong>nobis</strong></span> 
     </span>
    </p>
   </div>
   <div class='ocr_carea' id='block_1_76' title="bbox 1959 3381 3548 3456">
    <p class='ocr_par' dir='ltr' id='par_1_76' title="bbox 1959 3381 3548 3456">
     <span class='ocr_line' id='line_1_76' title="bbox 1959 3381 3548 3456; baseline -0.003 -16"><span class='ocrx_word' id='word_1_619' title='bbox 1959 3386 2257 3440; x_wconf 75' lang='lat' dir='ltr'><strong>secundum</strong></span> <span class='ocrx_word' id='word_1_620' title='bbox 2304 3384 2720 3440; x_wconf 77' lang='lat' dir='ltr'><strong>misericordiam</strong></span> <span class='ocrx_word' id='word_1_621' title='bbox 2788 3382 2960 3456; x_wconf 71' lang='lat'><strong>880</strong></span> <span class='ocrx_word' id='word_1_622' title='bbox 2984 3399 3160 3451; x_wconf 74' lang='lat' dir='ltr'><strong>suam,</strong></span> <span class='ocrx_word' id='word_1_623' title='bbox 3183 3394 3234 3438; x_wconf 83' lang='lat' dir='ltr'><strong>et</strong></span> <span class='ocrx_word' id='word_1_624' title='bbox 3260 3381 3548 3437; x_wconf 75' lang='lat' dir='ltr'><strong>secundum</strong></span> 
     </span>
    </p>
   </div>
   <div class='ocr_carea' id='block_1_77' title="bbox 1960 3472 2763 3543">
    <p class='ocr_par' dir='ltr' id='par_1_77' title="bbox 1960 3472 2763 3543">
     <span class='ocr_line' id='line_1_77' title="bbox 1960 3472 2763 3543; baseline 0 -16"><span class='ocrx_word' id='word_1_625' title='bbox 1960 3475 2349 3528; x_wconf 78' lang='lat' dir='ltr'><strong>multitudinem</strong></span> <span class='ocrx_word' id='word_1_626' title='bbox 2374 3472 2603 3543; x_wconf 73' lang='lat' dir='ltr'><strong>justitirc</strong></span> <span class='ocrx_word' id='word_1_627' title='bbox 2633 3487 2763 3527; x_wconf 71' lang='lat' dir='ltr'><strong>sum.</strong></span> 
     </span>
    </p>
   </div>
   <div class='ocr_carea' id='block_1_78' title="bbox 2033 3559 3550 3623">
    <p class='ocr_par' dir='ltr' id='par_1_78' title="bbox 2033 3559 3550 3623">
     <span class='ocr_line' id='line_1_78' title="bbox 2033 3559 3550 3623; baseline -0.003 -3"><span class='ocrx_word' id='word_1_628' title='bbox 2033 3565 2144 3620; x_wconf 91' lang='lat' dir='ltr'><strong>Deo</strong></span> <span class='ocrx_word' id='word_1_629' title='bbox 2190 3565 2405 3620; x_wconf 86' lang='lat' dir='ltr'><strong>dicente</strong></span> <span class='ocrx_word' id='word_1_630' title='bbox 2459 3563 2744 3618; x_wconf 82' lang='lat' dir='ltr'><strong>advenisse</strong></span> <span class='ocrx_word' id='word_1_631' title='bbox 2820 3559 3121 3617; x_wconf 87' lang='lat' dir='ltr'><strong>incredulis</strong></span> <span class='ocrx_word' id='word_1_632' title='bbox 3169 3559 3445 3623; x_wconf 80' lang='lat' dir='ltr'><strong>furorem,</strong></span> <span class='ocrx_word' id='word_1_633' title='bbox 3491 3570 3550 3615; x_wconf 87' lang='lat' dir='ltr'><strong>et</strong></span> 
     </span>
    </p>
   </div>
   <div class='ocr_carea' id='block_1_79' title="bbox 1960 3650 3553 3724">
    <p class='ocr_par' dir='ltr' id='par_1_79' title="bbox 1960 3650 3553 3724">
     <span class='ocr_line' id='line_1_79' title="bbox 1960 3650 3553 3724; baseline -0.004 -14"><span class='ocrx_word' id='word_1_634' title='bbox 1960 3656 2082 3711; x_wconf 87' lang='lat' dir='ltr'><strong>illos</strong></span> <span class='ocrx_word' id='word_1_635' title='bbox 2121 3656 2203 3710; x_wconf 88' lang='lat' dir='ltr'><strong>ira</strong></span> <span class='ocrx_word' id='word_1_636' title='bbox 2247 3654 2626 3717; x_wconf 87' lang='lat' dir='ltr'><strong>conculcatos,</strong></span> <span class='ocrx_word' id='word_1_637' title='bbox 2666 3655 3098 3724; x_wconf 84' lang='lat' dir='ltr'><strong>sanguinemque</strong></span> <span class='ocrx_word' id='word_1_638' title='bbox 3138 3666 3326 3708; x_wconf 88' lang='lat' dir='ltr'><strong>eorum</strong></span> <span class='ocrx_word' id='word_1_639' title='bbox 3372 3650 3553 3705; x_wconf 85' lang='lat' dir='ltr'><strong>dedu—</strong></span> 
     </span>
    </p>
   </div>
   <div class='ocr_carea' id='block_1_80' title="bbox 1959 3742 3552 3813">
    <p class='ocr_par' dir='ltr' id='par_1_80' title="bbox 1959 3742 3552 3813">
     <span class='ocr_line' id='line_1_80' title="bbox 1959 3742 3552 3813; baseline -0.004 -12"><span class='ocrx_word' id='word_1_640' title='bbox 1959 3757 2107 3801; x_wconf 90' lang='lat' dir='ltr'><strong>ctum</strong></span> <span class='ocrx_word' id='word_1_641' title='bbox 2141 3746 2196 3800; x_wconf 90' lang='lat' dir='ltr'><strong>in</strong></span> <span class='ocrx_word' id='word_1_642' title='bbox 2229 3755 2463 3809; x_wconf 87' lang='lat' dir='ltr'><strong>terram,</strong></span> <span class='ocrx_word' id='word_1_643' title='bbox 2498 3747 2788 3799; x_wconf 79' lang='lat' dir='ltr'><strong>intervenit</strong></span> <span class='ocrx_word' id='word_1_644' title='bbox 2823 3746 3082 3813; x_wconf 85' lang='lat' dir='ltr'><strong>propheta</strong></span> <span class='ocrx_word' id='word_1_645' title='bbox 3102 3781 3121 3807; x_wconf 91' lang='lat'><strong>,</strong></span> <span class='ocrx_word' id='word_1_646' title='bbox 3154 3757 3255 3798; x_wconf 87' lang='lat' dir='ltr'><strong>nec</strong></span> <span class='ocrx_word' id='word_1_647' title='bbox 3286 3742 3420 3796; x_wconf 86' lang='lat' dir='ltr'><strong>sinit</strong></span> <span class='ocrx_word' id='word_1_648' title='bbox 3452 3754 3552 3794; x_wconf 83' lang='lat' dir='ltr'><strong>eos</strong></span> 
     </span>
    </p>
   </div>
   <div class='ocr_carea' id='block_1_81' title="bbox 1959 3830 3541 3899">
    <p class='ocr_par' dir='ltr' id='par_1_81' title="bbox 1959 3830 3541 3899">
     <span class='ocr_line' id='line_1_81' title="bbox 1959 3830 3541 3899; baseline -0.001 -14"><span class='ocrx_word' id='word_1_649' title='bbox 1959 3833 2199 3885; x_wconf 90' lang='lat' dir='ltr'><strong>animum</strong></span> <span class='ocrx_word' id='word_1_650' title='bbox 2238 3834 2594 3899; x_wconf 83' lang='lat' dir='ltr'><strong>despondere,</strong></span> <span class='ocrx_word' id='word_1_651' title='bbox 2629 3840 2817 3885; x_wconf 85' lang='lat' dir='ltr'><strong>contra</strong></span> <span class='ocrx_word' id='word_1_652' title='bbox 2857 3847 2997 3899; x_wconf 88' lang='lat' dir='ltr'><strong>quos</strong></span> <span class='ocrx_word' id='word_1_653' title='bbox 3037 3832 3155 3884; x_wconf 68' lang='lat' dir='ltr'><strong>haec</strong></span> <span class='ocrx_word' id='word_1_654' title='bbox 3192 3832 3357 3886; x_wconf 84' lang='lat' dir='ltr'><strong>verba</strong></span> <span class='ocrx_word' id='word_1_655' title='bbox 3400 3830 3541 3886; x_wconf 81' lang='lat' dir='ltr'><strong>dicta</strong></span> 
     </span>
    </p>
   </div>
   <div class='ocr_carea' id='block_1_82' title="bbox 1960 3919 3546 3992">
    <p class='ocr_par' dir='ltr' id='par_1_82' title="bbox 1960 3919 3546 3992">
     <span class='ocr_line' id='line_1_82' title="bbox 1960 3919 3546 3992; baseline 0 -14"><span class='ocrx_word' id='word_1_656' title='bbox 1960 3931 2110 3979; x_wconf 90' lang='lat' dir='ltr'><strong>sunt.</strong></span> <span class='ocrx_word' id='word_1_657' title='bbox 2147 3919 2365 3992; x_wconf 81' lang='lat' dir='ltr'><strong>Resque</strong></span> <span class='ocrx_word' id='word_1_658' title='bbox 2402 3921 2516 3976; x_wconf 68' lang='lat' dir='ltr'><strong>haec</strong></span> <span class='ocrx_word' id='word_1_659' title='bbox 2549 3920 2708 3975; x_wconf 86' lang='lat' dir='ltr'><strong>valde</strong></span> <span class='ocrx_word' id='word_1_660' title='bbox 2746 3919 3041 3974; x_wconf 79' lang='lat' dir='ltr'><strong>artificiose</strong></span> <span class='ocrx_word' id='word_1_661' title='bbox 3080 3920 3403 3991; x_wconf 70' lang='lat' dir='ltr'><strong>interposita</strong></span> <span class='ocrx_word' id='word_1_662' title='bbox 3440 3932 3546 3985; x_wconf 77' lang='lat' dir='ltr'><strong>est.</strong></span> 
     </span>
    </p>
   </div>
   <div class='ocr_carea' id='block_1_83' title="bbox 1962 4011 3542 4082">
    <p class='ocr_par' dir='ltr' id='par_1_83' title="bbox 1962 4011 3542 4082">
     <span class='ocr_line' id='line_1_83' title="bbox 1962 4011 3542 4082; baseline 0.001 -14"><span class='ocrx_word' id='word_1_663' title='bbox 1962 4014 2296 4070; x_wconf 74' lang='lat' dir='ltr'><strong>Recordatus</strong></span> <span class='ocrx_word' id='word_1_664' title='bbox 2338 4028 2456 4069; x_wconf 91' lang='lat' dir='ltr'><strong>sum</strong></span> <span class='ocrx_word' id='word_1_665' title='bbox 2498 4011 2669 4078; x_wconf 91' lang='lat' dir='ltr'><strong>enim,</strong></span> <span class='ocrx_word' id='word_1_666' title='bbox 2705 4011 2900 4081; x_wconf 87' lang='lat' dir='ltr'><strong>inquit,</strong></span> <span class='ocrx_word' id='word_1_667' title='bbox 2937 4012 3079 4082; x_wconf 89' lang='lat' dir='ltr'><strong>apud</strong></span> <span class='ocrx_word' id='word_1_668' title='bbox 3123 4026 3235 4076; x_wconf 89' lang='lat' dir='ltr'><strong>me,</strong></span> <span class='ocrx_word' id='word_1_669' title='bbox 3272 4027 3379 4067; x_wconf 88' lang='lat' dir='ltr'><strong>non</strong></span> <span class='ocrx_word' id='word_1_670' title='bbox 3421 4028 3542 4070; x_wconf 77' lang='lat' dir='ltr'><strong>esse</strong></span> 
     </span>
    </p>
   </div>
   <div class='ocr_carea' id='block_1_84' title="bbox 1961 4101 3541 4172">
    <p class='ocr_par' dir='ltr' id='par_1_84' title="bbox 1961 4101 3541 4172">
     <span class='ocr_line' id='line_1_84' title="bbox 1961 4101 3541 4172; baseline -0.001 -13"><span class='ocrx_word' id='word_1_671' title='bbox 1961 4104 2341 4161; x_wconf 79' lang='lat' dir='ltr'><strong>inclementem</strong></span> <span class='ocrx_word' id='word_1_672' title='bbox 2385 4106 2763 4160; x_wconf 89' lang='lat' dir='ltr'><strong>universorum</strong></span> <span class='ocrx_word' id='word_1_673' title='bbox 2802 4102 3066 4158; x_wconf 81' lang='lat' dir='ltr'><strong>Judicem.</strong></span> <span class='ocrx_word' id='word_1_674' title='bbox 3102 4101 3239 4158; x_wconf 81' lang='lat' dir='ltr'><strong>Novi</strong></span> <span class='ocrx_word' id='word_1_675' title='bbox 3273 4102 3541 4172; x_wconf 85' lang='lat' dir='ltr'><strong>siquidem</strong></span> 
     </span>
    </p>
   </div>
   <div class='ocr_carea' id='block_1_85' title="bbox 1959 4194 3538 4265">
    <p class='ocr_par' dir='ltr' id='par_1_85' title="bbox 1959 4194 3538 4265">
     <span class='ocr_line' id='line_1_85' title="bbox 1959 4194 3538 4265; baseline -0.002 -12"><span class='ocrx_word' id='word_1_676' title='bbox 1959 4197 2393 4254; x_wconf 80' lang='lat' dir='ltr'><strong>misericordiam</strong></span> <span class='ocrx_word' id='word_1_677' title='bbox 2433 4205 2490 4253; x_wconf 93' lang='lat' dir='ltr'><strong>et</strong></span> <span class='ocrx_word' id='word_1_678' title='bbox 2525 4196 2757 4252; x_wconf 78' lang='lat' dir='ltr'><strong>virtutes</strong></span> <span class='ocrx_word' id='word_1_679' title='bbox 2798 4194 2940 4264; x_wconf 86' lang='lat' dir='ltr'><strong>ejus,</strong></span> <span class='ocrx_word' id='word_1_680' title='bbox 2980 4195 3033 4251; x_wconf 88' lang='lat' dir='ltr'><strong>id</strong></span> <span class='ocrx_word' id='word_1_681' title='bbox 3077 4195 3192 4259; x_wconf 77' lang='lat' dir='ltr'><strong>est,</strong></span> <span class='ocrx_word' id='word_1_682' title='bbox 3219 4195 3538 4265; x_wconf 86' lang='lat' dir='ltr'><strong>potentiam,</strong></span> 
     </span>
    </p>
   </div>
   <div class='ocr_carea' id='block_1_86' title="bbox 1961 4286 3545 4360">
    <p class='ocr_par' dir='ltr' id='par_1_86' title="bbox 1961 4286 3545 4360">
     <span class='ocr_line' id='line_1_86' title="bbox 1961 4286 3545 4360; baseline -0.003 -15"><span class='ocrx_word' id='word_1_683' title='bbox 1961 4291 2014 4345; x_wconf 92' lang='lat' dir='ltr'><strong>in</strong></span> <span class='ocrx_word' id='word_1_684' title='bbox 2048 4289 2300 4345; x_wconf 91' lang='lat' dir='ltr'><strong>omnibus</strong></span> <span class='ocrx_word' id='word_1_685' title='bbox 2331 4303 2453 4360; x_wconf 85' lang='lat' dir='ltr'><strong>quae</strong></span> <span class='ocrx_word' id='word_1_686' title='bbox 2485 4287 2644 4343; x_wconf 86' lang='lat' dir='ltr'><strong>nobis</strong></span> <span class='ocrx_word' id='word_1_687' title='bbox 2676 4288 2946 4345; x_wconf 89' lang='lat' dir='ltr'><strong>retribuit.</strong></span> <span class='ocrx_word' id='word_1_688' title='bbox 2983 4287 3094 4343; x_wconf 85' lang='lat' dir='ltr'><strong>Etsi</strong></span> <span class='ocrx_word' id='word_1_689' title='bbox 3138 4286 3305 4352; x_wconf 89' lang='lat' dir='ltr'><strong>enim,</strong></span> <span class='ocrx_word' id='word_1_690' title='bbox 3342 4287 3545 4357; x_wconf 88' lang='lat' dir='ltr'><strong>inquit,</strong></span> 
     </span>
    </p>
   </div>
   <div class='ocr_carea' id='block_1_87' title="bbox 1960 4377 3541 4435">
    <p class='ocr_par' dir='ltr' id='par_1_87' title="bbox 1960 4377 3541 4435">
     <span class='ocr_line' id='line_1_87' title="bbox 1960 4377 3541 4435; baseline 0 -2"><span class='ocrx_word' id='word_1_691' title='bbox 1960 4378 2214 4435; x_wconf 87' lang='lat' dir='ltr'><strong>lsraelem</strong></span> <span class='ocrx_word' id='word_1_692' title='bbox 2263 4379 2654 4435; x_wconf 89' lang='lat' dir='ltr'><strong>debacchatum</strong></span> <span class='ocrx_word' id='word_1_693' title='bbox 2701 4389 2756 4434; x_wconf 88' lang='lat' dir='ltr'><strong>et</strong></span> <span class='ocrx_word' id='word_1_694' title='bbox 2806 4377 3210 4434; x_wconf 80' lang='lat' dir='ltr'><strong>inobedientem</strong></span> <span class='ocrx_word' id='word_1_695' title='bbox 3259 4387 3541 4433; x_wconf 81' lang='lat' dir='ltr'><strong>aversatus</strong></span> 
     </span>
    </p>
   </div>
   <div class='ocr_carea' id='block_1_88' title="bbox 271 4458 1859 4548">
    <p class='ocr_par' dir='ltr' id='par_1_88' title="bbox 271 4465 1854 4548">
     <span class='ocr_line' id='line_1_88' title="bbox 271 4465 1854 4548; baseline 0.008 -29"><span class='ocrx_word' id='word_1_696' title='bbox 271 4467 451 4538; x_wconf 88' lang='grc' dir='ltr'><strong>μένον,</strong></span> <span class='ocrx_word' id='word_1_697' title='bbox 485 4469 579 4522; x_wconf 63' lang='grc' dir='ltr'><strong>καὶ⁵</strong></span> <span class='ocrx_word' id='word_1_698' title='bbox 622 4465 735 4523; x_wconf 76' lang='grc' dir='ltr'><strong>οἷον</strong></span> <span class='ocrx_word' id='word_1_699' title='bbox 774 4470 1198 4525; x_wconf 83' lang='grc' dir='ltr'><strong>ἀνταποδίδωσιν</strong></span> <span class='ocrx_word' id='word_1_700' title='bbox 1236 4473 1368 4543; x_wconf 78' lang='grc' dir='ltr'><strong>ἡμῖν</strong></span> <span class='ocrx_word' id='word_1_701' title='bbox 1420 4472 1493 4527; x_wconf 89' lang='grc' dir='ltr'><strong>τά</strong></span> <span class='ocrx_word' id='word_1_702' title='bbox 1539 4474 1600 4539; x_wconf 79' lang='grc' dir='ltr'><strong>ἐξ</strong></span> <span class='ocrx_word' id='word_1_703' title='bbox 1661 4476 1854 4548; x_wconf 81' lang='grc' dir='ltr'><strong>ὀργῆς,</strong></span> 
     </span>
    </p>
   </div>
   <div class='ocr_carea' id='block_1_89' title="bbox 1960 4458 3544 4548">
    <p class='ocr_par' dir='ltr' id='par_1_89' title="bbox 1961 4467 3544 4539">
     <span class='ocr_line' id='line_1_89' title="bbox 1961 4467 3544 4539; baseline -0.002 -14"><span class='ocrx_word' id='word_1_704' title='bbox 1961 4471 2052 4534; x_wconf 88' lang='lat' dir='ltr'><strong>sit,</strong></span> <span class='ocrx_word' id='word_1_705' title='bbox 2078 4478 2133 4525; x_wconf 93' lang='lat' dir='ltr'><strong>et</strong></span> <span class='ocrx_word' id='word_1_706' title='bbox 2159 4470 2303 4527; x_wconf 84' lang='lat' dir='ltr'><strong>velut</strong></span> <span class='ocrx_word' id='word_1_707' title='bbox 2334 4468 2584 4526; x_wconf 88' lang='lat' dir='ltr'><strong>retribuit</strong></span> <span class='ocrx_word' id='word_1_708' title='bbox 2614 4468 2770 4525; x_wconf 86' lang='lat' dir='ltr'><strong>nobis</strong></span> <span class='ocrx_word' id='word_1_709' title='bbox 2801 4467 2959 4533; x_wconf 85' lang='lat' dir='ltr'><strong>iram,</strong></span> <span class='ocrx_word' id='word_1_710' title='bbox 2988 4483 3095 4523; x_wconf 86' lang='lat' dir='ltr'><strong>non</strong></span> <span class='ocrx_word' id='word_1_711' title='bbox 3122 4468 3342 4539; x_wconf 90' lang='lat' dir='ltr'><strong>quidem</strong></span> <span class='ocrx_word' id='word_1_712' title='bbox 3370 4468 3544 4538; x_wconf 88' lang='lat' dir='ltr'><strong>impo-</strong></span> 
     </span>
    </p>
   </div>
   <div class='ocr_carea' id='block_1_90' title="bbox 267 4559 1853 4637">
    <p class='ocr_par' dir='ltr' id='par_1_90' title="bbox 267 4559 1853 4637">
     <span class='ocr_line' id='line_1_90' title="bbox 267 4559 1853 4637; baseline 0.008 -27"><span class='ocrx_word' id='word_1_713' title='bbox 267 4559 367 4611; x_wconf 82' lang='grc' dir='ltr'><strong>οὐκ</strong></span> <span class='ocrx_word' id='word_1_714' title='bbox 399 4560 641 4630; x_wconf 87' lang='grc' dir='ltr'><strong>ἀκράτου</strong></span> <span class='ocrx_word' id='word_1_715' title='bbox 672 4561 892 4630; x_wconf 79' lang='grc' dir='ltr'><strong>μᾶλλον,</strong></span> <span class='ocrx_word' id='word_1_716' title='bbox 934 4562 1050 4616; x_wconf 83' lang='grc' dir='ltr'><strong>ἀλλ’</strong></span> <span class='ocrx_word' id='word_1_717' title='bbox 1077 4563 1382 4634; x_wconf 83' lang='grc' dir='ltr'><strong>ἠμερότητι</strong></span> <span class='ocrx_word' id='word_1_718' title='bbox 1414 4567 1853 4637; x_wconf 83' lang='grc' dir='ltr'><strong>κεκρατημένης,</strong></span> 
     </span>
    </p>
   </div>
   <div class='ocr_carea' id='block_1_91' title="bbox 267 4648 1853 4727">
    <p class='ocr_par' dir='ltr' id='par_1_91' title="bbox 267 4648 1853 4727">
     <span class='ocr_line' id='line_1_91' title="bbox 267 4648 1853 4727; baseline 0.003 -20"><span class='ocrx_word' id='word_1_719' title='bbox 267 4652 382 4707; x_wconf 81' lang='grc' dir='ltr'><strong>ἀλλ’</strong></span> <span class='ocrx_word' id='word_1_720' title='bbox 417 4648 512 4705; x_wconf 80' lang='grc' dir='ltr'><strong>οῦν</strong></span> <span class='ocrx_word' id='word_1_721' title='bbox 555 4649 615 4706; x_wconf 83' lang='grc' dir='ltr'><strong>εὖ</strong></span> <span class='ocrx_word' id='word_1_722' title='bbox 654 4655 949 4726; x_wconf 83' lang='grc' dir='ltr'><strong>ἐπίσταμαι</strong></span> <span class='ocrx_word' id='word_1_723' title='bbox 988 4655 1088 4719; x_wconf 87' lang='grc' dir='ltr'><strong>τάς</strong></span> <span class='ocrx_word' id='word_1_724' title='bbox 1121 4657 1324 4727; x_wconf 85' lang='grc' dir='ltr'><strong>ἀρετάς</strong></span> <span class='ocrx_word' id='word_1_725' title='bbox 1359 4657 1548 4722; x_wconf 83' lang='grc' dir='ltr'><strong>αὐτοῦ,</strong></span> <span class='ocrx_word' id='word_1_726' title='bbox 1585 4660 1853 4727; x_wconf 84' lang='grc' dir='ltr'><strong>τουτέστι,</strong></span> 
     </span>
    </p>
   </div>
   <div class='ocr_carea' id='block_1_92' title="bbox 265 4743 1853 4824">
    <p class='ocr_par' dir='ltr' id='par_1_92' title="bbox 265 4743 1853 4824">
     <span class='ocr_line' id='line_1_92' title="bbox 265 4743 1853 4824; baseline 0.002 -24"><span class='ocrx_word' id='word_1_727' title='bbox 265 4746 364 4810; x_wconf 87' lang='grc' dir='ltr'><strong>τάς</strong></span> <span class='ocrx_word' id='word_1_728' title='bbox 408 4743 726 4807; x_wconf 87' lang='grc' dir='ltr'><strong>δυναστείας</strong></span> <span class='ocrx_word' id='word_1_729' title='bbox 771 4747 1142 4816; x_wconf 85' lang='grc' dir='ltr'><strong>γεγενημένας</strong></span> <span class='ocrx_word' id='word_1_730' title='bbox 1207 4747 1350 4801; x_wconf 84' lang='grc' dir='ltr'><strong>κατὰ</strong></span> <span class='ocrx_word' id='word_1_731' title='bbox 1390 4749 1617 4820; x_wconf 84' lang='grc' dir='ltr'><strong>καιροὺς</strong></span> <span class='ocrx_word' id='word_1_732' title='bbox 1657 4750 1750 4805; x_wconf 74' lang='grc' dir='ltr'><strong>ἐπὶ</strong></span> <span class='ocrx_word' id='word_1_733' title='bbox 1785 4752 1853 4824; x_wconf 78' lang='grc' dir='ltr'><strong>τῇ</strong></span> 
     </span>
    </p>
   </div>
   <div class='ocr_carea' id='block_1_93' title="bbox 266 4835 1853 4910">
    <p class='ocr_par' dir='ltr' id='par_1_93' title="bbox 266 4835 1853 4910">
     <span class='ocr_line' id='line_1_93' title="bbox 266 4835 1853 4910; baseline 0.003 -20"><span class='ocrx_word' id='word_1_734' title='bbox 266 4835 534 4909; x_wconf 85' lang='grc' dir='ltr'><strong>λυτρώσει</strong></span> <span class='ocrx_word' id='word_1_735' title='bbox 599 4835 693 4889; x_wconf 90' lang='grc' dir='ltr'><strong>τοῦ</strong></span> <span class='ocrx_word' id='word_1_736' title='bbox 769 4837 1005 4907; x_wconf 83' lang='grc' dir='ltr'><strong>Ἰσραήλ.</strong></span> <span class='ocrx_word' id='word_1_737' title='bbox 1076 4856 1094 4888; x_wconf 77' lang='grc' dir='ltr'><strong>ι</strong></span> <span class='ocrx_word' id='word_1_738' title='bbox 1124 4838 1317 4893; x_wconf 74' lang='grc' dir='ltr'><strong>Ἔσται</strong></span> <span class='ocrx_word' id='word_1_739' title='bbox 1356 4838 1599 4904; x_wconf 80' lang='grc' dir='ltr'><strong>τοίνυν,›</strong></span> <span class='ocrx_word' id='word_1_740' title='bbox 1666 4842 1853 4910; x_wconf 76' lang='grc' dir='ltr'><strong>φησὶν,</strong></span> 
     </span>
    </p>
   </div>
   <div class='ocr_carea' id='block_1_94' title="bbox 272 4912 1853 5005">
    <p class='ocr_par' dir='ltr' id='par_1_94' title="bbox 272 4912 1853 5005">
     <span class='ocr_line' id='line_1_94' title="bbox 272 4912 1853 5005; baseline 0.004 -25"><span class='ocrx_word' id='word_1_741' title='bbox 272 4949 290 4980; x_wconf 74' lang='grc' dir='ltr'><strong>ι</strong></span> <span class='ocrx_word' id='word_1_742' title='bbox 317 4933 346 4983; x_wconf 91' lang='grc' dir='ltr'>ὁ</span> <span class='ocrx_word' id='word_1_743' title='bbox 392 4928 598 4999; x_wconf 83' lang='grc' dir='ltr'><strong>Κύριος</strong></span> <span class='ocrx_word' id='word_1_744' title='bbox 650 4929 845 5000; x_wconf 77' lang='grc' dir='ltr'><strong>κριτὴς</strong></span> <span class='ocrx_word' id='word_1_745' title='bbox 882 4929 1085 4997; x_wconf 74' lang='grc' dir='ltr'><strong>ἀγαθὸς</strong></span> <span class='ocrx_word' id='word_1_746' title='bbox 1110 4929 1187 4999; x_wconf 83' lang='grc' dir='ltr'><strong>τῷ</strong></span> <span class='ocrx_word' id='word_1_747' title='bbox 1235 4929 1371 5002; x_wconf 72' lang='grc' dir='ltr'><strong>οἴκῳ</strong></span> <span class='ocrx_word' id='word_1_748' title='bbox 1409 4932 1647 5005; x_wconf 81' lang='grc' dir='ltr'><strong>Ἰσραὴλ,</strong></span> <span class='ocrx_word' id='word_1_749' title='bbox 1751 4934 1853 4986; x_wconf 79' lang='grc' dir='ltr'><strong>οὐκ</strong></span> 
     </span>
    </p>
   </div>
   <div class='ocr_carea' id='block_1_95' title="bbox 265 5019 1858 5095">
    <p class='ocr_par' dir='ltr' id='par_1_95' title="bbox 265 5019 1858 5095">
     <span class='ocr_line' id='line_1_95' title="bbox 265 5019 1858 5095; baseline 0.002 -21"><span class='ocrx_word' id='word_1_750' title='bbox 265 5020 499 5092; x_wconf 77' lang='grc' dir='ltr'><strong>ἀκριϐὴς</strong></span> <span class='ocrx_word' id='word_1_751' title='bbox 531 5019 749 5090; x_wconf 80' lang='grc' dir='ltr'><strong>μᾶλλον,</strong></span> <span class='ocrx_word' id='word_1_752' title='bbox 790 5019 929 5073; x_wconf 82' lang='grc' dir='ltr'><strong>ἀλλά</strong></span> <span class='ocrx_word' id='word_1_753' title='bbox 948 5020 1202 5092; x_wconf 72' lang='grc' dir='ltr'><strong>χρηστὸς,</strong></span> <span class='ocrx_word' id='word_1_754' title='bbox 1236 5023 1405 5095; x_wconf 81' lang='grc' dir='ltr'><strong>ἤγουν</strong></span> <span class='ocrx_word' id='word_1_755' title='bbox 1429 5023 1652 5091; x_wconf 85' lang='grc' dir='ltr'><strong>ἀγαθός.</strong></span> <span class='ocrx_word' id='word_1_756' title='bbox 1693 5025 1858 5077; x_wconf 85' lang='grc' dir='ltr'><strong>Δικα-</strong></span> 
     </span>
    </p>
   </div>
   <div class='ocr_carea' id='block_1_96' title="bbox 269 5108 1858 5182">
    <p class='ocr_par' dir='ltr' id='par_1_96' title="bbox 269 5108 1858 5182">
     <span class='ocr_line' id='line_1_96' title="bbox 269 5108 1858 5182; baseline 0.003 -19"><span class='ocrx_word' id='word_1_757' title='bbox 269 5109 396 5163; x_wconf 83' lang='grc' dir='ltr'><strong>στοῦ</strong></span> <span class='ocrx_word' id='word_1_758' title='bbox 447 5111 545 5181; x_wconf 82' lang='grc' dir='ltr'><strong>μὲν</strong></span> <span class='ocrx_word' id='word_1_759' title='bbox 586 5108 696 5180; x_wconf 89' lang='grc' dir='ltr'><strong>γάρ</strong></span> <span class='ocrx_word' id='word_1_760' title='bbox 734 5109 996 5180; x_wconf 70' lang='grc' dir='ltr'><strong>ἀκριϐοῦς</strong></span> <span class='ocrx_word' id='word_1_761' title='bbox 1031 5110 1192 5182; x_wconf 78' lang='grc' dir='ltr'><strong>ἔργον</strong></span> <span class='ocrx_word' id='word_1_762' title='bbox 1225 5112 1291 5165; x_wconf 83' lang='grc' dir='ltr'><strong>ἂν</strong></span> <span class='ocrx_word' id='word_1_763' title='bbox 1317 5114 1545 5182; x_wconf 90' lang='grc' dir='ltr'><strong>γένοιτο,</strong></span> <span class='ocrx_word' id='word_1_764' title='bbox 1584 5114 1645 5168; x_wconf 79' lang='grc' dir='ltr'><strong>τὸ</strong></span> <span class='ocrx_word' id='word_1_765' title='bbox 1698 5114 1858 5179; x_wconf 86' lang='grc' dir='ltr'><strong>δίκας</strong></span> 
     </span>
    </p>
   </div>
   <div class='ocr_carea' id='block_1_97' title="bbox 264 5205 1857 5283">
    <p class='ocr_par' dir='ltr' id='par_1_97' title="bbox 264 5205 1857 5283">
     <span class='ocr_line' id='line_1_97' title="bbox 264 5205 1857 5283; baseline 0.001 -25"><span class='ocrx_word' id='word_1_766' title='bbox 264 5209 437 5259; x_wconf 82' lang='grc' dir='ltr'><strong>αἰτεῖν</strong></span> <span class='ocrx_word' id='word_1_767' title='bbox 500 5206 627 5268; x_wconf 74' lang='grc' dir='ltr'><strong>τοὺς</strong></span> <span class='ocrx_word' id='word_1_768' title='bbox 679 5205 1070 5277; x_wconf 76' lang='grc' dir='ltr'><strong>ἡμαρτηκότας</strong></span> <span class='ocrx_word' id='word_1_769' title='bbox 1117 5206 1394 5277; x_wconf 84' lang='grc' dir='ltr'><strong>ἀναλόγως</strong></span> <span class='ocrx_word' id='word_1_770' title='bbox 1448 5208 1679 5278; x_wconf 78' lang='grc' dir='ltr'><strong>ἐχούσας</strong></span> <span class='ocrx_word' id='word_1_771' title='bbox 1742 5210 1857 5283; x_wconf 83' lang='grc' dir='ltr'><strong>τοῖς</strong></span> 
     </span>
    </p>
   </div>
   <div class='ocr_carea' id='block_1_98' title="bbox 265 5296 1855 5369">
    <p class='ocr_par' dir='ltr' id='par_1_98' title="bbox 265 5296 1855 5369">
     <span class='ocr_line' id='line_1_98' title="bbox 265 5296 1855 5369; baseline 0.002 -16"><span class='ocrx_word' id='word_1_772' title='bbox 265 5298 605 5367; x_wconf 76' lang='grc' dir='ltr'><strong>αἰτιάμασινο</strong></span> <span class='ocrx_word' id='word_1_773' title='bbox 630 5296 834 5365; x_wconf 83' lang='grc' dir='ltr'><strong>ἀγαθοῦ</strong></span> <span class='ocrx_word' id='word_1_774' title='bbox 853 5312 916 5365; x_wconf 88' lang='grc' dir='ltr'><strong>γε</strong></span> <span class='ocrx_word' id='word_1_775' title='bbox 950 5296 1079 5367; x_wconf 83' lang='grc' dir='ltr'><strong>μὴν,</strong></span> <span class='ocrx_word' id='word_1_776' title='bbox 1102 5298 1164 5350; x_wconf 84' lang='grc' dir='ltr'><strong>τὸ</strong></span> <span class='ocrx_word' id='word_1_777' title='bbox 1182 5297 1352 5351; x_wconf 78' lang='grc' dir='ltr'><strong>ἐλεεῖν</strong></span> <span class='ocrx_word' id='word_1_778' title='bbox 1374 5299 1855 5369; x_wconf 75' lang='grc' dir='ltr'><strong>ὼςὴσθενηκότας.</strong></span> 
     </span>
    </p>
   </div>
   <div class='ocr_carea' id='block_1_99' title="bbox 264 5387 1857 5464">
    <p class='ocr_par' dir='ltr' id='par_1_99' title="bbox 264 5387 1857 5464">
     <span class='ocr_line' id='line_1_99' title="bbox 264 5387 1857 5464; baseline 0.003 -22"><span class='ocrx_word' id='word_1_779' title='bbox 264 5387 475 5442; x_wconf 73' lang='grc' dir='ltr'><strong>Οὐκοῦν</strong></span> <span class='ocrx_word' id='word_1_780' title='bbox 512 5387 810 5460; x_wconf 83' lang='grc' dir='ltr'><strong>ἐπειδήπερ</strong></span> <span class='ocrx_word' id='word_1_781' title='bbox 831 5389 1027 5459; x_wconf 77' lang='grc' dir='ltr'><strong>κριτὴς</strong></span> <span class='ocrx_word' id='word_1_782' title='bbox 1062 5389 1288 5458; x_wconf 79' lang='grc' dir='ltr'><strong>ἀγαθὸς,</strong></span> <span class='ocrx_word' id='word_1_783' title='bbox 1323 5392 1519 5459; x_wconf 82' lang='grc' dir='ltr'><strong>ἐπάγει</strong></span> <span class='ocrx_word' id='word_1_784' title='bbox 1554 5393 1688 5464; x_wconf 78' lang='grc' dir='ltr'><strong>ἡμῖν</strong></span> <span class='ocrx_word' id='word_1_785' title='bbox 1714 5388 1857 5447; x_wconf 85' lang='grc' dir='ltr'><strong>κατά</strong></span> 
     </span>
    </p>
   </div>
   <div class='ocr_carea' id='block_1_100' title="bbox 264 5477 1853 5554">
    <p class='ocr_par' dir='ltr' id='par_1_100' title="bbox 264 5477 1853 5554">
     <span class='ocr_line' id='line_1_100' title="bbox 264 5477 1853 5554; baseline 0.004 -23"><span class='ocrx_word' id='word_1_786' title='bbox 264 5479 324 5531; x_wconf 80' lang='grc' dir='ltr'><strong>τὸ</strong></span> <span class='ocrx_word' id='word_1_787' title='bbox 353 5477 499 5541; x_wconf 76' lang='grc' dir='ltr'><strong>ἔλεος</strong></span> <span class='ocrx_word' id='word_1_788' title='bbox 523 5477 714 5542; x_wconf 79' lang='grc' dir='ltr'><strong>αὑτοῦ,</strong></span> <span class='ocrx_word' id='word_1_789' title='bbox 744 5479 1016 5544; x_wconf 87' lang='grc' dir='ltr'><strong>τουτέστι,</strong></span> <span class='ocrx_word' id='word_1_790' title='bbox 1051 5481 1432 5552; x_wconf 84' lang='grc' dir='ltr'><strong>συμμετρήσει</strong></span> <span class='ocrx_word' id='word_1_791' title='bbox 1470 5480 1540 5535; x_wconf 88' lang='grc' dir='ltr'><strong>τά</strong></span> <span class='ocrx_word' id='word_1_792' title='bbox 1569 5481 1628 5547; x_wconf 80' lang='grc' dir='ltr'><strong>ἐξ</strong></span> <span class='ocrx_word' id='word_1_793' title='bbox 1663 5483 1853 5554; x_wconf 82' lang='grc' dir='ltr'><strong>ὀργῆς,</strong></span> 
     </span>
    </p>
   </div>
   <div class='ocr_carea' id='block_1_101' title="bbox 265 5568 1854 5645">
    <p class='ocr_par' dir='ltr' id='par_1_101' title="bbox 265 5568 1854 5645">
     <span class='ocr_line' id='line_1_101' title="bbox 265 5568 1854 5645; baseline 0.002 -20"><span class='ocrx_word' id='word_1_794' title='bbox 265 5572 360 5625; x_wconf 74' lang='grc' dir='ltr'><strong>καὶ</strong></span> <span class='ocrx_word' id='word_1_795' title='bbox 407 5569 611 5641; x_wconf 74' lang='grc' dir='ltr'><strong>ἀναμὶξ</strong></span> <span class='ocrx_word' id='word_1_796' title='bbox 645 5568 779 5640; x_wconf 83' lang='grc' dir='ltr'><strong>ἐλέῳ</strong></span> <span class='ocrx_word' id='word_1_797' title='bbox 810 5571 1028 5642; x_wconf 77' lang='grc' dir='ltr'><strong>ποιήσει</strong></span> <span class='ocrx_word' id='word_1_798' title='bbox 1066 5571 1167 5641; x_wconf 76' lang='grc' dir='ltr'><strong>τὴν</strong></span> <span class='ocrx_word' id='word_1_799' title='bbox 1198 5572 1589 5645; x_wconf 78' lang='grc' dir='ltr'><strong>ἀγανάκτησιν.</strong></span> <span class='ocrx_word' id='word_1_800' title='bbox 1642 5573 1854 5644; x_wconf 83' lang='grc' dir='ltr'><strong>Πλῆθος</strong></span> 
     </span>
    </p>
   </div>
   <div class='ocr_carea' id='block_1_102' title="bbox 341 5742 1331 5816">
    <p class='ocr_par' dir='ltr' id='par_1_102' title="bbox 341 5742 1331 5816">
     <span class='ocr_line' id='line_1_102' title="bbox 341 5742 1331 5816; baseline 0.005 -16"><span class='ocrx_word' id='word_1_801' title='bbox 341 5742 382 5772; x_wconf 75' lang='grc'><strong>’⁸⁵</strong></span> <span class='ocrx_word' id='word_1_802' title='bbox 416 5743 572 5800; x_wconf 80' lang='lat' dir='ltr'><strong>Joau.</strong></span> <span class='ocrx_word' id='word_1_803' title='bbox 604 5761 682 5809; x_wconf 81' lang='lat' dir='ltr'><strong>Ix,</strong></span> <span class='ocrx_word' id='word_1_804' title='bbox 716 5746 809 5801; x_wconf 70' lang='lat'><strong>29.</strong></span> <span class='ocrx_word' id='word_1_805' title='bbox 888 5748 929 5777; x_wconf 80' lang='lat'>&quot;</span> <span class='ocrx_word' id='word_1_806' title='bbox 960 5746 1118 5802; x_wconf 81' lang='lat' dir='ltr'><strong>Joan.</strong></span> <span class='ocrx_word' id='word_1_807' title='bbox 1155 5765 1212 5816; x_wconf 71' lang='grc' dir='ltr'><strong>κ,</strong></span> <span class='ocrx_word' id='word_1_808' title='bbox 1237 5750 1331 5806; x_wconf 64' lang='grc' dir='ltr'><strong>ἳθ.</strong></span> 
     </span>
    </p>
   </div>
   <div class='ocr_carea' id='block_1_103' title="bbox 536 5841 1195 5903">
    <p class='ocr_par' dir='ltr' id='par_1_103' title="bbox 536 5841 1195 5903">
     <span class='ocr_line' id='line_1_103' title="bbox 536 5841 1195 5903; baseline 0.005 -4"><span class='ocrx_word' id='word_1_809' title='bbox 536 5841 806 5900; x_wconf 72' lang='grc' dir='ltr'><strong>ΡΑτῐιυιη</strong></span> <span class='ocrx_word' id='word_1_810' title='bbox 855 5841 972 5901; x_wconf 71' lang='lat' dir='ltr'><strong>(in.</strong></span> <span class='ocrx_word' id='word_1_811' title='bbox 1019 5842 1195 5903; x_wconf 76' lang='lat' dir='ltr'><strong>LXX.</strong></span> 
     </span>
    </p>
   </div>
   <div class='ocr_carea' id='block_1_104' title="bbox 1958 4559 3533 4631">
    <p class='ocr_par' dir='ltr' id='par_1_104' title="bbox 1958 4559 3533 4631">
     <span class='ocr_line' id='line_1_104' title="bbox 1958 4559 3533 4631; baseline -0.001 -15"><span class='ocrx_word' id='word_1_812' title='bbox 1958 4570 2159 4617; x_wconf 89' lang='lat' dir='ltr'><strong>tentem</strong></span> <span class='ocrx_word' id='word_1_813' title='bbox 2184 4570 2239 4618; x_wconf 91' lang='lat' dir='ltr'><strong>et</strong></span> <span class='ocrx_word' id='word_1_814' title='bbox 2266 4562 2697 4626; x_wconf 86' lang='lat' dir='ltr'><strong>immoderatam,</strong></span> <span class='ocrx_word' id='word_1_815' title='bbox 2723 4559 2817 4617; x_wconf 82' lang='lat' dir='ltr'><strong>sed</strong></span> <span class='ocrx_word' id='word_1_816' title='bbox 2843 4560 3129 4616; x_wconf 89' lang='lat' dir='ltr'><strong>clementia</strong></span> <span class='ocrx_word' id='word_1_817' title='bbox 3158 4567 3533 4631; x_wconf 84' lang='lat' dir='ltr'><strong>temperatam,</strong></span> 
     </span>
    </p>
   </div>
   <div class='ocr_carea' id='block_1_105' title="bbox 1958 4644 3543 4722">
    <p class='ocr_par' dir='ltr' id='par_1_105' title="bbox 1958 4644 3543 4722">
     <span class='ocr_line' id='line_1_105' title="bbox 1958 4644 3543 4722; baseline -0.006 -10"><span class='ocrx_word' id='word_1_818' title='bbox 1958 4656 2074 4712; x_wconf 89' lang='lat' dir='ltr'><strong>scio</strong></span> <span class='ocrx_word' id='word_1_819' title='bbox 2117 4664 2297 4711; x_wconf 89' lang='lat' dir='ltr'><strong>tamen</strong></span> <span class='ocrx_word' id='word_1_820' title='bbox 2338 4644 2566 4710; x_wconf 65' lang='lat' dir='ltr'><strong>virtutes</strong></span> <span class='ocrx_word' id='word_1_821' title='bbox 2606 4652 2748 4722; x_wconf 84' lang='lat' dir='ltr'><strong>ejus,</strong></span> <span class='ocrx_word' id='word_1_822' title='bbox 2792 4653 2844 4708; x_wconf 87' lang='lat' dir='ltr'><strong>id</strong></span> <span class='ocrx_word' id='word_1_823' title='bbox 2887 4660 2992 4719; x_wconf 89' lang='lat' dir='ltr'><strong>est,</strong></span> <span class='ocrx_word' id='word_1_824' title='bbox 3037 4652 3335 4722; x_wconf 86' lang='lat' dir='ltr'><strong>potentiam</strong></span> <span class='ocrx_word' id='word_1_825' title='bbox 3372 4651 3543 4704; x_wconf 79' lang='lat' dir='ltr'><strong>variis</strong></span> 
     </span>
    </p>
   </div>
   <div class='ocr_carea' id='block_1_106' title="bbox 1958 4743 3542 4818">
    <p class='ocr_par' dir='ltr' id='par_1_106' title="bbox 1958 4743 3542 4818">
     <span class='ocr_line' id='line_1_106' title="bbox 1958 4743 3542 4818; baseline -0.004 -16"><span class='ocrx_word' id='word_1_826' title='bbox 1958 4746 2294 4818; x_wconf 86' lang='lat' dir='ltr'><strong>temporibus</strong></span> <span class='ocrx_word' id='word_1_827' title='bbox 2329 4749 2382 4803; x_wconf 89' lang='lat' dir='ltr'><strong>in</strong></span> <span class='ocrx_word' id='word_1_828' title='bbox 2417 4746 2738 4803; x_wconf 87' lang='lat' dir='ltr'><strong>liberatione</strong></span> <span class='ocrx_word' id='word_1_829' title='bbox 2767 4746 2982 4802; x_wconf 83' lang='lat' dir='ltr'><strong>lsraelis</strong></span> <span class='ocrx_word' id='word_1_830' title='bbox 3011 4745 3330 4800; x_wconf 79' lang='lat' dir='ltr'><strong>exhibitam.</strong></span> <span class='ocrx_word' id='word_1_831' title='bbox 3369 4761 3390 4796; x_wconf 78' lang='grc' dir='ltr'><strong>ι</strong></span> <span class='ocrx_word' id='word_1_832' title='bbox 3427 4743 3542 4798; x_wconf 84' lang='lat' dir='ltr'><strong>Erit</strong></span> 
     </span>
    </p>
   </div>
   <div class='ocr_carea' id='block_1_107' title="bbox 1959 4833 3544 4910">
    <p class='ocr_par' dir='ltr' id='par_1_107' title="bbox 1959 4833 3544 4910">
     <span class='ocr_line' id='line_1_107' title="bbox 1959 4833 3544 4910; baseline -0.004 -16"><span class='ocrx_word' id='word_1_833' title='bbox 1959 4839 2167 4909; x_wconf 80' lang='lat' dir='ltr'><strong>itaque,</strong></span> <span class='ocrx_word' id='word_1_834' title='bbox 2204 4857 2224 4891; x_wconf 76' lang='grc' dir='ltr'><strong>ι</strong></span> <span class='ocrx_word' id='word_1_835' title='bbox 2260 4839 2457 4910; x_wconf 85' lang='lat' dir='ltr'><strong>inquit,</strong></span> <span class='ocrx_word' id='word_1_836' title='bbox 2494 4857 2514 4890; x_wconf 78' lang='grc' dir='ltr'><strong>ι</strong></span> <span class='ocrx_word' id='word_1_837' title='bbox 2553 4836 2816 4893; x_wconf 90' lang='lat' dir='ltr'><strong>Dominus</strong></span> <span class='ocrx_word' id='word_1_838' title='bbox 2837 4838 3008 4908; x_wconf 79' lang='lat' dir='ltr'><strong>judex</strong></span> <span class='ocrx_word' id='word_1_839' title='bbox 3043 4837 3222 4893; x_wconf 87' lang='lat' dir='ltr'><strong>bonus</strong></span> <span class='ocrx_word' id='word_1_840' title='bbox 3250 4834 3431 4891; x_wconf 88' lang='lat' dir='ltr'><strong>domui</strong></span> <span class='ocrx_word' id='word_1_841' title='bbox 3462 4833 3544 4889; x_wconf 77' lang='lat' dir='ltr'><strong>ls-</strong></span> 
     </span>
    </p>
   </div>
   <div class='ocr_carea' id='block_1_108' title="bbox 1958 4925 3542 5000">
    <p class='ocr_par' dir='ltr' id='par_1_108' title="bbox 1958 4925 3542 5000">
     <span class='ocr_line' id='line_1_108' title="bbox 1958 4925 3542 5000; baseline -0.003 -15"><span class='ocrx_word' id='word_1_842' title='bbox 1958 4931 2093 4996; x_wconf 86' lang='lat' dir='ltr'><strong>rael,</strong></span> <span class='ocrx_word' id='word_1_843' title='bbox 2135 4950 2154 4984; x_wconf 84' lang='grc'><strong>›</strong></span> <span class='ocrx_word' id='word_1_844' title='bbox 2192 4946 2303 4986; x_wconf 89' lang='lat' dir='ltr'><strong>non</strong></span> <span class='ocrx_word' id='word_1_845' title='bbox 2337 4944 2586 4997; x_wconf 82' lang='lat' dir='ltr'><strong>severus,</strong></span> <span class='ocrx_word' id='word_1_846' title='bbox 2623 4941 2681 4984; x_wconf 86' lang='lat' dir='ltr'><strong>at</strong></span> <span class='ocrx_word' id='word_1_847' title='bbox 2712 4931 2981 5000; x_wconf 79' lang='lat' dir='ltr'><strong>benignus</strong></span> <span class='ocrx_word' id='word_1_848' title='bbox 3013 4938 3068 4984; x_wconf 88' lang='lat' dir='ltr'><strong>et</strong></span> <span class='ocrx_word' id='word_1_849' title='bbox 3101 4930 3293 4983; x_wconf 88' lang='lat' dir='ltr'><strong>bonus.</strong></span> <span class='ocrx_word' id='word_1_850' title='bbox 3332 4925 3542 4983; x_wconf 77' lang='lat' dir='ltr'><strong>.lndicis</strong></span> 
     </span>
    </p>
   </div>
   <div class='ocr_carea' id='block_1_109' title="bbox 1908 5019 3539 5091">
    <p class='ocr_par' dir='ltr' id='par_1_109' title="bbox 1908 5019 3539 5091">
     <span class='ocr_line' id='line_1_109' title="bbox 1908 5019 3539 5091; baseline -0.004 -15"><span class='ocrx_word' id='word_1_851' title='bbox 1908 5038 1917 5043; x_wconf 52' lang='grc' dir='ltr'><strong>ν</strong></span> <span class='ocrx_word' id='word_1_852' title='bbox 1957 5023 2102 5076; x_wconf 88' lang='lat' dir='ltr'><strong>enim</strong></span> <span class='ocrx_word' id='word_1_853' title='bbox 2147 5022 2322 5077; x_wconf 84' lang='lat' dir='ltr'><strong>severi</strong></span> <span class='ocrx_word' id='word_1_854' title='bbox 2363 5019 2599 5091; x_wconf 78' lang='lat' dir='ltr'><strong>ollicium</strong></span> <span class='ocrx_word' id='word_1_855' title='bbox 2643 5031 2728 5076; x_wconf 91' lang='lat' dir='ltr'><strong>est</strong></span> <span class='ocrx_word' id='word_1_856' title='bbox 2788 5034 2947 5089; x_wconf 74' lang='lat' dir='ltr'><strong>ptena</strong></span> <span class='ocrx_word' id='word_1_857' title='bbox 2995 5019 3294 5074; x_wconf 86' lang='lat' dir='ltr'><strong>sceleribus</strong></span> <span class='ocrx_word' id='word_1_858' title='bbox 3337 5030 3539 5072; x_wconf 85' lang='lat' dir='ltr'><strong>conve-</strong></span> 
     </span>
    </p>
   </div>
   <div class='ocr_carea' id='block_1_110' title="bbox 1957 5111 3539 5183">
    <p class='ocr_par' dir='ltr' id='par_1_110' title="bbox 1957 5111 3539 5183">
     <span class='ocr_line' id='line_1_110' title="bbox 1957 5111 3539 5183; baseline -0.003 -15"><span class='ocrx_word' id='word_1_859' title='bbox 1957 5113 2142 5169; x_wconf 90' lang='lat' dir='ltr'><strong>niente</strong></span> <span class='ocrx_word' id='word_1_860' title='bbox 2178 5112 2393 5169; x_wconf 85' lang='lat' dir='ltr'><strong>allicere</strong></span> <span class='ocrx_word' id='word_1_861' title='bbox 2432 5121 2722 5183; x_wconf 89' lang='lat' dir='ltr'><strong>peccantes</strong></span> <span class='ocrx_word' id='word_1_862' title='bbox 2761 5153 2778 5174; x_wconf 87' lang='lat'><strong>,</strong></span> <span class='ocrx_word' id='word_1_863' title='bbox 2814 5111 2941 5167; x_wconf 90' lang='lat' dir='ltr'><strong>boni</strong></span> <span class='ocrx_word' id='word_1_864' title='bbox 2981 5120 3183 5174; x_wconf 90' lang='lat' dir='ltr'><strong>autem,</strong></span> <span class='ocrx_word' id='word_1_865' title='bbox 3223 5111 3539 5166; x_wconf 84' lang='lat' dir='ltr'><strong>misericor-</strong></span> 
     </span>
    </p>
   </div>
   <div class='ocr_carea' id='block_1_111' title="bbox 1955 5202 3536 5274">
    <p class='ocr_par' dir='ltr' id='par_1_111' title="bbox 1955 5202 3536 5274">
     <span class='ocr_line' id='line_1_111' title="bbox 1955 5202 3536 5274; baseline -0.004 -14"><span class='ocrx_word' id='word_1_866' title='bbox 1955 5204 2100 5260; x_wconf 88' lang='lat' dir='ltr'><strong>diam</strong></span> <span class='ocrx_word' id='word_1_867' title='bbox 2117 5219 2335 5274; x_wconf 82' lang='lat' dir='ltr'><strong>capere,</strong></span> <span class='ocrx_word' id='word_1_868' title='bbox 2356 5217 2415 5258; x_wconf 89' lang='lat' dir='ltr'><strong>ut</strong></span> <span class='ocrx_word' id='word_1_869' title='bbox 2432 5204 2789 5260; x_wconf 79' lang='lat' dir='ltr'><strong>inﬁrmorum.</strong></span> <span class='ocrx_word' id='word_1_870' title='bbox 2810 5203 3000 5272; x_wconf 86' lang='lat' dir='ltr'><strong>itaque</strong></span> <span class='ocrx_word' id='word_1_871' title='bbox 3022 5203 3195 5257; x_wconf 84' lang='lat' dir='ltr'><strong>bonus</strong></span> <span class='ocrx_word' id='word_1_872' title='bbox 3217 5202 3386 5273; x_wconf 78' lang='lat' dir='ltr'><strong>judex</strong></span> <span class='ocrx_word' id='word_1_873' title='bbox 3412 5215 3536 5256; x_wconf 89' lang='lat' dir='ltr'><strong>cum</strong></span> 
     </span>
    </p>
   </div>
   <div class='ocr_carea' id='block_1_112' title="bbox 1951 5292 3536 5367">
    <p class='ocr_par' dir='ltr' id='par_1_112' title="bbox 1951 5292 3536 5367">
     <span class='ocr_line' id='line_1_112' title="bbox 1951 5292 3536 5367; baseline -0.003 -16"><span class='ocrx_word' id='word_1_874' title='bbox 1951 5296 2053 5364; x_wconf 85' lang='lat' dir='ltr'><strong>sit,</strong></span> <span class='ocrx_word' id='word_1_875' title='bbox 2078 5296 2288 5351; x_wconf 90' lang='lat' dir='ltr'><strong>inducit</strong></span> <span class='ocrx_word' id='word_1_876' title='bbox 2314 5296 2471 5351; x_wconf 83' lang='lat' dir='ltr'><strong>nubis</strong></span> <span class='ocrx_word' id='word_1_877' title='bbox 2498 5311 2595 5367; x_wconf 83' lang='lat' dir='ltr'><strong>pro</strong></span> <span class='ocrx_word' id='word_1_878' title='bbox 2622 5295 2990 5351; x_wconf 89' lang='lat' dir='ltr'><strong>misericordia</strong></span> <span class='ocrx_word' id='word_1_879' title='bbox 3017 5309 3147 5362; x_wconf 90' lang='lat' dir='ltr'><strong>sua,</strong></span> <span class='ocrx_word' id='word_1_880' title='bbox 3173 5294 3226 5349; x_wconf 89' lang='lat' dir='ltr'><strong>id</strong></span> <span class='ocrx_word' id='word_1_881' title='bbox 3257 5302 3370 5358; x_wconf 89' lang='lat' dir='ltr'><strong>est,</strong></span> <span class='ocrx_word' id='word_1_882' title='bbox 3398 5292 3536 5348; x_wconf 83' lang='lat' dir='ltr'><strong>iram</strong></span> 
     </span>
    </p>
   </div>
   <div class='ocr_carea' id='block_1_113' title="bbox 1951 5385 3537 5458">
    <p class='ocr_par' dir='ltr' id='par_1_113' title="bbox 1951 5385 3537 5458">
     <span class='ocr_line' id='line_1_113' title="bbox 1951 5385 3537 5458; baseline -0.002 -15"><span class='ocrx_word' id='word_1_883' title='bbox 1951 5388 2346 5453; x_wconf 87' lang='lat' dir='ltr'><strong>moderabitur,</strong></span> <span class='ocrx_word' id='word_1_884' title='bbox 2398 5395 2454 5443; x_wconf 91' lang='lat' dir='ltr'><strong>et</strong></span> <span class='ocrx_word' id='word_1_885' title='bbox 2506 5387 2932 5458; x_wconf 74' lang='lat' dir='ltr'><strong>indignationem</strong></span> <span class='ocrx_word' id='word_1_886' title='bbox 2987 5401 3110 5443; x_wconf 91' lang='lat' dir='ltr'><strong>cum</strong></span> <span class='ocrx_word' id='word_1_887' title='bbox 3164 5385 3537 5441; x_wconf 82' lang='lat' dir='ltr'><strong>misericordia</strong></span> 
     </span>
    </p>
   </div>
   <div class='ocr_carea' id='block_1_114' title="bbox 1950 5476 3534 5551">
    <p class='ocr_par' dir='ltr' id='par_1_114' title="bbox 1950 5476 3534 5551">
     <span class='ocr_line' id='line_1_114' title="bbox 1950 5476 3534 5551; baseline -0.003 -17"><span class='ocrx_word' id='word_1_888' title='bbox 1950 5479 2298 5551; x_wconf 86' lang='lat' dir='ltr'><strong>temperabit.</strong></span> <span class='ocrx_word' id='word_1_889' title='bbox 2327 5478 2473 5535; x_wconf 85' lang='lat' dir='ltr'><strong>Inest</strong></span> <span class='ocrx_word' id='word_1_890' title='bbox 2501 5479 2645 5535; x_wconf 86' lang='lat' dir='ltr'><strong>enim</strong></span> <span class='ocrx_word' id='word_1_891' title='bbox 2676 5478 2726 5534; x_wconf 91' lang='lat' dir='ltr'><strong>ei</strong></span> <span class='ocrx_word' id='word_1_892' title='bbox 2758 5477 3047 5534; x_wconf 80' lang='lat' dir='ltr'><strong>multitudo</strong></span> <span class='ocrx_word' id='word_1_893' title='bbox 3073 5478 3319 5549; x_wconf 64' lang='lat' dir='ltr'><strong>jnstitiaa,</strong></span> <span class='ocrx_word' id='word_1_894' title='bbox 3349 5476 3400 5531; x_wconf 90' lang='lat' dir='ltr'><strong>id</strong></span> <span class='ocrx_word' id='word_1_895' title='bbox 3429 5485 3534 5537; x_wconf 85' lang='lat' dir='ltr'><strong>est,</strong></span> 
     </span>
    </p>
   </div>
   <div class='ocr_carea' id='block_1_115' title="bbox 1950 5568 3537 5642">
    <p class='ocr_par' dir='ltr' id='par_1_115' title="bbox 1950 5568 3537 5642">
     <span class='ocr_line' id='line_1_115' title="bbox 1950 5568 3537 5642; baseline -0.004 -15"><span class='ocrx_word' id='word_1_896' title='bbox 1950 5572 2017 5627; x_wconf 87' lang='lat' dir='ltr'><strong>ad</strong></span> <span class='ocrx_word' id='word_1_897' title='bbox 2033 5587 2302 5629; x_wconf 83' lang='lat' dir='ltr'><strong>summam</strong></span> <span class='ocrx_word' id='word_1_898' title='bbox 2329 5572 2507 5628; x_wconf 89' lang='lat' dir='ltr'><strong>omnis</strong></span> <span class='ocrx_word' id='word_1_899' title='bbox 2529 5571 2754 5642; x_wconf 57' lang='lat' dir='ltr'><strong>justitia‘</strong></span> <span class='ocrx_word' id='word_1_900' title='bbox 2781 5578 2981 5627; x_wconf 80' lang='lat' dir='ltr'><strong>sortem</strong></span> <span class='ocrx_word' id='word_1_901' title='bbox 3003 5569 3280 5641; x_wconf 68' lang='lat' dir='ltr'><strong>pervenit;</strong></span> <span class='ocrx_word' id='word_1_902' title='bbox 3297 5568 3457 5635; x_wconf 81' lang='lat' dir='ltr'><strong>Hinc,</strong></span> <span class='ocrx_word' id='word_1_903' title='bbox 3481 5576 3537 5622; x_wconf 86' lang='lat' dir='ltr'><strong>et</strong></span> 
     </span>
    </p>
   </div>
   <div class='ocr_carea' id='block_1_116' title="bbox 3135 5841 3210 5902">
    <p class='ocr_par' dir='ltr' id='par_1_116' title="bbox 3135 5841 3210 5902">
     <span class='ocr_line' id='line_1_116' title="bbox 3135 5841 3210 5902; baseline -0.013 0"><span class='ocrx_word' id='word_1_904' title='bbox 3135 5841 3210 5902; x_wconf 76' lang='grc'>44</span> 
     </span>
    </p>
   </div>
  </div>
