4134 6302
634 290 771 347 458⁸1

1615 278 1683 332 TS.
1725 273 1998 331 ονιιιιιιι
2036 273 2510 334 ALEXANDRlNI
2549 273 2874 336 ARCHIEP.

3763 276 3904 336 1588

631 405 850 476 quidem
883 417 987 458 non
1019 399 1316 465 immerito,
1364 409 1475 451 non
1509 393 1738 450 omnino
1769 393 2095 464 impunitum
2133 394 2200 449 di-

2320 395 2430 468 γὰρ
2467 395 2676 449 ἔνεστιν
2709 393 2862 466 αὐτῷ
2888 391 3258 463 δικαιοσύνης,
3289 391 3590 460 τουτέστιν,
3626 390 3708 455 εἰς
3751 393 3902 464 λῆξιν

635 496 812 551 mittet
863 493 1150 554 Israelem,
1198 489 1294 544 sed
1343 486 1628 542 clementia
1675 485 1895 555 potius,
1953 486 2032 540 uti
2077 485 2212 552 dixi,

643 588 778 642 iram
815 581 1159 652 temperabit.
1187 578 1429 635 Servatae
1461 585 1587 633 sunt
1618 577 1762 632 enim
1795 575 2056 646 reliquiae.

705 867 1102 926 Vnns.8-i0.Et
1128 867 1264 922 dixit
1292 867 1550 927 Dominus
1566 881 1585 919 :
1608 862 1798 926 Nonne
1824 864 2044 933 populus
2069 880 2214 920 meus

617 966 751 1019 est?
820 962 921 1030 ﬁlii
996 960 1096 1016 mei
1135 975 1239 1015 non
1277 959 1650 1028 reprobabuut.
1685 954 1753 1010 Et
1789 957 1898 1024 ipse
1934 955 2104 1024 factus
2139 964 2215 1010 est

629 1055 705 1108 eis
770 1053 954 1115 saluti,
1019 1066 1084 1106 ea:
1109 1051 1251 1104 omni
1281 1048 1571 1118 afﬂictione
1602 1060 1806 1100 eorum.
1835 1042 1959 1098 Non
1989 1044 2211 1113 legatus,

630 1159 734 1196 non
790 1142 1028 1212 angelus,
1090 1143 1182 1196 sed
1208 1141 1315 1208 ipse
1341 1138 1593 1193 Dominus
1618 1137 1837 1192 servavit
1860 1151 1968 1203 eos,
1991 1151 2052 1190 eo
2075 1136 2214 1205 quod

629 1233 869 1304 diligeret
934 1247 1042 1294 eos,
1067 1241 1115 1286 et
1183 1239 1415 1299 parceret
1444 1229 1543 1284 eis.
1569 1225 1691 1296 Ipse
1725 1225 1935 1280 redemit
1965 1241 2074 1290 eos,
2096 1241 2215 1278 sus~

629 1325 796 1392 cepit,
879 1324 1040 1378 evexit
1124 1321 1364 1392 omnibus
1409 1320 1592 1374 diebus
1634 1317 1836 1373 saeculi.
1885 1317 1951 1371 At
1989 1316 2066 1370 illi
2109 1332 2215 1370 non

627 1416 980 1480 crediderunt,
1056 1425 1112 1469 et.
1183 1413 1625 1468 exacerbaverunt
1670 1410 1928 1478 Spiritum
1971 1419 2213 1462 sanctum

627 1507 774 1575 ejus;
831 1514 880 1561 et
945 1519 1222 1558 conversus
1263 1513 1338 1557 est
1377 1503 1451 1556 eis
1475 1503 1539 1555 vin
1572 1501 1926 1565 inimicitiam,
1958 1499 2214 1554 Dominus

629 1597 740 1664 ipse
772 1595 1084 1664 oppugnavit
1116 1609 1224 1648 eos.

2319 486 2538 556 ἀπάσης
2570 484 2855 556 διελήλακε
2883 484 3250 555 δικαιοσύνης.
3290 482 3584 554 Ταύτητοι,
3628 483 3723 537 καὶ
3759 485 3901 554 μάλα

2317 575 2568 644 εἰκότως,
2601 579 2701 631 οὐκ
2769 576 2945 631 ἀθῶον
2991 576 3224 631 εἰσάπαν
3278 577 3480 646 ἀφήσει
3523 575 3615 628 τὸν
3667 575 3896 646 Ἰσραὴλ,

2317 669 2615 740 ἡμερότητι
2653 668 2711 722 δὲ
2742 667 2966 740 μᾶλλον,
2991 667 3068 732 ὡς
3093 668 3251 740 ἔφην,
3282 669 3510 737 κεράσει
3535 668 3603 722 τὰ
3635 666 3695 734 ἐξ
3714 668 3897 739 ὀργῆς.

2316 760 2594 815 Σέσωσται
2630 759 2738 833 γὰρ
2768 759 2829 814 τὸ
2861 759 3234 830 κατάλειμμα.

2388 853 2498 907 Kal
2530 847 2662 906 εἷπε
2700 853 2940 923 Κύριος.
2976 853 3102 920 Οὐχ
3139 853 3172 907 ὁ
3203 852 3355 918 λαός
3379 867 3534 921 μου,;
3575 851 3759 906 τέκνα
3784 870 3901 920 μου

2319 945 2389 999 οὐ
2408 945 2497 1014 μὴ
2515 943 2907 1012 ἀθετήσουσι.
2938 944 3049 999 Kal
3081 943 3321 1012 ἐγένετο
3351 942 3558 1009 αὐτοῖς
3595 944 3682 1007 εις
3717 958 3902 1010 σωτη-

2310 1035 2453 1104 ρίαν
2482 1035 2552 1089 ἐκ
2577 1034 2783 1103 πάσης
2798 1034 3062 1103 θλίψεως
3087 1032 3285 1089 αὐτῶν
3310 1049 3324 1064 ο
3364 1033 3438 1087 οὐ
3469 1033 3760 1100 πρέσϐυς,
3792 1033 3902 1085 οὐκ

2315 1124 2588 1195 ἄγγελος,
2640 1126 2778 1180 ἀλλ’
2819 1125 3002 1191 αὐτὸς
3035 1127 3068 1178 ὀ
3102 1126 3316 1192 Κύριος
3366 1121 3606 1176 ἔσωσεν
3658 1122 3899 1187 αὐτοὺς,

2318 1217 2418 1271 διὰ
2467 1217 2535 1270 τὸ
2587 1216 2829 1287 ἀγαπᾷν
2865 1215 3112 1282 αὐτοὺς,
3167 1215 3268 1269 καί
3308 1214 3621 1284 φείδεσθαι
3663 1213 3864 1268 αὐτῶν·
3886 1232 3899 1242 ·

2316 1307 2499 1373 αὐτὸς
2531 1306 2913 1375 ἐλυτρώσατο
2939 1306 3184 1373 αὐτοὺς,
3205 1304 3304 1360 καὶ
3332 1304 3628 1360 ἀνέᾸαϐεν
3659 1306 3900 1372 αὐτοὺς,

2314 1399 2417 1452 καὶ
2473 1398 2725 1466 ὕψωσεν
2790 1397 3016 1462 αὐτοὺς
3077 1396 3281 1462 πάσας
3348 1396 3459 1462 τὰς
3519 1397 3750 1464 ἡμέρας
3798 1398 3902 1452 τοῦ

2313 1489 2547 1555 αἰῶνος.
2585 1489 2764 1544 Αὐτοὶ
2803 1487 2873 1542 δὲ
2904 1488 3266 1557 ἠπείθησαν,
3305 1488 3408 1543 καὶ
3439 1488 3807 1557 παρώξυναν
3835 1491 3898 1544 τὸ

2316 1581 2560 1650 Πνεῦμα
2597 1580 2662 1634 τὸ
2688 1579 2865 1651 ἅγιον
2897 1579 3084 1634 αὐτοῦ
3105 1597 3120 1612 ·
3164 1580 3266 1634 καί
3294 1579 3562 1650 ἐστράφη
3593 1581 3802 1648 αὐτοῖς
3819 1585 3900 1648 είς

2315 1672 2559 1741 ἔχθραν,
2594 1673 2811 1740 Κύριος
2834 1672 3018 1738 αὐτὸς
3039 1671 3420 1740 ἐπολέμησεν
3445 1674 3690 1739 αὐτούς.

702 1772 910 1827 Rursus
948 1771 1079 1826 mihi
1121 1781 1306 1841 specta
1350 1770 1440 1825 Dei
1482 1783 1771 1838 personam
1813 1769 1995 1822 statim
2037 1768 2200 1823 intre-

2389 1764 2580 1835 ’Δθρει
2609 1764 2673 1836 δή
2712 1781 2802 1834 μοι
2833 1762 2998 1818 πάλιν
3024 1763 3086 1817 τὸ
3117 1763 3209 1816 τοῦ
3232 1763 3367 1819 Θεοῦ
3398 1763 3696 1835 πρόσωπον
3729 1767 3901 1821 εἰσκερ

627 1863 879 1928 ductam,
917 1869 1121 1917 tantum
1157 1877 1265 1917 non
1301 1861 1626 1916 clamantem
1665 1867 1855 1914 contra
1893 1858 2208 1914 inobedien-

629 1953 758 2006 tiam
793 1949 1024 2006 lsraelis.
1057 1950 1203 2005 Dixit
1232 1949 1412 2012 enim,
1447 1949 1652 2018 inquit,
1686 1948 1976 2012 Dominus,
2007 1949 2060 2003 id
2090 1957 2206 2016 est,

628 2043 744 2111 ipse
779 2041 1152 2096 universorum
1187 2040 1373 2096 Deus:
1405 2037 1593 2093 Nonne
1627 2052 1726 2106 pro
1759 2038 1882 2091 ﬁliis
1919 2038 2080 2094 habui
2115 2054 2210 2107 po-

615 2132 844 2204 pulum?
872 2131 1007 2190 Cum
1043 2139 1223 2185 autem
1253 2130 1357 2186 hoc
1381 2143 1569 2183 verum
1602 2129 1672 2182 sit
1695 2145 1709 2182 :
1731 2129 1867 2183 dixit
1895 2127 2040 2182 enim
2074 2144 2089 2182 :
2120 2127 2208 2184 Fi-

610 2223 732 2279 dius
751 2221 1140 2292 primogenitus
1162 2234 1312 2275 meus
1335 2217 1534 2274 Israel:
1567 2233 1724 2272 nemo
1745 2217 1942 2294 poterit
1963 2205 2208 2274 dubitare

606 2315 758 2383 -quin
785 2313 956 2367 durus
987 2311 1148 2366 fuerit
1174 2319 1229 2366 ct
1258 2310 1659 2380 immorigerus.
1687 2310 1851 2388 881
1885 2308 1992 2365 Sed
2026 2319 2205 2365 tamen

609 2405 798 2471 iulium
833 2403 1138 2473 ablegatum
1191 2402 1435 2473 recipiet.
1471 2400 1578 2456 Sed
1622 2414 1804 2455 nonne
1845 2403 1947 2456 hoc
1990 2401 2205 2456 tandem

626 2496 830 2560 evenit,
851 2508 949 2548 nec
966 2492 1257 2550 frustratus
1272 2500 1355 2546 est
1371 2505 1466 2561 spe
1479 2490 1570 2562 qui
1589 2490 1768 2545 omnia
1788 2490 1974 2545 novit?
1990 2490 2206 2547 Sciebat

614 2586 772 2642 enim
793 2583 1002 2649 futura,
1031 2582 1273 2653 nihilque
1302 2597 1424 2638 eum
1454 2595 1676 2652 prorsus
1706 2579 1856 2635 latet.
1883 2578 2078 2636 Verum
2107 2581 2207 2635 hu-

625 2693 789 2733 mano
834 2688 986 2731 more
1031 2674 1297 2729 fortuatur
1338 2673 1601 2728 orationis
1647 2671 1884 2727 habitus.
1925 2671 2052 2727 llaec
2096 2672 2205 2728 Deo

626 2767 860 2829 dicente,
893 2772 1121 2832 occupat
1159 2763 1445 2831 propheta,
1479 2771 1533 2815 et
1575 2760 1908 2830 stupiditatis
1948 2763 2108 2818 simul
2150 2775 2205 2819 et

625 2855 1032 2926 ingratitudinis
1075 2863 1299 2910 accusat
1339 2852 1612 2919 Israelem,
1664 2849 2008 2926 ostenditque
2053 2857 2202 2912 illum

624 2947 890 3002 bonorum
933 2944 1036 3000 sibi
1079 2944 1399 2999 collaturum
1445 2957 1667 3009 prorsus
1710 2942 1878 3002 fuisse
1921 2945 2202 3002 immemo-

2313 1853 2649 1926 κομισμένον
2677 1853 2857 1918 εὐθὺς,
2883 1851 3171 1924 μονονουχὶ
3212 1851 3634 1922 κατακεκραγὸς
3677 1852 3780 1923 τῆς
3812 1854 3899 1907 τοῦ

2324 1941 2540 2014 Ἰσραὴλ
2594 1941 2900 2006 ἀπειθείας.
2955 1937 3092 1995 Εῖπε
3120 1941 3250 2011 γὰρ,
3305 1941 3460 2013 φησὶ,
3495 1941 3724 2012 Κύριος,
3753 1961 3900 1998 τουτο

2311 2035 2481 2098 ἐστιν,
2517 2033 2678 2096 αὐτὸς
2714 2034 2742 2086 ὁ
2775 2033 2884 2087 τῶν
2916 2032 3054 2087 ὅλων
3091 2033 3246 2096 Θεός’
3276 2033 3390 2086 Οὐκ
3412 2035 3470 2087 ὲν
3502 2032 3656 2098 τάξει
3699 2033 3902 2088 τέκνων

2310 2125 2751 2198 κατελογισάμην
2801 2127 2892 2180 τὸν
2949 2122 3115 2191 λαόν;
3173 2124 3397 2195 Ἐπειδὴ
3451 2125 3512 2178 δὲ
3558 2125 3722 2180 τοῦτο
3758 2127 3900 2180 ἐστὶν

2308 2216 2526 2286 ἀληθές·
2550 2217 2657 2288 ἔφη
2677 2217 2802 2290 γὰρ,
2817 2219 2898 2271 ὅτι
2922 2217 3049 2280 Υἱὸς
3071 2217 3413 2289 πρωτότοκός
3429 2234 3534 2289 μου
3550 2217 3790 2288 Ἰσραήλ·
3807 2219 3902 2273 οὐκ

2308 2306 2374 2360 ἂν
2396 2307 2686 2362 ἐνδοιάσειέ
2707 2325 2816 2374 τις,
2835 2309 2910 2372 ὡς,
2932 2308 3033 2362 οὒκ
3058 2308 3216 2363 ἔσται
3247 2308 3505 2380 σκληρὸς,
3524 2309 3622 2363 ita!
3649 2309 3898 2382 ἀπιθὴς.

2309 2397 2669 2468 Προσδέξεται
2700 2399 2756 2452 δὲ
2788 2398 2990 2470 μᾶλλον
3015 2398 3394 2454 ἀποσταλέντα
3425 2400 3519 2454 τὸν
3555 2401 3707 2455 Υίόν.
3765 2392 3902 2454 Ἀλλ’

2306 2490 2405 2542 οὐκ
2450 2490 2719 2561 ἐκϐέϐηκε
2761 2492 2920 2546 τοῦτο
2965 2493 3104 2564 πρὸς
3143 2491 3338 2563 πέρας,
3387 2495 3484 2546 καὶ
3515 2494 3618 2563 οὐχ
3660 2497 3902 2566 ἥμαρτεν

2307 2578 2522 2643 ἐλπίδος
2554 2581 2582 2632 ὁ
2617 2581 2796 2636 πάντα
2839 2582 2994 2647 ειδὼς
3022 2602 3036 2615 ·
3091 2585 3363 2654 ἠπίστατο
3395 2584 3509 2655 γὰρ
3539 2586 3612 2639 τὰ
3651 2587 3902 2657 ὲώμενα.

2308 2672 2573 2727 Λανθάνει
2618 2674 2674 2728 δὲ
2715 2676 2878 2729 αὑτὸν
2919 2676 3201 2741 παντελῶς
3243 2677 3421 2732 οὐδέν.
3481 2678 3807 2731 Πέπλασται
3851 2679 3903 2731 δὲ

2306 2762 2661 2832 ἀνθρωπίνως
2683 2765 2777 2819 τοῦ
2807 2766 2966 2834 λόγου
2999 2767 3059 2821 τὸ
3083 2770 3288 2839 σχῆμα.
3323 2767 3509 2821 Ταῦτα
3533 2768 3678 2822 Θεοῦ
3720 2770 3898 2839 λέγονο

2307 2871 2398 2918 τος
2441 2854 2708 2910 διαλαϐὼν
2737 2859 2764 2910 ὁ
2811 2860 3096 2930 προφήτης
3131 2858 3489 2930 ἀναισθησίας
3523 2876 3588 2923 τε
3634 2860 3777 2930 ὁμοῦ
3820 2862 3904 2914 mi

2305 2947 2625 3019 ἀχαριστίας
2665 2949 2933 3021 γράφεται
2969 2950 3060 3005 τὸν
3107 2952 3343 3024 Ἰσραὴλ,
3381 2953 3683 3021 ἀποφαίνει
3722 2953 3782 3006 δὲ
3817 2953 3904 3007 καὶ

621 3053 764 3096 rem.
802 3056 822 3090 ι
858 3037 1053 3093 Factus
1083 3045 1168 3092 est
1197 3036 1372 3100 enim,
1411 3054 1430 3087 ι
1471 3035 1674 3103 inquit.
1714 3056 1733 3088 ι
1772 3036 1879 3092 illis
1914 3038 2104 3104 saluti,
2135 3054 2200 3094 ex

2309 3041 2775 3114 ἀμνημονήσαντα
2808 3043 3086 3108 παντελῶς
3130 3045 3238 3099 τῶν
3279 3045 3678 3116 ὑπαρχθέντων
3727 3048 3906 3112 αὐτοῖς

608 3132 774 3190 omni
825 3130 1116 3187 atllictioue
1159 3144 1367 3185 eorum.
1424 3149 1442 3180 ι
1488 3127 1768 3199 Nemoque
1812 3139 2070 3201 praeterea
2115 3146 2200 3187 eos

2310 3133 2550 3201 ἀγαθῶν.
2588 3152 2605 3184 ι
2637 3135 2886 3203 Ἐγένετο
2913 3136 3022 3208 γὰρ
3055 3137 3258 3201 αὐτοῖς,
3291 3155 3308 3188 ι
3343 3136 3531 3206 φησὶν,
3569 3158 3589 3190 ι
3620 3139 3705 3201 εἰς
3733 3156 3905 3209 σωτη-

623 3222 884 3291 servavit,
911 3236 1018 3278 non
1042 3220 1271 3290 legatus,
1295 3236 1400 3276 non
1426 3221 1670 3290 angelus,
1695 3219 1788 3276 sed
1815 3219 1928 3289 ipse
1953 3221 2208 3279 Dominus

611 3328 722 3384 per
740 3313 998 3382 seipsum.
1023 3310 1283 3367 Miracula
1305 3310 1452 3365 enim
1477 3315 1734 3379 operatus
1757 3319 1842 3366 est
1867 3311 1922 3365 in
1949 3310 2204 3384 Egypto,

613 3411 905 3476 sequestre
927 3402 1148 3473 quidem
1174 3401 1381 3472 Moyse,
1407 3411 1780 3457 verumtamen
1807 3402 1922 3473 ipse
1947 3413 2086 3468 erat,
2114 3405 2204 3472 qui

610 3496 712 3552 illa
751 3495 1058 3565 opinionem
1099 3500 1448 3562 mentemque
1488 3493 1806 3549 excedentia
1848 3498 2201 3564 Operahatur.

626 3585 779 3640 Unde
819 3598 942 3640 cum
985 3582 1215 3638 vitulum
1259 3582 1583 3638 fabricasset
1629 3583 1816 3648 Israel,
1859 3584 2205 3657 oll'ensusque

619 3683 766 3733 esset
801 3675 967 3742 Deus,
1001 3689 1067 3730 ac
1108 3673 1479 3730 denuntiasset
1517 3690 1578 3731 se
1617 3676 1866 3746 angelum
1907 3691 2029 3732 cum
2075 3679 2206 3748 ipsis

616 3763 948 3830 missurum,
986 3762 1211 3819 moleste
1244 3762 1364 3817 tulit
1395 3761 1635 3835 Moyses,
1671 3764 1856 3821 dicens
1887 3783 1900 3820 :
1941 3785 1960 3820 ι
1999 3766 2109 3822 Nisi
2149 3780 2203 3823 tu

617 3857 736 3928 ipse
765 3869 971 3925 praeas
1003 3853 1157 3920 mihi,
1189 3867 1256 3909 ne
1286 3855 1487 3910 educas
1517 3869 1605 3911 me
1633 3854 1761 3911 hinc
1788 3856 1853 3910 ³ο.
1891 3875 1909 3908 ι
1946 3856 2065 3926 Ipse
2101 3859 2197 3912 ita-

615 3959 724 4018 que
750 3958 846 4014 per
869 3943 1106 4013 seipsum
1133 3943 1368 4000 servavit
1394 3957 1509 4008 eos,
1543 3958 1648 3998 non
1680 3943 1803 4013 quia
1833 3944 1886 3998 in
1915 3945 2020 4000 illis
2048 3945 2202 4014 quid-

609 4051 777 4108 quam
809 4034 1097 4101 inveniret,
1125 4033 1220 4089 sed
1252 4032 1624 4088 tantummodo
1653 4033 1798 4102 quod
1830 4034 2081 4104 diligeret
2106 4051 2202 4090 eos

609 4140 919 4197 curamque
953 4139 1142 4182 eorum
1185 4121 1430 4178 haberet.
1466 4121 1619 4188 Quod
1657 4123 1878 4179 evidens
1913 4139 2200 4196 argumen—

609 4228 732 4274 tum
756 4227 840 4274 est
871 4212 1310 4286 incomparabilis
1337 4212 1712 4278 humanitatis,
1739 4222 1794 4267 et
1820 4215 2199 4283 placabilitatis

613 4308 831 4364 divinae.
865 4305 1141 4361 Liberavit
1177 4318 1305 4375 ergo
1340 4304 1460 4359 illos
1495 4318 1525 4359 e
1556 4305 1716 4361 domo
1747 4305 2049 4371 servitutis,
2080 4323 2198 4364 sus-

2311 3222 2431 3294 ρίαν
2484 3226 2549 3277 ὲκ
2613 3225 2792 3296 πάσης
2853 3226 3087 3297 θλίψεως
3151 3227 3367 3282 αὐτῶνθ
3401 3248 3420 3280 ι
3463 3228 3653 3300 ἔτερος
3685 3231 3743 3284 δὲ
3774 3235 3906 3300 παρ’

2307 3314 2469 3368 αὐτὸν
2492 3316 2665 3379 οὐδεὶς
2689 3317 2926 3371 σέσωκεν
2957 3319 3177 3382 αὐτοὺς,
3211 3319 3272 3372 οὺ
3304 3319 3570 3390 πρέσϐυς,
3597 3322 3694 3373 οὐκ
3730 3322 3904 3389 ἄγγε·

2307 3405 2416 3469 λος,
2453 3407 2566 3459 ἀλλ’
2604 3409 2764 3471 αὐτὸς
2788 3411 2988 3480 Κύριος
3012 3411 3078 3464 δι’
3111 3411 3324 3465 ἑαυτοῦ..
3359 3411 3902 3484 Τεθαυματοὺργηκε

2307 3499 2416 3568 γὰρ
2461 3500 2517 3550 ἐν
2571 3498 2834 3569 Αἰγύπτῳ
2887 3500 3312 3570 μεσολαϐοῦντος
3348 3501 3442 3571 μὲν
3481 3502 3578 3555 τοῦ
3621 3504 3900 3567 Μωσέως,

2307 3588 2447 3660 πλὴν
2485 3590 2726 3660 ἐνεργῶν
2749 3591 2909 3655 αὐτὸς
2936 3592 3004 3646 τά
3041 3593 3338 3664 παράδοξα.
3379 3592 3482 3646 Καὶ
3502 3591 3633 3660 γοῦν
3662 3594 3758 3646 ὅτε
3795 3612 3905 3663 με·

2309 3680 2707 3749 μοσχοποίηκεν
2732 3682 2760 3733 ὁ
2803 3682 3039 3752 Ἰσραὴλ,
3090 3679 3209 3738 εἶτα
3248 3685 3381 3755 πρὸς
3407 3684 3560 3738 τοῦτο
3583 3682 3904 3756 λελύπηται

2305 3769 2456 3834 Θεὸς,
2491 3773 2584 3826 καὶ
2608 3773 3010 3842 συνεκπέμψειν
3037 3775 3219 3836 αὐτοῖς
3250 3776 3477 3844 ἄγγελον
3502 3776 3899 3847 ἐπηγγέλλετο,

2303 3859 2707 3931 δεδυσφόρηκεν
2741 3863 2770 3914 ὁ
2820 3863 3026 3932 Μωσῆς
3072 3863 3248 3933 λέγων
3277 3882 3290 3896 ·
3325 3884 3342 3915 ι
3374 3866 3438 3918 Εἰ
3491 3865 3570 3938 μὴ
3617 3869 3684 3920 σὺ
3734 3867 3898 3932 αὐτὸς

2303 3951 2550 4025 πορεύσῃ
2591 3952 2708 4023 μετ’
2763 3953 2921 4023 ἐμοῦ,
2982 3956 3056 4026 μή
3109 3973 3178 4024 με
3229 3957 3511 4030 ἀναγάγῃς
3562 3959 3838 4013 ἐντεῦθεν.
3870 3980 3892 4010 ι

2301 4043 2473 4107 Αὐτὸς
2506 4039 2598 4097 οὖν
2631 4045 2741 4116 ἄρα
2771 4045 2838 4098 δι’
2863 4045 3057 4100 ἑαυτοῦ
3109 4047 3346 4100 σέσωκεν
3376 4050 3601 4115 αὐτοὺς,
3643 4051 3897 4122 ἐσχηκὼς

2304 4134 2401 4203 μὲν
2448 4136 2577 4208 παρ’
2607 4137 2787 4190 αὐτῶν
2832 4137 2894 4190 τὸ
2924 4137 3148 4209 σύμπαν
3199 4138 3374 4203 οὐδὲν,
3415 4140 3579 4210 μόνον
3616 4141 3677 4195 δὲ
3715 4143 3804 4197 διά
3836 4143 3897 4197 τδ

2300 4225 2520 4295 ἀγαπᾷν
2557 4225 2773 4290 αὐτοὺς,
2815 4227 2909 4281 καὶ
2944 4229 3204 4298 κήδεσθαι
3232 4229 3433 4286 αὐτῶν.
3459 4231 3632 4287 Τοῦτο
3662 4234 3722 4289 δέ
3748 4236 3898 4291 ἐστιν

2298 4312 2576 4380 ἀπόδειξις
2604 4317 2838 4388 ἐναργὴς
2876 4321 2973 4390 τῆς
3020 4319 3411 4392 ἀπαραελήτου
3455 4323 3894 4397 φιλανθρωπίας,

612 4402 786 4473 cepit,
832 4401 1033 4456 evexit.
1075 4399 1273 4470 quue,
1319 4397 1533 4469 opinor,
1582 4407 1694 4462 est,
1746 4400 1889 4468 quod
1933 4400 2196 4470 principio

2304 4408 2395 4462 καὶ
2421 4407 2783 4480 γαληνότητος
2813 4409 2910 4479 τῆς
2937 4411 3274 4481 θεοπρεποῦς
3293 4430 3304 4443 ·
3344 4413 3694 4486 ὲλυτρὼσατο
3711 4419 3895 4474 τοίνυν

610 4493 750 4549 dixit
784 4509 800 4548 :
843 4511 863 4543 ι
903 4491 1069 4546 Filios
1110 4489 1273 4562 genui
1333 4499 1389 4544 et
1430 4489 1608 4554 evexi,
1650 4507 1670 4542 ι
1710 4488 1763 4543 id
1806 4499 1911 4556 est,
1948 4491 2192 4558 educavi,

609 4582 697 4640 .ch
725 4582 963 4651 insignes
994 4581 1239 4636 reddidi:
1277 4597 1295 4632 ι
1339 4579 1434 4638 sed
1465 4579 1539 4635 illi
1574 4593 1660 4635 me
1689 4581 2038 4649 repudiarunt
2067 4584 2131 4637 ".
2168 4603 2186 4634 ι

599 4675 764 4741 .lllud,
796 4673 1049 4730 omnibus
1077 4671 1267 4729 diebus
1297 4671 1501 4737 saeculi,
1538 4670 1847 4740 signiﬁcare
1877 4681 2074 4742 potest,
2105 4675 2190 4744 ju-

555 4751 568 4788 ⁵
608 4768 750 4839 giter
774 4777 830 4823 et
854 4775 1134 4835 perpetuo.
1166 4765 1314 4820 Adeo
1344 4764 1518 4820 bonus
1549 4763 1600 4817 in
1629 4762 1753 4820 illos
1782 4762 1884 4817 fuit
1907 4749 2188 4822 universo-

598 4874 732 4914 :rum
760 4857 902 4912 Deus
929 4875 944 4911 :
973 4857 1067 4912 sed
1097 4855 1172 4910 illi
1201 4854 1579 4911 iuobedientes
1603 4854 1958 4922 exstiterunt,
1983 4867 2037 4912 et
2060 4872 2188 4913 san-

594 4961 758 5009 ctum
785 4948 914 5018 ejus
949 4947 1215 5020 Spiritum
1253 4947 1472 5002 irritare
1507 4959 1616 5001 non
1651 4945 1995 5003 destiterunt.
2031 4946 2185 5015 Quod

593 5043 766 5099 docet
794 5040 1006 5096 divinus
1035 5029 1222 5102 David.
1251 5035 1502 5107 inquiens
1529 5052 1545 5090 :
1581 5053 1602 5088 ι
1639 5035 1862 5104 Quoties
1889 5039 2183 5113 exacerba-

595 5143 732 5192 σιιιιι
763 5147 886 5211 eum
925 5131 982 5187 in
1019 5127 1270 5186 deserto?
1305 5126 1372 5181 ad
1411 5127 1548 5181 iram
1587 5127 1926 5184 concitarunt
1968 5144 2090 5185 eum
2127 5130 2181 5186 in

596 5237 747 5283 terra
785 5221 1060 5280 siticulosa
1082 5219 1172 5273 ³⁸2
1220 5237 1240 5272 ι
1285 5215 1381 5272 Vel
1424 5216 1889 5274 exacerbaverunt
1915 5217 2176 5289 Spiritum

594 5316 826 5382 Cluistl,
859 5313 979 5369 duri
1024 5320 1079 5368 et
1117 5310 1378 5376 immites,
1412 5305 1646 5364 eﬂ'rcnes
1685 5317 1742 5364 et
1783 5309 2173 5369 inobedientes.

601 5403 718 5460 Non
746 5405 891 5460 enim
920 5401 1244 5459 obedierunt
1272 5398 1344 5455 illi
1373 5398 1439 5454 ad
1468 5397 1697 5454 salutem
1724 5400 1957 5456 vocanti.
1990 5419 2010 5453 ι
2047 5402 2177 5458 Ver-

600 5507 691 5551 sus
726 5507 814 5552 est
858 5514 876 5546 ι
924 5494 1087 5564 igitur
1125 5511 1145 5545 ι
1191 5491 1294 5549 illis
1336 5491 1387 5545 in
1429 5489 1792 5556 inimicitiam,
1829 5499 1882 5546 ct
1919 5493 2178 5562 pugnavit

669 5667 716 5700 ’⁸
740 5670 909 5728 Exod.
949 5687 1140 5738 usui,
1175 5675 1258 5728 ιδ.

2291 4499 2489 4563 αὐτοὺς
2534 4498 2593 4564 ἐξ
2643 4499 2794 4554 οἴκου
2852 4501 3115 4569 δουλείας,
3169 4503 3452 4572 ἀνέλαϐεν,
3501 4505 3685 4577 Oriens
3710 4525 3724 4538 ο
3797 4510 3895 4564 καὶ

2291 4589 2470 4656 τοῦτο,
2493 4585 2668 4661 οἶμαι,
2695 4591 2844 4646 ἐστὶν
2881 4593 3021 4664 ὅπερ
3046 4593 3104 4647 ὲν
3121 4594 3321 4665 ἀρχαῖς
3350 4595 3476 4666 ἔφη,
3507 4616 3528 4646 ι
3550 4596 3714 4660 finio;
3738 4599 3896 4666 ὲγέν-

2288 4697 2446 4751 νησα,
2489 4681 2586 4734 καὶ
2616 4679 2829 4750 ὖψωσα,
2858 4702 2875 4735 ι
2911 4683 3210 4752 τουτέστιν,
3243 4685 3527 4755 ἐξέθρεψα,
3559 4687 3730 4757 ἦγουν
3773 4691 3893 4741 ἐπι·

2287 4771 2353 4842 σή
2363 4789 2494 4842 μους
2511 4772 2786 4844 ἀπέφηνα,
2809 4792 2828 4826 ι
2854 4776 3008 4830 αὐτοὶ
3023 4775 3081 4829 δέ
3099 4793 3169 4846 με
3189 4777 3478 4849 ἠθέτησαν.
3506 4799 3525 4830 ι
3549 4779 3623 4832 Τὸ
3638 4780 3694 4834 δὲ
3709 4781 3892 4844 πάσας

2283 4863 2382 4928 τὰς
2417 4864 2634 4936 ἡμέρας
2668 4865 2765 4920 τοῦ
2805 4867 3002 4932 αἰῶνος
3028 4872 3471 4940 κατασημήνειεν
3511 4872 3599 4936 ἂν,
3635 4870 3718 4933 τὸ,
3749 4873 3891 4926 ἀκα-

2289 4955 2595 5027 ταλήκτως,
2649 4957 2742 5012 καὶ
2795 4956 3080 5031 διηνεκῶς,
3131 4960 3247 5015 ἀλλ’
3296 4956 3365 5032 ἦν
3412 4962 3512 5030 μὲν
3555 4963 3701 5016 οὕτω
3761 4965 3893 5033 περὶ

2289 5046 2487 5112 αὐτοὺς
2520 5048 2723 5118 ἀγαθὸς
2760 5050 2790 5104 δ
2817 5049 2927 5105 τῶν
2954 5051 3092 5106 ὅλων
3124 5052 3278 5117 Θεὸς,
3319 5054 3473 5107 αὐτοὶ
3498 5053 3554 5106 δὲ
3588 5056 3892 5123 γεγόνασιν

2287 5137 2536 5205 ἀπειθεῖς
2617 5141 2712 5195 καὶ
2773 5143 3206 5214 παροτρύνοντες
3267 5146 3329 5199 οὑ
3381 5146 3761 5201 διαλελοίπασι
3833 5151 3894 5202 τὸ

2289 5227 2514 5299 Πνεῦμα
2550 5230 2612 5284 τὸ
2641 5231 2796 5300 ἀγιον
2829 5233 3017 5287 αὑτοῦ.
3049 5235 3162 5290 Καὶ
3192 5235 3351 5291 τοῦτο
3391 5236 3593 5301 διδάξει
3639 5238 3827 5305 λέγων
3864 5243 3896 5293 ὁ

2286 5317 2575 5383 θεσπέσιος
2612 5320 2779 5375 Δαόίδ
2799 5338 2814 5352 ·
2855 5341 2874 5374 ι
2905 5325 3144 5390 Ποσάκις
3172 5327 3592 5398 παρεπίκραναν
3631 5330 3808 5383 αὐτὸν
3836 5333 3896 5383 ἐν
3953 5317 3960 5387 ξ

2283 5409 2599 5482 saepe”,
2644 5411 3003 5485 παρὼργισαν
3046 5416 3210 5470 αὐτὸν
3249 5418 3308 5471 ὲν
3351 5419 3422 5488 γῇ
3463 5417 3711 5488 ἀνύδρῳς
3737 5439 3758 5470 ι
3822 5423 3893 5474 Ἦ

2285 5500 2422 5571 τάχα
2453 5500 2778 5574 παρώξυναν
2809 5504 2869 5558 τὸ
2907 5506 3132 5582 Πνεῦμα
3182 5507 3442 5579 Χριστοῦ,
3487 5509 3724 5580 σκληροὶ
3795 5513 3896 5565 καὶ

1339 5673 1379 5704 ’⁸
1412 5673 1513 5729 lsa.
1550 5688 1583 5740 ι,
1614 5673 1668 5727 ‘2.
1746 5673 1790 5704 ”
1816 5669 1958 5725 Psal.
1992 5686 2194 5740 Lxxvtt,
2223 5672 2314 5728 40.
