4134 6302
310 403 448 461 i389

1437 399 1499 457 IN
1539 399 1769 453 ISAIAM
1811 359 1938 455 LlB.
1986 401 2045 455 v.
2093 399 2330 455 TOMUS
2375 400 2434 457 v.

3265 300 3355 320 ,7.-

3419 407 3560 463 1590

307 517 608 588 ἀμείλικτοι
653 517 954 584 γεγονότες,
999 515 1198 584 ὲξήνιοί
1243 531 1298 566 τε
1365 513 1459 566 καὶ
1495 513 1774 577 ἀπειθεῖς;
1811 515 1882 567 υύ

1991 523 2175 570 contra
2202 529 2315 569 eos.
2341 533 2359 563 ι
2389 513 2818 580 Oportuitcuim,
2850 518 3083 583 oportuit
3109 529 3222 581 eos,
3253 517 3342 585 qui
3369 517 3561 572 horum

306 611 416 679 γὰρ
450 609 724 678 ὑπήκουον
758 607 916 676 αὐτῷ¹
946 605 1196 660 καλοῦντι
1221 603 1358 674 πρὸς
1384 604 1678 675 σωτηρίαν.
1720 623 1739 655 ‹
1776 604 1892 657 Ἑσ-

306 700 488 770 τράφη
517 719 536 751 ι
566 699 746 752 ⁴τοίνυν
791 718 808 748 ι
827 698 1009 758 αὐτοῖς
1032 696 1114 759 είς
1137 695 1356 765 ἔχθραν,
1385 696 1480 748 καὶ
1512 695 1892 767 πεπολέμηκεν

308 791 559 853 αὐτούς’»
587 791 695 844 ἔδει
725 789 853 858 γὰρ,
869 788 976 841 ἔδει
999 789 1127 851 τοὺς
1159 787 1266 840 τῶν
1291 787 1608 857 παραδόξων
1641 788 1892 858 ἀμνήμο-

1992 603 2316 657 tuirabilium
2362 602 2659 658 facinorum
2711 605 3058 660 immemores
3098 616 3274 672 erant,
3321 607 3564 677 nihilque

1989 695 2240 749 utilitatis
2266 709 2330 748 ex
2360 694 2426 748 iis
2453 704 2727 762 ceperant,
2759 711 2855 764 per
2879 711 3000 764 qua:
3025 697 3091 751 ad
3118 712 3308 752 omnes
3338 699 3564 753 virtutes

1986 801 2080 842 eos
2109 785 2329 856 perduci
2353 800 2566 855 mquam
2594 785 2724 852 fuit,
2748 801 2778 840 a
2805 787 3176 843 misericordia
3200 798 3255 843 et
3278 787 3566 843 dilectione

307 901 426 945 νας,
466 884 557 936 καὶ
586 883 705 935 κατ’
730 880 917 933 οὐδένα
945 878 1150 950 τρόπον
1179 879 1590 950 ὠφελημένους,
1617 879 1687 932 δι’
1712 873 1788 934 ὧν
1821 874 1882 949 ἦν

1985 878 2104 947 ejus
2168 877 2260 947 qui
2294 891 2518 933 servare
2547 875 2690 942 vult,
2722 877 3000 944 excidere,
3036 892 3270 948 eumque
3306 879 3413 934 illis
3449 891 3566 933 tau-

306 975 454 1037 εἰκὸς
490 976 569 1036 είς
611 973 717 1024 πᾶν
756 971 935 1024 ὁτιοῦν
972 970 1166 1025 ἐλάσαι
1208 969 1318 1025 τῶν
1354 970 1885 1042 ἀνδραγαθημάτων,

1985 985 2146 1040 quam
2177 969 2422 1024 hostibus
2451 967 2707 1038 deinceps
2738 968 3016 1026 resistere.

306 1071 401 1122 καὶ
426 1067 660 1136 φειδοῦς,
692 1065 787 1118 καὶ
825 1066 1050 1138 ἀγάπης
1091 1065 1404 1120 ἀπολισθεῖν
1451 1065 1552 1136 τῆς
1591 1065 1744 1135 παρὰ
1785 1065 1879 1121 τοῦ
1920 1063 2114 1128 σώζειν
2181 1063 2475 1130 ἐθέλοντος,
2506 1063 2647 1118 ὥστε
2676 1063 2770 1119 καὶ
2793 1065 2852 1119 ἐν
2909 1061 3057 1129 τάξει
3089 1064 3346 1136 πολεμίου
3379 1065 3565 1120 λοιπὸν

305 1161 483 1213 δοκεῖν
515 1160 700 1222 αὐτοῖς
731 1159 1177 1216 ἀντανίστασθαι.

388 1254 693 1322 Ἐμνήσθη
726 1253 963 1322 ἡμερῶν
987 1256 1260 1311 αἰωνίων.
1299 1257 1426 1310 Ποῦ
1454 1259 1488 1310 o'
1515 1257 1884 1322 ἀναϐιϐάσας

303 1345 371 1396 ἐκ
400 1343 500 1411 τῆς
537 1344 650 1413 γῆς
684 1343 758 1414 (l)
803 1345 907 1397 τὸν
941 1345 1195 1415 ποιμένα
1229 1345 1346 1399 τῶν
1386 1347 1728 1414 προϐάτων;
1767 1346 1885 1400 ποῦ

305 1435 476 1488 ἐστιν
506 1439 539 1488 ό
578 1435 702 1502 θείς
743 1439 812 1490 ἐν
849 1439 1050 1504 αὐτοῖς
1093 1439 1160 1492 τὸ
1203 1440 1444 1508 Πνεῦμα
1486 1440 1552 1492 τὸ
1597 1439 1799 1508 ι’ίγιον;
1851 1441 1884 1491 ό

305 1525 622 1595 ἀναγαγὼν
639 1527 713 1594 τῇ
728 1527 896 1595 δεξιᾷ
917 1528 1146 1597 Μωσῆν
1167 1545 1187 1590 ξ·
1218 1530 1274 1582 Ὀ
1290 1530 1564 1598 βραχίων
1580 1530 1689 1598 τῆς
1701 1530 1883 1596 δόξης

305 1619 493 1672 αὐτοῦ
531 1620 908 1687 κατίσχυσεν
943 1620 1100 1688 ὕδωρ
1137 1621 1258 1676 ἀπὸ
1301 1621 1626 1690 προσώπου
1672 1621 1878 1685 αὐτοῦ,

307 1707 558 1776 ποιῆσαι
611 1709 771 1775 αὐτῷ
822 1710 1011 1779 ὄνομα
1059 1712 1298 1766 αίώνιον
1321 1729 1333 1741 ο
1389 1712 1616 1781 ἤγαγεν
1663 1711 1886 1776 αὐτοὺς

307 1797 404 1852 διὰ
436 1797 544 1866 τῆς
582 1801 879 1866 ἀϐύσσου,
919 1803 1000 1868 ὡς
1028 1803 1217 1857 ἵππον
1253 1803 1330 1857 δι’
1359 1803 1604 1872 ἐρήμου,
1637 1804 1734 1857 καὶ
1774 1805 1884 1856 οὐκ

305 1887 661 1952 ἐκοπίασαν,
715 1890 818 1943 καὶ
860 1891 942 1954 ὠς
1001 1891 1192 1961 κτήνη
1239 1891 1338 1946 διὰ
1383 1892 1624 1947 πεδίουο
1670 1891 1887 1958 κατέϐη

311 1979 548 2048 πνεῦμα
616 1982 776 2049 παρὰ
822 1982 1065 2049 Κυρίου,
1112 1983 1211 2036 καὶ
1243 1982 1562 2052 ὡδήγησεν
1625 1984 1847 2048 αὐτούς
1872 1998 1886 2013 ·

305 2069 492 2134 οὕτως
507 2070 730 2141 ἤγαγες
757 2073 863 2126 τὸν
885 2073 1040 2127 λαόν
1065 2088 1205 2140 σου,
1231 2074 1340 2128 τοῦ
1371 2073 1622 2141 ποιῆσαι
1654 2073 1890 2138 σεαυτῷ

306 2159 493 2230 ὄνομα
529 2162 734 2230 δόξης.

375 2251 471 2312 Ei;
493 2251 692 2324 ἔχθραν
731 2255 914 2319 αὐτοῖς
955 2255 1359 2328 μεταϐληθῆναι
1390 2257 1564 2324 λέγων
1595 2256 1686 2309 τὸν
1719 2256 1891 2324 φειδοῖ
1946 2276 1951 2283 ·

307 2341 402 2392 καὶ
443 2341 632 2412 ἀγάπη
662 2343 723 2396 τὸ
761 2346 893 2414 πρὶν
931 2347 1416 2419 κατευφραίνοντα,
1461 2347 1560 2410 τὰς
1601 2346 1692 2400 τοῦ
1743 2346 1888 2417 πρά-

305 2445 516 2498 γματος
548 2431 728 2494 αἰτίας
759 2431 1038 2502 ἐξηγεῖται
1083 2436 1390 2506 χρησίμως.
1449 2435 1887 2506 Διεμνημόνευσε

305 2513 438 2583 γὰρ,
470 2515 657 2584 φησὶν,
694 2517 860 2586 ἤγουν
903 2519 1204 2590 ἀνεπόλησε
1243 2523 1343 2585 τὰς
1375 2523 1588 2592 ἡμέρας
1628 2524 1728 2586 τὰς
1753 2526 1889 2578 αίωο

306 2604 474 2667 νίους,
536 2606 804 2672 τουτέστι,
864 2609 964 2672 τὰς
1019 2612 1544 2682 ἀειμνημονεῦτους,
1605 2615 1693 2668 διὰ
1723 2616 1784 2668 τὸ
1831 2618 1888 2670 ἐν

308 2697 502 2760 αὐταῖς
530 2697 758 2753 πλεῖστά
787 2716 850 2752 τε
890 2701 990 2753 ὅσα
1036 2702 1132 2756 καὶ
1169 2703 1422 2774 ἐξαίρετα
1453 2706 1707 2773 γενέσθαι
1753 2706 1886 2760 θαύ·

310 2803 476 2856 ματα.
520 2787 616 2851 Τίς
651 2788 707 2841 δὲ
736 2792 764 2842 6
803 2793 1222 2861 μνημονεύσας;
1254 2797 1284 2847 6
1315 2795 1652 2858 ἀναϐιϐάσας
1689 2798 1754 2850 ὲκ
1788 2798 1887 2867 τῆς

306 2877 412 2946 γῆς
453 2877 546 2932 τὸν
585 2880 817 2950 ποιμένα
841 2881 951 2935 τῶν
977 2883 1300 2954 προϐάτωνς
1329 2888 1548 2940 Ἔοικεν
1578 2890 1636 2942 ὲν
1677 2888 1887 2952 τούτοις

305 2967 404 3036 τῆς
429 2967 775 3034 ἀναστάσεως
807 2972 1078 3026 ποιεῖσθαι
1109 2976 1332 3047 μνήμην
1358 2976 1452 3029 τοῦ
1479 2978 1692 3032 πάντων
1725 2978 1886 3048 ἡμῶν

307 3057 556 3128 Σωτῆρος
600 3060 838 3129 Χριστοῦ
862 3079 875 3090 ⁸
923 3066 952 3116 ὁ
997 3065 1105 3135 γὰρ
1143 3067 1502 3132 ἀναϐιϐάσας,
1541 3069 1724 3139 φησὶν,
1765 3070 1886 3122 ἀντὶ

2057 1250 2224 1321 882
2249 1247 2413 1304 Vens.
2444 1249 2626 1303 H-M.
2660 1250 2725 1303 Et
2755 1251 3056 1306 recordatus
3080 1263 3154 1306 est
3183 1252 3386 1308 dierum
3412 1265 3566 1310 teter-

1991 1358 2196 1395 norum.
2241 1339 2343 1394 Ubi
2397 1350 2470 1394 est
2487 1341 2771 1410 quieduxit
2787 1341 2852 1394 de
2884 1351 3023 1396 terra
3053 1353 3310 1412 pastorem
3349 1347 3566 1400 ovium?

1992 1433 2092 1486 Ubi
2115 1443 2205 1486 esr
2218 1433 2311 1501 qui
2340 1434 2512 1500 posuit
2543 1434 2596 1485 in
2625 1435 2699 1487 eis
2731 1433 2986 1501 Spiritum
3019 1448 3256 1490 sanctum
3275 1438 3300 1490 ?
3325 1441 3415 1505 qui
3436 1441 3563 1492 edu-

1990 1524 2064 1575 a'it
2095 1523 2310 1576 dextera
2348 1521 2604 1590 Moysen?
2642 1520 2924 1576 Brochium
2948 1525 3131 1594 gloritu
3151 1542 3262 1580 sua:
3299 1531 3563 1596 superavit

1991 1631 2180 1681 aquam
2233 1632 2265 1667 a
2324 1617 2462 1680 {acie
2493 1616 2626 1684 ejus,
2681 1626 2737 1668 ut
2778 1615 2971 1683 faceret
3014 1618 3114 1670 sibi
3150 1633 3336 1671 nomen
3371 1621 3564 1688 sempi-

1991 1715 2215 1758 ternum.
2291 1705 2455 1759 Duxit
2529 1723 2614 1759 eos
2651 1723 2742 1776 per
2775 1707 3046 1778 abyssum,
3084 1719 3331 1778 tanquam
3372 1726 3562 1779 equum

1989 1811 2081 1862 per
2100 1795 2458 1859 solitudinem,
2479 1807 2524 1849 et
2543 1796 2928 1864 laboraverunt,
2962 1809 3010 1852 el
3043 1799 3176 1852 sicut
3200 1799 3444 1868 jumentu
3473 1818 3565 1866 per

1992 1900 2251 1952 campum.
2287 1885 2558 1938 Descendit
2593 1886 2807 1952 spiritus
2842 1904 2874 1939 a
2905 1886 3149 1950 Domino,
3179 1898 3226 1940 et
3246 1889 3357 1941 dua:
3379 1905 3556 1942 eorum

1991 1977 2112 2043 fuit.
2148 1975 2237 2030 Sic
2273 1978 2472 2030 duxisti
2511 1978 2756 2046 populum
2806 1988 2972 2044 tuum,
3008 1989 3062 2031 ut
3099 1978 3295 2047 faceres
3328 1981 3418 2035 tibi
3465 1999 3560 2034 no-

1992 2083 2107 2121 men
2135 2068 2335 2137 gloria'.

2057 2244 2192 2299 Cum
2241 2245 2439 2299 dixerit
2483 2259 2542 2299 se
2587 2258 2906 2300 conversum
2955 2261 3076 2304 esse
3120 2248 3172 2304 iu
3221 2249 3560 2305 inimicitiam

1991 2335 2126 2398 illis,
2155 2335 2246 2404 qui
2277 2336 2426 2404 prius
2459 2350 2554 2391 eos
2589 2337 2960 2393 misericordia
2993 2348 3045 2394 et
3078 2341 3349 2395 eharitate
3381 2343 3563 2396 suble-

1990 2429 2140 2482 vavit
2179 2438 2233 2482 et
2275 2429 2617 2495 exhilaravit,
2661 2446 2853 2486 causas
2895 2432 3115 2500 hujusce
3159 2435 3238 2488 rei
3279 2435 3561 2490 commode

1988 2517 2226 2585 exponit.
2259 2515 2314 2570 lu
2347 2518 2661 2572 memoriam
2692 2520 2966 2574 revocavit
2994 2521 3136 2574 enim
3157 2560 3172 2586 ,
3208 2522 3412 2591 inquit,
3444 2525 3561 2577 ani-

1989 2621 2184 2676 moque
2208 2605 2466 2660 volutavit
2490 2607 2606 2660 dies
2633 2615 2886 2672 aeternos,
2911 2609 2962 2662 id
2991 2619 3091 2672 est,
3119 2623 3332 2678 semper
3357 2623 3561 2663 memo-

1988 2700 2206 2763 rabiles,
2256 2709 2476 2770 propter
2517 2701 2684 2754 multa
2728 2708 2783 2754 et
2826 2701 3024 2755 eximia
3070 2701 3124 2754 in
3172 2701 3278 2756 illis
3320 2703 3560 2771 prtestita

1990 2789 2270 2846 miracula.
2302 2789 2434 2857 Quis
2471 2799 2649 2845 autem
2689 2791 3005 2851 recordatus
3034 2792 3154 2846 est?
3182 2793 3316 2859 Quis
3347 2794 3437 2849 ille
3466 2796 3559 2865 qui

1986 2880 2175 2935 eduxit
2206 2881 2273 2935 de
2309 2889 2450 2934 terra
2487 2890 2758 2949 pastorem
2791 2881 3070 2936 omnium?
3099 2881 3322 2937 Videtur
3349 2885 3438 2938 hic
3472 2900 3561 2939 re-

1986 2969 2342 3026 surrectionis
2357 2971 2596 3024 omnium
2615 2981 2857 3026 nostrum
2877 2973 3392 3029 ServatorisChristi
3413 2990 3563 3031 men-
3595 2959 3597 2969 ’

1987 3064 2189 3117 tionem
2235 3062 2435 3116 facere.
2477 3062 2576 3127 Qui
2624 3064 2843 3125 eduxit,
2890 3065 3097 3132 inquit,
3141 3065 3224 3119 vel
3267 3068 3562 3122 ascendere

303 3147 420 3209 τοῦ,
441 3151 468 3201 ὁ
495 3151 804 3222 ἀναστήσας
847 3154 956 3206 ἀπὸ
983 3155 1089 3226 γῆς
1116 3158 1208 3211 τὸν
1237 3159 1458 3213 πάντων
1493 3162 1881 3235 ἀρχιποιμὲνα,

1989 3151 2149 3218 fecit,
2182 3166 2281 3220 pro
2313 3169 2327 3206 :
2363 3151 2462 3218 Qui
2495 3151 2752 3205 excitavit
2780 3167 2812 3205 e
2843 3162 2986 3206 terra
3018 3153 3256 3206 omnium
3287 3170 3559 3210 sumntum

304 3237 615 3307 ἀναστήσας
638 3241 692 3292 δὲ
714 3243 835 3312 οὐχὶ
864 3245 1080 3309 πάντως
1119 3247 1184 3300 ἔκ
1211 3249 1440 3319 νεκρῶν,
1481 3251 1596 3304 ἀλλ’
1621 3249 1732 3306 οἷον
1753 3256 1882 3308 ἀνα-

302 3325 483 3390 δείξας
511 3328 570 3394 ὲξ
609 3330 944 3402 ἀνθρώπων·
969 3336 1159 3404 γέγονε
1195 3339 1304 3410 γὰρ
1340 3341 1416 3404 ὡς
1463 3336 1544 3404 εἷς
1589 3341 1648 3409 ἐξ
1705 3343 1878 3413 ἡμῶν.

304 3417 559 3487 γέννησιν
607 3422 908 3490 ὑπομείνας
954 3425 1053 3494 τὴν
1093 3427 1236 3480 κατὰ
1267 3429 1445 3499 σάρκα
1483 3432 1547 3483 ἐκ
1575 3433 1882 3498 γυναικὺςὸ

307 3511 600 3581 μονογενὴς
630 3512 724 3564 τοῦ
764 3513 976 3584 Πατρὸς
1013 3516 1207 3585 Λόγος.
1259 3520 1481 3592 Ἐπειδὴ
1511 3522 1588 3586 δὲ,
1613 3522 1688 3586 ὡς
1722 3523 1879 3594 ἔφην,

302 3600 690 3670 ἀμνημόνευτα
721 3603 954 3657 εἰσάπαν
983 3606 1083 3676 τῆς
1113 3607 1265 3676 παρά
1292 3609 1428 3662 Θεοῦ
1472 3611 1880 3684 μεγαλουργίας

303 3689 492 3743 ἐθεᾶτο
513 3693 606 3744 τὸν
658 3694 893 3764 Ἰσραὴλ,
941 3699 1222 3768 μονονουχὶ
1259 3702 1637 3773 κατατέθηπεν
1673 3705 1704 3756 6
1745 3721 1880 3776 προ·

303 3782 499 3850 φήτης,
530 3781 624 3832 καὶ
644 3783 723 3844 εἰς
746 3783 905 3837 τοῦτο
936 3787 1202 3850 πεσόντας
1237 3790 1592 3860 ἀναισθησίας
1622 3794 1880 3865 ὀλοφύρε-

299 3887 392 3922 ται
428 3869 600 3936 λέγων
629 3885 644 3898 ⁸
671 3888 702 3920 «ι
735 3870 844 3922 Ποῦ
875 3871 1020 3925 ἔστιν
1057 3875 1085 3926 6
1110 3873 1224 3936 θεὶς
1257 3877 1316 3928 ἐν
1348 3878 1532 3941 αὐτοῖς
1569 3877 1631 3931 τὸ
1657 3881 1879 3950 Πνεῦμα

300 3961 364 4013 τὸ
401 3961 575 4029 ἆγιον,
601 3980 619 4012 ι
644 3963 941 4026 τουτέστιν,
964 3967 992 4016 6
1020 3965 1320 4036 ἐπιστήσας
1350 3970 1409 4021 ἐν
1431 3969 1617 4032 αὐτοῖς
1645 3969 1706 4022 τὸ
1739 3970 1879 4026 θεῖον

302 4050 468 4105 αὐτοῦ
511 4055 608 4108 καὶ
652 4055 921 4122 σωτήριον
962 4053 1204 4124 Πνεῦμα.
1234 4056 1458 4126 Κατέὸη
1495 4058 1606 4129 γὰρ
1651 4059 1878 4130 Πνεῦμα

303 4144 455 4214 παρᾶ
483 4144 710 4213 Κυρίου,
760 4145 853 4197 καὶ
880 4144 1162 4216 ὡδήγησεν
1193 4148 1410 4212 αὐτοὺς,
1437 4150 1622 4218 φησίν.
1654 4152 1797 4221 Ἔφη
1821 4153 1877 4204 δὲ

302 4237 397 4290 καὶ
426 4237 456 4288 6
482 4236 762 4300 θεσπέσιος
793 4237 978 4302 Δαὸὶδ,
1000 4239 1082 4292 ὅτι
1123 4258 1142 4289 ι
1180 4239 1558 4305 Ἐξαπέστειλε
1580 4240 1674 4296 τὸν
1704 4243 1877 4312 Λόγον

302 4327 487 4391 αὐτοῦ,
517 4329 609 4382 καὶ
643 4329 832 4382 ἰάσατο
860 4329 1076 4392 αὐτούς.
1104 4350 1122 4382 ι
1164 4331 1224 4385 '0
1245 4333 1302 4385 δὲ
1328 4332 1533 4403 Κύριος
1563 4335 1624 4388 τὸ
1663 4337 1877 4406 πνεῦμα

299 4417 468 4483 ἐστὶν,
520 4421 734 4491 ἐνεργεῖ
773 4420 880 4494 γὰρ
929 4420 1018 4475 διὰ
1069 4421 1163 4476 τοῦ
1217 4423 1500 4494 ὁμοουσίου
1540 4410 1874 4496 Πνεύματος.

1986 3252 2280 3312 pastorem,
2307 3243 2399 3313 qui
2426 3243 2702 3306 excitavit,
2729 3243 2968 3309 inquam,
2995 3257 3098 3295 non
3123 3243 3292 3298 solum
3315 3259 3380 3300 ex
3409 3261 3558 3302 mor-
3589 3232 3595 3307 ξ

1987 3334 2126 3401 tuis,
2166 3333 2258 3388 sed
2302 3331 2451 3386 velut
2491 3333 2707 3402 erigens
2747 3347 2812 3386 ex
2862 3332 3189 3388 hominibus.
3235 3334 3432 3391 Factus
3473 3347 3559 3394 est

1981 3427 2124 3481 enim
2157 3435 2408 3494 tanquam
2440 3440 2580 3479 unus
2609 3439 2673 3478 ex
2706 3425 2882 3490 nobis,
2910 3434 3086 3480 ortum
3117 3427 3322 3483 habens
3347 3431 3558 3486 ratione

1981 3518 2162 3573 carnis
2189 3518 2256 3572 de
2287 3517 2534 3583 muliere,
2561 3518 2793 3587 unigena
2824 3517 3001 3572 Patris
3031 3517 3244 3576 Sermo.
3270 3521 3373 3577 Sed
3404 3519 3593 3594 quia,,‘

1983 3620 2038 3663 ut
2075 3609 2213 3674 dixi,
2251 3611 2596 3678 conspicatus
2628 3621 2713 3664 est
2749 3609 3010 3678 propheta
3048 3610 3299 3666 lsraelem
3335 3615 3558 3669 omnino

1979 3703 2202 3756 oblitum
2234 3701 2430 3755 divinat
2467 3701 2912 3771 magniﬁcentiae,
2950 3711 3156 3757 tantum
3195 3719 3300 3757 non
3337 3714 3558 3777 stupore

1979 3787 2238 3846 confusus
2271 3799 2382 3856 est,
2415 3801 2470 3844 et
2500 3806 2564 3843 eo
2595 3792 2924 3858 stupiditatis
2956 3793 3137 3860 lapsos
3168 3793 3440 3861 deplorat,
3473 3797 3558 3849 di-

1979 3894 2109 3935 cens
2148 3897 2163 3934 :
2209 3898 2227 3930 ι
2273 3879 2372 3933 Ubi
2412 3888 2496 3932 est
2530 3880 2622 3946 qui
2664 3880 2843 3946 posuit
2880 3879 2934 3932 in
2981 3879 3085 3932 illis
3128 3879 3386 3948 Spiritum
3427 3883 3592 3950 επηορ

1979 3970 2160 4025 ctum?
2195 3987 2213 4020 ι
2249 3970 2300 4022 id
2338 3976 2450 4032 est,
2479 3969 2569 4036 qui
2608 3968 2835 4021 inseruit
2874 3967 2978 4021 illis
3011 3969 3253 4022 divinum
3293 3985 3451 4026 suum
3489 3988 3554 4028 ac

1980 4063 2268 4119 Salutarem
2299 4060 2594 4130 Spiritum?
2626 4060 2912 4115 Descendit
2949 4061 3092 4114 enim
3127 4060 3359 4131 Spiritus
3389 4080 3418 4116 a
3451 4065 3556 4119 Do-

1981 4155 2144 4218 mino,
2174 4162 2228 4207 et
2254 4151 2408 4206 duxit
2433 4167 2545 4206 eos.
2572 4150 2738 4206 Porro
2761 4151 2974 4208 divinus
3003 4155 3166 4209 David
3194 4155 3270 4208 ait
3299 4173 3315 4210 :
3349 4175 3367 4206 ι
3405 4156 3554 4210 Emi-

1979 4248 2051 4302 sit
2081 4246 2310 4302 Verbum
2344 4259 2522 4308 suum,
2553 4253 2607 4298 et
2638 4244 2849 4298 sanavit
2881 4259 2976 4300 eos
2994 4245 3059 4300 ’³.
3099 4264 3118 4297 ι
3158 4247 3414 4301 Dominus
3448 4263 3553 4301 au-
3584 4229 3588 4298 ί

1981 4345 2087 4390 ιεηι
2121 4336 2344 4404 spiritus
2375 4344 2454 4389 est
2475 4334 2542 4388 ".
2565 4333 2833 4402 Operatur
2859 4335 3003 4389 enim
3037 4350 3134 4405 per
3161 4335 3422 4406 Spiritum
3457 4339 3552 4408 qui

1978 4425 2201 4496 aequalis
2236 4435 2319 4481 est
2361 4424 2700 4482 substantiae.
2741 4424 2840 4480 Ubi
2885 4435 2968 4481 est
3006 4427 3172 4498 ergo?
3201 4441 3341 4496 pro,
3390 4427 3552 4484 Obliti

301 4509 410 4562 Ποῦ
445 4512 621 4566 τοίνυν
677 4513 855 4582 ὲστίν;
892 4514 1012 4568 ἀντὶ
1058 4514 1176 4579 τοῦ,
1225 4515 1583 4580 ἐπελάθοντο,
1634 4520 1730 4571 καὶ
1775 4519 1875 4572 οὐκ

1983 4525 2124 4582 sunt,
2155 4525 2210 4571 et
2236 4531 2347 4572 non
2382 4517 2746 4585 quaesiverunt
2777 4531 2924 4581 eum,
2980 4519 3314 4573 recordando
3345 4519 3555 4575 scilicet

298 4599 631 4672 ἐξεζήτησαν
655 4606 840 4669 αὑτὸν,
873 4607 962 4660 διὰ
997 4605 1094 4660 τοῦ
1128 4607 1438 4677 μεμνῆσθαι
1473 4607 1737 4679 δηλονότι,
1779 4610 1874 4664 καὶ

296 4693 515 4763 ἀγαπᾷν
545 4695 727 4752 αὐτόν.
752 4698 860 4749 Ποῦ
886 4700 914 4751 ὀ
942 4699 1232 4767 ἀναγαγὼν
1253 4701 1319 4770 τῇ
1347 4699 1496 4771 δεξιᾷ
1516 4701 1607 4754 τὸν
1634 4701 1868 4771 Μωσῆν;

297 4782 488 4850 Μέγας
523 4781 592 4854 ἦν
633 4787 662 4838 6
698 4787 904 4857 Μωσῆς
946 4791 976 4841 6
1017 4789 1300 4859 διαϐόητός
1348 4807 1407 4842 τε
1441 4791 1534 4844 καὶ
1579 4790 1778 4860 ὑψηλὸς
1811 4792 1870 4844 ἐν

295 4872 550 4945 εὐκλείου
595 4875 926 4945 ὑπεμφαίνει
972 4879 1029 4931 δὲ
1069 4880 1228 4933 τοῦτο
1260 4880 1340 4948 τὸ,
1382 4882 1693 4950 ἀναγαγὼν,
1720 4885 1871 4951 ἐνερ-

294 4961 497 5034 γούσης
518 4963 587 5016 δι’
607 4965 771 5018 αὑτοῦ
783 4968 881 5038 τῆς
905 4968 997 5021 τοῦ
1025 4969 1160 5022 Θεοῦ
1184 4971 1382 5037 δεξιᾶς.
1405 4991 1424 5024 ι
1442 4973 1500 5026 ’0
1519 4973 1757 5045 βραχίων
1771 4974 1871 5042 τῆς

291 5054 452 5124 δόξης
494 5055 845 5126 κατίσχυσεν,
880 5077 900 5111 ι
941 5060 974 5130 ἢ
1026 5062 1458 5131 κατηγωνίσατο,
1497 5065 1590 5117 καὶ¹
1621 5063 1870 5135 νενίκηκε

291 5144 394 5211 τὴν
415 5143 524 5197 τῶν
549 5145 756 5198 ὑδάτων
792 5147 951 5216 φύσιν
990 5150 1278 5222 συμπήξας
1306 5151 1464 5206 αὑτά.
1509 5152 1736 5221 Ἐπάγει
1762 5152 1872 5222 γὰρ

292 5234 426 5285 ὡσεὶ
455 5238 632 5305 τεῖχος
658 5236 725 5289 τὰ
763 5236 950 5304 ὕδατα,
983 5241 1170 5311 φησὶν,
1205 5243 1370 5312 ἡγουν
1398 5245 1538 5296 αὑτά
1575 5246 1869 5315 κατίσχυσε

289 5324 361 5376 τὰ
390 5323 577 5387 ὕδατα,
621 5325 760 5380 ὥστε
799 5330 891 5382 καὶ
931 5330 1094 5400 πῆξιν
1137 5331 1445 5402 ὑπομεῖναι,
1495 5335 1669 5388 καίτοι
1707 5335 1869 5406 φύσιν

289 5417 484 5486 ἔχοντα
511 5417 612 5486 τὴν
647 5418 840 5490 ὑγράν.
874 5417 1208 5494 Πεπλήρωκε
1245 5424 1304 5478 δὲ
1343 5427 1438 5480 καὶ
1477 5426 1654 5498 τοῦτο,
1680 5429 1868 5501 φησὶν,

359 5587 406 5620 ⁸³
432 5588 572 5642 Psal.
602 5603 712 5654 ενι,
740 5591 828 5647 20.
907 5595 953 5627 “
982 5596 1138 5652 Joan.
1174 5615 1252 5664 tv,
1281 5600 1371 5654 24.
1475 5579 1486 5600 ’

357 5764 436 5836 (l)
468 5765 754 5840 Θαλάσσης
791 5769 951 5830 LXX.

1977 4616 2034 4661 et
2059 4607 2328 4676 diligendo
2354 4622 2498 4662 eum.
2529 4606 2628 4663 Ubi
2654 4617 2737 4662 est
2758 4607 2848 4676 qui
2872 4609 3057 4663 eduxit
3081 4610 3271 4664 dextra
3298 4609 3551 4679 Moysen?

1977 4697 2203 4767 Magnus
2234 4698 2336 4752 fuit
2370 4697 2600 4769 Moyses,
2637 4699 2966 4768 pereelebris
3001 4709 3056 4754 et
3091 4701 3348 4770 dignitate
3382 4699 3554 4754 s'tthlio

1977 4790 2100 4844 mis.
2133 4789 2295 4858 quue
2330 4790 2636 4843 subiudicat
2666 4805 2682 4844 :
2711 4787 2932 4854 Eduxit,
2963 4799 3222 4858 operante
3252 4802 3348 4857 per
3377 4788 3550 4857 ipsum

1977 4882 2156 4936 divina
2191 4881 2432 4936 dextera.
2471 4898 2490 4931 ι
2531 4879 2818 4935 Brachium
2852 4881 3038 4951 gloriae
3071 4880 3370 4950 superavit,
3408 4897 3427 4930 ι
3465 4877 3550 4933 \el

1976 4971 2323 5041 expugnavit,
2359 4981 2414 5026 et
2445 4972 2574 5026 vicit
2604 4981 2851 5026 naturam
2887 4985 3148 5040 aquarum
3170 4971 3406 5033 ,sistens
3431 4982 3546 5022 eas.

1977 5061 2185 5118 lnducit
2217 5063 2360 5116 enim
2390 5064 2536 5117 velut
2571 5079 2782 5116 murum
2820 5077 3006 5132 aquas,
3045 5062 3238 5130 inquit.
3273 5058 3366 5114 Vel
3402 5059 3549 5127 ipsas

1979 5167 2149 5223 aquas
2205 5154 2434 5223 repulit,
2493 5153 2660 5224 883
2712 5169 2776 5207 ac
2831 5153 3124 5222 superavit,
3177 5151 3249 5203 ita
3318 5154 3378 5202 ut
3428 5147 3547 5201 sisti

1978 5257 2039 5298 se
2070 5253 2406 5314 paterentur,
2443 5247 2654 5301 etiamsi
2689 5254 2936 5299 naturam
2973 5245 3210 5298 habeant
3246 5241 3542 5295 humidam.

1977 5331 2222 5404 Implevit
2267 5337 2389 5404 hoc,
2432 5337 2624 5406 inquit,
2666 5345 2726 5391 ut
2766 5336 2870 5391 sibi
2916 5348 3110 5388 nomen
3156 5331 3546 5401 sempiternum

1976 5429 2303 5499 acquireret.
2340 5428 2466 5485 Sive
2507 5428 2652 5483 enim
2694 5429 2796 5483 hoc
2838 5425 3036 5480 factum
3076 5431 3180 5491 est,
3221 5421 3338 5478 sive
3381 5418 3545 5474 etiam
