4134 6302
305 357 497 462 ”1595

1488 385 1553 440 ΙΝ
1596 384 1828 442 ISAIAM
1868 382 1995 438 LIB.
2037 383 2100 437 V.
2141 379 2377 437 TOMUS
2420 379 2480 435 V.

3415 355 3418 358 ’
3481 357 3614 436 taat

365 537 384 569 ι
431 514 537 568 Ποῦ
577 513 692 566 ἔστι
721 513 750 566 ό
777 510 939 582 ξῆλός
975 525 1092 571 σου,
1127 505 1217 558 καὶ
1243 507 1271 558 ὁ
1304 505 1472 575 θυμός
1505 519 1632 569 σου;
1672 503 1782 555 Ποῦ
1818 501 1931 554 ἔστι

2037 500 2214 554 denuo
2247 496 2700 563 misericordiam,
2741 503 2794 560 et
2849 495 2902 548 in
2951 493 3134 550 multis
3165 493 3377 553 delictis
3404 498 3618 553 exhibi-

357 608 420 661 τὸ
459 604 666 676 πλῆθος
711 601 806 657 τοῦ
848 600 1026 661 ὲλέους
1058 615 1172 660 σου,
1207 598 1301 650 καὶ
1334 596 1440 648 τῶν
1466 594 1767 666 οἰκτιρμῶν
1817 608 1934 658 σου,

359 701 442 752 ὅτι
474 698 703 768 ἀνέσχου
753 695 942 766 ήμῶνς
997 710 1020 742 ι
1068 689 1275 758 Διψῶσι
1317 689 1374 742 δὲ
1412 689 1576 742 πάλιν
1626 688 1715 740 τὸν
1767 686 1935 750 ἔλεον,

361 787 454 839 καὶ
499 785 598 856 τὴν
639 785 730 836 ἐπὶ
763 779 977 841 πολλοῖς
1033 777 1443 849 παραπτώμασι
1474 776 1720 830 δοθεῖσαν
1753 774 1936 836 αὐτοῖς

361 877 691 949 ἡμερότητα,
745 873 836 928 καὶ
869 869 1299 940 φιλανθρωπίαν.
1350 868 1635 938 Ἦνέσχετο
1682 867 1791 938 γὰρ
1838 865 1939 918 αὺ-

359 969 486 1034 τῶν,
524 968 616 1020 καὶ
641 966 701 1018 οὐ
736 961 986 1034 φορητῶς
1012 959 1122 1013 ἔσθ’
1155 961 1243 1012 ὅτε
1272 959 1720 1030 παροτρυνόντων
1759 959 1938 1014 αὐτῶν

358 1059 520 1111 αὐτὸν
564 1054 939 1124 κατελάλησαν
985 1053 1045 1104 ἐν
1092 1053 1159 1120 τῇ
1200 1051 1412 1120 ἐρήμῳ,
1447 1051 1539 1102 καὶ
1579 1048 1937 1119 ἐξεπείρασαν

357 1147 516 1203 αὑτὸν
538 1148 594 1199 ἐν
615 1148 734 1209 ταῖς
758 1143 1007 1215 καρδίαις
1028 1140 1206 1196 αὐτῶν
1232 1140 1503 1208 λέγοντες,
1524 1140 1614 1210 Μὴ
1651 1140 1936 1211 δυνήσεται

355 1241 383 1290 ό
412 1239 545 1301 Θεὸς
588 1237 875 1306 ἑτοιμάσαι
920 1233 1198 1306 τράπεζαν
1242 1234 1299 1286 ὲν
1344 1233 1554 1304 ἐρήμῳ,
1590 1233 1670 1285 ὅτι
1699 1233 1935 1300 ἐπάταξε

359 1329 590 1398 πέτραν,
640 1326 734 1379 καὶ
784 1324 1057 1396 ἐρρύησαν
1087 1323 1276 1388 ὕδατα,
1310 1323 1404 1376 καὶ
1453 1323 1743 1394 χείμαρροι
1802 1341 1937 1378 κατ-

354 1419 723 1488 εκλύσθησαν;
747 1416 839 1488 Μὴ
870 1417 962 1470 καὶ
985 1417 1149 1486 ἄρτον
1173 1416 1394 1468 δύναται
1418 1414 1602 1467 δοῦναι
1625 1407 1777 1480 {Kal
1801 1415 1936 1486 πρὸς

355 1508 565 1570 τούτοις
587 1507 666 1559 ἔτι
699 1505 1233 1577 μεμοσχοποιήκασιν
1263 1503 1492 1566 ἀπόντος
1516 1501 1779 1566 Μωσέως,
1799 1503 1935 1571 πλὴν

355 1599 611 1668 ἠλέηνται
669 1597 1114 1669 παρακαλοῦντος
1176 1597 1363 1651 αὑτοῦ.
1439 1597 1688 1667 Ἀνέσχου
1757 1596 1934 1650 τοίνυν

358 1691 543 1760 ἡμῶν,
571 1692 723 1760 φασὶ,
790 1688 966 1743 καίτοι
1018 1688 1337 1752 πλειστάκις
1393 1689 1930 1758 προσκεκρουκότων.

362 1805 378 1832 ι
418 1785 489 1837 Σὺ
522 1783 630 1852 γὰρ
668 1777 718 1835 εἴ
757 1781 1167 1854 Πατὴρὴμῶν,
1220 1783 1302 1834 ὅτι
1359 1781 1610 1854 Ἀϐραὰμ
1644 1782 1744 1835 οὐκ
1795 1780 1936 1849 ἔγνω

2041 598 2150 643 tam
2206 589 2310 643 sibi
2364 588 2708 643 clementiam
2760 593 2816 640 et
2869 584 3285 638 humanitatem.
3346 586 3616 640 Sustinuit

2038 677 2181 730 enim
2211 691 2304 731 eos
2329 694 2341 731 :
2368 677 2530 732 etiam
2555 691 2676 730 cum
2706 687 3094 745 nonnunquam
3126 673 3302 743 ipsum
3331 675 3614 730 irritarent

2039 767 2468 824 intolerabiliter.
2502 765 2748 822 Oblocuti
2791 773 2914 820 sunt
2948 766 3000 818 in
3035 765 3343 830 solitudine,
3404 776 3458 820 et
3497 775 3645 840 teng

2038 864 2224 911 larunt
2267 856 2444 926 ipsum
2488 856 2542 911 in
2577 856 2830 911 cordibus
2860 854 2995 918 suis,
3026 855 3270 912 dicentes
3301 874 3316 910 :
3344 855 3482 910 Num
3517 857 3615 925 βο.

2039 945 2169 1000 terit
2198 945 2338 1002 Deus
2377 959 2571 1015 parare
2599 959 2840 1000 mensam
2884 943 2938 997 in
2972 944 3299 1001 solitudine?
3331 947 3457 1016 quia
3491 963 3613 1018 pcr-

2038 1038 2211 1093 cussit
2268 1045 2511 1107 petram,
2559 1045 2613 1092 et
2667 1035 2940 1095 ﬂuxerunt
2995 1051 3188 1106 aqum,
3238 1049 3292 1093 et
3344 1049 3612 1096 torrentes

2039 1131 2454 1186 inundaverunt.
2473 1130 2611 1185 Num
2629 1137 2680 1185 et
2701 1144 2891 1199 panem
2917 1132 3117 1203 poterit
3136 1132 3299 1187 dare?
3319 1132 3606 1195 Praeterea.
3651 1161 3654 1164 ~

2038 1221 2222 1295 Moyse
2240 1222 2481 1288 absente,
2505 1220 2736 1274 vitulum
2766 1220 3187 1287 fabricaveram,
3213 1234 3608 1290 verumtamen,

2037 1327 2102 1367 eo
2134 1321 2375 1383 rogante,
2412 1311 2845 1366 misericordiam
2884 1313 3164 1368 consecuti
3203 1324 3352 1368 sunt.
3389 1315 3612 1373 Sustine

2039 1402 2205 1470 igitur
2231 1417 2348 1469 nos,
2368 1402 2638 1471 inquiunt,
2668 1403 2878 1461 etiamsi
2905 1403 3179 1458 multoties
3204 1402 3607 1461 oﬂenderimus.

2043 1512 2061 1544 ι
2103 1491 2184 1546 Tu
2233 1492 2377 1546 enim
2418 1505 2475 1546 es
2505 1490 2670 1546 Pater
2714 1502 2920 1559 noster,
2972 1494 3096 1562 quia
3144 1495 3420 1550 Abraham
3467 1495 3610 1551 haud

2037 1582 2188 1637 novit
2221 1596 2342 1647 nos,
2377 1591 2432 1635 et
2462 1581 2630 1638 lsrael‘
2655 1596 2760 1636 non
2791 1583 3038 1652 cognovit
3062 1598 3180 1638 nos.
3217 1603 3236 1636 ι
3264 1583 3380 1639 Νοη
3413 1595 3612 1656 negant

2037 1680 2238 1740 patres.
2276 1670 2472 1726 Parum
2507 1687 2742 1745 namque
2783 1673 2995 1742 prolicit
3031 1674 3132 1729 hoc
3177 1675 3243 1729 ad
3290 1676 3611 1745 resipiscen-

2039 1763 2168 1818 tiam
2197 1777 2352 1817 :‘non
2392 1763 2534 1818 enim
2569 1763 2727 1834 ejecti
2769 1773 2895 1820 sunt
2925 1775 3144 1834 propter
3191 1766 3336 1831 illos,
3374 1768 3466 1822 sed
3509 1769 3608 1822 tri-

353 1842 650 1944 ήμᾶςίκίιὶ
687 1842 1260 1944 Ἶσραὴληοῦίέπέγνω
1295 1842 1478 1942 ήμᾶςῖ
1503 1893 1521 1924 ›
1566 1842 1679 1926 bim
1709 1842 1933 1944 ἀρνοῦν-

2037 1854 2211 1908 buunt
2239 1853 2422 1924 potius
2458 1855 2569 1908 Deo
2601 1859 2804 1910 amanti
2837 1855 3123 1923 bonorum,
3152 1857 3294 1927 quod
3328 1858 3530 1926 pietate
3554 1867 3610 1912 ct

351 1982 442 2017 ται
469 1965 593 2026 τοὺς
622 1965 886 2035 πατέρας.
919 1964 1232 2026 Ἀσυντελὲς
1263 1964 1369 2034 γὰρ
1399 1963 1558 2016 τοῦτο
1584 1965 1770 2028 αὐτοῖς
1800 1965 1936 2036 πρὸς

355 2052 716 2122 μετάγνωσιν.
750 2054 824 2106 Οὐ
865 2052 972 2124 γὰρ
1001 2051 1365 2122 ἐκϐέϐληνται
1394 2053 1462 2106 δι’
1493 2055 1710 2121 αὐτοὺς,
1743 2055 1936 2110 ἀπονέ-

355 2159 516 2210 μουσι
550 2141 606 2194 δὲ
639 2141 838 2212 μᾶλλον
861 2141 951 2212 τῷ,
991 2141 1276 2212 φιλαγάθῳ
1322 2142 1441 2214 Θεῷ
1482 2145 1543 2197 τὸ
1595 2144 1935 2198 πλεονεκτεῖν

353 2230 432 2292 εἰς
471 2230 873 2300 φιλοστοργίαν,
918 2230 1013 2282 καὶ
1059 2230 1184 2292 τοὺς
1238 2230 1378 2283 κατά
1425 2231 1604 2301 σάρκα
1651 2231 1933 2302 πατέρας·

360 2319 550 2391 Πατὴρ
607 2321 716 2390 γάρ
770 2324 886 2374 ἐστι
938 2321 1192 2392 πατέρων
1229 2321 1328 2392 (1).
1376 2321 1685 2393 Γεγόναμεν
1730 2324 1838 2397 γὰρ
1877 2325 1938 2390 ἐξ

353 2413 552 2478 αὐτῶν,
602 2415 758 2485 φασὶ,
783 2416 923 2485 πλὴν
967 2416 1027 2468 οὐ
1078 2415 1364 2468 τεθέανται
1411 2417 1577 2485 ἡμᾶς.
1611 2415 1683 2468 Σύ
1723 2433 1788 2484 γε
1830 2416 1936 2488 μὴν

351 2505 413 2555 οὐ
444 2503 788 2568 διαλέλοιπας
826 2507 922 2576 τὴν
969 2506 1144 2575 Ilath
1185 2505 1263 2575 τῷ
1293 2505 1566 2574 φιλόπαιδι
1621 2507 1936 2577 πρέπουσαν

354 2595 433 2656 είς
464 2594 612 2663 ἡμᾶς
637 2594 956 2659 άποσώζων,
992 2597 1086 2649 καὶ
1120 2595 1307 2665 φειδῶ,
1341 2596 1434 2648 καὶ
1460 2596 1699 2667 ἀγάπην.
1747 2595 1936 2650 Ῥῦσαι

354 2685 536 2737 τοίνυν
570 2687 748 2756 ἡμᾶς·
787 2687 1059 2758 ἐπεκλήθη
1105 2687 1211 2758 γὰρ
1246 2689 1376 2757 ἡμῖν
1413 2688 1476 2741 τὸ
1508 2687 1676 2757 ὄνομα
1709 2689 1770 2741 τὸ
1803 2689 1892 2742 σόν
1919 2705 1932 2719 °

356 2777 556 2848 κλῆρος
593 2779 700 2850 γάρ
747 2797 862 2844 σου,
917 2781 1012 2834 καὶ
1059 2779 1185 2844 λαὸς
1231 2782 1660 2853 χρηματίζομεν.
1712 2781 1934 2852 Ἐπειδὴ

352 2867 408 2920 δὲ
441 2868 531 2922 διὰ
567 2869 765 2940 πολλὴν
794 2869 1096 2936 ἀπείθειαν,
1132 2870 1226 2923 καὶ
1269 2873 1562 2940 σκαιότητα
1590 2872 1806 2943 τρόπων
1833 2875 1932 2944 ἑμ-

357 2957 770 3028 παροινίσαντες
813 2960 892 3030 τῷ
950 2961 1171 3032 Χριστῷ
1219 2960 1608 3014 ὲκπεπτώκασι
1654 2962 1755 3032 τῆς
1799 2963 1935 3032 πρὸς

357 3040 518 3102 αὐτὸν
545 3050 896 3120 οίκειότητος,
930 3053 1303 3123 πνευματικῆς
1320 3051 1580 3123 δηλονότι,
1619 3052 1711 3106 καὶ
1740 3051 1937 3122 ἀμέτο-

2037 1946 2372 2015 indulgentia
2460 1946 2627 2001 etiam
2682 1945 2928 2002 carnales
2984 1957 3167 2016 patres
3224 1959 3459 2018 superet.
3515 1948 3610 2008 Est

2037 2039 2180 2094 enim
2214 2037 2376 2093 Pater
2403 2047 2639 2107 patrum.
2691 2037 2812 2093 Nati
2843 2040 3054 2108 quidem
3096 2055 3302 2106 sumus,
3337 2041 3606 2110 inquiunt,

2036 2146 2101 2186 ex
2132 2129 2239 2184 illis
2265 2144 2279 2183 :
2310 2135 2367 2182 at
2405 2143 2511 2183 non
2543 2129 2794 2183 viderunt
2823 2145 2940 2184 nos.
2971 2128 3049 2184 Tu
3083 2138 3261 2186 autem
3300 2146 3405 2186 non
3437 2133 3608 2187 inter-

2036 2220 2233 2276 misisti
2274 2220 2700 2275 misericordiam
2741 2231 2795 2276 et
2828 2237 3066 2277 amorem
3118 2223 3168 2278 in
3213 2238 3310 2279 nos
3357 2234 3512 2295 patre
3554 2233 3610 2278 et

2037 2312 2331 2366 liberorum
2363 2320 2580 2366 amante
2602 2308 2824 2382 dignum
2854 2313 3105 2368 retinere.
3132 2312 3270 2369 Erue
3297 2316 3456 2384 igitur
3487 2331 3607 2381 nos,

2036 2402 2266 2458 Nomine
2296 2402 2439 2457 enim
2478 2411 2570 2456 tuo
2599 2402 2774 2456 vocati
2816 2417 3027 2468 sumus,
3056 2418 3120 2458 ac
3158 2418 3278 2459 sors
3311 2414 3398 2458 tua
3425 2415 3480 2459 et
3514 2419 3609 2474 po-

2038 2493 2193 2565 pulus
2226 2503 2349 2548 tuus
2381 2509 2781 2564 nuncupamur.
2813 2494 2884 2549 At
2922 2494 3177 2565 quoniam
3207 2504 3426 2565 propter
3470 2495 3609 2549 mul-

2038 2597 2148 2641 tam
2171 2585 2591 2641 inobedientiam
2610 2596 2664 2642 et
2683 2588 2960 2644 sinistram
2983 2587 3242 2642 malitiam
3266 2587 3319 2640 in
3332 2586 3606 2641 Christum

2036 2678 2286 2734 bacchati
2326 2687 2488 2746 sunt,
2530 2681 2850 2736 exciderunt
2898 2682 3274 2753 conjunctione
3313 2697 3434 2751 qua:
3485 2696 3607 2735 cum

2037 2771 2152 2840 ipso
2184 2779 2290 2834 est,
2320 2770 2591 2840 spirituali
2636 2772 2907 2840 videlicet,
2947 2782 3002 2828 et
3037 2773 3154 2843 ejus
3201 2773 3467 2828 donorum
3513 2787 3609 2826 ex-

2037 2871 2214 2932 pertes
2248 2862 2487 2932 fuerunt,
2528 2866 2782 2934 viamque
2815 2865 3142 2934 evangelicae
3176 2864 3610 2921 conversationis

2036 2953 2179 3009 haud
2225 2965 2510 3012 noverunt.
2560 2954 2698 3012 Hinc
2734 2957 3086 3013 meritissimo
3135 2954 3324 3012 ﬂentes
3365 2955 3549 3011 dicunt
3586 2974 3602 3010 :

2036 3043 2215 3111 Quare
2246 3045 2510 3100 seduxisti
2547 3061 2668 3112 nos,
2695 3047 2940 3114 Domine,
2975 3063 3002 3100 a
3037 3049 3118 3101 via
3164 3046 3288 3102 tua?
3327 3045 3610 3100 obdurasti

355 3157 440 3210 χοι
478 3141 732 3210 γεγόνασι
779 3143 890 3196 τῶν
938 3144 1068 3215 παρ’
1101 3143 1262 3197 αὑτοῦ
1289 3146 1662 3215 χαρισμάτων,
1695 3146 1789 3198 καὶ
1836 3145 1933 3216 τῆς

2039 3135 2202 3190 corda
2249 3145 2453 3202 nostra,
2489 3153 2557 3192 ne
2601 3138 2917 3194 timeremus
2963 3139 3051 3194 te?
3079 3136 3429 3193 Obdurarunt
3465 3137 3609 3192 enim

355 3231 716 3301 εὐαγγελικῆς
748 3233 1022 3298 πολιτείας
1051 3235 1151 3288 οὑκ
1201 3233 1442 3304 ἔγνωσαν
1472 3235 1572 3306 τὴν
1606 3236 1744 3289 ὁδόν·
1793 3237 1930 3290 ταύ-

354 3337 526 3390 τῃτοι,
551 3323 643 3375 καὶ
693 3323 835 3393 μάλα
859 3324 1110 3388 εἰκότως,
1148 3323 1471 3395 θρηνοῦντες
1516 3329 1697 3393 φασίν*
1730 3327 1846 3380 ἰνα
1878 3328 1933 3382 τί

353 3412 663 3486 ὲπλάνησας
692 3415 801 3474 ἀπὸ
832 3417 931 3486 τῆς
968 3414 1088 3469 ὁδοῦ
1121 3433 1234 3481 σου,
1267 3417 1605 3488 ὲσκλήρυνας
1650 3418 1810 3489 ἡμῶν
1835 3420 1933 3493 τὴν

355 3507 602 3579 καρδίαν,
630 3505 724 3560 τοῦ
767 3506 842 3578 μὴ
867 3506 1147 3575 φοϐεῖσθαί
1183 3524 1242 3560 σε
1262 3523 1276 3573 ;
1297 3509 1663 3580 Ἐσκλήρυναν
1699 3510 1798 3580 μὲν
1827 3509 1936 3582 γὰρ

355 3597 507 3651 αὐτοὶ
553 3597 652 3660 τὰς
697 3596 907 3651 ἑαυτῶν
959 3597 1205 3667 καρδίας.
1246 3597 1476 3668 Εἴρηται
1507 3597 1638 3666 γοῦν
1671 3598 1808 3669 πρὸς
1835 3599 1934 3652 αὺ-

352 3689 477 3749 τοὺς
502 3686 589 3739 διὰ
616 3686 714 3752 τῆς
744 3686 836 3738 τοῦ
877 3688 1154 3756 προφήτου
1190 3686 1393 3754 φωνῆς·
1431 3705 1449 3737 t
1474 3687 1814 3758 Διαρρήξατε
1835 3689 1932 3751 τάς

355 3775 580 3846 καρδίας
596 3771 769 3842 ὑμῶν,
792 3773 884 3826 καὶ
904 3773 978 3843 μὴ
1006 3773 1073 3825 τὰ
1108 3773 1302 3842 ἱμάτια
1317 3773 1494 3842 ὑμῶν.
1525 3793 1544 3825 ι
1581 3775 1728 3845 Πλὴν
1759 3793 1932 3840 κατα·-

353 3865 626 3936 μαλθάξαι
673 3864 970 3931 δυνάμενος
1012 3862 1041 3914 ὁ
1073 3863 1181 3916 τῶν
1217 3862 1352 3917 ὅλων
1402 3863 1554 3929 Θεὸς,
1608 3865 1793 3935 ἀπηνῆ
1842 3869 1934 3920 καὶ

351 3959 654 4029 ἄθραυστον
715 3954 859 4024 ἔχειν
922 3953 1562 4025 αὑτοὺς’συγκεχὼρηκε
1621 3955 1765 4009 νοῦν.
1824 3959 1934 4010 Καὶ

350 4050 555 4120 ταύτης
585 4048 746 4101 ἕνεκα
778 4047 878 4117 τῆς
910 4045 1107 4112 αἰτίας,
1139 4047 1221 4099 ὅτι
1249 4045 1323 4116 μὴ
1353 4047 1633 4117 τρυφεράς
1656 4047 1933 4120 ἀπέφηνεν

2038 3243 2136 3283 sua
2183 3230 2420 3296 ipsorum
2468 3229 2636 3300 885
2681 3231 2864 3285 corda.
2911 3227 3096 3297 Itaque
3125 3231 3328 3285 dictum
3373 3238 3457 3284 est
3502 3229 3612 3290 illis

2039 3334 2172 3374 voce
2213 3320 2490 3388 prophetae
2519 3340 2534 3374 :
2571 3339 2588 3372 ι
2629 3321 2956 3392 Disrutnpite
2995 3322 3158 3376 corda
3191 3329 3389 3387 vestra,
3417 3329 3474 3376 et
3502 3334 3611 3376 non

2039 3411 2361 3465 vestimenta
2397 3421 2576 3468 vestra
2595 3413 2662 3465 ‘7.
2700 3431 2718 3464 ι
2753 3411 2952 3468 Verum
2981 3428 3104 3467 cum
3135 3412 3380 3468 emollire
3409 3413 3612 3482 potuis-

2037 3510 2130 3558 set.
2170 3499 2543 3556 universorum
2585 3503 2762 3567 Deus,
2804 3503 3050 3573 permisit
3102 3503 3211 3558 illis
3261 3511 3318 3557 ut
3367 3514 3604 3558 mentem

2037 3593 2374 3662 praefractas:
2399 3594 2664 3650 haberent
2704 3604 2758 3651 et
2779 3604 3178 3651 contumacem.
3197 3595 3314 3651 Hac
3335 3595 3401 3650 de
3423 3609 3610 3661 causa,

2039 3685 2166 3754 quia
2200 3695 2384 3740 tenera
2421 3694 2476 3741 et
2505 3686 2685 3742 mollia
2721 3688 2837 3756 ipsa
2869 3703 2975 3743 non
3006 3688 3260 3752 reddidit,
3293 3688 3409 3757 ipse
3439 3688 3613 3750 obdu-

2040 3790 2163 3832 rare
2191 3777 2410 3832 dicitur.
2445 3777 2652 3843 Quibus
2687 3788 2865 3832 autem
2897 3780 2999 3834 hoc
3039 3779 3256 3844 accidit,
3280 3779 3365 3832 his
3391 3777 3612 3834 omnino

2009 3867 2258 3923 necesse
2285 3877 2370 3923 est
2408 3869 2552 3922 aliud
2587 3867 2865 3935 obvenire,
2903 3879 2988 3934 ut,
3036 3871 3292 3938 inquam,
3323 3869 3418 3924 Dei
3464 3877 3609 3926 metu

2037 3968 2277 4014 careant.
2315 3959 2538 4028 Spectat
2585 3972 2800 4028 quoque
2851 3961 2951 4014 hoc
2991 3960 3058 4014 ad
3110 3961 3412 4025 interitum,
3457 3971 3511 4014 et
3555 3960 3608 4013 in

2039 4048 2363 4118 profundum
2395 4048 2592 4104 inferni
2625 4049 2837 4104 animas
2868 4051 3136 4104 deturbat.

351 4143 538 4206 αὐτὰς,
569 4141 730 4204 αὐτὸς
775 4138 1073 4209 σκληρῦναι
1118 4138 1354 4208 λέγεται,
1403 4143 1516 4204 τοῖς
1565 4141 1622 4194 δὲ
1668 4143 1825 4196 τοῦτο
1891 4144 2183 4204 πεπονθόσι
2223 4144 2374 4198 πᾶσά
2419 4160 2534 4207 πως
2576 4142 2791 4213 ἀνάγκη
2859 4143 3046 4198 καὶτὸ
3099 4144 3285 4216 ἕτερον
3330 4140 3604 4203 ἐπελθεῖν,

353 4234 494 4306 φημὶ
517 4233 582 4304 δὴ
614 4232 675 4286 τὺ
705 4231 809 4297 ἔξω
836 4230 932 4286 τοῦ
961 4229 1104 4284 θείου
1128 4231 1380 4300 γενέσθαι
1451 4233 1638 4303 φόϐου.
1673 4235 1866 4288 Βλέπει
1903 4237 1958 4290 δὲ
2027 4235 2188 4290 τοῦτο
2217 4235 2353 4308 πρὸς
2391 4235 2632 4304 ὄλεθρον,
2676 4235 2772 4288 καὶ
2805 4238 2888 4304 είς
2917 4235 3186 4308 πέταυρον
3217 4233 3342 4307 ᾅδου
3374 4249 3608 4298 κατακο-

354 4327 500 4398 μίζει
536 4326 730 4397 ψυχάς.

436 4417 834 4487 Ἐπίστρεψον
876 4417 974 4473 διὰ
1019 4419 1160 4484 τοὺς
1205 4417 1466 4486 δούλους
1511 4435 1647 4484 σου,
1681 4421 1780 4476 διὰ
1829 4423 1931 4489 τὰς

2110 4413 2271 4470 Vens.
2329 4414 2418 4478 18,
2463 4413 2549 4468 19.
2613 4413 2920 4468 Convertere
2976 4422 3187 4482 propter
3243 4432 3418 4470 servos
3465 4428 3604 4483 tuos,

351 4510 550 4580 φυλὰς
581 4509 690 4577 τῆς
723 4512 1126 4580 κληρονομίας
1158 4526 1296 4574 σου,
1326 4511 1426 4565 ἵνα
1453 4515 1670 4581 μικρόν
1700 4531 1754 4568 τι
1788 4519 1928 4583 κλη-

345 4600 777 4671 ρονομήσωμεν
811 4601 915 4655 τοῦ
960 4601 1138 4669 ὅρους
1175 4601 1279 4668 τοῦ
1313 4602 1486 4670 ἁγίου
1519 4619 1660 4660 σου.
1699 4605 1927 4675 Ἔγενόι

347 4693 501 4759 μεθα
527 4691 606 4755 ὡς
628 4692 689 4744 τὸ
724 4691 823 4745 ἀπ’
844 4690 1056 4760 ἀρχῆς,
1088 4692 1186 4746 ὅτε
1214 4694 1324 4746 οὐκ
1351 4689 1540 4762 ἦρξας
1572 4695 1758 4764 ἡμῶν,
1785 4695 1928 4750 οὐδὲ

352 4780 658 4848 ἐπεκλήθη
701 4780 767 4832 τὸ
801 4781 987 4850 ὄνομά
1019 4797 1135 4837 σου
1171 4783 1262 4852 ἐφ’
1292 4783 1466 4852 ἡμᾶς.

423 4872 643 4926 Αξτοῦσι
679 4873 839 4926 πάλιν
887 4874 987 4944 τὴν
1028 4876 1162 4945 πρὸς
1192 4876 1388 4939 αὐτοὺς
1436 4877 1792 4948 ἐπιστροφὴν,
1829 4879 1925 4949 τὴν

355 4963 444 5016 διά
474 4979 538 5031 γε
567 4964 708 5032 φημὶ
727 4963 1088 5034 γαληνότητα,
1111 4966 1204 5018 καὶ
1233 4966 1661 5037 φιλανθρωπίαν.
1697 4968 1927 5034 Δούλους

359 5052 416 5106 δὲ
461 5055 554 5106 καὶ
585 5053 781 5124 κλῆρον
829 5050 965 5108 εἶναι
999 5055 1185 5124 φασίνο
1230 5039 1328 5126 οὖχ
1366 5058 1441 5121 ὡς
1489 5060 1829 5130 πεπραχότες
1875 5078 1928 5129 τι

353 5145 738 5215 δουλοπρεπὲς,
772 5146 941 5215 ἤγουν
982 5149 1099 5208 ταῖς
1127 5147 1291 5201 αὐτοῦ
1323 5148 1574 5216 ζεύγλαις
1604 5151 1929 5221 ὑποσχόντες

353 5235 444 5288 τὸ)
476 5236 699 5304 αὐχένα,
745 5235 859 5289 ἀλλ’
900 5235 1019 5288 οὐδὲ
1048 5236 1124 5300 ὠς
1167 5237 1443 5302 τελοῦντες
1479 5241 1558 5303 εἰς
1594 5241 1791 5311 κλῆρον
1837 5243 1926 5294 τὸν

357 5327 724 5398 ἑκνεμηθὲντα
753 5326 900 5397 αὐτῷ
927 5327 1321 5399 μελετήσαντες
1350 5329 1409 5383 τὸ
1437 5331 1667 5400 εὐήνιον.
1711 5332 1928 5405 Ἐπειδὴ

353 5416 411 5469 δὲ
438 5415 586 5484 ἅπαξ
618 5419 1085 5490 κεχρηματίκασιν
1119 5419 1304 5491 αὑτοῦ,
1341 5423 1432 5476 καὶ
1465 5421 1565 5493 τὴν
1602 5423 1735 5493 πρὸς
1765 5423 1928 5476 αὐτὸν

426 5593 472 5624 ⁸⁷
504 5591 637 5649 Joel.
665 5609 726 5660 ll,
767 5594 848 5650 l5.

428 5771 506 5844 (l)
538 5773 622 5830 ΑΙ.
664 5774 1006 5846 πνευμάτων.

2031 4516 2242 4576 propter
2270 4508 2436 4561 tribus
2465 4507 2786 4566 Imreditatis
2816 4515 2939 4572 tute,
2969 4517 3026 4560 ut
3049 4507 3314 4568 modicum
3337 4511 3606 4574 possidea-

2032 4613 2148 4650 mur
2174 4601 2361 4651 montis
2387 4599 2555 4651 sancti
2577 4597 2678 4650 tui.
2700 4594 2856 4652 Facti
2886 4613 3066 4650 sumus
3097 4599 3231 4652 sicut
3267 4617 3299 4652 a
3324 4601 3603 4669 principio,

2032 4690 2244 4759 quando
2277 4705 2380 4743 non
2408 4689 2755 4743 dominareris
2785 4689 2974 4754 nostri,
3009 4704 3170 4758 neque
3199 4690 3496 4744 invocatum
3529 4702 3604 4745 est

2035 4796 2221 4833 nomen
2255 4789 2402 4834 tuum
2430 4796 2585 4848 super
2616 4795 2731 4833 nos.

2089 4873 2303 4940 lterum
2339 4882 2526 4942 petunt
2557 4881 2614 4926 ut
2648 4873 2835 4927 redeat
2873 4873 2939 4926 ad
2983 4887 3064 4934 se,
3099 4886 3195 4942 per
3233 4874 3602 4934 serenitatem,
3679 4942 3690 4956 θ

2031 4966 2277 5034 inquam,
2315 4970 2370 5017 et
2411 4964 2827 5019 humanitatem.
2887 4965 3087 5021 Servos
3128 4973 3184 5018 et
3230 4965 3602 5020 [nereditatem

2031 5072 2154 5111 esse
2187 5055 2375 5109 dicunt
2399 5070 2479 5120 se,
2505 5071 2612 5110 non
2636 5057 2790 5124 quasi
2825 5053 3032 5124 aliquid
3063 5053 3205 5123 quod
3229 5069 3420 5110 servos
3447 5057 3602 5114 decet

2031 5148 2266 5218 egerint,
2306 5156 2400 5200 aut
2433 5147 2700 5201 cervicem
2735 5147 2854 5216 ejus
2895 5146 3023 5216 jugo
3069 5153 3466 5215 supponerent,
3501 5163 3603 5202 nec

2037 5240 2180 5309 quod
2216 5239 2531 5294 haereditate
2563 5239 2650 5293 illa
2681 5239 2833 5305 potiti
2865 5245 3188 5308 praestarent
3215 5237 3603 5302 obedientiam,

2035 5332 2129 5387 sed
2169 5331 2293 5402 quia
2335 5331 2500 5387 semel
2534 5330 2649 5399 ejus
2697 5332 2828 5387 dicti
2870 5339 3026 5395 sunt,
3065 5337 3120 5384 et
3166 5328 3604 5399 conjunctionem

2036 5442 2155 5482 cum
2198 5427 2314 5496 ipso
2344 5427 2410 5482 ab
2437 5426 2592 5482 initio
2625 5426 2980 5496 intimamque
3007 5421 3465 5481 necessitudinem
3506 5421 3597 5478 ha-
