4134 6302
631 345 772 403 I395

1615 341 1675 394 S.
1714 338 1988 394 CYRILLI
2027 339 2499 397 ALEXANDRINI
2539 337 2853 396 ARCHIEP.

3739 340 3891 398 {336

630 459 884 522 buerunt,
913 466 1130 527 prepter
1157 457 1257 509 hoc
1295 465 1348 509 et
1385 455 1602 522 quidem
1646 456 1816 510 solum
1866 457 2071 512 servari
2105 473 2194 526 pe-

2297 459 2602 526 οίκειὸτητα
2645 459 3084 527 πεπλουτήκασιν
3116 458 3174 509 ἐν
3205 458 3421 528 ἀρχαῖς,
3453 456 3541 509 διὰ
3584 455 3747 508 τοῦτο
3796 457 3897 509 καὶ

633 559 773 604 tunt.
809 567 828 600 ι
866 545 1160 602 Revertere
1192 549 1358 608 enim,
1395 544 1588 613 inquit,
1625 555 1681 598 ut
1720 547 1986 602 modicum
2022 549 2195 617 possi-

629 639 858 692 deamus
925 636 1123 690 montis
1173 637 1348 690 sancti
1404 637 1503 688 tui.
1556 654 1575 687 ι
1636 636 1866 692 Montem
1921 648 2193 702 sanctum,

628 727 928 784 Ecclesiam
956 726 1143 781 dicunt
1169 739 1539 793 saepenumero
1567 740 1738 780 sacrae
1763 725 1978 781 Littera:
2003 745 2016 781 :
2045 727 2195 795 cujus

631 818 824 886 exigua
846 817 1090 886 quaedam
1115 816 1288 885 portio
1311 819 1635 872 exstiterunt
1662 817 1934 871 lsraelitae.
1963 817 2018 872 Si
2049 820 2194 872 enim

637 907 980 965 sdmisissent
1028 908 1188 964 [idem
1233 923 1353 976 qua:
1391 917 1474 963 est
1517 909 1570 962 iu
1619 909 1901 963 Dominum
1952 919 2193 963 nostrum

571 1009 581 1060 .‘
652 999 811 1056 esum
850 1000 1147 1064 Christum,
1186 998 1442 1054 Ecclesia:
1485 1006 1659 1053 CtBlllS
1705 1015 1897 1069 magna
1944 1013 2010 1054 ex
2045 1009 2196 1067 parte

626 1109 696 1148 οε
733 1093 839 1146 illis
875 1100 1098 1147 coactus
1136 1092 1368 1147 fuisset:
1399 1092 1650 1160 adjuncta
1703 1091 1830 1159 ipsis
1867 1092 2031 1146 etiam
2064 1106 2194 1158 gen-

630 1184 763 1238 tium
799 1183 1162 1238 multitudine.
1219 1181 1323 1237 Sed
1361 1183 1617 1252 quoniam
1664 1191 1881 1251 pr0pter
1929 1182 2192 1250 insignem

627 1271 1050 1327 inobedieutiam
1093 1275 1422 1340 posteriores
1460 1274 1707 1344 gentibus
1761 1272 1887 1327 iacti
1935 1279 2096 1336 sunt,
2139 1280 2196 1327 et

589 1332 842 1413 'illarum
877 1361 1031 1413 turba
1068 1370 1150 1414 est
1197 1332 1558 1423 numerosior.
1598 1361 1650 1415 hi
1690 1369 1869 1415 autem
1909 1361 2065 1430 pauci
2095 1363 2190 1414 ad-

625 1450 844 1504 modum
868 1449 1152 1518 :(servatze
1174 1462 1298 1504 sunt
1330 1451 1472 1506 enim
1503 1450 1740 1518 reliquis:
1765 1467 1779 1502 :
1804 1450 1872 1520 ¹ε’)
1910 1459 2193 1520 propterea

624 1541 875 1610 exiguam
907 1541 1208 1610 portionem
1249 1541 1298 1592 in
1335 1551 1517 1596 monte
1546 1551 1753 1605 sancto,
1789 1541 1841 1595 id
1867 1551 1967 1607 est,
2003 1542 2056 1596 in
2089 1541 2192 1596 Ec-

624 1629 814 1695 clesia,
852 1631 1232 1698 possederunt.
1263 1629 1319 1684 Si
1351 1629 1474 1698 quis
1501 1639 1680 1684 autem
1715 1631 1856 1686 dicat
1883 1645 2192 1700 supremam

625 1717 928 1780 civitatein,
960 1717 1238 1772 caelestem
1277 1716 1596 1785 Ecclesiam,
1628 1727 1938 1774 sanctorum
1963 1730 2192 1775 matrem

625 1814 681 1860 et
711 1807 1002 1870 nutricem,
1038 1807 1141 1861 dici
1173 1809 1240 1862 ab
1273 1807 1406 1877 ipsis
1434 1819 1670 1864 montem
1703 1818 1973 1874 sanctum,
2015 1811 2197 1880 ibique

587 1910 722 1976 .eos
768 1894 904 1950 velle
951 1895 1281 1952 haereditatis
1330 1899 1632 1966 portionem
1687 1899 1942 1969 consequi
1985 1916 2000 1954 :
2047 1907 2196 1954 recte

581 2055 588 2076 Ι
625 1987 730 2041 hoc
753 1985 917 2041 etiam
949 1989 1108 2042 modo
1133 1986 1401 2058 intelliges
1422 2006 1436 2042 :
1457 1987 1651 2045 Factos
1683 2005 1803 2046 esse
1829 1991 2018 2046 dicunt
2047 2004 2107 2047 se
2137 1999 2196 2045 ut

587 2136 594 2151 ,
624 2092 656 2130 a
689 2076 975 2148 principio,
999 2079 1216 2148 quando
1249 2094 1357 2134 non
1388 2080 1764 2136 dominabatur
1786 2095 1996 2147 eorum,
2022 2095 2196 2150 neque

622 2175 745 2223 erat
780 2182 974 2223 nomen
1011 2167 1127 2236 ejus
1153 2183 1316 2238 super
1357 2169 1503 2239 ipsos
1533 2169 1858 2226 invocatum.
1887 2167 1984 2226 Est
2014 2181 2194 2226 autem

625 2257 780 2314 valde
825 2269 1190 2315 consentanea
1229 2259 1346 2314 haec
1377 2259 1571 2314 oratio.
1615 2260 1751 2315 Cum
1788 2263 1932 2317 enim
1962 2261 2196 2318 excidis-

622 2359 746 2405 sent
792 2348 962 2405 semel
1013 2351 1082 2405 ah
1119 2352 1237 2422 ejus
1281 2353 1453 2425 886
1500 2353 1874 2410 misericordia
1917 2361 1972 2408 et
2013 2362 2194 2423 prote-

622 2443 824 2509 ctione,
855 2444 908 2498 in
945 2445 1234 2514 pristinum
1262 2457 1461 2502 statum
1496 2447 1697 2502 reversi
1725 2455 1869 2502 sunt.
1905 2445 2043 2514 Quid
2074 2455 2194 2500 tan-

583 2560 597 2618 ί
627 2535 750 2588 dem
773 2533 902 2588 illud
925 2535 1081 2591 erat?
1103 2535 1422 2592 Servierunt
1442 2535 1713 2608 Aigyptiis
1747 2539 1858 2594 luto
1886 2549 1941 2594 et
1962 2539 2195 2594 lateritio

622 2635 812 2691 opere,
847 2623 1040 2693 hisque
1077 2624 1167 2679 diu
1203 2624 1478 2682 laboribus
1511 2628 1806 2682 excruciati
1847 2637 1993 2684 sunt.
2042 2627 2195 2684 Nunc

619 2724 804 2769 autem
853 2716 1079 2785 pedibus
1119 2716 1400 2772 diabolicis
1440 2719 1866 2782 succubuerunt,
1911 2731 1965 2773 et
2012 2719 2194 2774 carnis

622 2805 909 2862 aﬂ’eCtibus
951 2808 1247 2878 mundique
1303 2809 1692 2878 cupiditatibus
1737 2809 1995 2864 cumulati
2045 2820 2190 2864 sunt.

620 2893 750 2950 Haec
790 2895 937 2950 enim
984 2895 1217 2951 lateritia
1243 2911 1408 2967 opera
1439 2897 1686 2967 quaedam
1717 2897 1930 2953 occulta
1967 2899 2190 2970 intelligi

619 2990 870 3054 possunt.
913 2981 1230 3039 Servierunt
1281 2985 1334 3039 in
1379 2984 1616 3058 )Egypto
1662 2988 1944 3056 spiritibus
1988 2989 2189 3045 malis:

575 3103 581 3114 ι
622 3085 768 3126 nunc
792 3073 847 3126 in
872 3072 1005 3141 ipsis
1032 3083 1118 3130 est
1141 3073 1366 3144 spiritus
1389 3075 1719 3133 immundus.
1749 3077 1912 3149 idque
1937 3080 2195 3136 Servator

575 3165 583 3176 ‘
621 3162 740 3231 ipse
771 3177 870 3218 nos
904 3163 1107 3230 docuit,
1141 3165 1207 3219 de
1239 3165 1344 3221 illis
1373 3165 1601 3235 loquens
1629 3188 1642 3224 :
1669 3186 1686 3218 ι
1724 3167 1856 3222 Cum
1886 3169 2197 3227 immundus

620 3253 846 3324 spiritus
876 3255 1072 3310 exierit
1102 3270 1166 3311 ex
1202 3257 1443 3322 homine,
1471 3257 1711 3314 ambulat
1739 3275 1840 3325 per
1868 3260 1986 3316 loca
2019 3262 2193 3327 arida,

583 3420 589 3426 _
621 3358 874 3414 quaerens
911 3346 1234 3414 requietem,
1269 3360 1368 3402 nec
1399 3347 1624 3402 invenit.
1670 3347 1826 3405 Tunc
1856 3349 1932 3404 ait
1960 3367 1975 3404 :
2007 3351 2062 3404 In
2093 3351 2192 3406 do-

623 3450 770 3490 mum
819 3449 993 3489 meam
1037 3443 1300 3503 revertar,
1337 3437 1478 3493 unde
1507 3451 1759 3508 egressus
1791 3453 1934 3498 sum.
1975 3442 2191 3498 Etcum

586 3525 806 3592 .venit,
861 3526 1069 3581 invenit
1125 3541 1245 3580 eam
1295 3542 1524 3583 vacuam
1574 3539 1629 3584 ct
1677 3541 1980 3602 purgatam.
2039 3535 2193 3591 Tunc

585 3608 588 3612 ί
621 3614 874 3681 assumit,
901 3613 1097 3683 inquit,
1135 3614 1269 3670 alios
1299 3625 1507 3685 septem
1539 3618 1761 3687 spiritus
1795 3619 2085 3690 nequiores
2108 3637 2192 3692 se,

620 3713 679 3760 ct
701 3705 1100 3774 ingrediuntur,
1132 3719 1196 3762 ac
1227 3706 1299 3761 ibi
1331 3707 1598 3772 habitant,
1629 3709 1872 3782 ﬁuntque
1897 3714 2192 3771 novissima

622 3797 862 3851 hominis
894 3797 1038 3852 illius
1075 3796 1258 3866 pejora
1304 3798 1597 3866 prioribus.
1646 3798 1738 3857 Sic
1769 3803 1892 3870 erit,
1936 3820 1959 3857 ι
1996 3805 2193 3876 inquit,

628 3901 648 3935 ι
687 3884 1020 3952 generationi
1051 3885 1177 3941 huic
1210 3885 1362 3940 mala:
1382 3885 1447 3940 ”.
1484 3905 1502 3938 ι

621 3975 830 4044 γίνεται
869 3975 939 4030 τά
992 3975 1194 4047 ἔσχατα
1240 3975 1333 4030 τοῦ
1381 3975 1666 4048 ἀνθρώπου
1701 3979 1934 4046 ἐκείνου,
1975 3983 2190 4056 χείρονα

620 4069 690 4139 τῇ
733 4067 965 4139 πονηρᾷ·
1009 4085 1029 4118 ι

693 4160 826 4215 CAP.
855 4155 1036 4211 LXIV.
1064 4155 1229 4212 Vens.
1253 4155 1364 4212 i-3.
1391 4156 1451 4212 Si
1481 4161 1748 4226 aperueris
1775 4160 1982 4228 calum,
2005 4173 2197 4220 tremor

623 4251 974 4323 apprehendet
1018 4265 1084 4306 ea:
1127 4259 1176 4304 te
1216 4259 1440 4316 montes,
1481 4262 1530 4304 et
1576 4252 1874 4320 liquescant,
1917 4265 1972 4308 ut
2017 4272 2137 4310 cera
2163 4274 2197 4311 a

625 4347 762 4416 faeie
794 4345 927 4414 ignis
953 4343 1151 4411 tiqueﬁt
1178 4357 1196 4395 :
1245 4352 1294 4396 et
1322 4343 1584 4397 comburet
1613 4345 1747 4414 ignis
1772 4346 2123 4413 adversarios,
2148 4358 2196 4403 et

623 4438 833 4491 illustre
869 4436 965 4490 erit
1011 4450 1196 4488 nomen
1235 4444 1384 4487 tuum
1412 4433 1468 4488 in
1500 4434 1836 4490 adversariis.
1877 4437 1915 4490 Α
1941 4437 2076 4504 facie
2102 4450 2196 4494 tua

2305 548 2468 618 μόνον
2502 547 2778 610 αἰτοῦντες
2799 547 2860 598 τὸ
2887 545 3154 610 σώζεσθαι
3177 562 3190 574 ·
3231 563 3250 597 ι
3308 543 3668 614 Ἐπίστρεψον
3695 544 3832 613 γάρ,
3867 565 3888 596 s

2303 639 2490 708 φησὶν,
2528 658 2546 689 ι
2586 639 2675 691 ἵνα
2702 637 2895 708 μικρόν
2946 655 2996 690 τι
3040 636 3537 708 κληρονομήσωμεν
3579 636 3676 689 τοῦ
3725 638 3893 706 ὅρους

2299 726 2396 780 τοῦ
2427 728 2603 795 ἀγίου.
2641 745 2661 780 s
2703 728 2866 796 Ὄρος
2913 727 3010 794 μὲν
3047 720 3140 778 οῦν
3191 726 3348 792 ἅγιον
3394 725 3494 795 τὴν
3553 725 3894 796 Ἐκκλησίαν

2300 817 2625 887 πλεισταχοῦ
2669 835 2802 888 φησι
2834 817 2894 869 τὸ
2932 818 3169 887 Γράμμα
3211 816 3273 868 τὸ
3310 815 3474 887 ἱερὸν,
3516 805 3582 884 ἦς
3624 818 3895 884 γεγόνασι

2302 907 2475 978 βραχύ
2493 925 2546 959 τι
2577 907 2740 977 μέρος
2767 907 2816 959 oi
2835 906 2892 972 ἐξ
2917 904 3165 976 Ἰσραήλ·
3196 907 3245 957 εἰ
3265 905 3362 974 μὲν
3377 903 3486 972 γὰρ
3515 904 3894 974 παρεδέξαντο

2300 993 2397 1064 τὴν
2449 993 2653 1057 πίστιν,
2695 993 2792 1063 τὴν
2841 992 2920 1056 εἰς
2962 993 3054 1045 τὸν
3105 991 3308 1060 Κύριον
3345 993 3498 1062 ἡμῶν
3548 990 3761 1058 Ἰησοῦν
3799 994 3893 1044 τὴν

2302 1081 2557 1153 Χριστὸν,
2590 1081 2960 1151 συναγήγερτο
2977 1080 3042 1134 ἂν
3067 1081 3125 1147 ἐξ
3139 1081 3320 1135 αὐτῶν
3350 1085 3428 1144 εἰς
3463 1082 3595 1135 πολύ
3626 1101 3682 1134 τι
3715 1084 3889 1152 μέρος

2301 1171 2402 1238 τῆς
2441 1170 2764 1242 Ἐκκλησίας
2810 1173 2872 1226 τὸ
2919 1174 3190 1242 σύστημα,
3222 1173 3753 1244 προσεπενεχθείσης
3788 1177 3888 1225 αὑ-

2299 1263 2413 1324 τοῖς
2465 1260 2698 1332 καὶτῆς
2739 1263 2848 1314 τῶν
2896 1261 3064 1317 ἐθνῶν
3102 1263 3361 1332 πληθύος.
3421 1263 3639 1333 Ἐπειδὴ
3687 1264 3746 1315 δὲ
3797 1265 3889 1316 διά

2301 1350 2503 1421 πολλὴν
2533 1351 2817 1407 ἀπείθειαν
2849 1353 3076 1407 κατόπιν
3109 1353 3366 1422 γεγόνασι
3409 1353 3517 1408 τῶν
3562 1354 3758 1419 ἐθνῶν,
3791 1357 3888 1408 καὶ

2301 1441 2536 1513 ἀριθμοῦ
2569 1443 2668 1514 μὲν
2699 1443 2962 1512 κρείττων
2997 1445 3031 1512 ή
3059 1444 3284 1497 ἐκείνων
3316 1444 3432 1496 ἐστὶ
3464 1443 3695 1514 πληθὺς,
3728 1446 3888 1497 αὐτοὶ

2261 1539 2264 1542 ’
2299 1533 2356 1586 δέ
2393 1533 2455 1604 δὴ
2480 1534 2672 1604 κομιδῇ
2697 1531 2949 1604 βραχεῖς·
2982 1534 3248 1586 σέσωπαι
3278 1533 3382 1604 γὰρ
3409 1532 3470 1584 τὸ
3500 1534 3882 1603 κατάλειμμα·

2297 1625 2389 1679 διὰ
2435 1625 2593 1678 τοῦτο
2625 1625 2819 1696 μικρόν
2862 1643 2916 1678 τι
2949 1624 3457 1694 κεκληρονομήκασι
3497 1625 3667 1694 μέρος
3701 1628 3758 1676 ἐν
3810 1626 3884 1693 τῷ

2299 1717 2415 1790 ὅρει
2458 1715 2536 1786 τῷ
2565 1715 2724 1786 ἁγίῳ,
2753 1714 3019 1779 τουτέστι,
3049 1717 3115 1784 τῇ
3156 1715 3469 1785 Ἐκκλησία.
3504 1715 3564 1767 Εἰ
3607 1715 3666 1766 δέ
3705 1714 3771 1784 δή
3805 1732 3885 1777 τις

2227 1802 2268 1856 Β
2295 1808 2444 1877 λέγοι
2482 1807 2582 1878 τὴν
2614 1807 2726 1860 ἄνω
2771 1806 2946 1872 πόλιν,
2975 1807 3075 1878 τὴν
3119 1807 3178 1858 ἐν
3223 1807 3472 1878 οὐρανοῖς
3527 1807 3883 1876 Ἐκκλησίαν,

2295 1898 2393 1969 τὴν
2421 1899 2529 1952 τῶν
2555 1898 2725 1968 ἁγίων
2755 1898 2968 1970 μητέρα
3019 1897 3114 1952 καὶ
3142 1897 3365 1968 τροφὸν,
3408 1897 3530 1966 ὅρος
3564 1898 3725 1966 ἆγιον
3769 1901 3884 1952 δνο-

2299 1988 2566 2060 μάζεσθαι
2597 1989 2726 2060 παρ’
2751 1986 2954 2052 αὐτῶν,
2980 1988 3075 2042 καὶ
3099 1987 3156 2039 ἐν
3178 1986 3328 2056 αὑτῷ
3357 1987 3644 2057 βούλεσθαι
3675 1988 3882 2060 κλήρου

2299 2080 2464 2150 μέρος
2488 2079 2692 2150 λαχεῖν,
2728 2079 2904 2151 ὀρθῶς
2935 2079 3205 2150 συνήσεις,
3239 2079 3333 2132 καὶ
3364 2077 3505 2131 κατά
3550 2078 3744 2132 τοῦτον
3789 2079 3883 2132 τὸν

2263 2171 2495 2250 ,τρόπον
2520 2188 2534 2200 ·
2567 2170 2817 2239 γενέσθαι
2853 2171 2909 2223 δέ
2956 2187 3090 2240 φησι
3122 2169 3184 2223 τὸ
3218 2169 3294 2232 ὡς
3335 2169 3611 2240 ἀπαρχῆς,
3644 2171 3734 2223 ὅτε
3781 2172 3881 2224 οὐκ

2295 2254 2464 2330 ἦρχεν
2490 2257 2690 2324 αὐτῶν,
2712 2256 2834 2311 οὔτε
2870 2258 2978 2328 μὴν
3006 2256 3280 2328 ἐπεκλήθη
3307 2257 3367 2310 τὸ
3396 2257 3572 2328 ὄνομα
3594 2259 3762 2311 αὑτοῦ
3792 2259 3880 2312 ἐπ’

2295 2346 2490 2410 αὐτούς
2513 2363 2528 2377 ο
2559 2346 2670 2417 ἔχει
2707 2346 2763 2398 δὲ
2793 2345 2928 2399 πολὺ
2958 2346 3021 2399 τὸ
3048 2347 3193 2410 είκὸς
3235 2349 3263 2400 ό
3295 2345 3450 2414 λόγος
3473 2364 3485 2376 ·
3517 2348 3878 2400 ἐκπεπτωκό-

2294 2454 2387 2500 τες
2415 2437 2522 2508 γάρ
2563 2437 2711 2501 ἅπαξ
2736 2437 2837 2506 τῆς
2869 2439 3000 2509 παρ’
3029 2437 3191 2490 αὐτοῦ
3239 2437 3473 2507 φειδοῦς,
3527 2439 3623 2490 καὶ
3669 2438 3878 2508 σκέπης

2296 2530 2668 2598 ὑπενόστησαν
2690 2529 2769 2592 εἰς
2789 2527 2849 2581 τὸ
2874 2530 2932 2582 ἐν
2954 2529 3167 2600 ἀρχαῖς.
3192 2529 3302 2582 Καὶ
3330 2534 3458 2582 ποῖα
3481 2521 3678 2584 ταῦτέ
3690 2532 3840 2582 ἐστιν
3860 2549 3876 2595 ;

2307 2619 2615 2674 Ἐδούλευον
2652 2620 2967 2688 Αἰγυπτίοις
2996 2619 3150 2691 πηλῷ
3185 2620 3278 2673 καὶ
3326 2620 3598 2690 πλινθεία,
3641 2620 3740 2673 καὶ
3769 2622 3881 2683 τοῖς

2296 2711 2375 2774 εἰς
2408 2709 2566 2762 τοῦτο
2613 2709 2881 2780 καμάτοις
2931 2708 3371 2779 καταικιζόμενοι
3415 2709 3731 2763 διετέλουνο
3781 2728 3881 2763 πε-

2296 2799 2546 2854 πτώκασι
2574 2799 2630 2852 δὲ
2661 2800 2756 2853 καὶ
2791 2799 2886 2852 νῦν
2921 2799 3026 2852 ὑπὸ
3053 2799 3219 2864 πόδας
3250 2799 3617 2867 διαδολικοὺς,
3654 2801 3751 2854 καὶ
3769 2803 3882 2864 toi;

2295 2889 2392 2959 τῆς
2425 2887 2625 2959 σαρκὸς
2655 2886 2852 2940 πάθεσι
2913 2888 3007 2941 καὶ
3043 2891 3337 2958 κοσμικαῖς
3365 2888 3692 2958 ἐπιθυμίαις
3722 2906 3881 2943 καταο

2298 2980 2622 3051 μιαίνονται·
2665 2978 2912 3032 πλινθεία
2944 2980 3053 3050 γὰρ
3084 2979 3223 3049 αὕτη
3261 2982 3436 3033 νοοῖτο
3483 2978 3552 3033 ἂν
3586 2981 3817 3044 εἰκότως
3847 2985 3878 3050 ἡ

2298 3072 3027 3146 κεκρυμμένη..Ἐλάτρευον
3070 3074 3127 3125 ἐν
3166 3072 3427 3142 Αἰγύπτῳ
3468 3072 3746 3144 πνεύμασι
3786 3091 3881 3125 πο-

2297 3171 2505 3240 νηροῖς,
2550 3167 2644 3220 καὶ
2669 3166 2762 3222 νῦν
2798 3167 2856 3218 ἐν
2901 3165 3082 3228 αὐτοῖς
3117 3167 3231 3220 ἐστι
3265 3166 3487 3236 πνεῦμα
3533 3167 3593 3219 τὺ
3639 3166 3882 3236 ἀκάθαρ·

2297 3273 2412 3312 τον.
2459 3258 2570 3312 Καὶ
2604 3258 2762 3312 τοῦτο
2807 3259 2970 3322 αὐτὸς
3010 3260 3159 3329 ἡμᾶς
3187 3261 3215 3311 ὁ
3247 3259 3440 3329 Σωτὴρ
3470 3256 3679 3322 ἐδίδαξε
3709 3258 3881 3324 λέγων

2297 3349 2428 3420 περὶ
2459 3348 2658 3414 αὐτῶν,
2691 3369 2710 3401 ι
2742 3351 2908 3403 Ὅταν
2933 3349 2988 3403 δὲ
3015 3350 3078 3402 τὸ
3109 3348 3422 3420 ἀκάθαρτον
3446 3347 3661 3416 πνεῦμα
3684 3345 3877 3416 ἐξέλθῃ

2299 3441 2407 3495 ἀπὺ
2456 3441 2550 3494 τοῦ
2598 3439 2908 3512 ἀνθρώπου,
2964 3439 3255 3512 πορεύεται
3297 3438 3365 3492 δι’
3417 3438 3658 3508 ἀνύδρων
3694 3437 3880 3490 τόπων

2299 3531 2493 3602 ζητοῦν
2539 3532 2865 3598 ἀνάπαυσιν,
2919 3532 3012 3586 καὶ
3055 3532 3154 3602 οὐχ
3181 3531 3440 3602 εὑρίσκει.
3499 3529 3629 3580 Τότε
3679 3527 3878 3594 λέγει·

2289 3623 2385 3686 Είς
2434 3623 2526 3677 τὸν
2576 3619 2728 3678 οἶκόν
2779 3641 2881 3694 μου
2933 3621 3277 3694 ἐπιστρέψω,
3321 3621 3431 3674 ὅθεν
3477 3616 3721 3687 ἐξῆλθον.
3754 3618 3878 3670 Καὶ

2291 3713 2446 3768 ἐλθὸν
2477 3714 2722 3786 εὑρίσκει
2759 3714 3108 3786 σχολάζοντα,
3143 3713 3239 3766 καὶ
3292 3710 3666 3780 σεσαρωμένον
3689 3727 3703 3740 ·
3751 3708 3877 3761 τότε

2293 3805 2731 3878 παραλαμϐάνει,
2771 3806 2957 3877 φησὶν,
2987 3806 3152 3878 ἕτερα
3195 3803 3337 3857 ἐπτά
3377 3800 3664 3872 πνεύματα
3711 3817 3876 3868 πονη-

2297 3897 2490 3968 ρότερα
2542 3897 2758 3963 ἐαυτοῦ,
2815 3898 2908 3951 καὶ
2958 3896 3267 3950 εἰσελθόντα
3315 3896 3562 3948 κατοικεῖ
3612 3895 3750 3958 ἐκεῖ,
3787 3892 3875 3946 καὶ

2228 3987 2337 4042 τῶν
2399 3989 2652 4060 πρώτων.
2672 3987 2857 4052 Οὕτως
2924 3988 3098 4052 ἔσται,
3143 4007 3162 4040 ι
3196 3988 3351 4059 φησὶ,
3375 4006 3393 4040 ι
3427 3989 3495 4058 τῇ
3527 3987 3694 4058 γενεᾷ
3712 3983 3875 4056 ταύτῃ

2380 4164 2516 4217 Ἐὰν
2551 4163 2806 4231 ἀνοίξῃς
2841 4161 2948 4216 τὸν
2997 4162 3290 4232 οὐρανὸν,
3345 4165 3566 4234 τρόμος
3617 4167 3870 4238 λήψεται

2296 4255 2416 4310 ἀπὸ
2471 4254 2587 4308 σοῦ
2637 4254 2768 4322 ὅρη,
2815 4253 2914 4308 καὶ
2958 4252 3348 4322 τακήσονται,
3398 4256 3482 4322 ὡς
3530 4260 3718 4326 κηρὸς
3764 4260 3872 4313 ἀπὸ

2300 4343 2626 4414 προσώπου
2654 4343 2846 4413 πυρὸς
2888 4342 3151 4413 τήκεταιο
3200 4345 3299 4400 καὶ
3341 4349 3714 4401 κατακαύσει
3761 4349 3874 4416 πῐτ)

2299 4431 2442 4499 τοὺς
2471 4432 2894 4498 ὑπεναντίους,
2938 4432 3038 4487 καὶ
3081 4433 3347 4501 φανερὸν
3377 4434 3553 4489 ἔσται
3596 4437 3662 4490 τὸ
3699 4437 3873 4505 ὄνομα

623 4539 800 4598 gentes
845 4526 1217 4581 turbabuntur.
1259 4523 1393 4580 Cum
1441 4524 1622 4594 feceris
1670 4526 1904 4596 gloriosa
1947 4568 1962 4594 ,
2003 4539 2194 4585 tremor

2301 4496 2522 4593 Κυρίου
2547 4523 2618 4577 ἐν
2644 4523 2766 4590 τοῖς
2793 4496 3194 4592 ὑπεναντίοις.
3230 4496 3385 4580 ⁷ἰυτό
3405 4526 3733 4593 προσώπου
3762 4496 3873 4581 σου

625 4618 973 4690 apprehendet
1002 4632 1067 4672 ex
1090 4627 1138 4672 te
1166 4625 1385 4671 montes.

698 4797 754 4851 In
789 4809 938 4850 more
967 4801 1053 4849 est
1081 4791 1289 4847 sanctis
1322 4791 1598 4860 prophetis
1623 4791 1851 4848 inridere
1885 4809 2070 4864 preces
2099 4810 2198 4865 pro

626 4886 846 4951 Israele,
880 4885 1231 4953 deliuqueute
1261 4881 1574 4952 aliquoties,
1605 4895 1658 4938 et
1701 4884 1966 4940 scelerum
2009 4900 2200 4955 poenas

627 4981 831 5036 inituro
863 4995 874 5029 :
905 4985 963 5031 ct
994 4983 1176 5031 amota
1199 4975 1303 5040 ira,
1329 4974 1382 5028 in
1416 4973 1548 5029 alios
1571 4989 1690 5029 eam
1717 4977 1889 5031 emitti
1919 4977 2198 5048 rogabant,

624 5083 682 5129 et
724 5073 779 5127 in
811 5068 1240 5138 alienigenarum
1286 5065 1465 5134 capita
1497 5067 1761 5122 converti.
1807 5067 2085 5136 Siquidem
2117 5070 2198 5124 di-

579 5187 584 5202 ο
625 5163 785 5219 vinus
811 5159 1116 5215 Modulator
1143 5157 1540 5228 septuagesimo
1577 5169 1771 5214 octavo
1818 5161 2048 5229 psalmo,
2096 5176 2194 5214 va-

626 5265 823 5315 statam
856 5250 1155 5308 Jerusalem
1187 5248 1410 5317 deﬂens,
1443 5249 1618 5321 inquit
1650 5269 1664 5305 :
1701 5269 1720 5303 ι
1750 5251 1912 5316 Deus,
1942 5263 2206 5309 venerunt

625 5355 815 5416 gentes
859 5343 914 5398 in
947 5340 1316 5397 hereditatem
1362 5349 1542 5406 tuam,
1589 5341 1897 5410 polluerunt
1944 5344 2199 5413 templum

629 5446 876 5491 sanctum
913 5443 1060 5489 tuum
1091 5432 1159 5485 ⁸⁸.
1193 5450 1213 5483 ι
1259 5431 1502 5501 Aliisque
1551 5432 1868 5500 interiectis,
1903 5435 2018 5487 ait:
2054 5453 2072 5485 ι
2110 5435 2202 5488 El-

629 5525 794 5580 l'unde
827 5528 962 5581 iram
990 5535 1135 5582 tuam
1187 5525 1240 5579 in
1289 5533 1477 5594 gentes
1509 5539 1627 5593 qua:
1664 5537 1714 5579 te
1758 5541 1862 5579 non
1912 5538 2198 5590 noverun',

2303 4615 2447 4682 ἔθνη
2497 4613 2999 4684 ταραχθήσονται,
3032 4613 3178 4668 ὅταν
3223 4612 3489 4682 ποιήσῃς
3523 4614 3596 4669 τὰ
3642 4614 3870 4678 ἔνδοξα.

2309 4706 2529 4772 Τρόμος
2559 4702 2824 4773 λήψεται
2866 4702 2984 4758 ἀπὸ
3017 4703 3134 4758 σοῦ
3164 4702 3291 4771 ὅρη.

2378 4797 2538 4860 Ἕθος
2569 4797 2682 4859 τοῖς
2711 4795 2886 4864 ἀγίοις
2907 4796 3212 4868 προφήταις
3234 4795 3331 4858 τάς
3358 4795 3496 4867 ὑπὲρ
3526 4794 3620 4849 τοῦ
3665 4795 3874 4868 Ἰσραὴλ

2296 4885 2563 4941 ποιεῖσθαι
2610 4885 2784 4950 λιτὰς,
2825 4883 3272 4956 πλημμελοῦντος
3322 4883 3434 4936 ἐσθ’
3483 4885 3594 4950 ὅτε,
3634 4885 3732 4938 καὶ
3771 4885 3878 4936 eis-

2297 4977 2630 5050 πράττεσθαι
2683 4975 2966 5048 μέλλοντος
3011 4975 3123 5029 τῶν
3175 4974 3511 5044 αὶτιαμάτων
3549 4975 3652 5038 τάς
3703 4975 3876 5038 δίκας,

2297 5069 2797 5140 ἀποσκευαζόμενοι
2823 5069 2879 5123 δέ
2905 5068 3093 5139 ὥσπερ
3126 5068 3194 5122 τά
3225 5065 3286 5132 ἐξ
3323 5067 3511 5137 ὀργῆς,
3547 5067 3626 5130 εἰς
3661 5066 3878 5136 ἐτέροκ

2299 5163 2470 5232 αὐτὴν
2518 5162 2831 5232 πέμπεσθαι
2865 5160 3228 5232 παρεκάλουν,
3273 5159 3365 5212 καὶ
3393 5159 3474 5220 εἰς
3504 5157 3606 5221 τὰς
3647 5158 3757 5212 τῶν
3789 5157 3879 5211 ἀλ·

2301 5253 2543 5323 λοφύλων
2575 5253 2868 5325 τρέπεσθαι
2911 5252 3172 5321 κεφαλάς.
3216 5252 3326 5305 Καὶ
3357 5250 3488 5318 γοῦν
3528 5252 3558 5304 ὁ
3595 5250 3879 5314 θεσπέσιος

2302 5345 2587 5414 Μελῳδὸς,
2638 5346 2696 5398 ἐν
2735 5343 3118 5416 ἑϐδομηκοστῷ
3161 5344 3254 5397 καὶ
3293 5341 3466 5412 ὀγδόῳ
3509 5340 3739 5412 ψαλμῷ,
3785 5357 3882 5393 πει-

2304 5436 2654 5506 πορθημένην
2707 5437 2925 5506 ἐθρήνει
2973 5435 3074 5505 τὴν
3132 5431 3505 5505 Ἰερουσαλὴμ,
3541 5431 3638 5485 καὶ
3682 5431 3748 5501 δὴ
3797 5431 3883 5482 καὶ

2301 5527 2537 5594 ἕὲασλεν
2565 5545 2576 5557 ’
2618 5545 2636 5578 ε
2671 5527 2730 5579 Ὀ
2759 5528 2910 5593 Θεὸς,
2946 5525 3265 5598 είσήλθοσαν
3297 5524 3426 5595 ἔθνη
3451 5523 3531 5587 εἰς
3559 5523 3657 5593 τὴν
3689 5522 3881 5592 κληρο-

701 5707 758 5767 ²³λ
785 5705 942 5762 Rom.
975 5708 1163 5773 13,27.
1241 5712 1281 5774 '3
1317 5709 1506 5764 Matth.
1545 5725 1638 5776 xu,
1665 5709 1848 5764 45-45.
1929 5710 1970 5741 ³⁰
2009 5708 2149 5765 Psal.
2181 5723 2402 5772 Luvnt,
2457 5708 2499 5760 l.
