4112 6292
393 367 531 423 1597

1522 359 1588 416 1N
1629 337 1861 417 ιδλιιιιί
1899 361 2026 418 uo.
2073 364 2135 420 v.
2177 355 2415 424 Tomos
2455 365 2517 425 v.

3500 379 3637 440 1393

280 523 292 536 η
390 481 585 552 νομίαν
607 499 724 549 σου,
753 481 988 553 ἐμίαναν
1007 483 1098 539 τὸν
1124 481 1248 535 ναὸν
1265 481 1358 535 τὸν
1381 479 1536 548 ἅγιόν
1565 497 1679 534 σου.
1718 500 1737 533 ι
1769 482 1895 536 "Ere
1905 483 1966 553 ρά

2073 493 2127 540 et
2153 486 2204 540 in
2239 501 2399 556 regna
2423 502 2543 558 quae
2571 501 2767 544 nomen
2793 496 2944 545 tuum
2974 504 3080 547 non
3114 484 3580 557 invocaverunt".
3613 525 3632 557 ι

304 623 307 626 .
392 588 454 624 τε
481 571 618 642 πρὸς
637 572 846 637 τούτοις
866 571 1173 640 ἐπενεγκὼν
1186 571 1274 626 διὰ
1293 570 1459 642 μέσου
1475 571 1660 642 φησίν*
1688 590 1707 624 ι
1729 573 1958 644 Ἐκχεον

394 663 494 733 τὴν
518 664 689 734 ὀργήν
723 681 817 718 σου
847 665 941 718 ἐπὶ
967 663 1036 716 τὰ
1081 661 1209 734 ἔθνη
1241 662 1312 716 τὰ
1361 664 1437 734 μὴ
1490 663 1828 733 γινώσκοντά
1875 681 1956 730 σε,

395 753 490 808 καὶ
526 755 618 807 ἐπὶ
661 754 956 825 βασιλείας,
1004 753 1061 807 αἳ
1109 754 1171 807 τὸ
1197 753 1368 824 ὄνομά
1414 771 1507 807 σου
1552 755 1653 808 οὐκ
1700 756 1962 810 ἐπεκαλέ-

396 860 575 899 σαντο.
619 862 639 896 ι
672 842 920 897 Τοιοῦτόν
964 860 1018 896 τι
1060 844 1157 898 καὶ⁸
1204 843 1298 898 νῦν
1340 845 1369 897 ὁ
1423 845 1708 915 προφήτης
1754 845 1919 916 φησίν
1945 862 1958 874 °

401 952 420 986 ι
473 935 598 988 Ἐὰν
628 934 736 1003 γὰρ
765 932 984 1004 ἀνοίξῃς
1015 933 1110 987 τὸν
1153 934 1400 1004 οὐρανὸν,
1441 955 1459 986 ι
1493 939 1564 1007 τῇ
1605 937 1816 1008 καθόδῳ
1862 937 1964 1007 τῆς

393 1025 560 1096 ὀργῆς
599 1023 858 1094 δηλονότι,
909 1024 1160 1096 καθάπερ
1203 1026 1393 1096 ἀμέλει
1427 1028 1522 1080 καὶ
1569 1028 1628 1080 ὲν
1671 1028 1750 1099 τῷ
1787 1028 1963 1099 καιρῷ

393 1117 485 1169 τοῦ
523 1113 940 1185 κατακλυσμοῦο
987 1113 1338 1186 ἀνεῴχθησαν
1373 1115 1482 1186 7&9
1525 1119 1574 1171 oi
1624 1119 1963 1188 καταράκται

391 1204 484 1258 τοῦ
510 1205 760 1277 οὑρανοῦε
791 1208 917 1260 τότε
957 1206 1160 1276 τρόμος
1189 1206 1421 1277 λήψεται
1453 1208 1562 1262 ἀπὸ
1591 1207 1684 1262 σοῦ
1711 1205 1837 1280 δρη,
1869 1209 1964 1263 καὶ

389 1297 744 1366 τακήσονται,
771 1315 791 1348 ι
825 1296 902 1360 ὡς
939 1297 1110 1368 κηρὸς
1144 1298 1255 1352 άπὸ
1277 1297 1571 1369 προσώπου
1597 1299 1770 1372 πυρὸς
1801 1300 1965 1370 τήκε-

388 1401 537 1439 ται.»
573 1385 714 1456 Ὄρη
749 1385 809 1438 δέ
842 1402 1008 1456 φησιν
1036 1387 1096 1439 ὲν
1125 1387 1353 1451 τούτοις,
1382 1387 1502 1458 οὑχὶ
1529 1387 1720 1458 δήπου
1747 1388 1965 1452 πάντως

389 1476 460 1530 τὰ
504 1475 755 1546 αἰσθητὰ,
784 1477 1042 1548 δυνάμεις
1086 1477 1142 1530 δὲ
1193 1477 1396 1549 μᾶλλον
1441 1479 1538 1543 τὰς
1591 1480 1858 1551 πονηρὰς,
1877 1479 1967 1534 διὰ

392 1565 593 1636 πολλὴν
622 1567 762 1634 ἄγαν
794 1568 1118 1637 ὑπεροψίαν,
1167 1568 1320 1640 ὄρεσι
1370 1571 1482 1634 τοῖς
1519 1569 1872 1642 ὑψηλοτάτοις
1906 1566 1964 1624 εὖ

394 1656 541 1725 μάλα
570 1659 1033 1729 παρεικασμένας.
1071 1659 1286 1723 Ταύτας
1312 1659 1377 1730 δὴ
1408 1656 1501 1714 οὗν
1532 1659 1633 1724 τὰς
1651 1661 1750 1731 τῆς
1778 1659 1968 1727 ἀλαζο-

391 1745 540 1811 νείας
571 1749 898 1819 συντρόφους
927 1750 1183 1820 δυνάμεις
1208 1751 1406 1821 τρόμος
1440 1734 1692 1820 λήψεται.
1729 1770 1747 1802 ι
1785 1752 1968 1806 Κατα-

2067 575 2198 630 Taie
2224 577 2480 646 quiddam
2504 579 2668 633 etiam
2696 594 2839 634 nunc
2868 581 3129 650 propheta
3154 583 3284 640 dicit
3313 605 3327 641 :
3360 605 3378 638 ι
3416 589 3473 645 Si
3495 591 3636 646 enim

2065 668 2344 736 aperueris
2385 669 2605 737 emtum,
2648 687 2669 723 ι
2705 672 2969 727 descensu
3011 674 3258 733 videlicet
3305 677 3434 745 irae,
3477 680 3635 738 sicuti

2063 759 2318 813 nimirum
2351 767 2595 831 tempore
2630 762 2856 817 diluvii:
2896 772 3097 834 apertae
3125 767 3269 822 enim
3297 779 3454 826 erant
3485 780 3638 828 cata-

2065 857 2230 903 ractae
2260 848 2382 904 caeli
2412 867 2428 905 :
2459 860 2573 904 tum
2630 851 2852 908 invadet
2885 863 3091 913 tremor
3121 865 3331 915 montes
3355 860 3455 916 abs
3486 871 3556 930 te,
3583 873 3639 920 et

2062 937 2395 1008 liquescent,
2435 958 2456 993 ι
2488 933 2547 998 ut
2573 956 2699 997 cera
2733 957 2763 998 a
2793 944 2932 1001 facie
2955 947 3095 1019 ignis
3115 948 3342 1019 liquelit.
3379 969 3398 1004 ι
3433 951 3638 1010 Montes

2064 1029 2152 1085 hic
2185 1041 2340 1086 vocat
2362 1047 2468 1087 non
2498 1032 2836 1102 simpliciter,
2857 1037 2946 1105 qui
2977 1040 3345 1110 percipiuntur
3365 1043 3634 1110 sensibus,

2064 1120 2157 1176 sed
2203 1131 2491 1191 potestates
2532 1125 2720 1194 malas,
2765 1138 2985 1198 propter
3023 1129 3290 1201 insignem
3328 1133 3631 1200 elationem,

2066 1213 2334 1270 montibus
2360 1215 2527 1286 887
2563 1217 2880 1275 oelsissimis
2920 1221 3124 1290 optime
3147 1233 3512 1292 comparatas.
3530 1225 3637 1281 Has

2067 1302 2231 1372 igitur
2258 1307 2526 1375 superbiae
2549 1307 2798 1364 alumnas
2821 1319 3138 1380 potestates,
3165 1319 3370 1368 tremor
3397 1315 3634 1371 invadet.

2073 1412 2090 1444 ι
2123 1393 2445 1462 Liqnescent
2474 1397 2616 1451 enim
2659 1408 2917 1468 tanquam
2948 1401 3014 1456 ab
3050 1401 3192 1473 igne.
3224 1421 3244 1455 ι
3271 1403 3638 1463 Adversantes

2071 1482 2176 1537 tuis
2204 1483 2412 1540 scilicet
2438 1487 2694 1552 oraculis,
2722 1487 2802 1542 ira
2837 1489 2976 1558 ignis
3009 1490 3183 1546 instar
3205 1491 3462 1551 decidens
3487 1511 3637 1551 com-

2068 1571 2244 1629 buret.
2289 1593 2309 1627 ι
2360 1575 2427 1630 Et
2467 1575 2676 1632 illustre
2709 1580 2818 1632 erit
2854 1595 3050 1634 nomen
3085 1577 3297 1638 Domini
3341 1584 3393 1640 in
3443 1585 3635 1641 adver-

2068 1665 2247 1718 sariis.
2300 1684 2319 1718 ι
2372 1666 2510 1733 Quid
2544 1668 2687 1724 istud
2719 1669 2843 1726 est?
2874 1669 3130 1726 Miracnla
3165 1675 3310 1728 enim
3345 1691 3488 1745 saepe
3527 1679 3639 1733 edit

2070 1756 2448 1811 universorum
2505 1757 2680 1826 Deus,
2731 1763 2990 1829 potentias
3034 1772 3091 1817 et
3148 1767 3477 1834 priestantia:
3528 1783 3640 1823 suae

387 1838 718 1908 τακήσονται
755 1838 864 1908 7&9
895 1840 970 1902 ὼς
1004 1839 1109 1892 ὑπὸ
1141 1840 1330 1911 πυρός.
1357 1860 1376 1892 ι
1403 1841 1785 1905 ’Υπεναντίους
1803 1842 1962 1907 ὄντας

2071 1844 2497 1913 magnitudinem
2546 1847 2899 1918 patefaciens.
2964 1847 3103 1906 Hinc
3149 1861 3534 1923 nonnunquam
3582 1855 3636 1911 in

388 1930 502 1991 τοῖς
545 1931 658 1992 σοῖς
699 1929 944 1998 δηλονότι
988 1929 1344 1998 θεσπίσμασι,
1393 1931 1563 2001 πυρὸς
1597 1930 1752 2001 δίκην
1799 1932 1964 2002 ἐμπί-

390 2037 598 2073 πτουσα
629 2022 1025 2074 κατακαύσειεν
1054 2020 1119 2074 ἂν
1141 2021 1302 2092 όργή.
1341 2039 1360 2073 t
1395 2022 1504 2075 Καὶ
1549 2022 1784 2094 φανερὸν
1814 2022 1970 2076 ἔσται

385 2109 449 2162 τὸ
491 2110 661 2182 ὄνομα
707 2112 911 2183 Κυρίου
961 2115 1018 2166 ὲν
1058 2114 1171 2176 τοῖς
1203 2112 1566 2174 ὑπεναντίοις.
1623 2131 1642 2164 ι
1687 2114 1796 2166 Καὶ
1829 2112 1881 2165 τί
1908 2112 1973 2182 δὴ

387 2197 546 2251 τοῦτό
576 2199 689 2251 ἐστι
715 2216 730 2264 ;
761 2199 1180 2271 Θαυματουργεῖ
1212 2199 1310 2269 μὲν
1334 2199 1443 2268 7&9
1467 2198 1782 2261 πλειστάκις
1811 2201 1840 2252 ὁ
1863 2199 1974 2253 τῶν

383 2288 522 2342 ὅλων
552 2289 705 2354 Θεὸς,
739 2292 834 2362 τῆς
878 2293 1104 2360 ἐνούσης
1161 2289 1442 2360 δυνάμεως
1500 2288 1648 2359 αὑτῷ
1682 2290 1774 2343 καὶ
1806 2290 1966 2362 ὑπερ-

384 2377 519 2448 οχῆς
553 2380 616 2432 τὸ
649 2380 874 2448 μέγεθος
903 2367 1129 2451 ἐναργὲς
1159 2379 1442 2442 καθιστάς.
1469 2378 1566 2432 Διὰ
1591 2379 1782 2432 τούτου
1833 2379 1961 2433 ὲκόο

385 2467 538 2532 λαζε,
571 2471 665 2522 καὶ
704 2470 1063 2540 ἁμαρτωλοὺς
1098 2469 1212 2522 ἔσθ’
1245 2469 1354 2534 ὅτε,
1387 2469 1484 2522 καὶ
1510 2469 1599 2522 διὰ
1629 2469 1726 2538 τῆς
1755 2471 1843 2523 ἐπ’
1873 2471 1970 2526 αὺ-

386 2562 498 2623 τοῖς
541 2560 712 2632 όργῆς
743 2561 945 2632 ἐναργῆ
991 2561 1255 2624 καθιστὰς
1287 2561 1512 2614 ἑαυτόν·
1558 2562 1742 2615 ὁποῖόν
1781 2578 1836 2615 τι
1877 2563 1969 2631 γέ-

388 2667 564 2718 γονεν,
602 2653 688 2705 ὅτε
720 2652 1032 2723 Σοδομίταις
1067 2653 1328 2723 έπηφίετο
1372 2652 1505 2725 πῦρ,
1536 2654 1708 2726 ἤγουν
1749 2653 1838 2706 ὅτε
1873 2653 1968 2707 τὸν

387 2741 736 2811 ἀπόπληκτον
767 2743 964 2813 Φαραῶ
1003 2743 1222 2805 πολλαῖς
1254 2743 1346 2796 καὶ
1372 2745 1664 2816 ἀφορήτοις
1719 2743 1962 2798 ὑπετίθει

389 2835 643 2906 πληγαῖς.
700 2835 929 2900 Οὐκοῦν,
958 2830 1004 2889 ὧ
1049 2837 1318 2902 Δέσποτα,
1346 2835 1500 2906 φασὶ,
1550 2836 1624 2907 μὴ
1654 2835 1974 2908 φανερὼσῃς

385 2925 486 2995 τὴν
516 2926 741 2979 σεαυτοῦ
770 2926 926 3000 δόξαν
953 2927 1069 2998 ἤτοι
1095 2928 1157 2980 τὸ
1182 2928 1378 2996 ὄνομα,
1415 2927 1504 2981 διὰ
1533 2927 1632 2995 τῆς
1662 2927 1784 2982 καθ’
1816 2927 1974 2998 ἡμῶν

2069 1941 2384 2005 peccatores
2408 1938 2811 2006 animadvertit,
2825 1948 2880 1996 et
2901 1955 2998 2010 per
3022 1943 3158 1997 iram
3180 1943 3235 1998 in
3259 1943 3378 2000 illos
3401 1947 3638 2016 seipsum

2070 2025 2344 2096 patefecit.
2379 2027 2691 2096 Cujusmodi
2722 2029 2924 2086 factum
2956 2041 3060 2099 est,
3090 2049 3212 2089 cum
3243 2035 3297 2089 in
3329 2035 3640 2094 Sodomitas

2070 2119 2289 2175 demisit
2312 2120 2509 2190 ignem,
2544 2132 2742 2178 etcum
2773 2122 3112 2180 Pharaonem
3144 2129 3420 2198 stupidum
3452 2131 3636 2186 multis

2069 2219 2125 2265 et
2161 2209 2593 2268 intolerabilibus
2622 2213 2791 2285 plagis
2815 2214 3064 2284 subjecit.
3090 2215 3298 2287 itaque,
3327 2232 3361 2274 o
3387 2219 3634 2284 Domine.

2072 2299 2342 2369 inquiunt,
2399 2317 2471 2357 ne
2517 2303 2751 2359 illustres
2795 2304 3024 2374 gloriam
3083 2318 3264 2377 tuam,
3313 2309 3394 2367 vel
3439 2327 3636 2368 nomen

2072 2399 2170 2456 per
2229 2387 2364 2442 iram
2421 2389 2475 2442 in
2519 2404 2616 2445 nos
2649 2408 2663 2445 :
2696 2391 2790 2446 sed
2838 2394 3079 2451 inducito
3131 2397 3310 2468 potius
3363 2399 3530 2467 illam,
3581 2413 3638 2456 et

2077 2475 2304 2547 inﬂigito
2337 2479 2493 2533 malis
2523 2484 2901 2549 potestatibus,
2933 2495 2989 2542 et
3020 2487 3198 2558 palam
3233 2497 3339 2544 tua:
3375 2488 3639 2556 majestati

2075 2569 2519 2637 repugnantibus,
2553 2577 2609 2626 et
2649 2586 2716 2628 ex
2752 2573 2948 2645 insigni
2996 2576 3246 2646 superbia
3281 2577 3348 2632 ad
3397 2577 3499 2632 hoc
3544 2577 3639 2632 ad-

2069 2657 2266 2715 ductis.
2316 2657 2439 2716 Eris
2484 2663 2626 2716 enim
2675 2665 2835 2720 etiam
2882 2667 2964 2722 sic
3014 2666 3358 2738 conspicuus.
3412 2667 3638 2734 Quando

2067 2747 2210 2802 enim
2254 2749 2452 2805 ieceris
2495 2751 2760 2819 gloriosa,
2811 2764 3014 2810 tremor
3053 2757 3158 2813 abs
3210 2765 3263 2813 te
3304 2767 3515 2813 montes
3553 2758 3639 2814 iu-

2072 2836 2255 2890 vadet.
2284 2838 2490 2895 Rursus
2538 2839 2656 2897 illos
2701 2851 2912 2898 montes
2953 2845 3105 2912 dicit,
3141 2859 3277 2916 quos
3313 2848 3473 2901 modo
3501 2847 3638 2904 dixi-

385 3015 573 3086 όργῆςο
602 3016 853 3084 ἐπάγαγε
881 3017 937 3069 δὲ
960 3016 1160 3087 μᾶλλον
1190 3017 1361 3088 αὐτὴν
1417 3016 1679 3086 δυνάμεσι
1701 3018 1987 3088 πονηραῖς,
2027 3017 2194 3087 ἧγουν
2221 3018 2334 3080 τοῖς
2392 3017 2693 3087 ἀναφανδὸν
2714 3023 2781 3092 τῇ
2809 3024 2875 3091 σῇ
2926 3023 3254 3094 μαχομένοις
3281 3024 3427 3097 δόξῃ,
3455 3025 3549 3079 καὶ
3573 3026 3639 3078 ὲκ

387 3110 584 3179 πολλῆς
629 3111 767 3177 ἄγαν
802 3110 1102 3180 ὑπεροψίας
1132 3111 1623 3182 παρενηνεγμένοις
1687 3111 1768 3173 εἰς
1805 3109 1982 3164 τοῦτο.
2027 3111 2165 3182 Ἔσῃ
2209 3110 2315 3181 γὰρ
2373 3113 2467 3166 καὶ
2505 3113 2675 3178 οὕτως
2713 3117 2980 3188 ἐμφανής.
3011 3119 3140 3171 "Ure
3169 3119 3279 3190 γὰρ
3312 3120 3542 3191 ποιήσῃς
3570 3119 3642 3173 τὰ

386 3200 592 3264 ἔνδοξα,
645 3201 847 3271 τρόμος
897 3199 1122 3271 λήψεται
1165 3199 1275 3254 άπὸ
1326 3199 1421 3253 σοῦ
1472 3199 1606 3270 ὅρη·
1654 3199 1748 3252 καὶ
1793 3199 1957 3254 πάλιν
2021 3201 2207 3254 ἐκεῖνα
2230 3199 2299 3254 τὰ
2366 3200 2468 3272 ὅρη
2499 3205 2684 3273 φησὶν,
2713 3197 2790 3259 ὧν
2819 3207 3173 3279 ἐμνήσθημεν
3201 3209 3423 3280 ἀρτίως.

471 3292 614 3346 Ἀπὸ
679 3291 786 3344 τοῦ
835 3292 1049 3359 αἰῶνος
1099 3293 1209 3345 οὐκ
1271 3292 1657 3361 ἠκούσαμεν,
1709 3289 1851 3347 οὐδὲ
1910 3291 1964 3345 οἱ

2137 3293 2303 3349 Vens.
2329 3292 2385 3356 4,
2411 3293 2467 3350 5.
2497 3293 2538 3346 Α
2579 3296 2771 3350 steculo
2812 3313 2912 3352 non
2951 3300 3265 3367 audivimus,
3301 3316 3462 3371 neque
3499 3302 3640 3355 oculi

387 3382 680 3453 ὀφθαλμοί
707 3382 872 3451 ἡμῶν
899 3379 1062 3436 εἶδον
1121 3383 1271 3437 Θεὸν
1310 3381 1478 3451 πλὴν
1536 3381 1690 3448 σοῦ,
1747 3380 1845 3436 καὶ
1891 3381 1965 3436 τὰ

388 3477 529 3543 ἔργα
555 3491 692 3538 σου,
755 3473 794 3528 d
853 3475 1126 3545 ποιήσεις
1154 3475 1278 3542 τοῖς
1313 3475 1724 3546 ὑπομένουσιν
1751 3474 1928 3529 ἔλεον
1946 3491 1960 3506 ο

386 3565 831 3632 συναντνήσετιιι
853 3567 962 3637 γὰρ
998 3568 1122 3634 τοῖς
1158 3567 1401 3623 ποιοῦσι
1443 3568 1508 3622 τὸ
1551 3567 1808 3635 δίκαιον,
1865 3566 1964 3620 καί

389 3657 506 3712 τῶν
533 3657 688 3711 ὁδῶν
714 3674 830 3710 σου
850 3660 1328 3726 μνησθήσονται.

472 3747 724 3816 Ἀόρατον
750 3746 846 3814 μὲν
876 3749 944 3814 τῇ
971 3748 1129 3812 φύσει
1160 3747 1222 3798 τὸ
1265 3747 1419 3800 Θεῖόν
1451 3749 1589 3799 ἐστι·
1649 3766 1668 3797 ι
1694 3747 1827 3801 Θεὸν
1856 3747 1963 3814 7&9

388 3839 561 3900 οὐδεὶς
606 3837 820 3907 ἑώρακε
867 3836 1123 3899 πώποτε,
1175 3853 1194 3886 ι
1245 3835 1386 3889 κατὰ
1429 3837 1490 3887 τὸ
1532 3836 1918 3904 γεγραμμένον
1946 3849 1960 3863 ⁸

391 3928 676 4000 θεωρεῖταί
704 3944 767 3995 γε
828 3925 933 3996 μὴν
979 3926 1089 3987 τοῖς
1114 3925 1214 3993 τῆς
1253 3924 1487 3987 διανοίας
1518 3923 1780 3992 ὅμμασιν,
1807 3922 1866 3988 ἐξ
1888 3913 1964 3976 ὧν

388 4019 454 4075 ἂν
479 4019 779 4090 ἐργάσαιτο
812 4015 1151 4087 παραδόξως,
1188 4015 1283 4067 καὶ
1307 4013 1447 4083 ὑπὲρ
1474 4013 1650 4081 λόγον.
1696 4031 1714 4063 ι
1740 4013 1823 4067 Τά
1856 4013 1964 4084 7&9

387 4111 596 4182 ἀόρατα
625 4109 813 4175 αὐτοῦ,
839 4128 858 4161 ι
918 4108 1103 4178 φησὶν,
1160 4126 1178 4158 ι
1202 4105 1309 4159 ἀπὸ
1338 4105 1564 4168 κτίσεως
1619 4105 1823 4175 κόσμου
1853 4106 1964 4168 τοῖς

390 4205 686 4273 ποιήμασιν
747 4203 1012 4270 νοούμενα
1063 4197 1384 4269 καθορᾶται,
1426 4198 1462 4267 ἢ
1496 4214 1556 4249 τε
1603 4197 1767 4259 ἀΐδιος
1798 4194 1962 4250 αὑτοῦ

391 4293 620 4363 δύναμίς
652 4309 712 4344 τε
740 4291 832 4344 καὶ
858 4290 1088 4358 θειότηςσ
1123 4307 1141 4340 ι
1179 4288 1600 4356 ἐπιγινώσκεται
1627 4286 1684 4339 δὲ
1708 4286 1964 4349 πλειστά-

392 4404 500 4449 κις,
537 4385 628 4438 καὶ
646 4385 714 4438 δι’
745 4377 821 4437 ὧν
861 4381 927 4436 ἂν
956 4381 1255 4450 εὐεργετεῖ,
1310 4380 1405 4432 καὶ
1439 4381 1539 4449 τῆς
1565 4377 1789 4449 ἐνούσης
1816 4377 1964 4448 αὐτῷ

389 4477 751 4548 γαληνότητος
783 4475 1016 4526 ποιεῖται
1045 4471 1141 4542 τὴν
1178 4469 1402 4535 ἔνδειξιν
1420 4511 1435 4536 ,
1466 4469 1746 4534 διασὼζων
1771 4469 1964 4540 ἀδοκὴ-

2062 3382 2230 3436 nostri
2271 3383 2510 3437 uiderunt
2550 3383 2717 3439 Deum
2757 3395 2948 3451 preter
2976 3397 3054 3452 te,
3089 3395 3144 3442 et
3173 3404 3329 3456 opera
3366 3397 3488 3456 tua,
3521 3405 3640 3461 qua:

2063 3473 2224 3543 {acies
2265 3475 2682 3544 exspectantibus
2726 3477 3158 3534 miscricordiam.
3205 3477 3455 3536 Occurrat
3499 3483 3638 3536 enim

2064 3565 2378 3633 facientibus
2424 3566 2724 3637 justitiam,
2769 3577 2818 3622 et
2865 3569 3068 3624 viarum
3122 3579 3334 3626 tuarum
3390 3573 3635 3629 recorda-

2063 3655 2272 3710 buntur.

2131 3743 2536 3811 lnaspectabiiis
2603 3746 2820 3812 quidem
2888 3757 2976 3803 est
3040 3757 3230 3804 natura
3297 3749 3552 3806 divinitas
3617 3769 3633 3806 :

2071 3845 2088 3878 ι
2132 3829 2297 3884 Deum
2338 3832 2482 3884 enim
2525 3847 2684 3887 nemo
2718 3835 2850 3888 vidit
2886 3851 3145 3904 unquam,
3181 3855 3202 3888 ι
3247 3840 3542 3894 secundum
3586 3842 3639 3895 id

2065 3918 2207 3985 quod
2240 3919 2500 3987 scriptum
2532 3930 2616 3975 est
2641 3922 2706 3976 ³³.
2739 3922 2992 3976 Cernitur
3025 3932 3206 3978 tamen
3239 3926 3407 3980 animi
3467 3926 3637 3983 oculis

2061 4021 2130 4062 ex
2163 4007 2246 4063 his
2277 4021 2398 4077 qua:
2431 4009 2663 4079 gesserit
2691 4021 2746 4066 et
2771 4009 3164 4085 admirabiliter
3187 4021 3242 4068 et
3268 4011 3634 4072 iueti‘abiliter.

2069 4115 2088 4149 ι
2118 4098 2409 4154 invisibilia
2432 4100 2574 4154 enim
2606 4099 2744 4169 ejus,
2773 4118 2792 4153 ι
2823 4101 3019 4170 inquit,
3043 4121 3062 4156 ι
3095 4117 3126 4156 a
3153 4103 3428 4160 creatione
3452 4108 3635 4162 mundi

2062 4203 2161 4258 per
2213 4203 2279 4244 ea
2327 4205 2447 4260 quae
2500 4189 2645 4246 facta
2697 4198 2826 4246 sunt
2877 4191 3148 4249 intellecta
3208 4195 3637 4265 conspiciuntur,

2063 4290 2259 4338 interna
2292 4281 2502 4337 scilicet
2533 4282 2648 4352 ejus
2690 4285 2930 4351 potentia
2971 4299 3037 4340 ac
3076 4285 3332 4343 divinitas
3359 4288 3427 4343 ⁸³.
3468 4301 3488 4341 ι
3534 4289 3638 4346 Co-

2063 4371 2339 4443 gnoscitur
2365 4375 2529 4428 etiam
2565 4387 2669 4428 non
2708 4388 2832 4430 raro
2862 4389 2930 4431 ex
2962 4376 3046 4431 his
3071 4390 3194 4446 qua:
3223 4377 3456 4447 benigne
3484 4378 3634 4445 facit,

2062 4474 2117 4520 et
2139 4479 2250 4520 suae
2278 4464 2433 4533 quasi
2464 4466 2770 4521 serenitatis
2824 4479 2888 4520 ac
2917 4465 3295 4535 placabilitatis
3324 4468 3438 4525 edit
3465 4471 3638 4538 speci-

389 4589 492 4631 τως
546 4567 761 4631 τοὺςὲξ
788 4566 1006 4636 ἁπάσης
1030 4565 1244 4627 ἐλπίδος
1271 4563 1664 4635 ὠλισθηκότας,
1692 4562 1783 4616 καὶ
1806 4564 1962 4634 χεῖρα

2067 4569 2184 4612 men
2230 4575 2245 4611 ε
2289 4559 2414 4612 dum
2460 4565 2655 4625 praeter
2689 4556 2996 4626 opinionem
3031 4572 3126 4614 eos
3152 4569 3341 4614 servat
3363 4562 3454 4631 qui
3488 4563 3633 4616 omni

391 4658 570 4726 νέμων
601 4662 864 4726 σωτήριον
891 4658 1002 4718 τοῖς
1029 4654 1201 4724 χαμαί
1257 4671 1380 4719 που,
1413 4654 1507 4707 καὶ
1533 4653 1608 4717 ὡς
1641 4655 1699 4707 ὲν
1749 4655 1819 4724 γῇ
1849 4669 1962 4706 κει-

2067 4660 2160 4716 spe
2192 4647 2530 4713 exciderunt,
2558 4655 2612 4701 et
2638 4646 2786 4701 humi
2813 4654 2869 4702 et
2892 4645 3037 4702 velut
3065 4647 3121 4703 in
3155 4657 3296 4704 terra
3327 4630 3638 4719 iacentibus

393 4748 593 4817 μένοις.
619 4746 868 4799 Τοιοῦτόν
894 4745 944 4798 τί
971 4762 1134 4814 φασιν
1172 4745 1223 4798 οἱ
1286 4746 1385 4816 τὴν
1417 4743 1780 4814 προκειμένην
1807 4742 1962 4814 λιτὴν

2067 4753 2283 4792 manum
2321 4737 2612 4794 salutarem
2646 4737 2868 4807 praebet.
2900 4737 3092 4794 Simile
3125 4745 3210 4796 est
3242 4740 3388 4809 quod
3452 4741 3637 4799 dicunt

386 4838 769 4908 ἀναφέροντες.
819 4838 949 4890 ’Λπὸ
1002 4837 1109 4908 7&9
1145 4837 1243 4906 τῆς
1276 4836 1370 4888 τοῦ
1414 4836 1619 4904 κόσμου
1657 4834 1961 4906 καταϐολῆς

2067 4829 2157 4900 qui
2211 4831 2352 4886 hanc
2402 4830 2764 4900 precationem
2811 4828 3112 4887 ell‘undunt.
3156 4829 3204 4887 Δ
3255 4832 3440 4889 mundi
3488 4833 3632 4888 enim

388 4929 510 4982 οὔτε
551 4928 880 4998 ἠκούσαμεν,
908 4927 1030 4981 οὔτε
1064 4928 1170 4999 μὴν
1215 4927 1522 4997 τεθεάμεθα
1577 4925 1812 4980 τοιοῦτόν
1837 4943 1958 4980 τινα

2067 4922 2451 4980 constitutione
2473 4937 2648 4993 neque
2671 4922 2996 4990 audivimus,
3020 4937 3194 4994 neque
3215 4924 3446 4980 vidimus
3475 4924 3634 4980 talem

388 5020 539 5085 Θεὸν,
574 5020 712 5088 πλὴν
757 5019 865 5088 ἄρα
909 5019 1002 5072 σοῦ
1032 5036 1092 5072 τε
1142 5019 1236 5072 καὶ
1284 5019 1487 5089 μόνου*
1533 5020 1645 5079 τοῖς
1675 5016 1782 5086 γὰρ
1823 5016 1954 5069 ὑπο·

2067 5016 2254 5079 Deum,
2285 5021 2480 5084 praeter
2515 5023 2586 5082 te,
2615 5023 2671 5069 et
2701 5014 2916 5084 quidem
2949 5015 3144 5071 solum.
3177 5015 3631 5084 Exspectantibns

394 5109 612 5178 μένουσί
638 5125 714 5170 σε,
749 5108 1016 5173 τουτέστι,
1062 5111 1175 5171 τοῖς
1223 5110 1302 5171 είς
1333 5109 1394 5161 σὲ
1444 5107 1828 5176 πεποιημένοις
1858 5105 1957 5176 τὴν

2067 5103 2206 5158 [illim
2249 5113 2316 5172 te,
2351 5104 2403 5159 id
2444 5111 2551 5170 est,
2576 5119 2724 5174 spem
2768 5105 2822 5160 in
2866 5114 2918 5161 te
2958 5106 3372 5174 colioeantihus,
3403 5106 3628 5175 largiter
3683 5170 3688 5181 η

388 5197 601 5263 ἐλπίδα,
639 5197 1005 5266 ἐπιδαψιλεύει
1034 5197 1124 5250 τὸν
1157 5198 1321 5251 ἔλεον
1356 5199 1546 5268 ἕψεται
1597 5197 1704 5266 γὰρ
1745 5196 1961 5260 πάντως

2070 5193 2494 5250 misericordiam
2525 5195 2824 5267 imparties.
2856 5196 3126 5268 Sequetur
3156 5214 3389 5270 namque
3417 5213 3635 5268 semper

387 5289 498 5350 τοῖς
523 5288 619 5356 τῆς
643 5286 984 5357 δικαιοσύνης
1018 5287 1298 5358 ἐργάταις,
1345 5289 1620 5351 κάκείνοις
1658 5287 1819 5340 αὑτὸν
1863 5288 1960 5358 ἁρ-

2067 5285 2342 5355 operarios
2363 5284 2610 5355 justitize,
2635 5299 2833 5358 eosque
2858 5301 2976 5344 eam
3007 5289 3262 5358 consequi
3295 5303 3394 5359 par
3417 5296 3516 5350 est,
3542 5288 3633 5358 qui

393 5377 548 5446 μόσει
577 5377 782 5442 λαϐεῖν,
810 5377 969 5449 οἵπερ
995 5376 1060 5430 ἂν
1091 5374 1201 5430 εἷεν
1223 5378 1280 5430 ἐν
1310 5379 1500 5448 μνήμῃ
1523 5379 1632 5430 τῶν
1673 5378 1780 5430 σῶν
1804 5378 1958 5440 ὁδῶν,

2068 5379 2492 5435 recordabuntur
2513 5379 2718 5435 viarum
2751 5389 2986 5446 tuarum,
3011 5379 3063 5435 id
3089 5389 3190 5445 est,
3215 5381 3305 5449 qui
3332 5379 3634 5434 voluntates

388 5467 659 5529 τουτέστι,
707 5464 815 5518 τῶν
848 5465 957 5517 σῶν
1003 5464 1321 5534 θελημάτων
1365 5466 1749 5519 ἀποτελεσταί·
1811 5466 1960 5532 ὁδοὺς

2067 5471 2233 5542 888
2280 5481 2400 5528 tuas
2443 5481 2827 5541 exsequuntur.
2868 5471 3077 5528 Domini
3128 5471 3271 5525 enim
3317 5471 3459 5536 vias,
3497 5482 3634 5538 prae-

390 5555 498 5627 7&9
538 5555 743 5624 Κυρίου
768 5553 946 5623 φαμὲν
971 5549 1109 5607 εἶναι
1131 5554 1230 5618 τὰς
1257 5556 1472 5620 ἐντολὰς
1489 5557 1673 5611 αὑτοῦ.
1696 5559 1802 5610 Καὶ
1829 5559 1954 5626 γοῦν

2067 5571 2215 5631 cepta
2264 5561 2377 5632 ejus
2417 5561 2663 5618 dicimus.
2691 5560 2965 5630 Siquidem
3008 5560 3221 5615 divinus
3255 5558 3420 5615 David
3457 5554 3637 5628 psullit

459 5734 499 5767 ³¹
526 5732 670 5789 i’sal.
697 5747 921 5799 Lxxvm,
951 5733 1000 5787 6.
1081 5734 1123 5766 ³⁸
1162 5732 1315 5791 Joan.
1346 5752 1384 5802 ι,
1433 5736 1514 5791 l8.
1595 5738 1636 5769 ³³
1680 5736 1838 5791 Boni.
1879 5753 1915 5802 i,
1943 5737 2030 5790 20.
