4134 6302
568 320 594 378 1
604 318 707 376 399

1469 361 1480 366 ,
1596 309 1652 365 s.
1698 307 1979 370 CYRILLI
2017 290 2490 367 ALEXANDBINI
2525 301 2843 361 ARCHIEP.

3660 291 3856 350 ’1400

563 429 804 488 alicubi:
843 398 860 480 ι
897 427 954 482 In
982 427 1063 480 via
1099 435 1186 483 tua
1211 425 1410 481 vivam.
1441 445 1460 482 ι
1489 425 1633 480 Alibi
1661 439 1848 479 rursus
1883 442 1896 477 ε
1932 443 1951 475 ι
1991 421 2142 478 Viam

2270 420 2594 481 ιθεσπέσιος
2647 414 2843 486 ψάλλει
2884 413 3070 477 Δαὸὶδ,
3120 411 3252 468 ποτὲ
3303 409 3434 480 μὲν,
3476 407 3564 460 ὅτι
3602 423 3621 457 ι
3663 407 3756 459 Ἐν
3783 407 3854 475 τῇ

549 513 939 598 ίιιιιιιιιιιιιοιιιιιι
1001 527 1212 572 tuormn
1270 514 1524 580 cucurri,
1575 529 1698 570 cum
1755 513 1998 580 dilataSti
2051 527 2146 568 cor

2270 511 2353 582 νδῷ
2385 527 2479 563 σου
2500 508 2764 580 ζήσομαι,
2809 525 2828 558 ι
2863 505 2994 560 ποτὲ
3023 502 3081 557 δὲ
3106 501 3300 556 πάλινο
3341 520 3360 552 ι
3413 497 3566 553 Ὀδὸν
3610 496 3854 553 ἐντολῶν

568 627 744 668 meum
766 610 829 664 ³⁸.
869 629 886 660 ι

1137 713 1409 797 nouus
1449 742 1532 797 vr.

585 878 590 883 ’
631 876 800 933 Vens.
833 875 885 942 6,
913 876 966 928 7.
1001 873 1132 928 Ecce
1175 883 1232 928 tu
1270 875 1440 931 iratus
1479 891 1557 938 es,
1588 885 1635 929 et
1673 891 1766 928 nos
1799 875 2144 941 peccavimus.

571 965 856 1034 Propterea
895 963 1202 1028 erravimus,
1233 973 1282 1017 et
1325 962 1454 1032 facti
1494 979 1674 1016 sumus
1718 962 1854 1018 velut
1893 960 2149 1016 immundi

569 1072 743 1107 omnes
780 1070 902 1115 nos,
934 1061 983 1106 et
1015 1061 1264 1120 tauquam
1296 1067 1502 1120 pannus
1537 1060 1877 1110 menstruam
1911 1049 2148 1106 mulieris

567 1145 734 1200 omnis
773 1143 989 1214 justitia
1035 1153 1237 1196 nostra.
1298 1142 1631 1212 Deﬂuximus
1678 1155 1854 1198 autent
1899 1143 2150 1214 tanquam

554 1235 718 1300 folia,
752 1244 958 1302 propter
999 1233 1298 1302 iniquitates
1341 1243 1569 1290 nostras.
1602 1233 1691 1289 Sic
1732 1245 1909 1290 ventus
1950 1233 2151 1303 auferet

569 1340 662 1376 nos
699 1331 754 1374 ut
781 1322 1062 1390 pulverem,
1090 1331 1139 1378 et
1173 1339 1276 1377 non
1308 1331 1382 1376 est
1417 1322 1506 1391 qui
1531 1323 1730 1377 invocet
1763 1339 1947 1376 nomen
1982 1332 2147 1385 tuum,

569 1425 616 1467 et
646 1413 831 1483 cogitet
862 1415 1244 1483 apprehendere
1273 1423 1341 1468 te.
1371 1412 1507 1478 Quia
1534 1414 1762 1468 avertisti
1789 1413 1980 1482 [aciem
2005 1424 2152 1469 tuam

573 1522 605 1563 ιι
637 1506 813 1579 nobis,
836 1515 885 1562 et
918 1505 1187 1572 tradidisti
1219 1521 1314 1568 nos
1342 1514 1551 1577 propter
1573 1517 1782 1575 peccata
1812 1515 2009 1569 nostra.

650 1787 837 1844 Visum
867 1795 952 1843 est
979 1785 1299 1857 quibusdam
1330 1785 1710 1855 interpretum,
1739 1784 1906 1839 alium
1937 1797 2155 1839 sensum

578 1881 663 1939 his
717 1877 900 1936 verbis
965 1892 1259 1950 apponere.
1313 1877 1594 1933 invertunt
1649 1877 1798 1934 enim
1863 1875 2162 1932 dictionum

577 1970 822 2026 ordinem
849 1978 905 2024 et
927 1969 1321 2024 sententiarum
1352 1967 1480 2033 vim,
1510 1975 1568 2022 ut
1599 1968 1665 2022 ad
1696 1968 1841 2022 hunc
1862 1965 2080 2022 modum
2105 1978 2166 2020 se

579 2063 800 2129 habeat,
829 2061 972 2134 quod
1017 2062 1220 2118 dictum
1263 2068 1349 2116 est
1382 2080 1396 2116 :
1439 2079 1458 2112 ι
1494 2061 1633 2117 Ecce
1665 2075 1764 2114 nos
1794 2057 2164 2130 peccavimus,

579 2164 639 2210 et
665 2163 720 2207 tu
751 2152 924 2208 iratus
966 2167 1026 2208 es
1064 2151 1241 2209 nobis.
1280 2169 1299 2204 ι
1345 2150 1461 2208 Non
1501 2151 1671 2214 enim,
1701 2149 1974 2226 inquiunt,
2002 2162 2166 2204 causa

583 2244 691 2299 illis
731 2243 1080 2314 delinquendi
1109 2241 1210 2300 fuit
1239 2242 1320 2296 ira
1345 2241 1526 2298 divina
1560 2258 1576 2296 :
1609 2250 1666 2295 at
1691 2241 1818 2310 quia
1853 2239 1930 2296 illi
1959 2237 2168 2294 furiose

584 2335 829 2393 bacchati
876 2341 1037 2402 sunt,
1075 2335 1218 2390 Deus
1271 2334 1442 2388 iratus
1491 2339 1595 2389 est.
1622 2332 1841 2387 Timent
1886 2331 2063 2396 enim,
2108 2339 2168 2385 ut

581 2429 815 2492 videtur,
843 2426 1034 2482 necubi
1061 2426 1268 2496 peccati
1303 2433 1492 2482 auctor
1521 2423 1735 2480 divinus
1787 2424 1940 2480 furor
1967 2423 2168 2478 intelli-

586 2527 764 2588 gatur.
794 2515 931 2572 Illud
971 2516 1204 2573 arbitror
1247 2517 1534 2572 dicendum
1577 2529 1718 2580 esse,
1751 2515 1887 2570 iram
1931 2513 2166 2568 divinam

587 2609 939 2666 condemnari
983 2618 1267 2679 propterea
1307 2622 1415 2664 non
1460 2608 1691 2672 debere,
1723 2608 1768 2663 si
1809 2607 1905 2676 qui
1951 2606 1999 2660 ei
2043 2616 2170 2660 sunt

587 2701 961 2772 olmoxii,non
1003 2701 1138 2756 satis
1181 2700 1379 2756 virium
1418 2699 1654 2754 habeant
1693 2701 1759 2753 ad
1808 2697 2168 2769 eﬂugiendum

589 2792 796 2862 peccati
837 2791 1116 2854 insultum.
1149 2791 1403 2858 Quandiu
1432 2791 1576 2846 enim
1622 2788 1883 2850 Servator
1918 2790 1972 2844 in
2012 2789 2169 2847 nobis

590 2883 917 2951 voluptatem
947 2881 1108 2950 capit,
1135 2891 1414 2950 peccatum
1442 2882 1743 2954 vincimus,
1767 2889 1878 2936 eta
1911 2881 2168 2937 vitiorum

591 2974 844 3030 sordibus
879 2975 1223 3041 recedentes,
1253 2974 1552 3045 spi'ritualis
1579 2976 1917 3033 fortitudinis
1947 2979 2169 3048 insignia

2251 621 2344 664 σου
2375 601 2628 672 ἔδραμον,
2650 601 2780 653 ὅταν
2813 597 3114 660 ἐπλάτυνας
3138 594 3239 665 τὴν
3267 591 3498 662 καρδίαν
3524 608 3654 664 μου.
3679 609 3695 640 ι

2871 733 3101 789 τοΜοΣ
3143 733 3231 799 q'.

2333 875 2482 931 Ἰδοὺ
2519 873 2602 929 σὺ
2621 873 2940 943 ὠργίσθης,
2975 869 3076 924 καί
3115 868 3288 938 ἡμεῖς
3329 867 3697 935 ἡμάρτομεν.
3753 865 3858 917 Διὰ

2253 968 2432 1024 τοῦτο
2463 962 2915 1033 ἐπλανήθημεν,
2940 960 3042 1014 καί
3072 957 3443 1028 ἐγενήθημεν
3466 957 3548 1023 ὡς
3580 955 3853 1022 ἀκάθαρ-

2251 1077 2343 1116 τοι
2373 1057 2597 1122 πάντες
2637 1053 2832 1125 ἡμεῖς,
2882 1053 2983 1106 καὶ
3038 1051 3120 1114 ὡς
3151 1047 3341 1116 ῥάκος
3381 1043 3858 1113 detortum-nt;

2251 1150 2421 1206 πᾶσα
2458 1149 2498 1216 ἣ
2558 1144 2913 1210 δικαιοσύνη
2962 1139 3132 1210 ἡμῶν
3151 1156 3163 1167 °
3222 1139 3321 1192 καὶ
3365 1137 3734 1206 ὲεεῤῥύημεν

2253 1241 2460 1310 φύλλα
2515 1236 2612 1291 διὰ
2665 1235 2774 1301 τὰς
2811 1233 3063 1302 ἀνομίας
3115 1231 3309 1300 ήμῶνο
3389 1229 3578 1294 οὕτως
3625 1227 3859 1294 ἄνεμος

2253 1332 2408 1388 οἴσει
2428 1328 2584 1399 ἡμᾶς
2601 1329 2683 1395 ὡς
2702 1325 2976 1399 χοῦνῌ),
3008 1323 3107 1378 καί
3132 1324 3243 1377 οὐκ
3266 1321 3441 1377 ἔστιν
3464 1323 3500 1374 ὁ
3523 1318 3856 1372 ἐπικαλού-

2253 1441 2438 1496 μενος
2458 1423 2523 1478 eo
2546 1419 2736 1490 ὄνομά
2755 1435 2893 1482 σου,
2919 1416 3018 1470 καί
3053 1418 3086 1470 ὁ
3111 1414 3406 1484 μνησθεὶς
3424 1408 3854 1466 ἀντιλαϐέσθαι

2258 1532 2376 1574 σου
2400 1554 2416 1580 ,
2471 1514 2563 1569 ὅτι
2625 1509 3017 1576 ἀπέστρεψας
3061 1507 3127 1560 τὸ
3185 1503 3526 1572 πρόσωπόν
3574 1516 3699 1554 σου
3758 1499 3854 1566 ἀφ’

2255 1607 2460 1680 ἡμῶν,
2503 1606 2606 1662 καὶ
2665 1601 3011 1672 παρέδωκας
3065 1596 3222 1669 ἡμᾶς
3274 1597 3373 1652 διὰ
3419 1595 3528 1661 τὰς
3561 1594 3851 1664 ἁμαρτίας

2256 1702 2448 1772 ἡμῶν·

2335 1792 2523 1858 Ἔδοξε
2564 1793 2677 1845 τισὶ
2707 1791 2818 1844 τῶν
2876 1784 3182 1858 ἐξηγητῶν,
3233 1783 3359 1836 καθ’
3403 1781 3602 1851 ὲτέραν
3633 1778 3850 1831 ἔννοιαν

2269 1890 2384 1952 τοῖς
2417 1883 2802 1957 προκειμένοις
2855 1877 3205 1950 προσϐαλεῖν.
3273 1874 3704 1944 Ἀναστρέφουσι
3751 1871 3856 1938 γὰρ

2261 1979 2371 2034 τῶν
2421 1976 2622 2044 λέξεων
2676 1973 2778 2044 τὴν
2826 1970 3102 2036 ἀπόδοσιν,
3152 1967 3275 2038 ἦτοι
3325 1965 3439 2018 τῶν
3488 1962 3714 2017 ἐννοιῶν
3757 1959 3853 2031 τὴν

2263 2070 2516 2139 δύναμιν,
2553 2065 2642 2120 ἵνα
2679 2057 3065 2134 τοιοῦτοντὸ
3107 2057 3424 2126 λεγόμενον·
3461 2074 3482 2109 ι
3525 2055 3661 2108 Ἰδοὺ
3694 2052 3854 2122 ἡμεῖς

2266 2161 2607 2234 ἡμάρτομεν,
2634 2155 2912 2228 ὠργίσθης
2937 2153 2994 2206 δὲ
3019 2152 3106 2206 σύ.
3129 2170 3148 2203 ι
3177 2152 3252 2205 Οὐ
3269 2150 3378 2218 γάρ
3403 2165 3508 2212 τοι,
3527 2147 3685 2216 φασὶ,
3717 2161 3856 2214 παρ-

2265 2255 2438 2317 αίτιος
2487 2252 2670 2313 αὐτοῖς
2699 2247 2796 2301 τοῦ
2823 2244 3166 2316 πλημμελεῖν
3216 2245 3251 2314 ή
3283 2242 3407 2296 θεία
3440 2240 3669 2309 γέγονεν
3693 2238 3854 2308 ὀργή.

2279 2343 2499 2414 Ἐπειδὴ
2548 2342 2608 2396 δὲ
2645 2339 2801 2393 αὐτοὶ
2848 2335 3352 2406 πεπαρῳνήκασιν,
3399 2330 3648 2401 ὠργίσθη
3697 2329 3852 2392 Θεὸς,

2267 2435 2470 2492 δεδίασι
2527 2433 2637 2502 γὰρ
2685 2428 2828 2484 κατὰ
2863 2429 2926 2481 τὸ
2977 2426 3124 2489 εἰκὸς
3156 2424 3230 2496 μὴ
3289 2423 3397 2494 ἄρα
3426 2439 3548 2484 πως
3581 2420 3855 2492 ἁμαρτίας

2268 2526 2528 2597 πρόξενος
2552 2525 2582 2576 ὁ
2606 2521 2747 2585 θεῖος
2783 2523 2982 2574 νοεῖται
3012 2515 3206 2587 θυμός.
3243 2511 3412 2584 Οἶμαι
3441 2513 3501 2567 δὲ
3537 2513 3652 2566 δεῖν
3685 2515 3858 2566 ἐκεῖνο

2269 2620 2465 2682 εἰπεῖν,
2497 2615 2558 2669 οὐ
2583 2613 2695 2686 γάρ
2722 2630 2805 2667 τοι
2831 2611 3171 2682 κατὰρῤησιν
3200 2607 3313 2678 ἔχει
3347 2607 3450 2676 τῆς
3478 2606 3634 2670 θείας
3651 2605 3854 2676 ὀργῆς,

2266 2708 2330 2762 τὸ
2357 2708 2484 2770 τοὺς
2510 2707 2602 2758 ὑπ’
2631 2705 2770 2775 αὐτῇ
2805 2701 3099 2770 γεγονότας
3137 2699 3410 2761 ἀνικάνως
3454 2696 3600 2766 ἔχειν
3631 2695 3772 2766 πρὸς
3797 2711 3856 2762 γε

2267 2799 2330 2852 τὸ
2347 2796 2607 2851 δύνασθαι
2629 2796 2916 2864 διαφυγεῖν
2933 2794 3035 2862 τῆς
3053 2789 3328 2862 ἁμαρτίας
3355 2789 3456 2859 τὴν
3482 2787 3696 2858 ἔφοδον.
3718 2787 3858 2849 Ἕως

2271 2892 2372 2962 μὲν
2398 2891 2508 2962 γὰρ
2535 2890 2620 2959 ἐφ’
2653 2890 2786 2959 ἡμῖν
2825 2888 2855 2940 ὁ
2893 2885 3083 2950 σώζων
3111 2883 3490 2953 εὐφραίνεται,
3527 2897 3858 2950 κατευμεγε-

2271 2981 2475 3052 θοῦμεν
2504 2982 2602 3050 τῆς
2624 2977 2922 3049 ἁμαρτίας,
2946 2975 3043 3030 καὶ⁸
3069 2973 3178 3028 τῶν
3205 2975 3270 3026 ὲκ
3315 2971 3653 3042 φαυλότητος
3679 2972 3860 3041 ῥύπα-ιν

592 3065 692 3120 bus
719 3073 937 3121 strenue
961 3079 1309 3122 coronamur.
1336 3067 1406 3120 At
1431 3066 1518 3122 ubi
1550 3067 1884 3124 fortitudinis
1911 3070 2168 3139 suppedi-

2271 3071 2673 3143 ἀποφοιτῶντες
2713 3067 2986 3131 εὐσθενῶς
3025 3070 3139 3130 τοῖς
3185 3067 3266 3129 εἰς
3297 3063 3590 3136 εὐανδρίαν
3624 3080 3861 3133 πνευμα-

595 3169 791 3224 torem,
821 3166 877 3212 et
918 3157 1130 3214 roboris
1168 3173 1234 3214 ac
1280 3159 1475 3214 virium
1525 3160 2049 3217 subministratorem
2077 3178 2176 3218 ex-

594 3247 943 3314 acerbamus,
1028 3247 1084 3304 in
1109 3247 1439 3304 debilitatem
1460 3249 1788 3317 corruimus,
1816 3258 1872 3304 et
1902 3251 2179 3306 inﬁrmam

591 3352 663 3394 ac
716 3339 997 3393 remissam
1053 3349 1288 3395 mentem
1339 3347 1579 3395 nostram
1629 3338 1985 3396 inveniemus.
2032 3339 2174 3395 Deus

594 3426 742 3484 ettitn
771 3437 856 3483 est
881 3427 1144 3484 virtutum
1171 3428 1434 3485 Dominus
1458 3429 1524 3483 ³⁵.
1557 3429 1624 3485 Et
1665 3429 1881 3500 quidem
1925 3431 2175 3486 Christus

596 3518 676 3581 ait
720 3535 736 3580 :
784 3536 807 3575 t
851 3517 984 3573 Sine
1011 3533 1099 3573 me
1129 3535 1236 3574 non
1269 3521 1494 3588 potestis
1521 3522 1813 3590 quidquam
1845 3521 2022 3578 facere
2047 3524 2114 3578 ³⁸.
2149 3544 2168 3576 ι

602 3608 853 3675 Dixitque
883 3607 933 3663 ei
963 3608 1178 3663 divinus
1204 3609 1369 3665 David
1395 3612 1462 3667 de
1491 3611 1637 3666 omni
1666 3621 1856 3668 sancto
1887 3631 1901 3667 :
1938 3633 1957 3666 ι
1990 3613 2176 3671 Gloria

602 3698 856 3768 potentiae
878 3713 1066 3756 eorum
1094 3707 1146 3755 tu
1176 3716 1236 3756 es
1257 3701 1322 3756 ³⁷.
1358 3721 1378 3754 ›
1411 3702 1555 3758 Alibi
1579 3716 1814 3774 quoque,
1837 3705 1979 3776 quod
2011 3710 2180 3775 possit

598 3792 728 3857 boni
778 3792 979 3861 aliquid
1032 3803 1320 3862 praestare,
1361 3795 1534 3866 889
1581 3810 1688 3851 non
1744 3798 1876 3863 sibi,
1928 3799 2022 3854 sed
2082 3799 2177 3856 Dei

598 3886 853 3956 patentius
879 3885 1202 3951 attribuens,
1231 3886 1410 3955 psallit
1436 3897 1492 3944 et
1515 3889 1686 3958 inquit
1715 3907 1729 3944 :
1763 3908 1783 3941 r
1824 3888 1934 3945 Non
1967 3891 2020 3946 in
2047 3907 2176 3947 arcu

600 3990 726 4034 meo
769 3977 1032 4048 sperabo,
1079 3985 1134 4034 et
1176 3978 1387 4049 gladius
1437 3995 1588 4037 meus
1637 3996 1743 4038 non
1794 3983 2032 4039 servabit
2074 3999 2178 4041 me.

2276 3167 2434 3237 τικὴν
2459 3165 2742 3236 αὐχήμασι
2764 3158 3195 3231 στεφανούμεθα.
3236 3156 3785 3227 Καταπικραίνοντες
3807 3154 3861 3206 δὲ

2275 3260 2374 3331 τῆς
2430 3255 2614 3327 ἰσχύος
2662 3253 2754 3309 τὸν
2812 3251 3073 3325 χορηγὸν,
3136 3249 3232 3304 καὶ
3281 3249 3384 3319 τῆς
3444 3246 3732 3318 εὐανδρίας
3772 3245 3860 3298 τὸν

2277 3345 2564 3418 πρύτανιν,
2595 3343 2870 3413 πίπτομεν
2895 3343 2977 3405 εἰς
3011 3342 3074 3393 τὸ
3101 3338 3317 3403 ἀναλκι,
3350 3339 3448 3392 καὶ⁵
3489 3336 3689 3408 ἀδρανῆ
3718 3353 3856 3397 πως,

2276 3437 2370 3491 καί
2390 3435 2724 3506 παρειμένον
2753 3433 2846 3488 τὸν
2869 3431 3075 3487 ἑαυτῶν
3097 3431 3402 3504 εὑρήσομεν
3426 3427 3567 3482 νοῦν.
3591 3427 3727 3490 Θεὸς
3747 3425 3860 3498 γάρ

2276 3532 2426 3583 ἐστιν
2451 3530 2480 3582 ὁ
2525 3527 2639 3579 τῶν
2661 3525 2944 3597 δυνάμεων
2985 3525 3214 3594 Κύριος.
3257 3523 3365 3581 Καὶ
3392 3521 3516 3590 γοῦν
3562 3520 3667 3588 ἔφη
3717 3521 3863 3590 Χρμ

2280 3620 2422 3683 στος,
2452 3619 2534 3672 ὃτι
2567 3638 2586 3670 ι
2631 3619 2816 3689 Χωρὶς
2847 3616 2981 3688 ἐμοῦ
3010 3618 3070 3671 ού
3124 3615 3357 3669 δύνασθε
3387 3613 3550 3666 ποιεῖν
3598 3609 3780 3664 οὐδὲν.
3831 3631 3855 3664 ι

2282 3711 2426 3779 Ἔφη
2460 3709 2518 3762 δέ
2542 3725 2648 3762 που
2697 3709 2843 3762 καὶὸ
2873 3707 3159 3771 θεσπέσιος
3177 3705 3343 3761 Δασὶδ
3380 3704 3514 3776 πρὸς
3549 3701 3714 3757 αὐτὸν
3733 3703 3866 3774 περὶ

2251 3800 2478 3864 παντὸς
2503 3799 2678 3868 ἁγίου,
2713 3800 2795 3852 ὅτι
2852 3817 2870 3851 t
2901 3799 2974 3852 Τὸ
3008 3799 3269 3870 καύχημα
3323 3797 3422 3868 τῆς
3467 3796 3746 3867 δυνάμεως
3773 3795 3867 3847 air-

2278 3889 2387 3944 τῶν
2417 3891 2480 3943 σὺ
2520 3887 2589 3945 εἷ.
2637 3910 2655 3941 ι
2689 3890 2799 3943 Καὶ
2835 3891 2942 3961 μὴν
2969 3891 3064 3944 καὶ
3113 3889 3340 3962 ἑτέρωθί
3376 3906 3481 3942 που
3507 3888 3571 3941 τὸ
3609 3886 3864 3941 δύνασθαί

2281 4000 2333 4036 τι
2355 3982 2464 4036 τῶν
2495 3982 2716 4050 ἀγαθῶν
2759 3980 3079 4053 κατορθοῦν,
3121 3982 3222 4052 οὐχ
3261 3980 3441 4052 ἑαυτῷ
3468 3978 3692 4051 μᾶλλον,
3733 3977 3867 4032 ἀλλὰ

602 4069 846 4124 Servasti
869 4069 1015 4124 enim
1044 4084 1142 4125 nos
1171 4071 1240 4128 ab
1271 4071 1355 4133 his
1383 4073 1473 4140 qui
1501 4071 1742 4144 aliligunt
1763 4074 1827 4129 ³⁸.
1862 4093 1882 4128 ι
1921 4075 1991 4131 Ut
2017 4075 2169 4147 igitur

2283 4077 2376 4129 καὶ
2397 4077 2519 4137 ταῖς
2547 4073 2640 4126 τοῦ
2674 4072 2809 4126 θεοῦ
2852 4073 3151 4144 δυνάμεσιν
3199 4072 3482 4137 ἀνατεθεὶς
3517 4072 3736 4142 ψάλλει,
3773 4070 3865 4124 καί

602 4176 852 4233 superna:
883 4161 1182 4217 clementiae
1213 4161 1365 4217 favor
1399 4178 1500 4220 nos
1533 4167 1715 4220 reddit
1748 4165 2098 4233 fortissimos,
2126 4179 2169 4224 el

2283 4179 2449 4234 φησιν
2472 4177 2487 4192 ⁶
2519 4179 2540 4214 ι
2563 4163 2675 4214 υὺκ
2694 4161 2786 4216 ἐπὶ
2815 4161 2894 4232 τῷ
2924 4161 3063 4232 τόξῳ
3083 4180 3182 4233 μου
3204 4162 3396 4234 ὲλπιῶ,
3427 4163 3524 4216 καὶ
3558 4163 3594 4232 ἡ
3625 4161 3865 4232 ῥομφαία

603 4267 863 4310 nervosos
895 4253 1027 4308 facit
1058 4253 1126 4308 ad
1164 4255 1526 4311 resistendum
1570 4258 1712 4313 malo
1758 4277 1771 4311 :
1817 4258 1933 4328 pari
1971 4260 2169 4315 ratione

2285 4272 2387 4326 μου
2416 4256 2476 4308 οὐ
2504 4254 2667 4308 σώσει
2710 4270 2798 4324 με.
2818 4255 3068 4317 Ἕσωσας
3097 4252 3206 4325 γὰρ
3234 4254 3384 4323 ἡμᾶς
3422 4254 3488 4305 ὲκ
3514 4251 3628 4305 τῶν
3660 4249 3863 4305 θλιϐόν-

587 4358 731 4407 cum
755 4342 949 4397 divinae
973 4343 1066 4397 irae
1089 4342 1427 4412 subjicimur,
1454 4355 1564 4400 tum
1590 4346 1800 4401 vitiosis
1820 4348 2169 4416 voluptatibus

2284 4366 2391 4403 των
2426 4349 2587 4418 ἡμᾶς.
2631 4367 2650 4399 ›
2685 4348 2896 4418 Ὥσπερ
2932 4347 3112 4400 τοίνυν
3137 4347 3200 4400 τὸ
3227 4347 3324 4416 τῆς
3353 4345 3566 4400 ἄνωθεν
3594 4344 3866 4416 ἡμερότη-

605 4432 878 4489 serviliter
901 4433 1275 4499 succumbere,
1299 4436 1519 4490 omnino
1542 4446 1627 4491 est
1656 4452 1894 4493 necesse.
1919 4439 2094 4494 Iratus
2121 4455 2169 4494 et-

2283 4457 2375 4502 τος
2423 4438 2682 4509 εὐμενὲς,
2743 4437 3156 4508 ἀλκιμωτάτους
3203 4438 3352 4506 ἡμᾶς
3404 4437 3731 4504 ἀποφαίνει,
3775 4435 3870 4487 καὶ

606 4540 768 4594 ergo,
799 4539 864 4579 eo
899 4525 1041 4594 quod
1074 4525 1324 4581 videlicet
1355 4529 1598 4583 bacchati
1634 4531 1926 4585 crudeliter
1958 4546 2178 4600 sumus,

605 4626 663 4672 et
695 4623 1010 4686 peccatores
1043 4630 1108 4671 ao
1141 4615 1336 4672 nefarii
1361 4619 1710 4696 ‘exstitimus,
1742 4622 1877 4676 adeo
1912 4632 1970 4678 ut
2001 4623 2180 4678 omnis

601 4707 815 4780 justltia
860 4717 1072 4773 nostra,
1106 4706 1302 4779 inquit,
1335 4723 1514 4777 panno
1556 4721 1903 4768 menstruatas
1941 4715 2182 4770 mulieris

607 4812 732 4854 esse
759 4797 953 4855 similis
983 4794 1247 4864 videatur,
1278 4799 1336 4852 id
1359 4811 1474 4864 est,
1503 4800 1863 4856 abominanda
1897 4805 1969 4859 sit
1993 4815 2047 4858 et
2080 4807 2181 4860 im-

609 4882 902 4953 pura..Nec
927 4885 1072 4943 enim
1095 4886 1255 4942 facile
1281 4886 1483 4943 videris
1504 4888 1766 4958 justitiam
1801 4893 1940 4962 apud
1973 4893 2183 4951 Israeli-

611 4987 717 5042 tas,
738 4976 972 5032 maxime
995 4992 1140 5035 nunc
1165 4987 1286 5048 post
1307 4978 1642 5049 impietatem
1665 4983 1716 5036 in
1745 4982 2042 5053 Christum,
2067 5002 2186 5056 quite

611 5081 721 5122 non
767 5067 1196 5136 reprehendatur
1237 5077 1293 5122 et
1337 5069 1646 5126 irrideatur.
1678 5072 1810 5127 Nam
1859 5075 1953 5144 qui
2004 5089 2187 5146 pectus

613 5156 814 5212 habent
844 5157 1028 5214 divino
1057 5167 1114 5213 et
1148 5156 1466 5228 intelligibili
1499 5159 1704 5218 lumine
1735 5165 1956 5220 omnino
1987 5168 2185 5223 nudum

609 5259 668 5304 et
707 5262 932 5303 vacuum
979 5268 993 5304 :
1036 5251 1128 5319 qui
1165 5249 1284 5304 ﬁeri
1324 5260 1507 5319 posset
1548 5261 1604 5307 ut
1643 5256 1890 5311 semitam
1930 5267 2079 5313 recta
2120 5259 2187 5313 ad

2283 4531 2555 4603 διανευροϊ
2577 4530 2713 4601 πρὸς
2741 4530 3052 4584 ἀντίστασιν
3081 4524 3175 4582 τοῦ
3224 4527 3420 4582 κακοῦο
3458 4527 3606 4580 κατά
3630 4527 3720 4579 τὸν
3755 4525 3872 4578 ἶσον

2284 4623 2494 4676 τουτονὶ
2517 4622 2739 4693 τρόπον,
2765 4623 2896 4676 ὅταν
2939 4620 3046 4674 ὑπὸ
3079 4619 3228 4674 θείαν
3253 4620 3544 4690 πίπτωμεν
3595 4619 3783 4691 ὀργὴν,
3809 4617 3873 4669 τδ

2285 4714 2540 4787 τηνικάδε
2574 4714 2726 4769 πᾶσά
2787 4730 2907 4777 πως
2959 4713 3171 4782 ἀνάγκη
3225 4711 3614 4784 δουλοπρεπῶς
3667 4711 3875 4778 ὑποφὲ-

2292 4804 2479 4876 ρεσθαι
2505 4807 2626 4868 ταῖς
2671 4807 2750 4869 είς
2773 4805 2835 4858 τὸ
2882 4803 3084 4874 φαῦλον
3122 4803 3358 4875 ήδοναῖςι
3387 4803 3670 4875 ὡργίσθης
3695 4803 3880 4857 τοίνυν

2289 4897 2375 4966 ἐφ’
2432 4890 2514 4961 οἷς
2571 4895 2811 4968 δηλονότι
2866 4897 3345 4968 πεπαρῳνήκαμεν
3367 4935 3382 4960 ,
3429 4897 3526 4948 καὶ
3566 4895 3882 4965 γεγόναμεν

2285 4987 2618 5061 ἁμαρτωλοὶ,
2634 4987 2728 5040 καὶ
2751 4986 2986 5058 βέϐηλοι,
3010 4986 3150 5040 ὥστε
3173 4987 3267 5040 καὶ
3284 4988 3465 5040 πᾶσαν
3484 4986 3666 5056 ἡμῶν,
3714 4987 3880 5057 φησὶ,

2285 5079 2384 5151 τὴν
2421 5079 2765 5148 δικαιοσύνην
2815 5079 3049 5132 ἑοικέναι
3099 5079 3255 5150 pexa:
3313 5079 3574 5146 γυναικὸς
3629 5079 3886 5132 ἀποκαθ-

2283 5170 2516 5240 ημένης,
2546 5169 2809 5235 τουτέστι,
2837 5169 3098 5239 βδελυρὰν
3137 5165 3276 5223 εἶναι
3304 5169 3402 5223 καὶ
3433 5168 3769 5240 ἀκάθαρτον.
3798 5169 3886 5222 Οὐ

2286 5265 2396 5331 γὰρ
2427 5261 2544 5315 ἔστι
2587 5260 2934 5331 δικαιοσύνην
2981 5260 3107 5314 ἰδεῖν
3159 5259 3312 5332 παρὰ
3355 5263 3473 5324 τοῖς
3520 5258 3581 5324 ἐξ
3639 5260 3886 5330 αἵματος

614 5352 800 5396 sacras
827 5338 973 5410 leges
999 5340 1350 5397 deducentem
1376 5343 1626 5399 videant?
1647 5354 1740 5399 aut
1760 5349 2028 5417 quomodo
2049 5348 2161 5418 just

2303 5351 2516 5424 Ἰσραὴλ
2537 5391 2551 5417 ,
2603 5354 2721 5407 νυνὶ
2767 5353 2832 5426 δὴ
2882 5354 3111 5424 μάλιστα
3171 5352 3310 5423 μετά
3359 5352 3458 5423 τὴν
3507 5353 3590 5416 εἰς
3640 5352 3887 5422 Χριστὸν

690 5517 736 5549 ³⁸
766 5519 906 5576 Psal.
933 5537 1123 5590 cxvnr,
1149 5523 1236 5593 14,
1268 5525 1356 5580 15.
1434 5526 1638 5582 "Psal.
1665 5543 1822 5596 χχιιι,
1866 5529 1951 5584 10.
2029 5531 2073 5560 ³⁵
2098 5529 2169 5586 10;

2281 5548 2368 5596 xv,
2423 5533 2476 5588 5.
2554 5534 2596 5565 ³⁷
2644 5533 2782 5589 Psal.
2822 5550 3083 5601 tum",
3118 5535 3206 5590 18.
3282 5535 3330 5568 ³⁸
3365 5533 3509 5592 Psal.
3543 5549 3704 5602 XLIII,
3735 5535 3789 5600 7,
3822 5534 3882 5588 8.

699 5693 774 5770 (Ι)
825 5694 919 5767 Ὠς
947 5699 1099 5765 χοῦν
1121 5700 1266 5758 LXX
1298 5705 1495 5772 delent,
1530 5721 1628 5764 nec
1654 5707 1708 5764 in
1745 5708 1990 5766 versione
2023 5709 2287 5766 Hunfredi
2327 5711 2614 5781 reperitur.
