4134 6302
348 375 478 436 ttat
698 364 726 406 -‘

1437 375 1504 430 IN
1544 376 1776 432 lSAlMl
1819 377 1946 434 LIB.
1993 381 2054 436 V.
2093 378 2327 437 TOMUS
2366 379 2450 434 Vl.

3461 390 3602 448 1402

347 487 622 552 ἀσέϐειαν,
648 487 879 559 ἀμωμόν
903 505 962 541 τε
990 487 1082 542 καὶ
1131 486 1537 542 ἀκατάσκοπονο
1569 491 1618 542 οί
1642 489 1751 560 7&9
1795 490 1921 554 ὅλως

2037 507 2163 549 vere
2187 493 2316 560 sint,
2349 493 2440 562 qui
2470 493 2780 564 evangelica
2812 495 3195 563 pradicatione
3223 507 3434 568 carent,
3470 508 3612 562 unde

351 581 532 651 φωτὸς
592 583 686 636 τοῦ
738 582 885 636 θείου
935 582 1026 636 καὶ
1074 579 1266 650 νοητοῦ
1312 581 1526 652 γυμνὴν
1559 583 1654 635 καὶ
1708 583 1926 653 ἐρήμην

348 671 562 742 ἔχοντες
580 671 680 739 τὴν
714 671 958 743 καρδίαν,
1016 669 1133 733 πῶς
1171 668 1238 724 ἂν
1286 671 1476 724 εἰδεῖεν
1510 670 1612 740 τὴν
1641 670 1770 724 εὐθὺ
1818 671 1928 727 τῶν

351 761 511 831 ιερῶν
537 761 714 832 νόμων
729 761 1112 831 ἀποφέρουσαν
1132 761 1316 831 τρίϐον
1340 777 1354 824 ;
1387 762 1460 814 Ἢ
1489 760 1606 824 πῶς
1643 760 1710 817 ἂν
1731 761 1925 816 δίκαιοι

349 852 490 906 κατά
551 853 614 905 τὸ
669 852 865 922 ἀληθὲς
928 851 1038 906 τῶν
1109 852 1479 921 εὐαγγελικῶν
1555 853 1927 924 κηρυγμάτων

346 944 726 1015 ὴμοιρηκότες,
761 944 828 997 δι’
859 939 934 1000 ὧν
967 944 1083 999 ἐστι
1116 945 1309 1015 μαθεῖν
1337 948 1438 1016 τῆς
1469 947 1804 1015 ἀξιαγάστου
1831 966 1928 1001 πο-

348 1033 549 1097 λιτείας
567 1034 665 1104 τὴν
688 1034 839 1102 ὁδόν;
873 1035 1175 1108 ἀκάθαρτοι
1224 1037 1288 1108 δὴ
1334 1034 1450 1104 οὖν,
1493 1038 1598 1092 κᾶν
1639 1040 1688 1092 εί
1719 1038 1927 1093 δοκοῖεν

346 1121 484 1178 εἶναι
513 1125 659 1189 τινὲς
688 1127 917 1198 χρηστοὶ
973 1129 1069 1182 καὶ
1109 1129 1392 1192 ἐπιεικεῖς.
1427 1130 1636 1202 Ὠσπερ
1671 1129 1728 1183 δὲ
1753 1130 1927 1200 φύλλα

346 1215 696 1273 πεπτώκασιν
750 1218 815 1272 ἐκ
845 1219 1036 1288 φυτοῦ,
1071 1221 1165 1274 καὶ
1195 1220 1347 1274 οὐδὲν
1390 1220 1617 1284 ἀπεικὸς
1668 1222 1718 1276 εί
1769 1220 1928 1276 τοῦτο

345 1306 630 1371 παθόντες,
657 1309 748 1363 καὶ
767 1309 1203 1383 διαῤῥιπτεῖσθαι
1241 1311 1518 1382 πανταχοῦ
1549 1312 1927 1385 προσδοκῶσιν

343 1397 394 1450 oi
425 1397 672 1462 τάλανες·
701 1399 1174 1474 εὐπαρακόμιστον
1202 1402 1312 1473 γὰρ
1362 1403 1628 1472 ἐσχήκασι
1660 1403 1760 1474 τὴν
1789 1418 1926 1474 καρ-

343 1486 483 1552 δίαν,
533 1490 627 1545 καὶ
670 1485 783 1544 οἷον
830 1493 994 1546 παντὶ⁸
1023 1493 1462 1567 περιφερομένην
1509 1493 1805 1564 πνεύματι,
1832 1493 1928 1546 καὶ

345 1578 523 1642 οὐδείς
541 1581 662 1639 ἐστι
696 1582 828 1653 παρ’
856 1583 1042 1647 αὐτοῖς
1069 1586 1099 1638 ὁ
1118 1583 1358 1656 γνησίως
1393 1583 1772 1638 ἐπικαλεῖσθαι
1793 1581 1926 1636 Θεὸν

345 1665 522 1732 εἰδὼς,
551 1671 720 1739 ήγουν
748 1672 838 1727 διὰ
895 1675 1116 1746 μνήμης
1161 1674 1322 1745 ἔχων,
1362 1675 1445 1729 ὅτι
1488 1675 1595 1747 χρὴ
1639 1674 1741 1744 τῆς
1792 1673 1928 1744 πρὸς

344 1757 508 1812 αὐτὸν
530 1761 863 1832 οἰκειότητος
893 1763 1270 1820 ἀντιλαϐέσθαι
1316 1765 1600 1830 νεανικῶςο
1633 1763 1929 1821 πεπτώκαο

2029 583 2218 639 liceret
2259 583 2531 654 praeclara:
2572 585 3000 642 conversationis
3043 590 3182 642 viam
3227 592 3473 647 discere?
3512 595 3613 650 lm-

2029 676 2146 745 puri
2183 675 2346 745 igitur
2377 684 2524 740 sunt,
2551 675 2763 730 etiamsi
2803 677 2924 732 boni
2960 690 3013 732 et
3046 680 3197 748 probi
3235 696 3355 736 esse
3389 685 3610 740 videan-

2029 775 2138 820 tur.
2169 767 2247 822 Ac
2295 775 2551 836 tanquam
2595 767 2722 821 folia
2766 768 3080 823 ceciderunt
3125 771 3191 825 de
3235 777 3460 836 arbore:
3513 792 3612 832 nec

2030 857 2227 913 mirutn
2255 865 2340 913 est
2366 859 2412 914 si
2441 872 2563 913 cum
2593 857 2698 912 hoc
2731 857 2836 912 illis
2866 859 3099 922 accidat,
3126 861 3291 916 etiam
3329 864 3607 935 abiectum
3663 913 3670 918 .

2029 949 2095 1004 iri
2144 964 2205 1006 se
2248 949 2404 1020 plane
2456 957 2678 1018 sperent
2724 949 2930 1004 miseri.
2979 950 3218 1007 Labilem
3272 970 3506 1025 namque
3556 970 3612 1013 et

2029 1038 2289 1094 lubricam
2333 1047 2566 1094 mentem
2603 1036 2930 1102 habuerunt,
2957 1054 3078 1108 quae
3113 1041 3258 1094 omni
3303 1052 3464 1098 vento
3501 1047 3609 1100 cir-

2027 1129 2325 1185 cumfertur
2343 1128 2410 1186 ³³.
2433 1127 2544 1186 Nec
2566 1128 2852 1198 quisquam
2881 1143 3069 1184 eorum
3097 1137 3182 1185 est
3229 1132 3321 1201 qui
3348 1147 3609 1203 germane

2028 1235 2094 1276 ac
2118 1220 2351 1290 genuine
2377 1221 2516 1275 sciat
2541 1221 2709 1276 Deum
2735 1220 3004 1284 invocare,
3029 1231 3122 1275 aut
3146 1221 3238 1291 qui
3271 1225 3600 1293 meminerit,

2026 1311 2461 1381 conjunctionem
2493 1327 2612 1380 quae
2646 1327 2768 1367 cum
2804 1314 2922 1382 ipso
2953 1322 3066 1376 est,
3101 1314 3604 1383 apprehendendam

2028 1413 2084 1458 et
2105 1401 2529 1472 amplectendam
2559 1413 2806 1472 prompte
2830 1412 2884 1457 et
2911 1403 3066 1472 quasi
3095 1402 3425 1471 iuveniliter.
3453 1406 3610 1461 Ceci-

2027 1493 2206 1547 dimus
2243 1501 2445 1557 autem,
2476 1493 2742 1562 inquiunt,
2767 1508 2833 1547 eo
2870 1493 3124 1560 miseriae,
3157 1513 3174 1546 ι
3203 1496 3329 1564 quia
3361 1497 3606 1554 avertisti

2028 1580 2222 1638 faciem
2257 1591 2405 1637 tuam
2437 1597 2469 1636 a
2502 1583 2680 1647 nobis,
2703 1594 2761 1637 et
2795 1583 3058 1638 tradidisti
3095 1599 3194 1638 nos
3229 1595 3448 1653 prapter
3478 1600 3608 1650 pec—

2027 1684 2150 1730 cata
2181 1682 2386 1730 nostra.
2424 1693 2445 1728 ›
2483 1674 2602 1729 Non
2636 1674 2783 1730 enim
2816 1675 2958 1730 beati
2990 1689 3110 1729 esse
3139 1685 3407 1744 poterant,
3437 1691 3464 1728 a
3497 1675 3608 1730 Deo

2025 1763 2252 1834 reiecti;
2294 1773 2346 1818 at
2381 1765 2529 1820 omni
2576 1763 2720 1819 malo
2765 1764 3003 1833 transﬁgi
3050 1765 3208 1835 plane
3249 1775 3463 1835 oportet
3491 1780 3605 1829 eos,

345 1862 447 1914 μεν
470 1848 549 1911 δὲ,
596 1848 752 1917 φασὶ,
787 1851 924 1922 πρὸς
962 1851 1123 1906 τοῦτο
1170 1853 1565 1924 ταλαιπωρίας,
1620 1871 1640 1906 ι
1681 1853 1762 1907 ὅτι
1810 1853 1918 1907 ἀπ-

2029 1851 2120 1920 qui
2150 1853 2284 1908 adeo
2318 1853 2500 1907 multis
2530 1853 2766 1922 peccatis
2791 1853 3000 1907 onerati
3029 1861 3179 1908 sunt.

344 1937 614 2010 έστρεψας
648 1940 710 1994 τὸ
735 1941 1022 2012 πρόσωπόν
1053 1960 1147 1996 σου
1181 1944 1276 2014 ἀφ’
1300 1943 1481 2016 ημῶν,
1521 1945 1618 2000 καὶ
1646 1943 1972 2016 παρέδωκας
2001 1944 2153 2013 ἡμᾶς
2205 1941 2294 1996 διὰ
2319 1943 2420 2006 τὰς
2451 1943 2724 2014 ἁμαρτίας
2744 1942 2920 2013 ἡμῶν.
2955 1961 2973 1994 ι
3001 1944 3075 1996 Οὐ
3096 1943 3204 2014 7&9
3240 1939 3309 2014 ἦν
3337 1942 3607 2014 εὐπράξαι

341 2031 468 2093 τοὺς
491 2031 844 2103 ἀποστροφὴν
880 2033 1280 2105 ὑπομείναντας
1343 2034 1442 2106 τὴν
1474 2035 1629 2106 παρὰ
1688 2033 1849 2103 Θεοῦ,
1874 2033 1993 2088 ἀλλ’
2029 2029 2098 2105 ἦν
2136 2033 2290 2091 πᾶσά
2337 2051 2453 2097 πως
2511 2033 2724 2106 ἀνάγκη
2768 2034 2930 2090 παντὶ
2979 2033 3398 2105 περιπείρεσθαι
3451 2033 3608 2104 κακῷ

340 2123 465 2185 τοὺς
489 2125 606 2187 ταῖς
632 2123 775 2180 οὕτω
797 2125 1018 2190 πολλαῖς
1051 2126 1347 2199 ἁμαρτίαις
1414 2127 1908 2199 κατηχθισμένους,

412 2214 519 2268 Καὶ
546 2214 682 2282 νῦν,
709 2218 906 2286 Κύριε.
949 2218 1152 2287 Πατὴρ
1185 2217 1357 2289 ἡμῶν
1387 2219 1470 2274 σὺ
1499 2215 1571 2273 εἷ.
1614 2218 1813 2288 Ἡμεῖς
1849 2218 1920 2273 δὲ

341 2303 536 2370 πηλὸς
553 2340 568 2370 ,
629 2304 774 2375 ἔργα
837 2305 958 2361 τῶν
1007 2306 1223 2377 χειρῶν
1275 2322 1396 2362 σου
1450 2307 1673 2374 πάντες
1721 2307 1913 2378 ἡμεῖς.

340 2395 440 2464 Μὴ
500 2396 731 2466 ὀργιζου
787 2399 933 2468 ἡμῖν
983 2399 1256 2468 σφόδρα,
1321 2398 1422 2454 καί
1471 2398 1558 2470 μὴ
1605 2399 1676 2453 ἐν
1736 2397 1918 2468 καιρῷ

336 2487 621 2556 μνησθῇς
692 2488 990 2558 ἁμαρτιῶν
1062 2489 1250 2559 ἡμῶν.
1320 2491 1430 2544 Kal
1496 2491 1615 2545 νῦν
1678 2491 1917 2546 ἐπίϐλε-

343 2579 494 2645 ψον,
551 2576 642 2632 ὅτι
685 2580 836 2646 λαός
881 2593 999 2635 σου
1046 2578 1270 2648 πάντες
1323 2580 1530 2650 ἡμεῖς,
1585 2581 1762 2648 πὸλις
1809 2581 1917 2638 τοῦ

353 2670 556 2739 Ἀγίου
589 2684 728 2726 σου.

413 2762 809 2833 Παραιτοῦνται
839 2764 1045 2836 σφόδρα
1088 2765 1151 2820 τὸ
1182 2765 1416 2822 είσάπαν
1457 2763 1770 2820 ἀπολισθεῖν
1818 2765 1918 2836 τῆς

342 2854 482 2925 πρὸς
503 2854 666 2910 αὑτὸν
686 2855 1038 2926 οίκειότητος.
1073 2857 1292 2929 Ἐπειδὴ
1314 2857 1372 2910 δέ
1392 2856 1481 2911 διὰ
1513 2856 1712 2928 πολλὴν
1733 2856 1916 2927 ἀμαρ-

2103 2220 2261 2275 Vens.
2287 2219 2343 2284 8,
2370 2219 2425 2276 9.
2456 2219 2522 2273 Et
2564 2235 2722 2283 nunc,
2760 2217 3002 2280 Domine,
3048 2214 3214 2271 Pater
3233 2229 3411 2270 noster
3433 2226 3489 2268 tu
3510 2233 3566 2272 es
3588 2255 3606 2280 ,

2025 2328 2116 2367 "08
2140 2321 2312 2364 autem
2337 2310 2536 2372 lutum;
2561 2323 2717 2377 opera
2745 2321 2997 2361 uiantium
3020 2315 3230 2360 tuarum
3268 2321 3444 2360 οηιιιεε
3483 2323 3604 2362 nos.

2023 2402 2109 2459 Ne
2136 2403 2390 2458 irascaris
2420 2401 2568 2455 nobis
2596 2401 2775 2464 nimis,
2803 2411 2850 2454 et
2877 2417 2942 2454 ne
2971 2399 3266 2454 memineris
3292 2399 3348 2451 in
3377 2407 3607 2465 tempore

2021 2504 2348 2564 peccatorum
2375 2503 2692 2563 nostrorum.
2720 2489 2876 2544 Nune
2903 2507 3026 2560 ergo
3053 2490 3266 2557 respice,
3286 2490 3412 2560 quia
3439 2505 3609 2559 popu-

2022 2586 2106 2642 lus
2131 2595 2252 2642 tuus
2274 2601 2449 2642 omnes
2477 2601 2601 2650 nos,
2630 2584 2813 2638 civitas
2841 2582 3027 2638 Sancti
3049 2583 3147 2636 tui.

2096 2762 2264 2818 Valde
2303 2762 2683 2833 deprecantur,
2711 2761 2935 2817 omnino
2975 2775 3007 2814 a
3053 2759 3433 2830 conjunctione
3480 2772 3607 2815 cum

2027 2854 2141 2910 Deo
2181 2854 2452 2910 excidere.
2488 2853 2626 2920 Quia
2660 2867 2790 2908 vero
2812 2860 3043 2924 propter
3074 2851 3241 2906 multa
3275 2857 3500 2919 peccata
3535 2849 3603 2902 ad

339 2946 459 3000 τίαν
482 2945 901 3017 παρηνέχθησαν
929 2949 1011 3012 είς
1044 2947 1222 3014 τοῦτο,
1270 2947 1531 3003 πλέκουσι
1569 2965 1690 3012 πως
1715 2947 1919 3020 ἀρίστη

2028 2946 2131 3002 boc
2179 2945 2397 3000 deducti
2449 2953 2607 3010 sunt,
2656 2943 2826 3015 390
2877 2958 3067 3013 preces
3117 2942 3323 3013 optimo
3374 2939 3609 2996 artiﬁcio

337 3037 504 3110 τέχνῃ
553 3037 652 3100 τὰς
701 3037 872 3102 λιτάς
928 3041 988 3092 οὐ
1043 3039 1154 3111 γὰρ
1189 3039 1402 3110 ἔχοντες
1452 3040 1512 3108 ἐξ
1537 3039 1701 3112 ἔργον
1742 3041 1840 3095 καὶ
1862 3039 1923 3107 ἐξ

338 3131 642 3204 ἀμωμήτου
667 3131 816 3202 ζωῆς
850 3131 1235 3204 ἐκδυσωπῆσαι
1271 3133 1364 3187 τὸν
1398 3132 1660 3199 σώζοντα,
1691 3133 1778 3203 ἐφ’
1800 3132 1922 3186 ἐτε-

343 3221 436 3291 ρόν
467 3239 521 3274 τι
555 3220 846 3292 βαδίζουσι.
892 3221 1276 3294 Παρακαλοῦσι
1322 3223 1431 3294 7&9
1467 3224 1544 3288 ὡς
1577 3224 1922 3296 Δημιουργδν

340 3313 663 3383 ποιημάτων
693 3313 838 3366 ίδίων
867 3311 1055 3368 θέσθαι
1084 3313 1209 3368 τινὰ
1229 3315 1409 3384 λόγον,
1431 3316 1526 3370 καὶ
1544 3316 1728 3387 νεῖμαι
1754 3315 1921 3384 φειδῶ

337 3406 450 3468 τοῖς
486 3405 616 3477 παρ’
649 3403 817 3458 αὑτοῦ
866 3407 1368 3478 παρενηνεγμένοις
1414 3409 1497 3471 εἰς
1543 3407 1605 3461 τὸ
1634 3403 1795 3474 εἴναι,
1825 3411 1922 3462 καὶ

339 3497 462 3567 ζῇν.
517 3517 536 3549 ι
563 3497 756 3569 Πατὴρ
802 3497 914 3568 γὰρ
963 3497 1120 3569 ήμῶν
1169 3499 1608 3571 κεχρημάτικας,
1651 3519 1671 3554 ι
1717 3500 1918 3570 φησὶν,

343 3605 362 3639 ι
387 3587 552 3657 ἐσμὲν
581 3588 638 3642 δέ
670 3590 832 3660 ἡμεῖς
859 3589 970 3645 τῶν
1002 3589 1110 3644 σῶν
1133 3590 1272 3662 ἔργα
1309 3591 1533 3664 χειρῶν.
1584 3591 1797 3647 Οὐκοῦν
1845 3591 1920 3663 μὴ

337 3676 557 3746 ὀργίξου
589 3679 720 3747 ἡμῖν
747 3681 973 3751 σφόδρα.
1015 3700 1035 3733 s
1079 3683 1196 3736 Οὐκ
1230 3682 1541 3750 ἀγνοοῦσιν,
1572 3686 1656 3737 ὅτι
1680 3699 1918 3754 προσκε-

339 3767 670 3838 κρούκασιν,
723 3770 1050 3840 ὁμολογοῦσι
1103 3772 1162 3824 δὲ
1219 3773 1445 3842 μᾶλλον,
1501 3775 1585 3826 ὅτι
1631 3775 1727 3828 καὶ
1763 3773 1920 3845 δίκης

337 3856 523 3922 ἀξίους
577 3856 800 3920 ἐαυτοὺς
836 3857 1146 3929 ἀπέφηναν,
1213 3861 1674 3931 πεπαρῳνηκότες
1713 3863 1921 3935 ἀγρίως

339 3946 420 4007 είς
437 3945 528 3997 τὸν
550 3945 702 3999 Υίόν·
735 3946 824 4000 διὰ
848 3946 1008 4002 τοῦτο
1060 3950 1343 4019 μονονουχὶ
1393 3949 1683 4015 κολάζουσι
1720 3952 1798 4023 (1)
1823 3953 1920 4025 τὴν

339 4037 515 4108 λιτὴν,
553 4039 644 4092 καὶ
691 4039 792 4093 οὐκ
837 4039 1130 4112 ἐλευθέραν
1168 4041 1446 4105 παντελῶς
1497 4042 1777 4098 ποιοῦνται
1819 4046 1920 4116 τὴν

337 4130 623 4200 πρόσοδονο
663 4129 836 4202 βραχὺ
860 4132 918 4188 δέ
940 4150 1057 4197 πως
1072 4133 1170 4205 τὴν
1189 4115 1498 4206 παρρησίαν
1521 4115 1916 4205 συστείλαντες,

337 4222 400 4284 οὐ
433 4222 494 4276 τὸ
551 4221 687 4293 μηδὲ
723 4223 858 4286 ὅλως
916 4224 1231 4296 ὀργίζεσθαι
1287 4227 1408 4278 κατ’
1450 4226 1632 4280 αὐτῶν
1678 4228 1919 4284 αἰτοῦσιν

2025 3046 2232 3094 texunt.
2255 3035 2390 3091 Cum
2419 3035 2565 3092 enim
2596 3049 2702 3089 non
2735 3035 2945 3104 possint
2971 3033 3226 3104 operibus
3253 3040 3310 3088 et
3335 3032 3607 3100 inculpata

2023 3129 2136 3184 vita
2185 3127 2533 3184 Servatorem
2587 3126 2841 3196 placare,
2882 3127 2952 3181 ad
2997 3126 3144 3180 aliud
3193 3139 3253 3180 se
3298 3123 3604 3180 conferunt.

2023 3219 2242 3290 Rogant
2259 3218 2401 3274 enim
2429 3225 2488 3272 ut
2509 3217 2848 3283 Creatorem,
2872 3225 2932 3272 ut
2957 3215 3041 3270 sui
3074 3213 3318 3285 ﬁgmenti
3344 3213 3606 3268 rationein
3641 3214 3664 3230 ‘

2021 3310 2236 3375 habeat,
2259 3320 2314 3366 et
2340 3309 2771 3366 misericordiam
2796 3306 3045 3364 conferat
3068 3306 3124 3362 in
3153 3319 3248 3361 eos
3273 3304 3365 3375 qui
3394 3303 3462 3358 ab
3487 3304 3608 3372 ipso

2021 3401 2076 3458 in
2107 3417 2286 3458 rerum
2318 3409 2565 3458 naturam
2613 3410 2670 3457 et
2719 3397 3159 3469 vitam-producti
3189 3404 3336 3453 sunt.
3389 3412 3410 3448 ι
3447 3394 3610 3448 Pater

2020 3491 2165 3546 enim
2219 3499 2420 3558 noster,
2449 3511 2469 3546 ι
2502 3491 2698 3561 inquit,
2728 3508 2748 3544 ι
2778 3487 3128 3558 nuncuparis,
3182 3499 3386 3556 nosque
3420 3499 3610 3540 sumus

2019 3596 2185 3649 opera
2237 3597 2493 3636 manuum
2541 3591 2774 3636 tuarum.
2808 3577 2991 3647 Itaque
3039 3593 3105 3632 ne
3151 3576 3404 3631 irascaris
3450 3575 3608 3630 nobis

2020 3671 2277 3741 graviter.
2309 3691 2328 3724 ι
2363 3670 2478 3728 Non
2507 3672 2759 3743 ignorant
2785 3684 2846 3726 se
2872 3667 3182 3733 oll‘endisse,
3207 3669 3316 3724 imo
3339 3669 3606 3724 conﬁten-

2023 3771 2132 3828 tur,
2161 3764 2302 3832 quod
2336 3777 2398 3818 se
2428 3778 2592 3831 poena
2622 3763 2812 3834 dignos
2845 3762 3143 3827 effecerint,
3173 3760 3484 3814 immaniter
3510 3760 3602 3813 de-

2020 3851 2270 3908 baccliati
2301 3854 2355 3907 in
2388 3851 2606 3906 Filium.
2641 3852 2848 3907 Idcirco
2879 3851 3044 3906 etiam
3078 3849 3446 3920 precationem
3482 3857 3609 3902 tan-

2024 3956 2133 4002 tum
2175 3960 2281 4001 non
2327 3944 2718 4008 conscindnnt,
2753 3956 2851 3998 nec
2893 3943 3121 3998 liberum
3170 3941 3274 3996 sibi
3323 3955 3605 3996 accessum

2021 4039 2332 4107 aditumque
2363 4038 2592 4101 faciunt,
2623 4037 2716 4091 sed
2748 4033 3141 4104 aliquantulum
3179 4033 3428 4102 loquendi
3466 4031 3608 4086 [idu-

2021 4132 2160 4187 ciatn
2210 4130 2558 4196 contrahunt,
2592 4128 2866 4198 Deumque
2900 4134 3062 4181 orant
3099 4124 3503 4187 miserabiliter,
3537 4139 3607 4178 ne

2020 4223 2242 4280 omnino
2275 4222 2377 4278 sibi
2412 4222 2707 4286 irascatur,
2745 4220 2839 4276 sed
2876 4228 2936 4274 ut
2967 4218 3204 4273 furorem
3240 4215 3609 4287 placabilitate

338 4312 588 4378 ἐλεεινῶς
625 4315 717 4369 τὸν
764 4315 918 4382 Θεὸν,
950 4318 1355 4374 ἀναπλέκεσθαι
1385 4319 1443 4372 δὲ
1473 4320 1673 4391 μᾶλλον
1691 4323 1916 4394 γαληνόο

2024 4323 2413 4384 contemperet.
2437 4313 2590 4384 Digni
2619 4313 2858 4382 quidem,
2883 4311 3077 4382 inquit,
3104 4326 3291 4366 sumus
3316 4309 3472 4380 plane
3500 4310 3601 4375 ira,

337 4423 458 4476 τητι
487 4408 578 4461 τὸν
599 4406 788 4479 θυμόν.
825 4409 997 4474 Ἀξιοι
1025 4411 1123 4482 μὲν
1176 4411 1286 4482 7&9
1329 4413 1499 4484 ὀργῆς
1549 4413 1916 4487 ὁμολογουμέ-

335 4514 461 4560 νως,
486 4498 667 4568 φησὶν,
697 4500 745 4552 οἱ
774 4502 888 4562 τοῖς
910 4499 1082 4564 οὕτως
1101 4501 1295 4564 δεινοῖς
1325 4502 1674 4572 ἐνισχημένοι
1701 4509 1910 4572 κακοῖς,

335 4585 472 4640 ἀλλὰ
484 4589 584 4658 τῆς
601 4589 699 4660 σῆς
727 4590 1064 4662 ἡμερότητος
1091 4589 1238 4657 ἄξιον
1261 4590 1473 4659 γένοιτο
1498 4592 1564 4646 ἂν
1578 4593 1640 4646 τὸ
1657 4593 1911 4649 κολοϐοὖν

336 4673 422 4744 ἐφ’
449 4676 603 4744 ἡμῖν,
633 4679 727 4731 καὶ
754 4678 822 4730 τὰ
841 4679 906 4731 ἐκ
934 4677 1146 4742 δικαίας
1160 4679 1350 4750 ὀργῆς.
1374 4698 1392 4732 ι
1431 4681 1521 4733 Ἐν
1549 4681 1728 4753 καιρῷ
1755 4701 1774 4733 ι
1805 4682 1912 4735 τοί-

2022 4407 2156 4460 adeo
2208 4403 2462 4474 gravibus
2509 4403 2664 4458 malis
2719 4403 3012 4471 implicati;
3067 4411 3124 4456 at
3175 4411 3264 4456 tua
3316 4401 3606 4456 clementia

2019 4496 2235 4565 (lignum
2269 4504 2352 4550 est
2404 4494 2542 4548 iram
2576 4494 2741 4548 etiam
2779 4495 2980 4566 justam
3021 4494 3076 4547 in
3125 4509 3224 4549 nos
3265 4494 3513 4548 minuere
3553 4505 3609 4549 et

2017 4586 2318 4640 decurtare.
2361 4603 2380 4637 ι
2433 4584 2699 4654 Tempore
2747 4605 2766 4638 ι
2814 4585 2981 4654 igitur
3021 4583 3357 4649 alﬁictlonis,
3396 4585 3606 4661 inquit,

2030 4695 2048 4728 ι
2087 4691 2156 4730 ne
2197 4675 2507 4731 memineris
2546 4683 2891 4745 peccatorum
2934 4682 3266 4739 nostrorum,
3295 4675 3390 4729 sed
3431 4674 3606 4742 cogita

335 4783 431 4820 νυν
485 4765 735 4836 θλίψεως,
793 4771 948 4840 φησι,
1006 4789 1026 4822 ι
1075 4770 1150 4843 μὴ
1190 4771 1437 4843 μνησθῇς
1484 4772 1593 4825 τῶν
1631 4773 1917 4844 ἁμαρτιῶν

2024 4768 2278 4839 populum
2315 4777 2465 4824 tuum
2496 4783 2597 4825 nos
2626 4784 2818 4824 omnes
2845 4782 2987 4834 esse,
3017 4776 3074 4822 et
3104 4767 3379 4822 civitatem
3415 4763 3605 4819 Sancti

335 4857 516 4927 ἡμῶν,
542 4859 739 4914 ἐννοῶν
777 4861 857 4917 ὅτι
879 4863 907 4916 ὀ
929 4863 1057 4927 λαός
1085 4881 1179 4916 σου
1203 4863 1404 4927 πάντες
1431 4865 1615 4933 ἡμεῖς,
1638 4864 1731 4917 καὶ
1761 4863 1915 4928 πόλις

2024 4859 2121 4923 tui,
2155 4877 2174 4912 s
2211 4859 2262 4913 id
2292 4868 2396 4924 est,
2425 4861 2479 4915 in
2512 4875 2621 4930 qua
2656 4869 2806 4914 tuum
2838 4869 2926 4916 est
2949 4857 3345 4916 sanctuarium.
3380 4854 3606 4926 Signiﬁ-

335 4947 431 5001 τοῦ
475 4949 654 5018 ’Δγίου
682 4967 797 5016 σου,
835 4971 853 5003 ι
905 4954 1206 5017 τουτέστιν,
1239 4955 1297 5008 ἐν
1417 4957 1478 5008 τὸ
1519 4955 1612 5008 σὺν
1643 4955 1910 5024 ἀγίασμα.

2024 4961 2149 5006 cant
2173 4960 2353 5006 autem
2380 4952 2465 5019 liis
2489 4953 2670 5010 verbis
2699 4951 2977 5023 templum.

338 5038 666 5109 Σημαίνουσι
698 5040 756 5095 δὲ
784 5041 873 5096 διὰ
901 5041 1107 5096 τούτων
1132 5042 1224 5095 τὸν
1257 5043 1415 5098 νεών.
2751 5064 2754 5068 ’

417 5129 708 5199 Ἐγενήθη
757 5132 976 5200 ἕρημος
1029 5133 1202 5198 Σιὼν,
1252 5135 1334 5200 ὡς
1383 5133 1603 5202 ἕρημος
1655 5133 1908 5203 ἐγενήθη

2092 5127 2252 5183 Vens.
2285 5128 2473 5185 10-19..
2508 5128 2681 5183 Facta
2725 5139 2800 5184 est
2838 5136 3042 5184 deserta
3080 5126 3242 5191 Sion;
3287 5125 3437 5196 quasi
3475 5124 3604 5179 soli-

347 5218 745 5289 Ἰερουσαλὴμ
767 5261 781 5285 ,
844 5225 932 5288 είς
995 5221 1261 5290 κατάραν
1322 5227 1355 5278 ὀ
1407 5220 1570 5288 οἶκος
1621 5223 1688 5277 τὸ
1743 5223 1912 5292 ἅγιον

2024 5222 2146 5273 tudo
2191 5221 2330 5288 facta
2375 5230 2449 5276 est
2488 5220 2820 5286 Jerusalem,
2857 5221 3146 5276 exsecratio
3190 5219 3374 5271 domus
3419 5225 3604 5273 sancta

334 5307 521 5378 ἡμῶν,
550 5309 590 5377 ἡ
636 5309 787 5376 δόξα
831 5310 912 5379 ἢν
941 5313 1294 5382 εὐλόγησαν
1324 5317 1378 5368 oi
1425 5313 1676 5382 πατέρες
1708 5313 1908 5382 ἡμῶν,

2024 5321 2226 5375 nostra,
2261 5313 2429 5382 gloria
2476 5314 2563 5366 cui
2610 5313 2981 5368 benedixerunt
3031 5322 3205 5382 patres
3251 5311 3452 5373 nostri,
3483 5307 3605 5377 igne

331 5399 588 5470 ἐγενήθη
632 5403 1077 5470 πιιρίκαυστος,
1136 5405 1236 5459 καί
1307 5405 1503 5462 πάντα
1553 5405 1622 5460 τὰ
1688 5407 1909 5472 ἔνδοξα

2024 5405 2282 5460 combusta
2308 5416 2402 5472 est,
2428 5415 2474 5460 et
2499 5405 2673 5460 omnia
2701 5405 2932 5475 gloriosa
2957 5403 3319 5460 conciderunt.
3349 5399 3419 5455 Et
3447 5413 3600 5469 super

408 5575 454 5609 "
482 5573 598 5632 Jac.
637 5592 675 5643 ι,
706 5577 759 5632 6.

405 5758 480 5830 (Ι)
515 5757 776 5814 llunl‘rcd.
811 5759 1004 5832 legisse
1042 5761 1254 5818 videtur
1292 5761 1638 5819 κολάπτουσι.
