4134 6302
613 355 755 410 “05

1636 351 1695 407 S.
1738 347 2016 406 CYRILLI
2055 344 2526 402 ALEXANDRINI
2564 339 2885 398 ARCHIEP.

3735 336 3893 392 εισι

607 473 691 526 Itis
737 469 974 526 omnibus
1016 478 1071 522 ιιι
1116 467 1440 532 sustinuisti,
1480 465 1728 535 Domine,
1754 465 1813 523 et
1857 467 2100 529 tacuisti,
2134 471 2182 520 et

2292 463 2611 518 συνέπεσε.
2639 459 2747 514 Kal
2775 457 2873 512 ἐπί
2928 453 3077 510 πᾶσι
3115 453 3347 517 τούτοις
3383 452 3696 519 ἠνέσχου,
3766 455 3898 509 ιω-

563 600 566 602 ν
610 560 898 615 humilitati
927 575 1019 612 nos
1048 557 1216 611 valde.

681 735 815 789 Cum
851 731 1314 802 praesigniﬁcarint
1343 731 1506 786 animi
1539 732 1698 799 mala,
1732 733 2186 804 praedixerintque

612 842 672 882 se
714 824 948 896 peccatis
995 824 1253 888 irretitos,
1289 823 1591 887 instabiles,
1625 833 1680 877 et
1720 824 1972 880 foliorum
2016 826 2186 882 instar

612 916 758 970 omni
797 913 927 969 ﬂatu
967 915 1072 969 huc
1120 913 1247 969 illuc
1284 916 1519 984 jactatos
1563 930 1715 981 esse;
1762 927 2187 973 commemorant

614 1007 866 1074 deinceps
906 1013 960 1060 et
999 1015 1254 1060 externas
1295 1005 1634 1061 calamitates
1673 1022 1794 1076 quae
1839 1008 1998 1062 illam
2036 1019 2183 1072 sunt,

614 1114 679 1152 ac
697 1084 950 1152 sidentur
975 1095 1469 1168 Hierosolymorum
1494 1100 1850 1155 vaStationem
1882 1099 2186 1168 deplorare,

615 1187 907 1257 templique
939 1187 1265 1242 incendium.
1293 1187 1428 1243 Nam
1460 1199 1586 1258 post
1611 1189 1917 1245 Servatoris
1943 1204 2185 1254 crucem,

615 1281 730 1334 hu-c
779 1281 958 1333 omnia
1004 1279 1192 1334 eﬂecta
1240 1289 1384 1334 sunt.
1437 1298 1456 1332 t
1515 1282 1580 1335 Et
1625 1282 1870 1345 deserta,
1915 1301 1934 1334 ι
1984 1282 2185 1350 inquit,

619 1390 638 1422 σ
673 1371 812 1426 facta
840 1381 924 1425 est
945 1372 1097 1436 Sion,
1131 1391 1150 1424 ι
1181 1388 1300 1442 quae
1329 1373 1466 1429 adeo
1494 1374 1734 1442 speciosa
1761 1374 1860 1429 fuit
1879 1374 2186 1442 aliquando,

609 1462 840 1518 celebris
874 1463 962 1517 Illa
1020 1473 1074 1518 et
1105 1463 1380 1533 p0pulosa.
1415 1485 1434 1517 ι
1475 1465 1746 1535 Factaque
1777 1477 1860 1520 est
1887 1465 2189 1520 exsecratio

613 1554 805 1610 domus
838 1555 1024 1609 sancta
1059 1564 1265 1610 nostra.
1301 1571 1320 1606 ι
1349 1556 1802 1611 ,Exsccrationem
1833 1556 2036 1619 dicunt,
2070 1565 2187 1624 pro,

613 1645 1041 1700 contradictione
1073 1656 1126 1700 et
1155 1646 1402 1701 convicio
1435 1646 1602 1701 Deum
1637 1648 2033 1717 ignorantibus.
2064 1646 2192 1702 Cul-

2278 570 2404 622 ριε,
2432 551 2532 606 καὶ
2553 548 2931 616 ἐσιώπησας,
2982 541 3081 596 καί
3115 539 3524 605 ἐταπείνωσας
3562 538 3730 609 ἡμᾶς
3770 541 3898 607 ἕως

2283 643 2539 713 σφόδρα.

2355 733 2466 795 Τάς
2497 733 2554 784 ἐν
2590 730 2734 800 ψυχῇ
2791 725 2993 795 ζημίας
3051 719 3595 793 προαπαγγείλαντες
3614 760 3630 786 ,
3663 722 3773 775 καὶ
3803 723 3894 776 ὅτι

2285 823 2542 894 γεγόνασι
2575 823 2695 882 ταῖς
2721 817 3018 887 ἁμαρτίαις
3069 814 3329 869 εὐάλωτοι
3356 814 3852 884 προηγορευκότες
3873 856 3892 875 .

2286 909 2661 984 εὐπαράφοροί
2691 925 2752 962 τε
2781 907 2877 961 καὶ
2903 905 3116 976 φύλλων
3158 905 3316 970 δίκην
3338 903 3445 957 ὑπὸ
3471 904 3678 967 παντὸς
3714 904 3895 957 πνεύ-

2291 1021 2458 1077 ματος
2490 1001 2618 1074 τῇδέ
2642 1017 2702 1053 τε
2735 999 2962 1053 κάκεῖσε
3010 994 3528 1067 διαρῤυπτούμενοι,
3560 995 3893 1066 διαμνημο-

2287 1095 2503 1149 νεύουσι
2538 1091 2723 1146 λοιπὺν
2777 1089 2876 1142 καὶ
2902 1087 3012 1141 τῶν
3055 1086 3256 1152 ἔξωθεν
3283 1085 3469 1147 αὐτοῖς
3499 1086 3890 1154 ἐπενηνεγμέ-

2289 1201 2394 1240 νων
2450 1182 2766 1254 συμφορῶν⁸
2826 1179 3038 1232 ἐοίκασι
3085 1177 3144 1231 δέ
3182 1177 3283 1247 τὴν
3339 1175 3449 1228 τῶν
3482 1173 3894 1245 Ἱεροσολύμων

2291 1279 2554 1349 πόρθησιν
2581 1272 2968 1344 ὀλοφύρεσθαι,
2996 1270 3091 1324 καὶ
3112 1269 3202 1322 τὸν
3225 1267 3555 1338 ἐμπρησμὸν
3581 1266 3674 1319 τοῦ
3698 1265 3856 1318 ναοῦ
3877 1282 3892 1294 ·

2294 1367 2432 1441 μετὰ
2457 1369 2567 1438 γάρ
2596 1382 2678 1418 τοι
2725 1364 2817 1417 τὸν
2862 1362 2957 1416 τοῦ
2999 1360 3253 1431 Σωτῆρος
3299 1357 3550 1429 σταυρὸν,
3613 1355 3784 1409 ταυτὶ
3823 1356 3893 1425 δὴ

2291 1460 2470 1514 πάντα
2498 1456 2824 1511 τετέλεσται⁹
2857 1453 3136 1524 ιἘρημος
3160 1450 3218 1505 δέ
3239 1445 3332 1504 οὖν
3354 1448 3587 1518 ἐγενήθη
3613 1450 3649 1518 ἠ
3676 1446 3885 1510 nam.

2292 1551 2490 1622 φησὶν,
2542 1550 2577 1618 ἠ
2637 1544 2944 1617 διαπρεπὴς
3009 1542 3174 1608 οὕτω,
3242 1543 3338 1597 καὶ
3387 1539 3679 1610 διαὸόητος
3701 1578 3720 1603 ,
3794 1541 3889 1591 καὶ

2295 1635 2703 1707 πολυανδροῦσα
2732 1633 2888 1687 ποτέ.
2928 1650 2946 1683 ι
2985 1632 3181 1700 Γέγονε
3220 1631 3279 1683 δέ
3309 1629 3405 1683 καὶ
3427 1629 3507 1692 εἰς
3527 1628 3796 1697 κατάραν
3835 1628 3892 1678 τὺ

614 1742 760 1788 tores
790 1735 930 1788 enim
965 1737 1372 1803 daemoniorum,
1402 1753 1522 1792 cum
1553 1739 1748 1803 sancti,
1775 1748 1866 1793 aut
1890 1739 1981 1808 qui
2013 1739 2191 1807 aliquo

2295 1733 2448 1801 ἆγιον
2470 1728 2651 1801 ἡμῶνο
2681 1745 2699 1778 ι
2717 1726 2781 1778 τὸ
2803 1725 2882 1788 δέ,
2907 1723 3155 1794 κατάραν
3177 1722 3361 1791 φασὶν,
3379 1721 3503 1774 ἀντὶ
3527 1718 3651 1808 τοῦ,
3676 1720 3765 1781 εἰς
3790 1735 3888 1772 κα-

616 1825 777 1877 modo
812 1825 1090 1881 adhaerent
1125 1827 1235 1882 Deo
1268 1827 1549 1896 patiuntur
1582 1807 1935 1899 supplicium,
1967 1829 2186 1898 profuse

2292 1821 2556 1893 τάῥρησιν
2591 1810 2996 1884 καὶ’λοιδορίαν
3019 1813 3133 1873 τοῖς
3175 1809 3279 1863 οὐκ
3317 1808 3482 1861 εἰδόσι
3509 1807 3670 1860 Θεόν·
3695 1808 3754 1858 οἱ
3781 1809 3891 1876 γὰρ

617 1914 796 1969 rident
824 1924 881 1969 et
911 1914 1208 1972 eﬂ‘eruntur
1229 1957 1244 1983 ,
1276 1928 1332 1972 et
1363 1919 1696 1986 maiestatem
1734 1919 1850 1988 ejus
1885 1920 1975 1986 qui
2007 1927 2191 1974 servat

613 2001 737 2058 illos
781 2003 1012 2060 ludibrio
1051 2007 1270 2061 habent.
1307 2008 1468 2077 89],
1518 2009 1714 2063 Putant
1758 2010 1900 2063 enim
1947 2009 2190 2066 fortassis

615 2109 834 2148 manum
868 2094 986 2164 ejus
1021 2095 1296 2164 laborare,
1328 2113 1427 2152 nec
1460 2114 1618 2168 posse
1651 2099 1772 2155 illos
1805 2114 2052 2164 servare;
2092 2115 2190 2155 nec

613 2185 852 2252 cogitant
893 2199 988 2240 eos
1035 2200 1212 2255 poenae
1258 2189 1380 2244 ideo
1429 2189 1702 2258 subjectos
1749 2206 1904 2255 esse,
1936 2191 2078 2262 quod
2125 2207 2189 2248 ea

616 2273 948 2342 patraverint
968 2291 1088 2344 quae
1119 2276 1192 2331 illi
1221 2278 1532 2348 displicent.
1562 2297 1581 2331 ι
1621 2281 1937 2337 Exsecratio
1973 2301 1993 2334 ι
2030 2283 2192 2355 igitur

617 2381 638 2414 ι
681 2361 820 2418 facta
855 2373 939 2419 est
965 2365 1156 2420 domus
1193 2376 1381 2423 sancta
1430 2380 1632 2426 nostra.
1673 2391 1692 2423 ι
1739 2372 1997 2429 Sanctqu
2046 2375 2188 2429 enim

619 2451 724 2506 fuit
768 2454 908 2522 apud
952 2455 1072 2512 illos
1115 2458 1396 2528 templum.
1431 2457 1498 2514 Et
1538 2461 1661 2530 igne
1701 2467 2039 2518 combustum
2083 2471 2188 2531 est,

617 2543 822 2614 inquit,
851 2547 998 2615 quod
1020 2563 1152 2604 voce
1181 2557 1494 2607 sanctorum
1528 2562 1744 2622 patrum
1775 2557 1910 2609 adeo
1939 2557 2192 2610 decanta-

617 2641 760 2698 tum,
807 2636 1136 2692 celebratum
1196 2654 1260 2694 ac
1317 2641 1665 2708 praedicatum
1726 2653 1829 2700 est.
1875 2644 2193 2700 Concidisse

615 2725 766 2781 aiunt
789 2728 968 2783 omnia
997 2730 1252 2800 gloriosa.
1280 2733 1435 2788 Nulla
1463 2735 1607 2791 enim
1633 2743 1754 2789 erat
1781 2737 2002 2791 omnino
2030 2751 2194 2792 rene-

618 2817 759 2870 ratio
787 2832 1257 2878 sacrosanctorum
1293 2839 1569 2895 vasorum,
1596 2843 1716 2898 qua:
1747 2828 1801 2883 in
1834 2827 2020 2883 divino
2053 2837 2191 2883 tem-

616 2905 706 2976 plo
735 2908 906 2976 posita
938 2909 1175 2980 fuerunt,
1201 2913 1344 2969 nulla
1378 2918 1683 2972 reverentia
1711 2918 1798 2976 his
1821 2919 1913 2989 qui
1944 2917 2032 2974 illa
2063 2919 2195 2976 diri-

616 2997 770 3064 piunt
803 3007 859 3054 et
890 2999 1204 3061 icendunt.
1239 3023 1260 3057 ι
1295 3005 1366 3062 At
1397 3009 1736 3075 sustinuisti,
1774 3030 1793 3063 ι
1835 3011 2041 3081 inquit,
2075 3028 2095 3062 ι
2139 3011 2190 3067 in

616 3088 701 3144 his
729 3090 982 3196 omnibus
1011 3095 1440 3200 etnconticuisti,
1475 3112 1685 3200 nosque
1715 3101 1780 3156 ad
1815 3102 1989 3158 solum
2023 3109 2193 3172 usque
2219 3139 2264 3200 ο

615 3181 975 3248 prostravisti.
1017 3201 1037 3236 ι
1070 3185 1207 3252 Quia
1231 3190 1377 3244 enim
1409 3190 1672 3260 repellere
1697 3202 1914 3263 poterat
1941 3194 2192 3250 hostilem

617 3273 925 3342 incursum,
965 3279 1212 3345 permisit
1259 3287 1438 3337 tamen
1486 3295 1584 3340 eos
1629 3283 1992 3353 invalescere,
2034 3295 2090 3342 et
2138 3287 2194 3342 in

496 3442 507 3447 _
616 3362 794 3428 ipsum
851 3366 1014 3420 etiam
1060 3369 1318 3438 templum
1359 3371 1567 3430 irruere
1609 3394 1623 3430 :
1671 3375 1929 3447 colligunt
1969 3376 2094 3433 inde
2137 3394 2194 3434 se

616 3462 836 3521 propter
861 3455 995 3511 iram
1026 3467 1081 3514 et
1109 3471 1326 3527 peccata
1356 3464 1640 3532 despectos
1664 3482 1808 3534 esse,
1837 3468 2081 3539 iramque
2109 3469 2192 3524 his

617 3541 685 3593 de
713 3543 892 3598 causis
921 3547 1251 3616 concipiunt.
1278 3550 1379 3615 Qui
1407 3553 1549 3606 enim
1581 3563 1759 3621 potest
1787 3557 2038 3623 injuriam
2069 3573 2192 3628 pro-

618 3630 826 3697 hibere,
851 3637 1215 3700 praetermittit
1246 3649 1446 3710 tamen,
1473 3654 1526 3699 et
1556 3661 1644 3700 res
1672 3647 1931 3702 adversas
1956 3657 2010 3702 et
2042 3665 2195 3718 aspe-

618 3736 709 3775 ras
740 3724 805 3775 ad
832 3724 995 3780 tinem
1024 3743 1192 3798 usque
1222 3735 1474 3803 progredi
1505 3747 1557 3792 et
1585 3739 1878 3808 procedere
1910 3740 2192 3809 permittit,

615 3813 865 3868 acerbam
891 3815 1025 3870 iram
1054 3822 1238 3888 procul
1265 3825 1428 3879 dubio
1457 3827 1508 3880 in
1537 3843 1631 3884 eos
1660 3830 1951 3886 distillasse
1983 3841 2038 3884 et
2061 3832 2193 3887 ellu-

617 3899 764 3993 disse
795 3918 950 3970 eum,
982 3909 1325 3968 manifestum
1359 3925 1472 3980 est;
1512 3918 1582 3970 ita
1619 3927 1676 3972 ttt
1702 3921 1864 3974 etiam
1896 3937 2047 3976 suam
2082 3923 2194 3993 3h).-

619 3991 754 4045 riam
791 3995 1056 4064 neglectui
1089 4001 1369 4069 habuerit,
1399 4017 1454 4060 et
1488 4008 1718 4064 ludibria
1755 4011 1992 4068 hostium
2027 3991 2194 4070 susti-

620 4085 819 4139 nuerit.
870 4087 1311 4161 Quandoquidem
1373 4097 1509 4153 bene
1561 4102 1766 4155 accidit
1849 4119 1943 4158 eos
2008 4120 2195 4173 pugnas

619 4175 770 4242 dare,
799 4194 936 4248 quos
962 4196 1059 4249 par
1090 4195 1173 4238 est
1197 4186 1267 4240 ob
1293 4188 1458 4243 multa
1490 4202 1706 4260 peccata
1738 4195 2004 4264 supplicio
2031 4195 2190 4252 allici.

685 4353 812 4408 CAP.
847 4355 1008 4412 LXV.
1043 4357 1204 4415 Vens.
1237 4361 1296 4425 1,
1327 4363 1382 4417 ‘2.
1413 4365 1725 4434 Manifestus
1761 4370 1932 4439 [actus
1964 4389 2078 4426 sunt
2111 4375 2191 4429 his

2289 1911 2398 1965 τῶν
2423 1909 2694 1981 δαιμόνων
2735 1903 3072 1976 θεραπευταὶ
3099 1901 3426 1970 πασχόντων
3479 1899 3678 1966 ἁγίων,
3712 1899 3888 1967 ἤγουν

2289 2002 2397 2056 τῶν
2417 2001 2540 2056 καθ’
2561 1995 2843 2054 ὁντιναοῦν
2868 1995 3069 2067 τρόπον
3099 1991 3476 2062 ἀνακειμένων
3513 1990 3666 2061 Θεῷ,
3701 1991 3887 2043 πλατὺ

2291 2094 2509 2164 γελῶσι,
2547 2092 2642 2146 καὶ
2693 2087 3145 2159 κατεπαίρονται,
3189 2085 3284 2139 καὶ
3330 2083 3431 2156 τὴν
3464 2082 3560 2136 τοῦ
3613 2081 3886 2146 σώζοντος

2289 2187 2489 2248 αὐτοὺς
2521 2182 2837 2253 διασύρουσι
2868 2179 3047 2244 δόξαν.
3093 2178 3311 2231 Οίονται
3349 2174 3462 2247 γὰρ
3491 2174 3627 2237 (aut;
3649 2173 3753 2244 τὴν
3787 2173 3884 2226 αὖ.

2291 2279 2383 2334 τοῦ
2411 2281 2573 2348 χεῖρα
2623 2274 2819 2328 παθεῖν
2861 2272 2922 2326 τὸ
2967 2271 3043 2341 μὴ
3072 2269 3286 2340 ἰσχῦσαι
3308 2267 3508 2332 σώζειν
3538 2266 3760 2325 αὐτοὺς.
3790 2267 3884 2318 καὶ

2291 2371 2391 2425 οὐκ
2433 2364 2724 2428 ἐννοοῦσιν,
2745 2363 2823 2416 ὅτι
2853 2359 3208 2415 πεπτώκασιν
3226 2355 3333 2411 ὑπὸ
3345 2356 3505 2425 δίκην
3536 2355 3885 2425 πεπραχότες

2290 2461 2411 2514 τινὰ
2431 2457 2540 2512 τῶν
2569 2453 2887 2527 ἀπαδόντων
2939 2448 3109 2520 αὐτῷ.
3165 2467 3182 2501 ι
3222 2447 3317 2511 Ei;
3347 2447 3602 2517 κατάραν
3633 2464 3653 2498 ι
3698 2443 3882 2498 τοίνυν

2298 2571 2318 2604 ι
2345 2554 2374 2604 ὁ
2400 2547 2546 2612 οἶκος
2569 2548 2630 2600 τὸ
2656 2547 2811 2613 ᾶγιον
2838 2542 3019 2615 ἡμῶν.
3047 2561 3067 2594 ι
3094 2541 3284 2609 ’Ἄγιος
3311 2537 3421 2610 γὰρ
3439 2533 3508 2608 ἦν
3533 2535 3671 2609 παρ’
3699 2535 3882 2598 αὐτοῖς

2291 2643 2320 2695 ὁ
2339 2638 2482 2703 ναὸς,
2497 2637 2687 2706 γέγονε
2707 2635 2765 2689 δέ
2793 2635 2887 2688 καὶ
2910 2633 3302 2707 πυρίκαυστος,
3327 2629 3556 2699 φησὶν,δ
3575 2629 3671 2683 διὰ
3698 2630 3882 2701 φωνῆς

2291 2731 2402 2787 τῶν
2435 2729 2605 2798 ἁγίων
2639 2726 2913 2798 πατέρων,
2947 2724 3090 2779 ὥστε
3130 2719 3456 2793 περιφανὴς,
3489 2719 3589 2773 καὶ
3641 2719 3883 2790 ἀοίδιμος

2292 2816 2816 2891 προαπηγγελμένος
2835 2831 2850 2846 ·
2909 2811 3370 2887 συμπεπτωκέναι
3425 2809 3484 2862 δέ
3519 2826 3660 2878 φασι
3708 2811 3885 2864 πάντα

2292 2911 2361 2966 τά
2391 2907 2597 2976 ἔνδοξα·
2629 2909 2880 2980 σέὸασμα
2917 2906 3028 2978 γὰρ
3061 2901 3130 2977 ἦν
3154 2903 3292 2968 ὅλως
3344 2901 3500 2956 οὐδὲν
3560 2901 3677 2954 τῶν
3725 2901 3787 2954 ἐν
3810 2901 3884 2971 τῷ

2294 3002 2423 3072 θείῳ
2445 3000 2560 3071 ναῷ
2581 2999 2856 3070 κειμένων
2886 2997 3098 3051 σκευῶν
3132 2993 3318 3066 ἱερῶν,
3345 2995 3459 3057 τοῖς
3486 2992 3883 3064 διαρπάζουσιν

2293 3092 2456 3158 αὐτὰ,
2497 3095 2588 3146 καὶ
2612 3091 3088 3161 καταπιμπρᾶσιν’
3137 3106 3157 3139 ι
3204 3086 3466 3155 Ἠνέσχου
3512 3085 3593 3147 δὲ,
3636 3104 3656 3136 ι
3691 3086 3879 3154 φησὶν,

2301 3207 2320 3238 ι
2351 3186 2444 3240 ἐπὶ
2476 3187 2612 3239 πᾶσι
2641 3183 2870 3246 τούτοις,
2911 3180 3006 3235 καὶ
3031 3177 3420 3248 κατεσίγησας,
3454 3179 3554 3230 καὶ
3583 3176 3880 3246 κατεκόμιο

2297 3296 2398 3342 σας
2433 3280 2580 3350 ἡμᾶς
2609 3276 2714 3340 ἕως
2757 3274 3008 3345 ἐδάφους.
3043 3291 3063 3324 ι
3117 3270 3336 3340 Ἐπειδὴ
3387 3269 3500 3343 γὰρ
3539 3269 3879 3339 ἀποσοϐῆσαι

2295 3369 2590 3438 δυνάμενος
2615 3366 2722 3420 τῶν
2745 3365 3022 3434 πολεμίων
3048 3362 3148 3434 τὴν
3200 3360 3412 3431 ἔφοδον,
3455 3359 3876 3430 συγκεχώρηκεν

2299 3463 2534 3530 ἰσχῦσαι,
2557 3459 2651 3512 καὶ
2683 3457 3077 3527 καταδραμεῖν,
3122 3452 3218 3506 καὶ
3257 3451 3424 3505 αὐτοῦ
3449 3450 3545 3504 τοῦ
3595 3448 3722 3513 νεὼ,
3760 3449 3876 3502 δια-

2294 3552 2682 3623 τεκμαίρονται
2709 3549 2918 3612 λοιπὸν,
2977 3549 3060 3601 ὅτι
3111 3543 3489 3617 παρεώρανται
3543 3541 3612 3594 δι’
3657 3541 3875 3610 ὀργὴν,

2295 3644 2388 3696 καὶ
2422 3641 2707 3713 ἁμαρτιῶν
2767 3639 3040 3709 ἐπίχειρα,
3094 3634 3192 3706 τὴν
3229 3635 3322 3688 ἐπ’
3359 3633 3531 3694 αὺτοῖς
3555 3629 3623 3701 δὴ
3649 3630 3873 3693 τοὺτοις

2296 3733 2455 3807 σιγὴν
2502 3735 2820 3804 ἐσχήκασιν.
2871 3723 2944 3801 Ὦ
2985 3729 3095 3798 γάρ
3144 3728 3263 3782 ἐνδν
3301 3724 3534 3787 εὐκόλως
3563 3721 3874 3791 ἀποστῆσαι

2295 3826 2394 3897 τὴν
2414 3825 2590 3894 ὓϐριν,
2619 3821 2737 3877 εἶτα
2775 3820 2935 3876 τοῦτο
2965 3821 3170 3892 μεθεὶς,
3209 3820 3303 3874 καὶ
3343 3815 3626 3889 προελθεῖν
3659 3816 3741 3878 εἰς
3787 3816 3874 3867 πέ-

2300 3937 2398 3990 ρας
2421 3917 2590 3986 ἐφιεὶς
2611 3915 2682 3969 τὰ
2711 3915 2880 3980 δεινά,
2911 3913 3072 3983 δῆλος
3095 3912 3162 3967 ἂν
3204 3912 3290 3982 εἴη
3313 3908 3584 3980 δήπουθεν
3629 3907 3874 3978 δριμεῖαν

2297 4011 2479 4073 αὐτοῖς
2507 4007 2807 4074 ἐπιστάξας
2849 4006 3042 4078 ὀργὴν,
3073 4004 3150 4068 ὡς
3202 4004 3299 4058 καὶ
3332 4002 3494 4072 δόξης
3529 4000 3669 4063 ἰδίας
3713 4001 3871 4068 ὑπερ-

2298 4101 2446 4165 ιδεῖν,
2473 4100 2570 4154 καὶ
2593 4097 2925 4168 ἀνασχέσθαι
2955 4095 3190 4165 γέλωτος
3211 4094 3445 4167 ἐχθρῶν,
3478 4095 3612 4147 ὅταν
3649 4092 3873 4162 ἐκϐαίνῃ

2291 4189 2476 4252 καλῶς
2500 4189 2561 4241 τὸ
2587 4187 2897 4241 ἐκτιννύναι
2919 4185 3076 4250 δίκας
3093 4185 3220 4249 τοὺς
3231 4179 3313 4248 οἷς
3331 4183 3399 4239 ἂν
3428 4183 3636 4256 πρέποι
3665 4182 3872 4246 κολάζει

2296 4281 2420 4335 σθαι
2440 4279 2529 4334 διὰ
2555 4278 2760 4349 πολλὴν
2793 4276 3091 4348 ἁμαρτίαν.

2377 4369 2675 4442 Ἐμφανὴς
2735 4369 3030 4439 ἐγενόμην
3091 4365 3216 4432 τοῖς
3262 4364 3370 4434 ἐμὲ
3421 4363 3511 4433 μὴ
3573 4363 3867 4431 ζητοῦσιν,

613 4445 704 4513 qui
734 4461 812 4498 me
843 4462 943 4500 non
971 4452 1300 4518 quiet-ebant,
1328 4457 1567 4510 inventus
1593 4475 1708 4513 sum
1733 4478 1834 4515 non
1861 4463 2188 4533 interrogan-

2292 4464 2538 4532 et'tpéOnr
2561 4460 2683 4526 τοῖς
2705 4459 2811 4529 ἐμὲ
2825 4458 2910 4528 μὴ
2934 4456 3327 4526 ἐπερωτῶσιν.
3353 4452 3537 4511 Εἷπα·
3572 4455 3732 4510 ἰδσὺ
3755 4453 3866 4522 είμὶ

613 4536 752 4589 tibus
783 4553 882 4591 me.
915 4537 1038 4592 Dixi
1073 4555 1092 4594 :
1129 4541 1263 4597 Ecce
1295 4561 1387 4614 ego
1420 4550 1588 4616 genti,
1619 4566 1738 4618 qua:
1772 4569 1874 4606 non
1907 4556 2186 4622 appellavit

615 4641 802 4681 nomen
825 4645 1014 4686 meum.
1041 4631 1282 4700 Expatuli
1303 4654 1490 4692 manus
1516 4657 1656 4694 meas
1681 4652 1790 4696 tcta
1811 4645 1916 4710 die,
1940 4647 2009 4698 ad
2029 4664 2188 4715 popu-

614 4718 725 4772 lum
751 4720 1074 4778 incredulum
1101 4739 1146 4781 et
1169 4715 1628 4799 contradicentem,
1652 4736 1742 4804 qui
1770 4753 1873 4790 non
1899 4739 2186 4796 ambulavit

615 4811 672 4864 in
700 4812 782 4867 via
805 4829 947 4880 vera,
971 4817 1061 4870 sed
1088 4828 1198 4884 post
1227 4832 1440 4890 peccatu
1470 4840 1588 4877 sua.

690 4989 1009 5050 Necessario
1047 4996 1158 5065 jam
1209 5000 1482 5067 praedictis
1527 5003 1640 5058 hzec
1686 5003 2011 5061 inferuntur.
2057 5006 2191 5063 Nam

615 5083 871 5150 quoniam
903 5083 1155 5141 dixerunt
1183 5105 1196 5141 :
1232 5107 1252 5141 ι
1286 5089 1425 5156 Quid
1452 5092 1710 5149 seduxisti
1739 5111 1857 5162 nos,
1882 5095 2134 5163 Domine,
2162 5115 2193 5152 a

618 5173 704 5228 via
728 5176 851 5232 tua?
867 5176 1140 5234 obdurasti
1163 5180 1325 5236 corda
1349 5191 1556 5250 nostra,
1576 5201 1643 5241 ne
1666 5187 1976 5245 timeremus
2000 5197 2050 5246 te
2065 5189 2133 5255 ‘°;
2164 5209 2184 5242 ι

615 5265 1038 5339 atljeceruntque
1083 5288 1096 5324 :
1156 5289 1175 5322 t
1227 5271 1392 5328 Facta
1439 5283 1524 5330 est
1566 5277 1778 5332 deserta
1830 5279 1992 5348 Sion,
2035 5281 2192 5349 quasi

615 5357 852 5414 solitudo
894 5359 1036 5417 facta
1079 5373 1164 5420 est
1204 5363 1528 5436 Jerusalem,
1561 5379 1615 5425 et
1651 5372 1954 5428 exsecratio
2002 5372 2193 5428 domus

618 5461 804 5505 sancta
837 5462 1020 5510 nostra
1052 5474 1066 5511 :
1107 5475 1126 5508 ι
1160 5458 1414 5532 deinceps
1441 5464 1747 5519 necessario
1795 5464 1996 5519 Christi
2027 5465 2194 5534 ipsius

619 5549 851 5606 persona
885 5544 1102 5601 inducta
1133 5557 1236 5618 est,
1264 5564 1460 5609 causas
1483 5553 1630 5609 vela:
1662 5555 1922 5622 referens,
1951 5572 2051 5611 cur
2078 5557 2192 5612 haec

695 5709 739 5741 δ’
776 5713 878 5773 lsa.
910 5735 1068 5788 Lxm,
1103 5723 1185 5780 Π,

2292 4552 2373 4619 τῷ
2409 4553 2585 4614 ἔθνει.
2617 4549 2675 4604 οἳ
2717 4551 2830 4604 οὐκ
2881 4546 3331 4603 ἐπεκαλέσαντο
3388 4547 3459 4601 τὸ
3508 4546 3701 4615 ὄνομά
3732 4562 3865 4612 μου.

2306 4643 2666 4708 Ἐξεπέτασα
2707 4643 2814 4708 τὰς
2849 4640 3050 4710 χεῖράς
3107 4658 3221 4709 μου
3268 4639 3427 4708 ὅλην
3491 4639 3610 4708 τὴν
3650 4639 3870 4705 ἡμέραν

2293 4736 2445 4804 πρὸς
2469 4733 2624 4788 λαὸν
2649 4733 3033 4794 ἀπειθοῦντα,
3069 4731 3169 4785 καί
3187 4731 3606 4800 ἀντιλέγοντα,
3659 4729 3720 4784 οι
3759 4731 3864 4783 οὐκ

2293 4829 2713 4897 ἐπορεύθησαν
2765 4826 2882 4892 ὀδῷ
2933 4826 3240 4895 ἀληθείας,
3293 4825 3462 4879 ἀλλὰ
3522 4824 3724 4878 ὀπίσω
3761 4823 3869 4876 τῶν

2291 4919 2591 4991 ἁμαρτιῶν
2621 4918 2840 4974 αὐτῶν.

2376 5011 2714 5080 Ἀναγκαίως
2776 5012 2890 5073 τοίς
2938 5011 3040 5082 ἠδη
3092 5007 3514 5080 προειρημένοις
3552 5007 3871 5076 ἐπιφέρεται

2293 5103 2489 5157 ταῦτα.
2535 5102 2754 5174 Ἐπειδὴ
2781 5101 2890 5174 γὰρ
2931 5102 3190 5171 ἔφασκον·
3225 5120 3247 5154 ι
3274 5101 3340 5154 Τί
3371 5100 3686 5171 ἐπλάνησας
3706 5101 3869 5169 ἡμᾶς,

2295 5193 2490 5263 Κύριε,
2540 5191 2650 5246 ἀπὸ
2691 5194 2790 5264 τῆς
2841 5191 2964 5246 ὁδοῦ
3023 5209 3154 5259 σονς
3214 5191 3559 5262 ἐσκλήρυνας
3587 5189 3749 5261 ἡμῶν
3779 5190 3872 5251 τὰς

2288 5285 2514 5354 καρδίας
2542 5284 2637 5338 τοῦ
2663 5285 2738 5355 μὴ
2757 5284 3040 5354 φοὸεωθαί
3063 5301 3143 5338 σε·
3168 5303 3186 5337 ι
3227 5283 3655 5356 προσεπὴγαγον
3681 5281 3762 5344 δὲ,
3794 5282 3872 5334 δτι

2295 5396 2314 5428 ι
2337 5377 2599 5448 Ἑγενήθη
2641 5376 2850 5447 ἔρημος
2872 5374 3035 5440 Σιὼν,
3056 5374 3134 5440 ὡς
3155 5374 3362 5447 ἕρημος
3391 5372 3625 5444 ἐγενήθη
3675 5373 3872 5441 Ἰερου-

2290 5468 2492 5538 σαλὴμ,
2541 5470 2620 5530 εἰς
2647 5467 2892 5538 κατάραν
2927 5463 3122 5530 ὁοῐκος
3144 5467 3175 5520 ὁ
3205 5467 3360 5536 ἅγιος
3392 5465 3583 5536 ήμῶν.
3623 5483 3644 5517 ι
3691 5462 3875 5516 λοιπὸν

2290 5559 2603 5627 ἀναγκαίως
2635 5559 2694 5612 τὸ
2725 5557 2889 5612 αὐτοῦ
2926 5556 3218 5629 πρόσωπον
3249 5555 3544 5624 είσὸἐσηκε
3587 5553 3685 5608 τοῦ
3738 5554 3870 5621 Χρι-
