4134 6302
367 372 506 430 Η(ὶό

1491 369 1556 424 IN
1595 369 1823 426 ISAMM
1864 371 1992 428 LIB.
2038 371 2099 426 ν.
2148 371 2384 428 TOMUS
2424 371 2507 427 Vl.

3481 381 3506 433 1
3517 378 3639 435 ιυσ·

367 486 520 553 στοῦ,
551 485 650 549 τὰς
679 485 859 549 αἰτίας
889 483 1080 552 ὥσπερ
1119 483 1501 551 ἀπαγγέλλων,
1550 488 1637 554 ἐφ’
1670 482 1757 551 αἷς
1795 489 1936 542 εἰκό-

2059 489 2240 543 nerito
2267 490 2411 558 passi
2446 487 2668 542 fuerint.
2694 485 2808 540 Non
2841 485 2945 568 sibi
2979 501 3171 545 causas
3203 490 3501 557 ascribunt,
3523 497 3639 568 sed.

366 595 474 642 τως
501 577 660 629 ταυτὶ
685 573 1034 635 πεπονθότες,
1085 572 1181 641 οὐχ
1232 573 1443 636 ἑαυτοῖς
1475 575 1676 642 μᾶλλον
1717 576 1942 644 ὲπιγρά-
1981 628 1984 630 ,

367 686 528 738 φουσι
577 669 679 730 τὰς
714 665 913 728 αἰτίας,
947 661 1296 730 ἐγκαλοῦσιν,
1343 663 1532 734 ὥσπερ
1556 665 1634 734 τῷ
1663 666 1761 734 τὴν
1799 667 1945 737 ίσόῤ.

370 761 534 830 ροπον
551 757 727 818 αὐτοῖς
749 753 1004 820 ἐπάγοντι
1017 751 1192 821 δίκην.
1217 769 1236 802 ι
1258 751 1317 805 Ἐ
1325 750 1540 821 μφανὴς
1556 751 1664 823 γὰρ
1682 753 1899 820 γέγονα,
1914 772 1933 805 ι

371 848 529 919 φησὶ,
566 867 585 899 ι
611 847 705 900 καὶ
741 847 852 906 τοῖς
880 842 980 910 ἐμὲ
1005 841 1081 911 μὴ
1125 841 1401 911 ζητοῦσιν,
1443 841 1672 912 εὑρέθην
1702 843 1812 904 τοῖς
1845 841 1944 911 ἐμὲ

374 937 450 1008 μὴ
484 933 846 1005 ἐπερωτῶσιν·
877 951 895 983 ι
923 931 1219 1001 αὐτόμολος
1246 929 1353 1000 γὰρ
1381 932 1408 984 ὁ
1435 931 1626 1000 Σωτὴρ
1649 931 1945 1001 εἰστρέχων

377 1029 437 1081 ὲν
466 1031 584 1091 ταῖς
613 1027 975 1094 συναγωγαῖς,
1009 1023 1288 1076 ἐδίδασκεν
1333 1022 1530 1084 αὐτοὺς
1575 1020 1866 1092 κηρύσσων
1886 1018 1947 1073 τδ

370 1118 688 1186 εὐαγγέλιον
745 1117 846 1186 τῆς
906 1113 1219 1184 βασιλείας,
1278 1111 1375 1165 καὶ
1420 1111 1740 1183 θεραπεύων
1769 1112 1948 1164 πᾶσαν

373 1210 528 1263 νόσον
575 1207 671 1261 καὶ
714 1207 894 1258 πᾶσαν
942 1204 1216 1274 μαλακίαν
1260 1206 1319 1257 ἐν
1367 1201 1447 1272 τῷ
1479 1202 1615 1270 λαῷ,
1670 1200 1814 1255 καθὰ
1857 1200 1949 1270 γέ·

369 1313 636 1368 γραπται.
695 1294 762 1347 Τί
814 1293 923 1364 γὰρ
977 1293 1036 1346 οὐ
1095 1292 1414 1362 πέπρακται
1469 1290 1598 1360 παρ’
1631 1289 1797 1342 αὑτοῦ
1840 1289 1948 1342 τῶν

369 1388 630 1440 ἐπέκεινα
675 1384 770 1438 καὶ
803 1383 962 1452 λόγου
996 1383 1091 1436 καὶ
1130 1379 1445 1452 θαύματος;
1517 1380 1950 1451 Ἀπηλλὰττοντο

369 1477 584 1548 λεπροὶ,
609 1476 705 1529 καὶ
732 1474 916 1546 χειρὸς
938 1475 1075 1544 ἁφῇ,
1115 1472 1212 1528 καὶ
1244 1471 1475 1542 νεύματι
1505 1468 1584 1541 τῷ
1613 1471 1911 1540 θεοπρεπεῖ
1933 1508 1949 1532 ,

369 1568 685 1640 ἠγέρθησαν
726 1569 791 1623 ὲκ
828 1565 1129 1636 μνημάτων
1153 1563 1360 1634 νεκροὶ,
1391 1562 1582 1631 τυφλοὶ
1607 1560 1668 1614 τὸ
1689 1560 1952 1632 τριπόθη-

2046 578 2098 632 in
2125 579 2330 633 crimen
2357 586 2551 633 vocant
2575 577 2687 632 fere
2713 560 2886 650 illuu£
2903 578 2992 647 qui
3023 579 3238 648 dignam
3270 580 3378 636 illis
3405 595 3619 650 pinnam

2046 667 2267 723 inducit.
2298 686 2317 720 ι
2361 669 2625 739 Apparni,
2666 686 2686 720 ι
2721 669 2897 729 enim.
2925 669 3126 737 inquit,
3161 687 3181 719 ι
3219 685 3305 724 me
3338 686 3442 726 non
3475 657 3644 740 qua»!

2047 756 2311 820 rentibus,
2343 757 2592 811 inventus
2632 771 2750 812 sum
2797 771 2882 810 me
2927 771 3032 810 non
3081 759 3562 827 interrogantibus.
3600 741 3642 811 ι¹

2048 846 2155 900 Sua
2177 860 2408 916 namque
2431 855 2620 914 sponte
2642 845 2894 901 Servator
2921 846 3192 915 ingressus
3218 847 3270 901 in
3295 864 3616 920 synagogas.

2045 935 2211 1005 892
2244 936 2429 991 docuit
2457 937 2604 1001 illos,
2636 937 2937 1004 praadicans
2966 937 3315 1006 Evangelium
3353 941 3533 1010 regni,
3566 951 3623 995 et

2048 1041 2248 1081 curans
2277 1041 2494 1082 omnem
2529 1029 2775 1082 morbum
2811 1037 2866 1082 et
2898 1043 3115 1082 omnem
3153 1029 3523 1084 inﬁrmitatem
3571 1032 3623 1085 in

2049 1117 2243 1184 pepulo
2266 1117 2337 1183 δι,
2357 1117 2517 1173 sicuti
2549 1118 2806 1186 scriptum
2833 1128 2939 1173 est.
2961 1118 3099 1184 Quid
3123 1119 3266 1173 enim
3295 1135 3400 1174 non
3427 1120 3626 1174 factum

2049 1216 2133 1262 est
2159 1208 2228 1263 ab
2257 1222 2341 1276 eo,
2363 1208 2506 1279 quod
2541 1226 2646 1264 non
2675 1218 2893 1278 superet
2916 1224 3130 1264 onmem
3160 1219 3218 1264 et
3243 1211 3546 1264 orationem
3573 1220 3629 1263 et

2051 1298 2501 1354 admirationem?
2536 1300 2755 1368 Leprosi
2792 1316 2979 1355 manus
3014 1309 3158 1354 tactu
3195 1311 3248 1354 et
3281 1311 3410 1355 nutu
3445 1302 3630 1355 divino

2052 1385 2263 1439 liberati
2304 1396 2461 1451 sunt;
2505 1389 2729 1442 excitati
2762 1404 2794 1444 e
2827 1390 3193 1444 monumentis
3229 1389 3455 1455 mortui;
3492 1390 3621 1443 caeci

2031 1477 2448 1546 optatissimam
2494 1478 2670 1533 lucem
2721 1493 3073 1550 receperunt;
3122 1480 3442 1536 exsilierunt
3488 1480 3634 1535 velut

2054 1568 2196 1625 cervi
2226 1571 2358 1638 pede
2380 1569 2524 1638 capti
2548 1569 2614 1622 “.
2643 1569 2766 1624 llaec
2793 1573 3159 1639 spectantibus
3181 1572 3316 1626 dixit
3338 1570 3587 1626 Christus
3615 1590 3628 1625 :

369 1677 462 1712 τον
490 1659 734 1728 ἐδέχοντο
777 1655 914 1724 φῶς,
965 1653 1365 1724 ἀνεσκίρτησαν
1396 1651 1472 1714 ὡς
1498 1651 1705 1719 -ἐλαφοι
1728 1649 1806 1720 τῷ
1832 1650 1953 1703 ποδὶ

2060 1679 2079 1712 ι
2111 1659 2166 1716 Si
2198 1675 2302 1714 non
2327 1659 2469 1714 facio
2494 1675 2656 1729 opera
2680 1659 2858 1716 Patris
2883 1661 3007 1723 mei,
3031 1660 3198 1715 nolite
3225 1660 3352 1713 mihi
3377 1661 3630 1723 credere;

372 1750 761 1821 λελωϐημένοι.
819 1749 931 1801 Καὶ
993 1745 1124 1814 γοῦν
1190 1746 1304 1808 τοῖς
1367 1739 1540 1796 ταῦτα
1605 1740 1954 1811 τεθεαμένοις

2059 1751 2138 1805 sin
2185 1749 2354 1817 facio,
2391 1751 2494 1805 etsi
2544 1752 2674 1806 mihi
2727 1767 2834 1805 non
2885 1751 3154 1818 credatis,
3193 1751 3450 1821 operibus
3501 1766 3636 1806 mets

371 1844 607 1915 ἔφασκεν
633 1843 662 1894 ὁ
698 1840 960 1912 Χριστός·
1009 1856 1028 1889 ι
1063 1837 1126 1890 Εἰ
1174 1836 1234 1888 οὐ
1270 1834 1408 1889 ποιῶ
1439 1835 1509 1888 τὰ
1556 1832 1692 1904 ἔργα
1720 1831 1814 1885 τοῦ
1843 1832 1955 1885 Πα-

2059 1841 2261 1896 credite
2281 1841 2348 1896 ‘3.
2388 1861 2407 1892 ι
2454 1859 2472 1893 ι
2513 1842 2629 1896 Dixi
2672 1860 2690 1893 ι
2731 1841 2929 1911 igitur,
2962 1842 3138 1910 inquit
3171 1858 3186 1897 :
3232 1859 3252 1893 ι
3297 1842 3408 1912 Ego
3441 1843 3631 1896 adsum

370 1934 499 2004 τρός
527 1949 652 2003 μου,
687 1931 764 2002 μὴ
799 1927 1086 1983 πιστεύετέ
1112 1945 1225 1998 μοι·
1248 1928 1296 1980 εί
1329 1926 1386 1980 δὲ
1419 1925 1578 1990 ποιῶ,
1593 1924 1696 1978 κᾶν
1726 1923 1851 1994 ἐμοὶ
1879 1921 1955 1994 μὴ

2059 1930 2224 1998 genti,
2246 1947 2365 2000 qua
2398 1947 2506 1985 non
2537 1932 2820 2001 appellavit
2844 1947 3038 1986 nomen
3075 1947 3274 1986 memu.
3309 1951 3327 1982 ι
3363 1929 3637 1986 Invenitur
3743 1983 3753 1994 ,

370 2023 684 2094 πιστεύητε,
707 2024 822 2085 τοῖς
849 2020 1031 2091 ἔργοις
1056 2036 1158 2090 μου
1180 2018 1526 2072 πιστεύσατε.
1551 2036 1570 2068 ι
1600 2047 1669 2058 —-
1689 2034 1708 2068 ι
1738 2011 1906 2069 Εἶπον
1930 2035 1948 2068 ι

2059 2022 2200 2076 enim
2229 2023 2410 2076 dicens
2457 2037 2597 2076 nunc
2625 2041 2640 2077 :
2674 2041 2692 2072 ι
2723 2023 2833 2092 Ego
2860 2039 2977 2078 sum
3008 2023 3094 2076 lux
3129 2022 3312 2076 mundi
3335 2023 3408 2087 u*;
3443 2041 3462 2074 ι
3495 2037 3639 2076 nunc

368 2117 568 2181 τοίνυν,
592 2115 778 2187 φησὶν,
807 2132 826 2166 ι
861 2111 1002 2181 Ἐγώ
1039 2113 1154 2183 ειμι
1181 2110 1260 2183 τῷ
1282 2110 1448 2176 ἔθνει,
1477 2109 1528 2163 οἳ
1559 2109 1660 2163 οὐκ
1688 2108 1956 2187 ἐκάλεσαν

369 2209 430 2262 τὸ
469 2185 796 2278 ὄνομά-μου·
843 2225 861 2258 ι
892 2205 1210 2276 εὑρίσκεται
1261 2203 1372 2274 γὰρ
1427 2201 1558 2256 ποτὲ
1596 2201 1696 2272 μὲν
1743 2185 1952 2269 λέγων,

375 2321 394 2353 ι
431 2299 571 2369 Ἐγὼ
607 2301 722 2369 εἰμι
776 2297 839 2352 τὸ
891 2296 1008 2366 φῶς
1034 2293 1130 2348 τοῦ
1158 2294 1390 2364 κόσμου,
1433 2310 1452 2343 ι
1505 2290 1638 2345 ποτὲ
1663 2291 1727 2344 δὲ
1768 2291 1954 2355 πάλιν,

378 2411 396 2442 s
422 2391 489 2446 El.’
512 2409 596 2455 τις
620 2391 768 2461 διψᾷ,
794 2387 1039 2460 ἐρχέσθω
1073 2386 1212 2458 πρός
1243 2402 1335 2456 με,
1371 2384 1466 2437 καὶ
1505 2383 1730 2437 πινέτω.
1771 2384 1829 2437 '0
1869 2401 1959 2436 m-

372 2482 578 2537 στεύων
607 2483 682 2543 εἰς
714 2480 834 2550 ἐμὲ,
862 2476 1044 2540 καθὼς
1062 2471 1216 2530 εἶπεν
1236 2477 1269 2546 ἡ
1286 2474 1501 2546 Γραφὴ,
1524 2475 1761 2544 ποταμοὶ
1777 2475 1842 2527 ὲκ
1860 2475 1959 2545 τῆς

373 2572 582 2635 κοιλίας
613 2569 779 2623 αὑτοῦ
814 2568 1098 2640 ῥεύσουσιν
1148 2565 1342 2630 ὓδατος
1383 2565 1607 2630 ζῶντος·
1652 2584 1671 2617 ι
1722 2563 1836 2619 ἀλλ’
1858 2565 1959 2618 οὐκ

372 2661 563 2733 ἤθελον
585 2658 962 2713 ἐπικαλεῖσθαι
982 2657 1042 2710 τὸ
1061 2657 1231 2727 ὄνομα
1248 2653 1436 2721 αὐτοῦ,
1456 2655 1634 2708 καίτοι
1654 2655 1960 2727 διαρρήδην

369 2753 432 2808 τὸ
462 2771 480 2804 ι
523 2749 664 2820 Ἐγώ
695 2753 809 2820 είμι
838 2768 858 2801 ι
887 2749 1137 2817 λέγοντος
1178 2744 1522 2816 πλεισταχοῦ.
1554 2746 1677 2798 Ὀτι
1712 2744 1770 2798 δὲ
1803 2745 1957 2814 γεγό-

377 2858 536 2898 νασιν
587 2839 938 2910 ἁνουθέτητοι
993 2837 1088 2891 καὶ
1139 2837 1198 2890 ὲν
1251 2834 1350 2906 ῖσῳ
1387 2834 1529 2905 τάχα
1567 2851 1671 2888 που
1719 2836 1834 2898 τοῖς
1857 2835 1958 2887 οὐκ

371 2931 585 3001 ἔχουσιν
629 2923 764 2994 ὦτα,
808 2925 1033 2999 σκληροί
1072 2943 1134 2980 τε
1191 2926 1286 2980 καὶ
1320 2925 1594 2991 ἀπειθεῖς,
1634 2924 1960 2980 διαδείκνυσι

373 3026 564 3096 λέγων,
590 3027 673 3080 ὅτι
700 3043 720 3077 ι
756 3023 1092 3088 Ἐξεπέτασα
1137 3023 1236 3086 τὰς
1272 3023 1461 3094 χεῖράς
1509 3040 1612 3093 μου
1647 3023 1787 3093 πρὸς
1833 3021 1960 3076 λαὸν

2059 2125 2246 2165 rursus
2277 2129 2290 2164 :
2330 2129 2347 2162 ι
2387 2112 2442 2166 Si
2476 2113 2597 2181 quis
2627 2112 2772 2176 sitit,
2805 2113 2982 2166 veniat
3009 2115 3076 2166 ad
3105 2128 3220 2175 me,
3248 2121 3300 2165 et
3334 2111 3500 2166 bibat.
3532 2111 3634 2176 Qui

2058 2201 2231 2256 credit
2281 2202 2335 2255 in
2393 2216 2510 2266 me,
2558 2201 2719 2256 sicuti
2772 2202 2904 2256 dicit
2951 2202 3263 2270 Scriptura,
3309 2202 3526 2255 ﬂumina
3572 2202 3639 2254 de

2058 2301 2249 2348 ventre
2281 2293 2398 2362 ejus
2433 2291 2602 2348 fluent
2635 2307 2790 2362 aqua;
2821 2294 3050 2350 viventis
3082 2293 3148 2351 ⁵⁵⁵.
3189 2314 3209 2347 ι
3251 2298 3321 2349 At
3354 2293 3664 2348 noluerunt,

2059 2381 2334 2452 appellare
2372 2397 2568 2438 nomen
2613 2382 2750 2450 ejus,
2783 2383 3133 2452 quantumvis
3173 2385 3377 2438 diserte
3413 2384 3637 2445 diceret,

2059 2483 2114 2529 et
2147 2473 2364 2542 quidem
2397 2488 2541 2542 saepe
2577 2492 2590 2528 :
2637 2491 2656 2525 ι
2706 2473 2819 2544 Ego
2859 2489 3000 2530 sum.
3035 2492 3052 2526 ι
3101 2473 3291 2529 Fuisse
3329 2484 3509 2528 autent
3549 2487 3643 2526 eos

2058 2565 2440 2620 admonitionis
2482 2566 2854 2634 impatientes,
2885 2576 2940 2621 ct
2975 2565 3179 2621 similes
3221 2565 3306 2620 bis
3345 2563 3434 2633 qui
3483 2579 3642 2620 aures

2060 2669 2166 2710 non
2201 2654 2420 2719 habent,
2442 2653 2606 2710 duros
2634 2665 2688 2708 et
2709 2655 3096 2716 inobedieutcs,
3120 2657 3356 2710 ostendit
3382 2672 3501 2710 cum
3526 2656 3638 2710 ait:

2067 2765 2086 2798 ι
2125 2745 2368 2814 Expandi
2403 2761 2594 2801 manus
2627 2761 2774 2801 meas
2808 2745 2874 2799 ad
2943 2745 3197 2815 populum
3248 2745 3642 2800 inobedientesu

2060 2852 2126 2893 ac
2168 2838 2654 2893 contradicentem.
2703 2857 2722 2890 ›
2777 2838 3026 2896 Solemus
3069 2839 3214 2894 enim
3263 2852 3474 2908 semper
3518 2852 3645 2892 cum

2060 2925 2417 2982 refractarios
2461 2926 2808 2996 alloquimur,
2841 2937 2895 2983 et
2936 2927 3337 2997 immorigeros,
3368 2941 3492 2982 cum
3535 2929 3646 2981 cla-

2062 3032 2214 3074 more
2245 3033 2436 3074 manus
2484 3019 2776 3075 extendere
2823 3030 2878 3075 et
2913 3020 3151 3089 graviter
3190 3021 3243 3075 in
3287 3021 3406 3074 illos
3447 3017 3644 3074 invehi.

373 3118 730 3181 ἀπειθοῦντα,
790 3116 885 3169 καὶ⁵
918 3113 1288 3184 ἀντιλέγοντα·
1323 3134 1341 3166 ι
1405 3113 1800 3185 κατειθίσμεθα
1851 3113 1957 3186 γὰρ

2068 3128 2086 3160 ι
2128 3109 2233 3165 Sed
2275 3125 2380 3164 nou
2423 3109 2856 3176 ambulaverunt,
2895 3129 2913 3161 ι
2950 3111 3146 3179 inquit,
3179 3128 3199 3162 ι
3239 3109 3403 3164 invia
3432 3125 3582 3164 vera.
3619 3126 3639 3159 ι

372 3205 580 3270 ἀείπως
603 3177 726 3269 τοῖς⁷
763 3204 1022 3275 ἀνηκόοις
1084 3177 1602 3274 προσδιαλεγόμενοι
1649 3177 1790 3274 μετὰ

2059 3201 2217 3258 Nullo
2245 3202 2391 3257 enim
2421 3203 2578 3256 modo
2607 3201 2946 3257 admiserunt
2969 3177 3261 3256 salutarent
3291 3200 3637 3271 praedicatio-

373 3295 475 3358 τὰς
498 3297 688 3366 χεῖρας
750 3293 976 3360 ἁπλοῦν,
1021 3293 1116 3346 καὶ
1147 3292 1406 3363 πλείστην
1457 3293 1590 3362 ὅσην
1618 3293 1736 3346 κατ’
1777 3293 1958 3348 αὐτῶν

373 3385 645 3440 ποιεῖσθαι
691 3384 791 3454 τὴν
817 3383 1122 3454 ἐπίπληξιν·
1161 3403 1180 3436 ι
1217 3384 1331 3438 ἀλλ’
1355 3384 1456 3437 οὐκ
1496 3383 1897 3455 επορεύθησαν,
1937 3403 1956 3437 s

380 3478 567 3549 φησιν,
622 3496 640 3528 ι
676 3477 782 3548 ὁδῷ
811 3475 1064 3548 ἀληθινῇ.
1099 3495 1118 3527 ι
1163 3476 1538 3548 Παρεδέξαντο
1567 3475 1675 3547 γὰρ
1715 3477 1966 3548 οὐδαμῶς

375 3570 437 3622 τὸ
469 3571 732 3641 σωτήριον
757 3569 1041 3640 κήρυγμα,
1079 3587 1099 3620 ι
1129 3568 1345 3623 εἵποντο
1366 3569 1424 3622 δὲ
1457 3569 1660 3639 μᾶλλον
1686 3571 1809 3633 ταῖς
1835 3569 1930 3622 έαυ
1948 3598 1963 3610 -

375 3660 484 3712 τῶν
497 3659 810 3730 ἁμαρτίαις,
827 3678 844 3709 ι
865 3660 1164 3726 τουτέστιν,
1188 3660 1402 3729 ἀσχέτῳ
1429 3661 1571 3730 φορᾷ
1595 3658 1962 3730 κατεφέροντο

380 3752 512 3821 πρὸς
538 3750 781 3820 ἀτημελῆ
811 3750 904 3802 καὶ
954 3750 1340 3818 ὲκνομωτάτην
1375 3749 1539 3818 ζωὴν,
1565 3750 1720 3821 δίκης
1754 3768 1813 3803 τε
1861 3751 1959 3804 αύ-

381 3845 490 3904 τοῖς
545 3840 638 3893 καὶ
691 3838 913 3908 ὀλέθρου
959 3835 1238 3907 πρόξενον.
1291 3837 1462 3890 Τοῦτο
1493 3838 1657 3892 πάλιν
1709 3842 1737 3893 ὁ
1769 3841 1961 3912 Σωτὴρ

387 3933 569 3986 αὐτοῖς
592 3930 905 4000 εὑρίσκεται
936 3928 1111 3996 λέγων
1131 3944 1144 3956 ·
1170 3947 1188 3978 ‹
1231 3928 1399 3999 Ἀμὴν
1421 3928 1563 3997 λέγω
1584 3931 1734 4000 ὑμῖν,
1761 3931 1855 3984 ἐὰν
1887 3932 1960 4003 μὴ

382 4024 733 4092 πιστεύσητε,
761 4022 843 4074 ὅτι
877 4018 987 4088 ἐγώ
1043 4020 1179 4089 εἰμι,
1213 4021 1269 4073 ὲν
1303 4023 1423 4085 ταῖς
1465 4023 1762 4093 ἁμαρτίαις
1807 4025 1961 4095 ὑμῶν

382 4112 761 4169 ἀποθανεῖσθε.
806 4130 824 4164 ι
873 4109 1335 4182 Ἀντεπράττοντο
1373 4114 1482 4184 γὰρ
1509 4113 1958 4188 νουθετούμενοι,

383 4203 748 4274 παρήγγειλον
773 4202 830 4256 δὲ
851 4203 944 4256 καὶ
970 4203 1084 4265 τοῖς
1110 4201 1214 4255 ὑπὸ
1235 4205 1389 4274 χεῖρα
1407 4205 1658 4274 λέγοντες
1683 4223 1696 4237 ·
1723 4226 1742 4259 ι
1761 4208 1960 4278 Δαιμό-

2059 3308 2202 3358 nem,
2235 3311 2254 3344 ι
2285 3294 2378 3349 sed
2402 3303 2623 3364 peccata
2648 3307 2743 3348 sua
2782 3293 2956 3349 secuti
2996 3300 3142 3359 sunt,
3175 3311 3194 3344 ι
3230 3292 3282 3346 id
3327 3301 3432 3358 est,
3459 3289 3648 3346 effreni

2059 3382 2262 3452 impetu
2293 3383 2360 3437 ad
2386 3383 2619 3438 solutam
2645 3385 2809 3440 vitam
2835 3385 3178 3455 maximeque
3203 3383 3410 3454 legibus
3435 3393 3650 3438 contra-

2062 3475 2198 3528 riam
2231 3474 2461 3531 devoluti
2494 3485 2643 3543 sunt,
2672 3491 2792 3545 qua:
2834 3490 3051 3546 pmnam
3096 3475 3228 3545 ipsis
3268 3483 3325 3530 et
3356 3473 3638 3529 interitum

2062 3567 2371 3622 accersivit.
2402 3566 2516 3623 Hoc
2559 3583 2748 3623 rursus
2795 3568 3056 3624 Servator
3086 3566 3190 3622 illis
3230 3567 3414 3621 dicere
3445 3564 3651 3619 inveni-

2069 3667 2192 3714 tur:
2230 3676 2250 3711 ι
2287 3659 2457 3715 Amen
2492 3659 2614 3715 dico
2644 3658 2800 3715 vobis
2848 3678 2864 3716 :
2912 3659 2969 3716 Si
2996 3674 3099 3714 non
3139 3655 3479 3713 credideritis
3507 3657 3650 3725 quod

2065 3764 2166 3820 ego
2191 3751 2317 3815 sim,
2343 3751 2397 3804 in
2427 3751 2664 3818 peccatis
2687 3752 2882 3807 vestris
2903 3750 3210 3806 moriemini
3228 3749 3297 3803 “.
3326 3768 3346 3800 ι
3374 3747 3650 3804 Admouiti

2066 3841 2209 3896 enim
2239 3842 2633 3906 reuitebantur,
2660 3856 2724 3897 ac
2749 3841 3142 3896 denuntiabant
3169 3837 3430 3908 subjectis
3462 3838 3646 3892 manui

2068 3946 2178 3988 sua:
2218 3950 2232 3986 ι
2282 3950 2301 3983 ι
2354 3931 2684 3986 Daamouium
2738 3931 2902 3986 habet
2941 3940 2998 3985 et
3043 3929 3273 3994 insanit,
3303 3928 3433 3997 quid
3477 3928 3649 3995 ipsum

2067 4025 2268 4080 auditis
2292 4024 2372 4078 M?
2405 4043 2424 4076 ι
2455 4021 2587 4077 Illud
2619 4023 2838 4091 insuper
2865 4022 3159 4077 clamantes
3190 4039 3204 4075 :
3241 4037 3262 4072 ι
3291 4017 3407 4073 Non
3435 4027 3653 4087 propter

2067 4107 2264 4172 bonum
2291 4130 2424 4184 opus
2449 4114 2746 4183 lapidamus
2777 4121 2851 4178 te,
2872 4111 2965 4167 sed
2998 4121 3216 4181 propter
3238 4108 3650 4178 blasphemiam,

2066 4208 2192 4277 quia
2223 4216 2276 4262 tu
2309 4208 2470 4262 homo
2501 4220 2621 4260 cum
2651 4203 2749 4266 sis.
2781 4205 2915 4258 facis
2945 4205 3172 4272 teipsum
3204 4203 3370 4256 Deum
3392 4198 3462 4254 ³⁸.
3496 4219 3516 4252 ι

379 4312 494 4349 νεον
535 4294 669 4364 ἔχει,
724 4295 816 4348 καὶ
871 4295 1140 4365 μαίνεται,
1175 4294 1228 4347 τί
1261 4294 1427 4348 αὑτοῦ
1461 4295 1729 4365 discedere;
1766 4318 1784 4351 ι
1839 4300 1946 4354 Ναὶ
1987 4299 2094 4370 μὴν
2141 4301 2362 4353 κάκεῖνο
2413 4297 2550 4368 πρὸς
2608 4294 2783 4366 τούτῳ
2819 4293 3085 4365 βοῶντες·
3137 4313 3158 4347 ι
3196 4292 3336 4365 Περὶ
3366 4290 3531 4345 καλοῦ
3559 4291 3653 4364 ἕρ-

378 4401 478 4460 γου
508 4384 567 4437 οὗ
600 4383 890 4454 λιθάζομέν
926 4401 1004 4448 σε,
1037 4384 1172 4439 ἀλλὰ
1200 4386 1329 4457 περὶ
1359 4385 1739 4459 βλασφημίας,
1777 4390 1859 4443 ὅτι
1920 4393 1986 4446 σὺ
2038 4391 2330 4465 ᾄνθρωπος
2388 4388 2463 4444 ὣν
2509 4390 2684 4452 ποιεῖς
2720 4389 2942 4442 σεαυτὸν
2980 4387 3130 4441 Θεύν.
3176 4405 3195 4438 ι

461 4480 516 4531 Ὀ
543 4478 692 4544 λαὸς
723 4473 902 4545 οὗτος
930 4481 963 4532 ὁ
1015 4478 1373 4548 παροξύνων·
1398 4497 1496 4550 με,
1526 4481 1783 4537 ἐνώπιον
1813 4483 1957 4553 ἐμοῦ

2139 4486 2301 4540 Vsus.
2335 4484 2455 4539 5.5.
2497 4481 2729 4550 Populus
2791 4482 2874 4535 hic
2923 4481 3238 4534 exacerbans
3289 4498 3388 4544 me,
3425 4482 3479 4534 in
3528 4498 3653 4535 con-

379 4571 556 4626 αὐτοὶ
603 4569 700 4624 διὰ
735 4569 976 4634 παντός.
1011 4567 1414 4629 Θυσιάζουσιν
1451 4569 1522 4623 ἐν
1558 4571 1684 4638 τοῖς
1712 4571 1961 4639 κήποις,

381 4663 480 4718 καὶ
529 4662 824 4731 θυμιῶσιν
861 4662 931 4714 ἐν
981 4660 1106 4727 τοῖς
1135 4661 1413 4726 πλίνθοις
1449 4661 1574 4728 τοῖς
1594 4661 1964 4733 δαιμονίοις,

380 4753 421 4807 ἃ
458 4754 568 4806 οὐκ
595 4753 745 4806 ἔστι.
800 4752 908 4805 Καὶ
961 4753 1032 4805 ἐν
1077 4750 1200 4818 τοῖς
1228 4751 1524 4820 μνήμασι,
1581 4753 1681 4806 καὶ
1729 4754 1801 4807 ἐν
1844 4754 1968 4822 τοῖς

379 4843 707 4910 σπηλαίοις
764 4841 1082 4911 κοιμῶνται
1125 4839 1201 4895 δι’
1229 4841 1506 4906 ἐνύπνια,
1541 4845 1597 4896 οι
1659 4844 1967 4910 ἐσθίοντες

381 4935 529 5002 νρέα
551 4934 696 4996 ὕεια,
714 4933 813 4988 καὶ
832 4931 1019 5002 ζωμὸν
1048 4931 1293 4999 θυσιῶν,
1315 4933 1748 5003 μεμολυσμένα
1771 4933 1968 4990 πάντα

380 5030 454 5080 τὰ
494 5026 685 5092 σκεύη
715 5024 932 5079 αῡτῶν·
964 5026 1020 5078 οἱ
1047 5023 1350 5092 λέγοντες,
1388 5026 1592 5093 Πόρῤω
1633 5025 1736 5079 ἀπ’
1778 5027 1925 5095 ἐμοῦ
1948 5069 1964 5094 ,

383 5116 472 5169 ὅτι
499 5115 757 5183 καθαρός
783 5117 922 5184 εἰμι,
935 5113 1022 5182 μὴ
1046 5113 1296 5184 emam
1310 5132 1435 5184 μοι.
1451 5109 1645 5182 Οὗτος
1678 5118 1712 5170 ό
1737 5116 1966 5184 καπνὸς

382 5205 489 5261 τοῦ
519 5205 709 5275 θυμοῦ
737 5223 881 5276 μου,
927 5205 1048 5273 πῦρ
1087 5205 1316 5258 καίεται
1355 5205 1426 5259 ἐν
1451 5205 1612 5272 αὐτῷ
1634 5206 1837 5275 πάσας
1861 5208 1968 5273 τὰς

388 5297 629 5363 ἡμέρας.

469 5387 740 5453 Ἀνοσίους
767 5388 928 5454 ὄντας
951 5388 1162 5462 ἐλέγχει
1205 5390 1333 5454 τοὺς
1361 5389 1420 5458 ἐξ
1464 5389 1703 5464 Ἰσραὴλ,
1734 5392 1829 5446 καὶ
1848 5392 1967 5450 οὔτι

387 5493 487 5530 που
522 5479 681 5550 μόνον
709 5479 850 5536 κατὰ
878 5481 972 5536 τὸν
996 5484 1095 5555 τῆς
1125 5481 1418 5554 ἐπιδημίας
1448 5483 1658 5556 καιρὸν,
1687 5483 1826 5539 ἀλλὰ
1859 5485 1968 5558 γὰρ

459 5679 731 5754 ⁸¹Αίοιιίυ
783 5682 978 5754 t_v,_‘:25.
1057 5683 1102 5714 δ’
1138 5682 1328 5754 Matth.
1374 5701 1449 5750 τι,
1485 5688 1556 5752 5;
1596 5687 1700 5743 lsa.
1741 5689 1957 5754 xxxv,.5

2059 5688 2086 5741 ῑ.
2165 5686 2211 5718 ⁸³
2237 5683 2390 5742 Joan.
2427 5699 2480 5750 κ,
2511 5683 2603 5750 57,
2635 5681 2722 5737 58.

2063 4588 2240 4645 specta
2291 4593 2405 4632 meo
2439 4591 2658 4644 semper.
2692 4574 2793 4627 Isti
2824 4572 3123 4640 sacriﬁcant
3159 4573 3210 4626 in
3244 4573 3444 4634 hortis,
3469 4583 3516 4626 et
3559 4574 3651 4626 ud-

2068 4671 2205 4724 olent
2229 4671 2497 4723 incensum
2520 4684 2678 4735 super
2702 4667 2892 4719 lateres
2914 4666 3259 4728 da'mouibus,
3281 4666 3370 4734 qui
3389 4681 3489 4717 non
3510 4678 3647 4717 sunt.

2075 4757 2140 4812 Et
2173 4760 2224 4812 in
2256 4759 2602 4813 monumentis
2637 4772 2700 4809 ac
2732 4754 2990 4824 speluncis
3023 4754 3290 4806 dormiunt
3325 4763 3539 4821 propter
3569 4755 3652 4807 in-

2072 4827 2308 4917 somnia;
2349 4851 2621 4904 ccmedunt
2655 4865 2840 4904 carnes
2871 4846 3058 4901 suillos
3081 4886 3096 4911 ,
3129 4856 3175 4899 et
3203 4845 3294 4914 jus
3325 4847 3650 4910 hostiarum;

2070 4945 2274 5012 polluta
2317 4945 2495 4998 omnia
2533 4961 2656 4998 vasa
2702 4958 2882 4998 eorum
2924 4954 2944 4994 :
2985 4943 3190 5003 dicunt,
3218 4938 3383 5009 893
3408 4937 3584 5008 Longe
3620 4955 3653 4992 a

2071 5051 2183 5099 me,
2219 5036 2343 5106 quia
2379 5035 2606 5089 mundus
2650 5051 2799 5098 sum,
2833 5050 2897 5088 ne
2937 5034 3319 5102 appropinques
3361 5031 3509 5084 mihi.
3549 5029 3655 5084 Iste

2074 5127 2251 5198 fumus
2280 5129 2482 5198 luroris
2509 5130 2634 5196 mei,
2661 5129 2799 5199 ignis
2829 5127 2976 5182 ardet
3006 5129 3060 5180 in
3089 5141 3148 5179 eo
3178 5121 3421 5177 omnibus
3446 5122 3651 5176 diebus.

2146 5387 2344 5461 lmpios
2371 5387 2643 5444 lsraehtas
2668 5387 2867 5458 arguit,
2897 5399 2994 5441 nec
3025 5383 3198 5440 solum
3229 5381 3488 5436 adventus
3519 5387 3652 5434 tem-

2075 5495 2227 5552 pore,
2250 5481 2344 5539 sed
2389 5489 2553 5547 retro,
2581 5487 2636 5535 et
2671 5478 2817 5534 velut
2852 5478 2918 5533 ab
2962 5477 3075 5547 ipsa
3107 5475 3274 5543 stirpe
3305 5481 3359 5528 et
3387 5487 3451 5528 cx
3487 5469 3654 5541 patri-

2816 5681 2861 5713 “
2892 5676 3047 5736 Joan.
3072 5693 3190 5743 vm,
3229 5675 3310 5730 1‘2.
3417 5674 3460 5706 ⁸³
3491 5670 3646 5729 Joan.

393 5761 486 5817 vn,
511 5751 600 5818 57,
628 5753 716 5808 38.
794 5752 840 5785 ’⁵⁸
868 5751 1023 5808 Joan.
1063 5769 1177 5822 vm,
1206 5753 1297 5809 ιιι.
1377 5756 1419 5787 ³⁷
1452 5751 1605 5812 .loau.
1641 5774 1694 5826 κ,
1735 5758 1825 5816 20.
1893 5751 1948 5794 ’³⁸
1979 5751 2118 5816 ibid.
2153 5757 2242 5812 33.
