4134 6302
608 353 746 410 MO?

1642 346 1700 407 S.
1744 347 2022 405 CYRILLI
2061 349 2537 410 ALEXANDRINI
2577 348 2896 409 ARCIHEP.

3748 351 3770 403 ‘l
3786 347 3915 407 .108

606 469 728 537 bus,
754 466 847 539 qui
887 465 1065 522 divina
1109 464 1224 533 ejus
1268 464 1390 533 lege
1432 461 1655 533 rejects,
1683 472 1738 519 et
1765 463 2018 521 Mosaicis
2057 482 2191 536 pne-

2298 468 2530 533 ἀνωθεν,
2587 469 2679 522 καὶ
2704 463 2816 520 οἷον
2849 466 2913 519 ὲκ
2940 463 3098 535 ῥίζης
3121 503 3136 529 ,
3185 462 3281 518 καὶ
3306 464 3370 516 ὲκ
3404 460 3662 535 πατέρων
3704 465 3759 518 οἱ
3804 465 3912 520 τὸν

605 560 780 630 ceptis
825 568 1030 615 tantum
1058 572 1163 611 non
1210 554 1325 610 vale
1365 554 1530 617 dicto,
1562 555 1721 612 idolis
1764 558 2094 625 servierunt,
2141 570 2196 615 et

605 653 742 708 falso
773 649 1090 718 nuncupatis
1116 648 1221 704 diis
1260 648 1671 715 sacriﬁcarunt,
1705 659 1762 707 et
1793 653 2193 710 immunda-9m

605 742 889 810 spirituum
920 739 1157 793 cultores
1186 739 1534 795 exstiterunt.
1568 760 1589 792 ι
1628 741 1725 796 llic
1754 744 2017 813 populus,
2055 765 2074 798 ι
2113 748 2195 799 in-

604 834 755 903 quit,
786 850 809 884 ι
838 840 925 887 est
951 831 1044 901 qui
1077 846 1296 900 semper
1332 846 1419 885 me
1459 832 1772 889 exacerbat.
1803 835 2195 893 Sacriﬁcarunt

603 925 749 980 enim
796 921 1186 990 indesinenter,
1226 942 1247 974 ι
1305 923 1357 976 id
1405 933 1519 990 est,
1554 924 1714 994 longo
1764 935 2032 995 tempore,
2068 946 2088 980 ‹
2140 928 2194 982 in

604 1023 896 1085 conspectu
926 1029 1071 1069 meo.
1108 1034 1126 1066 ι
1159 1016 1228 1068 At
1254 1015 1529 1082 quomodo
1561 1016 1730 1071 latere
1755 1026 2040 1086 poterant,
2070 1034 2192 1074 cum

606 1109 752 1162 Deus
777 1106 957 1161 omnia
988 1107 1278 1175 inspiciat?
1308 1106 1453 1160 Dixit
1477 1108 1624 1163 enim
1657 1123 1753 1179 per
1781 1108 2074 1178 quemdam
2114 1127 2185 1166 ex

603 1197 808 1253 sanctis
834 1199 1114 1269 prophetis
1155 1217 1169 1254 :
1220 1218 1239 1251 ι
1290 1200 1431 1256 Deus
1458 1203 1894 1271 appropinquans
1920 1217 2022 1274 ego
2048 1217 2192 1270 sum,

604 1288 1166 1354 dicitDominusﬁet
1194 1305 1301 1346 non
1332 1291 1474 1346 Deus
1497 1306 1528 1346 e
1545 1292 1861 1362 longinquo.
1883 1293 1966 1348 An
1995 1309 2082 1350 me
2102 1307 2195 1350 ce-

604 1379 806 1438 labitur
827 1380 1159 1450 quidquam?
1193 1399 1217 1434 ›
1246 1380 1304 1436 Si
1330 1396 1460 1449 ergo
1486 1381 1622 1435 nihil
1649 1396 1772 1437 eum
1802 1382 2030 1452 celetur,
2056 1397 2192 1454 quo-

605 1470 766 1526 modo
788 1469 1064 1526 latuerunt
1085 1472 1305 1541 quidam
1333 1471 1570 1526 suliitum
1597 1470 1859 1529 facientes
1898 1473 1953 1528 in
1997 1474 2190 1541 hortis,

604 1560 693 1616 vel
733 1561 787 1617 in
827 1562 999 1628 silvis,
1032 1564 1310 1619 montibus
1335 1572 1389 1618 et
1419 1562 1597 1618 lucis?
1622 1563 1761 1630 Quid
1794 1565 1958 1634 igitur
1985 1566 2195 1636 signiﬁ-

606 1662 718 1716 cat,
776 1671 797 1705 ι
833 1652 891 1707 in
917 1663 1210 1723 conspectu
1239 1655 1395 1710 meo?
1430 1672 1449 1707 ι
1486 1655 1708 1712 Scilicet
1740 1657 1794 1710 in
1836 1656 1954 1726 ipso
1994 1658 2195 1728 temple

603 1745 749 1812 quod
788 1744 916 1799 mihi
962 1756 1337 1801 consecratum
1386 1755 1490 1802 est.
1518 1746 1714 1804 Simile
1749 1748 2009 1818 quiddam
2045 1749 2191 1805 enim

2299 560 2444 614 θεῖον
2471 557 2639 614 αὐτοῦ
2680 556 3068 628 παρωσάμενοι
3125 556 3314 626 νόμον,
3363 557 3459 608 καὶ
3503 556 3797 626 μονονουχὶ
3839 560 3913 611 τὸ

2297 649 2573 723 ἐρρῶσθαι
2611 649 2913 718 φθάσαντες
2949 649 3072 711 ταῖς
3096 645 3185 703 διὰ
3213 646 3462 708 Μωσέως
3510 646 3782 713 ἐντολαῖς,
3806 646 3908 700 λε-

2295 740 2661 811 λατρεύκασιν
2689 737 2948 802 εἰδώλοις,
2974 740 3069 793 καὶ
3093 737 3356 792 τεθύκασι
3379 740 3493 800 τοῖς
3515 736 3911 808 ψευδωνύμοις

2266 850 2277 857 '
2297 833 2462 897 θεοῖς,
2490 832 2587 886 καὶ
2612 833 2938 902 πνευμάτων
2962 831 3288 902 ἀκαθάρτων
3319 830 3579 899 γεγόνασι
3614 830 3909 900 θεραπευ-

2294 922 2406 980 ταί.
2437 942 2457 974 ι
2495 916 2663 986 Οὗτος
2685 924 2714 975 ὁ
2742 922 2869 986 λαὸς
2890 923 2977 977 ἀεὶ
3004 922 3217 991 γέγονε,
3267 941 3287 974 ι
3327 922 3483 994 φησὶ,
3525 941 3545 974 ‹
3572 922 3912 994 παροξύνων

2298 1031 2388 1083 με.
2423 1013 2698 1068 Τεθύκασι
2730 1014 2839 1086 γὰρ
2861 1014 3279 1085 ἀκαταλήκτως,
3318 1034 3338 1067 ι
3364 1015 3665 1082 τουτέστιν,
3689 1016 3751 1069 ἐν
3772 1017 3937 1087 χρόυ

2295 1121 2405 1168 νοις
2439 1106 2690 1176 μακροῖς,
2717 1121 2737 1156 ι
2757 1102 2988 1159 ἐνώπιόν
3008 1121 3131 1174 μου.
3160 1124 3180 1157 ›
3208 1100 3348 1159 Εἶτα
3381 1105 3503 1169 πῶς
3530 1102 3597 1176 ἦν
3628 1105 3908 1161 δύνασθαι

2293 1195 2477 1250 λαθεῖν
2507 1196 2725 1262 αὐτοὺς,
2754 1196 2935 1250 καίτοι
2982 1197 3166 1252 πάντα
3194 1197 3505 1269 ἐφορῶντος
3538 1196 3706 1265 Θειοῦς
3744 1199 3909 1270 Ἔφη

2294 1288 2405 1360 γάρ
2444 1304 2570 1356 που,
2607 1288 2703 1343 καὶ
2750 1288 2820 1341 δι’
2845 1286 2964 1352 ἑνὸς
2995 1288 3105 1343 τῶν
3134 1288 3306 1356 ἀγίων
3335 1287 3629 1360 προφητῶν
3648 1305 3664 1319 ο
3695 1307 3716 1341 ι
3756 1289 3911 1354 Θεὸς

2294 1377 2530 1447 ἑγγίζων
2568 1378 2680 1450 ἐγώ
2729 1381 2866 1451 εἰμι,
2889 1378 3036 1449 λέγει
3066 1378 3293 1451 Κύριος,
3338 1380 3437 1434 καὶ
3456 1381 3578 1453 οὐχὶ
3606 1381 3745 1446 Θεδς
3768 1383 3911 1455 πόῤ-

2297 1469 2490 1543 ρωθεν,
2514 1469 2589 1541 μὴ
2613 1470 2708 1524 ἀπέ
2732 1471 2868 1543 ἐμοῦ
2892 1471 3239 1544 κρυσῆσεταί
3253 1491 3307 1526 τι
3327 1492 3342 1540 ;
3369 1492 3390 1525 ι
3428 1473 3643 1527 Οὐκοῦν
3661 1475 3711 1526 εί
3731 1475 3905 1547 μηδὲν

2293 1563 2388 1617 ἀπ’
2413 1562 2580 1616 αὑτοῦ
2607 1563 2930 1637 κρύπτεται,
2964 1563 3081 1629 πῶς
3116 1564 3183 1618 ἂν
3198 1564 3389 1620 ἔλαθον
3413 1567 3557 1630 τινὲς
3589 1566 3901 1637 θυμιῶντες

2292 1653 2352 1706 ὲν
2399 1652 2634 1723 κήποις,
2672 1652 2843 1722 ἤγουν
2873 1652 2932 1706 ὲν
2961 1651 3211 1725 δρυμοῖς,
3261 1642 3414 1725 opaci
3433 1670 3493 1706 τε
3531 1653 3625 1705 καὶ
3652 1654 3901 1723 νάπαιςς

2292 1741 2360 1796 Τί
2396 1739 2490 1798 οὖν
2517 1741 2627 1814 ἄρα
2658 1742 2721 1796 τὸ
2747 1760 2768 1795 ι
2801 1742 3032 1799 ἐνώπιόν
3059 1762 3161 1817 μου
3197 1764 3216 1798 ι
3251 1743 3438 1816 δηλοῖ,
3478 1744 3602 1798 ἀντὶ⁵
3648 1743 3774 1809 τοῦ,
3812 1747 3903 1800 καὶ

605 1834 744 1890 dixit
769 1849 900 1890 voce
926 1833 1179 1892 Jeremiae
1202 1837 1270 1893 de
1296 1836 1617 1895 Jerusalem.
1653 1856 1674 1891 ‹
1712 1843 1884 1907 Quam
1912 1840 2191 1897 abomina-

2295 1834 2377 1897 είς
2420 1835 2581 1889 αὐτὸν
2621 1834 2713 1889 τὸν
2752 1835 3133 1907 ἀφιερωθέντα
3181 1854 3272 1907 μοι
3304 1837 3462 1891 νεών.
3499 1837 3649 1908 Ἔφη
3672 1837 3790 1908 γάρ
3822 1854 3902 1891 τοι

604 1925 804 1981 tionem
837 1924 962 1981 fecit
984 1927 1179 1983 dilecta
1212 1929 1265 1983 in
1294 1928 1460 1986 domo
1497 1945 1615 1986 mea
1637 1932 1723 1986 ὀἳ
1759 1949 1780 1985 ι
1814 1931 2193 1989 Abominatio-
2230 1962 2241 1970 ι

605 2029 729 2071 nem
758 2015 1041 2073 nominare
1077 2028 1480 2074 consueverunt
1505 2033 1678 2075 sacrae
1702 2018 1924 2076 Litterae
1968 2021 2191 2078 idolum.

602 2108 793 2178 Itaque
841 2118 898 2164 et
951 2108 1024 2164 ob
1079 2108 1268 2164 oculos
1324 2123 1477 2165 meos
1537 2129 1556 2162 ι
1618 2110 1830 2167 sumtus
1882 2111 2116 2179 faciunt,
2168 2132 2189 2167 ι

604 2199 802 2269 inquit,
835 2217 857 2251 ι
888 2207 948 2253 et
987 2199 1043 2254 in
1091 2195 1284 2265 hortis,
1318 2219 1340 2253 ι
1374 2201 1428 2256 id
1471 2212 1588 2264 est,
1642 2201 1697 2256 in
1742 2203 2037 2269 montibus,
2114 2202 2195 2259 uti

600 2293 736 2355 dixi,
758 2310 779 2343 ε
806 2290 910 2346 sub
930 2304 1161 2362 quercu,
1181 2298 1236 2347 et
1259 2291 1478 2362 populo,
1494 2300 1549 2346 et
1574 2293 1768 2349 arbore
1792 2294 2049 2351 umbrosa
2070 2296 2141 2365 ⁵³,
2167 2314 2189 2350 ι

604 2385 899 2442 secundum
945 2385 998 2441 id
1035 2388 1181 2457 quod
1221 2385 1484 2457 scriptum
1527 2396 1636 2444 est.
1673 2387 2100 2455 Sacriﬁcabant,
2136 2396 2195 2443 ut

600 2476 834 2544 videtur,
854 2476 1168 2533 Gratcorum
1192 2492 1397 2535 morem
1424 2480 1619 2546 secuti,
1643 2479 1965 2550 quibusdam
1992 2483 2194 2538 daemo-

602 2571 791 2636 nibus,
824 2572 1088 2642 nymphas
1119 2571 1196 2627 illi
1228 2581 1456 2642 vocant,
1487 2573 1917 2648 hamadryadas,
1946 2584 2001 2631 et
2031 2590 2191 2632 orea-

601 2662 722 2717 das.
752 2662 857 2717 Sed
891 2677 996 2718 non
1031 2672 1176 2731 sunt,
1207 2663 1402 2735 inquit,
1431 2680 1538 2720 non
1569 2665 1712 2735 quod
1744 2680 1850 2721 non
1881 2665 2192 2722 subsistant

598 2750 815 2807 exitiosi
849 2751 1151 2817 daemones;
1190 2752 1285 2808 sed
1319 2753 1462 2824 quod
1496 2767 1609 2808 non
1647 2752 1755 2808 sint
1786 2753 1890 2819 dii,
1923 2764 2083 2824 prout
2115 2752 2192 2809 illi

598 2841 695 2910 qui
729 2841 1041 2898 sacriﬁcant
1075 2842 1188 2899 illis
1246 2843 1561 2913 opinantur.
1590 2842 1987 2923 Sacriﬁcarunt
2018 2846 2189 2901 etiam

603 2933 658 2988 iu
689 2935 1053 2991 monumentis
1080 2942 1138 2991 et
1165 2934 1460 3005 speluncis,
1489 2936 1895 2993 necromantica
1920 2936 2189 3007 quaedam,

604 3034 664 3082 ut
688 3026 926 3092 videtur,
952 3037 1291 3084 exercentes.
1324 3024 1680 3086 Dormiebant
1709 3029 1873 3084 etiam
1909 3029 1963 3084 in
1999 3044 2191 3085 monu-

602 3117 822 3183 mentis,
850 3118 1133 3174 insomniis
1163 3118 1486 3190 quibusdam
1520 3128 1576 3176 et
1605 3121 1840 3191 spectris
1875 3121 2106 3192 decepti,
2135 3130 2192 3177 et

2298 1921 2540 1978 τοιοῦτον
2575 1926 2667 1979 καὶ
2703 1925 2791 1979 διὰ
2823 1927 3010 1997 φωνῆς
3038 1927 3303 1999 Ἱερεμίου
3328 1929 3585 2001 περὶτῆς
3623 1929 3903 2000 Ἰερουσα-

2298 2016 2433 2090 λήμο
2470 2036 2488 2070 ι
2525 2018 2592 2071 Τί
2617 2017 2950 2091 ἠγαπημένη
2976 2020 3034 2072 ὲν
3059 2018 3134 2090 τῷ
3163 2020 3297 2090 οῐκῳ
3322 2037 3428 2090 μου
3450 2020 3680 2090 ἐποίησε
3710 2021 3902 2092 βδέλυ-

2297 2124 2416 2180 γμα
2441 2124 2456 2174 ;
2483 2127 2502 2162 ι
2538 2107 2827 2180 Βδέλυγμα
2850 2110 2908 2162 δὲ
2944 2109 3005 2163 τὸ
3041 2110 3259 2165 εῐδωλον
3293 2111 3585 2183 ὀνομάζειν
3616 2113 3739 2179 ἔθος
3789 2117 3901 2178 τοῖς

2300 2202 2471 2274 ἱεροῖς
2519 2201 2871 2275 Γράμμασιν.
2924 2201 3137 2256 Οὐκοῦν
3189 2207 3310 2257 κατ’
3361 2204 3682 2277 ὀφθαλμοὺς
3727 2207 3901 2275 ἐμοὺς

2305 2312 2325 2346 ι
2356 2292 2651 2366 donabat,»
2689 2293 2876 2366 φησὶ,‹
2915 2295 3012 2348 καὶ
3037 2296 3095 2348 ὲν
3127 2298 3242 2360 τοῖς
3267 2298 3487 2369 κήποις,
3529 2318 3550 2351 ι
3589 2300 3897 2364 τουτέστιν,

2296 2383 2355 2437 ὲν
2375 2383 2580 2455 ὄρεσιν,
2625 2382 2702 2447 ὥς
2749 2382 2909 2454 ἔφην,
2943 2403 2963 2435 ι
2993 2384 3252 2439 ὑποκάτω
3291 2386 3474 2457 δρυὸς,
3520 2389 3615 2443 καὶ
3665 2388 3895 2461 λεύκης,

2295 2475 2391 2528 καί
2426 2472 2645 2545 δένδρου
2680 2473 3100 2539 συσκιάζοντος,
3144 2494 3163 2529 s
3200 2475 3342 2531 κατὰ
3381 2478 3444 2532 τὸ
3478 2480 3894 2550 γεγραμμένον.

2299 2564 2496 2620 Ἔθυον
2523 2565 2601 2633 δὲ,
2634 2566 2779 2621 κατά
2799 2567 2860 2620 τὸ
2883 2567 3050 2633 είκδς,
3072 2570 3185 2633 τοῖς
3199 2568 3467 2641 Ἐλλήνων
3489 2571 3764 2644 ἀκολουθή
3773 2590 3899 2627 σαν-

2293 2673 2385 2721 τες
2400 2656 2611 2728 θυμοῖς,
2637 2657 2859 2730 δαίμοσι
2885 2658 3055 2723 τισὶν,
3101 2660 3168 2736 ξς
3206 2662 3427 2734 νύμφας
3462 2665 3666 2721 ἐκεῖνοι
3695 2665 3896 2720 καλαῦ-

2295 2759 2402 2810 σιν,
2426 2745 2779 2819 ἁμαδρυάδας
2799 2748 2895 2801 καὶ
2923 2749 3176 2819 ὄρειάδας
3199 2769 3214 2783 ·
3260 2752 3378 2806 ἀλλ’
3404 2752 3506 2808 οῦκ
3542 2757 3677 2822 εἱσι,
3707 2758 3895 2830 φησὶν,

2292 2836 2393 2907 οὐχ
2425 2839 2508 2892 ὅτι
2539 2838 2615 2910 μὴ
2656 2839 2997 2913 ὑπάρχουσιν
3050 2845 3100 2896 oi
3152 2843 3420 2917 ἀλιτήριοι
3448 2847 3750 2917 ’δαίμονες,
3783 2849 3908 2907 ἀλλ’

2292 2927 2376 2982 ὅτι
2404 2928 2519 2984 θεοὶ
2548 2930 2750 3001 μᾶλλον
2786 2931 2886 2987 οῦκ
2939 2930 3069 3001 ὲίσι,
3120 2937 3264 2992 κατά
3284 2954 3349 3007 γε
3372 2937 3474 3002 τὰς
3510 2939 3623 2992 τῶν
3654 2939 3898 2996 θυόντων

2293 3020 2478 3085 αὐτοῖς
2509 3023 2787 3087 ὑπονοίας.
2819 3023 3020 3079 ΙἘθυον
3043 3026 3101 3081 δὲ
3138 3028 3234 3082 καὶ
3269 3030 3327 3083 ὲν
3360 3030 3643 3101 μνήμασι,
3686 3034 3786 3087 καὶ
3840 3036 3897 3090 ἐν

2293 3109 2600 3181 σπηλαίοις,
2613 3114 3039 3185 νεκυομαντείας
3051 3116 3152 3181 τὰς
3167 3117 3333 3172 καλου
3341 3118 3509 3189 μένας
3539 3122 3897 3192 ἐπιτηδεύον-

600 3210 846 3265 notitiam
907 3225 1087 3267 rerum
1141 3210 1449 3268 futurarum
1512 3213 1852 3285 indagantes.
1910 3213 2188 3282 Ejusmodi

2291 3220 2383 3268 τες
2434 3203 2579 3259 κατά
2607 3204 2670 3259 τδ
2716 3205 2882 3271 είκός.
2918 3204 3252 3278 Ἐκοιμῶντο
3300 3207 3360 3263 δὲ
3385 3212 3481 3267 καὶ
3504 3214 3564 3266 ἐν
3587 3214 3893 3286 μνήμασιν,

599 3312 729 3359 sunt
770 3304 915 3360 enim
963 3303 1258 3375 impietatis
1299 3302 1613 3361 Grecorum
1662 3304 1902 3379 inventa.
1935 3305 2192 3361 Calcasse

601 3404 782 3450 autem
827 3408 923 3451 eos
960 3409 1178 3465 quoque
1216 3394 1350 3465 legis
1391 3402 1695 3466 praecepta,
1728 3395 2063 3450 demonstrat
2108 3395 2194 3450 in-

600 3490 794 3557 quiens
841 3504 857 3540 :
915 3504 936 3539 t
989 3486 1293 3541 Comedunt
1334 3500 1529 3541 carnes
1578 3484 1783 3542 suillas.
1838 3503 1859 3538 ι
1912 3484 2193 3541 interdixit

600 3579 747 3635 enim
777 3579 891 3632 haec
923 3576 1201 3633 lsraelitis.
1233 3575 1614 3632 Absorbebant
1642 3577 1809 3631 etiam
1846 3577 1938 3644 jus
1982 3576 2192 3632 sacriﬁ-

600 3669 829 3737 ciorum,
855 3669 1001 3724 omni
1040 3667 1351 3739 impuritate
1381 3666 1593 3734 repleti,
1624 3668 1813 3723 sordes
1853 3682 1958 3722 non
2004 3667 2192 3722 eluen-

600 3762 700 3816 das
740 3759 1034 3826 habentes,
1063 3766 1316 3830 putantes
1359 3757 1556 3815 deinde
1591 3757 1659 3813 ad
1701 3773 1973 3814 summum
2013 3760 2190 3816 omnis

599 3848 850 3925 puritatis
903 3852 1129 3922 gradum
1162 3865 1222 3907 se
1269 3851 1602 3921 pervenisse,
1652 3850 1791 3906 adeo
1840 3860 1900 3907 ut
1946 3852 2191 3909 dicerent

600 3945 1032 4016 appropinquare
1062 3942 1387 4008 volentibus,
1416 3940 1587 4015 894
1633 3956 1653 3995 t
1704 3942 1888 4013 Longe
1918 3959 1948 3997 a
1981 3958 2089 4009 me,
2121 3959 2189 4000 ne

599 4038 1001 4108 appropinques
1029 4037 1186 4103 mihi,
1215 4037 1341 4107 quia
1374 4050 1542 4107 purus
1572 4051 1714 4090 sum.
1752 4054 1771 4089 ι
1813 4037 1930 4093 Mali
1960 4037 2103 4093 enim
2134 4047 2191 4094 et

599 4130 798 4200 itnpuri
845 4130 1139 4194 dtcmones,
1176 4129 1508 4198 persuadent
1557 4128 1643 4184 his
1691 4129 1781 4197 qui
1831 4143 1889 4184 se
1936 4129 2185 4196 adorant,

599 4223 741 4291 quod
779 4221 879 4276 etsi
924 4220 1105 4276 omnia
1149 4229 1346 4290 prater
1383 4234 1596 4290 aequum
1643 4226 1698 4274 et
1742 4218 1942 4275 bonum
1973 4228 2183 4291 .agaut,

598 4312 710 4369 imo
760 4313 921 4367 etiam
974 4327 1061 4366 res
1107 4312 1601 4382 inquinatissimas,
1648 4310 1816 4366 futuri
1867 4311 1977 4366 siut
2026 4310 2183 4382 puri,

599 4404 721 4459 face
747 4403 853 4458 illis
879 4403 1228 4473 praelucente,
1251 4413 1305 4456 et
1333 4403 1457 4472 igne
1484 4404 1882 4469 circumeunte,
1908 4402 1992 4458 vel
2022 4404 2186 4459 etiam

599 4510 861 4565 aquarum
894 4494 1250 4562 abstersione,
1277 4505 1331 4550 et
1361 4494 1562 4550 fabulis
1589 4494 1824 4550 anilibus
1855 4495 2188 4550 incantanti-

2293 3293 2771 3367 ὀνειροπομπείοις
2818 3295 2931 3351 τισὶ
2959 3299 3055 3353 καὶ
3088 3299 3370 3371 φάσμασιν
3392 3302 3766 3372 ἀπατώμενοι,
3795 3310 3894 3361 καὶ

2291 3385 2401 3442 τῶν
2424 3388 2702 3459 ἐσομένων
2716 3388 3307 3462 πολυπραγμονοῦντες
3326 3394 3426 3467 τὴν
3446 3395 3665 3465 γνῶσιν,
3695 3396 3894 3453 Τοιαῦ-

2289 3493 2359 3531 τα
2388 3477 2497 3549 γάρ
2526 3477 2650 3543 πώς
2696 3480 2802 3533 εἱσι
2827 3480 2928 3550 τῆς
2957 3481 3067 3537 τῶν
3108 3482 3378 3555 Ἐλλήνων
3419 3486 3769 3559 ἀνοσιότητος
3818 3490 3892 3544 τὰ

2291 3563 2602 3642 εὑρήματα.
2648 3572 2771 3626 Ὅτι
2800 3573 2859 3627 δὲ
2886 3574 2979 3629 καὶ
3005 3575 3108 3648 τὴν
3158 3576 3257 3631 τοῦ
3290 3578 3444 3649 νόμου
3489 3582 3893 3648 πεπατὴκασιν

2290 3663 2532 3736 ἐντολὴν,
2567 3663 2928 3722 διαδείκνυσιν
2943 3666 3133 3735 εἰπὼν,
3158 3689 3178 3723 t
3201 3671 3490 3736 Ἐσθίοντες
3503 3672 3643 3743 κρέα
3672 3673 3825 3729 ﬁcta:
3860 3696 3883 3729 ι

2290 3756 2560 3833 ἀπείρητο
2595 3757 2706 3831 γὰρ
2743 3758 2811 3813 τὰ
2840 3760 3018 3815 τοιάδε
3042 3765 3157 3828 τοῖς
3182 3763 3241 3833 ἐξ
3286 3765 3520 3837 Ἰσραήλ-
3554 3767 3887 3840 ὲξερρόφουν

2288 3847 2347 3903 δὲ
2372 3849 2467 3903 καὶ
2492 3850 2712 3922 ζωμοῦς
2744 3851 2968 3919 θυσιῶν,
3017 3853 3240 3925 ἀπάσης
3273 3858 3615 3930 ἀκαθαρσίας
3647 3858 3886 3931 ἀναπιμ·

2290 3941 2576 4013 πλάμενοι,
2603 3943 2699 3997 καὶ
2745 3943 3183 4018 δυσαπότριπτον
3205 3948 3420 4020 ἔχοντες
3441 3950 3721 4022 μολυσμὰν
3735 3971 3747 3983 ·
3765 3952 3881 4007 εἶτα

2289 4032 2622 4104 νομίζοντες,
2655 4035 2737 4089 ὅτι
2769 4038 2864 4090 καὶ
2893 4039 2976 4101 είς
3010 4039 3163 4110 λῆξιν
3195 4041 3417 4114 ἀπάσης
3461 4042 3759 4116 ὲληλάκασι
3786 4062 3882 4098 κα-

2290 4123 2610 4197 θαρότητος,
2643 4125 2784 4182 ὥστε
2814 4129 2909 4183 καὶ
2934 4128 3115 4198 λέγειν
3134 4135 3248 4196 τοῖς
3269 4134 3438 4202 ἐγγὺς
3469 4129 3611 4188 εἶναι
3641 4134 3885 4193 θέλουσιν

2289 4215 2470 4270 αὐτῶν
2500 4234 2514 4249 ο
2555 4235 2573 4269 ι
2618 4218 2814 4290 Πὸρῤω
2844 4220 2942 4275 ἀπ’
2971 4220 3129 4292 ἐμοῦ,
3166 4223 3243 4294 μὴ
3267 4225 3493 4297 ὲγγίσῃς
3522 4244 3612 4296 μοι
3634 4268 3649 4290 ,
3676 4227 3757 4280 ὅτι
3786 4246 3884 4280 και

2289 4305 2456 4378 θαρός
2486 4308 2623 4378 είμι.
2660 4326 2678 4360 ι
2702 4309 2765 4363 Ol
2792 4310 2902 4382 γὰρ
2935 4315 3163 4383 πονηροὶ
3192 4315 3288 4366 καὶ
3310 4315 3617 4388 ἀκάθαρτοι
3634 4317 3884 4389 δαίμονες

2289 4397 2643 4453 ἀναπείθουσι
2681 4404 2898 4474 φρονεῖν
2937 4403 3065 4469 τοὺς
3105 4406 3549 4474 προσκυνοῦντας
3577 4408 3782 4473 αὐτοῖς,
3802 4410 3883 4463 ὅτι

2290 4489 2470 4543 πάντα
2492 4490 2747 4561 δρῶντες,
2777 4493 2872 4546 καὶ
2886 4493 2956 4546 τά
2990 4494 3132 4567 πέρα
3160 4497 3349 4566 νόμου,
3380 4500 3477 4551 καὶ
3509 4501 3697 4571 πάσης
3715 4502 3885 4554 ἐπιει-

598 4589 721 4646 bus.
747 4587 1013 4642 Crterum
1042 4586 1160 4642 haec
1185 4588 1387 4653 omnia,
1419 4587 1615 4659 inquit,
1645 4587 1810 4657 impie
1839 4596 1894 4642 et
1920 4585 2187 4658 ﬂagitiose

2294 4580 2469 4645 κείας,
2499 4581 2698 4651 μᾶλλον
2728 4582 2783 4635 δὲ
2803 4583 2875 4637 τὰ
2893 4586 2973 4648 εἰς
2994 4586 3161 4658 ἀκρον
3181 4588 3385 4658 ἥκοντα
3415 4566 3720 4663 μολυσμοῦ,
3737 4591 3885 4646 ἔσον-

598 4680 667 4734 ab
711 4679 815 4734 illis
851 4689 1188 4749 perpetrata,
1225 4698 1244 4731 ‹
1300 4679 1503 4736 Fumus
1549 4688 1675 4734 sunt
1720 4677 1922 4734 furoris
1971 4680 2100 4745 mei,
2130 4690 2187 4734 et

596 4771 740 4842 ignis
772 4769 925 4826 ardet
957 4770 1011 4826 in
1045 4785 1112 4825 eo
1141 4771 1391 4827 omnibus
1421 4770 1633 4826 diebus.
1674 4788 1693 4821 ι
1735 4768 1951 4825 Scimus
1980 4778 2185 4836 autem,

597 4879 726 4918 cum
765 4863 907 4930 ignis
951 4862 1326 4918 accendendus
1368 4871 1481 4929 est,
1525 4861 1730 4918 exoriri
1776 4861 1928 4930 prius
1978 4860 2177 4917 fumos.

597 4951 784 5022 itaque
823 4959 948 5007 ante
986 4950 1296 5007 Servatoris
1335 4952 1646 5017 adventum,
1673 4966 1796 5007 cum
1843 4951 1897 5007 in
1935 4950 2187 5009 sordibus

596 5050 937 5106 versaretur,
965 5056 1125 5111 quem
1157 5041 1316 5097 modo
1344 5042 1611 5111 diximus,
1646 5041 1841 5109 ISrael,
1873 5042 2016 5098 velut
2045 5042 2179 5098 fumi

597 5133 815 5204 quidam
847 5142 903 5189 et
932 5134 1083 5190 initia
1116 5135 1312 5190 divina:
1346 5134 1440 5190 ira:
1471 5142 1857 5204 apparuerunt.
1889 5134 2180 5205 Postquam
2230 5150 2241 5151 ί

595 5240 727 5281 vero
772 5226 1044 5297 prioribus
1084 5227 1198 5284 suis
1238 5227 1609 5297 impietatibus
1652 5225 1976 5283 addiderunt
2016 5226 2182 5283 etiam

595 5317 1072 5374 debacchationem
1114 5318 1167 5374 in
1209 5318 1383 5388 ipsum
1417 5318 1794 5375 universorum
1838 5321 2185 5377 Servatorem

595 5418 651 5461 et
699 5405 1117 5478 Redemptorem
1177 5428 1190 5463 :
1248 5407 1641 5466 interfecerunt
1685 5412 1829 5467 enim
1881 5410 2185 5483 principem

596 5496 721 5552 vita:
744 5500 813 5564 ",
846 5498 997 5555 furor
1035 5499 1230 5557 deinde
1272 5516 1535 5558 accensus
1574 5512 1680 5571 est,
1714 5512 1769 5560 et
1813 5503 1865 5560 in
1910 5502 2183 5560 ﬂammam

596 5588 994 5658 quodammodo
1025 5590 1157 5648 l’umi
1189 5593 1438 5651 conversi
1464 5603 1607 5652 sunt.

2282 4688 2375 4726 ται
2419 4672 2672 4745 καθαροὶ,
2706 4674 2862 4747 δᾳδὸς
2917 4678 3186 4750 ἀφθείσης
3224 4680 3355 4752 παρ’
3405 4682 3500 4756 [aL
3536 4683 3650 4756 ἐπ’]
3682 4686 3883 4750 αὐτοῖς,

2284 4763 2378 4817 καὶ
2409 4764 2593 4837 κύκλῳ
2624 4767 2795 4839 πυρὸς
2821 4770 3190 4842 περιθέοντες,
3225 4773 3258 4845 ἢ
3287 4775 3430 4847 τάχα
3468 4795 3597 4842 που,
3630 4781 3727 4833 καὶ
3755 4780 3889 4834 ὓδα-

2282 4873 2375 4920 τος
2415 4858 2852 4929 ραντισμοῦ,καὶ
2887 4862 3218 4933 μυθολογίας
3258 4868 3654 4940 γραοπρεποῦς
3689 4871 3885 4942 ἐπᾳδο-

2287 4948 2452 5019 μένης
2475 4949 2677 5014 αὐτοῖς.
2697 4951 2858 5006 Ἀλλὰ
2884 4955 3041 5008 ταυτὶ
3066 4955 3364 5026 σύμπαντα
3395 4962 3558 5031 φησὶ,
3594 4962 3667 5015 τά
3690 4963 3890 5018 δυσσε-

2289 5039 2399 5105 ϐῶς
2420 5058 2479 5094 τε
2508 5043 2604 5096 καὶ
2630 5045 2862 5110 ἀνοσίως
2903 5051 3033 5119 παρ’
3065 5049 3245 5103 αὐτῶν
3273 5053 3565 5121 γεγονότα·
3599 5072 3621 5106 t
3661 5056 3892 5120 Καπνὸς

2288 5134 2395 5187 είσι
2446 5132 2541 5188 τοῦ
2574 5135 2749 5206 θυμοῦ
2782 5155 2906 5208 μου,
2935 5141 3030 5194 καὶ
3064 5141 3175 5216 πῦρ
3190 5144 3404 5198 καίεται
3430 5147 3491 5200 ὲν
3524 5146 3679 5217 αὐτῷ
3707 5149 3892 5212 πάσας

2288 5224 2390 5290 τὰς
2415 5226 2646 5298 ἡμέρας.
2694 5249 2712 5281 ι
2747 5232 2936 5303 ἰσμεν
2957 5233 3039 5300 δὲ,
3077 5236 3158 5289 ὅτι
3182 5236 3354 5309 πυρὸς
3391 5237 3730 5303 ἐξάπτεσθαι
3761 5241 3893 5311 μὲλ-

2289 5317 2470 5385 λοντος
2496 5323 2881 5395 προανίσχουσι
2913 5328 3131 5381 καπνοί.
3161 5329 3373 5385 Οὐκοῦν
3401 5330 3510 5403 πρὸ
3543 5334 3645 5402 μὲν
3668 5334 3772 5407 τῆς
3798 5333 3893 5389 τοῦ

2288 5411 2542 5485 Σωτῆρος
2571 5415 2888 5489 ἐπιδημίας,
2930 5419 2988 5474 ὲν
3022 5420 3319 5493 μολυσμοῖς
3347 5422 3500 5488 ὄντος
3533 5426 3655 5490 τοῖς
3683 5426 3893 5497 ἀρτίως

2287 5503 2420 5574 ἡμῖν
2466 5506 2783 5578 εἰρημένοις
2833 5508 2928 5564 τοῦ
2980 5511 3217 5583 Ἰσραὴλ,
3250 5515 3447 5569 καπνοί
3495 5533 3647 5581 τινες
3674 5516 3891 5588 ὥσπερ,

2288 5595 2382 5648 καὶ
2416 5596 2581 5669 ἀρχαὶ
2606 5600 2703 5671 τῆς
2734 5599 2885 5666 θείας
2915 5601 3086 5681 ὀργῆς
3136 5605 3505 5673 ἀνεφαίνοντο.
3578 5608 3805 5681 Ἐπειδὴ
3833 5607 3891 5664 δὲ

675 5760 717 5792 δ’
759 5757 861 5814 lsa.
892 5776 987 5827 ιιι,
1022 5765 1076 5818 6.
1151 5767 1194 5798 ‘°
1223 5765 1333 5823 Jer.
1368 5782 1442 5837 xl,
1478 5767 1557 5823 l5.
1636 5769 1677 5802 ⁵¹
1712 5769 1849 5827 Osce
1883 5787 1954 5841 tv,
1997 5773 2081 5828 l5.
2163 5775 2207 5809 "
2239 5776 2359 5831 Act.
2399 5789 2478 5841 ill,
2516 5776 2593 5831 l5.
