  <div class='ocr_page' id='page_1' title='image "/cluster/home/n/w/nwhite01/storage/ocr_20150623/70/mdp.39015078384453/712.png"; bbox 0 0 4112 6292; ppageno 0'>
   <div class='ocr_carea' id='block_1_1' title="bbox 336 316 1960 378">
    <p class='ocr_par' dir='ltr' id='par_1_1' title="bbox 336 316 1940 378">
     <span class='ocr_line' id='line_1_1' title="bbox 336 316 1940 378; baseline 0.003 -5"><span class='ocrx_word' id='word_1_1' title='bbox 336 316 476 373; x_wconf 72' lang='grc'><strong>1409</strong></span> <span class='ocrx_word' id='word_1_2' title='bbox 1429 319 1497 374; x_wconf 82' lang='grc' dir='ltr'><strong>ΙΝ</strong></span> <span class='ocrx_word' id='word_1_3' title='bbox 1536 317 1767 376; x_wconf 73' lang='lat' dir='ltr'><strong>ISAIAM</strong></span> <span class='ocrx_word' id='word_1_4' title='bbox 1808 320 1940 378; x_wconf 80' lang='lat' dir='ltr'><strong>LIB.</strong></span> 
     </span>
    </p>
   </div>
   <div class='ocr_carea' id='block_1_2' title="bbox 1975 316 3599 378">
    <p class='ocr_par' dir='ltr' id='par_1_2' title="bbox 1984 316 3599 378">
     <span class='ocr_line' id='line_1_2' title="bbox 1984 316 3599 378; baseline 0 0"><span class='ocrx_word' id='word_1_5' title='bbox 1984 320 2048 378; x_wconf 76' lang='grc' dir='ltr'><strong>ν.</strong></span> <span class='ocrx_word' id='word_1_6' title='bbox 2091 316 2331 378; x_wconf 76' lang='lat' dir='ltr'><strong>TOMUS</strong></span> <span class='ocrx_word' id='word_1_7' title='bbox 2371 322 2464 378; x_wconf 64' lang='grc' dir='ltr'><strong>γι.</strong></span> <span class='ocrx_word' id='word_1_8' title='bbox 3460 320 3599 378; x_wconf 70' lang='lat' dir='ltr'><strong>“l0</strong></span> 
     </span>
    </p>
   </div>
   <div class='ocr_carea' id='block_1_3' title="bbox 334 431 3599 512">
    <p class='ocr_par' dir='ltr' id='par_1_3' title="bbox 334 431 3599 512">
     <span class='ocr_line' id='line_1_3' title="bbox 334 431 3599 512; baseline 0.001 -25"><span class='ocrx_word' id='word_1_9' title='bbox 334 437 451 497; x_wconf 76' lang='grc' dir='ltr'><strong>ταῖς</strong></span> <span class='ocrx_word' id='word_1_10' title='bbox 508 433 798 505; x_wconf 78' lang='grc' dir='ltr'><strong>προτέραις</strong></span> <span class='ocrx_word' id='word_1_11' title='bbox 846 434 1054 489; x_wconf 79' lang='grc' dir='ltr'><strong>ἑαυτῶν</strong></span> <span class='ocrx_word' id='word_1_12' title='bbox 1085 434 1423 499; x_wconf 75' lang='grc' dir='ltr'><strong>δυσσεϐείαις</strong></span> <span class='ocrx_word' id='word_1_13' title='bbox 1464 441 1909 511; x_wconf 80' lang='grc' dir='ltr'><strong>προσεπήγαγον,</strong></span> <span class='ocrx_word' id='word_1_14' title='bbox 1950 442 2041 495; x_wconf 72' lang='grc' dir='ltr'><strong>καὶ</strong></span> <span class='ocrx_word' id='word_1_15' title='bbox 2074 441 2170 512; x_wconf 77' lang='grc' dir='ltr'><strong>τὴν</strong></span> <span class='ocrx_word' id='word_1_16' title='bbox 2224 441 2303 506; x_wconf 81' lang='grc' dir='ltr'><strong>εἰς</strong></span> <span class='ocrx_word' id='word_1_17' title='bbox 2369 437 2532 493; x_wconf 76' lang='grc' dir='ltr'><strong>αὐτὸν</strong></span> <span class='ocrx_word' id='word_1_18' title='bbox 2599 440 2885 512; x_wconf 80' lang='grc' dir='ltr'><strong>παροινίαν</strong></span> <span class='ocrx_word' id='word_1_19' title='bbox 2928 436 3021 493; x_wconf 72' lang='grc' dir='ltr'><strong>τὸν</strong></span> <span class='ocrx_word' id='word_1_20' title='bbox 3052 438 3161 492; x_wconf 83' lang='grc' dir='ltr'><strong>τῶν</strong></span> <span class='ocrx_word' id='word_1_21' title='bbox 3194 437 3333 492; x_wconf 84' lang='grc' dir='ltr'><strong>ὅλων</strong></span> <span class='ocrx_word' id='word_1_22' title='bbox 3368 431 3599 512; x_wconf 77' lang='grc' dir='ltr'><strong>Σωτῆρα</strong></span> 
     </span>
    </p>
   </div>
   <div class='ocr_carea' id='block_1_4' title="bbox 334 527 3603 605">
    <p class='ocr_par' dir='ltr' id='par_1_4' title="bbox 334 527 3603 605">
     <span class='ocr_line' id='line_1_4' title="bbox 334 527 3603 605; baseline 0.001 -26"><span class='ocrx_word' id='word_1_23' title='bbox 334 527 429 579; x_wconf 74' lang='grc' dir='ltr'><strong>καὶ</strong></span> <span class='ocrx_word' id='word_1_24' title='bbox 472 528 788 597; x_wconf 83' lang='grc' dir='ltr'><strong>Λυτρωτήν·</strong></span> <span class='ocrx_word' id='word_1_25' title='bbox 856 528 1186 581; x_wconf 79' lang='grc' dir='ltr'><strong>ἀπεκτόνασι</strong></span> <span class='ocrx_word' id='word_1_26' title='bbox 1235 528 1344 601; x_wconf 79' lang='grc' dir='ltr'><strong>γὰρ</strong></span> <span class='ocrx_word' id='word_1_27' title='bbox 1391 530 1481 583; x_wconf 83' lang='grc' dir='ltr'><strong>τὸν</strong></span> <span class='ocrx_word' id='word_1_28' title='bbox 1523 532 1764 604; x_wconf 80' lang='grc' dir='ltr'><strong>ἀρχηγὸν</strong></span> <span class='ocrx_word' id='word_1_29' title='bbox 1808 534 1911 604; x_wconf 80' lang='grc' dir='ltr'><strong>τῆς</strong></span> <span class='ocrx_word' id='word_1_30' title='bbox 1976 534 2140 605; x_wconf 78' lang='grc' dir='ltr'><strong>ζωῆς,</strong></span> <span class='ocrx_word' id='word_1_31' title='bbox 2188 533 2393 605; x_wconf 78' lang='grc' dir='ltr'><strong>ἐξήφθη</strong></span> <span class='ocrx_word' id='word_1_32' title='bbox 2432 532 2614 585; x_wconf 75' lang='grc' dir='ltr'><strong>λοιπὸν</strong></span> <span class='ocrx_word' id='word_1_33' title='bbox 2669 533 2699 585; x_wconf 86' lang='grc' dir='ltr'>ὁ</span> <span class='ocrx_word' id='word_1_34' title='bbox 2731 531 2922 603; x_wconf 75' lang='grc' dir='ltr'><strong>θυμὸς,</strong></span> <span class='ocrx_word' id='word_1_35' title='bbox 2960 531 3055 584; x_wconf 72' lang='grc' dir='ltr'><strong>καὶ</strong></span> <span class='ocrx_word' id='word_1_36' title='bbox 3080 534 3158 594; x_wconf 88' lang='grc' dir='ltr'><strong>είς</strong></span> <span class='ocrx_word' id='word_1_37' title='bbox 3192 530 3365 601; x_wconf 82' lang='grc' dir='ltr'><strong>φλόγα</strong></span> <span class='ocrx_word' id='word_1_38' title='bbox 3400 530 3603 602; x_wconf 79' lang='grc' dir='ltr'><strong>τρόπον</strong></span> 
     </span>
    </p>
   </div>
   <div class='ocr_carea' id='block_1_5' title="bbox 334 616 2919 688">
    <p class='ocr_par' dir='ltr' id='par_1_5' title="bbox 334 616 2919 688">
     <span class='ocr_line' id='line_1_5' title="bbox 334 616 2919 688; baseline 0.005 -19"><span class='ocrx_word' id='word_1_39' title='bbox 334 616 454 672; x_wconf 78' lang='grc' dir='ltr'><strong>τινὰ</strong></span> <span class='ocrx_word' id='word_1_40' title='bbox 484 619 822 688; x_wconf 68' lang='grc' dir='ltr'><strong>μετέστησαν</strong></span> <span class='ocrx_word' id='word_1_41' title='bbox 846 621 893 672; x_wconf 77' lang='lat' dir='ltr'><strong>oi</strong></span> <span class='ocrx_word' id='word_1_42' title='bbox 923 618 1135 673; x_wconf 79' lang='grc' dir='ltr'><strong>καπνοί.</strong></span> <span class='ocrx_word' id='word_1_43' title='bbox 2916 642 2919 645; x_wconf 81' lang='lat'>‘</span> 
     </span>
    </p>
   </div>
   <div class='ocr_carea' id='block_1_6' title="bbox 413 709 2037 790">
    <p class='ocr_par' dir='ltr' id='par_1_6' title="bbox 413 709 1986 790">
     <span class='ocr_line' id='line_1_6' title="bbox 413 709 1986 790; baseline 0.005 -27"><span class='ocrx_word' id='word_1_44' title='bbox 413 709 568 767; x_wconf 84' lang='grc' dir='ltr'><strong>Ἰδοὺ</strong></span> <span class='ocrx_word' id='word_1_45' title='bbox 589 711 906 779; x_wconf 58' lang='grc' dir='ltr'><strong>γέγραπται</strong></span> <span class='ocrx_word' id='word_1_46' title='bbox 937 709 1193 764; x_wconf 80' lang='grc' dir='ltr'><strong>ἐνώπιόν</strong></span> <span class='ocrx_word' id='word_1_47' title='bbox 1209 728 1349 781; x_wconf 80' lang='grc' dir='ltr'><strong>μου·</strong></span> <span class='ocrx_word' id='word_1_48' title='bbox 1379 715 1461 767; x_wconf 87' lang='grc' dir='ltr'><strong>Οὐ</strong></span> <span class='ocrx_word' id='word_1_49' title='bbox 1495 715 1783 783; x_wconf 76' lang='grc' dir='ltr'><strong>σιωπήσω</strong></span> <span class='ocrx_word' id='word_1_50' title='bbox 1803 716 1914 785; x_wconf 77' lang='grc' dir='ltr'><strong>ἕως</strong></span> <span class='ocrx_word' id='word_1_51' title='bbox 1942 736 1986 790; x_wconf 73' lang='grc' dir='ltr'>Α</span> 
     </span>
    </p>
   </div>
   <div class='ocr_carea' id='block_1_7' title="bbox 1973 709 3597 790">
    <p class='ocr_par' dir='ltr' id='par_1_7' title="bbox 1973 712 3597 790">
     <span class='ocr_line' id='line_1_7' title="bbox 1973 712 3597 790; baseline 0.001 -25"><span class='ocrx_word' id='word_1_52' title='bbox 1973 755 1986 790; x_wconf 45' lang='grc' dir='ltr'>λ</span> <span class='ocrx_word' id='word_1_53' title='bbox 2087 717 2250 769; x_wconf 68' lang='lat' dir='ltr'><strong>Vsus.</strong></span> <span class='ocrx_word' id='word_1_54' title='bbox 2288 714 2352 777; x_wconf 87' lang='grc'><strong>6,</strong></span> <span class='ocrx_word' id='word_1_55' title='bbox 2383 714 2432 770; x_wconf 89' lang='lat'><strong>7.</strong></span> <span class='ocrx_word' id='word_1_56' title='bbox 2470 712 2605 767; x_wconf 81' lang='lat' dir='ltr'><strong>Ecce</strong></span> <span class='ocrx_word' id='word_1_57' title='bbox 2639 714 2885 779; x_wconf 66' lang='lat' dir='ltr'><strong>scriptum</strong></span> <span class='ocrx_word' id='word_1_58' title='bbox 2919 721 2993 765; x_wconf 83' lang='lat' dir='ltr'><strong>est</strong></span> <span class='ocrx_word' id='word_1_59' title='bbox 3030 712 3086 764; x_wconf 86' lang='lat' dir='ltr'><strong>in</strong></span> <span class='ocrx_word' id='word_1_60' title='bbox 3122 721 3399 780; x_wconf 77' lang='lat' dir='ltr'><strong>conspectu</strong></span> <span class='ocrx_word' id='word_1_61' title='bbox 3431 729 3545 769; x_wconf 87' lang='lat' dir='ltr'><strong>meo</strong></span> <span class='ocrx_word' id='word_1_62' title='bbox 3577 728 3597 766; x_wconf 90' lang='lat'><strong><em>:</em></strong></span> 
     </span>
    </p>
   </div>
   <div class='ocr_carea' id='block_1_8' title="bbox 332 798 1956 874">
    <p class='ocr_par' dir='ltr' id='par_1_8' title="bbox 332 798 1911 874">
     <span class='ocr_line' id='line_1_8' title="bbox 332 798 1911 874; baseline 0.001 -10"><span class='ocrx_word' id='word_1_63' title='bbox 332 810 410 863; x_wconf 73' lang='grc' dir='ltr'><strong>ἂν</strong></span> <span class='ocrx_word' id='word_1_64' title='bbox 434 806 657 870; x_wconf 74' lang='grc' dir='ltr'><strong>ἀποδῶ,</strong></span> <span class='ocrx_word' id='word_1_65' title='bbox 681 807 777 860; x_wconf 68' lang='grc' dir='ltr'><strong>καὶ</strong></span> <span class='ocrx_word' id='word_1_66' title='bbox 796 806 1198 860; x_wconf 66' lang='grc' dir='ltr'><strong>ἀνταποδώσω</strong></span> <span class='ocrx_word' id='word_1_67' title='bbox 1218 811 1304 874; x_wconf 85' lang='grc' dir='ltr'><strong>εἰς</strong></span> <span class='ocrx_word' id='word_1_68' title='bbox 1323 808 1430 863; x_wconf 86' lang='grc' dir='ltr'><strong>τὸν</strong></span> <span class='ocrx_word' id='word_1_69' title='bbox 1451 798 1684 865; x_wconf 60' lang='grc' dir='ltr'><strong>κόλῗττον</strong></span> <span class='ocrx_word' id='word_1_70' title='bbox 1712 812 1911 867; x_wconf 84' lang='grc' dir='ltr'><strong>αὐτῶν</strong></span> 
     </span>
    </p>
   </div>
   <div class='ocr_carea' id='block_1_9' title="bbox 1972 798 3596 874">
    <p class='ocr_par' dir='ltr' id='par_1_9' title="bbox 2019 802 3596 869">
     <span class='ocr_line' id='line_1_9' title="bbox 2019 802 3596 869; baseline -0.003 -8"><span class='ocrx_word' id='word_1_71' title='bbox 2019 805 2144 861; x_wconf 80' lang='lat' dir='ltr'><strong>Non</strong></span> <span class='ocrx_word' id='word_1_72' title='bbox 2193 804 2394 869; x_wconf 83' lang='lat' dir='ltr'><strong>tacebo,</strong></span> <span class='ocrx_word' id='word_1_73' title='bbox 2428 805 2592 857; x_wconf 87' lang='lat' dir='ltr'><strong>donec</strong></span> <span class='ocrx_word' id='word_1_74' title='bbox 2636 805 2851 857; x_wconf 81' lang='lat' dir='ltr'><strong>reddam</strong></span> <span class='ocrx_word' id='word_1_75' title='bbox 2897 812 2947 855; x_wconf 87' lang='lat' dir='ltr'><strong>et</strong></span> <span class='ocrx_word' id='word_1_76' title='bbox 2995 802 3281 856; x_wconf 85' lang='lat' dir='ltr'><strong>retribuam</strong></span> <span class='ocrx_word' id='word_1_77' title='bbox 3327 803 3381 856; x_wconf 87' lang='lat' dir='ltr'><strong>in</strong></span> <span class='ocrx_word' id='word_1_78' title='bbox 3425 804 3596 857; x_wconf 75' lang='lat' dir='ltr'><strong>sinum</strong></span> 
     </span>
    </p>
   </div>
   <div class='ocr_carea' id='block_1_10' title="bbox 330 891 1954 965">
    <p class='ocr_par' dir='ltr' id='par_1_10' title="bbox 330 891 1906 965">
     <span class='ocr_line' id='line_1_10' title="bbox 330 891 1906 965; baseline 0.001 -15"><span class='ocrx_word' id='word_1_79' title='bbox 330 898 437 963; x_wconf 83' lang='grc' dir='ltr'><strong>τὰς</strong></span> <span class='ocrx_word' id='word_1_80' title='bbox 477 895 764 965; x_wconf 75' lang='grc' dir='ltr'><strong>ἁμαρτίας</strong></span> <span class='ocrx_word' id='word_1_81' title='bbox 811 891 1031 957; x_wconf 80' lang='grc' dir='ltr'><strong>αὐτῶν,</strong></span> <span class='ocrx_word' id='word_1_82' title='bbox 1073 894 1174 948; x_wconf 75' lang='grc' dir='ltr'><strong>καὶ</strong></span> <span class='ocrx_word' id='word_1_83' title='bbox 1221 895 1338 949; x_wconf 84' lang='grc' dir='ltr'><strong>τῶν</strong></span> <span class='ocrx_word' id='word_1_84' title='bbox 1377 897 1647 965; x_wconf 79' lang='grc' dir='ltr'><strong>πατέρων</strong></span> <span class='ocrx_word' id='word_1_85' title='bbox 1689 896 1906 963; x_wconf 83' lang='grc' dir='ltr'><strong>αὐτῶν,</strong></span> 
     </span>
    </p>
   </div>
   <div class='ocr_carea' id='block_1_11' title="bbox 1970 891 3594 965">
    <p class='ocr_par' dir='ltr' id='par_1_11' title="bbox 2012 893 3594 964">
     <span class='ocr_line' id='line_1_11' title="bbox 2012 893 3594 964; baseline -0.003 -12"><span class='ocrx_word' id='word_1_86' title='bbox 2012 914 2191 952; x_wconf 85' lang='lat' dir='ltr'><strong>eorum</strong></span> <span class='ocrx_word' id='word_1_87' title='bbox 2216 905 2425 964; x_wconf 80' lang='lat' dir='ltr'><strong>peccata</strong></span> <span class='ocrx_word' id='word_1_88' title='bbox 2453 911 2570 957; x_wconf 76' lang='lat' dir='ltr'><strong>sua,</strong></span> <span class='ocrx_word' id='word_1_89' title='bbox 2593 906 2640 948; x_wconf 85' lang='lat' dir='ltr'><strong>et</strong></span> <span class='ocrx_word' id='word_1_90' title='bbox 2665 904 2878 961; x_wconf 84' lang='lat' dir='ltr'><strong>patrum</strong></span> <span class='ocrx_word' id='word_1_91' title='bbox 2903 908 3139 956; x_wconf 86' lang='lat' dir='ltr'><strong>suorum,</strong></span> <span class='ocrx_word' id='word_1_92' title='bbox 3164 895 3291 946; x_wconf 84' lang='lat' dir='ltr'><strong>dicit</strong></span> <span class='ocrx_word' id='word_1_93' title='bbox 3318 893 3594 948; x_wconf 76' lang='lat' dir='ltr'><strong>Dominus.</strong></span> 
     </span>
    </p>
   </div>
   <div class='ocr_carea' id='block_1_12' title="bbox 329 983 1953 1058">
    <p class='ocr_par' dir='ltr' id='par_1_12' title="bbox 329 983 1909 1058">
     <span class='ocr_line' id='line_1_12' title="bbox 329 983 1909 1058; baseline 0.001 -16"><span class='ocrx_word' id='word_1_94' title='bbox 329 989 491 1058; x_wconf 80' lang='grc' dir='ltr'><strong>λέγει</strong></span> <span class='ocrx_word' id='word_1_95' title='bbox 522 988 754 1053; x_wconf 80' lang='grc' dir='ltr'><strong>Κύριος·</strong></span> <span class='ocrx_word' id='word_1_96' title='bbox 789 983 848 1037; x_wconf 86' lang='grc' dir='ltr'><strong>οἳ</strong></span> <span class='ocrx_word' id='word_1_97' title='bbox 870 984 1127 1053; x_wconf 79' lang='grc' dir='ltr'><strong>ἐθυμίων</strong></span> <span class='ocrx_word' id='word_1_98' title='bbox 1152 985 1250 1039; x_wconf 77' lang='grc' dir='ltr'><strong>ἐπὶ</strong></span> <span class='ocrx_word' id='word_1_99' title='bbox 1279 985 1398 1041; x_wconf 87' lang='grc' dir='ltr'><strong>τῶν</strong></span> <span class='ocrx_word' id='word_1_100' title='bbox 1444 988 1646 1056; x_wconf 84' lang='grc' dir='ltr'><strong>ὀρέων,</strong></span> <span class='ocrx_word' id='word_1_101' title='bbox 1678 989 1777 1045; x_wconf 75' lang='grc' dir='ltr'><strong>καὶ</strong></span> <span class='ocrx_word' id='word_1_102' title='bbox 1809 990 1909 1043; x_wconf 75' lang='grc' dir='ltr'><strong>ἐπὶ</strong></span> 
     </span>
    </p>
   </div>
   <div class='ocr_carea' id='block_1_13' title="bbox 1973 983 3597 1058">
    <p class='ocr_par' dir='ltr' id='par_1_13' title="bbox 2016 984 3597 1053">
     <span class='ocr_line' id='line_1_13' title="bbox 2016 984 3597 1053; baseline -0.001 -14"><span class='ocrx_word' id='word_1_103' title='bbox 2016 987 2119 1053; x_wconf 82' lang='lat' dir='ltr'><strong>Qui</strong></span> <span class='ocrx_word' id='word_1_104' title='bbox 2149 985 2427 1039; x_wconf 81' lang='lat' dir='ltr'><strong>adolebam</strong></span> <span class='ocrx_word' id='word_1_105' title='bbox 2455 986 2722 1039; x_wconf 82' lang='lat' dir='ltr'><strong>incensum</strong></span> <span class='ocrx_word' id='word_1_106' title='bbox 2750 1000 2906 1050; x_wconf 85' lang='lat' dir='ltr'><strong>super</strong></span> <span class='ocrx_word' id='word_1_107' title='bbox 2930 996 3151 1049; x_wconf 83' lang='lat' dir='ltr'><strong>montes,</strong></span> <span class='ocrx_word' id='word_1_108' title='bbox 3176 994 3223 1037; x_wconf 89' lang='lat' dir='ltr'><strong>et</strong></span> <span class='ocrx_word' id='word_1_109' title='bbox 3258 998 3416 1053; x_wconf 84' lang='lat' dir='ltr'><strong>super</strong></span> <span class='ocrx_word' id='word_1_110' title='bbox 3440 984 3597 1039; x_wconf 79' lang='lat' dir='ltr'><strong>colles</strong></span> 
     </span>
    </p>
   </div>
   <div class='ocr_carea' id='block_1_14' title="bbox 328 1073 1952 1147">
    <p class='ocr_par' dir='ltr' id='par_1_14' title="bbox 328 1073 1907 1147">
     <span class='ocr_line' id='line_1_14' title="bbox 328 1073 1907 1147; baseline 0.002 -15"><span class='ocrx_word' id='word_1_111' title='bbox 328 1078 447 1132; x_wconf 83' lang='grc' dir='ltr'><strong>τῶν</strong></span> <span class='ocrx_word' id='word_1_112' title='bbox 469 1073 715 1142; x_wconf 75' lang='grc' dir='ltr'><strong>βουνῶν</strong></span> <span class='ocrx_word' id='word_1_113' title='bbox 760 1074 962 1130; x_wconf 81' lang='grc' dir='ltr'><strong>αὐτῶν</strong></span> <span class='ocrx_word' id='word_1_114' title='bbox 994 1075 1319 1130; x_wconf 81' lang='grc' dir='ltr'><strong>ὠνείδισάν</strong></span> <span class='ocrx_word' id='word_1_115' title='bbox 1355 1095 1435 1147; x_wconf 82' lang='grc' dir='ltr'><strong>με</strong></span> <span class='ocrx_word' id='word_1_116' title='bbox 1453 1095 1468 1109; x_wconf 89' lang='grc'>·</span> <span class='ocrx_word' id='word_1_117' title='bbox 1519 1079 1809 1134; x_wconf 80' lang='grc' dir='ltr'><strong>ἀποδώσω</strong></span> <span class='ocrx_word' id='word_1_118' title='bbox 1835 1080 1907 1135; x_wconf 78' lang='grc' dir='ltr'><strong>τὰ</strong></span> 
     </span>
    </p>
   </div>
   <div class='ocr_carea' id='block_1_15' title="bbox 1982 1073 3606 1147">
    <p class='ocr_par' dir='ltr' id='par_1_15' title="bbox 2012 1074 3606 1146">
     <span class='ocr_line' id='line_1_15' title="bbox 2012 1074 3606 1146; baseline -0.001 -17"><span class='ocrx_word' id='word_1_119' title='bbox 2012 1078 2217 1146; x_wconf 84' lang='lat' dir='ltr'><strong>probris</strong></span> <span class='ocrx_word' id='word_1_120' title='bbox 2249 1077 2533 1145; x_wconf 60' lang='lat' dir='ltr'><strong>eiecerunt</strong></span> <span class='ocrx_word' id='word_1_121' title='bbox 2559 1092 2660 1129; x_wconf 84' lang='lat' dir='ltr'><strong>me.</strong></span> <span class='ocrx_word' id='word_1_122' title='bbox 2683 1074 2921 1129; x_wconf 79' lang='lat' dir='ltr'><strong>Reddam</strong></span> <span class='ocrx_word' id='word_1_123' title='bbox 2952 1091 3108 1141; x_wconf 82' lang='lat' dir='ltr'><strong><em>opera</em></strong></span> <span class='ocrx_word' id='word_1_124' title='bbox 3132 1090 3312 1129; x_wconf 79' lang='lat' dir='ltr'><strong>eorum</strong></span> <span class='ocrx_word' id='word_1_125' title='bbox 3342 1074 3395 1127; x_wconf 81' lang='lat' dir='ltr'><strong>in</strong></span> <span class='ocrx_word' id='word_1_126' title='bbox 3420 1075 3606 1129; x_wconf 81' lang='lat' dir='ltr'><strong>sinum-</strong></span> 
     </span>
    </p>
   </div>
   <div class='ocr_carea' id='block_1_16' title="bbox 327 1165 2662 1238">
    <p class='ocr_par' dir='ltr' id='par_1_16' title="bbox 327 1165 2662 1238">
     <span class='ocr_line' id='line_1_16' title="bbox 327 1165 2662 1238; baseline -0.001 -16"><span class='ocrx_word' id='word_1_127' title='bbox 327 1169 467 1238; x_wconf 75' lang='grc' dir='ltr'><strong>ἔργα</strong></span> <span class='ocrx_word' id='word_1_128' title='bbox 495 1165 695 1221; x_wconf 80' lang='grc' dir='ltr'><strong>αὐτῶν</strong></span> <span class='ocrx_word' id='word_1_129' title='bbox 722 1167 809 1231; x_wconf 85' lang='grc' dir='ltr'><strong>είς</strong></span> <span class='ocrx_word' id='word_1_130' title='bbox 837 1165 945 1220; x_wconf 76' lang='grc' dir='ltr'><strong>τὸν</strong></span> <span class='ocrx_word' id='word_1_131' title='bbox 979 1168 1213 1221; x_wconf 80' lang='grc' dir='ltr'><strong>κόλπον</strong></span> <span class='ocrx_word' id='word_1_132' title='bbox 1243 1168 1459 1222; x_wconf 84' lang='grc' dir='ltr'><strong>αὐτῶν.</strong></span> <span class='ocrx_word' id='word_1_133' title='bbox 2010 1182 2184 1220; x_wconf 68' lang='lat' dir='ltr'><strong>scium.</strong></span> <span class='ocrx_word' id='word_1_134' title='bbox 2657 1214 2662 1225; x_wconf 86' lang='grc'><strong>,</strong></span> 
     </span>
    </p>
   </div>
   <div class='ocr_carea' id='block_1_17' title="bbox 398 1252 2022 1333">
    <p class='ocr_par' dir='ltr' id='par_1_17' title="bbox 398 1255 1903 1333">
     <span class='ocr_line' id='line_1_17' title="bbox 398 1255 1903 1333; baseline 0.004 -23"><span class='ocrx_word' id='word_1_135' title='bbox 398 1259 621 1328; x_wconf 78' lang='grc' dir='ltr'><strong>Ὅμοιον</strong></span> <span class='ocrx_word' id='word_1_136' title='bbox 643 1259 721 1320; x_wconf 83' lang='grc' dir='ltr'><strong>ὡς</strong></span> <span class='ocrx_word' id='word_1_137' title='bbox 743 1257 791 1309; x_wconf 90' lang='grc' dir='ltr'><strong>εί</strong></span> <span class='ocrx_word' id='word_1_138' title='bbox 816 1255 985 1325; x_wconf 69' lang='grc' dir='ltr'><strong>λέγοιο</strong></span> <span class='ocrx_word' id='word_1_139' title='bbox 1015 1258 1095 1309; x_wconf 84' lang='grc' dir='ltr'>Τὰ</span> <span class='ocrx_word' id='word_1_140' title='bbox 1124 1257 1202 1321; x_wconf 86' lang='grc' dir='ltr'><strong>είς</strong></span> <span class='ocrx_word' id='word_1_141' title='bbox 1228 1257 1405 1330; x_wconf 81' lang='grc' dir='ltr'><strong>λύπην</strong></span> <span class='ocrx_word' id='word_1_142' title='bbox 1457 1259 1596 1332; x_wconf 81' lang='grc' dir='ltr'><strong>ἐμὴν</strong></span> <span class='ocrx_word' id='word_1_143' title='bbox 1644 1260 1795 1333; x_wconf 82' lang='grc' dir='ltr'><strong>παρά</strong></span> <span class='ocrx_word' id='word_1_144' title='bbox 1845 1280 1903 1317; x_wconf 87' lang='grc' dir='ltr'><strong>τε</strong></span> 
     </span>
    </p>
   </div>
   <div class='ocr_carea' id='block_1_18' title="bbox 1970 1252 3594 1333">
    <p class='ocr_par' dir='ltr' id='par_1_18' title="bbox 2081 1252 3594 1320">
     <span class='ocr_line' id='line_1_18' title="bbox 2081 1252 3594 1320; baseline -0.002 -10"><span class='ocrx_word' id='word_1_145' title='bbox 2081 1255 2316 1311; x_wconf 83' lang='lat' dir='ltr'><strong>Perinde</strong></span> <span class='ocrx_word' id='word_1_146' title='bbox 2346 1265 2430 1311; x_wconf 86' lang='lat' dir='ltr'><strong>est</strong></span> <span class='ocrx_word' id='word_1_147' title='bbox 2459 1270 2523 1311; x_wconf 88' lang='lat' dir='ltr'><strong>ac</strong></span> <span class='ocrx_word' id='word_1_148' title='bbox 2553 1256 2597 1311; x_wconf 91' lang='lat' dir='ltr'><strong>si</strong></span> <span class='ocrx_word' id='word_1_149' title='bbox 2634 1256 2781 1311; x_wconf 87' lang='lat' dir='ltr'><strong>dicat</strong></span> <span class='ocrx_word' id='word_1_150' title='bbox 2819 1274 2832 1311; x_wconf 89' lang='lat'><strong>:</strong></span> <span class='ocrx_word' id='word_1_151' title='bbox 2869 1255 2997 1320; x_wconf 72' lang='lat' dir='ltr'><strong>Quae</strong></span> <span class='ocrx_word' id='word_1_152' title='bbox 3034 1270 3156 1309; x_wconf 91' lang='lat' dir='ltr'><strong>cum</strong></span> <span class='ocrx_word' id='word_1_153' title='bbox 3202 1252 3501 1309; x_wconf 78' lang='lat' dir='ltr'><strong>oﬂ‘ensione</strong></span> <span class='ocrx_word' id='word_1_154' title='bbox 3539 1263 3594 1307; x_wconf 86' lang='lat' dir='ltr'><strong>et</strong></span> 
     </span>
    </p>
   </div>
   <div class='ocr_carea' id='block_1_19' title="bbox 323 1342 1947 1418">
    <p class='ocr_par' dir='ltr' id='par_1_19' title="bbox 323 1342 1907 1415">
     <span class='ocr_line' id='line_1_19' title="bbox 323 1342 1907 1415; baseline 0.001 -17"><span class='ocrx_word' id='word_1_155' title='bbox 323 1345 431 1399; x_wconf 82' lang='grc' dir='ltr'><strong>τῶν</strong></span> <span class='ocrx_word' id='word_1_156' title='bbox 465 1344 721 1415; x_wconf 80' lang='grc' dir='ltr'><strong>πατέρων</strong></span> <span class='ocrx_word' id='word_1_157' title='bbox 742 1342 939 1407; x_wconf 85' lang='grc' dir='ltr'><strong>αὐτῶν,</strong></span> <span class='ocrx_word' id='word_1_158' title='bbox 968 1343 1059 1396; x_wconf 81' lang='grc' dir='ltr'><strong>καὶ</strong></span> <span class='ocrx_word' id='word_1_159' title='bbox 1089 1344 1217 1415; x_wconf 83' lang='grc' dir='ltr'><strong>παρ’</strong></span> <span class='ocrx_word' id='word_1_160' title='bbox 1250 1345 1430 1399; x_wconf 81' lang='grc' dir='ltr'><strong>αὐτῶν</strong></span> <span class='ocrx_word' id='word_1_161' title='bbox 1475 1346 1705 1411; x_wconf 85' lang='grc' dir='ltr'><strong>ἀνοσίως</strong></span> <span class='ocrx_word' id='word_1_162' title='bbox 1745 1364 1907 1415; x_wconf 84' lang='grc' dir='ltr'><strong>γεγε-</strong></span> 
     </span>
    </p>
   </div>
   <div class='ocr_carea' id='block_1_20' title="bbox 1966 1342 3590 1418">
    <p class='ocr_par' dir='ltr' id='par_1_20' title="bbox 2011 1346 3590 1418">
     <span class='ocr_line' id='line_1_20' title="bbox 2011 1346 3590 1418; baseline -0.001 -17"><span class='ocrx_word' id='word_1_163' title='bbox 2011 1348 2195 1403; x_wconf 89' lang='lat' dir='ltr'><strong>dolore</strong></span> <span class='ocrx_word' id='word_1_164' title='bbox 2225 1363 2345 1403; x_wconf 81' lang='lat' dir='ltr'><strong>meo</strong></span> <span class='ocrx_word' id='word_1_165' title='bbox 2376 1363 2406 1403; x_wconf 88' lang='lat' dir='ltr'><strong>a</strong></span> <span class='ocrx_word' id='word_1_166' title='bbox 2433 1350 2679 1418; x_wconf 62' lang='lat' dir='ltr'><strong>patribus</strong></span> <span class='ocrx_word' id='word_1_167' title='bbox 2706 1362 2893 1403; x_wconf 87' lang='lat' dir='ltr'><strong>eorum</strong></span> <span class='ocrx_word' id='word_1_168' title='bbox 2921 1357 2973 1402; x_wconf 88' lang='lat' dir='ltr'><strong>et</strong></span> <span class='ocrx_word' id='word_1_169' title='bbox 3002 1348 3070 1404; x_wconf 86' lang='lat' dir='ltr'><strong>ab</strong></span> <span class='ocrx_word' id='word_1_170' title='bbox 3100 1347 3232 1417; x_wconf 85' lang='lat' dir='ltr'><strong>ipsis</strong></span> <span class='ocrx_word' id='word_1_171' title='bbox 3257 1347 3422 1415; x_wconf 87' lang='lat' dir='ltr'><strong>impie</strong></span> <span class='ocrx_word' id='word_1_172' title='bbox 3449 1346 3590 1399; x_wconf 76' lang='lat' dir='ltr'><strong>facta</strong></span> 
     </span>
    </p>
   </div>
   <div class='ocr_carea' id='block_1_21' title="bbox 324 1433 1948 1509">
    <p class='ocr_par' dir='ltr' id='par_1_21' title="bbox 324 1433 1902 1509">
     <span class='ocr_line' id='line_1_21' title="bbox 324 1433 1902 1509; baseline 0.002 -21"><span class='ocrx_word' id='word_1_173' title='bbox 324 1435 554 1505; x_wconf 79' lang='grc' dir='ltr'><strong>νημένα,</strong></span> <span class='ocrx_word' id='word_1_174' title='bbox 584 1433 864 1504; x_wconf 76' lang='grc' dir='ltr'><strong>μονονουχὶ</strong></span> <span class='ocrx_word' id='word_1_175' title='bbox 893 1434 985 1487; x_wconf 81' lang='grc' dir='ltr'><strong>καὶ</strong></span> <span class='ocrx_word' id='word_1_176' title='bbox 1010 1434 1070 1487; x_wconf 82' lang='grc' dir='ltr'><strong>ὲν</strong></span> <span class='ocrx_word' id='word_1_177' title='bbox 1095 1434 1283 1489; x_wconf 85' lang='grc' dir='ltr'><strong>πίνακι</strong></span> <span class='ocrx_word' id='word_1_178' title='bbox 1304 1437 1663 1507; x_wconf 83' lang='grc' dir='ltr'><strong>γεγραμμένα</strong></span> <span class='ocrx_word' id='word_1_179' title='bbox 1693 1438 1902 1509; x_wconf 84' lang='grc' dir='ltr'>θεωρῶ,</span> 
     </span>
    </p>
   </div>
   <div class='ocr_carea' id='block_1_22' title="bbox 1966 1433 3590 1509">
    <p class='ocr_par' dir='ltr' id='par_1_22' title="bbox 2009 1439 3590 1508">
     <span class='ocr_line' id='line_1_22' title="bbox 2009 1439 3590 1508; baseline -0.001 -14"><span class='ocrx_word' id='word_1_180' title='bbox 2009 1445 2154 1503; x_wconf 88' lang='lat' dir='ltr'><strong>sunt,</strong></span> <span class='ocrx_word' id='word_1_181' title='bbox 2185 1441 2576 1508; x_wconf 81' lang='lat' dir='ltr'><strong>propemodum</strong></span> <span class='ocrx_word' id='word_1_182' title='bbox 2612 1440 2664 1493; x_wconf 90' lang='lat' dir='ltr'><strong>in</strong></span> <span class='ocrx_word' id='word_1_183' title='bbox 2699 1440 2877 1495; x_wconf 87' lang='lat' dir='ltr'><strong>tabula</strong></span> <span class='ocrx_word' id='word_1_184' title='bbox 2910 1440 3118 1508; x_wconf 85' lang='lat' dir='ltr'><strong>depicta</strong></span> <span class='ocrx_word' id='word_1_185' title='bbox 3149 1439 3506 1508; x_wconf 77' lang='lat' dir='ltr'><strong>contemplor,</strong></span> <span class='ocrx_word' id='word_1_186' title='bbox 3533 1448 3590 1492; x_wconf 87' lang='lat' dir='ltr'><strong>et</strong></span> 
     </span>
    </p>
   </div>
   <div class='ocr_carea' id='block_1_23' title="bbox 324 1524 1948 1599">
    <p class='ocr_par' dir='ltr' id='par_1_23' title="bbox 324 1524 1909 1599">
     <span class='ocr_line' id='line_1_23' title="bbox 324 1524 1909 1599; baseline 0.003 -21"><span class='ocrx_word' id='word_1_187' title='bbox 324 1527 417 1578; x_wconf 77' lang='lat' dir='ltr'><strong>xui.</strong></span> <span class='ocrx_word' id='word_1_188' title='bbox 442 1528 499 1577; x_wconf 81' lang='grc' dir='ltr'><strong>ὲν</strong></span> <span class='ocrx_word' id='word_1_189' title='bbox 528 1526 639 1588; x_wconf 74' lang='grc' dir='ltr'><strong>τοῖς</strong></span> <span class='ocrx_word' id='word_1_190' title='bbox 663 1525 817 1594; x_wconf 76' lang='grc' dir='ltr'><strong>ἐμοῖς</strong></span> <span class='ocrx_word' id='word_1_191' title='bbox 848 1525 987 1577; x_wconf 76' lang='grc' dir='ltr'><strong>εἰσιν</strong></span> <span class='ocrx_word' id='word_1_192' title='bbox 1008 1524 1323 1596; x_wconf 78' lang='grc' dir='ltr'><strong>ὀφθαλμοῖς,</strong></span> <span class='ocrx_word' id='word_1_193' title='bbox 1346 1527 1379 1598; x_wconf 79' lang='grc' dir='ltr'>ἦ</span> <span class='ocrx_word' id='word_1_194' title='bbox 1407 1528 1524 1592; x_wconf 84' lang='grc' dir='ltr'><strong>πῶς</strong></span> <span class='ocrx_word' id='word_1_195' title='bbox 1556 1529 1622 1582; x_wconf 86' lang='grc' dir='ltr'><strong>ἂν</strong></span> <span class='ocrx_word' id='word_1_196' title='bbox 1654 1529 1909 1599; x_wconf 83' lang='grc' dir='ltr'><strong>ἀνασχοί-</strong></span> 
     </span>
    </p>
   </div>
   <div class='ocr_carea' id='block_1_24' title="bbox 1965 1524 3589 1599">
    <p class='ocr_par' dir='ltr' id='par_1_24' title="bbox 2005 1530 3589 1598">
     <span class='ocr_line' id='line_1_24' title="bbox 2005 1530 3589 1598; baseline -0.001 -14"><span class='ocrx_word' id='word_1_197' title='bbox 2005 1532 2374 1585; x_wconf 84' lang='lat' dir='ltr'><strong>obversantur</strong></span> <span class='ocrx_word' id='word_1_198' title='bbox 2409 1532 2545 1586; x_wconf 83' lang='lat' dir='ltr'><strong>meis</strong></span> <span class='ocrx_word' id='word_1_199' title='bbox 2577 1531 2770 1585; x_wconf 90' lang='lat' dir='ltr'><strong>oculis.</strong></span> <span class='ocrx_word' id='word_1_200' title='bbox 2800 1530 3079 1596; x_wconf 83' lang='lat' dir='ltr'><strong>Quomodo</strong></span> <span class='ocrx_word' id='word_1_201' title='bbox 3111 1532 3225 1583; x_wconf 76' lang='lat' dir='ltr'><strong>inec</strong></span> <span class='ocrx_word' id='word_1_202' title='bbox 3260 1540 3371 1583; x_wconf 87' lang='lat' dir='ltr'><strong>tam</strong></span> <span class='ocrx_word' id='word_1_203' title='bbox 3403 1530 3589 1598; x_wconf 80' lang='lat' dir='ltr'><strong>gravis</strong></span> 
     </span>
    </p>
   </div>
   <div class='ocr_carea' id='block_1_25' title="bbox 326 1612 1950 1692">
    <p class='ocr_par' dir='ltr' id='par_1_25' title="bbox 326 1612 1900 1688">
     <span class='ocr_line' id='line_1_25' title="bbox 326 1612 1900 1688; baseline 0.003 -22"><span class='ocrx_word' id='word_1_204' title='bbox 326 1631 434 1686; x_wconf 84' lang='grc' dir='ltr'><strong>μην</strong></span> <span class='ocrx_word' id='word_1_205' title='bbox 462 1614 570 1667; x_wconf 85' lang='grc' dir='ltr'><strong>τῶν</strong></span> <span class='ocrx_word' id='word_1_206' title='bbox 620 1613 763 1667; x_wconf 76' lang='grc' dir='ltr'><strong>οὕτω</strong></span> <span class='ocrx_word' id='word_1_207' title='bbox 813 1612 1036 1678; x_wconf 82' lang='grc' dir='ltr'><strong>δεινῶν,</strong></span> <span class='ocrx_word' id='word_1_208' title='bbox 1079 1616 1173 1669; x_wconf 74' lang='grc' dir='ltr'><strong>καὶ</strong></span> <span class='ocrx_word' id='word_1_209' title='bbox 1222 1616 1626 1688; x_wconf 77' lang='grc' dir='ltr'><strong>ἀπαραδλήτων</strong></span> <span class='ocrx_word' id='word_1_210' title='bbox 1682 1618 1900 1684; x_wconf 86' lang='grc' dir='ltr'><strong>κακῶν;</strong></span> 
     </span>
    </p>
   </div>
   <div class='ocr_carea' id='block_1_26' title="bbox 1967 1612 3591 1692">
    <p class='ocr_par' dir='ltr' id='par_1_26' title="bbox 2005 1622 3591 1692">
     <span class='ocr_line' id='line_1_26' title="bbox 2005 1622 3591 1692; baseline 0.001 -15"><span class='ocrx_word' id='word_1_211' title='bbox 2005 1631 2061 1677; x_wconf 90' lang='lat' dir='ltr'><strong>et</strong></span> <span class='ocrx_word' id='word_1_212' title='bbox 2088 1622 2501 1677; x_wconf 82' lang='lat' dir='ltr'><strong>inconsolabilia</strong></span> <span class='ocrx_word' id='word_1_213' title='bbox 2535 1622 2672 1677; x_wconf 85' lang='lat' dir='ltr'><strong>mala</strong></span> <span class='ocrx_word' id='word_1_214' title='bbox 2702 1624 2811 1691; x_wconf 90' lang='lat' dir='ltr'><strong>pati</strong></span> <span class='ocrx_word' id='word_1_215' title='bbox 2843 1623 3064 1692; x_wconf 83' lang='lat' dir='ltr'><strong>potero?</strong></span> <span class='ocrx_word' id='word_1_216' title='bbox 3095 1622 3337 1678; x_wconf 75' lang='lat' dir='ltr'><strong>Reddam</strong></span> <span class='ocrx_word' id='word_1_217' title='bbox 3367 1625 3591 1678; x_wconf 84' lang='lat' dir='ltr'><strong>omnino</strong></span> 
     </span>
    </p>
   </div>
   <div class='ocr_carea' id='block_1_27' title="bbox 335 1704 1959 1785">
    <p class='ocr_par' dir='ltr' id='par_1_27' title="bbox 335 1704 1904 1780">
     <span class='ocr_line' id='line_1_27' title="bbox 335 1704 1904 1780; baseline 0.002 -21"><span class='ocrx_word' id='word_1_218' title='bbox 335 1704 623 1759; x_wconf 86' lang='grc' dir='ltr'><strong>Ἀποδώσω</strong></span> <span class='ocrx_word' id='word_1_219' title='bbox 646 1706 861 1767; x_wconf 83' lang='grc' dir='ltr'><strong>πάντως</strong></span> <span class='ocrx_word' id='word_1_220' title='bbox 879 1707 958 1768; x_wconf 89' lang='grc' dir='ltr'><strong>είς</strong></span> <span class='ocrx_word' id='word_1_221' title='bbox 981 1704 1071 1757; x_wconf 81' lang='grc' dir='ltr'><strong>τὸν</strong></span> <span class='ocrx_word' id='word_1_222' title='bbox 1094 1706 1294 1760; x_wconf 83' lang='grc' dir='ltr'><strong>κόλπον</strong></span> <span class='ocrx_word' id='word_1_223' title='bbox 1318 1708 1517 1773; x_wconf 83' lang='grc' dir='ltr'><strong>αὐτῶν,</strong></span> <span class='ocrx_word' id='word_1_224' title='bbox 1539 1709 1825 1780; x_wconf 84' lang='grc' dir='ltr'><strong>δεχόμενος</strong></span> <span class='ocrx_word' id='word_1_225' title='bbox 1846 1710 1904 1762; x_wconf 76' lang='grc' dir='ltr'><strong>ἒν</strong></span> 
     </span>
    </p>
   </div>
   <div class='ocr_carea' id='block_1_28' title="bbox 1964 1704 3588 1785">
    <p class='ocr_par' dir='ltr' id='par_1_28' title="bbox 2008 1713 3588 1785">
     <span class='ocr_line' id='line_1_28' title="bbox 2008 1713 3588 1785; baseline 0.002 -20"><span class='ocrx_word' id='word_1_226' title='bbox 2008 1713 2060 1765; x_wconf 92' lang='lat' dir='ltr'><strong>in</strong></span> <span class='ocrx_word' id='word_1_227' title='bbox 2118 1713 2297 1766; x_wconf 88' lang='lat' dir='ltr'><strong>sinum</strong></span> <span class='ocrx_word' id='word_1_228' title='bbox 2349 1726 2573 1776; x_wconf 86' lang='lat' dir='ltr'><strong>eorum,</strong></span> <span class='ocrx_word' id='word_1_229' title='bbox 2626 1713 2886 1767; x_wconf 86' lang='lat' dir='ltr'><strong>memoria</strong></span> <span class='ocrx_word' id='word_1_230' title='bbox 2939 1714 3104 1768; x_wconf 89' lang='lat' dir='ltr'><strong>etiam</strong></span> <span class='ocrx_word' id='word_1_231' title='bbox 3161 1722 3357 1770; x_wconf 88' lang='lat' dir='ltr'><strong>tenens</strong></span> <span class='ocrx_word' id='word_1_232' title='bbox 3406 1724 3588 1785; x_wconf 88' lang='lat' dir='ltr'><strong>patres</strong></span> 
     </span>
    </p>
   </div>
   <div class='ocr_carea' id='block_1_29' title="bbox 323 1802 1947 1877">
    <p class='ocr_par' dir='ltr' id='par_1_29' title="bbox 323 1802 1901 1877">
     <span class='ocr_line' id='line_1_29' title="bbox 323 1802 1901 1877; baseline -0.001 -19"><span class='ocrx_word' id='word_1_233' title='bbox 323 1806 565 1877; x_wconf 82' lang='grc' dir='ltr'><strong>μνήμαις</strong></span> <span class='ocrx_word' id='word_1_234' title='bbox 602 1803 844 1867; x_wconf 70' lang='grc' dir='ltr'><strong>καὶτοὺς</strong></span> <span class='ocrx_word' id='word_1_235' title='bbox 879 1802 1122 1873; x_wconf 84' lang='grc' dir='ltr'><strong>πατέρας</strong></span> <span class='ocrx_word' id='word_1_236' title='bbox 1171 1804 1367 1862; x_wconf 82' lang='grc' dir='ltr'><strong>αὐτῶν.</strong></span> <span class='ocrx_word' id='word_1_237' title='bbox 1400 1804 1449 1858; x_wconf 79' lang='grc' dir='ltr'><strong>οἳ</strong></span> <span class='ocrx_word' id='word_1_238' title='bbox 1480 1805 1779 1876; x_wconf 77' lang='grc' dir='ltr'><strong>ἐθυμίασαν</strong></span> <span class='ocrx_word' id='word_1_239' title='bbox 1810 1805 1901 1858; x_wconf 69' lang='grc' dir='ltr'><strong>ἐπὶ</strong></span> 
     </span>
    </p>
   </div>
   <div class='ocr_carea' id='block_1_30' title="bbox 1962 1802 3586 1877">
    <p class='ocr_par' dir='ltr' id='par_1_30' title="bbox 2005 1803 3586 1875">
     <span class='ocr_line' id='line_1_30' title="bbox 2005 1803 3586 1875; baseline 0.001 -18"><span class='ocrx_word' id='word_1_240' title='bbox 2005 1819 2222 1869; x_wconf 89' lang='lat' dir='ltr'><strong>eorum,</strong></span> <span class='ocrx_word' id='word_1_241' title='bbox 2259 1805 2349 1875; x_wconf 89' lang='lat' dir='ltr'><strong>qui</strong></span> <span class='ocrx_word' id='word_1_242' title='bbox 2392 1804 2694 1860; x_wconf 73' lang='lat' dir='ltr'><strong>suiﬁmenta</strong></span> <span class='ocrx_word' id='word_1_243' title='bbox 2738 1803 2983 1859; x_wconf 73' lang='lat' dir='ltr'><strong>fecemnt</strong></span> <span class='ocrx_word' id='word_1_244' title='bbox 3027 1804 3080 1858; x_wconf 92' lang='lat' dir='ltr'><strong>in</strong></span> <span class='ocrx_word' id='word_1_245' title='bbox 3127 1807 3400 1860; x_wconf 89' lang='lat' dir='ltr'><strong>montibus</strong></span> <span class='ocrx_word' id='word_1_246' title='bbox 3439 1814 3494 1861; x_wconf 86' lang='lat' dir='ltr'><strong>et</strong></span> <span class='ocrx_word' id='word_1_247' title='bbox 3532 1805 3586 1860; x_wconf 89' lang='lat' dir='ltr'><strong>in</strong></span> 
     </span>
    </p>
   </div>
   <div class='ocr_carea' id='block_1_31' title="bbox 316 1889 1940 1972">
    <p class='ocr_par' dir='ltr' id='par_1_31' title="bbox 316 1889 1897 1972">
     <span class='ocr_line' id='line_1_31' title="bbox 316 1889 1897 1972; baseline 0 -23"><span class='ocrx_word' id='word_1_248' title='bbox 316 1896 427 1949; x_wconf 86' lang='grc' dir='ltr'><strong>τῶν</strong></span> <span class='ocrx_word' id='word_1_249' title='bbox 454 1896 645 1967; x_wconf 83' lang='grc' dir='ltr'><strong>ὀρέων,</strong></span> <span class='ocrx_word' id='word_1_250' title='bbox 686 1893 778 1948; x_wconf 75' lang='grc' dir='ltr'><strong>καὶ</strong></span> <span class='ocrx_word' id='word_1_251' title='bbox 825 1895 916 1972; x_wconf 50' lang='grc' dir='ltr'><strong>ἐπὶ.</strong></span> <span class='ocrx_word' id='word_1_252' title='bbox 967 1894 1075 1947; x_wconf 86' lang='grc' dir='ltr'><strong>τῶν</strong></span> <span class='ocrx_word' id='word_1_253' title='bbox 1107 1894 1332 1964; x_wconf 84' lang='grc' dir='ltr'><strong>βουνῶν,</strong></span> <span class='ocrx_word' id='word_1_254' title='bbox 1386 1889 1462 1949; x_wconf 84' lang='grc' dir='ltr'><strong>ὧν</strong></span> <span class='ocrx_word' id='word_1_255' title='bbox 1495 1895 1777 1948; x_wconf 80' lang='grc' dir='ltr'><strong>ὠνείδισάν</strong></span> <span class='ocrx_word' id='word_1_256' title='bbox 1810 1913 1897 1965; x_wconf 88' lang='grc' dir='ltr'><strong>με.</strong></span> 
     </span>
    </p>
   </div>
   <div class='ocr_carea' id='block_1_32' title="bbox 1960 1889 3584 1972">
    <p class='ocr_par' dir='ltr' id='par_1_32' title="bbox 2006 1894 3584 1964">
     <span class='ocr_line' id='line_1_32' title="bbox 2006 1894 3584 1964; baseline 0.001 -15"><span class='ocrx_word' id='word_1_257' title='bbox 2006 1895 2263 1960; x_wconf 90' lang='lat' dir='ltr'><strong>collibus,</strong></span> <span class='ocrx_word' id='word_1_258' title='bbox 2307 1897 2507 1964; x_wconf 84' lang='lat' dir='ltr'><strong>quibus</strong></span> <span class='ocrx_word' id='word_1_259' title='bbox 2557 1895 2771 1963; x_wconf 87' lang='lat' dir='ltr'><strong>probris</strong></span> <span class='ocrx_word' id='word_1_260' title='bbox 2817 1894 3115 1951; x_wconf 82' lang='lat' dir='ltr'><strong>all&#39;ecerunt</strong></span> <span class='ocrx_word' id='word_1_261' title='bbox 3161 1912 3267 1951; x_wconf 89' lang='lat' dir='ltr'><strong>me.</strong></span> <span class='ocrx_word' id='word_1_262' title='bbox 3308 1896 3584 1961; x_wconf 83' lang='lat' dir='ltr'><strong>Observa,</strong></span> 
     </span>
    </p>
   </div>
   <div class='ocr_carea' id='block_1_33' title="bbox 329 1984 1953 2058">
    <p class='ocr_par' dir='ltr' id='par_1_33' title="bbox 329 1985 1902 2058">
     <span class='ocr_line' id='line_1_33' title="bbox 329 1985 1902 2058; baseline -0.001 -18"><span class='ocrx_word' id='word_1_263' title='bbox 329 1988 716 2058; x_wconf 80' lang='grc' dir='ltr'><strong>Ἐπιτήρησον,</strong></span> <span class='ocrx_word' id='word_1_264' title='bbox 751 1987 832 2039; x_wconf 76' lang='grc' dir='ltr'><strong>ὅτι</strong></span> <span class='ocrx_word' id='word_1_265' title='bbox 862 1985 1064 2057; x_wconf 81' lang='grc' dir='ltr'><strong>θυμιᾷν</strong></span> <span class='ocrx_word' id='word_1_266' title='bbox 1084 1988 1279 2049; x_wconf 77' lang='grc' dir='ltr'><strong>αὐτοὺς</strong></span> <span class='ocrx_word' id='word_1_267' title='bbox 1308 1987 1365 2038; x_wconf 82' lang='grc' dir='ltr'><strong>ἐν</strong></span> <span class='ocrx_word' id='word_1_268' title='bbox 1390 1987 1589 2056; x_wconf 78' lang='grc' dir='ltr'><strong>κήποις</strong></span> <span class='ocrx_word' id='word_1_269' title='bbox 1611 1986 1779 2038; x_wconf 79' lang='grc' dir='ltr'><strong>εἰπὼν</strong></span> <span class='ocrx_word' id='word_1_270' title='bbox 1809 1988 1902 2039; x_wconf 76' lang='grc' dir='ltr'><strong>ἐπὶ</strong></span> 
     </span>
    </p>
   </div>
   <div class='ocr_carea' id='block_1_34' title="bbox 1964 1984 3588 2058">
    <p class='ocr_par' dir='ltr' id='par_1_34' title="bbox 2008 1984 3588 2056">
     <span class='ocr_line' id='line_1_34' title="bbox 2008 1984 3588 2056; baseline 0.003 -17"><span class='ocrx_word' id='word_1_271' title='bbox 2008 1987 2149 2056; x_wconf 80' lang='lat' dir='ltr'><strong>quod</strong></span> <span class='ocrx_word' id='word_1_272' title='bbox 2183 2002 2303 2039; x_wconf 89' lang='lat' dir='ltr'><strong>cum</strong></span> <span class='ocrx_word' id='word_1_273' title='bbox 2336 1988 2534 2041; x_wconf 81' lang='lat' dir='ltr'><strong>dixerit</strong></span> <span class='ocrx_word' id='word_1_274' title='bbox 2565 1987 2686 2041; x_wconf 90' lang='lat' dir='ltr'><strong>illos</strong></span> <span class='ocrx_word' id='word_1_275' title='bbox 2711 1984 2918 2041; x_wconf 74' lang='lat' dir='ltr'><strong>sumtus</strong></span> <span class='ocrx_word' id='word_1_276' title='bbox 2945 1986 3159 2042; x_wconf 80' lang='lat' dir='ltr'><strong>adolere</strong></span> <span class='ocrx_word' id='word_1_277' title='bbox 3191 1986 3243 2040; x_wconf 91' lang='lat' dir='ltr'><strong>in</strong></span> <span class='ocrx_word' id='word_1_278' title='bbox 3276 1988 3471 2050; x_wconf 85' lang='lat' dir='ltr'><strong>hortis,</strong></span> <span class='ocrx_word' id='word_1_279' title='bbox 3498 1988 3588 2043; x_wconf 81' lang='lat' dir='ltr'><strong>hic</strong></span> 
     </span>
    </p>
   </div>
   <div class='ocr_carea' id='block_1_35' title="bbox 314 2076 1938 2149">
    <p class='ocr_par' dir='ltr' id='par_1_35' title="bbox 314 2077 1909 2149">
     <span class='ocr_line' id='line_1_35' title="bbox 314 2077 1909 2149; baseline -0.002 -16"><span class='ocrx_word' id='word_1_280' title='bbox 314 2079 420 2133; x_wconf 83' lang='grc' dir='ltr'><strong>τῶν</strong></span> <span class='ocrx_word' id='word_1_281' title='bbox 476 2080 648 2149; x_wconf 86' lang='grc' dir='ltr'><strong>ὀρέων</strong></span> <span class='ocrx_word' id='word_1_282' title='bbox 705 2077 935 2132; x_wconf 77' lang='grc' dir='ltr'><strong>καὶτῶν</strong></span> <span class='ocrx_word' id='word_1_283' title='bbox 977 2077 1212 2147; x_wconf 79' lang='grc' dir='ltr'><strong>βουνῶν,</strong></span> <span class='ocrx_word' id='word_1_284' title='bbox 1266 2078 1455 2130; x_wconf 79' lang='grc' dir='ltr'><strong>ἐνθάδε</strong></span> <span class='ocrx_word' id='word_1_285' title='bbox 1514 2077 1649 2148; x_wconf 73' lang='grc' dir='ltr'><strong>(ρησῖ⁵</strong></span> <span class='ocrx_word' id='word_1_286' title='bbox 1674 2079 1909 2148; x_wconf 77' lang='grc' dir='ltr'><strong>κήπους,</strong></span> 
     </span>
    </p>
   </div>
   <div class='ocr_carea' id='block_1_36' title="bbox 1958 2076 3582 2149">
    <p class='ocr_par' dir='ltr' id='par_1_36' title="bbox 1958 2077 3582 2142">
     <span class='ocr_line' id='line_1_36' title="bbox 1958 2077 3582 2142; baseline 0 -12"><span class='ocrx_word' id='word_1_287' title='bbox 1958 2077 1987 2130; x_wconf 85' lang='grc' dir='ltr'>Β</span> <span class='ocrx_word' id='word_1_288' title='bbox 2016 2080 2158 2133; x_wconf 85' lang='lat' dir='ltr'><strong>dicat</strong></span> <span class='ocrx_word' id='word_1_289' title='bbox 2206 2079 2259 2133; x_wconf 91' lang='lat' dir='ltr'><strong>in</strong></span> <span class='ocrx_word' id='word_1_290' title='bbox 2310 2080 2584 2134; x_wconf 74' lang='lat' dir='ltr'><strong>montibus</strong></span> <span class='ocrx_word' id='word_1_291' title='bbox 2623 2088 2678 2132; x_wconf 90' lang='lat' dir='ltr'><strong>et</strong></span> <span class='ocrx_word' id='word_1_292' title='bbox 2726 2078 2954 2133; x_wconf 87' lang='lat' dir='ltr'><strong>collibus</strong></span> <span class='ocrx_word' id='word_1_293' title='bbox 3004 2096 3020 2133; x_wconf 93' lang='lat'><strong>:</strong></span> <span class='ocrx_word' id='word_1_294' title='bbox 3071 2080 3287 2142; x_wconf 78' lang='lat' dir='ltr'><strong>hortos,</strong></span> <span class='ocrx_word' id='word_1_295' title='bbox 3322 2080 3582 2140; x_wconf 85' lang='lat' dir='ltr'><strong>arbitror,</strong></span> 
     </span>
    </p>
   </div>
   <div class='ocr_carea' id='block_1_37' title="bbox 312 2166 1936 2242">
    <p class='ocr_par' dir='ltr' id='par_1_37' title="bbox 312 2166 1899 2242">
     <span class='ocr_line' id='line_1_37' title="bbox 312 2166 1899 2242; baseline -0.002 -17"><span class='ocrx_word' id='word_1_296' title='bbox 312 2168 488 2241; x_wconf 77' lang='grc' dir='ltr'><strong>οἶμαι,</strong></span> <span class='ocrx_word' id='word_1_297' title='bbox 513 2169 686 2238; x_wconf 88' lang='grc' dir='ltr'><strong>λέγων</strong></span> <span class='ocrx_word' id='word_1_298' title='bbox 714 2170 841 2233; x_wconf 78' lang='grc' dir='ltr'><strong>τοὺς</strong></span> <span class='ocrx_word' id='word_1_299' title='bbox 868 2170 924 2222; x_wconf 82' lang='grc' dir='ltr'><strong>ὲν</strong></span> <span class='ocrx_word' id='word_1_300' title='bbox 942 2168 1092 2239; x_wconf 79' lang='grc' dir='ltr'><strong>ὄρεσι</strong></span> <span class='ocrx_word' id='word_1_301' title='bbox 1118 2168 1375 2238; x_wconf 76' lang='grc' dir='ltr'><strong>δρυμοὺς,</strong></span> <span class='ocrx_word' id='word_1_302' title='bbox 1400 2166 1544 2221; x_wconf 75' lang='grc' dir='ltr'><strong>καθὰ</strong></span> <span class='ocrx_word' id='word_1_303' title='bbox 1567 2170 1899 2242; x_wconf 78' lang='grc' dir='ltr'><strong>προειρήκα-</strong></span> 
     </span>
    </p>
   </div>
   <div class='ocr_carea' id='block_1_38' title="bbox 1957 2166 3581 2242">
    <p class='ocr_par' dir='ltr' id='par_1_38' title="bbox 2006 2169 3581 2240">
     <span class='ocr_line' id='line_1_38' title="bbox 2006 2169 3581 2240; baseline -0.002 -15"><span class='ocrx_word' id='word_1_304' title='bbox 2006 2186 2239 2235; x_wconf 87' lang='lat' dir='ltr'><strong>vocans,</strong></span> <span class='ocrx_word' id='word_1_305' title='bbox 2273 2170 2436 2228; x_wconf 80' lang='lat' dir='ltr'><strong>silvas</strong></span> <span class='ocrx_word' id='word_1_306' title='bbox 2479 2172 2532 2225; x_wconf 92' lang='lat' dir='ltr'><strong>in</strong></span> <span class='ocrx_word' id='word_1_307' title='bbox 2580 2173 2887 2235; x_wconf 88' lang='lat' dir='ltr'><strong>montibus,</strong></span> <span class='ocrx_word' id='word_1_308' title='bbox 2922 2169 3373 2240; x_wconf 81' lang='lat' dir='ltr'><strong>quemadmodum</strong></span> <span class='ocrx_word' id='word_1_309' title='bbox 3418 2183 3581 2237; x_wconf 88' lang='lat' dir='ltr'><strong>supra</strong></span> 
     </span>
    </p>
   </div>
   <div class='ocr_carea' id='block_1_39' title="bbox 315 2256 1939 2331">
    <p class='ocr_par' dir='ltr' id='par_1_39' title="bbox 315 2256 1897 2331">
     <span class='ocr_line' id='line_1_39' title="bbox 315 2256 1897 2331; baseline -0.001 -17"><span class='ocrx_word' id='word_1_310' title='bbox 315 2279 435 2331; x_wconf 86' lang='grc' dir='ltr'><strong>μεν.</strong></span> <span class='ocrx_word' id='word_1_311' title='bbox 458 2260 688 2325; x_wconf 81' lang='grc' dir='ltr'><strong>Θύοντες</strong></span> <span class='ocrx_word' id='word_1_312' title='bbox 720 2260 778 2314; x_wconf 80' lang='grc' dir='ltr'><strong>δὲ</strong></span> <span class='ocrx_word' id='word_1_313' title='bbox 808 2261 921 2323; x_wconf 80' lang='grc' dir='ltr'><strong>τοῖς</strong></span> <span class='ocrx_word' id='word_1_314' title='bbox 958 2258 1291 2327; x_wconf 81' lang='grc' dir='ltr'><strong>ἀκαθάρτοις</strong></span> <span class='ocrx_word' id='word_1_315' title='bbox 1344 2259 1613 2329; x_wconf 78' lang='grc' dir='ltr'><strong>δαίμοσιν,</strong></span> <span class='ocrx_word' id='word_1_316' title='bbox 1644 2256 1763 2313; x_wconf 75' lang='grc' dir='ltr'><strong>εἶτα</strong></span> <span class='ocrx_word' id='word_1_317' title='bbox 1798 2260 1897 2331; x_wconf 82' lang='grc' dir='ltr'><strong>τὴν</strong></span> 
     </span>
    </p>
   </div>
   <div class='ocr_carea' id='block_1_40' title="bbox 1950 2256 3574 2331">
    <p class='ocr_par' dir='ltr' id='par_1_40' title="bbox 2004 2259 3574 2330">
     <span class='ocr_line' id='line_1_40' title="bbox 2004 2259 3574 2330; baseline -0.003 -13"><span class='ocrx_word' id='word_1_318' title='bbox 2004 2262 2260 2317; x_wconf 77' lang='lat' dir='ltr'><strong>diximus.</strong></span> <span class='ocrx_word' id='word_1_319' title='bbox 2296 2261 2679 2317; x_wconf 78' lang='lat' dir='ltr'><strong>Sacriﬁcantes</strong></span> <span class='ocrx_word' id='word_1_320' title='bbox 2722 2271 2902 2316; x_wconf 89' lang='lat' dir='ltr'><strong>autem</strong></span> <span class='ocrx_word' id='word_1_321' title='bbox 2949 2262 3175 2330; x_wconf 88' lang='lat' dir='ltr'><strong>impuris</strong></span> <span class='ocrx_word' id='word_1_322' title='bbox 3215 2259 3574 2319; x_wconf 72' lang='lat' dir='ltr'><strong>dtemonibus,</strong></span> 
     </span>
    </p>
   </div>
   <div class='ocr_carea' id='block_1_41' title="bbox 311 2349 1935 2425">
    <p class='ocr_par' dir='ltr' id='par_1_41' title="bbox 311 2351 1896 2425">
     <span class='ocr_line' id='line_1_41' title="bbox 311 2351 1896 2425; baseline -0.001 -19"><span class='ocrx_word' id='word_1_323' title='bbox 311 2353 669 2425; x_wconf 66' lang='grc' dir='ltr'><strong>ὀφειλομένην</strong></span> <span class='ocrx_word' id='word_1_324' title='bbox 697 2352 776 2423; x_wconf 82' lang='grc' dir='ltr'><strong>τῷ</strong></span> <span class='ocrx_word' id='word_1_325' title='bbox 801 2353 919 2423; x_wconf 83' lang='grc' dir='ltr'><strong>Θεῷ</strong></span> <span class='ocrx_word' id='word_1_326' title='bbox 946 2353 1124 2418; x_wconf 82' lang='grc' dir='ltr'><strong>δόξαν,</strong></span> <span class='ocrx_word' id='word_1_327' title='bbox 1155 2351 1338 2420; x_wconf 81' lang='grc' dir='ltr'>ὀλίγου</span> <span class='ocrx_word' id='word_1_328' title='bbox 1372 2352 1653 2415; x_wconf 81' lang='grc' dir='ltr'><strong>παντελῶς</strong></span> <span class='ocrx_word' id='word_1_329' title='bbox 1686 2351 1896 2417; x_wconf 79' lang='grc' dir='ltr'><strong>ἀξιοῦν-</strong></span> 
     </span>
    </p>
   </div>
   <div class='ocr_carea' id='block_1_42' title="bbox 1960 2349 3584 2425">
    <p class='ocr_par' dir='ltr' id='par_1_42' title="bbox 2003 2349 3584 2422">
     <span class='ocr_line' id='line_1_42' title="bbox 2003 2349 3584 2422; baseline -0.004 -14"><span class='ocrx_word' id='word_1_330' title='bbox 2003 2353 2196 2408; x_wconf 89' lang='lat' dir='ltr'><strong>deinde</strong></span> <span class='ocrx_word' id='word_1_331' title='bbox 2234 2353 2462 2422; x_wconf 73' lang='lat' dir='ltr'><strong>gloriam</strong></span> <span class='ocrx_word' id='word_1_332' title='bbox 2500 2351 2610 2406; x_wconf 88' lang='lat' dir='ltr'><strong>Deo</strong></span> <span class='ocrx_word' id='word_1_333' title='bbox 2642 2351 2876 2406; x_wconf 86' lang='lat' dir='ltr'><strong>debitam</strong></span> <span class='ocrx_word' id='word_1_334' title='bbox 2913 2351 3118 2405; x_wconf 88' lang='lat' dir='ltr'><strong>minimi</strong></span> <span class='ocrx_word' id='word_1_335' title='bbox 3153 2349 3436 2413; x_wconf 79' lang='lat' dir='ltr'><strong>facientes,</strong></span> <span class='ocrx_word' id='word_1_336' title='bbox 3463 2357 3584 2403; x_wconf 87' lang='lat' dir='ltr'><strong>tan-</strong></span> 
     </span>
    </p>
   </div>
   <div class='ocr_carea' id='block_1_43' title="bbox 308 2440 1932 2515">
    <p class='ocr_par' dir='ltr' id='par_1_43' title="bbox 308 2440 1892 2512">
     <span class='ocr_line' id='line_1_43' title="bbox 308 2440 1892 2512; baseline 0 -18"><span class='ocrx_word' id='word_1_337' title='bbox 308 2460 398 2506; x_wconf 89' lang='grc' dir='ltr'><strong>τες</strong></span> <span class='ocrx_word' id='word_1_338' title='bbox 424 2443 604 2511; x_wconf 81' lang='grc' dir='ltr'><strong>λόγου,</strong></span> <span class='ocrx_word' id='word_1_339' title='bbox 633 2442 913 2512; x_wconf 78' lang='grc' dir='ltr'><strong>μονονουχὶ</strong></span> <span class='ocrx_word' id='word_1_340' title='bbox 947 2442 1041 2494; x_wconf 71' lang='grc' dir='ltr'><strong>καὶ</strong></span> <span class='ocrx_word' id='word_1_341' title='bbox 1062 2441 1334 2505; x_wconf 73' lang='grc' dir='ltr'><strong>ὠνείδιζον</strong></span> <span class='ocrx_word' id='word_1_342' title='bbox 1353 2440 1515 2493; x_wconf 79' lang='grc' dir='ltr'><strong>αὑτὸν</strong></span> <span class='ocrx_word' id='word_1_343' title='bbox 1540 2441 1616 2504; x_wconf 87' lang='grc' dir='ltr'><strong>ὠς</strong></span> <span class='ocrx_word' id='word_1_344' title='bbox 1644 2440 1745 2494; x_wconf 81' lang='grc' dir='ltr'><strong>οὐκ</strong></span> <span class='ocrx_word' id='word_1_345' title='bbox 1765 2441 1892 2495; x_wconf 74' lang='grc' dir='ltr'><strong>ὄντα</strong></span> 
     </span>
    </p>
   </div>
   <div class='ocr_carea' id='block_1_44' title="bbox 1955 2440 3579 2515">
    <p class='ocr_par' dir='ltr' id='par_1_44' title="bbox 2003 2442 3579 2515">
     <span class='ocr_line' id='line_1_44' title="bbox 2003 2442 3579 2515; baseline -0.004 -17"><span class='ocrx_word' id='word_1_346' title='bbox 2003 2453 2113 2498; x_wconf 91' lang='lat' dir='ltr'><strong>tum</strong></span> <span class='ocrx_word' id='word_1_347' title='bbox 2144 2458 2248 2499; x_wconf 91' lang='lat' dir='ltr'><strong>non</strong></span> <span class='ocrx_word' id='word_1_348' title='bbox 2280 2444 2492 2515; x_wconf 85' lang='lat' dir='ltr'><strong>probris</strong></span> <span class='ocrx_word' id='word_1_349' title='bbox 2520 2458 2669 2508; x_wconf 91' lang='lat' dir='ltr'><strong>eum,</strong></span> <span class='ocrx_word' id='word_1_350' title='bbox 2691 2443 2914 2514; x_wconf 83' lang='lat' dir='ltr'><strong>perinde</strong></span> <span class='ocrx_word' id='word_1_351' title='bbox 2942 2456 3006 2497; x_wconf 85' lang='lat' dir='ltr'><strong>ac</strong></span> <span class='ocrx_word' id='word_1_352' title='bbox 3036 2442 3080 2497; x_wconf 92' lang='lat' dir='ltr'><strong>si</strong></span> <span class='ocrx_word' id='word_1_353' title='bbox 3112 2442 3253 2496; x_wconf 82' lang='lat' dir='ltr'><strong>Deus</strong></span> <span class='ocrx_word' id='word_1_354' title='bbox 3278 2454 3384 2494; x_wconf 89' lang='lat' dir='ltr'><strong>non</strong></span> <span class='ocrx_word' id='word_1_355' title='bbox 3411 2447 3579 2501; x_wconf 86' lang='lat' dir='ltr'><strong>esset.</strong></span> 
     </span>
    </p>
   </div>
   <div class='ocr_carea' id='block_1_45' title="bbox 308 2526 1932 2603">
    <p class='ocr_par' dir='ltr' id='par_1_45' title="bbox 308 2526 1891 2603">
     <span class='ocr_line' id='line_1_45' title="bbox 308 2526 1891 2603; baseline 0.001 -20"><span class='ocrx_word' id='word_1_356' title='bbox 308 2532 463 2584; x_wconf 82' lang='grc' dir='ltr'><strong>Θεόν.</strong></span> <span class='ocrx_word' id='word_1_357' title='bbox 495 2532 568 2585; x_wconf 80' lang='grc' dir='ltr'><strong>Τὸ</strong></span> <span class='ocrx_word' id='word_1_358' title='bbox 598 2532 705 2603; x_wconf 80' lang='grc' dir='ltr'><strong>γὰρ</strong></span> <span class='ocrx_word' id='word_1_359' title='bbox 739 2531 877 2596; x_wconf 85' lang='grc' dir='ltr'><strong>ὅλως</strong></span> <span class='ocrx_word' id='word_1_360' title='bbox 898 2534 1016 2596; x_wconf 79' lang='grc' dir='ltr'><strong>’τοῖς</strong></span> <span class='ocrx_word' id='word_1_361' title='bbox 1043 2533 1147 2584; x_wconf 78' lang='grc' dir='ltr'><strong>οὐκ</strong></span> <span class='ocrx_word' id='word_1_362' title='bbox 1195 2526 1316 2586; x_wconf 79' lang='grc' dir='ltr'><strong>οὖσι</strong></span> <span class='ocrx_word' id='word_1_363' title='bbox 1369 2531 1509 2594; x_wconf 87' lang='grc' dir='ltr'><strong>θεοῖς</strong></span> <span class='ocrx_word' id='word_1_364' title='bbox 1537 2532 1891 2603; x_wconf 86' lang='grc' dir='ltr'><strong>προσκεῖσθαι</strong></span> 
     </span>
    </p>
   </div>
   <div class='ocr_carea' id='block_1_46' title="bbox 1960 2526 3584 2603">
    <p class='ocr_par' dir='ltr' id='par_1_46' title="bbox 2001 2529 3584 2597">
     <span class='ocr_line' id='line_1_46' title="bbox 2001 2529 3584 2597; baseline -0.003 -10"><span class='ocrx_word' id='word_1_365' title='bbox 2001 2532 2316 2590; x_wconf 80' lang='lat' dir='ltr'><strong>aiiecerunt.</strong></span> <span class='ocrx_word' id='word_1_366' title='bbox 2352 2534 2501 2589; x_wconf 80' lang='lat' dir='ltr'><strong>Velle</strong></span> <span class='ocrx_word' id='word_1_367' title='bbox 2537 2535 2680 2590; x_wconf 85' lang='lat' dir='ltr'><strong>enim</strong></span> <span class='ocrx_word' id='word_1_368' title='bbox 2723 2536 2774 2588; x_wconf 78' lang='lat' dir='ltr'><strong>in</strong></span> <span class='ocrx_word' id='word_1_369' title='bbox 2821 2542 2988 2589; x_wconf 84' lang='lat' dir='ltr'><strong>tutum</strong></span> <span class='ocrx_word' id='word_1_370' title='bbox 3036 2546 3142 2588; x_wconf 91' lang='lat' dir='ltr'><strong>non</strong></span> <span class='ocrx_word' id='word_1_371' title='bbox 3191 2531 3292 2587; x_wconf 92' lang='lat' dir='ltr'><strong>diis</strong></span> <span class='ocrx_word' id='word_1_372' title='bbox 3338 2529 3584 2597; x_wconf 67' lang='lat' dir='ltr'><strong>adhaere—</strong></span> 
     </span>
    </p>
   </div>
   <div class='ocr_carea' id='block_1_47' title="bbox 310 2621 1934 2694">
    <p class='ocr_par' dir='ltr' id='par_1_47' title="bbox 310 2621 1890 2694">
     <span class='ocr_line' id='line_1_47' title="bbox 310 2621 1890 2694; baseline 0 -19"><span class='ocrx_word' id='word_1_373' title='bbox 310 2621 486 2676; x_wconf 89' lang='grc' dir='ltr'><strong>θέλειν</strong></span> <span class='ocrx_word' id='word_1_374' title='bbox 517 2622 667 2675; x_wconf 82' lang='grc' dir='ltr'><strong>οὐδὲν</strong></span> <span class='ocrx_word' id='word_1_375' title='bbox 725 2623 910 2694; x_wconf 74' lang='grc' dir='ltr'><strong>ἕτερον</strong></span> <span class='ocrx_word' id='word_1_376' title='bbox 944 2622 1029 2694; x_wconf 71' lang='grc' dir='ltr'><strong>εἴη</strong></span> <span class='ocrx_word' id='word_1_377' title='bbox 1062 2621 1150 2685; x_wconf 78' lang='grc' dir='ltr'><strong>ἂν,</strong></span> <span class='ocrx_word' id='word_1_378' title='bbox 1189 2621 1327 2693; x_wconf 77' lang='grc' dir='ltr'><strong>πλὴν</strong></span> <span class='ocrx_word' id='word_1_379' title='bbox 1360 2622 1441 2675; x_wconf 81' lang='grc' dir='ltr'><strong>ὅτι</strong></span> <span class='ocrx_word' id='word_1_380' title='bbox 1473 2621 1572 2693; x_wconf 78' lang='grc' dir='ltr'><strong>τὴν</strong></span> <span class='ocrx_word' id='word_1_381' title='bbox 1598 2622 1753 2675; x_wconf 88' lang='grc' dir='ltr'><strong>θείαν</strong></span> <span class='ocrx_word' id='word_1_382' title='bbox 1797 2624 1890 2677; x_wconf 77' lang='grc' dir='ltr'><strong>καὶ</strong></span> 
     </span>
    </p>
   </div>
   <div class='ocr_carea' id='block_1_48' title="bbox 1974 2621 3598 2694">
    <p class='ocr_par' dir='ltr' id='par_1_48' title="bbox 1997 2622 3598 2692">
     <span class='ocr_line' id='line_1_48' title="bbox 1997 2622 3598 2692; baseline -0.002 -17"><span class='ocrx_word' id='word_1_383' title='bbox 1997 2634 2181 2687; x_wconf 87' lang='lat' dir='ltr'><strong>scere,</strong></span> <span class='ocrx_word' id='word_1_384' title='bbox 2217 2622 2353 2676; x_wconf 88' lang='lat' dir='ltr'><strong>nihil</strong></span> <span class='ocrx_word' id='word_1_385' title='bbox 2393 2623 2536 2677; x_wconf 85' lang='lat' dir='ltr'><strong>aliud</strong></span> <span class='ocrx_word' id='word_1_386' title='bbox 2576 2632 2689 2690; x_wconf 87' lang='lat' dir='ltr'><strong>est,</strong></span> <span class='ocrx_word' id='word_1_387' title='bbox 2724 2636 2885 2692; x_wconf 89' lang='lat' dir='ltr'><strong>quam</strong></span> <span class='ocrx_word' id='word_1_388' title='bbox 2916 2622 3152 2677; x_wconf 81' lang='lat' dir='ltr'><strong>divinam</strong></span> <span class='ocrx_word' id='word_1_389' title='bbox 3181 2628 3237 2674; x_wconf 89' lang='lat' dir='ltr'><strong>et</strong></span> <span class='ocrx_word' id='word_1_390' title='bbox 3272 2632 3598 2688; x_wconf 84' lang='lat' dir='ltr'><strong>supremam.</strong></span> 
     </span>
    </p>
   </div>
   <div class='ocr_carea' id='block_1_49' title="bbox 308 2706 1932 2785">
    <p class='ocr_par' dir='ltr' id='par_1_49' title="bbox 308 2712 1885 2785">
     <span class='ocr_line' id='line_1_49' title="bbox 308 2712 1885 2785; baseline -0.001 -17"><span class='ocrx_word' id='word_1_391' title='bbox 308 2714 569 2768; x_wconf 85' lang='grc' dir='ltr'><strong>ἀνωτάτω</strong></span> <span class='ocrx_word' id='word_1_392' title='bbox 593 2712 965 2785; x_wconf 75' lang='grc' dir='ltr'><strong>περιυϐρίζειν</strong></span> <span class='ocrx_word' id='word_1_393' title='bbox 1007 2712 1183 2780; x_wconf 81' lang='grc' dir='ltr'><strong>δόξαν.</strong></span> <span class='ocrx_word' id='word_1_394' title='bbox 1231 2732 1250 2766; x_wconf 78' lang='lat' dir='ltr'><strong>t</strong></span> <span class='ocrx_word' id='word_1_395' title='bbox 1301 2713 1589 2767; x_wconf 81' lang='grc' dir='ltr'><strong>’Δποδώσω</strong></span> <span class='ocrx_word' id='word_1_396' title='bbox 1635 2733 1653 2764; x_wconf 75' lang='grc' dir='ltr'><strong>ι</strong></span> <span class='ocrx_word' id='word_1_397' title='bbox 1686 2714 1885 2780; x_wconf 83' lang='grc' dir='ltr'><strong>τοίνυν,</strong></span> 
     </span>
    </p>
   </div>
   <div class='ocr_carea' id='block_1_50' title="bbox 1952 2706 3576 2785">
    <p class='ocr_par' dir='ltr' id='par_1_50' title="bbox 1995 2706 3576 2782">
     <span class='ocr_line' id='line_1_50' title="bbox 1995 2706 3576 2782; baseline -0.003 -17"><span class='ocrx_word' id='word_1_398' title='bbox 1995 2711 2334 2780; x_wconf 74' lang='lat' dir='ltr'><strong>maiestatem</strong></span> <span class='ocrx_word' id='word_1_399' title='bbox 2361 2726 2741 2782; x_wconf 83' lang='lat' dir='ltr'><strong>conspurcare.</strong></span> <span class='ocrx_word' id='word_1_400' title='bbox 2769 2730 2788 2764; x_wconf 76' lang='grc' dir='ltr'><strong>ι</strong></span> <span class='ocrx_word' id='word_1_401' title='bbox 2822 2709 3061 2766; x_wconf 84' lang='lat' dir='ltr'><strong>Reddam</strong></span> <span class='ocrx_word' id='word_1_402' title='bbox 3093 2728 3113 2763; x_wconf 75' lang='grc' dir='ltr'><strong>ι</strong></span> <span class='ocrx_word' id='word_1_403' title='bbox 3168 2710 3354 2777; x_wconf 71' lang='lat' dir='ltr'><strong>igitur,</strong></span> <span class='ocrx_word' id='word_1_404' title='bbox 3381 2706 3576 2776; x_wconf 82' lang='lat' dir='ltr'><strong>inquit,</strong></span> 
     </span>
    </p>
   </div>
   <div class='ocr_carea' id='block_1_51' title="bbox 308 2796 1932 2876">
    <p class='ocr_par' dir='ltr' id='par_1_51' title="bbox 308 2804 1887 2876">
     <span class='ocr_line' id='line_1_51' title="bbox 308 2804 1887 2876; baseline 0.001 -19"><span class='ocrx_word' id='word_1_405' title='bbox 308 2806 462 2876; x_wconf 67' lang='grc' dir='ltr'><strong>φησι,</strong></span> <span class='ocrx_word' id='word_1_406' title='bbox 500 2823 519 2856; x_wconf 78' lang='grc' dir='ltr'><strong>ι</strong></span> <span class='ocrx_word' id='word_1_407' title='bbox 539 2805 608 2860; x_wconf 81' lang='grc' dir='ltr'><strong>τὰ</strong></span> <span class='ocrx_word' id='word_1_408' title='bbox 631 2805 768 2876; x_wconf 82' lang='grc' dir='ltr'><strong>ἔργα</strong></span> <span class='ocrx_word' id='word_1_409' title='bbox 802 2804 982 2858; x_wconf 83' lang='grc' dir='ltr'><strong>αὐτῶν</strong></span> <span class='ocrx_word' id='word_1_410' title='bbox 1010 2807 1090 2868; x_wconf 85' lang='grc' dir='ltr'><strong>είς</strong></span> <span class='ocrx_word' id='word_1_411' title='bbox 1119 2804 1209 2858; x_wconf 79' lang='grc' dir='ltr'><strong>τὸν</strong></span> <span class='ocrx_word' id='word_1_412' title='bbox 1236 2804 1434 2859; x_wconf 78' lang='grc' dir='ltr'><strong>κόλπον</strong></span> <span class='ocrx_word' id='word_1_413' title='bbox 1459 2804 1670 2859; x_wconf 81' lang='grc' dir='ltr'><strong>αὐτῶν·</strong></span> <span class='ocrx_word' id='word_1_414' title='bbox 1710 2823 1729 2856; x_wconf 74' lang='grc' dir='ltr'><strong>ι</strong></span> <span class='ocrx_word' id='word_1_415' title='bbox 1752 2805 1887 2859; x_wconf 78' lang='grc' dir='ltr'><strong>ἀπο-</strong></span> 
     </span>
    </p>
   </div>
   <div class='ocr_carea' id='block_1_52' title="bbox 1953 2796 3577 2876">
    <p class='ocr_par' dir='ltr' id='par_1_52' title="bbox 1998 2796 3577 2873">
     <span class='ocr_line' id='line_1_52' title="bbox 1998 2796 3577 2873; baseline -0.003 -18"><span class='ocrx_word' id='word_1_416' title='bbox 1998 2822 2017 2854; x_wconf 78' lang='grc' dir='ltr'><strong>ι</strong></span> <span class='ocrx_word' id='word_1_417' title='bbox 2065 2816 2226 2873; x_wconf 88' lang='lat' dir='ltr'><strong>opera</strong></span> <span class='ocrx_word' id='word_1_418' title='bbox 2267 2816 2457 2858; x_wconf 84' lang='lat' dir='ltr'><strong>eorum</strong></span> <span class='ocrx_word' id='word_1_419' title='bbox 2499 2803 2553 2857; x_wconf 92' lang='lat' dir='ltr'><strong>in</strong></span> <span class='ocrx_word' id='word_1_420' title='bbox 2599 2803 2777 2858; x_wconf 90' lang='lat' dir='ltr'><strong>sinum</strong></span> <span class='ocrx_word' id='word_1_421' title='bbox 2822 2817 3003 2858; x_wconf 89' lang='lat' dir='ltr'><strong>suum.</strong></span> <span class='ocrx_word' id='word_1_422' title='bbox 3041 2820 3062 2854; x_wconf 76' lang='grc' dir='ltr'><strong>ι</strong></span> <span class='ocrx_word' id='word_1_423' title='bbox 3104 2799 3271 2872; x_wconf 68' lang='lat'><strong>895</strong></span> <span class='ocrx_word' id='word_1_424' title='bbox 3308 2798 3390 2854; x_wconf 83' lang='lat' dir='ltr'><strong>Ab</strong></span> <span class='ocrx_word' id='word_1_425' title='bbox 3428 2796 3577 2852; x_wconf 90' lang='lat' dir='ltr'><strong>omni</strong></span> 
     </span>
    </p>
   </div>
   <div class='ocr_carea' id='block_1_53' title="bbox 305 2888 1929 2965">
    <p class='ocr_par' dir='ltr' id='par_1_53' title="bbox 305 2892 1886 2965">
     <span class='ocr_line' id='line_1_53' title="bbox 305 2892 1886 2965; baseline 0.001 -18"><span class='ocrx_word' id='word_1_426' title='bbox 305 2894 627 2947; x_wconf 76' lang='grc' dir='ltr'><strong>πεπτώκασι</strong></span> <span class='ocrx_word' id='word_1_427' title='bbox 655 2895 765 2965; x_wconf 85' lang='grc' dir='ltr'><strong>γὰρ</strong></span> <span class='ocrx_word' id='word_1_428' title='bbox 794 2892 999 2962; x_wconf 84' lang='grc' dir='ltr'><strong>ἀγαθοῦ</strong></span> <span class='ocrx_word' id='word_1_429' title='bbox 1032 2894 1232 2958; x_wconf 78' lang='grc' dir='ltr'><strong>παντὸς</strong></span> <span class='ocrx_word' id='word_1_430' title='bbox 1255 2934 1270 2958; x_wconf 91' lang='grc'><strong>,</strong></span> <span class='ocrx_word' id='word_1_431' title='bbox 1296 2894 1496 2957; x_wconf 80' lang='grc' dir='ltr'><strong>δειναῖς</strong></span> <span class='ocrx_word' id='word_1_432' title='bbox 1527 2910 1587 2947; x_wconf 86' lang='grc' dir='ltr'><strong>τε</strong></span> <span class='ocrx_word' id='word_1_433' title='bbox 1627 2894 1721 2949; x_wconf 77' lang='grc' dir='ltr'><strong>καὶ</strong></span> <span class='ocrx_word' id='word_1_434' title='bbox 1753 2894 1886 2962; x_wconf 76' lang='grc' dir='ltr'><strong>ἀφύ-</strong></span> 
     </span>
    </p>
   </div>
   <div class='ocr_carea' id='block_1_54' title="bbox 1958 2888 3582 2965">
    <p class='ocr_par' dir='ltr' id='par_1_54' title="bbox 1989 2888 3582 2964">
     <span class='ocr_line' id='line_1_54' title="bbox 1989 2888 3582 2964; baseline -0.004 -16"><span class='ocrx_word' id='word_1_435' title='bbox 1989 2892 2133 2948; x_wconf 91' lang='lat' dir='ltr'><strong>enim</strong></span> <span class='ocrx_word' id='word_1_436' title='bbox 2155 2893 2294 2948; x_wconf 89' lang='lat' dir='ltr'><strong>bono</strong></span> <span class='ocrx_word' id='word_1_437' title='bbox 2310 2894 2645 2959; x_wconf 87' lang='lat' dir='ltr'><strong>deciderunt,</strong></span> <span class='ocrx_word' id='word_1_438' title='bbox 2678 2893 2957 2964; x_wconf 82' lang='lat' dir='ltr'><strong>illapsique</strong></span> <span class='ocrx_word' id='word_1_439' title='bbox 2986 2894 3037 2947; x_wconf 91' lang='lat' dir='ltr'><strong>in</strong></span> <span class='ocrx_word' id='word_1_440' title='bbox 3056 2907 3248 2962; x_wconf 77' lang='lat' dir='ltr'><strong>graves</strong></span> <span class='ocrx_word' id='word_1_441' title='bbox 3268 2899 3324 2946; x_wconf 89' lang='lat' dir='ltr'><strong>et</strong></span> <span class='ocrx_word' id='word_1_442' title='bbox 3351 2888 3582 2945; x_wconf 86' lang='lat' dir='ltr'><strong>inevita-</strong></span> 
     </span>
    </p>
   </div>
   <div class='ocr_carea' id='block_1_55' title="bbox 305 2973 1929 3058">
    <p class='ocr_par' dir='ltr' id='par_1_55' title="bbox 305 2983 1881 3058">
     <span class='ocr_line' id='line_1_55' title="bbox 305 2983 1881 3058; baseline -0.001 -19"><span class='ocrx_word' id='word_1_443' title='bbox 305 3003 453 3049; x_wconf 88' lang='grc' dir='ltr'><strong>κτοις</strong></span> <span class='ocrx_word' id='word_1_444' title='bbox 474 2986 915 3058; x_wconf 82' lang='grc' dir='ltr'><strong>ὲνολισθήσαντες</strong></span> <span class='ocrx_word' id='word_1_445' title='bbox 952 3001 1016 3038; x_wconf 92' lang='grc' dir='ltr'><strong>συ</strong></span> <span class='ocrx_word' id='word_1_446' title='bbox 1024 2987 1281 3057; x_wconf 83' lang='grc' dir='ltr'><strong>μφοραϊς,</strong></span> <span class='ocrx_word' id='word_1_447' title='bbox 1310 2985 1469 3040; x_wconf 77' lang='grc' dir='ltr'><strong>κακοὶ</strong></span> <span class='ocrx_word' id='word_1_448' title='bbox 1488 2984 1674 3049; x_wconf 81' lang='grc' dir='ltr'><strong>κακῶς</strong></span> <span class='ocrx_word' id='word_1_449' title='bbox 1695 2983 1881 3038; x_wconf 83' lang='grc' dir='ltr'><strong>διολώ-</strong></span> 
     </span>
    </p>
   </div>
   <div class='ocr_carea' id='block_1_56' title="bbox 1985 2973 3609 3058">
    <p class='ocr_par' dir='ltr' id='par_1_56' title="bbox 1988 2973 3609 3056">
     <span class='ocr_line' id='line_1_56' title="bbox 1988 2973 3609 3056; baseline -0.002 -17"><span class='ocrx_word' id='word_1_450' title='bbox 1988 2982 2126 3039; x_wconf 85' lang='lat' dir='ltr'><strong>biles</strong></span> <span class='ocrx_word' id='word_1_451' title='bbox 2153 2982 2509 3051; x_wconf 81' lang='lat' dir='ltr'><strong>calamitates,</strong></span> <span class='ocrx_word' id='word_1_452' title='bbox 2541 2987 2669 3041; x_wconf 87' lang='lat' dir='ltr'><strong>mali</strong></span> <span class='ocrx_word' id='word_1_453' title='bbox 2697 2985 2837 3041; x_wconf 86' lang='lat' dir='ltr'><strong>male</strong></span> <span class='ocrx_word' id='word_1_454' title='bbox 2865 2984 3187 3056; x_wconf 43' lang='lat' dir='ltr'><strong>perierunt“</strong></span> <span class='ocrx_word' id='word_1_455' title='bbox 3591 2973 3609 3029; x_wconf 69' lang='lat' dir='ltr'><strong>lt</strong></span> 
     </span>
    </p>
   </div>
   <div class='ocr_carea' id='block_1_57' title="bbox 301 3076 478 3131">
    <p class='ocr_par' dir='ltr' id='par_1_57' title="bbox 301 3076 478 3131">
     <span class='ocr_line' id='line_1_57' title="bbox 301 3076 478 3131; baseline 0.017 -3"><span class='ocrx_word' id='word_1_456' title='bbox 301 3076 478 3131; x_wconf 89' lang='grc' dir='ltr'><strong>λασιν.</strong></span> 
     </span>
    </p>
   </div>
   <div class='ocr_carea' id='block_1_58' title="bbox 370 3160 1994 3238">
    <p class='ocr_par' dir='ltr' id='par_1_58' title="bbox 370 3167 1879 3238">
     <span class='ocr_line' id='line_1_58' title="bbox 370 3167 1879 3238; baseline 0.001 -17"><span class='ocrx_word' id='word_1_457' title='bbox 370 3170 569 3236; x_wconf 83' lang='grc' dir='ltr'><strong>οὕτως</strong></span> <span class='ocrx_word' id='word_1_458' title='bbox 608 3169 772 3238; x_wconf 83' lang='grc' dir='ltr'><strong>λέγει</strong></span> <span class='ocrx_word' id='word_1_459' title='bbox 808 3169 1045 3238; x_wconf 84' lang='grc' dir='ltr'><strong>Κύριος·</strong></span> <span class='ocrx_word' id='word_1_460' title='bbox 1092 3169 1205 3223; x_wconf 82' lang='grc' dir='ltr'><strong>Ὃν</strong></span> <span class='ocrx_word' id='word_1_461' title='bbox 1232 3168 1457 3237; x_wconf 73' lang='grc' dir='ltr'><strong>τρόπον</strong></span> <span class='ocrx_word' id='word_1_462' title='bbox 1496 3167 1879 3236; x_wconf 79' lang='grc' dir='ltr'><strong>εὑρεθήσεται</strong></span> 
     </span>
    </p>
   </div>
   <div class='ocr_carea' id='block_1_59' title="bbox 1953 3160 3577 3238">
    <p class='ocr_par' dir='ltr' id='par_1_59' title="bbox 2060 3160 3577 3232">
     <span class='ocr_line' id='line_1_59' title="bbox 2060 3160 3577 3232; baseline -0.005 -11"><span class='ocrx_word' id='word_1_463' title='bbox 2060 3165 2220 3223; x_wconf 74' lang='lat' dir='ltr'><strong>Vsus.</strong></span> <span class='ocrx_word' id='word_1_464' title='bbox 2246 3165 2301 3232; x_wconf 82' lang='lat'><strong>8,</strong></span> <span class='ocrx_word' id='word_1_465' title='bbox 2334 3165 2388 3225; x_wconf 90' lang='lat'><strong>9.</strong></span> <span class='ocrx_word' id='word_1_466' title='bbox 2427 3164 2516 3221; x_wconf 93' lang='lat' dir='ltr'><strong>Sic</strong></span> <span class='ocrx_word' id='word_1_467' title='bbox 2555 3165 2684 3220; x_wconf 81' lang='lat' dir='ltr'><strong>dicit</strong></span> <span class='ocrx_word' id='word_1_468' title='bbox 2732 3162 3029 3218; x_wconf 78' lang='lat' dir='ltr'><strong>Dominus:</strong></span> <span class='ocrx_word' id='word_1_469' title='bbox 3070 3161 3186 3228; x_wconf 84' lang='lat' dir='ltr'><strong>Quo</strong></span> <span class='ocrx_word' id='word_1_470' title='bbox 3218 3160 3373 3213; x_wconf 91' lang='lat' dir='ltr'><strong>modo</strong></span> <span class='ocrx_word' id='word_1_471' title='bbox 3434 3160 3577 3214; x_wconf 80' lang='lat' dir='ltr'><strong>inve-</strong></span> 
     </span>
    </p>
   </div>
   <div class='ocr_carea' id='block_1_60' title="bbox 296 3252 1920 3330">
    <p class='ocr_par' dir='ltr' id='par_1_60' title="bbox 296 3258 1873 3330">
     <span class='ocr_line' id='line_1_60' title="bbox 296 3258 1873 3330; baseline 0.003 -19"><span class='ocrx_word' id='word_1_472' title='bbox 296 3258 414 3327; x_wconf 78' lang='grc' dir='ltr'><strong>ρὰξ</strong></span> <span class='ocrx_word' id='word_1_473' title='bbox 439 3259 603 3325; x_wconf 84' lang='grc' dir='ltr'><strong>ἐντῷ</strong></span> <span class='ocrx_word' id='word_1_474' title='bbox 627 3261 867 3329; x_wconf 83' lang='grc' dir='ltr'><strong>βότρυτ,</strong></span> <span class='ocrx_word' id='word_1_475' title='bbox 905 3265 1004 3314; x_wconf 80' lang='grc' dir='ltr'><strong>καὶ</strong></span> <span class='ocrx_word' id='word_1_476' title='bbox 1028 3260 1258 3329; x_wconf 78' lang='grc' dir='ltr'><strong>ἐροῦσι·</strong></span> <span class='ocrx_word' id='word_1_477' title='bbox 1282 3259 1378 3329; x_wconf 73' lang='grc' dir='ltr'><strong>Μὴ</strong></span> <span class='ocrx_word' id='word_1_478' title='bbox 1403 3258 1645 3330; x_wconf 79' lang='grc' dir='ltr'><strong>λυμήνῃ</strong></span> <span class='ocrx_word' id='word_1_479' title='bbox 1666 3260 1873 3328; x_wconf 84' lang='grc' dir='ltr'><strong>αὐτὸν,</strong></span> 
     </span>
    </p>
   </div>
   <div class='ocr_carea' id='block_1_61' title="bbox 1949 3252 3573 3330">
    <p class='ocr_par' dir='ltr' id='par_1_61' title="bbox 1986 3252 3573 3325">
     <span class='ocr_line' id='line_1_61' title="bbox 1986 3252 3573 3325; baseline -0.003 -13"><span class='ocrx_word' id='word_1_480' title='bbox 1986 3257 2160 3312; x_wconf 84' lang='lat' dir='ltr'><strong>nietur</strong></span> <span class='ocrx_word' id='word_1_481' title='bbox 2179 3259 2390 3313; x_wconf 82' lang='lat' dir='ltr'><strong>acinum</strong></span> <span class='ocrx_word' id='word_1_482' title='bbox 2412 3258 2467 3312; x_wconf 88' lang='lat' dir='ltr'><strong>in</strong></span> <span class='ocrx_word' id='word_1_483' title='bbox 2485 3258 2652 3320; x_wconf 84' lang='lat' dir='ltr'><strong>botro,</strong></span> <span class='ocrx_word' id='word_1_484' title='bbox 2666 3265 2715 3312; x_wconf 89' lang='lat' dir='ltr'><strong>et</strong></span> <span class='ocrx_word' id='word_1_485' title='bbox 2728 3257 2897 3311; x_wconf 82' lang='lat' dir='ltr'><strong>dicent</strong></span> <span class='ocrx_word' id='word_1_486' title='bbox 2921 3271 2936 3303; x_wconf 66' lang='grc' dir='ltr'><strong>ε</strong></span> <span class='ocrx_word' id='word_1_487' title='bbox 2964 3252 3048 3309; x_wconf 88' lang='lat' dir='ltr'><strong>Ne</strong></span> <span class='ocrx_word' id='word_1_488' title='bbox 3062 3254 3251 3325; x_wconf 80' lang='lat' dir='ltr'><strong>perdas</strong></span> <span class='ocrx_word' id='word_1_489' title='bbox 3274 3252 3430 3320; x_wconf 80' lang='lat' dir='ltr'><strong>illud,</strong></span> <span class='ocrx_word' id='word_1_490' title='bbox 3450 3255 3573 3324; x_wconf 82' lang='lat' dir='ltr'><strong>quia</strong></span> 
     </span>
    </p>
   </div>
   <div class='ocr_carea' id='block_1_62' title="bbox 299 3346 1923 3419">
    <p class='ocr_par' dir='ltr' id='par_1_62' title="bbox 299 3349 1878 3419">
     <span class='ocr_line' id='line_1_62' title="bbox 299 3349 1878 3419; baseline 0.003 -17"><span class='ocrx_word' id='word_1_491' title='bbox 299 3349 390 3403; x_wconf 87' lang='grc' dir='ltr'><strong>ὅτι</strong></span> <span class='ocrx_word' id='word_1_492' title='bbox 422 3351 669 3419; x_wconf 63' lang='grc' dir='ltr'><strong>εὐλογία</strong></span> <span class='ocrx_word' id='word_1_493' title='bbox 703 3351 869 3406; x_wconf 78' lang='grc' dir='ltr'><strong>ἐστὶν</strong></span> <span class='ocrx_word' id='word_1_494' title='bbox 905 3350 976 3406; x_wconf 84' lang='grc' dir='ltr'><strong>ἐν</strong></span> <span class='ocrx_word' id='word_1_495' title='bbox 1016 3350 1196 3418; x_wconf 82' lang='grc' dir='ltr'><strong>αὐτῷ·</strong></span> <span class='ocrx_word' id='word_1_496' title='bbox 1217 3351 1371 3406; x_wconf 83' lang='grc' dir='ltr'><strong>οὕτω</strong></span> <span class='ocrx_word' id='word_1_497' title='bbox 1401 3353 1637 3419; x_wconf 75' lang='grc' dir='ltr'><strong>ποιήσω</strong></span> <span class='ocrx_word' id='word_1_498' title='bbox 1665 3352 1878 3407; x_wconf 75' lang='grc' dir='ltr'><strong>ἕνεκεν</strong></span> 
     </span>
    </p>
   </div>
   <div class='ocr_carea' id='block_1_63' title="bbox 1951 3346 3575 3419">
    <p class='ocr_par' dir='ltr' id='par_1_63' title="bbox 1986 3346 3575 3419">
     <span class='ocr_line' id='line_1_63' title="bbox 1986 3346 3575 3419; baseline -0.003 -17"><span class='ocrx_word' id='word_1_499' title='bbox 1986 3349 2274 3404; x_wconf 76' lang='lat' dir='ltr'><strong>benedictio</strong></span> <span class='ocrx_word' id='word_1_500' title='bbox 2288 3361 2365 3405; x_wconf 84' lang='lat' dir='ltr'><strong>est</strong></span> <span class='ocrx_word' id='word_1_501' title='bbox 2396 3352 2453 3405; x_wconf 81' lang='lat' dir='ltr'><strong>ia</strong></span> <span class='ocrx_word' id='word_1_502' title='bbox 2477 3365 2538 3405; x_wconf 91' lang='lat' dir='ltr'><strong>eo</strong></span> <span class='ocrx_word' id='word_1_503' title='bbox 2559 3365 2579 3405; x_wconf 91' lang='lat'><strong><em>:</em></strong></span> <span class='ocrx_word' id='word_1_504' title='bbox 2608 3349 2684 3404; x_wconf 89' lang='lat' dir='ltr'><strong>sic</strong></span> <span class='ocrx_word' id='word_1_505' title='bbox 2704 3348 2899 3419; x_wconf 74' lang='lat' dir='ltr'><strong>faciam</strong></span> <span class='ocrx_word' id='word_1_506' title='bbox 2929 3356 3140 3417; x_wconf 83' lang='lat' dir='ltr'><strong>propter</strong></span> <span class='ocrx_word' id='word_1_507' title='bbox 3157 3362 3273 3402; x_wconf 81' lang='lat' dir='ltr'><strong>eum</strong></span> <span class='ocrx_word' id='word_1_508' title='bbox 3296 3346 3387 3416; x_wconf 89' lang='lat' dir='ltr'><strong>qui</strong></span> <span class='ocrx_word' id='word_1_509' title='bbox 3417 3348 3575 3401; x_wconf 83' lang='lat' dir='ltr'><strong>sercit</strong></span> 
     </span>
    </p>
   </div>
   <div class='ocr_carea' id='block_1_64' title="bbox 298 3427 1922 3516">
    <p class='ocr_par' dir='ltr' id='par_1_64' title="bbox 298 3437 1922 3516">
     <span class='ocr_line' id='line_1_64' title="bbox 298 3437 1922 3516; baseline 0.005 -21"><span class='ocrx_word' id='word_1_510' title='bbox 298 3442 404 3495; x_wconf 79' lang='grc' dir='ltr'><strong>τοῦ</strong></span> <span class='ocrx_word' id='word_1_511' title='bbox 433 3442 831 3509; x_wconf 75' lang='grc' dir='ltr'><strong>δουλεύοντος</strong></span> <span class='ocrx_word' id='word_1_512' title='bbox 854 3461 969 3511; x_wconf 84' lang='grc' dir='ltr'><strong>μοι.</strong></span> <span class='ocrx_word' id='word_1_513' title='bbox 1007 3446 1228 3500; x_wconf 86' lang='grc' dir='ltr'><strong>Τούτου</strong></span> <span class='ocrx_word' id='word_1_514' title='bbox 1253 3444 1433 3500; x_wconf 80' lang='grc' dir='ltr'><strong>ἕνεκα</strong></span> <span class='ocrx_word' id='word_1_515' title='bbox 1452 3447 1526 3501; x_wconf 86' lang='grc' dir='ltr'><strong>οὐ</strong></span> <span class='ocrx_word' id='word_1_516' title='bbox 1547 3445 1636 3516; x_wconf 76' lang='grc' dir='ltr'><strong>μὴ</strong></span> <span class='ocrx_word' id='word_1_517' title='bbox 1665 3446 1885 3503; x_wconf 78' lang='grc' dir='ltr'><strong>ἀπολέ-</strong></span> <span class='ocrx_word' id='word_1_518' title='bbox 1913 3437 1922 3481; x_wconf 75' lang='grc'><strong>⁴</strong></span> 
     </span>
    </p>
   </div>
   <div class='ocr_carea' id='block_1_65' title="bbox 1950 3427 3574 3516">
    <p class='ocr_par' dir='ltr' id='par_1_65' title="bbox 1950 3430 3574 3512">
     <span class='ocr_line' id='line_1_65' title="bbox 1950 3430 3574 3512; baseline 0.001 -20"><span class='ocrx_word' id='word_1_519' title='bbox 1950 3430 1957 3485; x_wconf 75' lang='grc' dir='ltr'><strong>ἶ</strong></span> <span class='ocrx_word' id='word_1_520' title='bbox 1990 3441 2139 3507; x_wconf 82' lang='lat' dir='ltr'><strong>mihi,</strong></span> <span class='ocrx_word' id='word_1_521' title='bbox 2163 3441 2315 3510; x_wconf 81' lang='lat' dir='ltr'><strong>cujus</strong></span> <span class='ocrx_word' id='word_1_522' title='bbox 2363 3458 2529 3497; x_wconf 88' lang='lat' dir='ltr'><strong>causa</strong></span> <span class='ocrx_word' id='word_1_523' title='bbox 2557 3458 2659 3496; x_wconf 82' lang='lat' dir='ltr'><strong>non</strong></span> <span class='ocrx_word' id='word_1_524' title='bbox 2681 3440 2896 3512; x_wconf 83' lang='lat' dir='ltr'><strong>perdam</strong></span> <span class='ocrx_word' id='word_1_525' title='bbox 2931 3456 3128 3495; x_wconf 82' lang='lat' dir='ltr'><strong>omnes.</strong></span> <span class='ocrx_word' id='word_1_526' title='bbox 3174 3439 3243 3494; x_wconf 84' lang='lat' dir='ltr'><strong>Et</strong></span> <span class='ocrx_word' id='word_1_527' title='bbox 3280 3440 3464 3494; x_wconf 82' lang='lat' dir='ltr'><strong>tollam</strong></span> <span class='ocrx_word' id='word_1_528' title='bbox 3508 3456 3574 3494; x_wconf 78' lang='lat' dir='ltr'><strong>ea:</strong></span> 
     </span>
    </p>
   </div>
   <div class='ocr_carea' id='block_1_66' title="bbox 298 3532 1922 3610">
    <p class='ocr_par' dir='ltr' id='par_1_66' title="bbox 298 3535 1885 3610">
     <span class='ocr_line' id='line_1_66' title="bbox 298 3535 1885 3610; baseline 0.005 -23"><span class='ocrx_word' id='word_1_529' title='bbox 298 3549 387 3587; x_wconf 91' lang='grc' dir='ltr'><strong>σω</strong></span> <span class='ocrx_word' id='word_1_530' title='bbox 422 3535 675 3601; x_wconf 79' lang='grc' dir='ltr'><strong>πάντας.</strong></span> <span class='ocrx_word' id='word_1_531' title='bbox 701 3536 811 3590; x_wconf 81' lang='lat' dir='ltr'><strong>Kal</strong></span> <span class='ocrx_word' id='word_1_532' title='bbox 844 3535 1036 3604; x_wconf 76' lang='grc' dir='ltr'><strong>ἐξαρῶ</strong></span> <span class='ocrx_word' id='word_1_533' title='bbox 1062 3538 1129 3591; x_wconf 79' lang='grc' dir='ltr'><strong>τό</strong></span> <span class='ocrx_word' id='word_1_534' title='bbox 1161 3538 1232 3603; x_wconf 80' lang='grc' dir='ltr'><strong>ἐξ</strong></span> <span class='ocrx_word' id='word_1_535' title='bbox 1271 3538 1482 3594; x_wconf 74' lang='grc' dir='ltr'><strong>Ἰακὼϐ</strong></span> <span class='ocrx_word' id='word_1_536' title='bbox 1498 3539 1757 3610; x_wconf 80' lang='grc' dir='ltr'><strong>σπέρμα,</strong></span> <span class='ocrx_word' id='word_1_537' title='bbox 1784 3540 1885 3595; x_wconf 70' lang='grc' dir='ltr'><strong>καὶ</strong></span> 
     </span>
    </p>
   </div>
   <div class='ocr_carea' id='block_1_67' title="bbox 1949 3532 3573 3610">
    <p class='ocr_par' dir='ltr' id='par_1_67' title="bbox 1988 3532 3573 3600">
     <span class='ocr_line' id='line_1_67' title="bbox 1988 3532 3573 3600; baseline -0.001 -12"><span class='ocrx_word' id='word_1_538' title='bbox 1988 3533 2153 3588; x_wconf 77' lang='lat' dir='ltr'><strong>Iacob</strong></span> <span class='ocrx_word' id='word_1_539' title='bbox 2182 3550 2377 3600; x_wconf 81' lang='lat' dir='ltr'><strong>semen,</strong></span> <span class='ocrx_word' id='word_1_540' title='bbox 2404 3544 2453 3588; x_wconf 86' lang='lat' dir='ltr'><strong>et</strong></span> <span class='ocrx_word' id='word_1_541' title='bbox 2475 3550 2541 3589; x_wconf 81' lang='lat' dir='ltr'><strong>ea:</strong></span> <span class='ocrx_word' id='word_1_542' title='bbox 2569 3534 2734 3600; x_wconf 78' lang='lat' dir='ltr'><strong>Iuda,</strong></span> <span class='ocrx_word' id='word_1_543' title='bbox 2766 3543 2814 3588; x_wconf 88' lang='lat' dir='ltr'><strong>et</strong></span> <span class='ocrx_word' id='word_1_544' title='bbox 2850 3532 3180 3591; x_wconf 64' lang='lat' dir='ltr'><strong>hareditabit</strong></span> <span class='ocrx_word' id='word_1_545' title='bbox 3214 3542 3440 3587; x_wconf 82' lang='lat' dir='ltr'><strong>montem</strong></span> <span class='ocrx_word' id='word_1_546' title='bbox 3455 3548 3573 3586; x_wconf 85' lang='lat' dir='ltr'><strong>sau-</strong></span> 
     </span>
    </p>
   </div>
   <div class='ocr_carea' id='block_1_68' title="bbox 295 3621 1919 3701">
    <p class='ocr_par' dir='ltr' id='par_1_68' title="bbox 295 3626 1887 3701">
     <span class='ocr_line' id='line_1_68' title="bbox 295 3626 1887 3701; baseline 0.004 -23"><span class='ocrx_word' id='word_1_547' title='bbox 295 3627 363 3678; x_wconf 85' lang='grc' dir='ltr'><strong>τὸ</strong></span> <span class='ocrx_word' id='word_1_548' title='bbox 394 3626 464 3689; x_wconf 76' lang='grc' dir='ltr'><strong>ἐξ</strong></span> <span class='ocrx_word' id='word_1_549' title='bbox 501 3626 714 3691; x_wconf 82' lang='grc' dir='ltr'><strong>Ἰούδα,</strong></span> <span class='ocrx_word' id='word_1_550' title='bbox 745 3627 841 3680; x_wconf 77' lang='grc' dir='ltr'><strong>καὶ</strong></span> <span class='ocrx_word' id='word_1_551' title='bbox 878 3629 1322 3698; x_wconf 69' lang='grc' dir='ltr'><strong>κληρονομήσει</strong></span> <span class='ocrx_word' id='word_1_552' title='bbox 1352 3631 1418 3684; x_wconf 85' lang='grc' dir='ltr'><strong>τὸ</strong></span> <span class='ocrx_word' id='word_1_553' title='bbox 1441 3631 1580 3699; x_wconf 83' lang='grc' dir='ltr'><strong>ὄρος</strong></span> <span class='ocrx_word' id='word_1_554' title='bbox 1609 3631 1675 3684; x_wconf 81' lang='grc' dir='ltr'><strong>τό</strong></span> <span class='ocrx_word' id='word_1_555' title='bbox 1712 3630 1887 3701; x_wconf 78' lang='grc' dir='ltr'><strong>ἅγιόν</strong></span> 
     </span>
    </p>
   </div>
   <div class='ocr_carea' id='block_1_69' title="bbox 1948 3621 3572 3701">
    <p class='ocr_par' dir='ltr' id='par_1_69' title="bbox 1987 3621 3572 3692">
     <span class='ocr_line' id='line_1_69' title="bbox 1987 3621 3572 3692; baseline -0.002 -14"><span class='ocrx_word' id='word_1_556' title='bbox 1987 3634 2130 3679; x_wconf 84' lang='lat' dir='ltr'><strong>ctum</strong></span> <span class='ocrx_word' id='word_1_557' title='bbox 2163 3641 2357 3684; x_wconf 82' lang='lat' dir='ltr'><strong>meum.</strong></span> <span class='ocrx_word' id='word_1_558' title='bbox 2400 3624 2468 3680; x_wconf 83' lang='lat' dir='ltr'><strong>Et</strong></span> <span class='ocrx_word' id='word_1_559' title='bbox 2496 3625 2882 3683; x_wconf 56' lang='lat' dir='ltr'><strong>hereditatum</strong></span> <span class='ocrx_word' id='word_1_560' title='bbox 2918 3624 3071 3680; x_wconf 83' lang='lat' dir='ltr'><strong>electi</strong></span> <span class='ocrx_word' id='word_1_561' title='bbox 3102 3631 3154 3679; x_wconf 88' lang='lat' dir='ltr'><strong>et</strong></span> <span class='ocrx_word' id='word_1_562' title='bbox 3187 3621 3322 3679; x_wconf 75' lang='lat' dir='ltr'><strong>serti</strong></span> <span class='ocrx_word' id='word_1_563' title='bbox 3346 3623 3469 3692; x_wconf 81' lang='lat' dir='ltr'><strong>mei.</strong></span> <span class='ocrx_word' id='word_1_564' title='bbox 3522 3632 3572 3675; x_wconf 85' lang='lat' dir='ltr'><strong>et</strong></span> 
     </span>
    </p>
   </div>
   <div class='ocr_carea' id='block_1_70' title="bbox 293 3712 1917 3782">
    <p class='ocr_par' dir='ltr' id='par_1_70' title="bbox 293 3712 1886 3782">
     <span class='ocr_line' id='line_1_70' title="bbox 293 3712 1886 3782; baseline 0.003 -16"><span class='ocrx_word' id='word_1_565' title='bbox 293 3730 434 3782; x_wconf 79' lang='grc' dir='ltr'><strong>μου,</strong></span> <span class='ocrx_word' id='word_1_566' title='bbox 474 3713 574 3765; x_wconf 75' lang='grc' dir='ltr'><strong>καὶ</strong></span> <span class='ocrx_word' id='word_1_567' title='bbox 602 3712 1173 3779; x_wconf 70' lang='grc' dir='ltr'><strong>κληρονομήσουσιν</strong></span> <span class='ocrx_word' id='word_1_568' title='bbox 1229 3718 1284 3767; x_wconf 78' lang='grc' dir='ltr'><strong>οἱ</strong></span> <span class='ocrx_word' id='word_1_569' title='bbox 1327 3716 1640 3781; x_wconf 78' lang='grc' dir='ltr'><strong>ἐκλεκτοὶ,</strong></span> <span class='ocrx_word' id='word_1_570' title='bbox 1681 3717 1782 3770; x_wconf 76' lang='grc' dir='ltr'><strong>καὶ</strong></span> <span class='ocrx_word' id='word_1_571' title='bbox 1831 3720 1886 3770; x_wconf 75' lang='grc' dir='ltr'><strong>οἱ</strong></span> 
     </span>
    </p>
   </div>
   <div class='ocr_carea' id='block_1_71' title="bbox 797 3712 2421 3782">
    <p class='ocr_par' dir='ltr' id='par_1_71' title="bbox 797 3712 2421 3781">
     <span class='ocr_line' id='line_1_71' title="bbox 797 3712 2421 3781; baseline 0.005 -18"><span class='ocrx_word' id='word_1_572' title='bbox 797 3712 1173 3779; x_wconf 78' lang='grc' dir='ltr'><strong>νομήσουσιν</strong></span> <span class='ocrx_word' id='word_1_573' title='bbox 1229 3718 1284 3767; x_wconf 79' lang='grc' dir='ltr'><strong>οἱ</strong></span> <span class='ocrx_word' id='word_1_574' title='bbox 1327 3716 1640 3781; x_wconf 78' lang='grc' dir='ltr'><strong>ἐκλεκτοὶ,</strong></span> <span class='ocrx_word' id='word_1_575' title='bbox 1681 3717 1782 3770; x_wconf 75' lang='grc' dir='ltr'><strong>καὶ</strong></span> <span class='ocrx_word' id='word_1_576' title='bbox 1831 3720 1886 3770; x_wconf 75' lang='grc' dir='ltr'><strong>οἱ</strong></span> <span class='ocrx_word' id='word_1_577' title='bbox 1989 3716 2301 3771; x_wconf 76' lang='lat' dir='ltr'><strong>habitabant</strong></span> <span class='ocrx_word' id='word_1_578' title='bbox 2327 3717 2421 3771; x_wconf 83' lang='lat' dir='ltr'><strong>ibi.</strong></span> 
     </span>
    </p>
   </div>
   <div class='ocr_carea' id='block_1_72' title="bbox 296 3800 1484 3871">
    <p class='ocr_par' dir='ltr' id='par_1_72' title="bbox 296 3800 1484 3871">
     <span class='ocr_line' id='line_1_72' title="bbox 296 3800 1484 3871; baseline -0.001 -16"><span class='ocrx_word' id='word_1_579' title='bbox 296 3803 509 3856; x_wconf 77' lang='grc' dir='ltr'><strong>δοῦλοί</strong></span> <span class='ocrx_word' id='word_1_580' title='bbox 536 3818 680 3871; x_wconf 85' lang='grc' dir='ltr'><strong>μου,</strong></span> <span class='ocrx_word' id='word_1_581' title='bbox 710 3800 809 3854; x_wconf 76' lang='grc' dir='ltr'><strong>καί</strong></span> <span class='ocrx_word' id='word_1_582' title='bbox 830 3800 1312 3869; x_wconf 82' lang='grc' dir='ltr'><strong>κατοικήσουσιν</strong></span> <span class='ocrx_word' id='word_1_583' title='bbox 1342 3802 1484 3856; x_wconf 85' lang='grc' dir='ltr'><strong>ἐκεῖ.</strong></span> 
     </span>
    </p>
   </div>
   <div class='ocr_carea' id='block_1_73' title="bbox 381 3884 2005 3963">
    <p class='ocr_par' dir='ltr' id='par_1_73' title="bbox 381 3889 1886 3963">
     <span class='ocr_line' id='line_1_73' title="bbox 381 3889 1886 3963; baseline 0.001 -19"><span class='ocrx_word' id='word_1_584' title='bbox 381 3889 683 3962; x_wconf 86' lang='grc' dir='ltr'><strong>Ἐπηνέχθη</strong></span> <span class='ocrx_word' id='word_1_585' title='bbox 716 3890 815 3961; x_wconf 82' lang='grc' dir='ltr'><strong>μὲν</strong></span> <span class='ocrx_word' id='word_1_586' title='bbox 856 3890 1132 3953; x_wconf 87' lang='grc' dir='ltr'><strong>Ἰουδαίοις</strong></span> <span class='ocrx_word' id='word_1_587' title='bbox 1175 3890 1244 3944; x_wconf 80' lang='grc' dir='ltr'><strong>τὰ</strong></span> <span class='ocrx_word' id='word_1_588' title='bbox 1274 3892 1338 3944; x_wconf 79' lang='grc' dir='ltr'><strong>ὲκ</strong></span> <span class='ocrx_word' id='word_1_589' title='bbox 1366 3891 1518 3955; x_wconf 83' lang='grc' dir='ltr'><strong>θείας</strong></span> <span class='ocrx_word' id='word_1_590' title='bbox 1554 3892 1725 3963; x_wconf 81' lang='grc' dir='ltr'><strong>ὀργῆς</strong></span> <span class='ocrx_word' id='word_1_591' title='bbox 1746 3935 1760 3958; x_wconf 89' lang='grc'><strong>,</strong></span> <span class='ocrx_word' id='word_1_592' title='bbox 1793 3892 1886 3945; x_wconf 78' lang='grc' dir='ltr'><strong>καὶ</strong></span> 
     </span>
    </p>
   </div>
   <div class='ocr_carea' id='block_1_74' title="bbox 1943 3884 3567 3963">
    <p class='ocr_par' dir='ltr' id='par_1_74' title="bbox 2060 3884 3567 3958">
     <span class='ocr_line' id='line_1_74' title="bbox 2060 3884 3567 3958; baseline 0.005 -21"><span class='ocrx_word' id='word_1_593' title='bbox 2060 3884 2249 3939; x_wconf 80' lang='lat' dir='ltr'><strong>Divina</strong></span> <span class='ocrx_word' id='word_1_594' title='bbox 2277 3885 2355 3938; x_wconf 85' lang='lat' dir='ltr'><strong>ira</strong></span> <span class='ocrx_word' id='word_1_595' title='bbox 2374 3884 2572 3940; x_wconf 69' lang='lat' dir='ltr'><strong>Iudaeis</strong></span> <span class='ocrx_word' id='word_1_596' title='bbox 2588 3886 2785 3941; x_wconf 80' lang='lat' dir='ltr'><strong>inﬂicta</strong></span> <span class='ocrx_word' id='word_1_597' title='bbox 2805 3895 2912 3952; x_wconf 88' lang='lat' dir='ltr'><strong>est,</strong></span> <span class='ocrx_word' id='word_1_598' title='bbox 2942 3895 2998 3943; x_wconf 86' lang='lat' dir='ltr'><strong>et</strong></span> <span class='ocrx_word' id='word_1_599' title='bbox 3014 3888 3203 3957; x_wconf 74' lang='lat' dir='ltr'><strong>dignas</strong></span> <span class='ocrx_word' id='word_1_600' title='bbox 3227 3903 3324 3958; x_wconf 88' lang='lat' dir='ltr'><strong>pro</strong></span> <span class='ocrx_word' id='word_1_601' title='bbox 3355 3889 3567 3944; x_wconf 87' lang='lat' dir='ltr'><strong>ratione</strong></span> 
     </span>
    </p>
   </div>
   <div class='ocr_carea' id='block_1_75' title="bbox 300 3973 1924 4055">
    <p class='ocr_par' dir='ltr' id='par_1_75' title="bbox 300 3980 1885 4055">
     <span class='ocr_line' id='line_1_75' title="bbox 300 3980 1885 4055; baseline 0.002 -21"><span class='ocrx_word' id='word_1_602' title='bbox 300 3981 659 4052; x_wconf 83' lang='grc' dir='ltr'><strong>ἰσοστάθμους</strong></span> <span class='ocrx_word' id='word_1_603' title='bbox 686 3983 799 4044; x_wconf 86' lang='grc' dir='ltr'><strong>τοῖς</strong></span> <span class='ocrx_word' id='word_1_604' title='bbox 832 3980 1039 4034; x_wconf 79' lang='grc' dir='ltr'><strong>ἑαυτῶν</strong></span> <span class='ocrx_word' id='word_1_605' title='bbox 1066 3981 1533 4055; x_wconf 87' lang='grc' dir='ltr'><strong>πλημμελήμασιν</strong></span> <span class='ocrx_word' id='word_1_606' title='bbox 1575 3983 1885 4037; x_wconf 80' lang='grc' dir='ltr'><strong>ὲκτετίκασι</strong></span> 
     </span>
    </p>
   </div>
   <div class='ocr_carea' id='block_1_76' title="bbox 1944 3973 3568 4055">
    <p class='ocr_par' dir='ltr' id='par_1_76' title="bbox 1988 3973 3568 4043">
     <span class='ocr_line' id='line_1_76' title="bbox 1988 3973 3568 4043; baseline 0.003 -14"><span class='ocrx_word' id='word_1_607' title='bbox 1988 3973 2307 4029; x_wconf 89' lang='lat' dir='ltr'><strong>delictorum</strong></span> <span class='ocrx_word' id='word_1_608' title='bbox 2337 3989 2528 4043; x_wconf 65' lang='lat' dir='ltr'><strong>poenas</strong></span> <span class='ocrx_word' id='word_1_609' title='bbox 2555 3975 2841 4031; x_wconf 86' lang='lat' dir='ltr'><strong>dederunt.</strong></span> <span class='ocrx_word' id='word_1_610' title='bbox 2904 3976 3108 4032; x_wconf 78' lang='lat' dir='ltr'><strong>Verum</strong></span> <span class='ocrx_word' id='word_1_611' title='bbox 3169 3993 3276 4033; x_wconf 90' lang='lat' dir='ltr'><strong>non</strong></span> <span class='ocrx_word' id='word_1_612' title='bbox 3322 3977 3568 4034; x_wconf 84' lang='lat' dir='ltr'><strong>funditus</strong></span> 
     </span>
    </p>
   </div>
   <div class='ocr_carea' id='block_1_77' title="bbox 294 4064 1918 4146">
    <p class='ocr_par' dir='ltr' id='par_1_77' title="bbox 294 4073 1887 4146">
     <span class='ocr_line' id='line_1_77' title="bbox 294 4073 1887 4146; baseline 0.001 -20"><span class='ocrx_word' id='word_1_613' title='bbox 294 4074 472 4138; x_wconf 87' lang='grc' dir='ltr'><strong>δίκας,</strong></span> <span class='ocrx_word' id='word_1_614' title='bbox 500 4074 641 4145; x_wconf 80' lang='grc' dir='ltr'><strong>πλὴν</strong></span> <span class='ocrx_word' id='word_1_615' title='bbox 668 4074 768 4127; x_wconf 83' lang='grc' dir='ltr'><strong>οὐκ</strong></span> <span class='ocrx_word' id='word_1_616' title='bbox 800 4073 971 4145; x_wconf 79' lang='grc' dir='ltr'><strong>ἄρδην</strong></span> <span class='ocrx_word' id='word_1_617' title='bbox 1000 4074 1239 4138; x_wconf 75' lang='grc' dir='ltr'><strong>ἅπαντες</strong></span> <span class='ocrx_word' id='word_1_618' title='bbox 1272 4116 1288 4142; x_wconf 86' lang='grc'><strong>,</strong></span> <span class='ocrx_word' id='word_1_619' title='bbox 1324 4077 1419 4130; x_wconf 77' lang='grc' dir='ltr'><strong>καὶ</strong></span> <span class='ocrx_word' id='word_1_620' title='bbox 1450 4075 1780 4146; x_wconf 84' lang='grc' dir='ltr'><strong>ἁδιακρίτως</strong></span> <span class='ocrx_word' id='word_1_621' title='bbox 1806 4074 1887 4129; x_wconf 85' lang='grc' dir='ltr'><strong>δι-</strong></span> 
     </span>
    </p>
   </div>
   <div class='ocr_carea' id='block_1_78' title="bbox 1935 4064 3559 4146">
    <p class='ocr_par' dir='ltr' id='par_1_78' title="bbox 1987 4064 3559 4139">
     <span class='ocr_line' id='line_1_78' title="bbox 1987 4064 3559 4139; baseline 0.002 -19"><span class='ocrx_word' id='word_1_622' title='bbox 1987 4078 2179 4120; x_wconf 87' lang='lat' dir='ltr'><strong>omnes</strong></span> <span class='ocrx_word' id='word_1_623' title='bbox 2202 4073 2259 4120; x_wconf 90' lang='lat' dir='ltr'><strong>et</strong></span> <span class='ocrx_word' id='word_1_624' title='bbox 2293 4064 2411 4120; x_wconf 86' lang='lat' dir='ltr'><strong>sine</strong></span> <span class='ocrx_word' id='word_1_625' title='bbox 2460 4064 2773 4122; x_wconf 90' lang='lat' dir='ltr'><strong>discrimine</strong></span> <span class='ocrx_word' id='word_1_626' title='bbox 2826 4069 3125 4139; x_wconf 85' lang='lat' dir='ltr'><strong>perierunt.</strong></span> <span class='ocrx_word' id='word_1_627' title='bbox 3182 4067 3369 4124; x_wconf 82' lang='lat' dir='ltr'><strong>Justus</strong></span> <span class='ocrx_word' id='word_1_628' title='bbox 3417 4071 3559 4123; x_wconf 90' lang='lat' dir='ltr'><strong>enim</strong></span> 
     </span>
    </p>
   </div>
   <div class='ocr_carea' id='block_1_79' title="bbox 294 4154 1918 4236">
    <p class='ocr_par' dir='ltr' id='par_1_79' title="bbox 294 4162 1885 4236">
     <span class='ocr_line' id='line_1_79' title="bbox 294 4162 1885 4236; baseline 0.001 -19"><span class='ocrx_word' id='word_1_629' title='bbox 294 4163 547 4218; x_wconf 84' lang='grc' dir='ltr'><strong>ολώλασι.</strong></span> <span class='ocrx_word' id='word_1_630' title='bbox 567 4162 783 4228; x_wconf 88' lang='grc' dir='ltr'><strong>Δίκαιος</strong></span> <span class='ocrx_word' id='word_1_631' title='bbox 800 4164 907 4236; x_wconf 86' lang='grc' dir='ltr'><strong>γὰρ</strong></span> <span class='ocrx_word' id='word_1_632' title='bbox 922 4166 950 4217; x_wconf 88' lang='grc' dir='ltr'><strong>ό</strong></span> <span class='ocrx_word' id='word_1_633' title='bbox 969 4164 1181 4236; x_wconf 86' lang='grc' dir='ltr'><strong>κριτὴς,</strong></span> <span class='ocrx_word' id='word_1_634' title='bbox 1204 4166 1297 4219; x_wconf 72' lang='grc' dir='ltr'><strong>καὶ</strong></span> <span class='ocrx_word' id='word_1_635' title='bbox 1330 4168 1428 4219; x_wconf 82' lang='grc' dir='ltr'><strong>οὐκ</strong></span> <span class='ocrx_word' id='word_1_636' title='bbox 1453 4166 1521 4220; x_wconf 82' lang='grc' dir='ltr'><strong>ἂν</strong></span> <span class='ocrx_word' id='word_1_637' title='bbox 1536 4168 1646 4230; x_wconf 82' lang='grc' dir='ltr'><strong>τοῖς</strong></span> <span class='ocrx_word' id='word_1_638' title='bbox 1662 4165 1885 4219; x_wconf 75' lang='grc' dir='ltr'><strong>ἀσεϐέσι</strong></span> 
     </span>
    </p>
   </div>
   <div class='ocr_carea' id='block_1_80' title="bbox 1938 4154 3562 4236">
    <p class='ocr_par' dir='ltr' id='par_1_80' title="bbox 1980 4154 3562 4228">
     <span class='ocr_line' id='line_1_80' title="bbox 1980 4154 3562 4228; baseline 0.005 -20"><span class='ocrx_word' id='word_1_639' title='bbox 1980 4154 2146 4223; x_wconf 76' lang='lat' dir='ltr'><strong>iudex</strong></span> <span class='ocrx_word' id='word_1_640' title='bbox 2176 4164 2279 4223; x_wconf 88' lang='lat' dir='ltr'><strong>est,</strong></span> <span class='ocrx_word' id='word_1_641' title='bbox 2314 4171 2413 4211; x_wconf 90' lang='lat' dir='ltr'><strong>nec</strong></span> <span class='ocrx_word' id='word_1_642' title='bbox 2440 4169 2563 4211; x_wconf 90' lang='lat' dir='ltr'><strong>cum</strong></span> <span class='ocrx_word' id='word_1_643' title='bbox 2597 4157 2777 4227; x_wconf 87' lang='lat' dir='ltr'><strong>impiis</strong></span> <span class='ocrx_word' id='word_1_644' title='bbox 2807 4159 2969 4214; x_wconf 84' lang='lat' dir='ltr'><strong>simul</strong></span> <span class='ocrx_word' id='word_1_645' title='bbox 3004 4160 3394 4228; x_wconf 90' lang='lat' dir='ltr'><strong>perdetbonos.</strong></span> <span class='ocrx_word' id='word_1_646' title='bbox 3437 4161 3562 4216; x_wconf 90' lang='lat' dir='ltr'><strong>lllu-</strong></span> 
     </span>
    </p>
   </div>
   <div class='ocr_carea' id='block_1_81' title="bbox 297 4247 1921 4327">
    <p class='ocr_par' dir='ltr' id='par_1_81' title="bbox 297 4255 1884 4327">
     <span class='ocr_line' id='line_1_81' title="bbox 297 4255 1884 4327; baseline 0 -20"><span class='ocrx_word' id='word_1_647' title='bbox 297 4255 660 4309; x_wconf 82' lang='grc' dir='ltr'><strong>συναπολέσαι</strong></span> <span class='ocrx_word' id='word_1_648' title='bbox 687 4256 816 4318; x_wconf 82' lang='grc' dir='ltr'><strong>τοὺς</strong></span> <span class='ocrx_word' id='word_1_649' title='bbox 853 4255 1093 4324; x_wconf 86' lang='grc' dir='ltr'><strong>ἀγαθούς</strong></span> <span class='ocrx_word' id='word_1_650' title='bbox 1111 4272 1125 4284; x_wconf 77' lang='grc'><em>’</em></span> <span class='ocrx_word' id='word_1_651' title='bbox 1145 4256 1327 4309; x_wconf 77' lang='grc' dir='ltr'><strong>εἰκόνα</strong></span> <span class='ocrx_word' id='word_1_652' title='bbox 1352 4256 1408 4309; x_wconf 84' lang='grc' dir='ltr'><strong>δὲ</strong></span> <span class='ocrx_word' id='word_1_653' title='bbox 1437 4255 1625 4327; x_wconf 82' lang='grc' dir='ltr'><strong>ὥσπερ</strong></span> <span class='ocrx_word' id='word_1_654' title='bbox 1652 4258 1884 4309; x_wconf 84' lang='grc' dir='ltr'><strong>ποιεῖται</strong></span> 
     </span>
    </p>
   </div>
   <div class='ocr_carea' id='block_1_82' title="bbox 1936 4247 3560 4327">
    <p class='ocr_par' dir='ltr' id='par_1_82' title="bbox 1986 4247 3560 4321">
     <span class='ocr_line' id='line_1_82' title="bbox 1986 4247 3560 4321; baseline 0.003 -20"><span class='ocrx_word' id='word_1_655' title='bbox 1986 4256 2153 4301; x_wconf 89' lang='lat' dir='ltr'><strong>strem</strong></span> <span class='ocrx_word' id='word_1_656' title='bbox 2199 4257 2376 4302; x_wconf 87' lang='lat' dir='ltr'><strong>autem</strong></span> <span class='ocrx_word' id='word_1_657' title='bbox 2443 4247 2661 4303; x_wconf 83' lang='lat' dir='ltr'><strong>adhibet</strong></span> <span class='ocrx_word' id='word_1_658' title='bbox 2687 4250 2842 4319; x_wconf 85' lang='lat' dir='ltr'><strong>quasi</strong></span> <span class='ocrx_word' id='word_1_659' title='bbox 2883 4250 3194 4321; x_wconf 72' lang='lat' dir='ltr'><strong>imaginem,</strong></span> <span class='ocrx_word' id='word_1_660' title='bbox 3221 4260 3277 4305; x_wconf 89' lang='lat' dir='ltr'><strong>et</strong></span> <span class='ocrx_word' id='word_1_661' title='bbox 3328 4252 3560 4321; x_wconf 79' lang='lat' dir='ltr'><strong>exempli</strong></span> 
     </span>
    </p>
   </div>
   <div class='ocr_carea' id='block_1_83' title="bbox 294 4335 1918 4419">
    <p class='ocr_par' dir='ltr' id='par_1_83' title="bbox 294 4347 1882 4419">
     <span class='ocr_line' id='line_1_83' title="bbox 294 4347 1882 4419; baseline -0.003 -18"><span class='ocrx_word' id='word_1_662' title='bbox 294 4347 577 4419; x_wconf 81' lang='grc' dir='ltr'><strong>λαμπρὰν,</strong></span> <span class='ocrx_word' id='word_1_663' title='bbox 594 4348 689 4401; x_wconf 79' lang='grc' dir='ltr'><strong>καὶ</strong></span> <span class='ocrx_word' id='word_1_664' title='bbox 711 4350 769 4403; x_wconf 81' lang='grc' dir='ltr'><strong>ὲν</strong></span> <span class='ocrx_word' id='word_1_665' title='bbox 794 4348 948 4415; x_wconf 80' lang='grc' dir='ltr'><strong>τάξει</strong></span> <span class='ocrx_word' id='word_1_666' title='bbox 977 4348 1417 4419; x_wconf 83' lang='grc' dir='ltr'><strong>παραδείγματος</strong></span> <span class='ocrx_word' id='word_1_667' title='bbox 1435 4348 1648 4418; x_wconf 86' lang='grc' dir='ltr'><strong>δέχεται</strong></span> <span class='ocrx_word' id='word_1_668' title='bbox 1666 4347 1882 4418; x_wconf 78' lang='grc' dir='ltr'><strong>βότρυν,</strong></span> 
     </span>
    </p>
   </div>
   <div class='ocr_carea' id='block_1_84' title="bbox 1936 4335 3560 4419">
    <p class='ocr_par' dir='ltr' id='par_1_84' title="bbox 1936 4335 3560 4404">
     <span class='ocr_line' id='line_1_84' title="bbox 1936 4335 3560 4404; baseline 0.004 -15"><span class='ocrx_word' id='word_1_669' title='bbox 1936 4340 1953 4353; x_wconf 84' lang='lat'><strong><em>&#39;</em></strong></span> <span class='ocrx_word' id='word_1_670' title='bbox 1987 4335 2105 4391; x_wconf 89' lang='lat' dir='ltr'><strong>loco</strong></span> <span class='ocrx_word' id='word_1_671' title='bbox 2133 4338 2298 4392; x_wconf 88' lang='lat' dir='ltr'><strong>sumit</strong></span> <span class='ocrx_word' id='word_1_672' title='bbox 2356 4338 2593 4403; x_wconf 88' lang='lat' dir='ltr'><strong>botrum,</strong></span> <span class='ocrx_word' id='word_1_673' title='bbox 2631 4352 2740 4392; x_wconf 93' lang='lat' dir='ltr'><strong>uno</strong></span> <span class='ocrx_word' id='word_1_674' title='bbox 2797 4339 2954 4394; x_wconf 86' lang='lat' dir='ltr'><strong>acino</strong></span> <span class='ocrx_word' id='word_1_675' title='bbox 3009 4349 3247 4404; x_wconf 86' lang='lat' dir='ltr'><strong>servato,</strong></span> <span class='ocrx_word' id='word_1_676' title='bbox 3302 4341 3386 4396; x_wconf 88' lang='lat' dir='ltr'><strong>vel</strong></span> <span class='ocrx_word' id='word_1_677' title='bbox 3440 4340 3560 4395; x_wconf 85' lang='lat' dir='ltr'><strong>aliis</strong></span> 
     </span>
    </p>
   </div>
   <div class='ocr_carea' id='block_1_85' title="bbox 298 4427 1922 4511">
    <p class='ocr_par' dir='ltr' id='par_1_85' title="bbox 298 4437 1883 4511">
     <span class='ocr_line' id='line_1_85' title="bbox 298 4437 1883 4511; baseline -0.001 -20"><span class='ocrx_word' id='word_1_678' title='bbox 298 4441 428 4510; x_wconf 79' lang='grc' dir='ltr'><strong>μιᾶς</strong></span> <span class='ocrx_word' id='word_1_679' title='bbox 456 4440 516 4492; x_wconf 84' lang='grc' dir='ltr'><strong>ὲν</strong></span> <span class='ocrx_word' id='word_1_680' title='bbox 546 4439 695 4509; x_wconf 83' lang='grc' dir='ltr'><strong>αὐτῷ</strong></span> <span class='ocrx_word' id='word_1_681' title='bbox 736 4439 1050 4510; x_wconf 79' lang='grc' dir='ltr'><strong>σωζομένης</strong></span> <span class='ocrx_word' id='word_1_682' title='bbox 1093 4439 1257 4511; x_wconf 79' lang='grc' dir='ltr'><strong>ραγδς</strong></span> <span class='ocrx_word' id='word_1_683' title='bbox 1282 4480 1296 4503; x_wconf 89' lang='grc'><strong>,</strong></span> <span class='ocrx_word' id='word_1_684' title='bbox 1338 4439 1515 4493; x_wconf 88' lang='grc' dir='ltr'><strong>καίτοι</strong></span> <span class='ocrx_word' id='word_1_685' title='bbox 1564 4439 1672 4491; x_wconf 85' lang='grc' dir='ltr'><strong>τῶν</strong></span> <span class='ocrx_word' id='word_1_686' title='bbox 1705 4437 1883 4493; x_wconf 78' lang='grc' dir='ltr'><strong>ἄλλων</strong></span> 
     </span>
    </p>
   </div>
   <div class='ocr_carea' id='block_1_86' title="bbox 1936 4427 3560 4511">
    <p class='ocr_par' dir='ltr' id='par_1_86' title="bbox 1985 4427 3560 4501">
     <span class='ocr_line' id='line_1_86' title="bbox 1985 4427 3560 4501; baseline 0.003 -21"><span class='ocrx_word' id='word_1_687' title='bbox 1985 4427 2483 4482; x_wconf 82' lang='lat' dir='ltr'><strong>admirabilioribus</strong></span> <span class='ocrx_word' id='word_1_688' title='bbox 2526 4437 2581 4501; x_wconf 72' lang='lat' dir='ltr'><strong>et</strong></span> <span class='ocrx_word' id='word_1_689' title='bbox 2629 4428 3035 4499; x_wconf 78' lang='lat' dir='ltr'><strong>insignioribus.</strong></span> <span class='ocrx_word' id='word_1_690' title='bbox 3092 4429 3298 4486; x_wconf 81' lang='lat' dir='ltr'><strong>Deinde</strong></span> <span class='ocrx_word' id='word_1_691' title='bbox 3346 4430 3560 4501; x_wconf 80' lang='lat' dir='ltr'><strong>agrico-</strong></span> 
     </span>
    </p>
   </div>
   <div class='ocr_carea' id='block_1_87' title="bbox 293 4516 1917 4602">
    <p class='ocr_par' dir='ltr' id='par_1_87' title="bbox 293 4526 1885 4602">
     <span class='ocr_line' id='line_1_87' title="bbox 293 4526 1885 4602; baseline -0.002 -17"><span class='ocrx_word' id='word_1_692' title='bbox 293 4530 782 4602; x_wconf 76' lang='grc' dir='ltr'><strong>τεθαυμασμένωψ</strong></span> <span class='ocrx_word' id='word_1_693' title='bbox 811 4526 930 4585; x_wconf 73' lang='grc' dir='ltr'><strong>εἶτα</strong></span> <span class='ocrx_word' id='word_1_694' title='bbox 954 4531 1046 4584; x_wconf 71' lang='grc' dir='ltr'><strong>τὸν</strong></span> <span class='ocrx_word' id='word_1_695' title='bbox 1062 4531 1317 4601; x_wconf 88' lang='grc' dir='ltr'><strong>γηπόνον,</strong></span> <span class='ocrx_word' id='word_1_696' title='bbox 1341 4532 1508 4601; x_wconf 72' lang='grc' dir='ltr'><strong>ἤγουν</strong></span> <span class='ocrx_word' id='word_1_697' title='bbox 1534 4530 1627 4583; x_wconf 78' lang='grc' dir='ltr'><strong>τὸν</strong></span> <span class='ocrx_word' id='word_1_698' title='bbox 1655 4529 1747 4583; x_wconf 89' lang='grc' dir='ltr'><strong>τοῦ</strong></span> <span class='ocrx_word' id='word_1_699' title='bbox 1777 4545 1885 4600; x_wconf 85' lang='grc' dir='ltr'><strong>χω-</strong></span> 
     </span>
    </p>
   </div>
   <div class='ocr_carea' id='block_1_88' title="bbox 1931 4516 3555 4602">
    <p class='ocr_par' dir='ltr' id='par_1_88' title="bbox 1985 4516 3555 4587">
     <span class='ocr_line' id='line_1_88' title="bbox 1985 4516 3555 4587; baseline 0.001 -15"><span class='ocrx_word' id='word_1_700' title='bbox 1985 4518 2112 4585; x_wconf 87' lang='lat' dir='ltr'><strong>lam,</strong></span> <span class='ocrx_word' id='word_1_701' title='bbox 2145 4517 2227 4570; x_wconf 90' lang='lat' dir='ltr'><strong>vel</strong></span> <span class='ocrx_word' id='word_1_702' title='bbox 2252 4516 2525 4572; x_wconf 90' lang='lat' dir='ltr'><strong>dominum</strong></span> <span class='ocrx_word' id='word_1_703' title='bbox 2554 4517 2741 4587; x_wconf 69' lang='lat' dir='ltr'><strong>praedii</strong></span> <span class='ocrx_word' id='word_1_704' title='bbox 2773 4516 2978 4572; x_wconf 91' lang='lat' dir='ltr'><strong>inducit</strong></span> <span class='ocrx_word' id='word_1_705' title='bbox 3003 4518 3269 4573; x_wconf 88' lang='lat' dir='ltr'><strong>dicentem</strong></span> <span class='ocrx_word' id='word_1_706' title='bbox 3295 4519 3507 4573; x_wconf 90' lang='lat' dir='ltr'><strong>cuidam</strong></span> <span class='ocrx_word' id='word_1_707' title='bbox 3540 4537 3555 4574; x_wconf 90' lang='lat'>:</span> 
     </span>
    </p>
   </div>
   <div class='ocr_carea' id='block_1_89' title="bbox 297 4607 1921 4693">
    <p class='ocr_par' dir='ltr' id='par_1_89' title="bbox 297 4620 1884 4693">
     <span class='ocr_line' id='line_1_89' title="bbox 297 4620 1884 4693; baseline 0.001 -21"><span class='ocrx_word' id='word_1_708' title='bbox 297 4623 415 4691; x_wconf 88' lang='grc' dir='ltr'><strong>ρίου</strong></span> <span class='ocrx_word' id='word_1_709' title='bbox 441 4622 706 4690; x_wconf 86' lang='grc' dir='ltr'><strong>δεσπότην</strong></span> <span class='ocrx_word' id='word_1_710' title='bbox 736 4622 1041 4692; x_wconf 71' lang='grc' dir='ltr'><strong>εἰσκομίζει</strong></span> <span class='ocrx_word' id='word_1_711' title='bbox 1069 4621 1297 4689; x_wconf 85' lang='grc' dir='ltr'><strong>λέγοντά</strong></span> <span class='ocrx_word' id='word_1_712' title='bbox 1326 4638 1458 4675; x_wconf 89' lang='grc' dir='ltr'><strong>τινι·</strong></span> <span class='ocrx_word' id='word_1_713' title='bbox 1499 4639 1519 4673; x_wconf 77' lang='lat' dir='ltr'><strong>t</strong></span> <span class='ocrx_word' id='word_1_714' title='bbox 1550 4622 1641 4692; x_wconf 85' lang='grc' dir='ltr'><strong>Μὴ</strong></span> <span class='ocrx_word' id='word_1_715' title='bbox 1667 4620 1884 4693; x_wconf 85' lang='grc' dir='ltr'><strong>λυμήνῃ</strong></span> 
     </span>
    </p>
   </div>
   <div class='ocr_carea' id='block_1_90' title="bbox 1934 4607 3558 4693">
    <p class='ocr_par' dir='ltr' id='par_1_90' title="bbox 1989 4607 3558 4680">
     <span class='ocr_line' id='line_1_90' title="bbox 1989 4607 3558 4680; baseline -0.001 -17"><span class='ocrx_word' id='word_1_716' title='bbox 1989 4627 2009 4663; x_wconf 79' lang='grc' dir='ltr'><strong>ι</strong></span> <span class='ocrx_word' id='word_1_717' title='bbox 2051 4608 2130 4666; x_wconf 84' lang='lat' dir='ltr'><strong>Ne</strong></span> <span class='ocrx_word' id='word_1_718' title='bbox 2170 4609 2364 4680; x_wconf 88' lang='lat' dir='ltr'><strong>perdas</strong></span> <span class='ocrx_word' id='word_1_719' title='bbox 2401 4622 2545 4672; x_wconf 91' lang='lat' dir='ltr'><strong>eum,</strong></span> <span class='ocrx_word' id='word_1_720' title='bbox 2596 4607 2724 4678; x_wconf 91' lang='lat' dir='ltr'><strong>quia</strong></span> <span class='ocrx_word' id='word_1_721' title='bbox 2761 4607 3063 4664; x_wconf 88' lang='lat' dir='ltr'><strong>benedictio</strong></span> <span class='ocrx_word' id='word_1_722' title='bbox 3092 4618 3177 4665; x_wconf 89' lang='lat' dir='ltr'><strong>est</strong></span> <span class='ocrx_word' id='word_1_723' title='bbox 3212 4609 3263 4662; x_wconf 91' lang='lat' dir='ltr'><strong>in</strong></span> <span class='ocrx_word' id='word_1_724' title='bbox 3295 4623 3361 4663; x_wconf 90' lang='lat' dir='ltr'><strong>eo</strong></span> <span class='ocrx_word' id='word_1_725' title='bbox 3395 4628 3409 4665; x_wconf 76' lang='grc' dir='ltr'>ε</span> <span class='ocrx_word' id='word_1_726' title='bbox 3479 4610 3558 4664; x_wconf 90' lang='lat' dir='ltr'><strong>sie</strong></span> 
     </span>
    </p>
   </div>
   <div class='ocr_carea' id='block_1_91' title="bbox 293 4699 1917 4817">
    <p class='ocr_par' dir='ltr' id='par_1_91' title="bbox 293 4712 1917 4816">
     <span class='ocr_line' id='line_1_91' title="bbox 293 4712 1917 4816; baseline 0 -51"><span class='ocrx_word' id='word_1_727' title='bbox 293 4712 479 4779; x_wconf 84' lang='grc' dir='ltr'><strong>αὑτὸν,</strong></span> <span class='ocrx_word' id='word_1_728' title='bbox 513 4713 596 4765; x_wconf 83' lang='grc' dir='ltr'><strong>ὅτι</strong></span> <span class='ocrx_word' id='word_1_729' title='bbox 648 4712 866 4780; x_wconf 82' lang='grc' dir='ltr'><strong>εὐλογία</strong></span> <span class='ocrx_word' id='word_1_730' title='bbox 912 4714 1061 4768; x_wconf 76' lang='grc' dir='ltr'><strong>ἐστὶν</strong></span> <span class='ocrx_word' id='word_1_731' title='bbox 1095 4715 1151 4766; x_wconf 81' lang='grc' dir='ltr'><strong>ὲν</strong></span> <span class='ocrx_word' id='word_1_732' title='bbox 1181 4713 1328 4783; x_wconf 83' lang='grc' dir='ltr'><strong>αὐτῷ</strong></span> <span class='ocrx_word' id='word_1_733' title='bbox 1350 4731 1363 4743; x_wconf 88' lang='grc'><strong>·</strong></span> <span class='ocrx_word' id='word_1_734' title='bbox 1394 4712 1536 4767; x_wconf 79' lang='grc' dir='ltr'><strong>οὕτω</strong></span> <span class='ocrx_word' id='word_1_735' title='bbox 1575 4714 1804 4783; x_wconf 80' lang='grc' dir='ltr'><strong>ποιήσω,</strong></span> <span class='ocrx_word' id='word_1_736' title='bbox 1851 4732 1870 4765; x_wconf 74' lang='grc' dir='ltr'><strong>ι</strong></span> <span class='ocrx_word' id='word_1_737' title='bbox 1907 4759 1917 4816; x_wconf 62' lang='lat'><strong>1</strong></span> 
     </span>
    </p>
   </div>
   <div class='ocr_carea' id='block_1_92' title="bbox 1927 4699 3551 4817">
    <p class='ocr_par' dir='ltr' id='par_1_92' title="bbox 1927 4699 3551 4817">
     <span class='ocr_line' id='line_1_92' title="bbox 1927 4699 3551 4814; baseline -0.002 -60"><span class='ocrx_word' id='word_1_738' title='bbox 1927 4760 1953 4814; x_wconf 62' lang='lat'><strong>)</strong></span> <span class='ocrx_word' id='word_1_739' title='bbox 1985 4700 2198 4767; x_wconf 78' lang='lat' dir='ltr'><strong>faciam,</strong></span> <span class='ocrx_word' id='word_1_740' title='bbox 2244 4720 2262 4753; x_wconf 79' lang='grc' dir='ltr'><strong>ι</strong></span> <span class='ocrx_word' id='word_1_741' title='bbox 2301 4701 2552 4771; x_wconf 63' lang='lat' dir='ltr'><strong>inquit,,c</strong></span> <span class='ocrx_word' id='word_1_742' title='bbox 2590 4709 2812 4769; x_wconf 87' lang='lat' dir='ltr'><strong>propter</strong></span> <span class='ocrx_word' id='word_1_743' title='bbox 2860 4714 2983 4753; x_wconf 88' lang='lat' dir='ltr'><strong>eum</strong></span> <span class='ocrx_word' id='word_1_744' title='bbox 3014 4699 3106 4767; x_wconf 89' lang='lat' dir='ltr'><strong>qui</strong></span> <span class='ocrx_word' id='word_1_745' title='bbox 3152 4701 3319 4754; x_wconf 86' lang='lat' dir='ltr'><strong>servit</strong></span> <span class='ocrx_word' id='word_1_746' title='bbox 3347 4700 3501 4763; x_wconf 87' lang='lat' dir='ltr'><strong>mihi,</strong></span> <span class='ocrx_word' id='word_1_747' title='bbox 3532 4718 3551 4751; x_wconf 74' lang='grc' dir='ltr'><strong>ι</strong></span> 
     </span>
     <span class='ocr_line' id='line_1_93' title="bbox 1984 4789 3528 4817; baseline 0 0"><span class='ocrx_word' id='word_1_748' title='bbox 1984 4795 2035 4817; x_wconf 82' lang='lat' dir='ltr'><strong>:.I</strong></span> <span class='ocrx_word' id='word_1_749' title='bbox 2072 4803 2148 4817; x_wconf 70' lang='grc' dir='ltr'><strong>--α</strong></span> <span class='ocrx_word' id='word_1_750' title='bbox 2216 4793 2347 4817; x_wconf 66' lang='grc' dir='ltr'><strong>...Ιιυι</strong></span> <span class='ocrx_word' id='word_1_751' title='bbox 2377 4791 2602 4817; x_wconf 67' lang='lat'><strong>.._..-:-..</strong></span> <span class='ocrx_word' id='word_1_752' title='bbox 2628 4805 2781 4817; x_wconf 65' lang='grc' dir='ltr'><strong>..ι-ιι...</strong></span> <span class='ocrx_word' id='word_1_753' title='bbox 2845 4799 2896 4817; x_wconf 81' lang='grc' dir='ltr'><strong>..ι</strong></span> <span class='ocrx_word' id='word_1_754' title='bbox 2926 4789 3136 4817; x_wconf 54' lang='grc' dir='ltr'><strong>Αίῖιι-νιθὲ</strong></span> <span class='ocrx_word' id='word_1_755' title='bbox 3170 4789 3221 4817; x_wconf 70' lang='grc'><strong>2..</strong></span> <span class='ocrx_word' id='word_1_756' title='bbox 3270 4805 3371 4817; x_wconf 63' lang='grc' dir='ltr'><strong>...ιιι</strong></span> <span class='ocrx_word' id='word_1_757' title='bbox 3427 4790 3528 4817; x_wconf 68' lang='grc' dir='ltr'><strong>,ιζ-,2</strong></span> 
     </span>
    </p>
   </div>
   <div class='ocr_carea' id='block_1_93' title="bbox 294 4789 1918 4874">
    <p class='ocr_par' dir='ltr' id='par_1_93' title="bbox 294 4789 1918 4874">
     <span class='ocr_line' id='line_1_94' title="bbox 294 4789 1918 4874; baseline 0.001 -20"><span class='ocrx_word' id='word_1_758' title='bbox 294 4804 479 4873; x_wconf 78' lang='grc' dir='ltr'><strong>φησὶν,</strong></span> <span class='ocrx_word' id='word_1_759' title='bbox 533 4823 549 4853; x_wconf 75' lang='grc' dir='ltr'><strong>ι</strong></span> <span class='ocrx_word' id='word_1_760' title='bbox 587 4802 773 4856; x_wconf 75' lang='grc' dir='ltr'><strong>ἕνεκεν</strong></span> <span class='ocrx_word' id='word_1_761' title='bbox 810 4804 904 4856; x_wconf 87' lang='grc' dir='ltr'><strong>τοῦ</strong></span> <span class='ocrx_word' id='word_1_762' title='bbox 955 4804 1296 4868; x_wconf 82' lang='grc' dir='ltr'><strong>δουλεύοντός</strong></span> <span class='ocrx_word' id='word_1_763' title='bbox 1353 4822 1465 4874; x_wconf 88' lang='grc' dir='ltr'><strong>μοι,</strong></span> <span class='ocrx_word' id='word_1_764' title='bbox 1528 4823 1544 4856; x_wconf 75' lang='grc' dir='ltr'><strong>ι</strong></span> <span class='ocrx_word' id='word_1_765' title='bbox 1576 4803 1871 4865; x_wconf 85' lang='grc' dir='ltr'><strong>τουτέστιν,</strong></span> <span class='ocrx_word' id='word_1_766' title='bbox 1907 4789 1918 4816; x_wconf 73' lang='grc'><strong><em>¹</em></strong></span> 
     </span>
    </p>
   </div>
   <div class='ocr_carea' id='block_1_94' title="bbox 1932 4789 3556 4874">
    <p class='ocr_par' dir='ltr' id='par_1_94' title="bbox 1932 4789 3556 4862">
     <span class='ocr_line' id='line_1_95' title="bbox 1932 4789 3556 4862; baseline -0.004 -12"><span class='ocrx_word' id='word_1_767' title='bbox 1932 4789 1952 4814; x_wconf 84' lang='lat'><strong><em>’</em></strong></span> <span class='ocrx_word' id='word_1_768' title='bbox 1984 4795 2035 4849; x_wconf 91' lang='lat' dir='ltr'><strong>id</strong></span> <span class='ocrx_word' id='word_1_769' title='bbox 2068 4803 2175 4856; x_wconf 89' lang='lat' dir='ltr'><strong>est,</strong></span> <span class='ocrx_word' id='word_1_770' title='bbox 2214 4793 2350 4847; x_wconf 91' lang='lat' dir='ltr'><strong>adeo</strong></span> <span class='ocrx_word' id='word_1_771' title='bbox 2377 4791 2604 4862; x_wconf 68' lang='lat' dir='ltr'><strong>prmcise</strong></span> <span class='ocrx_word' id='word_1_772' title='bbox 2627 4805 2806 4861; x_wconf 85' lang='lat' dir='ltr'><strong>agam,</strong></span> <span class='ocrx_word' id='word_1_773' title='bbox 2845 4799 2902 4844; x_wconf 93' lang='lat' dir='ltr'><strong>ut</strong></span> <span class='ocrx_word' id='word_1_774' title='bbox 2925 4789 3137 4844; x_wconf 86' lang='lat' dir='ltr'><strong>etiamsi</strong></span> <span class='ocrx_word' id='word_1_775' title='bbox 3170 4789 3223 4844; x_wconf 92' lang='lat' dir='ltr'><strong>in</strong></span> <span class='ocrx_word' id='word_1_776' title='bbox 3270 4805 3374 4845; x_wconf 86' lang='lat' dir='ltr'><strong>una</strong></span> <span class='ocrx_word' id='word_1_777' title='bbox 3425 4790 3556 4845; x_wconf 83' lang='lat' dir='ltr'><strong>civi-</strong></span> 
     </span>
    </p>
   </div>
   <div class='ocr_carea' id='block_1_95' title="bbox 293 4880 1917 4966">
    <p class='ocr_par' dir='ltr' id='par_1_95' title="bbox 293 4893 1875 4966">
     <span class='ocr_line' id='line_1_96' title="bbox 293 4893 1875 4966; baseline 0 -20"><span class='ocrx_word' id='word_1_778' title='bbox 293 4893 550 4965; x_wconf 73' lang='grc' dir='ltr'><strong>ἁκριδείᾳ</strong></span> <span class='ocrx_word' id='word_1_779' title='bbox 563 4894 799 4966; x_wconf 84' lang='grc' dir='ltr'><strong>τοσαύτῃ</strong></span> <span class='ocrx_word' id='word_1_780' title='bbox 821 4895 1184 4964; x_wconf 86' lang='grc' dir='ltr'><strong>κεχρήσομαι,</strong></span> <span class='ocrx_word' id='word_1_781' title='bbox 1211 4893 1352 4948; x_wconf 81' lang='grc' dir='ltr'><strong>ὥστε</strong></span> <span class='ocrx_word' id='word_1_782' title='bbox 1383 4897 1486 4948; x_wconf 78' lang='grc' dir='ltr'><strong>κᾶν</strong></span> <span class='ocrx_word' id='word_1_783' title='bbox 1516 4897 1573 4947; x_wconf 83' lang='grc' dir='ltr'><strong>ὲν</strong></span> <span class='ocrx_word' id='word_1_784' title='bbox 1595 4896 1745 4947; x_wconf 87' lang='grc' dir='ltr'><strong>πόλει</strong></span> <span class='ocrx_word' id='word_1_785' title='bbox 1774 4896 1875 4966; x_wconf 80' lang='grc' dir='ltr'><strong>μιᾷ</strong></span> 
     </span>
    </p>
   </div>
   <div class='ocr_carea' id='block_1_96' title="bbox 1928 4880 3552 4966">
    <p class='ocr_par' dir='ltr' id='par_1_96' title="bbox 1985 4880 3552 4951">
     <span class='ocr_line' id='line_1_97' title="bbox 1985 4880 3552 4951; baseline -0.004 -10"><span class='ocrx_word' id='word_1_786' title='bbox 1985 4895 2091 4941; x_wconf 85' lang='lat' dir='ltr'><strong>tate</strong></span> <span class='ocrx_word' id='word_1_787' title='bbox 2116 4885 2206 4939; x_wconf 88' lang='lat' dir='ltr'><strong>alii</strong></span> <span class='ocrx_word' id='word_1_788' title='bbox 2240 4898 2429 4939; x_wconf 86' lang='lat' dir='ltr'><strong>omnes</strong></span> <span class='ocrx_word' id='word_1_789' title='bbox 2458 4884 2526 4937; x_wconf 89' lang='lat' dir='ltr'><strong>ad</strong></span> <span class='ocrx_word' id='word_1_790' title='bbox 2606 4881 2872 4951; x_wconf 84' lang='lat' dir='ltr'><strong>ignaviam</strong></span> <span class='ocrx_word' id='word_1_791' title='bbox 2935 4880 3223 4945; x_wconf 88' lang='lat' dir='ltr'><strong>declinent,</strong></span> <span class='ocrx_word' id='word_1_792' title='bbox 3279 4880 3326 4936; x_wconf 87' lang='lat' dir='ltr'><strong>si</strong></span> <span class='ocrx_word' id='word_1_793' title='bbox 3375 4890 3552 4935; x_wconf 84' lang='lat' dir='ltr'><strong>tamen</strong></span> 
     </span>
    </p>
   </div>
   <div class='ocr_carea' id='block_1_97' title="bbox 292 4972 1916 5057">
    <p class='ocr_par' dir='ltr' id='par_1_97' title="bbox 292 4981 1872 5057">
     <span class='ocr_line' id='line_1_98' title="bbox 292 4981 1872 5057; baseline 0.001 -19"><span class='ocrx_word' id='word_1_794' title='bbox 292 4985 401 5038; x_wconf 85' lang='grc' dir='ltr'><strong>τῶν</strong></span> <span class='ocrx_word' id='word_1_795' title='bbox 424 4985 600 5040; x_wconf 78' lang='grc' dir='ltr'><strong>ἄλλων</strong></span> <span class='ocrx_word' id='word_1_796' title='bbox 617 4987 870 5041; x_wconf 82' lang='grc' dir='ltr'><strong>ἁπάντων</strong></span> <span class='ocrx_word' id='word_1_797' title='bbox 900 4987 1312 5039; x_wconf 86' lang='grc' dir='ltr'><strong>ἁπονευσάντων</strong></span> <span class='ocrx_word' id='word_1_798' title='bbox 1330 4989 1409 5049; x_wconf 87' lang='grc' dir='ltr'><strong>είς</strong></span> <span class='ocrx_word' id='word_1_799' title='bbox 1425 4987 1485 5039; x_wconf 84' lang='grc' dir='ltr'><strong>τὸ</strong></span> <span class='ocrx_word' id='word_1_800' title='bbox 1510 4986 1771 5057; x_wconf 78' lang='grc' dir='ltr'><strong>ἐξίτηλον.</strong></span> <span class='ocrx_word' id='word_1_801' title='bbox 1793 4981 1872 5050; x_wconf 73' lang='grc' dir='ltr'><strong>εἷς</strong></span> 
     </span>
    </p>
   </div>
   <div class='ocr_carea' id='block_1_98' title="bbox 1929 4972 3553 5057">
    <p class='ocr_par' dir='ltr' id='par_1_98' title="bbox 1981 4972 3553 5042">
     <span class='ocr_line' id='line_1_99' title="bbox 1981 4972 3553 5042; baseline -0.002 -13"><span class='ocrx_word' id='word_1_802' title='bbox 1981 4991 2124 5031; x_wconf 90' lang='lat' dir='ltr'><strong>unus</strong></span> <span class='ocrx_word' id='word_1_803' title='bbox 2150 4976 2295 5030; x_wconf 88' lang='lat' dir='ltr'><strong>solus</strong></span> <span class='ocrx_word' id='word_1_804' title='bbox 2335 4976 2643 5030; x_wconf 73' lang='lat' dir='ltr'><strong>inveniatur</strong></span> <span class='ocrx_word' id='word_1_805' title='bbox 2674 4974 2847 5029; x_wconf 78' lang='lat' dir='ltr'><strong>ﬁdelis</strong></span> <span class='ocrx_word' id='word_1_806' title='bbox 2882 4983 2937 5027; x_wconf 86' lang='lat' dir='ltr'><strong>et</strong></span> <span class='ocrx_word' id='word_1_807' title='bbox 2965 4986 3166 5042; x_wconf 82' lang='lat' dir='ltr'><strong>sequax</strong></span> <span class='ocrx_word' id='word_1_808' title='bbox 3193 5013 3208 5039; x_wconf 92' lang='lat'><strong>,</strong></span> <span class='ocrx_word' id='word_1_809' title='bbox 3277 4972 3363 5026; x_wconf 88' lang='lat' dir='ltr'><strong>hic</strong></span> <span class='ocrx_word' id='word_1_810' title='bbox 3418 4986 3553 5027; x_wconf 83' lang='lat' dir='ltr'><strong>con-</strong></span> 
     </span>
    </p>
   </div>
   <div class='ocr_carea' id='block_1_99' title="bbox 292 5064 1916 5149">
    <p class='ocr_par' dir='ltr' id='par_1_99' title="bbox 292 5075 1873 5149">
     <span class='ocr_line' id='line_1_100' title="bbox 292 5075 1873 5149; baseline 0.001 -19"><span class='ocrx_word' id='word_1_811' title='bbox 292 5079 385 5130; x_wconf 76' lang='grc' dir='ltr'><strong>καὶ</strong></span> <span class='ocrx_word' id='word_1_812' title='bbox 418 5079 577 5148; x_wconf 87' lang='grc' dir='ltr'><strong>μόνος</strong></span> <span class='ocrx_word' id='word_1_813' title='bbox 603 5078 923 5149; x_wconf 82' lang='grc' dir='ltr'><strong>εὑρίσκηται</strong></span> <span class='ocrx_word' id='word_1_814' title='bbox 953 5078 1162 5141; x_wconf 79' lang='grc' dir='ltr'><strong>πιστὸς,</strong></span> <span class='ocrx_word' id='word_1_815' title='bbox 1196 5078 1288 5130; x_wconf 79' lang='grc' dir='ltr'><strong>καὶ</strong></span> <span class='ocrx_word' id='word_1_816' title='bbox 1315 5078 1546 5147; x_wconf 81' lang='grc' dir='ltr'><strong>εὐήνιος,</strong></span> <span class='ocrx_word' id='word_1_817' title='bbox 1576 5075 1729 5143; x_wconf 69' lang='grc' dir='ltr'><strong>οὗτος</strong></span> <span class='ocrx_word' id='word_1_818' title='bbox 1751 5079 1873 5132; x_wconf 82' lang='grc' dir='ltr'><strong>τεύ-</strong></span> 
     </span>
    </p>
   </div>
   <div class='ocr_carea' id='block_1_100' title="bbox 1930 5064 3554 5149">
    <p class='ocr_par' dir='ltr' id='par_1_100' title="bbox 1979 5064 3554 5135">
     <span class='ocr_line' id='line_1_101' title="bbox 1979 5064 3554 5135; baseline -0.005 -11"><span class='ocrx_word' id='word_1_819' title='bbox 1979 5079 2236 5135; x_wconf 80' lang='lat' dir='ltr'><strong>sequetur</strong></span> <span class='ocrx_word' id='word_1_820' title='bbox 2285 5068 2749 5128; x_wconf 82' lang='lat' dir='ltr'><strong>miscricordiam,</strong></span> <span class='ocrx_word' id='word_1_821' title='bbox 2794 5075 2850 5120; x_wconf 88' lang='lat' dir='ltr'><strong>et</strong></span> <span class='ocrx_word' id='word_1_822' title='bbox 2891 5080 3013 5120; x_wconf 89' lang='lat' dir='ltr'><strong>cum</strong></span> <span class='ocrx_word' id='word_1_823' title='bbox 3063 5065 3182 5118; x_wconf 88' lang='lat' dir='ltr'><strong>aliis</strong></span> <span class='ocrx_word' id='word_1_824' title='bbox 3236 5064 3289 5118; x_wconf 90' lang='lat' dir='ltr'><strong>in</strong></span> <span class='ocrx_word' id='word_1_825' title='bbox 3345 5064 3554 5133; x_wconf 84' lang='lat' dir='ltr'><strong>pericu-</strong></span> 
     </span>
    </p>
   </div>
   <div class='ocr_carea' id='block_1_101' title="bbox 292 5151 1916 5237">
    <p class='ocr_par' dir='ltr' id='par_1_101' title="bbox 292 5162 1871 5237">
     <span class='ocr_line' id='line_1_102' title="bbox 292 5162 1871 5237; baseline 0.001 -18"><span class='ocrx_word' id='word_1_826' title='bbox 292 5169 443 5234; x_wconf 79' lang='grc' dir='ltr'><strong>ξεται</strong></span> <span class='ocrx_word' id='word_1_827' title='bbox 479 5166 714 5237; x_wconf 86' lang='grc' dir='ltr'><strong>φειδοῦς,</strong></span> <span class='ocrx_word' id='word_1_828' title='bbox 751 5167 845 5219; x_wconf 77' lang='grc' dir='ltr'><strong>καὶ</strong></span> <span class='ocrx_word' id='word_1_829' title='bbox 876 5167 976 5218; x_wconf 78' lang='grc' dir='ltr'><strong>οὐκ</strong></span> <span class='ocrx_word' id='word_1_830' title='bbox 1004 5162 1071 5217; x_wconf 83' lang='grc' dir='ltr'><strong>ἂν</strong></span> <span class='ocrx_word' id='word_1_831' title='bbox 1107 5168 1220 5228; x_wconf 86' lang='grc' dir='ltr'><strong>τοῖς</strong></span> <span class='ocrx_word' id='word_1_832' title='bbox 1252 5167 1459 5236; x_wconf 82' lang='grc' dir='ltr'><strong>ἑτέροις</strong></span> <span class='ocrx_word' id='word_1_833' title='bbox 1494 5169 1871 5236; x_wconf 78' lang='grc' dir='ltr'><strong>συγκινδυνεύ·</strong></span> 
     </span>
    </p>
   </div>
   <div class='ocr_carea' id='block_1_102' title="bbox 1930 5151 3554 5237">
    <p class='ocr_par' dir='ltr' id='par_1_102' title="bbox 1979 5151 3554 5227">
     <span class='ocr_line' id='line_1_103' title="bbox 1979 5151 3554 5227; baseline -0.006 -15"><span class='ocrx_word' id='word_1_834' title='bbox 1979 5160 2089 5213; x_wconf 91' lang='lat' dir='ltr'><strong>lum</strong></span> <span class='ocrx_word' id='word_1_835' title='bbox 2139 5174 2245 5213; x_wconf 91' lang='lat' dir='ltr'><strong>non</strong></span> <span class='ocrx_word' id='word_1_836' title='bbox 2280 5159 2585 5222; x_wconf 84' lang='lat' dir='ltr'><strong>vocabitur,</strong></span> <span class='ocrx_word' id='word_1_837' title='bbox 2636 5156 2832 5227; x_wconf 88' lang='lat' dir='ltr'><strong>quibus</strong></span> <span class='ocrx_word' id='word_1_838' title='bbox 2884 5155 3029 5223; x_wconf 88' lang='lat' dir='ltr'><strong>juste</strong></span> <span class='ocrx_word' id='word_1_839' title='bbox 3062 5154 3360 5209; x_wconf 86' lang='lat' dir='ltr'><strong>intentatur</strong></span> <span class='ocrx_word' id='word_1_840' title='bbox 3410 5151 3554 5219; x_wconf 80' lang='lat' dir='ltr'><strong>judi-</strong></span> 
     </span>
    </p>
   </div>
   <div class='ocr_carea' id='block_1_103' title="bbox 293 5242 1917 5333">
    <p class='ocr_par' dir='ltr' id='par_1_103' title="bbox 293 5253 1867 5333">
     <span class='ocr_line' id='line_1_104' title="bbox 293 5253 1867 5333; baseline 0.001 -21"><span class='ocrx_word' id='word_1_841' title='bbox 293 5278 405 5313; x_wconf 88' lang='grc' dir='ltr'><strong>σειε</strong></span> <span class='ocrx_word' id='word_1_842' title='bbox 430 5261 554 5314; x_wconf 87' lang='grc' dir='ltr'><strong>καθ’</strong></span> <span class='ocrx_word' id='word_1_843' title='bbox 582 5253 655 5314; x_wconf 81' lang='grc' dir='ltr'><strong>ὧν</strong></span> <span class='ocrx_word' id='word_1_844' title='bbox 685 5260 750 5313; x_wconf 86' lang='grc' dir='ltr'><strong>ἂν</strong></span> <span class='ocrx_word' id='word_1_845' title='bbox 804 5258 872 5312; x_wconf 83' lang='grc' dir='ltr'><strong>ίοι</strong></span> <span class='ocrx_word' id='word_1_846' title='bbox 899 5258 960 5311; x_wconf 78' lang='grc' dir='ltr'><strong>τὸ</strong></span> <span class='ocrx_word' id='word_1_847' title='bbox 989 5258 1163 5329; x_wconf 85' lang='grc' dir='ltr'><strong>κρίμα</strong></span> <span class='ocrx_word' id='word_1_848' title='bbox 1213 5258 1453 5322; x_wconf 82' lang='grc' dir='ltr'><strong>δικαίως.</strong></span> <span class='ocrx_word' id='word_1_849' title='bbox 1494 5280 1511 5311; x_wconf 76' lang='grc' dir='ltr'><strong>ι</strong></span> <span class='ocrx_word' id='word_1_850' title='bbox 1530 5328 1535 5333; x_wconf 26' lang='grc' dir='ltr'><em>ο</em></span> <span class='ocrx_word' id='word_1_851' title='bbox 1554 5262 1626 5315; x_wconf 82' lang='grc' dir='ltr'><strong>Οὐ</strong></span> <span class='ocrx_word' id='word_1_852' title='bbox 1656 5262 1763 5331; x_wconf 86' lang='grc' dir='ltr'><strong>γὰρ</strong></span> <span class='ocrx_word' id='word_1_853' title='bbox 1792 5262 1867 5332; x_wconf 82' lang='grc' dir='ltr'><strong>μὴ</strong></span> 
     </span>
    </p>
   </div>
   <div class='ocr_carea' id='block_1_104' title="bbox 1928 5242 3552 5333">
    <p class='ocr_par' dir='ltr' id='par_1_104' title="bbox 1977 5242 3552 5318">
     <span class='ocr_line' id='line_1_105' title="bbox 1977 5242 3552 5318; baseline -0.006 -13"><span class='ocrx_word' id='word_1_854' title='bbox 1977 5252 2145 5306; x_wconf 91' lang='lat' dir='ltr'><strong>cium.</strong></span> <span class='ocrx_word' id='word_1_855' title='bbox 2196 5267 2215 5300; x_wconf 73' lang='grc' dir='ltr'><strong>ε</strong></span> <span class='ocrx_word' id='word_1_856' title='bbox 2244 5248 2359 5303; x_wconf 86' lang='grc' dir='ltr'><strong>Νοη</strong></span> <span class='ocrx_word' id='word_1_857' title='bbox 2389 5249 2533 5304; x_wconf 90' lang='lat' dir='ltr'><strong>enim</strong></span> <span class='ocrx_word' id='word_1_858' title='bbox 2566 5250 2784 5318; x_wconf 88' lang='lat' dir='ltr'><strong>perdam</strong></span> <span class='ocrx_word' id='word_1_859' title='bbox 2815 5263 3024 5311; x_wconf 83' lang='lat' dir='ltr'><strong>omnes,</strong></span> <span class='ocrx_word' id='word_1_860' title='bbox 3061 5265 3080 5298; x_wconf 76' lang='grc' dir='ltr'><strong>ι</strong></span> <span class='ocrx_word' id='word_1_861' title='bbox 3132 5246 3325 5315; x_wconf 85' lang='lat' dir='ltr'><strong>inquit.</strong></span> <span class='ocrx_word' id='word_1_862' title='bbox 3358 5242 3552 5296; x_wconf 85' lang='lat' dir='ltr'><strong>lnsiliit</strong></span> 
     </span>
    </p>
   </div>
   <div class='ocr_carea' id='block_1_105' title="bbox 290 5334 1914 5421">
    <p class='ocr_par' dir='ltr' id='par_1_105' title="bbox 290 5347 1869 5421">
     <span class='ocr_line' id='line_1_106' title="bbox 290 5347 1869 5421; baseline 0.002 -21"><span class='ocrx_word' id='word_1_863' title='bbox 290 5348 537 5401; x_wconf 81' lang='grc' dir='ltr'><strong>ἀπολέσω</strong></span> <span class='ocrx_word' id='word_1_864' title='bbox 568 5350 794 5410; x_wconf 83' lang='grc' dir='ltr'><strong>πάντας,</strong></span> <span class='ocrx_word' id='word_1_865' title='bbox 834 5367 851 5400; x_wconf 75' lang='grc' dir='ltr'><strong>ι</strong></span> <span class='ocrx_word' id='word_1_866' title='bbox 891 5348 1045 5418; x_wconf 86' lang='grc' dir='ltr'><strong>φησί.</strong></span> <span class='ocrx_word' id='word_1_867' title='bbox 1102 5347 1378 5418; x_wconf 84' lang='grc' dir='ltr'><strong>Κατέθορε</strong></span> <span class='ocrx_word' id='word_1_868' title='bbox 1424 5348 1531 5419; x_wconf 85' lang='grc' dir='ltr'><strong>γὰρ</strong></span> <span class='ocrx_word' id='word_1_869' title='bbox 1556 5349 1743 5420; x_wconf 82' lang='grc' dir='ltr'><strong>ὥσπερ</strong></span> <span class='ocrx_word' id='word_1_870' title='bbox 1770 5354 1869 5421; x_wconf 84' lang='grc' dir='ltr'><strong>τῆς</strong></span> 
     </span>
    </p>
   </div>
   <div class='ocr_carea' id='block_1_106' title="bbox 1926 5334 3550 5421">
    <p class='ocr_par' dir='ltr' id='par_1_106' title="bbox 1975 5334 3550 5409">
     <span class='ocr_line' id='line_1_107' title="bbox 1975 5334 3550 5409; baseline -0.005 -11"><span class='ocrx_word' id='word_1_871' title='bbox 1975 5345 2119 5398; x_wconf 85' lang='lat' dir='ltr'><strong>enim</strong></span> <span class='ocrx_word' id='word_1_872' title='bbox 2154 5342 2319 5397; x_wconf 89' lang='lat' dir='ltr'><strong>veluti</strong></span> <span class='ocrx_word' id='word_1_873' title='bbox 2352 5351 2541 5396; x_wconf 88' lang='lat' dir='ltr'><strong>contra</strong></span> <span class='ocrx_word' id='word_1_874' title='bbox 2583 5340 2889 5395; x_wconf 70' lang='lat' dir='ltr'><strong>Judrcorum</strong></span> <span class='ocrx_word' id='word_1_875' title='bbox 2914 5339 3279 5409; x_wconf 82' lang='lat' dir='ltr'><strong>arrogantiam</strong></span> <span class='ocrx_word' id='word_1_876' title='bbox 3332 5334 3550 5390; x_wconf 86' lang='lat' dir='ltr'><strong>Domini</strong></span> 
     </span>
    </p>
   </div>
   <div class='ocr_carea' id='block_1_107' title="bbox 302 5431 1926 5512">
    <p class='ocr_par' dir='ltr' id='par_1_107' title="bbox 302 5438 1871 5512">
     <span class='ocr_line' id='line_1_108' title="bbox 302 5438 1871 5512; baseline 0.001 -20"><span class='ocrx_word' id='word_1_877' title='bbox 302 5440 569 5493; x_wconf 85' lang='grc' dir='ltr'><strong>Ἰουδαίων</strong></span> <span class='ocrx_word' id='word_1_878' title='bbox 598 5438 914 5502; x_wconf 80' lang='grc' dir='ltr'><strong>ἀλαζονείας</strong></span> <span class='ocrx_word' id='word_1_879' title='bbox 944 5439 972 5490; x_wconf 86' lang='grc' dir='ltr'>ὁ</span> <span class='ocrx_word' id='word_1_880' title='bbox 1000 5438 1096 5490; x_wconf 88' lang='grc' dir='ltr'><strong>τοῦ</strong></span> <span class='ocrx_word' id='word_1_881' title='bbox 1127 5439 1333 5509; x_wconf 85' lang='grc' dir='ltr'><strong>Κυρίου</strong></span> <span class='ocrx_word' id='word_1_882' title='bbox 1362 5438 1555 5509; x_wconf 82' lang='grc' dir='ltr'><strong>θυμὸς,</strong></span> <span class='ocrx_word' id='word_1_883' title='bbox 1587 5442 1871 5512; x_wconf 70' lang='grc' dir='ltr'><strong>μονονουχὶ</strong></span> 
     </span>
    </p>
   </div>
   <div class='ocr_carea' id='block_1_108' title="bbox 1924 5431 3548 5512">
    <p class='ocr_par' dir='ltr' id='par_1_108' title="bbox 1976 5431 3548 5499">
     <span class='ocr_line' id='line_1_109' title="bbox 1976 5431 3548 5499; baseline -0.004 -10"><span class='ocrx_word' id='word_1_884' title='bbox 1976 5436 2146 5499; x_wconf 80' lang='lat' dir='ltr'><strong>furor,</strong></span> <span class='ocrx_word' id='word_1_885' title='bbox 2186 5443 2393 5490; x_wconf 86' lang='lat' dir='ltr'><strong>tantum</strong></span> <span class='ocrx_word' id='word_1_886' title='bbox 2445 5449 2549 5487; x_wconf 89' lang='lat' dir='ltr'><strong>non</strong></span> <span class='ocrx_word' id='word_1_887' title='bbox 2575 5436 2900 5488; x_wconf 87' lang='lat' dir='ltr'><strong>comburens</strong></span> <span class='ocrx_word' id='word_1_888' title='bbox 2933 5431 3324 5487; x_wconf 83' lang='lat' dir='ltr'><strong>inobedientem</strong></span> <span class='ocrx_word' id='word_1_889' title='bbox 3356 5438 3412 5483; x_wconf 91' lang='lat' dir='ltr'><strong>et</strong></span> <span class='ocrx_word' id='word_1_890' title='bbox 3462 5444 3548 5483; x_wconf 89' lang='lat' dir='ltr'><strong>re-</strong></span> 
     </span>
    </p>
   </div>
   <div class='ocr_carea' id='block_1_109' title="bbox 288 5506 1912 5598">
    <p class='ocr_par' dir='ltr' id='par_1_109' title="bbox 288 5506 1867 5598">
     <span class='ocr_line' id='line_1_110' title="bbox 288 5506 1867 5598; baseline 0.003 -17"><span class='ocrx_word' id='word_1_891' title='bbox 288 5528 646 5598; x_wconf 82' lang='grc' dir='ltr'><strong>καταφλέγων</strong></span> <span class='ocrx_word' id='word_1_892' title='bbox 679 5527 771 5582; x_wconf 79' lang='grc' dir='ltr'><strong>τὸν</strong></span> <span class='ocrx_word' id='word_1_893' title='bbox 811 5527 1008 5598; x_wconf 80' lang='grc' dir='ltr'><strong>ἀπειθῆ</strong></span> <span class='ocrx_word' id='word_1_894' title='bbox 1054 5528 1145 5580; x_wconf 77' lang='grc' dir='ltr'><strong>καὶ</strong></span> <span class='ocrx_word' id='word_1_895' title='bbox 1173 5506 1510 5597; x_wconf 81' lang='grc' dir='ltr'><strong>δυσάγωγον·</strong></span> <span class='ocrx_word' id='word_1_896' title='bbox 1552 5506 1867 5596; x_wconf 78' lang='grc' dir='ltr'><strong>ἐσώζετο</strong></span> 
     </span>
    </p>
   </div>
   <div class='ocr_carea' id='block_1_110' title="bbox 1941 5506 3565 5598">
    <p class='ocr_par' dir='ltr' id='par_1_110' title="bbox 1974 5506 3565 5598">
     <span class='ocr_line' id='line_1_111' title="bbox 1974 5506 3565 5598; baseline -0.006 -16"><span class='ocrx_word' id='word_1_897' title='bbox 1974 5530 2315 5584; x_wconf 86' lang='lat' dir='ltr'><strong>i&#39;ractarium.</strong></span> <span class='ocrx_word' id='word_1_898' title='bbox 2346 5526 2414 5581; x_wconf 79' lang='lat' dir='ltr'><strong>At</strong></span> <span class='ocrx_word' id='word_1_899' title='bbox 2442 5524 2778 5597; x_wconf 83' lang='lat' dir='ltr'><strong>providentia</strong></span> <span class='ocrx_word' id='word_1_900' title='bbox 2818 5524 2912 5579; x_wconf 89' lang='lat' dir='ltr'><strong>Dei</strong></span> <span class='ocrx_word' id='word_1_901' title='bbox 2957 5534 3201 5579; x_wconf 83' lang='lat' dir='ltr'><strong>servatus</strong></span> <span class='ocrx_word' id='word_1_902' title='bbox 3252 5529 3355 5587; x_wconf 87' lang='lat' dir='ltr'><strong>est,</strong></span> <span class='ocrx_word' id='word_1_903' title='bbox 3393 5506 3565 5598; x_wconf 22' lang='lat' dir='ltr'><strong>quis-ﬁ</strong></span> 
     </span>
    </p>
   </div>
   <div class='ocr_carea' id='block_1_111' title="bbox 286 5589 1910 5696">
    <p class='ocr_par' dir='ltr' id='par_1_111' title="bbox 286 5589 1871 5696">
     <span class='ocr_line' id='line_1_112' title="bbox 286 5589 1871 5696; baseline 0.005 -26"><span class='ocrx_word' id='word_1_904' title='bbox 286 5589 512 5690; x_wconf 77' lang='grc' dir='ltr'><strong>προνοίᾳ</strong></span> <span class='ocrx_word' id='word_1_905' title='bbox 531 5620 687 5685; x_wconf 83' lang='grc' dir='ltr'><strong>Θεοῦ,</strong></span> <span class='ocrx_word' id='word_1_906' title='bbox 721 5622 827 5684; x_wconf 77' lang='grc' dir='ltr'><strong>πᾶς</strong></span> <span class='ocrx_word' id='word_1_907' title='bbox 856 5589 1012 5684; x_wconf 75' lang='grc' dir='ltr'><strong>εἴτις</strong></span> <span class='ocrx_word' id='word_1_908' title='bbox 1043 5615 1111 5690; x_wconf 81' lang='grc' dir='ltr'><strong>ἦν</strong></span> <span class='ocrx_word' id='word_1_909' title='bbox 1147 5623 1206 5675; x_wconf 83' lang='grc' dir='ltr'><strong>ἐν</strong></span> <span class='ocrx_word' id='word_1_910' title='bbox 1242 5589 1427 5685; x_wconf 73' lang='grc' dir='ltr'><strong>αὐτοῖς</strong></span> <span class='ocrx_word' id='word_1_911' title='bbox 1469 5623 1565 5693; x_wconf 80' lang='grc' dir='ltr'><strong>τῆς</strong></span> <span class='ocrx_word' id='word_1_912' title='bbox 1611 5623 1699 5677; x_wconf 79' lang='grc' dir='ltr'><strong>διὰ</strong></span> <span class='ocrx_word' id='word_1_913' title='bbox 1735 5626 1871 5696; x_wconf 87' lang='grc' dir='ltr'><strong>Χρι-</strong></span> 
     </span>
    </p>
   </div>
   <div class='ocr_carea' id='block_1_112' title="bbox 1943 5589 3567 5696">
    <p class='ocr_par' dir='ltr' id='par_1_112' title="bbox 1977 5589 3567 5690">
     <span class='ocr_line' id='line_1_113' title="bbox 1977 5589 3567 5690; baseline -0.006 -15"><span class='ocrx_word' id='word_1_914' title='bbox 1977 5621 2099 5690; x_wconf 86' lang='lat' dir='ltr'><strong>quis</strong></span> <span class='ocrx_word' id='word_1_915' title='bbox 2129 5622 2271 5677; x_wconf 88' lang='lat' dir='ltr'><strong>inter</strong></span> <span class='ocrx_word' id='word_1_916' title='bbox 2298 5621 2419 5675; x_wconf 89' lang='lat' dir='ltr'><strong>illos</strong></span> <span class='ocrx_word' id='word_1_917' title='bbox 2442 5589 2562 5675; x_wconf 73' lang='lat' dir='ltr'><strong>erat</strong></span> <span class='ocrx_word' id='word_1_918' title='bbox 2610 5618 2785 5673; x_wconf 75' lang='lat' dir='ltr'><strong>Salute</strong></span> <span class='ocrx_word' id='word_1_919' title='bbox 2846 5632 2942 5686; x_wconf 86' lang='lat' dir='ltr'><strong>per</strong></span> <span class='ocrx_word' id='word_1_920' title='bbox 2998 5615 3272 5671; x_wconf 87' lang='lat' dir='ltr'><strong>Christum</strong></span> <span class='ocrx_word' id='word_1_921' title='bbox 3325 5589 3567 5681; x_wconf 73' lang='lat' dir='ltr'><strong>dignus.i</strong></span> 
     </span>
    </p>
   </div>
   <div class='ocr_carea' id='block_1_113' title="bbox 286 5703 1910 5782">
    <p class='ocr_par' dir='ltr' id='par_1_113' title="bbox 286 5708 1871 5779">
     <span class='ocr_line' id='line_1_114' title="bbox 286 5708 1871 5779; baseline 0.006 -21"><span class='ocrx_word' id='word_1_922' title='bbox 286 5708 416 5762; x_wconf 75' lang='grc' dir='ltr'><strong>στοῦ</strong></span> <span class='ocrx_word' id='word_1_923' title='bbox 446 5712 714 5779; x_wconf 82' lang='grc' dir='ltr'><strong>σωτηρίας</strong></span> <span class='ocrx_word' id='word_1_924' title='bbox 740 5710 890 5775; x_wconf 76' lang='grc' dir='ltr'><strong>ἄξιος</strong></span> <span class='ocrx_word' id='word_1_925' title='bbox 915 5726 928 5740; x_wconf 75' lang='grc' dir='ltr'><strong>ο</strong></span> <span class='ocrx_word' id='word_1_926' title='bbox 970 5710 1061 5763; x_wconf 75' lang='grc' dir='ltr'><strong>καὶ</strong></span> <span class='ocrx_word' id='word_1_927' title='bbox 1109 5711 1240 5777; x_wconf 86' lang='grc' dir='ltr'><strong>γοῦν</strong></span> <span class='ocrx_word' id='word_1_928' title='bbox 1271 5713 1297 5765; x_wconf 82' lang='grc' dir='ltr'>ὁ</span> <span class='ocrx_word' id='word_1_929' title='bbox 1328 5711 1612 5777; x_wconf 82' lang='grc' dir='ltr'><strong>θεσπέσιος</strong></span> <span class='ocrx_word' id='word_1_930' title='bbox 1661 5714 1871 5777; x_wconf 76' lang='grc' dir='ltr'><strong>Παῦλος</strong></span> 
     </span>
    </p>
   </div>
   <div class='ocr_carea' id='block_1_114' title="bbox 1943 5703 3567 5782">
    <p class='ocr_par' dir='ltr' id='par_1_114' title="bbox 1976 5703 3567 5782">
     <span class='ocr_line' id='line_1_115' title="bbox 1976 5703 3567 5782; baseline -0.007 -14"><span class='ocrx_word' id='word_1_931' title='bbox 1976 5712 2240 5770; x_wconf 84' lang='lat' dir='ltr'><strong>Nimirum</strong></span> <span class='ocrx_word' id='word_1_932' title='bbox 2272 5713 2483 5769; x_wconf 81' lang='lat' dir='ltr'><strong>divinus</strong></span> <span class='ocrx_word' id='word_1_933' title='bbox 2522 5711 2718 5769; x_wconf 83' lang='lat' dir='ltr'><strong>Paulus</strong></span> <span class='ocrx_word' id='word_1_934' title='bbox 2760 5720 3033 5782; x_wconf 86' lang='lat' dir='ltr'><strong>capturam</strong></span> <span class='ocrx_word' id='word_1_935' title='bbox 3085 5707 3380 5766; x_wconf 86' lang='lat' dir='ltr'><strong>secundum</strong></span> <span class='ocrx_word' id='word_1_936' title='bbox 3437 5703 3567 5763; x_wconf 60' lang='lat' dir='ltr'><strong>cie-ﬁ</strong></span> 
     </span>
    </p>
   </div>
  </div>
