4134 6302
556 311 689 366 MM

1576 306 1633 360 S.
1678 302 1955 359 CYRIILI
1997 299 2468 356 ALEXANDRINI
2512 301 2836 358 ARCIHEP.

3675 309 3814 366 1412

547 427 784 481 ctionem‘
849 427 1041 496 gratia;
1125 429 1319 480 laetam
1386 422 1554 476 fuisse
1582 420 1732 485 dicit,
1789 428 1843 474 et
1919 417 2107 473 delecti

2231 411 2427 485 λῆμμα
2483 417 2602 467 κατ’
2665 415 2898 484 ἐκλογὴν
2942 413 3168 485 ,χάριτος
3220 416 3475 484 γενέσθαι
3532 421 3666 490 φησὶ
3721 424 3820 476 καὶ

545 517 694 572 velut.
721 532 788 571 ex
825 519 973 570 omni
1045 516 1353 570 Judteorum
1379 514 1598 583 regione
1628 512 1840 574 habito,
1868 510 2124 578 reliquias

545 607 760 662 lsraelis
800 608 863 660 ad
905 608 1061 659 [idem
1087 605 1323 659 irretitas
1353 615 1404 659 et
1435 605 1756 675 illaqueatas
1779 603 1846 656 ⁸³.
1909 620 1928 652 ι
1955 603 2071 654 Non
2099 620 2117 651 ι

543 712 694 767 ergo,
727 697 919 764 inquit,
948 714 967 747 ι
1003 697 1220 764 perdam
1262 710 1477 761 omnes,
1509 695 1602 750 sed
1636 694 1816 749 tollam
1851 707 1914 748 ex
1956 692 2123 749 Iacob

542 801 726 841 semen
762 794 816 841 et
845 800 908 840 ex
937 787 1097 840 Juda.
1131 806 1150 840 ›
1183 807 1200 838 ι
1232 787 1459 853 'l‘ollam,
1489 805 1507 837 ι
1549 787 1635 840 hic
1668 786 1956 856 intelliges,
1991 801 2121 850 non,

542 878 806 940 Perdant;
868 878 962 933 sed
1007 878 1280 932 excelsum
1313 887 1368 934 et
1421 877 1820 946 suscipiendum
1876 877 2118 932 reddam.

540 969 756 1023 Tollere
839 985 1073 1038 namque
1127 971 1398 1025 interdum
1466 979 1568 1034 est,
1641 970 1894 1024 evehere.
1963 966 2122 1023 Tales

541 1059 891 1122 exstiterunt,
923 1062 1100 1129 quoad
1131 1061 1381 1131 gloriam,
1411 1060 1836 1130 inquam,divini
1867 1058 2120 1128 discipuli

538 1152 795 1207 sublimes
826 1162 879 1206 et
909 1154 1232 1221 spectabiles
1287 1155 1538 1208 omnibus
1585 1154 1832 1217 ubilibet,
1898 1164 1953 1206 ct
2003 1164 2122 1207 tan-

538 1259 700 1313 quam
741 1246 931 1300 civitas
979 1246 1031 1300 in
1070 1256 1254 1300 monte
1288 1246 1412 1310 sita,
1446 1255 1500 1300 et
1548 1246 1766 1300 lucerna
1798 1261 1962 1315 super
1993 1261 2122 1299 can-

537 1333 758 1388 delabro
789 1337 982 1404 posita,
1021 1351 1085 1390 ac
1135 1335 1324 1390 lucens
1383 1335 1634 1390 omnibus
1692 1338 1782 1406 qui
1833 1338 1885 1390 in
1958 1337 2121 1392 domo

538 1435 664 1480 sunt
696 1426 765 1489 "‘,
800 1429 1096 1482 secundum
1144 1429 1315 1497 ipsius
1356 1444 1545 1482 vocem
1615 1429 1940 1483 Servatoris.
2007 1427 2120 1483 Hoc

537 1517 702 1585 igitur
738 1527 824 1573 est
852 1533 1036 1573 semen
1065 1535 1128 1574 ex
1163 1519 1327 1574 Jacob
1376 1529 1431 1573 et
1483 1518 1639 1572 Juda.
1671 1519 1840 1590 896
1879 1539 1898 1570 ι
1937 1519 2120 1575 Possi-

2223 505 2586 576 ἀπολογάδην,
2618 507 2805 576 ὥσπερ
2838 506 2896 569 ἐξ
2922 506 3142 576 ἁπάσης
3186 508 3282 576 τῆς
3329 509 3598 562 Ἰουδαίων
3637 512 3818 583 χώρας

2228 597 2631 667 σαγηνευθῆναι
2684 597 2822 667 πρὸς
2859 597 3045 648 πίστιν
3078 596 3140 648 τὸ
3177 598 3530 669 κατάλειμμα
3581 601 3672 654 τοῦ
3717 603 3819 658 Ἰσ-

2226 689 2385 758 ραήλ.
2439 709 2458 740 ι
2499 687 2710 741 Οὐκοῦν
2759 689 2820 741 οὐ
2861 689 2936 759 μὴ
2972 687 3225 742 ἀπολέσω
3287 691 3519 754 πάντας,
3563 711 3580 742 ι
3630 697 3816 764 φησὶν,

2229 798 2247 829 ι
2279 779 2393 832 ἀλλ’
2422 778 2601 850 ἐξαρῶ
2632 779 2694 832 τὸ
2721 779 2780 844 ἐξ
2816 779 3010 832 Ἰακὼϐ
3036 780 3278 850 σπέρμα,
3301 781 3477 834 καὶτὸ
3501 783 3562 846 ἐξ
3587 785 3774 838 Ἰούδα.
3793 806 3817 838 ι

2223 871 2296 923 Τὸ
2327 870 2384 924 δὲ
2415 887 2435 922 ι
2487 869 2690 942 ὲξαρῶ,
2729 889 2748 920 ι
2798 871 3054 942 συνήσεις
3086 869 3345 935 ἐνταῦθα,
3369 871 3431 923 οὐ
3457 873 3517 925 τὸ
3567 875 3823 930 ἀπολέσω

2225 962 2448 1033 μᾶλλον,
2476 960 2680 1031 ὑψηλὸν
2711 960 2768 1013 δὲ
2804 961 2900 1014 καὶ
2926 959 3266 1014 ἀπόϐλεπτον
3285 962 3554 1031 ἀποφανῶ
3575 981 3588 995 ·
3622 964 3685 1017 τὸ
3707 968 3819 1036 γὰρ

2223 1052 2460 1124 ἐξαίρειν
2479 1051 2590 1105 ἔσθ’
2613 1053 2702 1106 ὅτε
2732 1051 2794 1105 τὸ
2822 1051 2988 1121 ὑψοῦν
3022 1053 3160 1108 ἐστι.
3192 1053 3455 1120 Γεγόνασι
3472 1055 3531 1109 δὲ
3554 1056 3812 1123 τοιοῦτοι,

2223 1143 2363 1196 κατά
2401 1159 2464 1210 γε
2495 1143 2638 1212 φημὶ
2653 1142 2751 1212 τὴν
2780 1141 2961 1209 δόξαν,
2989 1143 3037 1195 οί
3064 1141 3340 1199 θεσπέσιοι
3362 1145 3596 1217 μαθηταὶ
3617 1150 3817 1220 ὑψηλοὶ

2222 1236 2316 1288 καὶ
2347 1234 2630 1303 περίοπτοι
2661 1235 2775 1297 τοῖς
2800 1234 3135 1304 ἁπανταχοῦ,
3169 1235 3264 1289 καὶ
3295 1230 3384 1288 οἶα
3427 1238 3578 1301 πόλις
3607 1241 3663 1293 ἐν
3687 1242 3808 1312 ὄρει

2222 1323 2474 1394 κειμένη,
2498 1324 2592 1378 καὶ
2611 1323 2802 1395 λύχνος
2823 1325 2914 1377 ἐπὶ
2932 1325 3155 1396 λυχνίαν
3195 1327 3467 1397 κείμενος,
3487 1330 3581 1381 καὶ
3603 1334 3806 1400 φαίνων

2238 1416 2370 1466 πᾶσι
2396 1415 2505 1476 τοῖς
2541 1415 2599 1466 ἐν
2625 1415 2690 1484 τῇ
2715 1413 2863 1484 οίκίᾳ
2903 1413 3046 1467 κατὰ
3077 1415 3178 1486 τὴν
3223 1415 3387 1469 αὑτοῦ
3416 1417 3511 1470 τοῦ
3561 1419 3810 1492 Σωτῆρος

2220 1503 2425 1574 φωνήν.
2457 1503 2629 1556 Τοῦτο
2668 1503 2734 1574 δὴ
2779 1498 2872 1556 οὖν
2920 1504 2982 1557 τὸ
3025 1504 3086 1568 ἐξ
3149 1505 3374 1570 Ἰακὼϐ,
3413 1508 3507 1560 καὶ
3536 1509 3596 1576 ἐξ
3641 1511 3808 1566 Ἰούδα

537 1605 706 1667 tlebit,
741 1606 935 1673 inquit,
999 1615 1234 1660 montem
1293 1615 1538 1660 sanctum
1608 1623 1850 1672 meum”
1927 1623 2107 1678 nempe

2221 1592 2471 1663 σπέρμαο
2511 1612 2530 1645 ι
2573 1593 3009 1666 κληρονομήσει,
3043 1615 3060 1647 ι
3101 1596 3258 1665 φησὶ,
3290 1615 3309 1648 ι
3341 1597 3403 1651 τὸ
3423 1599 3549 1670 ὅρος
3579 1601 3641 1653 τὸ
3656 1602 3810 1669 ἅγιόν

538 1694 857 1749 Ecclesiam.
908 1695 998 1750 Sic
1050 1697 1192 1751 enim
1220 1711 1340 1749 eam
1376 1697 1628 1767 designat
1659 1697 1787 1752 alibi
1857 1698 1970 1767 ipse
2021 1714 2107 1752 sa-

2213 1701 2327 1762 μου
2353 1701 2366 1713 ·
2412 1703 2430 1734 ι
2461 1684 2618 1756 δῆλον
2657 1686 2714 1738 δὲ
2741 1685 2824 1738 ὅτι
2863 1686 2964 1756 τὴν
3010 1687 3358 1758 Ἐκκλησίαν.
3393 1689 3554 1744 οὕτω
3573 1693 3682 1764 γὰρ
3712 1695 3810 1746 αύ-

536 1785 904 1851 pientissimus
933 1788 1097 1842 l’s‘aias
1121 1829 1135 1851 ,
1168 1787 1394 1854 loquens
1433 1787 1500 1841 de
1550 1789 1755 1843 vocatis
1807 1804 1900 1858 per
1963 1790 2107 1844 liderr

2223 1774 2324 1847 τὴν
2369 1777 2462 1830 καὶ
2494 1777 2720 1849 ἑτέρωθί
2781 1794 2884 1830 που
2935 1779 3334 1849 κατασημαίνει
3381 1781 3558 1852 λέγων
3592 1786 3752 1849 αὐτὸς
3779 1791 3807 1842 6

539 1875 590 1928 in
636 1876 852 1931 Christo
881 1879 946 1931 ad
981 1879 1175 1932 divina:
1231 1879 1347 1947 ejus
1379 1891 1584 1935 natura:
1648 1882 2107 1950 participationem

2224 1870 2498 1938 πάνσοφος
2529 1869 2758 1933 Ἡσαΐας
2784 1870 2913 1940 περὶ
2937 1870 3046 1924 τῶν
3079 1870 3170 1924 διὰ
3194 1871 3429 1936 πίστεως
3463 1875 3564 1946 τῆς
3587 1879 3646 1930 ὲν
3673 1879 3806 1949 xm-

535 1965 649 2020 sive
703 1969 1180 2024 communionem:
1235 1989 1254 2020 ι
1293 1969 1431 2035 Quia
1489 1972 1677 2025 bibent
1743 1972 2006 2049 laetitia/tn,
2061 1979 2107 2027 cl

2223 1958 2333 2029 στῷ
2367 1961 2720 2030 κεκλημένων
2763 1963 2844 2025 είς
2870 1961 3104 2032 μέθεξιν,
3141 1964 3306 2033 ἤγουν
3367 1967 3464 2018 καὶ
3515 1971 3800 2024 κοινωνίαν

537 2056 724 2109 bibent
769 2058 973 2120 vinum,
1030 2069 1230 2128 nngent
1279 2067 1548 2128 unguento
1583 2059 1634 2112 in
1686 2069 1866 2115 monte
1928 2061 2050 2115 isto.
2088 2081 2109 2114 ι

534 2148 711 2202 Trade
735 2149 849 2204 lucc
880 2151 1059 2204 omnia
1087 2152 1354 2220 gentibus.
1391 2152 1681 2207 Decretum
1707 2153 1851 2207 enim
1897 2155 2000 2209 hoc
2045 2156 2112 2210 ad

533 2251 723 2290 omnes
747 2246 935 2306 gentes
957 2240 1212 2308 pertinet.
1251 2238 1307 2294 In
1341 2250 1524 2295 monte
1556 2237 1719 2310 igitur
1754 2241 1878 2307 isto,
1913 2242 2109 2312 inquit,

535 2325 822 2380 haereditas
846 2327 951 2379 erit
984 2328 1119 2381 meis
1152 2327 1358 2393 electis,
1391 2337 1448 2382 et.
1527 2329 1668 2383 inter
1727 2330 1846 2384 illos
1899 2331 2112 2386 habita-

533 2415 668 2469 bunt
695 2431 907 2481 omnes,
934 2418 1244 2488 quicunque
1275 2420 1426 2489 regni
1477 2421 1584 2474 mei
1627 2421 1819 2492 jugnm
1853 2423 2108 2478 subeunt.

532 2500 676 2556 Nihil
707 2505 923 2558 absurdi
958 2507 1083 2571 erit,
1127 2508 1172 2562 si
1209 2507 1359 2563 dicas
1443 2523 1752 2578 supremam
1831 2511 2109 2567 civitatem

533 2591 805 2660 caelestem
863 2592 1183 2659 Jerusalem,
1247 2606 1486 2653 montem
1571 2600 1840 2654 nominari
1895 2601 1948 2654 in
2001 2614 2110 2670 quo

530 2691 842 2740 sanctorum
881 2699 1002 2739 sors
1042 2694 1125 2740 est
1147 2686 1193 2717 "
1215 2727 1232 2752 ,
1264 2687 1371 2741 Deo
1399 2687 1501 2743 illis
1522 2689 1876 2746 distribuente
1945 2693 2106 2757 bona,

530 2787 650 2841 quae
683 2789 782 2829 nec
811 2790 984 2841 mens,
1008 2791 1110 2832 nec
1145 2779 1321 2834 oratio
1350 2789 1531 2849 potest
1564 2796 1778 2852 capere.
1809 2801 1828 2836 ι
1855 2783 2055 2840 Oculus
2083 2803 2102 2835 ι

529 2865 696 2929 enim,
731 2866 924 2934 inquit,
959 2887 978 2918 ι
1023 2883 1126 2922 non
1158 2871 1313 2938 vidit,
1382 2881 1437 2928 et
1493 2875 1646 2931 auris
1706 2891 1813 2930 non
1877 2878 2104 2946 audivit,

2220 2049 2317 2118 τῆς
2337 2050 2488 2112 θείας
2509 2048 2672 2104 αὐτοῦ
2696 2051 2910 2119 φύσεως
2930 2070 2944 2082 ο
2976 2072 2993 2105 ι
3047 2054 3172 2107 Ὅτι
3195 2055 3425 2112 πίωνται
3443 2059 3801 2134 εὐφροσύνην,

2219 2140 2315 2192 καὶ
2334 2139 2566 2192 πίωνται
2586 2134 2750 2207 οἶνον,
2770 2159 2802 2210 χ
2810 2141 3048 2211 ρίσονται
3071 2143 3243 2216 μύρον
3263 2148 3320 2198 ἐν
3347 2147 3427 2217 τῷ
3443 2148 3558 2218 ὄρει
3575 2152 3762 2224 τούτῳ.
3777 2173 3796 2206 ι

2219 2228 2468 2298 Παράδος
2524 2229 2699 2284 ταῦτα
2724 2232 2902 2286 πάντα
2931 2235 3044 2296 τοῖς
3096 2234 3328 2291 ἔθνεσιν.
3380 2238 3446 2292 Ἦ
3486 2241 3594 2312 γὰρ
3640 2243 3801 2314 βουλὴ

2217 2319 2355 2390 αὕτη
2380 2321 2472 2373 ἐπὶ
2507 2321 2684 2375 πάντα
2721 2323 2790 2376 τὰ
2813 2323 2964 2395 ἔθνη.
3014 2326 3103 2380 Ἐν
3128 2327 3304 2398 τούτῳ
3335 2329 3400 2400 δὴ
3431 2326 3525 2384 οῦν
3560 2332 3634 2403 τῷ
3658 2334 3798 2404 δρει,

2217 2410 2371 2481 φησὶ,
2405 2411 2606 2482 κλῆρος
2634 2404 2789 2466 ἔσται
2821 2415 2934 2478 τοῖς
2974 2415 3130 2486 ἐμοῖς
3167 2417 3466 2485 ἐκλεκτοῖς,
3491 2423 3584 2474 καὶ
3605 2424 3662 2476 ὲν
3693 2425 3798 2477 αὖε-

2214 2501 2328 2563 τοῖς
2356 2504 2739 2573 κατοικήσουσι
2798 2505 3000 2569 πάντες
3021 2545 3036 2571 ,
3067 2508 3183 2562 ὅσοι
3229 2509 3320 2563 τὸν
3348 2511 3452 2580 τῆς
3479 2513 3617 2583 ἐμῆς
3648 2513 3803 2584 βασι-

2215 2592 2364 2656 λείας
2397 2594 2757 2666 ὑποτρέχουσι
2786 2597 2985 2665 ζυγόν⁹
3025 2598 3087 2653 τὸ
3130 2599 3187 2653 δὲ
3235 2602 3468 2667 ἀπεικὸς
3502 2605 3674 2672 οὐδὲν,
3707 2609 3806 2660 καὶ

2213 2684 2312 2756 τὴν
2341 2686 2452 2740 ἄνω
2483 2687 2636 2740 πόλιν
2672 2688 2770 2759 τὴν
2803 2690 3124 2761 ἐπουράνιον
3157 2693 3513 2767 Ἰερουσαλὴμ
3537 2697 3661 2768 ὅρος
3682 2701 3802 2754 ὀνο-

2217 2777 2486 2848 μάζεσθαι
2523 2779 2722 2850 λέγειν,
2757 2783 2816 2836 ἐν
2837 2775 2882 2850 ᾧ
2909 2785 3016 2838 τῶν
3039 2786 3213 2854 ἁγίων
3233 2789 3262 2841 6
3291 2788 3493 2860 κλῆρος
3524 2790 3804 2864 διανέμον-

2211 2887 2304 2934 τος
2357 2870 2492 2924 Θεοῦ
2545 2873 2613 2925 τὰ
2663 2872 2802 2944 ὑπὲρ
2836 2874 2962 2929 νοῦν
3027 2877 3121 2930 καὶ
3163 2878 3322 2947 λόγον
3372 2881 3556 2946 αὐτοῖς
3597 2884 3800 2951 ἀγαθά.

529 2959 584 3004 et
607 2951 659 3004 in
699 2967 793 3006 cor
822 2953 1060 3011 hominis
1099 2973 1206 3014 non
1237 2960 1504 3027 ascendit,
1535 2977 1654 3034 qua:
1703 2966 1915 3034 paravit
1963 2967 2106 3025 Deus

2217 2979 2236 3013 ι
2271 2960 2614 3032 Ὀφθαλμὸς»
2649 2964 2758 3035 γὰρ
2786 3005 2802 3029 ,
2839 2969 3043 3038 φησιν,
3086 2987 3104 3020 ι
3141 2969 3243 3022 οὐκ
3283 2967 3413 3037 εἶδε,
3441 2975 3539 3027 καὶ
3571 2971 3666 3039 οὖς
3696 2977 3800 3030 οὐκ

529 3041 876 3112 diligentibus
907 3060 964 3100 se
995 3047 1059 3102 ⁵⁸.
1095 3066 1113 3100 ι

599 3217 764 3276 Vnus.
807 3221 894 3277 10.
917 3222 984 3278 Ει
1012 3237 1164 3281 erunt
1232 3231 1289 3283 in
1350 3232 1492 3288 saltu
1562 3236 1719 3292 ovilia
1775 3253 2012 3310 gregum,
2059 3251 2108 3296 et

527 3311 726 3376 Achar,
755 3315 810 3367 in
846 3317 1126 3384 requietem
1169 3335 1524 3380 armentorum
1570 3329 1763 3398 populo
1827 3347 1963 3398 meo,
2019 3333 2110 3402 qui

522 3401 765 3469 quwaieit
825 3419 925 3457 me.
1988 3431 1996 3442 '

599 3491 855 3548 Solemue
884 3504 968 3549 est
996 3496 1289 3563 Scriptura:
1331 3502 1592 3562 divinitus
1627 3507 1930 3578 inspiratae,
1969 3527 2106 3568 non-

524 3596 800 3649 nunquam
847 3585 1002 3638 silvis
1051 3589 1397 3654 spississimis
1426 3602 1479 3648 et
1504 3594 1730 3652 ﬂoribus
1759 3599 1941 3656 densis
2007 3617 2104 3671 po-

523 3670 738 3738 pulosas
772 3671 932 3726 urbes
957 3679 1012 3726 et
1042 3676 1287 3744 regiones
1313 3693 1648 3749 comparare.
1685 3684 1819 3741 Nam
1885 3670 2105 3759 quidam

521 3773 554 3812 e
588 3760 794 3814 sanctis
829 3765 1107 3831 prophetis
1143 3766 1298 3832 dixit,
1325 3768 1472 3822 velut
1496 3772 1562 3824 ad
1613 3770 1924 3831 Judaeorum
1993 3795 2105 3833 ma-

524 3859 683 3912 trem,
721 3849 1043 3916 Jerusalem,
1071 3856 1330 3927 inquam:
1384 3878 1403 3911 ι
1438 3861 1623 3931 Aperi,
1665 3865 1890 3934 Libane,
1956 3870 2104 3927 fores

523 3948 663 4003 tuas,
687 3951 742 3996 et
775 3943 994 3998 devoret
1030 3944 1167 4016 ignis
1199 3952 1394 4005 ccilros
1425 3962 1566 4006 tuas.
1608 3954 1841 4022 Ululate,
1865 3974 2105 4028 quercus

518 4027 718 4096 Basan,
758 4032 883 4101 quia
922 4035 1170 4090 succisus
1201 4046 1285 4093 est
1331 4040 1502 4098 saltus
1536 4047 1780 4103 consitus
1815 4027 1897 4102 ’τί
1921 4069 1940 4101 ι
1997 4051 2104 4106 Ne-

518 4135 607 4172 mo
636 4131 816 4177 autem
851 4124 1049 4180 dixerit
1100 4128 1294 4198 jubere
1354 4131 1502 4187 illum
1556 4136 1715 4206 pinus
1769 4149 1826 4194 et.
1869 4156 2102 4210 quercus

517 4207 746 4275 plorare,
779 4221 858 4266 est
887 4215 1031 4268 enim
1064 4217 1116 4272 id
1146 4216 1303 4287 plane
1369 4223 1644 4292 ineptum;
1699 4229 1815 4296 sed,
1856 4207 1914 4286 ut
1966 4234 2098 4301 dixi,

2211 3053 2434 3123 ἢκουσε,
2494 3056 2587 3107 καὶ
2635 3056 2730 3107 ἐπὶ
2777 3057 3005 3128 καρδίαν
3059 3059 3348 3131 ἀνθρώπου
3377 3063 3481 3117 οὐκ
3537 3065 3731 3137 ἀνέϐη,
3762 3069 3801 3122 ἃ

2211 3142 2509 3212 ἡτοίμασεν
2536 3147 2564 3197 6
2591 3144 2722 3209 Θεὸς
2748 3148 2860 3211 τοῖς
2884 3147 3171 3215 ἀγαπῶσιν
3196 3149 3379 3205 αὐτόν.
3417 3171 3437 3204 ι

2281 3235 2393 3288 Καὶ
2413 3237 2656 3291 ἔσονται
2693 3236 2762 3290 ἐν
2814 3237 2895 3303 τῷ
2924 3238 3127 3309 δρυμῷ
3158 3241 3448 3310 ἐπαύλεις
3485 3247 3796 3315 ποιμνίων,

2215 3322 2313 3378 καὶ
2341 3323 2577 3394 φάραγξ
2613 3325 2802 3396 Ἀχὼρ
2828 3329 2916 3394 είς
2963 3329 3312 3386 ἀνάπαυσιν
3335 3333 3680 3398 ,βουκολιων
3714 3336 3796 3402 τῷ

2208 3414 2336 3480 λαῷ
2364 3434 2500 3484 μου,
2522 3418 2578 3480 οἳ
2601 3416 2899 3486 ἐζήτησάν
2923 3438 3021 3490 με.

2285 3503 2446 3566 Ἕθος
2465 3506 2532 3575 τῇ
2561 3504 2905 3579 θεοπνεύστῳ
2935 3510 3122 3583 Γραφῇ
3170 3511 3398 3584 δρυμοῖς
3433 3519 3792 3586 παρεικάζειν

2207 3593 2658 3664 εὐδενδροτὰτοις,
2691 3599 2786 3651 καὶ
2819 3598 3005 3653 ἄνθεσι
3038 3605 3149 3666 τοῖς
3188 3603 3371 3658 δασέσι
3401 3605 3497 3668 τάς
3545 3607 3790 3662 πολυαν-

2206 3682 2436 3753 δρούσας
2465 3686 2667 3751 πόλεις,
2697 3689 2730 3759 ἢ
2765 3689 2950 3762 χώρας
2977 3691 3090 3746 ἔσθ’
3119 3694 3232 3760 ὅτε,
3276 3696 3371 3749 καὶ
3407 3696 3536 3765 γοῦν
3565 3697 3671 3769 ἐφη
3703 3718 3792 3765 τις

2205 3775 2316 3830 τῶν
2359 3777 2531 3845 ἁγίων
2565 3782 2863 3852 προφητῶν
2886 3823 2902 3846 ,
2955 3784 3033 3849 ὡς
3077 3787 3214 3858 πρὸς
3243 3789 3347 3859 τὴν
3367 3789 3476 3843 τῶν
3519 3791 3792 3846 Ἰουδαίων

2209 3869 2443 3941 μητέρα,
2501 3873 2644 3942 φημὶ
2679 3874 2744 3945 δὴ
2766 3875 2866 3945 τὴν
2927 3877 3289 3952 Ἰερουσαλήμ
3311 3897 3326 3913 ·
3383 3901 3402 3933 t
3433 3884 3727 3952 Διάνοιξον,
3763 3889 3793 3939 6

2205 3958 2462 4024 Λίϐανος,
2492 3962 2591 4025 τὰς
2639 3963 2808 4035 θύρας
2843 3985 2960 4034 σου,
2993 3969 3088 4023 καὶ
3125 3975 3492 4044 καταφαγέτω
3540 3976 3652 4047 πῦρ
3693 3977 3792 4040 τὰς

2207 4051 2430 4122 κέδρους
2476 4072 2569 4108 σου
2598 4072 2608 4082 ·
2643 4055 2949 4126 ὀλολύξατε,
2981 4062 3141 4133 δρῦες
3167 4065 3268 4135 τῆς
3306 4066 3678 4136 Βασανίτιδος,
3708 4071 3792 4124 ὅτι

2206 4143 2559 4214 κατεσπάσθη
2593 4146 2621 4197 6
2648 4145 2899 4217 δρυμὺςό
2940 4151 3243 4222 σύμφυτος.
3293 4175 3312 4208 ι
3352 4159 3465 4212 Καὶ
3491 4159 3554 4212 οὐ
3583 4161 3648 4232 δή
3685 4177 3790 4215 που

2205 4233 2340 4302 φαίη
2371 4251 2453 4298 τις
2489 4236 2576 4298 ἂν,
2606 4236 2681 4300 ὡς
2708 4239 2892 4293 πίτυσί
2918 4259 2978 4294 τε
3012 4245 3108 4298 καὶ
3146 4246 3330 4316 μέντοι
3370 4249 3558 4320 δρυσὶν
3601 4253 3791 4306 ὀλολύο

517 4299 821 4356 assimilare
868 4304 1122 4375 dignatur
1168 4308 1330 4380 lignis
1410 4314 1856 4375 innumerabilem
1906 4299 2093 4380 eorum

517 4390 606 4415 nn:
643 4390 692 4415 ἒ..
728 4393 948 4415 ..-ι.ει----
1008 4411 1066 4415 --Α
1091 4408 1126 4415 γ-
1228 4411 1238 4415 -
1391 4405 1400 4415 ο
1483 4406 1516 4415 ..
1771 4411 1781 4415 -
1815 4413 1825 4415 _
1913 4414 1918 4415 ,

2211 4299 2673 4386 ζειν-ἐντέλλεται(
2702 4331 2894 4402 κομιδῇ
2931 4334 3040 4406 γὰρ
3080 4299 3780 4415 εὔηθες-τὺήιχρηνμάᾐέστί

515 4390 694 4457 quiin
728 4393 952 4450 urbibus
1003 4408 1132 4452 sunt
1191 4411 1246 4454 et
1294 4405 1603 4473 regionibus
1674 4411 2093 4473 multitudinem.

517 4475 804 4570 iJlularunt
839 4493 1020 4538 autem
1054 4485 1246 4554 Judmi,
1293 4506 1416 4546 cum
1449 4495 1684 4551 hostium
1715 4501 1908 4570 gladiis
1962 4508 2093 4562 sub-

509 4569 834 4638 jicerentur,
886 4585 1107 4646 propter
1145 4581 1479 4651 impietatem
1529 4587 1582 4640 in
1608 4569 1906 4649 Christum.
1941 4597 2094 4653 Psal-

515 4660 683 4730 litque
709 4663 923 4722 divinus
948 4666 1136 4734 David,
1171 4681 1358 4742 utpote
1394 4679 1709 4746 apparituro
1761 4700 1883 4740 mox
1932 4688 2093 4746 Chri-

515 4763 601 4807 sto
667 4754 720 4808 iu
764 4760 1002 4814 tumido:
1034 4781 1052 4814 ι
1103 4763 1253 4820 Tunc
1303 4769 1649 4826 exsultabunt
1714 4778 1894 4845 omnia
1959 4781 2100 4853 ligna

514 4844 684 4909 silvae,
731 4861 760 4900 a
803 4847 941 4905 facie
977 4851 1208 4920 Domini,
1271 4859 1397 4927 quia
1432 4863 1580 4916 venit
1621 4866 1688 4919 ad
1729 4844 2097 4936 judicandiuu

517 4944 715 4989 terram
735 4937 833 4990 ⁸⁸.»
863 4938 1067 5023 Itaque,
1109 4962 1127 4996 ι
1154 4944 1213 5002 ln
1235 4947 1392 5016 silva,
1416 4969 1434 5002 ι
1461 4952 1654 5023 inquit,
1671 4955 1723 5012 id
1747 4968 1849 5027 est,
1877 4961 1931 5016 in
1963 4964 2102 5019 mul—

516 5026 746 5082 titudine
794 5029 1061 5100 gentium,
1098 5053 1194 5094 seu
1243 5040 1296 5096 in
1337 5043 1562 5102 urbibus
1591 5061 1781 5104 eorum
1827 5026 1883 5106 et
1923 5057 2102 5124 regio-

515 5116 693 5184 nibus,
741 5139 760 5171 r
794 5124 958 5196 ovilia
991 5139 1152 5185 erunt
1230 5146 1473 5205 gregum,
1513 5157 1534 5191 ι
1589 5139 1796 5200 Christi
1850 5116 2103 5205 videlicet

514 5208 768 5300 Ecclesia:
807 5233 820 5267 :
877 5234 896 5268 ‹
924 5227 980 5273 et
1032 5221 1188 5278 vallis
1230 5226 1412 5282 Achor
1455 5231 1674 5300 requies
1727 5247 2096 5297 armentorum

515 5297 710 5366 populo
731 5314 870 5369 meo,
897 5306 989 5375 qui
1041 5311 1290 5378 quaesivit
1321 5329 1426 5371 me.
1465 5335 1485 5370 ι
1515 5297 1696 5377 Ᾱοιιοι·
1743 5323 1834 5381 hic
1910 5329 2096 5384 oriun-

515 5386 614 5487 dus
644 5402 726 5447 est
762 5408 830 5449 ex
874 5398 1083 5455 semine
1112 5401 1306 5470 Israel;
1369 5407 1546 5465 deleta
1620 5407 1801 5470 autem
1853 5416 2094 5487 Jericho,

515 5475 709 5534 deinde
731 5480 954 5549 jubenle
995 5487 1105 5548 Deo
1133 5491 1301 5564 897
1325 5489 1507 5553 omnia
1545 5513 1666 5568 quae
1706 5502 1760 5559 in
1786 5517 1848 5559 ea
1879 5475 2094 5563 fuci-ani

661 5593 820 5684 nam.
856 5617 934 5670 xi,
968 5608 1018 5662 5.
1095 5610 1141 5643 "
1174 5611 1364 5679 Matth.
1390 5630 1445 5683 ν,
1478 5617 1567 5684 li,
1620 5620 1709 5676 15.

517 5671 638 5730 xcv,
693 5665 779 5717 12.

1826 5623 1872 5655 ⁸⁸
1914 5622 2042 5695 Sap.
2097 5643 2152 5694 γ,

2202 4415 2380 4482 ξύλοις
2411 4418 2491 4480 δὲ,
2546 4419 2621 4482 ὡς
2665 4421 2819 4492 ἔφην,
2857 4425 3154 4496 ἀφομοιοῦν
3208 4428 3352 4495 ἀξιοῖ
3395 4433 3494 4494 τὴν
3549 4436 3780 4507 ἀριθμοῦ

2202 4507 2482 4576 κρείττονα
2512 4509 2717 4580 πληθὺν
2747 4512 2855 4566 τῶν
2877 4516 2934 4567 ἐν
2959 4520 3079 4581 ταῖς
3112 4519 3303 4574 πόλεσί
3335 4540 3395 4576 τε
3441 4527 3533 4578 καὶ
3556 4526 3780 4598 χώραις.

2215 4596 2491 4662 Ὠλόλυζον
2546 4599 2604 4652 δὲ
2645 4604 2763 4665 ταῖς
2793 4603 2898 4658 τῶν
2927 4608 3195 4678 πολεμίων
3254 4616 3552 4686 μαχαίραις
3586 4620 3784 4673 ὑποπί-

2200 4705 2427 4754 πτοντες
2465 4692 2704 4745 Ἰουδαῖοι
2734 4695 2820 4749 διὰ
2848 4698 2946 4766 τὴν
2970 4702 3048 4762 είς
3071 4702 3305 4770 Χριστὸν
3329 4707 3602 4765 ἀσέϐειαν.
3626 4712 3782 4766 Ψαλ-

2199 4778 2280 4832 λει
2309 4781 2364 4833 δέ
2395 4799 2498 4834 που
2533 4785 2626 4836 καὶ
2660 4787 2688 4837 6
2721 4785 3006 4851 Θεσπέσιος
3033 4790 3196 4844 Δαϐὶδ
3217 4833 3233 4858 ,
3280 4795 3376 4849 an
3402 4797 3467 4868 δὴ
3495 4800 3782 4868 μέλλοντος

2200 4872 2583 4941 ἐπιφαίνεσθαι
2611 4875 2688 4946 τῷ
2714 4877 2904 4948 κόσμῳ
2927 4882 3182 4952 Χριστοῦ·
3214 4902 3234 4937 ι
3268 4887 3400 4942 Τότε
3426 4892 3782 4960 ἀγαλλιάσον-
3823 4935 3836 4939 -

2197 4979 2286 5016 ται
2303 4964 2480 5018 πάντα
2499 4966 2568 5019 τὰ
2583 4967 2717 5033 ξύλα
2741 4969 2833 5024 τοῦ
2859 4970 3066 5043 δρυμοῦ
3089 4974 3197 5028 ἀπὸ
3223 4981 3514 5049 προσώπου
3542 4987 3777 5058 Κυρίου,

2197 5055 2278 5108 ὅτι
2307 5054 2527 5126 ἔρχεται
2557 5061 2739 5128 κρῖναι
2770 5061 2871 5131 τὴν
2903 5065 3027 5132 γῆν.
3063 5084 3082 5117 ι
3105 5068 3344 5135 Οὐκοῦν,
3370 5091 3389 5124 ι
3413 5074 3501 5128 Ἐν
3527 5076 3605 5147 τῷ
3633 5054 3778 5150 *δρυ-

2199 5144 2308 5216 μῷ,
2348 5164 2366 5196 ι
2404 5148 2538 5217 φησι
2567 5189 2581 5215 ,
2620 5151 2920 5217 τουτέστιν,
2966 5155 3024 5209 ἐν
3073 5161 3139 5229 τῇ
3181 5161 3292 5213 τῶν
3340 5163 3509 5221 ἐθνῶν
3548 5144 3776 5238 πληθύῖ,

2195 5237 2314 5310 ἦτοι
2358 5242 2479 5303 ταῖς
2529 5240 2709 5294 αὐτῶν
2733 5243 2922 5296 πόλεσι
2943 5263 3002 5300 τε
3041 5249 3136 5301 καὶ
3168 5250 3392 5324 χώραις,
3443 5276 3461 5307 ι
3511 5259 3773 5326 ἐπαύλεις

2194 5327 2407 5383 ἔσονται
2454 5330 2742 5401 ποιμνίων,
2787 5341 2808 5385 ι
2852 5334 3170 5406 Ἑκκλησίαι
3225 5341 3466 5413 δηλονότι
3506 5349 3769 5418 Χριστοῦ,

2199 5437 2217 5471 ι
2237 5419 2330 5472 καὶ
2359 5419 2575 5492 φάραγξ
2611 5421 2788 5494 Ἀχὼρ
2818 5425 2897 5488 εἰς
2919 5427 3228 5484 ἀνάπαυσιν
3249 5432 3540 5503 βουκολίων
3557 5439 3635 5511 τῷ
3659 5441 3776 5513 λαῷ

2195 5526 2317 5580 μου,
2350 5509 2400 5562 οἳ
2435 5508 2706 5582 ἐζήτησάν
2740 5529 2862 5582 με.»
2915 5515 3090 5588 ’Λχὼρ
3125 5513 3302 5588 οὗτος,
3328 5524 3518 5594 γέγονε
3555 5508 3657 5599 μέν
3685 5508 3772 5596 τις

2210 5629 2263 5684 5.
2370 5629 2417 5659 ⁸⁸
2448 5628 2466 5683 l
2505 5629 2628 5686 Cor.
2668 5645 2728 5696 ιι,
2763 5631 2813 5686 9.
2921 5634 2965 5664 ⁵⁷
2999 5634 3162 5691 Zach.
3202 5652 3278 5704 xi,
3311 5640 3363 5704 Ι,
3394 5641 3448 5696 2.
3546 5645 3591 5677 ⁸³
3617 5643 3768 5703 Psal.
