4112 6292
331 318 470 376 “l5
1427 316 1492 371 IN
1535 315 1771 374 ISAIAM
1806 317 1935 372 LIB.
1975 319 2040 374 V.
2083 318 2318 375 TOMUS
2358 319 2444 374 Ἥ.
3444 318 3584 374 HM

330 435 440 490 τῶν
470 433 531 498 ἐξ
565 431 797 503 αἵματος
843 431 1058 504 Ἰσραήλ
1078 447 1092 460 ·
1125 430 1550 501 πεπορθημένης
1578 431 1636 484 δὲ
1666 431 1766 501 τῆς
1815 433 1911 484 Ἰε-
1944 464 1954 492 λ

1959 437 2358 496 \conset-rare,
2419 431 2629 487 iuratus
2659 439 2742 487 est
2784 446 2848 485 ex
2917 433 3278 486 anathemate.
3355 431 3583 485 Manilo-

333 525 491 597 ριχὼ,
533 521 652 579 εἶτα
700 523 837 577 Θεοῦ
867 522 1271 595 προστάξαντος
1301 522 1698 592 ἀναθεματίσαι
1731 524 1907 578 πάντα

2007 535 2180 577 status
2212 539 2241 576 a
2283 525 2416 587 Deo,
2452 524 2677 579 acerbas
2709 537 2899 592 poenas
2931 523 3078 576 dedit
3106 542 3120 576 :
3159 537 3280 575 nam
3314 537 3436 574 cum
3469 533 3577 574 tota

331 619 402 672 τὰ
427 619 483 669 ἐν
527 617 689 686 αὐτῇ,
731 615 997 683 κέκλοφεν
1032 614 1096 665 ἐκ
1140 613 1235 666 τοῦ
1281 614 1644 683 ἀναθέματος.
1691 616 1908 686 Ἐπειδὴ

2008 613 2170 668 domo
2192 615 2372 684 periit,
2391 627 2608 684 penam
2632 616 2684 668 in
2726 614 2874 668 illum
2895 623 3168 666 statuente
3193 613 3317 666 Jesu
3347 612 3454 664 tilio
3479 612 3583 665 Na-

330 708 388 762 δέ
414 707 742 778 παρεδείχοη
777 704 928 773 παρὰ
957 704 1115 769 Θεοῦ,
1172 705 1374 776 πικρὰς
1424 706 1664 776 ἐζητήθη
1715 707 1905 771 δίκας·

2009 717 2092 758 ve.
2127 704 2313 772 Itaque
2329 704 2680 760 exsecrabilis
2709 703 2847 758 facta
2875 713 2960 758 est
2990 702 3140 758 vallis
3166 704 3368 757 Achor.
3393 701 3592 769 Cujus-a

330 796 577 850 ἀπόλωλε
612 797 721 865 γάρ
749 792 988 856 πανοικὶ,
1017 795 1408 866 καθορίσαντος
1439 797 1604 852 αὑτοῦ
1627 798 1725 868 τὴν
1753 798 1908 866 δίκην

2023 793 2164 848 modi
2200 804 2358 849 erant
2391 795 2638 864 regiones
2657 795 2919 865 gentium,
2956 794 3314 850 exsccrationi
3353 795 3580 860 devotae,
3644 865 3647 869 ι

343 886 518 954 Ἰησοῦ
547 885 640 939 τοῦ
665 884 842 952 Ναυῆ.
879 883 990 937 Ἦν
1007 880 1100 939 οὗν
1118 886 1227 958 ἀρα
1253 887 1332 952 εἰς
1360 890 1604 960 κατάραν
1626 892 1659 960 ή
1691 889 1908 960 φάραγξ

2008 894 2064 939 et
2110 885 2221 939 Deo
2259 883 2466 952 invisae,
2497 892 2684 952 utpote
2726 901 2850 939 eum
2879 885 2934 940 in
2966 885 3070 940 illis
3095 885 3275 939 nullus
3334 884 3426 947 sit,
3487 884 3581 953 qui

329 979 362 1046 ή
402 978 594 1048 ’Ᾱχὼρ.
628 974 881 1028 Τοιαῦται
913 975 972 1029 δέ
1006 994 1124 1040 πως
1153 979 1247 1032 καὶ
1272 982 1326 1033 αί
1356 980 1467 1034 τῶν
1488 981 1658 1035 ἐθνῶν
1694 982 1902 1054 χῶραι·

2007 984 2200 1029 natura
2232 977 2396 1031 Deum
2431 977 2696 1046 cognorit.
2723 975 2944 1044 Verum,
3007 978 3202 1047 inquit,
3270 976 3385 1031 haec
3433 975 3583 1042 regio

329 1066 766 1136 κεκατηραμέναι
794 1065 925 1137 γὰρ,
954 1069 1048 1121 καὶ
1078 1068 1369 1139 θεομισεῖς,
1412 1071 1489 1136 ὼς
1519 1073 1729 1138 οὐδενὸς
1754 1075 1906 1138 ὄντος

2007 1068 2202 1136 priscis
2242 1068 2573 1138 temporibus
2631 1070 2988 1135 exsecranda,
3061 1070 3281 1139 requies
3346 1070 3450 1125 erit
3487 1084 3580 1123 ar-

326 1159 385 1209 ἐν
404 1156 708 1223 αὑταῖςτοῦ
743 1158 836 1211 τὸν
870 1158 1031 1228 φύσει
1058 1159 1188 1213 Θεὸν
1225 1161 1424 1226 εἰδότος
1445 1178 1458 1192 ο
1495 1163 1610 1217 ἀλλ’
1644 1167 1677 1236 ἡ
1707 1167 1904 1220 ἐπικα-

2008 1165 2340 1222 mentorum,
2393 1159 2446 1213 id
2479 1168 2585 1225 est,
2618 1160 2829 1214 stabula
2875 1160 3057 1215 ovium
3139 1159 3576 1232 intelligit-ilium,

325 1244 556 1313 τάρατος
572 1243 748 1314 χώρα,
769 1246 923 1315 φησὶ,
953 1246 1092 1300 κατά
1117 1247 1242 1312 τοὺς
1263 1249 1526 1314 παλαιοὺς
1551 1253 1631 1316 είς
1659 1254 1904 1308 ἀνάπαυ-

2007 1249 2190 1304 manui
2236 1248 2439 1304 Christi
2497 1251 2757 1320 principis
2820 1252 3062 1306 omnium
3108 1253 3344 1321 pastoris
3398 1247 3582 1322 subje-

325 1351 409 1386 σιν
436 1332 586 1386 ἐσται
614 1332 929 1402 βουκολίων,
957 1337 1228 1402 τουτέστι,
1277 1341 1436 1410 σηκοὶ
1468 1342 1755 1412 προΰάτων
1781 1332 1904 1415 νοη-

2004 1351 2236 1407 ctarum,
2265 1343 2356 1410 qui
2383 1340 2666 1396 Judaicum
2701 1343 2954 1412 populum
2970 1342 3234 1400 allocutus
3261 1353 3368 1409 est,
3391 1343 3579 1399 dicens

324 1424 454 1485 τῶν,
488 1423 594 1475 ὑπὸ
619 1426 778 1494 χεῖρα
829 1427 1065 1496 Χριστοῦ
1090 1428 1185 1481 τοῦ
1230 1431 1452 1484 πάντων
1489 1433 1900 1504 ἀρχιποιμένος,

2006 1433 2072 1487 de
2104 1433 2396 1502 gentibus:
2439 1451 2459 1484 ι
2503 1432 2652 1488 Alias
2683 1447 2839 1504 oves.
2865 1434 3059 1502 habeo,
3111 1449 3233 1504 quae
3301 1446 3408 1490 non
3452 1445 3580 1490 sunt

323 1513 380 1576 ὃς
413 1518 519 1577 τοῖς
555 1514 820 1568 Ἰουδαίων
850 1515 1045 1585 δήμοις
1086 1520 1523 1593 προσπεφώνηκε
1565 1523 1738 1592 λέγων
1774 1525 1904 1595 περὶ

2005 1523 2073 1577 de
2101 1522 2230 1578 ovili
2265 1523 2406 1578 hoc:
2434 1538 2568 1590 quas
2590 1524 2752 1578 etiam
2778 1533 2994 1593 oportet
3025 1540 3112 1580 me
3141 1525 3579 1592 adducere,erit-

324 1605 432 1656 τῶν
459 1605 647 1670 ἐθνῶν,
687 1624 706 1657 ι
743 1607 852 1658 Καὶ
897 1607 1032 1661 ἄλλα
1076 1611 1326 1680 πρόϐατα
1354 1613 1464 1682 ἔχω
1488 1653 1504 1676 ,
1545 1613 1583 1667 ἀ
1623 1613 1724 1668 οὐκ
1755 1615 1903 1669 ἔστιν

2005 1629 2110 1684 que
2163 1630 2329 1668 unum
2383 1615 2544 1678 ovile,
2594 1630 2733 1669 unus
2794 1624 2980 1685 pastor
3003 1617 3072 1670 ³⁸.
3111 1635 3134 1669 ι
3204 1617 3578 1684 ρυωείνοτιιηι

327 1695 390 1747 ἐκ
423 1695 518 1765 τῆς
546 1695 715 1766 αὐλῆς
753 1695 955 1766 ταύτης
981 1735 996 1760 ,
1044 1700 1274 1753 κάκεῖνά
1313 1719 1379 1771 με
1411 1702 1492 1755 δεῖ
1520 1704 1765 1773 ἀγαγεῖν,
1806 1704 1902 1759 καὶ

2006 1721 2241 1775 namque
2266 1705 2413 1760 illum
2449 1721 2546 1774 per
2573 1707 2752 1772 tidem,
2779 1706 2870 1777 qui
2894 1707 3185 1777 aliquando
3212 1717 3534 1764 erraverunt
3559 1726 3573 1762 :

324 1787 642 1856 γενήσονται
673 1789 768 1857 μία
803 1790 1030 1861 ποίμνη,
1051 1786 1133 1852 εἷς
1154 1793 1380 1861 ποιμήν.
1411 1811 1430 1844 s
1469 1794 1775 1864 Ἐζήτησαν
1791 1796 1902 1865 γὰρ
1931 1786 1948 1840 Ῑ

1953 1789 1979 1865 3,
2002 1811 2112 1866 quo
2142 1797 2380 1862 invento,
2423 1797 2550 1850 facti
2602 1805 2728 1851 sunt
2769 1797 2886 1866 ejus
2919 1798 3222 1863 domestici,
3248 1807 3305 1852 et
3328 1799 3577 1853 concives

321 1879 485 1932 αὐτὸν
512 1881 597 1933 διὰ
621 1881 721 1951 τῆς
763 1883 998 1947 πίστεως
1048 1885 1098 1938 οἱ
1128 1885 1259 1938 ποτὲ
1308 1885 1672 1956 πλανώμενοι,
1714 1887 1810 1941 καὶ
1833 1887 1898 1956 δὴ

2008 1895 2317 1942 sanctorum
2341 1895 2395 1940 et
2411 1881 2722 1940 cultasredes
2737 1887 3129 1955 promissorum
3145 1888 3276 1959 ipsis
3286 1888 3571 1944 bonorum.

321 1971 415 2026 καὶ
441 1971 715 2043 εὑρόντες,
753 1976 940 2028 οἰκεῖοι
962 1976 1250 2045 γεγόνασιν
1289 1977 1454 2031 αὑτοῦ
1476 2017 1491 2043 ,
1539 1978 1634 2032 καὶ
1675 1979 2000 2049 συμπολῖται
2027 1976 2134 2031 τῶν
2163 1978 2353 2046 ἁγίων,
2408 1979 2501 2030 καὶ
2532 1980 2958 2050 συγκληρονόμοι
3015 1981 3123 2035 τῶν
3157 1982 3577 2051 ἐπηγγελμένων

318 2063 500 2124 αὐτοῖς
523 2063 766 2131 ἀγαθῶν.
2023 2119 2028 2125 .

401 2154 591 2222 ’Υμεῖς
622 2154 709 2220 δὲ,
742 2157 796 2210 οἱ
825 2156 1327 2228 ἐγκαταλιπόντες
1347 2178 1444 2230 με,
1459 2161 1560 2215 καὶ
1572 2161 1895 2217 ἐπιλανθα-
2021 2208 2024 2216 ,

2021 2208 2024 2216 ,
2075 2159 2241 2213 Vens.
2275 2156 2363 2222 ll,
2414 2156 2499 2210 l2.
2546 2156 2647 2211 Vos
2695 2168 2868 2212 autem
2909 2161 2996 2229 qui
3041 2160 3325 2229 reliquistis
3377 2177 3479 2228 nte,
3525 2175 3573 2217 et

317 2248 555 2315 νόμενοι
587 2246 655 2300 τὸ
703 2247 842 2315 ὄρος
872 2248 940 2301 τὸ
977 2249 1148 2318 ἅγιόν
1179 2269 1319 2321 μου,
1368 2251 1468 2306 καὶ
1493 2251 1896 2322 ἑτοιμάζοντες

2000 2248 2149 2301 obliti
2178 2252 2301 2300 estis
2350 2249 2542 2300 montis
2573 2249 2742 2300 sancti
2777 2247 2898 2309 mei,
2952 2259 2998 2301 et
3038 2259 3282 2317 parantes
3349 2253 3571 2305 dement

317 2334 397 2398 τῷ
437 2334 674 2404 δαιζαονι
717 2336 1040 2403 τράπεζαν,
1068 2339 1166 2392 ’καὶ
1201 2341 1578 2408 πληροῦντες
1617 2340 1694 2409 τῇ
1733 2343 1894 2412 Τύχῃ

1999 2355 2255 2402 mensam,
2301 2347 2349 2391 et
2383 2337 2649 2406 intpl'entes
2703 2337 2955 2393 Fortunte
3006 2343 3265 2407 potionem
3293 2359 3311 2396 :
3343 2359 3432 2397 vos
3481 2359 3574 2411 ego

317 2425 606 2494 κέρασμα·
646 2425 762 2493 ἐγὼ
791 2427 1126 2495 παραδώσω
1151 2430 1307 2498 ὑμᾶς
1331 2434 1418 2498 εἰς
1448 2431 1768 2501 μάχαιραν,
1792 2434 1891 2488 καὶ

1999 2428 2212 2488 tradam
2243 2429 2299 2482 in
2332 2428 2595 2496 gladium,
2624 2438 2674 2481 et
2706 2444 2881 2482 omnes
2945 2432 3088 2483 crede
3138 2433 3334 2487 cadetis
3363 2448 3382 2494 ;
3447 2434 3572 2501 quia

317 2515 540 2578 πάντες
579 2515 650 2566 ἐν
681 2515 890 2584 σφαγῇ
929 2517 1236 2584 πεσεῖσθε,
1280 2521 1368 2574 ὅτι
1410 2522 1677 2577 ἐκάλεσα
1721 2521 1898 2592 ὑμᾶς,

1998 2519 2174 2572 vocavi
2224 2534 2333 2582 eos,
2362 2528 2409 2572 et
2443 2536 2544 2576 non
2580 2521 2854 2574 audivistis
2882 2534 2900 2573 :
2933 2521 3137 2575 locutus
3160 2539 3298 2586 sum,
3329 2531 3379 2576 et
3412 2525 3577 2576 obau-

316 2604 412 2656 καὶ
435 2605 554 2672 οὐχ
571 2607 980 2674 ὑπηκούσατε·
997 2609 1300 2679 ἐλάλησα,
1327 2612 1426 2666 καί
1449 2614 1896 2682 παρηκούσατε,

1995 2609 2218 2672 divistis,
2246 2620 2294 2662 et
2327 2609 2522 2679 fecistis
2546 2611 2742 2665 malum
2771 2612 2826 2666 in
2857 2623 3129 2680 conspectu
3161 2630 3296 2676 meo,
3361 2624 3409 2668 et
3455 2629 3572 2684 qua!

315 2695 413 2746 καὶ
448 2695 772 2764 ἐποιήσατε
803 2698 870 2750 τὸ
923 2702 1197 2768 πονηρὸν
1229 2701 1510 2758 ἐναντίον
1539 2721 1680 2774 μου,
1727 2704 1826 2759 καί
1860 2704 1900 2758 d

1028 2702 1197 2768 ἠρὸν
1229 2701 1510 2758 ἐναντίον
1539 2721 1680 2774 μου,
1727 2704 1826 2759 καὶ
1860 2704 1900 2758 d
1995 2715 2099 2762 non
2121 2699 2377 2767 uolebam,
2404 2701 2652 2771 elegistis.

314 2788 428 2839 οὐκ
451 2787 808 2857 ἐϐουλόμην,
835 2789 1221 2854 ἐξελέξασθε.
1897 2833 1899 2835 ι

389 2877 598 2946 Ὥσπερ
643 2878 866 2945 γέγονεν
923 2878 1023 2931 οὐκ
1080 2878 1318 2950 ἀζήμιον
1377 2884 1492 2946 τοῖς
1548 2882 1611 2948 ἐξ
1660 2883 1892 2954 αἵματος

2069 2875 2534 2942 Quemadmodum
2573 2878 2800 2934 iuultttm
2831 2895 2935 2936 non
2989 2879 3224 2935 tulerunt
3295 2879 3569 2944 Israelita,

325 2969 541 3039 Ἰσραὴλ
577 2968 637 3020 τὸ
655 2968 949 3039 ἀπειθῆσαι
983 2970 1224 3040 Χριστῷ,
1276 2972 1511 3026 δέδονται
1529 2974 1636 3047 γὰρ
1657 2977 1737 3039 εἰς
1751 2992 1892 3044 σφα-

2000 2981 2122 3025 Cum
2143 2967 2360 3022 Christo
2388 2985 2493 3022 non
2531 2969 2833 3035 obedirent,
2866 2971 3045 3024 traditi
3104 2980 3231 3026 sunt
3273 2972 3416 3025 enim
3476 2986 3571 3026 oc-

313 3062 437 3130 γὴν,
477 3059 611 3129 ἐλέῳ
640 3058 776 3112 Θεοῦ
828 3061 922 3113 καὶ
972 3060 1353 3135 φιλανθρωπίᾳ
1403 3066 1748 3135 σεσωσμένου
1797 3066 1937 3163 τοῦ⁴

1943 3108 1961 3128 ,
2001 3056 2217 3123 cisioni,
2261 3057 2504 3126 reliquiis
2550 3058 2920 3112 misericordia
2977 3066 3032 3112 et
3077 3058 3416 3114 humanitate
3477 3059 3567 3113 Dei

312 3149 775 3218 καταλείμματος,
817 3149 958 3203 οὓτω
987 3151 1082 3204 καὶ
1120 3151 1214 3204 ἐπὶ
1250 3155 1315 3223 τῇ
1353 3153 1460 3206 τῶν
1493 3153 1661 3209 ἐθνῶν
1697 3157 1888 3228 κλήσει
1921 3147 1936 3163 ’

1941 3147 1962 3163 ³
1994 3147 2259 3203 servatis:
2300 3149 2380 3202 sic
2426 3157 2484 3202 et
2542 3147 2596 3202 in
2661 3149 2898 3218 gentium
2942 3149 3222 3204 vocatione
3283 3149 3565 3219 intelliges.

314 3239 588 3308 συνήσεις.
641 3239 704 3291 Οί
755 3239 856 3308 μὲν
903 3241 1010 3312 γὰρ
1040 3241 1142 3314 τήν
1175 3242 1265 3296 διὰ
1316 3243 1552 3313 Χριστοῦ
1614 3245 1889 3317 σωτηρίαν

1994 3237 2095 3306 Qui
2153 3253 2387 3310 namque
2439 3238 2668 3294 salutem
2729 3253 2826 3308 per
2886 3238 3160 3293 Christum
3201 3240 3567 3307 arripuerunt,

311 3327 680 3396 ἁρπάσαντες,
706 3326 812 3395 ἔξω
841 3329 1095 3398 γεγόνασι
1125 3331 1220 3385 καὶ
1253 3331 1447 3404 πυρὸς,
1477 3332 1570 3387 καὶ
1591 3333 1768 3404 δίκης,
1795 3335 1890 3389 καὶ

1993 3330 2262 3386 immunes
2331 3329 2551 3385 fuerunt
2627 3331 2695 3386 ab
2771 3331 2912 3400 igne,
2967 3329 3232 3400 supplicio
3285 3340 3340 3384 et
3424 3331 3567 3386 divi-

307 3417 417 3471 τῶν
456 3419 519 3470 ἐκ
553 3418 702 3480 θείας
748 3417 956 3490 ὀργῆς·
1002 3422 1050 3473 oi
1102 3422 1160 3476 δέ
1204 3425 1328 3486 ταῖς
1370 3422 1579 3476 ἑαυτῶν
1625 3423 1888 3495 ἀμαθίαις

1992 3434 2059 3476 na
2145 3420 2247 3477 ira.
2321 3422 2392 3476 At
2439 3423 2531 3492 qui
2617 3423 2672 3476 in
2730 3437 2827 3478 sua
2907 3429 3323 3490 permanserunt
3415 3423 3567 3492 Igno-

311 3512 809 3582 ἐναπομείναντες,
864 3512 960 3567 καὶ
1018 3514 1385 3571 ἀναπόνιπτον
1438 3517 1732 3588 ἐσχηκότες
1777 3517 1887 3573 τῶν

1991 3511 2194 3577 rantia,
2227 3521 2283 3566 et
2308 3511 2710 3582 inquinamenta
2740 3521 2982 3566 veterum
2999 3511 3263 3567 scelerum
3291 3527 3397 3566 non
3425 3512 3568 3568 dele-

306 3605 546 3674 ἀρχαίων
570 3604 906 3674 αἰτιαμάτων
934 3605 1025 3659 τὸν
1053 3606 1346 3679 μολυσμὸν,
1385 3607 1472 3663 διά
1499 3608 1592 3663 τοῦ
1625 3611 1887 3683 προσκεῖο

1989 3609 2136 3664 runt,
2162 3613 2228 3654 eo
2264 3599 2409 3669 quod
2453 3598 2652 3654 vellent
2672 3599 2936 3655 idolorum
2983 3600 3360 3655 adhaerescere
3409 3599 3567 3654 culti-

308 3693 434 3746 σθαι
461 3693 638 3746 θέλειν
672 3695 796 3754 ταῖς
833 3695 941 3746 τῶν
980 3695 1215 3748 εἰδώλων
1243 3698 1540 3766 λατρείαις,
1568 3700 1885 3770 δοθήσονται

1988 3693 2109 3756 bus,
2147 3693 2428 3748 tradentur
2456 3694 2525 3747 ad
2552 3692 2773 3749 caedem.
2809 3692 3144 3748 Descendent
3176 3693 3320 3747 enim
3353 3693 3422 3748 ad
3484 3693 3565 3747 iu-

305 3783 448 3853 πρὸς
477 3781 715 3850 σφαγήν.
747 3781 1183 3849 Κατοιχήσονται
1215 3782 1325 3851 γὰρ
1345 3785 1424 3843 εἰς
1453 3785 1602 3852 ᾇδου,
1639 3789 1735 3840 καὶ
1765 3791 1889 3842 ἀτε-

1988 3780 2156 3845 ΐετοε,
2185 3792 2240 3836 et
2282 3783 2606 3851 supplicium
2630 3793 2892 3836 ueternum
2931 3783 3207 3838 habebunt
3237 3796 3334 3850 per
3384 3783 3563 3849 ignem

304 3873 562 3944 λεύτητον
594 3872 778 3936 ἕξουσι
810 3869 909 3942 τὴν
940 3869 1030 3923 διὰ
1075 3870 1246 3941 πυρὸς
1292 3871 1594 3941 ἀκοιμήτου
1642 3875 1882 3930 κόλασιν.

1989 3870 2369 3936 irrequictum.
2402 3869 2509 3922 Vos
2535 3871 2718 3937 igitur,
2745 3871 2940 3938 inquit,
2971 3871 3270 3938 reliquistis
3344 3885 3454 3935 me,
3513 3873 3565 3927 id

315 3964 506 4033 Ὑμεῖς
533 3963 734 4025 τοίνυν,
779 3959 967 4031 φησιν,
1013 3961 1062 4012 οἱ
1108 3960 1564 4029 ἐγκαταλιπόντες
1603 3980 1701 4032 με,
1730 3982 1887 4017 τουτ-

1987 3966 2093 4023 est,
2121 3971 2337 4026 seraper
2375 3967 2660 4028 apostatae,
2695 3967 2750 4013 et
2786 3961 2877 4028 qui
2901 3975 3122 4028 prorsus
3160 3962 3305 4014 velut
3329 3962 3560 4017 oblivio-

304 4056 474 4118 ἐστιν,
501 4055 550 4107 οἱ
584 4054 746 4124 μέχρι
776 4051 977 4116 παντὸς
997 4051 1323 4116 ἀποστάται,
1358 4053 1450 4106 καὶ
1479 4049 1591 4107 οἷον
1610 4055 1690 4119 είς
1713 4055 1884 4128 λήθην

1988 4049 2040 4102 ni
2077 4047 2372 4102 tradidistis
2401 4056 2640 4102 montem
2658 4056 2902 4102 sanctum
2933 4063 3133 4104 meum.
3165 4049 3393 4118 Quidam
3417 4053 3560 4106 enim

303 4143 761 4216 κατενηνεγμένοι
803 4142 1041 4214 παντελῆ
1075 4142 1168 4196 τοῦ
1214 4144 1372 4215 ὄρους
1415 4144 1510 4198 τοῦ
1560 4147 1720 4215 ἀγίου
1755 4167 1881 4218 μου.

1987 4139 2077 4208 qui
2113 4149 2434 4194 erraverunt
2489 4147 2545 4194 et
2593 4141 2857 4194 creatura:
2914 4141 3238 4205 servierunt,
3286 4155 3355 4196 ue
3403 4157 3561 4198 nosse

303 4234 379 4286 Οὐ
415 4233 524 4304 γὰρ
551 4233 834 4304 ἀνέχονταί
859 4250 1005 4296 τινες
1027 4232 1135 4288 τῶν
1173 4233 1624 4306 πεπλανημένων,
1657 4239 1752 4292 καὶ
1776 4239 1884 4292 τῶν

1985 4230 2225 4300 quidem,
2269 4237 2327 4283 ut
2350 4233 2430 4285 sic
2454 4230 2704 4294 dixerim,
2731 4231 3000 4285 sustinent
3027 4243 3222 4286 nomen
3251 4231 3513 4289 Ecclesiae
3541 4253 3556 4290 :

299 4326 366 4394 τῇ
400 4325 576 4377 κτίσει
617 4323 1076 4395 λελατρευκότων,
1106 4324 1216 4378 οὐδ’
1250 4326 1373 4379 ὅσον
1401 4328 1576 4381 εἰπεῖν
1601 4329 1794 4382 εἰδέναι
1823 4328 1884 4383 τὸ

1993 4338 2012 4373 ι
2051 4329 2302 4388 parantes
2335 4321 2613 4375 dremouiis
2646 4335 2881 4388 mensas,
2923 4331 2980 4377 et
3033 4323 3280 4392 potiones
3330 4324 3558 4394 implen-

300 4416 398 4482 τῆς
428 4415 756 4485 Ἐκκλησίας
782 4415 953 4488 ὄνομα
977 4430 990 4444 ⁸
1029 4434 1048 4468 ι
1071 4417 1121 4468 oi
1142 4417 1254 4479 τοῖς
1275 4417 1573 4487 δαιμονίοις
1604 4419 1883 4487 τραπέζας
1915 4439 1924 4494 ι

1935 4421 2070 4493 )1εε
2102 4411 2374 4465 Fortuum.
2417 4429 2435 4461 ι
2471 4409 2584 4465 Hoc
2651 4411 2988 4479 factitarunt,
3047 4429 3278 4483 quorum
3347 4418 3559 4473 animus

297 4505 575 4569 τελοῦντες
600 4547 615 4572 ,
666 4507 760 4558 καὶ
807 4507 1132 4578 κεράσματα
1174 4507 1511 4580 πληροῦντες
1550 4513 1616 4581 τῇ
1655 4511 1826 4583 Τύχῃ.
1858 4530 1876 4562 ι

1987 4501 2157 4573 898
2184 4500 2449 4558 diabolica
2480 4500 2705 4569 caligine
2744 4501 2989 4571 Opplctus
3043 4514 3180 4560 erat.
3246 4503 3555 4561 Trademiui

304 4596 514 4665 ’Ἑδρων
561 4596 617 4649 δέ
659 4615 712 4651 τι
744 4598 986 4651 τοιοῦτον
1015 4599 1065 4651 οἱ
1112 4598 1422 4670 διαϐολικῆς
1465 4601 1662 4671 ἀχλύος
1707 4620 1882 4672 μεμε-

1989 4595 2055 4648 ad
2111 4595 2356 4649 czedem:
2402 4594 2604 4663 Siquis
2632 4608 2848 4648 causam
2882 4593 3101 4649 audebit
3155 4611 3419 4666 quaerere,
3479 4598 3557 4653 sic

300 4703 410 4738 στω
417 4687 584 4755 μένην
608 4687 819 4754 ἔχοντες
833 4689 930 4760 τὴν
947 4690 1195 4761 καρδίαν.
1216 4691 1310 4753 Είς
1333 4691 1546 4764 σφαγὴν
1572 4693 1881 4766 παραδοθή-

1987 4685 2037 4738 ei
2074 4687 2368 4754 respondeo
2395 4706 2404 4739 :
2427 4684 2642 4749 Vocavi,
2668 4694 2722 4738 et
2747 4700 2851 4738 nou
2883 4687 3184 4750 audivistis,
3218 4691 3312 4743 sed
3335 4705 3556 4744 manen-

299 4775 477 4839 σεσθε,
498 4775 598 4828 κᾶν
619 4777 766 4839 εἴτις
789 4779 910 4832 ὅτου
938 4783 1096 4852 χάριν
1116 4783 1364 4854 τολμήσῃ
1390 4783 1588 4852 λέγειν,
1609 4785 1716 4855 ἐρῶ
1745 4785 1882 4856 πρὸς

1989 4785 2096 4830 tem
2123 4776 2335 4830 habetis
2384 4778 2702 4845 nequitiam,
2735 4791 2855 4845 qua:
2894 4794 2999 4833 non
3059 4788 3235 4849 potest
3267 4779 3449 4846 abjici,
3501 4791 3555 4836 et

298 4864 460 4917 αὐτόν
479 4882 490 4893 ·
511 4864 774 4917 Ἐκάλεσα
792 4869 885 4919 καὶ
905 4869 1000 4938 οὐχ
1021 4869 1390 4940 ὑπηκούσατε,
1411 4871 1524 4924 ἀλλ’
1542 4872 1777 4944 ἔμμονον
1790 4876 1883 4928 καὶ

1985 4882 2045 4921 ea
2087 4867 2202 4922 sola
2239 4867 2464 4935 patratis
2523 4883 2651 4936 qua:
2682 4884 2711 4922 a
2760 4869 2894 4923 meis
2949 4870 3272 4924 dissentiunt
3323 4871 3552 4942 legibus,

294 4953 670 5024 ἀναπόϐλητον
697 4956 848 5025 ἔχετε
891 4958 1178 5028 πονηρίαν,
1226 4959 1364 5029 μόνα
1394 4961 1627 5031 δρῶντες
1665 4965 1734 5018 τὰ
1768 4968 1880 5029 τοῖς

1982 4974 2304 5028 onmemque
2340 4959 2676 5015 honestatem
2709 4961 3048 5028 adulteratis,
3084 4974 3138 5017 et
3177 4963 3264 5017 illa
3299 4966 3554 5034 expetitis

293 5043 451 5113 ἐμοῖς
493 5044 770 5114 ἀπᾴδοντα
815 5049 1020 5116 νόμοις,
1064 5049 1160 5102 καὶ
1199 5052 1746 5124 κατακιῦδηλεύοντες
1780 5058 1878 5127 μέν

1980 5060 2034 5103 et
2091 5051 2286 5118 cligitis
2307 5051 2568 5114 studiose,
2618 5052 2758 5105 unde
2789 5055 2958 5121 possit
2990 5054 3112 5123 quis
3159 5070 3320 5111 omne
3385 5071 3555 5126 genus

293 5135 474 5188 πάντα
512 5135 710 5204 τρόπον
758 5137 1151 5208 ἀγαθουργίας,
1198 5142 1476 5200 ἀπόλεκτα
1505 5144 1562 5197 δέ
1605 5148 1874 5202 ποιεῖσθαι

1090 5157 1151 5206 ις,
1198 5142 1476 5200 ἀπόλεκτα
1505 5144 1562 5197 δὲ
1605 5148 1874 5202 ποιεῖσθαι
1984 5136 2333 5205 turpitudinis
2373 5137 2714 5192 contrahere.

293 5225 706 5290 σπουδάζοντες,
736 5226 803 5280 τὰ
825 5225 897 5279 δι’
924 5219 1000 5281 ὧν
1025 5226 1090 5281 ἀν
1111 5246 1195 5292 τις
1221 5233 1433 5300 γένοιτο
1457 5235 1655 5298 παντὸς
1670 5236 1872 5307 ἀνάμε-

292 5331 419 5376 στος
447 5312 642 5382 ῥύπου.

358 5402 463 5457 Διά
484 5405 658 5458 τοῦτο
676 5407 814 5461 τάδε
840 5408 1007 5477 λέγει
1030 5413 1265 5481 Κύριος·
1286 5415 1432 5469 Ἰδοὺ
1461 5419 1514 5471 οἱ
1541 5418 1870 5473 δουλεύον-

2049 5411 2214 5466 Vens.
2252 5412 2438 5468 lii-15.
2474 5412 2858 5481 Quamobrem,
2890 5419 3000 5472 lucc
3059 5418 3186 5472 dicit
3242 5419 3494 5474 Dominus
3539 5438 3558 5477 ἐ

288 5489 388 5560 rd;-
443 5509 543 5562 μοι
595 5492 908 5564 φάγονται,
943 5499 1110 5568 ὑμεῖς
1139 5502 1208 5556 δὲ
1253 5504 1588 5564 πεινάσετε.
1634 5507 1779 5564 Ἰδοὺ
1815 5510 1871 5564 oi

1977 5507 2112 5562 Ecce
2148 5508 2238 5576 qui
2278 5508 2503 5562 serviunt
2543 5509 2670 5564 nti/ti
2726 5513 3031 5574 comedent;
3066 5529 3149 5566 vos
3201 5525 3371 5566 autem
3425 5529 3553 5567 estt-

356 5667 400 5699 ⁵⁹
427 5669 585 5722 Joau.
638 5684 693 5734 κ,
736 5670 825 5725 16.
