4134 6302
537 281 677 342 N15
1565 271 1623 326 S.
1669 269 1942 325 CYRILL‘I
1981 268 2456 327 ALEXANDRINI
2495 267 2816 325 ARCHIEP.
3683 268 3848 324 "16

538 402 712 456 rietis.
755 399 893 453 Ecce
929 399 1019 468 qui
1058 397 1289 451 serviunt
1351 393 1506 456 mihi,
1557 393 1754 456 bibent,
1813 408 1902 445 eos
1950 401 2170 454 autem}

2225 389 2627 454 δουλεύοντὲς
2680 406 2782 457 μοι
2837 387 3108 449 πίωνται,
3160 385 3330 455 ὑμεῖς
3373 387 3442 440 δὲ
3491 385 3843 458 διψήσητε.

538 492 746 546 sitietis.
826 487 959 542 Ecce
977 487 1068 557 qui
1119 485 1344 539 serviunt
1373 482 1522 548 mihi,
1554 482 1893 546 la'tabtmtur,
1918 497 2006 534 vos
2033 498 2133 534 au-

2249 480 2395 534 Ἰδοὺ
2429 483 2483 534 οἱ
2510 476 2906 544 δουλεύσετε-ἐς
2940 495 3043 546 μοι
3079 477 3630 546 εὐφρανθήσονται,
3656 480 3849 549 ὑμεῖς

544 592 647 633 tem
674 576 1086 647 confundemini.
1143 573 1279 627 Ecce
1331 574 1421 642 qui
1466 573 1700 627 serviunt
1745 572 1898 637 mihi,
1957 572 2132 627 exsul-

2232 571 2304 624 δὲ
2361 572 2870 639 αἰσχυνθήσεσθε.
2933 568 3088 623 Ἰδοὺ
3161 572 3216 622 οἱ
3270 568 3674 636 δουλεύΟντές
3731 589 3841 640 μοι

544 669 733 722 tabum
775 668 830 719 in
872 665 1086 728 lwtitia,
1119 679 1207 718 eos
1233 671 1408 716 autem
1446 661 1740 715 clamabitis
1778 677 1888 731 ρηε
1955 662 2134 716 dolore

2232 660 2707 731 ἀγαλλιάσονται
2726 660 2797 713 ἐν
2821 659 3192 728 εὐφροσύνῃ,
3213 653 3385 727 ὑμεῖς
3411 657 3482 710 δὲ
3508 658 3845 726 κεκράξετε

545 760 717 815 cordis
758 759 934 820 vestri,
998 766 1044 810 et
1071 771 1182 825 prce
1220 755 1536 808 contritione
1563 753 1780 818 spiritus
1835 753 2128 806 ululabilis.

2269 751 2331 806 ιὰ
2359 750 2468 805 τὸν
2490 752 2684 806 πόνον
2714 749 2824 820 τῆς
2856 749 3106 818 καρδίας
3131 748 3321 818 ὑμῶν,
3363 748 3465 803 καί
3511 749 3631 803 ἀπὸ
3672 766 3844 804 συν-
3877 744 3901 784 ’-

545 851 848 921 Reliquistis
877 849 1014 904 enim
1031 863 1217 901 nomen
1246 853 1495 909 vestrum,
1523 845 1576 899 in
1603 845 1934 898 saturitatem
1956 843 2131 898 electis

2231 842 2441 912 τριϐῆς
2461 845 2800 914 πνεύματος
2829 841 3161 903 exonerare.
3188 842 3603 910 Κατελείψατε
3626 843 3743 910 γὰρ
3770 843 3843 896 τὸ

544 944 694 998 meis.
728 940 835 995 Vos
878 949 1052 992 autem
1077 936 1354 1005 inter/idet
1393 934 1667 990 Dominus.

2234 937 2425 1005 ὄνομα
2453 936 2624 1003 ὑμῶν
2650 938 2738 1001 είς
2771 932 3141 1004 πλησμονὴν
3172 933 3300 998 τοῖς
3329 932 3642 1000 ἐκλεκτοῖς
3667 952 3802 1002 μου
3823 951 3839 964 ο

2235 1025 2393 1094 ὑμᾶς
2422 1025 2491 1079 δὲ
2511 1026 2719 1082 ἀνελεῖ
2737 1027 2972 1094 Κύριος.

628 1117 922 1188 Componit
946 1129 1162 1185 semper
1200 1115 1361 1182 idque
1420 1109 1732 1168 necessario
1764 1125 1884 1165 cum
1917 1107 2134 1164 coronis

2318 1117 2432 1170 Ἀεὶ
2481 1117 2851 1188 παρατίθησιν
2910 1115 3226 1184 ἀναγκαίως
3277 1117 3394 1179 τοῖς
3441 1116 3730 1185 στεφάνοις
3766 1117 3842 1169 τὰ

544 1216 839 1276 ωτιὶηιηαε,
910 1218 968 1264 ut
987 1217 1219 1277 utroque
1239 1206 1398 1260 modo
1419 1206 1653 1260 adducat
1677 1217 1792 1267 eos,
1815 1209 1874 1256 ut
1897 1201 2133 1256 sentiant

2235 1207 2509 1279 μοχθηρὰ,
2539 1207 2607 1261 δι’
2654 1208 2859 1278 ἀμφοῖν
2897 1208 3194 1278 ἀποφέρων
3245 1208 3328 1270 είς
3356 1208 3419 1259 τὸ
3458 1208 3567 1261 δεῖν
3606 1208 3839 1261 ἑλέσθαι

545 1314 601 1360 ct
621 1305 827 1360 faciant
852 1319 974 1374 qua:
1019 1303 1121 1372 ipsi
1153 1302 1395 1372 placent.
1429 1299 1566 1354 Nam
1619 1297 1775 1352 sicuti
1811 1295 2031 1366 prtemia
2063 1295 2132 1349 ad

2231 1299 2301 1354 τὰ
2326 1300 2633 1370 ἀρέσκοντα
2661 1299 2834 1369 αὐτῷ,
2858 1299 2952 1352 καὶ
2978 1301 3196 1369 φρονεῖν
3225 1316 3284 1352 τε
3321 1299 3415 1351 καὶ
3448 1299 3581 1370 δρᾷν
3598 1317 3611 1331 ·
3635 1293 3839 1370 ὥσπερ

545 1395 762 1451 virtutis
792 1395 1124 1451 desiderium
1153 1395 1398 1449 inescant
1429 1409 1445 1445 :
1487 1393 1569 1446 sic
1617 1404 1790 1459 ptenae
1859 1389 2132 1443 acerbitas

2232 1390 2342 1460 γὰρ
2389 1390 2683 1460 σαγηνεὺει
2717 1390 2784 1443 τὰ
2819 1390 2964 1461 γέρα
3024 1390 3161 1463 πρὸς
3205 1390 3400 1460 ἄφεσιν
3437 1385 3660 1461 ἀρετῆς,
3682 1390 3839 1444 οὕτω

546 1503 576 1541 a
610 1488 904 1542 vitiositate
931 1485 1202 1541 interdum
1244 1484 1507 1548 deterret,
1541 1489 1598 1536 et
1631 1489 1855 1535 revocat
1897 1480 1963 1533 ad
2018 1493 2134 1535 me-

2231 1482 2334 1550 τῆς
2359 1481 2516 1550 δίκης
2543 1481 2603 1533 τὸ
2644 1482 2843 1552 πικρὸν
2884 1481 3129 1551 ἐξίστησι
3163 1481 3262 1551 μὲν
3293 1481 3407 1535 ἐσθ’
3446 1483 3536 1535 ὅτε
3567 1485 3680 1535 τῶν
3727 1484 3833 1554 τῆς

547 1577 702 1632 liora.
730 1576 1194 1632 Artiﬁciosissime
1230 1574 1395 1643 igitur
1431 1573 1482 1626 in
1544 1573 1756 1626 animos
1815 1579 2128 1626 vocatorum

2233 1573 2570 1644 φαυλότητος
2603 1573 2853 1644 τρόπων,
2892 1573 3184 1642 μετασοὸεῖ
3215 1572 3273 1625 δὲ
3313 1573 3453 1642 πρὸς
3495 1573 3562 1626 τὰ
3605 1573 3832 1643 βελτίω.

546 1685 606 1726 se
626 1671 884 1732 insinuat,
920 1684 1044 1722 cum
1081 1667 1302 1737 prmmia
1345 1665 1450 1720 illis
1487 1665 1834 1733 promittens,
1865 1673 1978 1719 tum
2033 1679 2131 1734 pu-

2233 1664 2642 1734 Εὐτεχνέστατα
2667 1664 2848 1717 τοίνυν
2871 1664 2968 1726 τὰς
3005 1663 3114 1718 τῶν
3146 1663 3498 1735 καλουμένων
3535 1667 3834 1736 ὑποτρέχει

549 1763 812 1817 nitionem
877 1760 1152 1814 minitans.
1190 1776 1209 1810 ‹
1276 1756 1575 1812 Comedent
1619 1757 1786 1823 enim,
1825 1774 1843 1808 ι
1933 1756 2181 1825 inquit,]

2201 1753 2489 1818 ιδιανοίας,
2527 1753 2667 1823 γέρα
2699 1767 2758 1807 τε
2785 1755 3217 1826 ὑπισχνούμενος
3261 1756 3469 1818 αὐτοῖς,
3517 1757 3613 1809 καὶ
3659 1757 3833 1810 κοὶά-

554 1873 572 1906 ‹
605 1854 695 1922 qui
727 1852 970 1908 serviunt
1027 1851 1276 1916 mihi;at
1339 1865 1435 1904 vos
1496 1849 1766 1904 esurietis.
1826 1848 1891 1902 Et
1946 1847 2134 1903 bibent

2235 1861 2350 1908 σεις
2392 1845 2655 1899 ἀπειλῶν.
2690 1865 2709 1896 ‹
2747 1846 3014 1914 Φάγονται
3043 1847 3154 1918 γὰρ
3199 1847 3249 1900 oi
3281 1846 3623 1911 δουλεύοντές
3659 1866 3776 1918 μοι,
3809 1868 3827 1898 ι

551 1945 648 2009 illi,
699 1952 754 1997 et
783 1942 981 1998 sitietis
1007 1957 1126 1997 vos.
1167 1960 1187 1993 ι
1236 1940 1612 1996 Gaudentibus
1655 1940 1781 2006 illis,
1823 1954 1921 1994 vos
1980 1939 2132 2008 igno-

2233 1935 2418 2004 φησιν,
2447 1954 2467 1986 ‹
2490 1935 2648 2004 ὑμεῖς
2673 1935 2732 1988 δέ
2755 1936 3064 1999 πεινάσετε,
3086 1935 3180 1989 καὶ
3213 1935 3444 1989 πίωνται
3473 1937 3573 2007 μὲν
3595 1940 3829 2004 ἐκεῖνοι,

551 2033 716 2086 minia
745 2030 1079 2087 al'ﬁciemini.
1111 2031 1247 2086 Nam
1296 2032 1386 2101 qui
1440 2040 1629 2084 natura
1697 2039 1751 2084 et
1801 2043 1927 2084 vere
1965 2031 2131 2085 Deum

2231 2024 2496 2095 διψήσητε
2520 2024 2576 2078 δὲ
2605 2026 2784 2095 ὑμεῖς.
2817 2045 2836 2079 ›
2865 2027 3326 2098 Εὐφραινομένων
3350 2026 3408 2079 δὲ
3435 2027 3638 2091 αὐτῶν,
3665 2028 3833 2096 ὑμεῖς

550 2125 887 2195 agnoverint,
919 2133 1028 2179 eta
1086 2122 1224 2177 falso
1291 2122 1621 2191 nuncupatis
1658 2121 1762 2175 diis
1819 2121 2134 2186 resilierint,

2233 2114 2661 2187 αἱσχννθήσεσθε
2685 2131 2700 2144 ο
2731 2117 2926 2187 οῖ’γάρ
2963 2115 3056 2168 τὸν
3107 2115 3269 2186 φύσει
3325 2118 3420 2170 καὶ
3459 2117 3678 2187 ἀληθῶς
3719 2119 3829 2171 ἐπ-

551 2217 782 2286 verique
823 2215 1002 2270 cultus
1080 2213 1538 2285 pulchritudinem
1599 2211 1850 2266 admirati
1916 2213 2136 2280 fuerint,

2236 2208 2534 2278 εγνωκότες
2552 2207 2706 2273 Θεὸν,
2726 2208 2942 2264 καὶτῶν
2959 2208 3203 2279 ψευδωνὺ
3212 2227 3328 2280 μων
3345 2210 3827 2282 ἀποπηδήσαντες,

550 2307 948 2362 deliciabuntur
979 2321 1106 2360 vere
1136 2305 1348 2375 superis
1378 2302 1874 2369 benedictionibus,
1897 2305 2142 2375 saginan-

2237 2302 2332 2356 καὶ
2356 2301 2417 2354 τὸ
2442 2303 2538 2373 τῆς
2557 2300 2790 2372 ἀληθοῦς
2807 2302 3066 2372 λατρείας
3087 2301 3469 2372 θαυμάσαντες
3491 2302 3710 2367 κάλλος,
3737 2305 3829 2355 ἐν-

554 2407 637 2452 tes
663 2396 852 2460 corda,
916 2405 972 2452 et
1033 2396 1358 2452 accedentes
1408 2395 1476 2449 ad
1542 2393 1818 2449 viviﬁcam
1896 2409 2138 2451 mensam

2238 2394 2608 2464 τρυφήσουσιν
2642 2391 2812 2456 ὅντως
2841 2395 2962 2457 ταῖς
2990 2392 3197 2447 ἀνωθεν
3228 2392 3500 2460 εὐλογίαις
3527 2410 3828 2446 καταπιαι-

551 2489 792 2544 omnium
835 2498 1079 2544 nostrum
1099 2486 1408 2542 Servatoris
1436 2485 1673 2550 Christi,
1707 2494 1766 2540 et
1789 2500 1992 2557 panem
2016 2486 2141 2542 vita:

2239 2485 2454 2553 νόμενοι
2482 2483 2580 2548 τάς
2611 2483 2862 2554 καρδίας,
2889 2485 2985 2538 καὶ
3019 2483 3270 2558 τραπέζῃ
3295 2483 3722 2554 προσϐάλλοντες
3754 2488 3826 2555 τῇ

551 2577 794 2643 edentes,
853 2587 910 2633 et
967 2577 1207 2632 divinum
1265 2585 1448 2646 potum
1508 2576 1780 2642 bibentes,
1831 2591 1929 2645 per
1979 2590 2142 2646 quem

2242 2575 2490 2646 ζωοποιῷ
2513 2575 2609 2630 τοῦ
2635 2576 2852 2630 πάντων
2877 2575 3037 2646 ἡμῶν
3063 2576 3314 2647 Σωτῆρος
3334 2576 3595 2648 Χριστοῦ,
3615 2577 3712 2629 καὶ
3732 2578 3830 2630 τὶν

553 2671 687 2722 nant
717 2683 926 2740 superae
1004 2667 1294 2739 voluptatis
1363 2667 1700 2738 participes:
1751 2677 1948 2738 purgat
1997 2669 2142 2723 enim

2241 2667 2407 2740 ἄρτον
2430 2669 2702 2733 ἐσθίοντες
2727 2672 2826 2740 τῆς
2860 2669 3027 2740 ζωῆς,
3061 2670 3158 2723 καὶ
3182 2671 3337 2739 πόμα
3362 2669 3422 2722 τὸ
3455 2669 3618 2734 θεῖον,
3643 2669 3710 2722 δι’
3735 2664 3828 2724 ὦ-

555 2770 802 2829 peccata,
851 2775 916 2816 ac
953 2759 1192 2816 dolorem
1232 2759 1445 2825 eximit,
1528 2759 1888 2829 suppliciique
1941 2768 2144 2815 metum

2243 2778 2351 2834 περ
2389 2761 2456 2815 ἂν
2482 2761 2723 2830 γένοιντο
2749 2761 3017 2832 θυμηδίας
3041 2761 3144 2832 τῆς
3179 2761 3389 2815 ἀνωθεν
3425 2761 3650 2832 μέτοχοι
3670 2778 3684 2790 ·
3716 2762 3836 2814 δια-

555 2867 662 2908 non
700 2853 830 2906 sinit
871 2851 1081 2905 animas
1108 2859 1322 2905 nostras
1355 2851 1604 2906 obruere.
1662 2850 1934 2905 Laetamur
1993 2852 2144 2908 enim

2245 2853 2495 2924 καθαίρει
2527 2853 2637 2926 γὰρ
2662 2853 2957 2924 ἁμαρτίας,
2979 2853 3074 2907 καὶ
3105 2853 3351 2926 ἐξίστησι
3374 2855 3437 2907 τὸ
3470 2854 3700 2918 λυποῦν,
3734 2857 3833 2908 καὶ

555 2945 734 3016 potius
762 2958 857 3014 spe
886 2945 1174 3006 bonorum,
1210 2957 1331 3012 quae
1377 2943 1645 2998 destinata
1710 2957 1832 2999 esse
1884 2943 2148 3015 diligenti-

2245 2943 2336 2997 τὸν
2367 2946 2458 2996 ἐπὶ
2491 2945 2568 3015 τῷ
2602 2943 2926 3006 κολάζεσθαι
2956 2943 3119 3012 φόϐον
3148 2945 3466 3016 κατισχύειν
3495 2945 3597 3000 οὐκ
3632 2946 3702 3017 ἐᾷ
3721 2946 3831 2998 τῶν

557 3037 658 3090 bus
723 3033 890 3089 Deum
965 3033 1209 3089 referunt
1263 3048 1432 3088 sacrae
1468 3033 1706 3088 Litterae.
1743 3051 1760 3084 ι
1805 3033 1910 3088 Sed
1960 3049 2076 3099 vos,
2120 3053 2142 3088 ο

2248 3036 2531 3107 ἡμετέρων
2569 3035 2841 3089 διανοιῶν.
2888 3035 3310 3108 Εὐφραινόμεθα
3343 3035 3453 3108 γὰρ
3497 3037 3701 3107 μᾶλλον
3740 3038 3830 3090 ἐπ’

565 3127 762 3196 inquit,
796 3126 974 3196 quiin
1027 3138 1214 3180 errore
1266 3125 1562 3188 mansistis,
1605 3142 1624 3175 ι
1667 3123 1973 3180 eiamabitis
2032 3141 2140 3195 pra:
2167 3123 2197 3182 C

2199 3125 2209 3178 Ξ
2243 3125 2417 3180 ἐλπίδι
2436 3124 2675 3192 ἀγαθῶν,
2700 3123 2736 3178 ἃ
2757 3126 2872 3188 τοῖς
2904 3123 3160 3191 ἀγαπῶσι
3178 3123 3270 3177 τὸν
3294 3123 3429 3176 Θεὸν
3463 3121 3831 3195 ηὐτρεπᾱςθαι

558 3219 745 3275 dolore
808 3218 990 3274 cordis
1043 3217 1233 3282 vestri,
1285 3227 1339 3272 et
1381 3233 1494 3287 pra:
1535 3217 1863 3274 contritione
1921 3217 2144 3288 spiritus

2246 3219 2380 3288 φησι¹
2412 3217 2473 3270 τὸ
2496 3216 2536 3268 Γ
2542 3217 2737 3287 ράμμα
2761 3215 2822 3269 τὸ
2859 3214 3027 3287 ἱερὸν,
3052 3234 3071 3267 ι
3110 3214 3253 3268 Ἀλλ’
3284 3214 3464 3285 ὑμεῖς,
3497 3232 3515 3266 ι
3552 3216 3740 3285 φησιν,
3779 3217 3829 3269 οι

560 3303 854 3366 ululabitis.
917 3328 936 3362 ι
995 3309 1365 3364 Descendente
1411 3309 1555 3364 enim
1625 3308 1838 3365 coalitus
1903 3310 2143 3365 omnium

2244 3308 2617 3379 μεμενηκότες
2629 3309 2686 3360 ἐν
2707 3307 2907 3380 πλάνῃ,
2932 3325 2950 3358 ι
2970 3305 3306 3380 κεκράξεσθε
3332 3307 3420 3361 διὰ
3441 3305 3533 3360 τὸν
3551 3307 3708 3359 πόνον
3724 3307 3829 3377 τῆς

559 3411 802 3457 nostrum
831 3401 1122 3456 Servatore
1149 3399 1390 3467 Christo,
1465 3401 1635 3472 899
1694 3413 1748 3456 et
1796 3402 1992 3472 cuique
2045 3415 2145 3473 pro

2243 3405 2474 3476 καρδίας
2508 3404 2685 3475 ὑμῶν,
2724 3405 2820 3458 καὶ
2849 3403 2959 3457 ἀπὸ
2993 3405 3286 3476 συντριϐἦς
3314 3404 3620 3474 πνεύματος
3644 3399 3829 3454 ὀλολύ-

560 3493 814 3561 operibus
851 3492 1144 3555 tribuente,
1193 3492 1486 3561 plorabunt
1525 3508 1738 3560 omnes,
1770 3505 1825 3548 et
1888 3494 2146 3563 lugebant

2246 3493 2382 3560 ξετε.
2410 3514 2429 3547 t
2449 3496 2969 3567 Καταφοιτήσαντος
2988 3496 3098 3566 γάρ
3128 3495 3188 3562 ἐξ
3217 3495 3456 3567 οὐρανῶν
3481 3493 3576 3546 τοῦ
3605 3494 3830 3546 πάντων

559 3584 650 3651 qui
693 3581 858 3636 Deum
897 3595 1078 3634 verum
1104 3596 1209 3636 non
1241 3590 1598 3647 agnoverunt,
1629 3585 1722 3636 sed
1773 3584 2012 3649 peccatis
2039 3584 2141 3653 ipsi

2242 3586 2402 3657 ἡμῶν
2436 3584 2691 3656 Σωτῆρος
2725 3583 3126 3658 Χριστοῦ,εῐτα
3157 3584 3645 3656 νέμοντοςέκάστῳ
3669 3584 3825 3636 κατά

561 3673 674 3727 suis
715 3670 995 3724 immortui
1031 3681 1181 3725 sunt.
1241 3669 1555 3736 Reliquistis
1598 3672 1767 3737 enim,
1806 3673 2000 3743 inquit,
2047 3690 2144 3731 no-

2241 3679 2310 3732 τά
2336 3679 2475 3750 ἔργα
2503 3679 2693 3742 αὐτοῦ,
2725 3679 3057 3750 θρηνήσουσι
3086 3679 3308 3744 πάντες,
3333 3678 3426 3731 καὶ
3459 3674 3827 3746 κατοιμώξου-

562 3778 685 3817 men
715 3771 950 3816 vestrum
1007 3763 1073 3816 ad
1108 3761 1446 3816 saturitatem
1480 3761 1672 3818 electis
1714 3765 1853 3820 meis
1883 3783 1898 3819 :
1926 3778 2022 3821 vos
2049 3782 2142 3822 au-

2245 3787 2328 3825 σιν
2355 3772 2405 3824 οἱ
2438 3771 2578 3842 μήτε
2611 3771 2743 3824 Θεὸν
2785 3771 3292 3840 ἐπεγνωκότες-τὸν
3320 3769 3594 3840 ἀληθινὸν,
3629 3769 3822 3822 ἐναποσ

573 3866 679 3910 tem
715 3853 1005 3909 interﬂciet
1049 3852 1330 3908 Dominus.
1387 3853 1683 3909 Considera
1739 3855 1871 3910 mihi
1927 3873 2140 3912 rursum

2243 3864 2494 3928 θανόντες
2517 3864 2574 3916 δὲ
2615 3860 2814 3936 μᾶλλον
2835 3867 2955 3929 ταῖς
2979 3865 3187 3919 ἑαυτῶν
3219 3863 3539 3936 ἁμαρτίαις.
3571 3862 3827 3916 liae-alsi-

562 3961 756 4001 sensus
821 3945 1265 4016 profunditatem.
1346 3944 1498 4000 Solet
1552 3943 1833 4016 Scriptura
1885 3947 2142 4020 divinitus

2240 3958 2380 4029 ψατε
2408 3959 2537 4030 γὰρ,
2573 3958 2727 4029 φησὶ,
2757 3959 2818 4012 τὸ
2845 3961 3016 4031 ὄνομα
3048 3960 3202 4032 ὑμῶν
3241 3963 3325 4024 είς
3364 3959 3682 4031 πλησμονὴν
3718 3959 3826 4021 τοῖς

565 4039 826 4108 inspirata
891 4040 1234 4094 saturitatem
1270 4037 1538 4094 interdum
1589 4051 1783 4095 vocare
1839 4042 2139 4098 satietatem

2241 4051 2517 4114 ἐκλεκτοῖς
2548 4069 2671 4122 μου,
2716 4051 2861 4121 ὑμᾶς
2899 4051 3080 4106 ἀνελεῖ
3128 4051 3355 4124 Κύριος.
3391 4052 3582 4123 ’Δθρει
3618 4051 3681 4120 δή
3740 4068 3823 4122 μοι

562 4141 619 4186 et
658 4131 860 4185 odium.
912 4129 1055 4184 Dixit
1110 4130 1256 4185 enim
1326 4131 1466 4186 Deus
1518 4129 1819 4188 Israelitico
1876 4135 2142 4204 sanguine

2243 4143 2405 4197 πάλιν
2438 4143 2540 4214 τῆς
2583 4144 2795 4207 ἐννοίας
2829 4144 2890 4198 τὸ
2919 4143 3103 4213 βάθος.
3169 4145 3332 4208 Ἕθος
3381 4147 3449 4216 τῇ
3493 4143 3827 4215 θεοπνεύστῳ

563 4220 850 4275 oriundis:
893 4239 912 4272 ι
967 4220 1083 4276 Non
1141 4221 1412 4277 remittam
1463 4235 1686 4294 peccata
1728 4235 1936 4281 vestra.
1986 4227 2137 4283 Facti

2241 4237 2430 4308 Γραφῇ
2467 4236 2529 4289 τὸ
2559 4237 2639 4300 είς
2685 4235 3004 4306 πλησμονὴν
3036 4235 3149 4290 ἐσθ’
3183 4237 3273 4290 ὅτε
3321 4235 3525 4304 λέγειν,
3559 4237 3684 4290 ἀντὶ
3733 4235 3823 4289 τοῦ

563 4314 694 4368 estis
729 4313 859 4367 mihi
909 4313 962 4366 in
1017 4314 1359 4369 saturitatem
1386 4315 1452 4370 “.
1497 4335 1516 4368 ι
1575 4317 1681 4374 Vos
1721 4334 1870 4391 ergo,
1940 4321 2136 4390 inquit,

2240 4329 2321 4391 εἰς
2350 4329 2530 4401 κόρον,
2568 4330 2663 4382 καὶ
2693 4331 2871 4400 μῖσος.
2894 4329 3044 4398 Ἔφη
3079 4326 3195 4398 γάρ
3220 4344 3323 4381 που
3351 4327 3488 4391 Θεὸς
3514 4329 3626 4390 τοῖς
3659 4326 3718 4391 ἐξ
3743 4327 3824 4380 αῖ-

564 4406 658 4475 qui
702 4405 900 4460 afalso
957 4407 1283 4476 nuncupatis
1340 4409 1443 4464 diis
1509 4425 1616 4466 non
1672 4413 2000 4477 descivistis,
2045 4413 2138 4468 sed

2247 4437 2416 4490 ματος
2457 4419 2675 4491 Ἰσραήλ
2695 4435 2710 4450 ο
2743 4437 2760 4471 ι
2789 4418 2984 4473 Οὐκέτι
3008 4420 3193 4490 ἀνήσω
3223 4418 3322 4482 τὰς
3346 4419 3622 4490 ἁμαρτίας
3644 4418 3820 4489 ὑμῶν·

567 4499 620 4552 in
650 4498 891 4568 peccatis
947 4499 1136 4553 vestris
1192 4499 1393 4554 mortui
1447 4502 1604 4565 estis,
1646 4518 1841 4559 nomen
1896 4514 2140 4561 vestrum
2172 4511 2199 4567 Ι

2191 4512 2218 4567 )
2245 4510 2542 4581 ἐγενήθητε
2569 4528 2658 4581 μοι
2683 4512 2762 4574 εἰς
2790 4509 3125 4581 πλησμονήν.
3153 4528 3171 4561 t
3200 4509 3393 4581 Ὑμεῖς
3420 4511 3623 4576 τοίνυν,
3644 4511 3823 4582 φησὶν.

565 4591 620 4644 in
651 4589 1015 4654 saturitatem,
1049 4591 1134 4646 vel
1164 4589 1218 4645 in
1249 4593 1430 4647 odium
1461 4595 1756 4664 reliquistis
1772 4597 1960 4653 electis
1979 4599 2138 4658 meis.

2246 4605 2297 4656 oi
2346 4605 2480 4674 μήτε
2515 4603 2623 4656 τῶν
2670 4602 3038 4674 ψευδωνύμων
3087 4603 3424 4668 ἀποστάντες
3482 4602 3641 4668 θεῶν,
3682 4603 3823 4656 ivss-

564 4679 735 4736 Nemo
748 4680 888 4735 enim
908 4696 1116 4746 eorum,
1141 4682 1230 4750 qui
1248 4682 1577 4740 semelelecti
1604 4694 1727 4740 sunt
1743 4701 1937 4742 nomen
1951 4703 2144 4759 super-

2249 4696 2481 4758 θνεῶτες
2501 4695 2555 4748 δέ
2572 4697 2665 4748 καὶ
2687 4696 2808 4759 ταῖς
2828 4696 3037 4750 ἑαυτῶν
3061 4695 3380 4765 ἁμαρτίαις,
3400 4694 3461 4746 τὸ
3485 4694 3654 4764 ὄνομα
3679 4694 3825 4764 ὑμῶν

566 4773 899 4828 stitiosorum
924 4774 1192 4829 admittet.
1218 4775 1434 4847 Refugit
1459 4793 1693 4846 namque
1715 4781 1942 4849 quisque
1959 4783 2140 4836 vocari

2249 4787 2330 4850 είς
2376 4784 2727 4857 πλησμονὴν,
2793 4787 2961 4857 ἤγουν
3010 4787 3087 4848 εἰς
3121 4790 3278 4856 μῖσος
3320 4785 3678 4854 κατελείψατε
3717 4789 3824 4848 τοῖς

565 4862 660 4917 Dei
689 4877 837 4927 osor,
866 4863 1282 4918 simulacrorum
1314 4866 1508 4930 cultor,
1570 4868 1791 4936 impius,
1849 4871 2140 4938 profanus:

2247 4876 2523 4940 ἐκλεκτοῖς
2559 4894 2661 4946 μου
2685 4894 2698 4909 ”
2735 4881 2847 4942 τοῖς
2877 4877 2985 4949 γὰρ
3015 4877 3162 4943 ἆπαξ
3191 4876 3611 4948 ἐξειλεγμένρις,
3657 4877 3825 4940 οὐδεὶς

565 4955 819 5025 cupitque
845 4957 1012 5024 magis
1052 4956 1157 5011 dici
1192 4957 1416 5028 pepulus
1464 4969 1704 5026 sanctus,
1759 4975 1889 5030 gens
1944 4950 2157 5029 electa;

2245 4967 2306 5020 τὸ
2349 4967 2459 5020 τῶν
2511 4968 2924 5039 δεισιδαιμόνων
2951 4967 3126 5039 ὄνομα
3178 4969 3412 5022 ποιεῖται
3465 4969 3822 5038 παράδεκτον.

565 5049 771 5119 regium
787 5049 1172 5114 sacerdotium,
1193 5050 1489 5104 secundum
1513 5050 1678 5106 divini
1701 5050 1845 5107 Petri
1873 5068 2057 5109 vocem
2073 5056 2139 5110 “.

2244 5058 2439 5128 Φεύγει
2480 5059 2537 5112 δέ
2583 5059 2727 5122 ἄπας
2755 5059 2816 5112 τὸ
2851 5058 3136 5113 καλεῖσθαι
3171 5059 3454 5131 θεομισὴς,
3488 5061 3584 5112 καὶ
3617 5059 3825 5112 εἰδωλο-

567 5140 664 5196 Sin
699 5141 786 5195 cui
830 5141 1003 5194 visum
1037 5143 1128 5208 sit,
1165 5141 1266 5196 hoc
1295 5141 1440 5211 quod
1475 5143 1676 5198 dictum
1708 5153 1810 5209 est,
1872 5143 2137 5202 lsraelitis

2245 5153 2450 5223 λάτρης
2495 5150 2710 5214 ἀνόσιός
2752 5167 2809 5203 τε
2840 5150 2935 5203 καὶ
2983 5150 3209 5221 βέϐηλος
3235 5169 3248 5180 ·
3281 5150 3492 5220 ἐφίεται
3526 5151 3584 5204 δὲ
3630 5151 3826 5223 μᾶλλον

565 5233 994 5297 accommodare,
1044 5240 1103 5285 ut
1145 5231 1251 5287 illis
1302 5233 1559 5288 dicatur:
1597 5252 1615 5286 ι
1668 5233 1985 5303 Reliquistis
2044 5251 2140 5290 no-

2246 5241 2341 5296 τοῦ
2378 5241 2662 5296 καλεῖσθαι
2690 5241 2820 5305 λαὸς
2851 5241 3030 5311 ἆγιος,
3068 5241 3220 5304 ἔθνος
3253 5241 3531 5304 ἐκλεκτὸν,
3561 5240 3827 5312 βασίλειον

564 5337 689 5376 men
723 5321 840 5392 ejus
864 5323 916 5377 in
945 5323 1250 5378 satietatem
1269 5323 1462 5379 electis
1501 5325 1675 5381 meis:
1720 5345 1738 5378 ι
1774 5326 2004 5383 dicimus
2019 5331 2139 5398 qui—

2248 5333 2568 5403 ἱεράτευμα,
2592 5332 2734 5386 κατά
2759 5333 2859 5404 τὴν
2889 5332 3179 5387 θεσπεσίου
3215 5331 3426 5402 Πέτρου
3454 5332 3658 5403 φωνήν.
3687 5332 3752 5384 Ei
3776 5331 3827 5384 δὲ

565 5413 688 5466 dem
725 5425 976 5470 vocatum
1007 5413 1174 5472 fuisse
1205 5416 1480 5482 lsraelem,
1526 5417 1725 5474 liberos
1761 5419 1879 5484 Dei,
1914 5421 2139 5490 ejusque

2245 5425 2310 5495 δὴ
2337 5424 2578 5494 βούλοιτό
2599 5443 2682 5489 τις
2707 5429 2818 5488 τοῖς
2848 5424 2907 5492 ἐξ
2933 5427 3163 5496 αἵματος
3196 5424 3414 5495 Ἰσραὴλ
3434 5422 3742 5494 ἐφαρμόσαι
3772 5420 3830 5473 τὸ

567 5503 820 5570 pupulum
859 5514 914 5559 et
942 5515 1170 5573 sortem,
1206 5509 1298 5561 sed
1324 5519 1611 5578 postquam
1645 5511 1696 5564 in
1729 5509 2136 5568 eﬂ'renationem

2250 5515 2558 5586 εἰρημένον,
2589 5516 2676 5569 ἵνα
2715 5515 2852 5586 πρὸς
2891 5517 3090 5581 αὐτοὺς
3137 5515 3365 5587 λέγηται
3396 5515 3480 5582 τὸ,
3523 5532 3541 5565 t
3573 5508 3828 5569 Κατελεί-

638 5679 684 5711 ⁵ο
723 5677 826 5733 lsa.
874 5695 913 5746 ι,
968 5683 1056 5737 15.
1135 5687 1176 5719 ⁶¹
1209 5687 1229 5742 Ι
1261 5687 1406 5744 Petr.
1451 5706 1508 5753 ll,
1543 5691 1594 5744 9.
2263 5687 2270 5697 ⁴

2263 5687 2280 5699 λ
3081 5670 3086 5678 .
3419 5641 3530 5691 ..ι
