4112 6292
958 339 966 354 ⁵.
988 336 1054 354 ,δι”

303 380 438 440 Nl“!

1411 371 1479 432 ΙΝ
1517 372 1747 430 lSAlAM
1787 371 1915 428 LIB.
1957 373 2021 429 Υ.
2065 370 2301 429 TOMUS
2340 370 2426 427 Vl.

3427 382 3566 438 {-ilS

299 499 439 569 φατε
469 496 532 550 τὸ
570 495 744 568 ὄνομα
782 495 935 569 ὑμῶν
980 498 1060 562 εἰς
1098 495 1420 569 πλησμονὴν
1462 498 1575 559 τοῖς
1604 494 1881 556 ἐκλεκτοῖς

1985 501 2100 549 ιοιο
2128 493 2333 563 impetu
2369 497 2719 561 proruerunt,
2760 491 2861 548 hac
2902 499 3048 548 tanta
3075 493 3149 549 illi
3202 494 3371 567 gloria
3425 503 3571 554 exet~

304 606 409 661 μου
429 606 444 620 ·
478 607 497 640 ι
534 589 737 659 φαμὲν,
771 590 853 643 ὅτι
894 588 1059 642 τέκνα
1089 587 1246 651 Θεοῦ,
1282 586 1378 640 καὶ
1413 587 1540 651 λαὸς
1572 587 1760 651 αὑτοῦ,
1793 585 1889 638 καὶ

301 679 506 751 κλῆρος
531 679 777 732 ἐκαλεῖτο
793 678 892 748 μὲν
915 680 944 730 ὁ
975 678 1194 748 Ἰσραήλ
1213 694 1227 709 ·
1255 679 1443 749 ἐπειδὴ
1466 679 1524 731 δὲ
1548 676 1882 731 κατὼλισθον

301 771 548 841 ἀσχέτως
579 773 657 835 είς
682 772 743 824 τὸ
770 770 1003 840 ὲξήνιον,
1027 771 1420 826 ἔκπεπτώκασι
1449 772 1547 843 μὲν
1576 771 1675 841 τῆς
1700 769 1883 823 τοιαύ-

300 880 403 935 της
428 864 588 935 δόξης
608 864 781 924 αὐτοὶ,
800 861 1321 934 κεκληρονομήκασι
1349 863 1409 917 δὲ
1437 863 1629 934 ὥσπερ
1653 862 1816 917 αὑτὸν
1833 863 1886 915 οἱ

303 932 364 1019 ἐξ
389 932 558 1008 ἐθνῶν
592 953 937 1025 κεκλημένοι⁸
960 932 1246 1021 καὶτοῦτο,
1261 951 1435 1026 οἶμαι,
1460 932 1607 1009 ἐστὶν
1619 955 1757 1026 ὅπερ
1776 953 1879 1025 ἔφη

304 1048 436 1112 Θεὸς
495 1047 594 1119 διὰη
616 1047 804 1119 φωνῆς
850 1047 1030 1120 Ὢσηέο
1089 1067 1108 1102 ι
1144 1049 1374 1105 Καλέσω
1416 1051 1510 1105 τὸν
1550 1050 1612 1103 οὐ
1655 1048 1783 1103 λαόν
1818 1064 1944 1120 μου,

304 1156 389 1194 συ.
423 1158 444 1190 D

374 1234 509 1300 Τοῖς
544 1233 613 1288 δὲ
639 1235 1047 1290 δουλεύωσιν
1077 1234 1257 1303 αὐτῷ,
1284 1237 1653 1306 κληθήσεται
1696 1236 1887 1306 ὄνομα

298 1325 535 1390 καινὸν,
576 1325 607 1379 ὃ
643 1326 1120 1396 εὐλογηθήσεται
1162 1326 1261 1381 ἐπὶ
1304 1327 1416 1396 τῆς
1454 1327 1596 1398 γῆς·
1630 1327 1885 1397 εὐλογή-

299 1431 483 1469 σουσι
516 1416 626 1486 γὰρ
658 1418 765 1470 τὸν
790 1416 938 1472 Θεὸν
951 1418 1057 1472 τὸν
1076 1418 1384 1487 ἀληθινόν.
1407 1420 1517 1475 Kal
1547 1423 1601 1473 οι
1629 1419 1887 1489 ὀμνύον-

300 1518 400 1571 τες
444 1507 544 1560 ἐπὶ
592 1506 704 1576 τῆς
753 1507 885 1576 γῆς,
938 1508 1223 1578 ὀμοῦνται
1264 1510 1373 1565 τὸν
1418 1510 1569 1564 Θεὸν
1600 1511 1711 1564 τὸν
1735 1511 1888 1578 ὰληο

302 1598 504 1652 θινόν·
552 1598 949 1664 ἐπιλήσονται
987 1598 1098 1670 γὰρ
1142 1599 1261 1670 τὴν
1291 1602 1504 1671 θλίψιν
1534 1600 1733 1656 αὐτῶν
1768 1601 1884 1669 τὴν

302 1689 564 1757 πρώτην,
594 1691 691 1744 καὶ
715 1693 827 1745 οὐκ
857 1691 1227 1759 ἀναϐήσεται
1249 1692 1451 1748 αὐτῶν
1473 1694 1571 1749 ἐπὶ
1610 1695 1727 1762 τὴν
1746 1709 1885 1761 καρ-

302 1777 461 1834 δίαν.
514 1781 725 1847 Ἔσται
770 1781 881 1851 γὰρ
913 1785 948 1837 ό
994 1784 1252 1873 οὐρανὸς
1287 1784 1514 1850 καινὸς,
1569 1785 1671 1839 καὶ
1713 1786 1752 1853 ἡ
1806 1782 1885 1854 γῆ
1916 1816 1961 1873 Β

303 1869 504 1937 καινὴ,
540 1871 641 1925 καὶ
672 1874 746 1925 οὐ
787 1872 876 1941 μὴ
897 1872 1220 1943 μνησθόωι
1247 1873 1368 1928 τῶν
1403 1874 1723 1943 προτέρων,
1758 1873 1886 1929 οὐδ’

303 1962 376 2014 οὺ
397 1960 486 2030 μὴ
518 1961 741 2033 ἐπέλθῃ
772 1962 972 2018 αὐτῶν
998 1965 1099 2019 ἐπὶ
1141 1965 1260 2034 τὴν
1303 1966 1577 2034 καρδίαν,
1616 1965 1754 2019 ἀλλ’
1786 1967 1887 2019 εὐ-

301 2053 620 2121 φροσύνην
645 2054 744 2109 καὶ
775 2055 1117 2126 ἀγαλλίαμα
1138 2056 1518 2125 εὑρήσουσιν
1547 2057 1616 2110 ἐν
1638 2055 1814 2124 αὐτῇ.

373 2141 559 2195 Πάντα
589 2144 811 2211 γέγονεν
840 2147 898 2198 ὲν
931 2143 1154 2216 Χριστῷ
1182 2145 1365 2209 καινὰ,
1395 2144 1490 2197 καὶ⁵
1513 2143 1760 2214 λατρεία,
1790 2142 1887 2196 καὶ

303 2231 439 2301 ζωὴ,
484 2232 581 2284 καὶ
613 2232 905 2304 νομοθεσία
925 2246 942 2262 ⁸
984 2233 1045 2287 οὐ
1079 2236 1189 2304 γὰρ
1218 2236 1402 2297 σκιαῖς
1451 2231 1530 2286 ἔτι
1564 2234 1660 2285 καὶ
1692 2232 1886 2295 τύποις

302 2324 582 2391 ἀνονήτοις
610 2323 1019 2395 προσκείμεθιι⁸
1049 2324 1312 2394 τελοῦμεν
1341 2323 1398 2378 δὲ
1440 2324 1640 2393 μᾶλλον
1676 2322 1755 2393 τῷ
1792 2324 1886 2376 ἐπὶ

301 2412 522 2467 πάντων
558 2413 678 2484 Θεῷ
730 2414 830 2484 τὴν
856 2416 913 2467 ὲν
952 2414 1305 2485 πνεύματίτε
1336 2415 1430 2467 καὶ
1466 2414 1695 2486 ἀληθείᾳ
1718 2432 1887 2486 προσ-

301 2505 531 2573 κύνησιν
586 2505 682 2557 καὶ
706 2504 984 2575 λατρείαν.
1018 2505 1446 2577 Χρηματίζομεν
1475 2505 1533 2559 δὲ
1560 2506 1621 2558 οὐ
1650 2504 1795 2559 κατά
1819 2522 1885 2574 γε

300 2597 428 2658 τοὺς
458 2594 518 2659 ἐξ
545 2594 776 2666 αἵματος
805 2595 1040 2667 Ἰσραὴλ,
1074 2595 1151 2660 ὡς
1183 2598 1248 2649 ἑκ
1270 2595 1380 2649 τῶν
1404 2595 1738 2668 γενεαρχῶν,
1764 2596 1884 2667 ἦτοι

301 2687 579 2757 πατέρων,
617 2685 878 2759 Ἐφραῒμ,
908 2688 942 2758 ἢ
978 2686 1325 2758 Μανασσῆ,ῆ
1364 2689 1459 2742 καὶ
1484 2687 1561 2752 ὡς
1592 2687 1651 2752 ἐξ
1690 2687 1885 2756 ἑτέρας

303 2778 514 2849 φυλῆς,
549 2778 667 2833 ἀλλ’
704 2779 827 2833 οὐδὲ
862 2776 962 2851 τὴν
1003 2777 1113 2833 τῶν
1149 2779 1528 2851 Γραμματέων
1578 2780 1675 2833 καὶ
1717 2779 1886 2850 Φαρι-

305 2869 473 2921 σαίων
493 2868 767 2941 ἐρχόμεθα
797 2869 1003 2942 τρίϐον,
1038 2869 1137 2941 τὴν
1165 2869 1260 2923 τοῦ
1290 2870 1619 2941 γράμματος
1656 2869 1885 2951 παλαιό-

299 2977 445 3031 τητα
471 2960 565 3014 τοῦ
604 2962 804 3026 παντὸς
835 2962 1111 3027 ἀξιοῦντες
1148 2962 1327 3031 λόγου,
1361 2962 1474 3016 ἀλλ’
1513 2964 1572 3015 ὲν
1603 2962 1881 3032 καινότητι

302 3051 451 3124 ζωῆς
489 3052 854 3126 εὐαγγελικῆς
903 3053 1203 3124 προσίεμεν
1225 3050 1304 3122 τῷ
1347 3051 1594 3123 Χριστῷ,
1643 3053 1739 3106 καὶ
1779 3052 1880 3123 τὴν

1983 586 2198 649 derunt,
2242 598 2474 654 eamque
2506 582 2651 638 velut
2679 583 3026 641 hereditario
3050 585 3177 655 jure
3214 591 3572 658 possederunt

1983 677 2074 746 qui
2101 691 2166 732 ex
2194 676 2450 747 gentibus
2489 674 2667 729 vocati
2717 683 2866 731 sunt.
2924 675 2991 730 Et
3034 677 3140 731 hoc
3197 687 3301 746 est,
3357 681 3567 750 Opinor,

1981 769 2126 838 quod
2177 767 2314 822 dixit
2341 767 2483 821 Deus
2516 781 2650 822 voce
2682 765 2822 822 Osee
2864 784 2879 821 :
2914 785 2934 820 ι
2976 766 3197 825 Vocabo
3226 787 3334 827 non
3395 787 3566 842 popu-

1980 859 2091 913 lum
2114 874 2316 922 meum,
2348 857 2605 929 populum
2653 873 2865 913 meum:
2914 868 2972 915 et
3015 861 3191 917 dicam
3224 878 3332 918 non
3371 864 3569 934 popqu

1944 996 1949 999 .
1982 966 2122 1015 meo,
2164 948 2398 1019 Populus
2449 963 2603 1003 meus
2627 963 2689 1004 es
2726 958 2781 1003 tu
2813 948 2880 1002 ".
2907 967 2927 1000 ι

1983 1045 2110 1098 λαόν
2152 1060 2286 1116 μου,
2330 1044 2427 1096 καὶ
2477 1042 2590 1114 ὲρῶ
2627 1041 2706 1114 τῷ
2751 1043 2812 1097 οὐ
2855 1043 2969 1115 λαῷ
3007 1061 3108 1116 μου
3134 1063 3147 1076 ·
3194 1047 3337 1112 Λαός
3385 1066 3488 1120 μου
3522 1045 3573 1102 εἴ

2068 1221 2231 1278 Vatis.
2250 1222 2434 1277 {6-18.
2458 1223 2521 1277 At
2547 1224 2639 1294 qui
2661 1225 2891 1280 serviunt
2913 1228 2981 1294 ei,
3008 1231 3337 1285 vocabuntur
3363 1239 3574 1292 nomine

1993 1330 2150 1380 novo,
2183 1315 2271 1367 cui
2299 1314 2630 1370 benedicatur
2654 1332 2811 1386 super
2835 1327 3066 1376 terram:
3095 1322 3394 1379 benedicent
3431 1329 3571 1381 enim

1993 1406 2163 1460 Deum
2205 1422 2402 1460 verum.
2435 1405 2504 1460 Et
2544 1410 2633 1476 qui
2667 1409 2857 1477 jurant
2902 1413 2958 1466 in
2999 1421 3161 1479 terra,
3180 1416 3439 1484 jumbunt
3480 1436 3573 1490 per

1994 1496 2163 1552 Deum
2195 1513 2372 1551 verum
2399 1513 2418 1552 :
2449 1499 2819 1554 obliviscantur
2843 1504 2983 1557 enim
3014 1506 3324 1575 afﬂictionis
3356 1511 3569 1578 prioris,

1990 1604 2154 1658 neque
2175 1590 2337 1643 veniet
2361 1588 2419 1643 in
2445 1605 2537 1642 cor
2562 1606 2766 1647 eorum.
2795 1590 2914 1646 Erit
2940 1596 3079 1649 enim
3108 1599 3292 1653 mlum
3310 1618 3500 1658 novum
3520 1616 3569 1659 et

1991 1686 2136 1733 terra
2162 1695 2320 1743 nova,
2357 1693 2404 1733 et
2435 1697 2540 1734 non
2570 1682 2990 1741 recordabuntur
3016 1690 3278 1757 priorum,
3302 1709 3463 1763 neque
3488 1712 3570 1751 τοι

1989 1771 2128 1824 scient
2158 1770 2265 1824 illis
2306 1771 2363 1824 in
2408 1782 2654 1839 mentem,
2684 1776 2775 1830 sed
2804 1776 3050 1834 lanitium
3081 1791 3127 1837 et
3166 1785 3570 1844 exsultationem

1988 1857 2247 1913 invenient
2274 1859 2329 1912 in
2359 1875 2441 1913 ea.

2059 2140 2251 2199 Omnia
2284 2143 2428 2201 facta
2457 2157 2583 2204 sunt
2607 2151 2662 2205 in
2683 2149 2906 2209 Christo
2934 2170 3094 2224 nova,
3123 2158 3469 2228 cultus,vita,
3493 2164 3569 2223 le-

1985 2233 2224 2303 gislatio.
2260 2235 2377 2290 Non
2424 2239 2571 2294 enim
2611 2243 2721 2311 jam
2763 2247 2970 2303 umbris
3001 2259 3057 2305 et
3103 2252 3242 2322 typis
3290 2253 3568 2313 inutilibus

1986 2326 2443 2395 adhaerescimus,
2477 2333 2575 2386 sed
2619 2333 2751 2401 Deo,
2798 2338 2889 2406 qui
2931 2355 3092 2410 supra
3126 2359 3316 2400 omnes
3366 2357 3469 2413 est,
3514 2352 3566 2404 in

1986 2416 2179 2485 spiritu
2227 2426 2284 2472 et
2327 2420 2552 2477 veritate
2586 2425 2789 2481 cultum
2832 2443 3150 2498 praestamus
3183 2446 3237 2490 et
3266 2439 3570 2495 veneratio-

1986 2518 2132 2560 nem.
2183 2505 2369 2577 Neque
2424 2513 2762 2581 appellamur
2799 2518 2965 2591 900
2996 2531 3055 2576 ut
3101 2522 3400 2584 Israelitico
3442 2544 3567 2586 san-

1984 2596 2411 2679 guiue/oriundi,
2448 2603 2532 2658 vel
2566 2615 2623 2659 ut
2660 2624 2726 2662 ex
2755 2612 2931 2676 gentis
2956 2614 3320 2686 principibus,
3349 2632 3442 2677 aut
3472 2638 3566 2692 pa-

1987 2688 2190 2756 tribus,
2234 2691 2531 2763 Ephraim,
2576 2699 2660 2754 vel
2691 2700 2966 2772 Manasse,
3019 2709 3105 2763 vel
3152 2726 3215 2765 ex
3263 2712 3366 2769 alia
3407 2719 3563 2784 quas?

1986 2779 2152 2845 tribu,
2201 2783 2295 2837 sed
2315 2798 2490 2855 neque
2526 2788 2839 2847 Scribarum
2890 2803 2945 2850 et
2977 2795 3373 2858 Pharisaeorum
3419 2779 3563 2863 viam

1983 2868 2336 2940 ingredimur,
2360 2875 2554 2933 litterae
2582 2886 2904 2939 vetustatem
2944 2900 3158 2944 summo
3203 2890 3465 2951 habentes
3508 2899 3563 2953 itt

1985 2965 2184 3031 pretio,
2210 2967 2305 3021 sed
2332 2968 2386 3022 in
2414 2970 2654 3025 novitate
2682 2974 2804 3028 vita:
2833 2979 3156 3047 evangelica
3188 2985 3254 3038 ad
3280 2984 3561 3041 Christum

1984 3056 2311 3120 accedimus,
2353 3068 2407 3114 et
2442 3076 2634 3117 nomen
2657 3064 2777 3133 ejus
2805 3068 2950 3123 velut
2976 3084 3176 3127 corona
3217 3077 3462 3146 lnsigniti
3502 3089 3561 3134 et

300 3147 395 3200 ἀπ’
419 3145 583 3199 αὐτοῦ
614 3146 828 3217 κλῆσιν,
857 3145 1048 3218 ὥσπερ
1069 3148 1192 3200 τινὰ
1224 3148 1484 3211 στέφανον
1506 3145 1881 3217 ἀναδούμενοι,

1989 3145 2244 3213 reditniti,
2272 3148 2572 3207 Christiani
2609 3169 3012 3227 nuncupantur.
3047 3161 3159 3219 Hoc
3201 3174 3285 3222 est
3311 3145 3440 3225 illud
3470 3187 3564 3227 ce-

302 3238 714 3309 χρηματίζομεν
746 3238 1090 3309 Χριστιανοί.
1121 3237 1295 3293 Τοῦτο
1348 3237 1413 3309 δὴ
1448 3238 1510 3292 τὸ
1556 3237 1843 3309 διαϐόητον
1863 3281 1878 3305 ,

300 3331 396 3383 καὶ
419 3329 785 3402 εὐλογημένον
817 3330 991 3401 ὄνομα
1019 3330 1164 3385 κατὰ
1193 3330 1373 3384 πᾶσάν
1398 3331 1515 3383 ἐστι
1543 3327 1642 3401 τὴν
1664 3329 1755 3382 ὑπ’
1786 3330 1881 3381 οὐ-

301 3421 479 3490 ρανόν.
515 3422 732 3494 Ἐπειδὴ
763 3423 820 3476 δὲ
850 3423 1238 3496 ηὐλογήθημεν
1284 3423 1437 3496 παρὰ
1476 3423 1736 3495 Χριστοῦ,
1786 3426 1881 3478 καὶ

295 3517 456 3584 ἡμεῖς
488 3514 648 3581 αὐτὸν
679 3518 801 3581 ταῖς
843 3516 1115 3585 εὐλογίαις
1149 3518 1242 3572 καὶ
1279 3517 1682 3589 ἅκαταλήκτοις
1732 3515 1881 3582 δοξο-

295 3604 503 3673 λογίαις
539 3607 962 3677 κατευφραίνειν
990 3608 1382 3680 σπουδάζομεν.
1406 3609 1579 3663 Πάλαι
1613 3608 1712 3681 μὲν
1738 3609 1871 3680 γὰρ,

292 3697 413 3766 ἦτοι
435 3696 544 3765 πρὸ
566 3697 665 3765 τῆς
708 3699 789 3758 είς
831 3699 991 3751 αὐτὸν
1032 3699 1290 3762 πίστεως,
1321 3703 1432 3762 τοῖς
1460 3703 1560 3753 οὐκ
1587 3699 1707 3755 οῦσι
1734 3702 1879 3764 θεοῖς

293 3785 672 3853 ἐξυφαίνοντες
710 3785 812 3848 τὰς
833 3784 997 3855 ᾠδὰς,
1028 3786 1345 3855 ἐγελώμεθα
1372 3789 1617 3849 δικαίως.
1661 3789 1878 3859 Ἐπειδὴ

291 3878 350 3931 δὲ
388 3881 480 3929 τὸν
521 3876 681 3945 φύσει
709 3875 841 3929 Θεὸν
878 3873 1222 3946 ἐγνώκαμεν,
1259 3875 1535 3947 ὑμνοῦμεν
1576 3876 1761 3940 αὐτὸν,
1787 3878 1881 3929 καὶ

293 3969 508 4039 καρπὸν
564 3967 790 4039 χειλέων
823 3968 918 4020 καὶ
961 3965 1208 4037 γλώττης
1236 3965 1385 4036 αὐτῷ
1410 3965 1877 4038 προσ-κομίζομεν,

291 4061 391 4124 τὰς
416 4059 724 4128 δοξολογίας
752 4059 918 4113 αὑτοῦ
952 4059 1311 4130 μεμνημένοι,
1334 4058 1435 4113 κᾶν
1456 4060 1507 4112 εἰ
1527 4058 1736 4127 γένοιτό
1761 4074 1879 4122 πως

290 4151 506 4222 ἀνάγκη
540 4150 634 4204 καὶ
679 4149 840 4221 χρεία
866 4149 968 4220 τῆς
1007 4148 1097 4203 διὰ
1126 4150 1236 4203 τῶν
1264 4149 1444 4221 ὅρκων
1483 4149 1877 4220 πληροφορίας,

290 4239 377 4307 ἐφ’
405 4241 513 4310 ὅτῳ
541 4236 636 4294 οὖν
675 4240 786 4293 τῶν
827 4239 1168 4312 πραγμάτων
1195 4240 1454 4311 όμοῦνται
1486 4239 1577 4293 τὸν
1608 4238 1741 4293 Θεὸν
1787 4239 1879 4291 τὸν

291 4330 567 4401 ἀληθινόν.
600 4332 760 4396 Ἐθος
794 4332 892 4403 μὲν
924 4332 1034 4404 γὰρ
1061 4335 1173 4396 τοῖς
1200 4334 1308 4387 τῶν
1339 4331 1572 4386 εἰδώλων
1604 4330 1876 4403 θεραπευ-

292 4425 432 4488 ταῖς,
463 4424 645 4493 ὅρκιον
674 4422 786 4476 ἐσθ’
822 4424 911 4477 ὅτε
952 4425 1223 4479 ποιεῖσθαι
1269 4424 1360 4476 τὸν
1405 4422 1662 4494 οὐρανὸν,
1698 4422 1732 4493 ἢ
1783 4421 1877 4474 καὶ
1906 4492 1910 4496 _

1984 3235 2405 3295 lebratissimum
2446 3251 2504 3299 et
2533 3256 2629 3314 per
2657 3261 2874 3305 Omnem
2900 3262 3097 3308 terram
3136 3259 3234 3312 sub
3260 3262 3382 3315 creti
3405 3277 3560 3318 com-

1984 3328 2144 3396 piem
2184 3330 2547 3388 benedictum.
2587 3336 2654 3390 Et
2691 3340 2819 3408 quia
2850 3356 2952 3396 nos
2995 3345 3264 3403 benedicti
3301 3366 3489 3409 sumus
3527 3370 3559 3409 a

1982 3421 2224 3490 Christo,
2266 3428 2545 3482 studemus
2585 3430 2748 3484 etiam
2776 3447 2876 3488 nos
2903 3433 3051 3490 illum
3093 3440 3562 3501 benedictionibus

1981 3521 2036 3567 et
2058 3515 2330 3585 perpetuis
2368 3517 2613 3576 laudibus
2645 3522 2939 3582 oblectare.
2979 3527 3119 3584 Olim
3151 3533 3318 3601 enim,
3349 3548 3403 3589 et
3433 3552 3561 3593 ante

1982 3602 2143 3659 ﬁdem
2180 3605 2233 3660 in
2266 3606 2463 3677 ipsum,
2496 3611 2630 3668 odas
2653 3625 3009 3674 contexentes
3049 3636 3155 3675 non
3179 3624 3304 3692 diis,
3329 3626 3454 3696 jure
3489 3634 3562 3682 ri-

1981 3695 2264 3756 debamur.
2294 3700 2583 3773 Postquam
2631 3716 2811 3763 autem
2857 3720 3050 3767 natura
3078 3712 3251 3769 Deum
3284 3695 3556 3786 novimus,

1982 3785 2131 3839 illum
2167 3791 2536 3858 celebramus,
2581 3804 2635 3849 ct
2671 3798 2910 3855 fructum
2952 3803 3219 3858 labiorum
3259 3822 3323 3861 ac
3364 3809 3559 3878 linguae

1982 3876 2082 3938 ipsi
2123 3877 2421 3941 oderimus,
2457 3882 2645 3937 laudes
2686 3886 2802 3952 ejus
2843 3903 3333 3951 commemorantes
3359 3914 3374 3950 :
3403 3901 3559 3970 sique

1981 3980 2120 4033 Opus
2146 3982 2340 4022 ususve
2373 3969 2537 4026 fuerit
2563 3971 2921 4044 jurisjurandi
2953 3981 3389 4051 conﬁrmatione,
3416 3989 3469 4044 itt
3499 4007 3557 4045 re

1981 4057 2256 4125 quapiam,
2295 4057 2491 4126 juraut
2534 4077 2632 4131 per
2684 4063 2852 4120 Deum
2913 4082 3122 4125 verum.
3157 4071 3252 4128 Est
3302 4078 3444 4131 enim
3501 4083 3555 4134 in

1982 4161 2132 4201 more
2174 4149 2439 4205 idolorum
2479 4153 2782 4210 cultoribus
2819 4157 3187 4227 jnrantentnm
3231 4179 3327 4234 per
3355 4167 3552 4222 caelum

1981 4240 2063 4293 vel
2091 4254 2186 4309 per
2217 4243 2363 4298 aliud
2401 4244 2693 4314 quodpiam
2731 4248 2783 4302 in
2812 4264 2877 4304 eo
2906 4250 3292 4310 elementorum
3345 4276 3556 4316 nuncn-

1979 4344 2130 4398 pare.
2158 4332 2227 4387 At
2265 4334 2356 4403 qui
2396 4337 2555 4389 tidem
2595 4351 2937 4410 receperunt,
2966 4345 3127 4400 etiam
3153 4347 3465 4419 iuveniliter
3492 4372 3555 4410 ac

1979 4430 2198 4481 strenue
2243 4442 2271 4480 a
2320 4427 2435 4483 suis
2482 4429 2695 4487 delictis
2740 4437 3025 4493 recedunt:
3062 4455 3158 4510 per
3202 4445 3373 4498 solum
3407 4449 3551 4504 enim

292 4515 479 4586 ἕτερόν
505 4534 559 4569 τι
600 4516 712 4571 τῶν
742 4520 801 4573 ὲν
831 4518 983 4588 αὐτῷ
1026 4515 1326 4588 στοιχείων.
1359 4515 1424 4568 Οἱ
1459 4515 1517 4568 δὲ
1554 4514 1653 4586 τὴν
1692 4514 1875 4567 πίστιν

1982 4513 2349 4571 universitatis
2396 4517 2565 4573 Deum
2612 4519 2819 4588 iurant,
2854 4526 3088 4584 scientes
3139 4531 3311 4600 ipsum
3352 4544 3545 4590 uatum

294 4608 749 4677 παραδεξάμενοι,
781 4609 1013 4664 καὶτῶν
1057 4611 1138 4672 εἰς
1174 4608 1333 4662 τοῦτο
1382 4606 1875 4679 πλημμελημάτων

294 4700 630 4766 ἁποφοιτῶσι
679 4702 944 4765 νεανικῶς
972 4719 984 4732 ο
1027 4702 1211 4773 ὅρκιον
1256 4701 1366 4773 γὰρ
1401 4699 1680 4755 ποιοῦνται
1717 4700 1875 4769 μόνον

291 4792 382 4845 τὸν
407 4789 517 4843 τῶν
546 4790 683 4845 ὅλων
717 4791 874 4855 Θεὸν,
904 4794 1064 4847 αὑτὸν
1106 4792 1309 4857 εἰδότες
1346 4793 1504 4862 φύσει
1537 4809 1595 4847 τε
1627 4792 1720 4846 καὶ
1746 4792 1876 4862 ἀλη-

291 4880 401 4944 θῶς
422 4881 718 4951 Δεσπότην,
742 4883 836 4933 καὶ
864 4881 1050 4952 ἕτερον
1072 4885 1160 4934 ἐπ’
1188 4883 1335 4953 αὐτῷ
1363 4881 1640 4945 παντελῶς
1660 4881 1869 4934 οὐδένα.

292 4972 462 5025 Τοῦτο
485 4972 581 5025 καὶ
606 4974 635 5025 ὁ
661 4972 752 5026 διὰ
772 4974 1022 5037 Μωσέως
1045 4973 1377 5045 προστέταχε
1407 4976 1569 5046 νόμος
1587 4993 1601 5006 ·
1638 4973 1872 5044 «Κύριον

290 5062 419 5133 γὰρ,
458 5062 614 5132 φησι,
648 5063 739 5117 τὸν
794 5064 926 5119 Θεόν
989 5081 1083 5117 σου
1118 5068 1543 5138 προσκυνήσεις,
1588 5067 1683 5119 καὶ
1721 5064 1869 5135 αὺτῷ

294 5158 440 5230 μόνῳ
467 5159 808 5230 λατρεύσεις,
842 5160 935 5212 καὶ
968 5159 1046 5228 τῷ
1064 5160 1289 5230 ὀνόματι
1328 5159 1492 5213 αὐτοῦ
1523 5161 1662 5229 ὁμῇ·
1695 5177 1713 5208 ι
1751 5155 1869 5211 εἶτα

289 5267 476 5321 φησιν,
499 5252 582 5304 ὅτι
614 5269 633 5302 ι
666 5252 1046 5321 Ἐπιλήσονται
1075 5250 1173 5321 τὴν
1197 5250 1375 5319 θλίψιν
1395 5250 1576 5304 αὐτῶν
1600 5249 1695 5321 τὴν
1720 5248 1870 5319 πρώ-

286 5359 406 5414 την,
437 5343 532 5395 καὶ⁹
571 5344 671 5396 οὐκ
716 5343 1048 5414 ἀναϐήσεται
1081 5343 1262 5396 αὐτῶν
1290 5344 1384 5396 ἐπὶ
1416 5342 1516 5413 τὴν
1563 5340 1810 5412 καρδίαν·
1844 5360 1864 5391 ι

288 5435 382 5488 καὶ
411 5433 586 5503 θλίψιν
620 5434 794 5488 ἔοικεν
828 5437 886 5487 ὲν
927 5434 1140 5497 τούτοις
1175 5433 1488 5505 ὀνομάζειν,
1529 5432 1598 5503 ἦν
1634 5433 1869 5502 ὑπέστη-

286 5541 386 5577 σαν
415 5524 736 5595 μοχθηρίαν,
761 5528 849 5579 ὅτε
869 5525 1001 5579 Θεὸν
1023 5526 1124 5578 οὐκ
1146 5525 1347 5588 εἰδότες
1371 5523 1465 5577 τὸν
1499 5522 1772 5593 ἀληθινὸν,
1801 5525 1865 5592 τῇ

282 5618 392 5669 τῶν
424 5617 716 5686 δαιμονίων
750 5619 1034 5689 σκαιότητι
1074 5617 1479 5672 δεδουλεύκασι.
1518 5616 1867 5686 Προσέταττε

358 5787 398 5815 ⁶¹
444 5794 583 5850 Osee
627 5810 686 5857 tt,
713 5797 802 5850 '24.
885 5798 929 5827 ⁸³
968 5798 1118 5853 Dent.
1148 5813 1220 5858 VI,
1256 5800 1340 5851 l5.
1421 5798 1465 5829 δι
1498 5795 1635 5850 Psal.
1685 5810 1774 5858 cv,
1817 5792 1905 5845 '57.

619 5895 889 5957 Ρηιιοι.
930 5897 1045 5957 Gtt.
1085 5896 1272 5958 LXX.
1754 5916 1813 5942 κ’

1977 4614 2032 4656 et
2055 4618 2179 4659 vere
2213 4605 2496 4662 Dominum
2545 4624 2687 4676 esse,
2717 4625 2769 4668 et
2812 4629 3010 4683 praeter
3058 4617 3230 4688 ipsum
3280 4625 3549 4679 neminem

1977 4694 2162 4748 alium.
2194 4695 2310 4752 Hoc
2340 4700 2503 4753 etiam
2537 4699 2770 4758 Mosaica
2800 4708 3051 4776 praecepit
3079 4710 3183 4765 lex.
3223 4729 3242 4764 t
3270 4703 3550 4768 Dominum

1977 4786 2146 4851 enim,
2191 4788 2387 4858 inquit,
2444 4790 2613 4846 Deum
2664 4803 2812 4848 tuum
2872 4799 3143 4866 adorabis,
3211 4811 3266 4856 et
3303 4818 3426 4858 eum
3461 4819 3552 4858 so-

1981 4874 2091 4929 lum
2116 4879 2281 4946 coles,
2299 4881 2424 4936 etin
2456 4885 2671 4939 nomine
2710 4885 3116 4957 ejusiurabis”.
3144 4912 3163 4946 ι
3186 4894 3279 4950 Ait
3301 4897 3495 4952 deinde
3534 4915 3547 4950 :

1985 4987 2003 5019 ι
2026 4970 2422 5028 Oblivisceutur
2455 4975 2760 5033 alﬂictionis
2797 4979 3017 5049 prioris,
3042 4990 3097 5038 et
3132 5000 3240 5040 non
3271 4987 3449 5044 veniet
3483 4988 3550 5042 il-

1976 5060 2043 5115 lis
2078 5062 2129 5115 in
2161 5063 2423 5118 animum.
2456 5084 2476 5117 ι
2516 5066 2871 5126 Afﬂictionent
2899 5071 3219 5131 videturille
3247 5079 3548 5142 nominare.

1974 5165 2110 5220 quas
2129 5152 2274 5221 passi
2300 5165 2420 5207 sunt
2445 5170 2736 5223 erumnas,
2767 5175 2887 5213 cum
2919 5160 3086 5214 Deum
3118 5164 3424 5219 nescientes
3459 5182 3552 5220 ve-

1977 5256 2117 5306 runt,
2135 5242 2521 5298 daemoniorum
2554 5248 2893 5314 perversitati
2922 5254 3246 5307 servierunt.
3272 5251 3548 5310 Jubeban~

1980 5342 2067 5386 tur
2092 5335 2291 5389 etenim
2323 5337 2636 5393 sacrilicare
2661 5340 2786 5409 illis,
2806 5358 2910 5398 non
2944 5345 3101 5399 modo
3128 5359 3257 5401 oves
3285 5357 3340 5403 et
3362 5350 3548 5413 boves,

1977 5426 2068 5478 sed
2103 5426 2267 5479 etiam
2317 5425 2463 5482 fetus
2488 5432 2625 5484 uteri
2657 5432 2760 5497 sui,
2790 5435 3242 5501 quemadmodum
3286 5438 3548 5507 scriptum

1976 5526 2095 5570 est:
2134 5516 2560 5574 «Sacriticarunt
2597 5522 2760 5592 igitur
2788 5526 3006 5593 quidam
3033 5526 3171 5579 ﬁlios
3197 5535 3252 5580 et
3283 5525 3420 5583 tilias
3443 5528 3543 5583 “.t

1981 5608 2279 5664 Tribulatio
2322 5611 2430 5667 alio
2464 5613 2619 5667 modo
2656 5612 2929 5685 fuit,qttod
2956 5618 3381 5674 innumerabiles
3412 5619 3548 5674 Deos

3149 5889 3224 5945 45
