4134 6302
613 367 752 423 Ηίθ

1638 361 1697 414 S.
1737 355 2012 411 CYRELLI
2054 349 2522 409 ALEXANDle
2562 348 2882 404 ARCHIEP.

3738 345 3900 398 1120

614 479 794 536 colere
817 487 870 534 et
900 478 1123 532 adorare
1149 481 1467 541 cogerentur
1495 473 1706 542 ignotos
1730 472 1868 526 illos.
1901 470 2183 525 Probabile

2300 466 2400 536 ξγρ.
2435 461 2883 535 προσετάττοντο]
2919 460 3027 531 γὰρ
3068 459 3360 514 καταθύειν
3394 459 3606 524 αὐτοῖς,
3629 459 3759 531 οὐχὶ
3791 461 3899 531 δή·

617 581 796 628 autem
822 578 905 626 est
929 567 1248 637 quibusdam
1273 564 1499 618 insidias
1519 573 1758 618 structas
1784 579 1925 627 esse,
1943 573 2089 616 certe
2115 562 2186 615 ita

615 664 820 720 sentire
847 675 950 714 non
977 668 1061 712 est
1089 657 1478 727 improbabile:
1509 657 1635 725 quia
1659 671 1781 709 cum
1810 655 1913 710 illis
1941 654 2189 708 fortiores

613 762 796 808 essent
823 749 1144 805 exsecrandi
1199 756 1256 802 et
1331 747 1662 816 sanguinarii
1695 747 1982 813 alaatnones,
2025 747 2188 799 etiam

613 843 920 912 opprimere
960 848 1279 910 potuerunt,
1307 853 1433 893 cum
1487 854 1516 892 a
1555 839 1665 894 Deo
1699 855 1804 894 non
1842 849 2189 908 protegeren-

616 949 722 989 tur.
773 953 790 984 ι
816 933 1004 1002 Hujus,
1037 931 1231 1000 inquit,
1275 930 1582 986 alllictionis
1631 946 1742 985 sua:
1778 931 2185 984 obliviscentur.

616 1028 734 1081 Erit
762 1027 905 1080 enim
948 1024 1141 1076 coelum
1173 1037 1369 1076 novum
1415 1030 1470 1076 et
1519 1031 1664 1075 terra
1697 1038 1855 1076 nova.
1881 1040 1902 1074 ι
1943 1021 2068 1087 Qui,
2096 1028 2192 1076 aut

616 1117 886 1187 quomodo
905 1115 927 1168 ?
943 1114 1102 1184 901
1128 1112 1392 1166 Putabant
1407 1113 1549 1166 enim
1567 1113 1693 1166 olim
1712 1114 1839 1167 deos
1855 1127 1975 1167 esse
1992 1122 2189 1165 terram

612 1219 668 1263 et
691 1209 922 1263 coelum;
961 1214 1018 1259 at
1059 1207 1176 1258 luce
1223 1204 1406 1257 divina
1439 1205 1492 1256 in
1529 1205 1768 1257 animum
1807 1203 2065 1268 admissa,
2093 1217 2191 1271 per

613 1301 858 1355 omnium
879 1306 1126 1352 nostrum
1153 1295 1502 1350 Servatorem
1529 1296 1825 1358 Christum,
1852 1310 2018 1348 novas
2034 1296 2190 1363 quasi

617 1389 916 1444 sententias
947 1402 1011 1440 ac
1041 1387 1292 1444 notiones
1330 1385 1381 1439 in
1415 1399 1474 1438 se
1498 1385 1790 1439 habebunt.
1825 1384 2009 1438 Scient
2043 1400 2192 1436 nam-

617 1495 722 1548 que
750 1494 854 1532 non
888 1493 1012 1532 esse
1043 1477 1193 1543 deos,
1233 1478 1327 1531 sed
1356 1477 1595 1531 omnium
1629 1475 1855 1529 artiﬁcis
1877 1485 1930 1528 et
1963 1475 2192 1529 fabrica-

620 1570 753 1624 toris
805 1569 1078 1638 ﬁgtitenta.
1110 1568 1242 1622 «Sic
1286 1578 1502 1630 autem,
1544 1568 1748 1634 inquit,
1829 1567 2009 1620 animo
2056 1565 2189 1620 alle-

618 1663 714 1724 cti,
764 1675 868 1714 non
924 1659 1059 1712 ultra
1121 1659 1546 1712 recordabuntur
1584 1660 1844 1727 priorum.
1871 1677 1888 1710 ι
1921 1658 2192 1728 Ahjicieut

611 1752 763 1804 enim
794 1749 953 1804 simul
997 1766 1118 1804 cum
1159 1751 1463 1818 graecismo,
1504 1750 1664 1802 etiam
1713 1765 1847 1817 quas
1889 1751 2193 1805 habuerunt

2292 575 2394 610 που
2430 559 2589 628 μόνον
2626 554 2876 625 πρόϐατά
2932 570 2991 606 τε
3030 553 3125 606 καὶ
3171 551 3320 622 βοῦς,
3352 550 3488 604 ἀλλά
3517 551 3630 622 γὰρ
3674 553 3776 605 καὶ
3821 555 3900 605 τὰ

2291 648 2487 716 ἔκγονα
2517 648 2614 716 τῆς
2643 645 2848 706 κοιλίας
2871 643 3072 708 αὐτῶν,
3104 642 3252 696 καθά
3278 643 3598 712 γέγραπται
3617 657 3630 670 ’
3658 661 3679 694 ι
3711 641 3898 696 Τεθύι

2291 755 2418 790 κασι
2455 736 2585 804 γοῦν
2619 751 2760 797 τινες
2784 733 2934 796 υἱούς
2968 750 3029 786 τε
3065 733 3158 785 καὶ
3188 731 3523 801 θυγατέρας.
3546 750 3564 782 ι
3591 731 3897 803 Μοχθηρία

2289 827 2346 880 δὲ
2395 827 2492 879 καὶ
2536 826 2740 896 ἑτέρως
2766 821 2856 894 ἦν,
2899 825 2961 878 τὸ
3004 823 3397 894 ἀναριθμήτοις
3428 822 3572 876 οὕτω
3599 823 3893 896 λατρεύειν

2292 918 2453 982 θεοῖς,
2489 919 2582 970 καὶ
2611 916 2936 986 θεραπεύειν
2962 914 3284 984 ἐπείγεσθαι
3312 915 3441 978 τοὺς
3485 915 3567 985 μὴ
3603 917 3893 986 ἐγνωσμέ-

2292 1027 2414 1073 νους
2436 1026 2447 1038 °
2479 1009 2626 1073 εἰκὸς
2656 1009 2714 1062 δὲ
2741 1007 2921 1070 τοῦτο,
2946 1007 3044 1060 καὶ
3075 1005 3526 1060 ἐπιϐουλεύεσθαί
3552 1024 3709 1070 τινας
3735 1008 3894 1079 παρά

2289 1101 2398 1153 τῶν
2433 1099 2795 1171 ἠμελημένων
2815 1114 2829 1127 ·
2870 1099 2930 1150 τὸ
2952 1097 3178 1160 ἀπεικὸς
3209 1099 3318 1168 γὰρ
3352 1097 3504 1150 οὐδὲν
3534 1099 3764 1160 ἐννοεῖν,
3801 1099 3888 1152 ὃτι

2292 1191 2620 1264 κρατοῦντες
2671 1189 2851 1243 αὐτῶν
2881 1191 2929 1242 οἱ
2975 1188 3223 1259 βδελυροὶ
3257 1189 3353 1242 καὶ
3391 1189 3658 1259 μιαιφόνοι
3687 1190 3894 1260 δαίμο-

2291 1300 2400 1345 νες,
2445 1282 2538 1335 καὶ
2580 1282 2786 1336 ἀδικεῖν
2821 1280 3097 1346 ἐδύναντο,
3136 1279 3348 1350 σκέπην
3387 1282 3488 1334 ούκ
3519 1280 3746 1351 ἐχοντας·
3783 1286 3895 1352 τὴν

2293 1373 2444 1444 παρά
2468 1371 2624 1425 θεοῦ.
2664 1391 2682 1422 ι
2709 1371 2945 1442 Ταύτην,
2982 1371 3150 1441 φησὶ,
3182 1371 3281 1440 τὴν
3313 1372 3520 1423 ἑαυτῶν
3556 1371 3737 1440 θλίψιν
3766 1373 3897 1424 ἐπι⁸

2291 1465 2565 1535 λήσονται.
2623 1465 2813 1516 Ἔσται
2863 1463 2972 1533 γὰρ
3016 1465 3044 1515 ὁ
3072 1463 3303 1533 οὐρανὸς
3356 1463 3562 1527 καινὸς,
3605 1465 3700 1516 καὶ
3751 1466 3786 1533 ἡ
3821 1466 3893 1533 γῆ

2294 1558 2475 1628 καινή.
2501 1576 2519 1607 ›
2556 1555 2701 1618 Πῶς,
2729 1555 2761 1626 ἢ
2796 1554 2920 1609 τίνα
2947 1554 3186 1625 τρόπον;
3220 1553 3401 1608 Πάλαι
3431 1555 3530 1624 μὲν
3561 1555 3676 1624 γὰρ
3704 1556 3894 1624 ἐνόμι-

2293 1650 2405 1716 ζον,
2439 1651 2593 1713 θεοὺς
2634 1645 2777 1702 εἶναι
2803 1647 2907 1717 γῆν
2937 1664 2996 1698 τε
3022 1647 3115 1700 καὶ
3141 1647 3202 1699 οὺ
3214 1647 3393 1715 ριινόν⁵
3426 1646 3540 1714 φῶς
3568 1646 3628 1698 δὲ
3650 1646 3712 1698 τὺ
3747 1647 3890 1698 Οεῐον

2293 1743 2550 1806 λαϐόντες
2603 1745 2680 1804 είς
2731 1740 2853 1794 νοῦν
2892 1741 2980 1794 διὰ
3021 1740 3114 1793 τοῦ
3162 1741 3379 1794 πάντων
3431 1739 3591 1808 ήμῶν
3636 1740 3890 1810 Σωτῆρος

617 1839 922 1906 opiniones,
952 1838 1016 1890 de
1044 1837 1171 1906 ipsis
1195 1837 1571 1901 clementis,et
1606 1839 1688 1892 his
1723 1838 1813 1906 qui
1846 1839 2192 1906 deceperunt,

2300 1834 2559 1905 Χριστοῦ,
2592 1833 2784 1896 καινὰς
2831 1832 3020 1902 ῶσπερ
3052 1832 3260 1894 ἐννοίας
3292 1830 3505 1894 ἕξουσιν
3545 1830 3634 1884 ἐπ’
3677 1831 3889 1893 αὐτοῖς.

619 1933 731 1985 sive
745 1930 1022 1983 damoniis
1037 1931 1148 1983 sive
1180 1929 1601 1997 hominibus,qui
1616 1930 1786 1982 errori
1804 1939 2201 1984 consenserunt

620 2033 670 2073 ct
712 2022 887 2089 lingua
925 2035 1018 2072 sua
1055 2021 1373 2088 patrocinati
1417 2029 1561 2072 sunt.
1611 2019 1714 2073 Pro
1756 2019 2064 2085 afﬂictione,
2115 2023 2199 2074 in-

617 2112 1017 2180 quit,antiqna,
1047 2112 1284 2164 laetitiam
1321 2121 1376 2164 et
1400 2113 1809 2166 exsultationem
1848 2112 2122 2166 invenient
2146 2111 2198 2165 in

620 2217 701 2253 ea.
744 2200 800 2254 In
817 2201 943 2269 qua?
957 2200 1389 2267 Certe,inquit,in
1411 2201 1644 2254 Ecclesia
1657 2200 1876 2254 Christi.
1898 2199 2197 2254 Notandum

621 2304 704 2347 est
738 2295 1070 2356 necessario,
1095 2293 1352 2359 quosdam
1394 2293 1719 2360 interpretes
1750 2293 1863 2345 haec
1888 2291 2090 2346 referre
2133 2293 2201 2346 ad

624 2397 862 2452 tempora
895 2399 998 2436 non
1025 2383 1420 2446 adventus,sed
1459 2382 1637 2435 futura
1669 2393 1791 2450 post
1823 2382 1924 2436 hoc
1962 2399 2200 2451 praesens

620 2493 813 2532 tevum.
847 2475 985 2530 Fore
1022 2476 1167 2528 enim
1195 2475 1372 2543 justos
1407 2475 1458 2528 in
1491 2475 1672 2528 laetitia
1703 2483 1758 2528 et
1787 2475 2004 2544 gaudio,
2039 2477 2190 2542 dicit,

622 2579 676 2623 ct
707 2569 758 2622 in
813 2569 1086 2636 perpetuis
1141 2567 1369 2629 deliciis,
1421 2567 1792 2634 spiritualibus
1838 2567 2106 2633 videlicet,
2148 2577 2202 2622 et

623 2661 740 2728 ipso
758 2657 861 2710 hoc
893 2657 1106 2726 Opilicio
1141 2665 1344 2710 mutato
1368 2657 1420 2709 in
1444 2658 1870 2714 renovationem.
1891 2658 2033 2712 Dixit
2054 2660 2196 2714 enim

623 2751 840 2819 quidam
867 2764 895 2802 e
917 2748 1121 2802 sanctis
1164 2749 1418 2816 apostolis
1449 2766 1461 2800 :
1497 2765 1515 2798 ι
1553 2747 1740 2801 Veniet
1770 2752 1913 2803 enim
1947 2753 2062 2804 dies
2092 2751 2198 2806 Do-

627 2841 757 2892 mini
785 2849 1040 2908 tanquam
1060 2837 1233 2904 fur,in
1257 2853 1363 2906 quo
1396 2838 1520 2891 coeli
1557 2853 1749 2907 magno
1779 2841 1976 2907 impetu
2019 2848 2200 2896 trans-

625 2930 800 2992 ibunt,
836 2927 1100 2982 elementa
1172 2942 1300 2980 vero
1331 2928 1510 2980 calore
1532 2929 1911 2995 dissolventur,
1939 2941 2080 2985 terra
2107 2948 2202 2986 au-

631 3031 734 3075 tem
764 3028 816 3073 et
847 3035 964 3088 qua:
999 3021 1048 3072 in
1099 3034 1161 3072 ea
1193 3028 1319 3072 sunt
1347 3017 1768 3089 conﬂagrabuut.
1820 3021 2001 3078 Cmios
2035 3039 2201 3079 novos

628 3121 682 3167 et
712 3127 905 3165 novam
936 3121 1156 3176 terram,
1179 3119 1232 3164 et
1260 3111 1524 3180 promissa
1555 3111 1672 3180 ejus
1705 3114 2194 3182 exspectamus“.»

2302 1924 2553 1978 Είσονται
2570 1925 2672 1993 γὰρ
2686 1924 2766 1974 ὅτι
2785 1924 2834 1974 οἰ
2855 1923 2950 1992 μὲν
2964 1922 3066 1976 οὐκ
3089 1922 3196 1974 είσὶ
3217 1919 3378 1994 [θεοὶ]
3391 1963 3403 1982 ,
3421 1923 3704 1990 ποιήματα
3721 1922 3784 1973 δὲ
3798 1921 3894 1973 τοῦ

2302 2017 2518 2069 πάντων
2573 2013 2818 2084 τεχνίτου
2865 2015 2956 2066 καὶ
2987 2011 3348 2084 δημιουργοῦ.
3379 2023 3397 2056 ι
3425 2010 3581 2064 Οὕτω
3611 2011 3669 2064 δὲ
3706 2011 3892 2064 διατε-

2303 2108 2521 2172 θέντες,
2567 2107 2769 2178 φησὶν,
2829 2106 2929 2158 οὐκ
2971 2104 3050 2160 ἔτι
3115 2107 3486 2176 μεμνήσονται
3538 2104 3646 2156 τῶν
3690 2106 3896 2174 προτέ-

2304 2199 2815 2270 ρων·›ἀποὸαλοῦσι
2848 2198 2956 2268 γὰρ
2977 2197 3116 2266 ὁμοῦ
3177 2196 3258 2267 τῷ
3301 2189 3663 2266 Ἐλληνισμῷ,
3699 2199 3796 2249 καὶ
3827 2199 3893 2259 ἃς

2302 2292 2572 2362 ἐσχήκασι
2618 2289 2777 2354 δόξας
2805 2289 2934 2360 περί
2972 2306 3032 2344 τε
3078 2289 3186 2340 τῶν
3223 2288 3502 2358 στοιχείων
3547 2289 3760 2352 αὐτῶν,
3797 2289 3897 2342 καὶ

2301 2385 2412 2438 τῶν
2438 2385 2610 2438 παλαι
2642 2383 3094 2452 πεπλανηκὸτων,
3117 2383 3151 2452 ἢ
3175 2382 3467 2452 δαιμόνων,
3498 2383 3531 2452 ῆ
3563 2381 3895 2452 ἀνθρώπων,

2301 2476 2350 2528 οἳ
2413 2479 2478 2546 τῇ
2539 2475 2717 2545 πλάνῃ
2765 2475 3067 2545 συνήγορον
3117 2472 3218 2544 τὴν
3271 2474 3480 2527 ἑαυτῶν
3538 2475 3895 2544 παρέστησαν

2301 2565 2574 2634 γλῶσσαν.
2636 2565 2850 2618 Ἀντὶδέ
2884 2567 2981 2635 τῆς
3015 2564 3245 2632 θλίψεως
3299 2566 3399 2633 τῆς
3458 2564 3650 2627 πάλαι,
3702 2566 3892 2632 φησὶν,

2301 2657 2642 2729 εὐφροσύνην
2702 2657 2795 2709 καὶ
2840 2657 3156 2725 ἀγαλλίαμα
3191 2656 3515 2725 εὑρήσουσιν
3571 2643 3630 2707 ἐν
3681 2659 3842 2726 αὐτῇ.

2303 2751 2414 2803 Καὶ
2439 2751 2494 2801 ἐν
2525 2750 2686 2817 αὐτῇ,
2706 2749 2844 2813 τίνι;
2866 2749 2935 2800 Ἣ
2953 2747 3170 2811 πάντως
3205 2749 3449 2818 φήσειεν·
3481 2749 3564 2818 Τῇ
3594 2749 3896 2820 Ἐκκλησία⁵

2301 2839 2560 2911 Χριστοῦ.
2600 2839 3077 2910 Ἑπισημήνασθαι
3126 2839 3182 2892 δέ
3223 2841 3561 2909 ἀναγκαῖον,
3603 2842 3689 2894 ὃτι
3721 2843 3895 2894 ταῦτα

2300 2934 2444 2994 τινες
2471 2932 2578 2985 τῶν
2612 2933 2896 3002 ἐξηγητῶν
2925 2932 3225 2984 ἀνάπτουσι
3271 2935 3384 2994 τοῖς
3415 2935 3655 3003 καιροῖς,
3685 2934 3750 2985 οὺ
3784 2937 3896 2993 τοῖς

2300 3023 2399 3092 τῆς
2425 3023 2719 3094 ἐπιδημίας
2761 3021 2982 3092 μᾶλλον,
3012 3021 3151 3074 ἀλλὰ
3178 3025 3290 3085 τοῖς
3330 3022 3612 3092 ἐσομένοις
3641 3025 3784 3093 μετά
3805 3025 3895 3076 τὸν

2304 3114 2476 3166 αἰῶνα
2506 3114 2594 3166 τὸν
2629 3114 2960 3184 ἐνεστηκότα
2981 3131 2993 3144 ·
3027 3112 3247 3166 ἔσεσθαι
3269 3113 3380 3184 γὰρ
3410 3115 3537 3176 τοὺς
3566 3115 3815 3178 δικαίους
3839 3116 3895 3167 ἐν

628 3204 881 3258 Liberum
912 3219 1040 3272 ergo
1072 3213 1124 3255 et
1167 3203 1374 3255 licitum
1407 3211 1488 3256 est
1533 3205 1789 3271 cordatis,
1817 3221 1977 3274 quam
2035 3207 2196 3263 velint

2307 3205 2614 3278 εὐφροσύνῃ
2643 3206 2736 3260 καὶ
2769 3175 2913 3278 χαρᾷ
2943 3222 3105 3274 φησι,
3140 3207 3237 3258 καὶ
3264 3175 3322 3258 ἐν
3349 3175 3734 3275 ἀτελευτήτοις
3767 3175 3899 3278 τρυ-

629 3297 1155 3365 intcrpretationem,
1194 3294 1334 3347 hanc
1364 3293 1446 3346 vel
1482 3294 1623 3347 illam
1663 3297 1886 3366 eligere.
1927 3299 2204 3367 Abjieien-

631 3389 756 3440 ilum
782 3390 925 3441 enim
952 3399 1034 3440 cst
1063 3387 1208 3438 nullo
1242 3386 1422 3448 modo,
1455 3387 1597 3454 quod
1625 3389 1860 3456 prodest.

2310 3302 2459 3366 φαῖς,
2496 3301 2895 3369 πνευματικαῖς
2912 3298 3176 3367 δηλονότι,
3206 3299 3301 3351 καὶ
3332 3299 3502 3370 αὐτῆς
3531 3299 3628 3368 τῆς
3663 3299 3895 3362 κτίσεως

2316 3389 2728 3461 μεταϐαλούσης
2758 3390 2837 3452 είς
2887 3381 3470 3459 ἀνακαινισμόν.”Ε;ρη
3500 3390 3604 3459 γάρ
3651 3405 3736 3450 τις
3777 3388 3895 3440 τῶν

627 3476 796 3545 ἁγίων
843 3476 1154 3527 ἀποστόλων
1180 3490 1194 3504 ·
1227 3494 1245 3524 ι
1278 3475 1435 3540 ’Ἥξει
1475 3476 1582 3545 γὰρ
1631 3477 1812 3547 ἡμέρα
1859 3478 2089 3547 Κυρίου,
2123 3479 2198 3542 ὡς
2239 3479 2502 3550 κλέπτης,
2570 3482 2629 3532 ἐν
2659 3475 2692 3550 ᾖ
2719 3479 2940 3550 οὐρανοὶ
2979 3479 3080 3549 μὲν
3126 3479 3371 3550 ῥοιζηδὸν
3439 3478 3896 3548 παρελεύσονται,

630 3569 866 3635 στοιχεῖα
901 3567 956 3618 δὲ
994 3564 1340 3633 καυσούμενα
1369 3565 1676 3634 λυθήσεται.
1707 3569 1785 3636 Γῆ
1831 3569 1887 3620 δὲ
1952 3569 2047 3622 καὶ
2075 3570 2144 3622 τά
2211 3573 2268 3624 ἐν
2306 3572 2444 3641 αὐτῇ
2498 3573 2673 3625 πάντα
2715 3572 3071 3642 καυθήσεται,
3120 3573 3337 3634 καινοὺς
3367 3571 3420 3622 δὲ
3457 3571 3750 3639 οὐρανοὺς,
3797 3573 3899 3624 καὶ

627 3657 821 3724 καινὴν
854 3655 978 3724 γῆν,
1025 3654 1121 3705 καὶ
1186 3653 1253 3706 τὰ
1287 3655 1677 3724 ἐπαγγέλματα
1735 3657 1899 3710 αὐτοῦ
1944 3661 2354 3733 προσδοκῶμεν.
2387 3682 2406 3714 ι
2443 3663 2676 3726 Ἐξέστω
2741 3663 2807 3733 δὴ
2853 3659 2945 3717 οὖν
2975 3666 3088 3726 τοῖς
3159 3663 3412 3733 ἐχέφροσι
3450 3660 3510 3714 τὸ
3543 3661 3738 3714 δοκοῦν
3773 3663 3898 3715 ἑλέ-

632 3746 754 3798 σΟαι
791 3743 898 3796 τῶν
927 3742 1319 3812 θεωρημάτων,
1358 3743 1558 3813 μᾶλλον
1590 3745 1646 3798 δὲ
1698 3747 1855 3802 τοῦτό
1883 3766 1942 3803 τε
2017 3752 2260 3808 κάκεῖνο.
2315 3755 2646 3826 Ἀπόὸλητον
2691 3754 2802 3826 γὰρ
2849 3755 2970 3810 κατ’
3020 3755 3210 3810 οὐδένα
3263 3756 3461 3826 τρόπον
3515 3755 3581 3809 τὸ
3639 3762 3897 3821 πεφυκὸς

625 3838 878 3909 ὠφελεῖν.

708 3933 869 3985 Vsus.
902 3931 984 3994 l9,
1027 3930 1116 3984 ΞΟ.
1161 3929 1305 3994 Quia
1334 3947 1447 3984 ecce
1474 3948 1566 4002 ego
1601 3933 1743 4002 facio
1787 3934 2080 3998 Jerusalem
2113 3956 2204 3994 ea:-

628 4025 987 4086 sultationem,
1019 4031 1066 4075 et
1097 4022 1345 4092 populum
1376 4039 1544 4076 meum
1577 4025 1836 4092 lwtiliam,
1861 4039 1903 4081 et
1932 4030 2204 4087 exsultabo

629 4132 786 4185 super
817 4113 1136 4177 Jerusalem,
1171 4124 1216 4166 et
1253 4115 1476 4168 letabor
1500 4133 1655 4185 super
1680 4120 1873 4186 papula
1919 4137 2053 4175 meo.
2094 4120 2206 4177 Nec

629 4208 771 4260 ultra
797 4205 1044 4258 audietur
1069 4206 1122 4257 in
1153 4222 1211 4257 ea
1244 4222 1344 4259 vox
1365 4207 1631 4274 clamoris,
1666 4225 1827 4279 neque
1857 4211 1944 4277 ﬁet
1971 4211 2081 4265 illic
2106 4214 2204 4267 im-

628 4308 889 4359 maturus,
921 4307 964 4348 et
1022 4310 1197 4354 senex,
1227 4295 1316 4364 qui
1362 4312 1466 4347 non
1519 4297 1728 4365 impleat
1775 4309 1974 4368 terupus
2025 4319 2198 4359 suum.

630 4383 750 4436 Erit
778 4385 915 4436 enim
959 4383 1259 4436 adolescens
1304 4394 1507 4438 centum
1565 4403 1938 4443 auuorum:at
1978 4399 2200 4448 moriens

611 4484 868 4544 .peccator
893 4486 1095 4528 centum
1131 4493 1410 4543 annorum,
1447 4479 1604 4532 etiam
1645 4483 1981 4538 exsecrabilis
2006 4489 2123 4540 erit.

689 4738 969 4794 Profunda
1000 4738 1112 4794 haec
1143 4741 1528 4807 consideratio,
1556 4755 1610 4799 et
1630 4748 1862 4805 obscura
1905 4753 2198 4814 admodum

625 4839 710 4886 est
749 4830 1038 4901 propositae
1062 4832 1215 4887 nobis
1247 4835 1544 4904 prophetia:
1578 4853 1748 4897 mens.
1781 4841 2001 4910 Verum,
2023 4858 2079 4900 ut
2108 4863 2202 4917 po-

632 4932 770 4985 tero,
805 4923 1038 4976 conabor
1075 4923 1364 4992 explicare.
1393 4924 1690 4984 Jerusalem
1732 4933 1914 5003 igitur,
1957 4948 2016 4992 ut
2051 4939 2200 4994 vide-

627 5021 736 5078 tur,
769 5011 858 5065 hic
911 5011 1060 5076 dicit,
1094 5027 1199 5065 non
1249 5015 1527 5083 antiquam
1572 5018 1740 5087 illam,
1783 5024 1875 5078 sed
1920 5028 2098 5094 potius
2136 5045 2198 5084 ex

626 5101 826 5156 Judaeis
856 5111 908 5154 et
943 5104 1190 5172 gentibus
1226 5104 1545 5164 Ecclesiam.
1595 5111 1730 5168 lluic
1785 5119 2200 5177 exsultationem

627 5207 680 5249 et
711 5195 952 5249 lzetitiam
976 5207 1318 5251 ostensurum
1348 5213 1406 5253 se
1432 5202 1746 5274 pollicetur;
1774 5214 2084 5279 etquidem
2113 5231 2204 5270 ve-

628 5308 745 5345 rum
782 5302 884 5357 est,
921 5303 979 5346 ut
1015 5296 1346 5364 experientia
1390 5308 1638 5354 testatur.
1672 5302 1813 5358 Nihil
1851 5308 1996 5361 enim
2048 5312 2203 5365 tetri-

625 5399 746 5437 cum
785 5384 835 5438 in
863 5383 1099 5440 Ecclesia
1127 5385 1366 5454 Christi;
1393 5389 1556 5460 902
1576 5393 1724 5448 dives
1750 5406 1833 5450 est
1874 5413 1969 5467 spe
2006 5404 2203 5472 sempi-

628 5485 794 5561 terna:
820 5479 1028 5542 vitae,et
1059 5480 1310 5546 perennis
1324 5481 1510 5550 gloria:
1535 5501 1549 5538 :
1576 5488 1800 5542 multum
1832 5489 1992 5544 habet
2017 5493 2200 5561 splen-

627 5560 773 5613 doris
808 5565 970 5617 etiam
1003 5565 1055 5617 in
1089 5568 1188 5620 hoc
1222 5570 1438 5625 mundo.
1463 5570 1557 5628 Vel
1589 5576 1748 5631 etiam
1785 5579 1963 5634 aliter.
1999 5560 2194 5637 Essul-

701 5728 808 5792 ’⁵³11
853 5739 995 5796 Petr.
1038 5760 1119 5812 ιιι,
1157 5748 1320 5802 lO-M

2377 3937 2507 3990 Ὅτι
2528 3936 2655 3990 ἰδοὺ
2675 3935 2790 4005 ἐγὼ
2814 3936 2962 3991 ποιῶ
2983 3937 3383 4009 Ἰερουσαλὴμ
3410 3941 3775 4011 tif-Minya,
3793 3947 3888 3998 καὶ

2305 4029 2413 4083 τὸν
2439 4030 2594 4083 λαόν
2619 4046 2739 4098 μου
2768 4030 3178 4099 εὐφροσύνην,
3204 4033 3304 4085 καὶ
3329 4033 3776 4102 ἀγαλλιάσομαι
3793 4035 3887 4088 ἐπὶ

2319 4122 2716 4192 Ἰερουσαλὴμ
2740 4161 2755 4186 ,
2800 4124 2898 4177 καί
2950 4123 3448 4193 εὐφρανθήσομαι
3491 4127 3594 4178 ἐπὶ
3642 4126 3726 4192 τῷ
3765 4128 3887 4192 λαῷ

2303 4235 2444 4285 μου.
2493 4215 2599 4270 Καὶ
2642 4214 2844 4270 οὐκέτι
2886 4218 2956 4270 οὐ
2992 4215 3080 4286 μὴ
3109 4217 3387 4286 ἀκουσθῇ
3419 4220 3491 4271 ὲν
3533 4219 3690 4288 αὐτῇ
3723 4221 3885 4289 φανὴ

2307 4307 2594 4378 κραυγῆς,
2627 4307 2726 4361 καὶ
2757 4310 2828 4361 οὐ
2852 4308 2938 4377 μὴ
2969 4309 3215 4377 γένηται
3237 4310 3365 4364 ἐκεῖ
3385 4312 3597 4380 ἄωρος,
3629 4315 3726 4366 καὶ
3759 4331 3886 4380 πρε-

2307 4401 2568 4466 σὸὐτης,
2617 4399 2685 4465 ὃς
2735 4402 2847 4453 οὐκ
2903 4401 3205 4470 ἐμπλήσει
3253 4403 3361 4456 τὸν
3406 4407 3636 4472 χρόνον
3683 4405 3883 4459 αὑτοῦ.

2231 4497 2275 4551 D
2308 4493 2520 4544 Ἔσται
2545 4495 2653 4560 γὰρ
2677 4494 2710 4543 ὀ
2738 4489 2874 4556 νέος
2903 4492 3121 4546 ἑκατὸν
3143 4491 3312 4558 ἐτῶν,
3337 4497 3369 4548 ὀ
3397 4495 3470 4546 δὲ
3493 4496 3888 4560 ἀποθνήσκων

2305 4581 2649 4650 ἁμαρτωλὸς
2677 4582 2892 4636 ἑκατὸν
2915 4583 3085 4649 ἐτῶν,
3109 4587 3205 4639 καὶ
3237 4586 3671 4656 ὲπιιατάρατος
3699 4587 3883 4645 ἔσται.

2379 4760 2526 4814 Βαθὺ
2558 4762 2618 4814 τὸ
2652 4761 2940 4834 θεώρημα,
2977 4767 3071 4818 καὶ
3101 4767 3434 4840 ἀσυμφανὴς
3462 4769 3604 4838 ἄγαν
3634 4771 3737 4839 τῆς
3761 4789 3886 4843 προ-

2311 4851 2570 4920 κειμένης
2598 4854 2730 4922 ήμῖν
2762 4857 3099 4926 προφητείας
3124 4860 3154 4910 ὁ
3181 4859 3324 4922 νοῦς.
3359 4860 3530 4931 Πλὴν,
3582 4863 3661 4925 ὡς
3689 4864 3787 4927 ενι,
3823 4864 3889 4915 διο

2308 4947 2481 4998 ειπεῖν
2511 4946 2871 5016 πειράσομαι.
2900 4948 3258 5020 Ἰερουσαλήμ
3290 4953 3583 5023 τοιγαροῦν
3606 4955 3889 5024 ὀνομάζειν

2310 5036 2488 5090 ἔοικεν
2515 5039 2574 5090 ἐν
2594 5038 2830 5103 τούτοις,
2853 5040 2914 5092 οὐ
2955 5041 3055 5112 τὴν
3085 5043 3319 5113 ἀρχαίαν
3343 5045 3581 5115 ἐκείνην,
3607 5046 3746 5099 ἀλλά
3769 5050 3893 5116 μᾶ).-

2309 5129 2400 5183 λον
2432 5131 2533 5201 τήν
2564 5148 2622 5184 τε
2657 5131 2716 5197 ἐξ
2744 5133 3012 5186 Ἰουδαίων
3042 5135 3139 5188 καὶ
3171 5135 3338 5190 ἐθνῶν
3362 5137 3723 5207 Ἐκκλησίαν,
3766 5142 3892 5191 ταύ-

2311 5236 2411 5289 την
2458 5220 2770 5291 ἀγαλλίαμα
2805 5222 2899 5275 καὶ
2926 5224 3266 5295 εὐφροσύνην
3301 5225 3605 5291 ἀναδείξειν
3627 5231 3894 5298 ἐπαγγέλ-

2309 5309 2489 5378 λεται,
2537 5314 2630 5365 καὶ
2682 5313 2743 5366 τὸ
2798 5317 3032 5387 πρᾶγμά
3074 5319 3222 5369 ἐστιν
3266 5318 3498 5388 ἀληθὲς,
3540 5320 3617 5382 ὡς
3659 5322 3774 5374 ἀπὸ
3803 5322 3896 5390 τῆς

2312 5405 2506 5474 πείρας
2534 5407 2702 5476 αὐτῆς
2731 5407 3207 5478 μαρτυρούμενον·
3252 5412 3495 5480 κατηφὲς
3517 5412 3631 5483 γὰρ
3653 5413 3810 5464 οὐδὲν
3841 5417 3897 5464 ἑν

2322 5498 2618 5570 Ἐκκλησία
2645 5499 2906 5570 Χριστοῦ·
2956 5501 3177 5554 πλουτεῖ
3205 5502 3385 5555 ἐλπίσι
3408 5507 3528 5566 ταῖς
3559 5507 3639 5566 εἰς
3673 5504 3894 5557 ἀτελεύ-

2308 5605 2467 5658 τητον
2523 5589 2666 5651 ζωήν
2712 5591 2808 5643 καὶ
2840 5593 3122 5662 ἀμήρυτον
3171 5592 3362 5658 δόξαψ
3392 5593 3505 5662 ἔχει
3551 5595 3608 5647 δὲ
3656 5595 3792 5646 πολὺ
3841 5594 3896 5647 τὸ
