4112 6292
615 402 639 456 1
651 401 755 458 ‘25

1645 394 1703 448 S.
1740 391 2021 450 CYRILIJ
2061 392 2530 451 ALEXANDRINI
2569 392 2888 453 ARCIilEP.

3749 397 3911 454 ιιαι

617 518 732 579 Dei,
764 513 1042 586 iustificati
1079 510 1246 582 gratis
1275 508 1442 579 ipsius
1475 508 1649 581 gratia
1676 510 1743 562 ".
1774 529 1792 561 ι
1831 510 1982 578 Quod
2009 520 2188 566 autem

2293 512 2638 583 δικαιοσύνην
2667 512 2730 566 οὐ
2760 510 2962 576 λαϐὼν,
2990 510 3146 566 ἔσται
3173 510 3268 566 καὶ
3299 511 3737 584 ἔπικατάρατος,
3768 514 3906 569 ἀντὶ

602 625 679 664 .cx
710 607 823 677 lege
855 604 1107 675 perfectis
1133 611 1186 657 et
1210 601 1620 666 consummatis,
1651 601 1854 658 Christi
1885 604 2057 673 gratia
2084 618 2189 659 non

2293 603 2409 669 τοῦ,
2447 605 2540 659 καὶ
2560 606 2682 666 ταῖς
2713 601 2810 656 τοῦ
2837 602 3005 673 νόμου
3035 602 3414 674 παραδείσεσιν
3439 604 3629 674 ἔνοχος
3648 605 3905 676 εὑρεθή-

615 698 890 769 adjuncta,
933 696 1123 753 inutile
1151 696 1221 750 sit
1256 695 1387 750 illud
1410 694 1676 761 studium,
1702 696 2063 765 pulcherrime
2094 695 2189 749 de-

614 800 881 848 monstrat
918 788 1354 860 sapientissimus
1406 786 1624 852 Paulus,
1680 788 2002 857 quibusdam
2051 786 2189 842 scri-

612 882 770 951 bens,
797 898 856 938 se
882 896 981 952 pro
1022 880 1358 936 stercoribus
1382 879 1637 934 habuisse
1665 894 1785 948 quae
1833 880 1884 932 in
1918 878 2036 949 lege
2065 874 2192 932 sunt

612 976 817 1041 omnia,
848 984 907 1030 ut
946 974 1222 1031 Christum
1254 972 1517 1037 lucretur,
1545 981 1598 1027 et
1646 972 1955 1026 inveniatur
1981 971 2033 1025 in
2076 972 2192 1040 ipso

594 1054 717 1122 non
773 1067 981 1122 habens
1030 1080 1182 1120 suam
1230 1063 1521 1134 justitiam,
1551 1064 1654 1116 hoc
1694 1071 1777 1117 est
1818 1062 2066 1133 legalem,
2095 1060 2189 1116 sed

610 1175 731 1230 quae
762 1174 863 1229 per
899 1158 1058 1213 ﬁdem
1111 1164 1195 1211 est
1238 1154 1365 1211 Jesu
1409 1154 1699 1210 Christi".
1773 1152 1989 1209 Iudaeos
2028 1154 2191 1208 etiam

611 1250 887 1307 insimulat
917 1247 1073 1319 quasi
1116 1247 1389 1310 amentiae,
1435 1246 1514 1300 sic
1559 1245 1784 1300 dicens:
1825 1265 1843 1297 ι
1871 1243 2192 1315 lgnorautes

612 1340 756 1395 cnim
809 1338 901 1393 Dei
937 1336 1228 1407 justitiam,
1264 1343 1321 1389 et
1361 1349 1516 1389 suam
1557 1332 1799 1387 volentes
1834 1331 2191 1397 constituere,

605 1430 829 1497 justitize
869 1428 961 1482 Dei
1012 1440 1117 1481 non
1168 1434 1296 1481 sunt
1348 1424 1599 1493 subjecti.
1656 1422 1806 1477 Finis
1858 1423 2003 1477 cnim
2058 1422 2193 1492 legis

611 1519 893 1582 Christus,
929 1517 995 1572 ad
1035 1514 1306 1586 justitiam
1349 1513 1497 1568 omni
1541 1513 1784 1568 credenti
1815 1514 1884 1566 τί.
1916 1530 1935 1564 ι
1985 1512 2195 1567 Rursus

610 1611 787 1665 dixit:
821 1629 839 1661 ι
868 1608 976 1663 Nos
1006 1616 1198 1662 natura
1241 1605 1431 1669 Judmi,
1470 1615 1524 1660 et
1549 1620 1653 1659 non
1693 1621 1759 1661 ex
1786 1605 2039 1675 gentibus
2071 1619 2197 1674 pec-

613 1706 826 1751 calores
859 1712 874 1760 ;
920 1695 1158 1750 scientes
1180 1702 1360 1748 autem
1391 1708 1496 1747 non
1516 1693 1804 1764 justiiicari
1835 1694 2106 1748 hominem
2128 1707 2194 1746 ex

611 1788 866 1857 operibus
913 1786 1069 1854 legis,
1105 1784 1207 1840 nisi
1250 1799 1348 1855 per
1395 1783 1554 1839 tidem
1587 1783 1713 1841 Jesu
1746 1784 1982 1840 Christi:
2010 1793 2068 1838 et
2099 1797 2197 1839 nos

2293 711 2464 747 σεται.
2494 694 2683 758 Οὐδεὶς
2707 692 2815 765 γὰρ
2846 693 3041 762 γέγονε
3067 694 3326 758 τοσοῦτος
3360 697 3419 748 ὲν
3459 696 3771 760 Ἰουδαίοις,
3815 697 3904 761 ὡς

2292 784 2434 838 κατά
2470 785 2676 855 μηδένα
2702 784 2902 855 τρόπον
2922 784 3202 838 διαπεσεῖν
3223 802 3238 817 ο
3266 806 3285 837 ι
3315 788 3527 850 Πάντες
3566 788 3681 858 γάρ
3713 789 3907 860 ἦμαρ-

2291 889 2404 937 τον,
2429 875 2526 927 καὶ
2557 873 2908 943 ὑστεροῦνται
2936 875 3033 945 τῆς
3060 874 3217 944 δόξης
3249 875 3344 928 τοῦ
3375 876 3535 941 Θεοῦ,
3568 877 3904 949 δικαιούμε-

2292 981 2374 1018 νοι
2394 965 2603 1037 δωρεάν
2630 969 2695 1038 τῇ
2724 965 2890 1020 αὐτοῦ
2917 966 3123 1037 χάριτι.
3140 966 3265 1020 Ὀτι
3291 967 3348 1020 δὲ
3370 968 3636 1039 ἀνόνητος
3655 970 3757 1023 καὶ
3782 973 3905 1033 τοίς

2293 1057 2435 1111 κατά
2453 1059 2612 1128 νόμον
2631 1057 3066 1129 τετελειωμένοις
3090 1061 3123 1130 ἡ
3146 1060 3225 1123 εἰς
3242 1058 3398 1113 τοῦτο
3418 1059 3655 1130 σπουδὴ,
3682 1060 3795 1130 τῆς
3808 1060 3904 1115 διὰ

2294 1145 2532 1217 Χριστοῦ
2582 1147 2809 1217 χάριτος
2855 1147 2917 1199 οὐ
2978 1147 3486 1219 προσειλημμένης,
3519 1148 3903 1204 διαδείκνυσιν

2294 1234 2354 1293 εὖ
2383 1240 2527 1309 μάλα
2551 1240 2666 1292 τισὶ
2695 1239 2993 1309 γεγραφὼς
3013 1240 3042 1292 ὁ
3062 1240 3341 1309 πάνσοφος
3369 1240 3604 1304 Παῦλος.
3633 1242 3719 1294 δτι
3756 1243 3902 1295 σκύ-

2296 1332 2435 1385 ϐαλα
2472 1331 2573 1401 μὲν
2603 1332 2850 1403 ἡγήσατο
2893 1332 2963 1385 τά
3001 1334 3059 1386 ὲν
3086 1332 3236 1402 νόμῳ
3267 1333 3470 1396 πάντα,
3517 1334 3604 1387 ἵνα
3644 1334 3905 1405 Χριστδν

2296 1420 2552 1492 κερδάνῃ,
2597 1423 2693 1474 καὶ
2738 1420 2940 1494 εὑρεθῇ
2994 1424 3052 1476 ὲν
3096 1421 3247 1493 αὐτῷ
3283 1423 3357 1493 μὴ
3389 1423 3527 1495 ἔχων
3581 1425 3684 1495 τὴν
3726 1425 3904 1478 αὐτοῦ

2295 1509 2677 1579 δικαιοσύνην,
2712 1511 2990 1573 τουτέστι,
3024 1511 3123 1580 τὴν
3171 1514 3229 1566 ὲν
3261 1514 3431 1584 νόμῳ,
3476 1514 3617 1567 ἀλλά
3653 1517 3763 1586 τὴν
3809 1516 3900 1569 διὰ

2299 1600 2533 1663 πίστεως
2565 1598 2739 1671 Ἰησοῦ
2773 1600 3036 1672 Χριστοῦ.
3079 1603 3351 1674 Γράφεται
3383 1604 3439 1658 δὲ
3474 1602 3672 1678 ὥσπερ
3708 1608 3898 1671 ἀνοίας

2298 1692 2424 1753 τοὺς
2455 1691 2772 1758 Ἰουδαίους,
2809 1691 2953 1746 οὕτω
2983 1692 3177 1760 λέγων·
3225 1712 3243 1745 r
3285 1694 3775 1767 Ἀγνοοῦντεςγάρ
3800 1698 3898 1768 τὴν

2298 1780 2392 1833 τοῦ
2415 1781 2551 1835 Θεοῦ
2571 1782 2939 1853 δικαιοσύνην,
2966 1783 3061 1838 καὶ
3083 1785 3184 1854 τὴν
3213 1785 3343 1839 ἰδίαν
3368 1787 3669 1857 ζητοῦντες
3695 1789 3899 1858 στῆσαι

612 1879 665 1933 in
698 1878 973 1934 Christum
998 1876 1271 1932 credimus
1310 1877 1413 1931 τ’.»
1443 1875 1676 1945 ideoque
1703 1876 1879 1931 dictus
1901 1884 1984 1930 est
2038 1872 2189 1930 Chri-

2300 1876 2365 1943 τῇ
2394 1874 2707 1947 δικαιοσύνῃ
2740 1876 2835 1929 τοῦ
2871 1875 3006 1929 Θεοῦ
3037 1877 3136 1947 οὐχ
3167 1878 3544 1950 ὑπετάγησαν.
3579 1880 3760 1943 Τέλος
3790 1883 3899 1951 γάρ

612 1982 730 2028 stus
768 1968 1097 2034 maledictio,
1128 1976 1187 2022 ut
1230 1982 1258 2021 a
1284 1966 1415 2037 legis
1461 1966 1841 2022 maledictione
1890 1964 2178 2030 eximeret,

609 2064 700 2134 qui
728 2063 775 2118 ei
815 2061 1032 2117 fuerunt
1060 2059 1302 2116 obnoxii.
1338 2057 1612 2127 Scriptum
1643 2066 1727 2113 est
1752 2056 1934 2112 enim:
1978 2074 1997 2107 ι
2027 2055 2195 2110 Male-

2299 1967 2466 2037 νόμου
2490 1968 2729 2037 Χριστὸς
2750 1970 2830 2032 εἰς
2848 1968 3199 2038 δικαιοσύνην
3226 1971 3388 2023 παντὶ
3409 1969 3490 2040 τῷ
3514 1970 3895 2026 πιστεύοντι.»

2303 2056 2449 2125 Ἔφη
2476 2055 2532 2109 δὲ
2564 2055 2758 2111 πάλιν
2800 2075 2820 2110 ι
2852 2058 3042 2129 Ἡμεῖς
3074 2058 3235 2128 φύσει
3275 2060 3539 2126 Ἰουδαῖοι,
3572 2062 3672 2115 καὶ
3704 2063 3813 2116 οὐκ
3840 2062 3901 2129 ἐξ

609 2154 788 2207 dictus
807 2151 984 2205 omnis
1018 2151 1107 2220 qui
1138 2163 1243 2203 non
1270 2158 1449 2204 manet
1480 2149 1531 2201 in
1556 2148 1810 2203 omnibus
1839 2162 1960 2217 qua:
1991 2146 2189 2215 scripta

2299 2145 2470 2200 ὲθνῶν
2516 2148 2863 2217 ἀμαρτωλοί’
2904 2149 3106 2214 εἰδότες
3134 2150 3193 2204 δὲ
3232 2151 3315 2204 ὅτι
3346 2153 3407 2205 οὐ
3441 2152 3765 2207 δικαιοῦται
3806 2155 3903 2208 ἇν-

610 2254 736 2298 sunt
765 2247 819 2297 in
859 2243 976 2311 lege
1002 2241 1126 2295 libri
1169 2240 1354 2311 hujus,
1392 2248 1539 2294 utea
1574 2239 1742 2293 faciat
1768 2239 1835 2292 ⁷³.
1869 2257 1888 2291 s

2300 2237 2520 2309 θρωπος
2550 2239 2608 2305 ἐξ
2635 2239 2813 2310 ἔργων
2850 2241 3037 2311 νόμου,
3071 2243 3166 2295 ἐὰν
3199 2243 3273 2314 μὴ
3301 2242 3394 2296 διά
3433 2245 3676 2309 πίστεως
3720 2245 3901 2317 Ἰησοῦ

607 2336 869 2411 Χριστοῦ,
896 2337 989 2389 καὶ
1025 2338 1189 2407 ἡμεῖς
1212 2335 1293 2398 εἰς
1352 2333 1590 2404 Χριστὸν
1630 2332 2054 2404 ἐπιστεύσαμεν.
2088 2350 2107 2385 ι
2148 2333 2549 2406 Κεχρημάτικε
2606 2333 2662 2387 δὲ
2693 2334 2781 2387 διὰ
2835 2336 2997 2390 τοῦτο
3023 2338 3242 2408 κατάρα
3257 2338 3514 2409 Χριστὸς,
3549 2341 3644 2395 ἵνα
3674 2341 3779 2411 τῆς
3802 2342 3901 2396 τοῦ

607 2432 771 2502 νόμου
800 2429 1045 2499 κατάρας
1097 2426 1347 2496 ἐξέληται
1374 2427 1499 2490 τοὺς
1555 2427 1649 2479 ὑπ’
1718 2426 1855 2497 αὐτῇ
1899 2427 2226 2494 γεγονότας·
2305 2426 2617 2498 γέγραπται
2650 2426 2759 2500 γὰρ
2788 2470 2803 2493 ,
2831 2428 2913 2481 ὅτι
2941 2448 2960 2480 r
3006 2429 3440 2500 Ἐπικατάρατος
3487 2433 3636 2496 πᾶς,
3679 2434 3745 2498 ὃς
3799 2438 3900 2491 οὐκ

608 2525 837 2599 ἐμμένει
875 2525 1009 2576 πᾶσι
1062 2524 1175 2585 τοῖς
1215 2521 1627 2593 γεγραμμένοις
1680 2521 1739 2574 ὲν
1783 2519 1861 2591 τῷ
1898 2518 2048 2590 νόμῳ
2094 2517 2187 2572 τοῦ
2228 2518 2436 2589 βιϐλίου
2465 2520 2680 2586 τούτου,
2707 2522 2803 2576 τοῦ
2830 2523 3054 2594 ποιῆσαι
3084 2523 3243 2579 αὐτά.
3271 2542 3293 2576 s

752 2616 915 2671 Vens.
956 2613 1147 2667 21α24.
1221 2613 1284 2666 Et
1352 2612 1689 2680 a’diﬁcabunl
1752 2612 1955 2677 domos,
2006 2621 2053 2665 et
2097 2611 2199 2679 ipsi

2372 2615 2481 2667 Kal
2506 2613 3019 2685 οἰκοδομήσωσιν
3053 2616 3268 2683 οἰκίας,
3315 2617 3415 2670 καὶ
3446 2618 3629 2672 αὐτοὶ
3659 2620 3897 2687 ἐνοική-

606 2709 1015 2770 inhabitabant;
1054 2704 1365 2773 plautabunt
1431 2705 1631 2770 vineas,
1672 2712 1720 2758 et
1782 2704 1882 2772 ipsi
1928 2703 2189 2756 comedent

2300 2719 2507 2758 σουσι·
2560 2705 2661 2759 καὶ
2713 2708 3280 2775 καταφυτεύσουσιν
3343 2708 3740 2777 ἀμπελῶνας.
3801 2715 3895 2766 καὶ

607 2801 840 2869 fructum
894 2814 1098 2852 earum.
1142 2795 1209 2849 Et
1268 2812 1372 2849 non
1433 2794 1797 2863 a'diﬁrabunt,
1843 2803 1891 2848 et
1952 2793 2046 2847 alii
2112 2793 2195 2846 in-

606 2893 918 2948 habitabant
945 2907 965 2955 ;
1005 2900 1051 2944 et
1110 2906 1212 2943 non
1258 2887 1594 2958 plantabunt,
1644 2897 1694 2940 et
1748 2886 1846 2941 alii
1903 2885 2192 2940 comedent.

596 2984 751 3041 Nam
798 2996 852 3037 ut
914 2984 1023 3037 dies
1071 2980 1201 3051 ligni
1258 2982 1399 3046 vitaz,
1452 2989 1603 3034 erunt
1656 2979 1768 3032 dies
1823 2978 2003 3046 populi
2056 2978 2192 3031 mei:

2298 2798 2468 2851 αὐτοὶ
2504 2796 2793 2867 φάγονται
2844 2799 2954 2852 τὸν
3005 2799 3241 2868 καρπὸν
3267 2798 3486 2854 αὐτῶν.
3525 2802 3644 2855 Καὶ
3694 2806 3773 2858 οὐ
3807 2805 3891 2874 μὴ

2297 2884 2764 2953 οὶκοδομήσωσι,
2788 2887 2888 2941 καὶ
2925 2886 3103 2941 ἄλλοι
3143 2886 3493 2954 οἰκήσουσα
3541 2892 3649 2945 καὶ
3689 2895 3768 2948 οὐ
3809 2895 3893 2963 μὴ

2293 2976 2662 3045 φυτεύσωσι,
2702 2976 2801 3031 καὶ
2840 2976 3020 3032 ἄλλοι
3072 2977 3384 3048 φάγονται.
3428 2982 3600 3037 Κατὰ
3644 2985 3761 3055 γὰρ
3790 2990 3893 3051 τὰς

578 3094 765 3147 .apera
812 3091 1065 3131 manuum
1110 3088 1329 3127 suarum
1402 3072 1797 3125 inveterascent.
1858 3067 2024 3122 Electi
2088 3068 2189 3122 mei

2293 3066 2518 3136 ’ἡμέρας
2548 3068 2655 3123 τοῦ
2686 3068 2879 3133 ξύλου
2928 3068 3038 3138 τῆς
3080 3068 3228 3137 ζωῆς
3280 3072 3533 3127 ἔσονται
3571 3078 3635 3129 al
3681 3078 3892 3146 ἡμέραι

603 3187 713 3226 non
741 3167 1055 3225 laborabunt
1094 3167 1319 3235 frustra,
1345 3178 1507 3230 neque
1570 3161 1710 3230 ﬁlios
1758 3160 2078 3231 generabant
2133 3160 2189 3212 in

2293 3159 2400 3214 τοῦ
2422 3160 2576 3214 λαοῦ
2589 3177 2711 3227 μου
2737 3176 2750 3190 ο
2779 3159 2851 3213 τὰ
2873 3161 3017 3230 ἔργα
3038 3159 3158 3214 τῶν
3177 3163 3381 3216 πόνων
3399 3162 3607 3218 αὐτῶν
3636 3169 3894 3221 audam}-

606 3257 1072 3313 maledictioncm:
1131 3254 1255 3324 quia
1292 3250 1460 3323 θοᾷ
1497 3267 1669 3305 semen
1732 3249 2061 3304 benedictum
2116 3257 2189 3304 est

2293 3264 2537 3304 σουσιν.
2573 3252 2638 3304 Ol
2668 3250 2737 3303 δὲ
2778 3250 3054 3305 ἐκλεκτοί
3082 3269 3197 3319 μου
3233 3255 3306 3307 οὐ
3339 3255 3760 3311 κοιιάσουσιν
3805 3262 3893 3323 εἰς

605 3366 638 3404 a
703 3347 951 3402 Domino.
1005 3344 1217 3413 Etﬁet,
1279 3353 1562 3413 antequam
1623 3341 1849 3396 clament
1912 3341 2032 3410 ipsi,
2097 3357 2189 3409 ego

2293 3340 2493 3405 κενὸν,
2540 3340 2686 3395 οὐδὲ
2727 3341 3283 3409 τεκνοποιήσουσιν
3330 3348 3427 3411 εἰς
3472 3347 3763 3414 κατάραν·
3800 3348 3893 3401 ὅτι

552 3478 555 3483 .
604 3438 887 3492 exaudiam
923 3452 1031 3491 eos.
1072 3436 1258 3491 Adhuc
1286 3431 1611 3504 loquentibus
1641 3431 1781 3495 illis,
1813 3429 1988 3484 dicam
2009 3470 2025 3496 ,
2046 3424 2189 3490 Quid

2293 3429 2532 3499 σπέρμα
2563 3431 2981 3501 solemnes-or
3011 3433 3131 3487 ὑπὸ
3174 3434 3327 3488 Θεοῦ
3357 3435 3511 3490 ἐστι.
3546 3437 3659 3491 Kal
3703 3437 3891 3494 ἔσται

605 3540 677 3581 est
705 3529 729 3580 .’

632 3706 637 3711 ’
677 3702 871 3756 Pacem
905 3699 1010 3755 illis
1056 3714 1177 3770 quae
1207 3712 1313 3754 non
1368 3696 1820 3761 labefactabitur,
1879 3694 2190 3752 misericorc

2293 3518 2437 3585 πρὶν
2464 3519 2749 3587 κεκράξαι
2774 3520 3017 3586 αὐτοὺς,
3048 3520 3165 3591 ἐγὼ
3198 3524 3630 3593 εισακούσομαι
3657 3527 3893 3582 αὐτῶν.

2297 3607 2421 3660 Ἔτι
2457 3610 2812 3664 λαλούντων
2846 3610 3068 3677 αὐτῶν,
3108 3610 3245 3677 ἐρῶ·
3290 3614 3349 3667 Τί
3369 3613 3568 3675 iactr;

2363 3699 2598 3771 Εἰρήνην
2639 3702 2822 3765 αὐτοῖς
2864 3702 2963 3772 τὴν
3013 3702 3368 3773 ἀκράδαντον,
3400 3705 3557 3774 φειδῶ
3582 3706 3686 3759 καὶ
3718 3707 3897 3780 εὐμέ-

559 3832 565 3838 ~
607 3785 775 3858 diam,
831 3793 1307 3864 propitiationem,
1343 3790 1647 3846 bonitatem
1695 3799 1751 3843 et
1799 3788 2189 3844 humanitatem

2294 3805 2465 3854 νειαν,
2505 3790 2855 3861 χρηστότητα
2887 3794 2983 3844 καὶ
3016 3791 3426 3862 φιλανθρωπίαν
3466 3795 3889 3863 ἐπαγγέλλεται.

605 3885 964 3955 adpromittit.
1005 3882 1315 3953 Antiquitus
1340 3881 1489 3937 enim
1524 3896 1587 3936 ex
1616 3881 1880 3949 sanguine
1900 3878 2065 3934 Israel
2090 3876 2189 3938 ori-1

2296 3881 2471 3935 Πάλαι
2515 3881 2614 3951 μὲν
2663 3881 2771 3952 γὰρ
2804 3882 2853 3934 οἱ
2904 3881 2964 3949 ἐξ
3016 3882 3248 3952 αἵματος
3283 3885 3519 3956 Ἰσραὴλ,
3556 3886 3647 3940 διὰ
3692 3889 3892 3961 πολλῆς

605 3979 759 4045 undi,
810 3976 1006 4046 insigni
1074 3975 1309 4041 insania,
1336 3972 1726 4044 multiplicibus
1756 3973 1931 4038 vitiis,
1969 3982 2022 4028 et
2050 3972 2189 4041 quod

2294 3972 2433 4042 ἀγαν
2461 3973 2741 4037 ἀπονοίας,
2798 3974 2894 4027 καὶ
2941 3977 3251 4041 πολυειδοῦς
3281 3978 3639 4050 φαυλότητος,
3670 3983 3767 4036 καὶ
3798 3983 3889 4036 τοῦ

604 4078 750 4123 recte
796 4070 978 4122 vivere
1044 4066 1265 4132 nollent,
1302 4066 1645 4120 continenter
1687 4065 2062 4120 universorum
2097 4063 2195 4119 do-

603 4161 922 4215 minatorem
956 4158 1123 4213 Deum
1162 4156 1473 4223 irritabant;
1507 4158 1651 4213 hanc
1678 4156 1748 4212 ob
1799 4172 2019 4211 causam
2052 4156 2193 4211 mul-

2298 4064 2373 4134 μὴ
2403 4064 2691 4133 ἀνέχεσθαι
2707 4063 2806 4135 ζῇν
2834 4066 3032 4137 ὀρθῶς,
3061 4070 3491 4140 παροτρύνοντες
3510 4071 3784 4128 διετέλουν
3802 4076 3890 4128 τὸν

2295 4156 2402 4211 τῶν
2424 4155 2561 4209 ὅλων
2610 4156 2914 4227 κρατοῦντα
2945 4159 3108 4213 Θεόν·
3144 4160 3348 4231 ταύτης
3380 4162 3545 4217 ἕνεκα
3578 4164 3683 4234 τῆς
3714 4168 3889 4231 αἰτίας

603 4251 674 4305 tis
729 4251 904 4305 modis
968 4249 1141 4320 puniti
1194 4258 1344 4304 sunt.
1382 4246 1540 4302 Nunc
1563 4249 1761 4304 etenim
1794 4263 1915 4316 quae
1954 4250 2006 4302 in
2050 4248 2189 4315 agris

2296 4247 2438 4303 κατά
2467 4249 2693 4312 πολλοὺς
2717 4251 2969 4321 ᾐκίζοντο
2996 4253 3232 4323 τρόπους
3252 4268 3269 4286 ο
3300 4255 3431 4310 ποτὲ
3459 4256 3559 4323 μὲν
3618 4259 3732 4330 γὰρ
3760 4276 3889 4313 κατ-

600 4353 760 4397 erant
807 4340 1294 4410 corrumpebantur
1326 4354 1339 4388 :
1370 4349 1420 4393 et
1452 4338 1528 4393 rei
1557 4338 1770 4392 rusticae
1803 4338 2028 4393 sudores
2080 4337 2194 4391 lru-

2299 4338 2614 4411 εφθείροντο
2638 4340 2708 4395 τά
2730 4342 2788 4394 ὲν
2814 4342 3023 4413 ἀγροῖς,
3049 4343 3143 4398 καὶ
3167 4345 3295 4403 τοὺς
3331 4347 3424 4399 ἐπὶ
3461 4352 3583 4413 ταῖς
3607 4352 3891 4421 γηπονίαις

602 4437 715 4481 stra
773 4425 1082 4489 tolerantes,
1139 4425 1277 4479 fume
1326 4425 1701 4496 ciugebantur.
1766 4424 2043 4494 Scriptum
2109 4435 2189 4482 est

2297 4431 2527 4501 ἱδρῶτας
2551 4432 2908 4502 ὑφιστάμενοι
2938 4434 3138 4503 μάτην,
3158 4432 3305 4506 λιμῷ
3330 4439 3730 4509 κατετρύχοντο
3747 4456 3767 4472 ·
3800 4443 3890 4509 τὲ-

574 4550 579 4555 ο
602 4517 744 4573 enim
769 4536 781 4569 :
807 4536 823 4568 ι
846 4516 974 4572 Dedi
1000 4517 1219 4581 :erugiui
1252 4517 1458 4571 fructus
1479 4531 1666 4571 eorum
1696 4525 1750 4572 et
1772 4517 1985 4571 labores
2004 4532 2189 4571 eorum

2295 4538 2539 4593 γραπται
2565 4522 2698 4593 γὰρ,
2721 4524 2803 4576 ὅτι
2838 4541 2858 4575 ι
2892 4525 3003 4578 Καὶ
3034 4523 3203 4579 ἔδωκε
3221 4529 3290 4597 τῇ
3319 4528 3553 4601 ἐρυσίσῃ
3596 4532 3722 4594 τοὺς
3754 4548 3890 4604 καρ-

566 4652 589 4709 i.
607 4609 827 4663 locusta:
851 4606 1189 4662 ".i‘Dictum
1228 4618 1307 4661 cst
1329 4610 1490 4662 etiam
1510 4607 1612 4661 illis
1638 4621 1731 4676 per
1749 4623 1910 4661 unum
1938 4623 1969 4663 e
1992 4609 2189 4663 sanctis

2300 4614 2434 4675 ποὺς
2463 4612 2664 4679 αὐτῶν,
2707 4615 2801 4668 καὶ
2849 4615 2978 4678 τοὺς
3024 4616 3220 4681 πόνους
3264 4619 3446 4673 αὐτῶν
3499 4624 3568 4692 τῇ
3617 4622 3824 4693 ἀκρὶδι.
3864 4646 3882 4675 ι

533 4681 582 4741 -ῗ
594 4699 916 4768 prophetis:
946 4698 1055 4754 i'l‘u
1074 4710 1244 4761 seres,
1267 4708 1320 4751 ct
1343 4712 1445 4751 non
1466 4707 1637 4751 metes
1658 4714 1672 4763 ;
1696 4704 1751 4751 tu
1766 4713 1979 4767 premes
1993 4699 2187 4764 oleam,

2295 4703 2527 4775 Εἴρηται
2549 4704 2608 4757 δέ
2634 4722 2739 4760 που
2781 4706 2918 4775 πρὸς
2948 4706 3145 4772 αὐτοὺς
3177 4709 3275 4763 καὶ
3304 4711 3374 4763 δι’
3406 4711 3527 4776 ἑνὸς
3555 4713 3671 4768 τῶν
3718 4717 3887 4784 ἀγεων

614 4799 669 4846 ct
715 4806 822 4845 non
883 4788 1104 4860 ungeris
1128 4790 1287 4856 oleo;
1321 4790 1525 4849 vinum.
1554 4800 1607 4843 ct
1655 4805 1759 4843 non
1814 4789 1963 4845 bibes
1988 4791 2088 4844 τ’.»
2126 4790 2189 4844 Ει

2295 4795 2609 4866 προφητῶν·
2651 4816 2670 4848 ι
2718 4797 2791 4854 Σὺ
2839 4799 3080 4867 σπερεῖς,
3124 4801 3223 4856 καὶ
3256 4803 3319 4855 οὐ
3381 4802 3458 4873 μὴ
3508 4804 3754 4877 ἀμήσεις
3780 4826 3795 4837 ·
3827 4810 3887 4861 σὺ

596 4894 833 4936 rursus:
864 4901 883 4932 ι
918 4881 1112 4936 Domos
1152 4881 1344 4950 politas
1373 4880 1731 4945 aettiticabitis,
1758 4891 1940 4935 etnon
1978 4883 2186 4936 habita-

2295 4888 2503 4949 πιέσεις
2530 4887 2737 4953 ἐλαίαν,
2780 4891 2874 4943 καὶ
2903 4892 2965 4943 οὐ
3008 4893 3083 4963 μὴ
3117 4893 3313 4965 ἀλεεψη
3343 4893 3547 4960 ἔλαιον,
3596 4900 3697 4951 καὶ
3754 4896 3889 4953 οἶνον

601 4968 733 5024 Ditis
765 4969 818 5025 in
844 4969 963 5037 eis;
995 4971 1180 5024 vineas
1212 4970 1595 5025 desiderabiles
1628 4970 1955 5040 plattllabilis,
1990 4984 2045 5026 et
2074 4987 2179 5025 non

2293 4978 2347 5030 οὐ
2384 4978 2458 5050 μὴ
2508 4980 2687 5049 πίητε.
2723 5000 2743 5033 s
2781 4984 2891 5039 Καὶ
2949 4985 3135 5039 πάλιν·
3181 5003 3201 5037 ι
3243 4986 3440 5049 Dim;
3484 4987 3723 5055 ξυστοὺς
3756 4997 3892 5046 οἰκο-

606 5061 801 5117 bibetis
844 5063 1029 5117 vinum
1074 5076 1259 5117 earum
1294 5062 1360 5119 ".
1395 5081 1409 5109 ι
1451 5062 1774 5134 lngruebant
1821 5065 1961 5117 enim
2010 5064 2183 5118 inter-

607 5150 732 5205 dum
812 5151 1046 5205 hostiuut
1120 5151 1532 5218 impressiones,
1592 5161 1648 5206 ut
1723 5154 1914 5222 partim
1985 5153 2179 5223 gladiis

607 5256 793 5298 eorum
848 5253 1321 5305 consumerentur,
1355 5244 1549 5311 partim
1593 5243 1709 5298 haec
1754 5244 2017 5313 supplicia
2069 5259 2179 5298 me-

610 5341 839 5401 tuentes,
868 5350 898 5388 c
948 5334 1121 5389 domo
1174 5349 1270 5388 sua
1322 5350 1386 5389 ac
1449 5337 1621 5404 patria
1668 5335 1980 5405 cll‘ugcreut,
2016 5348 2071 5392 et
2114 5338 2180 5393 ad

609 5422 741 5479 alias
782 5423 940 5479 sedes
963 5440 1020 5479 se
1047 5425 1370 5493 reciperent.
1402 5424 1505 5481 Sed
1542 5427 1655 5481 haec
1706 5429 1867 5496 prisci
1909 5429 1980 5482 illi
2040 5429 2181 5498 passi

606 5519 754 5578 sunt,
787 5529 884 5568 nec
908 5514 1098 5579 semel,
1123 5526 1347 5586 propter
1411 5517 1574 5570 multa
1626 5528 1865 5586 peccata.
1910 5518 2010 5587 Qui
2055 5534 2183 5574 vero

679 5705 726 5737 "
751 5703 907 5758 Rom.
939 5723 1021 5771 ιιι,
1052 5708 1141 5761 275.

1254 5714 1300 5744 "°
1335 5711 1569 5781 Philipp.
1612 5729 1694 5777 ιιι,
1722 5714 1775 5777 8,
1806 5718 1857 5769 9.

610 5773 783 5830 Galat.
816 5790 895 5839 ιιι,
933 5776 1018 5831 lt).

1097 5780 1139 5809 ⁷⁸
1174 5780 1314 5835 Psal.
1346 5797 1512 5845 Lst‘tt,
1539 5783 1628 5837 46.

1963 5717 2005 5747 τι
2037 5715 2190 5768 Rom.

1722 5733 1775 5777 δ,
1806 5733 1857 5769 υ,
1968 5733 2005 5747 ’⁸
2037 5733 2190 5768 Imm.
2250 5733 2302 5779 κ,
2364 5733 2417 5782 ο,
2456 5733 2509 5774 4.
2610 5733 2655 5756 ⁷³

1707 5785 1931 5840 "Mich.
1975 5787 2163 5851 νι,1ὅ.
2216 5788 2472 5861 ‘7“Atuos
2506 5807 2556 5859 ν,
2591 5793 2676 5848 Η.

2283 5070 2568 5141 δομήσετε,
2605 5075 2697 5128 καὶ
2730 5075 2790 5138 οὐ
2818 5076 2893 5147 μὴ
2921 5078 3288 5148 κατοικὴσητε
3309 5080 3366 5132 ἐν
3385 5080 3605 5143 αὐτοῖς·
3630 5084 3890 5153 ἀμπελᾶ-

2285 5178 2377 5224 νας
2400 5162 2770 5233 ὲπιθυμητοὺς
2790 5166 3108 5234 φυτεύσετε,
3132 5169 3226 5221 καὶ
3251 5169 3311 5221 οὐ
3339 5169 3414 5239 μὴ
3435 5170 3599 5241 πίητε
3633 5173 3723 5227 τὸν
3751 5170 3887 5229 οἶνον

2282 5250 2480 5307 αὐτῶν.
2530 5272 2550 5304 s
2602 5256 2962 5326 Ἐπεφέροντο
2984 5258 3093 5331 γὰρ
3117 5259 3301 5323 αὐτοῖς
3337 5260 3450 5313 ἐσθ’
3470 5261 3562 5314 ὅτε
3597 5264 3703 5317 καὶ
3730 5266 3892 5319 πολέα-

2286 5362 2403 5414 μων
2432 5345 2684 5415 ἐμϐολαὶ,
2711 5346 2851 5401 ὥστε
2883 5350 3010 5414 τοὺς
3042 5354 3142 5421 μὲν
3178 5354 3294 5415 τοῖς
3321 5351 3503 5405 αὐτῶν
3538 5352 3892 5411 δαπανᾶσθαι

2284 5434 2482 5505 ξίφεσι,
2518 5436 2644 5510 τοὺς
2673 5437 2730 5492 δὲ
2777 5439 2839 5492 τὸ
2889 5440 3085 5494 παθεῖν
3138 5442 3401 5507 δεδιότας,
3436 5443 3533 5496 καὶ
3581 5446 3760 5499 οἴκων
3799 5450 3891 5501 aiio

2285 5524 2392 5578 τῶν
2433 5528 2528 5579 καὶ
2570 5528 2670 5598 τῆς
2707 5529 3037 5601 ἐνεγκούσης
3092 5533 3398 5605 ἀποπηδᾷν,
3453 5533 3549 5587 καὶ
3585 5537 3672 5600 εις
3698 5537 3888 5609 ἑτέρας

2363 5718 2417 5782 5,
2456 5721 2509 5774 4.

2610 5725 2655 5801 Τξ
2683 5725 2854 5782 Galat.
2883 5742 2947 5792 ιι,
2990 5728 3078 5796 15,
3122 5729 3211 5785 16.
3314 5731 3360 5764 ⁷⁸
3384 5730 3544 5788 Deut.
3579 5746 3762 5796 nm,
3783 5732 3884 5801 21;
