4112 6292
303 332 443 390 ιιεδ

1434 337 1501 392 IN
1540 338 1771 393 iSAIAM
1812 338 1940 393 LIB.
1983 339 2047 395 V.
2088 338 2322 395 TOMUS
2362 341 2447 396 Vl.

3425 353 3443 405 1
3458 348 3572 406 ιί-ἰθι

304 443 724 517 μετανίστασθαι
777 446 995 518 χώρας·
1056 448 1193 503 ἁλλά
1240 453 1398 504 ταυτ1⁵
1441 452 1539 524 μὲν
1567 456 1615 506 οἱ
1662 452 1863 507 παλαιά

1982 452 2206 522 gratiam
2232 454 2432 509 Christi
2485 469 2580 523 per
2627 454 2783 509 Iidem
2855 456 3222 527 arripuerunt,
3251 468 3304 514 et
3370 460 3577 513 sordes-

303 537 623 606 πεπόνθασι,
650 540 746 593 καὶ
759 540 856 610 οὐχ
877 540 1045 604 ἅπαξ,
1076 540 1165 594 διὰ
1189 541 1389 616 πολλὴν
1423 545 1716 617 ἁμαρτίανο
1734 546 1788 598 οἵ
1814 562 1877 614 γε

305 631 409 703 μὴν
437 631 495 683 ὲν
519 631 741 703 Χριστῷ
772 633 870 703 τὴν
900 631 987 686 διὰ
1036 633 1270 699 πίστεως
1310 636 1653 707 ἁρπάσαντες
1696 638 1875 709 χάριν,

303 723 396 774 καὶ
439 723 565 786 τοὺς
593 724 657 776 ὲκ
686 722 787 792 τῆς
813 723 1089 794 ἁμαρτίας
1131 725 1532 798 ἀπονιψάμενοι
1565 729 1877 800 μολυσμοὺς

300 811 389 864 διὰ
417 813 512 865 τοῦ
546 814 702 881 ἁγίου
742 812 1137 884 βαπτίσματος,
1183 818 1244 870 ού
1277 819 1389 882 τοῖς
1439 820 1663 874 ἐκείνων
1717 838 1874 891 περι-

303 903 589 958 πεσοῦνται
622 905 829 969 κακοῖς,
859 903 984 959 οὔτε
1029 907 1137 978 μὴν
1183 909 1292 963 τῶν
1330 910 1515 975 αὐτοῖς
1562 913 1874 983 πεπονημέ-

299 1008 406 1045 νων
445 995 826 1063 πνευματικῶς
868 994 1128 1066 ἀδόκητον
1172 999 1503 1071 ὑπομενοῦσι
1529 1001 1762 1073 ζημίαν
1794 1004 1874 1056 ἐν-

297 1084 627 1153 τρυῳήσουσι
641 1084 696 1137 δὲ
718 1085 919 1155 μᾶλλον
936 1090 1048 1152 τοῖς
1071 1089 1277 1145 ἑαυτῶν
1297 1092 1701 1165 κατορθώμασι,
1730 1094 1873 1149 κατὰ

294 1173 355 1224 τὸ
379 1175 436 1227 ἐν
457 1175 704 1246 Ψαλμοῖς
733 1179 1101 1252 ὑμνούμενον·
1139 1202 1156 1235 ι
1192 1183 1331 1248 Τοὺς
1361 1185 1554 1249 πόνους
1588 1186 1695 1241 τῶν
1733 1204 1869 1260 καρ-

296 1262 410 1317 πῶν
432 1281 528 1318 σου
559 1266 814 1336 φάγεσαι·
854 1290 875 1323 ι
910 1273 1138 1344 καρπῶν
1164 1274 1469 1344 λεγομένων
1495 1277 1603 1332 τῶν
1625 1280 1869 1333 κάτωθεν

291 1354 393 1423 τῆς
429 1357 689 1430 παλάμης
720 1361 957 1432 σαρκῶν.
999 1365 1279 1420 Ἐκϐάλλει
1299 1367 1412 1439 γὰρ
1436 1369 1634 1434 αὐτοὺς
1657 1370 1830 1435 οὐδείς
1850 1388 1864 1402 ·

290 1446 415 1500 οὔτε
445 1449 552 1518 μὴν
585 1451 914 1525 ἀποσοϐήσει
959 1457 1090 1511 ποτὲ
1132 1458 1230 1527 τῆς
1282 1459 1646 1532 δοθησομένης
1683 1461 1868 1526 αὐτοῖς

292 1537 444 1606 παρά
461 1538 594 1593 Θεοῦ
625 1544 810 1614 μονῆς.
842 1545 1041 1601 Πολλαὶ
1059 1547 1170 1617 γάρ
1197 1551 1354 1618 μοναὶ
1380 1551 1527 1622 παρά
1553 1551 1631 1621 τῷ
1655 1552 1830 1623 Πατρί
1850 1569 1863 1582 ·

292 1628 410 1681 ἀλλ’
439 1630 546 1683 οὐδ’
580 1632 646 1686 ἂν
675 1635 1072 1692 ἀποπεσοὼται
1100 1639 1192 1693 τοῦ
1223 1640 1422 1711 κλήρου
1448 1640 1541 1697 τοῦ
1568 1643 1865 1714 δοθησομέ-

292 1737 382 1772 νου
412 1723 504 1775 καὶ
543 1726 839 1797 πρέποντος
868 1733 988 1796 ταῖς
1027 1734 1245 1803 νοηταῖς
1277 1732 1455 1787 αὐτῶν
1479 1735 1825 1813 βύκαρπίαις
1848 1752 1860 1768 ·

1979 544 2183 612 peccati
2215 558 2309 612 per
2349 558 2562 598 sacrum
2595 545 2874 599 lavacrum
2910 545 3217 612 ablucrunt,
3253 546 3306 601 in
3345 545 3571 601 illorum

1978 635 2117 688 mala
2149 650 2252 689 non
2284 636 2542 702 incident,
2578 653 2679 692 nec
2716 651 2927 702 eorum,
2962 639 3013 691 in
3050 639 3250 707 quibus
3306 639 3555 695 elabora-

1976 734 2169 779 verunt
2196 726 2570 794 spiritualiter,
2614 729 2866 782 damnum
2903 728 3382 798 inexspectandum
3428 746 3551 785 sus-

1977 814 2261 883 tinebunt;
2304 819 2398 872 sed
2430 818 2844 873 delectabuntur
2890 821 3005 877 suis
3054 823 3311 891 prmclare
3367 824 3545 887 factis,

1972 905 2265 960 secundum
2336 910 2386 961 id
2443 912 2586 977 quod
2636 911 2687 964 in
2755 909 2982 968 Psalmis
3042 916 3383 970 decantatum
3432 927 3551 970 est:

1977 998 2235 1053 «Fructus
2266 1000 2504 1055 laborum
2525 1013 2735 1058 tuorum
2767 1006 3114 1061 manducabis
3136 1008 3211 1062 ττι
3247 1008 3550 1071 ilaborum.

1970 1088 2064 1160 qui
2096 1091 2164 1146 ab
2216 1090 2569 1149 inferioribus
2637 1098 2955 1165 corporibus
3010 1097 3325 1152 tolerantur.
3387 1098 3552 1152 Nemo

1968 1180 2111 1233 enim
2134 1179 2251 1236 illos
2279 1181 2484 1250 ejiciet,
2520 1198 2617 1239 nec
2652 1201 2886 1255 unquam
2943 1202 2971 1240 a
3014 1188 3188 1241 danda
3223 1189 3353 1256 ipsis
3380 1205 3411 1245 ιι
3441 1190 3549 1242 Deo

1967 1270 2093 1324 sedc
2117 1272 2380 1328 detrudet.
2412 1273 2591 1331 Multae
2629 1279 2770 1330 enim
2800 1280 2954 1333 sedes
2985 1290 3111 1333 sunt
3145 1281 3283 1351 apud
3310 1280 3547 1335 Patrem.

1967 1360 2073 1417 Sed
2107 1377 2205 1418 nec
2236 1379 2265 1417 a
2294 1374 2439 1421 sorte
2467 1367 2639 1422 danda
2666 1378 2719 1423 et
2749 1384 2874 1439 quae
2909 1369 3177 1440 spirituali
3232 1386 3418 1426 eorum
3467 1370 3548 1426 fe-

1965 1452 2224 1507 cunditati
2254 1456 2527 1522 convenit,
2561 1458 2826 1513 decident.
2869 1460 2986 1515 Erit
3011 1462 3155 1516 enim
3183 1461 3291 1516 vita
3327 1476 3541 1523 eorum,

1963 1542 2159 1612 inquit,
2213 1555 2271 1601 ut
2332 1547 2447 1602 dies
2502 1549 2629 1619 ligni
2679 1550 2806 1605 vitae
2841 1569 2855 1606 :
2889 1552 2940 1607 id
2992 1561 3098 1618 est,
3154 1561 3363 1608 sancta.
3398 1552 3547 1608 Talis

1967 1634 2110 1688 enim
2144 1646 2280 1705 erat,
2310 1649 2435 1694 ante
2463 1643 2944 1711 transgressionem
2975 1684 2989 1709 ,
3016 1644 3070 1699 in
3103 1645 3293 1714 primis
3340 1658 3542 1712 paren-

1968 1723 2136 1790 tibus,
2164 1741 2285 1783 cum
2317 1730 2480 1784 etiam
2512 1731 2703 1788 liceret
2750 1733 2861 1789 illis
2898 1734 3028 1806 ligni
3062 1735 3185 1790 vita:
3219 1734 3332 1789 ﬁeri
3376 1731 3544 1803 parti-

292 1812 445 1867 ἔσται
466 1815 595 1887 γάρ,
628 1821 859 1892 φησὶν,ἡ
891 1821 1003 1894 ζωὴ
1031 1824 1211 1878 αὐτῶν
1238 1825 1380 1879 κατά
1405 1809 1506 1887 τὰς
1532 1825 1748 1897 ἡμέρας
1769 1824 1863 1878 τοῦ

1970 1814 2136 1883 cipes,
2176 1821 2612 1876 exsecratissimo
2663 1831 2716 1876 et
2776 1825 2884 1879 Deo
2932 1824 3103 1879 inviso
3161 1830 3381 1895 peccato
3411 1837 3544 1876 non-

294 1900 450 1965 ξῦλου
481 1904 580 1974 τῆς
603 1904 765 1978 ζωῆς,
805 1910 1075 1966 τουτέστιν
1112 1910 1340 1985 ἁγία[ν].
1378 1912 1612 1985 Τοιαύτη
1653 1913 1761 1984 γὰρ
1802 1909 1871 1984 ἧν

291 1993 396 2064 πρὸ
427 1994 523 2065 τῆς
547 1999 908 2069 παραϐάσεως
932 2001 990 2054 ἐν
1020 2005 1131 2065 τοῖς
1161 2003 1628 2074 πρωτοπλάστοις,
1661 2005 1750 2057 ὅτε
1773 2005 1870 2058 καὶ

290 2083 417 2155 ἐξῆν
452 2087 632 2151 αὐτοῖς
665 2090 723 2142 ὲν
751 2090 963 2161 μεθέξει
990 2093 1240 2160 γενέσθαι
1264 2094 1358 2147 τοῦ
1394 2093 1552 2160 ξύλου
1578 2094 1679 2164 τῆς
1699 2093 1866 2165 ζωῆς,

288 2174 442 2229 οὔπω
476 2178 574 2248 τῆς
608 2178 998 2253 βδελυροτάτης
1029 2183 1123 2237 καὶ
1168 2183 1455 2254 θεομισοῦς
1479 2185 1754 2255 ἁμαρτίας
1775 2185 1870 2239 λα-

288 2267 489 2339 ϐούσης
519 2271 681 2325 τόπον
705 2273 763 2326 ὲν
790 2274 992 2339 αὐτοῖς.
1027 2275 1370 2345 Προσεπάγει
1412 2294 1466 2329 τι
1493 2276 1730 2329 τοιοῦτον
1773 2278 1869 2329 καὶ

287 2359 475 2430 ἕτερον
531 2362 632 2429 τῆς
689 2365 1024 2435 προφητείας
1077 2369 1105 2421 δ
1162 2366 1349 2436 λόγος·
1383 2385 1401 2419 ι
1443 2366 1525 2421 Τὰ
1561 2367 1670 2440 γὰρ
1709 2366 1865 2439 ἔργα,

286 2450 441 2522 φησὶ,
492 2451 601 2505 τῶν
629 2455 825 2524 χειρῶν
886 2456 1064 2510 αὐτῶν
1092 2458 1481 2524 παλαιώσουσι,
1518 2478 1536 2511 ι
1568 2459 1865 2526 τουτέστιν,

285 2542 728 2615 ἀναμετάϐλητον
759 2544 939 2610 ἕξουσι
972 2547 1071 2619 τὴν
1099 2548 1208 2602 τῶν
1243 2549 1531 2621 πρακτέων
1571 2550 1707 2604 ὀδόν.
1741 2545 1867 2603 Οἷον

284 2633 348 2704 δή
380 2633 432 2685 τί
466 2652 627 2704 φημι.
647 2635 865 2690 Δέδοται
894 2637 992 2707 μὲν
1024 2640 1133 2711 γάρ
1150 2642 1262 2705 τοῖς
1278 2639 1338 2707 ἐξ
1380 2639 1597 2713 Ἰσραὴλ
1627 2641 1714 2695 διὰ
1736 2642 1865 2695 Mm-

288 2725 426 2811 σέως
452 2727 481 2778 ὁ
504 2725 686 2797 νόμος’
719 2728 834 2781 ἀλλ’
866 2724 933 2802 ἦν
965 2731 1022 2782 ὲν
1050 2729 1200 2802 αὑτῷ
1225 2731 1354 2786 σκιὰ
1379 2733 1472 2786 καὶ
1501 2732 1691 2796 τύπος,
1725 2732 1864 2803 ἔχων

291 2817 391 2887 μὲν
410 2816 510 2887 τῆς
532 2816 787 2889 ἀληθείας
813 2821 912 2891 τὴν
942 2823 1243 2893 μόρφωσιν,
1279 2822 1418 2894 πλὴν
1445 2822 1598 2878 οὔπω
1631 2824 1723 2878 καὶ
1762 2826 1861 2879 αύ-

282 2907 380 2976 τὴν
410 2908 509 2978 τὴν
545 2908 822 2980 ἀλήθειαν.
870 2910 1084 2984 Ἐπειδὴ
1116 2912 1172 2965 δὲ
1203 2911 1515 2983 ἐπέλαμψεν
1547 2916 1575 2968 ὁ
1606 2915 1858 2986 Χριστὸς,

287 2999 583 3066 μετέϐαλον
618 3001 666 3053 οἱ
688 2999 847 3055 τύποι
871 3001 1006 3072 πρὸς
1036 3002 1315 3074 ἀλήθειαν,
1341 3006 1434 3058 καὶ
1461 2999 1573 3059 οἷον
1610 3007 1861 3077 μετεκλί-

1974 1905 2099 1960 dum
2149 1908 2324 1964 locum
2356 1912 2410 1965 in
2438 1911 2548 1968 illis
2606 1912 2862 1969 habente.
2918 1915 3079 1969 Aliud
3134 1929 3237 1969 non
3284 1911 3545 1969 dissimile

1972 1999 2215 2070 adiungit
2255 2002 2566 2070 prophetica
2633 2003 2830 2059 oratio.
2866 2020 2885 2055 ι
2912 2001 3086 2073 Opera
3142 2004 3309 2071 enim,
3340 2003 3541 2072 inquit.

1970 2104 2224 2145 manuum
2272 2105 2490 2146 suarum
2528 2092 2943 2159 inveterascent,
2996 2095 3048 2149 id
3083 2103 3186 2156 est.
3211 2092 3377 2164 905
3411 2107 3539 2146 cur-

1970 2197 2087 2237 sum
2141 2182 2192 2236 in
2223 2183 2383 2239 rebus
2419 2186 2670 2253 gerendis
2695 2195 2901 2242 certum
2947 2187 3223 2242 habebunt
3254 2195 3305 2240 et
3347 2185 3540 2239 immu-

1971 2271 2207 2329 tabilem.
2235 2272 2388 2339 Quod
2446 2276 2585 2341 dico,
2636 2277 2710 2332 ita
2765 2291 2823 2333 se
2874 2277 3055 2333 habet.
3086 2276 3216 2331 Data
3270 2286 3354 2332 est
3396 2275 3541 2330 enim

1967 2362 2227 2421 lsraelitis
2259 2381 2355 2436 per
2403 2367 2620 2440 Moysen
2652 2371 2773 2436 lex;
2813 2371 2906 2425 sed
2952 2371 3003 2425 in
3038 2368 3127 2423 illa
3173 2377 3292 2423 erat
3350 2367 3537 2422 umbra

1966 2465 2022 2512 et
2053 2467 2227 2529 typus,
2250 2460 2483 2529 speciem
2519 2462 2763 2517 veritatis
2801 2462 3042 2530 habens,’
3070 2461 3307 2516 nondum
3361 2469 3538 2514 tamen

1966 2551 2139 2620 ipsam
2178 2552 2483 2609 veritatem.
2518 2550 2868 2609 illucescente
2898 2552 3135 2621 Christo,
3167 2551 3357 2606 mutati
3410 2558 3536 2605 sunt

1967 2642 2076 2714 typi
2102 2643 2155 2697 in
2201 2644 2479 2698 veritatem
2539 2652 2595 2698 et
2637 2644 2843 2699 umbem
2905 2643 3052 2698 velut
3110 2642 3439 2697 inclinarunt
3484 2647 3541 2695 et

1964 2735 2375 2801 inveterarunt,
2434 2733 2485 2788 id
2538 2742 2642 2799 est,
2732 2748 2839 2790 non
2918 2747 3131 2803 semper
3172 2734 3335 2789 robur
3378 2747 3535 2787 suum

1929 2826 2154 2884 .habuit
2204 2826 2393 2897 legalis
2419 2825 2855 2882 conversationis
2887 2826 3082 2881 virtus.
3115 2824 3304 2895 Itaque
3354 2824 3534 2878 lsrae-

1963 2915 2069 2971 litze
2098 2932 2261 2986 opera
2305 2932 2398 2971 sua
2429 2917 2826 2972 inveterascere
2858 2930 2964 2971 non
3009 2914 3253 2969 fecerunt
3277 2912 3296 2984 (
3323 2911 3531 2967 inutilis

1963 3007 2160 3077 quippe
2205 3017 2288 3062 est
2311 3006 2495 3077 legalis
2553 3008 2754 3072 cultus,
2803 3009 2947 3077 quod
2993 3007 3060 3061 ad
3096 3016 3249 3076 typos
3275 3005 3533 3073 attinet).

284 3090 454 3160 θησαν
477 3093 531 3144 αί
564 3092 712 3145 σκιαὶ
746 3093 841 3145 καλ⁸
881 3094 1307 3163 πεπαλαίωνται,
1341 3097 1639 3163 τουτέστιν,
1674 3099 1736 3153 ού
1773 3099 1862 3171 μέ-

1964 3107 2017 3154 at
2060 3099 2153 3169 qui
2177 3099 2229 3153 iu
2267 3099 2482 3155 Christo
2506 3107 2634 3154 sunt
2660 3099 2949 3153 durabunt.
2990 3098 3107 3153 Non
3131 3098 3275 3152 enim
3300 3096 3404 3150 alia
3430 3094 3534 3148 illis

282 3198 373 3251 χρι
439 3183 636 3247 παντὸς
691 3185 996 3255 κεκράτηκε
1038 3185 1139 3256 τῆς
1191 3188 1249 3239 ὲν
1308 3187 1456 3259 νόμῳ
1517 3189 1853 3263 πολιτείαςή

281 3268 526 3338 δύναμις.
565 3271 773 3326 Οὐκοῦν
789 3275 837 3325 oi
871 3274 969 3344 μὲν
998 3273 1056 3339 ἐξ
1088 3274 1318 3346 αἵματος
1352 3275 1568 3349 Ἰσραὴλ
1590 3278 1690 3332 ούκ
1718 3280 1855 3333 ἐπα-

282 3360 519 3416 λαίωσαν
559 3362 627 3416 τά
670 3363 810 3436 ἔργα
863 3366 1083 3431 αύτῶν’(
1123 3367 1378 3437 ἀνόνητος
1425 3369 1534 3441 γάρ
1582 3371 1614 3442 ή
1660 3372 1855 3443 νομικὴ

283 3453 595 3523 λατρεία,τό
624 3473 689 3525 γε
714 3452 847 3526 ἧκον
869 3460 948 3522 είς
976 3457 1221 3529 τύπους),
1244 3460 1618 3516 παλαιώσουσι
1648 3463 1704 3516 δὲ
1720 3465 1769 3516 οί
1800 3466 1857 3516 ὲν

282 3544 519 3615 Χριστῷ.
564 3549 639 3601 Uti
669 3549 777 3620 γὰρ
817 3548 1002 3621 ἕτερος
1029 3551 1211 3614 αὐτοῖς
1238 3551 1522 3625 δοθήσεται
1555 3553 1737 3624 νόμος,
1782 3554 1858 3619 ὡς

287 3638 543 3709 μεθιστᾷν
564 3640 657 3691 ἐπὶ
678 3640 739 3691 τὸ
769 3642 992 3710 ἄμεινον
1024 3646 1130 3697 τῶν
1156 3646 1526 3713 εὐαγγελικῶν
1560 3645 1857 3717 θεσπισμά-

283 3745 389 3780 των
437 3728 533 3797 τὴν
583 3728 829 3797 δύναμιν.
870 3732 1099 3800 Εἴρηται
1150 3734 1258 3801 γάρ
1305 3752 1405 3786 που
1453 3736 1591 3804 πρὸς
1622 3737 1714 3790 τὸν
1747 3737 1858 3788 τῶν

283 3817 419 3871 ὅλων
455 3818 681 3888 Σωτῆρα
704 3819 935 3890 Χριστὸν
959 3820 1044 3873 διά
1069 3821 1166 3891 τῆς
1198 3822 1290 3874 τοῦ
1316 3821 1624 3884 Ψάλλοντος
1650 3824 1856 3891 φωνῆς’

293 3927 310 3960 ι
348 3908 413 3962 Ἥ
430 3907 738 3980 δικαιοσύνη
786 3926 877 3961 σου
907 3908 1219 3980 δικαιοσύνη
1250 3911 1330 3973 είς
1360 3909 1450 3963 τὸν
1476 3911 1670 3975 αίῶνα,
1706 3913 1800 3965 καὶ
1833 3913 1861 3964 ὀ

284 3999 446 4070 νόμος
476 4016 567 4052 σου
602 3997 848 4071 ἀλήθεια.
887 4029 958 4041 -σ-
979 4000 1039 4052 Οἱ
1072 3998 1128 4052 δὲ
1157 3999 1403 4055 ἐκλεκτοί
1462 4016 1563 4070 μου
1583 4038 1599 4062 ,
1664 4000 1857 4071 φησὶν,

283 4086 344 4138 οὐ
396 4088 747 4142 κοπιάσουσιν
780 4089 859 4151 είς
890 4088 1063 4157 κενὸν,
1099 4089 1220 4143 οὐδὲ
1278 4089 1753 4160 τεκνοποιήσουσιν
1782 4091 1863 4153 είς

284 4181 550 4250 κατάραν.
598 4199 617 4233 ›
650 4179 1077 4235 Διδάσκειπάλιν
1110 4181 1185 4246 ὡς
1211 4184 1275 4236 ὲκ
1291 4181 1661 4253 παραθέσεως,
1694 4183 1862 4251 ἤγουν

285 4271 668 4341 ἁντεξαγωγῆς
702 4272 806 4326 τῶν
852 4271 1019 4326 πάλαι
1077 4273 1501 4344 συμϐεϐηκότων
1554 4276 1667 4338 τοῖς
1726 4276 1860 4328 Ἰου-

283 4361 444 4416 δαίων
472 4364 838 4435 καθηγηταῖςο
877 4365 1226 4436 Γραμματεῖς
1269 4366 1326 4419 δὲ
1364 4357 1510 4418 οὗτοι
1554 4367 1649 4420 καὶ
1696 4368 1861 4438 Φαρι-

1963 3191 2050 3245 lex
2089 3191 2306 3246 dabitur
2368 3206 2487 3260 qua:
2519 3189 2955 3261 evangelicorum
2987 3188 3334 3244 oraculorum
3364 3185 3536 3239 virtu-

1960 3293 2066 3338 tem
2093 3282 2146 3337 in
2176 3283 2368 3337 melius
2397 3289 2711 3337 commutet.
2751 3280 2965 3335 Dictum
2991 3286 3075 3334 est
3103 3276 3249 3333 enim
3285 3289 3384 3346 per
3409 3276 3533 3329 uni-

1959 3361 2237 3430 versorum
2302 3372 2643 3429 Servatorem
2691 3370 2988 3436 Christum,
3044 3384 3177 3427 voce
3211 3368 3528 3423 Psallentis:

1965 3466 2215 3521 «iustitia
2239 3477 2349 3530 tua,
2362 3465 2570 3536 justitia
2608 3464 2663 3520 in
2689 3463 2964 3531 saeculum,
3011 3469 3066 3516 et
3105 3461 3190 3517 lex
3244 3469 3333 3515 tua
3392 3459 3534 3514 veri-

1958 3568 2043 3614 tas
2067 3561 2130 3615 7'.
2160 3578 2179 3612 ι
2215 3589 2279 3600 -
2310 3579 2329 3613 ι
2354 3558 2521 3615 Electi
2556 3567 2757 3623 autem,
2792 3556 2989 3627 inquit,
3032 3555 3138 3611 mei
3181 3568 3287 3609 non
3317 3551 3527 3607 labora-
3606 3556 3611 3559 ‘

1957 3651 2093 3708 bunt
2138 3650 2357 3717 frustra,
2398 3664 2572 3722 neque
2609 3647 2809 3704 liberos
2839 3647 3059 3718 gignent
3088 3646 3140 3700 in
3187 3643 3530 3699 maledictio-

1961 3758 2104 3798 nem.
2138 3762 2157 3794 ›
2189 3742 2394 3797 Rursus
2424 3741 2599 3806 docet,
2629 3739 2779 3793 velut
2800 3753 2866 3792 ex
2890 3737 3240 3793 contentione
3266 3743 3321 3790 et
3359 3749 3527 3804 oppo-
3558 3764 3569 3773 -

1961 3831 2156 3883 sitione
2180 3830 2363 3882 eet-um
2412 3843 2532 3895 qua:
2573 3829 2844 3892 quondam
2904 3826 3171 3894 praefectis
3213 3824 3529 3877 Judaeorum

1963 3918 2344 3983 contigerunt:
2382 3914 2435 3966 hi
2473 3920 2652 3966 autem
2697 3920 2824 3965 sunt
2878 3911 3093 3965 Scribee
3121 3920 3175 3965 et
3229 3909 3489 3964 Pharisari
3516 3949 3530 3972 ,

1963 4007 2078 4076 qui,
2112 4006 2228 4076 lege
2284 4004 2489 4069 relicta,
2514 4012 2568 4058 et
2618 4003 2875 4057 docentes
2940 4001 3235 4066 doctrinas,
3279 4001 3529 4055 mandata

1966 4098 2266 4160 hominum,
2322 4104 2504 4166 patres
2559 4094 2775 4164 quidem
2831 4092 3151 4148 exstiterunt
3202 4093 3528 4158 liberorum,

1962 4206 2060 4260 per
2096 4189 2451 4258 disciplinam,
2494 4186 2700 4241 scilicet
2731 4193 2827 4239 :at
2862 4184 3062 4238 frustra
3084 4222 3100 4248 ,
3141 4193 3195 4238 et
3222 4184 3273 4237 in
3308 4184 3532 4238 maledi-

1963 4282 2217 4338 ctionem.
2263 4279 2375 4332 iloc
2406 4278 2568 4332 etiam
2635 4289 2731 4329 nos
2764 4276 2955 4330 docuit
2992 4275 3267 4340 Servator,
3315 4274 3533 4331 Scribas

1962 4382 2016 4428 et
2060 4371 2361 4427 Pharisaeos
2403 4368 2824 4435 reprehendens.
2862 4367 3007 4421 Dixit
3058 4366 3242 4421 enim:
3282 4385 3300 4417 ι
3330 4367 3419 4421 ναι
3448 4382 3534 4421 vo-

286 4456 445 4517 σαῖοι,
474 4454 525 4507 οἵ
552 4456 640 4507 τὸν
669 4455 832 4526 νόμον
851 4455 1097 4524 ἀφέντες,
1121 4457 1216 4509 καὶ
1240 4455 1580 4518 διδάσκοντες
1605 4456 1860 4510 διδασκα-

1966 4465 2072 4530 bis,
2117 4463 2319 4518 Scribae
2347 4469 2403 4517 et
2426 4459 2684 4513 Pharisaei
2742 4458 3055 4529 hypocrita},
3105 4458 3230 4527 quia
3290 4458 3531 4514 circuitis

283 4543 403 4597 λίαν
456 4546 760 4616 ἐντάλματα
809 4547 1131 4618 ἀνθρώπων,
1180 4547 1416 4617 πατέρες
1468 4547 1567 4617 μὲν
1600 4547 1857 4616 γεγόνασι

284 4635 487 4688 τέκνων
507 4637 614 4690 τῶν
646 4638 786 4690 κατά
825 4638 1059 4708 μάθησιν
1090 4637 1351 4707 δηλονότι,
1391 4637 1529 4709 πλὴν
1562 4638 1643 4701 είς
1682 4639 1857 4703 κενὸν,

287 4726 380 4778 καὶ
410 4729 486 4789 εἰς
509 4727 769 4797 κατάραψ
809 4730 953 4798 ἡμᾶς
990 4730 1085 4783 καὶ
1112 4729 1269 4783 τοῦτο
1297 4731 1532 4797 ἐδίδαξεν
1573 4735 1601 4786 δ
1645 4730 1855 4802 Σωτὴρ,

286 4817 399 4878 τοῖς
449 4815 840 4886 Γραμματεῦσι
892 4821 985 4872 καὶ
1033 4821 1347 4889 Φαρισαίοις
1400 4822 1666 4895 ἐπιτιμῶν
1714 4822 1856 4893 ’ἔφη

284 4904 413 4974 γὰρ,
462 4905 543 4958 ὅτι
580 4924 599 4956 ι
651 4907 789 4959 Οὐαὶ
829 4909 976 4978 ὑμῖν,
1029 4909 1384 4980 Γραμματεῖς
1431 4913 1525 4966 καὶ
1579 4914 1860 4984 Φαρισαῖοι

287 4994 693 5064 ὑποκριταὶ,ὃτι
725 4998 1013 5066 περιάγετε
1042 4999 1142 5070 τὴν
1178 5000 1451 5057 θάλασσαν
1512 5004 1607 5056 καὶ
1636 5004 1734 5076 τὴν
1763 5005 1860 5075 ξη-

287 5083 406 5152 ρὰν,
434 5084 654 5153 ποιῆσαι
672 5084 765 5138 ἕνα
791 5089 1146 5158 προσήλυτον*
1169 5094 1260 5145 καὶ
1280 5093 1375 5147 ἐὰν
1387 5092 1632 5163 γένηται,
1658 5098 1861 5148 ποιεῖτε

284 5172 445 5227 αὐτὸν
470 5175 583 5227 υἱὸν
605 5176 828 5246 γεέννης
852 5177 1164 5250 διπλότερον
1197 5182 1369 5248 ὑμῶν.
1405 5201 1422 5232 ι
1475 5182 1682 5236 Οὐκοῦν
1708 5186 1851 5236 ἐκεῖ·

285 5279 363 5315 νοι
408 5262 507 5334 μὲν
549 5266 968 5338 ὲτεκνοποίησαν
1018 5271 1097 5332 είς
1127 5271 1371 5343 κατάραν
1411 5274 1502 5325 καὶ
1539 5276 1621 5336 είς
1658 5275 1812 5327 κενόν
1834 5289 1847 5302 ’

283 5355 330 5405 οἱ
359 5352 415 5404 δὲ
444 5354 687 5408 ἐκλεκτοί
714 5373 836 5426 μου,
857 5358 1008 5428 φησὶ,
1034 5362 1330 5427 τουτέστιν,
1362 5365 1411 5415 οἱ
1439 5363 1712 5417 θεσπέσιος
1746 5383 1852 5435 μα-

287 5443 466 5514 θηταὶ,
519 5447 686 5516 ἤγουν
735 5449 989 5516 καθάπαξ
1029 5453 1079 5504 οί
1124 5453 1233 5508 τῶν
1270 5453 1420 5523 ἐμῶν
1468 5455 1853 5527 θεσπισμάτων

289 5534 578 5606 ίερουργοὶ,
631 5537 729 5591 οὐκ
775 5541 852 5604 είς
904 5541 1149 5612 κατάραν
1190 5547 1687 5616 τεκνοποιήσουσιν,
1730 5547 1851 5600 οὔτε

354 5707 400 5740 ⁷⁷
427 5709 569 5764 f’sal.
611 5727 811 5780 cum,
839 5714 891 5770 2.
970 5717 1013 5748 ⁷⁸
1045 5719 1185 5775 Psal.
1222 5736 1412 5783 cxvm,
1454 5722 1569 5775 142.
1648 5724 1692 5755 "
1729 5723 1912 5778 Matth.

1964 4571 2115 4610 mare
2140 4563 2193 4610 et
2236 4554 2464 4614 aridam,
2497 4559 2555 4604 ut
2591 4550 2804 4605 faciatis
2856 4564 3019 4603 unum
3068 4550 3437 4621 proselytum:
3478 4559 3532 4604 et

1962 4664 2083 4704 cum
2110 4647 2273 4701 fuerit
2325 4645 2516 4709 factus,
2576 4643 2752 4697 facitis
2795 4642 2943 4696 illum
3003 4642 3169 4695 filium
3231 4643 3529 4709 gehennae,

1963 4741 2123 4811 duplo
2151 4738 2321 4807 magis
2349 4750 2510 4806 quam
2539 4749 2634 4789 vos
2661 4734 2792 4790 estis
2815 4734 2880 4787 ⁷⁸.
2915 4752 2934 4785 ι
2968 4731 3156 4801 itaque
3206 4732 3280 4785 illi
3333 4732 3532 4787 liberos

1953 4839 2254 4904 genuerunt
2290 4829 2342 4881 in
2380 4824 2811 4882 maledictionem
2853 4834 2909 4879 et
2935 4824 2986 4877 in
3019 4839 3210 4877 vanum
3243 4841 3256 4877 :
3299 4824 3392 4878 sed
3427 4825 3530 4876 ele-

1953 4926 2048 4991 cti,
2080 4921 2277 4991 inquit,
2320 4918 2444 4983 mei,
2475 4918 2527 4971 id
2556 4925 2661 4982 est,
2691 4916 2855 4971 divini
2910 4913 3182 4984 discipuli,
3210 4913 3292 4968 vel
3351 4914 3526 4967 omni-

1954 5032 2026 5071 no
2088 5024 2332 5067 meorum
2392 5006 2732 5062 oraculorum
2776 5005 3098 5072 administri,
3155 5017 3260 5057 non
3312 5003 3530 5074 gignent

1956 5106 2156 5160 liberos
2220 5102 2274 5155 in
2345 5098 2817 5163 maledictiouem,
2903 5108 3075 5165 neque
3135 5094 3336 5150 frustra
3400 5107 3528 5148 suos

1954 5204 2219 5266 posteros.
2278 5189 2474 5244 Semen
2534 5189 2676 5243 enim
2748 5187 3087 5261 benedictum
3150 5186 3275 5251 erit,
3342 5199 3527 5240 semen

1959 5301 2143 5340 eorum
2175 5291 2230 5338 et
2264 5282 2597 5338 benedictum
2627 5296 2653 5332 a
2681 5280 2805 5335 Deo.
2833 5278 2987 5346 Quod
3020 5288 3197 5333 autem
3219 5278 3324 5332 illis
3353 5280 3531 5333 adhae-

1959 5376 2120 5440 rebit,
2152 5374 2446 5430 clementer
2471 5383 2522 5426 et
2570 5372 2874 5426 humaniter
2924 5370 3028 5425 illis
3048 5371 3228 5426 omnia
3268 5370 3522 5440 largiens,

1960 5472 2011 5517 et
2045 5463 2293 5530 precibus
2339 5476 2522 5515 eorum
2566 5461 2961 5528 paratissimam
3018 5473 3200 5513 aurem
3249 5460 3520 5528 praebens,

1960 5553 2225 5618 ostendit,
2261 5568 2379 5607 cum
2423 5552 2552 5607 dicit
2583 5567 2596 5603 :
2634 5569 2651 5602 ι
2678 5550 2993 5620 Priusquam
3021 5550 3252 5606 clament
3301 5546 3400 5613 illi,
3428 5563 3525 5619 ego

1952 5739 2109 5793 xmt,
2144 5726 2221 5779 15.
