  <div class='ocr_page' id='page_1' title='image "/cluster/home/n/w/nwhite01/storage/ocr_20150623/70/mdp.39015078384453/721.png"; bbox 0 0 4134 6302; ppageno 0'>
   <div class='ocr_carea' id='block_1_1' title="bbox 570 284 708 339">
    <p class='ocr_par' dir='ltr' id='par_1_1' title="bbox 570 284 708 339">
     <span class='ocr_line' id='line_1_1' title="bbox 570 284 708 339; baseline -0.014 0"><span class='ocrx_word' id='word_1_1' title='bbox 570 284 708 339; x_wconf 68' lang='lat'><strong>“27</strong></span> 
     </span>
    </p>
   </div>
   <div class='ocr_carea' id='block_1_2' title="bbox 1562 286 2816 344">
    <p class='ocr_par' dir='ltr' id='par_1_2' title="bbox 1562 286 2816 344">
     <span class='ocr_line' id='line_1_2' title="bbox 1562 286 2816 344; baseline -0.002 -2"><span class='ocrx_word' id='word_1_2' title='bbox 1562 287 1619 342; x_wconf 92' lang='lat' dir='ltr'><strong>S.</strong></span> <span class='ocrx_word' id='word_1_3' title='bbox 1660 287 1939 344; x_wconf 72' lang='lat' dir='ltr'><strong>CYllILla</strong></span> <span class='ocrx_word' id='word_1_4' title='bbox 1979 286 2453 342; x_wconf 74' lang='lat' dir='ltr'><strong>ALEXANDRINI</strong></span> <span class='ocrx_word' id='word_1_5' title='bbox 2496 286 2816 341; x_wconf 73' lang='lat' dir='ltr'><strong>AllClllEP.</strong></span> 
     </span>
    </p>
   </div>
   <div class='ocr_carea' id='block_1_3' title="bbox 3716 289 3863 347">
    <p class='ocr_par' dir='ltr' id='par_1_3' title="bbox 3716 289 3863 347">
     <span class='ocr_line' id='line_1_3' title="bbox 3716 289 3863 347; baseline 0.02 -3"><span class='ocrx_word' id='word_1_6' title='bbox 3716 289 3863 347; x_wconf 64' lang='lat'><strong>119.3</strong></span> 
     </span>
    </p>
   </div>
   <div class='ocr_carea' id='block_1_4' title="bbox 565 391 2146 469">
    <p class='ocr_par' dir='ltr' id='par_1_4' title="bbox 565 398 2138 467">
     <span class='ocr_line' id='line_1_4' title="bbox 565 398 2138 467; baseline 0 -15"><span class='ocrx_word' id='word_1_7' title='bbox 565 399 850 455; x_wconf 66' lang='lat' dir='ltr'><strong>exaudiam</strong></span> <span class='ocrx_word' id='word_1_8' title='bbox 911 414 1027 454; x_wconf 87' lang='lat' dir='ltr'><strong>eos.</strong></span> <span class='ocrx_word' id='word_1_9' title='bbox 1076 398 1262 452; x_wconf 80' lang='lat' dir='ltr'><strong>Adhuc</strong></span> <span class='ocrx_word' id='word_1_10' title='bbox 1328 398 1672 467; x_wconf 73' lang='lat' dir='ltr'><strong>loquentibus</strong></span> <span class='ocrx_word' id='word_1_11' title='bbox 1744 398 1869 466; x_wconf 83' lang='lat' dir='ltr'><strong>illis,</strong></span> <span class='ocrx_word' id='word_1_12' title='bbox 1923 398 2138 454; x_wconf 87' lang='lat' dir='ltr'><strong>dicam:</strong></span> 
     </span>
    </p>
   </div>
   <div class='ocr_carea' id='block_1_5' title="bbox 2250 391 3859 469">
    <p class='ocr_par' dir='ltr' id='par_1_5' title="bbox 2251 391 3859 469">
     <span class='ocr_line' id='line_1_5' title="bbox 2251 391 3859 469; baseline -0.006 -19"><span class='ocrx_word' id='word_1_13' title='bbox 2251 398 2357 468; x_wconf 69' lang='grc' dir='ltr'>μὴν</span> <span class='ocrx_word' id='word_1_14' title='bbox 2386 398 2467 461; x_wconf 87' lang='grc' dir='ltr'><strong>είς</strong></span> <span class='ocrx_word' id='word_1_15' title='bbox 2496 395 2673 459; x_wconf 80' lang='grc' dir='ltr'>κενὸν,</span> <span class='ocrx_word' id='word_1_16' title='bbox 2724 393 2846 447; x_wconf 81' lang='grc' dir='ltr'>κατ’</span> <span class='ocrx_word' id='word_1_17' title='bbox 2890 391 3135 455; x_wconf 76' lang='grc' dir='ltr'><strong>ἐκείνους</strong></span> <span class='ocrx_word' id='word_1_18' title='bbox 3158 409 3171 422; x_wconf 87' lang='grc'><strong>·</strong></span> <span class='ocrx_word' id='word_1_19' title='bbox 3224 392 3448 465; x_wconf 79' lang='grc' dir='ltr'>σπέρμα</span> <span class='ocrx_word' id='word_1_20' title='bbox 3479 394 3589 466; x_wconf 78' lang='grc' dir='ltr'>γὰρ</span> <span class='ocrx_word' id='word_1_21' title='bbox 3625 397 3859 469; x_wconf 50' lang='lat' dir='ltr'><strong>sellam-</strong></span> 
     </span>
    </p>
   </div>
   <div class='ocr_carea' id='block_1_6' title="bbox 566 489 909 555">
    <p class='ocr_par' dir='ltr' id='par_1_6' title="bbox 566 489 909 555">
     <span class='ocr_line' id='line_1_6' title="bbox 566 489 909 555; baseline 0 -13"><span class='ocrx_word' id='word_1_22' title='bbox 566 489 706 555; x_wconf 71' lang='lat' dir='ltr'><strong>Quid</strong></span> <span class='ocrx_word' id='word_1_23' title='bbox 737 489 862 547; x_wconf 85' lang='lat' dir='ltr'><strong>est?</strong></span> <span class='ocrx_word' id='word_1_24' title='bbox 890 509 909 542; x_wconf 78' lang='grc' dir='ltr'><strong>ι</strong></span> 
     </span>
    </p>
   </div>
   <div class='ocr_carea' id='block_1_7' title="bbox 2255 479 3862 556">
    <p class='ocr_par' dir='ltr' id='par_1_7' title="bbox 2255 479 3862 556">
     <span class='ocr_line' id='line_1_7' title="bbox 2255 479 3862 556; baseline 0.001 -17"><span class='ocrx_word' id='word_1_25' title='bbox 2255 486 2416 556; x_wconf 82' lang='grc' dir='ltr'>μένον</span> <span class='ocrx_word' id='word_1_26' title='bbox 2448 485 2600 539; x_wconf 80' lang='grc' dir='ltr'>ἔσται</span> <span class='ocrx_word' id='word_1_27' title='bbox 2635 484 2695 536; x_wconf 78' lang='grc' dir='ltr'><strong>τὸ</strong></span> <span class='ocrx_word' id='word_1_28' title='bbox 2732 483 2953 553; x_wconf 85' lang='grc' dir='ltr'>σπέρμα</span> <span class='ocrx_word' id='word_1_29' title='bbox 2999 479 3201 545; x_wconf 77' lang='grc' dir='ltr'>αὐτῶν,</span> <span class='ocrx_word' id='word_1_30' title='bbox 3249 480 3617 554; x_wconf 72' lang='grc' dir='ltr'>εὐλογημένον</span> <span class='ocrx_word' id='word_1_31' title='bbox 3659 484 3717 538; x_wconf 83' lang='grc' dir='ltr'>δὲ</span> <span class='ocrx_word' id='word_1_32' title='bbox 3749 487 3862 540; x_wconf 79' lang='grc' dir='ltr'>ὑπὸ</span> 
     </span>
    </p>
   </div>
   <div class='ocr_carea' id='block_1_8' title="bbox 565 570 3862 649">
    <p class='ocr_par' dir='ltr' id='par_1_8' title="bbox 565 570 3862 649">
     <span class='ocr_line' id='line_1_8' title="bbox 565 570 3862 649; baseline -0 -16"><span class='ocrx_word' id='word_1_33' title='bbox 565 579 725 634; x_wconf 81' lang='grc' dir='ltr'>Θεοῦ.</span> <span class='ocrx_word' id='word_1_34' title='bbox 758 580 882 632; x_wconf 73' lang='grc' dir='ltr'>Ὀτι</span> <span class='ocrx_word' id='word_1_35' title='bbox 945 577 1000 631; x_wconf 80' lang='grc' dir='ltr'>δὲ</span> <span class='ocrx_word' id='word_1_36' title='bbox 1033 577 1419 649; x_wconf 74' lang='grc' dir='ltr'>προσκείσεται</span> <span class='ocrx_word' id='word_1_37' title='bbox 1440 577 1557 632; x_wconf 88' lang='grc' dir='ltr'>λίαν</span> <span class='ocrx_word' id='word_1_38' title='bbox 1596 580 1802 646; x_wconf 77' lang='grc' dir='ltr'>αὐτοῖς,</span> <span class='ocrx_word' id='word_1_39' title='bbox 1869 581 1937 634; x_wconf 82' lang='grc' dir='ltr'>τὰ</span> <span class='ocrx_word' id='word_1_40' title='bbox 1976 578 2054 645; x_wconf 77' lang='grc' dir='ltr'><strong>ἐξ·</strong></span> <span class='ocrx_word' id='word_1_41' title='bbox 2096 577 2435 649; x_wconf 74' lang='grc' dir='ltr'><strong>ἡμερότητος</strong></span> <span class='ocrx_word' id='word_1_42' title='bbox 2485 577 2580 630; x_wconf 69' lang='grc' dir='ltr'><strong>καὶ</strong></span> <span class='ocrx_word' id='word_1_43' title='bbox 2626 572 3036 645; x_wconf 76' lang='grc' dir='ltr'><strong>φιλανθρωπίας</strong></span> <span class='ocrx_word' id='word_1_44' title='bbox 3087 570 3451 643; x_wconf 72' lang='grc' dir='ltr'><strong>δωρούμενος,</strong></span> <span class='ocrx_word' id='word_1_45' title='bbox 3509 575 3862 646; x_wconf 73' lang='grc' dir='ltr'>ἑτοιμότατδν</span> 
     </span>
    </p>
   </div>
   <div class='ocr_carea' id='block_1_9' title="bbox 564 663 3861 741">
    <p class='ocr_par' dir='ltr' id='par_1_9' title="bbox 564 663 3861 741">
     <span class='ocr_line' id='line_1_9' title="bbox 564 663 3861 741; baseline -0 -18"><span class='ocrx_word' id='word_1_46' title='bbox 564 688 624 725; x_wconf 84' lang='grc' dir='ltr'><strong>τε</strong></span> <span class='ocrx_word' id='word_1_47' title='bbox 666 673 724 725; x_wconf 66' lang='grc' dir='ltr'><strong>τὸ</strong></span> <span class='ocrx_word' id='word_1_48' title='bbox 754 669 846 733; x_wconf 84' lang='grc' dir='ltr'>οὖς</span> <span class='ocrx_word' id='word_1_49' title='bbox 888 669 1102 740; x_wconf 80' lang='grc' dir='ltr'>ὑπέχων</span> <span class='ocrx_word' id='word_1_50' title='bbox 1140 672 1259 728; x_wconf 78' lang='grc' dir='ltr'>ταῖς</span> <span class='ocrx_word' id='word_1_51' title='bbox 1314 670 1448 741; x_wconf 79' lang='grc' dir='ltr'>παρ’</span> <span class='ocrx_word' id='word_1_52' title='bbox 1484 670 1662 723; x_wconf 73' lang='grc' dir='ltr'>αὐτῶν</span> <span class='ocrx_word' id='word_1_53' title='bbox 1703 671 1982 739; x_wconf 76' lang='grc' dir='ltr'><strong>ἱκετείαις,</strong></span> <span class='ocrx_word' id='word_1_54' title='bbox 2038 668 2397 724; x_wconf 72' lang='grc' dir='ltr'><strong>διαδείκνυσιν</strong></span> <span class='ocrx_word' id='word_1_55' title='bbox 2424 665 2616 733; x_wconf 73' lang='grc' dir='ltr'>εἰπὼν,</span> <span class='ocrx_word' id='word_1_56' title='bbox 2654 666 2736 719; x_wconf 74' lang='grc' dir='ltr'>ὅτι</span> <span class='ocrx_word' id='word_1_57' title='bbox 2767 685 2785 716; x_wconf 81' lang='grc' dir='ltr'>ι</span> <span class='ocrx_word' id='word_1_58' title='bbox 2828 665 2963 735; x_wconf 72' lang='grc' dir='ltr'>Πρὶν</span> <span class='ocrx_word' id='word_1_59' title='bbox 2999 663 3267 735; x_wconf 77' lang='grc' dir='ltr'>κεκράξαι</span> <span class='ocrx_word' id='word_1_60' title='bbox 3335 665 3557 732; x_wconf 77' lang='grc' dir='ltr'>αὐτοὺς,</span> <span class='ocrx_word' id='word_1_61' title='bbox 3585 667 3699 736; x_wconf 72' lang='grc' dir='ltr'>ἐγὼ</span> <span class='ocrx_word' id='word_1_62' title='bbox 3740 670 3861 722; x_wconf 82' lang='grc' dir='ltr'>εἰσ-</span> 
     </span>
    </p>
   </div>
   <div class='ocr_carea' id='block_1_10' title="bbox 564 760 2467 835">
    <p class='ocr_par' dir='ltr' id='par_1_10' title="bbox 564 760 2467 835">
     <span class='ocr_line' id='line_1_10' title="bbox 564 760 2467 835; baseline -0.003 -19"><span class='ocrx_word' id='word_1_63' title='bbox 564 761 866 831; x_wconf 82' lang='grc' dir='ltr'>ακούσομαι</span> <span class='ocrx_word' id='word_1_64' title='bbox 910 760 1109 814; x_wconf 81' lang='grc' dir='ltr'>αὐτῶν.</span> <span class='ocrx_word' id='word_1_65' title='bbox 1161 763 1281 815; x_wconf 85' lang='grc' dir='ltr'>Ἔτι</span> <span class='ocrx_word' id='word_1_66' title='bbox 1342 761 1645 815; x_wconf 80' lang='grc' dir='ltr'><strong>λαλούντων</strong></span> <span class='ocrx_word' id='word_1_67' title='bbox 1694 762 1896 828; x_wconf 75' lang='grc' dir='ltr'>αὐτῶν,</span> <span class='ocrx_word' id='word_1_68' title='bbox 1944 763 2075 835; x_wconf 77' lang='grc' dir='ltr'><strong>ἐρῶ·</strong></span> <span class='ocrx_word' id='word_1_69' title='bbox 2128 760 2193 815; x_wconf 85' lang='grc' dir='ltr'>Τί</span> <span class='ocrx_word' id='word_1_70' title='bbox 2231 761 2410 824; x_wconf 83' lang='grc' dir='ltr'>ὲστιν;</span> <span class='ocrx_word' id='word_1_71' title='bbox 2448 779 2467 811; x_wconf 74' lang='grc' dir='ltr'><strong>ι</strong></span> 
     </span>
    </p>
   </div>
   <div class='ocr_carea' id='block_1_11' title="bbox 646 852 2151 926">
    <p class='ocr_par' dir='ltr' id='par_1_11' title="bbox 646 852 2151 926">
     <span class='ocr_line' id='line_1_11' title="bbox 646 852 2151 926; baseline 0.003 -20"><span class='ocrx_word' id='word_1_72' title='bbox 646 852 808 909; x_wconf 75' lang='lat' dir='ltr'><strong>Vens.</strong></span> <span class='ocrx_word' id='word_1_73' title='bbox 861 852 951 907; x_wconf 77' lang='grc'><strong>25.</strong></span> <span class='ocrx_word' id='word_1_74' title='bbox 998 853 1143 908; x_wconf 86' lang='lat' dir='ltr'><strong>Tum:</strong></span> <span class='ocrx_word' id='word_1_75' title='bbox 1165 855 1275 925; x_wconf 81' lang='lat' dir='ltr'><strong>lupi</strong></span> <span class='ocrx_word' id='word_1_76' title='bbox 1309 866 1357 910; x_wconf 75' lang='lat' dir='ltr'><strong>et</strong></span> <span class='ocrx_word' id='word_1_77' title='bbox 1391 858 1513 926; x_wconf 85' lang='lat' dir='ltr'><strong>agni</strong></span> <span class='ocrx_word' id='word_1_78' title='bbox 1533 868 1813 926; x_wconf 74' lang='lat' dir='ltr'><strong>pascentur</strong></span> <span class='ocrx_word' id='word_1_79' title='bbox 1863 859 2043 921; x_wconf 85' lang='lat' dir='ltr'><strong>simul,</strong></span> <span class='ocrx_word' id='word_1_80' title='bbox 2104 866 2151 911; x_wconf 86' lang='lat' dir='ltr'><strong>el</strong></span> 
     </span>
    </p>
   </div>
   <div class='ocr_carea' id='block_1_12' title="bbox 562 943 2147 1015">
    <p class='ocr_par' dir='ltr' id='par_1_12' title="bbox 562 943 2147 1015">
     <span class='ocr_line' id='line_1_12' title="bbox 562 943 2147 1015; baseline 0.004 -21"><span class='ocrx_word' id='word_1_81' title='bbox 562 944 643 996; x_wconf 62' lang='lat' dir='ltr'><strong>ira</strong></span> <span class='ocrx_word' id='word_1_82' title='bbox 674 943 827 1013; x_wconf 84' lang='lat' dir='ltr'><strong>quasi</strong></span> <span class='ocrx_word' id='word_1_83' title='bbox 888 944 977 998; x_wconf 82' lang='lat' dir='ltr'><strong>bos</strong></span> <span class='ocrx_word' id='word_1_84' title='bbox 1029 947 1261 1000; x_wconf 74' lang='lat' dir='ltr'><strong>comedet</strong></span> <span class='ocrx_word' id='word_1_85' title='bbox 1312 946 1517 1015; x_wconf 83' lang='lat' dir='ltr'><strong>paleas,</strong></span> <span class='ocrx_word' id='word_1_86' title='bbox 1580 959 1630 1002; x_wconf 82' lang='lat' dir='ltr'><strong>st</strong></span> <span class='ocrx_word' id='word_1_87' title='bbox 1663 965 1872 1015; x_wconf 82' lang='lat' dir='ltr'><strong>serpens</strong></span> <span class='ocrx_word' id='word_1_88' title='bbox 1926 958 2147 1013; x_wconf 77' lang='lat' dir='ltr'><strong>terram,</strong></span> 
     </span>
    </p>
   </div>
   <div class='ocr_carea' id='block_1_13' title="bbox 561 1032 2146 1108">
    <p class='ocr_par' dir='ltr' id='par_1_13' title="bbox 561 1032 2146 1108">
     <span class='ocr_line' id='line_1_13' title="bbox 561 1032 2146 1108; baseline 0.006 -25"><span class='ocrx_word' id='word_1_89' title='bbox 561 1033 714 1099; x_wconf 82' lang='lat' dir='ltr'><strong>quasi</strong></span> <span class='ocrx_word' id='word_1_90' title='bbox 755 1048 964 1100; x_wconf 83' lang='lat' dir='ltr'><strong>panem.</strong></span> <span class='ocrx_word' id='word_1_91' title='bbox 1004 1032 1127 1087; x_wconf 87' lang='lat' dir='ltr'><strong>Non</strong></span> <span class='ocrx_word' id='word_1_92' title='bbox 1177 1036 1453 1102; x_wconf 78' lang='lat' dir='ltr'><strong>nocebunt,</strong></span> <span class='ocrx_word' id='word_1_93' title='bbox 1496 1053 1659 1107; x_wconf 82' lang='lat' dir='ltr'><strong>neque</strong></span> <span class='ocrx_word' id='word_1_94' title='bbox 1696 1047 2035 1108; x_wconf 82' lang='lat' dir='ltr'><strong>corrumpent</strong></span> <span class='ocrx_word' id='word_1_95' title='bbox 2090 1038 2146 1092; x_wconf 85' lang='lat' dir='ltr'><strong>in</strong></span> 
     </span>
    </p>
   </div>
   <div class='ocr_carea' id='block_1_14' title="bbox 562 1125 1569 1190">
    <p class='ocr_par' dir='ltr' id='par_1_14' title="bbox 562 1125 1569 1190">
     <span class='ocr_line' id='line_1_14' title="bbox 562 1125 1569 1190; baseline 0.006 -15"><span class='ocrx_word' id='word_1_96' title='bbox 562 1131 737 1175; x_wconf 80' lang='lat' dir='ltr'><strong>monte</strong></span> <span class='ocrx_word' id='word_1_97' title='bbox 763 1135 940 1178; x_wconf 74' lang='lat' dir='ltr'><strong>sancto</strong></span> <span class='ocrx_word' id='word_1_98' title='bbox 965 1141 1097 1190; x_wconf 77' lang='lat' dir='ltr'><strong>meo,</strong></span> <span class='ocrx_word' id='word_1_99' title='bbox 1132 1127 1259 1179; x_wconf 83' lang='lat' dir='ltr'><strong>dicit</strong></span> <span class='ocrx_word' id='word_1_100' title='bbox 1294 1125 1569 1181; x_wconf 82' lang='lat' dir='ltr'><strong>Dominus.</strong></span> 
     </span>
    </p>
   </div>
   <div class='ocr_carea' id='block_1_15' title="bbox 631 1213 2141 1289">
    <p class='ocr_par' dir='ltr' id='par_1_15' title="bbox 631 1213 2141 1289">
     <span class='ocr_line' id='line_1_15' title="bbox 631 1213 2141 1289; baseline 0.007 -22"><span class='ocrx_word' id='word_1_101' title='bbox 631 1213 799 1285; x_wconf 75' lang='lat'><strong>906</strong></span> <span class='ocrx_word' id='word_1_102' title='bbox 840 1214 1095 1272; x_wconf 81' lang='lat' dir='ltr'><strong>Bifariam</strong></span> <span class='ocrx_word' id='word_1_103' title='bbox 1138 1219 1253 1274; x_wconf 66' lang='lat' dir='ltr'><strong>haec</strong></span> <span class='ocrx_word' id='word_1_104' title='bbox 1296 1220 1550 1289; x_wconf 78' lang='lat' dir='ltr'><strong>accipies.</strong></span> <span class='ocrx_word' id='word_1_105' title='bbox 1593 1219 1691 1277; x_wconf 83' lang='lat' dir='ltr'><strong>Vel</strong></span> <span class='ocrx_word' id='word_1_106' title='bbox 1726 1222 1871 1277; x_wconf 87' lang='lat' dir='ltr'><strong>enim</strong></span> <span class='ocrx_word' id='word_1_107' title='bbox 1914 1222 2141 1277; x_wconf 85' lang='lat' dir='ltr'><strong>duorum</strong></span> 
     </span>
    </p>
   </div>
   <div class='ocr_carea' id='block_1_16' title="bbox 567 1307 2147 1387">
    <p class='ocr_par' dir='ltr' id='par_1_16' title="bbox 567 1307 2147 1387">
     <span class='ocr_line' id='line_1_16' title="bbox 567 1307 2147 1387; baseline 0.008 -30"><span class='ocrx_word' id='word_1_108' title='bbox 567 1307 885 1375; x_wconf 72' lang='lat' dir='ltr'><strong>populorum</strong></span> <span class='ocrx_word' id='word_1_109' title='bbox 930 1325 1026 1378; x_wconf 85' lang='lat' dir='ltr'><strong>per</strong></span> <span class='ocrx_word' id='word_1_110' title='bbox 1068 1309 1227 1367; x_wconf 78' lang='lat' dir='ltr'><strong>(idem</strong></span> <span class='ocrx_word' id='word_1_111' title='bbox 1273 1313 1530 1368; x_wconf 89' lang='lat' dir='ltr'><strong>unionem</strong></span> <span class='ocrx_word' id='word_1_112' title='bbox 1596 1314 1906 1384; x_wconf 77' lang='lat' dir='ltr'><strong>signiﬁcare</strong></span> <span class='ocrx_word' id='word_1_113' title='bbox 1971 1325 2147 1387; x_wconf 85' lang='lat' dir='ltr'><strong>potest</strong></span> 
     </span>
    </p>
   </div>
   <div class='ocr_carea' id='block_1_17' title="bbox 560 1396 2144 1476">
    <p class='ocr_par' dir='ltr' id='par_1_17' title="bbox 560 1396 2144 1476">
     <span class='ocr_line' id='line_1_17' title="bbox 560 1396 2144 1476; baseline 0.008 -26"><span class='ocrx_word' id='word_1_114' title='bbox 560 1396 828 1450; x_wconf 80' lang='lat' dir='ltr'><strong>sententia</strong></span> <span class='ocrx_word' id='word_1_115' title='bbox 872 1398 1229 1468; x_wconf 87' lang='lat' dir='ltr'><strong>prophetica;</strong></span> <span class='ocrx_word' id='word_1_116' title='bbox 1261 1402 1341 1455; x_wconf 89' lang='lat' dir='ltr'><strong>vel</strong></span> <span class='ocrx_word' id='word_1_117' title='bbox 1385 1404 1473 1470; x_wconf 88' lang='lat' dir='ltr'><strong>qui</strong></span> <span class='ocrx_word' id='word_1_118' title='bbox 1519 1407 1788 1475; x_wconf 90' lang='lat' dir='ltr'><strong>quondam</strong></span> <span class='ocrx_word' id='word_1_119' title='bbox 1851 1410 2144 1476; x_wconf 81' lang='lat' dir='ltr'><strong>agrestium</strong></span> 
     </span>
    </p>
   </div>
   <div class='ocr_carea' id='block_1_18' title="bbox 562 1485 2141 1562">
    <p class='ocr_par' dir='ltr' id='par_1_18' title="bbox 562 1485 2141 1562">
     <span class='ocr_line' id='line_1_18' title="bbox 562 1485 2141 1562; baseline 0.008 -23"><span class='ocrx_word' id='word_1_120' title='bbox 562 1485 802 1541; x_wconf 78' lang='lat' dir='ltr'><strong>ferarum</strong></span> <span class='ocrx_word' id='word_1_121' title='bbox 845 1504 996 1544; x_wconf 89' lang='lat' dir='ltr'><strong>more</strong></span> <span class='ocrx_word' id='word_1_122' title='bbox 1041 1494 1246 1548; x_wconf 81' lang='lat' dir='ltr'><strong>sanctis</strong></span> <span class='ocrx_word' id='word_1_123' title='bbox 1302 1493 1718 1562; x_wconf 89' lang='lat' dir='ltr'><strong>insultaverunt,</strong></span> <span class='ocrx_word' id='word_1_124' title='bbox 1746 1504 1804 1551; x_wconf 87' lang='lat' dir='ltr'><strong>et</strong></span> <span class='ocrx_word' id='word_1_125' title='bbox 1847 1496 2141 1552; x_wconf 70' lang='lat' dir='ltr'><strong>Ecclesium</strong></span> 
     </span>
    </p>
   </div>
   <div class='ocr_carea' id='block_1_19' title="bbox 563 1579 2143 1654">
    <p class='ocr_par' dir='ltr' id='par_1_19' title="bbox 563 1579 2143 1654">
     <span class='ocr_line' id='line_1_19' title="bbox 563 1579 2143 1654; baseline 0.008 -23"><span class='ocrx_word' id='word_1_126' title='bbox 563 1579 817 1633; x_wconf 86' lang='lat' dir='ltr'><strong>insectati</strong></span> <span class='ocrx_word' id='word_1_127' title='bbox 880 1590 1028 1647; x_wconf 90' lang='lat' dir='ltr'><strong>sunt,</strong></span> <span class='ocrx_word' id='word_1_128' title='bbox 1072 1584 1416 1652; x_wconf 90' lang='lat' dir='ltr'><strong>serpentibus</strong></span> <span class='ocrx_word' id='word_1_129' title='bbox 1476 1602 1582 1640; x_wconf 89' lang='lat' dir='ltr'><strong>non</strong></span> <span class='ocrx_word' id='word_1_130' title='bbox 1641 1587 1931 1644; x_wconf 88' lang='lat' dir='ltr'><strong>dissimiles</strong></span> <span class='ocrx_word' id='word_1_131' title='bbox 1961 1628 1978 1654; x_wconf 89' lang='lat'><strong>,</strong></span> <span class='ocrx_word' id='word_1_132' title='bbox 2022 1605 2143 1644; x_wconf 87' lang='lat' dir='ltr'><strong>eum</strong></span> 
     </span>
    </p>
   </div>
   <div class='ocr_carea' id='block_1_20' title="bbox 561 1669 2145 1748">
    <p class='ocr_par' dir='ltr' id='par_1_20' title="bbox 561 1669 2145 1748">
     <span class='ocr_line' id='line_1_20' title="bbox 561 1669 2145 1748; baseline 0.009 -25"><span class='ocrx_word' id='word_1_133' title='bbox 561 1669 670 1724; x_wconf 85' lang='lat' dir='ltr'><strong>illis</strong></span> <span class='ocrx_word' id='word_1_134' title='bbox 733 1672 786 1725; x_wconf 90' lang='lat' dir='ltr'><strong>in</strong></span> <span class='ocrx_word' id='word_1_135' title='bbox 849 1688 1014 1727; x_wconf 88' lang='lat' dir='ltr'><strong>unum</strong></span> <span class='ocrx_word' id='word_1_136' title='bbox 1078 1672 1330 1729; x_wconf 81' lang='lat' dir='ltr'><strong>aﬂ‘cctum</strong></span> <span class='ocrx_word' id='word_1_137' title='bbox 1397 1678 1672 1748; x_wconf 85' lang='lat' dir='ltr'><strong>animique</strong></span> <span class='ocrx_word' id='word_1_138' title='bbox 1733 1682 2145 1737; x_wconf 84' lang='lat' dir='ltr'><strong>consensionem</strong></span> 
     </span>
    </p>
   </div>
   <div class='ocr_carea' id='block_1_21' title="bbox 563 1764 2147 1843">
    <p class='ocr_par' dir='ltr' id='par_1_21' title="bbox 563 1764 2147 1843">
     <span class='ocr_line' id='line_1_21' title="bbox 563 1764 2147 1843; baseline 0.008 -27"><span class='ocrx_word' id='word_1_139' title='bbox 563 1764 898 1829; x_wconf 85' lang='lat' dir='ltr'><strong>coalescent,</strong></span> <span class='ocrx_word' id='word_1_140' title='bbox 927 1765 1144 1820; x_wconf 90' lang='lat' dir='ltr'><strong>vinculo</strong></span> <span class='ocrx_word' id='word_1_141' title='bbox 1188 1767 1339 1836; x_wconf 85' lang='lat' dir='ltr'><strong>pacis</strong></span> <span class='ocrx_word' id='word_1_142' title='bbox 1379 1771 1544 1825; x_wconf 89' lang='lat' dir='ltr'><strong>etiam</strong></span> <span class='ocrx_word' id='word_1_143' title='bbox 1589 1770 1829 1843; x_wconf 69' lang='lat' dir='ltr'><strong>colligati</strong></span> <span class='ocrx_word' id='word_1_144' title='bbox 1873 1788 1971 1843; x_wconf 90' lang='lat' dir='ltr'><strong>per</strong></span> <span class='ocrx_word' id='word_1_145' title='bbox 1992 1774 2147 1828; x_wconf 86' lang='lat' dir='ltr'><strong>Chri-</strong></span> 
     </span>
    </p>
   </div>
   <div class='ocr_carea' id='block_1_22' title="bbox 563 1857 2147 1935">
    <p class='ocr_par' dir='ltr' id='par_1_22' title="bbox 563 1857 2147 1935">
     <span class='ocr_line' id='line_1_22' title="bbox 563 1857 2147 1935; baseline 0.005 -23"><span class='ocrx_word' id='word_1_146' title='bbox 563 1866 731 1922; x_wconf 75' lang='lat' dir='ltr'><strong>Stum,</strong></span> <span class='ocrx_word' id='word_1_147' title='bbox 756 1857 853 1927; x_wconf 88' lang='lat' dir='ltr'><strong>qui</strong></span> <span class='ocrx_word' id='word_1_148' title='bbox 888 1857 1159 1925; x_wconf 85' lang='lat' dir='ltr'><strong>justiticat</strong></span> <span class='ocrx_word' id='word_1_149' title='bbox 1198 1859 1421 1929; x_wconf 88' lang='lat' dir='ltr'><strong>impium</strong></span> <span class='ocrx_word' id='word_1_150' title='bbox 1451 1874 1503 1918; x_wconf 85' lang='lat' dir='ltr'><strong>et</strong></span> <span class='ocrx_word' id='word_1_151' title='bbox 1526 1864 1671 1933; x_wconf 89' lang='lat' dir='ltr'><strong>quod</strong></span> <span class='ocrx_word' id='word_1_152' title='bbox 1714 1864 2017 1935; x_wconf 85' lang='lat' dir='ltr'><strong>dispersum</strong></span> <span class='ocrx_word' id='word_1_153' title='bbox 2063 1875 2147 1922; x_wconf 88' lang='lat' dir='ltr'><strong>est</strong></span> 
     </span>
    </p>
   </div>
   <div class='ocr_carea' id='block_1_23' title="bbox 563 1946 2146 2019">
    <p class='ocr_par' dir='ltr' id='par_1_23' title="bbox 563 1946 2146 2019">
     <span class='ocr_line' id='line_1_23' title="bbox 563 1946 2146 2019; baseline 0.008 -20"><span class='ocrx_word' id='word_1_154' title='bbox 563 1946 789 2016; x_wconf 80' lang='lat' dir='ltr'><strong>colligit,</strong></span> <span class='ocrx_word' id='word_1_155' title='bbox 829 1963 894 2004; x_wconf 88' lang='lat' dir='ltr'><strong>ac</strong></span> <span class='ocrx_word' id='word_1_156' title='bbox 957 1949 1078 2005; x_wconf 89' lang='lat' dir='ltr'><strong>luce</strong></span> <span class='ocrx_word' id='word_1_157' title='bbox 1138 1952 1341 2019; x_wconf 87' lang='lat' dir='ltr'><strong>divina,</strong></span> <span class='ocrx_word' id='word_1_158' title='bbox 1395 1955 1631 2011; x_wconf 87' lang='lat' dir='ltr'><strong>tenebris</strong></span> <span class='ocrx_word' id='word_1_159' title='bbox 1693 1955 1990 2012; x_wconf 89' lang='lat' dir='ltr'><strong>involutum</strong></span> <span class='ocrx_word' id='word_1_160' title='bbox 2034 1959 2146 2013; x_wconf 83' lang='lat' dir='ltr'><strong>col-</strong></span> 
     </span>
    </p>
   </div>
   <div class='ocr_carea' id='block_1_24' title="bbox 564 2037 2143 2111">
    <p class='ocr_par' dir='ltr' id='par_1_24' title="bbox 564 2037 2143 2111">
     <span class='ocr_line' id='line_1_24' title="bbox 564 2037 2143 2111; baseline 0.009 -21"><span class='ocrx_word' id='word_1_161' title='bbox 564 2037 780 2106; x_wconf 81' lang='lat' dir='ltr'><strong>lustrat,</strong></span> <span class='ocrx_word' id='word_1_162' title='bbox 829 2041 1120 2111; x_wconf 88' lang='lat' dir='ltr'><strong>omniaque</strong></span> <span class='ocrx_word' id='word_1_163' title='bbox 1159 2046 1429 2100; x_wconf 83' lang='lat' dir='ltr'><strong>convertit</strong></span> <span class='ocrx_word' id='word_1_164' title='bbox 1470 2047 1523 2101; x_wconf 91' lang='lat' dir='ltr'><strong>in</strong></span> <span class='ocrx_word' id='word_1_165' title='bbox 1549 2047 1759 2102; x_wconf 88' lang='lat' dir='ltr'><strong>melius.</strong></span> <span class='ocrx_word' id='word_1_166' title='bbox 1810 2047 1967 2102; x_wconf 84' lang='lat' dir='ltr'><strong>Facit</strong></span> <span class='ocrx_word' id='word_1_167' title='bbox 2000 2049 2143 2104; x_wconf 89' lang='lat' dir='ltr'><strong>enim</strong></span> 
     </span>
    </p>
   </div>
   <div class='ocr_carea' id='block_1_25' title="bbox 563 2131 2146 2207">
    <p class='ocr_par' dir='ltr' id='par_1_25' title="bbox 563 2131 2146 2207">
     <span class='ocr_line' id='line_1_25' title="bbox 563 2131 2146 2207; baseline 0.007 -24"><span class='ocrx_word' id='word_1_168' title='bbox 563 2131 745 2185; x_wconf 88' lang='lat' dir='ltr'><strong>omnia</strong></span> <span class='ocrx_word' id='word_1_169' title='bbox 773 2171 787 2196; x_wconf 91' lang='lat'><strong>,</strong></span> <span class='ocrx_word' id='word_1_170' title='bbox 832 2142 888 2187; x_wconf 92' lang='lat' dir='ltr'><strong>et</strong></span> <span class='ocrx_word' id='word_1_171' title='bbox 931 2134 1319 2202; x_wconf 76' lang='lat' dir='ltr'><strong>transformat,</strong></span> <span class='ocrx_word' id='word_1_172' title='bbox 1360 2137 1435 2192; x_wconf 90' lang='lat' dir='ltr'><strong>uti</strong></span> <span class='ocrx_word' id='word_1_173' title='bbox 1478 2138 1740 2207; x_wconf 86' lang='lat' dir='ltr'><strong>scriptum</strong></span> <span class='ocrx_word' id='word_1_174' title='bbox 1778 2148 1865 2193; x_wconf 88' lang='lat' dir='ltr'><strong>est</strong></span> <span class='ocrx_word' id='word_1_175' title='bbox 1899 2138 1968 2191; x_wconf 62' lang='lat'><strong>3°.</strong></span> <span class='ocrx_word' id='word_1_176' title='bbox 2000 2138 2146 2194; x_wconf 75' lang='lat' dir='ltr'><strong>llzedi</strong></span> 
     </span>
    </p>
   </div>
   <div class='ocr_carea' id='block_1_26' title="bbox 561 2223 2145 2296">
    <p class='ocr_par' dir='ltr' id='par_1_26' title="bbox 561 2223 2145 2296">
     <span class='ocr_line' id='line_1_26' title="bbox 561 2223 2145 2296; baseline 0.007 -23"><span class='ocrx_word' id='word_1_177' title='bbox 561 2233 693 2288; x_wconf 73' lang='lat' dir='ltr'><strong>ergo</strong></span> <span class='ocrx_word' id='word_1_178' title='bbox 746 2229 801 2275; x_wconf 92' lang='lat' dir='ltr'><strong>et</strong></span> <span class='ocrx_word' id='word_1_179' title='bbox 861 2223 985 2292; x_wconf 76' lang='lat' dir='ltr'><strong>agni</strong></span> <span class='ocrx_word' id='word_1_180' title='bbox 1051 2240 1118 2278; x_wconf 80' lang='lat' dir='ltr'><strong>ex</strong></span> <span class='ocrx_word' id='word_1_181' title='bbox 1171 2224 1287 2296; x_wconf 75' lang='lat' dir='ltr'><strong>lege</strong></span> <span class='ocrx_word' id='word_1_182' title='bbox 1346 2237 1503 2281; x_wconf 89' lang='lat' dir='ltr'><strong>erant</strong></span> <span class='ocrx_word' id='word_1_183' title='bbox 1570 2235 1784 2282; x_wconf 87' lang='lat' dir='ltr'><strong>sacrata</strong></span> <span class='ocrx_word' id='word_1_184' title='bbox 1840 2237 1895 2282; x_wconf 93' lang='lat' dir='ltr'><strong>et</strong></span> <span class='ocrx_word' id='word_1_185' title='bbox 1948 2230 2145 2284; x_wconf 88' lang='lat' dir='ltr'><strong>munda</strong></span> 
     </span>
    </p>
   </div>
   <div class='ocr_carea' id='block_1_27' title="bbox 564 2309 2146 2381">
    <p class='ocr_par' dir='ltr' id='par_1_27' title="bbox 564 2309 2146 2381">
     <span class='ocr_line' id='line_1_27' title="bbox 564 2309 2146 2381; baseline 0.008 -20"><span class='ocrx_word' id='word_1_186' title='bbox 564 2309 815 2381; x_wconf 79' lang='lat' dir='ltr'><strong>animalia</strong></span> <span class='ocrx_word' id='word_1_187' title='bbox 843 2351 859 2376; x_wconf 89' lang='lat'><strong>,</strong></span> <span class='ocrx_word' id='word_1_188' title='bbox 899 2313 1036 2368; x_wconf 87' lang='lat' dir='ltr'><strong>adeo</strong></span> <span class='ocrx_word' id='word_1_189' title='bbox 1081 2323 1140 2368; x_wconf 91' lang='lat' dir='ltr'><strong>ut</strong></span> <span class='ocrx_word' id='word_1_190' title='bbox 1176 2316 1243 2369; x_wconf 89' lang='lat' dir='ltr'><strong>ad</strong></span> <span class='ocrx_word' id='word_1_191' title='bbox 1304 2316 1550 2371; x_wconf 88' lang='lat' dir='ltr'><strong>divinum</strong></span> <span class='ocrx_word' id='word_1_192' title='bbox 1599 2318 1772 2373; x_wconf 87' lang='lat' dir='ltr'><strong>altare</strong></span> <span class='ocrx_word' id='word_1_193' title='bbox 1815 2317 2146 2373; x_wconf 87' lang='lat' dir='ltr'><strong>adduceren-</strong></span> 
     </span>
    </p>
   </div>
   <div class='ocr_carea' id='block_1_28' title="bbox 565 2406 2150 2482">
    <p class='ocr_par' dir='ltr' id='par_1_28' title="bbox 565 2406 2150 2482">
     <span class='ocr_line' id='line_1_28' title="bbox 565 2406 2150 2482; baseline 0.007 -25"><span class='ocrx_word' id='word_1_194' title='bbox 565 2414 675 2469; x_wconf 85' lang='lat' dir='ltr'><strong>tur,</strong></span> <span class='ocrx_word' id='word_1_195' title='bbox 721 2406 863 2461; x_wconf 89' lang='lat' dir='ltr'><strong>etin</strong></span> <span class='ocrx_word' id='word_1_196' title='bbox 896 2408 1125 2465; x_wconf 83' lang='lat' dir='ltr'><strong>odorem</strong></span> <span class='ocrx_word' id='word_1_197' title='bbox 1169 2410 1352 2466; x_wconf 87' lang='lat' dir='ltr'><strong>suavis</strong></span> <span class='ocrx_word' id='word_1_198' title='bbox 1396 2412 1706 2482; x_wconf 71' lang='lat' dir='ltr'><strong>fragrantia:</strong></span> <span class='ocrx_word' id='word_1_199' title='bbox 1735 2414 1844 2470; x_wconf 90' lang='lat' dir='ltr'><strong>Deo</strong></span> <span class='ocrx_word' id='word_1_200' title='bbox 1892 2414 2150 2471; x_wconf 72' lang='lat' dir='ltr'><strong>offerren-</strong></span> 
     </span>
    </p>
   </div>
   <div class='ocr_carea' id='block_1_29' title="bbox 563 2494 2148 2572">
    <p class='ocr_par' dir='ltr' id='par_1_29' title="bbox 563 2494 2148 2572">
     <span class='ocr_line' id='line_1_29' title="bbox 563 2494 2148 2572; baseline 0.006 -22"><span class='ocrx_word' id='word_1_201' title='bbox 563 2503 674 2550; x_wconf 88' lang='lat' dir='ltr'><strong>tur.</strong></span> <span class='ocrx_word' id='word_1_202' title='bbox 706 2494 892 2567; x_wconf 88' lang='lat' dir='ltr'><strong>Lupus</strong></span> <span class='ocrx_word' id='word_1_203' title='bbox 925 2509 1103 2555; x_wconf 88' lang='lat' dir='ltr'><strong>autem</strong></span> <span class='ocrx_word' id='word_1_204' title='bbox 1148 2510 1205 2556; x_wconf 87' lang='lat' dir='ltr'><strong>et</strong></span> <span class='ocrx_word' id='word_1_205' title='bbox 1252 2500 1357 2568; x_wconf 84' lang='lat' dir='ltr'><strong>leo,</strong></span> <span class='ocrx_word' id='word_1_206' title='bbox 1392 2501 1615 2571; x_wconf 82' lang='lat' dir='ltr'><strong>profana</strong></span> <span class='ocrx_word' id='word_1_207' title='bbox 1661 2519 1724 2559; x_wconf 88' lang='lat' dir='ltr'><strong>ac</strong></span> <span class='ocrx_word' id='word_1_208' title='bbox 1767 2504 2067 2572; x_wconf 81' lang='lat' dir='ltr'><strong>immunda,</strong></span> <span class='ocrx_word' id='word_1_209' title='bbox 2092 2515 2148 2560; x_wconf 90' lang='lat' dir='ltr'><strong>et</strong></span> 
     </span>
    </p>
   </div>
   <div class='ocr_carea' id='block_1_30' title="bbox 564 2583 2145 2662">
    <p class='ocr_par' dir='ltr' id='par_1_30' title="bbox 564 2583 2145 2662">
     <span class='ocr_line' id='line_1_30' title="bbox 564 2583 2145 2662; baseline 0.006 -25"><span class='ocrx_word' id='word_1_210' title='bbox 564 2583 652 2640; x_wconf 86' lang='lat' dir='ltr'><strong>his</strong></span> <span class='ocrx_word' id='word_1_211' title='bbox 706 2600 828 2657; x_wconf 71' lang='lat' dir='ltr'><strong>qua:</strong></span> <span class='ocrx_word' id='word_1_212' title='bbox 876 2588 1284 2645; x_wconf 87' lang='lat' dir='ltr'><strong>nominavimus</strong></span> <span class='ocrx_word' id='word_1_213' title='bbox 1312 2588 1530 2647; x_wconf 77' lang='lat' dir='ltr'><strong>infesta.</strong></span> <span class='ocrx_word' id='word_1_214' title='bbox 1581 2590 1817 2661; x_wconf 88' lang='lat' dir='ltr'><strong>Serpens</strong></span> <span class='ocrx_word' id='word_1_215' title='bbox 1860 2603 2145 2662; x_wconf 80' lang='lat' dir='ltr'><strong>praetcrea,</strong></span> 
     </span>
    </p>
   </div>
   <div class='ocr_carea' id='block_1_31' title="bbox 563 2675 2147 2751">
    <p class='ocr_par' dir='ltr' id='par_1_31' title="bbox 563 2675 2147 2751">
     <span class='ocr_line' id='line_1_31' title="bbox 563 2675 2147 2751; baseline 0.006 -21"><span class='ocrx_word' id='word_1_216' title='bbox 563 2675 783 2741; x_wconf 53' lang='lat' dir='ltr'><strong>homini</strong></span> <span class='ocrx_word' id='word_1_217' title='bbox 836 2678 1268 2747; x_wconf 83' lang='lat' dir='ltr'><strong>inimicissimus,</strong></span> <span class='ocrx_word' id='word_1_218' title='bbox 1304 2690 1358 2736; x_wconf 88' lang='lat' dir='ltr'><strong>et</strong></span> <span class='ocrx_word' id='word_1_219' title='bbox 1405 2692 1611 2737; x_wconf 79' lang='lat' dir='ltr'><strong>natura:</strong></span> <span class='ocrx_word' id='word_1_220' title='bbox 1669 2683 1877 2751; x_wconf 83' lang='lat' dir='ltr'><strong>legibus</strong></span> <span class='ocrx_word' id='word_1_221' title='bbox 1930 2685 1998 2740; x_wconf 89' lang='lat' dir='ltr'><strong>ad</strong></span> <span class='ocrx_word' id='word_1_222' title='bbox 2045 2684 2147 2739; x_wconf 87' lang='lat' dir='ltr'><strong>hoc</strong></span> 
     </span>
    </p>
   </div>
   <div class='ocr_carea' id='block_1_32' title="bbox 567 2766 2147 2844">
    <p class='ocr_par' dir='ltr' id='par_1_32' title="bbox 567 2766 2147 2844">
     <span class='ocr_line' id='line_1_32' title="bbox 567 2766 2147 2844; baseline 0.005 -23"><span class='ocrx_word' id='word_1_223' title='bbox 567 2766 846 2824; x_wconf 81' lang='lat' dir='ltr'><strong>incitatus.</strong></span> <span class='ocrx_word' id='word_1_224' title='bbox 901 2768 1102 2826; x_wconf 74' lang='lat' dir='ltr'><strong>Verum</strong></span> <span class='ocrx_word' id='word_1_225' title='bbox 1151 2787 1275 2827; x_wconf 91' lang='lat' dir='ltr'><strong>cum</strong></span> <span class='ocrx_word' id='word_1_226' title='bbox 1325 2774 1410 2829; x_wconf 91' lang='lat' dir='ltr'><strong>his</strong></span> <span class='ocrx_word' id='word_1_227' title='bbox 1453 2776 1545 2842; x_wconf 91' lang='lat' dir='ltr'><strong>qui</strong></span> <span class='ocrx_word' id='word_1_228' title='bbox 1585 2773 1638 2827; x_wconf 93' lang='lat' dir='ltr'><strong>in</strong></span> <span class='ocrx_word' id='word_1_229' title='bbox 1680 2775 1900 2829; x_wconf 79' lang='lat' dir='ltr'><strong>Christo</strong></span> <span class='ocrx_word' id='word_1_230' title='bbox 1950 2792 2147 2844; x_wconf 79' lang='lat' dir='ltr'><strong>purga-</strong></span> 
     </span>
    </p>
   </div>
   <div class='ocr_carea' id='block_1_33' title="bbox 2332 846 3863 924">
    <p class='ocr_par' dir='ltr' id='par_1_33' title="bbox 2332 846 3863 924">
     <span class='ocr_line' id='line_1_33' title="bbox 2332 846 3863 924; baseline 0 -16"><span class='ocrx_word' id='word_1_231' title='bbox 2332 855 2470 908; x_wconf 86' lang='grc' dir='ltr'>Τότε</span> <span class='ocrx_word' id='word_1_232' title='bbox 2494 855 2672 909; x_wconf 74' lang='grc' dir='ltr'>λύκοι</span> <span class='ocrx_word' id='word_1_233' title='bbox 2718 853 2819 908; x_wconf 76' lang='grc' dir='ltr'><strong>καί</strong></span> <span class='ocrx_word' id='word_1_234' title='bbox 2842 848 3021 922; x_wconf 71' lang='grc' dir='ltr'>ἄρνες</span> <span class='ocrx_word' id='word_1_235' title='bbox 3038 851 3546 920; x_wconf 59' lang='grc' dir='ltr'>,ϐοσκηθήσονται</span> <span class='ocrx_word' id='word_1_236' title='bbox 3578 853 3725 924; x_wconf 82' lang='grc' dir='ltr'>ἅμα,</span> <span class='ocrx_word' id='word_1_237' title='bbox 3753 846 3863 908; x_wconf 72' lang='grc' dir='ltr'>καὶ</span> 
     </span>
    </p>
   </div>
   <div class='ocr_carea' id='block_1_34' title="bbox 2252 942 3865 1016">
    <p class='ocr_par' dir='ltr' id='par_1_34' title="bbox 2252 942 3865 1016">
     <span class='ocr_line' id='line_1_34' title="bbox 2252 942 3865 1016; baseline -0.001 -16"><span class='ocrx_word' id='word_1_238' title='bbox 2252 945 2411 1000; x_wconf 72' lang='grc' dir='ltr'>λέων</span> <span class='ocrx_word' id='word_1_239' title='bbox 2449 945 2530 1012; x_wconf 87' lang='grc' dir='ltr'>ὡς</span> <span class='ocrx_word' id='word_1_240' title='bbox 2574 944 2732 1011; x_wconf 83' lang='grc' dir='ltr'><em>βοῦς</em></span> <span class='ocrx_word' id='word_1_241' title='bbox 2774 944 3022 1016; x_wconf 74' lang='grc' dir='ltr'>φάγεται</span> <span class='ocrx_word' id='word_1_242' title='bbox 3054 942 3271 1013; x_wconf 83' lang='grc' dir='ltr'>ἄχυρα,</span> <span class='ocrx_word' id='word_1_243' title='bbox 3328 942 3467 1013; x_wconf 67' lang='grc' dir='ltr'><strong>ὄφις</strong></span> <span class='ocrx_word' id='word_1_244' title='bbox 3511 943 3583 997; x_wconf 76' lang='grc' dir='ltr'>δὲ</span> <span class='ocrx_word' id='word_1_245' title='bbox 3620 945 3741 1016; x_wconf 75' lang='grc' dir='ltr'><strong>γῆν</strong></span> <span class='ocrx_word' id='word_1_246' title='bbox 3774 947 3865 1013; x_wconf 86' lang='grc' dir='ltr'>ὡς</span> 
     </span>
    </p>
   </div>
   <div class='ocr_carea' id='block_1_35' title="bbox 2250 1032 3865 1105">
    <p class='ocr_par' dir='ltr' id='par_1_35' title="bbox 2250 1032 3865 1105">
     <span class='ocr_line' id='line_1_35' title="bbox 2250 1032 3865 1105; baseline -0.007 -16"><span class='ocrx_word' id='word_1_247' title='bbox 2250 1036 2453 1103; x_wconf 75' lang='grc' dir='ltr'>ἄρτον.</span> <span class='ocrx_word' id='word_1_248' title='bbox 2482 1038 2603 1091; x_wconf 84' lang='grc' dir='ltr'><strong>Οὐκ</strong></span> <span class='ocrx_word' id='word_1_249' title='bbox 2638 1032 3065 1102; x_wconf 80' lang='grc' dir='ltr'><strong>ἀδικήσουσιν,</strong></span> <span class='ocrx_word' id='word_1_250' title='bbox 3100 1034 3228 1089; x_wconf 84' lang='grc' dir='ltr'><strong>οὐδ’</strong></span> <span class='ocrx_word' id='word_1_251' title='bbox 3260 1036 3333 1089; x_wconf 85' lang='grc' dir='ltr'><strong>οὐ</strong></span> <span class='ocrx_word' id='word_1_252' title='bbox 3372 1034 3461 1105; x_wconf 80' lang='grc' dir='ltr'><em>μὴ</em></span> <span class='ocrx_word' id='word_1_253' title='bbox 3513 1037 3865 1105; x_wconf 70' lang='grc' dir='ltr'><strong>λυμανοῦν-</strong></span> 
     </span>
    </p>
   </div>
   <div class='ocr_carea' id='block_1_36' title="bbox 2251 1122 3615 1194">
    <p class='ocr_par' dir='ltr' id='par_1_36' title="bbox 2251 1122 3615 1194">
     <span class='ocr_line' id='line_1_36' title="bbox 2251 1122 3615 1194; baseline 0 -17"><span class='ocrx_word' id='word_1_254' title='bbox 2251 1141 2346 1178; x_wconf 78' lang='grc' dir='ltr'><strong>ται</strong></span> <span class='ocrx_word' id='word_1_255' title='bbox 2377 1123 2474 1178; x_wconf 77' lang='grc' dir='ltr'><strong>ἐπὶ</strong></span> <span class='ocrx_word' id='word_1_256' title='bbox 2499 1123 2578 1190; x_wconf 82' lang='grc' dir='ltr'>τῷ</span> <span class='ocrx_word' id='word_1_257' title='bbox 2602 1125 2723 1193; x_wconf 84' lang='grc' dir='ltr'><strong>ὄρει</strong></span> <span class='ocrx_word' id='word_1_258' title='bbox 2753 1124 2833 1190; x_wconf 86' lang='grc' dir='ltr'>τῷ</span> <span class='ocrx_word' id='word_1_259' title='bbox 2854 1125 3002 1194; x_wconf 76' lang='grc' dir='ltr'>ἁγίῳ</span> <span class='ocrx_word' id='word_1_260' title='bbox 3018 1141 3161 1193; x_wconf 82' lang='grc' dir='ltr'>μου,</span> <span class='ocrx_word' id='word_1_261' title='bbox 3189 1122 3351 1189; x_wconf 74' lang='grc' dir='ltr'>λέγει</span> <span class='ocrx_word' id='word_1_262' title='bbox 3374 1126 3615 1193; x_wconf 84' lang='grc' dir='ltr'>Κύριος.</span> 
     </span>
    </p>
   </div>
   <div class='ocr_carea' id='block_1_37' title="bbox 2324 1212 3862 1287">
    <p class='ocr_par' dir='ltr' id='par_1_37' title="bbox 2324 1212 3862 1287">
     <span class='ocr_line' id='line_1_37' title="bbox 2324 1212 3862 1287; baseline 0.001 -20"><span class='ocrx_word' id='word_1_263' title='bbox 2324 1214 2481 1268; x_wconf 82' lang='grc' dir='ltr'>Κατὰ</span> <span class='ocrx_word' id='word_1_264' title='bbox 2512 1215 2605 1269; x_wconf 79' lang='grc' dir='ltr'><strong>δύο</strong></span> <span class='ocrx_word' id='word_1_265' title='bbox 2634 1214 2869 1287; x_wconf 81' lang='grc' dir='ltr'><strong>τρόπους</strong></span> <span class='ocrx_word' id='word_1_266' title='bbox 2898 1214 3112 1287; x_wconf 78' lang='grc' dir='ltr'>ἐκλήψῃ</span> <span class='ocrx_word' id='word_1_267' title='bbox 3139 1212 3428 1269; x_wconf 77' lang='grc' dir='ltr'><strong>καὶταῦτα.</strong></span> <span class='ocrx_word' id='word_1_268' title='bbox 3451 1232 3463 1244; x_wconf 87' lang='grc'>·</span> <span class='ocrx_word' id='word_1_269' title='bbox 3514 1215 3550 1286; x_wconf 82' lang='grc' dir='ltr'>ἦ</span> <span class='ocrx_word' id='word_1_270' title='bbox 3596 1214 3701 1287; x_wconf 78' lang='grc' dir='ltr'>γὰρ</span> <span class='ocrx_word' id='word_1_271' title='bbox 3737 1215 3862 1269; x_wconf 84' lang='grc' dir='ltr'>τῶν</span> 
     </span>
    </p>
   </div>
   <div class='ocr_carea' id='block_1_38' title="bbox 2251 1303 3858 1379">
    <p class='ocr_par' dir='ltr' id='par_1_38' title="bbox 2251 1303 3858 1379">
     <span class='ocr_line' id='line_1_38' title="bbox 2251 1303 3858 1379; baseline 0 -20"><span class='ocrx_word' id='word_1_272' title='bbox 2251 1303 2345 1359; x_wconf 86' lang='grc' dir='ltr'><strong>δύο</strong></span> <span class='ocrx_word' id='word_1_273' title='bbox 2373 1306 2515 1361; x_wconf 84' lang='grc' dir='ltr'>λαῶν</span> <span class='ocrx_word' id='word_1_274' title='bbox 2534 1306 2633 1377; x_wconf 76' lang='grc' dir='ltr'>τὴν</span> <span class='ocrx_word' id='word_1_275' title='bbox 2652 1305 2742 1359; x_wconf 72' lang='grc' dir='ltr'><strong>διὰ</strong></span> <span class='ocrx_word' id='word_1_276' title='bbox 2774 1306 3011 1369; x_wconf 85' lang='grc' dir='ltr'>πίστεως</span> <span class='ocrx_word' id='word_1_277' title='bbox 3045 1305 3240 1360; x_wconf 74' lang='grc' dir='ltr'>ἕνωσιν</span> <span class='ocrx_word' id='word_1_278' title='bbox 3293 1309 3731 1379; x_wconf 79' lang='grc' dir='ltr'>κατασημήνειεν</span> <span class='ocrx_word' id='word_1_279' title='bbox 3779 1308 3858 1362; x_wconf 78' lang='grc' dir='ltr'>ἂν</span> 
     </span>
    </p>
   </div>
   <div class='ocr_carea' id='block_1_39' title="bbox 2250 1396 3860 1471">
    <p class='ocr_par' dir='ltr' id='par_1_39' title="bbox 2250 1396 3860 1471">
     <span class='ocr_line' id='line_1_39' title="bbox 2250 1396 3860 1471; baseline 0.002 -22"><span class='ocrx_word' id='word_1_280' title='bbox 2250 1397 2350 1466; x_wconf 72' lang='grc' dir='ltr'>τῆς</span> <span class='ocrx_word' id='word_1_281' title='bbox 2381 1397 2714 1469; x_wconf 78' lang='grc' dir='ltr'>προφητείας</span> <span class='ocrx_word' id='word_1_282' title='bbox 2746 1399 2778 1469; x_wconf 80' lang='grc' dir='ltr'>ἡ</span> <span class='ocrx_word' id='word_1_283' title='bbox 2809 1396 3060 1468; x_wconf 88' lang='grc' dir='ltr'>δύναμις,</span> <span class='ocrx_word' id='word_1_284' title='bbox 3092 1397 3259 1469; x_wconf 74' lang='grc' dir='ltr'>ἤγουν</span> <span class='ocrx_word' id='word_1_285' title='bbox 3281 1397 3362 1450; x_wconf 86' lang='grc' dir='ltr'>ὅτι</span> <span class='ocrx_word' id='word_1_286' title='bbox 3388 1399 3485 1451; x_wconf 77' lang='grc' dir='ltr'><strong>καὶ</strong></span> <span class='ocrx_word' id='word_1_287' title='bbox 3512 1398 3561 1451; x_wconf 86' lang='grc' dir='ltr'><strong>οί</strong></span> <span class='ocrx_word' id='word_1_288' title='bbox 3594 1399 3727 1452; x_wconf 72' lang='grc' dir='ltr'>ποτε</span> <span class='ocrx_word' id='word_1_289' title='bbox 3757 1399 3860 1471; x_wconf 80' lang='grc' dir='ltr'><strong>θη-</strong></span> 
     </span>
    </p>
   </div>
   <div class='ocr_carea' id='block_1_40' title="bbox 2253 1489 3853 1562">
    <p class='ocr_par' dir='ltr' id='par_1_40' title="bbox 2253 1489 3853 1562">
     <span class='ocr_line' id='line_1_40' title="bbox 2253 1489 3853 1562; baseline 0.003 -20"><span class='ocrx_word' id='word_1_290' title='bbox 2253 1490 2385 1560; x_wconf 86' lang='grc' dir='ltr'>ρίων</span> <span class='ocrx_word' id='word_1_291' title='bbox 2435 1490 2640 1562; x_wconf 85' lang='grc' dir='ltr'>ἀγρίων</span> <span class='ocrx_word' id='word_1_292' title='bbox 2682 1489 2837 1561; x_wconf 87' lang='grc' dir='ltr'>δίκην</span> <span class='ocrx_word' id='word_1_293' title='bbox 2873 1490 2988 1553; x_wconf 81' lang='grc' dir='ltr'>τοῖς</span> <span class='ocrx_word' id='word_1_294' title='bbox 3012 1489 3188 1558; x_wconf 81' lang='grc' dir='ltr'><strong>ἁγίοις</strong></span> <span class='ocrx_word' id='word_1_295' title='bbox 3245 1490 3709 1562; x_wconf 79' lang='grc' dir='ltr'>ἐπιπηδήσαντες,</span> <span class='ocrx_word' id='word_1_296' title='bbox 3755 1494 3853 1547; x_wconf 74' lang='grc' dir='ltr'>καὶ</span> 
     </span>
    </p>
   </div>
   <div class='ocr_carea' id='block_1_41' title="bbox 2246 1580 3845 1653">
    <p class='ocr_par' dir='ltr' id='par_1_41' title="bbox 2246 1580 3845 1653">
     <span class='ocr_line' id='line_1_41' title="bbox 2246 1580 3845 1653; baseline 0.001 -19"><span class='ocrx_word' id='word_1_297' title='bbox 2246 1580 2535 1646; x_wconf 77' lang='grc' dir='ltr'>διώξαντες</span> <span class='ocrx_word' id='word_1_298' title='bbox 2552 1581 2649 1651; x_wconf 78' lang='grc' dir='ltr'><strong>τὴν</strong></span> <span class='ocrx_word' id='word_1_299' title='bbox 2663 1581 3010 1653; x_wconf 79' lang='grc' dir='ltr'><strong>Ἐκκλησίαν,</strong></span> <span class='ocrx_word' id='word_1_300' title='bbox 3024 1580 3201 1650; x_wconf 79' lang='grc' dir='ltr'>ὄφεών</span> <span class='ocrx_word' id='word_1_301' title='bbox 3213 1598 3270 1634; x_wconf 88' lang='grc' dir='ltr'><strong>τε</strong></span> <span class='ocrx_word' id='word_1_302' title='bbox 3292 1581 3660 1650; x_wconf 80' lang='grc' dir='ltr'>διενεγκόντες</span> <span class='ocrx_word' id='word_1_303' title='bbox 3669 1583 3845 1649; x_wconf 71' lang='grc' dir='ltr'>οὐδὲν,</span> 
     </span>
    </p>
   </div>
   <div class='ocr_carea' id='block_1_42' title="bbox 2249 1669 3855 1746">
    <p class='ocr_par' dir='ltr' id='par_1_42' title="bbox 2249 1669 3855 1746">
     <span class='ocr_line' id='line_1_42' title="bbox 2249 1669 3855 1746; baseline 0.003 -22"><span class='ocrx_word' id='word_1_304' title='bbox 2249 1689 2313 1724; x_wconf 90' lang='grc' dir='ltr'>συ</span> <span class='ocrx_word' id='word_1_305' title='bbox 2322 1673 2428 1742; x_wconf 73' lang='grc' dir='ltr'>μεή</span> <span class='ocrx_word' id='word_1_306' title='bbox 2438 1689 2616 1725; x_wconf 87' lang='grc' dir='ltr'>σονται</span> <span class='ocrx_word' id='word_1_307' title='bbox 2638 1671 2775 1743; x_wconf 79' lang='grc' dir='ltr'>πρὸς</span> <span class='ocrx_word' id='word_1_308' title='bbox 2792 1672 3010 1736; x_wconf 81' lang='grc' dir='ltr'>αὐτοὺς,</span> <span class='ocrx_word' id='word_1_309' title='bbox 3028 1671 3172 1725; x_wconf 82' lang='grc' dir='ltr'>κατά</span> <span class='ocrx_word' id='word_1_310' title='bbox 3184 1669 3423 1726; x_wconf 80' lang='grc' dir='ltr'>διάθεσιν</span> <span class='ocrx_word' id='word_1_311' title='bbox 3435 1672 3528 1727; x_wconf 76' lang='grc' dir='ltr'>καὶ</span> <span class='ocrx_word' id='word_1_312' title='bbox 3542 1673 3855 1746; x_wconf 62' lang='grc' dir='ltr'>ὁμοιῖιυχίαν</span> 
     </span>
    </p>
   </div>
   <div class='ocr_carea' id='block_1_43' title="bbox 2245 1762 3856 1835">
    <p class='ocr_par' dir='ltr' id='par_1_43' title="bbox 2245 1762 3856 1835">
     <span class='ocr_line' id='line_1_43' title="bbox 2245 1762 3856 1835; baseline 0.004 -21"><span class='ocrx_word' id='word_1_313' title='bbox 2245 1762 2324 1833; x_wconf 85' lang='grc' dir='ltr'>τῷ</span> <span class='ocrx_word' id='word_1_314' title='bbox 2351 1762 2631 1833; x_wconf 82' lang='grc' dir='ltr'><strong>συνδέσμῳ</strong></span> <span class='ocrx_word' id='word_1_315' title='bbox 2659 1763 2757 1833; x_wconf 81' lang='grc' dir='ltr'>τῆς</span> <span class='ocrx_word' id='word_1_316' title='bbox 2796 1764 3019 1834; x_wconf 87' lang='grc' dir='ltr'><strong>εἰρήνης</strong></span> <span class='ocrx_word' id='word_1_317' title='bbox 3058 1762 3485 1834; x_wconf 73' lang='grc' dir='ltr'>κατεσφιγμένοι</span> <span class='ocrx_word' id='word_1_318' title='bbox 3518 1764 3659 1835; x_wconf 76' lang='grc' dir='ltr'>πρὸς</span> <span class='ocrx_word' id='word_1_319' title='bbox 3692 1766 3856 1821; x_wconf 79' lang='grc' dir='ltr'>τοῦτο</span> 
     </span>
    </p>
   </div>
   <div class='ocr_carea' id='block_1_44' title="bbox 2246 1853 3851 1930">
    <p class='ocr_par' dir='ltr' id='par_1_44' title="bbox 2246 1853 3851 1930">
     <span class='ocr_line' id='line_1_44' title="bbox 2246 1853 3851 1930; baseline 0.007 -25"><span class='ocrx_word' id='word_1_320' title='bbox 2246 1853 2336 1906; x_wconf 71' lang='grc' dir='ltr'><strong>διὰ</strong></span> <span class='ocrx_word' id='word_1_321' title='bbox 2352 1854 2611 1925; x_wconf 83' lang='grc' dir='ltr'>Χριστοῦ,</span> <span class='ocrx_word' id='word_1_322' title='bbox 2633 1854 2727 1908; x_wconf 75' lang='grc' dir='ltr'>τοῦ</span> <span class='ocrx_word' id='word_1_323' title='bbox 2749 1855 3084 1920; x_wconf 76' lang='grc' dir='ltr'>δικαιοῦντος</span> <span class='ocrx_word' id='word_1_324' title='bbox 3104 1857 3193 1910; x_wconf 87' lang='grc' dir='ltr'>τὸν</span> <span class='ocrx_word' id='word_1_325' title='bbox 3215 1857 3409 1929; x_wconf 78' lang='grc' dir='ltr'>ἀσεόἧ,</span> <span class='ocrx_word' id='word_1_326' title='bbox 3436 1859 3533 1913; x_wconf 83' lang='grc' dir='ltr'>καὶ</span> <span class='ocrx_word' id='word_1_327' title='bbox 3558 1860 3851 1930; x_wconf 78' lang='grc' dir='ltr'>συλλέγον-</span> 
     </span>
    </p>
   </div>
   <div class='ocr_carea' id='block_1_45' title="bbox 2246 1945 3845 2022">
    <p class='ocr_par' dir='ltr' id='par_1_45' title="bbox 2246 1945 3845 2022">
     <span class='ocr_line' id='line_1_45' title="bbox 2246 1945 3845 2022; baseline 0.007 -26"><span class='ocrx_word' id='word_1_328' title='bbox 2246 1960 2338 2007; x_wconf 87' lang='grc' dir='ltr'><strong>τος</strong></span> <span class='ocrx_word' id='word_1_329' title='bbox 2386 1945 2449 1996; x_wconf 83' lang='grc' dir='ltr'>τὸ</span> <span class='ocrx_word' id='word_1_330' title='bbox 2486 1945 2941 2016; x_wconf 81' lang='grc' dir='ltr'>ἐσκορπισμένον,</span> <span class='ocrx_word' id='word_1_331' title='bbox 2978 1947 3072 2000; x_wconf 76' lang='grc' dir='ltr'>καὶ</span> <span class='ocrx_word' id='word_1_332' title='bbox 3099 1949 3240 2017; x_wconf 72' lang='grc' dir='ltr'>φωτὶ</span> <span class='ocrx_word' id='word_1_333' title='bbox 3279 1948 3359 2019; x_wconf 84' lang='grc' dir='ltr'><strong>τῷ</strong></span> <span class='ocrx_word' id='word_1_334' title='bbox 3407 1949 3537 2022; x_wconf 82' lang='grc' dir='ltr'>θείῳ</span> <span class='ocrx_word' id='word_1_335' title='bbox 3580 1970 3845 2021; x_wconf 79' lang='grc' dir='ltr'>καταφαι-</span> 
     </span>
    </p>
   </div>
   <div class='ocr_carea' id='block_1_46' title="bbox 2247 2035 3850 2114">
    <p class='ocr_par' dir='ltr' id='par_1_46' title="bbox 2247 2035 3850 2114">
     <span class='ocr_line' id='line_1_46' title="bbox 2247 2035 3850 2114; baseline 0.007 -26"><span class='ocrx_word' id='word_1_336' title='bbox 2247 2035 2535 2106; x_wconf 85' lang='grc' dir='ltr'>δρύνοντος</span> <span class='ocrx_word' id='word_1_337' title='bbox 2574 2037 2635 2089; x_wconf 77' lang='grc' dir='ltr'><strong>τὸ</strong></span> <span class='ocrx_word' id='word_1_338' title='bbox 2666 2038 3075 2108; x_wconf 78' lang='grc' dir='ltr'>ὲσκοτισμένον,</span> <span class='ocrx_word' id='word_1_339' title='bbox 3109 2041 3206 2093; x_wconf 73' lang='grc' dir='ltr'><strong>καὶ</strong></span> <span class='ocrx_word' id='word_1_340' title='bbox 3228 2039 3299 2093; x_wconf 79' lang='grc' dir='ltr'>τὰ</span> <span class='ocrx_word' id='word_1_341' title='bbox 3337 2041 3520 2096; x_wconf 83' lang='grc' dir='ltr'>πάντα</span> <span class='ocrx_word' id='word_1_342' title='bbox 3548 2044 3850 2114; x_wconf 80' lang='grc' dir='ltr'>μεθιστῶν-</span> 
     </span>
    </p>
   </div>
   <div class='ocr_carea' id='block_1_47' title="bbox 2246 2127 3847 2204">
    <p class='ocr_par' dir='ltr' id='par_1_47' title="bbox 2246 2127 3847 2204">
     <span class='ocr_line' id='line_1_47' title="bbox 2246 2127 3847 2204; baseline 0.006 -23"><span class='ocrx_word' id='word_1_343' title='bbox 2246 2146 2336 2190; x_wconf 85' lang='grc' dir='ltr'><strong>τος</strong></span> <span class='ocrx_word' id='word_1_344' title='bbox 2363 2128 2454 2181; x_wconf 71' lang='grc' dir='ltr'>ἐπὶ</span> <span class='ocrx_word' id='word_1_345' title='bbox 2478 2128 2540 2181; x_wconf 82' lang='grc' dir='ltr'>τὸ</span> <span class='ocrx_word' id='word_1_346' title='bbox 2568 2127 2813 2199; x_wconf 82' lang='grc' dir='ltr'>ἄμεινον.</span> <span class='ocrx_word' id='word_1_347' title='bbox 2841 2128 2992 2184; x_wconf 85' lang='grc' dir='ltr'>Ποιεϊ</span> <span class='ocrx_word' id='word_1_348' title='bbox 3019 2133 3127 2201; x_wconf 84' lang='grc' dir='ltr'><strong>γὰρ</strong></span> <span class='ocrx_word' id='word_1_349' title='bbox 3151 2130 3331 2184; x_wconf 86' lang='grc' dir='ltr'>πάντα</span> <span class='ocrx_word' id='word_1_350' title='bbox 3369 2134 3465 2186; x_wconf 76' lang='grc' dir='ltr'><strong>καὶ</strong></span> <span class='ocrx_word' id='word_1_351' title='bbox 3507 2136 3847 2204; x_wconf 78' lang='grc' dir='ltr'>μετασκευά-</span> 
     </span>
    </p>
   </div>
   <div class='ocr_carea' id='block_1_48' title="bbox 2248 2216 3844 2298">
    <p class='ocr_par' dir='ltr' id='par_1_48' title="bbox 2248 2216 3844 2298">
     <span class='ocr_line' id='line_1_48' title="bbox 2248 2216 3844 2298; baseline 0.007 -28"><span class='ocrx_word' id='word_1_352' title='bbox 2248 2216 2351 2283; x_wconf 80' lang='grc' dir='ltr'>ζει,</span> <span class='ocrx_word' id='word_1_353' title='bbox 2377 2218 2518 2272; x_wconf 83' lang='grc' dir='ltr'>κατὰ</span> <span class='ocrx_word' id='word_1_354' title='bbox 2540 2219 2600 2272; x_wconf 76' lang='grc' dir='ltr'>τὸ</span> <span class='ocrx_word' id='word_1_355' title='bbox 2624 2220 3032 2292; x_wconf 82' lang='grc' dir='ltr'>γεγραμμένον.</span> <span class='ocrx_word' id='word_1_356' title='bbox 3068 2222 3398 2292; x_wconf 76' lang='grc' dir='ltr'>Ἔριφοιμὲν</span> <span class='ocrx_word' id='word_1_357' title='bbox 3419 2220 3513 2278; x_wconf 81' lang='grc' dir='ltr'>οὖν</span> <span class='ocrx_word' id='word_1_358' title='bbox 3540 2227 3635 2280; x_wconf 85' lang='grc' dir='ltr'>καὶ</span> <span class='ocrx_word' id='word_1_359' title='bbox 3655 2228 3844 2298; x_wconf 79' lang='grc' dir='ltr'>ἄρνες,</span> 
     </span>
    </p>
   </div>
   <div class='ocr_carea' id='block_1_49' title="bbox 2250 2309 3846 2386">
    <p class='ocr_par' dir='ltr' id='par_1_49' title="bbox 2250 2309 3846 2386">
     <span class='ocr_line' id='line_1_49' title="bbox 2250 2309 3846 2386; baseline 0.007 -24"><span class='ocrx_word' id='word_1_360' title='bbox 2250 2309 2369 2380; x_wconf 78' lang='grc' dir='ltr'>ίερά</span> <span class='ocrx_word' id='word_1_361' title='bbox 2406 2309 2466 2363; x_wconf 87' lang='grc' dir='ltr'><strong>τέ</strong></span> <span class='ocrx_word' id='word_1_362' title='bbox 2500 2313 2616 2363; x_wconf 78' lang='grc' dir='ltr'>ἐστι</span> <span class='ocrx_word' id='word_1_363' title='bbox 2670 2311 2763 2364; x_wconf 80' lang='grc' dir='ltr'><strong>καὶ</strong></span> <span class='ocrx_word' id='word_1_364' title='bbox 2792 2310 3010 2383; x_wconf 81' lang='grc' dir='ltr'>καθαρὰ</span> <span class='ocrx_word' id='word_1_365' title='bbox 3042 2310 3159 2376; x_wconf 80' lang='grc' dir='ltr'><strong>ζῶα</strong></span> <span class='ocrx_word' id='word_1_366' title='bbox 3186 2312 3328 2367; x_wconf 84' lang='grc' dir='ltr'>κατὰ</span> <span class='ocrx_word' id='word_1_367' title='bbox 3360 2314 3453 2369; x_wconf 83' lang='grc' dir='ltr'><strong>τὸν</strong></span> <span class='ocrx_word' id='word_1_368' title='bbox 3481 2317 3669 2386; x_wconf 81' lang='grc' dir='ltr'>νόμον,</span> <span class='ocrx_word' id='word_1_369' title='bbox 3702 2317 3846 2374; x_wconf 77' lang='grc' dir='ltr'>ὥστε</span> 
     </span>
    </p>
   </div>
   <div class='ocr_carea' id='block_1_50' title="bbox 2248 2401 3847 2481">
    <p class='ocr_par' dir='ltr' id='par_1_50' title="bbox 2248 2401 3847 2481">
     <span class='ocr_line' id='line_1_50' title="bbox 2248 2401 3847 2481; baseline 0.007 -28"><span class='ocrx_word' id='word_1_370' title='bbox 2248 2402 2343 2454; x_wconf 68' lang='grc' dir='ltr'><strong>καὶ</strong></span> <span class='ocrx_word' id='word_1_371' title='bbox 2359 2401 2436 2473; x_wconf 82' lang='grc' dir='ltr'>τῷ</span> <span class='ocrx_word' id='word_1_372' title='bbox 2456 2401 2585 2474; x_wconf 85' lang='grc' dir='ltr'>θείῳ</span> <span class='ocrx_word' id='word_1_373' title='bbox 2604 2403 3018 2474; x_wconf 81' lang='grc' dir='ltr'>προσφέρεσθαι</span> <span class='ocrx_word' id='word_1_374' title='bbox 3046 2402 3440 2477; x_wconf 70' lang='grc' dir='ltr'>θυσιαστηρίῳ,</span> <span class='ocrx_word' id='word_1_375' title='bbox 3464 2407 3561 2461; x_wconf 74' lang='grc' dir='ltr'>καὶ</span> <span class='ocrx_word' id='word_1_376' title='bbox 3577 2411 3654 2473; x_wconf 82' lang='grc' dir='ltr'><strong>είς</strong></span> <span class='ocrx_word' id='word_1_377' title='bbox 3668 2410 3847 2481; x_wconf 76' lang='grc' dir='ltr'>ὀσμὴν</span> 
     </span>
    </p>
   </div>
   <div class='ocr_carea' id='block_1_51' title="bbox 2247 2492 3845 2572">
    <p class='ocr_par' dir='ltr' id='par_1_51' title="bbox 2247 2492 3845 2572">
     <span class='ocr_line' id='line_1_51' title="bbox 2247 2492 3845 2572; baseline 0.006 -27"><span class='ocrx_word' id='word_1_378' title='bbox 2247 2492 2474 2556; x_wconf 81' lang='grc' dir='ltr'>εὐωδίας</span> <span class='ocrx_word' id='word_1_379' title='bbox 2518 2492 2884 2564; x_wconf 78' lang='grc' dir='ltr'>ἀναφέρεσθαι</span> <span class='ocrx_word' id='word_1_380' title='bbox 2926 2494 3004 2565; x_wconf 84' lang='grc' dir='ltr'>τῷ</span> <span class='ocrx_word' id='word_1_381' title='bbox 3049 2494 3203 2566; x_wconf 85' lang='grc' dir='ltr'>Θεῷ·</span> <span class='ocrx_word' id='word_1_382' title='bbox 3249 2496 3413 2560; x_wconf 89' lang='grc' dir='ltr'>λύκος</span> <span class='ocrx_word' id='word_1_383' title='bbox 3439 2498 3498 2551; x_wconf 81' lang='grc' dir='ltr'>δὲ</span> <span class='ocrx_word' id='word_1_384' title='bbox 3530 2501 3625 2554; x_wconf 72' lang='grc' dir='ltr'>καὶ</span> <span class='ocrx_word' id='word_1_385' title='bbox 3681 2502 3845 2572; x_wconf 80' lang='grc' dir='ltr'>λέων,</span> 
     </span>
    </p>
   </div>
   <div class='ocr_carea' id='block_1_52' title="bbox 2248 2582 3844 2662">
    <p class='ocr_par' dir='ltr' id='par_1_52' title="bbox 2248 2582 3844 2662">
     <span class='ocr_line' id='line_1_52' title="bbox 2248 2582 3844 2662; baseline 0.008 -27"><span class='ocrx_word' id='word_1_386' title='bbox 2248 2582 2461 2654; x_wconf 85' lang='grc' dir='ltr'>ἀνίερα,</span> <span class='ocrx_word' id='word_1_387' title='bbox 2481 2584 2574 2637; x_wconf 80' lang='grc' dir='ltr'><strong>καὶ</strong></span> <span class='ocrx_word' id='word_1_388' title='bbox 2601 2583 2908 2655; x_wconf 82' lang='grc' dir='ltr'>ἀκάθαρτα,</span> <span class='ocrx_word' id='word_1_389' title='bbox 2938 2585 3034 2639; x_wconf 71' lang='grc' dir='ltr'><strong>καὶ</strong></span> <span class='ocrx_word' id='word_1_390' title='bbox 3056 2585 3227 2658; x_wconf 69' lang='grc' dir='ltr'>ἐχθρὰ</span> <span class='ocrx_word' id='word_1_391' title='bbox 3256 2591 3368 2649; x_wconf 81' lang='grc' dir='ltr'>τοῖς</span> <span class='ocrx_word' id='word_1_392' title='bbox 3392 2589 3811 2662; x_wconf 79' lang='grc' dir='ltr'>ὡνομασμένοις</span> <span class='ocrx_word' id='word_1_393' title='bbox 3829 2610 3844 2624; x_wconf 77' lang='grc'><strong><em>⁸</em></strong></span> 
     </span>
    </p>
   </div>
   <div class='ocr_carea' id='block_1_53' title="bbox 2248 2673 3849 2752">
    <p class='ocr_par' dir='ltr' id='par_1_53' title="bbox 2248 2673 3849 2752">
     <span class='ocr_line' id='line_1_53' title="bbox 2248 2673 3849 2752; baseline 0.011 -27"><span class='ocrx_word' id='word_1_394' title='bbox 2248 2673 2369 2743; x_wconf 60' lang='grc' dir='ltr'>ὄφις</span> <span class='ocrx_word' id='word_1_395' title='bbox 2416 2674 2470 2727; x_wconf 80' lang='grc' dir='ltr'><strong>δὲ</strong></span> <span class='ocrx_word' id='word_1_396' title='bbox 2511 2675 2647 2747; x_wconf 68' lang='grc' dir='ltr'>πρὸς</span> <span class='ocrx_word' id='word_1_397' title='bbox 2688 2676 2900 2740; x_wconf 83' lang='grc' dir='ltr'>τούτοις</span> <span class='ocrx_word' id='word_1_398' title='bbox 2950 2676 3224 2751; x_wconf 82' lang='grc' dir='ltr'>ἀνθρώπῳ</span> <span class='ocrx_word' id='word_1_399' title='bbox 3279 2680 3713 2752; x_wconf 82' lang='grc' dir='ltr'>πολεμιώτατος,</span> <span class='ocrx_word' id='word_1_400' title='bbox 3750 2687 3849 2743; x_wconf 74' lang='grc' dir='ltr'>καὶ</span> 
     </span>
    </p>
   </div>
   <div class='ocr_carea' id='block_1_54' title="bbox 2246 2767 3848 2845">
    <p class='ocr_par' dir='ltr' id='par_1_54' title="bbox 2246 2767 3848 2845">
     <span class='ocr_line' id='line_1_54' title="bbox 2246 2767 3848 2845; baseline 0.009 -27"><span class='ocrx_word' id='word_1_401' title='bbox 2246 2769 2360 2830; x_wconf 84' lang='grc' dir='ltr'>τοῖς</span> <span class='ocrx_word' id='word_1_402' title='bbox 2403 2767 2502 2836; x_wconf 79' lang='grc' dir='ltr'>τῆς</span> <span class='ocrx_word' id='word_1_403' title='bbox 2540 2767 2756 2837; x_wconf 79' lang='grc' dir='ltr'>φύσεως</span> <span class='ocrx_word' id='word_1_404' title='bbox 2786 2769 2975 2837; x_wconf 83' lang='grc' dir='ltr'>νόμοις</span> <span class='ocrx_word' id='word_1_405' title='bbox 3011 2771 3090 2834; x_wconf 82' lang='grc' dir='ltr'><strong>εἰς</strong></span> <span class='ocrx_word' id='word_1_406' title='bbox 3120 2771 3279 2825; x_wconf 80' lang='grc' dir='ltr'>τοῦτο</span> <span class='ocrx_word' id='word_1_407' title='bbox 3308 2774 3672 2845; x_wconf 77' lang='grc' dir='ltr'>ὴκονημένος,</span> <span class='ocrx_word' id='word_1_408' title='bbox 3710 2777 3848 2833; x_wconf 55' lang='lat' dir='ltr'><strong>esse</strong></span> 
     </span>
    </p>
   </div>
   <div class='ocr_carea' id='block_1_55' title="bbox 569 2858 2146 2941">
    <p class='ocr_par' dir='ltr' id='par_1_55' title="bbox 569 2865 2146 2930">
     <span class='ocr_line' id='line_1_55' title="bbox 569 2865 2146 2930; baseline 0.006 -12"><span class='ocrx_word' id='word_1_409' title='bbox 569 2865 607 2919; x_wconf 87' lang='lat' dir='ltr'><strong>ti</strong></span> <span class='ocrx_word' id='word_1_410' title='bbox 655 2876 806 2930; x_wconf 84' lang='lat' dir='ltr'><strong>sunt,</strong></span> <span class='ocrx_word' id='word_1_411' title='bbox 839 2874 893 2920; x_wconf 88' lang='lat' dir='ltr'><strong>et</strong></span> <span class='ocrx_word' id='word_1_412' title='bbox 936 2876 1186 2923; x_wconf 88' lang='lat' dir='ltr'><strong>sanctam</strong></span> <span class='ocrx_word' id='word_1_413' title='bbox 1243 2879 1299 2924; x_wconf 89' lang='lat' dir='ltr'><strong>et</strong></span> <span class='ocrx_word' id='word_1_414' title='bbox 1349 2869 1604 2923; x_wconf 82' lang='lat' dir='ltr'><strong>eximiam</strong></span> <span class='ocrx_word' id='word_1_415' title='bbox 1687 2869 1853 2924; x_wconf 84' lang='lat' dir='ltr'><strong>vitam</strong></span> <span class='ocrx_word' id='word_1_416' title='bbox 1906 2871 2146 2927; x_wconf 82' lang='lat' dir='ltr'><strong>institue-</strong></span> 
     </span>
    </p>
   </div>
   <div class='ocr_carea' id='block_1_56' title="bbox 2250 2858 3845 2941">
    <p class='ocr_par' dir='ltr' id='par_1_56' title="bbox 2253 2858 3845 2941">
     <span class='ocr_line' id='line_1_56' title="bbox 2253 2858 3845 2941; baseline 0.006 -31"><span class='ocrx_word' id='word_1_417' title='bbox 2253 2862 2364 2922; x_wconf 79' lang='grc' dir='ltr'>τοῖς</span> <span class='ocrx_word' id='word_1_418' title='bbox 2391 2860 2447 2911; x_wconf 78' lang='grc' dir='ltr'>ἐν</span> <span class='ocrx_word' id='word_1_419' title='bbox 2477 2858 2695 2930; x_wconf 82' lang='grc' dir='ltr'>Χριστῷ</span> <span class='ocrx_word' id='word_1_420' title='bbox 2742 2860 3200 2932; x_wconf 86' lang='grc' dir='ltr'>κεκαθαρμένοις,</span> <span class='ocrx_word' id='word_1_421' title='bbox 3245 2864 3396 2937; x_wconf 75' lang='grc' dir='ltr'>ἱεράν</span> <span class='ocrx_word' id='word_1_422' title='bbox 3418 2883 3479 2919; x_wconf 90' lang='grc' dir='ltr'><strong>τε</strong></span> <span class='ocrx_word' id='word_1_423' title='bbox 3524 2869 3620 2923; x_wconf 74' lang='grc' dir='ltr'><strong>καὶ</strong></span> <span class='ocrx_word' id='word_1_424' title='bbox 3646 2869 3845 2941; x_wconf 77' lang='grc' dir='ltr'><strong>ἐξῃρη-</strong></span> 
     </span>
    </p>
   </div>
   <div class='ocr_carea' id='block_1_57' title="bbox 566 2958 2151 3029">
    <p class='ocr_par' dir='ltr' id='par_1_57' title="bbox 566 2958 2151 3029">
     <span class='ocr_line' id='line_1_57' title="bbox 566 2958 2151 3029; baseline 0.004 -20"><span class='ocrx_word' id='word_1_425' title='bbox 566 2964 718 3019; x_wconf 85' lang='lat' dir='ltr'><strong>runt,</strong></span> <span class='ocrx_word' id='word_1_426' title='bbox 743 2970 838 3026; x_wconf 87' lang='lat' dir='ltr'><strong>per</strong></span> <span class='ocrx_word' id='word_1_427' title='bbox 877 2958 1245 3026; x_wconf 76' lang='lat' dir='ltr'><strong>evangelicam</strong></span> <span class='ocrx_word' id='word_1_428' title='bbox 1283 2959 1729 3029; x_wconf 59' lang='lat' dir='ltr'><strong>praedicationem</strong></span> <span class='ocrx_word' id='word_1_429' title='bbox 1753 2960 1807 3014; x_wconf 90' lang='lat' dir='ltr'><strong>in</strong></span> <span class='ocrx_word' id='word_1_430' title='bbox 1851 2976 2012 3015; x_wconf 92' lang='lat' dir='ltr'><strong>unam</strong></span> <span class='ocrx_word' id='word_1_431' title='bbox 2037 2963 2151 3016; x_wconf 86' lang='lat' dir='ltr'><strong>ani-</strong></span> 
     </span>
    </p>
   </div>
   <div class='ocr_carea' id='block_1_58' title="bbox 566 3050 2149 3121">
    <p class='ocr_par' dir='ltr' id='par_1_58' title="bbox 566 3050 2149 3121">
     <span class='ocr_line' id='line_1_58' title="bbox 566 3050 2149 3121; baseline 0.005 -20"><span class='ocrx_word' id='word_1_432' title='bbox 566 3061 781 3101; x_wconf 85' lang='lat' dir='ltr'><strong>morum</strong></span> <span class='ocrx_word' id='word_1_433' title='bbox 831 3050 1270 3116; x_wconf 81' lang='lat' dir='ltr'><strong>consensionem,</strong></span> <span class='ocrx_word' id='word_1_434' title='bbox 1325 3066 1447 3121; x_wconf 67' lang='lat' dir='ltr'><strong>quae</strong></span> <span class='ocrx_word' id='word_1_435' title='bbox 1515 3061 1601 3106; x_wconf 87' lang='lat' dir='ltr'><strong>est</strong></span> <span class='ocrx_word' id='word_1_436' title='bbox 1670 3052 1722 3106; x_wconf 92' lang='lat' dir='ltr'><strong>in</strong></span> <span class='ocrx_word' id='word_1_437' title='bbox 1788 3053 1913 3119; x_wconf 86' lang='lat' dir='ltr'><strong>lide,</strong></span> <span class='ocrx_word' id='word_1_438' title='bbox 1971 3054 2149 3109; x_wconf 88' lang='lat' dir='ltr'><strong>coale-</strong></span> 
     </span>
    </p>
   </div>
   <div class='ocr_carea' id='block_1_59' title="bbox 567 3141 2148 3212">
    <p class='ocr_par' dir='ltr' id='par_1_59' title="bbox 567 3141 2148 3212">
     <span class='ocr_line' id='line_1_59' title="bbox 567 3141 2148 3212; baseline 0.006 -19"><span class='ocrx_word' id='word_1_439' title='bbox 567 3150 745 3206; x_wconf 84' lang='lat' dir='ltr'><strong>scent,</strong></span> <span class='ocrx_word' id='word_1_440' title='bbox 777 3141 942 3197; x_wconf 88' lang='lat' dir='ltr'><strong>etiam</strong></span> <span class='ocrx_word' id='word_1_441' title='bbox 967 3141 1023 3197; x_wconf 86' lang='lat' dir='ltr'><strong>hi</strong></span> <span class='ocrx_word' id='word_1_442' title='bbox 1061 3142 1367 3200; x_wconf 78' lang='lat' dir='ltr'><strong>deteStandi</strong></span> <span class='ocrx_word' id='word_1_443' title='bbox 1396 3145 1668 3212; x_wconf 89' lang='lat' dir='ltr'><strong>quondam</strong></span> <span class='ocrx_word' id='word_1_444' title='bbox 1723 3155 1779 3199; x_wconf 90' lang='lat' dir='ltr'><strong>et</strong></span> <span class='ocrx_word' id='word_1_445' title='bbox 1836 3146 2097 3201; x_wconf 87' lang='lat' dir='ltr'><strong>immundi</strong></span> <span class='ocrx_word' id='word_1_446' title='bbox 2130 3185 2148 3212; x_wconf 87' lang='lat'><strong>,</strong></span> 
     </span>
    </p>
   </div>
   <div class='ocr_carea' id='block_1_60' title="bbox 570 3230 2147 3303">
    <p class='ocr_par' dir='ltr' id='par_1_60' title="bbox 570 3230 2147 3303">
     <span class='ocr_line' id='line_1_60' title="bbox 570 3230 2147 3303; baseline 0.002 -18"><span class='ocrx_word' id='word_1_447' title='bbox 570 3237 629 3285; x_wconf 86' lang='lat' dir='ltr'><strong>et</strong></span> <span class='ocrx_word' id='word_1_448' title='bbox 670 3230 910 3286; x_wconf 87' lang='lat' dir='ltr'><strong>bellniua</strong></span> <span class='ocrx_word' id='word_1_449' title='bbox 961 3232 1288 3288; x_wconf 85' lang='lat' dir='ltr'><strong>crudelitate</strong></span> <span class='ocrx_word' id='word_1_450' title='bbox 1320 3244 1508 3303; x_wconf 87' lang='lat' dir='ltr'><strong>pectus</strong></span> <span class='ocrx_word' id='word_1_451' title='bbox 1545 3232 1805 3290; x_wconf 83' lang='lat' dir='ltr'><strong>refertum</strong></span> <span class='ocrx_word' id='word_1_452' title='bbox 1845 3236 2147 3291; x_wconf 87' lang='lat' dir='ltr'><strong>habentes:</strong></span> 
     </span>
    </p>
   </div>
   <div class='ocr_carea' id='block_1_61' title="bbox 571 3319 2152 3398">
    <p class='ocr_par' dir='ltr' id='par_1_61' title="bbox 571 3319 2152 3398">
     <span class='ocr_line' id='line_1_61' title="bbox 571 3319 2152 3398; baseline 0.007 -25"><span class='ocrx_word' id='word_1_453' title='bbox 571 3337 591 3373; x_wconf 77' lang='grc' dir='ltr'>ι</span> <span class='ocrx_word' id='word_1_454' title='bbox 624 3319 691 3377; x_wconf 78' lang='lat' dir='ltr'><strong>lli</strong></span> <span class='ocrx_word' id='word_1_455' title='bbox 732 3322 870 3378; x_wconf 88' lang='lat' dir='ltr'><strong>nihil</strong></span> <span class='ocrx_word' id='word_1_456' title='bbox 908 3326 1177 3379; x_wconf 79' lang='lat' dir='ltr'><strong>nocebunt</strong></span> <span class='ocrx_word' id='word_1_457' title='bbox 1204 3366 1221 3393; x_wconf 89' lang='lat'><strong>,</strong></span> <span class='ocrx_word' id='word_1_458' title='bbox 1243 3344 1262 3377; x_wconf 76' lang='grc' dir='ltr'><strong>ι</strong></span> <span class='ocrx_word' id='word_1_459' title='bbox 1290 3326 1485 3396; x_wconf 87' lang='lat' dir='ltr'><strong>inquit,</strong></span> <span class='ocrx_word' id='word_1_460' title='bbox 1510 3341 1683 3397; x_wconf 91' lang='lat' dir='ltr'><strong>neque</strong></span> <span class='ocrx_word' id='word_1_461' title='bbox 1710 3328 1933 3396; x_wconf 85' lang='lat' dir='ltr'><strong>perdent</strong></span> <span class='ocrx_word' id='word_1_462' title='bbox 1959 3343 2152 3398; x_wconf 87' lang='lat' dir='ltr'><strong>quem-</strong></span> 
     </span>
    </p>
   </div>
   <div class='ocr_carea' id='block_1_62' title="bbox 566 3417 2148 3487">
    <p class='ocr_par' dir='ltr' id='par_1_62' title="bbox 566 3417 2148 3487">
     <span class='ocr_line' id='line_1_62' title="bbox 566 3417 2148 3487; baseline 0.004 -19"><span class='ocrx_word' id='word_1_463' title='bbox 566 3428 732 3482; x_wconf 85' lang='lat' dir='ltr'><strong>quam</strong></span> <span class='ocrx_word' id='word_1_464' title='bbox 802 3417 857 3471; x_wconf 87' lang='lat' dir='ltr'><strong>in</strong></span> <span class='ocrx_word' id='word_1_465' title='bbox 929 3426 1112 3472; x_wconf 82' lang='lat' dir='ltr'><strong>monte</strong></span> <span class='ocrx_word' id='word_1_466' title='bbox 1169 3428 1361 3475; x_wconf 86' lang='lat' dir='ltr'><strong>sancto</strong></span> <span class='ocrx_word' id='word_1_467' title='bbox 1410 3433 1566 3483; x_wconf 88' lang='lat' dir='ltr'><strong>meo,</strong></span> <span class='ocrx_word' id='word_1_468' title='bbox 1610 3420 1661 3475; x_wconf 88' lang='lat' dir='ltr'><strong>id</strong></span> <span class='ocrx_word' id='word_1_469' title='bbox 1708 3430 1832 3487; x_wconf 88' lang='lat' dir='ltr'><strong>est,</strong></span> <span class='ocrx_word' id='word_1_470' title='bbox 1879 3420 2148 3478; x_wconf 87' lang='lat' dir='ltr'><strong>Ecclesia.</strong></span> 
     </span>
    </p>
   </div>
   <div class='ocr_carea' id='block_1_63' title="bbox 565 3507 2152 3581">
    <p class='ocr_par' dir='ltr' id='par_1_63' title="bbox 565 3507 2152 3581">
     <span class='ocr_line' id='line_1_63' title="bbox 565 3507 2152 3581; baseline 0.006 -22"><span class='ocrx_word' id='word_1_471' title='bbox 565 3507 863 3561; x_wconf 80' lang='lat' dir='ltr'><strong>Comedeut</strong></span> <span class='ocrx_word' id='word_1_472' title='bbox 913 3510 1058 3563; x_wconf 84' lang='lat' dir='ltr'><strong>enim</strong></span> <span class='ocrx_word' id='word_1_473' title='bbox 1112 3525 1235 3581; x_wconf 88' lang='lat' dir='ltr'><strong>cum</strong></span> <span class='ocrx_word' id='word_1_474' title='bbox 1286 3512 1585 3565; x_wconf 82' lang='lat' dir='ltr'><strong>mansuetis</strong></span> <span class='ocrx_word' id='word_1_475' title='bbox 1638 3510 1885 3567; x_wconf 80' lang='lat' dir='ltr'><strong>ell‘ersta.</strong></span> <span class='ocrx_word' id='word_1_476' title='bbox 1935 3512 2152 3568; x_wconf 77' lang='lat' dir='ltr'><strong>Deliciae</strong></span> 
     </span>
    </p>
   </div>
   <div class='ocr_carea' id='block_1_64' title="bbox 565 3598 2153 3671">
    <p class='ocr_par' dir='ltr' id='par_1_64' title="bbox 565 3598 2153 3671">
     <span class='ocr_line' id='line_1_64' title="bbox 565 3598 2153 3671; baseline 0.004 -18"><span class='ocrx_word' id='word_1_477' title='bbox 565 3613 699 3653; x_wconf 89' lang='lat' dir='ltr'><strong>vero</strong></span> <span class='ocrx_word' id='word_1_478' title='bbox 726 3599 832 3654; x_wconf 85' lang='lat' dir='ltr'><strong>illis</strong></span> <span class='ocrx_word' id='word_1_479' title='bbox 880 3598 1130 3654; x_wconf 82' lang='lat' dir='ltr'><strong>Christus</strong></span> <span class='ocrx_word' id='word_1_480' title='bbox 1180 3598 1357 3671; x_wconf 87' lang='lat' dir='ltr'><strong>(panis</strong></span> <span class='ocrx_word' id='word_1_481' title='bbox 1413 3602 1695 3664; x_wconf 90' lang='lat' dir='ltr'><strong>vivus,de</strong></span> <span class='ocrx_word' id='word_1_482' title='bbox 1731 3602 1871 3657; x_wconf 85' lang='lat' dir='ltr'><strong>coelo</strong></span> <span class='ocrx_word' id='word_1_483' title='bbox 1929 3604 2153 3659; x_wconf 87' lang='lat' dir='ltr'><strong>descen-</strong></span> 
     </span>
    </p>
   </div>
   <div class='ocr_carea' id='block_1_65' title="bbox 568 3688 2151 3760">
    <p class='ocr_par' dir='ltr' id='par_1_65' title="bbox 568 3688 2151 3760">
     <span class='ocr_line' id='line_1_65' title="bbox 568 3688 2151 3760; baseline 0.004 -16"><span class='ocrx_word' id='word_1_484' title='bbox 568 3688 772 3760; x_wconf 83' lang='lat' dir='ltr'><strong>dens),</strong></span> <span class='ocrx_word' id='word_1_485' title='bbox 830 3697 885 3744; x_wconf 84' lang='lat' dir='ltr'><strong>et</strong></span> <span class='ocrx_word' id='word_1_486' title='bbox 953 3689 1121 3745; x_wconf 78' lang='lat' dir='ltr'><strong>vitam</strong></span> <span class='ocrx_word' id='word_1_487' title='bbox 1178 3691 1316 3746; x_wconf 85' lang='lat' dir='ltr'><strong>dans</strong></span> <span class='ocrx_word' id='word_1_488' title='bbox 1390 3692 1591 3747; x_wconf 85' lang='lat' dir='ltr'><strong>mundo</strong></span> <span class='ocrx_word' id='word_1_489' title='bbox 1620 3690 1690 3749; x_wconf 77' lang='grc'><strong>⁸⁸.</strong></span> <span class='ocrx_word' id='word_1_490' title='bbox 1732 3692 1911 3748; x_wconf 84' lang='lat' dir='ltr'><strong>Nutrit</strong></span> <span class='ocrx_word' id='word_1_491' title='bbox 1971 3707 2151 3751; x_wconf 88' lang='lat' dir='ltr'><strong>autem</strong></span> 
     </span>
    </p>
   </div>
   <div class='ocr_carea' id='block_1_66' title="bbox 567 3781 2151 3851">
    <p class='ocr_par' dir='ltr' id='par_1_66' title="bbox 567 3781 2151 3851">
     <span class='ocr_line' id='line_1_66' title="bbox 567 3781 2151 3851; baseline 0.002 -13"><span class='ocrx_word' id='word_1_492' title='bbox 567 3790 687 3838; x_wconf 82' lang='lat' dir='ltr'><strong>tum</strong></span> <span class='ocrx_word' id='word_1_493' title='bbox 727 3795 893 3837; x_wconf 78' lang='lat' dir='ltr'><strong>carne</strong></span> <span class='ocrx_word' id='word_1_494' title='bbox 930 3782 1171 3851; x_wconf 88' lang='lat' dir='ltr'><strong>propria,</strong></span> <span class='ocrx_word' id='word_1_495' title='bbox 1223 3782 1292 3836; x_wconf 87' lang='lat' dir='ltr'><strong>ad</strong></span> <span class='ocrx_word' id='word_1_496' title='bbox 1363 3781 1826 3839; x_wconf 85' lang='lat' dir='ltr'><strong>immortalitatem</strong></span> <span class='ocrx_word' id='word_1_497' title='bbox 1883 3800 1948 3842; x_wconf 79' lang='lat' dir='ltr'><strong>ac</strong></span> <span class='ocrx_word' id='word_1_498' title='bbox 1984 3789 2151 3841; x_wconf 85' lang='lat' dir='ltr'><strong>vitam</strong></span> 
     </span>
    </p>
   </div>
   <div class='ocr_carea' id='block_1_67' title="bbox 566 3872 2156 3944">
    <p class='ocr_par' dir='ltr' id='par_1_67' title="bbox 566 3872 2156 3944">
     <span class='ocr_line' id='line_1_67' title="bbox 566 3872 2156 3944; baseline 0.005 -16"><span class='ocrx_word' id='word_1_499' title='bbox 566 3886 670 3934; x_wconf 80' lang='lat' dir='ltr'><strong>nos</strong></span> <span class='ocrx_word' id='word_1_500' title='bbox 707 3872 994 3944; x_wconf 64' lang='lat' dir='ltr'><strong>reﬁngens,</strong></span> <span class='ocrx_word' id='word_1_501' title='bbox 1023 3883 1135 3928; x_wconf 86' lang='lat' dir='ltr'><strong>tum</strong></span> <span class='ocrx_word' id='word_1_502' title='bbox 1156 3874 1270 3930; x_wconf 85' lang='lat' dir='ltr'><strong>suis</strong></span> <span class='ocrx_word' id='word_1_503' title='bbox 1299 3874 1787 3944; x_wconf 63' lang='lat' dir='ltr'><strong>praedicationibus,</strong></span> <span class='ocrx_word' id='word_1_504' title='bbox 1812 3878 1866 3934; x_wconf 84' lang='lat' dir='ltr'><strong>id</strong></span> <span class='ocrx_word' id='word_1_505' title='bbox 1884 3888 1968 3934; x_wconf 91' lang='lat' dir='ltr'><strong>est</strong></span> <span class='ocrx_word' id='word_1_506' title='bbox 1994 3895 2156 3936; x_wconf 86' lang='lat' dir='ltr'><strong>evan-</strong></span> 
     </span>
    </p>
   </div>
   <div class='ocr_carea' id='block_1_68' title="bbox 566 3962 2152 4041">
    <p class='ocr_par' dir='ltr' id='par_1_68' title="bbox 566 3962 2152 4041">
     <span class='ocr_line' id='line_1_68' title="bbox 566 3962 2152 4041; baseline 0.004 -22"><span class='ocrx_word' id='word_1_507' title='bbox 566 3964 774 4034; x_wconf 78' lang='lat' dir='ltr'><strong>gelicis.</strong></span> <span class='ocrx_word' id='word_1_508' title='bbox 823 3982 845 4016; x_wconf 86' lang='grc' dir='ltr'><em>ι</em></span> <span class='ocrx_word' id='word_1_509' title='bbox 877 3962 993 4020; x_wconf 79' lang='lat' dir='ltr'><strong>Non</strong></span> <span class='ocrx_word' id='word_1_510' title='bbox 1035 3966 1182 4021; x_wconf 86' lang='lat' dir='ltr'><strong>enim</strong></span> <span class='ocrx_word' id='word_1_511' title='bbox 1231 3964 1285 4020; x_wconf 91' lang='lat' dir='ltr'><strong>in</strong></span> <span class='ocrx_word' id='word_1_512' title='bbox 1339 3966 1457 4019; x_wconf 85' lang='lat' dir='ltr'><strong>solo</strong></span> <span class='ocrx_word' id='word_1_513' title='bbox 1518 3980 1657 4035; x_wconf 89' lang='lat' dir='ltr'><strong>pane</strong></span> <span class='ocrx_word' id='word_1_514' title='bbox 1712 3968 1892 4034; x_wconf 80' lang='lat' dir='ltr'><strong>vivet,</strong></span> <span class='ocrx_word' id='word_1_515' title='bbox 1945 3970 2152 4041; x_wconf 89' lang='lat' dir='ltr'><strong>inquit,</strong></span> 
     </span>
    </p>
   </div>
   <div class='ocr_carea' id='block_1_69' title="bbox 566 4054 2157 4129">
    <p class='ocr_par' dir='ltr' id='par_1_69' title="bbox 566 4054 2157 4129">
     <span class='ocr_line' id='line_1_69' title="bbox 566 4054 2157 4129; baseline 0.004 -18"><span class='ocrx_word' id='word_1_516' title='bbox 566 4055 754 4119; x_wconf 77' lang='lat' dir='ltr'><strong>homo,</strong></span> <span class='ocrx_word' id='word_1_517' title='bbox 801 4054 896 4110; x_wconf 83' lang='lat' dir='ltr'><strong>sed</strong></span> <span class='ocrx_word' id='word_1_518' title='bbox 962 4057 1017 4110; x_wconf 88' lang='lat' dir='ltr'><strong>in</strong></span> <span class='ocrx_word' id='word_1_519' title='bbox 1059 4056 1207 4112; x_wconf 81' lang='lat' dir='ltr'><strong>omni</strong></span> <span class='ocrx_word' id='word_1_520' title='bbox 1281 4059 1447 4113; x_wconf 80' lang='lat' dir='ltr'><strong>verbo</strong></span> <span class='ocrx_word' id='word_1_521' title='bbox 1496 4060 1638 4127; x_wconf 90' lang='lat' dir='ltr'><strong>quod</strong></span> <span class='ocrx_word' id='word_1_522' title='bbox 1714 4062 1893 4129; x_wconf 86' lang='lat' dir='ltr'><strong>prodit</strong></span> <span class='ocrx_word' id='word_1_523' title='bbox 1934 4076 2003 4115; x_wconf 80' lang='lat' dir='ltr'><strong>ex</strong></span> <span class='ocrx_word' id='word_1_524' title='bbox 2061 4076 2157 4119; x_wconf 90' lang='lat' dir='ltr'><strong>ore</strong></span> 
     </span>
    </p>
   </div>
   <div class='ocr_carea' id='block_1_70' title="bbox 2254 2949 3846 3036">
    <p class='ocr_par' dir='ltr' id='par_1_70' title="bbox 2254 2949 3846 3036">
     <span class='ocr_line' id='line_1_70' title="bbox 2254 2949 3846 3036; baseline 0.009 -35"><span class='ocrx_word' id='word_1_525' title='bbox 2254 2949 2422 3021; x_wconf 79' lang='grc' dir='ltr'>μένην</span> <span class='ocrx_word' id='word_1_526' title='bbox 2458 2950 2715 3022; x_wconf 82' lang='grc' dir='ltr'>ἐσχηκόσι</span> <span class='ocrx_word' id='word_1_527' title='bbox 2750 2951 2914 3023; x_wconf 80' lang='grc' dir='ltr'>ζωὴν,</span> <span class='ocrx_word' id='word_1_528' title='bbox 2939 2952 3030 3006; x_wconf 82' lang='grc' dir='ltr'>διὰ</span> <span class='ocrx_word' id='word_1_529' title='bbox 3072 2953 3183 3007; x_wconf 83' lang='grc' dir='ltr'><strong>τῶν</strong></span> <span class='ocrx_word' id='word_1_530' title='bbox 3217 2957 3593 3026; x_wconf 80' lang='grc' dir='ltr'>εὐαγγελικῶν</span> <span class='ocrx_word' id='word_1_531' title='bbox 3633 2978 3846 3036; x_wconf 66' lang='grc' dir='ltr'>κηρυγ-</span> 
     </span>
    </p>
   </div>
   <div class='ocr_carea' id='block_1_71' title="bbox 2254 3042 3846 3124">
    <p class='ocr_par' dir='ltr' id='par_1_71' title="bbox 2254 3042 3846 3124">
     <span class='ocr_line' id='line_1_71' title="bbox 2254 3042 3846 3124; baseline 0.009 -30"><span class='ocrx_word' id='word_1_532' title='bbox 2254 3042 2439 3112; x_wconf 76' lang='grc' dir='ltr'>μάτων</span> <span class='ocrx_word' id='word_1_533' title='bbox 2526 3043 2918 3114; x_wconf 79' lang='grc' dir='ltr'>συμϐήσονται,</span> <span class='ocrx_word' id='word_1_534' title='bbox 2981 3046 3117 3117; x_wconf 72' lang='grc' dir='ltr'>πρὸς</span> <span class='ocrx_word' id='word_1_535' title='bbox 3216 3049 3528 3120; x_wconf 67' lang='grc' dir='ltr'>όμοψυχίαν</span> <span class='ocrx_word' id='word_1_536' title='bbox 3597 3053 3697 3124; x_wconf 76' lang='grc' dir='ltr'><strong>τὴν</strong></span> <span class='ocrx_word' id='word_1_537' title='bbox 3757 3054 3846 3109; x_wconf 77' lang='grc' dir='ltr'>διὰ</span> 
     </span>
    </p>
   </div>
   <div class='ocr_carea' id='block_1_72' title="bbox 2250 3131 3845 3214">
    <p class='ocr_par' dir='ltr' id='par_1_72' title="bbox 2250 3131 3845 3214">
     <span class='ocr_line' id='line_1_72' title="bbox 2250 3131 3845 3214; baseline 0.008 -29"><span class='ocrx_word' id='word_1_538' title='bbox 2250 3131 2504 3198; x_wconf 73' lang='grc' dir='ltr'>πίστεως,</span> <span class='ocrx_word' id='word_1_539' title='bbox 2539 3134 2588 3187; x_wconf 87' lang='grc' dir='ltr'><strong>οί</strong></span> <span class='ocrx_word' id='word_1_540' title='bbox 2631 3133 2875 3209; x_wconf 85' lang='grc' dir='ltr'>βδελυροί</span> <span class='ocrx_word' id='word_1_541' title='bbox 2910 3153 3041 3190; x_wconf 88' lang='grc' dir='ltr'>ποτε</span> <span class='ocrx_word' id='word_1_542' title='bbox 3106 3137 3201 3191; x_wconf 74' lang='grc' dir='ltr'><strong>καὶ</strong></span> <span class='ocrx_word' id='word_1_543' title='bbox 3231 3139 3569 3213; x_wconf 69' lang='grc' dir='ltr'>ἀκάθαρτοι,</span> <span class='ocrx_word' id='word_1_544' title='bbox 3586 3147 3675 3201; x_wconf 67' lang='grc' dir='ltr'><strong>καὶ</strong></span> <span class='ocrx_word' id='word_1_545' title='bbox 3707 3143 3845 3214; x_wconf 76' lang='grc' dir='ltr'><strong>ἀιμά</strong></span> 
     </span>
    </p>
   </div>
   <div class='ocr_carea' id='block_1_73' title="bbox 2248 3223 3840 3305">
    <p class='ocr_par' dir='ltr' id='par_1_73' title="bbox 2248 3223 3840 3305">
     <span class='ocr_line' id='line_1_73' title="bbox 2248 3223 3840 3305; baseline 0.008 -30"><span class='ocrx_word' id='word_1_546' title='bbox 2248 3232 2409 3292; x_wconf 77' lang='grc' dir='ltr'>τητος</span> <span class='ocrx_word' id='word_1_547' title='bbox 2444 3223 2847 3296; x_wconf 80' lang='grc' dir='ltr'>θηριοπρεποῦς</span> <span class='ocrx_word' id='word_1_548' title='bbox 2899 3227 3101 3298; x_wconf 82' lang='grc' dir='ltr'>μεστὴν</span> <span class='ocrx_word' id='word_1_549' title='bbox 3162 3228 3379 3301; x_wconf 75' lang='grc' dir='ltr'>ἔχοντες</span> <span class='ocrx_word' id='word_1_550' title='bbox 3426 3233 3528 3304; x_wconf 79' lang='grc' dir='ltr'>τὴν</span> <span class='ocrx_word' id='word_1_551' title='bbox 3593 3235 3840 3305; x_wconf 64' lang='grc' dir='ltr'>καρδίαν.</span> 
     </span>
    </p>
   </div>
   <div class='ocr_carea' id='block_1_74' title="bbox 2258 3307 3841 3395">
    <p class='ocr_par' dir='ltr' id='par_1_74' title="bbox 2258 3307 3841 3395">
     <span class='ocr_line' id='line_1_74' title="bbox 2258 3307 3841 3395; baseline 0.008 -28"><span class='ocrx_word' id='word_1_552' title='bbox 2258 3334 2276 3367; x_wconf 79' lang='grc' dir='ltr'>ι</span> <span class='ocrx_word' id='word_1_553' title='bbox 2310 3307 2491 3382; x_wconf 74' lang='grc' dir='ltr'>Οὗτοι,</span> <span class='ocrx_word' id='word_1_554' title='bbox 2556 3317 2740 3389; x_wconf 73' lang='grc' dir='ltr'>φησὶν,</span> <span class='ocrx_word' id='word_1_555' title='bbox 2796 3318 2949 3372; x_wconf 69' lang='grc' dir='ltr'>οὐδὲν</span> <span class='ocrx_word' id='word_1_556' title='bbox 2997 3320 3372 3392; x_wconf 80' lang='grc' dir='ltr'>ἀδικήσουσιν,</span> <span class='ocrx_word' id='word_1_557' title='bbox 3410 3324 3538 3377; x_wconf 75' lang='grc' dir='ltr'>οὒτε</span> <span class='ocrx_word' id='word_1_558' title='bbox 3582 3324 3688 3395; x_wconf 74' lang='grc' dir='ltr'><strong>μὴν</strong></span> <span class='ocrx_word' id='word_1_559' title='bbox 3723 3326 3841 3379; x_wconf 81' lang='grc' dir='ltr'>δια·-</span> 
     </span>
    </p>
   </div>
   <div class='ocr_carea' id='block_1_75' title="bbox 2251 3405 3835 3487">
    <p class='ocr_par' dir='ltr' id='par_1_75' title="bbox 2251 3405 3835 3487">
     <span class='ocr_line' id='line_1_75' title="bbox 2251 3405 3835 3487; baseline 0.007 -29"><span class='ocrx_word' id='word_1_560' title='bbox 2251 3405 2614 3477; x_wconf 79' lang='grc' dir='ltr'>λυμανοῦνταί</span> <span class='ocrx_word' id='word_1_561' title='bbox 2658 3426 2769 3463; x_wconf 87' lang='grc' dir='ltr'>τισι</span> <span class='ocrx_word' id='word_1_562' title='bbox 2810 3409 2920 3463; x_wconf 87' lang='grc' dir='ltr'>τῶν</span> <span class='ocrx_word' id='word_1_563' title='bbox 2966 3412 3025 3464; x_wconf 80' lang='grc' dir='ltr'><strong>ἐν</strong></span> <span class='ocrx_word' id='word_1_564' title='bbox 3075 3411 3153 3482; x_wconf 82' lang='grc' dir='ltr'>τῷ</span> <span class='ocrx_word' id='word_1_565' title='bbox 3198 3413 3317 3485; x_wconf 68' lang='grc' dir='ltr'>ὄρει</span> <span class='ocrx_word' id='word_1_566' title='bbox 3362 3414 3439 3485; x_wconf 79' lang='grc' dir='ltr'>τῷ</span> <span class='ocrx_word' id='word_1_567' title='bbox 3471 3415 3607 3487; x_wconf 78' lang='grc' dir='ltr'>ἁγίῳ</span> <span class='ocrx_word' id='word_1_568' title='bbox 3634 3433 3758 3486; x_wconf 83' lang='grc' dir='ltr'>μου,</span> <span class='ocrx_word' id='word_1_569' title='bbox 3808 3434 3835 3469; x_wconf 72' lang='lat' dir='ltr'><strong>s</strong></span> 
     </span>
    </p>
   </div>
   <div class='ocr_carea' id='block_1_76' title="bbox 2251 3500 3842 3577">
    <p class='ocr_par' dir='ltr' id='par_1_76' title="bbox 2251 3500 3842 3577">
     <span class='ocr_line' id='line_1_76' title="bbox 2251 3500 3842 3577; baseline 0.005 -26"><span class='ocrx_word' id='word_1_570' title='bbox 2251 3500 2518 3564; x_wconf 84' lang='grc' dir='ltr'>τουτέστι,</span> <span class='ocrx_word' id='word_1_571' title='bbox 2584 3503 2650 3573; x_wconf 81' lang='grc' dir='ltr'>τῇ</span> <span class='ocrx_word' id='word_1_572' title='bbox 2708 3500 3021 3575; x_wconf 74' lang='grc' dir='ltr'>Ἐκκλησία.</span> <span class='ocrx_word' id='word_1_573' title='bbox 3074 3505 3342 3572; x_wconf 84' lang='grc' dir='ltr'>Φάγονται</span> <span class='ocrx_word' id='word_1_574' title='bbox 3397 3506 3505 3577; x_wconf 80' lang='grc' dir='ltr'>γὰρ</span> <span class='ocrx_word' id='word_1_575' title='bbox 3562 3508 3661 3560; x_wconf 72' lang='grc' dir='ltr'><strong>σὺν</strong></span> <span class='ocrx_word' id='word_1_576' title='bbox 3722 3509 3842 3575; x_wconf 68' lang='grc' dir='ltr'>τοῖς</span> 
     </span>
    </p>
   </div>
   <div class='ocr_carea' id='block_1_77' title="bbox 2254 3591 3839 3669">
    <p class='ocr_par' dir='ltr' id='par_1_77' title="bbox 2254 3591 3839 3669">
     <span class='ocr_line' id='line_1_77' title="bbox 2254 3591 3839 3669; baseline 0.006 -26"><span class='ocrx_word' id='word_1_577' title='bbox 2254 3591 2480 3662; x_wconf 81' lang='grc' dir='ltr'>ἡμέροις</span> <span class='ocrx_word' id='word_1_578' title='bbox 2509 3593 2577 3647; x_wconf 74' lang='grc' dir='ltr'>τὰ</span> <span class='ocrx_word' id='word_1_579' title='bbox 2609 3593 2798 3665; x_wconf 72' lang='grc' dir='ltr'>ἄγρια*</span> <span class='ocrx_word' id='word_1_580' title='bbox 2836 3595 3011 3666; x_wconf 78' lang='grc' dir='ltr'>τροφὴ</span> <span class='ocrx_word' id='word_1_581' title='bbox 3038 3596 3093 3648; x_wconf 83' lang='grc' dir='ltr'>δὲ</span> <span class='ocrx_word' id='word_1_582' title='bbox 3124 3598 3309 3662; x_wconf 82' lang='grc' dir='ltr'>αὐτοῖς</span> <span class='ocrx_word' id='word_1_583' title='bbox 3334 3599 3362 3650; x_wconf 84' lang='grc' dir='ltr'>ό</span> <span class='ocrx_word' id='word_1_584' title='bbox 3396 3598 3629 3666; x_wconf 74' lang='grc' dir='ltr'>Χριστὸς</span> <span class='ocrx_word' id='word_1_585' title='bbox 3669 3600 3700 3651; x_wconf 84' lang='grc' dir='ltr'><strong><em>ό</em></strong></span> <span class='ocrx_word' id='word_1_586' title='bbox 3725 3600 3839 3669; x_wconf 82' lang='grc' dir='ltr'><strong>ἆρ-</strong></span> 
     </span>
    </p>
   </div>
   <div class='ocr_carea' id='block_1_78' title="bbox 2254 3684 3837 3759">
    <p class='ocr_par' dir='ltr' id='par_1_78' title="bbox 2254 3684 3837 3759">
     <span class='ocr_line' id='line_1_78' title="bbox 2254 3684 3837 3759; baseline 0.003 -21"><span class='ocrx_word' id='word_1_587' title='bbox 2254 3702 2345 3748; x_wconf 89' lang='grc' dir='ltr'><strong>τος</strong></span> <span class='ocrx_word' id='word_1_588' title='bbox 2372 3686 2399 3738; x_wconf 83' lang='grc' dir='ltr'>ὁ</span> <span class='ocrx_word' id='word_1_589' title='bbox 2430 3684 2537 3749; x_wconf 75' lang='grc' dir='ltr'><strong>ζῶν</strong></span> <span class='ocrx_word' id='word_1_590' title='bbox 2570 3688 2598 3739; x_wconf 89' lang='grc' dir='ltr'><strong>ὁ</strong></span> <span class='ocrx_word' id='word_1_591' title='bbox 2627 3685 2693 3738; x_wconf 84' lang='grc' dir='ltr'>ὲκ</span> <span class='ocrx_word' id='word_1_592' title='bbox 2732 3685 2829 3740; x_wconf 79' lang='grc' dir='ltr'>τοῦ</span> <span class='ocrx_word' id='word_1_593' title='bbox 2879 3686 3109 3758; x_wconf 81' lang='grc' dir='ltr'>ούρανοῦ</span> <span class='ocrx_word' id='word_1_594' title='bbox 3156 3688 3418 3753; x_wconf 73' lang='grc' dir='ltr'>καταϐὰς,</span> <span class='ocrx_word' id='word_1_595' title='bbox 3450 3687 3544 3740; x_wconf 53' lang='grc' dir='ltr'><strong>καῖ⁵</strong></span> <span class='ocrx_word' id='word_1_596' title='bbox 3571 3687 3720 3759; x_wconf 66' lang='grc' dir='ltr'>ζωὴν</span> <span class='ocrx_word' id='word_1_597' title='bbox 3751 3687 3837 3742; x_wconf 86' lang='grc' dir='ltr'>δι-</span> 
     </span>
    </p>
   </div>
   <div class='ocr_carea' id='block_1_79' title="bbox 2253 3776 3839 3854">
    <p class='ocr_par' dir='ltr' id='par_1_79' title="bbox 2253 3776 3839 3854">
     <span class='ocr_line' id='line_1_79' title="bbox 2253 3776 3839 3854; baseline 0.004 -25"><span class='ocrx_word' id='word_1_598' title='bbox 2253 3777 2376 3839; x_wconf 78' lang='grc' dir='ltr'>δοὺς</span> <span class='ocrx_word' id='word_1_599' title='bbox 2402 3776 2479 3849; x_wconf 79' lang='grc' dir='ltr'><strong>τῷ</strong></span> <span class='ocrx_word' id='word_1_600' title='bbox 2519 3776 2743 3848; x_wconf 70' lang='grc' dir='ltr'>κόσμῳθ</span> <span class='ocrx_word' id='word_1_601' title='bbox 2784 3778 2970 3848; x_wconf 78' lang='grc' dir='ltr'>τρέφει</span> <span class='ocrx_word' id='word_1_602' title='bbox 3015 3779 3071 3833; x_wconf 80' lang='grc' dir='ltr'>δὲ</span> <span class='ocrx_word' id='word_1_603' title='bbox 3111 3781 3208 3834; x_wconf 77' lang='grc' dir='ltr'><strong>καὶ</strong></span> <span class='ocrx_word' id='word_1_604' title='bbox 3233 3781 3401 3852; x_wconf 70' lang='grc' dir='ltr'>σαρκὶ</span> <span class='ocrx_word' id='word_1_605' title='bbox 3442 3784 3509 3854; x_wconf 76' lang='grc' dir='ltr'>τῇ</span> <span class='ocrx_word' id='word_1_606' title='bbox 3534 3780 3670 3852; x_wconf 60' lang='grc' dir='ltr'>ἰδίᾳ,</span> <span class='ocrx_word' id='word_1_607' title='bbox 3699 3781 3839 3853; x_wconf 75' lang='grc' dir='ltr'>πρὸς</span> 
     </span>
    </p>
   </div>
   <div class='ocr_carea' id='block_1_80' title="bbox 2253 3868 3840 3944">
    <p class='ocr_par' dir='ltr' id='par_1_80' title="bbox 2253 3868 3840 3944">
     <span class='ocr_line' id='line_1_80' title="bbox 2253 3868 3840 3944; baseline 0.003 -23"><span class='ocrx_word' id='word_1_608' title='bbox 2253 3868 2562 3940; x_wconf 79' lang='grc' dir='ltr'>ἀφθαρσίαν</span> <span class='ocrx_word' id='word_1_609' title='bbox 2614 3871 2763 3941; x_wconf 71' lang='grc' dir='ltr'>ἡμᾶς</span> <span class='ocrx_word' id='word_1_610' title='bbox 2811 3870 3145 3940; x_wconf 65' lang='grc' dir='ltr'>ἀναμοριρῶν</span> <span class='ocrx_word' id='word_1_611' title='bbox 3208 3874 3304 3926; x_wconf 74' lang='grc' dir='ltr'>καὶ</span> <span class='ocrx_word' id='word_1_612' title='bbox 3351 3873 3516 3944; x_wconf 76' lang='grc' dir='ltr'>ζωὴν,</span> <span class='ocrx_word' id='word_1_613' title='bbox 3583 3874 3681 3926; x_wconf 68' lang='grc' dir='ltr'><strong>καὶ</strong></span> <span class='ocrx_word' id='word_1_614' title='bbox 3726 3875 3840 3936; x_wconf 71' lang='grc' dir='ltr'>τοῖς</span> 
     </span>
    </p>
   </div>
   <div class='ocr_carea' id='block_1_81' title="bbox 2255 3960 3835 4031">
    <p class='ocr_par' dir='ltr' id='par_1_81' title="bbox 2255 3960 3835 4031">
     <span class='ocr_line' id='line_1_81' title="bbox 2255 3960 3835 4031; baseline 0.002 -19"><span class='ocrx_word' id='word_1_615' title='bbox 2255 3960 2448 4013; x_wconf 80' lang='grc' dir='ltr'>ἑαυτοῦ</span> <span class='ocrx_word' id='word_1_616' title='bbox 2492 3960 2833 4031; x_wconf 79' lang='grc' dir='ltr'>κηρύγμασι,</span> <span class='ocrx_word' id='word_1_617' title='bbox 2882 3963 3151 4026; x_wconf 87' lang='grc' dir='ltr'>τουτέστι,</span> <span class='ocrx_word' id='word_1_618' title='bbox 3185 3965 3298 4026; x_wconf 77' lang='grc' dir='ltr'>τοῖς</span> <span class='ocrx_word' id='word_1_619' title='bbox 3337 3963 3746 4031; x_wconf 68' lang='grc' dir='ltr'>εὐαγγελικοῖςσ</span> <span class='ocrx_word' id='word_1_620' title='bbox 3774 3963 3835 4015; x_wconf 82' lang='grc' dir='ltr'>οὐ</span> 
     </span>
    </p>
   </div>
   <div class='ocr_carea' id='block_1_82' title="bbox 2254 4051 3834 4124">
    <p class='ocr_par' dir='ltr' id='par_1_82' title="bbox 2254 4051 3834 4124">
     <span class='ocr_line' id='line_1_82' title="bbox 2254 4051 3834 4124; baseline 0.001 -19"><span class='ocrx_word' id='word_1_621' title='bbox 2254 4051 2362 4123; x_wconf 81' lang='grc' dir='ltr'>γὰρ</span> <span class='ocrx_word' id='word_1_622' title='bbox 2401 4052 2486 4106; x_wconf 80' lang='grc' dir='ltr'><strong>ἐπ’</strong></span> <span class='ocrx_word' id='word_1_623' title='bbox 2527 4051 2676 4123; x_wconf 81' lang='grc' dir='ltr'>ἄρτῳ</span> <span class='ocrx_word' id='word_1_624' title='bbox 2721 4051 2868 4124; x_wconf 84' lang='grc' dir='ltr'>μόνῳ</span> <span class='ocrx_word' id='word_1_625' title='bbox 2923 4051 3169 4123; x_wconf 77' lang='grc' dir='ltr'>ζήσεται,</span> <span class='ocrx_word' id='word_1_626' title='bbox 3218 4054 3406 4122; x_wconf 61' lang='grc' dir='ltr'>φησιν,</span> <span class='ocrx_word' id='word_1_627' title='bbox 3456 4056 3485 4108; x_wconf 86' lang='grc' dir='ltr'>ὁ</span> <span class='ocrx_word' id='word_1_628' title='bbox 3531 4053 3834 4124; x_wconf 78' lang='grc' dir='ltr'>ἅνθρωπος,</span> 
     </span>
    </p>
   </div>
   <div class='ocr_carea' id='block_1_83' title="bbox 568 4143 2146 4222">
    <p class='ocr_par' dir='ltr' id='par_1_83' title="bbox 568 4149 2146 4222">
     <span class='ocr_line' id='line_1_83' title="bbox 568 4149 2146 4222; baseline 0.002 -18"><span class='ocrx_word' id='word_1_629' title='bbox 568 4150 664 4205; x_wconf 89' lang='lat' dir='ltr'><strong>Dei</strong></span> <span class='ocrx_word' id='word_1_630' title='bbox 691 4152 760 4208; x_wconf 80' lang='grc'><strong>⁸³.</strong></span> <span class='ocrx_word' id='word_1_631' title='bbox 792 4169 814 4204; x_wconf 73' lang='grc' dir='ltr'><strong>ι</strong></span> <span class='ocrx_word' id='word_1_632' title='bbox 848 4149 1089 4207; x_wconf 83' lang='lat' dir='ltr'><strong>Observa</strong></span> <span class='ocrx_word' id='word_1_633' title='bbox 1120 4159 1299 4207; x_wconf 84' lang='lat' dir='ltr'><strong>autem</strong></span> <span class='ocrx_word' id='word_1_634' title='bbox 1334 4167 1501 4222; x_wconf 81' lang='lat' dir='ltr'><strong>agnos</strong></span> <span class='ocrx_word' id='word_1_635' title='bbox 1529 4161 1588 4206; x_wconf 91' lang='lat' dir='ltr'><strong>et</strong></span> <span class='ocrx_word' id='word_1_636' title='bbox 1628 4151 1810 4206; x_wconf 63' lang='lat' dir='ltr'><strong>bardos</strong></span> <span class='ocrx_word' id='word_1_637' title='bbox 1854 4151 2066 4206; x_wconf 90' lang='lat' dir='ltr'><strong>leonum</strong></span> <span class='ocrx_word' id='word_1_638' title='bbox 2096 4163 2146 4207; x_wconf 88' lang='lat' dir='ltr'><strong>et</strong></span> 
     </span>
    </p>
   </div>
   <div class='ocr_carea' id='block_1_84' title="bbox 2250 4143 3835 4222">
    <p class='ocr_par' dir='ltr' id='par_1_84' title="bbox 2258 4143 3835 4216">
     <span class='ocr_line' id='line_1_84' title="bbox 2258 4143 3835 4216; baseline 0 -20"><span class='ocrx_word' id='word_1_639' title='bbox 2258 4143 2373 4196; x_wconf 77' lang='grc' dir='ltr'>ἀλλ’</span> <span class='ocrx_word' id='word_1_640' title='bbox 2406 4144 2499 4195; x_wconf 76' lang='grc' dir='ltr'>ἐπὶ</span> <span class='ocrx_word' id='word_1_641' title='bbox 2529 4144 2692 4198; x_wconf 69' lang='grc' dir='ltr'>παντὶ</span> <span class='ocrx_word' id='word_1_642' title='bbox 2736 4145 2941 4214; x_wconf 77' lang='grc' dir='ltr'>ῥήματι</span> <span class='ocrx_word' id='word_1_643' title='bbox 2978 4145 3403 4216; x_wconf 77' lang='grc' dir='ltr'>ἐκπορευομένῳ</span> <span class='ocrx_word' id='word_1_644' title='bbox 3450 4144 3539 4198; x_wconf 79' lang='grc' dir='ltr'>διὰ</span> <span class='ocrx_word' id='word_1_645' title='bbox 3570 4145 3835 4216; x_wconf 82' lang='grc' dir='ltr'>στόματος</span> 
     </span>
    </p>
   </div>
   <div class='ocr_carea' id='block_1_85' title="bbox 567 4217 2146 4312">
    <p class='ocr_par' dir='ltr' id='par_1_85' title="bbox 567 4217 2146 4312">
     <span class='ocr_line' id='line_1_85' title="bbox 567 4217 2146 4312; baseline 0.003 -17"><span class='ocrx_word' id='word_1_646' title='bbox 567 4242 817 4311; x_wconf 85' lang='lat' dir='ltr'><strong>luporum</strong></span> <span class='ocrx_word' id='word_1_647' title='bbox 865 4243 1017 4297; x_wconf 86' lang='lat' dir='ltr'><strong>cibos</strong></span> <span class='ocrx_word' id='word_1_648' title='bbox 1042 4258 1148 4298; x_wconf 91' lang='lat' dir='ltr'><strong>non</strong></span> <span class='ocrx_word' id='word_1_649' title='bbox 1185 4217 1587 4312; x_wconf 28' lang='lat' dir='ltr'><strong>edereiNeque</strong></span> <span class='ocrx_word' id='word_1_650' title='bbox 1626 4244 1771 4299; x_wconf 90' lang='lat' dir='ltr'><strong>enim</strong></span> <span class='ocrx_word' id='word_1_651' title='bbox 1817 4244 1987 4298; x_wconf 81' lang='lat' dir='ltr'><strong>dixit:</strong></span> <span class='ocrx_word' id='word_1_652' title='bbox 2037 4243 2146 4300; x_wconf 87' lang='lat' dir='ltr'><strong>Co-</strong></span> 
     </span>
    </p>
   </div>
   <div class='ocr_carea' id='block_1_86' title="bbox 2250 4217 3835 4312">
    <p class='ocr_par' dir='ltr' id='par_1_86' title="bbox 2253 4233 3835 4308">
     <span class='ocr_line' id='line_1_86' title="bbox 2253 4233 3835 4308; baseline 0.001 -21"><span class='ocrx_word' id='word_1_653' title='bbox 2253 4233 2410 4287; x_wconf 79' lang='grc' dir='ltr'>Θεοῦ.</span> <span class='ocrx_word' id='word_1_654' title='bbox 2455 4236 2812 4306; x_wconf 82' lang='grc' dir='ltr'>Ἐπιτήρησον</span> <span class='ocrx_word' id='word_1_655' title='bbox 2844 4234 2900 4287; x_wconf 84' lang='grc' dir='ltr'>δὲ</span> <span class='ocrx_word' id='word_1_656' title='bbox 2937 4236 3139 4289; x_wconf 80' lang='grc' dir='ltr'>ὅτιούκ</span> <span class='ocrx_word' id='word_1_657' title='bbox 3178 4235 3343 4308; x_wconf 84' lang='grc' dir='ltr'>ἄρνες</span> <span class='ocrx_word' id='word_1_658' title='bbox 3372 4236 3465 4290; x_wconf 76' lang='grc' dir='ltr'><strong>καὶ</strong></span> <span class='ocrx_word' id='word_1_659' title='bbox 3494 4236 3699 4308; x_wconf 76' lang='grc' dir='ltr'>ἔριφοι,</span> <span class='ocrx_word' id='word_1_660' title='bbox 3738 4235 3835 4299; x_wconf 73' lang='grc' dir='ltr'><strong>τὰς</strong></span> 
     </span>
    </p>
   </div>
   <div class='ocr_carea' id='block_1_87' title="bbox 567 4335 2147 4404">
    <p class='ocr_par' dir='ltr' id='par_1_87' title="bbox 567 4335 2147 4404">
     <span class='ocr_line' id='line_1_87' title="bbox 567 4335 2147 4404; baseline 0.003 -19"><span class='ocrx_word' id='word_1_661' title='bbox 567 4336 783 4387; x_wconf 80' lang='lat' dir='ltr'><strong>medent</strong></span> <span class='ocrx_word' id='word_1_662' title='bbox 817 4347 1032 4404; x_wconf 85' lang='lat' dir='ltr'><strong>carnes,</strong></span> <span class='ocrx_word' id='word_1_663' title='bbox 1073 4335 1168 4388; x_wconf 86' lang='lat' dir='ltr'><strong>sed</strong></span> <span class='ocrx_word' id='word_1_664' title='bbox 1198 4335 1307 4404; x_wconf 82' lang='lat' dir='ltr'><strong>lupi</strong></span> <span class='ocrx_word' id='word_1_665' title='bbox 1358 4345 1416 4389; x_wconf 86' lang='lat' dir='ltr'><strong>et</strong></span> <span class='ocrx_word' id='word_1_666' title='bbox 1462 4335 1643 4389; x_wconf 88' lang='lat' dir='ltr'><strong>leones</strong></span> <span class='ocrx_word' id='word_1_667' title='bbox 1669 4336 1964 4391; x_wconf 87' lang='lat' dir='ltr'><strong>mansuetis</strong></span> <span class='ocrx_word' id='word_1_668' title='bbox 1991 4345 2147 4389; x_wconf 84' lang='lat' dir='ltr'><strong>uten-</strong></span> 
     </span>
    </p>
   </div>
   <div class='ocr_carea' id='block_1_88' title="bbox 570 4403 2146 4494">
    <p class='ocr_par' dir='ltr' id='par_1_88' title="bbox 570 4403 2146 4494">
     <span class='ocr_line' id='line_1_88' title="bbox 570 4403 2146 4494; baseline 0.004 -18"><span class='ocrx_word' id='word_1_669' title='bbox 570 4435 658 4478; x_wconf 90' lang='lat' dir='ltr'><strong>tur</strong></span> <span class='ocrx_word' id='word_1_670' title='bbox 688 4424 823 4479; x_wconf 82' lang='lat' dir='ltr'><strong>cihis</strong></span> <span class='ocrx_word' id='word_1_671' title='bbox 843 4403 1087 4481; x_wconf 50' lang='lat' dir='ltr'><strong>cie&#39;urum</strong></span> <span class='ocrx_word' id='word_1_672' title='bbox 1130 4426 1466 4492; x_wconf 85' lang='lat' dir='ltr'><strong>animalium,</strong></span> <span class='ocrx_word' id='word_1_673' title='bbox 1497 4442 1615 4494; x_wconf 74' lang='lat' dir='ltr'><strong>qua:</strong></span> <span class='ocrx_word' id='word_1_674' title='bbox 1644 4426 1922 4494; x_wconf 84' lang='lat' dir='ltr'><strong>palearum</strong></span> <span class='ocrx_word' id='word_1_675' title='bbox 1970 4428 2146 4482; x_wconf 82' lang='lat' dir='ltr'><strong>norni-</strong></span> 
     </span>
    </p>
   </div>
   <div class='ocr_carea' id='block_1_89' title="bbox 569 4515 2138 4585">
    <p class='ocr_par' dir='ltr' id='par_1_89' title="bbox 569 4515 2138 4585">
     <span class='ocr_line' id='line_1_89' title="bbox 569 4515 2138 4585; baseline 0.004 -17"><span class='ocrx_word' id='word_1_676' title='bbox 569 4530 638 4569; x_wconf 86' lang='lat' dir='ltr'><strong>ne</strong></span> <span class='ocrx_word' id='word_1_677' title='bbox 665 4515 1062 4585; x_wconf 73' lang='lat' dir='ltr'><strong>signiﬁcantur.</strong></span> <span class='ocrx_word' id='word_1_678' title='bbox 1111 4517 1226 4573; x_wconf 80' lang='lat' dir='ltr'><strong>Non</strong></span> <span class='ocrx_word' id='word_1_679' title='bbox 1256 4528 1557 4585; x_wconf 85' lang='lat' dir='ltr'><strong>sequentur</strong></span> <span class='ocrx_word' id='word_1_680' title='bbox 1604 4530 1784 4574; x_wconf 86' lang='lat' dir='ltr'><strong>autem</strong></span> <span class='ocrx_word' id='word_1_681' title='bbox 1832 4520 2138 4574; x_wconf 87' lang='lat' dir='ltr'><strong>immundos</strong></span> 
     </span>
    </p>
   </div>
   <div class='ocr_carea' id='block_1_90' title="bbox 568 4608 2139 4677">
    <p class='ocr_par' dir='ltr' id='par_1_90' title="bbox 568 4608 2139 4677">
     <span class='ocr_line' id='line_1_90' title="bbox 568 4608 2139 4677; baseline 0 -14"><span class='ocrx_word' id='word_1_682' title='bbox 568 4608 753 4663; x_wconf 82' lang='lat' dir='ltr'><strong>mundi</strong></span> <span class='ocrx_word' id='word_1_683' title='bbox 785 4622 998 4677; x_wconf 85' lang='lat' dir='ltr'><strong>:neque</strong></span> <span class='ocrx_word' id='word_1_684' title='bbox 1047 4608 1260 4664; x_wconf 86' lang='lat' dir='ltr'><strong>illorum</strong></span> <span class='ocrx_word' id='word_1_685' title='bbox 1319 4610 1622 4664; x_wconf 90' lang='lat' dir='ltr'><strong>institutum</strong></span> <span class='ocrx_word' id='word_1_686' title='bbox 1668 4623 1732 4664; x_wconf 86' lang='lat' dir='ltr'><strong>ac</strong></span> <span class='ocrx_word' id='word_1_687' title='bbox 1771 4610 1934 4663; x_wconf 88' lang='lat' dir='ltr'><strong>vitam</strong></span> <span class='ocrx_word' id='word_1_688' title='bbox 1977 4624 2139 4664; x_wconf 63' lang='lat' dir='ltr'><strong>aestiuo</strong></span> 
     </span>
    </p>
   </div>
   <div class='ocr_carea' id='block_1_91' title="bbox 568 4698 2143 4772">
    <p class='ocr_par' dir='ltr' id='par_1_91' title="bbox 568 4698 2143 4772">
     <span class='ocr_line' id='line_1_91' title="bbox 568 4698 2143 4772; baseline 0.003 -21"><span class='ocrx_word' id='word_1_689' title='bbox 568 4698 957 4764; x_wconf 72' lang='lat' dir='ltr'><strong>lsbnntur,‘sed</strong></span> <span class='ocrx_word' id='word_1_690' title='bbox 983 4699 1192 4768; x_wconf 79' lang='lat' dir='ltr'><strong>profani</strong></span> <span class='ocrx_word' id='word_1_691' title='bbox 1217 4701 1395 4770; x_wconf 85' lang='lat' dir='ltr'><strong>potius</strong></span> <span class='ocrx_word' id='word_1_692' title='bbox 1419 4702 1629 4756; x_wconf 88' lang='lat' dir='ltr'><strong>mitium</strong></span> <span class='ocrx_word' id='word_1_693' title='bbox 1657 4709 1712 4756; x_wconf 89' lang='lat' dir='ltr'><strong>et</strong></span> <span class='ocrx_word' id='word_1_694' title='bbox 1737 4716 1995 4771; x_wconf 91' lang='lat' dir='ltr'><strong>purorum</strong></span> <span class='ocrx_word' id='word_1_695' title='bbox 2019 4717 2143 4772; x_wconf 89' lang='lat' dir='ltr'><strong>pro-</strong></span> 
     </span>
    </p>
   </div>
   <div class='ocr_carea' id='block_1_92' title="bbox 565 4791 1217 4857">
    <p class='ocr_par' dir='ltr' id='par_1_92' title="bbox 565 4791 1217 4857">
     <span class='ocr_line' id='line_1_92' title="bbox 565 4791 1217 4857; baseline 0 -9"><span class='ocrx_word' id='word_1_696' title='bbox 565 4791 794 4853; x_wconf 72' lang='lat' dir='ltr'><strong>bitatem</strong></span> <span class='ocrx_word' id='word_1_697' title='bbox 844 4793 1217 4857; x_wconf 73' lang='lat' dir='ltr'><strong>imitabuntur.</strong></span> 
     </span>
    </p>
   </div>
   <div class='ocr_carea' id='block_1_93' title="bbox 634 4962 2145 5021">
    <p class='ocr_par' dir='ltr' id='par_1_93' title="bbox 634 4962 2145 5021">
     <span class='ocr_line' id='line_1_93' title="bbox 634 4962 2145 5021; baseline 0.001 -1"><span class='ocrx_word' id='word_1_698' title='bbox 634 4963 760 5020; x_wconf 69' lang='lat' dir='ltr'><strong>Cu.</strong></span> <span class='ocrx_word' id='word_1_699' title='bbox 801 4962 985 5019; x_wconf 74' lang='lat' dir='ltr'><strong>LXVI.</strong></span> <span class='ocrx_word' id='word_1_700' title='bbox 1023 4964 1184 5019; x_wconf 76' lang='lat' dir='ltr'><strong>Vens.</strong></span> <span class='ocrx_word' id='word_1_701' title='bbox 1224 4964 1291 5018; x_wconf 80' lang='grc' dir='ltr'><strong>ί·</strong></span> <span class='ocrx_word' id='word_1_702' title='bbox 1316 4963 1369 5018; x_wconf 78' lang='lat'><strong>5.</strong></span> <span class='ocrx_word' id='word_1_703' title='bbox 1403 4962 1494 5019; x_wconf 78' lang='lat' dir='ltr'><strong>Sic</strong></span> <span class='ocrx_word' id='word_1_704' title='bbox 1523 4964 1653 5017; x_wconf 81' lang='lat' dir='ltr'><strong>dicit</strong></span> <span class='ocrx_word' id='word_1_705' title='bbox 1688 4963 1944 5020; x_wconf 79' lang='lat' dir='ltr'><strong>Dominus</strong></span> <span class='ocrx_word' id='word_1_706' title='bbox 1967 4981 1986 5019; x_wconf 88' lang='lat'><em>:</em></span> <span class='ocrx_word' id='word_1_707' title='bbox 2029 4966 2145 5021; x_wconf 81' lang='lat' dir='ltr'><strong>Cm-</strong></span> 
     </span>
    </p>
   </div>
   <div class='ocr_carea' id='block_1_94' title="bbox 566 5053 2144 5127">
    <p class='ocr_par' dir='ltr' id='par_1_94' title="bbox 566 5053 2144 5127">
     <span class='ocr_line' id='line_1_94' title="bbox 566 5053 2144 5127; baseline 0.003 -20"><span class='ocrx_word' id='word_1_708' title='bbox 566 5054 679 5108; x_wconf 77' lang='lat' dir='ltr'><strong>lum</strong></span> <span class='ocrx_word' id='word_1_709' title='bbox 721 5055 851 5110; x_wconf 78' lang='lat' dir='ltr'><strong>mihi</strong></span> <span class='ocrx_word' id='word_1_710' title='bbox 902 5053 1115 5118; x_wconf 78' lang='lat' dir='ltr'><strong>solium,</strong></span> <span class='ocrx_word' id='word_1_711' title='bbox 1151 5065 1379 5107; x_wconf 66' lang='grc' dir='ltr'><strong>ποιεῖν-α</strong></span> <span class='ocrx_word' id='word_1_712' title='bbox 1436 5053 1718 5108; x_wconf 77' lang='lat' dir='ltr'><strong>srabellum</strong></span> <span class='ocrx_word' id='word_1_713' title='bbox 1764 5055 1953 5127; x_wconf 56' lang='lat' dir='ltr'><strong>pedum</strong></span> <span class='ocrx_word' id='word_1_714' title='bbox 2001 5072 2144 5111; x_wconf 82' lang='lat' dir='ltr'><strong>meo-</strong></span> 
     </span>
    </p>
   </div>
   <div class='ocr_carea' id='block_1_95' title="bbox 565 5144 2142 5217">
    <p class='ocr_par' dir='ltr' id='par_1_95' title="bbox 565 5144 2142 5217">
     <span class='ocr_line' id='line_1_95' title="bbox 565 5144 2142 5217; baseline 0.003 -19"><span class='ocrx_word' id='word_1_715' title='bbox 565 5161 706 5201; x_wconf 69' lang='lat' dir='ltr'><strong>rum.</strong></span> <span class='ocrx_word' id='word_1_716' title='bbox 756 5144 978 5211; x_wconf 72' lang='lat' dir='ltr'><strong>Qualem</strong></span> <span class='ocrx_word' id='word_1_717' title='bbox 1021 5146 1233 5201; x_wconf 77' lang='lat' dir='ltr'><strong>domum</strong></span> <span class='ocrx_word' id='word_1_718' title='bbox 1275 5144 1605 5213; x_wconf 66' lang='lat' dir='ltr'><strong>mdiﬁcabitis</strong></span> <span class='ocrx_word' id='word_1_719' title='bbox 1660 5146 1829 5200; x_wconf 80' lang='lat' dir='ltr'><strong>mihi?</strong></span> <span class='ocrx_word' id='word_1_720' title='bbox 1883 5157 1972 5200; x_wconf 78' lang='lat' dir='ltr'><strong>aut</strong></span> <span class='ocrx_word' id='word_1_721' title='bbox 2024 5148 2142 5217; x_wconf 86' lang='lat' dir='ltr'><strong>quis</strong></span> 
     </span>
    </p>
   </div>
   <div class='ocr_carea' id='block_1_96' title="bbox 564 5234 2151 5307">
    <p class='ocr_par' dir='ltr' id='par_1_96' title="bbox 564 5234 2151 5307">
     <span class='ocr_line' id='line_1_96' title="bbox 564 5234 2151 5307; baseline 0.002 -17"><span class='ocrx_word' id='word_1_722' title='bbox 564 5237 709 5292; x_wconf 82' lang='lat' dir='ltr'><strong>locus</strong></span> <span class='ocrx_word' id='word_1_723' title='bbox 759 5236 999 5307; x_wconf 75' lang='lat' dir='ltr'><strong>requietis</strong></span> <span class='ocrx_word' id='word_1_724' title='bbox 1047 5252 1176 5292; x_wconf 65' lang='lat' dir='ltr'><strong>mea:</strong></span> <span class='ocrx_word' id='word_1_725' title='bbox 1203 5237 1230 5291; x_wconf 83' lang='lat'><strong>.’</strong></span> <span class='ocrx_word' id='word_1_726' title='bbox 1301 5234 1492 5289; x_wconf 83' lang='lat' dir='ltr'><strong>Omnia</strong></span> <span class='ocrx_word' id='word_1_727' title='bbox 1529 5240 1667 5292; x_wconf 81' lang='lat' dir='ltr'><strong>enim</strong></span> <span class='ocrx_word' id='word_1_728' title='bbox 1712 5238 1825 5291; x_wconf 69' lang='lat' dir='ltr'><strong>Im&#39;c</strong></span> <span class='ocrx_word' id='word_1_729' title='bbox 1875 5237 1995 5306; x_wconf 75' lang='lat' dir='ltr'><strong>fecit</strong></span> <span class='ocrx_word' id='word_1_730' title='bbox 2036 5256 2151 5293; x_wconf 85' lang='lat' dir='ltr'><strong>ma-</strong></span> 
     </span>
    </p>
   </div>
   <div class='ocr_carea' id='block_1_97' title="bbox 564 5327 2141 5394">
    <p class='ocr_par' dir='ltr' id='par_1_97' title="bbox 564 5327 2141 5394">
     <span class='ocr_line' id='line_1_97' title="bbox 564 5327 2141 5394; baseline 0.003 -14"><span class='ocrx_word' id='word_1_731' title='bbox 564 5343 662 5381; x_wconf 80' lang='lat' dir='ltr'><strong>nus</strong></span> <span class='ocrx_word' id='word_1_732' title='bbox 721 5344 859 5394; x_wconf 79' lang='lat' dir='ltr'><strong>mea,</strong></span> <span class='ocrx_word' id='word_1_733' title='bbox 917 5337 1040 5382; x_wconf 76' lang='lat' dir='ltr'><strong>sunt</strong></span> <span class='ocrx_word' id='word_1_734' title='bbox 1097 5344 1211 5382; x_wconf 81' lang='lat' dir='ltr'><strong>mea</strong></span> <span class='ocrx_word' id='word_1_735' title='bbox 1276 5327 1385 5383; x_wconf 67' lang='lat' dir='ltr'><strong>hac</strong></span> <span class='ocrx_word' id='word_1_736' title='bbox 1449 5331 1645 5391; x_wconf 77' lang='lat' dir='ltr'><strong>omnia,</strong></span> <span class='ocrx_word' id='word_1_737' title='bbox 1679 5330 1804 5383; x_wconf 84' lang='lat' dir='ltr'><strong>dicit</strong></span> <span class='ocrx_word' id='word_1_738' title='bbox 1869 5329 2141 5384; x_wconf 85' lang='lat' dir='ltr'><strong>Dominus.</strong></span> 
     </span>
    </p>
   </div>
   <div class='ocr_carea' id='block_1_98' title="bbox 560 5418 2145 5490">
    <p class='ocr_par' dir='ltr' id='par_1_98' title="bbox 560 5418 2145 5490">
     <span class='ocr_line' id='line_1_98' title="bbox 560 5418 2145 5490; baseline 0 -17"><span class='ocrx_word' id='word_1_739' title='bbox 560 5418 894 5490; x_wconf 68' lang='lat' dir='ltr'><strong>9070mm</strong></span> <span class='ocrx_word' id='word_1_740' title='bbox 918 5420 1216 5486; x_wconf 79' lang='lat' dir='ltr'><strong>respiciam,</strong></span> <span class='ocrx_word' id='word_1_741' title='bbox 1240 5420 1343 5472; x_wconf 80' lang='lat' dir='ltr'><strong>nisi</strong></span> <span class='ocrx_word' id='word_1_742' title='bbox 1373 5420 1441 5471; x_wconf 83' lang='lat' dir='ltr'><strong>ad</strong></span> <span class='ocrx_word' id='word_1_743' title='bbox 1461 5419 1706 5472; x_wconf 81' lang='lat' dir='ltr'><strong>humilem</strong></span> <span class='ocrx_word' id='word_1_744' title='bbox 1729 5429 1776 5473; x_wconf 82' lang='lat' dir='ltr'><strong>el</strong></span> <span class='ocrx_word' id='word_1_745' title='bbox 1801 5419 2057 5488; x_wconf 81' lang='lat' dir='ltr'><strong>quietum,</strong></span> <span class='ocrx_word' id='word_1_746' title='bbox 2083 5436 2145 5473; x_wconf 86' lang='lat' dir='ltr'><strong>ac</strong></span> 
     </span>
    </p>
   </div>
   <div class='ocr_carea' id='block_1_99' title="bbox 565 5506 2144 5577">
    <p class='ocr_par' dir='ltr' id='par_1_99' title="bbox 565 5506 2144 5577">
     <span class='ocr_line' id='line_1_99' title="bbox 565 5506 2144 5577; baseline 0.005 -23"><span class='ocrx_word' id='word_1_747' title='bbox 565 5511 868 5561; x_wconf 69' lang='lat' dir='ltr'><strong>trementem</strong></span> <span class='ocrx_word' id='word_1_748' title='bbox 927 5522 1191 5563; x_wconf 70' lang='lat' dir='ltr'><strong>sermones</strong></span> <span class='ocrx_word' id='word_1_749' title='bbox 1250 5506 1524 5565; x_wconf 75' lang='lat' dir='ltr'><strong>meos?At</strong></span> <span class='ocrx_word' id='word_1_750' title='bbox 1573 5507 1785 5577; x_wconf 81' lang='lat' dir='ltr'><strong>iniquus</strong></span> <span class='ocrx_word' id='word_1_751' title='bbox 1828 5510 1917 5576; x_wconf 85' lang='lat' dir='ltr'><strong>qui</strong></span> <span class='ocrx_word' id='word_1_752' title='bbox 1976 5509 2144 5562; x_wconf 84' lang='lat' dir='ltr'><strong>sacri-</strong></span> 
     </span>
    </p>
   </div>
   <div class='ocr_carea' id='block_1_100' title="bbox 635 5676 2100 5748">
    <p class='ocr_par' dir='ltr' id='par_1_100' title="bbox 635 5676 2100 5748">
     <span class='ocr_line' id='line_1_100' title="bbox 635 5676 2100 5748; baseline 0.005 -17"><span class='ocrx_word' id='word_1_753' title='bbox 635 5676 682 5711; x_wconf 77' lang='lat'>“</span> <span class='ocrx_word' id='word_1_754' title='bbox 709 5680 878 5744; x_wconf 75' lang='lat' dir='ltr'><strong>Apoc.</strong></span> <span class='ocrx_word' id='word_1_755' title='bbox 905 5694 1020 5746; x_wconf 73' lang='lat' dir='ltr'><strong>ut,</strong></span> <span class='ocrx_word' id='word_1_756' title='bbox 1047 5681 1100 5743; x_wconf 83' lang='lat'><strong>5.</strong></span> <span class='ocrx_word' id='word_1_757' title='bbox 1175 5683 1216 5715; x_wconf 82' lang='grc'><em>³³</em></span> <span class='ocrx_word' id='word_1_758' title='bbox 1242 5680 1396 5738; x_wconf 80' lang='lat' dir='ltr'><strong>Joan.</strong></span> <span class='ocrx_word' id='word_1_759' title='bbox 1429 5698 1503 5748; x_wconf 80' lang='lat' dir='ltr'><strong>vr,</strong></span> <span class='ocrx_word' id='word_1_760' title='bbox 1535 5681 1623 5737; x_wconf 82' lang='lat'><strong>53.</strong></span> <span class='ocrx_word' id='word_1_761' title='bbox 1713 5682 1757 5715; x_wconf 82' lang='grc'>⁸³</span> <span class='ocrx_word' id='word_1_762' title='bbox 1779 5681 1911 5738; x_wconf 84' lang='lat' dir='ltr'><strong>Luc.</strong></span> <span class='ocrx_word' id='word_1_763' title='bbox 1941 5698 2013 5736; x_wconf 81' lang='lat' dir='ltr'><strong>tv.</strong></span> <span class='ocrx_word' id='word_1_764' title='bbox 2044 5684 2100 5738; x_wconf 80' lang='grc'><strong>4.</strong></span> 
     </span>
    </p>
   </div>
   <div class='ocr_carea' id='block_1_101' title="bbox 2244 4325 3830 4399">
    <p class='ocr_par' dir='ltr' id='par_1_101' title="bbox 2244 4325 3830 4399">
     <span class='ocr_line' id='line_1_101' title="bbox 2244 4325 3830 4399; baseline 0.001 -21"><span class='ocrx_word' id='word_1_765' title='bbox 2244 4325 2353 4379; x_wconf 82' lang='grc' dir='ltr'><strong>τῶν</strong></span> <span class='ocrx_word' id='word_1_766' title='bbox 2375 4326 2603 4380; x_wconf 78' lang='grc' dir='ltr'>λεόντων</span> <span class='ocrx_word' id='word_1_767' title='bbox 2653 4328 2747 4379; x_wconf 68' lang='grc' dir='ltr'>καὶ</span> <span class='ocrx_word' id='word_1_768' title='bbox 2771 4325 2949 4381; x_wconf 89' lang='grc' dir='ltr'>λύκων</span> <span class='ocrx_word' id='word_1_769' title='bbox 2973 4327 3183 4382; x_wconf 77' lang='grc' dir='ltr'>ἔδονται</span> <span class='ocrx_word' id='word_1_770' title='bbox 3213 4328 3423 4397; x_wconf 80' lang='grc' dir='ltr'>τροφὰς</span> <span class='ocrx_word' id='word_1_771' title='bbox 3453 4327 3556 4399; x_wconf 71' lang='grc' dir='ltr'><strong>(οὗ</strong></span> <span class='ocrx_word' id='word_1_772' title='bbox 3580 4330 3688 4399; x_wconf 76' lang='grc' dir='ltr'>γὰρ</span> <span class='ocrx_word' id='word_1_773' title='bbox 3709 4328 3830 4399; x_wconf 71' lang='grc' dir='ltr'><strong>ἔφη’</strong></span> 
     </span>
    </p>
   </div>
   <div class='ocr_carea' id='block_1_102' title="bbox 2248 4414 3833 4487">
    <p class='ocr_par' dir='ltr' id='par_1_102' title="bbox 2248 4414 3833 4487">
     <span class='ocr_line' id='line_1_102' title="bbox 2248 4414 3833 4487; baseline 0.002 -19"><span class='ocrx_word' id='word_1_774' title='bbox 2248 4417 2519 4485; x_wconf 79' lang='grc' dir='ltr'>Φάγονται</span> <span class='ocrx_word' id='word_1_775' title='bbox 2552 4417 2732 4487; x_wconf 81' lang='grc' dir='ltr'>κρέα),</span> <span class='ocrx_word' id='word_1_776' title='bbox 2767 4418 2882 4472; x_wconf 79' lang='grc' dir='ltr'>ἀλλ’</span> <span class='ocrx_word' id='word_1_777' title='bbox 2911 4421 2959 4471; x_wconf 88' lang='grc' dir='ltr'><strong>οἱ</strong></span> <span class='ocrx_word' id='word_1_778' title='bbox 2996 4417 3151 4471; x_wconf 85' lang='grc' dir='ltr'>λύκοι</span> <span class='ocrx_word' id='word_1_779' title='bbox 3189 4419 3285 4473; x_wconf 76' lang='grc' dir='ltr'><strong>καὶ</strong></span> <span class='ocrx_word' id='word_1_780' title='bbox 3315 4414 3689 4483; x_wconf 72' lang='grc' dir='ltr'>λέοντεςθταῖς</span> <span class='ocrx_word' id='word_1_781' title='bbox 3726 4418 3833 4471; x_wconf 80' lang='grc' dir='ltr'><strong>τῶν</strong></span> 
     </span>
    </p>
   </div>
   <div class='ocr_carea' id='block_1_103' title="bbox 2248 4505 3831 4578">
    <p class='ocr_par' dir='ltr' id='par_1_103' title="bbox 2248 4505 3831 4578">
     <span class='ocr_line' id='line_1_103' title="bbox 2248 4505 3831 4578; baseline -0.001 -20"><span class='ocrx_word' id='word_1_782' title='bbox 2248 4508 2472 4577; x_wconf 83' lang='grc' dir='ltr'>ἡμέρων</span> <span class='ocrx_word' id='word_1_783' title='bbox 2495 4507 2874 4577; x_wconf 80' lang='grc' dir='ltr'>κεχρήσονται,</span> <span class='ocrx_word' id='word_1_784' title='bbox 2908 4507 2965 4559; x_wconf 82' lang='grc' dir='ltr'>αἳ</span> <span class='ocrx_word' id='word_1_785' title='bbox 2994 4506 3081 4559; x_wconf 79' lang='grc' dir='ltr'>διὰ</span> <span class='ocrx_word' id='word_1_786' title='bbox 3125 4506 3235 4559; x_wconf 81' lang='grc' dir='ltr'>τῶν</span> <span class='ocrx_word' id='word_1_787' title='bbox 3281 4505 3503 4578; x_wconf 86' lang='grc' dir='ltr'>ἀχύρων</span> <span class='ocrx_word' id='word_1_788' title='bbox 3547 4506 3831 4577; x_wconf 73' lang='grc' dir='ltr'>σημαίνον-</span> 
     </span>
    </p>
   </div>
   <div class='ocr_carea' id='block_1_104' title="bbox 2252 4596 3830 4670">
    <p class='ocr_par' dir='ltr' id='par_1_104' title="bbox 2252 4596 3830 4670">
     <span class='ocr_line' id='line_1_104' title="bbox 2252 4596 3830 4670; baseline 0 -19"><span class='ocrx_word' id='word_1_789' title='bbox 2252 4615 2380 4651; x_wconf 86' lang='grc' dir='ltr'>ται·</span> <span class='ocrx_word' id='word_1_790' title='bbox 2424 4598 2523 4666; x_wconf 83' lang='grc' dir='ltr'><strong>οὺχ</strong></span> <span class='ocrx_word' id='word_1_791' title='bbox 2573 4596 2794 4666; x_wconf 73' lang='grc' dir='ltr'>ἕψονται</span> <span class='ocrx_word' id='word_1_792' title='bbox 2838 4597 2893 4650; x_wconf 78' lang='grc' dir='ltr'>δὲ</span> <span class='ocrx_word' id='word_1_793' title='bbox 2946 4596 3279 4668; x_wconf 72' lang='grc' dir='ltr'>ἀκαθάρτοις</span> <span class='ocrx_word' id='word_1_794' title='bbox 3308 4598 3495 4661; x_wconf 78' lang='grc' dir='ltr'>αὐτοῖς</span> <span class='ocrx_word' id='word_1_795' title='bbox 3531 4597 3731 4670; x_wconf 75' lang='grc' dir='ltr'>μᾶλλον</span> <span class='ocrx_word' id='word_1_796' title='bbox 3782 4597 3830 4651; x_wconf 69' lang='lat' dir='ltr'><strong>oi</strong></span> 
     </span>
    </p>
   </div>
   <div class='ocr_carea' id='block_1_105' title="bbox 2252 4690 3833 4763">
    <p class='ocr_par' dir='ltr' id='par_1_105' title="bbox 2252 4690 3833 4763">
     <span class='ocr_line' id='line_1_105' title="bbox 2252 4690 3833 4763; baseline -0.002 -19"><span class='ocrx_word' id='word_1_797' title='bbox 2252 4690 2504 4761; x_wconf 79' lang='grc' dir='ltr'>καθαροὶ.</span> <span class='ocrx_word' id='word_1_798' title='bbox 2541 4690 2659 4744; x_wconf 71' lang='grc' dir='ltr'>οὐδὲ</span> <span class='ocrx_word' id='word_1_799' title='bbox 2692 4691 2789 4760; x_wconf 78' lang='grc' dir='ltr'><strong>τὴν</strong></span> <span class='ocrx_word' id='word_1_800' title='bbox 2821 4692 3043 4746; x_wconf 74' lang='grc' dir='ltr'>ἐκείνων</span> <span class='ocrx_word' id='word_1_801' title='bbox 3075 4691 3380 4763; x_wconf 78' lang='grc' dir='ltr'>ζηλώσουσι</span> <span class='ocrx_word' id='word_1_802' title='bbox 3412 4692 3691 4746; x_wconf 82' lang='grc' dir='ltr'>πολιτείαν</span> <span class='ocrx_word' id='word_1_803' title='bbox 3742 4692 3833 4745; x_wconf 74' lang='grc' dir='ltr'><strong>καὶ</strong></span> 
     </span>
    </p>
   </div>
   <div class='ocr_carea' id='block_1_106' title="bbox 2252 4778 3834 4854">
    <p class='ocr_par' dir='ltr' id='par_1_106' title="bbox 2252 4778 3834 4854">
     <span class='ocr_line' id='line_1_106' title="bbox 2252 4778 3834 4854; baseline 0.002 -22"><span class='ocrx_word' id='word_1_804' title='bbox 2252 4778 2431 4850; x_wconf 79' lang='grc' dir='ltr'>ζωήνο</span> <span class='ocrx_word' id='word_1_805' title='bbox 2471 4780 2583 4831; x_wconf 84' lang='grc' dir='ltr'>ἀλλ’</span> <span class='ocrx_word' id='word_1_806' title='bbox 2622 4782 2669 4833; x_wconf 84' lang='grc' dir='ltr'><strong>οἱ</strong></span> <span class='ocrx_word' id='word_1_807' title='bbox 2695 4780 2910 4849; x_wconf 76' lang='grc' dir='ltr'>βέϐηλοι</span> <span class='ocrx_word' id='word_1_808' title='bbox 2943 4782 3162 4852; x_wconf 82' lang='grc' dir='ltr'>μᾶλλον,</span> <span class='ocrx_word' id='word_1_809' title='bbox 3198 4784 3320 4846; x_wconf 85' lang='grc' dir='ltr'>ταῖς</span> <span class='ocrx_word' id='word_1_810' title='bbox 3362 4783 3473 4836; x_wconf 83' lang='grc' dir='ltr'><strong>τῶν</strong></span> <span class='ocrx_word' id='word_1_811' title='bbox 3507 4784 3703 4854; x_wconf 71' lang='grc' dir='ltr'>πράων</span> <span class='ocrx_word' id='word_1_812' title='bbox 3744 4784 3834 4836; x_wconf 78' lang='grc' dir='ltr'>καὶ</span> 
     </span>
    </p>
   </div>
   <div class='ocr_carea' id='block_1_107' title="bbox 2254 4869 3557 4944">
    <p class='ocr_par' dir='ltr' id='par_1_107' title="bbox 2254 4869 3557 4944">
     <span class='ocr_line' id='line_1_107' title="bbox 2254 4869 3557 4944; baseline 0.004 -21"><span class='ocrx_word' id='word_1_813' title='bbox 2254 4869 2679 4941; x_wconf 82' lang='grc' dir='ltr'>κεκαθαρμένων</span> <span class='ocrx_word' id='word_1_814' title='bbox 2709 4874 3034 4935; x_wconf 81' lang='grc' dir='ltr'>ὲπιεικείαις</span> <span class='ocrx_word' id='word_1_815' title='bbox 3076 4873 3557 4944; x_wconf 78' lang='grc' dir='ltr'>ἀκολουθήσουσιν.</span> 
     </span>
    </p>
   </div>
   <div class='ocr_carea' id='block_1_108' title="bbox 2316 4962 3836 5035">
    <p class='ocr_par' dir='ltr' id='par_1_108' title="bbox 2316 4962 3836 5035">
     <span class='ocr_line' id='line_1_108' title="bbox 2316 4962 3836 5035; baseline 0.005 -22"><span class='ocrx_word' id='word_1_816' title='bbox 2316 4962 2480 5015; x_wconf 81' lang='grc' dir='ltr'>Οὕτω</span> <span class='ocrx_word' id='word_1_817' title='bbox 2495 4962 2655 5032; x_wconf 79' lang='grc' dir='ltr'>λέγει</span> <span class='ocrx_word' id='word_1_818' title='bbox 2677 4965 2891 5031; x_wconf 82' lang='grc' dir='ltr'>Κύριος</span> <span class='ocrx_word' id='word_1_819' title='bbox 2909 4981 2922 4995; x_wconf 88' lang='grc'><strong>·</strong></span> <span class='ocrx_word' id='word_1_820' title='bbox 2963 4965 3025 5017; x_wconf 90' lang='lat'><strong>&#39;0</strong></span> <span class='ocrx_word' id='word_1_821' title='bbox 3047 4966 3303 5033; x_wconf 82' lang='grc' dir='ltr'>οὐρανός</span> <span class='ocrx_word' id='word_1_822' title='bbox 3313 4983 3415 5034; x_wconf 83' lang='grc' dir='ltr'>μοι</span> <span class='ocrx_word' id='word_1_823' title='bbox 3439 4966 3675 5033; x_wconf 80' lang='grc' dir='ltr'>θρόνος,</span> <span class='ocrx_word' id='word_1_824' title='bbox 3704 4968 3744 5035; x_wconf 77' lang='grc' dir='ltr'><strong><em>ἠ</em></strong></span> <span class='ocrx_word' id='word_1_825' title='bbox 3771 4964 3836 5020; x_wconf 71' lang='grc' dir='ltr'>δὲ</span> 
     </span>
    </p>
   </div>
   <div class='ocr_carea' id='block_1_109' title="bbox 2252 5051 3836 5125">
    <p class='ocr_par' dir='ltr' id='par_1_109' title="bbox 2252 5051 3836 5125">
     <span class='ocr_line' id='line_1_109' title="bbox 2252 5051 3836 5125; baseline 0 -16"><span class='ocrx_word' id='word_1_826' title='bbox 2252 5051 2328 5121; x_wconf 76' lang='grc' dir='ltr'><em>τῆ</em></span> <span class='ocrx_word' id='word_1_827' title='bbox 2364 5054 2697 5107; x_wconf 81' lang='grc' dir='ltr'>ὑποπόδιον</span> <span class='ocrx_word' id='word_1_828' title='bbox 2725 5055 2845 5108; x_wconf 83' lang='grc' dir='ltr'><strong>τῶν</strong></span> <span class='ocrx_word' id='word_1_829' title='bbox 2874 5053 3079 5108; x_wconf 76' lang='grc' dir='ltr'>ποδῶν</span> <span class='ocrx_word' id='word_1_830' title='bbox 3103 5073 3243 5125; x_wconf 86' lang='grc' dir='ltr'>μου.</span> <span class='ocrx_word' id='word_1_831' title='bbox 3272 5055 3455 5109; x_wconf 84' lang='grc' dir='ltr'><em>Ποῖον</em></span> <span class='ocrx_word' id='word_1_832' title='bbox 3485 5052 3660 5110; x_wconf 76' lang='grc' dir='ltr'>οἷκον</span> <span class='ocrx_word' id='word_1_833' title='bbox 3682 5059 3836 5110; x_wconf 69' lang='grc' dir='ltr'>οἱκο-</span> 
     </span>
    </p>
   </div>
   <div class='ocr_carea' id='block_1_110' title="bbox 2247 5142 3838 5215">
    <p class='ocr_par' dir='ltr' id='par_1_110' title="bbox 2247 5142 3838 5215">
     <span class='ocr_line' id='line_1_110' title="bbox 2247 5142 3838 5215; baseline 0.005 -20"><span class='ocrx_word' id='word_1_834' title='bbox 2247 5142 2545 5213; x_wconf 79' lang='grc' dir='ltr'>δομήσετέ</span> <span class='ocrx_word' id='word_1_835' title='bbox 2566 5162 2704 5214; x_wconf 66' lang='lat' dir='ltr'><strong>pos;</strong></span> <span class='ocrx_word' id='word_1_836' title='bbox 2737 5147 2774 5214; x_wconf 82' lang='grc' dir='ltr'><em>ἢ</em></span> <span class='ocrx_word' id='word_1_837' title='bbox 2805 5146 2976 5213; x_wconf 83' lang='grc' dir='ltr'>ποῖος</span> <span class='ocrx_word' id='word_1_838' title='bbox 3019 5149 3202 5214; x_wconf 78' lang='grc' dir='ltr'>τόπος</span> <span class='ocrx_word' id='word_1_839' title='bbox 3255 5147 3364 5215; x_wconf 76' lang='grc' dir='ltr'>τῆς</span> <span class='ocrx_word' id='word_1_840' title='bbox 3400 5146 3838 5215; x_wconf 70' lang='grc' dir='ltr'>καταπαύσεώς</span> 
     </span>
    </p>
   </div>
   <div class='ocr_carea' id='block_1_111' title="bbox 2248 5236 3837 5308">
    <p class='ocr_par' dir='ltr' id='par_1_111' title="bbox 2248 5236 3837 5308">
     <span class='ocr_line' id='line_1_111' title="bbox 2248 5236 3837 5308; baseline 0.001 -18"><span class='ocrx_word' id='word_1_841' title='bbox 2248 5253 2410 5306; x_wconf 64' lang='lat' dir='ltr'><strong>you;</strong></span> <span class='ocrx_word' id='word_1_842' title='bbox 2465 5236 2667 5292; x_wconf 76' lang='grc' dir='ltr'>Πάντα</span> <span class='ocrx_word' id='word_1_843' title='bbox 2709 5238 2818 5307; x_wconf 78' lang='grc' dir='ltr'>γὰρ</span> <span class='ocrx_word' id='word_1_844' title='bbox 2870 5239 3057 5293; x_wconf 81' lang='grc' dir='ltr'>ταῦτα</span> <span class='ocrx_word' id='word_1_845' title='bbox 3103 5240 3396 5305; x_wconf 78' lang='grc' dir='ltr'><strong>ἐπυιησεν</strong></span> <span class='ocrx_word' id='word_1_846' title='bbox 3445 5240 3484 5306; x_wconf 77' lang='grc' dir='ltr'><strong><em>ἡ</em></strong></span> <span class='ocrx_word' id='word_1_847' title='bbox 3528 5240 3664 5308; x_wconf 72' lang='grc' dir='ltr'>χείρ</span> <span class='ocrx_word' id='word_1_848' title='bbox 3693 5257 3837 5308; x_wconf 79' lang='grc' dir='ltr'>μου,</span> 
     </span>
    </p>
   </div>
   <div class='ocr_carea' id='block_1_112' title="bbox 2254 5327 3838 5400">
    <p class='ocr_par' dir='ltr' id='par_1_112' title="bbox 2254 5327 3838 5400">
     <span class='ocr_line' id='line_1_112' title="bbox 2254 5327 3838 5400; baseline 0.002 -20"><span class='ocrx_word' id='word_1_849' title='bbox 2254 5327 2353 5381; x_wconf 80' lang='grc' dir='ltr'>καὶ</span> <span class='ocrx_word' id='word_1_850' title='bbox 2388 5330 2561 5383; x_wconf 79' lang='grc' dir='ltr'>ἐστιν</span> <span class='ocrx_word' id='word_1_851' title='bbox 2587 5330 2697 5396; x_wconf 82' lang='grc' dir='ltr'><strong>ἐμὰ</strong></span> <span class='ocrx_word' id='word_1_852' title='bbox 2726 5330 2925 5384; x_wconf 78' lang='grc' dir='ltr'>πάντα</span> <span class='ocrx_word' id='word_1_853' title='bbox 2977 5331 3184 5394; x_wconf 83' lang='grc' dir='ltr'>ταῦτα,</span> <span class='ocrx_word' id='word_1_854' title='bbox 3227 5330 3393 5400; x_wconf 72' lang='grc' dir='ltr'>λέγει</span> <span class='ocrx_word' id='word_1_855' title='bbox 3438 5332 3680 5400; x_wconf 83' lang='grc' dir='ltr'>Κύριος.</span> <span class='ocrx_word' id='word_1_856' title='bbox 3725 5332 3838 5386; x_wconf 77' lang='lat' dir='ltr'><strong>Kal</strong></span> 
     </span>
    </p>
   </div>
   <div class='ocr_carea' id='block_1_113' title="bbox 2251 5417 3839 5488">
    <p class='ocr_par' dir='ltr' id='par_1_113' title="bbox 2251 5417 3839 5488">
     <span class='ocr_line' id='line_1_113' title="bbox 2251 5417 3839 5488; baseline 0.004 -17"><span class='ocrx_word' id='word_1_857' title='bbox 2251 5417 2351 5471; x_wconf 83' lang='grc' dir='ltr'><strong>ἐπὶ</strong></span> <span class='ocrx_word' id='word_1_858' title='bbox 2387 5420 2519 5473; x_wconf 74' lang='grc' dir='ltr'>τινα</span> <span class='ocrx_word' id='word_1_859' title='bbox 2541 5420 2862 5488; x_wconf 71' lang='grc' dir='ltr'><strong>ἐπιϐλέψω,</strong></span> <span class='ocrx_word' id='word_1_860' title='bbox 2898 5422 3037 5476; x_wconf 72' lang='grc' dir='ltr'><em>ἀλλ’</em></span> <span class='ocrx_word' id='word_1_861' title='bbox 3066 5421 3103 5488; x_wconf 79' lang='grc' dir='ltr'><em>ἢ</em></span> <span class='ocrx_word' id='word_1_862' title='bbox 3135 5421 3232 5474; x_wconf 73' lang='grc' dir='ltr'><strong>ἐπὶ</strong></span> <span class='ocrx_word' id='word_1_863' title='bbox 3256 5421 3365 5475; x_wconf 82' lang='grc' dir='ltr'><strong>τὸν</strong></span> <span class='ocrx_word' id='word_1_864' title='bbox 3393 5423 3708 5486; x_wconf 72' lang='grc' dir='ltr'>ταπεινὸν,</span> <span class='ocrx_word' id='word_1_865' title='bbox 3738 5424 3839 5477; x_wconf 69' lang='grc' dir='ltr'>καὶ</span> 
     </span>
    </p>
   </div>
   <div class='ocr_carea' id='block_1_114' title="bbox 2252 5510 3841 5584">
    <p class='ocr_par' dir='ltr' id='par_1_114' title="bbox 2252 5510 3841 5584">
     <span class='ocr_line' id='line_1_114' title="bbox 2252 5510 3841 5584; baseline 0 -18"><span class='ocrx_word' id='word_1_866' title='bbox 2252 5510 2535 5584; x_wconf 71' lang='grc' dir='ltr'>ἡσύχιον,</span> <span class='ocrx_word' id='word_1_867' title='bbox 2579 5513 2679 5568; x_wconf 81' lang='grc' dir='ltr'><strong>και</strong></span> <span class='ocrx_word' id='word_1_868' title='bbox 2707 5511 2997 5583; x_wconf 75' lang='grc' dir='ltr'>τρέμοντα</span> <span class='ocrx_word' id='word_1_869' title='bbox 3019 5513 3160 5580; x_wconf 80' lang='grc' dir='ltr'>τοὺς</span> <span class='ocrx_word' id='word_1_870' title='bbox 3190 5512 3417 5581; x_wconf 68' lang='grc' dir='ltr'>,λόγους</span> <span class='ocrx_word' id='word_1_871' title='bbox 3454 5530 3617 5583; x_wconf 73' lang='grc' dir='ltr'>μους</span> <span class='ocrx_word' id='word_1_872' title='bbox 3660 5514 3724 5568; x_wconf 82' lang='grc' dir='ltr'>ὀ</span> <span class='ocrx_word' id='word_1_873' title='bbox 3772 5514 3841 5567; x_wconf 70' lang='grc' dir='ltr'>δὲ</span> 
     </span>
    </p>
   </div>
  </div>
