4134 6302
304 363 444 422 1529

295 567 470 620 κύνα·
509 566 542 617 ό
573 560 643 615 δέ
671 560 987 630 ἀναφέρων
1037 555 1379 626 σεμίδαλιν,
1405 556 1484 621 ὡς
1522 551 1666 625 αἷμα
1703 556 1889 608 ὕειον-ο

297 661 331 713 ὁ
353 657 422 710 δὲ
469 655 676 719 διδοὺς
718 653 970 708 λίϐανον
1001 653 1090 715 εις
1115 651 1547 720 μνημόσυνον,
1589 648 1670 713 ὡς
1697 645 1901 711 ,ϐλάσ-

298 762 516 816 φημοςο

387 837 691 907 Ἐξυφήνας
725 831 1092 903 ἀποχρώντως
1133 830 1226 883 τὸν
1255 829 1392 899 πρός
1434 845 1498 895 γε
1543 827 1612 880 τά
1644 825 1772 894 ἔθνη
1803 825 1892 878 λό-

302 945 418 998 γον,
451 923 850 999 μεθίστησιτὴν
903 921 1296 993 μυσταγωγίαν
1328 919 1464 990 πρὸς
1483 918 1646 972 αὑτὸν
1673 918 1775 987 ήδη
1802 917 1893 971 τὸν

316 1019 561 1091 Ἰσραήλ.
597 1016 854 1068 Βούλεται
885 1013 997 1084 γάρ
1049 1012 1144 1066 καὶ
1175 1012 1375 1072 αὐτοὺς
1406 1010 1505 1079 τῆς
1548 1008 1693 1062 κατὰ
1726 1009 1892 1079 νόμον

305 1112 609 1180 ἀποστῆσαι
655 1107 854 1170 κακίας
898 1105 998 1174 (1),
1047 1103 1301 1160 καθάπερ
1353 1101 1547 1170 ἀμέλει
1600 1099 1891 1162 κάκείνους

305 1202 604 1271 ἀποφοιτᾷν
638 1199 858 1252 ἐκέλευε
901 1192 1001 1268 τῆς
1029 1195 1264 1266 ἀρχαίας
1296 1194 1535 1262 ἀπάτης,
1571 1193 1666 1245 καὶ
1696 1192 1798 1261 τῆς
1828 1192 1886 1244 ὲν

303 1292 382 1363 τῷ
438 1290 745 1346 πλανᾶσθαι
797 1287 1027 1358 βεϐήλου
1075 1285 1255 1356 ζωῆς·
1316 1285 1398 1338 ὅτι
1451 1283 1629 1337 τοίνυν
1677 1284 1776 1352 τῆς
1829 1284 1888 1336 ὲν

305 1383 577 1452 πνεύματι
623 1379 881 1452 λατρείας
931 1379 1309 1448 μεταποιεῖται
1362 1374 1586 1446 μᾶλλον,
1633 1373 1793 1441 λόγου
1831 1373 1888 1427 δὲ

305 1474 450 1540 ἀξιοῖ
477 1470 760 1534 παντελῶς
791 1469 1027 1533 οὐδενὸς,
1052 1467 1150 1539 τὴν
1183 1466 1258 1530 ὡς
1283 1467 1343 1520 ὲν
1373 1467 1555 1529 σκιαῖς
1577 1466 1674 1518 καὶ
1691 1464 1886 1528 τύποις

305 1565 546 1619 διδάσκει
598 1563 784 1631 σαφῶς
811 1578 826 1593 ·
874 1560 1122 1631 βούλεται
1177 1559 1235 1613 δέ
1274 1575 1330 1612 τι
1383 1558 1520 1630 πρὸς
1563 1557 1737 1628 τούτῳ
1794 1558 1890 1611 καὶ

306 1657 493 1726 ἕτερον
546 1655 745 1716 αὐτοὺς
799 1653 1020 1717 ειδέναι,
1069 1652 1147 1714 ὡς
1195 1651 1291 1704 καὶ
1351 1649 1466 1703 ἀνω
1512 1648 1730 1719 αίρουσι
1785 1649 1887 1719 τὴν

307 1747 500 1818 ὀφρὺν,
534 1746 627 1798 καὶ
657 1746 742 1796 ἐπ’
775 1743 950 1796 οὐδενὶ
991 1741 1100 1794 τῶν
1137 1741 1452 1810 ἀναγκαίων
1506 1740 1883 1810 πεφρονήκασι

1443 354 1510 410 ΙΝ
1543 353 1778 410 ISAIAM
1821 353 1952 409 ΜΒ.
1998 354 2060 412 ν.
2099 352 2336 409 TOMUS
2371 353 2458 408 Vl.

295 474 520 546 ἄνομος
575 474 608 528 ό
651 467 810 527 θύων
861 489 964 540 μοι
1015 469 1274 538 μόσχον,
1312 468 1393 533 ὠς
1439 470 1472 522 ὁ
1509 467 1886 521 ἀποκτείνων

2002 465 2114 519 ica!
2185 465 2316 519 mihi

3429 359 3567 415 ιιδο

2405 463 2647 530 uitulum,
2695 466 2847 534 quasi
2912 465 3002 531 qui
3081 461 3283 520 occidat
3349 483 3570 534 canem,-

2005 557 2096 626 qui
2154 566 2326 611 autem
2366 558 2520 627 o/fert
2571 557 2822 622 similam,
2867 559 3019 629 quasi
3071 561 3377 627 sanguinem
3436 564 3571 616 suil-

2001 647 2147 713 lum;
2203 649 2293 717 qui
2331 647 2423 701 dat
2484 648 2602 703 thus
2653 648 2709 701 in
2761 648 3064 703 memoriale
3136 651 3290 718 quasi
3337 650 3574 720 blasphe-

2067 831 2202 886 Cum
2225 832 2436 888 abunde
2468 846 2772 887 sermonem
2816 846 2970 887 suum
2993 833 3057 887 ad
3084 841 3270 903 gentes
3294 840 3580 903 pertexuc-

1996 925 2090 988 rit,
2119 925 2509 994 mystagogiam
2533 923 2597 978 ad
2627 925 2800 994 ipsum
2837 925 2950 995 jam
3002 927 3256 980 lsraelem
3285 927 3574 982 convertit.

1998 1015 2122 1070 Vult
2145 1016 2291 1068 enim
2318 1029 2413 1070 eos
2445 1030 2474 1069 a
2493 1015 2650 1086 legali
2672 1016 2836 1071 etiam
2862 1017 3050 1071 umbra
3073 1017 3398 1084 desciscere,
3419 1018 3578 1073 sicuti

1992 1105 2245 1160 videlicet
2271 1105 2390 1160 illos
2409 1120 2622 1175 quoque
2644 1106 2832 1175 jussit,
2864 1121 2893 1159 a
2927 1107 3154 1175 pristino
3185 1120 3392 1173 errore,
3417 1108 3580 1162 sedu-

1991 1197 2170 1251 ctione.
2190 1206 2245 1252 et
2265 1196 2490 1265 profana
2517 1197 2628 1251 vita
2654 1197 2931 1253 recedere.
2953 1197 3154 1266 Aperte
3189 1199 3371 1267 itaque
3399 1197 3577 1260 docet,

1992 1300 2054 1340 se
2085 1285 2422 1354 spiritualem
2447 1287 2626 1355 potius
2678 1286 2882 1342 cultum
2918 1286 3188 1342 aestimare
3240 1296 3295 1342 et
3353 1301 3578 1354 curare;

1989 1376 2336 1431 umbratilem
2362 1387 2416 1432 et
2440 1378 2678 1448 typicum
2707 1379 2860 1434 nihili
2890 1378 3086 1434 facere.
3113 1377 3240 1433 Vult
3274 1393 3436 1448 porro
3461 1377 3582 1434 illos

1990 1475 2046 1524 et
2086 1469 2232 1522 aliud
2290 1470 2453 1536 scire,
2501 1471 2643 1539 quod
2685 1471 3032 1539 supercilium
3083 1470 3294 1540 erigant
3337 1479 3392 1524 et
3433 1469 3500 1524 de
3524 1485 3582 1523 re

1990 1560 2146 1614 nihili
2174 1562 2340 1614 altum
2358 1561 2591 1628 sapiant,
2616 1561 2706 1630 qui
2732 1561 3289 1632 ilierosolymitanum
3321 1559 3579 1629 templum

1989 1652 2316 1707 excitarunt.
2339 1652 2730 1708 Existimarunt
2749 1653 2890 1708 enim
2924 1653 3041 1706 loco
3071 1652 3335 1706 contineri
3379 1651 3579 1705 divini-

1991 1753 2180 1806 tatem,
2213 1753 2268 1797 et
2315 1743 2370 1797 in
2418 1743 2744 1798 manulactis
2799 1742 3011 1810 templis
3075 1741 3482 1808 circumscripte
3532 1750 3585 1793 et

313 1807 495 1905 μέγα,
512 1835 607 1887 τὸν
644 1837 700 1886 ὲν
727 1836 841 1896 τοῖς
871 1807 1266 1902 Ἰεροσολύμοις
1297 1807 1706 1899 ἀναστήσαντες
1734 1807 1880 1880 ναόν⁶

2002 1835 2213 1890 deﬁnite
2233 1833 2480 1888 habitare
2511 1849 2526 1885 :
2556 1833 2699 1888 sicut
2724 1832 2800 1888 illi
2859 1807 2995 1887 falso
3023 1832 3320 1900 nuncupati
3363 1807 3466 1895 dii,
3491 1829 3581 1899 qui

308 1925 476 1994 ᾤοντο
515 1925 645 1995 γὰρ,
685 1925 764 1977 ὅτι
792 1924 887 1976 καί¹
919 1924 1071 1992 τόπῳ
1101 1919 1435 1991 περιληπτὸν
1473 1919 1534 1971 τὸ
1566 1919 1720 1971 Θεῖόν
1749 1919 1884 1980 ἐστι,

311 2017 404 2069 καὶ
453 2019 512 2069 ὲν
554 2016 951 2086 χειροποιήτοις
996 2016 1146 2074 ναοῖς
1207 2012 1453 2065 κατοικεῖ
1502 2008 1888 2079 περιεκτικῶς,

310 2105 454 2160 καθά
481 2104 576 2158 καὶ
607 2105 660 2157 oi
683 2103 792 2156 τῶν
818 2102 989 2157 ἐθνῶν
1017 2101 1382 2171 ψευδώνυμοι,
1415 2101 1512 2154 καὶ
1550 2099 1704 2153 οὐδὲν
1733 2098 1890 2162 ὄντες

311 2195 610 2259 παντελῶς,
633 2194 774 2265 πλὴν
797 2195 880 2247 ὅτι
908 2193 1041 2258 ξύλα
1073 2211 1132 2246 τε
1168 2195 1260 2246 καὶ
1287 2192 1458 2245 λίθοι·
1493 2191 1587 2245 καὶ
1613 2191 1703 2245 διὰ
1730 2189 1893 2244 τοῦτό

312 2301 510 2355 φησιν’
538 2286 602 2337 Ὢ
635 2287 734 2355 τῆς
778 2283 925 2346 θείας
975 2283 1132 2352 δόξης
1179 2283 1278 2338 οὐκ
1330 2282 1532 2345 εἰδότες
1576 2281 1677 2350 τὴν
1723 2281 1891 2350 ὑπερ-

311 2377 480 2450 οχήνί
523 2373 568 2428 ὦ
602 2375 712 2428 τῶν
760 2375 886 2445 ἐμοὶ
930 2375 1241 2444 προσόντων
1287 2372 1612 2443 ἀξιωμάτων
1663 2373 1763 2426 οὐκ
1801 2373 1890 2424 ὲν-

312 2469 559 2533 νοοῦντες
588 2469 650 2522 τὸ
680 2469 941 2538 μέγεθοςί
975 2485 993 2518 ι
1029 2467 1274 2538 Οὐρανός
1305 2483 1396 2535 μοι
1427 2465 1638 2535 θρόνος,
1673 2466 1707 2533 ή
1737 2464 1793 2517 δὲ
1818 2464 1892 2534 γῆ

313 2559 603 2612 ὑποπόδιον
627 2557 737 2611 τῶν
778 2556 953 2610 ποδῶν
982 2571 1108 2627 μοῡ.
1153 2557 1310 2608 Ποῖον
1337 2551 1486 2607 οἷκον
1514 2553 1894 2624 οἰκοδομήσετέ

317 2668 443 2721 μοι;
495 2650 528 2720 ἢ
585 2653 734 2714 ποῖος
798 2648 961 2710 τόπος
1017 2648 1118 2717 τῆς
1177 2645 1578 2709 καταπαύσεώς
1637 2663 1798 2718 ,μου;
1870 2664 1890 2697 ι

315 2742 523 2812 Πληροῖ
548 2739 656 2810 γὰρ
684 2739 753 2792 τὰ
779 2739 957 2792 πάντα
985 2737 1045 2790 τὸ
1077 2737 1232 2790 Θεῖον
1251 2751 1262 2763 ·
1295 2736 1432 2806 μετά
1460 2734 1516 2788 δὲ
1542 2733 1706 2787 αὑτοῦ
1740 2733 1810 2802 γῆ
1837 2749 1896 2786 τε

315 2835 410 2886 καὶ
438 2833 666 2903 οὐρανός
689 2848 704 2896 ;
730 2829 984 2901 Εἱρήσθω
1011 2829 1076 2899 δὴ
1103 2826 1587 2899 ἁνθρωποπρεπῶς
1607 2865 1622 2888 ,
1653 2826 1735 2879 ὅτι
1769 2824 1896 2895 θρό-

317 2946 406 2982 νον
435 2928 573 2998 ἔχων
597 2929 688 2980 τὸν
708 2927 946 2998 οὐρανὸν
965 2966 980 2990 ,
1011 2925 1300 2978 ὑποπόδιον
1331 2924 1386 2976 δὲ
1423 2923 1612 2992 ὥσπερ
1636 2939 1693 2974 τι
1723 2923 1896 2974 ποιεῖ-

316 3039 405 3076 ται
432 3023 531 3092 τὴν
555 3022 680 3091 γῆν.
708 3021 864 3082 noto;
889 3015 982 3072 οῦν
1011 3019 1172 3072 αὑτὸν
1199 3018 1409 3084 δέξεται
1434 3015 1646 3087 χῶρος;
1677 3016 1711 3087 ἦ
1747 3017 1899 3078 ποῖος

1993 1940 2184 1981 revera
2216 1926 2351 1981 nihil
2400 1934 2547 1992 sunt,
2601 1940 2760 1996 quam
2815 1925 2958 1994 ligna
3017 1934 3072 1980 et
3120 1923 3345 1994 lapides.
3380 1922 3586 1978 Idcirco

1993 2017 2068 2070 ait
2099 2031 2112 2068 :
2147 2013 2192 2070 Ο
2220 2031 2317 2070 vos
2335 2016 2425 2085 qui
2456 2016 2652 2070 divina:
2677 2015 2978 2085 majestatis
3027 2013 3395 2084 praestantiam
3427 2011 3581 2082 igno—

1992 2107 2147 2172 ratis,
2182 2106 2275 2176 qui
2311 2105 2591 2176 dignitatis
2617 2121 2752 2161 meaa
2793 2105 3221 2175 magnitudinem
3269 2117 3374 2159 non
3403 2104 3582 2158 consi-

2001 2201 2206 2256 deratis
2234 2214 2248 2250 :
2298 2216 2319 2251 ι
2355 2198 2565 2254 leum
2601 2198 2735 2252 mihi
2766 2198 2960 2253 solium
2980 2207 3082 2263 est,
3106 2205 3164 2252 et
3203 2203 3349 2250 terra
3374 2195 3585 2250 scabel-

1996 2291 2104 2345 lum
2123 2290 2315 2360 pedum
2331 2289 2822 2356 meorum.Qualem
2840 2290 3055 2345 domum
3071 2287 3414 2343 aedilicabitis
3431 2286 3590 2341 mihi?

1995 2382 2104 2436 Aut
2143 2380 2263 2450 quis
2291 2381 2444 2436 locus
2470 2381 2732 2450 requietis
2763 2380 2931 2435 meas?
2967 2398 2986 2432 ι
3019 2379 3207 2448 Implet
3231 2378 3377 2432 enim
3405 2378 3586 2432 omnia

1997 2472 2270 2538 divinitas,
2321 2480 2376 2528 et
2419 2472 2574 2541 plena
2619 2471 2737 2542 ejus
2797 2479 2924 2526 sunt
2973 2479 3114 2526 terra
3171 2479 3226 2523 et
3283 2467 3478 2524 cmlum
3515 2468 3583 2521 ⁸³.

1997 2565 2244 2620 llumano
2271 2578 2420 2621 more
2445 2565 2648 2620 dictum
2667 2563 2963 2631 sit,soiium
2996 2576 3120 2618 eum
3135 2562 3338 2616 habere
3363 2559 3586 2624 caelum,

1997 2668 2051 2713 et
2079 2659 2371 2714 scabellum
2398 2658 2544 2712 velut
2571 2657 2838 2727 quoddam
2870 2655 2970 2710 sibi
3005 2664 3203 2709 terram
3236 2669 3406 2722 suppo
3421 2667 3573 2708 nere.

1997 2749 2129 2818 Quis
2154 2750 2297 2804 enim
2325 2749 2475 2804 locus
2520 2762 2643 2803 eum
2683 2746 2898 2815 capiet?
2940 2753 3031 2799 aut
3065 2757 3186 2813 quae
3229 2742 3420 2796 domus
3450 2741 3583 2797 satis

1998 2842 2103 2896 erit
2127 2841 2300 2911 ampla
2322 2842 2388 2895 ad
2408 2836 3007 2910 comprehendendum?
3029 2852 3049 2886 ι
3069 2835 3255 2888 Omnia
3284 2835 3426 2889 enim
3453 2833 3589 2898 haec,

2000 2933 2198 3002 inquit,
2248 2931 2374 2986 fecit
2404 2947 2596 2985 manus
2629 2943 2747 2983 mea
2771 2967 2788 2994 ,
2813 2937 2866 2980 et
2909 2941 3025 2981 mea
3056 2934 3182 2980 sunt
3203 2925 3318 2978 haec
3348 2923 3584 2979 omnia.-

2000 3025 2131 3092 Quae
2157 3033 2334 3095 autem
2371 3023 2519 3076 huic?
2545 3020 2811 3075 Videlicet
2837 3033 2959 3088 quae
2991 3025 3289 3072 cernuntur
3309 3056 3323 3079 ,
3349 3023 3406 3068 et
3462 3029 3583 3082 quae

316 3109 464 3176 οἶκος
515 3111 742 3183 ἀρκέσει
792 3107 1173 3180 περιληπτός;
1232 3125 1250 3158 ι
1291 3105 1477 3160 Πάντα
1528 3105 1636 3176 γάρ
1692 3103 1896 3166 ταῦτα,

2006 3117 2155 3172 cerni
2187 3121 2479 3184 nequeunt.
2547 3112 2678 3182 Ejus
2725 3110 2867 3164 enim
2918 3118 3003 3164 est
3061 3107 3240 3162 omnis
3299 3113 3580 3169 creatura;

318 3206 504 3275 φησὶν,
562 3203 816 3273 ἐποίησεν
849 3205 881 3271 ή
915 3203 1035 3271 χείρ
1067 3215 1197 3270 μου·
1247 3199 1343 3252 καὶ
1383 3197 1529 3251 ἐστιν
1571 3196 1681 3267 ὲμά
1723 3195 1898 3249 ταῦτα

321 3298 519 3350 πάντα.
560 3315 578 3346 ι
613 3296 750 3348 Ποία
796 3294 854 3346 δὲ
889 3292 1089 3358 ταῦτα;
1119 3291 1288 3361 Δῆλον
1319 3291 1376 3344 δὲ
1418 3291 1500 3344 ὅτι
1533 3291 1628 3344 καὶ
1655 3288 1722 3342 τὰ
1757 3287 1899 3359 ὁρώ-

323 3406 481 3460 μενα,
515 3388 609 3441 καὶ
637 3387 746 3440 τῶν
776 3386 1073 3456 ὁρωμένων
1107 3383 1367 3436 ἐπέκεινα
1387 3398 1402 3413 ο
1438 3382 1535 3436 καὶ
1580 3381 1745 3435 αὑτοῦ
1791 3382 1901 3451 γὰρ

320 3485 354 3551 ή
394 3481 571 3544 κτίσις
601 3481 810 3541 ἅπασα,
853 3479 1093 3540 καὶτοῖς
1139 3476 1305 3530 αὑτοῦ
1361 3473 1597 3545 νεύμασι
1641 3472 1899 3544 παρήχθη

320 3568 458 3638 πρὸς
515 3568 725 3634 γένεσιν
764 3566 833 3620 τὰ
881 3567 981 3619 οὐκ
1039 3565 1168 3619 ὄντα
1206 3565 1359 3620 ποτέ.
1411 3564 1478 3618 Τί
1527 3563 1708 3618 τοίνυν
1752 3562 1902 3634 αὐτῷ

321 3659 685 3730 προσοίσομεν
732 3659 808 3722 ὡς
839 3660 939 3711 οὐκ
986 3657 1188 3723 abaci”);
1244 3656 1486 3711 τοιοῦτόν
1539 3658 1592 3709 τί
1639 3673 1774 3726 φησι
1809 3656 1902 3709 καὶ

321 3749 409 3803 διὰ
420 3751 520 3818 τῆς
542 3749 636 3800 τοῦ
674 3749 982 3810 Ψάλλοντος
1037 3751 1240 3818 φωνῆς·
1271 3766 1289 3798 ι
1314 3748 1442 3800 Ἐὰν
1464 3749 1728 3810 πεινάσω,
1745 3750 1806 3800 οὐ
1827 3749 1900 3818 μή

327 3853 411 3891 σοι
438 3837 606 3888 aliter
633 3835 742 3904 ὲμά
769 3835 876 3904 γάρ
905 3837 1020 3886 ἐστι
1059 3835 1236 3887 πάντα
1265 3834 1334 3887 τὰ
1371 3833 1538 3904 θηρία
1568 3834 1662 3886 τοῦ
1704 3837 1898 3906 ἀγροῦ,

324 3928 496 3998 κτήνη
559 3927 617 3979 ἐν
658 3927 770 3988 τοῖς
811 3925 961 3995 ὄρεσι
1008 3925 1103 3976 xa‘t
1151 3923 1288 3994 βόες.
1324 3925 1580 3992 Ἔγνωκα
1621 3925 1800 3978 πάντα
1835 3927 1903 3980 τὰ

323 4019 488 4090 θηρία
511 4015 605 4070 τοῦ
626 4015 818 4087 ἀγροῦ,
845 4015 944 4068 καὶ
967 4015 1142 4068 πάντα
1173 4015 1242 4068 τά
1267 4031 1334 4067 πε
1349 4016 1501 4068 τεινά
1523 4014 1618 4067 τοῦ
1647 4016 1900 4087 οὐρανοῦ,

322 4111 417 4166 καὶ
448 4109 717 4179 ὡραιότης
749 4105 921 4177 ἀγροῦ
967 4107 1084 4176 μετ’
1129 4104 1264 4175 ἐμοῦ
1306 4108 1474 4159 ἐστιν.
1535 4125 1554 4157 ι
1619 4108 1742 4160 Ἐπὶ
1783 4108 1904 4161 τίνα

319 4201 384 4271 δὴ
424 4196 517 4253 οὖν
554 4197 850 4267 ὲπιδλέψω,
903 4194 1092 4266 φησίν;
1192 4195 1226 4267 ἢ
1278 4197 1496 4261 πάντως
1535 4215 1636 4250 που
1683 4185 1776 4251 ἐπὶ
1813 4199 1903 4252 τὸν

319 4293 574 4346 ταπεινὸν
635 4292 732 4346 καὶ
759 4290 1002 4360 ἡσύχιον,
1053 4287 1323 4352 τουτέστι,
1375 4289 1466 4342 τὸν
1508 4291 1749 4343 εἱκτικδν
1810 4292 1903 4344 καὶ

322 4386 515 4455 πρᾶον,
547 4383 640 4437 καὶ
677 4382 788 4435 τῶν
819 4381 967 4453 ἐμῶν
995 4381 1318 4452 θελημάτων
1351 4383 1575 4452 γνήσιον
1603 4383 1898 4454 ὑπουργὸν,

2007 3204 2123 3274 ejus
2154 3213 2283 3258 nutu
2320 3211 2501 3257 creata
2538 3211 2594 3256 et
2645 3208 2762 3254 orta
2804 3207 2930 3253 sunt
2977 3212 3098 3266 quae
3142 3195 3436 3264 aliquando
3482 3209 3589 3248 non

2007 3305 2182 3352 erant.
2209 3296 2346 3361 Quid
2377 3295 2539 3363 igitur
2571 3293 2620 3348 ei
2652 3289 2960 3356 olferemus,
3008 3289 3150 3358 quod
3197 3287 3312 3356 ejus
3346 3301 3451 3341 non
3485 3282 3594 3340 sit?

2008 3390 2137 3444 Tale
2166 3388 2422 3457 quiddam
2445 3383 2753 3441 dicitetiam
2779 3398 2910 3438 voce
2955 3379 3281 3436 Psallentis:
3314 3397 3332 3429 ι
3377 3377 3433 3431 Si
3465 3391 3591 3431 esu-

2007 3478 2170 3543 riero,
2201 3491 2305 3532 non
2332 3475 2505 3530 dicam
2545 3474 2636 3530 tibi
2669 3487 2843 3528 :meae
2881 3473 3023 3525 enim
3058 3479 3185 3524 sunt
3232 3482 3422 3522 omnes
3476 3466 3593 3520 ani-

2007 3576 2220 3623 mantes
2248 3565 2643 3636 agd,iumenta
2695 3565 2748 3617 in
2795 3563 3070 3617 montibus
3110 3568 3166 3614 ct
3217 3559 3405 3613 boves.
3457 3557 3592 3612 Novi

2007 3659 2189 3714 omnia
2237 3655 2477 3712 volatilia
2537 3654 2682 3720 cmli,
2739 3663 2791 3707 et
2840 3652 3182 3724 pulchritudo
3238 3652 3350 3722 agri
3381 3665 3590 3706 mecum

2006 3761 2090 3804 est
2116 3751 2183 3801 “.
2311 3747 2482 3812 Quem
2514 3747 2676 3816 igitur
2705 3745 3032 3814 respiciam?
3067 3763 3086 3796 ι
3127 3745 3344 3813 inquit:
3373 3761 3394 3796 ι
3469 3758 3583 3798 om-

2005 3843 2136 3896 nino
2163 3842 2230 3894 ad
2268 3839 2524 3894 humilem
2551 3849 2605 3892 et
2634 3838 2896 3904 quietum,
2930 3854 2949 3886 ι
2981 3837 3032 3890 id
3057 3843 3161 3901 est,
3202 3848 3491 3903 sequacem
3539 3842 3595 3889 et

2008 3932 2297 3996 mitem,et
2346 3944 2475 3983 meae
2520 3927 2813 3982 voluntatis
2852 3929 3140 3995 ingenuum
3188 3938 3250 3977 ac
3273 3937 3590 3992 germanum

2005 4023 2336 4086 eﬂ'ectorem,
2371 4030 2430 4074 ut
2455 4021 2522 4075 ad
2546 4018 2710 4073 verba
2747 4033 2863 4071 mea
2887 4012 3590 4083 contremiscat.Signilicat

2007 4125 2184 4169 autem
2208 4115 2292 4168 his
2313 4111 2672 4180 evangelicam
2697 4126 2760 4164 ac
2782 4108 2950 4178 908
2980 4106 3273 4161 salutarem
3335 4104 3588 4172 praedica-

2008 4207 2231 4260 tionem.
2257 4203 2366 4259 Hos
2392 4205 2644 4271 dignatur
2663 4201 2883 4266 intueri,
2917 4205 2972 4252 et
2989 4196 3134 4250 velut
3164 4193 3395 4249 humiles
3412 4193 3586 4261 inspi-

2007 4313 2151 4352 core.
2176 4298 2363 4351 Audax
2393 4296 2536 4350 enim
2561 4303 2613 4347 et
2637 4307 2919 4360 arrogans,
2953 4289 3042 4358 qui
3079 4287 3279 4342 divinis
3308 4287 3425 4356 ejus
3453 4286 3590 4340 resi-

2008 4391 2102 4444 stit
2161 4389 2365 4458 legibus
2410 4398 2464 4444 et
2523 4403 2586 4442 ex
2644 4399 2831 4454 magna
2879 4379 3261 4444 inohedientia,
3305 4377 3591 4446 superbam

320 4476 461 4530 ὥστε
493 4476 586 4529 καὶ
617 4475 841 4546 τρέμειν
871 4475 999 4536 τοὺς
1024 4473 1184 4543 οἵπερ
1215 4473 1281 4526 ἀν
1314 4473 1560 4540 γένοιντο
1594 4474 1725 4544 παρ’
1764 4475 1896 4545 ἐμοῦ

2010 4481 2154 4535 velut
2199 4489 2254 4534 et
2288 4480 2479 4533 duram
2533 4477 2799 4533 cervicem
2831 4475 3028 4530 mentis
3075 4485 3186 4527 suae
3216 4479 3406 4526 contra
3445 4467 3592 4521 illum

324 4569 494 4636 λόγου
531 4568 793 4638 Σημαίνει
831 4567 890 4620 δὲ
933 4567 1022 4620 διὰ
1065 4566 1268 4620 τούτων
1315 4566 1378 4618 τὸ
1416 4565 1772 4633 εῦαγγελικὸν
1810 4567 1904 4620 καὶ

324 4661 590 4730 σωτήριον
619 4660 913 4729 κήρυγμα⁹
967 4657 1188 4719 τούτους
1235 4657 1438 4727 ὲφορᾷν
1467 4641 1640 4723 ἀξιοῖ,
1688 4657 1784 4710 καὶ
1827 4657 1904 4721 ὡς

322 4749 615 4812 ταπεινοὺς
644 4747 1096 4802 ἐπισκέπτεσθαι.
1142 4747 1362 4819 Θρασὺς
1393 4747 1500 4819 γὰρ
1547 4749 1641 4800 καὶ
1686 4746 1904 4813 ἀλαζὼν

323 4844 352 4894 ὁ
396 4843 508 4904 τοῖς
541 4839 704 4902 θείοις
737 4839 902 4892 αὐτοῦ
932 4839 1120 4909 νόμοις
1170 4841 1652 4911 ἀντανιστάμενος,
1689 4845 1784 4896 καὶ
1815 4843 1905 4896 διὰ

328 4931 535 5000 πολλῆς
580 4929 888 4994 ἀπειθείας,
936 4929 1142 5001 γαῦρον
1173 4930 1361 5003 ὥσπερ
1389 4932 1513 4985 τινὰ
1546 4933 1640 4986 καὶ
1671 4933 1906 5006 σκληρὸν

336 5021 607 5076 ἀνατείνει
635 5021 785 5090 αῦτῷ
818 5025 908 5073 τὸν
933 5021 1032 5091 τῆς
1054 5019 1247 5075 ἑαυτοῦ
1273 5022 1514 5086 διανοίας
1549 5024 1754 5094 αὐχένα
1776 5041 1789 5055 ο
1822 5027 1906 5078 ὅτι

329 5110 388 5163 δὲ
418 5110 799 5181 ἀπαράδεκτον
821 5113 1064 5164 ποιεῖται
1091 5111 1190 5179 τὴν
1219 5111 1307 5165 διὰ
1335 5113 1498 5183 νόμου
1529 5113 1910 5183 λατρείαν,καὶ

321 5199 408 5252 διὰ
444 5198 634 5268 μίσους
664 5199 799 5270 ἔχει,
841 5202 1096 5270 σαφηνιεί
1124 5199 1297 5269 λέγων
1317 5217 1330 5233 ο
1369 5221 1387 5253 ι
1429 5203 1488 5255 '0
1522 5202 1665 5257 θύων
1691 5223 1780 5275 μοι
1810 5207 1906 5276 μό-

325 5305 472 5359 σχον,
506 5289 582 5352 ὡς
608 5291 638 5342 ὁ
677 5291 1021 5344 ἀποκτείνων
1049 5290 1217 5344 κύνα’
1263 5294 1292 5344 ό
1328 5293 1385 5345 δὲ
1415 5294 1701 5364 ἀναφέρων
1746 5295 1903 5365 σεμί-

321 5379 495 5446 δαλιν,
520 5378 594 5443 ὡς
618 5373 758 5451 αἷμα
791 5381 936 5436 ῦειον
955 5397 968 5410 ⁸
1008 5382 1037 5434 ὁ
1067 5382 1124 5436 δὲ
1150 5383 1276 5446 δοὺς
1306 5382 1524 5438 λίϐανον
1566 5387 1644 5448 είς
1692 5389 1903 5457 μνημό-

394 5559 440 5593 ⁸³
471 5559 613 5616 Psal.
639 5573 751 5626 ut,
778 5560 866 5616 i9.
943 5561 988 5594 “
1016 5561 1153 5617 Psal.
1189 5577 1338 5626 XLIX,
1368 5558 1549 5616 iO-li.

396 5739 474 5802 (li
509 5737 698 5792 llunl‘r.
738 5739 894 5800 σκιᾶς

2007 4570 2237 4626 extollit.
2267 4570 2427 4639 Legis
2466 4583 2594 4623 vero
2611 4568 2813 4622 cultum
2846 4581 2905 4621 se
2927 4579 3034 4618 non
3071 4563 3331 4632 recipere,
3358 4567 3413 4614 et
3467 4557 3594 4611 odio

2013 4664 2240 4728 habere,
2273 4662 2452 4730 palam
2476 4661 2638 4716 faciet
2680 4673 2804 4712 cum
2842 4657 3060 4726 inquit:
3101 4672 3120 4706 ι
3183 4653 3282 4719 Qui
3329 4649 3596 4705 sacrificat

2015 4755 2147 4809 mihi
2176 4755 2426 4820 vitulum,
2454 4764 2536 4808 est
2583 4750 2807 4821 perinde
2837 4764 2900 4804 ac
2919 4749 2964 4803 is
3012 4747 3104 4816 qui
3139 4743 3337 4800 occidit
3365 4754 3590 4800 canem;

2013 4843 2104 4912 qui
2129 4840 2282 4897 offert
2310 4841 2564 4905 similam,
2593 4839 2746 4909 quasi
2778 4839 2869 4907 qui
2899 4835 3217 4906 sanguinem
3258 4831 3417 4888 oﬂert
3465 4829 3594 4884 suil-

2016 4934 2154 4999 lum;
2175 4934 2264 5002 qui
2289 4934 2548 4997 datthus,
2575 4931 2642 4987 ad
2683 4930 2999 4986 memoriam
3031 4928 3136 4992 sui,
3169 4934 3254 4980 est
3294 4923 3450 4993 quasi
3487 4921 3596 4976 bla-

2013 5027 2289 5094 sphemus.
2321 5043 2340 5076 ι
2387 5026 2682 5080 Considera
2713 5025 2876 5095 igitur
2921 5037 3046 5078 eum
3114 5035 3220 5073 non
3267 5017 3440 5071 solum
3489 5029 3594 5068 non

2007 5118 2296 5173 admittere
2323 5131 2443 5188 quae
2474 5118 2526 5171 in
2563 5116 2772 5172 umbris
2826 5131 2890 5170 ac
2931 5114 3072 5185 typis
3097 5111 3270 5182 posita
3302 5113 3448 5171 sunt,
3479 5106 3593 5168 sed,

2011 5217 2072 5262 ut
2099 5209 2232 5272 dixi,
2255 5209 2447 5263 odisse.
2474 5207 2642 5263 Vituli
2692 5208 2836 5262 enim
2889 5208 3111 5266 caedem,
3162 5201 3314 5256 canis
3354 5205 3584 5251 mortem

2012 5301 2322 5365 existimat,
2377 5309 2431 5355 et
2459 5316 2570 5356 rem
2599 5301 2887 5369 impuram,
2919 5295 3152 5351 similam
3195 5292 3316 5346 oleo
3338 5300 3592 5354 consper-

2015 5406 2151 5447 sam.
2188 5392 2472 5462 Signiﬁcat
2505 5393 2648 5449 enim
2682 5393 2802 5458 hoc,
2837 5399 2894 5446 ut
2922 5390 3130 5460 opinor,
3165 5385 3290 5438 dum
3321 5395 3439 5436 eam
3464 5391 3593 5432 san-
