4112 6292
546 5667 572 5713 .1

624 325 751 380 “Si

1608 320 1666 375 S.
1707 319 1985 375 CYRILLI
2024 320 2494 378 ALEXANDRIN!
2531 322 2845 379 ARCIIIEP.

3742 320 3891 378 H32

622 442 770 503 sulni
805 444 918 496 suis
944 447 1240 507 comparat.
1274 438 1484 507 lmpura
1509 445 1592 493 est
1611 447 1789 493 autem
1828 452 1944 501 sus,
1967 453 2035 493 ex
2064 438 2187 507 legis

2300 457 2481 501 συνον,
2535 441 2613 505 ὡς
2655 441 2996 511 βλάσφημον.
3029 458 3050 492 s
3084 437 3275 508 'AOpst
3310 435 3375 507 δὴ
3402 432 3497 490 οὖν
3521 435 3680 499 ὅπως
3707 436 3781 490 zu
3807 434 3909 501 ὣς

621 532 955 601 prescripto.
999 532 1069 585 Et
1115 529 1289 584 thuris
1330 527 1506 583 fumos
1533 528 1648 597 pari
1705 528 1825 583 loco
1866 528 2049 592 habet,
2084 544 2187 599 quo

2291 531 2350 583 ὲν
2383 534 2562 596 σκιαῖς
2599 531 2691 585 καὶ
2723 531 2936 597 τύποις,
2969 530 3068 583 οὐκ
3101 528 3385 600 ἀπόδλητα
3414 529 3657 580 ποιεῖται
3688 527 3887 598 μόνον,

620 638 807 679 vocem
836 622 1224 690 blaspltemam.
1255 618 1538 673 Translert
1562 618 1723 689 igitur
1749 619 1835 674 his
1870 619 2047 675 verbis
2074 636 2190 685 eos,

621 723 680 767 ut
704 714 867 766 velint
924 725 1028 765 non
1076 709 1226 779 iuxta
1270 709 1516 764 umbram
1559 708 1711 779 legis,
1743 709 1837 763 sed
1883 710 2190 780 evangelica

621 804 820 859 vivere.

2293 624 2432 679 ἀλλὰ
2464 625 2575 697 γὰρ
2605 626 2701 678 καὶ
2732 625 3057 696 μεμίσηκεν,
3084 622 3160 685 ὡς
3194 620 3332 691 ἔφην
3351 635 3365 650 ’
3398 617 3495 689 τὴν
3522 618 3725 688 γάρτοι
3789 618 3892 688 μό-

2298 731 2427 785 σχου
2458 715 2693 786 σφαγὴν,
2741 716 2903 778 κυνὸς
2934 715 3147 783 ἡγεῖται
3176 710 3426 772 θάνατον,
3475 708 3804 778 ἀκάθαρτον
3829 708 3890 762 δὲ

2295 809 2389 861 καὶ
2412 809 2692 878 σεμίδαλιν
2723 804 3129 877 ὲλεόδευ[σ]τον.
3157 801 3319 872 Δηλοῖ
3345 801 3477 870 γάρ,
3512 794 3701 867 οἶμαι,
3730 800 3890 852 τουτὶ

617 895 696 965 τῷ
723 896 846 959 συὸς
879 896 1072 966 αἵματι
1092 894 1444 965 παρεικάζειν
1469 893 1641 963 αὑτήν
1659 908 1673 922 ο
1710 892 2022 963 ἀκάθαρτον
2054 894 2113 948 δὲ
2139 896 2281 950 κατὰ
2318 900 2409 952 τὸν
2441 900 2604 968 νόμον
2628 901 2658 953 ὁ
2682 894 2772 963 ὗςο
2806 901 2934 963 τοὺς
2978 899 3035 953 δέ
3059 916 3124 968 γε
3155 900 3218 952 ἐκ
3248 897 3469 951 λιϐάνου
3517 894 3798 954 καπνοὺς.
3828 895 3893 945 ἐν

618 989 719 1057 ἴσῳ
761 986 968 1041 τίθεται
1016 987 1372 1056 παλιμφήμου
1416 987 1620 1055 φωνῆς.
1665 984 1968 1051 Μεθίστησι
2007 985 2183 1040 τοίνυν
2254 988 2341 1042 διὰ
2405 990 2609 1046 τούτων
2650 991 2847 1055 αὐτοὺς
2893 990 2974 1054 εἴς
3009 1009 3073 1059 γε
3125 990 3188 1044 τὸ
3220 987 3510 1060 βούλεσθαι
3552 984 3758 1054 δωζῇν
3788 984 3884 1036 εὐ-

616 1078 943 1146 αγγελικῶς,
975 1079 1068 1130 καὶ
1106 1076 1278 1139 οὕτως
1303 1075 1416 1148 lo‘.
1445 1075 1617 1147 οὗτοι]
1666 1093 1769 1130 που
1810 1075 2012 1145 μᾶλλον
2041 1078 2183 1132 κατά
2219 1095 2283 1147 γε
2308 1080 2407 1149 τὴν
2434 1078 2601 1135 οὖσαν
2628 1084 2687 1136 ὲν
2711 1082 2790 1152 τῷ
2819 1083 2967 1151 νόμῳ
3004 1081 3182 1135 σκιάν.

695 1169 853 1225 Vens.
892 1170 947 1224 ι.
992 1168 1059 1224 Et
1090 1170 1190 1235 ipsi
1220 1169 1487 1238 elegerunt
1518 1169 1627 1221 vias
1654 1184 1801 1233 suas,
1824 1177 1872 1221 et
1915 1168 2189 1222 abomina-

620 1265 785 1316 tiones
825 1278 972 1325 suas,
1002 1278 1138 1331 quas
1166 1261 1341 1314 anima
1364 1276 1546 1313 eorum
1572 1259 1756 1313 voluit.
1805 1257 1869 1312 Et
1887 1274 1980 1327 ego
2001 1258 2190 1328 eligam

619 1354 848 1408 ludibria
867 1369 1069 1417 eorum,
1087 1362 1134 1406 et
1165 1363 1375 1420 peccata
1414 1367 1594 1404 eorum
1624 1351 1906 1403 retribuam
1930 1350 2026 1404 eis.
2051 1351 2190 1413 Quia

623 1447 805 1499 vocari
851 1461 961 1512 eos,
1001 1456 1049 1499 et
1095 1460 1200 1498 non
1244 1442 1565 1507 obedierunt,
1583 1451 1631 1496 et
1668 1451 1883 1511 egerunt
1914 1443 2111 1496 malum
2138 1445 2192 1497 in

619 1545 894 1607 conspectu
919 1551 1052 1591 meo.
1079 1534 1170 1601 Et,
1191 1548 1306 1603 qua:
1329 1532 1588 1598 nolebam,
1619 1530 1903 1602 elegerunt.

692 1803 900 1858 Rursus
956 1802 1186 1857 adornat
1228 1798 1550 1871 spologiam,
1621 1815 1952 1871 causamque
2010 1812 2196 1873 aperte

621 1893 819 1958 reddit,
870 1908 969 1948 cur
1013 1893 1336 1962 repudiatus
1399 1893 1560 1948 fuerit
1623 1891 1810 1960 Israel,
1855 1897 2196 1964 quantumvis

619 1985 1010 2055 primogenitus
1037 1984 1306 2047 dictus,et
1330 1999 1449 2040 sors
1476 1985 1572 2040 Dei
1621 1994 1979 2055 nuncupatus.
2005 2005 2026 2038 s
2069 1986 2192 2041 Ele-

617 2084 811 2146 gerunt
848 2076 1014 2141 enim,
1058 2075 1253 2144 inquit,
1299 2075 1416 2129 vias
1479 2090 1625 2138 suas,
1688 2083 1744 2129 et
1766 2076 2195 2133 abominationes

617 2180 765 2230 suas,
831 2180 966 2236 quas
1033 2166 1210 2220 anima
1263 2165 1502 2234 ipsorum
1538 2166 1726 2222 voluit.
1783 2185 1804 2220 ι
1851 2167 1985 2223 Cum
2040 2168 2192 2234 dicit;

622 2276 642 2309 s
681 2258 1022 2327 Elegerunt,»
1046 2257 1287 2313 declarat
1310 2271 1406 2313 eos
1426 2257 1638 2325 judices
1655 2272 1777 2313 esse
1802 2273 1911 2314 non
1945 2269 2120 2316 rectos
2140 2261 2192 2314 in

621 2348 780 2403 rebus
809 2349 1150 2414 necessariis,
1188 2351 1281 2404 sed
1320 2352 1500 2421 potius
1538 2368 1558 2403 ι
1599 2350 1791 2406 Dicere
1816 2351 2016 2406 bonum
2087 2367 2196 2405 ma-

618 2439 748 2502 lum,
777 2448 832 2493 et
861 2449 1070 2496 vertere
1099 2440 1343 2495 tenebras
1368 2443 1421 2495 in
1452 2441 1650 2506 lucem,
1679 2450 1733 2494 et
1752 2441 1923 2496 lucem
1964 2441 2017 2495 in
2044 2451 2195 2496 tene-

618 2531 765 2596 bras,
790 2544 1035 2584 amarum
1057 2530 1111 2584 in
1133 2529 1309 2595 dulce,
1323 2538 1380 2587 et
1392 2532 1548 2586 dulce
1575 2531 1627 2586 in
1649 2546 1893 2586 amarum
1913 2531 1983 2584 ⁸⁸.
2011 2550 2032 2583 ι
2058 2531 2192 2587 Cum

616 2621 764 2673 enim
789 2619 1032 2675 licuisset
1071 2620 1202 2689 ipsis
1227 2635 1323 2689 per
1348 2622 1565 2676 oracula
1582 2623 1892 2688 evangelica
1917 2622 1985 2677 ad
2005 2637 2195 2678 omnes

619 2713 843 2765 virtutes
870 2711 1311 2778 praeclarissimas
1366 2713 1585 2778 adduci,
1632 2727 1865 2782 cumque
1917 2727 2084 2782 penes
2113 2713 2195 2782 ip-

615 2815 706 2857 sos
724 2809 867 2855 esset
896 2802 1026 2855 vitia
1071 2801 1398 2870 relinquere,
1433 2802 1684 2870 amplecti
1737 2803 1879 2873 quod
1898 2811 1984 2857 est
2021 2803 2189 2859 utile:

614 2890 718 2955 illi,
755 2891 948 2960 inquit,
968 2891 1253 2947 voluerunt
1275 2892 1392 2947 vias
1424 2906 1571 2958 suas,
1597 2908 1626 2946 a
1652 2893 1770 2962 lege
1812 2893 2041 2957 alienas,
2071 2908 2193 2963 qua:

2361 1174 2467 1227 Kal
2494 1169 2659 1230 οὗτοι
2696 1172 3055 1238 ἐξελέξαντο
3082 1170 3187 1237 τὰς
3217 1170 3398 1236 ὀδοὺς
3417 1167 3641 1229 αὐτῶν,
3663 1166 3771 1220 καὶ
3809 1166 3887 1220 τὰ

2292 1263 2679 1332 ,ϐδελύγματα
2719 1260 2939 1325 αὐτῶν,
2983 1259 3023 1315 d
3055 1260 3094 1327 ἠ
3130 1259 3302 1329 ψυχὴ
3343 1257 3546 1312 αὐτῶν
3579 1256 3879 1324 ἠθέλησε.

2300 1353 2471 1423 Κάγὼ
2497 1355 2815 1420 ἐκλέξομαι
2854 1353 2928 1407 τὰ
2954 1352 3331 1421 ἐμπαίτματα
3365 1347 3592 1410 αὐτῶν,
3628 1347 3730 1400 καί
3762 1348 3883 1408 τὰς

2297 1442 2584 1509 ἁμαρτίας
2605 1441 2802 1496 αὐτῶν
2818 1439 3223 1495 ἀνταποδώσω
3249 1437 3476 1504 αὐτοῖς,
3489 1437 3585 1491 ὅτι
3604 1435 3884 1490 ἐκάλεσα

2295 1533 2535 1598 αὐτοὺς,
2578 1533 2677 1587 καὶ
2727 1534 2841 1601 οὐχ
2884 1530 3272 1599 ὑπήκουσαν,
3315 1529 3414 1583 καὶ
3454 1529 3770 1595 ἐποίησαν
3810 1526 3883 1580 τὸ

2294 1623 2560 1692 πονηρὸν
2598 1624 2875 1677 ἐναντίον
2905 1639 3045 1692 μου.
3091 1623 3202 1678 Kal
3247 1622 3289 1677 ἆ
3336 1626 3451 1679 οὐκ
3487 1623 3876 1691 ἠϐουλόμην,

2296 1714 2620 1780 ἐξελέξαντ

2379 1809 2746 1875 ’Δπολογεῖται
2795 1807 2979 1873 πάλιν,
3012 1808 3121 1878 ικαὶ
3164 1807 3381 1880 ἐμφανῆ
3423 1806 3732 1876 καθίστησι
3780 1807 3879 1876 τὴν

2295 1899 2492 1962 αἰτίαν,
2540 1894 2693 1971 ἔφ”ῇ
2733 1901 2829 1954 καὶ
2873 1900 3233 1971 ἀπόπεμπτος
3278 1899 3501 1967 γέγονεν
3542 1900 3576 1952 ὁ
3632 1898 3878 1968 Ἰσραὴλ,

2295 1987 2470 2041 καίτοι
2511 1988 2854 2058 πρωτότοκος
2899 1989 3308 2059 ὠνομασμένος,
3351 1989 3446 2041 καὶ
3490 1987 3703 2058 κλῆρος
3740 1986 3878 2041 Θεοῦ

2294 2080 2661 2151 χρηματίσας.
2692 2099 2713 2132 s
2757 2079 3114 2144 Ἐπελέξαντο
3166 2079 3297 2151 γὰρ,
3347 2078 3534 2149 φησὶν,
3580 2078 3741 2131 αὐτοὶ
3771 2076 3871 2140 τάς

2292 2171 2447 2234 ὀδοὺς
2481 2170 2680 2237 αὐτῶν,
2722 2171 2818 2225 καὶ
2840 2172 2909 2225 τά
2944 2171 3289 2241 βδελύγματα
3332 2166 3534 2235 αὐτῶν,
3579 2170 3620 2224 ἃ
3661 2171 3697 2241 ἠ
3730 2168 3877 2239 ψυχὴ

2293 2263 2471 2319 αὐτῶν
2509 2263 2771 2334 ἠθέλησε·
2809 2282 2828 2315 ι
2859 2263 2921 2316 τὸ
2938 2263 3016 2329 δὲ,
3041 2283 3061 2315 ι
3082 2262 3452 2328 Ἐπσλέξαντο,
3490 2281 3510 2314 ι
3541 2262 3746 2329 λέγων,
3776 2262 3876 2315 οὐκ

2293 2352 2469 2424 ὀρθῶς
2500 2354 2747 2423 ἀπέφηνε
2783 2353 3046 2417 δικαστάς
3073 2355 3131 2407 ὲν
3159 2352 3485 2420 ἀναγκαίοις
3517 2352 3872 2423 πράγμασιν,

2299 2462 2318 2496 ι
2350 2444 2616 2507 Εἰπόντας
2644 2445 2701 2498 δὲ
2732 2444 2932 2514 μᾶλλον
2960 2445 3055 2498 καὶ
3081 2444 3145 2497 τὸ
3171 2444 3334 2499 καλὸν
3368 2444 3634 2513 πονηρὸν,
3659 2443 3758 2497 καὶ
3780 2442 3873 2497 θε-

2297 2534 2489 2605 μένους
2513 2533 2578 2587 τὸ
2607 2534 2796 2597 σκότος
2819 2536 2900 2598 είς
2931 2533 3066 2602 φῶς,
3096 2534 3192 2588 καὶ
3222 2533 3282 2586 τὸ
3310 2533 3424 2602 φῶς
3448 2531 3668 2596 σκότος,
3690 2531 3789 2585 καὶ
3814 2533 3878 2585 τὸ

2294 2624 2492 2694 πικρὸν
2534 2623 2728 2697 γλυκὺ,
2782 2623 2877 2678 καὶ
2921 2623 2983 2676 τὸ
3028 2623 3195 2691 γλυκὺ
3235 2622 3452 2693 πικρόν.
3494 2641 3513 2673 ι
3571 2620 3729 2686 Ἕξδν
3767 2622 3876 2691 γὰρ

2293 2715 2474 2775 αὐτοῖς
2504 2714 2593 2768 διὰ
2621 2714 2728 2767 τῶν
2763 2713 3130 2782 εὐαγγελικῶν
3162 2712 3553 2783 θεσπισμάτων
3581 2713 3728 2784 πρὸς
3769 2715 3873 2766 πᾶν

2292 2806 2470 2860 ὁτιοῦν
2501 2805 2871 2876 ἀποφέρεσθαι
2919 2806 3027 2859 τῶν
3052 2805 3291 2876 ἀρίστων
3333 2803 3872 2875 ἀνδραγαθημάτων,

2293 2897 2779 2969 καὶ-προκειμένης
2809 2896 2993 2959 αὐτοῖς
3020 2895 3271 2963 ἐξουσίας
3302 2897 3616 2966 ἀποστῆναι
3641 2896 3748 2965 μὲν
3766 2895 3871 2949 τῶν

615 2980 673 3035 in
702 2991 815 3037 rete
838 2982 1032 3038 mortis
1058 2991 1113 3037 et
1131 2982 1182 3036 iu
1212 2983 1534 3051 profundum
1560 2984 1757 3039 inferni
1785 2998 1880 3039 eos
1899 2983 2187 3038 adducunt.

2293 2990 2392 3060 τῆς
2434 2988 2767 3059 φαυλότητος
2808 2988 3049 3059 τρόπων,
3099 2987 3419 3041 ἀνθελέσθαι
3445 2987 3507 3042 δὲ
3532 2987 3596 3040 τὸ
3627 2984 3870 3056 πεφυκὸς

616 3072 855 3128 Revocnt
909 3083 1088 3129 autem
1124 3073 1231 3130 illis
1277 3075 1331 3130 in
1370 3076 1684 3130 memoriam
1732 3075 1959 3145 pristina
2004 3089 2190 3131 eorum

614 3175 854 3235 necata.
885 3165 1129 3222 Fuerunt
1153 3167 1296 3223 enim
1317 3168 1446 3223 olim
1474 3167 1773 3223 idololatrae
1816 3178 1872 3224 et
1917 3169 2195 3225 abomina-

616 3258 822 3314 tionum
878 3258 1132 3315 cultores.
1189 3277 1210 3311 s
1257 3258 1395 3327 Quia
1480 3260 1644 3329 igitur
1694 3260 1872 3316 vocali
1917 3271 2064 3325 sunt,
2109 3260 2193 3314 in-

615 3351 750 3419 quit,
801 3359 857 3405 et
906 3366 1010 3407 non
1069 3350 1411 3415 audiverunt,
1464 3370 1484 3404 ι
1513 3352 1680 3423 909
1725 3366 1899 3421 neque
1947 3351 2194 3406 attende-

615 3450 742 3495 runt
773 3440 953 3496 verbis
986 3442 1090 3498 illis
1121 3457 1240 3510 quae
1261 3444 1327 3495 ad
1359 3442 1501 3510 ipsos
1526 3443 1660 3506 feci;
1684 3442 1987 3497 dixienim:
2024 3459 2043 3492 ι
2082 3442 2191 3511 Ego

614 3546 732 3585 sum
759 3531 847 3585 lux
881 3534 1084 3599 mundi,
1119 3542 1173 3587 et
1201 3534 1295 3600 qui
1335 3534 1510 3587 credit
1534 3534 1586 3586 in
1607 3548 1713 3598 me,
1762 3533 1976 3591 etiamsi
1998 3534 2193 3585 moria-

612 3629 724 3682 tur,
744 3621 887 3673 vivet
916 3620 994 3685 ";
1052 3640 1071 3673 ι
1109 3636 1175 3675 ac
1198 3623 1392 3676 iterum
1425 3639 1439 3674 :
1472 3640 1491 3672 ι
1530 3621 1723 3676 Venite
1746 3623 1812 3673 ad
1854 3636 1960 3686 me,
1990 3636 2180 3677 omnes

613 3711 704 3780 qui
729 3710 984 3767 laboratis
1012 3720 1068 3768 et
1093 3714 1301 3768 onerati
1323 3712 1473 3777 estis,
1495 3721 1548 3765 et
1569 3726 1668 3781 ego
1697 3712 1934 3767 reﬁciam
1954 3727 2050 3767 vos
2064 3714 2133 3765 ’τε
2163 3731 2183 3766 ι

613 3803 740 3859 hinc
766 3801 933 3860 feram
972 3804 1024 3858 in
1059 3803 1179 3859 illos
1212 3804 1355 3859 hanc
1381 3813 1631 3859 sanctam
1650 3805 1994 3868 sententiam,
2013 3814 2068 3860 et
2088 3820 2188 3875 ego

612 3895 804 3964 eligam
837 3896 1065 3952 ludibria
1093 3911 1304 3962 eorum,
1328 3897 1379 3950 id
1408 3905 1512 3960 est,
1543 3894 1635 3966 qui
1689 3895 1986 3963 ludiﬁcem,
2034 3912 2101 3953 ac
2134 3898 2187 3953 in

613 3986 762 4052 ipsos
793 3986 1209 4043 debacchentur.
1262 3985 1518 4056 Designat
1551 3994 1728 4039 autem
1758 3999 1851 4040 eos
1876 3987 1967 4055 qui
2009 3996 2188 4040 vasta-

617 4084 741 4127 runt
775 4073 1015 4129 Judaaam
1048 4085 1099 4128 et
1145 4083 1557 4129 concremarunt
1613 4084 1855 4127 sanctam
1911 4075 2184 4144 quondam

612 4173 667 4217 et
692 4164 959 4219 celebrem
991 4164 1286 4231 civitatem,
1338 4178 1532 4233 nempe
1577 4162 1942 4217 Romanorum
1990 4165 2180 4220 duces.

618 4271 639 4305 ι
675 4253 991 4309 Retribuam
1047 4256 1214 4322 enim,
1262 4254 1455 4322 inquit,
1512 4252 1619 4308 illis
1672 4265 1888 4321 peccata
1922 4270 2017 4310 sua
2045 4256 2111 4310 ⁸⁸.
2157 4274 2176 4306 ι

611 4345 746 4399 Nam
788 4362 907 4415 quae
929 4360 1027 4415 ego
1051 4348 1138 4401 odi
1178 4356 1231 4400 et
1262 4347 1428 4411 nolui,
1459 4346 1557 4415 ipsi
1593 4347 1887 4415 elegerunt.

2293 3077 2549 3146 ὠφελεῖν
2580 3077 2758 3139 αὐτοὶ,
2814 3079 3002 3147 φησιν,
3033 3075 3309 3148 ἠθέλησαν
3337 3076 3440 3140 τὰς
3486 3077 3646 3138 ὁδοὺς
3693 3075 3870 3129 αὐτῶν

2292 3169 2391 3233 τὰς
2418 3168 2522 3233 ἔξω
2556 3168 2735 3238 νόμων
2760 3168 2871 3222 τῶν
2899 3168 3081 3240 ἱερῶν,
3107 3171 3208 3231 τάς
3234 3167 3471 3237 παγίδας
3497 3167 3760 3231 θανάτου,
3777 3168 3870 3221 καὶ

2292 3263 2373 3325 sl;
2402 3263 2673 3333 πέταυρον
2703 3261 2831 3333 ᾅδου
2864 3259 3344 3330 κατακομιζούσας
3371 3260 3572 3323 αὐτούς
3591 3276 3606 3288 ·
3644 3258 3869 3313 ἀναϐαί-

2294 3368 2373 3405 νει
2405 3350 2460 3405 δὲ
2487 3351 2583 3404 καὶ
2615 3352 2695 3413 είς
2724 3350 3028 3422 ἀνάμνησιν
3069 3349 3432 3422 ἀρχαιοτέρας
3470 3351 3657 3412 αὐτοῖς
3683 3350 3865 3419 ἀμαρ-

2290 3441 2412 3504 τίας
2431 3456 2445 3473 ν
2476 3440 2729 3508 γεγόνασι
2752 3439 2861 3511 γὰρ
2889 3440 3030 3494 κατά
3054 3440 3299 3510 καιροὺς,
3330 3439 3425 3491 καὶ
3449 3438 3859 3508 εἰδωλολάτραι,

2293 3532 2389 3585 καὶ
2432 3530 2819 3601 βδελυγμάτων
2893 3530 3291 3601 προσκυνηταί.
3336 3548 3355 3582 ι
3398 3529 3610 3597 Ἐπειδὴ
3680 3528 3865 3580 τοίνυν

2291 3620 2612 3690 κέκληνται,
2660 3622 2822 3692 φησὶ,
2863 3622 2958 3675 καὶ
3005 3621 3104 3691 οὐχ
3148 3622 3479 3692 ὑπήκουσαν,
3512 3637 3531 3668 ι
3566 3617 3696 3670 οὔτε
3739 3619 3862 3687 μὴν

2292 3713 2752 3783 προσεσχήκασιν,
2780 3707 2862 3776 οἷς
2895 3713 3032 3782 πρὸς
3061 3713 3260 3777 αὐτοὺς
3309 3709 3601 3780 πεποίημαι
3630 3709 3858 3777 λόγους.

2295 3804 2474 3873 Ἔφην
2498 3802 2628 3873 γὰρ,
2664 3804 2747 3856 ὅτι
2801 3802 2984 3871 «Ἐγώ
3046 3806 3164 3874 είμι
3216 3804 3280 3856 τὸ
3317 3802 3431 3871 φῶς
3477 3800 3570 3854 τοῦ
3625 3800 3861 3870 κόσμου,

2290 3895 2384 3948 καὶ
2427 3897 2456 3947 ὁ
2502 3894 2773 3948 πιστεύων
2819 3897 2900 3959 είς
2947 3893 3073 3965 ἐμὲ,
3118 3894 3222 3949 κᾶν
3254 3895 3502 3965 ἀποθάνῃ
3533 3894 3798 3963 ζὴσεταιυ
3837 3910 3858 3943 s

2289 3986 2385 4038 καὶ
2423 3984 2613 4038 πάλιν·
2647 4004 2666 4035 s
2702 3983 2865 4038 Δεῦτε
2894 3985 3032 4056 πρός
3082 4002 3172 4055 με,
3222 3984 3423 4047 πάντες
3464 3985 3516 4037 οἱ
3560 3981 3862 4044 κοπιῶντες

2288 4076 2383 4130 καὶ
2413 4076 2858 4147 πεφορτισμένοι,
2891 4075 3048 4145 κάγὼ
3080 4075 3379 4130 ἀναπαύσω
3405 4076 3572 4145 ὑμᾶς.
3616 4094 3636 4126 s
3676 4072 3863 4143 Ταύτῃ

2284 4171 2351 4236 τῇ
2385 4166 2552 4237 ψήφῳ
2593 4165 2779 4220 λοιπὸν
2821 4167 3162 4237 κεχρήσομαι
3204 4168 3269 4237 τῇ
3315 4166 3438 4220 κατ’
3488 4164 3673 4217 αὐτῶν
3719 4164 3862 4233 ὁσία,

2288 4256 2442 4325 κάγὼ
2470 4256 2758 4326 ὲκλέξομαι
2809 4256 2878 4309 τὰ
2932 4257 3297 4326 ἐμπαίγματα
3341 4256 3549 4321 αὐτῶν,
3590 4258 3860 4317 τουτέστι,

2218 4342 2260 4396 D
2289 4350 2416 4411 τοὺς
2464 4347 2866 4418 ἐμπαίζοντας,
2914 4348 3080 4418 ἧγουν
3132 4348 3606 4418 ὲμπαροινοῦντας
3658 4348 3861 4407 αὐτοῖς.

611 4438 772 4509 Δηλοῖ
809 4439 868 4492 δὲ
911 4440 1127 4501 πάντως
1158 4439 1287 4502 τοὺς
1318 4440 1734 4510 πεπορθηκότας
1792 4440 1892 4509 τὴν
1932 4440 2210 4501 Ἰουδαίαν,
2253 4441 2350 4494 καὶ
2411 4442 2913 4511 κατεμπρήσαντας
2947 4440 3047 4511 τὴν
3080 4439 3250 4507 ἀγίαν
3283 4439 3417 4492 ποτὲ
3453 4440 3551 4493 καὶ
3578 4438 3862 4508 διαϐόητον

613 4529 803 4583 πόλιν·
849 4529 1008 4600 δῆλον
1058 4528 1114 4582 δὲ
1166 4530 1250 4583 ὅτι
1304 4530 1431 4593 τοὺς
1476 4530 1764 4598 Ῥωμαίων
1817 4529 2176 4601 στρατηγούς.
2221 4548 2239 4581 ι
2287 4530 2683 4584 Ἀνταποδώσω
2752 4530 2863 4601 γὰρ
2921 4529 3136 4592 αὐτοῖς,

3194 4528 3330 4598 φησὶ
3352 4568 3369 4593 ,
3418 4527 3520 4591 τὰς
3586 4528 3863 4598 ἁμαρτίας

608 4621 810 4677 αὐτῶν.
846 4641 864 4672 ι
908 4624 974 4675 Ἀ
1020 4622 1129 4694 γὰρ
1187 4623 1467 4693 μεμίσηκα
1493 4664 1509 4688 ,
1562 4624 1658 4676 καὶ
1699 4624 1801 4676 οὐκ
1847 4622 2176 4693 ἠϐουλόμην,
2219 4622 2551 4690 ἐξελέξαντο.

686 4713 845 4767 Vsus.
871 4713 924 4767 5.
948 4714 1139 4767 Audite
1164 4716 1370 4767 verbum
1415 4714 1622 4767 Domini
1650 4716 1739 4781 qui
1786 4715 2010 4767 tremitis
2069 4730 2183 4768 ser-

608 4822 813 4859 monem
867 4805 1024 4874 ejus;
1079 4805 1257 4868 dicite,
1292 4806 1481 4873 fratres
1518 4804 1679 4858 nostri
1728 4804 1795 4857 iis
1841 4806 1931 4873 qui
1963 4806 2184 4859 oderunt

607 4907 778 4958 eos,et
811 4897 1201 4960 abominantur,
1232 4906 1288 4949 ut
1342 4912 1523 4949 nomen
1587 4895 1799 4949 Domini
1840 4895 2182 4965 gloriﬁcatur,

605 4997 652 5039 et
708 4998 960 5054 appareat
1007 4987 1061 5040 in
1108 4986 1293 5040 lwtitia
1351 5001 1550 5047 eorum,
1619 4993 1668 5039 et
1706 4984 1786 5038 illi
1858 4986 2182 5055 confunden-

604 5085 711 5127 tur.
1084 5128 1089 5131 .

677 5163 955 5220 'l‘rnusfert
979 5165 1279 5230 orationem
1308 5165 1602 5219 adomuem
1635 5165 1910 5230 humilem,
1948 5176 2003 5223 et
2033 5166 2185 5235 quie—

609 5267 744 5317 tum.
777 5271 843 5310 ac
872 5266 1188 5311 trettmtletn
1213 5272 1493 5311 sermones
1516 5258 1632 5326 ejus
1663 5274 1676 5310 :
1712 5273 1939 5326 quorum
1959 5259 2175 5327 quidem

608 5346 858 5410 prituitic
910 5357 963 5400 et
1011 5347 1169 5415 p-‘imi
1215 5344 1465 5408 fuerunt,
1507 5357 1562 5401 et
1606 5349 1905 5405 secretioue
1942 5350 2172 5416 quadam

609 5434 818 5501 Selecti,
842 5436 1005 5491 divini
1042 5438 1310 5507 discipuli.
1341 5437 1679 5491 Protraltitur
1710 5447 1886 5492 autem
1922 5439 2002 5492 vis
2035 5454 2173 5505 pne-

609 5523 748 5588 strpti
773 5526 837 5579 ad
857 5541 1046 5580 omnes
1071 5529 1161 5595 qui
1191 5527 1444 5595 deinceps
1470 5527 1838 5598 praeiaciuntur
1860 5527 2171 5598 p0pulo,qui

2372 4715 2695 4769 Ἀκούσατε
2731 4714 2799 4769 τὸ
2824 4714 2988 4783 ῥῆμα
3011 4714 3253 4781 Κυρίου,
3296 4715 3351 4767 οὶ
3398 4710 3721 4779 τρέμοντες
3760 4710 3863 4761 τόν

2288 4808 2475 4869 λόγον
2511 4805 2732 4860 αὑτοῦ·
2778 4806 3015 4870 elatura,
3060 4804 3313 4873 ἀδελφοί
3356 4802 3559 4872 ἡμῶν,
3601 4801 3734 4865 τοῖς
3775 4819 3866 4871 μι-

2289 4895 2517 4950 σοῦσιν
2540 4895 2696 4964 ὑμᾶς
2730 4895 2830 4950 καὶ
2853 4892 3401 4962 βδελυσσομόνοις,
3437 4892 3542 4945 ἵνα
3578 4892 3647 4945 τὸ
3672 4892 3861 4960 ὄνομα

2291 4985 2508 5054 Κυρίου
2556 4985 2827 5054 δοξασθῇ
2877 4984 2977 5039 καὶ
3031 4983 3188 5053 ὀφθῇ
3249 4984 3321 5038 ἐν
3377 4981 3451 5051 τῇ
3507 4984 3865 5051 εὐφροσύνῃ

2287 5074 2472 5143 ὑμῶν,
2498 5075 2760 5129 κάκεῖνοι
2794 5075 3335 5143 αἱσχυνθήσονται.

2357 5166 2656 5236 Μεθίστησι
2687 5166 2812 5229 τοὺς
2852 5166 3042 5233 λόγους
3082 5167 3176 5219 ἐπὶ
3222 5166 3399 5220 πάντα
3448 5163 3713 5217 ταπεινὸν
3776 5164 3869 5217 καὶ

2289 5255 2533 5327 ἡσύχιον,
2567 5257 2663 5309 καὶ
2683 5256 2952 5327 τρέμοντα
2972 5257 3099 5319 τοὺς
3124 5256 3317 5323 λόγους
3346 5254 3536 5317 αὐτοῦ,
3574 5248 3655 5308 ὧν
3678 5254 3749 5323 δὴ
3777 5254 3869 5307 καὶ

2283 5346 2568 5414 γεγόνασιν
2595 5347 2840 5417 ἀπαρχὴ,
2878 5346 2971 5399 καὶ
3001 5362 3229 5416 πρωτοι,
3260 5346 3357 5399 καὶ
3383 5343 3699 5414 ἀπολέγδην
3735 5344 3870 5411 ἔξεις

2283 5436 2533 5506 λεγμένοι
2571 5438 2619 5488 oi
2646 5435 2922 5489 θεσπέσιοι
2953 5435 3215 5505 μαθηταί.
3258 5434 3457 5507 Τρέχει
3495 5434 3554 5488 δὲ
3581 5435 3684 5505 τῆς
3718 5436 3867 5487 ἐντο-

2282 5528 2379 5597 λῆς
2424 5529 2456 5596 ή
2492 5525 2721 5596 δύναμις
2769 5527 2860 5583 καὶ
2904 5526 2998 5579 ἐπὶ
3029 5525 3241 5588 πάντας
3290 5522 3492 5595 ἑφεξῆς
3536 5525 3669 5589 τοὺς
3720 5521 3865 5580 λαῶν

679 5690 719 5725 ³⁸
752 5694 851 5751 lsa.
882 5715 931 5764 ν,
961 5701 1050 5758 20.
1128 5702 1173 5734 “
1199 5702 1351 5757 Joan.
1392 5718 1468 5770 xz,
1496 5701 1585 5758 26.
1662 5703 1705 5736 "
1738 5702 1926 5759 Matth.
1962 5718 2038 5769 χι,
2066 5702 2155 5758 28.

2315 5701 2469 5756 Prov.
2499 5715 2597 5770 xtl,
2631 5700 2711 5757 l4.
