  <div class='ocr_page' id='page_1' title='image "/cluster/home/n/w/nwhite01/storage/ocr_20150623/70/mdp.39015078384453/724.png"; bbox 0 0 4134 6302; ppageno 0'>
   <div class='ocr_carea' id='block_1_1' title="bbox 330 357 468 414">
    <p class='ocr_par' dir='ltr' id='par_1_1' title="bbox 330 357 468 414">
     <span class='ocr_line' id='line_1_1' title="bbox 330 357 468 414; baseline 0.007 -2"><span class='ocrx_word' id='word_1_1' title='bbox 330 357 468 414; x_wconf 71' lang='lat' dir='ltr'><strong>N33</strong></span> 
     </span>
    </p>
   </div>
   <div class='ocr_carea' id='block_1_2' title="bbox 1388 345 2392 404">
    <p class='ocr_par' dir='ltr' id='par_1_2' title="bbox 1388 345 2392 404">
     <span class='ocr_line' id='line_1_2' title="bbox 1388 345 2392 404; baseline 0.001 -2"><span class='ocrx_word' id='word_1_2' title='bbox 1388 347 1457 404; x_wconf 83' lang='lat' dir='ltr'><strong>IN</strong></span> <span class='ocrx_word' id='word_1_3' title='bbox 1496 347 1730 404; x_wconf 71' lang='lat' dir='ltr'><strong>ISAIAM</strong></span> <span class='ocrx_word' id='word_1_4' title='bbox 1766 345 1895 402; x_wconf 86' lang='lat' dir='ltr'><strong>LIB.</strong></span> <span class='ocrx_word' id='word_1_5' title='bbox 1932 347 1994 404; x_wconf 79' lang='grc' dir='ltr'>ν.</span> <span class='ocrx_word' id='word_1_6' title='bbox 2031 347 2270 404; x_wconf 80' lang='lat' dir='ltr'><strong>TOMUS</strong></span> <span class='ocrx_word' id='word_1_7' title='bbox 2302 349 2392 403; x_wconf 79' lang='lat' dir='ltr'><strong>Vl.</strong></span> 
     </span>
    </p>
   </div>
   <div class='ocr_carea' id='block_1_3' title="bbox 3453 352 3589 406">
    <p class='ocr_par' dir='ltr' id='par_1_3' title="bbox 3453 352 3589 406">
     <span class='ocr_line' id='line_1_3' title="bbox 3453 352 3589 406; baseline -0.007 -1"><span class='ocrx_word' id='word_1_8' title='bbox 3453 352 3477 405; x_wconf 81' lang='lat' dir='ltr'><strong>l</strong></span> <span class='ocrx_word' id='word_1_9' title='bbox 3493 353 3589 406; x_wconf 56' lang='lat'><strong>$33</strong></span> 
     </span>
    </p>
   </div>
   <div class='ocr_carea' id='block_1_4' title="bbox 337 462 1936 545">
    <p class='ocr_par' dir='ltr' id='par_1_4' title="bbox 337 462 1906 545">
     <span class='ocr_line' id='line_1_4' title="bbox 337 462 1906 545; baseline -0.008 -18"><span class='ocrx_word' id='word_1_10' title='bbox 337 470 690 545; x_wconf 70' lang='grc' dir='ltr'><strong>ἡγουμένους,</strong></span> <span class='ocrx_word' id='word_1_11' title='bbox 752 467 802 521; x_wconf 77' lang='grc' dir='ltr'>οἳ</span> <span class='ocrx_word' id='word_1_12' title='bbox 860 465 1027 538; x_wconf 76' lang='grc' dir='ltr'>ψήφῳ</span> <span class='ocrx_word' id='word_1_13' title='bbox 1079 463 1202 534; x_wconf 73' lang='grc' dir='ltr'>θείᾳ</span> <span class='ocrx_word' id='word_1_14' title='bbox 1264 464 1736 534; x_wconf 78' lang='grc' dir='ltr'><strong>κεχειροτόνηνται</strong></span> <span class='ocrx_word' id='word_1_15' title='bbox 1794 462 1906 516; x_wconf 87' lang='grc' dir='ltr'><strong>τῶν</strong></span> 
     </span>
    </p>
   </div>
   <div class='ocr_carea' id='block_1_5' title="bbox 2037 462 3587 545">
    <p class='ocr_par' dir='ltr' id='par_1_5' title="bbox 2037 463 3587 534">
     <span class='ocr_line' id='line_1_5' title="bbox 2037 463 3587 534; baseline 0.005 -19"><span class='ocrx_word' id='word_1_16' title='bbox 2037 464 2192 518; x_wconf 90' lang='lat' dir='ltr'><strong>Iivino</strong></span> <span class='ocrx_word' id='word_1_17' title='bbox 2228 463 2436 519; x_wconf 84' lang='lat' dir='ltr'><strong>calculo</strong></span> <span class='ocrx_word' id='word_1_18' title='bbox 2495 463 2808 534; x_wconf 86' lang='lat' dir='ltr'><strong>deliguntur</strong></span> <span class='ocrx_word' id='word_1_19' title='bbox 2856 475 3174 521; x_wconf 84' lang='lat' dir='ltr'><strong>sanctarum</strong></span> <span class='ocrx_word' id='word_1_20' title='bbox 3219 465 3587 522; x_wconf 83' lang='lat' dir='ltr'><strong>Ecclesiarum</strong></span> 
     </span>
    </p>
   </div>
   <div class='ocr_carea' id='block_1_6' title="bbox 331 554 1936 633">
    <p class='ocr_par' dir='ltr' id='par_1_6' title="bbox 331 554 1910 633">
     <span class='ocr_line' id='line_1_6' title="bbox 331 554 1910 633; baseline -0.008 -15"><span class='ocrx_word' id='word_1_21' title='bbox 331 564 503 633; x_wconf 69' lang='grc' dir='ltr'>ἁγίων</span> <span class='ocrx_word' id='word_1_22' title='bbox 563 558 901 630; x_wconf 87' lang='grc' dir='ltr'>Ἐκκλησιῶν</span> <span class='ocrx_word' id='word_1_23' title='bbox 921 597 937 622; x_wconf 94' lang='grc'><strong>,</strong></span> <span class='ocrx_word' id='word_1_24' title='bbox 995 556 1091 611; x_wconf 69' lang='grc' dir='ltr'>καὶ</span> <span class='ocrx_word' id='word_1_25' title='bbox 1140 554 1251 608; x_wconf 88' lang='grc' dir='ltr'><strong>τῶν</strong></span> <span class='ocrx_word' id='word_1_26' title='bbox 1322 555 1481 624; x_wconf 79' lang='grc' dir='ltr'>ἱερῶν</span> <span class='ocrx_word' id='word_1_27' title='bbox 1539 555 1910 624; x_wconf 80' lang='grc' dir='ltr'><strong>κηρυγμάτων</strong></span> 
     </span>
    </p>
   </div>
   <div class='ocr_carea' id='block_1_7' title="bbox 2037 554 3593 633">
    <p class='ocr_par' dir='ltr' id='par_1_7' title="bbox 2037 556 3593 624">
     <span class='ocr_line' id='line_1_7' title="bbox 2037 556 3593 624; baseline 0.002 -15"><span class='ocrx_word' id='word_1_28' title='bbox 2037 565 2068 609; x_wconf 80' lang='lat' dir='ltr'><strong>:t</strong></span> <span class='ocrx_word' id='word_1_29' title='bbox 2084 556 2388 612; x_wconf 89' lang='lat' dir='ltr'><strong>divinorum</strong></span> <span class='ocrx_word' id='word_1_30' title='bbox 2417 557 2760 624; x_wconf 66' lang='lat' dir='ltr'><strong>praemiorum</strong></span> <span class='ocrx_word' id='word_1_31' title='bbox 2794 557 3106 612; x_wconf 69' lang='lat' dir='ltr'><strong>administri</strong></span> <span class='ocrx_word' id='word_1_32' title='bbox 3135 575 3151 610; x_wconf 85' lang='lat'><strong>:</strong></span> <span class='ocrx_word' id='word_1_33' title='bbox 3185 558 3270 612; x_wconf 88' lang='lat' dir='ltr'><strong>bis</strong></span> <span class='ocrx_word' id='word_1_34' title='bbox 3289 559 3344 612; x_wconf 90' lang='lat' dir='ltr'><strong>in</strong></span> <span class='ocrx_word' id='word_1_35' title='bbox 3370 559 3593 614; x_wconf 83' lang='lat' dir='ltr'><strong>manda-</strong></span> 
     </span>
    </p>
   </div>
   <div class='ocr_carea' id='block_1_8' title="bbox 337 646 1936 727">
    <p class='ocr_par' dir='ltr' id='par_1_8' title="bbox 337 646 1912 727">
     <span class='ocr_line' id='line_1_8' title="bbox 337 646 1912 727; baseline -0.007 -18"><span class='ocrx_word' id='word_1_36' title='bbox 337 655 628 727; x_wconf 77' lang='grc' dir='ltr'>ἱερουργοί.</span> <span class='ocrx_word' id='word_1_37' title='bbox 674 651 897 713; x_wconf 81' lang='grc' dir='ltr'><strong>Τούτοις</strong></span> <span class='ocrx_word' id='word_1_38' title='bbox 942 647 1225 701; x_wconf 77' lang='grc' dir='ltr'><strong>ἐπιτάττει</strong></span> <span class='ocrx_word' id='word_1_39' title='bbox 1265 646 1462 713; x_wconf 79' lang='grc' dir='ltr'>λέγων’</span> <span class='ocrx_word' id='word_1_40' title='bbox 1498 663 1516 696; x_wconf 85' lang='lat' dir='ltr'><strong>t</strong></span> <span class='ocrx_word' id='word_1_41' title='bbox 1552 646 1759 700; x_wconf 74' lang='grc' dir='ltr'>Εἴπατε</span> <span class='ocrx_word' id='word_1_42' title='bbox 1798 647 1912 708; x_wconf 87' lang='grc' dir='ltr'>τοῖς</span> 
     </span>
    </p>
   </div>
   <div class='ocr_carea' id='block_1_9' title="bbox 2037 646 3592 727">
    <p class='ocr_par' dir='ltr' id='par_1_9' title="bbox 2037 649 3592 719">
     <span class='ocr_line' id='line_1_9' title="bbox 2037 649 3592 719; baseline 0.002 -17"><span class='ocrx_word' id='word_1_43' title='bbox 2037 650 2086 704; x_wconf 90' lang='lat' dir='ltr'><strong>is</strong></span> <span class='ocrx_word' id='word_1_44' title='bbox 2111 649 2222 712; x_wconf 88' lang='lat' dir='ltr'><strong>dat,</strong></span> <span class='ocrx_word' id='word_1_45' title='bbox 2253 649 2536 716; x_wconf 84' lang='lat' dir='ltr'><strong>inquiens:</strong></span> <span class='ocrx_word' id='word_1_46' title='bbox 2603 665 2622 700; x_wconf 83' lang='lat' dir='ltr'><strong>t</strong></span> <span class='ocrx_word' id='word_1_47' title='bbox 2669 649 2842 705; x_wconf 91' lang='lat' dir='ltr'><strong>Dicite</strong></span> <span class='ocrx_word' id='word_1_48' title='bbox 2883 651 2951 704; x_wconf 88' lang='lat' dir='ltr'><strong>iis</strong></span> <span class='ocrx_word' id='word_1_49' title='bbox 3000 650 3091 719; x_wconf 91' lang='lat' dir='ltr'><strong>qui</strong></span> <span class='ocrx_word' id='word_1_50' title='bbox 3125 650 3358 704; x_wconf 89' lang='lat' dir='ltr'><strong>oderunt</strong></span> <span class='ocrx_word' id='word_1_51' title='bbox 3386 665 3502 714; x_wconf 89' lang='lat' dir='ltr'><strong>vos,</strong></span> <span class='ocrx_word' id='word_1_52' title='bbox 3537 658 3592 705; x_wconf 88' lang='lat' dir='ltr'><strong>et</strong></span> 
     </span>
    </p>
   </div>
   <div class='ocr_carea' id='block_1_10' title="bbox 338 735 1936 815">
    <p class='ocr_par' dir='ltr' id='par_1_10' title="bbox 338 735 1905 815">
     <span class='ocr_line' id='line_1_10' title="bbox 338 735 1905 815; baseline -0.006 -18"><span class='ocrx_word' id='word_1_53' title='bbox 338 745 588 815; x_wconf 77' lang='grc' dir='ltr'><strong>μισοῦσιν</strong></span> <span class='ocrx_word' id='word_1_54' title='bbox 616 745 759 814; x_wconf 78' lang='grc' dir='ltr'>ὑμᾶς</span> <span class='ocrx_word' id='word_1_55' title='bbox 782 741 876 796; x_wconf 84' lang='grc' dir='ltr'>καὶ</span> <span class='ocrx_word' id='word_1_56' title='bbox 911 739 1376 809; x_wconf 82' lang='grc' dir='ltr'>βδελυσσομένοις·</span> <span class='ocrx_word' id='word_1_57' title='bbox 1398 737 1653 806; x_wconf 53' lang='grc' dir='ltr'>Ἀδελφοί.</span> <span class='ocrx_word' id='word_1_58' title='bbox 1678 735 1858 807; x_wconf 81' lang='grc' dir='ltr'>ἡμῶν.</span> <span class='ocrx_word' id='word_1_59' title='bbox 1887 753 1905 787; x_wconf 74' lang='grc' dir='ltr'><strong>ι</strong></span> 
     </span>
    </p>
   </div>
   <div class='ocr_carea' id='block_1_11' title="bbox 2037 735 3594 815">
    <p class='ocr_par' dir='ltr' id='par_1_11' title="bbox 2037 739 3594 806">
     <span class='ocr_line' id='line_1_11' title="bbox 2037 739 3594 806; baseline 0.003 -14"><span class='ocrx_word' id='word_1_60' title='bbox 2037 739 2427 806; x_wconf 69' lang='lat' dir='ltr'><strong>lbominantur,</strong></span> <span class='ocrx_word' id='word_1_61' title='bbox 2475 739 2672 794; x_wconf 89' lang='lat' dir='ltr'><strong>fratres</strong></span> <span class='ocrx_word' id='word_1_62' title='bbox 2703 742 2899 794; x_wconf 80' lang='lat' dir='ltr'><strong>nostri.</strong></span> <span class='ocrx_word' id='word_1_63' title='bbox 2939 759 2958 794; x_wconf 72' lang='grc' dir='ltr'><strong><em>ι</em></strong></span> <span class='ocrx_word' id='word_1_64' title='bbox 2994 742 3098 794; x_wconf 83' lang='lat' dir='ltr'><strong>Ant</strong></span> <span class='ocrx_word' id='word_1_65' title='bbox 3147 741 3290 796; x_wconf 90' lang='lat' dir='ltr'><strong>enim</strong></span> <span class='ocrx_word' id='word_1_66' title='bbox 3342 741 3453 798; x_wconf 83' lang='lat' dir='ltr'><strong>vult</strong></span> <span class='ocrx_word' id='word_1_67' title='bbox 3499 757 3594 796; x_wconf 85' lang='lat' dir='ltr'><strong>eos</strong></span> 
     </span>
    </p>
   </div>
   <div class='ocr_carea' id='block_1_12' title="bbox 340 826 1914 909">
    <p class='ocr_par' dir='ltr' id='par_1_12' title="bbox 340 826 1914 909">
     <span class='ocr_line' id='line_1_12' title="bbox 340 826 1914 909; baseline -0.008 -18"><span class='ocrx_word' id='word_1_68' title='bbox 340 839 410 890; x_wconf 84' lang='grc' dir='ltr'><strong>Ἦ</strong></span> <span class='ocrx_word' id='word_1_69' title='bbox 454 838 562 909; x_wconf 80' lang='grc' dir='ltr'>γὰρ</span> <span class='ocrx_word' id='word_1_70' title='bbox 596 835 804 907; x_wconf 82' lang='grc' dir='ltr'><strong>πράους</strong></span> <span class='ocrx_word' id='word_1_71' title='bbox 853 831 1049 893; x_wconf 82' lang='grc' dir='ltr'>αὐτοὺς</span> <span class='ocrx_word' id='word_1_72' title='bbox 1119 828 1364 898; x_wconf 84' lang='grc' dir='ltr'>βούλεται</span> <span class='ocrx_word' id='word_1_73' title='bbox 1410 830 1508 882; x_wconf 78' lang='grc' dir='ltr'>καὶ</span> <span class='ocrx_word' id='word_1_74' title='bbox 1555 826 1914 892; x_wconf 81' lang='grc' dir='ltr'>ἀνεξικάκους</span> 
     </span>
    </p>
   </div>
   <div class='ocr_carea' id='block_1_13' title="bbox 337 917 1916 992">
    <p class='ocr_par' dir='ltr' id='par_1_13' title="bbox 337 917 1916 992">
     <span class='ocr_line' id='line_1_13' title="bbox 337 917 1916 992; baseline -0.006 -11"><span class='ocrx_word' id='word_1_75' title='bbox 337 924 502 986; x_wconf 78' lang='grc' dir='ltr'>εἶναι.</span> <span class='ocrx_word' id='word_1_76' title='bbox 529 928 670 980; x_wconf 86' lang='grc' dir='ltr'>κατά</span> <span class='ocrx_word' id='word_1_77' title='bbox 698 941 762 992; x_wconf 89' lang='grc' dir='ltr'><strong>γε</strong></span> <span class='ocrx_word' id='word_1_78' title='bbox 793 922 891 986; x_wconf 81' lang='grc' dir='ltr'>τὰς</span> <span class='ocrx_word' id='word_1_79' title='bbox 925 919 1292 989; x_wconf 81' lang='grc' dir='ltr'>εὐαγγελικὰς</span> <span class='ocrx_word' id='word_1_80' title='bbox 1332 919 1675 990; x_wconf 80' lang='grc' dir='ltr'><strong>παραδόσεις,</strong></span> <span class='ocrx_word' id='word_1_81' title='bbox 1707 917 1803 970; x_wconf 69' lang='grc' dir='ltr'>καὶ</span> <span class='ocrx_word' id='word_1_82' title='bbox 1828 917 1916 971; x_wconf 86' lang='grc' dir='ltr'><strong>διὰ</strong></span> 
     </span>
    </p>
   </div>
   <div class='ocr_carea' id='block_1_14' title="bbox 335 1009 1918 1090">
    <p class='ocr_par' dir='ltr' id='par_1_14' title="bbox 335 1009 1918 1090">
     <span class='ocr_line' id='line_1_14' title="bbox 335 1009 1918 1090; baseline -0.006 -19"><span class='ocrx_word' id='word_1_83' title='bbox 335 1018 434 1090; x_wconf 83' lang='grc' dir='ltr'>τῆς</span> <span class='ocrx_word' id='word_1_84' title='bbox 459 1020 537 1081; x_wconf 87' lang='grc' dir='ltr'><strong>είς</strong></span> <span class='ocrx_word' id='word_1_85' title='bbox 565 1017 717 1085; x_wconf 78' lang='grc' dir='ltr'>λῆξιν</span> <span class='ocrx_word' id='word_1_86' title='bbox 743 1012 1127 1085; x_wconf 82' lang='grc' dir='ltr'><strong>μακροθυμίας</strong></span> <span class='ocrx_word' id='word_1_87' title='bbox 1160 1009 1480 1080; x_wconf 86' lang='grc' dir='ltr'>σαγηνεύειν</span> <span class='ocrx_word' id='word_1_88' title='bbox 1503 1011 1583 1073; x_wconf 87' lang='grc' dir='ltr'><strong>είς</strong></span> <span class='ocrx_word' id='word_1_89' title='bbox 1609 1009 1918 1079; x_wconf 79' lang='grc' dir='ltr'>οἰκειότητα</span> 
     </span>
    </p>
   </div>
   <div class='ocr_carea' id='block_1_15' title="bbox 339 1101 1918 1180">
    <p class='ocr_par' dir='ltr' id='par_1_15' title="bbox 339 1101 1918 1180">
     <span class='ocr_line' id='line_1_15' title="bbox 339 1101 1918 1180; baseline -0.008 -16"><span class='ocrx_word' id='word_1_90' title='bbox 339 1109 733 1180; x_wconf 79' lang='grc' dir='ltr'>πνευματικὴν,</span> <span class='ocrx_word' id='word_1_91' title='bbox 758 1107 886 1170; x_wconf 79' lang='grc' dir='ltr'>τοὺς</span> <span class='ocrx_word' id='word_1_92' title='bbox 911 1104 1294 1166; x_wconf 87' lang='grc' dir='ltr'>ἀνανεύοντας,</span> <span class='ocrx_word' id='word_1_93' title='bbox 1325 1103 1418 1156; x_wconf 74' lang='grc' dir='ltr'>καὶ</span> <span class='ocrx_word' id='word_1_94' title='bbox 1441 1110 1710 1172; x_wconf 80' lang='grc' dir='ltr'>πάραιτου</span> <span class='ocrx_word' id='word_1_95' title='bbox 1721 1101 1918 1171; x_wconf 85' lang='grc' dir='ltr'><strong>μένους</strong></span> 
     </span>
    </p>
   </div>
   <div class='ocr_carea' id='block_1_16' title="bbox 338 1191 1920 1269">
    <p class='ocr_par' dir='ltr' id='par_1_16' title="bbox 338 1191 1920 1269">
     <span class='ocr_line' id='line_1_16' title="bbox 338 1191 1920 1269; baseline -0.006 -16"><span class='ocrx_word' id='word_1_96' title='bbox 338 1201 436 1267; x_wconf 85' lang='grc' dir='ltr'>τὴν</span> <span class='ocrx_word' id='word_1_97' title='bbox 472 1199 606 1269; x_wconf 69' lang='grc' dir='ltr'>πρδς</span> <span class='ocrx_word' id='word_1_98' title='bbox 631 1198 830 1260; x_wconf 76' lang='grc' dir='ltr'>αὐτοὺς</span> <span class='ocrx_word' id='word_1_99' title='bbox 869 1196 1157 1250; x_wconf 81' lang='grc' dir='ltr'>κοινωνίαν</span> <span class='ocrx_word' id='word_1_100' title='bbox 1177 1212 1191 1225; x_wconf 76' lang='grc'><em>’</em></span> <span class='ocrx_word' id='word_1_101' title='bbox 1233 1194 1402 1264; x_wconf 74' lang='grc' dir='ltr'>ἡγουν</span> <span class='ocrx_word' id='word_1_102' title='bbox 1430 1192 1607 1245; x_wconf 82' lang='grc' dir='ltr'>ἐκεῖνό</span> <span class='ocrx_word' id='word_1_103' title='bbox 1636 1208 1740 1244; x_wconf 90' lang='grc' dir='ltr'><strong>που</strong></span> <span class='ocrx_word' id='word_1_104' title='bbox 1780 1191 1920 1260; x_wconf 84' lang='grc' dir='ltr'><strong>τάχα</strong></span> 
     </span>
    </p>
   </div>
   <div class='ocr_carea' id='block_1_17' title="bbox 337 1281 1920 1358">
    <p class='ocr_par' dir='ltr' id='par_1_17' title="bbox 337 1281 1920 1358">
     <span class='ocr_line' id='line_1_17' title="bbox 337 1281 1920 1358; baseline -0.006 -14"><span class='ocrx_word' id='word_1_105' title='bbox 337 1289 724 1350; x_wconf 84' lang='grc' dir='ltr'>διακελεύεται,</span> <span class='ocrx_word' id='word_1_106' title='bbox 752 1288 812 1341; x_wconf 84' lang='grc' dir='ltr'>τὸ</span> <span class='ocrx_word' id='word_1_107' title='bbox 834 1287 1092 1358; x_wconf 79' lang='grc' dir='ltr'>κηρύξαι,</span> <span class='ocrx_word' id='word_1_108' title='bbox 1127 1286 1293 1355; x_wconf 69' lang='grc' dir='ltr'>φημὶ,</span> <span class='ocrx_word' id='word_1_109' title='bbox 1321 1287 1435 1347; x_wconf 90' lang='grc' dir='ltr'>τοῖς</span> <span class='ocrx_word' id='word_1_110' title='bbox 1463 1283 1664 1347; x_wconf 86' lang='grc' dir='ltr'>ἐθνεσι,</span> <span class='ocrx_word' id='word_1_111' title='bbox 1685 1281 1781 1335; x_wconf 75' lang='grc' dir='ltr'>καὶ</span> <span class='ocrx_word' id='word_1_112' title='bbox 1821 1299 1920 1334; x_wconf 85' lang='grc' dir='ltr'>κα-</span> 
     </span>
    </p>
   </div>
   <div class='ocr_carea' id='block_1_18' title="bbox 337 1368 1920 1446">
    <p class='ocr_par' dir='ltr' id='par_1_18' title="bbox 337 1368 1920 1446">
     <span class='ocr_line' id='line_1_18' title="bbox 337 1368 1920 1446; baseline -0.007 -14"><span class='ocrx_word' id='word_1_113' title='bbox 337 1379 491 1432; x_wconf 86' lang='grc' dir='ltr'>λέσαι</span> <span class='ocrx_word' id='word_1_114' title='bbox 519 1378 656 1446; x_wconf 79' lang='grc' dir='ltr'>πρὸς</span> <span class='ocrx_word' id='word_1_115' title='bbox 689 1377 1020 1445; x_wconf 88' lang='grc' dir='ltr'>θεογνωσίαν</span> <span class='ocrx_word' id='word_1_116' title='bbox 1047 1376 1146 1446; x_wconf 76' lang='grc' dir='ltr'>τὴν</span> <span class='ocrx_word' id='word_1_117' title='bbox 1181 1372 1379 1444; x_wconf 80' lang='grc' dir='ltr'>ἀληθῆ,</span> <span class='ocrx_word' id='word_1_118' title='bbox 1409 1372 1536 1435; x_wconf 82' lang='grc' dir='ltr'>τοὺς</span> <span class='ocrx_word' id='word_1_119' title='bbox 1561 1368 1920 1440; x_wconf 85' lang='grc' dir='ltr'>πεπλανημέ-</span> 
     </span>
    </p>
   </div>
   <div class='ocr_carea' id='block_1_19' title="bbox 341 1457 1922 1536">
    <p class='ocr_par' dir='ltr' id='par_1_19' title="bbox 341 1457 1922 1536">
     <span class='ocr_line' id='line_1_19' title="bbox 341 1457 1922 1536; baseline -0.009 -13"><span class='ocrx_word' id='word_1_120' title='bbox 341 1487 465 1532; x_wconf 91' lang='grc' dir='ltr'>νους</span> <span class='ocrx_word' id='word_1_121' title='bbox 485 1510 500 1533; x_wconf 98' lang='grc'><strong>,</strong></span> <span class='ocrx_word' id='word_1_122' title='bbox 539 1469 636 1521; x_wconf 74' lang='grc' dir='ltr'><strong>καὶ</strong></span> <span class='ocrx_word' id='word_1_123' title='bbox 663 1466 771 1530; x_wconf 71' lang='grc' dir='ltr'><strong>τῶν</strong></span> <span class='ocrx_word' id='word_1_124' title='bbox 816 1465 1144 1536; x_wconf 84' lang='grc' dir='ltr'><strong>ἀκαθάρτων</strong></span> <span class='ocrx_word' id='word_1_125' title='bbox 1175 1462 1502 1532; x_wconf 82' lang='grc' dir='ltr'><strong>πνευμάτων</strong></span> <span class='ocrx_word' id='word_1_126' title='bbox 1537 1457 1922 1530; x_wconf 64' lang='grc' dir='ltr'>πῳσκυνητάς</span> 
     </span>
    </p>
   </div>
   <div class='ocr_carea' id='block_1_20' title="bbox 353 1550 1917 1628">
    <p class='ocr_par' dir='ltr' id='par_1_20' title="bbox 353 1550 1917 1628">
     <span class='ocr_line' id='line_1_20' title="bbox 353 1550 1917 1628; baseline -0.008 -15"><span class='ocrx_word' id='word_1_127' title='bbox 353 1557 671 1623; x_wconf 80' lang='grc' dir='ltr'><strong>Ἰουδαίους,</strong></span> <span class='ocrx_word' id='word_1_128' title='bbox 719 1559 802 1612; x_wconf 80' lang='grc' dir='ltr'>ὅτι</span> <span class='ocrx_word' id='word_1_129' title='bbox 849 1557 924 1628; x_wconf 81' lang='grc' dir='ltr'><strong>μὴ</strong></span> <span class='ocrx_word' id='word_1_130' title='bbox 972 1557 1093 1610; x_wconf 87' lang='grc' dir='ltr'>κατ’</span> <span class='ocrx_word' id='word_1_131' title='bbox 1138 1555 1338 1618; x_wconf 79' lang='grc' dir='ltr'>αὐτοὺς</span> <span class='ocrx_word' id='word_1_132' title='bbox 1376 1553 1623 1622; x_wconf 81' lang='grc' dir='ltr'>ἐδέχοντο</span> <span class='ocrx_word' id='word_1_133' title='bbox 1668 1550 1766 1620; x_wconf 83' lang='grc' dir='ltr'><strong>τὴν</strong></span> <span class='ocrx_word' id='word_1_134' title='bbox 1816 1565 1917 1602; x_wconf 87' lang='grc' dir='ltr'>πο-</span> 
     </span>
    </p>
   </div>
   <div class='ocr_carea' id='block_1_21' title="bbox 341 1641 1924 1716">
    <p class='ocr_par' dir='ltr' id='par_1_21' title="bbox 341 1641 1924 1716">
     <span class='ocr_line' id='line_1_21' title="bbox 341 1641 1924 1716; baseline -0.009 -11"><span class='ocrx_word' id='word_1_135' title='bbox 341 1651 582 1715; x_wconf 82' lang='grc' dir='ltr'>λυθεῖαν,</span> <span class='ocrx_word' id='word_1_136' title='bbox 632 1649 730 1702; x_wconf 74' lang='grc' dir='ltr'>ἕνα</span> <span class='ocrx_word' id='word_1_137' title='bbox 779 1648 836 1702; x_wconf 84' lang='grc' dir='ltr'>δὲ</span> <span class='ocrx_word' id='word_1_138' title='bbox 886 1648 982 1702; x_wconf 73' lang='grc' dir='ltr'>καὶ</span> <span class='ocrx_word' id='word_1_139' title='bbox 1051 1645 1211 1716; x_wconf 85' lang='grc' dir='ltr'>φύσει</span> <span class='ocrx_word' id='word_1_140' title='bbox 1247 1645 1343 1699; x_wconf 78' lang='grc' dir='ltr'>καὶ</span> <span class='ocrx_word' id='word_1_141' title='bbox 1404 1644 1564 1714; x_wconf 85' lang='grc' dir='ltr'>μόνον</span> <span class='ocrx_word' id='word_1_142' title='bbox 1609 1641 1924 1711; x_wconf 84' lang='grc' dir='ltr'>ὡμολόγουν</span> 
     </span>
    </p>
   </div>
   <div class='ocr_carea' id='block_1_22' title="bbox 341 1731 1925 1808">
    <p class='ocr_par' dir='ltr' id='par_1_22' title="bbox 341 1731 1925 1808">
     <span class='ocr_line' id='line_1_22' title="bbox 341 1731 1925 1808; baseline -0.004 -17"><span class='ocrx_word' id='word_1_143' title='bbox 341 1737 495 1792; x_wconf 89' lang='grc' dir='ltr'>Θεόν·</span> <span class='ocrx_word' id='word_1_144' title='bbox 529 1739 643 1792; x_wconf 85' lang='grc' dir='ltr'>ἀλλ’</span> <span class='ocrx_word' id='word_1_145' title='bbox 677 1741 726 1792; x_wconf 90' lang='grc' dir='ltr'><strong>εί</strong></span> <span class='ocrx_word' id='word_1_146' title='bbox 753 1739 848 1792; x_wconf 79' lang='grc' dir='ltr'>καὶ</span> <span class='ocrx_word' id='word_1_147' title='bbox 886 1739 1270 1808; x_wconf 79' lang='grc' dir='ltr'>«Μεμισήκασι</span> <span class='ocrx_word' id='word_1_148' title='bbox 1291 1735 1497 1807; x_wconf 77' lang='grc' dir='ltr'>,φησὶν,</span> <span class='ocrx_word' id='word_1_149' title='bbox 1529 1734 1698 1804; x_wconf 79' lang='grc' dir='ltr'>ὑμᾶς,</span> <span class='ocrx_word' id='word_1_150' title='bbox 1739 1731 1925 1802; x_wconf 87' lang='grc' dir='ltr'>βδελυ-</span> 
     </span>
    </p>
   </div>
   <div class='ocr_carea' id='block_1_23' title="bbox 347 1808 2001 1900">
    <p class='ocr_par' dir='ltr' id='par_1_23' title="bbox 347 1808 2001 1900">
     <span class='ocr_line' id='line_1_23' title="bbox 347 1808 2001 1900; baseline -0.005 -16"><span class='ocrx_word' id='word_1_151' title='bbox 347 1830 475 1900; x_wconf 85' lang='grc' dir='ltr'>ροὺς</span> <span class='ocrx_word' id='word_1_152' title='bbox 522 1827 662 1883; x_wconf 77' lang='grc' dir='ltr'>εῖναι</span> <span class='ocrx_word' id='word_1_153' title='bbox 720 1829 1222 1900; x_wconf 79' lang='grc' dir='ltr'>καταλογιζόμενοι,</span> <span class='ocrx_word' id='word_1_154' title='bbox 1284 1825 1652 1899; x_wconf 84' lang='grc' dir='ltr'>προτεινέσθω</span> <span class='ocrx_word' id='word_1_155' title='bbox 1697 1825 1793 1878; x_wconf 83' lang='grc' dir='ltr'>καὶ</span> <span class='ocrx_word' id='word_1_156' title='bbox 1831 1821 1924 1876; x_wconf 82' lang='grc' dir='ltr'>οῦ·</span> <span class='ocrx_word' id='word_1_157' title='bbox 1955 1808 2001 1868; x_wconf 81' lang='grc' dir='ltr'><strong>Β</strong></span> 
     </span>
    </p>
   </div>
   <div class='ocr_carea' id='block_1_24' title="bbox 343 1915 1924 1990">
    <p class='ocr_par' dir='ltr' id='par_1_24' title="bbox 343 1915 1924 1990">
     <span class='ocr_line' id='line_1_24' title="bbox 343 1915 1924 1990; baseline -0.004 -16"><span class='ocrx_word' id='word_1_158' title='bbox 343 1939 452 1984; x_wconf 85' lang='grc' dir='ltr'><strong>τως</strong></span> <span class='ocrx_word' id='word_1_159' title='bbox 482 1923 667 1985; x_wconf 82' lang='grc' dir='ltr'>αὐτοῖς</span> <span class='ocrx_word' id='word_1_160' title='bbox 698 1923 727 1974; x_wconf 85' lang='grc' dir='ltr'>ὁ</span> <span class='ocrx_word' id='word_1_161' title='bbox 754 1922 883 1990; x_wconf 86' lang='grc' dir='ltr'>παρ’</span> <span class='ocrx_word' id='word_1_162' title='bbox 917 1921 1070 1990; x_wconf 87' lang='grc' dir='ltr'>ὑμῶν</span> <span class='ocrx_word' id='word_1_163' title='bbox 1111 1919 1286 1988; x_wconf 81' lang='grc' dir='ltr'>λόγος,</span> <span class='ocrx_word' id='word_1_164' title='bbox 1335 1917 1432 1972; x_wconf 79' lang='grc' dir='ltr'>καὶ</span> <span class='ocrx_word' id='word_1_165' title='bbox 1475 1919 1534 1971; x_wconf 86' lang='grc' dir='ltr'><strong>ἐν</strong></span> <span class='ocrx_word' id='word_1_166' title='bbox 1570 1915 1722 1980; x_wconf 82' lang='grc' dir='ltr'>τάξει</span> <span class='ocrx_word' id='word_1_167' title='bbox 1755 1931 1924 1968; x_wconf 89' lang='grc' dir='ltr'>κατα-</span> 
     </span>
    </p>
   </div>
   <div class='ocr_carea' id='block_1_25' title="bbox 342 2007 1926 2081">
    <p class='ocr_par' dir='ltr' id='par_1_25' title="bbox 342 2007 1926 2081">
     <span class='ocr_line' id='line_1_25' title="bbox 342 2007 1926 2081; baseline -0.005 -14"><span class='ocrx_word' id='word_1_168' title='bbox 342 2012 747 2081; x_wconf 75' lang='grc' dir='ltr'>λογιζέσθωσαν</span> <span class='ocrx_word' id='word_1_169' title='bbox 777 2011 1040 2080; x_wconf 87' lang='grc' dir='ltr'>ἀδελφῶν,</span> <span class='ocrx_word' id='word_1_170' title='bbox 1097 2011 1184 2065; x_wconf 81' lang='grc' dir='ltr'>ἵνα</span> <span class='ocrx_word' id='word_1_171' title='bbox 1219 2010 1282 2063; x_wconf 85' lang='grc' dir='ltr'><strong>τὺ</strong></span> <span class='ocrx_word' id='word_1_172' title='bbox 1317 2009 1487 2080; x_wconf 74' lang='grc' dir='ltr'>ὄνομα</span> <span class='ocrx_word' id='word_1_173' title='bbox 1518 2008 1726 2079; x_wconf 84' lang='grc' dir='ltr'>Κυρίου</span> <span class='ocrx_word' id='word_1_174' title='bbox 1767 2007 1926 2073; x_wconf 61' lang='grc' dir='ltr'>δοξαν</span> 
     </span>
    </p>
   </div>
   <div class='ocr_carea' id='block_1_26' title="bbox 346 2097 1928 2170">
    <p class='ocr_par' dir='ltr' id='par_1_26' title="bbox 346 2097 1928 2170">
     <span class='ocr_line' id='line_1_26' title="bbox 346 2097 1928 2170; baseline -0.003 -17"><span class='ocrx_word' id='word_1_175' title='bbox 346 2099 469 2169; x_wconf 87' lang='grc' dir='ltr'>σθῇ.</span> <span class='ocrx_word' id='word_1_176' title='bbox 506 2118 526 2151; x_wconf 79' lang='grc' dir='ltr'><strong>ι</strong></span> <span class='ocrx_word' id='word_1_177' title='bbox 559 2099 962 2170; x_wconf 89' lang='grc' dir='ltr'>Σεσαγήνευται</span> <span class='ocrx_word' id='word_1_178' title='bbox 1011 2099 1122 2170; x_wconf 82' lang='grc' dir='ltr'><strong>γὰρ</strong></span> <span class='ocrx_word' id='word_1_179' title='bbox 1160 2097 1269 2152; x_wconf 85' lang='grc' dir='ltr'><strong>τῶν</strong></span> <span class='ocrx_word' id='word_1_180' title='bbox 1299 2097 1467 2153; x_wconf 86' lang='grc' dir='ltr'>ἐθνῶν</span> <span class='ocrx_word' id='word_1_181' title='bbox 1513 2099 1546 2168; x_wconf 82' lang='grc' dir='ltr'><strong>ἡ</strong></span> <span class='ocrx_word' id='word_1_182' title='bbox 1594 2097 1802 2168; x_wconf 55' lang='grc' dir='ltr'>πληθύς</span> <span class='ocrx_word' id='word_1_183' title='bbox 1847 2097 1928 2160; x_wconf 87' lang='grc' dir='ltr'><strong>είς</strong></span> 
     </span>
    </p>
   </div>
   <div class='ocr_carea' id='block_1_27' title="bbox 344 2189 1928 2270">
    <p class='ocr_par' dir='ltr' id='par_1_27' title="bbox 344 2189 1928 2270">
     <span class='ocr_line' id='line_1_27' title="bbox 344 2189 1928 2270; baseline 0 -28"><span class='ocrx_word' id='word_1_184' title='bbox 344 2189 498 2254; x_wconf 82' lang='grc' dir='ltr'>δόξαν</span> <span class='ocrx_word' id='word_1_185' title='bbox 528 2190 766 2262; x_wconf 82' lang='grc' dir='ltr'>Χριστοῦ</span> <span class='ocrx_word' id='word_1_186' title='bbox 792 2232 806 2256; x_wconf 94' lang='grc'><strong>,</strong></span> <span class='ocrx_word' id='word_1_187' title='bbox 844 2193 939 2245; x_wconf 76' lang='grc' dir='ltr'>καὶ</span> <span class='ocrx_word' id='word_1_188' title='bbox 987 2191 1211 2270; x_wconf 83' lang='grc' dir='ltr'>γέγονεν</span> <span class='ocrx_word' id='word_1_189' title='bbox 1251 2189 1501 2258; x_wconf 84' lang='grc' dir='ltr'>ἐμφανὴς</span> <span class='ocrx_word' id='word_1_190' title='bbox 1537 2191 1594 2241; x_wconf 91' lang='grc' dir='ltr'><strong>ἐν</strong></span> <span class='ocrx_word' id='word_1_191' title='bbox 1624 2191 1691 2260; x_wconf 78' lang='grc' dir='ltr'>τῇ</span> <span class='ocrx_word' id='word_1_192' title='bbox 1731 2189 1928 2260; x_wconf 83' lang='grc' dir='ltr'>εὐφρο-</span> 
     </span>
    </p>
   </div>
   <div class='ocr_carea' id='block_1_28' title="bbox 349 2277 1926 2352">
    <p class='ocr_par' dir='ltr' id='par_1_28' title="bbox 349 2277 1926 2352">
     <span class='ocr_line' id='line_1_28' title="bbox 349 2277 1926 2352; baseline -0.001 -19"><span class='ocrx_word' id='word_1_193' title='bbox 349 2279 483 2352; x_wconf 78' lang='grc' dir='ltr'>σύνῃ</span> <span class='ocrx_word' id='word_1_194' title='bbox 527 2280 738 2333; x_wconf 85' lang='grc' dir='ltr'>αὐτῶν·</span> <span class='ocrx_word' id='word_1_195' title='bbox 790 2280 1232 2352; x_wconf 79' lang='grc' dir='ltr'>εὐφραινομένων</span> <span class='ocrx_word' id='word_1_196' title='bbox 1257 2279 1367 2350; x_wconf 88' lang='grc' dir='ltr'>γὰρ</span> <span class='ocrx_word' id='word_1_197' title='bbox 1395 2278 1504 2331; x_wconf 87' lang='grc' dir='ltr'><strong>τῶν</strong></span> <span class='ocrx_word' id='word_1_198' title='bbox 1537 2277 1704 2331; x_wconf 88' lang='grc' dir='ltr'>ἐθνῶν</span> <span class='ocrx_word' id='word_1_199' title='bbox 1742 2278 1835 2332; x_wconf 78' lang='grc' dir='ltr'>ἐπὶ</span> <span class='ocrx_word' id='word_1_200' title='bbox 1859 2280 1926 2348; x_wconf 84' lang='grc' dir='ltr'>τῇ</span> 
     </span>
    </p>
   </div>
   <div class='ocr_carea' id='block_1_29' title="bbox 347 2367 1930 2441">
    <p class='ocr_par' dir='ltr' id='par_1_29' title="bbox 347 2367 1930 2441">
     <span class='ocr_line' id='line_1_29' title="bbox 347 2367 1930 2441; baseline -0.001 -17"><span class='ocrx_word' id='word_1_201' title='bbox 347 2371 480 2441; x_wconf 87' lang='grc' dir='ltr'>παρ’</span> <span class='ocrx_word' id='word_1_202' title='bbox 511 2369 678 2423; x_wconf 83' lang='grc' dir='ltr'>αὑτοῦ</span> <span class='ocrx_word' id='word_1_203' title='bbox 724 2370 907 2441; x_wconf 88' lang='grc' dir='ltr'>χάριτι</span> <span class='ocrx_word' id='word_1_204' title='bbox 941 2371 1036 2423; x_wconf 63' lang='grc' dir='ltr'><strong>καλ⁴</strong></span> <span class='ocrx_word' id='word_1_205' title='bbox 1079 2370 1359 2440; x_wconf 77' lang='grc' dir='ltr'>σωτηρίᾳ,</span> <span class='ocrx_word' id='word_1_206' title='bbox 1392 2367 1842 2440; x_wconf 83' lang='grc' dir='ltr'>κατῃσχύνθησαν</span> <span class='ocrx_word' id='word_1_207' title='bbox 1879 2371 1930 2422; x_wconf 85' lang='grc' dir='ltr'>οἱ</span> 
     </span>
    </p>
   </div>
   <div class='ocr_carea' id='block_1_30' title="bbox 347 2461 1931 2532">
    <p class='ocr_par' dir='ltr' id='par_1_30' title="bbox 347 2461 1931 2532">
     <span class='ocr_line' id='line_1_30' title="bbox 347 2461 1931 2532; baseline -0.001 -18"><span class='ocrx_word' id='word_1_208' title='bbox 347 2461 410 2525; x_wconf 78' lang='grc' dir='ltr'>ἐξ</span> <span class='ocrx_word' id='word_1_209' title='bbox 469 2461 685 2532; x_wconf 82' lang='grc' dir='ltr'>Ἰσραὴλ</span> <span class='ocrx_word' id='word_1_210' title='bbox 738 2461 814 2524; x_wconf 83' lang='grc' dir='ltr'><strong>ὡς</strong></span> <span class='ocrx_word' id='word_1_211' title='bbox 871 2461 1192 2531; x_wconf 77' lang='grc' dir='ltr'>ἀπόϐλητοι,</span> <span class='ocrx_word' id='word_1_212' title='bbox 1239 2461 1334 2514; x_wconf 78' lang='grc' dir='ltr'>καὶ</span> <span class='ocrx_word' id='word_1_213' title='bbox 1385 2461 1774 2530; x_wconf 87' lang='grc' dir='ltr'>μεμισημένοι,</span> <span class='ocrx_word' id='word_1_214' title='bbox 1835 2461 1931 2514; x_wconf 62' lang='grc' dir='ltr'><strong>καλ⁵</strong></span> 
     </span>
    </p>
   </div>
   <div class='ocr_carea' id='block_1_31' title="bbox 348 2551 1932 2625">
    <p class='ocr_par' dir='ltr' id='par_1_31' title="bbox 348 2551 1932 2625">
     <span class='ocr_line' id='line_1_31' title="bbox 348 2551 1932 2625; baseline -0.001 -17"><span class='ocrx_word' id='word_1_215' title='bbox 348 2552 607 2625; x_wconf 73' lang='grc' dir='ltr'>ἀμέτοχοι</span> <span class='ocrx_word' id='word_1_216' title='bbox 641 2552 920 2616; x_wconf 84' lang='grc' dir='ltr'>παντελῶς</span> <span class='ocrx_word' id='word_1_217' title='bbox 955 2553 1059 2622; x_wconf 83' lang='grc' dir='ltr'>τῆς</span> <span class='ocrx_word' id='word_1_218' title='bbox 1096 2551 1204 2605; x_wconf 88' lang='grc' dir='ltr'><strong>τῶν</strong></span> <span class='ocrx_word' id='word_1_219' title='bbox 1232 2552 1406 2620; x_wconf 81' lang='grc' dir='ltr'>ἁγίων</span> <span class='ocrx_word' id='word_1_220' title='bbox 1438 2551 1675 2616; x_wconf 85' lang='grc' dir='ltr'>ἐλπίδος,</span> <span class='ocrx_word' id='word_1_221' title='bbox 1696 2553 1794 2606; x_wconf 75' lang='grc' dir='ltr'>καὶ</span> <span class='ocrx_word' id='word_1_222' title='bbox 1822 2553 1932 2606; x_wconf 88' lang='grc' dir='ltr'><strong>τῶν</strong></span> 
     </span>
    </p>
   </div>
   <div class='ocr_carea' id='block_1_32' title="bbox 351 2641 1928 2718">
    <p class='ocr_par' dir='ltr' id='par_1_32' title="bbox 351 2641 1928 2718">
     <span class='ocr_line' id='line_1_32' title="bbox 351 2641 1928 2718; baseline -0.002 -18"><span class='ocrx_word' id='word_1_223' title='bbox 351 2648 484 2718; x_wconf 85' lang='grc' dir='ltr'>παρ’</span> <span class='ocrx_word' id='word_1_224' title='bbox 510 2645 677 2700; x_wconf 82' lang='grc' dir='ltr'>αὐτοῦ</span> <span class='ocrx_word' id='word_1_225' title='bbox 704 2643 1096 2717; x_wconf 87' lang='grc' dir='ltr'>δεδωρημένων</span> <span class='ocrx_word' id='word_1_226' title='bbox 1120 2645 1232 2707; x_wconf 64' lang='grc' dir='ltr'>τοῖς</span> <span class='ocrx_word' id='word_1_227' title='bbox 1264 2641 1609 2697; x_wconf 83' lang='grc' dir='ltr'>πιστεύουσιν</span> <span class='ocrx_word' id='word_1_228' title='bbox 1634 2645 1713 2707; x_wconf 79' lang='grc' dir='ltr'>εἰς</span> <span class='ocrx_word' id='word_1_229' title='bbox 1743 2642 1928 2697; x_wconf 83' lang='grc' dir='ltr'>αὐτόν·</span> 
     </span>
    </p>
   </div>
   <div class='ocr_carea' id='block_1_33' title="bbox 352 2733 1930 2806">
    <p class='ocr_par' dir='ltr' id='par_1_33' title="bbox 352 2733 1930 2806">
     <span class='ocr_line' id='line_1_33' title="bbox 352 2733 1930 2806; baseline -0.003 -14"><span class='ocrx_word' id='word_1_230' title='bbox 352 2739 555 2795; x_wconf 77' lang='grc' dir='ltr'>ειδέναι</span> <span class='ocrx_word' id='word_1_231' title='bbox 589 2737 646 2791; x_wconf 81' lang='grc' dir='ltr'>δὲ</span> <span class='ocrx_word' id='word_1_232' title='bbox 677 2737 999 2805; x_wconf 88' lang='grc' dir='ltr'>ἀναγκαῖον,</span> <span class='ocrx_word' id='word_1_233' title='bbox 1045 2735 1127 2787; x_wconf 82' lang='grc' dir='ltr'>ὅτι</span> <span class='ocrx_word' id='word_1_234' title='bbox 1173 2733 1405 2804; x_wconf 83' lang='grc' dir='ltr'>νομικὴν</span> <span class='ocrx_word' id='word_1_235' title='bbox 1436 2733 1658 2787; x_wconf 85' lang='grc' dir='ltr'>λέλυκεν</span> <span class='ocrx_word' id='word_1_236' title='bbox 1688 2734 1930 2806; x_wconf 83' lang='grc' dir='ltr'>ἐντολὴν,</span> 
     </span>
    </p>
   </div>
   <div class='ocr_carea' id='block_1_34' title="bbox 353 2822 1933 2898">
    <p class='ocr_par' dir='ltr' id='par_1_34' title="bbox 353 2822 1933 2898">
     <span class='ocr_line' id='line_1_34' title="bbox 353 2822 1933 2898; baseline -0.002 -16"><span class='ocrx_word' id='word_1_237' title='bbox 353 2829 616 2898; x_wconf 73' lang='grc' dir='ltr'>ἀδελφοὺς</span> <span class='ocrx_word' id='word_1_238' title='bbox 642 2827 934 2898; x_wconf 78' lang='grc' dir='ltr'>ὀνομάζειν</span> <span class='ocrx_word' id='word_1_239' title='bbox 966 2824 1230 2888; x_wconf 85' lang='grc' dir='ltr'>κελεύσας</span> <span class='ocrx_word' id='word_1_240' title='bbox 1254 2826 1384 2889; x_wconf 86' lang='grc' dir='ltr'>τοὺς</span> <span class='ocrx_word' id='word_1_241' title='bbox 1410 2824 1472 2889; x_wconf 75' lang='grc' dir='ltr'>ἐξ</span> <span class='ocrx_word' id='word_1_242' title='bbox 1505 2824 1700 2879; x_wconf 87' lang='grc' dir='ltr'>ἐθνῶν.</span> <span class='ocrx_word' id='word_1_243' title='bbox 1747 2822 1933 2879; x_wconf 84' lang='grc' dir='ltr'>Ἀπεί-</span> 
     </span>
    </p>
   </div>
   <div class='ocr_carea' id='block_1_35' title="bbox 355 2915 1934 2993">
    <p class='ocr_par' dir='ltr' id='par_1_35' title="bbox 355 2915 1934 2993">
     <span class='ocr_line' id='line_1_35' title="bbox 355 2915 1934 2993; baseline -0.001 -20"><span class='ocrx_word' id='word_1_244' title='bbox 355 2936 490 2993; x_wconf 86' lang='grc' dir='ltr'>ρητο</span> <span class='ocrx_word' id='word_1_245' title='bbox 520 2919 630 2990; x_wconf 81' lang='grc' dir='ltr'>γὰρ</span> <span class='ocrx_word' id='word_1_246' title='bbox 654 2921 766 2982; x_wconf 82' lang='grc' dir='ltr'>τοῖς</span> <span class='ocrx_word' id='word_1_247' title='bbox 794 2918 853 2985; x_wconf 81' lang='grc' dir='ltr'>ἐξ</span> <span class='ocrx_word' id='word_1_248' title='bbox 894 2917 1113 2989; x_wconf 84' lang='grc' dir='ltr'>Ἰσραὴλ</span> <span class='ocrx_word' id='word_1_249' title='bbox 1137 2917 1197 2970; x_wconf 71' lang='grc' dir='ltr'>τὸ</span> <span class='ocrx_word' id='word_1_250' title='bbox 1226 2915 1728 2970; x_wconf 84' lang='grc' dir='ltr'>συναναπλέκεσθαι</span> <span class='ocrx_word' id='word_1_251' title='bbox 1756 2917 1934 2987; x_wconf 84' lang='grc' dir='ltr'>φιλεῖν</span> 
     </span>
    </p>
   </div>
   <div class='ocr_carea' id='block_1_36' title="bbox 353 3008 1935 3083">
    <p class='ocr_par' dir='ltr' id='par_1_36' title="bbox 353 3008 1935 3083">
     <span class='ocr_line' id='line_1_36' title="bbox 353 3008 1935 3083; baseline -0.002 -18"><span class='ocrx_word' id='word_1_252' title='bbox 353 3014 466 3075; x_wconf 84' lang='grc' dir='ltr'>τοῖς</span> <span class='ocrx_word' id='word_1_253' title='bbox 492 3010 950 3083; x_wconf 83' lang='grc' dir='ltr'>πεπλανημένοις.</span> <span class='ocrx_word' id='word_1_254' title='bbox 988 3030 1006 3061; x_wconf 88' lang='lat' dir='ltr'><strong>t</strong></span> <span class='ocrx_word' id='word_1_255' title='bbox 1039 3010 1116 3063; x_wconf 85' lang='grc' dir='ltr'><strong>Οὐ</strong></span> <span class='ocrx_word' id='word_1_256' title='bbox 1145 3009 1254 3080; x_wconf 85' lang='grc' dir='ltr'><strong>γὰρ</strong></span> <span class='ocrx_word' id='word_1_257' title='bbox 1278 3008 1536 3080; x_wconf 82' lang='grc' dir='ltr'>λαλήσεις</span> <span class='ocrx_word' id='word_1_258' title='bbox 1566 3011 1752 3074; x_wconf 85' lang='grc' dir='ltr'>αὐτοῖς</span> <span class='ocrx_word' id='word_1_259' title='bbox 1779 3010 1935 3082; x_wconf 85' lang='grc' dir='ltr'>είρη-</span> 
     </span>
    </p>
   </div>
   <div class='ocr_carea' id='block_1_37' title="bbox 2019 831 3596 898">
    <p class='ocr_par' dir='ltr' id='par_1_37' title="bbox 2019 831 3596 898">
     <span class='ocr_line' id='line_1_37' title="bbox 2019 831 3596 898; baseline 0.001 -14"><span class='ocrx_word' id='word_1_260' title='bbox 2019 831 2177 885; x_wconf 89' lang='lat' dir='ltr'><strong>mites</strong></span> <span class='ocrx_word' id='word_1_261' title='bbox 2217 840 2406 886; x_wconf 86' lang='lat' dir='ltr'><strong>esseet</strong></span> <span class='ocrx_word' id='word_1_262' title='bbox 2433 831 2696 886; x_wconf 87' lang='lat' dir='ltr'><strong>malorum</strong></span> <span class='ocrx_word' id='word_1_263' title='bbox 2742 831 3060 898; x_wconf 87' lang='lat' dir='ltr'><strong>tolerantes,</strong></span> <span class='ocrx_word' id='word_1_264' title='bbox 3081 832 3376 886; x_wconf 87' lang='lat' dir='ltr'><strong>secundum</strong></span> <span class='ocrx_word' id='word_1_265' title='bbox 3424 835 3596 886; x_wconf 81' lang='lat' dir='ltr'><strong>tradi-</strong></span> 
     </span>
    </p>
   </div>
   <div class='ocr_carea' id='block_1_38' title="bbox 2019 923 3596 994">
    <p class='ocr_par' dir='ltr' id='par_1_38' title="bbox 2019 923 3596 994">
     <span class='ocr_line' id='line_1_38' title="bbox 2019 923 3596 994; baseline 0.002 -18"><span class='ocrx_word' id='word_1_266' title='bbox 2019 923 2196 978; x_wconf 84' lang='lat' dir='ltr'><strong>tiones</strong></span> <span class='ocrx_word' id='word_1_267' title='bbox 2233 923 2594 994; x_wconf 80' lang='lat' dir='ltr'><strong>evangelicas,</strong></span> <span class='ocrx_word' id='word_1_268' title='bbox 2645 929 2701 976; x_wconf 89' lang='lat' dir='ltr'><strong>et</strong></span> <span class='ocrx_word' id='word_1_269' title='bbox 2761 937 2972 978; x_wconf 89' lang='lat' dir='ltr'><strong>summa</strong></span> <span class='ocrx_word' id='word_1_270' title='bbox 3027 924 3303 992; x_wconf 84' lang='lat' dir='ltr'><strong>patientia,</strong></span> <span class='ocrx_word' id='word_1_271' title='bbox 3339 925 3408 978; x_wconf 88' lang='lat' dir='ltr'><strong>ad</strong></span> <span class='ocrx_word' id='word_1_272' title='bbox 3433 924 3596 994; x_wconf 87' lang='lat' dir='ltr'><strong>spiri-</strong></span> 
     </span>
    </p>
   </div>
   <div class='ocr_carea' id='block_1_39' title="bbox 2019 1013 3596 1085">
    <p class='ocr_par' dir='ltr' id='par_1_39' title="bbox 2019 1013 3596 1085">
     <span class='ocr_line' id='line_1_39' title="bbox 2019 1013 3596 1085; baseline 0.001 -16"><span class='ocrx_word' id='word_1_273' title='bbox 2019 1015 2219 1069; x_wconf 87' lang='lat' dir='ltr'><strong>tualem</strong></span> <span class='ocrx_word' id='word_1_274' title='bbox 2257 1016 2691 1084; x_wconf 76' lang='lat' dir='ltr'><strong>coniunctionem</strong></span> <span class='ocrx_word' id='word_1_275' title='bbox 2716 1013 2963 1070; x_wconf 88' lang='lat' dir='ltr'><strong>inescare</strong></span> <span class='ocrx_word' id='word_1_276' title='bbox 2992 1030 3086 1070; x_wconf 88' lang='lat' dir='ltr'><strong>eos</strong></span> <span class='ocrx_word' id='word_1_277' title='bbox 3131 1017 3221 1085; x_wconf 90' lang='lat' dir='ltr'><strong>qui</strong></span> <span class='ocrx_word' id='word_1_278' title='bbox 3265 1027 3500 1071; x_wconf 86' lang='lat' dir='ltr'><strong>renuunt</strong></span> <span class='ocrx_word' id='word_1_279' title='bbox 3543 1027 3596 1072; x_wconf 91' lang='lat' dir='ltr'><strong>et</strong></span> 
     </span>
    </p>
   </div>
   <div class='ocr_carea' id='block_1_40' title="bbox 2020 1105 3598 1174">
    <p class='ocr_par' dir='ltr' id='par_1_40' title="bbox 2020 1105 3598 1174">
     <span class='ocr_line' id='line_1_40' title="bbox 2020 1105 3598 1174; baseline 0.003 -16"><span class='ocrx_word' id='word_1_280' title='bbox 2020 1105 2295 1174; x_wconf 84' lang='lat' dir='ltr'><strong>refugiunt</strong></span> <span class='ocrx_word' id='word_1_281' title='bbox 2345 1105 2584 1174; x_wconf 80' lang='lat' dir='ltr'><strong>ipsorum</strong></span> <span class='ocrx_word' id='word_1_282' title='bbox 2642 1107 2985 1173; x_wconf 85' lang='lat' dir='ltr'><strong>sotlalitinm;</strong></span> <span class='ocrx_word' id='word_1_283' title='bbox 3039 1114 3132 1162; x_wconf 83' lang='lat' dir='ltr'><strong>aut</strong></span> <span class='ocrx_word' id='word_1_284' title='bbox 3167 1107 3294 1161; x_wconf 92' lang='lat' dir='ltr'><strong>illud</strong></span> <span class='ocrx_word' id='word_1_285' title='bbox 3352 1107 3598 1162; x_wconf 80' lang='lat' dir='ltr'><strong>fortassis</strong></span> 
     </span>
    </p>
   </div>
   <div class='ocr_carea' id='block_1_41' title="bbox 2021 1195 3598 1268">
    <p class='ocr_par' dir='ltr' id='par_1_41' title="bbox 2021 1195 3598 1268">
     <span class='ocr_line' id='line_1_41' title="bbox 2021 1195 3598 1268; baseline 0.001 -20"><span class='ocrx_word' id='word_1_286' title='bbox 2021 1197 2241 1250; x_wconf 82' lang='lat' dir='ltr'><strong>mandat</strong></span> <span class='ocrx_word' id='word_1_287' title='bbox 2264 1205 2323 1250; x_wconf 96' lang='lat' dir='ltr'><strong>ut</strong></span> <span class='ocrx_word' id='word_1_288' title='bbox 2347 1197 2661 1265; x_wconf 68' lang='lat' dir='ltr'><strong>praedicent,</strong></span> <span class='ocrx_word' id='word_1_289' title='bbox 2687 1199 2882 1268; x_wconf 86' lang='lat' dir='ltr'><strong>inquit,</strong></span> <span class='ocrx_word' id='word_1_290' title='bbox 2914 1197 3184 1267; x_wconf 74' lang='lat' dir='ltr'><strong>gentibus,</strong></span> <span class='ocrx_word' id='word_1_291' title='bbox 3213 1207 3269 1252; x_wconf 92' lang='lat' dir='ltr'><strong>et</strong></span> <span class='ocrx_word' id='word_1_292' title='bbox 3292 1207 3484 1252; x_wconf 89' lang='lat' dir='ltr'><strong>vocent</strong></span> <span class='ocrx_word' id='word_1_293' title='bbox 3529 1195 3598 1251; x_wconf 82' lang='lat' dir='ltr'><strong>atl</strong></span> 
     </span>
    </p>
   </div>
   <div class='ocr_carea' id='block_1_42' title="bbox 2021 1285 3602 1357">
    <p class='ocr_par' dir='ltr' id='par_1_42' title="bbox 2021 1285 3602 1357">
     <span class='ocr_line' id='line_1_42' title="bbox 2021 1285 3602 1357; baseline 0.003 -21"><span class='ocrx_word' id='word_1_294' title='bbox 2021 1299 2202 1338; x_wconf 84' lang='lat' dir='ltr'><strong>veram</strong></span> <span class='ocrx_word' id='word_1_295' title='bbox 2239 1285 2333 1339; x_wconf 88' lang='lat' dir='ltr'><strong>Dei</strong></span> <span class='ocrx_word' id='word_1_296' title='bbox 2356 1286 2715 1355; x_wconf 80' lang='lat' dir='ltr'><strong>cognitionem</strong></span> <span class='ocrx_word' id='word_1_297' title='bbox 2739 1303 2832 1342; x_wconf 90' lang='lat' dir='ltr'><strong>eos</strong></span> <span class='ocrx_word' id='word_1_298' title='bbox 2864 1287 2956 1357; x_wconf 91' lang='lat' dir='ltr'><strong>qui</strong></span> <span class='ocrx_word' id='word_1_299' title='bbox 2993 1295 3335 1348; x_wconf 85' lang='lat' dir='ltr'><strong>erraverunt,</strong></span> <span class='ocrx_word' id='word_1_300' title='bbox 3360 1285 3602 1341; x_wconf 69' lang='lat' dir='ltr'><strong>Iudaeos-</strong></span> 
     </span>
    </p>
   </div>
   <div class='ocr_carea' id='block_1_43' title="bbox 2021 1374 3604 1444">
    <p class='ocr_par' dir='ltr' id='par_1_43' title="bbox 2021 1374 3604 1444">
     <span class='ocr_line' id='line_1_43' title="bbox 2021 1374 3604 1444; baseline -0.001 -18"><span class='ocrx_word' id='word_1_301' title='bbox 2021 1389 2128 1444; x_wconf 90' lang='lat' dir='ltr'><strong>qne</strong></span> <span class='ocrx_word' id='word_1_302' title='bbox 2192 1374 2594 1430; x_wconf 89' lang='lat' dir='ltr'><strong>immundorum</strong></span> <span class='ocrx_word' id='word_1_303' title='bbox 2657 1376 2946 1444; x_wconf 84' lang='lat' dir='ltr'><strong>spirituum</strong></span> <span class='ocrx_word' id='word_1_304' title='bbox 3005 1374 3281 1440; x_wconf 88' lang='lat' dir='ltr'><strong>cultores;</strong></span> <span class='ocrx_word' id='word_1_305' title='bbox 3321 1374 3448 1443; x_wconf 84' lang='lat' dir='ltr'><strong>quia</strong></span> <span class='ocrx_word' id='word_1_306' title='bbox 3493 1388 3604 1428; x_wconf 81' lang='lat' dir='ltr'><strong>non</strong></span> 
     </span>
    </p>
   </div>
   <div class='ocr_carea' id='block_1_44' title="bbox 2027 1465 3604 1534">
    <p class='ocr_par' dir='ltr' id='par_1_44' title="bbox 2027 1465 3604 1534">
     <span class='ocr_line' id='line_1_44' title="bbox 2027 1465 3604 1534; baseline -0.001 -14"><span class='ocrx_word' id='word_1_307' title='bbox 2027 1467 2102 1531; x_wconf 90' lang='lat' dir='ltr'><strong>bi,</strong></span> <span class='ocrx_word' id='word_1_308' title='bbox 2132 1473 2191 1520; x_wconf 94' lang='lat' dir='ltr'><strong>ut</strong></span> <span class='ocrx_word' id='word_1_309' title='bbox 2214 1465 2286 1520; x_wconf 91' lang='lat' dir='ltr'><strong>illi</strong></span> <span class='ocrx_word' id='word_1_310' title='bbox 2321 1466 2614 1520; x_wconf 88' lang='lat' dir='ltr'><strong>multorum</strong></span> <span class='ocrx_word' id='word_1_311' title='bbox 2639 1468 2862 1522; x_wconf 84' lang='lat' dir='ltr'><strong>deorum</strong></span> <span class='ocrx_word' id='word_1_312' title='bbox 2887 1467 3091 1522; x_wconf 90' lang='lat' dir='ltr'><strong>cultum</strong></span> <span class='ocrx_word' id='word_1_313' title='bbox 3120 1474 3467 1534; x_wconf 82' lang='lat' dir='ltr'><strong>receperunt,</strong></span> <span class='ocrx_word' id='word_1_314' title='bbox 3509 1465 3604 1520; x_wconf 70' lang='lat' dir='ltr'><strong>sed</strong></span> 
     </span>
    </p>
   </div>
   <div class='ocr_carea' id='block_1_45' title="bbox 2025 1553 3607 1614">
    <p class='ocr_par' dir='ltr' id='par_1_45' title="bbox 2025 1553 3607 1614">
     <span class='ocr_line' id='line_1_45' title="bbox 2025 1553 3607 1614; baseline 0.001 -4"><span class='ocrx_word' id='word_1_315' title='bbox 2025 1572 2190 1611; x_wconf 91' lang='lat' dir='ltr'><strong>unum</strong></span> <span class='ocrx_word' id='word_1_316' title='bbox 2214 1566 2271 1611; x_wconf 90' lang='lat' dir='ltr'><strong>et</strong></span> <span class='ocrx_word' id='word_1_317' title='bbox 2291 1566 2482 1612; x_wconf 90' lang='lat' dir='ltr'><strong>natura</strong></span> <span class='ocrx_word' id='word_1_318' title='bbox 2507 1572 2573 1612; x_wconf 87' lang='lat' dir='ltr'><strong>ac</strong></span> <span class='ocrx_word' id='word_1_319' title='bbox 2614 1559 2788 1614; x_wconf 87' lang='lat' dir='ltr'><strong>solum</strong></span> <span class='ocrx_word' id='word_1_320' title='bbox 2819 1559 2985 1614; x_wconf 91' lang='lat' dir='ltr'><strong>Deum</strong></span> <span class='ocrx_word' id='word_1_321' title='bbox 3035 1557 3270 1613; x_wconf 83' lang='lat' dir='ltr'><strong>confessi</strong></span> <span class='ocrx_word' id='word_1_322' title='bbox 3298 1565 3442 1613; x_wconf 88' lang='lat' dir='ltr'><strong>sunt.</strong></span> <span class='ocrx_word' id='word_1_323' title='bbox 3498 1553 3607 1612; x_wconf 79' lang='lat' dir='ltr'><strong>Sed</strong></span> 
     </span>
    </p>
   </div>
   <div class='ocr_carea' id='block_1_46' title="bbox 2027 1649 3608 1721">
    <p class='ocr_par' dir='ltr' id='par_1_46' title="bbox 2027 1649 3608 1721">
     <span class='ocr_line' id='line_1_46' title="bbox 2027 1649 3608 1721; baseline -0.001 -19"><span class='ocrx_word' id='word_1_324' title='bbox 2027 1649 2263 1713; x_wconf 87' lang='lat' dir='ltr'><strong>etiamsi.</strong></span> <span class='ocrx_word' id='word_1_325' title='bbox 2303 1649 2498 1719; x_wconf 90' lang='lat' dir='ltr'><strong>inquit,</strong></span> <span class='ocrx_word' id='word_1_326' title='bbox 2527 1669 2547 1703; x_wconf 75' lang='grc' dir='ltr'><strong>ι</strong></span> <span class='ocrx_word' id='word_1_327' title='bbox 2581 1651 2708 1707; x_wconf 92' lang='lat' dir='ltr'><strong>odio</strong></span> <span class='ocrx_word' id='word_1_328' title='bbox 2735 1661 3137 1721; x_wconf 84' lang='lat' dir='ltr'><strong>prosequantur</strong></span> <span class='ocrx_word' id='word_1_329' title='bbox 3163 1664 3282 1715; x_wconf 90' lang='lat' dir='ltr'><strong>vos,</strong></span> <span class='ocrx_word' id='word_1_330' title='bbox 3304 1658 3361 1705; x_wconf 92' lang='lat' dir='ltr'><strong>et</strong></span> <span class='ocrx_word' id='word_1_331' title='bbox 3386 1649 3608 1704; x_wconf 82' lang='lat' dir='ltr'><strong>credant</strong></span> 
     </span>
    </p>
   </div>
   <div class='ocr_carea' id='block_1_47' title="bbox 2029 1736 3611 1810">
    <p class='ocr_par' dir='ltr' id='par_1_47' title="bbox 2029 1736 3611 1810">
     <span class='ocr_line' id='line_1_47' title="bbox 2029 1736 3611 1810; baseline -0.002 -17"><span class='ocrx_word' id='word_1_332' title='bbox 2029 1753 2126 1793; x_wconf 87' lang='lat' dir='ltr'><strong>vos</strong></span> <span class='ocrx_word' id='word_1_333' title='bbox 2171 1753 2293 1794; x_wconf 88' lang='lat' dir='ltr'><strong>esse</strong></span> <span class='ocrx_word' id='word_1_334' title='bbox 2344 1739 2758 1806; x_wconf 85' lang='lat' dir='ltr'><strong>abominabiles,</strong></span> <span class='ocrx_word' id='word_1_335' title='bbox 2804 1740 3112 1810; x_wconf 84' lang='lat' dir='ltr'><strong>proferatur</strong></span> <span class='ocrx_word' id='word_1_336' title='bbox 3131 1749 3310 1794; x_wconf 89' lang='lat' dir='ltr'><strong>tamen</strong></span> <span class='ocrx_word' id='word_1_337' title='bbox 3347 1738 3428 1793; x_wconf 92' lang='lat' dir='ltr'><strong>sic</strong></span> <span class='ocrx_word' id='word_1_338' title='bbox 3467 1736 3611 1805; x_wconf 83' lang='lat' dir='ltr'><strong>apud</strong></span> 
     </span>
    </p>
   </div>
   <div class='ocr_carea' id='block_1_48' title="bbox 2028 1830 3606 1895">
    <p class='ocr_par' dir='ltr' id='par_1_48' title="bbox 2028 1830 3606 1895">
     <span class='ocr_line' id='line_1_48' title="bbox 2028 1830 3606 1895; baseline -0.002 -11"><span class='ocrx_word' id='word_1_339' title='bbox 2028 1844 2122 1886; x_wconf 89' lang='lat' dir='ltr'><strong>eos</strong></span> <span class='ocrx_word' id='word_1_340' title='bbox 2153 1830 2353 1895; x_wconf 84' lang='lat' dir='ltr'><strong>oratio,</strong></span> <span class='ocrx_word' id='word_1_341' title='bbox 2409 1839 2465 1885; x_wconf 88' lang='lat' dir='ltr'><strong>et</strong></span> <span class='ocrx_word' id='word_1_342' title='bbox 2503 1831 2730 1885; x_wconf 77' lang='lat' dir='ltr'><strong>fratrum</strong></span> <span class='ocrx_word' id='word_1_343' title='bbox 2759 1831 2878 1886; x_wconf 87' lang='lat' dir='ltr'><strong>loco</strong></span> <span class='ocrx_word' id='word_1_344' title='bbox 2927 1834 3218 1894; x_wconf 86' lang='lat' dir='ltr'><strong>ducantur,</strong></span> <span class='ocrx_word' id='word_1_345' title='bbox 3292 1837 3354 1883; x_wconf 87' lang='lat' dir='ltr'><strong>ut</strong></span> <span class='ocrx_word' id='word_1_346' title='bbox 3413 1842 3606 1883; x_wconf 87' lang='lat' dir='ltr'><strong>nomen</strong></span> 
     </span>
    </p>
   </div>
   <div class='ocr_carea' id='block_1_49' title="bbox 2029 1919 3608 1990">
    <p class='ocr_par' dir='ltr' id='par_1_49' title="bbox 2029 1919 3608 1990">
     <span class='ocr_line' id='line_1_49' title="bbox 2029 1919 3608 1990; baseline -0.002 -16"><span class='ocrx_word' id='word_1_347' title='bbox 2029 1919 2241 1974; x_wconf 87' lang='lat' dir='ltr'><strong>Domini</strong></span> <span class='ocrx_word' id='word_1_348' title='bbox 2264 1920 2499 1990; x_wconf 87' lang='lat' dir='ltr'><strong>gloriose</strong></span> <span class='ocrx_word' id='word_1_349' title='bbox 2530 1921 2870 1990; x_wconf 61' lang='lat' dir='ltr'><strong>praedicetur.</strong></span> <span class='ocrx_word' id='word_1_350' title='bbox 2904 1941 2923 1972; x_wconf 75' lang='grc' dir='ltr'><strong>ι</strong></span> <span class='ocrx_word' id='word_1_351' title='bbox 2960 1921 3170 1976; x_wconf 87' lang='lat' dir='ltr'><strong>lrretita</strong></span> <span class='ocrx_word' id='word_1_352' title='bbox 3198 1921 3344 1976; x_wconf 92' lang='lat' dir='ltr'><strong>enim</strong></span> <span class='ocrx_word' id='word_1_353' title='bbox 3377 1928 3455 1978; x_wconf 88' lang='lat' dir='ltr'><strong>est</strong></span> <span class='ocrx_word' id='word_1_354' title='bbox 3474 1935 3608 1989; x_wconf 88' lang='lat' dir='ltr'><strong>gen-</strong></span> 
     </span>
    </p>
   </div>
   <div class='ocr_carea' id='block_1_50' title="bbox 2032 2009 3610 2082">
    <p class='ocr_par' dir='ltr' id='par_1_50' title="bbox 2032 2009 3610 2082">
     <span class='ocr_line' id='line_1_50' title="bbox 2032 2009 3610 2082; baseline -0.002 -18"><span class='ocrx_word' id='word_1_355' title='bbox 2032 2011 2163 2066; x_wconf 90' lang='lat' dir='ltr'><strong>tium</strong></span> <span class='ocrx_word' id='word_1_356' title='bbox 2201 2012 2488 2067; x_wconf 90' lang='lat' dir='ltr'><strong>multitudo</strong></span> <span class='ocrx_word' id='word_1_357' title='bbox 2511 2013 2574 2067; x_wconf 91' lang='lat' dir='ltr'><strong>ad</strong></span> <span class='ocrx_word' id='word_1_358' title='bbox 2603 2013 2829 2082; x_wconf 88' lang='lat' dir='ltr'><strong>gloriam</strong></span> <span class='ocrx_word' id='word_1_359' title='bbox 2854 2012 3077 2077; x_wconf 83' lang='lat' dir='ltr'><strong>Christi,</strong></span> <span class='ocrx_word' id='word_1_360' title='bbox 3112 2022 3168 2067; x_wconf 92' lang='lat' dir='ltr'><strong>et</strong></span> <span class='ocrx_word' id='word_1_361' title='bbox 3189 2012 3241 2066; x_wconf 90' lang='lat' dir='ltr'><strong>in</strong></span> <span class='ocrx_word' id='word_1_362' title='bbox 3268 2025 3453 2064; x_wconf 82' lang='lat' dir='ltr'><strong>earum</strong></span> <span class='ocrx_word' id='word_1_363' title='bbox 3475 2009 3610 2062; x_wconf 60' lang='lat' dir='ltr'><strong>laeti-</strong></span> 
     </span>
    </p>
   </div>
   <div class='ocr_carea' id='block_1_51' title="bbox 2033 2099 3602 2174">
    <p class='ocr_par' dir='ltr' id='par_1_51' title="bbox 2033 2099 3602 2174">
     <span class='ocr_line' id='line_1_51' title="bbox 2033 2099 3602 2174; baseline -0.003 -15"><span class='ocrx_word' id='word_1_364' title='bbox 2033 2104 2101 2159; x_wconf 89' lang='lat' dir='ltr'><strong>tia</strong></span> <span class='ocrx_word' id='word_1_365' title='bbox 2125 2105 2393 2174; x_wconf 88' lang='lat' dir='ltr'><strong>apparuit.</strong></span> <span class='ocrx_word' id='word_1_366' title='bbox 2413 2104 2748 2160; x_wconf 67' lang='lat' dir='ltr'><strong>Lastantibus</strong></span> <span class='ocrx_word' id='word_1_367' title='bbox 2761 2104 2904 2159; x_wconf 90' lang='lat' dir='ltr'><strong>enim</strong></span> <span class='ocrx_word' id='word_1_368' title='bbox 2939 2104 3189 2173; x_wconf 79' lang='lat' dir='ltr'><strong>gentibus</strong></span> <span class='ocrx_word' id='word_1_369' title='bbox 3213 2101 3466 2167; x_wconf 77' lang='lat' dir='ltr'><strong>degratia</strong></span> <span class='ocrx_word' id='word_1_370' title='bbox 3483 2099 3602 2165; x_wconf 80' lang='lat' dir='ltr'><strong>ejus</strong></span> 
     </span>
    </p>
   </div>
   <div class='ocr_carea' id='block_1_52' title="bbox 2030 2191 3615 2264">
    <p class='ocr_par' dir='ltr' id='par_1_52' title="bbox 2030 2191 3615 2264">
     <span class='ocr_line' id='line_1_52' title="bbox 2030 2191 3615 2264; baseline -0.004 -15"><span class='ocrx_word' id='word_1_371' title='bbox 2030 2203 2089 2249; x_wconf 89' lang='lat' dir='ltr'><strong>et</strong></span> <span class='ocrx_word' id='word_1_372' title='bbox 2126 2195 2323 2262; x_wconf 86' lang='lat' dir='ltr'><strong>salute,</strong></span> <span class='ocrx_word' id='word_1_373' title='bbox 2355 2195 2565 2252; x_wconf 86' lang='lat' dir='ltr'><strong>confusi</strong></span> <span class='ocrx_word' id='word_1_374' title='bbox 2595 2206 2723 2251; x_wconf 90' lang='lat' dir='ltr'><strong>sunt</strong></span> <span class='ocrx_word' id='word_1_375' title='bbox 2747 2197 3018 2262; x_wconf 61' lang='lat' dir='ltr'><strong>Israelita,</strong></span> <span class='ocrx_word' id='word_1_376' title='bbox 3043 2205 3103 2250; x_wconf 95' lang='lat' dir='ltr'><strong>ut</strong></span> <span class='ocrx_word' id='word_1_377' title='bbox 3133 2192 3314 2264; x_wconf 71' lang='lat' dir='ltr'><strong>reiecti</strong></span> <span class='ocrx_word' id='word_1_378' title='bbox 3348 2191 3516 2262; x_wconf 80' lang='lat'><strong>910</strong></span> <span class='ocrx_word' id='word_1_379' title='bbox 3559 2200 3615 2244; x_wconf 89' lang='lat' dir='ltr'><strong>et</strong></span> 
     </span>
    </p>
   </div>
   <div class='ocr_carea' id='block_1_53' title="bbox 2031 2286 3616 2357">
    <p class='ocr_par' dir='ltr' id='par_1_53' title="bbox 2031 2286 3616 2357">
     <span class='ocr_line' id='line_1_53' title="bbox 2031 2286 3616 2357; baseline -0.002 -19"><span class='ocrx_word' id='word_1_380' title='bbox 2031 2286 2156 2340; x_wconf 90' lang='lat' dir='ltr'><strong>odio</strong></span> <span class='ocrx_word' id='word_1_381' title='bbox 2189 2286 2380 2352; x_wconf 87' lang='lat' dir='ltr'><strong>habiti,</strong></span> <span class='ocrx_word' id='word_1_382' title='bbox 2400 2303 2464 2340; x_wconf 83' lang='lat' dir='ltr'><strong>ac</strong></span> <span class='ocrx_word' id='word_1_383' title='bbox 2495 2289 2716 2342; x_wconf 87' lang='lat' dir='ltr'><strong>omnino</strong></span> <span class='ocrx_word' id='word_1_384' title='bbox 2745 2298 2996 2357; x_wconf 79' lang='lat' dir='ltr'><strong>expertes</strong></span> <span class='ocrx_word' id='word_1_385' title='bbox 3047 2288 3160 2356; x_wconf 91' lang='lat' dir='ltr'><strong>spei</strong></span> <span class='ocrx_word' id='word_1_386' title='bbox 3202 2294 3538 2349; x_wconf 87' lang='lat' dir='ltr'><strong>sanctorum,</strong></span> <span class='ocrx_word' id='word_1_387' title='bbox 3561 2290 3616 2336; x_wconf 84' lang='lat' dir='ltr'><strong>et</strong></span> 
     </span>
    </p>
   </div>
   <div class='ocr_carea' id='block_1_54' title="bbox 2030 2373 3612 2446">
    <p class='ocr_par' dir='ltr' id='par_1_54' title="bbox 2030 2373 3612 2446">
     <span class='ocr_line' id='line_1_54' title="bbox 2030 2373 3612 2446; baseline -0.004 -16"><span class='ocrx_word' id='word_1_388' title='bbox 2030 2388 2214 2430; x_wconf 86' lang='lat' dir='ltr'><strong>eorum</strong></span> <span class='ocrx_word' id='word_1_389' title='bbox 2242 2391 2364 2445; x_wconf 63' lang='lat' dir='ltr'><strong>quae</strong></span> <span class='ocrx_word' id='word_1_390' title='bbox 2390 2377 2516 2431; x_wconf 87' lang='lat' dir='ltr'><strong>data</strong></span> <span class='ocrx_word' id='word_1_391' title='bbox 2545 2387 2670 2432; x_wconf 91' lang='lat' dir='ltr'><strong>sunt</strong></span> <span class='ocrx_word' id='word_1_392' title='bbox 2691 2377 2762 2430; x_wconf 92' lang='lat' dir='ltr'><strong>ab</strong></span> <span class='ocrx_word' id='word_1_393' title='bbox 2788 2377 2902 2446; x_wconf 92' lang='lat' dir='ltr'><strong>ipso</strong></span> <span class='ocrx_word' id='word_1_394' title='bbox 2928 2376 3293 2431; x_wconf 86' lang='lat' dir='ltr'><strong>credentibus.</strong></span> <span class='ocrx_word' id='word_1_395' title='bbox 3323 2373 3612 2428; x_wconf 85' lang='lat' dir='ltr'><strong>Sciendum</strong></span> 
     </span>
    </p>
   </div>
   <div class='ocr_carea' id='block_1_55' title="bbox 2034 2465 3612 2536">
    <p class='ocr_par' dir='ltr' id='par_1_55' title="bbox 2034 2465 3612 2536">
     <span class='ocr_line' id='line_1_55' title="bbox 2034 2465 3612 2536; baseline -0.003 -16"><span class='ocrx_word' id='word_1_396' title='bbox 2034 2475 2213 2520; x_wconf 90' lang='lat' dir='ltr'><strong>autem</strong></span> <span class='ocrx_word' id='word_1_397' title='bbox 2244 2478 2328 2522; x_wconf 90' lang='lat' dir='ltr'><strong>est</strong></span> <span class='ocrx_word' id='word_1_398' title='bbox 2370 2469 2679 2522; x_wconf 87' lang='lat' dir='ltr'><strong>necessario</strong></span> <span class='ocrx_word' id='word_1_399' title='bbox 2705 2467 2932 2522; x_wconf 82' lang='lat' dir='ltr'><strong>solvisse</strong></span> <span class='ocrx_word' id='word_1_400' title='bbox 2951 2482 3074 2521; x_wconf 90' lang='lat' dir='ltr'><strong>eum</strong></span> <span class='ocrx_word' id='word_1_401' title='bbox 3101 2465 3236 2536; x_wconf 89' lang='lat' dir='ltr'><strong>legis</strong></span> <span class='ocrx_word' id='word_1_402' title='bbox 3253 2473 3612 2533; x_wconf 68' lang='lat' dir='ltr'><strong>praeceptum,</strong></span> 
     </span>
    </p>
   </div>
   <div class='ocr_carea' id='block_1_56' title="bbox 2032 2559 3618 2629">
    <p class='ocr_par' dir='ltr' id='par_1_56' title="bbox 2032 2559 3618 2629">
     <span class='ocr_line' id='line_1_56' title="bbox 2032 2559 3618 2629; baseline -0.005 -14"><span class='ocrx_word' id='word_1_403' title='bbox 2032 2575 2154 2615; x_wconf 92' lang='lat' dir='ltr'><strong>cum</strong></span> <span class='ocrx_word' id='word_1_404' title='bbox 2189 2560 2379 2629; x_wconf 86' lang='lat' dir='ltr'><strong>jnbeat</strong></span> <span class='ocrx_word' id='word_1_405' title='bbox 2407 2561 2687 2614; x_wconf 91' lang='lat' dir='ltr'><strong>nominare</strong></span> <span class='ocrx_word' id='word_1_406' title='bbox 2721 2559 2918 2613; x_wconf 83' lang='lat' dir='ltr'><strong>fratres</strong></span> <span class='ocrx_word' id='word_1_407' title='bbox 2948 2573 3042 2613; x_wconf 87' lang='lat' dir='ltr'><strong>eos</strong></span> <span class='ocrx_word' id='word_1_408' title='bbox 3071 2559 3161 2626; x_wconf 86' lang='lat' dir='ltr'><strong>qui</strong></span> <span class='ocrx_word' id='word_1_409' title='bbox 3209 2564 3334 2611; x_wconf 85' lang='lat' dir='ltr'><strong>sunt</strong></span> <span class='ocrx_word' id='word_1_410' title='bbox 3358 2569 3426 2609; x_wconf 89' lang='lat' dir='ltr'><strong>ex</strong></span> <span class='ocrx_word' id='word_1_411' title='bbox 3485 2568 3618 2624; x_wconf 85' lang='lat' dir='ltr'><strong>gen-</strong></span> 
     </span>
    </p>
   </div>
   <div class='ocr_carea' id='block_1_57' title="bbox 2034 2643 3620 2714">
    <p class='ocr_par' dir='ltr' id='par_1_57' title="bbox 2034 2643 3620 2714">
     <span class='ocr_line' id='line_1_57' title="bbox 2034 2643 3620 2714; baseline -0.005 -10"><span class='ocrx_word' id='word_1_412' title='bbox 2034 2651 2201 2709; x_wconf 84' lang='lat' dir='ltr'><strong>tibus.</strong></span> <span class='ocrx_word' id='word_1_413' title='bbox 2227 2650 2514 2706; x_wconf 83' lang='lat' dir='ltr'><strong>lnterdixit</strong></span> <span class='ocrx_word' id='word_1_414' title='bbox 2539 2652 2680 2705; x_wconf 88' lang='lat' dir='ltr'><strong>enim</strong></span> <span class='ocrx_word' id='word_1_415' title='bbox 2707 2649 2987 2714; x_wconf 86' lang='lat' dir='ltr'><strong>lsraelitis,</strong></span> <span class='ocrx_word' id='word_1_416' title='bbox 3019 2663 3086 2702; x_wconf 90' lang='lat' dir='ltr'><strong>ne</strong></span> <span class='ocrx_word' id='word_1_417' title='bbox 3104 2645 3494 2702; x_wconf 90' lang='lat' dir='ltr'><strong>commercium</strong></span> <span class='ocrx_word' id='word_1_418' title='bbox 3523 2643 3620 2697; x_wconf 86' lang='lat' dir='ltr'><strong>ba-</strong></span> 
     </span>
    </p>
   </div>
   <div class='ocr_carea' id='block_1_58' title="bbox 2034 2734 3616 2812">
    <p class='ocr_par' dir='ltr' id='par_1_58' title="bbox 2034 2734 3616 2812">
     <span class='ocr_line' id='line_1_58' title="bbox 2034 2734 3616 2812; baseline -0.008 -12"><span class='ocrx_word' id='word_1_419' title='bbox 2034 2745 2229 2801; x_wconf 83' lang='lat' dir='ltr'><strong>herent</strong></span> <span class='ocrx_word' id='word_1_420' title='bbox 2253 2759 2376 2799; x_wconf 89' lang='lat' dir='ltr'><strong>cum</strong></span> <span class='ocrx_word' id='word_1_421' title='bbox 2407 2743 2492 2798; x_wconf 89' lang='lat' dir='ltr'><strong>his</strong></span> <span class='ocrx_word' id='word_1_422' title='bbox 2517 2743 2608 2812; x_wconf 92' lang='lat' dir='ltr'><strong>qui</strong></span> <span class='ocrx_word' id='word_1_423' title='bbox 2645 2744 2696 2796; x_wconf 90' lang='lat' dir='ltr'><strong>in</strong></span> <span class='ocrx_word' id='word_1_424' title='bbox 2725 2757 2912 2797; x_wconf 89' lang='lat' dir='ltr'><strong>errore</strong></span> <span class='ocrx_word' id='word_1_425' title='bbox 2976 2741 3174 2796; x_wconf 80' lang='lat' dir='ltr'><strong>versati</strong></span> <span class='ocrx_word' id='word_1_426' title='bbox 3220 2745 3369 2793; x_wconf 88' lang='lat' dir='ltr'><strong>sunt.</strong></span> <span class='ocrx_word' id='word_1_427' title='bbox 3423 2754 3442 2787; x_wconf 85' lang='lat' dir='ltr'><strong>t</strong></span> <span class='ocrx_word' id='word_1_428' title='bbox 3501 2734 3616 2788; x_wconf 81' lang='lat' dir='ltr'><strong>Non</strong></span> 
     </span>
    </p>
   </div>
   <div class='ocr_carea' id='block_1_59' title="bbox 2036 2827 3610 2905">
    <p class='ocr_par' dir='ltr' id='par_1_59' title="bbox 2036 2827 3610 2905">
     <span class='ocr_line' id='line_1_59' title="bbox 2036 2827 3610 2905; baseline -0.009 -13"><span class='ocrx_word' id='word_1_429' title='bbox 2036 2838 2180 2892; x_wconf 92' lang='lat' dir='ltr'><strong>enim</strong></span> <span class='ocrx_word' id='word_1_430' title='bbox 2243 2836 2480 2905; x_wconf 87' lang='lat' dir='ltr'><strong>loqueris</strong></span> <span class='ocrx_word' id='word_1_431' title='bbox 2526 2850 2712 2904; x_wconf 87' lang='lat' dir='ltr'><strong>pacem</strong></span> <span class='ocrx_word' id='word_1_432' title='bbox 2764 2833 2907 2897; x_wconf 89' lang='lat' dir='ltr'><strong>illis,</strong></span> <span class='ocrx_word' id='word_1_433' title='bbox 2975 2831 3151 2899; x_wconf 88' lang='lat' dir='ltr'><strong>inquit</strong></span> <span class='ocrx_word' id='word_1_434' title='bbox 3210 2831 3293 2885; x_wconf 85' lang='lat' dir='ltr'><strong>lex</strong></span> <span class='ocrx_word' id='word_1_435' title='bbox 3345 2827 3610 2891; x_wconf 80' lang='lat' dir='ltr'><strong>Mosaica,</strong></span> 
     </span>
    </p>
   </div>
   <div class='ocr_carea' id='block_1_60' title="bbox 2035 2918 3620 2988">
    <p class='ocr_par' dir='ltr' id='par_1_60' title="bbox 2035 2918 3620 2988">
     <span class='ocr_line' id='line_1_60' title="bbox 2035 2918 3620 2988; baseline -0.007 -6"><span class='ocrx_word' id='word_1_436' title='bbox 2035 2943 2135 2982; x_wconf 89' lang='lat' dir='ltr'><strong>nec</strong></span> <span class='ocrx_word' id='word_1_437' title='bbox 2162 2927 2399 2983; x_wconf 88' lang='lat' dir='ltr'><strong>elocabis</strong></span> <span class='ocrx_word' id='word_1_438' title='bbox 2429 2927 2534 2982; x_wconf 89' lang='lat' dir='ltr'><strong>illis</strong></span> <span class='ocrx_word' id='word_1_439' title='bbox 2581 2926 2745 2980; x_wconf 79' lang='lat' dir='ltr'><strong>tiliam</strong></span> <span class='ocrx_word' id='word_1_440' title='bbox 2796 2935 2968 2988; x_wconf 86' lang='lat' dir='ltr'><strong>tuam,</strong></span> <span class='ocrx_word' id='word_1_441' title='bbox 3006 2938 3104 2978; x_wconf 86' lang='lat' dir='ltr'><strong>nec</strong></span> <span class='ocrx_word' id='word_1_442' title='bbox 3140 2921 3298 2976; x_wconf 86' lang='lat' dir='ltr'><strong>dabis</strong></span> <span class='ocrx_word' id='word_1_443' title='bbox 3335 2919 3448 2974; x_wconf 80' lang='lat' dir='ltr'><strong>ﬁlio</strong></span> <span class='ocrx_word' id='word_1_444' title='bbox 3476 2918 3620 2986; x_wconf 82' lang='lat' dir='ltr'><strong>ejus,</strong></span> 
     </span>
    </p>
   </div>
   <div class='ocr_carea' id='block_1_61' title="bbox 2037 3010 3619 3087">
    <p class='ocr_par' dir='ltr' id='par_1_61' title="bbox 2037 3010 3619 3087">
     <span class='ocr_line' id='line_1_61' title="bbox 2037 3010 3619 3087; baseline -0.008 -14"><span class='ocrx_word' id='word_1_445' title='bbox 2037 3034 2140 3074; x_wconf 87' lang='lat' dir='ltr'><strong>nec</strong></span> <span class='ocrx_word' id='word_1_446' title='bbox 2169 3018 2332 3072; x_wconf 80' lang='lat' dir='ltr'><strong>ﬁliam</strong></span> <span class='ocrx_word' id='word_1_447' title='bbox 2373 3015 2494 3087; x_wconf 87' lang='lat' dir='ltr'><strong>ejus</strong></span> <span class='ocrx_word' id='word_1_448' title='bbox 2520 3017 2754 3086; x_wconf 86' lang='lat' dir='ltr'><strong>accipies</strong></span> <span class='ocrx_word' id='word_1_449' title='bbox 2777 3016 2884 3070; x_wconf 84' lang='lat' dir='ltr'><strong>lilio</strong></span> <span class='ocrx_word' id='word_1_450' title='bbox 2913 3026 3029 3076; x_wconf 90' lang='lat' dir='ltr'><strong>tuo,</strong></span> <span class='ocrx_word' id='word_1_451' title='bbox 3069 3028 3136 3067; x_wconf 90' lang='lat' dir='ltr'><strong>ne</strong></span> <span class='ocrx_word' id='word_1_452' title='bbox 3181 3018 3394 3066; x_wconf 81' lang='lat' dir='ltr'><strong>avertat</strong></span> <span class='ocrx_word' id='word_1_453' title='bbox 3452 3010 3619 3063; x_wconf 82' lang='lat' dir='ltr'><strong>filium</strong></span> 
     </span>
    </p>
   </div>
   <div class='ocr_carea' id='block_1_62' title="bbox 359 3099 1936 3210">
    <p class='ocr_par' dir='ltr' id='par_1_62' title="bbox 359 3099 1934 3174">
     <span class='ocr_line' id='line_1_62' title="bbox 359 3099 1934 3174; baseline -0.003 -16"><span class='ocrx_word' id='word_1_454' title='bbox 359 3103 540 3167; x_wconf 79' lang='grc' dir='ltr'>νικὰ,ι</span> <span class='ocrx_word' id='word_1_455' title='bbox 574 3103 737 3174; x_wconf 76' lang='grc' dir='ltr'>φησὶν</span> <span class='ocrx_word' id='word_1_456' title='bbox 777 3105 806 3156; x_wconf 83' lang='grc' dir='ltr'>ὁ</span> <span class='ocrx_word' id='word_1_457' title='bbox 831 3102 920 3156; x_wconf 87' lang='grc' dir='ltr'><strong>διά</strong></span> <span class='ocrx_word' id='word_1_458' title='bbox 971 3101 1214 3164; x_wconf 88' lang='grc' dir='ltr'>Μωσέως</span> <span class='ocrx_word' id='word_1_459' title='bbox 1259 3101 1457 3170; x_wconf 89' lang='grc' dir='ltr'>νόμος,</span> <span class='ocrx_word' id='word_1_460' title='bbox 1493 3118 1512 3152; x_wconf 87' lang='lat' dir='ltr'><strong>t</strong></span> <span class='ocrx_word' id='word_1_461' title='bbox 1545 3099 1665 3154; x_wconf 86' lang='grc' dir='ltr'>οὐδὲ</span> <span class='ocrx_word' id='word_1_462' title='bbox 1701 3100 1776 3172; x_wconf 86' lang='grc' dir='ltr'>μὴ</span> <span class='ocrx_word' id='word_1_463' title='bbox 1814 3102 1934 3153; x_wconf 84' lang='grc' dir='ltr'>ἐπι-</span> 
     </span>
    </p>
   </div>
   <div class='ocr_carea' id='block_1_63' title="bbox 2037 3099 3617 3210">
    <p class='ocr_par' dir='ltr' id='par_1_63' title="bbox 2039 3101 3617 3174">
     <span class='ocr_line' id='line_1_63' title="bbox 2039 3101 3617 3174; baseline -0.009 -10"><span class='ocrx_word' id='word_1_464' title='bbox 2039 3121 2234 3164; x_wconf 90' lang='lat' dir='ltr'><strong>tuuma</strong></span> <span class='ocrx_word' id='word_1_465' title='bbox 2269 3125 2373 3173; x_wconf 89' lang='lat' dir='ltr'><strong>me,</strong></span> <span class='ocrx_word' id='word_1_466' title='bbox 2411 3118 2466 3165; x_wconf 92' lang='lat' dir='ltr'><strong>et</strong></span> <span class='ocrx_word' id='word_1_467' title='bbox 2517 3110 2677 3163; x_wconf 87' lang='lat' dir='ltr'><strong>abeat</strong></span> <span class='ocrx_word' id='word_1_468' title='bbox 2729 3109 3043 3174; x_wconf 87' lang='lat' dir='ltr'><strong>serviatqne</strong></span> <span class='ocrx_word' id='word_1_469' title='bbox 3109 3104 3214 3159; x_wconf 86' lang='lat' dir='ltr'><strong>diis</strong></span> <span class='ocrx_word' id='word_1_470' title='bbox 3251 3103 3443 3157; x_wconf 84' lang='lat' dir='ltr'><strong>alienis</strong></span> <span class='ocrx_word' id='word_1_471' title='bbox 3500 3101 3570 3154; x_wconf 76' lang='grc' dir='ltr'><strong>⁸ο.</strong></span> <span class='ocrx_word' id='word_1_472' title='bbox 3599 3120 3617 3150; x_wconf 78' lang='grc' dir='ltr'><strong>ι</strong></span> 
     </span>
    </p>
   </div>
   <div class='ocr_carea' id='block_1_64' title="bbox 357 3190 1936 3265">
    <p class='ocr_par' dir='ltr' id='par_1_64' title="bbox 357 3190 1934 3265">
     <span class='ocr_line' id='line_1_64' title="bbox 357 3190 1934 3265; baseline -0.003 -18"><span class='ocrx_word' id='word_1_473' title='bbox 357 3193 730 3265; x_wconf 78' lang='grc' dir='ltr'>γαμὸρεύσεις</span> <span class='ocrx_word' id='word_1_474' title='bbox 751 3193 962 3255; x_wconf 79' lang='grc' dir='ltr'>αὐτοῖς·</span> <span class='ocrx_word' id='word_1_475' title='bbox 993 3192 1092 3262; x_wconf 79' lang='grc' dir='ltr'>τὴν</span> <span class='ocrx_word' id='word_1_476' title='bbox 1124 3191 1398 3261; x_wconf 86' lang='grc' dir='ltr'>θυγατέρα</span> <span class='ocrx_word' id='word_1_477' title='bbox 1429 3207 1523 3244; x_wconf 90' lang='grc' dir='ltr'><strong>σου</strong></span> <span class='ocrx_word' id='word_1_478' title='bbox 1552 3190 1613 3244; x_wconf 80' lang='grc' dir='ltr'>οὐ</span> <span class='ocrx_word' id='word_1_479' title='bbox 1639 3190 1833 3254; x_wconf 89' lang='grc' dir='ltr'>δώσεις</span> <span class='ocrx_word' id='word_1_480' title='bbox 1855 3190 1934 3261; x_wconf 87' lang='grc' dir='ltr'>τῷ</span> 
     </span>
    </p>
   </div>
   <div class='ocr_carea' id='block_1_65' title="bbox 2037 3190 3625 3265">
    <p class='ocr_par' dir='ltr' id='par_1_65' title="bbox 2042 3191 3625 3260">
     <span class='ocr_line' id='line_1_65' title="bbox 2042 3191 3625 3260; baseline -0.008 -4"><span class='ocrx_word' id='word_1_481' title='bbox 2042 3201 2238 3256; x_wconf 76' lang='lat' dir='ltr'><strong>Verum</strong></span> <span class='ocrx_word' id='word_1_482' title='bbox 2282 3201 2334 3255; x_wconf 91' lang='lat' dir='ltr'><strong>in</strong></span> <span class='ocrx_word' id='word_1_483' title='bbox 2367 3201 2584 3255; x_wconf 85' lang='lat' dir='ltr'><strong>Christo</strong></span> <span class='ocrx_word' id='word_1_484' title='bbox 2608 3199 2745 3254; x_wconf 87' lang='lat' dir='ltr'><strong>facta</strong></span> <span class='ocrx_word' id='word_1_485' title='bbox 2781 3209 2904 3252; x_wconf 86' lang='lat' dir='ltr'><strong>sunt</strong></span> <span class='ocrx_word' id='word_1_486' title='bbox 2939 3197 3099 3252; x_wconf 88' lang='lat' dir='ltr'><strong>ambo</strong></span> <span class='ocrx_word' id='word_1_487' title='bbox 3146 3209 3336 3260; x_wconf 89' lang='lat' dir='ltr'><strong>unum,</strong></span> <span class='ocrx_word' id='word_1_488' title='bbox 3366 3203 3420 3248; x_wconf 91' lang='lat' dir='ltr'><strong>et</strong></span> <span class='ocrx_word' id='word_1_489' title='bbox 3478 3191 3625 3246; x_wconf 84' lang='lat' dir='ltr'><strong>solu-</strong></span> 
     </span>
    </p>
   </div>
   <div class='ocr_carea' id='block_1_66' title="bbox 360 3280 1936 3357">
    <p class='ocr_par' dir='ltr' id='par_1_66' title="bbox 360 3280 1936 3357">
     <span class='ocr_line' id='line_1_66' title="bbox 360 3280 1936 3357; baseline -0.003 -19"><span class='ocrx_word' id='word_1_490' title='bbox 360 3285 462 3357; x_wconf 83' lang='grc' dir='ltr'><strong>υίῷ</strong></span> <span class='ocrx_word' id='word_1_491' title='bbox 507 3284 696 3350; x_wconf 79' lang='grc' dir='ltr'>αὐτοῦ,</span> <span class='ocrx_word' id='word_1_492' title='bbox 743 3285 864 3338; x_wconf 80' lang='grc' dir='ltr'>οὐδὲ</span> <span class='ocrx_word' id='word_1_493' title='bbox 890 3284 989 3353; x_wconf 82' lang='grc' dir='ltr'>τὴν</span> <span class='ocrx_word' id='word_1_494' title='bbox 1017 3282 1292 3352; x_wconf 84' lang='grc' dir='ltr'>θυγατέρα</span> <span class='ocrx_word' id='word_1_495' title='bbox 1339 3280 1507 3336; x_wconf 82' lang='grc' dir='ltr'>αὐτοῦ</span> <span class='ocrx_word' id='word_1_496' title='bbox 1540 3281 1684 3354; x_wconf 78' lang='grc' dir='ltr'>λήψῃ</span> <span class='ocrx_word' id='word_1_497' title='bbox 1719 3281 1798 3352; x_wconf 85' lang='grc' dir='ltr'><strong>τῷ</strong></span> <span class='ocrx_word' id='word_1_498' title='bbox 1834 3280 1936 3352; x_wconf 84' lang='grc' dir='ltr'><strong>υἱῷ</strong></span> 
     </span>
    </p>
   </div>
   <div class='ocr_carea' id='block_1_67' title="bbox 360 3373 1940 3447">
    <p class='ocr_par' dir='ltr' id='par_1_67' title="bbox 360 3373 1940 3447">
     <span class='ocr_line' id='line_1_67' title="bbox 360 3373 1940 3447; baseline -0.003 -16"><span class='ocrx_word' id='word_1_499' title='bbox 360 3394 478 3431; x_wconf 77' lang='grc' dir='ltr'>σουο</span> <span class='ocrx_word' id='word_1_500' title='bbox 531 3376 618 3430; x_wconf 78' lang='grc' dir='ltr'><strong>ἵνα</strong></span> <span class='ocrx_word' id='word_1_501' title='bbox 651 3375 726 3447; x_wconf 79' lang='grc' dir='ltr'><strong>μὴ</strong></span> <span class='ocrx_word' id='word_1_502' title='bbox 756 3376 1044 3447; x_wconf 84' lang='grc' dir='ltr'>ἀποστήσῃ</span> <span class='ocrx_word' id='word_1_503' title='bbox 1071 3374 1164 3427; x_wconf 82' lang='grc' dir='ltr'><strong>τὸν</strong></span> <span class='ocrx_word' id='word_1_504' title='bbox 1215 3374 1330 3427; x_wconf 82' lang='grc' dir='ltr'>υἱόν</span> <span class='ocrx_word' id='word_1_505' title='bbox 1389 3391 1483 3427; x_wconf 92' lang='grc' dir='ltr'><strong>σου</strong></span> <span class='ocrx_word' id='word_1_506' title='bbox 1516 3373 1612 3426; x_wconf 76' lang='grc' dir='ltr'>ἀπ’</span> <span class='ocrx_word' id='word_1_507' title='bbox 1641 3373 1798 3444; x_wconf 90' lang='grc' dir='ltr'>ἐμοῦ,</span> <span class='ocrx_word' id='word_1_508' title='bbox 1844 3374 1940 3428; x_wconf 77' lang='grc' dir='ltr'>καὶ</span> 
     </span>
    </p>
   </div>
   <div class='ocr_carea' id='block_1_68' title="bbox 359 3464 1945 3542">
    <p class='ocr_par' dir='ltr' id='par_1_68' title="bbox 359 3464 1945 3542">
     <span class='ocr_line' id='line_1_68' title="bbox 359 3464 1945 3542; baseline -0.003 -20"><span class='ocrx_word' id='word_1_509' title='bbox 359 3469 646 3542; x_wconf 74' lang='grc' dir='ltr'>πορευθεὶς</span> <span class='ocrx_word' id='word_1_510' title='bbox 677 3469 947 3542; x_wconf 79' lang='grc' dir='ltr'>λατρεύσῃ</span> <span class='ocrx_word' id='word_1_511' title='bbox 984 3468 1126 3531; x_wconf 86' lang='grc' dir='ltr'>θεοῖς</span> <span class='ocrx_word' id='word_1_512' title='bbox 1148 3466 1376 3537; x_wconf 77' lang='grc' dir='ltr'>ἑτέροις.</span> <span class='ocrx_word' id='word_1_513' title='bbox 1406 3484 1426 3517; x_wconf 75' lang='grc' dir='ltr'><strong>ι</strong></span> <span class='ocrx_word' id='word_1_514' title='bbox 1473 3464 1612 3522; x_wconf 80' lang='grc' dir='ltr'>Ἀλλ’</span> <span class='ocrx_word' id='word_1_515' title='bbox 1647 3466 1705 3519; x_wconf 85' lang='grc' dir='ltr'><strong>ἐν</strong></span> <span class='ocrx_word' id='word_1_516' title='bbox 1725 3467 1945 3537; x_wconf 82' lang='grc' dir='ltr'>Χριστῷ</span> 
     </span>
    </p>
   </div>
   <div class='ocr_carea' id='block_1_69' title="bbox 2044 3284 3618 3353">
    <p class='ocr_par' dir='ltr' id='par_1_69' title="bbox 2044 3284 3618 3353">
     <span class='ocr_line' id='line_1_69' title="bbox 2044 3284 3618 3353; baseline -0.006 -8"><span class='ocrx_word' id='word_1_517' title='bbox 2044 3300 2160 3345; x_wconf 87' lang='lat' dir='ltr'><strong>tum</strong></span> <span class='ocrx_word' id='word_1_518' title='bbox 2215 3291 2562 3345; x_wconf 85' lang='lat' dir='ltr'><strong>interstitium</strong></span> <span class='ocrx_word' id='word_1_519' title='bbox 2622 3289 2892 3351; x_wconf 67' lang='lat' dir='ltr'><strong>maceriae,</strong></span> <span class='ocrx_word' id='word_1_520' title='bbox 2913 3296 2969 3341; x_wconf 88' lang='lat' dir='ltr'><strong>et</strong></span> <span class='ocrx_word' id='word_1_521' title='bbox 3001 3287 3200 3342; x_wconf 88' lang='lat' dir='ltr'><strong>abolita</strong></span> <span class='ocrx_word' id='word_1_522' title='bbox 3223 3295 3310 3340; x_wconf 89' lang='lat' dir='ltr'><strong>est</strong></span> <span class='ocrx_word' id='word_1_523' title='bbox 3349 3284 3435 3338; x_wconf 86' lang='lat' dir='ltr'><strong>lex</strong></span> <span class='ocrx_word' id='word_1_524' title='bbox 3471 3295 3618 3353; x_wconf 67' lang='lat' dir='ltr'><strong>pra-</strong></span> 
     </span>
    </p>
   </div>
   <div class='ocr_carea' id='block_1_70' title="bbox 2049 3372 3625 3450">
    <p class='ocr_par' dir='ltr' id='par_1_70' title="bbox 2049 3372 3625 3450">
     <span class='ocr_line' id='line_1_70' title="bbox 2049 3372 3625 3450; baseline -0.01 -17"><span class='ocrx_word' id='word_1_525' title='bbox 2049 3389 2330 3450; x_wconf 77' lang='lat' dir='ltr'><strong>ceptorum</strong></span> <span class='ocrx_word' id='word_1_526' title='bbox 2386 3379 2440 3432; x_wconf 90' lang='lat' dir='ltr'><strong>in</strong></span> <span class='ocrx_word' id='word_1_527' title='bbox 2487 3378 2778 3448; x_wconf 85' lang='lat' dir='ltr'><strong>dogmatis.</strong></span> <span class='ocrx_word' id='word_1_528' title='bbox 2829 3392 2849 3426; x_wconf 77' lang='grc' dir='ltr'><strong>ι</strong></span> <span class='ocrx_word' id='word_1_529' title='bbox 2898 3375 2992 3429; x_wconf 89' lang='lat' dir='ltr'><strong>Est</strong></span> <span class='ocrx_word' id='word_1_530' title='bbox 3040 3373 3183 3428; x_wconf 92' lang='lat' dir='ltr'><strong>enim</strong></span> <span class='ocrx_word' id='word_1_531' title='bbox 3229 3372 3342 3440; x_wconf 87' lang='lat' dir='ltr'><strong>ipse</strong></span> <span class='ocrx_word' id='word_1_532' title='bbox 3382 3383 3482 3439; x_wconf 89' lang='lat' dir='ltr'><strong>pax</strong></span> <span class='ocrx_word' id='word_1_533' title='bbox 3532 3381 3625 3420; x_wconf 87' lang='lat' dir='ltr'><strong>no-</strong></span> 
     </span>
    </p>
   </div>
   <div class='ocr_carea' id='block_1_71' title="bbox 2056 3472 2319 3526">
    <p class='ocr_par' dir='ltr' id='par_1_71' title="bbox 2056 3472 2319 3526">
     <span class='ocr_line' id='line_1_71' title="bbox 2056 3472 2319 3526; baseline -0.008 -1"><span class='ocrx_word' id='word_1_534' title='bbox 2056 3483 2170 3526; x_wconf 89' lang='lat' dir='ltr'><strong>stra</strong></span> <span class='ocrx_word' id='word_1_535' title='bbox 2195 3472 2262 3524; x_wconf 80' lang='grc'><strong>⁹⁰.</strong></span> <span class='ocrx_word' id='word_1_536' title='bbox 2299 3491 2319 3523; x_wconf 73' lang='grc' dir='ltr'><strong>ι</strong></span> 
     </span>
    </p>
   </div>
   <div class='ocr_carea' id='block_1_72' title="bbox 360 3549 3628 3637">
    <p class='ocr_par' dir='ltr' id='par_1_72' title="bbox 360 3549 3628 3637">
     <span class='ocr_line' id='line_1_72' title="bbox 360 3549 3628 3637; baseline -0.004 -21"><span class='ocrx_word' id='word_1_537' title='bbox 360 3564 550 3633; x_wconf 87' lang='grc' dir='ltr'>γέγονε</span> <span class='ocrx_word' id='word_1_538' title='bbox 577 3564 644 3618; x_wconf 80' lang='grc' dir='ltr'><strong>τὰ</strong></span> <span class='ocrx_word' id='word_1_539' title='bbox 671 3565 962 3634; x_wconf 80' lang='grc' dir='ltr'>ἀμφότερα</span> <span class='ocrx_word' id='word_1_540' title='bbox 1008 3562 1085 3627; x_wconf 80' lang='grc' dir='ltr'><strong>ἐν,</strong></span> <span class='ocrx_word' id='word_1_541' title='bbox 1118 3564 1213 3616; x_wconf 70' lang='grc' dir='ltr'>καὶ</span> <span class='ocrx_word' id='word_1_542' title='bbox 1280 3561 1501 3614; x_wconf 84' lang='grc' dir='ltr'>λέλυται</span> <span class='ocrx_word' id='word_1_543' title='bbox 1546 3559 1607 3613; x_wconf 88' lang='grc' dir='ltr'><strong>τδ</strong></span> <span class='ocrx_word' id='word_1_544' title='bbox 1655 3562 1968 3633; x_wconf 82' lang='grc' dir='ltr'>μεσότοιχον</span> <span class='ocrx_word' id='word_1_545' title='bbox 2042 3566 2137 3620; x_wconf 89' lang='grc' dir='ltr'><strong>τοῦ</strong></span> <span class='ocrx_word' id='word_1_546' title='bbox 2195 3565 2472 3637; x_wconf 83' lang='grc' dir='ltr'>φραγμοῦ,</span> <span class='ocrx_word' id='word_1_547' title='bbox 2522 3564 2868 3634; x_wconf 80' lang='grc' dir='ltr'>κατήργηται</span> <span class='ocrx_word' id='word_1_548' title='bbox 2923 3559 2980 3614; x_wconf 84' lang='grc' dir='ltr'>δὲ</span> <span class='ocrx_word' id='word_1_549' title='bbox 3038 3557 3134 3612; x_wconf 69' lang='grc' dir='ltr'>καὶ</span> <span class='ocrx_word' id='word_1_550' title='bbox 3187 3556 3215 3608; x_wconf 83' lang='grc' dir='ltr'>ὁ</span> <span class='ocrx_word' id='word_1_551' title='bbox 3271 3553 3456 3626; x_wconf 82' lang='grc' dir='ltr'>νόμος,</span> <span class='ocrx_word' id='word_1_552' title='bbox 3514 3549 3628 3605; x_wconf 75' lang='grc' dir='ltr'><strong>τῶν</strong></span> 
     </span>
    </p>
   </div>
   <div class='ocr_carea' id='block_1_73' title="bbox 360 3653 2248 3729">
    <p class='ocr_par' dir='ltr' id='par_1_73' title="bbox 360 3653 2248 3729">
     <span class='ocr_line' id='line_1_73' title="bbox 360 3653 2248 3729; baseline 0 -19"><span class='ocrx_word' id='word_1_553' title='bbox 360 3656 590 3710; x_wconf 72' lang='grc' dir='ltr'>ιντολῶν</span> <span class='ocrx_word' id='word_1_554' title='bbox 615 3657 673 3708; x_wconf 87' lang='grc' dir='ltr'>ἐν</span> <span class='ocrx_word' id='word_1_555' title='bbox 699 3656 961 3724; x_wconf 77' lang='grc' dir='ltr'><strong>δόγμασι.⁸</strong></span> <span class='ocrx_word' id='word_1_556' title='bbox 999 3673 1018 3706; x_wconf 79' lang='lat' dir='ltr'><strong>t</strong></span> <span class='ocrx_word' id='word_1_557' title='bbox 1054 3656 1163 3707; x_wconf 76' lang='lat' dir='ltr'><strong>Kal.</strong></span> <span class='ocrx_word' id='word_1_558' title='bbox 1181 3653 1291 3724; x_wconf 88' lang='grc' dir='ltr'><strong>γάρ</strong></span> <span class='ocrx_word' id='word_1_559' title='bbox 1321 3657 1469 3708; x_wconf 76' lang='grc' dir='ltr'>ἐστιν</span> <span class='ocrx_word' id='word_1_560' title='bbox 1526 3653 1690 3716; x_wconf 79' lang='grc' dir='ltr'>αὐτὸς</span> <span class='ocrx_word' id='word_1_561' title='bbox 1713 3655 1747 3723; x_wconf 86' lang='grc' dir='ltr'>ἡ</span> <span class='ocrx_word' id='word_1_562' title='bbox 1781 3655 1971 3728; x_wconf 82' lang='grc' dir='ltr'>εἰρήνη</span> <span class='ocrx_word' id='word_1_563' title='bbox 2012 3658 2192 3729; x_wconf 81' lang='grc' dir='ltr'>ἡμῶν.</span> <span class='ocrx_word' id='word_1_564' title='bbox 2229 3677 2248 3710; x_wconf 74' lang='grc' dir='ltr'><strong>ι</strong></span> 
     </span>
    </p>
   </div>
   <div class='ocr_carea' id='block_1_74' title="bbox 435 3763 1934 3831">
    <p class='ocr_par' dir='ltr' id='par_1_74' title="bbox 435 3763 1934 3831">
     <span class='ocr_line' id='line_1_74' title="bbox 435 3763 1934 3831; baseline -0.003 -12"><span class='ocrx_word' id='word_1_565' title='bbox 435 3766 608 3830; x_wconf 77' lang='grc' dir='ltr'>Φωνὴ</span> <span class='ocrx_word' id='word_1_566' title='bbox 661 3763 928 3831; x_wconf 78' lang='grc' dir='ltr'>κραυγῆς</span> <span class='ocrx_word' id='word_1_567' title='bbox 961 3765 1030 3814; x_wconf 81' lang='grc' dir='ltr'><strong>ἐκ</strong></span> <span class='ocrx_word' id='word_1_568' title='bbox 1084 3764 1348 3826; x_wconf 71' lang='grc' dir='ltr'>πόλεως,</span> <span class='ocrx_word' id='word_1_569' title='bbox 1423 3763 1592 3829; x_wconf 75' lang='grc' dir='ltr'>φωνὴ</span> <span class='ocrx_word' id='word_1_570' title='bbox 1637 3765 1705 3814; x_wconf 85' lang='grc' dir='ltr'><strong>ἐκ</strong></span> <span class='ocrx_word' id='word_1_571' title='bbox 1759 3763 1934 3826; x_wconf 86' lang='grc' dir='ltr'>ναοῦ,</span> 
     </span>
    </p>
   </div>
   <div class='ocr_carea' id='block_1_75' title="bbox 365 3849 1941 3930">
    <p class='ocr_par' dir='ltr' id='par_1_75' title="bbox 365 3849 1941 3930">
     <span class='ocr_line' id='line_1_75' title="bbox 365 3849 1941 3930; baseline -0.006 -18"><span class='ocrx_word' id='word_1_572' title='bbox 365 3855 537 3930; x_wconf 73' lang='grc' dir='ltr'>φωνὴ</span> <span class='ocrx_word' id='word_1_573' title='bbox 583 3857 804 3922; x_wconf 82' lang='grc' dir='ltr'>Κυρίου</span> <span class='ocrx_word' id='word_1_574' title='bbox 832 3850 1338 3915; x_wconf 77' lang='grc' dir='ltr'>ἀνταποδιδόντος</span> <span class='ocrx_word' id='word_1_575' title='bbox 1375 3849 1790 3902; x_wconf 76' lang='grc' dir='ltr'>ἀνταπόδοσιν</span> <span class='ocrx_word' id='word_1_576' title='bbox 1815 3852 1941 3915; x_wconf 85' lang='grc' dir='ltr'>τοῖς</span> 
     </span>
    </p>
   </div>
   <div class='ocr_carea' id='block_1_76' title="bbox 366 3945 816 4013">
    <p class='ocr_par' dir='ltr' id='par_1_76' title="bbox 366 3945 816 4013">
     <span class='ocr_line' id='line_1_76' title="bbox 366 3945 816 4013; baseline -0.02 -8"><span class='ocrx_word' id='word_1_577' title='bbox 366 3950 588 4005; x_wconf 83' lang='grc' dir='ltr'>ἁντικει</span> <span class='ocrx_word' id='word_1_578' title='bbox 598 3945 816 4013; x_wconf 83' lang='grc' dir='ltr'>μένοις.</span> 
     </span>
    </p>
   </div>
   <div class='ocr_carea' id='block_1_77' title="bbox 437 4026 1946 4102">
    <p class='ocr_par' dir='ltr' id='par_1_77' title="bbox 437 4026 1946 4102">
     <span class='ocr_line' id='line_1_77' title="bbox 437 4026 1946 4102; baseline -0.009 -10"><span class='ocrx_word' id='word_1_579' title='bbox 437 4037 643 4100; x_wconf 78' lang='grc' dir='ltr'>Εἰπὼν,</span> <span class='ocrx_word' id='word_1_580' title='bbox 667 4037 749 4090; x_wconf 84' lang='grc' dir='ltr'>ὅτι</span> <span class='ocrx_word' id='word_1_581' title='bbox 789 4055 803 4087; x_wconf 87' lang='lat' dir='ltr'><strong>t</strong></span> <span class='ocrx_word' id='word_1_582' title='bbox 836 4033 1010 4102; x_wconf 85' lang='grc' dir='ltr'>Κάγὼ</span> <span class='ocrx_word' id='word_1_583' title='bbox 1033 4031 1321 4102; x_wconf 80' lang='grc' dir='ltr'>ἐκλέξομαι</span> <span class='ocrx_word' id='word_1_584' title='bbox 1357 4028 1426 4084; x_wconf 79' lang='grc' dir='ltr'><strong>τὰ</strong></span> <span class='ocrx_word' id='word_1_585' title='bbox 1451 4027 1814 4098; x_wconf 84' lang='grc' dir='ltr'>ἐμπαίγματα</span> <span class='ocrx_word' id='word_1_586' title='bbox 1852 4026 1946 4080; x_wconf 82' lang='grc' dir='ltr'>αύο</span> 
     </span>
    </p>
   </div>
   <div class='ocr_carea' id='block_1_78' title="bbox 367 4119 1937 4198">
    <p class='ocr_par' dir='ltr' id='par_1_78' title="bbox 367 4119 1937 4198">
     <span class='ocr_line' id='line_1_78' title="bbox 367 4119 1937 4198; baseline -0.008 -15"><span class='ocrx_word' id='word_1_587' title='bbox 367 4130 499 4192; x_wconf 86' lang='grc' dir='ltr'>τῶν,</span> <span class='ocrx_word' id='word_1_588' title='bbox 528 4129 626 4182; x_wconf 70' lang='grc' dir='ltr'><strong>καὶ</strong></span> <span class='ocrx_word' id='word_1_589' title='bbox 653 4128 750 4190; x_wconf 83' lang='grc' dir='ltr'>τὰς</span> <span class='ocrx_word' id='word_1_590' title='bbox 784 4125 1057 4198; x_wconf 82' lang='grc' dir='ltr'>ἁμαρτίας</span> <span class='ocrx_word' id='word_1_591' title='bbox 1088 4122 1267 4176; x_wconf 83' lang='grc' dir='ltr'>αὐτῶν</span> <span class='ocrx_word' id='word_1_592' title='bbox 1289 4119 1654 4175; x_wconf 81' lang='grc' dir='ltr'>ἀνταποδώσω</span> <span class='ocrx_word' id='word_1_593' title='bbox 1684 4120 1890 4182; x_wconf 80' lang='grc' dir='ltr'>αὐτοῖς,</span> <span class='ocrx_word' id='word_1_594' title='bbox 1918 4137 1937 4170; x_wconf 73' lang='grc' dir='ltr'><strong>ι</strong></span> 
     </span>
    </p>
   </div>
   <div class='ocr_carea' id='block_1_79' title="bbox 368 4210 1946 4284">
    <p class='ocr_par' dir='ltr' id='par_1_79' title="bbox 368 4210 1946 4284">
     <span class='ocr_line' id='line_1_79' title="bbox 368 4210 1946 4284; baseline -0.008 -9"><span class='ocrx_word' id='word_1_595' title='bbox 368 4221 726 4276; x_wconf 89' lang='grc' dir='ltr'>διαδείκνυσιν</span> <span class='ocrx_word' id='word_1_596' title='bbox 756 4219 920 4282; x_wconf 82' lang='grc' dir='ltr'>εὐθὺς</span> <span class='ocrx_word' id='word_1_597' title='bbox 966 4216 1074 4269; x_wconf 89' lang='grc' dir='ltr'><strong>τῶν</strong></span> <span class='ocrx_word' id='word_1_598' title='bbox 1121 4213 1524 4284; x_wconf 86' lang='grc' dir='ltr'>ἀπειληθέντων</span> <span class='ocrx_word' id='word_1_599' title='bbox 1571 4212 1670 4283; x_wconf 77' lang='grc' dir='ltr'>τὴν</span> <span class='ocrx_word' id='word_1_600' title='bbox 1702 4210 1946 4277; x_wconf 74' lang='grc' dir='ltr'>ἔκϐασιν,</span> 
     </span>
    </p>
   </div>
   <div class='ocr_carea' id='block_1_80' title="bbox 2117 3735 3628 3803">
    <p class='ocr_par' dir='ltr' id='par_1_80' title="bbox 2117 3735 3628 3803">
     <span class='ocr_line' id='line_1_80' title="bbox 2117 3735 3628 3803; baseline -0.011 -1"><span class='ocrx_word' id='word_1_601' title='bbox 2117 3750 2278 3803; x_wconf 70' lang='lat' dir='ltr'><strong>Vens.</strong></span> <span class='ocrx_word' id='word_1_602' title='bbox 2304 3748 2358 3800; x_wconf 88' lang='lat'><strong>6.</strong></span> <span class='ocrx_word' id='word_1_603' title='bbox 2401 3745 2514 3798; x_wconf 71' lang='lat' dir='ltr'><strong>Vox</strong></span> <span class='ocrx_word' id='word_1_604' title='bbox 2542 3743 2788 3798; x_wconf 80' lang='lat' dir='ltr'><strong>clamoris</strong></span> <span class='ocrx_word' id='word_1_605' title='bbox 2823 3743 2888 3794; x_wconf 85' lang='lat' dir='ltr'><strong>de</strong></span> <span class='ocrx_word' id='word_1_606' title='bbox 2943 3739 3172 3802; x_wconf 78' lang='lat' dir='ltr'><strong>ciuitate,</strong></span> <span class='ocrx_word' id='word_1_607' title='bbox 3231 3750 3332 3788; x_wconf 75' lang='lat' dir='ltr'><strong>eoa:</strong></span> <span class='ocrx_word' id='word_1_608' title='bbox 3372 3735 3438 3788; x_wconf 82' lang='lat' dir='ltr'><strong>de</strong></span> <span class='ocrx_word' id='word_1_609' title='bbox 3496 3745 3628 3786; x_wconf 73' lang='lat' dir='ltr'><strong>tent—</strong></span> 
     </span>
    </p>
   </div>
   <div class='ocr_carea' id='block_1_81' title="bbox 2042 3825 3632 3903">
    <p class='ocr_par' dir='ltr' id='par_1_81' title="bbox 2042 3825 3632 3903">
     <span class='ocr_line' id='line_1_81' title="bbox 2042 3825 3632 3903; baseline -0.009 -14"><span class='ocrx_word' id='word_1_610' title='bbox 2042 3837 2152 3903; x_wconf 83' lang='lat' dir='ltr'><strong>plo,</strong></span> <span class='ocrx_word' id='word_1_611' title='bbox 2195 3851 2295 3888; x_wconf 75' lang='lat' dir='ltr'><strong>eoa:</strong></span> <span class='ocrx_word' id='word_1_612' title='bbox 2350 3835 2564 3888; x_wconf 82' lang='lat' dir='ltr'><strong>Domini</strong></span> <span class='ocrx_word' id='word_1_613' title='bbox 2594 3830 2938 3884; x_wconf 80' lang='lat' dir='ltr'><strong>retribuentis</strong></span> <span class='ocrx_word' id='word_1_614' title='bbox 2999 3826 3399 3880; x_wconf 70' lang='lat' dir='ltr'><strong>retributionem</strong></span> <span class='ocrx_word' id='word_1_615' title='bbox 3443 3825 3632 3877; x_wconf 71' lang='lat' dir='ltr'><strong>adver-</strong></span> 
     </span>
    </p>
   </div>
   <div class='ocr_carea' id='block_1_82' title="bbox 2048 3925 2228 3976">
    <p class='ocr_par' dir='ltr' id='par_1_82' title="bbox 2048 3925 2228 3976">
     <span class='ocr_line' id='line_1_82' title="bbox 2048 3925 2228 3976; baseline 0 0"><span class='ocrx_word' id='word_1_616' title='bbox 2048 3925 2228 3976; x_wconf 73' lang='lat' dir='ltr'><strong>aeriis.</strong></span> 
     </span>
    </p>
   </div>
   <div class='ocr_carea' id='block_1_83' title="bbox 2119 4003 3631 4076">
    <p class='ocr_par' dir='ltr' id='par_1_83' title="bbox 2119 4003 3631 4076">
     <span class='ocr_line' id='line_1_83' title="bbox 2119 4003 3631 4076; baseline -0.008 -9"><span class='ocrx_word' id='word_1_617' title='bbox 2119 4013 2253 4068; x_wconf 89' lang='lat' dir='ltr'><strong>Cum</strong></span> <span class='ocrx_word' id='word_1_618' title='bbox 2285 4011 2523 4066; x_wconf 80' lang='lat' dir='ltr'><strong>dixerit:</strong></span> <span class='ocrx_word' id='word_1_619' title='bbox 2568 4027 2586 4061; x_wconf 87' lang='lat' dir='ltr'><strong>t</strong></span> <span class='ocrx_word' id='word_1_620' title='bbox 2628 4008 2690 4061; x_wconf 87' lang='lat' dir='ltr'><strong>Et</strong></span> <span class='ocrx_word' id='word_1_621' title='bbox 2715 4022 2817 4074; x_wconf 81' lang='lat' dir='ltr'><strong>ego</strong></span> <span class='ocrx_word' id='word_1_622' title='bbox 2838 4005 3034 4076; x_wconf 84' lang='lat' dir='ltr'><strong>eligam</strong></span> <span class='ocrx_word' id='word_1_623' title='bbox 3068 4003 3297 4056; x_wconf 77' lang='lat' dir='ltr'><strong>ludibria</strong></span> <span class='ocrx_word' id='word_1_624' title='bbox 3328 4016 3542 4064; x_wconf 86' lang='lat' dir='ltr'><strong>eorum,</strong></span> <span class='ocrx_word' id='word_1_625' title='bbox 3575 4011 3631 4055; x_wconf 86' lang='lat' dir='ltr'><strong>et</strong></span> 
     </span>
    </p>
   </div>
   <div class='ocr_carea' id='block_1_84' title="bbox 2047 4091 3631 4175">
    <p class='ocr_par' dir='ltr' id='par_1_84' title="bbox 2047 4091 3631 4175">
     <span class='ocr_line' id='line_1_84' title="bbox 2047 4091 3631 4175; baseline -0.009 -16"><span class='ocrx_word' id='word_1_626' title='bbox 2047 4114 2267 4175; x_wconf 85' lang='lat' dir='ltr'><strong>peccata</strong></span> <span class='ocrx_word' id='word_1_627' title='bbox 2300 4116 2488 4158; x_wconf 91' lang='lat' dir='ltr'><strong>eorum</strong></span> <span class='ocrx_word' id='word_1_628' title='bbox 2527 4095 2964 4156; x_wconf 88' lang='lat' dir='ltr'><strong>retribuamillis,</strong></span> <span class='ocrx_word' id='word_1_629' title='bbox 3001 4112 3019 4144; x_wconf 81' lang='grc' dir='ltr'><strong>ι</strong></span> <span class='ocrx_word' id='word_1_630' title='bbox 3047 4093 3226 4145; x_wconf 78' lang='lat' dir='ltr'><strong>statim</strong></span> <span class='ocrx_word' id='word_1_631' title='bbox 3277 4091 3514 4145; x_wconf 85' lang='lat' dir='ltr'><strong>ostendit</strong></span> <span class='ocrx_word' id='word_1_632' title='bbox 3539 4106 3631 4145; x_wconf 88' lang='lat' dir='ltr'><strong>eo-</strong></span> 
     </span>
    </p>
   </div>
   <div class='ocr_carea' id='block_1_85' title="bbox 2047 4180 3629 4263">
    <p class='ocr_par' dir='ltr' id='par_1_85' title="bbox 2047 4180 3629 4263">
     <span class='ocr_line' id='line_1_85' title="bbox 2047 4180 3629 4263; baseline -0.008 -14"><span class='ocrx_word' id='word_1_633' title='bbox 2047 4211 2166 4250; x_wconf 87' lang='lat' dir='ltr'><strong>rum</strong></span> <span class='ocrx_word' id='word_1_634' title='bbox 2207 4209 2326 4263; x_wconf 70' lang='lat' dir='ltr'><strong>quze</strong></span> <span class='ocrx_word' id='word_1_635' title='bbox 2359 4191 2719 4246; x_wconf 88' lang='lat' dir='ltr'><strong>comminatus</strong></span> <span class='ocrx_word' id='word_1_636' title='bbox 2748 4195 2832 4242; x_wconf 90' lang='lat' dir='ltr'><strong>est</strong></span> <span class='ocrx_word' id='word_1_637' title='bbox 2855 4185 3084 4244; x_wconf 88' lang='lat' dir='ltr'><strong>exitum,</strong></span> <span class='ocrx_word' id='word_1_638' title='bbox 3117 4193 3172 4236; x_wconf 88' lang='lat' dir='ltr'><strong>et</strong></span> <span class='ocrx_word' id='word_1_639' title='bbox 3206 4181 3318 4248; x_wconf 84' lang='lat' dir='ltr'><strong>jam</strong></span> <span class='ocrx_word' id='word_1_640' title='bbox 3342 4181 3496 4250; x_wconf 87' lang='lat' dir='ltr'><strong>quasi</strong></span> <span class='ocrx_word' id='word_1_641' title='bbox 3532 4180 3629 4236; x_wconf 85' lang='lat' dir='ltr'><strong>bo-</strong></span> 
     </span>
    </p>
   </div>
   <div class='ocr_carea' id='block_1_86' title="bbox 369 4269 1936 4383">
    <p class='ocr_par' dir='ltr' id='par_1_86' title="bbox 369 4269 1936 4383">
     <span class='ocr_line' id='line_1_86' title="bbox 369 4269 1936 4383; baseline -0.012 -15"><span class='ocrx_word' id='word_1_642' title='bbox 369 4313 464 4369; x_wconf 65' lang='lat' dir='ltr'><strong>atu).</strong></span> <span class='ocrx_word' id='word_1_643' title='bbox 495 4312 570 4375; x_wconf 86' lang='grc' dir='ltr'>ὡς</span> <span class='ocrx_word' id='word_1_644' title='bbox 595 4310 693 4383; x_wconf 72' lang='grc' dir='ltr'>ἤδη</span> <span class='ocrx_word' id='word_1_645' title='bbox 721 4309 828 4362; x_wconf 88' lang='grc' dir='ltr'><strong>τῶν</strong></span> <span class='ocrx_word' id='word_1_646' title='bbox 863 4269 1138 4375; x_wconf 55' lang='grc' dir='ltr'>πολεμίων</span> <span class='ocrx_word' id='word_1_647' title='bbox 1181 4305 1281 4374; x_wconf 88' lang='grc' dir='ltr'><strong>τήν</strong></span> <span class='ocrx_word' id='word_1_648' title='bbox 1306 4269 1386 4356; x_wconf 53' lang='grc' dir='ltr'>’τε</span> <span class='ocrx_word' id='word_1_649' title='bbox 1431 4301 1586 4355; x_wconf 88' lang='grc' dir='ltr'>πόλιν</span> <span class='ocrx_word' id='word_1_650' title='bbox 1616 4269 1819 4365; x_wconf 73' lang='grc' dir='ltr'>αὐτῶν,</span> <span class='ocrx_word' id='word_1_651' title='bbox 1854 4272 1936 4351; x_wconf 51' lang='grc' dir='ltr'><strong>καί</strong></span> 
     </span>
    </p>
   </div>
   <div class='ocr_carea' id='block_1_87' title="bbox 2037 4269 3630 4383">
    <p class='ocr_par' dir='ltr' id='par_1_87' title="bbox 2047 4269 3630 4350">
     <span class='ocr_line' id='line_1_87' title="bbox 2047 4269 3630 4350; baseline -0.013 -8"><span class='ocrx_word' id='word_1_652' title='bbox 2047 4289 2207 4342; x_wconf 87' lang='lat' dir='ltr'><strong>stium</strong></span> <span class='ocrx_word' id='word_1_653' title='bbox 2236 4269 2510 4340; x_wconf 66' lang='lat' dir='ltr'><strong>civitatein</strong></span> <span class='ocrx_word' id='word_1_654' title='bbox 2571 4283 2743 4350; x_wconf 76' lang='lat' dir='ltr'><strong>ipsum</strong></span> <span class='ocrx_word' id='word_1_655' title='bbox 2799 4289 2855 4332; x_wconf 90' lang='lat' dir='ltr'><strong>et</strong></span> <span class='ocrx_word' id='word_1_656' title='bbox 2919 4273 3176 4342; x_wconf 87' lang='lat' dir='ltr'><strong>templum</strong></span> <span class='ocrx_word' id='word_1_657' title='bbox 3215 4272 3630 4336; x_wconf 86' lang='lat' dir='ltr'><strong>devastantinm,</strong></span> 
     </span>
    </p>
   </div>
   <div class='ocr_carea' id='block_1_88' title="bbox 368 4361 1936 4472">
    <p class='ocr_par' dir='ltr' id='par_1_88' title="bbox 368 4361 1936 4472">
     <span class='ocr_line' id='line_1_88' title="bbox 368 4361 1936 4472; baseline -0.011 -13"><span class='ocrx_word' id='word_1_658' title='bbox 486 4361 942 4472; x_wconf 46' lang='grc' dir='ltr'>ναδείῂρηκότων,</span> <span class='ocrx_word' id='word_1_659' title='bbox 975 4361 1157 4466; x_wconf 67' lang='grc' dir='ltr'>φωνὴν</span> <span class='ocrx_word' id='word_1_660' title='bbox 1190 4361 1256 4446; x_wconf 76' lang='grc' dir='ltr'><strong>ἐκ</strong></span> <span class='ocrx_word' id='word_1_661' title='bbox 1290 4393 1518 4459; x_wconf 87' lang='grc' dir='ltr'>πόλεως,</span> <span class='ocrx_word' id='word_1_662' title='bbox 1547 4392 1641 4444; x_wconf 79' lang='grc' dir='ltr'>καὶ</span> <span class='ocrx_word' id='word_1_663' title='bbox 1669 4361 1853 4460; x_wconf 66' lang='grc' dir='ltr'>φωνην</span> <span class='ocrx_word' id='word_1_664' title='bbox 1881 4392 1936 4442; x_wconf 74' lang='grc' dir='ltr'>ὲκ</span> 
     </span>
    </p>
   </div>
   <div class='ocr_carea' id='block_1_89' title="bbox 2037 4361 3633 4472">
    <p class='ocr_par' dir='ltr' id='par_1_89' title="bbox 2054 4362 3633 4435">
     <span class='ocr_line' id='line_1_89' title="bbox 2054 4362 3633 4435; baseline -0.011 -5"><span class='ocrx_word' id='word_1_665' title='bbox 2054 4393 2237 4433; x_wconf 86' lang='lat' dir='ltr'><strong>vocem</strong></span> <span class='ocrx_word' id='word_1_666' title='bbox 2260 4376 2327 4431; x_wconf 91' lang='lat' dir='ltr'><strong>de</strong></span> <span class='ocrx_word' id='word_1_667' title='bbox 2357 4373 2594 4435; x_wconf 87' lang='lat' dir='ltr'><strong>civitate,</strong></span> <span class='ocrx_word' id='word_1_668' title='bbox 2612 4381 2668 4425; x_wconf 89' lang='lat' dir='ltr'><strong>et</strong></span> <span class='ocrx_word' id='word_1_669' title='bbox 2691 4383 2874 4424; x_wconf 82' lang='lat' dir='ltr'><strong>vocem</strong></span> <span class='ocrx_word' id='word_1_670' title='bbox 2905 4368 2972 4422; x_wconf 91' lang='lat' dir='ltr'><strong>de</strong></span> <span class='ocrx_word' id='word_1_671' title='bbox 3007 4364 3204 4434; x_wconf 88' lang='lat' dir='ltr'><strong>templo</strong></span> <span class='ocrx_word' id='word_1_672' title='bbox 3254 4362 3452 4416; x_wconf 83' lang='lat' dir='ltr'><strong>editam</strong></span> <span class='ocrx_word' id='word_1_673' title='bbox 3513 4374 3633 4414; x_wconf 81' lang='lat' dir='ltr'><strong>esse</strong></span> 
     </span>
    </p>
   </div>
   <div class='ocr_carea' id='block_1_90' title="bbox 371 4484 1947 4564">
    <p class='ocr_par' dir='ltr' id='par_1_90' title="bbox 371 4484 1947 4564">
     <span class='ocr_line' id='line_1_90' title="bbox 371 4484 1947 4564; baseline -0.011 -13"><span class='ocrx_word' id='word_1_674' title='bbox 371 4496 503 4551; x_wconf 82' lang='grc' dir='ltr'>ναοῦ</span> <span class='ocrx_word' id='word_1_675' title='bbox 532 4494 782 4564; x_wconf 83' lang='grc' dir='ltr'>γενέσθαι</span> <span class='ocrx_word' id='word_1_676' title='bbox 813 4490 998 4562; x_wconf 70' lang='grc' dir='ltr'>φησὶν,</span> <span class='ocrx_word' id='word_1_677' title='bbox 1029 4488 1105 4550; x_wconf 83' lang='grc' dir='ltr'><strong>ὡς</strong></span> <span class='ocrx_word' id='word_1_678' title='bbox 1150 4485 1352 4554; x_wconf 71' lang='grc' dir='ltr'>ἀναμὶξ</span> <span class='ocrx_word' id='word_1_679' title='bbox 1385 4484 1682 4538; x_wconf 86' lang='grc' dir='ltr'>κλαιόντων</span> <span class='ocrx_word' id='word_1_680' title='bbox 1733 4484 1947 4553; x_wconf 85' lang='grc' dir='ltr'>ἱερουρ-</span> 
     </span>
    </p>
   </div>
   <div class='ocr_carea' id='block_1_91' title="bbox 371 4573 1946 4655">
    <p class='ocr_par' dir='ltr' id='par_1_91' title="bbox 371 4573 1946 4655">
     <span class='ocr_line' id='line_1_91' title="bbox 371 4573 1946 4655; baseline -0.01 -15"><span class='ocrx_word' id='word_1_681' title='bbox 371 4587 506 4655; x_wconf 84' lang='grc' dir='ltr'>γῶν,</span> <span class='ocrx_word' id='word_1_682' title='bbox 560 4587 654 4638; x_wconf 79' lang='grc' dir='ltr'>καὶ</span> <span class='ocrx_word' id='word_1_683' title='bbox 699 4579 1141 4654; x_wconf 86' lang='grc' dir='ltr'>συνθρηνούντων</span> <span class='ocrx_word' id='word_1_684' title='bbox 1188 4576 1438 4647; x_wconf 83' lang='grc' dir='ltr'>ἀλλήλοις</span> <span class='ocrx_word' id='word_1_685' title='bbox 1471 4575 1582 4627; x_wconf 88' lang='grc' dir='ltr'><strong>τῶν</strong></span> <span class='ocrx_word' id='word_1_686' title='bbox 1620 4573 1769 4627; x_wconf 89' lang='grc' dir='ltr'>λαῶν</span> <span class='ocrx_word' id='word_1_687' title='bbox 1792 4589 1806 4604; x_wconf 88' lang='grc'><strong>·</strong></span> <span class='ocrx_word' id='word_1_688' title='bbox 1851 4573 1946 4625; x_wconf 79' lang='grc' dir='ltr'>καὶ</span> 
     </span>
    </p>
   </div>
   <div class='ocr_carea' id='block_1_92' title="bbox 374 4667 1950 4747">
    <p class='ocr_par' dir='ltr' id='par_1_92' title="bbox 374 4667 1950 4747">
     <span class='ocr_line' id='line_1_92' title="bbox 374 4667 1950 4747; baseline -0.01 -17"><span class='ocrx_word' id='word_1_689' title='bbox 374 4679 485 4747; x_wconf 71' lang='grc' dir='ltr'>γὰρ</span> <span class='ocrx_word' id='word_1_690' title='bbox 514 4672 582 4747; x_wconf 76' lang='grc' dir='ltr'><strong>ἦν</strong></span> <span class='ocrx_word' id='word_1_691' title='bbox 615 4675 778 4736; x_wconf 79' lang='grc' dir='ltr'>εἰκὸς,</span> <span class='ocrx_word' id='word_1_692' title='bbox 813 4673 916 4740; x_wconf 79' lang='grc' dir='ltr'>τῆς</span> <span class='ocrx_word' id='word_1_693' title='bbox 950 4671 1045 4724; x_wconf 93' lang='grc' dir='ltr'><strong>τοῦ</strong></span> <span class='ocrx_word' id='word_1_694' title='bbox 1083 4669 1321 4739; x_wconf 86' lang='grc' dir='ltr'>πολέμου</span> <span class='ocrx_word' id='word_1_695' title='bbox 1359 4667 1641 4737; x_wconf 77' lang='grc' dir='ltr'>συμφορᾶς</span> <span class='ocrx_word' id='word_1_696' title='bbox 1669 4681 1950 4735; x_wconf 88' lang='grc' dir='ltr'>κατακρα-</span> 
     </span>
    </p>
   </div>
   <div class='ocr_carea' id='block_1_93' title="bbox 373 4753 1953 4836">
    <p class='ocr_par' dir='ltr' id='par_1_93' title="bbox 373 4753 1953 4836">
     <span class='ocr_line' id='line_1_93' title="bbox 373 4753 1953 4836; baseline -0.011 -14"><span class='ocrx_word' id='word_1_697' title='bbox 373 4767 572 4836; x_wconf 84' lang='grc' dir='ltr'>τούσης</span> <span class='ocrx_word' id='word_1_698' title='bbox 601 4764 800 4829; x_wconf 72' lang='grc' dir='ltr'>αὐτῶν,</span> <span class='ocrx_word' id='word_1_699' title='bbox 830 4763 1047 4832; x_wconf 86' lang='grc' dir='ltr'>θρηνεῖν</span> <span class='ocrx_word' id='word_1_700' title='bbox 1087 4777 1146 4814; x_wconf 89' lang='grc' dir='ltr'><strong>τε</strong></span> <span class='ocrx_word' id='word_1_701' title='bbox 1186 4760 1280 4813; x_wconf 75' lang='grc' dir='ltr'>καὶ</span> <span class='ocrx_word' id='word_1_702' title='bbox 1323 4756 1720 4828; x_wconf 79' lang='grc' dir='ltr'>ὀλοφύρεσθαι·</span> <span class='ocrx_word' id='word_1_703' title='bbox 1753 4755 1815 4807; x_wconf 87' lang='grc' dir='ltr'>οὑ</span> <span class='ocrx_word' id='word_1_704' title='bbox 1844 4753 1953 4824; x_wconf 83' lang='grc' dir='ltr'>γὰρ</span> 
     </span>
    </p>
   </div>
   <div class='ocr_carea' id='block_1_94' title="bbox 375 4846 1947 4930">
    <p class='ocr_par' dir='ltr' id='par_1_94' title="bbox 375 4846 1947 4930">
     <span class='ocr_line' id='line_1_94' title="bbox 375 4846 1947 4930; baseline -0.01 -17"><span class='ocrx_word' id='word_1_705' title='bbox 375 4855 444 4930; x_wconf 77' lang='grc' dir='ltr'>ἦν</span> <span class='ocrx_word' id='word_1_706' title='bbox 471 4859 761 4918; x_wconf 87' lang='grc' dir='ltr'>ἀπόνευσις</span> <span class='ocrx_word' id='word_1_707' title='bbox 807 4853 902 4906; x_wconf 88' lang='grc' dir='ltr'><strong>τοῦ</strong></span> <span class='ocrx_word' id='word_1_708' title='bbox 932 4852 1124 4914; x_wconf 85' lang='grc' dir='ltr'>κακοῦ,</span> <span class='ocrx_word' id='word_1_709' title='bbox 1160 4851 1368 4921; x_wconf 83' lang='grc' dir='ltr'>Κυρίου</span> <span class='ocrx_word' id='word_1_710' title='bbox 1387 4849 1444 4902; x_wconf 83' lang='grc' dir='ltr'><strong>δέ</strong></span> <span class='ocrx_word' id='word_1_711' title='bbox 1476 4848 1660 4918; x_wconf 82' lang='grc' dir='ltr'>φωνὴν</span> <span class='ocrx_word' id='word_1_712' title='bbox 1696 4846 1947 4916; x_wconf 84' lang='grc' dir='ltr'>γενέσθαι</span> 
     </span>
    </p>
   </div>
   <div class='ocr_carea' id='block_1_95' title="bbox 379 4939 1954 5022">
    <p class='ocr_par' dir='ltr' id='par_1_95' title="bbox 379 4939 1954 5022">
     <span class='ocr_line' id='line_1_95' title="bbox 379 4939 1954 5022; baseline -0.009 -17"><span class='ocrx_word' id='word_1_713' title='bbox 379 4951 544 5022; x_wconf 72' lang='grc' dir='ltr'>φησὶν</span> <span class='ocrx_word' id='word_1_714' title='bbox 573 4967 592 5000; x_wconf 83' lang='lat' dir='ltr'><strong>t</strong></span> <span class='ocrx_word' id='word_1_715' title='bbox 627 4946 1070 5008; x_wconf 83' lang='grc' dir='ltr'>ἀνταποδιδόντος</span> <span class='ocrx_word' id='word_1_716' title='bbox 1101 4942 1463 4998; x_wconf 87' lang='grc' dir='ltr'>ἀνταπόδοσιν</span> <span class='ocrx_word' id='word_1_717' title='bbox 1503 4945 1615 5005; x_wconf 84' lang='grc' dir='ltr'>τοῖς</span> <span class='ocrx_word' id='word_1_718' title='bbox 1644 4939 1954 5009; x_wconf 86' lang='grc' dir='ltr'>ἀντικειμέ-</span> 
     </span>
    </p>
   </div>
   <div class='ocr_carea' id='block_1_96' title="bbox 379 5029 1952 5105">
    <p class='ocr_par' dir='ltr' id='par_1_96' title="bbox 379 5029 1952 5105">
     <span class='ocr_line' id='line_1_96' title="bbox 379 5029 1952 5105; baseline -0.008 -13"><span class='ocrx_word' id='word_1_719' title='bbox 379 5059 511 5105; x_wconf 86' lang='grc' dir='ltr'>νοις,</span> <span class='ocrx_word' id='word_1_720' title='bbox 551 5059 568 5091; x_wconf 77' lang='grc' dir='ltr'><strong>ι</strong></span> <span class='ocrx_word' id='word_1_721' title='bbox 606 5033 718 5091; x_wconf 78' lang='grc' dir='ltr'>οἷον</span> <span class='ocrx_word' id='word_1_722' title='bbox 770 5037 1150 5098; x_wconf 75' lang='grc' dir='ltr'>ἐπιτάττοντος</span> <span class='ocrx_word' id='word_1_723' title='bbox 1200 5033 1296 5086; x_wconf 76' lang='grc' dir='ltr'>καὶ</span> <span class='ocrx_word' id='word_1_724' title='bbox 1340 5029 1788 5100; x_wconf 85' lang='grc' dir='ltr'>διακελευομένου</span> <span class='ocrx_word' id='word_1_725' title='bbox 1838 5030 1952 5090; x_wconf 83' lang='grc' dir='ltr'>τοῖς</span> 
     </span>
    </p>
   </div>
   <div class='ocr_carea' id='block_1_97' title="bbox 380 5121 1950 5204">
    <p class='ocr_par' dir='ltr' id='par_1_97' title="bbox 380 5121 1950 5204">
     <span class='ocr_line' id='line_1_97' title="bbox 380 5121 1950 5204; baseline -0.01 -16"><span class='ocrx_word' id='word_1_726' title='bbox 380 5133 743 5204; x_wconf 85' lang='grc' dir='ltr'>όλοθρευταῖς,</span> <span class='ocrx_word' id='word_1_727' title='bbox 786 5127 1063 5198; x_wconf 82' lang='grc' dir='ltr'>φείδεσθαι</span> <span class='ocrx_word' id='word_1_728' title='bbox 1108 5125 1218 5179; x_wconf 86' lang='grc' dir='ltr'><strong>τῶν</strong></span> <span class='ocrx_word' id='word_1_729' title='bbox 1261 5124 1498 5178; x_wconf 83' lang='grc' dir='ltr'>ἁλόντων</span> <span class='ocrx_word' id='word_1_730' title='bbox 1544 5121 1783 5184; x_wconf 84' lang='grc' dir='ltr'>οὐδενὸς,</span> <span class='ocrx_word' id='word_1_731' title='bbox 1826 5122 1950 5174; x_wconf 84' lang='grc' dir='ltr'>ἐπι-</span> 
     </span>
    </p>
   </div>
   <div class='ocr_carea' id='block_1_98' title="bbox 383 5210 1956 5294">
    <p class='ocr_par' dir='ltr' id='par_1_98' title="bbox 383 5210 1956 5294">
     <span class='ocr_line' id='line_1_98' title="bbox 383 5210 1956 5294; baseline -0.009 -16"><span class='ocrx_word' id='word_1_732' title='bbox 383 5226 557 5294; x_wconf 74' lang='grc' dir='ltr'>πηδᾷν</span> <span class='ocrx_word' id='word_1_733' title='bbox 585 5223 640 5275; x_wconf 82' lang='grc' dir='ltr'>δὲ</span> <span class='ocrx_word' id='word_1_734' title='bbox 669 5221 867 5292; x_wconf 81' lang='grc' dir='ltr'>μᾶλλον</span> <span class='ocrx_word' id='word_1_735' title='bbox 898 5219 1106 5289; x_wconf 89' lang='grc' dir='ltr'>ἀγρίως</span> <span class='ocrx_word' id='word_1_736' title='bbox 1125 5220 1240 5281; x_wconf 89' lang='grc' dir='ltr'>τοῖς</span> <span class='ocrx_word' id='word_1_737' title='bbox 1265 5213 1684 5284; x_wconf 85' lang='grc' dir='ltr'>ἀντικειμένοις,</span> <span class='ocrx_word' id='word_1_738' title='bbox 1712 5212 1808 5266; x_wconf 74' lang='grc' dir='ltr'>καὶ</span> <span class='ocrx_word' id='word_1_739' title='bbox 1839 5210 1956 5265; x_wconf 83' lang='grc' dir='ltr'>οὕτι</span> 
     </span>
    </p>
   </div>
   <div class='ocr_carea' id='block_1_99' title="bbox 383 5303 1953 5377">
    <p class='ocr_par' dir='ltr' id='par_1_99' title="bbox 383 5303 1953 5377">
     <span class='ocr_line' id='line_1_99' title="bbox 383 5303 1953 5377; baseline -0.01 -6"><span class='ocrx_word' id='word_1_740' title='bbox 383 5334 486 5371; x_wconf 82' lang='grc' dir='ltr'><strong>που</strong></span> <span class='ocrx_word' id='word_1_741' title='bbox 533 5315 750 5375; x_wconf 78' lang='grc' dir='ltr'>πάντως</span> <span class='ocrx_word' id='word_1_742' title='bbox 800 5312 922 5373; x_wconf 84' lang='grc' dir='ltr'>ταῖς</span> <span class='ocrx_word' id='word_1_743' title='bbox 975 5309 1086 5363; x_wconf 87' lang='grc' dir='ltr'><strong>τῶν</strong></span> <span class='ocrx_word' id='word_1_744' title='bbox 1129 5306 1510 5377; x_wconf 88' lang='grc' dir='ltr'>πολεμούντων</span> <span class='ocrx_word' id='word_1_745' title='bbox 1549 5306 1767 5375; x_wconf 81' lang='grc' dir='ltr'>ὁρμαῖς,</span> <span class='ocrx_word' id='word_1_746' title='bbox 1816 5303 1953 5356; x_wconf 88' lang='grc' dir='ltr'><strong>ἀλλά</strong></span> 
     </span>
    </p>
   </div>
   <div class='ocr_carea' id='block_1_100' title="bbox 380 5395 1959 5476">
    <p class='ocr_par' dir='ltr' id='par_1_100' title="bbox 380 5395 1959 5476">
     <span class='ocr_line' id='line_1_100' title="bbox 380 5395 1959 5476; baseline -0.008 -17"><span class='ocrx_word' id='word_1_747' title='bbox 380 5406 491 5476; x_wconf 78' lang='grc' dir='ltr'>γὰρ</span> <span class='ocrx_word' id='word_1_748' title='bbox 533 5404 800 5474; x_wconf 82' lang='grc' dir='ltr'>θελήμασι</span> <span class='ocrx_word' id='word_1_749' title='bbox 842 5404 955 5464; x_wconf 84' lang='grc' dir='ltr'>τοῖς</span> <span class='ocrx_word' id='word_1_750' title='bbox 997 5400 1338 5460; x_wconf 61' lang='grc' dir='ltr'>δεσποτικῶς</span> <span class='ocrx_word' id='word_1_751' title='bbox 1375 5413 1390 5427; x_wconf 77' lang='grc' dir='ltr'><strong>ο</strong></span> <span class='ocrx_word' id='word_1_752' title='bbox 1415 5395 1574 5450; x_wconf 89' lang='grc' dir='ltr'>τοῦτο</span> <span class='ocrx_word' id='word_1_753' title='bbox 1626 5396 1735 5465; x_wconf 90' lang='grc' dir='ltr'><strong>γάρ</strong></span> <span class='ocrx_word' id='word_1_754' title='bbox 1771 5395 1959 5459; x_wconf 85' lang='grc' dir='ltr'>αὐτοῖς</span> 
     </span>
    </p>
   </div>
   <div class='ocr_carea' id='block_1_101' title="bbox 381 5488 1746 5569">
    <p class='ocr_par' dir='ltr' id='par_1_101' title="bbox 381 5488 1746 5569">
     <span class='ocr_line' id='line_1_101' title="bbox 381 5488 1746 5569; baseline -0.01 -17"><span class='ocrx_word' id='word_1_755' title='bbox 381 5498 574 5568; x_wconf 78' lang='grc' dir='ltr'>γέγονε</span> <span class='ocrx_word' id='word_1_756' title='bbox 607 5497 862 5569; x_wconf 82' lang='grc' dir='ltr'>πρόξενον</span> <span class='ocrx_word' id='word_1_757' title='bbox 889 5493 984 5546; x_wconf 91' lang='grc' dir='ltr'><strong>τοῦ</strong></span> <span class='ocrx_word' id='word_1_758' title='bbox 1016 5493 1112 5546; x_wconf 75' lang='grc' dir='ltr'>καὶ</span> <span class='ocrx_word' id='word_1_759' title='bbox 1144 5491 1368 5553; x_wconf 86' lang='grc' dir='ltr'>ἁλῶναι,</span> <span class='ocrx_word' id='word_1_760' title='bbox 1397 5489 1491 5542; x_wconf 79' lang='grc' dir='ltr'>καὶ</span> <span class='ocrx_word' id='word_1_761' title='bbox 1530 5488 1746 5541; x_wconf 87' lang='grc' dir='ltr'>παθεῖν.</span> 
     </span>
    </p>
   </div>
   <div class='ocr_carea' id='block_1_102' title="bbox 456 5577 1959 5658">
    <p class='ocr_par' dir='ltr' id='par_1_102' title="bbox 456 5577 1959 5658">
     <span class='ocr_line' id='line_1_102' title="bbox 456 5577 1959 5658; baseline -0.008 -14"><span class='ocrx_word' id='word_1_762' title='bbox 456 5589 604 5658; x_wconf 72' lang='grc' dir='ltr'>Πρὶν</span> <span class='ocrx_word' id='word_1_763' title='bbox 628 5587 667 5657; x_wconf 80' lang='grc' dir='ltr'><strong>ἣ</strong></span> <span class='ocrx_word' id='word_1_764' title='bbox 707 5587 822 5655; x_wconf 76' lang='grc' dir='ltr'>τὴν</span> <span class='ocrx_word' id='word_1_765' title='bbox 846 5585 1192 5640; x_wconf 78' lang='grc' dir='ltr'>ὠδίνουσαν</span> <span class='ocrx_word' id='word_1_766' title='bbox 1212 5581 1427 5647; x_wconf 81' lang='grc' dir='ltr'>τεκεῖν,</span> <span class='ocrx_word' id='word_1_767' title='bbox 1459 5579 1600 5649; x_wconf 75' lang='grc' dir='ltr'>πρὶν</span> <span class='ocrx_word' id='word_1_768' title='bbox 1627 5577 1830 5634; x_wconf 68' lang='grc' dir='ltr'>ἐλθεῖν</span> <span class='ocrx_word' id='word_1_769' title='bbox 1855 5578 1959 5632; x_wconf 81' lang='grc' dir='ltr'>τὸν</span> 
     </span>
    </p>
   </div>
   <div class='ocr_carea' id='block_1_103' title="bbox 456 5755 1531 5830">
    <p class='ocr_par' dir='ltr' id='par_1_103' title="bbox 456 5755 1531 5830">
     <span class='ocr_line' id='line_1_103' title="bbox 456 5755 1531 5830; baseline -0.012 -9"><span class='ocrx_word' id='word_1_770' title='bbox 456 5765 501 5799; x_wconf 73' lang='grc'>⁸⁸</span> <span class='ocrx_word' id='word_1_771' title='bbox 533 5765 684 5821; x_wconf 83' lang='lat' dir='ltr'><strong>Deut.</strong></span> <span class='ocrx_word' id='word_1_772' title='bbox 720 5780 816 5830; x_wconf 83' lang='lat' dir='ltr'><strong>vn,</strong></span> <span class='ocrx_word' id='word_1_773' title='bbox 852 5766 888 5816; x_wconf 72' lang='lat'><strong>2</strong></span> <span class='ocrx_word' id='word_1_774' title='bbox 919 5763 969 5817; x_wconf 55' lang='grc' dir='ltr'>τί.</span> <span class='ocrx_word' id='word_1_775' title='bbox 1048 5761 1092 5794; x_wconf 78' lang='grc' dir='ltr'><strong><em>ὀ</em></strong></span> <span class='ocrx_word' id='word_1_776' title='bbox 1117 5758 1312 5830; x_wconf 77' lang='lat' dir='ltr'><strong>Ephes.</strong></span> <span class='ocrx_word' id='word_1_777' title='bbox 1353 5773 1412 5824; x_wconf 87' lang='lat' dir='ltr'><strong>ll,</strong></span> <span class='ocrx_word' id='word_1_778' title='bbox 1449 5755 1531 5809; x_wconf 77' lang='lat' dir='ltr'><strong>M.</strong></span> 
     </span>
    </p>
   </div>
   <div class='ocr_carea' id='block_1_104' title="bbox 2054 4451 3631 4530">
    <p class='ocr_par' dir='ltr' id='par_1_104' title="bbox 2054 4451 3631 4530">
     <span class='ocr_line' id='line_1_104' title="bbox 2054 4451 3631 4530; baseline -0.014 -6"><span class='ocrx_word' id='word_1_779' title='bbox 2054 4469 2204 4530; x_wconf 87' lang='lat' dir='ltr'><strong>dicit,</strong></span> <span class='ocrx_word' id='word_1_780' title='bbox 2227 4477 2282 4522; x_wconf 91' lang='lat' dir='ltr'><strong>et</strong></span> <span class='ocrx_word' id='word_1_781' title='bbox 2321 4466 2693 4520; x_wconf 89' lang='lat' dir='ltr'><strong>ministrorum</strong></span> <span class='ocrx_word' id='word_1_782' title='bbox 2744 4458 2902 4516; x_wconf 87' lang='lat' dir='ltr'><strong>simul</strong></span> <span class='ocrx_word' id='word_1_783' title='bbox 2986 4473 3108 4512; x_wconf 91' lang='lat' dir='ltr'><strong>cum</strong></span> <span class='ocrx_word' id='word_1_784' title='bbox 3143 4453 3336 4524; x_wconf 86' lang='lat' dir='ltr'><strong>populo</strong></span> <span class='ocrx_word' id='word_1_785' title='bbox 3367 4451 3631 4512; x_wconf 87' lang='lat' dir='ltr'><strong>flentium,</strong></span> 
     </span>
    </p>
   </div>
   <div class='ocr_carea' id='block_1_105' title="bbox 2053 4541 3637 4624">
    <p class='ocr_par' dir='ltr' id='par_1_105' title="bbox 2053 4541 3637 4624">
     <span class='ocr_line' id='line_1_105' title="bbox 2053 4541 3637 4624; baseline -0.015 -9"><span class='ocrx_word' id='word_1_786' title='bbox 2053 4570 2108 4616; x_wconf 91' lang='lat' dir='ltr'><strong>et</strong></span> <span class='ocrx_word' id='word_1_787' title='bbox 2138 4561 2279 4613; x_wconf 91' lang='lat' dir='ltr'><strong>inter</strong></span> <span class='ocrx_word' id='word_1_788' title='bbox 2297 4573 2357 4612; x_wconf 89' lang='lat' dir='ltr'><strong>se</strong></span> <span class='ocrx_word' id='word_1_789' title='bbox 2381 4552 2850 4624; x_wconf 88' lang='lat' dir='ltr'><strong>complorantium.</strong></span> <span class='ocrx_word' id='word_1_790' title='bbox 2884 4548 3018 4603; x_wconf 83' lang='lat' dir='ltr'><strong>Nam</strong></span> <span class='ocrx_word' id='word_1_791' title='bbox 3048 4562 3167 4601; x_wconf 92' lang='lat' dir='ltr'><strong>cum</strong></span> <span class='ocrx_word' id='word_1_792' title='bbox 3203 4545 3328 4600; x_wconf 88' lang='lat' dir='ltr'><strong>belli</strong></span> <span class='ocrx_word' id='word_1_793' title='bbox 3359 4541 3637 4597; x_wconf 81' lang='lat' dir='ltr'><strong>calamita-</strong></span> 
     </span>
    </p>
   </div>
   <div class='ocr_carea' id='block_1_106' title="bbox 2061 4631 3634 4714">
    <p class='ocr_par' dir='ltr' id='par_1_106' title="bbox 2061 4631 3634 4714">
     <span class='ocr_line' id='line_1_106' title="bbox 2061 4631 3634 4714; baseline -0.014 -9"><span class='ocrx_word' id='word_1_794' title='bbox 2061 4653 2203 4706; x_wconf 90' lang='lat' dir='ltr'><strong>tibus</strong></span> <span class='ocrx_word' id='word_1_795' title='bbox 2232 4649 2464 4703; x_wconf 87' lang='lat' dir='ltr'><strong>ferendis</strong></span> <span class='ocrx_word' id='word_1_796' title='bbox 2486 4661 2644 4714; x_wconf 87' lang='lat' dir='ltr'><strong>pares</strong></span> <span class='ocrx_word' id='word_1_797' title='bbox 2695 4659 2800 4699; x_wconf 90' lang='lat' dir='ltr'><strong>non</strong></span> <span class='ocrx_word' id='word_1_798' title='bbox 2835 4649 3039 4704; x_wconf 86' lang='lat' dir='ltr'><strong>essent,</strong></span> <span class='ocrx_word' id='word_1_799' title='bbox 3069 4639 3197 4692; x_wconf 84' lang='lat' dir='ltr'><strong>flere</strong></span> <span class='ocrx_word' id='word_1_800' title='bbox 3245 4651 3341 4690; x_wconf 85' lang='lat' dir='ltr'><strong>eos</strong></span> <span class='ocrx_word' id='word_1_801' title='bbox 3391 4648 3489 4702; x_wconf 87' lang='lat' dir='ltr'><strong>par</strong></span> <span class='ocrx_word' id='word_1_802' title='bbox 3531 4631 3634 4686; x_wconf 90' lang='lat' dir='ltr'><strong>fuit</strong></span> 
     </span>
    </p>
   </div>
   <div class='ocr_carea' id='block_1_107' title="bbox 2059 4723 3632 4811">
    <p class='ocr_par' dir='ltr' id='par_1_107' title="bbox 2059 4723 3632 4811">
     <span class='ocr_line' id='line_1_107' title="bbox 2059 4723 3632 4811; baseline -0.013 -14"><span class='ocrx_word' id='word_1_803' title='bbox 2059 4753 2114 4797; x_wconf 84' lang='lat' dir='ltr'><strong>et</strong></span> <span class='ocrx_word' id='word_1_804' title='bbox 2147 4742 2380 4811; x_wconf 87' lang='lat' dir='ltr'><strong>plorare.</strong></span> <span class='ocrx_word' id='word_1_805' title='bbox 2415 4737 2567 4792; x_wconf 85' lang='lat' dir='ltr'><strong>Nulla</strong></span> <span class='ocrx_word' id='word_1_806' title='bbox 2626 4737 2772 4791; x_wconf 89' lang='lat' dir='ltr'><strong>enim</strong></span> <span class='ocrx_word' id='word_1_807' title='bbox 2790 4743 2909 4788; x_wconf 89' lang='lat' dir='ltr'><strong>erat</strong></span> <span class='ocrx_word' id='word_1_808' title='bbox 2940 4732 3065 4785; x_wconf 88' lang='lat' dir='ltr'><strong>mali</strong></span> <span class='ocrx_word' id='word_1_809' title='bbox 3106 4729 3379 4784; x_wconf 83' lang='lat' dir='ltr'><strong>evitatio.t</strong></span> <span class='ocrx_word' id='word_1_810' title='bbox 3421 4723 3632 4778; x_wconf 89' lang='lat' dir='ltr'><strong>Domini</strong></span> 
     </span>
    </p>
   </div>
   <div class='ocr_carea' id='block_1_108' title="bbox 2059 4815 3631 4892">
    <p class='ocr_par' dir='ltr' id='par_1_108' title="bbox 2059 4815 3631 4892">
     <span class='ocr_line' id='line_1_108' title="bbox 2059 4815 3631 4892; baseline -0.014 -4"><span class='ocrx_word' id='word_1_811' title='bbox 2059 4845 2239 4888; x_wconf 85' lang='lat' dir='ltr'><strong>autem</strong></span> <span class='ocrx_word' id='word_1_812' title='bbox 2301 4845 2490 4886; x_wconf 88' lang='lat' dir='ltr'><strong>vocem</strong></span> <span class='ocrx_word' id='word_1_813' title='bbox 2545 4829 2709 4883; x_wconf 88' lang='lat' dir='ltr'><strong>fuisse</strong></span> <span class='ocrx_word' id='word_1_814' title='bbox 2769 4825 2935 4892; x_wconf 90' lang='lat' dir='ltr'><strong>dicit,</strong></span> <span class='ocrx_word' id='word_1_815' title='bbox 2987 4820 3336 4877; x_wconf 84' lang='lat' dir='ltr'><strong>retribuentis</strong></span> <span class='ocrx_word' id='word_1_816' title='bbox 3388 4815 3631 4870; x_wconf 87' lang='lat' dir='ltr'><strong>retribu-</strong></span> 
     </span>
    </p>
   </div>
   <div class='ocr_carea' id='block_1_109' title="bbox 2061 4911 3621 4986">
    <p class='ocr_par' dir='ltr' id='par_1_109' title="bbox 2061 4911 3621 4986">
     <span class='ocr_line' id='line_1_109' title="bbox 2061 4911 3621 4986; baseline -0.012 -8"><span class='ocrx_word' id='word_1_817' title='bbox 2061 4926 2260 4979; x_wconf 89' lang='lat' dir='ltr'><strong>tionem</strong></span> <span class='ocrx_word' id='word_1_818' title='bbox 2317 4921 2663 4984; x_wconf 86' lang='lat' dir='ltr'><strong>adversariis,</strong></span> <span class='ocrx_word' id='word_1_819' title='bbox 2693 4938 2712 4972; x_wconf 78' lang='grc' dir='ltr'><strong>ι</strong></span> <span class='ocrx_word' id='word_1_820' title='bbox 2748 4927 2804 4972; x_wconf 83' lang='lat' dir='ltr'><strong>et</strong></span> <span class='ocrx_word' id='word_1_821' title='bbox 2847 4916 3212 4986; x_wconf 66' lang='lat' dir='ltr'><strong>praecipientis</strong></span> <span class='ocrx_word' id='word_1_822' title='bbox 3250 4927 3315 4966; x_wconf 85' lang='lat' dir='ltr'><strong>ac</strong></span> <span class='ocrx_word' id='word_1_823' title='bbox 3342 4911 3621 4978; x_wconf 83' lang='lat' dir='ltr'><strong>imperau-</strong></span> 
     </span>
    </p>
   </div>
   <div class='ocr_carea' id='block_1_110' title="bbox 2061 4999 3633 5081">
    <p class='ocr_par' dir='ltr' id='par_1_110' title="bbox 2061 4999 3633 5081">
     <span class='ocr_line' id='line_1_110' title="bbox 2061 4999 3633 5081; baseline -0.013 -10"><span class='ocrx_word' id='word_1_824' title='bbox 2061 5019 2130 5071; x_wconf 88' lang='lat' dir='ltr'><strong>t-is</strong></span> <span class='ocrx_word' id='word_1_825' title='bbox 2181 5015 2540 5069; x_wconf 84' lang='lat' dir='ltr'><strong>vastatoribus</strong></span> <span class='ocrx_word' id='word_1_826' title='bbox 2580 5021 2649 5081; x_wconf 72' lang='grc' dir='ltr'>,ιιι</span> <span class='ocrx_word' id='word_1_827' title='bbox 2697 5009 2896 5064; x_wconf 89' lang='lat' dir='ltr'><strong>nullius</strong></span> <span class='ocrx_word' id='word_1_828' title='bbox 2949 5007 3148 5075; x_wconf 82' lang='lat' dir='ltr'><strong>captivi</strong></span> <span class='ocrx_word' id='word_1_829' title='bbox 3205 4999 3633 5058; x_wconf 84' lang='lat' dir='ltr'><strong>misericordiam</strong></span> 
     </span>
    </p>
   </div>
   <div class='ocr_carea' id='block_1_111' title="bbox 2057 5091 3633 5177">
    <p class='ocr_par' dir='ltr' id='par_1_111' title="bbox 2057 5091 3633 5177">
     <span class='ocr_line' id='line_1_111' title="bbox 2057 5091 3633 5177; baseline -0.011 -15"><span class='ocrx_word' id='word_1_830' title='bbox 2057 5109 2293 5177; x_wconf 83' lang='lat' dir='ltr'><strong>capiant,</strong></span> <span class='ocrx_word' id='word_1_831' title='bbox 2323 5107 2414 5161; x_wconf 83' lang='lat' dir='ltr'><strong>sed</strong></span> <span class='ocrx_word' id='word_1_832' title='bbox 2449 5115 2509 5160; x_wconf 93' lang='lat' dir='ltr'><strong>ut</strong></span> <span class='ocrx_word' id='word_1_833' title='bbox 2537 5104 2825 5159; x_wconf 75' lang='lat' dir='ltr'><strong>crudeliter</strong></span> <span class='ocrx_word' id='word_1_834' title='bbox 2854 5101 3090 5156; x_wconf 89' lang='lat' dir='ltr'><strong>insiliant</strong></span> <span class='ocrx_word' id='word_1_835' title='bbox 3152 5098 3205 5152; x_wconf 91' lang='lat' dir='ltr'><strong>in</strong></span> <span class='ocrx_word' id='word_1_836' title='bbox 3254 5091 3633 5154; x_wconf 74' lang='lat' dir='ltr'><strong>adversarios;</strong></span> 
     </span>
    </p>
   </div>
   <div class='ocr_carea' id='block_1_112' title="bbox 2058 5178 3633 5256">
    <p class='ocr_par' dir='ltr' id='par_1_112' title="bbox 2058 5178 3633 5256">
     <span class='ocr_line' id='line_1_112' title="bbox 2058 5178 3633 5256; baseline -0.014 -3"><span class='ocrx_word' id='word_1_837' title='bbox 2058 5213 2159 5253; x_wconf 85' lang='lat' dir='ltr'><strong>nec</strong></span> <span class='ocrx_word' id='word_1_838' title='bbox 2180 5194 2559 5250; x_wconf 84' lang='lat' dir='ltr'><strong>tantummodo</strong></span> <span class='ocrx_word' id='word_1_839' title='bbox 2588 5191 2902 5246; x_wconf 87' lang='lat' dir='ltr'><strong>bellantium</strong></span> <span class='ocrx_word' id='word_1_840' title='bbox 2937 5191 3159 5256; x_wconf 86' lang='lat' dir='ltr'><strong>impetu,</strong></span> <span class='ocrx_word' id='word_1_841' title='bbox 3191 5185 3283 5240; x_wconf 85' lang='lat' dir='ltr'><strong>sed</strong></span> <span class='ocrx_word' id='word_1_842' title='bbox 3321 5192 3376 5237; x_wconf 91' lang='lat' dir='ltr'><strong>et</strong></span> <span class='ocrx_word' id='word_1_843' title='bbox 3431 5178 3633 5234; x_wconf 87' lang='lat' dir='ltr'><strong>domini</strong></span> 
     </span>
    </p>
   </div>
   <div class='ocr_carea' id='block_1_113' title="bbox 2059 5275 3638 5346">
    <p class='ocr_par' dir='ltr' id='par_1_113' title="bbox 2059 5275 3638 5346">
     <span class='ocr_line' id='line_1_113' title="bbox 2059 5275 3638 5346; baseline -0.015 -3"><span class='ocrx_word' id='word_1_844' title='bbox 2059 5285 2486 5346; x_wconf 86' lang='lat' dir='ltr'><strong>voluntate.-llnc</strong></span> <span class='ocrx_word' id='word_1_845' title='bbox 2517 5283 2659 5338; x_wconf 89' lang='lat' dir='ltr'><strong>enim</strong></span> <span class='ocrx_word' id='word_1_846' title='bbox 2691 5282 2799 5336; x_wconf 89' lang='lat' dir='ltr'><strong>illis</strong></span> <span class='ocrx_word' id='word_1_847' title='bbox 2831 5282 2886 5336; x_wconf 93' lang='lat' dir='ltr'><strong>in</strong></span> <span class='ocrx_word' id='word_1_848' title='bbox 2907 5293 3069 5336; x_wconf 85' lang='lat' dir='ltr'><strong>causa</strong></span> <span class='ocrx_word' id='word_1_849' title='bbox 3101 5275 3220 5342; x_wconf 89' lang='lat' dir='ltr'><strong>fuit,</strong></span> <span class='ocrx_word' id='word_1_850' title='bbox 3255 5289 3353 5330; x_wconf 88' lang='lat' dir='ltr'><strong>cur</strong></span> <span class='ocrx_word' id='word_1_851' title='bbox 3379 5283 3638 5338; x_wconf 81' lang='lat' dir='ltr'><strong>caperen-</strong></span> 
     </span>
    </p>
   </div>
   <div class='ocr_carea' id='block_1_114' title="bbox 2063 5375 2633 5446">
    <p class='ocr_par' dir='ltr' id='par_1_114' title="bbox 2063 5375 2633 5446">
     <span class='ocr_line' id='line_1_114' title="bbox 2063 5375 2633 5446; baseline -0.014 -13"><span class='ocrx_word' id='word_1_852' title='bbox 2063 5389 2152 5434; x_wconf 88' lang='lat' dir='ltr'><strong>tur</strong></span> <span class='ocrx_word' id='word_1_853' title='bbox 2182 5387 2234 5431; x_wconf 89' lang='lat' dir='ltr'><strong>et</strong></span> <span class='ocrx_word' id='word_1_854' title='bbox 2253 5375 2633 5446; x_wconf 72' lang='lat' dir='ltr'><strong>afﬂigerentur.</strong></span> 
     </span>
    </p>
   </div>
   <div class='ocr_carea' id='block_1_115' title="bbox 2141 5559 3634 5638">
    <p class='ocr_par' dir='ltr' id='par_1_115' title="bbox 2141 5559 3634 5638">
     <span class='ocr_line' id='line_1_115' title="bbox 2141 5559 3634 5638; baseline -0.016 -9"><span class='ocrx_word' id='word_1_855' title='bbox 2141 5574 2300 5629; x_wconf 70' lang='lat' dir='ltr'><strong>Vens.</strong></span> <span class='ocrx_word' id='word_1_856' title='bbox 2342 5573 2457 5629; x_wconf 55' lang='lat'><strong>7.9.</strong></span> <span class='ocrx_word' id='word_1_857' title='bbox 2482 5570 2771 5638; x_wconf 74' lang='lat' dir='ltr'><strong>Antequam</strong></span> <span class='ocrx_word' id='word_1_858' title='bbox 2799 5559 3100 5633; x_wconf 76' lang='lat' dir='ltr'><strong>parturiens</strong></span> <span class='ocrx_word' id='word_1_859' title='bbox 3117 5564 3316 5626; x_wconf 71' lang='lat' dir='ltr'><strong>pareat,</strong></span> <span class='ocrx_word' id='word_1_860' title='bbox 3354 5561 3634 5623; x_wconf 70' lang='lat' dir='ltr'><strong>atueqttttnt</strong></span> 
     </span>
    </p>
   </div>
  </div>
