4134 6302
560 303 700 362 H55

1555 315 1611 370 S.
1653 315 1926 371 CYRILLI
1958 318 2430 376 ALEXANDRINI
2466 322 2786 379 ARCHIEP.

3680 329 3808 386 1456

556 447 725 500 seniat
755 451 906 502 labor
932 453 1338 520 parturiginum,
1365 453 1570 523 effugit,
1617 466 1664 508 et
1711 458 1904 524 peperit
1933 475 2118 511 mascu‘

2238 441 2430 494 πόνον
2477 439 2597 494 τῶν
2631 441 2860 494 ὠδίνων
2891 442 3173 510 ἐξέφυγε,
3204 442 3303 494 καὶ
3357 441 3564 516 ἔτεκεν
3596 439 3807 508 ἄρσεν.

557 538 686 592 tum.
719 539 849 604 Quis
867 541 1064 594 audivit
1104 543 1231 595 tales
1249 544 1274 595 Ρ
1306 547 1480 611 etquis
1511 546 1638 598 vidi!
1657 548 1758 600 sic?
1783 545 1926 601 Num
1950 561 2135 617 partu-

559 630 679 682 rivit
722 640 866 684 terra
915 648 1018 685 uno
1061 633 1164 696 die,
1191 637 1457 688 autetiam
1486 639 1695 690 condita
1719 648 1796 692 est
1846 657 1971 707 gens
2024 649 2133 694 tota

556 720 741 782 simul,
785 722 908 789 quia
962 726 1260 790 parturivit,
1288 735 1335 778 et
1356 728 1546 794 peperit
1591 726 1720 782 Sion
1753 729 1943 784 liberos
1969 732 2136 784 suos?

559 810 669 878 Ego
694 823 864 866 autent
893 815 1013 867 dedi
1038 821 1469 882 exspectationem
1493 821 1648 884 hanc,
1673 832 1718 874 et
1751 839 1850 875 non
1895 825 2134 877 recorda-

558 912 610 955 ta
625 909 698 954 est
715 906 836 966 mei,
859 905 991 959 dixit
1015 906 1287 962 Dominus.
1316 909 1503 965 Nonne
1523 928 1612 982 ego
1640 915 1922 973 parientem
1963 924 2012 969 et
2031 925 2133 969 ste-

559 993 703 1045 rilem
734 993 850 1059 feri,
871 997 1006 1049 dixit
1037 997 1287 1052 Dominus
1307 1002 1332 1052 Ρ

629 1085 824 1138 lterum
867 1089 1024 1142 docet
1053 1105 1154 1144 non
1182 1091 1422 1145 fumlitus
1459 1093 1722 1160 perditum
1755 1095 1819 1149 iri
1853 1093 2127 1152 lsraelem.

557 1171 846 1243 Postquam
879 1179 1020 1232 enim
1053 1180 1106 1232 in
1161 1183 1472 1236 universum
1531 1185 1777 1252 praedixit
1831 1183 2127 1242 Jerusalem

555 1269 1164 1335 captivitatem;rursus
1187 1274 1346 1344 911
1403 1276 1533 1330 facit
1586 1278 1917 1332 mentionem
2000 1281 2128 1334 reli-

555 1375 806 1428 quiarum
840 1377 904 1416 ex
943 1363 1223 1419 electione.
1269 1365 1490 1422 Servata
1529 1379 1610 1423 est
1633 1371 1774 1423 enim
1812 1387 1916 1424 non
1937 1373 2127 1441 exigua

555 1452 863 1516 multitudo,
884 1467 980 1521 per
1011 1455 1169 1509 ﬁdem
1195 1458 1444 1512 videlicet
1475 1459 1525 1511 in
1551 1457 1786 1513 Christo.
1811 1460 1923 1514 Hoc
1947 1470 2125 1515 autem

554 1543 860 1610 signiﬁcare
882 1545 1042 1600 vult:
1094 1547 1418 1602 Debacchati
1455 1549 1599 1601 enim
1667 1557 1793 1603 sunt
1847 1551 1899 1602 in
1955 1551 2124 1618 ipsum

553 1630 746 1696 ιηιιωι,
775 1644 829 1686 et
853 1636 1149 1704 principem
1187 1637 1312 1691 vitae
1371 1638 1779 1704 interfecerunt.
1833 1639 2124 1709 Postquam

556 1729 735 1774 autem
769 1725 985 1788 revixit,
1036 1727 1240 1780 calcata
1298 1737 1490 1791 morte,
1535 1729 1799 1798 rediitque
1852 1731 1920 1784 ad
1967 1733 2128 1784 cmic-

2239 533 2334 597 Τίς
2363 530 2591 598 ἢκουσε
2624 533 2913 597 τοιοῦτον;
2958 533 3056 585 καὶ
3088 534 3179 597 τίς
3209 533 3468 600 ἑώρακεν
3494 532 3708 597 οὕτως
3738 533 3814 586 Ei

2231 625 2407 679 ὥδινε
2435 625 2510 694 τῆ
2530 627 2600 679 ἐν
2621 625 2722 693 μιᾷ
2751 627 2956 694 ἡμέρᾳ,
2999 626 3034 694 ἧ
3071 624 3448 695 καὶέτέθ[χ]η
3483 624 3663 690 ἔθνος
3682 625 3814 678 εἰσ-

2231 715 2416 780 άπαξ,
2450 717 2540 770 ὅτι
2561 718 2735 771 ὤδινε
2765 718 2860 770 καὶ
2887 717 3050 771 ἔτεκε
3082 716 3234 770 Σιὼν
3256 716 3328 769 τὰ
3358 715 3566 769 παιδία
3593 713 3812 780 αὺτῆςς

2245 807 2392 876 Ἐγὼ
2419 808 2487 860 δὲ
2512 808 2702 862 ἔδωκα
2731 808 2844 875 τὴν
2871 809 3243 871 προσδοκίαν
3286 808 3534 870 ταύτην,
3559 806 3660 858 και
3694 808 3812 858 οὐκ

2230 898 2502 966 ἐμνήσθη
2532 915 2672 966 μου,
2714 897 2842 953 εἷπε
2872 901 3104 967 Κύριος.
3141 902 3262 952 Οὐκ
3293 899 3422 968 ιδοὺ
3439 899 3556 966 ἐγὼ
3589 897 3811 966 γεΜῦ-

2231 1005 2352 1044 σαν
2394 991 2489 1043 καὶ
2518 993 2762 1058 στεῇοαν
2794 993 3051 1058 ἐποίησα
3069 1033 3083 1056 ,
3112 992 3242 1045 εἶπε
3264 994 3478 1057 Κύριος
3501 1007 3520 1053 ;

2307 1085 2427 1136 Ὅτι
2464 1084 2536 1152 μὴ
2568 1065 2845 1154 ὼόρριζος
2894 1087 2924 1136 6
2978 1081 3194 1155 Ἰσραὴλ
3215 1081 3521 1144 ἀπολεῖται,
3563 1080 3811 1133 διδάσκει

2230 1177 2411 1231 πάλιν.
2452 1176 2666 1247 Ἐπειδὴ
2701 1177 2810 1246 γὰρ
2847 1176 2982 1239 ὅλως
3029 1177 3536 1246 προαναπεφώνηκε
3592 1177 3654 1243 τῇ
3703 1174 3811 1226 Ἱε-

2231 1267 2512 1340 ρουσαλὴμ
2542 1268 2642 1333 τὴν
2684 1266 2904 1328 ἅλωσιν,
2945 1266 3315 1336 διαμέμνηται
3348 1265 3516 1318 πάλιν
3549 1263 3639 1316 τοῦ
3675 1264 3810 1316 κατ’

2227 1358 2457 1428 ἐκλογὴν
2505 1357 2976 1426 καταλείμματος·
3032 1359 3298 1411 σέσωσται
3347 1355 3458 1425 γὰρ
3498 1356 3600 1408 οὐκ
3648 1355 3808 1423 ὀλίγη

2227 1451 2458 1521 πληθὺς,
2515 1449 2600 1502 διὰ
2648 1449 2882 1510 πίστεως
2921 1449 2976 1502 δέ
3005 1448 3246 1519 δηλονότι
3290 1451 3391 1518 τῆς
3441 1448 3498 1499 ὲν
3539 1445 3763 1515 Χριστῷ
3792 1464 3804 1474 “

2229 1541 2476 1610 βούλεται
2518 1540 2575 1594 δέ
2613 1559 2664 1594 τι
2700 1539 2942 1593 τοιοῦτον
2983 1539 3309 1608 ύποδηλοῦν·
3370 1541 3809 1609 πεπαρῳνήκασι

2225 1631 2332 1701 γὰρ
2355 1633 2435 1693 είς
2466 1632 2625 1683 αὐτὸν
2665 1630 2925 1695 Ἰουδαῖοι,
2957 1631 3052 1682 καὶ
3083 1631 3416 1684 ἀπεκτόνασι
3437 1630 3531 1684 τὸν
3566 1629 3814 1698 ἀρχηγὸν

2224 1724 2322 1792 τῆς
2359 1723 2522 1790 ζωῆς.
2569 1723 2782 1793 Ἐπειδὴ
2805 1724 2861 1776 δὲ
2886 1723 3104 1786 ἀνεϐίω,
3139 1723 3392 1791 πατήσας
3436 1722 3528 1774 τὸν
3557 1721 3809 1776 θάνατον.

553 1817 690 1863 stem
715 1810 927 1867 Patrem
961 1828 1025 1867 ac
1076 1815 1265 1884 Deum,
1297 1819 1655 1885 pradicarunt
1683 1833 1807 1875 eum
1827 1822 1992 1876 divini
2044 1823 2118 1876 di-

2229 1812 2633 1882 ἀναπεφοίτηκέ
2651 1829 2708 1865 τε
2732 1814 2868 1882 πρὸς
2882 1814 2973 1867 τὸν
2997 1816 3054 1866 ἐν
3079 1817 3190 1877 τοῖς
3206 1815 3455 1883 οὐρανοῖς
3479 1811 3701 1880 Πατέρα
3715 1812 3813 1862 καὶ

553 1902 776 1970 scipuli,
820 1903 1149 1974 alloquentes
1181 1922 1388 1972 omnes,
1449 1911 1610 1964 etiam
1659 1912 1749 1980 qui
1805 1912 2118 1968 debacchati

553 2002 698 2054 sunt,
731 2003 785 2047 et
813 2007 1070 2050 vocantes
1100 1997 1165 2049 ad
1199 1999 1621 2067 resipiscentiam
1663 2014 1727 2055 ac
1759 2002 1984 2057 salutem
2026 2019 2121 2074 per

556 2083 736 2145 ﬁdem,
771 2092 824 2137 et
853 2087 1229 2141 remissionem
1267 2101 1609 2158 peccatorum
1645 2107 1742 2162 per
1761 2109 2004 2154 sanctum
2037 2097 2118 2150 la-

553 2186 795 2229 vacrum.
823 2174 1123 2230 Dixitenim
1156 2177 1343 2233 Petrus
1373 2198 1387 2235 ε
1427 2199 1444 2231 ι
1479 2179 1543 2236 Ει
1574 2199 1735 2248 nunc,
1761 2184 2120 2257 fratres,novi

550 2279 648 2318 vos
669 2279 734 2317 ex
765 2266 1064 2335 ignorantia
1085 2269 1294 2336 iecisse,
1320 2272 1458 2326 sicut
1479 2281 1533 2326 et
1561 2276 1830 2344 principes
1853 2279 2019 2334 vestri
2049 2282 2117 2334 ".

552 2356 931 2412 Pmuitentiam
954 2359 1117 2428 igitur
1157 2363 1318 2430 agite,
1337 2374 1391 2418 et
1419 2364 1722 2434 baptizetur
1754 2371 2120 2439 unusquisque

553 2455 784 2500 vestrum
818 2449 869 2500 in
899 2452 1113 2505 nomine
1143 2450 1267 2507 Jesu
1289 2454 1508 2519 Christi,
1531 2463 1586 2511 et
1619 2459 1892 2528 accipietis
1920 2461 2117 2514 donum

553 2536 791 2603 Spiritus
837 2539 1033 2594 sancti.
1078 2539 1328 2595 Vestrum
1361 2543 1503 2596 enim
1552 2551 1680 2597 sunt
1714 2545 2127 2612 promissiones,

551 2635 607 2680 ct
651 2628 884 2682 illiorum
928 2640 1232 2686 vestrorum
1275 2634 1344 2688 θ’.
1393 2652 1411 2684 ι
1464 2631 1592 2688 Haec
1640 2636 1897 2705 loquente
1946 2634 2131 2690 divino

550 2711 731 2778 Petro,
760 2717 911 2771 multi
939 2721 1304 2776 crediderunt.
1331 2723 1600 2794 Scriptum
1631 2735 1714 2781 est
1776 2729 2041 2798 siquidem
2063 2731 2116 2784 in

548 2807 700 2860 Actis
737 2818 1044 2863 sanctorum
1078 2813 1442 2880 apostolorum
1473 2816 1710 2881 adiectas
1757 2833 1878 2875 esse
1909 2821 1996 2875 die
2029 2822 2119 2877 illo

549 2897 760 2951 animas
781 2897 900 2964 plus
929 2901 1108 2955 minus
1135 2914 1217 2957 ter
1245 2904 1390 2959 mille
1407 2906 1472 2959 ’⁸.
1498 2904 1724 2974 Semper
1746 2909 1928 2980 itaque
1951 2913 2116 2967 divini

547 2984 793 3054 discipuli
824 2987 1119 3054 instabant,
1146 3003 1423 3048 monentes
1454 2993 1825 3061 lsraelitas,et
1859 3002 1924 3052 ad
1958 3000 2115 3056 ﬁdem

547 3087 941 3134 convertentes.
973 3081 1238 3151 Tempore
1265 3085 1457 3140 deinde
1481 3087 1782 3158 interiecto,
1808 3092 2002 3147 inﬂicta
2032 3103 2114 3149 est

2226 1902 2376 1966 Θεὸν,
2398 1905 2747 1974 διεκήρυττον
2767 1905 2928 1958 αὐτὸν
2948 1907 2996 1958 oi
3021 1905 3294 1958 θεσπέσιοι
3325 1903 3564 1973 μαθηταὶ
3583 1902 3811 1965 προσλα-

2224 1994 2440 2058 λοῦντες
2462 1995 2654 2058 ἅπασι,
2684 1996 2777 2048 καὶ
2803 1999 2914 2058 τοῖς
2936 1997 3381 2066 πεπαρῳνηκόσι,
3401 1995 3493 2046 καὶ
3520 1992 3809 2054 καλοῦντες

2225 2085 2306 2147 είς
2340 2086 2699 2154 μετάγνωσιν,
2743 2087 2834 2138 καὶ
2873 2088 2954 2149 είς
2979 2086 3253 2154 σωτηρίαν
3285 2086 3387 2155 τὴν
3425 2083 3512 2138 διὰ
3549 2084 3804 2145 πίστεως.

2225 2177 2320 2229 καὶ
2353 2179 2431 2239 είς
2468 2177 2660 2244 ἄφεσιν
2696 2177 2983 2248 ἁμαρτιῶν
3013 2175 3110 2246 τὴν
3139 2177 3225 2230 διὰ
3259 2176 3355 2228 τοῦ
3392 2175 3551 2242 ἁγίου
3585 2173 3756 2242 βαπτί
3786 2201 3806 2211 ο

2227 2277 2451 2331 σματος.
2482 2265 2624 2334 Ἔφη
2667 2265 2778 2334 γὰρ
2821 2267 2848 2318 6
2891 2265 3134 2334 Πέτρος·
3196 2283 3214 2314 ι
3244 2264 3357 2316 Καὶ
3398 2263 3514 2324 νῦν,
3563 2262 3800 2328 ἀδελφοὶ,

2224 2344 2361 2414 οἶδα,
2419 2352 2500 2405 ὄτι
2555 2353 2698 2406 κατὰ
2751 2353 2971 2422 ἄγνοιαν
3028 2353 3324 2425 ἐπράξατε.
3383 2353 3573 2420 ὥσπερ
3606 2355 3700 2405 καὶ
3753 2353 3806 2404 οἱ

2224 2439 2482 2511 ἄρχοντες
2524 2444 2697 2513 ὑμῶν.
2750 2475 2820 2486 --
2862 2447 3250 2516 Μετανοήσατε
3292 2441 3408 2505 οὖν.
3459 2444 3554 2498 καὶ
3607 2445 3804 2514 βαπτι-

2225 2531 2410 2602 σθήτω
2465 2535 2696 2598 ἕκαστος
2734 2537 2888 2606 ὑμῶν
2933 2539 3025 2588 ἐπὶ
3067 2538 3146 2606 τῷ
3180 2538 3404 2608 ὀνόματι
3452 2535 3629 2606 Ἰησοῦ
3668 2536 3807 2606 Χρι-

2225 2621 2374 2684 στοῦ,
2391 2624 2484 2676 καὶ
2503 2623 2736 2694 λήψεσθε
2763 2628 2864 2696 τὴν
2887 2627 3092 2694 δωρεὰν
3114 2626 3208 2679 τοῦ
3229 2627 3386 2694 ἁγίου
3414 2626 3750 2695 Πνεύματος.

2234 2714 2420 2783 ’Υμῶν
2455 2716 2564 2787 γάρ
2609 2720 2745 2771 εἰσιν
2791 2720 2846 2771 αἱ
2893 2719 3235 2786 ἐπαγγελίαι,
3285 2719 3379 2770 καὶ
3433 2722 3545 2781 τοῖς
3592 2718 3808 2778 τέκνοις

2224 2803 2619 2874 ὑμῶν.›Ταῦτα
2647 2808 2900 2876 λέγοντος
2932 2809 3025 2863 τοῦ
3059 2809 3348 2862 Θεσπεσίου
3382 2810 3592 2876 Πέτρου
3639 2824 3805 2860 πεπι-

2225 2897 2482 2951 στεύκασι
2516 2900 2721 2955 πολλοί.
2777 2902 3090 2972 Γέγραπται
3136 2901 3267 2970 γοῦν
3303 2905 3362 2955 ὲν
3401 2905 3523 2964 ταῖς
3570 2900 3805 2971 Πράξεσι

2222 2986 2333 3040 τῶν
2395 2989 2564 3056 ἁγίων
2621 2991 2954 3057 ἀποστόλων,
3025 2994 3107 3046 ὅτι
3171 2993 3586 3063 προσετέθησαν
3627 2992 3687 3045 ἐν
3733 2995 3802 3062 τῇ

2223 3079 2406 3151 ἡμέρᾳ
2433 3081 2614 3154 ἐκείνῃ
2643 3083 2810 3153 ψυχαὶ
2850 3083 2984 3137 ὡσεὶ
3016 3085 3329 3155 τρισχίλιαι.
3387 3083 3803 3136 Διατετελέκασι

545 3164 764 3220 demum
819 3166 1125 3224 Jutltcorum
1175 3176 1377 3244 regioni
1437 3177 1674 3246 ipsisque
1734 3181 2118 3254 Hierosolymis

2219 3171 2400 3224 τοίνυν
2447 3174 2496 3224 οἱ
2543 3170 2816 3227 θεσπέσιοι
2871 3176 3112 3246 μαθηταὶ
3156 3175 3528 3242 νουθετοῦντες
3573 3177 3698 3238 τοὺς
3741 3174 3804 3240 ἐξ

547 3255 729 3311 divina
765 3258 870 3324 ira,
904 3259 1157 3330 ingressis
1175 3263 1286 3332 jam
1322 3265 1404 3319 bis
1433 3267 1522 3333 qui
1582 3269 1646 3321 ad
1705 3272 2118 3328 moderatiorem

545 3349 759 3404 vivendi
789 3353 1050 3407 rationem
1080 3357 1256 3409 vocati
1311 3369 1456 3412 sunt.
1485 3358 1552 3412 Hi
1587 3374 1715 3415 vero
1749 3361 1968 3417 fuerunt
1994 3365 2120 3419 reli-

544 3441 722 3507 quite:
755 3445 896 3510 quod
928 3444 1105 3509 docet,
1155 3461 1275 3498 cum
1308 3447 1482 3514 inquit
1514 3466 1528 3502 :
1571 3468 1590 3501 ι
1637 3453 1936 3520 Antequam
1994 3470 2119 3523 par-

547 3533 754 3585 turiens
783 3534 977 3598 pariat,
1015 3545 1304 3603 antequam
1331 3540 1510 3592 veniat
1532 3540 1684 3594 labor
1713 3545 1955 3598 dolorum
2003 3563 2120 3612 par-

546 3631 632 3673 tus
657 3619 860 3689 eil'ugit,
887 3629 941 3675 et
967 3626 1172 3691 peperit
1200 3627 1520 3684 masculum.
1569 3649 1588 3681 ›
1619 3629 1752 3683 Nam
1801 3635 2112 3704 priusquam

546 3715 809 3765 instarent
847 3714 978 3765 dura
1017 3724 1283 3783 tempora,
1310 3726 1364 3770 et
1395 3718 1560 3772 veluti
1601 3735 1754 3776 acres
1796 3725 2000 3780 bellicas
2027 3743 2116 3780 ca-

540 3801 807 3856 lamitatis
852 3803 1063 3858 dolores
1098 3806 1471 3862 incumberent
1532 3809 1937 3883 Hierosolymis,
1984 3817 2120 3871 ellu-

544 3892 642 3960 git,
689 3893 742 3946 id
773 3903 875 3958 est,
937 3905 1062 3950 ante
1092 3898 1387 3964 periculum
1414 3903 1622 3970 peperit
1658 3905 1953 3960 masculum
1981 3924 1995 3961 :
2024 3910 2115 3978 qui

537 3993 728 4052 partus
765 3986 1060 4053 praeclarus
1093 3996 1175 4042 est
1200 3997 1254 4042 et
1280 3991 1671 4058 optatissimus.
1706 3994 1836 4049 Nam
1857 4012 1976 4066 qum
2025 4014 2116 4067 pa-

542 4075 708 4140 riunt,
739 4075 904 4130 fetum
938 4079 1231 4132 masculum
1277 4081 1430 4136 alteri
1486 4085 1816 4152 praeferunt;
1849 4090 1933 4142 vel
1977 4090 2117 4147 forte

541 4167 813 4222 masculus
839 4168 1113 4224 esteditus
1141 4185 1155 4221 :
1185 4185 1290 4224 non
1319 4173 1462 4226 enim
1491 4173 1836 4231 eﬂ‘eminatur
1889 4179 2112 4234 mollitia

538 4259 880 4313 Christianus
911 4261 1159 4330 populus.
1181 4262 1354 4318 Sensu
1381 4265 1525 4319 enim
1550 4267 1691 4320 virili
1723 4270 1982 4337 prmditus
2027 4281 2114 4326 est

538 4361 593 4406 et
613 4351 855 4419 juvenili.
880 4353 1046 4422 Cujus
1077 4357 1229 4410 testis
1261 4366 1342 4411 est
1365 4359 1553 4413 beatus
1574 4360 1791 4426 Paulus,
1816 4364 2064 4419 scribens
2092 4379 2105 4418 :

544 4461 563 4492 ε
602 4441 705 4508 Qui
737 4442 938 4497 Christi
965 4459 1181 4500 carnem
1213 4447 1598 4504 cruciﬁxerunt
1654 4465 1776 4505 cum
1827 4453 2109 4510 aﬂ‘ectibus
2144 4489 2183 4543 ο

535 4540 591 4586 ct
605 4531 984 4600 Cupiditatibus
1017 4534 1084 4590 “.
1115 4555 1133 4588 ι
1168 4536 1295 4591 Dein
1317 4540 1469 4606 quasi
1501 4541 1675 4594 divina
1703 4545 1940 4611 potentia
1972 4546 2108 4601 hanc

533 4638 650 4677 rem
685 4623 946 4691 insignem
972 4639 1250 4694 aperantc,
1281 4629 1597 4683 miraculum
1613 4631 1841 4699 extollit,
1871 4634 2059 4690 dicens
2088 4652 2102 4689 :

536 4733 562 4766 ιο
591 4715 724 4781 Quis
755 4717 886 4769 vidit
915 4717 1033 4770 sic?
1065 4716 1198 4770 Num
1229 4720 1516 4783 parturivit
1559 4731 1702 4775 terra
1753 4739 1856 4777 uno
1882 4724 1986 4788 die,
2014 4738 2105 4780 aut

531 4807 694 4860 etiam
715 4808 930 4861 condita
959 4821 1042 4862 est
1064 4825 1194 4878 gens
1217 4818 1324 4864 tota
1343 4813 1540 4876 simul,
1586 4813 1711 4880 quia
1742 4816 2024 4882 parturivit
2050 4827 2105 4870 et

532 4897 741 4963 peperit
773 4896 902 4950 Sion
937 4899 1133 4953 liberos
1168 4902 1327 4956 suos?
1353 4917 1371 4951 ι
1419 4900 1549 4966 Quis
1575 4902 1717 4956 enim
1746 4904 1970 4968 audivit,
2026 4906 2107 4958 iu-

524 4987 672 5055 quit,
700 4985 924 5055 velquis
947 4988 1080 5042 vidit
1119 4999 1339 5058 terram,
1374 4992 1459 5046 vel
1485 4993 1757 5061 regionem
1777 5004 1964 5059 totam,
1997 5011 2106 5052 uno

528 5076 621 5130 «lie
651 5077 1044 5144 germinantem
1062 5092 1156 5133 eos
1182 5079 1271 5148 qui
1301 5096 1421 5134 eam
1459 5082 1678 5150 implere
1698 5085 1946 5140 valeant?
1968 5086 2102 5140 Num

522 5169 674 5222 enim
705 5169 890 5230 semel,
929 5170 1107 5236 idest,
1145 5172 1308 5242 913
1333 5188 1439 5228 uno
1489 5187 1762 5231 momento
1823 5191 1956 5247 gens
1997 5190 2104 5234 tota

527 5276 773 5332 umquam
797 5270 918 5315 nata
939 5262 1060 5317 est?
1088 5265 1157 5318 At
1184 5267 1283 5330 sic,
1323 5267 1514 5336 inquit,
1549 5285 1568 5320 ι
1601 5269 1730 5324 Sion
1785 5271 1993 5338 peperit
2040 5274 2104 5325 Ii—

531 5353 692 5413 beros
712 5369 862 5410 suos.
901 5375 920 5408 ι
953 5356 1161 5411 Etenim
1191 5373 1297 5413 uno
1329 5361 1414 5414 die
1445 5361 1544 5414 tria
1609 5362 1772 5416 millia
1798 5365 2100 5418 animarum

532 5444 738 5510 adjecta
765 5461 910 5513 esse,
941 5458 998 5503 et
1025 5451 1359 5518 spiritualem
1415 5455 1874 5519 regenerationem
1907 5471 2003 5524 per
2040 5458 2101 5510 li-

529 5531 658 5586 dem
690 5545 746 5589 et
779 5550 1182 5596 sacrosanctum
1228 5542 1492 5610 baptisma
1533 5545 1836 5613 suscepisse
1869 5564 1882 5600 :
1919 5549 2100 5616 quidni

2233 3261 2447 3332 Ἰσραὴλ
2488 3265 2879 3334 σαγηνεύοντες
2911 3269 2991 3328 είς
3024 3267 3241 3320 πίστιν·
3286 3260 3405 3320 εἶτα
3449 3268 3644 3336 χρόνον
3687 3268 3804 3320 δια-

2219 3351 2520 3419 γεγονότος,
2575 3356 2845 3426 ἐπηνέχοη
2905 3358 3088 3411 λοιπὸν
3139 3362 3204 3430 τῇ
3259 3377 3319 3412 τε
3372 3361 3480 3412 τῶν
3537 3359 3799 3412 Ἰουδαίων

2218 3443 2392 3513 χώρα,
2423 3445 2517 3498 καὶ
2549 3447 2731 3510 αὐτοῖς
2759 3448 2816 3500 δὲ
2846 3451 2956 3512 τοῖς
2993 3449 3386 3521 Ἰεροσολύμοις
3429 3451 3495 3503 τὰ
3537 3452 3599 3502 ἐκ
3643 3449 3797 3512 θείας

2217 3537 2410 3606 ὀργῆς,
2449 3537 2525 3600 ὡς
2564 3539 2968 3611 είσῦεϐηκότων
2997 3543 3121 3613 ἤδη,
3173 3545 3267 3596 καὶ
3309 3543 3653 3611 κεκλημένων
3683 3543 3797 3595 τῶν

2217 3627 2656 3697 ἐπιεικεστέρων,
2687 3625 2830 3700 ἦσαν
2858 3633 2915 3684 δὲ
2948 3625 3094 3686 οὗτοι
3121 3633 3183 3686 τὸ
3211 3634 3544 3702 κατάλειμμα
3562 3648 3577 3661 ·
3625 3630 3788 3684 τοῦτο

2217 3713 2454 3768 διδάσκει
2509 3716 2704 3785 λέγων’
2775 3740 2793 3772 ι
2819 3721 2956 3790 Πρὶν
3013 3721 3046 3791 ἢ
3105 3723 3205 3792 τὴν
3253 3722 3535 3776 ὠδίνουσαν
3585 3722 3790 3780 τεκεῖν.

2219 3806 2348 3876 πρὶν
2401 3805 2575 3862 ἐλθεῖν
2616 3810 2708 3863 τὸν
2752 3811 2915 3865 πόνον
2967 3813 3076 3866 τῶν
3131 3812 3337 3867 ὠδίνων
3385 3814 3635 3881 ἐξέφυγε,
3702 3813 3798 3866 καὶ

2217 3894 2402 3948 ἔτεκεν
2434 3898 2620 3964 ἄρσεν.
2645 3917 2663 3949 ι
2705 3901 2840 3969 Πρὶν
2882 3902 2991 3973 γὰρ
3034 3904 3324 3974 ἐπιστῆναι
3365 3904 3434 3957 τὰ
3476 3903 3646 3965 δεινὰ,
3701 3903 3796 3956 καὶ

2215 3982 2326 4040 οἷόν
2353 4005 2505 4050 τινας
2534 3991 2736 4059 πικρὰς
2762 3991 2956 4055 ὠδῖνας
2990 3993 3090 4058 τὰς
3135 3997 3202 4048 ἐκ
3244 3994 3340 4048 τοῦ
3377 3994 3618 4064 πολέμου
3657 4011 3792 4063 συμ-

2218 4082 2391 4151 φορὰς
2426 4083 2774 4152 κατασκῆψαι
2810 4085 2908 4154 τῆς
2939 4087 3314 4157 Ἰερουσαλὴμ,
3351 4087 3608 4156 ἐξέφυγε.
3642 4103 3795 4139 τουτ-

2216 4172 2351 4232 έστι,
2383 4173 2491 4244 πρὸ
2518 4173 2608 4227 τοῦ
2632 4175 2876 4230 κινδύνου
2903 4177 3088 4230 ἔτεκεν
3131 4180 3320 4249 ἄρσεν,
3360 4180 3388 4232 ὅ
3425 4182 3542 4233 ἐστι
3603 4179 3795 4250 κύημα

2216 4265 2377 4318 καλὸν
2429 4267 2522 4320 καὶ
2550 4268 2876 4339 τριπόθητον
2907 4287 2919 4298 ’
2943 4274 3065 4334 ταῖς
3097 4272 3205 4343 γὰρ
3233 4272 3546 4338 τικτούσαις
3573 4275 3792 4346 apem.

2212 4359 2368 4412 τοκία
2408 4359 2608 4428 μᾶλλον
2637 4360 2866 4432 θατέρου
2894 4365 3257 4432 προτέτακται
3281 4382 3295 4395 ·
3345 4365 3378 4435 ἢ
3403 4366 3547 4436 τάχα
3578 4383 3679 4418 που
3703 4364 3790 4419 καὶ

2217 4451 2380 4523 ἄρσεν
2396 4452 2456 4504 τὸ
2470 4452 2662 4522 τεχθέν
2678 4469 2691 4484 ·
2713 4455 2774 4508 ού
2794 4454 2904 4525 γὰρ
2925 4455 3214 4525 θηλύνεται
3235 4458 3372 4529 πρὸς
3401 4460 3776 4527 μαλακισμοὺς

2215 4545 2244 4594 6
2277 4544 2335 4595 ἐν
2373 4544 2593 4615 Χριστῷ
2621 4545 2767 4610 λαός.
2803 4548 3060 4618 Φρόνημα
3098 4549 3206 4619 γὰρ
3243 4551 3620 4620 ἁνδροπρεπές
3646 4553 3786 4603 ἐστιν

2213 4637 2272 4688 ἐν
2307 4636 2455 4707 αὐτῷ
2511 4639 2605 4692 καὶ
2632 4639 2896 4702 νεανικὸν,
2943 4641 3039 4694 καὶ
3077 4642 3264 4695 τούτου
3308 4645 3520 4713 μάρτυς
3557 4645 3586 4694 6
3621 4643 3790 4712 μακά·

2213 4745 2328 4799 ριος
2370 4729 2578 4792 Παῦλος
2623 4731 2888 4800 γράφων·
2946 4734 3049 4786 σοι
3093 4732 3151 4786 δὲ
3189 4733 3283 4786 τοῦ
3327 4733 3503 4804 Ἰησοῦ
3553 4732 3788 4802 Χριστοῦ

2208 4819 2305 4889 τὴν
2336 4819 2514 4889 σάρκα
2546 4823 2916 4892 ἐσταύρωσαν,
2952 4825 3048 4876 σὺν
3076 4827 3188 4887 τοῖς
3214 4824 3503 4894 παθήμασι
3552 4826 3646 4877 καὶ
3674 4827 3788 4887 ταῖς

2205 4910 2544 4980 ἐπιθυμίαις.
2574 4931 2590 4965 ι
2625 4908 2756 4966 Εἶτα
2793 4914 2893 4984 τῆς
2920 4914 3071 4978 θείας
3101 4915 3381 4986 δυνάμεως
3418 4917 3519 4987 τὴν
3558 4916 3788 4986 ὑπερδο-

2205 4996 2321 5068 λὴν,
2353 5001 2428 5064 ὡς
2460 5003 2834 5073 ἐνεργησάσης
2855 5005 3147 5068 καὶτοῦτο,
3173 5008 3305 5060 πολὺ
3335 5007 3521 5077 θαῦμα
3550 5012 3788 5062 ποιεῖται

2205 5091 2398 5159 λέγων·
2458 5112 2477 5144 ι
2506 5093 2602 5156 Τίς
2651 5094 2898 5164 ἑώρακεν
2940 5095 3144 5164 οὖτως;
3197 5100 3247 5151 εί
3294 5097 3453 5151 ὣδινε
3492 5100 3559 5167 γῆ
3600 5101 3658 5151 ἐν
3688 5100 3786 5167 μιᾷ

2197 5185 2400 5254 ἡμέρα,
2436 5185 2467 5254 ἢ
2500 5187 2594 5239 καὶ
2619 5185 2811 5256 ἐτέχθη
2865 5187 3016 5251 ἔθνος
3070 5189 3325 5253 εἰσάπαξ,
3363 5190 3446 5242 ὅτι
3490 5189 3648 5242 ὥδινε
3691 5191 3785 5241 καὶ

2200 5274 2351 5328 ἔτεκε
2381 5275 2518 5328 Σιὼν
2546 5277 2614 5330 τὰ
2650 5277 2834 5330 παιδία
2871 5279 3117 5346 αὐτῆς;ι
3165 5280 3260 5344 Τίς
3302 5280 3412 5350 γὰρ
3448 5283 3478 5333 6
3517 5280 3782 5343 ἀκούσας,

2201 5366 2451 5438 φησὶν.ἦ
2501 5367 2585 5431 τίς
2635 5368 2847 5439 ἑώρακε
2893 5372 3016 5442 γῆν,
3064 5373 3181 5442 ἦτοι
3234 5371 3416 5443 χώραν
3465 5373 3780 5443 ὀλόκληρον.

2201 5457 2688 5528 ἀναϐλαστῆσασαν
2721 5461 2779 5514 ἐν
2817 5462 3000 5533 ἡμέρᾳ
3037 5464 3133 5534 μιᾷ
3161 5465 3286 5526 τοὺς
3313 5463 3603 5534 πληρῶσαι
3623 5464 3788 5520 δυνα-

2205 5549 2397 5617 μένους
2421 5551 2623 5619 αύτήν;
2660 5545 2802 5622 Ἀρα
2831 5553 2938 5622 γὰρ
2967 5553 3214 5618 εἰσάπαξ,
3252 5556 3552 5617 τουτέστιν,
3599 5556 3689 5622 ὑφ’
3717 5557 3771 5608 EI

611 5704 654 5738 ⁹¹
680 5707 798 5761 Act.
831 5724 909 5773 ut,
948 5711 1028 5764 Π.
1107 5714 1288 5768 "Act.
1320 5732 1377 5781 ll,
1407 5716 1493 5771 58.
1570 5719 1614 5749 ’³
1647 5718 1774 5774 ibid.
1802 5719 1887 5773 M.
1965 5720 2200 5776 "Calai.
2233 5739 2281 5784 v,
2321 5723 2408 5778 ει.
