4134 6302
2111 179 2161 188 ,ι-

560 309 700 368 μσς

1548 303 1606 358 S.
1649 301 1927 359 ογιιιιιι
1967 297 2446 356 ΑιΕΧΑΝυιιιΝι
2483 299 2808 358 ARClllEP.

3699 296 3847 351 Ηω

567 412 812 479 nostrum
832 422 1016 480 desum
1050 422 1327 481 Christum
1351 422 1668 492 porrigitur,
1694 423 1746 477 id
1778 431 1880 488 est,
1909 431 2061 478 tener
2097 433 2151 477 et

2257 421 2391 492 πρὸς
2421 420 2592 491 αὐτὴν
2631 420 2724 474 καὶ
2753 419 2813 471 ἐν
2845 419 2910 490 τῇ
2937 416 3045 470 τῶν
3083 414 3391 487 ’ᾼσμάτων,
3435 415 3518 468 ὅτι
3566 431 3588 464 ι
3623 409 3849 475 Ἀγαθοὶ

565 514 792 582 simplex
816 529 997 570 sermo
1035 515 1408 570 catecheseos.
1442 514 1536 568 Sic
1563 514 1707 568 enim
1756 513 1956 570 Paulus
1979 530 2146 585 quos-

564 605 688 658 dam
719 607 1021 672 alloquens,
1048 605 1156 658 ait:
1199 623 1218 656 ι
1251 603 1357 658 Lac
1383 605 1538 660 vobis
1569 605 1636 660 ad
1680 607 1975 673 potandum
2001 606 2142 669 dedi,

569 713 676 751 non
712 698 913 752 cibum.
940 695 1188 752 Nondum
1219 698 1362 751 enim
1386 698 1666 766 poteratis,
1699 699 1792 752 sed
1827 713 1925 752 nec
1974 699 2147 755 adhuc

571 786 790 855 quidem
818 785 1106 852 potestis‘.
1134 804 1152 836 ι
1189 786 1340 852 Quod
1369 793 1547 841 autem
1579 804 1681 842 non
1720 803 1936 856 semper
1970 789 2148 843 inl‘an-

570 886 652 930 tes
682 885 738 929 et
761 889 883 931 esse
914 885 969 930 et
988 876 1156 930 videri
1196 878 1482 931 conveniat
1511 891 1626 938 eos.
1649 878 1739 946 qui
1786 877 1952 932 semel
1999 887 2148 932 cate-

2253 513 2447 584 μαστοί
2473 531 2570 566 σου
2603 513 2744 582 ὑπὲρ
2771 507 2932 564 οἶνον.
2966 529 2985 561 ι
3023 507 3221 580 Πρώτη
3266 507 3323 560 δέ
3358 508 3577 570 πάντως
3609 509 3723 568 τοῖς
3749 506 3849 576 τὴν

2251 605 2438 659 πίστιν
2473 603 2857 676 προσιεμένοις
2891 602 2989 674 τὴν
3031 603 3115 664 εἰς
3141 601 3233 653 τὸν
3269 598 3399 652 Θεὸν
3437 598 3600 668 ἡμῶν
3638 597 3849 668 Ἰησοῦν

2248 693 2339 746 τὸν
2377 692 2613 764 Χριστὸν
2645 690 3026 764 νηπιοπρεπὴς
3065 688 3402 758 προσάγεται
3425 685 3611 757 τροφὴ
3637 727 3653 750 ,
3688 703 3850 739 τουτ-

2247 785 2428 850 έστιν,
2488 786 2518 837 6
2569 783 2841 856 τρυφερὸς
2908 781 3004 836 καὶ
3051 779 3257 842 ἀπλοῦς
3320 777 3424 846 τῆς
3483 777 3850 847 κατηχήσεως

2246 877 2402 945 λόγος
2427 893 2442 906 ·
2484 875 2629 928 οὕτω
2669 875 2777 944 γάρ
2820 891 2924 926 που
2953 873 3048 926 καὶ
3089 874 3119 924 6
3151 869 3364 933 Παῦλος
3401 868 3850 939 προσπεφώνηκέ

567 967 790 1020 cheseos
814 981 1119 1021 sermonem
1141 968 1429 1033 imbihunt,
1459 971 1550 1023 sed
1570 968 1622 1022 in
1648 969 1820 1021 virum
1849 967 2144 1036 perfectum

2257 984 2416 1033 τισιν,
2452 965 2643 1019 εἰπών’
2683 984 2702 1018 ι
2727 965 2874 1018 Γάλα
2905 965 3049 1033 ὑμᾶς
3069 963 3315 1025 ἐπότισα,
3346 961 3407 1012 οὐ
3437 959 3640 1030 βρῶμα
3664 960 3850 1013 ὀὔπω

567 1066 622 1110 et
657 1057 709 1110 in
744 1073 1052 1112 mensuram
1081 1059 1257 1112 aetatis
1286 1058 1630 1127 plenitudinis
1659 1058 1860 1112 Christi
1919 1061 2149 1114 evadere

569 1152 883 1215 oporteat',
921 1158 978 1202 ut
1007 1161 1251 1204 exactam
1287 1160 1340 1204 et
1385 1151 1711 1218 exquisitam
1742 1150 1858 1218 ejus
1885 1151 2152 1218 cognitio-

573 1256 697 1294 nem
725 1242 980 1311 deinceps
1033 1251 1457 1312 consequantur,
1485 1242 1690 1306 docuit,
1728 1258 1849 1296 cum
1909 1242 2105 1309 adjecit
2136 1261 2150 1297 :

577 1351 598 1384 ι
636 1332 726 1396 Ut,
745 1343 1030 1402 postquam
1051 1335 1331 1396 suxeritis,
1357 1333 1694 1388 delectemini
1721 1333 1940 1386 introitu
1972 1333 2155 1401 gloria:

569 1423 704 1493 ejus.
745 1443 763 1476 ι
794 1424 892 1479 Ubi
931 1425 1208 1491 suxerilis,
1236 1425 1386 1488 dicit,
1429 1439 1548 1492 pro,
1579 1440 1698 1478 cum
1719 1426 1786 1478 ab
1817 1425 2072 1479 uberibus
2097 1432 2154 1478 et

573 1531 804 1570 mamma
843 1517 1103 1572 abstracti
1153 1517 1308 1578 estis,
1359 1516 1441 1570 vel
1494 1531 1616 1570 cum
1641 1516 1892 1569 ablactati
1921 1516 2073 1581 estis,
2103 1516 2154 1571 id

570 1613 657 1658 est
684 1619 697 1654 :
731 1618 838 1656 non
863 1601 1098 1658 infantes
1125 1603 1486 1669 manetis,sed
1516 1603 1661 1656 velut
1689 1604 1742 1657 in
1783 1605 2007 1673 ephebis
2041 1604 2152 1673 jam

573 1699 630 1746 et
648 1693 777 1747 viris
813 1695 1266 1756 numeramini,et
1307 1694 1540 1748 solidum
1591 1694 1771 1748 cibum
1815 1703 2151 1764 expetentes,

2247 1059 2358 1130 γὰρ
2380 1059 2666 1130 ἠδύνασθε,
2700 1058 2819 1112 ἀλλ’
2847 1056 2968 1110 οὐδὲ
3007 1056 3091 1109 ἔτι
3119 1055 3216 1108 νῦν
3256 1053 3507 1108 δύνασθε.
3541 1073 3559 1104 ι
3619 1055 3746 1106 Ὅτι
3795 1054 3849 1105 δ⁸ε

2248 1153 2350 1204 οὐκ
2382 1151 2470 1204 ἀεὶ
2495 1149 2723 1220 νηπίους
2747 1167 2809 1201 τε
2849 1144 2990 1201 εἶναι
3029 1148 3124 1200 καὶ
3177 1145 3412 1217 ὁρᾶσθαι
3451 1143 3674 1214 πρέπει,
3715 1145 3850 1201 τοὺς

2249 1244 2410 1314 οἵπερ
2439 1242 2505 1296 ἂν
2535 1243 2674 1304 ὃλως
2701 1241 2794 1293 τὸν
2817 1239 2920 1308 τῆς
2945 1239 3306 1308 κατηχήσεως
3342 1237 3622 1289 ἐκπίνουσι
3659 1235 3848 1302 λόγον,

2251 1333 2454 1404 χρῆναι
2484 1331 2544 1385 δὲ
2588 1330 2788 1401 μᾶλλον
2821 1329 3142 1397 ἀναφοιτᾷν,
3176 1329 3270 1381 καὶ
3303 1329 3383 1391 εἰς
3413 1327 3583 1397 ἄνδρα
3615 1326 3847 1383 zelum,

2252 1425 2346 1478 καὶ
2375 1425 2457 1487 εἰς
2480 1423 2678 1494 μέτρον
2704 1422 2920 1493 ἡλικίας
2943 1421 3036 1474 τοῦ
3058 1419 3428 1490 πληρώματος
3455 1417 3552 1472 τοῦ
3582 1417 3845 1489 Χριστοῦ.

2255 1517 2341 1569 ἵνα
2391 1515 2483 1568 τὸν
2537 1513 2743 1584 ἀκριϐῆ
2790 1513 2885 1565 καὶ
2932 1510 3300 1581 ἐξητασμένον
3350 1511 3437 1562 ἐπ’
3481 1508 3635 1580 αὑτῷ
3690 1507 3849 1574 λόγον

2254 1605 2492 1658 συνιέναι
2517 1603 2782 1657 δύνωνται
2808 1601 3016 1664 λοιπὸν,
3052 1599 3256 1664 ἐδίδαξε
3294 1598 3611 1666 προστιθείς
3639 1614 3654 1627 °
3688 1617 3705 1647 ι
3732 1597 3850 1648 Ἵνα

2253 1697 2660 1768 ἐκθηλάσαντες
2689 1695 3032 1767 τρυφήσητε,
3057 1693 3166 1746 άπὸ
3193 1692 3398 1745 εἰσόδου
3427 1691 3588 1760 δόξης
3617 1690 3844 1759 αὐτῆς.»

574 1783 973 1838 delectabimini
1027 1787 1247 1841 introitu
1303 1786 1486 1855 gloria:
1532 1788 1668 1856 ejus.
1715 1788 1952 1844 Gloriam
1997 1798 2155 1842 vocat

2257 1792 2330 1844 Τὸ
2377 1765 2781 1859 ἐκθηλάσαντες
2826 1786 2884 1839 δέ
2914 1801 3099 1855 φησιν,
3136 1783 3259 1836 ἀντὶ
3301 1781 3420 1846 τοῦ,
3469 1779 3698 1851 μαστῶν
3745 1780 3849 1845 ἔξω

574 1873 883 1941 Christum;
914 1875 992 1930 sic
1015 1877 1160 1930 enim
1191 1887 1246 1932 et
1287 1875 1496 1934 Psaltes
1532 1882 1599 1934 de
1663 1895 1727 1935 eo
1759 1895 1772 1930 :
1829 1897 1848 1932 ι
1891 1879 1956 1935 Ut
2002 1879 2156 1934 habi-

575 1975 653 2020 tet
676 1967 847 2036 gloria
879 1968 932 2020 in
967 1977 1109 2022 terra
1142 1979 1324 2024 nostra
1343 1970 1386 2023 ³.
1409 1987 1427 2019 ι
1456 1970 1735 2024 lntroitum
1767 1986 1916 2035 vero,
1935 1971 2154 2040 dispen-

575 2059 806 2114 sationis
841 2061 893 2113 in
937 2075 1106 2116 carne
1158 2061 1497 2131 mysterium.
1555 2061 1696 2115 Deus
1747 2062 1892 2116 enim
1937 2071 2153 2125 natura,

575 2149 755 2203 factus
784 2157 870 2202 est
900 2149 1083 2215 homo,
1109 2159 1164 2204 et
1193 2149 1337 2202 velut
1375 2149 1653 2219 ingressus
1691 2161 1774 2204 est
1817 2150 1958 2204 hunc
1999 2166 2157 2203 mun-

574 2240 702 2292 dum
727 2249 950 2308 propter
975 2239 1422 2295 incarnationem.
1457 2241 1799 2296 Delectantur
1851 2241 2016 2312 igitur
2064 2241 2154 2310 qui

575 2337 721 2391 hunc
753 2347 1058 2388 sermonem
1079 2332 1147 2387 de
1175 2330 1264 2387 illo
1284 2331 1350 2385 ad
1378 2347 1607 2402 unguem
1661 2342 1866 2401 tenent,
1889 2345 1942 2390 et
1967 2354 2156 2407 quent-

574 2427 865 2485 admodum
916 2425 968 2479 in
1011 2425 1207 2480 orbem
1245 2424 1462 2478 intrarit
1485 2427 1737 2495 gloria,id
1759 2428 2155 2497 est,Christus,

577 2523 934 2585 cognoscunt.
963 2513 1256 2583 Propterea
1279 2523 1336 2567 et
1384 2514 1600 2570 divinus
1649 2519 1910 2586 pr0pheta
1973 2523 2154 2577 statim

573 2615 631 2661 et
660 2622 692 2662 ο
721 2607 953 2675 vestigio
982 2606 1372 2674 apparitionem
1403 2607 1521 2676 ejus
1561 2624 1683 2663 cum
1731 2625 1894 2664 carne
1927 2613 2156 2666 manife-

577 2707 714 2754 stam
743 2713 808 2752 ac
841 2698 1184 2767 perspicuam
1222 2699 1373 2753 facit.
1407 2699 1700 2755 Personam
1740 2704 1884 2757 enim
1915 2705 2033 2773 ejus
2076 2705 2158 2761 lo-

576 2799 832 2857 quentem
865 2790 992 2845 facit
1020 2808 1034 2844 :
1068 2809 1087 2842 ι
1122 2790 1262 2844 Ecce
1289 2790 1501 2846 declino
1530 2792 1584 2846 in
1630 2807 1725 2847 eos
1768 2803 2024 2864 tanquam
2061 2796 2159 2850 llu-

578 2895 702 2934 men
733 2881 900 2949 pacis,
923 2880 1089 2952 914
1117 2894 1170 2935 et
1222 2891 1474 2952 tanquam
1541 2895 1748 2940 torrens
1797 2886 1886 2955 qui
1934 2887 2158 2942 inundat

578 2971 803 3041 gloriam
823 2973 1083 3041 gentium.
1129 2993 1147 3024 ι
1186 2971 1410 3027 Flumen
1450 2974 1613 3044 igitur
1647 2979 1795 3044 pacis
1844 2987 1898 3032 et
1947 2990 2159 3034 torrens

577 3063 893 3118 deliciarum
927 3074 1029 3130 est,
1051 3064 1320 3119 Christus.
1349 3065 1440 3121 Sic
1462 3069 1607 3123 enim
1630 3070 1776 3124 illum
1811 3071 2026 3125 divinus
2053 3072 2158 3125 Da-
2186 3093 2233 3155 ρ

578 3156 670 3208 vid
703 3167 882 3219 vocat,
921 3171 1045 3210 eum
1102 3157 1278 3226 inquit
1312 3175 1326 3210 :
1365 3176 1384 3209 ι
1448 3159 1621 3224 Quam
1661 3161 2015 3230 multiplicata
2077 3171 2162 3219 est

580 3247 951 3301 misericordia
1023 3257 1143 3311 tua,
1230 3264 1263 3303 ο
1322 3248 1496 3304 Deus!
1557 3250 1680 3305 Filii
1746 3255 2025 3307 hominum
2107 3256 2157 3310 in

578 3337 892 3391 umbraculo
980 3339 1186 3392 alarum
1262 3348 1474 3394 tuarum
1563 3345 1878 3411 sperabunt.
1920 3345 2162 3400 Inebria-

580 3428 782 3484 buntur
820 3427 888 3482 ab
951 3430 1194 3482 ubertate
1262 3431 1451 3485 domus
1486 3441 1610 3493 tuae,
1669 3444 1723 3488 et
1776 3445 2015 3492 torrente
2069 3452 2164 3492 vo—

583 3519 805 3587 luptatis
831 3527 934 3572 ttm
1007 3521 1217 3588 potabis
1261 3535 1356 3575 eos
1384 3523 1423 3575 ⁵.
1467 3541 1485 3573 ι
1543 3524 1607 3576 Et
1649 3525 1882 3578 iterum:
1955 3545 1975 3578 ι
2031 3528 2162 3582 Flu-

583 3610 745 3664 minis
826 3609 1058 3677 impetus
1116 3611 1349 3666 laetiﬁcat
1412 3613 1685 3668 civitatem
1742 3616 1832 3669 Dei
1869 3618 1911 3669 ⁵.
1975 3637 1994 3670 ι
2058 3619 2161 3675 De-

582 3698 803 3753 clinavit
829 3714 955 3753 vero
980 3708 1034 3754 et
1067 3700 1356 3756 uberrimis
1397 3701 1586 3757 rivulis
1631 3704 1908 3759 inundavit
1933 3706 2159 3775 gloriam

583 3789 842 3858 gentium,
869 3789 920 3842 id
950 3798 1053 3852 est,
1079 3790 1221 3858 quod
1260 3798 1347 3844 est
1385 3791 1529 3846 inter
1558 3802 1744 3862 gentes
1781 3797 2078 3862 pretiosum
2111 3808 2165 3853 et

582 3879 802 3933 omnino
839 3877 1156 3946 gloriosum.
1209 3877 1324 3934 Non
1381 3881 1524 3935 enim
1565 3899 1754 3939 omnes
1793 3888 2161 3954 crediderunt,

583 3983 758 4038 neque
783 3968 950 4039 gloria
980 3971 1150 4025 evecti
1175 3979 1322 4038 sunt,
1357 3973 1450 4026 sed
1469 3983 1526 4036 ut
1550 3973 1748 4030 Paulus
1795 3977 1924 4033 dicit
1962 3981 2026 4032 de
2054 3981 2163 4037 Deo

581 4069 637 4113 et
665 4059 870 4115 Patre:
909 4080 928 4112 ι
961 4063 1108 4127 Quos
1158 4063 1450 4131 praescivit,
1493 4074 1549 4119 et
1620 4067 2168 4135 praedestinavitcnn-

581 4150 784 4205 formes
802 4151 917 4206 ﬁeri
953 4151 1203 4220 imaginis
1246 4153 1364 4207 Filii
1400 4156 1507 4220 sui,
1545 4157 1642 4211 hos
1670 4167 1724 4212 et
1765 4163 1995 4214 vocavit.
2018 4162 2164 4230 Quos

585 4241 818 4305 vocavit,
843 4257 937 4298 eos
963 4255 1017 4297 et
1041 4244 1356 4312 glorilicavit
1391 4248 1432 4304 ⁸.
1470 4247 1638 4302 ιϐιιηι
1665 4251 1812 4316 dicit,
1847 4271 1866 4302 ι
1889 4251 2158 4320 υθοίίηο,ι

589 4333 717 4388 illud
741 4335 1044 4389 subindicat
1073 4351 1087 4388 :
1127 4335 1294 4392 Recta
1313 4339 1394 4392 via
1425 4348 1479 4394 et
1505 4341 1607 4394 iter
1637 4343 1684 4396 ei
1719 4341 1816 4398 fuit
1865 4359 1930 4399 ex
1973 4361 2167 4415 propo-

2255 1883 2350 1935 καὶ
2409 1881 2578 1951 θηλῆς
2627 1877 2934 1947 γεγονότες,
2997 1877 3163 1945 ἤγουν
3218 1871 3846 1942 ἀπογεγαλακτισμένοι,

2254 1971 2553 2037 τουτέστιν,
2603 1969 2703 2022 οὐκ
2752 1968 2832 2021 ἔτι
2882 1968 3135 2038 μένοντες
3193 1967 3401 2033 νήπιοι,
3459 1962 3746 2024 τελοῦντες
3790 1962 3847 2014 δὲ

2256 2063 2444 2134 ὥσπερ
2475 2066 2533 2116 ἐν
2557 2062 2784 2133 ἐφήϐοις
2833 2061 2934 2131 ἤδη
2978 2061 3072 2114 καὶ
3106 2059 3354 2128 ἀνδράσι,
3374 2056 3468 2110 καὶ
3492 2056 3593 2127 τῆς
3622 2056 3850 2125 στερεᾶς

2256 2155 2532 2225 ἐφιέμενοι
2581 2153 2809 2224 τροφῆς,
2861 2150 3239 2222 ἐντρυφύσητε
3274 2148 3384 2203 ἀπὸ
3433 2147 3646 2200 εἰσόδου
3685 2145 3846 2215 δόξης

2257 2246 2456 2315 αὐτῆςο
2499 2242 2772 2308 καὶδόξαν
2804 2243 2901 2314 μὲν
2933 2243 3192 2312 ὀνομάζει
3243 2240 3523 2312 Χριστὸν(
3562 2239 3707 2291 οὕτω
3737 2240 3848 2306 γάρ

2258 2351 2362 2389 που
2393 2336 2489 2387 καί
2516 2335 2544 2386 6
2568 2333 2801 2387 Ψάλλων
2832 2334 2966 2404 φησί
3001 2333 3130 2404 περί¹
3167 2330 3354 2394 αὑτοῦ,
3394 2349 3413 2382 ι
3439 2329 3549 2383 Τοῦ
3576 2345 3849 2398 κατασκη-

2255 2426 2427 2480 νῶσαι
2454 2424 2614 2489 δόξαν
2644 2427 2702 2476 ἐν
2728 2427 2792 2496 τῇ
2819 2427 2888 2496 γῇ
2924 2423 3082 2494 ἡμῶν
3106 2422 3152 2495 ι)
3176 2440 3188 2453 ·
3206 2423 3410 2475 εἴσοδον
3451 2421 3530 2486 δὲ,
3559 2421 3663 2491 τῆς
3708 2423 3848 2491 μετά

2259 2517 2462 2589 σαρκὸς
2516 2515 2831 2586 οἰκονομίας
2885 2515 2946 2568 τὸ
3003 2514 3301 2585 μυστήριον
3331 2529 3345 2544 ο
3379 2511 3512 2575 Θεὸς
3561 2513 3638 2565 ὢν
3692 2512 3848 2580 φύσει

2257 2607 2482 2675 γέγονεν
2543 2604 2860 2676 ἄνθρωπος,
2907 2603 3003 2656 καὶ
3052 2597 3164 2656 οἷον
3211 2601 3535 2671 εἰσόέὸηκεν
3578 2602 3661 2664 εἰς
3703 2602 3850 2653 τόνδε

2258 2699 2352 2752 τὸν
2383 2699 2589 2769 κόσμον
2616 2697 2706 2750 διά
2737 2697 2835 2768 τὴν
2867 2697 3166 2765 σάρκωσιν.
3210 2694 3555 2765 Ἐντρυφῶσιί
3581 2693 3765 2746 τοίνυν
3803 2697 3849 2748 οἰ

2258 2793 2350 2846 τὸν
2400 2791 2607 2863 ἀκριϐῆ
2646 2791 2745 2859 τῆς
2788 2788 2918 2860 περὶ
2966 2787 3131 2840 αὐτοῦ
3180 2786 3418 2848 πίστεως
3477 2783 3684 2847 εἰδότες
3735 2783 3847 2855 [αι.

2259 2886 2477 2957 δόντες]
2513 2887 2689 2954 λόγον,
2729 2883 2826 2938 καὶ
2870 2882 2996 2936 τίνα
3040 2880 3243 2951 τρόπον
3267 2878 3595 2949 εἰσόέῦηκεν
3634 2878 3716 2940 εἰς
3756 2876 3850 2945 τὴν

2259 2956 2584 3048 οἰκουμένην
2622 2974 2826 3046 ήδόξα,
2859 2972 3107 3027 τουτέστι
3156 2969 3417 3042 Χριστὸς,
3453 2956 3863 3039 μανθάνοντεςί

2259 3071 2348 3124 διὰ
2369 3069 2529 3123 τοῦτο
2548 3069 2644 3122 καὶ
2669 3068 2698 3120 6
2723 3066 3010 3130 θεσπέσιος
3037 3064 3326 3135 προφήτης
3369 3061 3551 3125 εὐθὺς,
3585 3062 3680 3114 καὶ
3713 3077 3850 3130 παρ’

2263 3162 2633 3232 εζευγμένως,
2682 3160 2782 3231 τὴν
2819 3160 3119 3230 ἐμφάνειαν
3154 3154 3318 3211 αὑτοῦ
3347 3155 3448 3223 τὴν
3481 3153 3620 3222 μετά
3651 3151 3849 3219 σαρκὸς

2263 3253 2586 3322 καθίστησιν
2620 3252 2822 3321 ἐναργῆ
2853 3267 2867 3281 ·
2907 3249 3088 3320 ἵστησι
3119 3247 3232 3316 γὰρ
3265 3245 3328 3297 τὸ
3360 3243 3525 3298 αὑτοῦ
3561 3243 3850 3312 πρόσωπον

2261 3345 2533 3413 λέγοντος,
2571 3345 2654 3397 ὃτι
2699 3360 2719 3393 t
2764 3341 2894 3396 Ἰδοὺ
2934 3341 3170 3395 ὲκκλίνω
3205 3338 3293 3391 ἐπ’
3329 3337 3546 3400 αὐτοὺς,
3575 3337 3651 3399 ὡς
3673 3353 3844 3387 ποτα-

2268 3437 2367 3506 μὸς
2406 3437 2650 3506 εἰρήνης,
2706 3433 2802 3487 καὶ
2850 3433 2927 3496 ὡς
2971 3432 3306 3504 χειμάῤῥους
3348 3429 3648 3494 ἐπικλύζων
3688 3429 3848 3493 δόξαν

2263 3525 2454 3581 ἐθνῶν.
2492 3544 2510 3577 ι
2546 3523 2800 3596 Ποταμδς
2840 3523 2939 3591 μὲν
2969 3519 3060 3576 οὖν
3091 3523 3332 3594 εἰρήνης,
3376 3521 3462 3574 καί
3504 3521 3850 3590 χειμὰῤῥους

2262 3616 2494 3686 τρυφῆς,
2521 3615 2549 3666 6
2577 3613 2849 3682 Χριστὸς(
2885 3611 3028 3666 οὕτω
3056 3613 3170 3683 γὰρ
3199 3613 3356 3666 αὐτὸν
3384 3611 3473 3664 καὶ
3497 3611 3525 3662 6
3552 3609 3842 3672 θεσπέσιος

2263 3705 2428 3760 Δαϐἰδ
2451 3707 2708 3775 ὀνομάζει
2735 3704 2932 3772 λέγων’
2977 3721 2996 3755 t
3033 3705 3122 3767 Ὠς
3148 3703 3452 3773 ἐπλήθυνας
3473 3701 3532 3754 ab
3567 3700 3717 3763 ἔλεός
3747 3718 3844 3754 σου

2263 3799 2292 3850 6
2324 3797 2485 3860 Θεόςί
2510 3798 2558 3850 οἰ
2581 3796 2637 3849 δὲ
2654 3797 2758 3848 υἱοὶ
2787 3795 2896 3848 τῶν
2913 3794 3239 3865 ἀνθρώπων,
3287 3797 3348 3848 ἐν
3372 3794 3546 3863 σκέπη
3573 3794 3684 3846 τῶν
3717 3809 3846 3845 ma-

2267 3887 2449 3959 ρύγων
2493 3904 2586 3940 σου
2638 3885 2923 3940 ἐλπιοῦσιο
2975 3885 3407 3956 μεθυσθήσονται
3446 3886 3556 3938 ἀπὸ
3591 3884 3690 3952 τῆς
3733 3883 3848 3936 πιό-

2262 3995 2428 4048 τητος
2457 3977 2552 4031 τοῦ
2577 3977 2728 4030 οῐκου
2762 3994 2877 4041 σου,
2913 3977 3008 4030 καὶ
3034 3977 3126 4030 τὸν
3154 3979 3492 4048 χειμάρρουν
3513 3977 3615 4046 τῆς
3645 3975 3847 4045 τρυφῆς

2267 4088 2362 4124 σου
2383 4071 2589 4133 ποτιεῖς
2622 4068 2840 4132 αὐτούς.
2869 4088 2888 4121 ι
2936 4068 3048 4123 Καὶ
3079 4069 3274 4123 πάλιν
3316 4089 3335 4120 ι
3359 4067 3466 4121 Τοῦ
3503 4067 3747 4138 ποταμοῦ
3786 4067 3850 4120 τὰ

2264 4162 2563 4232 ὁρμήματα
2602 4160 2951 4230 εὐφραίνουσι
2980 4161 3078 4229 τὴν
3115 4160 3268 4215 πόλιν
3295 4159 3389 4212 τοῦ
3420 4158 3557 4213 Θεοῦ
3588 4162 3657 4226 1)·
3701 4159 3852 4213 ἐκκέ-

2267 4251 2420 4305 κλικε
2445 4251 2518 4316 δέ,
2550 4251 2642 4304 καὶ
2669 4246 2778 4304 οἷον
2806 4251 3309 4322 ἀμφιλαφεστάτοις
3330 4250 3568 4320 νάμασιν
3589 4251 3848 4303 ἐπέκλυσε

2266 4342 2373 4397 τῶν
2401 4341 2570 4396 ἐθνῶν
2599 4343 2699 4413 τὴν
2725 4343 2902 4406 δόξαν,
2928 4343 3194 4401 τουτέστι.
3226 4342 3288 4394 τὸ
3321 4342 3502 4411 τίμιον
3530 4342 3642 4395 τῶν
3668 4342 3848 4400 ἐθνιῖιν.

585 4421 694 4477 aito
724 4431 778 4476 et
804 4422 1082 4478 voluntate
1116 4423 1309 4490 Patris,
1357 4429 1422 4481 ad
1468 4427 1761 4495 Israelitas.
1805 4432 1990 4502 Itaque
2051 4437 2158 4490 ait:

2271 4438 2390 4508 ήτοι
2439 4438 2499 4489 τὸ
2530 4435 2918 4506 δεδοξασμένον
2953 4435 3119 4488 ἆπαν.
3183 4434 3260 4486 Οὐ
3309 4433 3421 4502 γὰρ
3463 4433 3667 4495 πάντες
3695 4449 3850 4484 πεπι-

592 4511 766 4568 «Νοη
813 4513 1008 4569 missus
1063 4530 1181 4569 sum
1232 4519 1334 4573 nisi
1396 4521 1461 4574 ad
1514 4523 1754 4589 perditas
1813 4540 1941 4580 oves
1969 4527 2158 4583 domus

2271 4529 2580 4590 στεύκασιν,
2619 4527 2743 4581 οὒτε
2777 4528 2883 4597 μὴν
2911 4525 3297 4594 ἐδοξάσθησαν,
3328 4523 3447 4578 ἀλλ’
3487 4525 3565 4588 ὡς
3590 4527 3619 4577 6
3648 4523 3852 4586 Παῦλός

585 4603 750 4658 Israel
779 4604 819 4657 ⁷.
849 4622 869 4656 ι
895 4605 1026 4660 Cum
1056 4622 1184 4663 vero
1213 4609 1286 4664 illi
1318 4611 1480 4666 ﬁdem
1544 4615 1867 4683 respuerint,
1917 4618 2158 4672 declina-

2270 4637 2404 4691 φησι
2443 4621 2570 4688 περὶ
2615 4619 2710 4672 τοῦ
2760 4618 2894 4671 Θεοῦ
2952 4620 3048 4671 καὶ
3089 4617 3332 4687 Πατρός-⁸,
3408 4636 3426 4668 ι
3461 4616 3570 4680 Οὓς
3611 4615 3853 4686 προέγνω

585 4691 665 4746 vit
684 4693 752 4747 ab
793 4691 1098 4756 illis,sicuti
1134 4697 1394 4765 scriptum
1421 4708 1524 4762 est,
1551 4709 1607 4754 et
1650 4703 1888 4770 gentium
1941 4721 2158 4778 congre‘

2269 4714 2366 4767 καὶ
2417 4711 2691 4784 προώρισε
2739 4709 3096 4778 συμμόρφους
3146 4707 3249 4777 τῆς
3307 4709 3516 4768 εἰκόνος
3579 4705 3676 4758 τοῦ
3726 4704 3852 4759 Υἰοῦ

580 4785 852 4855 gationem
870 4800 933 4840 ex
966 4787 1138 4841 sacris
1171 4788 1356 4844 rivulis
1404 4792 1774 4848 consolatione
1819 4796 2075 4864 perfudit,
2109 4799 2158 4854 id

2267 4803 2455 4867 αὑτοῦ,
2495 4803 2718 4865 τούτους
2762 4801 2856 4854 καὶ
2884 4798 3176 4852 ἐκάλεσεν
3216 4797 3310 4860 οὓς
3339 4797 3396 4850 δὲ
3432 4798 3686 4856 ἐκάλεσε.
3737 4796 3857 4850 τού»

582 4883 684 4939 est,
711 4875 1016 4944 evangelica
1045 4887 1099 4932 et
1156 4879 1372 4934 salutari
1418 4885 1820 4950 praedicatione,
1855 4902 1950 4955 per
1999 4904 2158 4958 quam

2265 4908 2393 4954 τους
2430 4891 2523 4944 καὶ
2548 4891 2784 4957 ὲδόξασε.
2817 4908 2836 4941 ι
2861 4889 2935 4941 Τό
2962 4904 3026 4955 γε
3057 4888 3213 4959 μὴν,ι
3236 4887 3600 4959 Ἐκκλίνω[ν],
3623 4907 3644 4939 ι
3665 4887 3858 4956 λέγων,

583 4979 770 5034 pacem
805 4965 942 5033 apud
990 4982 1110 5020 eum
1154 4968 1561 5033 lueril‘ecerunt,
1609 4982 1664 5027 et
1692 4989 1787 5043 per
1842 4991 2006 5044 quem
2049 4978 2158 5048 spi-

2263 4979 2451 5034 δίδωσι
2484 4979 2729 5034 τοιοῦτον
2767 4981 2992 5034 ἐννοεῖν·
3043 4979 3107 5031 Ἡ
3141 4978 3239 5046 μέν
3275 4977 3385 5048 γὰρ
3426 4977 3547 5041 ὁδὸς
3581 4979 3735 5048 αὐτῷ
3767 4979 3861 5032 καὶ

584 5053 764 5107 rituali
819 5053 1081 5111 societate
1129 5055 1404 5124 conjuncti
1455 5070 1740 5116 suntcum
1783 5063 1894 5120 Deo
1931 5075 1987 5120 et
2056 5067 2158 5122 Pa-

2266 5071 2484 5141 πορεία,
2515 5071 2660 5126 κατὰ
2680 5069 2937 5142 πρόθεσιν
2961 5069 3058 5122 καὶ
3082 5068 3331 5123 εὐδοκίαν
3355 5067 3450 5122 τοῦ
3481 5070 3700 5138 [ἰατρὸς
3724 5070 3862 5138 πρὸς

585 5155 690 5201 tre.
2264 5163 2393 5226 τοὺς
2438 5163 2498 5228 ἐξ
2536 5163 2770 5232 αἵματος
2812 5161 3064 5232 Ἰσραήλ·
3115 5159 3218 5231 ἔφη
3253 5159 3383 5227 γοῦν
3410 5160 3494 5213 ὅτι
3545 5179 3564 5212 ι
3591 5161 3710 5214 Οὐκ
3754 5163 3860 5213 ἀπ-

584 5236 841 5310 εστάλην,
897 5238 946 5291 εἰ
981 5235 1056 5309 μὴ
1104 5237 1186 5301 εἰς
1229 5237 1299 5291 τὰ
1347 5238 1664 5296 ἀπολωλότα
1719 5243 1967 5315 πρόϐατα
2010 5248 2160 5302 οἴκου
2213 5249 2453 5324 Ἰσραήλ.
2517 5273 2536 5304 r
2590 5251 2812 5322 Ἐπειδὴ
2859 5252 2917 5304 δὲ
2968 5251 3290 5305 ἀπεώσαντο
3331 5252 3431 5321 τήν
3516 5251 3725 5315 πίστιν,
3776 5250 3861 5316 ἐξ·

584 5326 792 5382 έκλινεν
831 5327 927 5380 ἀπ’
965 5327 1143 5382 αὐτῶν
1190 5327 1332 5382 καθὰ
1360 5327 1711 5399 γέγραπται,
1764 5335 1859 5387 καὶ
1907 5339 2032 5400 ταῖς
2057 5337 2166 5393 τῶν
2238 5340 2410 5397 ἐθνῶν
2470 5342 2696 5411 ἀγέλαις
2725 5341 2826 5413 τὴν
2852 5343 2916 5393 ἐκ
2957 5339 3067 5392 τῶν
3100 5338 3260 5411 ἱερῶν
3290 5339 3547 5410 ναμάτων
3575 5338 3864 5409 παράκλη-

594 5435 677 5472 σιν
700 5419 1006 5489 ἐχαρίσατο,
1042 5418 1313 5486 τουτέστι,
1344 5421 1404 5474 τό
1460 5424 1816 5492 εὐαγγελικὺν
1855 5429 1950 5482 καί⁵
2003 5431 2269 5501 σωτήριον
2332 5434 2619 5506 κήρυγμα,
2646 5433 2715 5488 δι’
2743 5425 2806 5486 οὗ
2835 5432 2935 5502 τὴν
2999 5431 3134 5501 πρὸς
3209 5430 3370 5484 αὐτὸν
3401 5431 3631 5502 εἰρήνην
3661 5448 3859 5502 κεκερ-

588 5507 807 5580 δήκασι,
853 5513 948 5565 καὶ
990 5511 1059 5565 δι’
1090 5510 1256 5566 αὑτοῦ
1288 5515 1639 5588 συνήφθησαν
1691 5519 1811 5572 κατ’
1851 5521 2161 5593 οἰκειότητα
2197 5523 2298 5597 τὴν
2331 5527 2710 5597 πνευματικὴν
2737 5525 2816 5595 τῷ
2843 5522 2963 5594 Θεῷ
2991 5523 3086 5578 καὶ
3107 5523 3302 5593 Πατρί.

664 5643 679 5673 ¹
710 5642 892 5718 ἔρον..
915 5660 996 5718 tit,
1023 5647 1078 5718 2.
1159 5650 1178 5680 '
1216 5649 1412 5717 Ephes.
1451 5666 1526 5718 tv,
1560 5653 1642 5710 15.

592 5656 682 5777 29:
707 5656 892 5766 ἐδίωκτ
915 5656 1112 5769 una}.
1451 5666 1526 5718 tv,
1560 5656 1642 5710 15.
1726 5656 1745 5688 ³
1772 5656 1917 5714 Psal.
1944 5675 2144 5716 umv

2257 5678 2280 5717 ι.
2361 5662 2380 5695 ⁸
2409 5661 2555 5720 Psal.
2583 5679 2746 5724 xxxv,
2777 5665 2830 5727 8,
2853 5661 2906 5718 9.
2985 5662 3006 5692 ⁸
3034 5658 3172 5716 Psal.
3209 5673 3332 5723 nr,
3365 5659 3414 5714 5.
3495 5660 3516 5690 ⁸
3546 5658 3711 5714 Rom.
3741 5672 3854 5726 VII,
