4112 6292
307 377 441 432 “ll

1433 369 1502 426 ΙΝ
1543 369 1779 427 ISAIAM
1821 371 1934 426 LIB
1987 371 2051 426 V.
2085 369 2320 428 TOMUS
2362 372 2447 427 Vi.

3439 381 3578 437 1442

382 492 460 546 Τὰ
509 489 718 544 παιδία
770 489 969 544 αὐτῶν
1015 489 1109 542 ἐπ’
1147 487 1320 557 ὤμων
1358 487 1748 556 ἀρθήσονται,
1799 489 1889 542 καὶ

2075 486 2238 542 Vsus.
2277 488 2457 552 l5,H.
2481 485 2706 543 Parvuli
2723 507 2899 544 eorum
2930 493 2984 546 in
3019 495 3252 549 humeris
3304 498 3573 566 tollentur,

303 583 403 637 ἐπὶ
434 583 658 651 γόνατα
685 579 1276 649 παρακληθήσονται.
1327 580 1422 644 Ὠς
1446 579 1502 632 εἷ
1533 596 1665 632 τινα
1692 578 1891 647 μήτηρ

305 672 739 741 παρακαλέσει,
817 671 1006 733 οὕτως
1049 670 1212 736 κάγὼ
1266 669 1666 737 παρακαλέσω
1713 669 1888 738 ὑμᾶς.

309 766 416 818 Kal
447 766 518 820 ἐν
561 762 960 831 Ἰερουσαλὴμ
994 760 1562 828 παρακλτηθήσεσθε.
1614 759 1711 812 καὶ
1753 759 1893 826 ὄψε-

306 860 438 921 σθε,
472 857 569 910 ual
594 853 922 924 χαρήσεται
959 851 1121 919 ὑμῶν
1149 853 1187 918 ἡ
1219 851 1452 917 καρδία,
1495 850 1592 903 καὶ
1637 851 1709 904 τὰ
1742 850 1892 904 ὀστᾶ

306 946 474 1015 ὑμῶν
504 947 584 1010 ὡς
614 941 846 1008 βοτάνη
890 941 1186 996 ἀνατελεῖ.
1229 941 1341 994 Καὶ
1390 943 1803 1010 γνωσθήσεται
1850 941 1888 1009 ἠ

305 1035 381 1104 τῆ
427 1037 642 1103 Κυρίου
674 1031 800 1097 τοῖς
827 1031 1176 1098 σεϐομένοις
1202 1032 1408 1084 αὐτόν.

388 1123 902 1194 ’Λμφιλαφεστάτην
939 1123 1074 1190 ἡμῖν
1105 1120 1203 1190 τὴν
1247 1119 1595 1190 παράκλησιν
1623 1118 1891 1187 ἐπαγγέλ-

306 1214 476 1276 λεται,
509 1212 604 1264 καὶ
636 1211 854 1280 φειδοῦς
893 1211 1110 1280 ἀπάσης
1142 1210 1400 1273 ἐπίδοσιν,
1431 1209 1572 1262 ὥστε
1599 1211 1693 1262 καὶ
1722 1211 1888 1262 πόνου

301 1302 425 1370 δίχα
456 1299 658 1360 παντὸς
696 1297 997 1368 κατορθοῦν
1038 1297 1296 1350 δύνασθαι
1333 1297 1394 1350 τὸ
1433 1298 1666 1366 ἀρέσκον
1716 1296 1885 1367 αὐτῷ.

303 1394 364 1445 Ol
411 1390 520 1461 γὰρ
559 1389 638 1442 ἔτι
685 1390 1045 1460 νηπιάζοντες
1081 1390 1138 1441 ὲν
1187 1389 1393 1452 αὐτοῖς,
1431 1388 1584 1458 φησὶ,
1633 1389 1732 1442 καὶ
1789 1389 1889 1451 τὰς

305 1482 508 1553 φρένας
530 1480 681 1534 οῦπω
709 1481 1136 1552 τετελειωμένοι,
1164 1479 1420 1551 βρέφεσιν
1459 1481 1517 1532 ὲν
1550 1481 1648 1551 ἴσῳ
1673 1483 1888 1550 μικροῖς

308 1573 397 1626 ἐπ’
430 1573 599 1644 ὤμων
631 1573 984 1644 ἀρθήσονται,
1019 1575 1114 1626 καὶ
1159 1574 1250 1626 ἐπὶ
1279 1573 1520 1640 γονάτων
1541 1573 1891 1644 παρακληθή·

307 1682 526 1719 σονταιο
581 1665 700 1727 ἑθος
742 1664 852 1734 γάρ
885 1663 1027 1716 οὓτω
1063 1663 1330 1734 μητράσιν
1375 1663 1749 1732 ἐπιμελεῖσθαι
1791 1680 1888 1735 νη-

305 1759 466 1814 πίων.
533 1759 722 1827 Ὀλίγα
776 1759 976 1824 τοίνυν,
1030 1760 1186 1829 φησὶ,
1259 1760 1651 1830 παραχωρὴσω
1695 1758 1883 1829 μητρὶ,

1993 587 2040 630 et
2063 594 2218 643 super
2241 593 2410 646 genua
2437 579 2843 634 consolationem
2898 583 3181 639 habebunt.
3223 585 3578 652 Quemadmo-

1994 671 2119 722 dum
2142 671 2509 738 siquam-iam
2557 682 2727 724 mater
2781 675 3099 740 consoletur,
3123 679 3198 730 sic
3245 689 3293 730 et
3350 696 3444 746 ego
3487 698 3576 735 vos

1993 761 2326 814 consolabor.
2351 761 2416 813 Et
2456 764 2508 816 in
2543 762 2839 818 Jerusalem
2859 766 3272 822 consolationem
3295 771 3573 836 habebitis,

1991 863 2038 906 et
2073 851 2306 904 videbitis
2325 867 2341 914 ;
2367 862 2412 902 et
2439 853 2680 920 gaudebit
2723 870 2816 907 cor
2862 867 3112 923 vestrum,
3145 869 3192 912 et
3227 875 3346 913 ossa
3407 873 3573 916 vestra

1991 943 2126 995 sicut
2151 944 2307 994 herba
2337 945 2724 1012 germinalmnt.
2761 945 2829 999 Et
2863 948 3144 1003 innotescet
3179 959 3332 1005 teme
3362 952 3575 1008 Domini

1998 1032 2287 1086 colentibus
2310 1049 2448 1086 eum.

2067 1122 2451 1192 Largissimam
2485 1125 2910 1183 consolationem
2942 1139 2995 1184 et
3023 1132 3203 1188 omnis
3254 1135 3573 1189 misericor-

1991 1213 2094 1266 dia:
2114 1214 2386 1267 cumulum
2408 1214 2566 1268 nobis
2584 1217 2940 1284 adpromittit,
2977 1221 3136 1290 idque
3177 1222 3324 1278 circa
3358 1238 3573 1278 omnem

1989 1302 2251 1369 laborem,
2289 1305 2506 1373 utquod
2534 1307 2633 1376 ipsi
2662 1308 2858 1374 placet,
2918 1313 3098 1378 possis
3157 1314 3406 1382 exsequi.
3470 1314 3573 1380 Qui

1989 1393 2132 1444 enim
2183 1392 2380 1457 adhuc,
2415 1394 2609 1462 inquit,
2645 1395 2880 1450 infantes
2931 1407 3079 1463 sunt,
3101 1410 3156 1453 et
3195 1402 3376 1454 animo
3424 1418 3576 1455 non-

1989 1482 2116 1535 dum
2147 1480 2393 1550 perfecti,
2427 1485 2572 1538 velut
2605 1487 2812 1554 parvuli
2837 1487 3070 1542 infantes
3103 1490 3155 1543 in
3210 1491 3449 1546 humeris
3472 1493 3574 1546 lol-

1989 1572 2188 1639 lentur,
2235 1582 2291 1628 et
2382 1591 2543 1644 super
2584 1591 2755 1646 genua
2797 1582 3222 1636 consolationem
3279 1585 3570 1639 habebunt.

1989 1661 2337 1718 Soleuteuim
2371 1676 2570 1720 matres
2599 1682 2784 1720 curam
2820 1683 3008 1737 gerere
3040 1672 3412 1737 parvulorum.
3445 1675 3560 1728 Non

1991 1755 2215 1808 multum
2249 1771 2398 1826 ergo,
2431 1759 2624 1825 inquit,
2661 1760 2818 1812 matri
2875 1774 3112 1823 cessero,
3133 1762 3226 1815 sed
3256 1763 3574 1818 consolabor

304 1850 673 1922 παρακαλέσω
717 1849 772 1903 δὲ
822 1849 967 1904 οὕτω
1020 1852 1146 1912 τοὺς
1202 1850 1407 1920 ἀδρανῆ
1469 1851 1609 1913 τέως
1663 1851 1883 1920 ἔχοντας

1989 1849 2066 1902 sic
2093 1863 2184 1904 eos
2210 1849 2300 1916 qui
2336 1848 2768 1905 iulirmosuntet
2815 1851 3024 1920 dejecto
3072 1853 3276 1918 animo,
3323 1861 3382 1908 ut
3437 1856 3572 1910 nihil

303 1941 447 2006 νοῦν,
480 1942 554 2005 ὡς
578 1940 818 2009 ὲλλεϊψαι
856 1941 1021 2011 μηδὲν
1053 1939 1161 1993 τῶν
1200 1941 1496 1994 τελούντων
1537 1943 1616 2004 εἰς
1651 1942 1888 1994 ἀνάπαυ-

305 2049 388 2085 σιν
437 2034 659 2095 αὺτοῖς*
699 2031 1082 2102 τιθηνούμενοι
1137 2031 1195 2084 δὲ
1238 2031 1398 2096 οὕτω,
1456 2032 1611 2101 φησι,
1661 2034 1756 2085 καὶ
1800 2032 1886 2084 διὰ

303 2126 486 2194 πάσης
529 2125 697 2187 ἰόντες
739 2122 954 2192 φειδοῦς
1007 2123 1102 2175 καὶ
1146 2122 1390 2191 ἀγάπης,
1449 2121 1647 2190 ὄψεσθέ
1695 2139 1754 2174 τε
1799 2121 1888 2174 διὰ

305 2209 524 2280 καιροῦ,
555 2211 649 2262 καὶ
675 2209 772 2281 τὴν
802 2210 913 2263 ᾶνω
940 2209 1093 2261 πόλιν
1115 2209 1214 2278 τὴν
1254 2209 1577 2278 ἐπουράνιον
1617 2209 1886 2278 Ἰερουσα-

303 2301 434 2370 λήμ·
486 2299 861 2372 πλησθήσεσθε
911 2299 1196 2370 θυμηδίας,
1242 2301 1335 2352 καὶ
1366 2298 1442 2361 ὡς
1471 2301 1528 2350 ἐν
1563 2296 1886 2361 τάξειξπόας

303 2391 635 2460 ἀναθαλήσει
681 2393 751 2444 τά
797 2392 1013 2444 πάντων
1049 2391 1204 2459 ὑμῶν
1248 2390 1400 2446 ὀστᾶ.
1469 2389 1887 2460 Ἑγερθήσονται

303 2481 414 2552 γάρ
451 2483 501 2534 οἱ
526 2481 731 2548 νεκροὶ,
754 2482 849 2534 καὶ
876 2482 1268 2551 ἀναστήσονται
1296 2484 1344 2534 οἱ
1369 2484 1426 2534 ὲν
1446 2483 1557 2543 τοῖς
1581 2480 1884 2550 μνημείοις,

304 2571 402 2642 τὴν
437 2571 590 2642 παρά
622 2569 859 2641 Χριστοῦ
914 2570 1312 2642 πλουτήσαντες
1358 2573 1569 2643 δρόσον,
1614 2572 1883 2638 τουτέστι,

303 2664 366 2716 τὸ
414 2663 632 2734 πνεῦμα
686 2664 747 2716 τὸ
791 2661 1090 2726 ζωοποιόνο
1150 2663 1292 2718 οὕτω
1345 2665 1454 2735 γάρ
1490 2664 1590 2718 πού
1643 2681 1807 2734 φησιν
1861 2665 1888 2716 ὁ

304 2753 534 2808 Ψάλλων
567 2753 705 2823 πρὸς
757 2753 850 2805 τὸν
887 2752 1020 2806 Θεὸν
1059 2755 1187 2824 περὶ¹
1227 2755 1336 2807 τῶν
1389 2756 1446 2808 ὲν
1485 2758 1556 2826 γῇ
1596 2756 1885 2825 κειμένωνο

312 2864 330 2896 ι
353 2845 764 2910 Ἐξαποστελεῖς
781 2845 842 2896 τὸ
859 2843 992 2898 πνεῦ
1008 2844 1092 2916 μά
1120 2863 1237 2908 σου,
1256 2846 1348 2900 καὶ
1373 2847 1777 2916 κτισθήσονται,
1795 2845 1890 2898 καὶ

304 2936 633 2998 ἀνακαινιείς
654 2935 714 2988 τὸ
739 2936 1029 3006 πρόσωπον
1063 2937 1164 3003 τῆς
1178 2937 1300 3006 γῆς.
1325 2955 1344 2988 ι
1380 2937 1588 3010 Ὥσπερ
1625 2933 1718 2990 οὖν
1742 2937 1810 2990 τά
1832 2937 1890 2988 ὲν

305 3027 497 3097 ἀγροῖς
529 3027 840 3097 ἀνθήσαντα
873 3027 1011 3098 μετὰ
1047 3027 1219 3099 βραχὺ
1249 3029 1457 3092 πίπτει,
1507 3029 1599 3082 καὶ
1630 3027 1890 3100 μαραίνε-

305 3137 392 3171 ται
424 3118 640 3191 ὲαρινοῦ
668 3135 728 3186 γε
775 3118 880 3190 μὴν
911 3119 1198 3184 ἐνστάντος
1228 3121 1444 3192 καιροῦ,
1475 3121 1637 3174 πάλιν
1657 3121 1886 3190 ἀνίσχει·

306 3209 400 3263 καὶ
460 3210 734 3277 φαίνεται*
773 3209 916 3262 οὕτω
969 3209 1037 3263 τὰ
1085 3212 1143 3264 ὲν
1198 3214 1263 3283 τῇ
1313 3215 1383 3284 γῇ
1430 3212 1538 3267 τῶν
1582 3211 1890 3266 τεθνεώτων

305 3299 558 3369 λείψανα,
591 3299 730 3354 κατά
759 3301 849 3352 τὸν
867 3301 966 3370 τῆς
986 3302 1414 3370 παλιγγενεσίας
1440 3305 1632 3374 καιρὸν
1666 3305 1890 3375 ἀρρήτῳ

304 3392 532 3462 δυνάμει
591 3391 727 3444 Θεοῦ
803 3393 965 3446 πάλιν
1011 3393 1382 3448 ἀνατελοῦσιν.
1472 3395 1889 3467 Ἐγερθήσονται

308 3483 440 3552 γὰρ,
470 3483 546 3547 ὡς
585 3482 740 3553 ἔφην.
807 3502 825 3534 ι
847 3482 978 3536 Τότε
1028 3484 1116 3554 δὴ,
1152 3485 1274 3538 τότε
1301 3485 1673 3556 γνωσθήσεται
1703 3488 1736 3556 ἡ
1767 3486 1889 3556 χεὶρ

310 3573 515 3644 Κυρίου
562 3577 672 3637 τοῖς
699 3575 1011 3644 σεϐομένοις
1043 3576 1223 3631 αὐτόν.
1259 3595 1278 3628 s
1331 3577 1504 3648 Χεῖρά
1554 3595 1618 3645 γε
1671 3576 1777 3649 μὴν
1831 3579 1889 3630 ὲν

309 3667 543 3727 τούτοις,
580 3666 612 3733 ἢ
647 3667 745 3732 τὴν
773 3667 1000 3734 δύναμιν
1027 3669 1191 3720 αὑτοῦ
1219 3687 1405 3738 φησιν,
1453 3671 1620 3740 ἦγουν
1645 3670 1736 3724 τὸν
1772 3669 1889 3724 Κύι-

314 3772 428 3826 ριον
455 3754 611 3823 ἡμῶν
649 3754 856 3822 Ἰησοῦν
889 3755 978 3806 τὸν
1009 3756 1263 3824 Χριστὸν,
1297 3759 1364 3809 δι’
1386 3753 1446 3810 οῦ
1472 3761 1538 3810 τὰ
1565 3762 1764 3820 πάντα,
1797 3761 1890 3812 καὶ

311 3845 370 3896 ὲν
403 3837 445 3910 ᾧ
472 3841 542 3894 τά
567 3842 761 3895 πάντα.
784 3843 862 3892 Δι’
885 3840 1048 3892 αὐτοῦ
1077 3841 1184 3911 γὰρ
1206 3841 1369 3903 πάλιν
1393 3844 1485 3894 καὶ
1508 3846 1541 3912 ἡ
1558 3845 1664 3894 τῶν
1682 3845 1890 3912 νεκρῶν

312 3932 626 3994 ἀναϐίωσις.
677 3930 1048 4000 Ἀποτὲλεσμα
1093 3932 1202 4001 γὰρ
1246 3933 1346 4000 τῆς
1389 3932 1551 3986 αὑτοῦ
1609 3932 1892 4000 δυνάμεως

312 4026 396 4096 εἴη
428 4025 516 4087 ἂν,
551 4023 646 4076 καὶ
690 4022 750 4074 τὸ
801 4022 1018 4091 ἰσχύσαι
1051 4026 1410 4095 παρενεγκεῖν
1437 4025 1518 4084 εἰς
1546 4022 1783 4094 ὕπαρξιν
1823 4024 1892 4078 τά

310 4117 411 4170 οὐκ
431 4117 560 4168 ὄντα
591 4115 742 4175 ποτὲ,
776 4114 870 4166 καὶ
902 4114 1206 4167 πεπονθότα
1246 4115 1344 4186 τὴν
1378 4114 1606 4185 φθορὰν,
1663 4115 1890 4168 ἀνακαι-

312 4203 453 4256 νίσαι
486 4202 647 4256 πάλιν
685 4204 764 4264 εἰς
792 4203 853 4256 τὸ
888 4204 945 4255 ἐν
974 4203 1188 4272 ἀρχαῖς.

382 4297 492 4351 Καὶ
529 4296 846 4362 ἀπειλήσει
880 4296 1005 4362 τοῖς
1038 4298 1421 4351 ἀπειθοῦσιν·
1468 4298 1612 4352 Ἰδοὺ
1643 4299 1752 4369 γὰρ
1779 4301 1893 4355 Κύ-

303 4407 436 4457 ριος
476 4390 554 4455 ὡς
598 4389 719 4456 πῦρ
761 4388 912 4456 ἥξει,
951 4389 1050 4443 καὶ
1094 4389 1174 4454 ὠς
1227 4390 1493 4458 καταιγὶς
1541 4391 1615 4444 τὰ
1663 4391 1893 4460 ἅρματα

1989 1939 2096 1994 illis
2118 1941 2257 1993 desit
2291 1940 2357 1993 ad
2391 1943 2711 2009 requietem.
2739 1941 2831 1996 Sic
2855 1944 3158 2006 nutriti,sic
3175 1946 3319 1998 omni
3353 1947 3572 2000 miseri-

1987 2033 2168 2085 cordia
2197 2042 2250 2084 et
2271 2033 2534 2086 cbaritate
2571 2035 2808 2101 tractati,
2833 2035 3085 2090 videbitis
3120 2037 3284 2107 915
3306 2048 3568 2108 tempore,

1987 2136 2294 2190 supremam
2320 2123 2485 2177 etiam
2509 2124 2786 2179 civitatem
2811 2127 3088 2181 caelestem
3144 2128 3463 2194 Jerusalem,
3517 2141 3574 2184 et

1987 2213 2703 2284 complebiminivoluptate,
2734 2226 2790 2270 et
2817 2219 2972 2284 quasi
3006 2218 3202 2282 herba,
3247 2221 3430 2275 omnia
3470 2236 3571 2276 ve-

1988 2313 2098 2358 stra
2121 2317 2244 2357 ossa
2281 2303 2649 2359 reﬂorescent.
2705 2307 3098 2363 Excitabuntur
3137 2311 3280 2364 enim
3339 2313 3568 2380 mortui,

1989 2401 2040 2447 et
2072 2394 2463 2461 resurgentqui
2530 2395 2582 2448 in
2636 2397 3006 2450 monumentis
3047 2406 3208 2463 sunt,
3262 2398 3569 2467 locupletati

1987 2497 2085 2552 per
2115 2483 2392 2538 Christum
2411 2498 2557 2548 rore,
2593 2484 2644 2538 id
2670 2495 2774 2549 est,
2808 2486 3001 2554 spiritu
3039 2487 3273 2541 vivilico.
3315 2488 3408 2542 Sic
3423 2493 3567 2542 enim

1989 2573 2121 2628 dicit
2140 2573 2230 2638 qui
2259 2575 2324 2629 ad
2354 2576 2518 2629 Deum
2542 2574 2740 2645 psallit,
2767 2576 2836 2631 de
2864 2578 2949 2631 bis
2973 2579 3063 2646 qui
3094 2580 3148 2632 in
3172 2588 3316 2632 terra
3336 2580 3515 2648 jaceut
3552 2598 3568 2633 :

1995 2681 2015 2715 ι
2043 2665 2276 2720 Emittes
2341 2667 2588 2733 spiritum
2624 2677 2805 2734 tuum,
2839 2676 2895 2722 et
2923 2669 3274 2736 creabuntur,
3306 2679 3361 2724 et
3413 2686 3571 2727 reuo-

1989 2747 2139 2810 vobis
2175 2754 2366 2810 faciem
2410 2767 2570 2812 terra:
2601 2759 2645 2812 '.
2684 2778 2703 2812 ι
2739 2759 2969 2814 Perinde
3016 2760 3198 2829 igitur,
3240 2771 3298 2815 ut
3333 2777 3454 2832 qua:
3513 2763 3570 2817 in

1990 2846 2134 2915 agris
2161 2845 2481 2914 ﬂoruerunt,
2515 2849 2676 2918 paulo
2713 2860 2833 2920 post
2859 2852 3114 2907 occidunt
3134 2861 3568 2917 etmarcescunt,

1988 2952 2158 2992 verno
2186 2949 2366 2994 autem
2400 2948 2642 3010 tempore
2674 2941 2930 3006 instante,
2994 2957 3183 2997 rursus
3222 2943 3472 2997 oriuntur
3515 2952 3573 2996 et

1990 3035 2251 3096 apparent
2277 3042 2291 3080 :
2323 3027 2402 3082 sic
2432 3028 2672 3097 reliquiae
2703 3039 3038 3084 mortuorum
3059 3031 3111 3084 in
3141 3040 3306 3095 terra,
3328 3040 3571 3099 tempore

1994 3117 2426 3184 regenerationis
2453 3132 2518 3173 ac
2544 3119 2972 3183 instaurationis,
3027 3117 3281 3173 iuelfabili
3330 3121 3568 3188 potentia

1917 3186 1960 3244 θ
1992 3205 2086 3260 Dei
2112 3221 2303 3262 rursus
2331 3209 2666 3262 exorientur.
2701 3208 3100 3264 Excitabuntur
3125 3210 3292 3272 enim,
3319 3186 3396 3264 uti
3433 3210 3566 3265 dixi.

1997 3313 2018 3346 ι
2060 3294 2236 3359 Tunc,
2265 3303 2393 3349 tunc
2427 3296 2728 3351 innotescet
2762 3312 2951 3352 manus
3002 3296 3212 3350 Domini
3270 3297 3572 3353 colentibus

1990 3377 2180 3439 eum.»
2220 3383 2436 3438 Manum
2455 3385 2546 3440 hic
2585 3397 2761 3448 vocat,
2798 3385 2880 3438 vel
2927 3380 3222 3454 potentiam
3266 3400 3441 3451 suam,
3487 3386 3572 3441 vel

1991 3475 2278 3532 Dominum
2305 3485 2548 3530 nostrum
2581 3474 2764 3531 Jesum
2797 3475 3093 3542 Christum,
3136 3490 3234 3545 per
3267 3490 3424 3544 quem
3450 3491 3569 3530 om-

1991 3567 2103 3628 nia.
2136 3576 2192 3621 et
2223 3568 2276 3621 in
2308 3582 2416 3638 quo
2436 3569 2618 3623 omnia
2639 3569 2681 3620 ’.
2710 3566 2816 3622 Per
2839 3566 2986 3620 illum
3040 3567 3186 3620 enim
3239 3583 3426 3620 rursus
3486 3578 3572 3621 est

1990 3661 2340 3716 resuscitatio
2381 3673 2740 3714 mortuorum.
2816 3658 2930 3712 Hoc
2975 3666 3060 3711 est
3130 3659 3274 3711 enim
3318 3659 3571 3727 potentiae

1990 3753 2106 3819 ejus
2129 3769 2234 3804 non
2269 3753 2682 3815 leveindicium,
2705 3764 2863 3818 posse
2904 3758 2960 3802 et
2993 3749 3047 3802 in
3111 3748 3284 3804 lucem
3328 3748 3572 3816 proferre

1991 3856 2112 3908 qua!
2162 3842 2454 3908 aliquando
2508 3857 2614 3894 non
2662 3849 2836 3902 erant,
2905 3849 2961 3892 et
3029 3854 3149 3906 qua:
3225 3853 3382 3906 passa
3444 3852 3571 3894 sunt

1993 3929 2394 3997 corruptionem
2470 3939 2804 3994 restaurare,
2877 3928 2952 3982 ita
2998 3937 3058 3980 ut
3111 3929 3179 3982 ab
3248 3927 3404 3982 initio
3449 3929 3568 3986 fue-

1993 4028 2137 4074 runt.

2064 4296 2231 4353 Vens.
2263 4294 2442 4352 lii-l7.
2466 4295 2535 4349 Et
2588 4295 2879 4350 minabitur
2936 4296 3374 4350 contumacibus:
3433 4295 3569 4352 Ecce

1992 4391 2129 4443 enim
2161 4388 2418 4441 Dominus
2444 4388 2598 4456 quasi
2624 4387 2758 4456 ignis
2789 4388 2976 4453 veniet,
3016 4397 3064 4440 et
3100 4388 3251 4452 quasi
3295 4397 3567 4457 tempestas

311 4481 517 4545 αὑτοῦ,
574 4481 678 4536 τοῦ
724 4481 1054 4536 ἀποδοῦναι
1092 4481 1160 4533 ἐν
1192 4481 1355 4549 θυμῷ
1395 4481 1729 4550 ἐκδίκησιν,
1793 4482 1889 4536 καί

1997 4495 2182 4534 currus
2214 4478 2351 4547 ejus,
2391 4489 2446 4532 ut
2475 4478 2655 4531 reddat
2719 4479 2774 4530 in
2805 4477 2986 4546 furore
3013 4477 3283 4542 ultionem,
3315 4487 3363 4532 et
3397 4478 3568 4535 incre-

311 4572 843 4640 ἀποσκορακισμὸν
895 4573 965 4626 ἑν
1017 4573 1197 4640 φλογὶ
1249 4573 1456 4642 scriptio.
1506 4575 1610 4627 Ἐν
1648 4575 1758 4643 γὰρ
1811 4573 1890 4640 τῷ

313 4661 455 4728 πυρὶ
514 4664 738 4728 Κυρίου
770 4664 1113 4729 κριθήσεται
1157 4661 1324 4715 πᾶσα
1370 4666 1407 4731 ὴ
1450 4663 1548 4733 γῆ,
1591 4665 1686 4718 καὶ
1717 4667 1786 4718 ἐν
1814 4665 1889 4734 τῇ

309 4751 572 4818 ῥομφαίᾳ
609 4751 796 4804 αὑτοῦ
850 4744 1019 4806 πᾶσα
1064 4752 1252 4820 σάρξο
1293 4754 1508 4807 πολλοὶ
1540 4759 1890 4825 τραυματίαι

314 4838 557 4891 ἔσονται
592 4839 712 4894 ὑπὸ
751 4841 992 4907 Κυρίου,
1026 4844 1080 4893 ol
1113 4841 1476 4909 ἁγνιζόμενοι
1518 4844 1613 4897 καὶ
1655 4850 1888 4914 καθαριο

315 4929 540 4997 ζόμενοι
587 4932 674 4993 είς
713 4928 854 4994 τοὺς
885 4931 1136 4995 κήπους,
1173 4931 1268 4984 καὶ
1301 4933 1371 4984 ἐν
1401 4933 1523 5000 τοῖς
1572 4941 1886 5007 προθύροις

315 5022 598 5084 ἔσθοντες
639 5020 783 5087 κρέα
825 5019 951 5073 ὑῶν
984 5020 1082 5073 καὶ
1111 5022 1182 5076 τὰ
1209 5022 1602 5094 ,βδελύγματα
1637 5028 1732 5080 καὶ
1789 5030 1896 5081 τὸν

315 5113 462 5180 μῦν,
488 5113 584 5166 ἐπὶ
619 5111 686 5165 τὸ
719 5112 866 5166 αὐτὸ
906 5114 1421 5182 ἀναλωθήσονται,
1478 5114 1608 5172 εἶπε
1659 5122 1891 5188 Κύριος.

316 5202 486 5270 Κάγὼ
531 5203 604 5254 τὰ
648 5203 790 5270 ἔργα
852 5202 1051 5256 αὐτῶν
1097 5204 1196 5259 καὶ
1242 5205 1348 5258 τὸν
1377 5209 1666 5277 λογισμὸν
1702 5211 1894 5264 αὐτῶν

313 5291 657 5360 ἐπίσταμαι.

397 5381 788 5451 ’Λποχρώντως
822 5385 1212 5452 παρακαλέσας
1248 5389 1376 5453 τοὺς
1406 5391 1462 5443 ὲν
1506 5393 1568 5462 τῇ
1601 5392 1698 5463 νέᾳ
1733 5391 1892 5458 Σιὼν,

314 5474 582 5535 τουτέστι,
630 5477 694 5543 τῇ
768 5475 1088 5547 Ἐκκλησία,
1129 5480 1221 5531 καὶ
1262 5481 1659 5552 διαρκεστὰτην
1714 5487 1894 5548 αὐτοῖς

315 5564 782 5635 ἐπαγγειλάμενος
815 5567 913 5635 τὴν
949 5569 1294 5639 παράκλησιν
1318 5611 1332 5635 ,
1379 5572 1470 5624 καὶ
1510 5575 1894 5643 πνευματικῶν

394 5738 417 5773 ⁸
439 5737 584 5794 Psal.
612 5755 723 5806 Clll,
756 5743 843 5795 30.
921 5742 940 5771 ’
967 5743 986 5796 l
1017 5743 1143 5800 Cor.
1176 5760 1293 5811 vui,
1321 5745 1373 5799 6.

1994 4574 2258 4642 potionem
2273 4574 2324 4625 in
2337 4569 2882 4640 flammaignis.Nam
2919 4568 3103 4638 inigne
3120 4567 3330 4623 Domini
3351 4570 3566 4639 judica‘

1997 4665 2134 4716 bitur
2163 4663 2326 4716 omnis
2344 4673 2505 4726 terra,
2537 4661 2656 4713 etin
2673 4659 2846 4728 gladio
2879 4660 3222 4729 ipsiusomnis
3250 4677 3394 4714 caro.
3424 4661 3568 4716 Mul-

1994 4755 2032 4806 ti
2058 4753 2316 4807 vulnerati
2365 4761 2574 4806 erunta
2615 4750 2868 4804 Domino.
2921 4749 3026 4815 Qui
3077 4751 3445 4818 purificantur,
3517 4762 3566 4806 et

1997 4843 2323 4895 mandantur
2348 4844 2403 4896 in
2461 4843 2651 4905 hortis,
2683 4849 2731 4893 et
2788 4840 2844 4894 in
2895 4840 3182 4905 liminibus,
3244 4842 3566 4896 comedentes

1991 4949 2202 4986 carnem
2227 4934 2458 4998 suillam,
2493 4944 2541 4986 et
2591 4931 3029 4994 abominationes,
3059 4942 3105 4985 et
3140 4948 3358 4994 murem,
3408 4931 3564 4986 simul

1992 5034 2381 5090 consumentur,
2413 5025 2547 5076 dixit
2582 5022 2858 5076 Dominus.
2897 5020 3006 5091 Ego
3044 5039 3163 5076 vero
3209 5039 3364 5091 Opera
3385 5039 3562 5076 eorum

1992 5123 2037 5166 et
2066 5115 2430 5183 cogitationem
2456 5127 2632 5166 eorum
2679 5112 2806 5164 scio.

2065 5394 2285 5448 Abunde
2325 5393 2634 5448 consolatus
2663 5407 2756 5446 eos
2812 5391 2903 5460 qui
2937 5391 2991 5443 in
3030 5403 3166 5441 nova
3197 5385 3348 5449 Sion,
3383 5383 3434 5437 id
3458 5392 3562 5448 est,

1993 5486 2256 5550 Ecclesia,
2303 5497 2356 5540 et
2388 5485 2851 5539 alllueutissimam
2878 5479 3299 5535 consolationem
3333 5491 3394 5528 ac
3448 5475 3563 5544 spi~

1992 5576 2264 5631 ritualium
2303 5575 2563 5630 bonorum
2595 5574 2896 5630 subsidium
2923 5569 3214 5641 pollicitus,
3266 5575 3317 5620 et
3343 5576 3564 5635 printer-
