4134 6302
568 355 706 410 Ηῶδ
1556 350 1616 407 S.
1659 348 1931 406 CYlllLLI
1969 347 2153 403 ALEX

2262 343 2448 400 DRINI
2488 339 2808 397 ARCHlEP.
3703 331 3856 386 HN

564 490 630 530 ea
687 473 1152 530 resuscitationem
1219 468 1518 536 emortuis,
1565 476 1615 523 et
1667 483 1952 538 supremas
1977 469 2156 533 sedes,

2262 463 2480 533 ἀγαθῶν
2507 457 2792 532 χορηγίαν,
2824 455 2904 509 ἔτι
2934 469 2992 506 τε
3013 451 3148 524 πρὸς
3179 449 3390 513 τούτοις
3414 446 3515 519 τὴν
3544 447 3860 538 ὲκγνεκρῶν

566 577 632 617 ac
659 577 778 631 qua:
808 562 878 615 ibi
909 569 1012 624 est,
1035 559 1261 627 gloriam
1291 573 1394 612 non
1419 559 1636 626 impune
1659 537 1780 613 fore
1796 557 1931 613 dicit
1965 559 2151 613 inobe-

2262 553 2582 616 ἀναϐίωσιν,
2617 551 2711 604 καὶ
2734 548 2834 611 τᾶς
2864 545 2976 600 άνω
2998 543 3187 616 μονάς.
3223 541 3320 596 καὶ
3347 539 3446 610 τὴν
3476 537 3668 631 αὐτόθι
3696 539 3859 631 δόξαν

567 629 836 708 aientibus
871 651 974 705 hoc
999 652 1173 703 audax
1197 659 1384 704 contra
1410 650 1528 704 illos
1553 651 1885 704 institutum.
1949 648 2150 705 Veniet

2262 648 2358 700 οὐκ
2409 645 2644 715 ἀζήμιον
2678 637 2896 693 ἔσεσθαί
2939 653 3073 707 φησι
3116 635 3232 697 τοῖς
3271 631 3522 685 ἀπειθεῖν
3574 629 3861 698 ἑλομένοις

566 745 738 806 enim,
781 743 972 810 inquit,
1028 741 1180 809 quasi
1205 741 1367 810 ignis.
1409 740 1716 796 Descendet
1743 754 1974 808 namque
1996 740 2150 794 coeli-

2262 735 2407 806 αὐτῷ
2435 735 2497 788 τὸ
2534 733 2626 784 ἐπὶ
2655 730 2864 791 τούτοις
2908 727 3232 797 ἐγχείρημα.
3267 723 3428 786 Ἥξει
3449 721 3562 791 γὰρ
3593 719 3672 783 ὡς
3716 718 3857 810 πῦρ,

569 845 657 889 tus
683 835 733 888 in
758 834 924 903 gloria
955 832 1133 888 Patris
1153 833 1234 887 sui
1261 848 1381 886 cum
1400 833 1602 886 sanctis
1630 833 1854 902 angelis.
1882 831 1978 886 llic
2007 832 2150 886 enim

2262 825 2428 896 φησί’
2465 823 2839 892 καταϐήσεται
2869 818 2977 886 γὰρ
3011 816 3071 881 ἐξ
3098 815 3364 886 οὐρανῶν,
3401 815 3460 866 ἐν
3484 815 3554 883 τῇ
3595 811 3725 881 δόξῃ
3761 809 3861 863 τοῦ

569 933 654 980 est
679 940 870 979 currus
894 925 1036 995 ejus,
1067 923 1224 979 sicuti
1253 935 1306 977 et
1334 924 1386 978 in
1411 924 1640 979 Psalmis
1669 924 1998 978 celebratum
2024 931 2107 977 est
2135 939 2149 975 :

2262 917 2476 987 Πατρὺς
2510 914 2674 968 αὑτοῦ
2719 911 2856 984 μετά
2887 911 2996 964 τῶν
3033 909 3207 978 ἁγίων
3245 907 3514 976 ἀγγέλων.
3544 905 3718 958 Τοῦτο
3749 903 3861 974 γὰρ

577 1031 596 1066 ι
635 1013 840 1068 Currus
869 1014 959 1067 Dei
990 1014 1175 1068 decem
1231 1013 1468 1068 millibus
1509 1013 1812 1083 multiplex,
1843 1013 2006 1065 millia
2058 1012 2153 1065 lte-

2262 1010 2321 1062 τὸ
2375 1009 2529 1078 ἆρμα
2575 1006 2761 1066 αὑτοῦ,
2801 1004 2944 1057 κατὰ
2992 1002 3054 1054 τὸ
3106 1003 3164 1052 ὲν
3208 999 3462 1069 Ψαλμοῖς
3492 995 3859 1067 ὑμνούμενον,

572 1107 799 1160 lantiunt
828 1106 892 1158 ¹⁹.
935 1124 956 1158 ι
995 1106 1183 1161 Veniet
1210 1115 1392 1160 autem
1425 1107 1738 1160 redditurus
1776 1106 2038 1160 ultionem
2098 1105 2152 1158 in

2266 1117 2286 1150 ι
2315 1099 2388 1152 Τὸ
2425 1099 2578 1168 ἅρμα
2615 1095 2711 1149 τοῦ
2754 1094 2889 1148 Θεοῦ
2944 1090 3362 1164 μυριοπλάσιον,
3413 1087 3654 1157 χιλιάδες
3691 1085 3860 1153 σύθη-

573 1196 776 1263 furore,
800 1205 854 1251 et
909 1197 1332 1266 iucrepationem
1388 1197 1443 1250 in
1491 1195 1707 1249 ﬂatnma
1766 1199 1924 1266 ignis.
1989 1196 2156 1266 916

2262 1193 2515 1246 νούντων.
2550 1209 2568 1240 ι
2624 1187 2782 1252 Ἥξει
2828 1187 2886 1240 δὲ
2925 1183 3220 1238 ἀποδώσων
3257 1180 3538 1248 ἐκδίκησιν
3574 1181 3631 1231 ἐν
3669 1176 3860 1246 θυμῷ,

575 1286 876 1356 lncrepatio
902 1289 1124 1342 denotat
1146 1289 1528 1358 abjectionem.
1561 1287 1716 1342 Dicet
1743 1289 1887 1342 enim
1923 1289 2006 1341 his
2059 1288 2152 1356 qui

2262 1285 2358 1338 καὶ
2381 1279 2866 1352 ἀποσκορακισμὸν
2901 1279 2958 1329 ὲν
2991 1276 3151 1344 φλογὶ
3189 1273 3384 1343 πυρός.
3429 1273 3485 1322 '0
3522 1269 3578 1321 δὲ
3607 1271 3862 1320 ἀποσκο-

577 1379 629 1432 in
655 1381 890 1446 peccatis
921 1382 1114 1434 mortui
1144 1391 1305 1435 sunt:
1341 1381 1644 1435 «Discedite
1676 1395 1704 1432 a
1733 1395 1837 1444 me,
1859 1379 2150 1445 maledicti,

2267 1376 2532 1448 ρακισμδς
2559 1373 2711 1444 δηλοῖ
2734 1371 2832 1442 τὴν
2860 1369 3136 1438 ἀποϐολήν
3157 1384 3169 1398 ·
3205 1368 3319 1436 ὲρεί
3341 1365 3451 1434 γάρ
3480 1365 3594 1425 τοῖς
3625 1360 3865 1414 τεθνεῶο

575 1473 632 1525 in
669 1473 847 1540 ignem
883 1482 1166 1535 aeternum.
1192 1475 1282 1541 qui
1321 1481 1654 1542 praeparatus
1685 1481 1768 1526 est
1814 1472 2030 1525 diabolo
2100 1479 2154 1525 et

2265 1487 2349 1521 σιν
2396 1470 2454 1520 ὲν
2495 1464 2813 1535 ἁμαρτίαις·
2871 1481 2888 1512 ι
2915 1457 3220 1531 Πορεύεσθε
3277 1457 3372 1508 ἀπ’
3408 1452 3546 1524 ἐμοῦ
3570 1494 3584 1518 ,
3615 1467 3862 1521 κατηρα-

573 1565 782 1632 angelis
808 1564 927 1633 ejus
956 1566 1022 1615 ιι.
1065 1584 1084 1616 ι
1123 1565 1467 1620 Judicabitur
1519 1565 1687 1630 enim,
1719 1563 1915 1633 inquit,
1981 1564 2158 1617 omnis

2269 1564 2442 1634 μένοι,
2469 1562 2548 1622 εἰς
2567 1559 2628 1610 τὸ
2653 1555 2765 1626 πῦρ
2787 1554 2846 1607 τὸ
2867 1553 3107 1611 αἰώνιον,
3135 1549 3196 1601 τὸ
3210 1545 3617 1619 ἡτοιμασμένον
3643 1543 3724 1612 τῷ
3743 1544 3858 1596 διαο

581 1664 746 1718 terra,
771 1666 825 1708 et
854 1667 1105 1723 tanquam
1142 1656 1320 1724 gladio
1345 1654 1540 1708 divina:
1566 1655 1658 1708 irae
1683 1656 1948 1724 percussi,
2005 1653 2158 1708 multi

2268 1655 2409 1725 δόλῳ
2488 1653 2584 1705 καὶ
2635 1652 2746 1712 τοῖς
2797 1646 3046 1714 ἀγγέλοις
3088 1642 3326 1695 αὐτοῦ’»
3381 1638 3711 1709 κριθήσεται
3755 1635 3862 1704 γάρ

579 1746 1027 1799 vulnerabnntur.
1060 1746 1122 1800 Hi
1158 1747 1376 1800 demum
1408 1756 1537 1802 sunt
1581 1747 1672 1816 qui
1711 1760 1899 1815 poenas
1919 1749 2159 1816 pendunt

2263 1744 2430 1810 οὕτω,
2474 1743 2661 1812 φησὶν,
2691 1742 2725 1810 ἡ
2762 1739 3027 1808 σύμπασα
3059 1736 3152 1804 γῆν
3195 1733 3289 1786 καὶ
3314 1731 3508 1801 ῶσπερ
3551 1728 3666 1783 ἀπὸ
3726 1731 3861 1799 ῥομ-

582 1837 942 1901 inevitabiles,
963 1847 1018 1891 et
1049 1839 1101 1891 in
1148 1836 1421 1892 ﬂammam
1473 1847 1702 1892 currunt
1756 1841 2156 1905 inexstinctam,

2263 1836 2430 1904 φαίας
2462 1836 2560 1904 τῆς
2589 1833 2740 1894 θείας
2767 1829 2940 1902 ὀργῆς
2969 1827 3275 1898 πληγέντες
3307 1824 3496 1877 πολλοὶ
3521 1821 3861 1892 τραυματίαι

578 1928 898 1993 catenisque
926 1941 1148 1980 suorum
1187 1936 1531 1996 peccatorum
1561 1927 1866 1992 constricti,
1924 1927 2159 1980 maxime

2265 1932 2606 2001 γενήσονται.
2646 1921 2806 1981 Οὗτοι
2836 1925 2881 1977 δ’
2917 1925 2986 1977 ἂν
3033 1919 3143 1975 εἷεν
3183 1924 3232 1974 oi.
3276 1922 3376 1991 τὴν
3416 1919 3665 1988 ἄφυκτον
3705 1916 3860 1985 δεχόο

580 2030 711 2070 vero
741 2015 972 2069 aliorum
1001 2017 1356 2084 subjicieutur
1384 2015 1668 2084 supplicio,
1705 2015 1904 2083 inquit,
1963 2013 2159 2079 expiati

2274 2039 2426 2094 μενοι
2453 2021 2632 2090 δίκην,
2665 2020 2760 2072 καὶ⁹
2793 2020 2872 2080 εἰς
2905 2015 3172 2071 ἄσϐεστον
3201 2015 3490 2084 τρέχοντες
3533 2009 3728 2079 φλόγα,
3762 2007 3860 2060 καὶ

578 2117 635 2161 et
665 2108 875 2176 purgati
923 2108 975 2161 in
1002 2107 1193 2171 hortis,
1227 2107 1278 2161 id
1313 2116 1416 2170 est,
1455 2107 1764 2176 rejicientes
1826 2105 2156 2175 redemptio.

2266 2115 2474 2185 σειραῖς
2506 2112 2616 2165 τῶν
2662 2110 2809 2164 ἰδίων
2853 2106 3344 2178 πλημμελημάτων
3379 2103 3812 2172 κατεσφιγμένοι
3840 2113 3858 2130 ⁸

583 2214 706 2254 nem
747 2215 842 2268 per
893 2198 1192 2261 Christum,
1223 2207 1279 2251 et
1337 2207 1744 2251 contemnentes
1793 2199 2025 2266 gratiam
2072 2211 2166 2266 per

581 2301 988 2344 sacrosanctum
1045 2289 1361 2358 baptisma,
1420 2302 1540 2356 quae
1588 2288 1852 2356 iustiﬁcat
1912 2288 2161 2355 impium,

581 2379 836 2448 omnique
894 2387 1076 2432 errato
1137 2377 1374 2431 absolvit
1425 2377 1665 2446 peccatis
1723 2387 2151 2447 conspurcatos,

582 2479 831 2523 amantes
873 2469 1105 2537 denique
1172 2469 1227 2522 in
1277 2481 1467 2522 errore
1519 2468 1697 2535 potius
1735 2478 1791 2523 et
1850 2469 2159 2538 ignorantia

583 2561 810 2626 versari,
837 2570 892 2616 et
922 2577 1027 2614 non
1063 2561 1193 2616 deos
1257 2561 1505 2626 adorare,
1555 2561 1648 2630 qui
1695 2561 1859 2615 etiam
1912 2561 1994 2616 usi
2041 2569 2166 2615 sunt

582 2655 992 2710 lustrationibus
1062 2653 1289 2723 impuris
1365 2663 1420 2708 et
1479 2653 1794 2709 immundis.
1865 2653 2165 2723 Expiantur

579 2749 726 2800 enim
754 2754 812 2799 ut
865 2744 1196 2809 existimant,
1249 2756 1372 2796 cum
1426 2756 1554 2809 erga
1603 2742 1808 2812 seipsos
1859 2740 2160 2811 falluntur;

583 2838 665 2892 vel
694 2836 838 2891 enim
867 2835 1294 2905 aspergebantur
1315 2834 1492 2902 aquis,
1528 2833 1613 2887 vel
1641 2832 1792 2888 taces
1815 2835 1997 2903 igneas
2043 2845 2164 2887 tan-

581 2945 744 2998 quam
772 2929 824 2982 in
857 2929 1044 2982 orbem
1075 2925 1542 2992 circumferentes,
1582 2927 1792 2979 animos
1827 2940 1955 2980 suas
2005 2925 2163 2981 vitio-

585 3035 703 3074 rum
739 3017 1168 3088 inquinamentis
1203 3015 1434 3070 fmdatas
1457 3016 1776 3084 abstergerc
1803 3029 1862 3069 se
1879 3016 2157 3084 putabant.

583 3114 738 3180 Quod
799 3121 980 3167 autem
1049 3109 1367 3164 munditiem
1416 3121 1630 3162 omnem
1692 3121 1756 3162 ac
1833 3108 2159 3174 probitatem

2268 2203 2502 2274 μάλιστα
2559 2201 2615 2254 δὲ
2660 2199 2774 2253 τῶν
2825 2199 2998 2253 ἄλλων
3061 2197 3521 2268 ὐπενεχθήσονται
3583 2197 3651 2265 τῇ
3706 2194 3856 2263 δίκῃ,

2270 2296 2461 2363 φησιν,
2511 2292 2562 2346 oi
2610 2291 2954 2361 ἁγνιζόμενοι
2999 2291 3095 2344 καὶ
3143 2289 3566 2360 καθαριξόμενοι
3609 2289 3692 2349 είς
3728 2287 3859 2349 τοὺς

2265 2385 2498 2454 κήπους,
2547 2383 2861 2448 τουτέστιν,
2919 2381 2970 2434 ot
3019 2380 3409 2450 παρωσάμενοι
3462 2378 3562 2446 μὲν
3611 2375 3712 2444 τὴν
3767 2374 3858 2426 διὰ

2265 2474 2502 2545 Χριστοῦ
2530 2473 2821 2544 λύτρωσιν,
2848 2473 2942 2526 καὶ
2973 2472 3074 2542 τὴν
3103 2470 3193 2524 διὰ
3220 2468 3315 2522 τοῦ
3352 2468 3512 2536 άγίου
3543 2466 3858 2536 βαπτίσμα-

2262 2582 2354 2629 τες
2383 2566 2748 2636 ἀτιμάσαντες
2767 2565 2955 2635 ¹χάριν,
3009 2561 3329 2616 δικαιοῦσαν
3375 2560 3468 2613 τὸν
3507 2559 3706 2628 ἀσεϐῆ,
3762 2560 3857 2610 καὶ

2264 2656 2466 2718 παντὸς
2498 2655 2824 2724 αἰτιάματος
2852 2654 3302 2707 ἀπαλλάττουσαν
3347 2653 3474 2716 τοὺς
3515 2655 3639 2714 ταῖς
3677 2651 3856 2720 ἁμαρ·

2263 2747 2408 2810 τξαις
2441 2745 2886 2815 μεμολυσμένους
2912 2759 2926 2801 τ
2956 2745 3342 2815 ἀγαπήσαντες
3372 2741 3429 2796 δὲ
3461 2743 3666 2813 μᾶλλον
3704 2743 3766 2795 τὸ
3800 2745 3854 2795 ἐν

2261 2839 2444 2911 πλάνῃ
2513 2837 2613 2891 καὶ
2655 2837 2847 2910 ἀγνοίᾳ
2894 2840 3236 2908 περιπατεῖν,
3283 2837 3378 2888 καὶ
3414 2837 3558 2899 θεοῖς
3595 2838 3710 2898 τοῖς
3756 2836 3856 2888 οὑκ

2264 2926 2385 2983 οὖσι
2413 2932 2758 3002 προσκυνεῖν,
2811 2930 2861 2982 οἳ
2897 2931 2995 2983 καὶ
3034 2930 3330 3000 κέχρηνται
3374 2930 3854 3000 περιρῤαντηρξοις

2264 3019 2594 3091 ἀκαθάρτοις
2635 3021 2730 3074 καὶ
2765 3023 3054 3092 ῥυπαροῖς.
3105 3021 3556 3091 Περιαγνίζονται
3602 3023 3732 3092 γάρ,
3779 3023 3854 3086 ὡς

2264 3115 2395 3186 γοῦν
2425 3117 2649 3182 οἴονται,
2687 3116 2826 3170 κατὰ
2856 3117 2997 3185 σφᾶς
3027 3117 3222 3180 αὐτοὺς
3253 3116 3560 3178 πλανῶντες
3596 3115 3690 3169 καὶ
3720 3114 3854 3168 πλα-

584 3220 807 3276 prorsus
829 3199 1192 3273 neglexerint,
1225 3209 1280 3255 et
1339 3214 1405 3254 ne
1444 3203 1673 3254 humana
1727 3200 1941 3268 quidem
1983 3208 2159 3255 mente

2265 3209 2518 3278 νώμενοι.
2555 3209 2627 3261 Ἢ
2655 3209 2765 3279 γὰρ
2807 3206 2962 3261 ὕδασι
3003 3209 3444 3278 κατερῤαίνοντο,
3481 3209 3650 3278 ἤγουν
3685 3207 3850 3278 δᾷδας

584 3294 790 3364 praediti
841 3293 1062 3358 iuerint,
1117 3293 1213 3346 sed
1275 3290 1539 3361 iumentis
1593 3289 1981 3359 insipientibus
2028 3290 2164 3344 assi-

584 3389 758 3452 miles,
787 3387 1043 3447 ostendit,
1066 3399 1187 3438 cum
1215 3383 1382 3437 dicit:
1413 3381 1715 3450 Expiantur
1744 3383 1797 3436 in
1857 3383 2051 3447 hortis,
2108 3381 2162 3435 id

585 3488 692 3544 cst,
733 3479 786 3530 in
819 3476 1140 3529 nemoribus
1178 3474 1263 3527 vel
1284 3473 1459 3537 silvis,
1490 3475 1590 3528 sub
1609 3487 1811 3541 quercu
1868 3482 1924 3527 et
1967 3471 2163 3541 populo

583 3580 637 3623 et
679 3569 872 3620 arbore
931 3569 1205 3619 umbrosa.
1259 3564 1700 3617 Exstrnebantur
1763 3578 1997 3629 namque
2054 3563 2163 3617 illic

583 3661 653 3715 ab
683 3659 811 3728 ipsis
873 3672 981 3710 arae
1003 3665 1056 3710 et
1107 3655 1328 3709 delubra
1371 3655 1725 3720 daemonibus,
1769 3655 1824 3708 in
1881 3655 2161 3710 vestibulis

584 3761 765 3806 autem
821 3749 1170 3804 delubrorum
1225 3747 1480 3801 carnibus
1552 3746 1727 3802 suillis
1780 3747 2158 3802 vescebantur.

582 3845 737 3913 Quod
769 3842 982 3912 quidem
1005 3849 1380 3910 argumentum
1404 3847 1489 3893 est
1532 3839 1780 3894 luxurite.
1846 3839 2162 3895 Adorabant

587 3937 1016 3992 abominationes
1057 3941 1111 3987 et
1157 3947 1385 3987 murem.
1411 3930 1491 3986 Eo
1544 3935 1687 3987 enim
1723 3932 1968 3987 stultitim
2025 3932 2159 4002 lapsi

581 4037 742 4085 erant
779 4025 1141 4096 superstitiosi
1165 4025 1390 4094 aliquot,
1413 4033 1470 4077 ut
1500 4025 1664 4078 etiam
1699 4025 1928 4078 murium
1957 4033 2160 4078 statuas

581 4138 646 4178 ac
675 4121 876 4190 ﬁguras
903 4120 1186 4174 haberent.
1263 4117 1369 4170 Sed
1401 4117 1452 4169 hi
1483 4129 1691 4181 omnes,
1752 4114 1946 4182 inquit,
2000 4113 2159 4167 simul

581 4221 990 4276 consutnentur,
1011 4209 1062 4264 id
1084 4209 1400 4278 est,pariter
1420 4223 1540 4260 cum
1566 4206 1754 4260 lsraeli
1771 4208 1838 4260 tis
1860 4207 1950 4276 qui
1970 4207 2158 4262 inobe-

581 4303 794 4358 dientes
839 4300 1080 4355 fuerunt.
1139 4300 1351 4353 Etenim
1387 4315 1406 4349 ι
1445 4296 1557 4368 Ego
1579 4298 1698 4351 novi
1729 4311 1892 4366 opera
1943 4311 2153 4364 eorum,

579 4403 636 4451 et
662 4393 1051 4463 cogitationem
1083 4405 1291 4446 eorum.
1331 4407 1351 4441 ι
1403 4388 1794 4459 Cogitationem
1823 4390 1950 4442 diclt
1993 4391 2158 4443 ratio-

580 4485 745 4550 cinia,
794 4499 914 4556 qua:
934 4483 1294 4546 secuti,l’mda
1325 4481 1438 4535 haec
1496 4479 1735 4535 facinora
1785 4482 2150 4535 invenerunt:

2266 3301 2378 3372 πῦρ
2412 3301 2856 3374 περιενεγκόντες
2891 3299 3096 3370 κύκλῳ,
3147 3300 3471 3370 διασμήχειν
3503 3299 3604 3362 τὰς
3644 3297 3853 3351 ἑαυτῶν

2262 3393 2443 3464 ψυχάς
2474 3393 2579 3446 τῶν
2613 3395 2678 3445 ὲκ
2708 3390 3043 3463 φαυλότητος
3071 3391 3352 3460 λογισμῶν
3381 3391 3489 3462 [πί.
3514 3387 3847 3462 μολυσμῶν]

2263 3482 2454 3554 ᾤοντο.
2496 3483 2621 3536 Ὀτι
2675 3482 2730 3535 δὲ
2777 3483 3135 3553 κοσμιότητος
3185 3483 3281 3534 καὶ
3330 3481 3624 3541 ἐπιεικείας
3672 3479 3853 3541 οὐδείς

2264 3576 2381 3628 ἐστι
2411 3574 2691 3637 παντελῶς
2718 3574 2871 3645 παρά
2902 3591 2965 3641 γε
2993 3576 3106 3636 τοῖς
3141 3573 3397 3634 τοιούτοις
3429 3573 3457 3622 ὁ
3498 3570 3675 3636 λόγος,
3722 3569 3848 3622 ἀλλ’

2262 3665 2384 3720 οὐδὲ
2429 3665 2554 3729 νοῦς
2601 3664 3108 3736 ἅνθρωπος-τρεπὴς,
3162 3659 3713 3734 παρασυνεσλήθησαν
3781 3657 3844 3712 δὲ

2267 3758 2466 3828 μᾶλλον
2521 3761 2636 3820 τοῖς
2689 3761 2912 3828 κτήνεσι
2969 3759 3081 3820 τοῖς
3151 3757 3419 3824 ἀνοήτοις,
3488 3751 3848 3805 διαδείκνυσιν

2263 3847 2455 3914 εἰπὼν,
2487 3849 2568 3901 δτι
2611 3846 2923 3917 άγνίζονται
2962 3847 3060 3916 μὲν
3101 3846 3159 3898 ὲν
3188 3845 3406 3914 κήποις,
3446 3841 3741 3904 τουτέστιν,
3792 3839 3848 3890 ἑν

2263 3944 2379 4004 τοῖς
2433 3941 2675 4005 ἄλσεσιν,
2711 3941 2880 4010 ήγουν
2923 3939 3182 4010 δρυμοῖς,
3229 3935 3488 3988 ὑποκάτω
3539 3933 3700 4002 δρυὸς
3755 3927 3847 3983 καὶ

2259 4030 2476 4101 λεύκης.
2519 4031 2613 4084 καὶ
2641 4031 2855 4101 δένδρου
2904 4029 3306 4092 συσκιάζοντος.
3365 4023 3834 4094 Ἐξῳκοδόμήνται

2260 4122 2370 4193 γάρ
2397 4121 2526 4192 παρ’
2547 4121 2727 4174 αὐτῶν
2763 4122 2956 4174 αύτόσε
3004 4120 3177 4192 βωμοὶ
3218 4120 3312 4173 καὶ
3349 4119 3553 4188 τεμένη
3585 4118 3700 4178 τοῖς
3735 4113 3847 4166 δαί-

2263 4231 2442 4285 μοσιν,
2485 4215 2544 4266 ὲν
2585 4213 2642 4267 δὲ
2685 4217 2798 4276 τοῖς
2857 4211 3154 4284 προθύροις
3201 4211 3312 4264 τῶν
3370 4208 3615 4280 τεμενῶν
3664 4204 3846 4277 ἤσθιον

2259 4305 2429 4376 κρέας
2453 4305 2618 4360 ὕειον.
2674 4303 2974 4372 Ἀπόδειξις
3001 4305 3057 4358 δὲ
3087 4304 3182 4357 καὶ
3211 4303 3371 4356 τοῦτο
3395 4301 3628 4372 τρυφῆς.
3675 4299 3843 4368 Προσ⁸

2259 4395 2487 4450 εκύνουν
2521 4397 2577 4450 δὲ
2607 4399 2704 4450 καὶ
2756 4397 2823 4451 τά
2859 4398 3202 4468 βδελύγματα
3249 4395 3345 4448 καὶ
3388 4393 3480 4446 τὸν
3532 4390 3658 4462 μῦν.
3704 4388 3842 4442 K10-

2261 4488 2437 4541 ίκοντο
2465 4488 2574 4559 γάρ
2606 4489 2736 4554 ἴσως
2754 4491 2833 4554 είς
2871 4489 3030 4543 τοῦτο
3075 4485 3501 4561 φρενοϐλαϐείας
3539 4483 3650 4536 τῶν
3688 4481 3841 4534 δεισι-

579 4579 724 4633 unde
763 4578 877 4632 ista:
928 4575 1090 4629 etiam
1135 4573 1568 4627 abominationes
1629 4573 1985 4641 irrepserunt,
2031 4588 2154 4628 cum

2262 4547 2731 4651 ﬁattL'Sthv.‘ttvE;;
2757 4547 2833 4644 ὡς
2872 4582 2965 4634 καὶ
3015 4547 3165 4651 μυῶν
3208 4578 3353 4649 ἔχειν
3384 4577 3443 4629 ὲν
3483 4577 3672 4646 σηκοῖς
3703 4570 3841 4642 ἱδρύ-

581 4683 744 4721 tmum
770 4675 961 4719 natura
991 4674 1044 4719 et
1076 4679 1201 4718 vere
1247 4663 1415 4718 Deum
1443 4663 1620 4718 colere
1646 4663 1994 4732 oportuisset.

2267 4671 2412 4738 ματά
2439 4688 2500 4723 τε
2534 4671 2628 4723 καὶ
2655 4671 2882 4734 τύπους.
2919 4671 3060 4724 Ἀλλ’
3082 4664 3224 4724 οὗτοι
3260 4670 3486 4732 πάντες,
3531 4665 3720 4734 φησὶν,
3752 4661 3839 4714 ἐπὶ

578 4759 642 4810 vro
687 4757 819 4810 αὐτὸ
861 4755 1322 4825 άναλωθήσονται,
1364 4754 1662 4818 τουτέστιν,
1717 4753 1855 4824 ὁμοῦ
1921 4757 2036 4818 τοῖς
2084 4757 2448 4830 ἀπειθήσασιν
2502 4762 2561 4826 ἐξ
2631 4761 2882 4833 Ἰσραήλ·
2915 4780 2935 4813 ι
2989 4761 3134 4830 Ἐγὼ
3175 4758 3285 4831 γὰρ
3342 4758 3513 4826 ἔγνων
3583 4756 3653 4808 τὰ
3711 4753 3841 4823 ἔργα

577 4851 760 4904 αὐτῶν
790 4851 885 4904 καὶ
911 4851 1002 4902 τὸν
1052 4849 1312 4919 λογισμὸν
1335 4849 1534 4904 αὐτῶν.
1563 4867 1581 4900 ι
1625 4849 1900 4920 Λογισμδν
1933 4849 1989 4903 δέ
2027 4869 2158 4922 φησι
2231 4856 2328 4920 τὰς
2367 4855 2708 4929 ἐνθυμήσεις,
2743 4851 2832 4920 αἷς
2888 4855 3353 4928 ἀκολουθήσαντες
3375 4851 3616 4922 αἰσχρῶν
3652 4852 3844 4916 ἐπιχει-

580 4947 842 5018 ρημάτων
871 4944 1157 5024 γεγόνασιν
1188 4944 1429 5015 εὑρεταὶ,
1459 4944 1525 4997 δι’
1553 4938 1627 4998 ὧν
1666 4944 1850 5008 αὐτοῖς
1878 4947 1974 4998 καὶ⁹
2027 4950 2060 5017 ή
2121 4947 2227 5002 τῶν
2268 4951 2652 5023 βδελυγμάτων
2693 4955 2917 5022 γέγονεν
2957 4950 3207 5024 εἰσφορά,
3253 4950 3431 5003 καίτοι
3476 4946 3594 4999 δέον
3651 4947 3733 4998 ἐνὶ

579 5043 742 5113 φύσει
789 5040 883 5094 καὶ
915 5021 1129 5109 άληθῶς
1154 5039 1436 5109 λατρεύειν
1465 5039 1606 5109 Θεῷ.

655 5132 813 5187 Vsus.
853 5131 1034 5198 l8,l9.
1077 5127 1236 5183 Venio
1270 5139 1649 5199 utcongregem
1681 5149 1854 5186 omnes
1883 5144 2059 5202 gentes
2108 5145 2156 5187 et

578 5227 810 5294 linguas.
838 5221 907 5276 Et
953 5223 1175 5285 venient,
1230 5239 1292 5275 ac
1317 5221 1562 5274 videbunt
1591 5224 1814 5292 gloriam
1851 5242 2023 5278 meam
2049 5240 2067 5276 :
2117 5237 2164 5280 et

2337 5136 2616 5204 Ἔρχομαι
2655 5134 3022 5204 συναγαγεῖν
3057 5133 3252 5188 πάντα
3281 5132 3353 5185 τὰ
3389 5130 3557 5198 ἔθνη,
3595 5131 3698 5183 καὶ
3741 5133 3846 5197 τὰς

2262 5227 2564 5297 γλώσσας.
2604 5227 2715 5280 Καὶ
2753 5227 2994 5294 ἥξουσι,
3054 5226 3150 5281 καὶ
3197 5225 3450 5292 ὄψονται
3494 5222 3612 5289 τὴν
3657 5221 3845 5286 δόξαν

573 5316 839 5370 dimillam
888 5330 1044 5383 super
1101 5330 1186 5368 eos
1220 5315 1461 5382 signum:
1523 5313 1684 5384 917
1713 5325 1760 5369 et
1817 5317 2052 5370 emittam
2099 5335 2159 5372 ex

2262 5337 2392 5388 μου,
2454 5319 2555 5371 καὶ
2621 5319 2965 5387 καταλείψω
3012 5319 3105 5370 ἐπ’
3160 5315 3381 5380 αὐτοὺς
3435 5313 3692 5382 σημεῖα,
3750 5312 3847 5366 καὶ

582 5409 692 5460 illis
721 5409 815 5476 qui
849 5407 1041 5460 saluati
1091 5405 1284 5475 fuerint
1316 5409 1384 5458 ad
1422 5417 1617 5473 gentes,
1653 5416 1701 5461 et
1746 5408 1814 5460 ad
1855 5407 2086 5474 Tharsis,
2112 5422 2162 5466 et

575 5498 631 5549 in
663 5497 1000 5562 Phud,Lud,
1032 5497 1266 5565 Masoch,
1317 5507 1366 5552 et
1415 5497 1626 5565 Thobel,
1689 5511 1735 5554 et
1771 5502 1826 5554 in
1875 5500 2154 5567 Graeciam,

575 5597 624 5638 et
670 5587 873 5642 insulas
899 5601 1144 5655 remotas,
1167 5591 1258 5661 qui
1290 5606 1392 5645 non
1411 5591 1691 5644 audierunt
1720 5607 1904 5647 nomen
1958 5608 2152 5658 meum,

649 5757 694 5790 “
717 5755 860 5815 Psal.
891 5775 1057 5826 um,
1085 5762 1170 5817 l8.
1251 5764 1289 5795 "
1323 5762 1512 5820 Matth.
1551 5781 1675 5830 xxv,
1707 5765 1796 5820 41.

2257 5407 2646 5474 ἐξαποστελῶ
2674 5409 2742 5473 ἐξ
2769 5408 2968 5462 αὐτῶν
3006 5404 3435 5475 σεσωσμένους
3461 5406 3549 5469 εἱς
3573 5405 3649 5456 τὰ
3676 5403 3843 5470 ἔθνη,

2257 5503 2352 5557 καὶ
2377 5506 2462 5568 εις
2485 5502 2755 5571 Θαρσεῖς,
2788 5502 2886 5555 καὶ
2930 5501 3111 5566 Φοὺδ,
3130 5499 3225 5554 καὶ
3251 5497 3412 5554 Λοὺδ
3431 5537 3445 5561 ,
3479 5497 3579 5550 καὶ
3610 5495 3845 5564 Μοσὸχ,

2256 5596 2354 5648 καὶ
2387 5593 2593 5661 Θοσὲλ,
2629 5594 2728 5648 καὶ
2750 5597 2836 5661 εἰς
2881 5592 2994 5664 τὴν
3038 5590 3323 5656 Ἐλλάδα,
3356 5588 3455 5643 καὶ
3483 5589 3572 5655 εις
3599 5588 3708 5654 τὰς
3739 5584 3848 5657 νή-
