4134 6302
360 351 498 406 1445

1457 344 1523 398 ΙΝ
1561 343 1796 399 lSAlA‘M
1835 343 1966 400 LIB.
2012 343 2075 398 ν.
2117 342 2353 402 TOMUS
2392 347 2476 403 Vl.

3445 354 3606 414 Ἠὗϐ

355 482 509 532 σους
537 464 642 533 τὰς
669 467 884 535 πόρῤω,
921 467 978 520 οἳ
1009 468 1120 519 οὐκ
1145 465 1450 534 ἀκηκόασί
1474 483 1594 536 μου
1621 466 1690 518 τὸ
1730 467 1916 535 ὄνομα

2043 482 2204 536 neque
2237 467 2474 520 viderunt
2507 464 2732 536 gloriam
2762 471 3466 543 meam-annuntiabat“:
3485 472 3602 543 glo-

356 559 498 611 οειδὲ
542 557 834 625 ἑωράκασι
877 557 990 624 τὴν
1018 557 1205 621 δόξαν
1225 575 1368 626 μου,
1401 557 1497 610 καὶ
1528 558 1932 628 diram-8.10170!

352 667 454 717 μοι
485 651 599 717 τὴν
620 649 810 713 δόξαν
834 651 904 702 ἐν
929 648 1052 714 τοῖς
1088 650 1347 703 ἔθνεσιν.

455 740 934 809 Ανακεφαλαίωσιν
975 738 1162 809 ὥσπερ
1203 740 1326 794 τινὰ
1360 739 1454 793 τοῦ
1505 740 1699 802 παντὸς
1746 739 1925 807 λόγου,

359 829 449 882 καὶ
483 831 698 898 ἁπάσης
742 832 1081 900 προφητείας
1122 831 1209 884 διὰ
1249 832 1476 884 τουτωνὶ
1514 834 1749 884 ποιεῖται
1795 833 1930 902 Χρι-

357 921 500 983 στὸς,
533 922 622 972 καὶ
649 921 724 982 ὡς
755 923 813 974 ὲν
871 920 1095 992 βραχέσι
1134 922 1228 974 καὶ
1261 923 1706 992 συνεσταλμένας
1747 923 1928 990 ἀπαγ-

355 1011 531 1080 γέλλει
581 1011 649 1064 τὰ
702 1012 798 1064 ἀπ’
851 1013 1026 1083 ἀρχῆς
1068 1013 1230 1083 μέχρι
1270 1013 1480 1076 τέλους.
1511 1013 1610 1079 καὶ,
1649 1014 1747 1083 τῆς
1790 1013 1928 1084 μετά

356 1102 555 1173 σαρκὸς
599 1101 911 1171 οἰκονομίας
954 1103 1054 1170 τὴν
1097 1103 1345 1174 δύναμιν.
1397 1106 1776 1175 Διαμέμνηται
1818 1105 1926 1177 γὰρ

352 1195 444 1244 καὶ
474 1193 572 1262 τῆς
595 1192 842 1262 κλήσεως
864 1193 973 1244 τῶν
1003 1192 1190 1258 ἐθνῶν,
1221 1196 1313 1246 καὶ
1337 1197 1438 1266 τῆς
1461 1197 1569 1248 τῶν
1593 1198 1762 1264 ἁγίων
1791 1199 1927 1250 ἀπο-

351 1284 554 1336 σ.όλων
595 1283 935 1349 ἀναδείξεως,
981 1287 1074 1338 καὶ¹
1105 1287 1186 1339 ὅτι
1224 1288 1731 1359 προσκυνηθήσεται
1773 1291 1924 1358 παρὰ

347 1375 531 1444 πάσης
562 1376 661 1444 τῆς
691 1376 780 1427 ὑπ’
803 1375 1050 1445 οὐρανόν.
1100 1378 1156 1429 '0
1185 1379 1282 1446 μὲν
1311 1379 1418 1448 γὰρ
1453 1379 1621 1431 πάλαι
1651 1379 1832 1447 νόμος,
1865 1378 1924 1432 ἓν

348 1461 442 1514 καὶ
473 1460 631 1530 μόνον
657 1464 964 1532 συνήγαγεν
978 1463 1318 1534 ἔθνος,δῆλον
1339 1466 1394 1518 δὲ
1414 1468 1495 1519 ὃτι
1513 1467 1572 1519 τὸ
1597 1468 1656 1531 ἐξ
1682 1467 1920 1538 Ἰσραὴλ,

347 1551 442 1606 καὶ
477 1553 607 1622 μίαν
636 1553 860 1607 ἐκάλεσε
892 1554 1163 1622 γλῶσσαν.
1196 1556 1255 1610 Ὀ
1297 1557 1354 1609 δὲ
1383 1558 1586 1627 Κύριος
1625 1558 1782 1628 ἡμῶν
1820 1560 1923 1627 Ἰη-

348 1643 474 1707 σοῦς
505 1644 738 1714 Χριστὸς
781 1646 904 1714 οὐχὶ
948 1647 1128 1715 μόνοις
1175 1650 1288 1710 τοῖς
1319 1649 1377 1713 ἐξ
1415 1649 1646 1718 αἵματος
1683 1650 1917 1721 Ἰσραὴλ,

343 1735 442 1801 τῆς
473 1735 610 1804 μετὰ
646 1735 844 1804 σαρκὸς
877 1737 1184 1806 οἰκονομίας
1213 1739 1313 1808 τὴν
1355 1739 1585 1809 δύναμιν
1615 1741 1918 1811 ἐχαρίζετο,

2041 558 2173 610 riam
2207 573 2372 610 meam
2394 558 2531 610 inter
2545 566 2742 625 genus.

2100 730 2573 800 Anacepbalaeosin
2615 733 2904 801 quamdam
2933 733 3083 788 hisce
3139 736 3320 791 verbis
3353 736 3484 794 facit
3521 749 3602 796 to-

2031 821 2136 874 tius
2185 824 2450 878 orationis
2506 833 2560 878 et
2606 826 2771 879 totius
2812 827 3108 895 prophetiae
3165 827 3412 886 Christus
3467 850 3482 886 :
3546 841 3602 887 et

2030 912 2265 966 breviter
2293 915 2558 985 quasique
2587 917 2859 970 succincte
2886 933 3007 986 quae
3031 917 3099 971 ab
3149 918 3303 973 initio
3329 921 3394 974 ad
3441 922 3600 976 linem

2029 1016 2199 1071 usque
2246 1002 2386 1057 facta
2441 1014 2585 1068 sunt,
2658 1009 3018 1075 virtutemque
3069 1008 3488 1076 dispensationis
3543 1012 3597 1064 in

2027 1108 2191 1148 carne
2216 1096 2450 1163 expedit.
2484 1096 2887 1156 Commemorat
2937 1099 3082 1152 enim
3145 1110 3197 1153 et
3259 1102 3598 1156 vocationem

2026 1186 2262 1254 gentium
2302 1198 2356 1240 et
2379 1200 2691 1242 Sanctorum
2738 1189 3104 1257 apostolorum
3155 1189 3595 1259 patefactionem,

2025 1287 2078 1328 et
2121 1279 2260 1344 quod
2315 1280 2385 1332 ab
2445 1281 2696 1334 universo
2748 1289 3016 1335 terrarum
3068 1285 3200 1336 orbe
3261 1281 3594 1338 :idoraliitur.

2029 1365 2191 1422 Vetus
2219 1369 2364 1420 enim
2395 1368 2476 1421 lex
2505 1386 2662 1425 unam
2686 1372 2855 1426 solam
2887 1383 3125 1444 gentem,
3148 1376 3400 1430 nimirum
3428 1376 3598 1430 Israe—

2025 1455 2223 1510 liticain
2243 1463 2613 1529 congregavit,
2650 1474 2700 1516 et
2725 1479 2883 1516 unam
2913 1465 3146 1534 linguam
3192 1467 3422 1520 vocavit.
3488 1468 3592 1521 Do-

2023 1545 2198 1598 minus
2222 1556 2399 1600 auteui
2425 1559 2608 1602 noster
2633 1549 2790 1606 Jesus
2817 1552 3066 1606 Christus
3113 1569 3218 1607 non
3253 1555 3386 1610 solis
3419 1555 3596 1612 lsrae—

2021 1635 2170 1691 litico
2189 1639 2452 1707 sanguine
2472 1642 2606 1696 ortis
2630 1641 2884 1696 virtutem
2908 1644 3332 1713 dispensationis
3369 1647 3420 1700 in
3474 1663 3596 1701 car-

2023 1742 2091 1782 ne
2115 1726 2405 1795 impertiit,
2430 1731 2524 1785 sed
2563 1732 2707 1784 omni
2734 1743 2790 1786 et
2809 1735 2953 1800 genti
2976 1746 3034 1789 et
3073 1735 3286 1802 linguae.
3311 1737 3591 1804 Siquidem

345 1825 482 1878 ἀλλὰ
525 1826 630 1895 γὰρ
671 1826 813 1880 ἔθνει
845 1828 1007 1879 παντὶ
1053 1829 1147 1879 καὶ
1183 1829 1418 1891 ἁπάσαις
1449 1828 1744 1896 γλώσσαις.
1777 1831 1920 1900 Ἔφη

2025 1819 2160 1872 dixit
2191 1836 2289 1888 per
2345 1821 2516 1892 lyram
2566 1822 2848 1879 Psallent-is
2879 1845 2891 1880 :
2953 1846 2972 1878 ι
3001 1829 3198 1884 Audite
3243 1829 3380 1894 lizec,
3404 1845 3595 1886 omnes

344 1915 475 1982 γοῦν
517 1916 606 1969 διὰ
663 1918 761 1986 τῆς
806 1918 898 1970 τοῦ
949 1919 1254 1981 Ψὰλλοντος
1291 1918 1491 1987 λύρας·
1541 1936 1560 1970 ι
1629 1919 1920 1972 Ἀκούσατε

346 2005 540 2070 ταῦτα,
561 2006 746 2059 πάντα
776 2008 843 2059 τὰ
864 2007 990 2076 ἔθνη
1013 2023 1025 2036 ο
1058 2007 1406 2070 ἐνωτίσασθε,
1432 2008 1631 2071 πάντες
1662 2012 1711 2062 οἱ
1741 2027 1922 2063 κατοι-

343 2096 564 2159 κοῦντες
588 2097 686 2167 τὴν
725 2098 1049 2166 οἰκουμένην
1073 2115 1085 2128 ·
1125 2116 1144 2148 ι
1181 2097 1378 2151 οὐκοῦν
1398 2097 1644 2162 ἅπαντας
1675 2100 1773 2169 μὲν
1797 2117 1920 2154 συν-

347 2184 478 2250 άξω,
505 2185 668 2255 φησιν
692 2201 705 2214 ·
743 2205 761 2238 ι
793 2187 1042 2253 ’Ἠξουσι,
1075 2187 1168 2240 καὶ
1191 2185 1412 2256 δψονται
1433 2186 1532 2257 τὴν
1556 2187 1711 2254 δόξαν
1745 2207 1867 2260 μου.
1890 2209 1911 2243 s

345 2276 653 2348 Κὲκληνται
679 2277 789 2349 γὰρ
807 2278 1162 2340 διὰπίστεως,
1186 2276 1346 2331 κα.ὶοὶ
1371 2278 1500 2334 ποτὲ
1525 2281 1743 2350 μακρὰν
1768 2281 1919 2344 ὄντες

344 2373 631 2438 γεγόνασιν
673 2372 860 2438 ἐγγὺς,
905 2372 998 2425 καὶ
1045 2369 1329 2424 τεθὲανται
1369 2369 1471 2442 τὴν
1516 2371 1673 2436 δόξαν
1710 2371 1874 2426 αὑτοῦ
1899 2390 1913 2404 ο

346 2462 486 2526 πῶς,
525 2460 558 2531 ἢ
594 2461 716 2514 τίνα
742 2461 967 2530 τρόπον;
993 2461 1285 2531 ’Δκηκόασι
1309 2461 1418 2532 γὰρ
1449 2461 1536 2515 διὰ
1560 2463 1668 2516 τῶν
1689 2465 1918 2533 εὐαγγε-

341 2553 506 2606 λικῶν
554 2553 946 2623 κηρυγμάτων,
980 2553 1062 2606 ὅτι
1094 2552 1190 2606 καὶ
1225 2553 1472 2624 ισουργὺς
1504 2555 1596 2608 καὶ
1639 2556 1916 2626 ἰσοσθενής

341 2644 458 2696 ἐστι
486 2641 563 2712 τῷ
589 2641 707 2712 Θεῷ
733 2643 828 2696 καὶ
855 2642 1052 2713 Πατρὶ,
1076 2643 1171 2695 καὶ
1197 2643 1305 2695 τῶν
1331 2644 1473 2716 ὑπὲρ
1510 2644 1665 2713 λόγον
1695 2648 1917 2714 γέγονεν

341 2730 726 2802 ἀποτελεστὴς,
745 2729 886 2785 ὥστε
905 2732 1000 2785 καὶ
1023 2733 1251 2804 νεκροὺς
1269 2735 1334 2788 ἐκ
1361 2751 1465 2805 μνη
1475 2736 1658 2805 μάτων
1679 2738 1910 2808 ἐγεῖραι,

341 2824 436 2880 καί
466 2825 686 2893 τυφλοῖς
721 2825 924 2878 ἐνεῖναι
968 2824 1028 2876 τὸ
1061 2825 1196 2893 φῶς,
1233 2826 1395 2898 ἕτερά
1439 2833 1498 2879 τε
1532 2826 1669 2898 πρὸς
1705 2829 1916 2892 τούτοις

339 2913 676 2986 ἐργάσασθαι
711 2913 780 2966 τὰ
810 2913 1011 2975 παντὸς
1049 2913 1173 2978 ἄξια
1205 2915 1301 2966 καὶ
1350 2914 1529 2981 λόγου,
1561 2917 1658 2969 καὶ
1705 2915 1916 2987 θαύμα-

339 3021 452 3068 τος.
477 3005 684 3073 Ἤγουν
705 3003 828 3058 καθ’
857 3004 1046 3074 ἕτερον
1075 3006 1299 3075 τρόπον·
1331 3005 1616 3060 τεθέανται
1636 3006 1732 3077 τὴν
1759 3007 1914 3074 δόξαν

339 3095 526 3160 αὐτοῦ,
574 3093 1096 3166 μυσταγωγηθέντες
1140 3096 1223 3149 ὅτι
1261 3094 1393 3158 Θεὸς
1420 3091 1489 3166 ἦν
1537 3098 1566 3149 ὁ
1593 3096 1786 3165 Λόγος,
1818 3099 1914 3152 καὶ

338 3156 587 3254 γέγονεν.
607 3156 925 3258 ἄνθρωπος’·
963 3187 1025 3239 οὐ
1055 3156 1164 3257 γὰρ
1198 3187 1340 3240 κατὰ
1375 3156 1501 3250 τους
1542 3156 1827 3253 Ἰουδαίους
1859 3192 1910 3244 οἱ
1937 3156 1985 3217 c

339 3277 399 3344 ἐξ
433 3276 604 3330 ἐθνῶν
642 3278 899 3348 εἰρήκασι
920 3291 934 3304 ·
971 3294 989 3328 ι
1037 3277 1189 3330 Διατί
1224 3277 1289 3332 σὺ
1316 3275 1598 3348 ἄνθρωπος
1623 3278 1698 3332 ὢν
1739 3283 1912 3343 ποιεῖς

340 3368 560 3421 σεαυτὸν
598 3367 770 3432 Θεόν;
823 3387 844 3419 ι
889 3367 1294 3436 Ἐπεγνωκότες
1345 3367 1402 3421 δὲ
1468 3368 1669 3438 μᾶλλον
1719 3370 1778 3423 τὸ
1826 3372 1912 3424 ἐπ’

339 3456 488 3528 αὐτῷ
522 3456 955 3528 μυστήριον,τὰς
987 3457 1135 3528 ἱερὰς
1159 3459 1374 3522 ὲκείνας
1396 3460 1667 3514 ἁναόοῶσι
1691 3461 1909 3530 φωνάς⁸

343 3565 364 3599 ι
408 3549 480 3600 Σὺ
506 3544 556 3601 εῐ
580 3551 610 3603 ὁ
631 3549 862 3620 Χριστὸς
890 3551 918 3602 ὁ
953 3550 1076 3612 Υἱὸς
1098 3549 1191 3603 τοῦ
1220 3550 1353 3604 Θεοῦ
1389 3552 1484 3605 τοῦ
1511 3551 1732 3618 ζῶντος,
1773 3570 1792 3606 ι
1819 3553 1914 3606 καὶ

341 3639 446 3708 μὴν
472 3642 690 3692 κάκεῖνο
721 3641 859 3710 πρὸς
892 3641 1065 3709 τούτῳ
1097 3641 1158 3694 τὸ
1199 3642 1288 3695 διὰ
1325 3642 1435 3697 τῶν
1478 3643 1648 3712 ἁγίων
1676 3645 1910 3699 ἀποστό-

338 3731 465 3792 λων,
506 3746 526 3778 ι
576 3729 815 3798 ’Δληθῶς
840 3731 974 3780 Θεοῦ
1005 3731 1131 3792 Υἱὸς
1159 3729 1228 3784 εἴ.
1267 3751 1285 3782 ›
1325 3736 1574 3786 Τέθειται
1605 3737 1662 3788 δὲ
1700 3739 1794 3788 καὶ
1823 3739 1910 3789 ἐπ’

338 3819 522 3880 αὐτοῖς
563 3821 787 3887 σημεῖον
808 3833 821 3845 ⁶
853 3818 928 3880 ὡς
957 3819 1064 3888 γὰρ
1099 3822 1128 3872 ὁ
1156 3821 1366 3883 Παῦλός
1405 3839 1569 3890 φησιν
1591 3861 1606 3886 ,
1637 3843 1655 3874 ι
1680 3825 1914 3894 Ἐσφρα-

337 3907 606 3979 γισθημεν
638 3908 716 3978 τῷ
749 3907 1022 3977 πνεύματι
1065 3911 1163 3979 τῆς
1195 3911 1641 3980 ἀπολυτρώσεως,
1670 3916 1764 3967 καὶ
1792 3917 1913 3976 ταῖς

339 4000 593 4056 ἁπάντων
644 3999 800 4072 ἡμῶν
848 3999 1098 4070 καρδίαις
1153 4001 1506 4072 ὲνεμορφὼθη
1549 4004 1781 4073 Χριστὸς
1824 4005 1913 4059 διὰ

344 4091 576 4164 μετοχῆς
589 4091 684 4145 τοῦ
706 4091 862 4160 ἁγίου
885 4091 1218 4161 Πνεύματος.
1242 4111 1262 4143 ›
1296 4093 1427 4146 Ἀπὸ
1445 4093 1500 4145 δέ
1517 4110 1579 4162 γε
1595 4094 1702 4146 τῶν
1718 4096 1914 4150 ἀνασε-

342 4183 657 4252 σωσμένων,
683 4183 865 4254 φησὶν,
890 4182 1172 4236 ἀποστελῶ
1191 4184 1271 4246 εἰς
1304 4183 1372 4237 τὰ
1405 4184 1553 4252 ἔθνη,
1603 4187 1684 4246 εἰς
1725 4185 1912 4240 τούσδε

342 4275 436 4328 καὶ
453 4273 660 4328 τούσδε.
684 4276 852 4344 "EGV-t1
876 4275 932 4328 δὲ
952 4274 1128 4329 ταῦτα
1155 4275 1224 4328 τὰ
1249 4276 1348 4346 μὲν
1378 4279 1457 4340 εἰς
1483 4277 1740 4348 ἑσπέραν,
1768 4279 1834 4332 τὰ
1855 4279 1913 4334 δὲ

341 4368 420 4428 εἰς
453 4365 558 4435 ἠῶ,
589 4383 655 4418 τα
678 4366 732 4418 δὲ
767 4367 858 4419 καὶ
906 4367 964 4418 ὲν
1014 4369 1125 4428 τοῖς
1150 4365 1529 4437 βορειοτέροις,
1564 4370 1728 4438 ἤγουν
1772 4371 1914 4423 κατὰ

341 4459 440 4529 τὴν
479 4459 746 4530 Ἐλλήνων
785 4457 989 4530 χώραν,
1023 4459 1118 4513 καὶ
1162 4459 1242 4521 εἰς
1271 4459 1368 4520 τὰς
1401 4459 1657 4514 ἐπέκεινα
1696 4464 1911 4532 νήσους.
1946 4485 1990 4540 D

351 4564 370 4596 ι
387 4551 551 4616 Ἐκεῖ,
572 4550 759 4620 φησιν,
787 4549 1147 4619 ἀναγγελοῦσι
1164 4549 1262 4619 τὴν
1281 4549 1420 4620 ἐμὴν
1439 4550 1614 4614 δόξαν.
1648 4570 1666 4604 ι
1700 4553 1776 4605 Οὐ
1811 4554 1914 4625 γὰρ

341 4643 695 4711 σεσιγὴκασιν
723 4644 772 4694 οι
806 4641 1064 4711 μαθηταὶ,
1099 4641 1426 4712 διεκήρυξαν
1465 4642 1523 4696 δὲ
1553 4644 1826 4713 πανταχοῦ
1852 4644 1915 4697 τὸ

397 4730 726 4798 Εὐαγγέλιον
755 4732 852 4801 τῆς
884 4731 1179 4802 βασιλείας,
1203 4731 1298 4783 καὶ
1315 4733 1423 4784 τῶν
1437 4733 1598 4804 ἱερῶν
1630 4735 1912 4805 κηρυγμά-

338 4836 446 4872 των
477 4819 574 4890 τὴν
607 4819 856 4889 δύναμιν.
1629 4876 1635 4882 ,

408 4907 517 4961 Καὶ
545 4907 765 4971 ἄξουσι
814 4907 958 4975 τοὺς
997 4909 1300 4979 ἀδελφοὺς
1348 4910 1515 4980 ὑμῶν
1553 4911 1622 4966 ἐκ
1665 4912 1910 4966 πάντων

337 4995 455 5048 τῶν
499 4995 690 5051 ἐθνῶν
729 4996 920 5067 δῶρον
961 5001 1158 5067 Κυρίῳ
1185 5002 1312 5068 μεθ’
1339 5004 1536 5055 ἵππων
1591 5003 1687 5056 καὶ
1727 5004 1908 5072 ἁρμά-

336 5105 474 5150 των,
503 5089 574 5141 ἐν
616 5089 960 5156 λαμπήναις
1007 5091 1269 5158 ἡμιόνων
1299 5093 1450 5161 μετὰ
1480 5093 1791 5158 σκιαδίων,
1821 5098 1907 5160 εἰς

2022 1921 2232 1978 gentes;
2273 1913 2576 1968 auscultate
2623 1930 2812 1970 omnes
2844 1918 2934 1985 qui
2993 1919 3248 1974 habitatis
3296 1922 3588 1975 orbem‘h

2021 1999 2254 2055 Proinde
2299 2019 2510 2070 omnes,
2549 2006 2759 2076 inquit,
2787 2013 3146 2080 congregabo.
3201 2031 3220 2062 ι
3253 2011 3504 2077 Venieut,
3535 2023 3592 2068 et

2022 2090 2278 2145 videbunt
2339 2093 2566 2164 gloriam
2624 2113 2819 2153 meam.
2852 2118 2872 2151 ι
2923 2101 3056 2154 Nam
3127 2118 3224 2172 per
3283 2104 3440 2158 (idem
3500 2120 3594 2158 νο-

2016 2182 2124 2235 cati
2185 2192 2349 2250 sunt,
2396 2196 2454 2240 et
2489 2189 2578 2255 qui
2621 2192 2893 2257 quondam
2942 2193 3167 2246 aberant
3217 2197 3425 2262 procul,
3465 2195 3592 2249 facti

2013 2281 2146 2325 sunt
2175 2275 2480 2342 prapinqui,
2519 2287 2577 2329 et
2613 2281 2960 2348 contemplati
3014 2294 3139 2338 sunt
3192 2286 3416 2353 gloriam
3454 2287 3590 2352 ejus.

2019 2357 2124 2424 Qui
2169 2369 2224 2414 et
2272 2363 2576 2428 quomodo?
2627 2366 2961 2422 Audiverunt
3023 2373 3165 2422 enim
3213 2387 3278 2425 ex
3318 2373 3592 2444 Evangelii

2015 2448 2564 2519 prte'tlicatione,eum
2591 2457 2850 2526 aequalem
2881 2468 2992 2512 tum
3038 2461 3290 2528 operibus
3333 2473 3442 2517 tum
3497 2481 3593 2533 po-

2019 2540 2184 2596 tentia
2226 2540 2336 2596 Deo
2387 2553 2443 2598 et
2489 2543 2634 2599 Patri
2684 2561 2827 2612 esse,
2884 2559 2940 2603 et
2968 2563 3032 2602 ea
3083 2553 3314 2620 gessisse
3357 2567 3477 2620 qua:
3503 2567 3593 2608 ex-

2017 2633 2204 2700 plicari
2230 2636 2411 2690 verbis
2439 2652 2546 2691 non
2583 2650 2830 2706 possunt,
2859 2641 2994 2694 adeo
3023 2650 3078 2695 ut
3119 2652 3358 2697 mortuos
3385 2645 3590 2699 excita-

2017 2721 2088 2776 rit
2106 2739 2136 2778 e
2167 2726 2546 2793 monumentis,
2567 2736 2621 2781 et
2641 2729 2800 2786 caecis
2827 2729 3007 2784 lumen
3042 2731 3350 2797 immiserit,
3377 2735 3587 2803 aliaque

2013 2814 2081 2867 ad
2111 2815 2226 2872 haec
2252 2825 2504 2884 operatus
2531 2816 2712 2884 fuerit,
2748 2834 2867 2888 qua:
2897 2834 2997 2875 nec
3042 2836 3302 2878 enarrare
3343 2839 3442 2879 nec
3493 2827 3590 2882 ad-

2013 2905 2202 2961 mirari
2243 2907 2374 2962 satis
2430 2924 2736 2978 possumus.
2795 2909 2886 2966 Vel
2945 2912 3053 2966 alio
3095 2913 3252 2968 modo
3291 2933 3305 2968 :
3341 2916 3592 2970 viderunt

2012 2996 2239 3067 gloriam
2273 2997 2414 3066 ejus.
2460 3001 2685 3054 instituti
2707 3012 2765 3056 et
2792 3003 2987 3067 cdocti,
3023 3003 3187 3059 Deum
3205 3020 3327 3060 esse
3357 3005 3588 3061 Verbum

2011 3098 2070 3143 et
2100 3089 2378 3143 hominem
2407 3105 2527 3144 esse
2547 3090 2776 3147 factum.
2807 3091 2922 3146 Non
2943 3094 3112 3158 enim,
3155 3106 3212 3149 ut
3257 3094 3451 3161 Judaei,
3509 3114 3589 3152 sic

2015 3190 2203 3249 gentes
2231 3182 2516 3237 dixerunt:
2553 3199 2573 3232 ι
2615 3181 2798 3248 Quare
2836 3195 2890 3243 tu
2953 3201 3074 3240 cum
3105 3186 3180 3240 sis
3231 3188 3408 3252 homo,
3457 3189 3590 3242 lat-is

2017 3283 2071 3328 te
2111 3275 2286 3344 ipsum
2344 3275 2676 3330 Denm“?i
2731 3278 2847 3332 Jmo
2901 3295 3022 3333 cum
3073 3280 3419 3348 agnovissent
3473 3281 3592 3349 ejus

2013 3367 2354 3436 mysterium,
2413 3382 2600 3424 sacras
2657 3370 2774 3424 illas
2835 3380 3087 3424 resonant
3136 3386 3370 3426 voceszt
3407 3371 3484 3426 Tu
3530 3387 3590 3426 es

2013 3457 2257 3512 Christus
2285 3457 2453 3513 Filius
2479 3460 2568 3514 Dei
2603 3461 2832 3517 viventis
2856 3462 2961 3516 “.s
2990 3463 3058 3516 Et
3081 3463 3208 3517 illud
3230 3479 3416 3532 porro,
3446 3467 3588 3534 quod

2013 3561 2046 3601 a
2071 3548 2280 3602 sanctis
2309 3549 2568 3616 apostolis
2599 3551 2800 3605 dictum
2861 3562 2986 3606 est:
3024 3571 3043 3603 ι
3100 3552 3235 3608 Vere
3296 3552 3388 3610 Dei
3420 3553 3589 3608 Filius

2007 3650 2072 3692 .es
2109 3637 2169 3692 ⁸⁵.
2203 3657 2222 3690 ι
2251 3638 2465 3694 Editum
2499 3650 2582 3694 est
2607 3656 2821 3710 quoque
2865 3645 3077 3714 signqu
3115 3647 3254 3713 apud
3285 3660 3400 3700 eos.
3430 3643 3586 3711 Nam,

2013 3738 2071 3780 ut
2106 3729 2302 3783 Paulus
2321 3730 2440 3784 ait:
2485 3750 2503 3783 ι
2534 3732 2808 3802 Obsignati
2861 3749 3048 3788 sumus
3104 3738 3296 3803 spiritu
3359 3739 3589 3805 promis-

2011 3818 2202 3878 sionis,
2234 3821 2547 3873 etomniutn
2574 3825 2826 3876 cordibus
2853 3824 3149 3891 impressus
3180 3837 3235 3878 et
3267 3826 3588 3881 informatus

2013 3913 2096 3958 est
2126 3905 2372 3960 Christus
2399 3909 2816 3976 participatione
2862 3913 3038 3964 sancti
3091 3915 3326 3982 Spiritus
3357 3916 3424 3969 ¹⁸.
3457 3934 3476 3966 s
3510 3917 3587 3972 Ex

2015 3994 2081 4048 iis
2113 3995 2419 4063 qnisalvati
2466 3997 2689 4065 fuerint,
2746 4001 2941 4070 inquit,
2975 4005 3216 4057 emittam
3273 4005 3338 4060 ad
3396 4020 3588 4075 gentos

2014 4086 2150 4140 alias
2185 4096 2344 4156 atque
2369 4088 2525 4144 alias.
2559 4088 2696 4146 Sunt
2721 4093 2862 4146 enim
2915 4105 3102 4162 gentes
3141 4094 3243 4157 hac,
3276 4099 3467 4164 partim
3520 4101 3586 4152 ad

2014 4177 2370 4245 occidentem,
2425 4182 2620 4249 partim
2659 4183 2723 4235 ad
2792 4182 3084 4244 orientem,
3114 4183 3282 4256 918
3342 4187 3583 4255 qumdaut

2017 4269 2068 4322 in
2098 4269 2266 4339 plagis
2301 4272 2368 4325 ad
2390 4271 2696 4340 aquilonem
2741 4274 3107 4342 vergentibus,
3159 4288 3212 4329 et
3256 4277 3309 4328 in
3367 4277 3586 4345 regione

2015 4356 2326 4412 Cra-corum
2373 4374 2437 4413 ac
2479 4361 2668 4414 insulis
2729 4361 3095 4416 ulterioribus.
3134 4382 3152 4414 ι
3191 4362 3334 4428 Illic,
3386 4365 3580 4433 inquit,

2017 4450 2416 4504 annuntisbunt
2443 4451 2669 4519 gloriam
2702 4468 2929 4506 meam.»
2962 4451 3078 4506 Non
3128 4455 3270 4508 enim
3313 4455 3580 4510 siluerunt

2021 4542 2287 4610 discipuli,
2339 4545 2436 4598 sed
2499 4545 2696 4613 ubique
2722 4543 3068 4614 Evangelium
3099 4547 3248 4619 regni
3297 4556 3352 4602 et
3410 4563 3582 4605 sacrae

2011 4631 2408 4700 praedicatiunis
2433 4634 2684 4688 virtutem
2739 4636 3118 4704 praedicarunt.

2079 4912 2241 4970 Vsus.
2278 4914 2370 4983 20,
2397 4917 2486 4972 21.
2517 4917 2586 4971 Et
2611 4918 2868 4972 adducent
2902 4920 3096 4988 fratres
3133 4932 3324 4976 vestros
3357 4939 3422 4978 ea:
3468 4941 3581 4978 om-

2011 5009 2162 5060 nibus
2191 5009 2430 5076 gentibus
2466 5011 2663 5064 donum
2699 5011 2924 5066 Domina
2971 5029 3088 5066 cum
3113 5016 3280 5081 equis,
3335 5018 3579 5071 curribus

2011 5111 2061 5154 et
2107 5101 2304 5156 lecticis
2356 5104 2639 5169 mulorum,
2702 5124 2820 5160 cum
2871 5109 3191 5162 umbraculis
3242 5111 3296 5163 in
3342 5123 3578 5164 sanctam

336 5177 451 5244 τὴν
501 5179 678 5247 ἁγίαν
708 5179 889 5232 πόλιν
927 5179 1334 5250 Ἰερουσαλὴμ,
1383 5183 1512 5237 εἷπε
1553 5185 1790 5251 Κύριος,
1825 5184 1906 5250 ὠς

2017 5191 2271 5244 ciuitatem
2326 5191 2644 5261 Jerusalem,
2669 5197 2801 5250 dixit
2833 5196 3128 5251 Dominus:
3158 5200 3309 5262 quasi
3351 5199 3578 5268 aferunt

335 5268 412 5322 ἂν
446 5269 806 5340 ἐνέγκαισαν
851 5275 904 5326 οἱ
933 5273 1048 5327 υἱοὶ
1087 5273 1332 5342 Ἰσραὴλ
1361 5277 1488 5345 ἐμοὶ
1531 5277 1639 5341 τὰς
1691 5277 1908 5342 θυσίας

2017 5281 2107 5338 ﬁlii
2169 5281 2340 5336 Israel
2392 5286 2522 5337 mihi
2556 5287 2754 5340 hostias
2792 5304 2918 5342 suas
2951 5305 3070 5341 cum
3115 5289 3330 5356 psalmis
3377 5295 3431 5342 iu
3479 5291 3578 5342 do-

335 5361 533 5414 αὐτῶν
569 5363 718 5429 μετὰ
759 5365 1016 5433 ψαλμῶν
1047 5368 1133 5431 εις
1179 5365 1284 5420 τὸν
1327 5363 1497 5420 οἷκον
1537 5366 1778 5434 Κυρίου,
1805 5368 1904 5424 καὶ

2017 5387 2147 5425 mum
2178 5371 2414 5439 Domini,
2443 5389 2490 5431 et
2523 5391 2589 5432 ex
2613 5382 2686 5432 eis
2706 5395 2910 5432 sumam
2939 5381 3230 5433 sacerdotes
3260 5388 3308 5432 et
3367 5380 3577 5445 levitas,

333 5452 434 5504 ἀπ’
505 5453 702 5507 αὐτῶν
756 5455 1026 5524 λήψομαι
1082 5457 1256 5526 ἱερεῖς
1303 5457 1402 5511 καὶ
1450 5459 1722 5525 Λευϊτας,
1772 5455 1905 5513 εἷπε

2017 5463 2135 5518 lixil
2173 5465 2423 5523 Dominus
2437 5511 2452 5524 .

332 5543 566 5610 Κύριος.

406 5721 448 5752 ⁸⁸
476 5721 615 5777 Psal.
649 5737 833 5788 mni,
864 5722 918 5775 2.
999 5723 1217 5780 "Joan.
1253 5740 1306 5791 ι,
1331 5724 1422 5779 33.
1503 5726 1546 5756 "
1584 5715 1774 5780 Matth.
1808 5740 1916 5792 sin,
1951 5726 2038 5780 l6.
2119 5728 2160 5761 "
2192 5728 2380 5783 Matth.
2409 5745 2521 5794 xiv,
2555 5730 2643 5783 53.
2681 5729 2723 5759 ¹⁶
2754 5727 2950 5798 Epltes.
2985 5743 3021 5796 t,
3049 5726 3138 5796 l3,
3173 5727 3258 5783 14.
