4112 6292
319 332 463 392 ιιιτ
1307 324 1366 381 S.
1406 322 1689 382 CYRILLI
1725 321 1906 378 ALEX

2013 322 2199 378 unum
2237 318 2560 380 ARCBIEP.
3455 334 3556 392 tu
3578 323 3612 393 z‘

393 449 547 517 Quod
568 445 756 502 amca:
788 443 1008 499 omnino
1030 442 1210 496 futura
1245 440 1317 496 sit
1355 450 1411 496 et
1438 439 1715 496 fructuosa
1741 455 1902 495 sanc-

2077 442 2200 495 Ὀτι
2253 442 2429 511 πάντη
2480 458 2540 494 τε
2586 440 2682 494 καί¹
2727 440 2947 504 παντως
3001 442 3226 512 ἐνεργὸν
3293 444 3447 501 ἔσται
3499 454 3596 506 καὶ

324 554 502 596 torum
532 536 893 606 apostolorum
957 531 1288 601 pmdicatio,
1337 533 1478 600 apud
1502 545 1695 601 gentes
1755 546 1893 601 quas

325 630 581 694 diximus,
609 611 664 680 et
697 627 749 678 in
781 638 968 679 earum
1005 623 1340 693 regionibus,
1375 623 1459 676 his
1479 623 1658 677 verbis
1683 623 1903 677 demon-

324 730 481 775 strat:
524 735 544 768 ι
586 718 805 771 Vestros
861 715 1026 774 enim,
1077 713 1308 778 fratres,
1358 715 1531 783 inquit
1575 715 1685 785 (ut
1729 715 1903 768 oratio

323 812 392 864 ad
471 807 740 863 lsraelitas
811 806 1095 861 credentes
1163 805 1491 876 habeatur),
1540 821 1605 859 ex
1657 805 1903 872 gentibus

325 901 596 956 adducent
623 899 760 952 dona
781 898 1059 951 Domino.»
1085 897 1380 964 Nam;ve|ut
1399 897 1682 949 anathema
1709 903 1763 949 et
1787 910 1904 948 mu-

327 1007 434 1046 nus
466 993 531 1044 ad
562 991 785 1059 gloriam
814 987 906 1042 Dei
935 997 1312 1042 consecratum
1337 999 1475 1052 erat,
1507 987 1742 1057 gentium
1766 985 1905 1039 mul-

326 1083 518 1146 titudo,
550 1096 643 1150 per
671 1080 826 1133 fidem
862 1082 930 1133 ab
949 1079 1201 1133 omnibus
1249 1079 1399 1132 vitiis
1426 1079 1696 1141 absoluta,
1733 1085 1786 1131 et
1808 1091 1906 1146 per

323 1190 537 1229 sacrum
560 1175 829 1226 lavacrum
861 1172 1114 1225 omnibus
1134 1171 1359 1237 abiectis
1381 1170 1656 1231 sordibus,
1684 1178 1738 1221 et
1767 1184 1904 1237 qun-

324 1260 368 1313 si
400 1261 615 1312 senium
645 1273 709 1312 ac
757 1258 1040 1312 donarium
1078 1258 1385 1327 apostolicae
1443 1258 1740 1320 industriae,
1795 1256 1905 1310 Deo

323 1350 584 1405 oblatum.
637 1350 711 1404 De
741 1349 844 1404 hoc
908 1351 1088 1418 itaque
1129 1349 1453 1416 gloriantur,
1508 1349 1763 1417 gaudium
1811 1362 1906 1403 eos

323 1455 481 1495 suum
511 1451 566 1494 et
614 1455 870 1494 coronam
925 1455 1079 1494 suam
1133 1441 1493 1493 nominantes.
1564 1438 1902 1493 Facillimam

323 1541 504 1585 autem
537 1531 651 1584 fore
674 1545 737 1584 ac
767 1531 962 1592 levem,
995 1530 1115 1584 sine
1155 1531 1303 1583 omni
1361 1531 1576 1595 sudore,
1639 1529 1906 1583 industria

323 1631 379 1676 et
408 1621 612 1686 labore,
645 1621 879 1690 gentium
910 1622 978 1673 ad
1029 1619 1196 1674 Deum
1248 1623 1636 1684 reversionem,
1668 1621 1908 1674 declarat

325 1722 531 1781 aperte,
568 1711 712 1764 velut
739 1711 990 1778 exemplo
1019 1727 1050 1765 a
1111 1711 1266 1765 nobis
1319 1721 1556 1779 sumpto,
1607 1726 1728 1764 cum
1778 1710 1909 1764 dicit

2003 531 2284 602 ἔγκαρπον
2334 532 2395 584 τὸ
2448 531 2539 585 διά
2592 531 2702 584 τῶν
2737 531 2909 598 ἁγίων
2955 533 3275 588 ἀποστόλων
3328 538 3597 612 κήρυγμα

2004 625 2156 695 παρά
2181 627 2294 687 τοῖς
2330 625 2740 695 ὡνομασμένοις
2773 625 2950 679 ἔθνεσι
2983 626 3078 678 καὶ
3111 628 3230 690 ταῖς
3275 628 3456 683 αὐτῶν
3498 632 3599 702 χὼ.

2007 731 2146 786 ραις,
2180 715 2536 768 διαδείκνυσιν
2579 716 2638 768 ἐν
2682 715 2891 779 τούτοις
2919 733 2934 747 ο
2975 735 2994 766 ι
3022 717 3161 780 Τοὺς
3191 718 3302 790 γάρ
3335 721 3598 789 ἀδελφοὺς

2005 805 2181 875 ὑμῶν,
2223 825 2243 858 ι
2276 806 2462 876 φησιν,
2495 805 2560 858 ἵν’
2593 807 2622 858 ό
2670 806 2825 872 λόγος
2949 807 3088 876 πρὸς
3118 809 3245 869 τοῦς
3275 809 3334 872 ἐξ
3366 810 3597 880 αἵματος

2016 896 2233 968 Ἰσραὴλ
2263 895 2680 960 πιστεύσαντας,
2719 914 2739 946 ι
2783 895 2891 948 ἀπὸ
2927 897 3036 948 τῶν
3072 897 3244 950 ἐθνῶν
3277 899 3465 962 ἄξουσι
3489 901 3596 954 δῶ-

2008 1003 2100 1057 ρον
2122 986 2200 1056 τῷ
2221 987 2431 1058 Κυρίῳ.
2463 1005 2482 1038 ι
2519 984 2801 1054 Ἀνὰθημα
2829 987 2938 1056 γὰρ
2960 985 3151 1058 ὥσπερ
3179 991 3262 1053 είς
3281 992 3436 1058 δόξαν
3457 993 3596 1048 Θεοῦ

2003 1079 2112 1132 τῶν
2136 1079 2305 1132 ἐθνῶν
2333 1080 2555 1148 γέγονεν
2582 1082 2616 1148 ἡ
2650 1079 2882 1150 πληθὺς,
2909 1080 3301 1151 ἀπηλλαγμένη
3335 1085 3436 1153 μὲν
3459 1103 3600 1139 παν·

2005 1171 2096 1233 τὸς
2124 1171 2447 1239 αίτιὰματος
2487 1170 2577 1222 διὰ
2616 1171 2715 1240 τῆς
2755 1171 3019 1233 πίστεως,
3054 1171 3148 1223 καὶ
3192 1173 3364 1225 πάντα
3417 1174 3581 1244 eam

2005 1257 2353 1312 ἀποόαλοῦσα
2389 1257 2477 1310 διὰ
2526 1257 2622 1310 τοῦ
2670 1259 2828 1326 ἁγίου
2885 1257 3282 1328 βαπτίσματος,
3327 1261 3496 1326 ξένιον
3533 1263 3594 1314 δὲ

2006 1349 2195 1419 ὥσπερ
2225 1349 2597 1404 ἁποστολικῶν
2627 1350 3059 1419 σπυδασμὰτων
3081 1352 3481 1420 προσκομισθὲν
3508 1353 3592 1423 τῷ

2007 1441 2147 1512 Θεῷ.
2181 1442 2505 1511 Καυχῶνται
2527 1442 2658 1510 γοῦν
2688 1443 2774 1494 ἐπ’
2797 1441 2946 1511 αὑτῷ
2977 1441 3042 1510 δὴ
3069 1443 3264 1512 τούτῳ,
3294 1444 3468 1514 χαράν
3494 1445 3596 1496 αύ-

2007 1533 2136 1596 τοὺς
2163 1533 2256 1584 καὶ
2284 1533 2545 1601 στέφανον
2572 1531 2780 1585 ἑαυτῶν
2815 1533 3190 1602 ὀνομάζοντες.
3223 1534 3348 1586 Ὀτι
3377 1534 3433 1587 δέ
3456 1535 3595 1587 om.

2006 1627 2218 1696 νωτὰτη
2247 1626 2388 1690 λίαν,
2420 1627 2514 1680 καὶ
2545 1624 2766 1696 ἱδρῶτος
2807 1624 2931 1695 δίχα
2962 1625 3187 1687 παντὸς,
3214 1626 3308 1679 καὶ
3351 1625 3590 1693 ἀγῶνος,

2009 1719 2104 1771 καὶ
2132 1719 2308 1771 πόνων
2338 1719 2368 1788 ή
2414 1716 2550 1788 πρὸς
2573 1716 2706 1768 Θεὸν
2748 1715 3054 1787 ἐπιστροφὴ
3086 1715 3196 1768 τῶν
3227 1715 3419 1781 ἐθνῶν,
3465 1716 3596 1769 καθ·

323 1802 667 1857 adducendas
694 1815 814 1855 esse
842 1816 963 1855 cum
1003 1801 1180 1868 equis,
1244 1801 1512 1862 curribus,
1569 1800 1796 1864 lecticis,
1845 1809 1902 1855 et

2009 1807 2216 1878 ίστησιν
2237 1805 2501 1875 ἐναργῶς,
2532 1806 2609 1868 ὡς
2635 1807 2700 1858 ἐκ
2717 1805 3156 1876 παραδείγματος
3175 1806 3270 1858 τοῦ
3294 1807 3416 1860 καθ’
3445 1809 3594 1877 ἡμᾶς

324 1892 674 1947 umbraculis.
703 1891 834 1945 Nam
861 1903 920 1946 ut
946 1891 1042 1960 qui
1075 1891 1158 1946 his
1183 1892 1343 1946 rebus
1392 1892 1495 1946 iter
1545 1906 1702 1947 suum
1735 1891 1903 1945 conli-

322 1984 496 2050 ciunt,
522 1983 666 2037 nullo
688 1982 870 2036 labore
897 1982 1192 2048 expediunt
1216 2021 1234 2047 ,
1264 1982 1345 2036 sic
1392 1981 1484 2049 qui
1533 1996 1566 2035 e
1605 1981 1907 2050 graecanico

321 2089 510 2128 errore
530 2075 596 2127 ad
631 2076 796 2127 Deum
824 2076 1069 2136 redeunt,
1100 2073 1184 2125 via
1210 2072 1364 2140 plana
1393 2082 1451 2127 et
1475 2071 1599 2124 trita
1658 2072 1904 2138 veniunt,

321 2179 388 2218 ac
417 2173 626 2218 tantum
653 2179 758 2216 non
791 2164 950 2228 vecti,
980 2171 1035 2216 et
1064 2161 1172 2216 Deo
1192 2161 1336 2217 omni
1361 2176 1455 2216 eos
1481 2161 1739 2228 requietis
1802 2175 1899 2230 ge-

325 2269 455 2310 nere
504 2255 779 2324 dignante.
811 2253 1038 2309 Venient
1083 2263 1261 2307 autem
1298 2251 1568 2321 quonam?
1591 2253 1642 2304 in
1665 2261 1907 2305 sanctam

322 2345 624 2410 civitatem,
663 2360 855 2412 nempe
885 2342 1206 2409 Jerusalem,
1244 2357 1364 2412 qua:
1411 2353 1496 2398 est
1521 2343 1614 2396 Dei
1678 2343 1910 2398 viventis

322 2438 588 2493 Ecclesia.
621 2437 899 2506 Eruntque
950 2437 1086 2490 adeo
1135 2435 1355 2505 iocundi
1413 2445 1469 2488 et
1525 2433 1757 2502 accepti,
1807 2433 1906 2502 qui

323 2532 588 2586 accedunt
617 2529 682 2583 ad
706 2527 896 2593 Deum,
931 2528 1155 2598 perinde
1175 2527 1331 2598 quasi
1370 2525 1570 2590 hostia,
1599 2525 1909 2594 inquit,ad-

325 2624 614 2678 duceretur
633 2636 754 2675 cum
783 2620 904 2674 odis
941 2629 996 2673 et
1021 2633 1199 2673 rerum
1225 2619 1526 2672 divinarum
1582 2617 1910 2672 celebratio-

332 2729 425 2769 ne.
459 2714 568 2767 lmo
594 2723 648 2766 et
680 2729 699 2762 ι
732 2711 806 2766 Ex
835 2709 946 2766 illis
973 2726 1184 2766 sumam
1215 2710 1526 2765 sacerdotes
1547 2718 1602 2763 et
1651 2707 1863 2762 levitas.
1885 2725 1906 2760 ι

325 2805 401 2860 Ex
437 2804 671 2875 quibus?
694 2802 804 2857 Nec
833 2803 978 2857 enim
999 2803 1132 2856 satis
1147 2809 1366 2857 constat
1391 2809 1571 2854 utrum
1606 2814 1676 2854 ex
1711 2800 1780 2854 iis
1815 2798 1912 2869 qui

327 2897 478 2951 missi
507 2895 713 2950 suntail
739 2893 1039 2948 vocandum
1085 2901 1291 2962 gentes,
1321 2906 1388 2944 an
1407 2891 1590 2945 exillis
1604 2890 1694 2959 qui
1734 2889 1910 2944 vocai

323 2996 474 3041 sunt.
497 2983 886 3040 Verumtamen
908 2985 1244 3038 inveniemus
1256 2991 1311 3036 et
1326 2981 1430 3035 hoc
1440 2989 1497 3034 et
1510 2979 1680 3050 919
1693 2979 1820 3033 illud
1834 2993 1915 3033 es-

323 3092 401 3132 se.
423 3077 556 3131 Nam
583 3077 900 3131 sacerdotes
943 3073 1286 3130 oraculorum
1337 3070 1542 3126 Christi
1584 3070 1913 3124 exstiterunt

2007 1897 2180 1966 λέγων
2201 1940 2216 1963 ,
2247 1898 2328 1950 ὅτι
2371 1899 2696 1967 ἀχθήσονται
2733 1897 2851 1966 μεθ’
2879 1897 3062 1950 ἵππων
3112 1898 3206 1950 καὶ
3240 1898 3505 1968 ἁρμάτων
3533 1900 3593 1950 ἐν

2006 1987 2320 2058 λαμπήναις
2352 1988 2448 2038 καὶ
2483 1986 2778 2049 σκιαδίοις·
2816 1983 3007 2056 ῶσπερ
3049 1984 3159 2055 γὰρ
3183 1986 3232 2038 oi
3253 1985 3343 2037 διά
3383 1985 3588 2038 τούτων

2007 2079 2308 2147 ὁδοιπορεῖν
2356 2077 2629 2142 εἰωθότες,
2677 2076 3034 2146 ἀπονωτὰτην
3079 2076 3178 2147 τὴν
3221 2077 3590 2147 προκειμένην

2007 2171 2192 2232 αὐτοῖς
2227 2168 2552 2239 κατορθοῦσι
2589 2167 2780 2238 τρίϐον
2802 2185 2817 2198 ο
2845 2168 3017 2230 οὕτως
3041 2168 3092 2220 οί
3126 2168 3189 2220 ἐκ
3227 2168 3436 2239 πλάνης
3473 2167 3593 2221 Ἐλ-

2008 2261 2233 2331 ληνικῆς
2269 2261 2405 2331 πρὸς
2449 2259 2582 2312 Θεὸν
2633 2261 3055 2331 ἐπιστρέφοντες
3096 2259 3184 2312 διά
3228 2259 3375 2322 λείας
3403 2260 3592 2329 ὥσπερ

2008 2352 2103 2406 καὶ
2136 2350 2489 2422 ἐστρωμένης
2517 2350 2738 2420 ἥξουσιν
2770 2351 2914 2413 όδοῦ,
2954 2351 3049 2403 καὶ⁷
3087 2352 3363 2420 μονονουχὶ
3390 2352 3483 2403 καὶ
3511 2350 3596 2403 δο-

2015 2441 2248 2514 ρυφορού
2258 2458 2428 2510 μενοι,
2458 2440 2552 2492 καὶ
2585 2441 2804 2510 ἁπάσης
2832 2441 3028 2503 αὐτοὺς
3049 2440 3366 2508 ἀναπαύλης
3387 2439 3598 2504 ἀξιοῦν-

2010 2550 2102 2597 τος
2127 2533 2262 2586 Θεοῦ
2279 2550 2292 2561 ·
2319 2532 2508 2602 ἥξουσι
2531 2531 2610 2595 δὲ,
2630 2530 2770 2596 ποῦ;
2796 2533 2890 2594 Εἰς
2915 2533 3014 2600 τὴν
3041 2530 3203 2598 ἁγίαν
3225 2531 3398 2596 πόλιν,
3427 2534 3594 2602 ἡγουν

2026 2622 2399 2695 Ἰερουσαλὴμ,
2447 2621 2570 2690 ἥτις
2619 2622 2766 2674 ἐστὶν
2826 2622 3123 2691 Ἐκκλησία
3169 2621 3305 2674 Θεοῦ
3354 2622 3592 2686 ζῶντοςο

2012 2717 2224 2768 ἔσονται
2251 2713 2310 2766 δέ
2346 2711 2523 2775 οὕτως
2543 2710 2691 2779 ἡδεῖς
2735 2712 2826 2763 καὶ
2856 2710 3248 2783 εὐπρόσδεκτοι
3278 2711 3594 2781 προσιόντες

2012 2802 2365 2876 Θεῷ,ὡσανεὶ
2390 2803 2485 2857 καὶ
2506 2803 2665 2856 θυσία
2693 2803 3102 2872 προσαγομένη,
3124 2803 3278 2873 φησὶ,
3307 2804 3422 2872 μετ’
3449 2800 3592 2872 ᾠδῆς

2015 2897 2110 2950 καὶ
2157 2895 2485 2965 δοξολογίας.
2537 2893 2696 2948 ’Δλλὰ
2743 2894 2839 2947 καὶ
2871 2913 2891 2948 ι
2936 2895 3054 2946 Ἀπ’
3104 2895 3284 2946 αὐτῶν
3326 2894 3590 2964 λήψομαι,

2014 2989 2170 3059 φησὶ,
2197 2989 2292 3041 καὶ
2326 2989 2513 3056 ίερεῐς,
2544 2987 2638 3038 καὶ
2667 2985 2921 3048 Δευῖτας.
3029 2987 3150 3038 Ἀπ’
3183 2985 3366 3039 αὐτῶν
3403 2984 3480 3050 δὲ,
3509 2985 3590 3038 τί·

2015 3096 2156 3144 νων;
2191 3077 2358 3132 Οὔπω
2387 3077 2531 3148 μάλα
2559 3077 2748 3146 σαφὲς,
2782 3077 3010 3149 πότερον
3037 3077 3101 3130 ἐκ
3130 3077 3239 3130 τῶν
3265 3075 3592 3130 ἀποσταλέν-

322 3181 539 3237 quoque
555 3166 723 3221 divini
736 3165 986 3234 discipuli
1003 3182 1018 3219 :
1033 3164 1206 3219 vocati
1219 3171 1396 3218 autem
1414 3171 1541 3218 sunt
1553 3176 1618 3216 ex
1634 3159 1906 3215 Gracani-

2014 3187 2122 3223 των
2144 3143 2231 3232 είς
2276 3169 2337 3222 τὸ
2373 3143 2597 3222 καλέσαι
2626 3143 2753 3230 τοὺς
2795 3165 2856 3231 ἐξ
2894 3143 3085 3231 ἐθνῶν,
3116 3169 3284 3238 ἧγουν
3323 3167 3383 3233 ἐξ
3414 3167 3592 3221 αὐτῶν

314 3255 1358 3327 ιοιτεςθωυιιί,ειοόιιιιενορειιιυτιιιι
1375 3251 1758 3313 sacerdotium,
1793 3249 1906 3303 Deo
2015 3260 2126 3315 τῶν
2166 3260 2548 3332 κεκλημένων·
2589 3259 2728 3329 πλὴν
2760 3257 2960 3328 ἀληθὲς
2998 3259 3058 3312 ὃν
3088 3261 3398 3331 εὑρήσομεν
3440 3256 3593 3312 τοῦτό

320 3348 440 3404 i.los
467 3352 536 3404 ad
559 3351 851 3404 novitatem
879 3349 1004 3402 vita:
1032 3357 1086 3401 et
1125 3345 1320 3401 mentis
1364 3341 1745 3398 transferente.
1769 3338 1903 3394 Nam

2011 3369 2073 3407 τε
2118 3354 2360 3407 κάκεῖνο.
2402 3351 2701 3422 ’ἱερουργοὶ
2752 3353 2862 3420 γάρ
2901 3353 3158 3420 γεγόνασι
3197 3353 3305 3406 τῶν
3335 3353 3422 3406 διά
3455 3353 3592 3420 Χρι-

321 3437 456 3493 fides
482 3439 626 3494 velut
656 3439 868 3508 reﬂugit
893 3439 960 3491 ad
989 3439 1040 3490 id
1067 3437 1212 3506 quod
1239 3437 1288 3489 ei
1323 3435 1518 3504 placet,
1542 3433 1764 3486 electos.

2016 3441 2143 3497 στοῦ
2194 3443 2582 3512 θεσπισμάτων
2636 3441 2732 3495 καὶ
2776 3443 2827 3493 οἱ
2873 3441 3148 3494 θεσπέσιοι
3197 3442 3468 3514 μαθηταί·
3499 3441 3593 3495 κέ-

320 3551 544 3620 κληνται
578 3550 634 3601 δὲ
657 3549 791 3618 πρὸς
817 3547 1136 3617 ἱερωσύνην,
1168 3547 1261 3600 καὶ
1297 3547 1378 3608 εἰς
1403 3543 1564 3614 δεῦρο
1609 3540 1900 3596 καλοῦνται
1935 3538 2122 3593 πολλοὶ
2156 3535 2266 3590 τῶν
2334 3535 2394 3600 ἐξ
2450 3533 2653 3604 ἀγέλης
2714 3533 2863 3595 ὄντες
2903 3531 3244 3602 Ἑλληνικῆς,
3271 3533 3408 3586 Θεοῦ
3460 3533 3594 3604 μεθ-

323 3641 570 3701 ιστάντος
613 3639 691 3699 είς
742 3638 1037 3707 καινότητα
1085 3637 1230 3706 ζωῆς
1276 3635 1370 3689 καὶ
1417 3634 1644 3705 γνώμης
1692 3631 1910 3696 αύτούς.
1963 3629 2347 3701 ’Δναχαλκεύει
2401 3628 2510 3699 γὰρ
2561 3628 2751 3698 ὥσπερ
2796 3628 2830 3696 ἡ
2861 3625 3043 3688 πίστις
3083 3627 3162 3684 είς
3217 3625 3278 3678 τὸ
3317 3625 3468 3696 αὐτῷ
3499 3626 3594 3679 δο-

321 3731 451 3786 κοῦν
473 3731 599 3792 τοὺς
628 3729 1060 3799 ἐξειλεγμένους.

395 3825 559 3879 Vens.
589 3823 680 3890 22,
701 3824 792 3877 23.
822 3824 985 3887 Quem
1006 3821 1289 3875 admodum
1334 3821 1472 3875 enim
1511 3818 1697 3874 mlum
1725 3835 1906 3873 novum

2089 3813 2194 3867 ’ον
2223 3814 2450 3880 τρόπον
2500 3810 2610 3880 γὰρ
2653 3813 2688 3863 ὁ
2730 3809 2988 3877 οὐρανὸς
3031 3807 3259 3875 καινὸς,
3295 3811 3393 3865 καὶ
3426 3813 3466 3881 ἠ
3515 3810 3592 3884 γῆ

321 3927 371 3969 et
406 3922 545 3968 terra
581 3928 870 3982 numqua:
896 3928 989 3980 ego
1036 3911 1199 3979 facio,
1244 3911 1300 3963 in
1351 3923 1627 3979 conspectu
1659 3923 1770 3962 meo
1800 3923 1906 3961 ma-

2014 3904 2218 3972 καινὴ,
2251 3904 2291 3958 d
2316 3901 2432 3972 ἐγὼ
2453 3900 2603 3955 ποιῶ
2624 3900 2793 3970 μένει
2821 3899 3082 3953 ἐνώπιόν
3112 3919 3252 3969 μου,
3283 3901 3445 3972 λέγει
3475 3906 3591 3958 Κύ-

321 4006 606 4070 nent,dicit
627 4005 882 4058 Dominus
903 4018 920 4056 :
943 4006 1016 4056 ita
1033 4005 1191 4056 stabit
1212 4018 1384 4056 semen
1408 4013 1632 4055 vestrum
1659 4010 1706 4053 et
1727 4013 1906 4052 nomen

2009 4013 2157 4067 ptOC‘
2206 3996 2396 4059 οὕτως
2448 3991 2742 4059 στήσεται
2783 3990 2851 4044 τὸ
2894 3991 3134 4060 σπέρμα
3167 3991 3350 4062 ὑμῶν,
3395 3997 3489 4046 καὶ
3525 3994 3589 4047 τό

320 4109 564 4161 vestrum,
612 4097 706 4151 erit
738 4113 836 4166 que
873 4096 1066 4148 mensis
1088 4109 1153 4148 ea:
1195 4109 1390 4157 mense,
1421 4104 1468 4146 et
1527 4091 1817 4148 Sabbatum
1845 4105 1906 4142 ea:

2013 4089 2202 4157 ὄνομα
2232 4085 2417 4156 ὑμῶν,
2453 4085 2552 4138 καὶ
2609 4083 2779 4136 ἔσται
2808 4083 2938 4151 μὴν
2971 4084 3041 4136 ἐκ
3061 4085 3279 4152 μηνὸς,
3307 4084 3406 4137 καί
3446 4085 3593 4138 Σάσ-

321 4189 574 4246 Sabbato.
621 4186 801 4242 Veniet
845 4188 1012 4240 omnis
1058 4201 1222 4252 caro,
1274 4196 1329 4238 ut
1369 4187 1423 4238 in
1461 4192 1738 4253 conspectu
1799 4197 1906 4236 meo

2013 4182 2195 4234 ϐατον
2239 4181 2309 4232 ἐκ
2348 4177 2674 4231 Σαϐϐάτου.
2719 4175 2880 4238 Ἥξει
2926 4173 3094 4228 πᾶσα
3144 4175 3302 4242 σὰρξ
3336 4176 3585 4229 ἐνώπιόν

319 4283 504 4338 adoret
529 4279 586 4333 in
605 4275 926 4340 Jerusalem,
951 4277 1085 4331 dixit
1109 4275 1368 4330 Dominus
1391 4273 1555 4329 Deus.

2009 4289 2126 4342 μου
2166 4268 2592 4339 προσκυνῆσαι
2630 4267 2700 4320 ἐν
2741 4267 3164 4336 Ἰερουσαλὴμ,
3212 4263 3342 4320 εἷπε
3379 4268 3586 4334 Κύριος

2011 4367 2044 4417 ό
2071 4363 2235 4428 Θεός.

388 4455 726 4510 Firmitatem
745 4455 860 4526 spei
878 4455 932 4508 in
946 4454 1198 4510 omnibus
1215 4451 1371 4507 bonis
1384 4451 1666 4522 pollicetur
1680 4450 1906 4521 diligen-

2081 4452 2154 4505 Τὸ
2180 4451 2514 4522 ἁκρὰδαντον
2553 4452 2652 4521 τῆς
2682 4449 2894 4512 ἐλπίδος
2927 4453 3041 4514 τοῖς
3079 4451 3164 4518 ἐφ’
3198 4451 3399 4504 ἅπασιν
3445 4453 3585 4519 ἁγα-

319 4547 464 4602 tibus
478 4562 556 4612 se,
570 4553 624 4600 et
639 4547 821 4616 appari
831 4547 1030 4602 tionem
1049 4563 1200 4603 suam
1213 4547 1654 4618 agnoscentibus.
1676 4545 1746 4601 Ut
1757 4545 1903 4600 enim

2011 4541 2124 4604 θοῖς
2164 4543 2502 4611 ὑπισχνεῖται
2535 4541 2770 4611 Χριστὸς
2797 4543 2910 4602 τοῖς
2954 4541 3236 4607 ἀγαπῶσιν
3281 4540 3464 4604 αὑτὸν,
3492 4542 3584 4595 καὶ

319 4638 514 4709 inquit,
547 4653 672 4692 cum
699 4652 870 4693 novos
915 4639 1083 4694 coalos
1115 4648 1168 4694 et
1195 4653 1395 4693 novam
1437 4645 1636 4692 terram
1673 4635 1906 4690 fabrica-

2013 4635 2126 4696 τοῖς
2160 4633 2497 4700 ἐπεγνωκόσι
2530 4631 2630 4702 τὴν
2656 4631 2978 4700 ἐπιφάνειαν
3008 4631 3191 4684 αὐτοῦ.
3223 4632 3432 4704 Ὠσπερ
3455 4633 3584 4703 γὰρ,

318 4729 510 4793 verim,
537 4728 614 4783 ita
639 4729 812 4782 sinam
848 4743 1092 4791 manere,
1135 4742 1239 4782 nec
1279 4741 1343 4781 ea
1369 4726 1538 4780 ullum
1569 4734 1783 4794 tempus
1810 4723 1905 4778 de.

2013 4725 2167 4796 φησὶ,
2205 4727 2605 4795 καινουργῆσας
2631 4722 2721 4775 τὸν
2758 4722 2984 4792 οὐρανὸν
3025 4723 3120 4776 καὶ
3146 4722 3244 4793 τὴν
3283 4724 3406 4792 γῆν,
3445 4723 3583 4777 οὕτω

317 4820 475 4876 lebit:
513 4821 584 4875 ita
623 4835 808 4876 semen
843 4829 898 4874 et
921 4834 1122 4874 nomen
1189 4827 1428 4873 vestrum
1459 4816 1622 4871 stabit
1669 4815 1722 4869 in
1767 4829 1900 4870 con—

2013 4815 2194 4883 μένειν
2242 4813 2422 4875 ἐάσω,
2467 4814 2559 4866 καὶ
2607 4813 2784 4876 οὐδεὶς
2831 4812 2970 4865 αὺτά
3023 4811 3317 4866 καταλύσει
3362 4815 3583 4885 χρόνος·

317 4923 506 4982 spectu
531 4927 673 4968 meo.
705 4911 881 4967 Novos
907 4913 1053 4966 enim
1102 4911 1269 4965 ccelos
1298 4918 1353 4964 et
1380 4924 1578 4964 novam
1601 4917 1802 4963 terram
1831 4921 1894 4960 ac

2009 4902 2150 4954 οὕτω
2180 4903 2242 4955 τὸ
2268 4903 2489 4972 σπέρμα
2526 4901 2702 4970 ὑμῶν,
2754 4901 2848 4952 καὶ
2886 4900 2948 4952 τὸ
2983 4900 3156 4970 ὄνομα
3191 4902 3450 4971 στήσεται
3501 4903 3572 4955 ἐν·

320 5002 716 5074 promissiones
764 5001 882 5070 ejus
918 5011 1314 5072 exspectamus,
1361 4999 1660 5054 secundum
1685 4999 1738 5052 id
1757 4997 1902 5067 quod

2009 4991 2175 5044 ὡπιόν
2209 5009 2328 5061 μου.
2374 4994 2610 5054 Καίνοὺς
2658 4991 2766 5062 γὰρ
2802 4991 3084 5060 οὐρανοὺς,
3112 4991 3208 5044 καὶ
3240 4991 3433 5063 καινὴν
3460 4993 3582 5061 γῆν,

316 5095 579 5165 scriptum
623 5101 707 5148 est
735 5092 804 5150 ⁸⁷.
850 5092 1176 5147 Sanctorum
1226 5099 1406 5145 autem
1435 5105 1590 5160 spem
1635 5097 1900 5143 staturam

2009 5082 2094 5135 καὶ
2135 5081 2206 5134 τὰ
2250 5081 2645 5152 ἐπαγγέλματα
2688 5079 2856 5134 αὐτοῦ
2903 5080 3314 5150 προσδοκῶμεν,
3345 5083 3485 5135 κατὰ
3527 5077 3589 5134 τ’)

316 5199 534 5257 semper
584 5193 642 5240 et
701 5199 1135 5256 permansuram,
1190 5182 1626 5253 sapientissimus
1702 5181 1903 5234 Paulus

2009 5173 2406 5242 γεγραμμένον.
2450 5177 2572 5225 ὀτι
2600 5172 2658 5224 δὲ
2689 5173 2785 5225 καὶ
2815 5171 2976 5241 ἡτῶν
3007 5173 3178 5239 ἁγίων
3203 5173 3361 5235 ἐλπὶς
3392 5177 3557 5241 στήσε

313 5276 688 5342 confirmabit,
738 5276 986 5330 scribens
1016 5276 1081 5342 ",
1132 5276 1274 5330 dona
1322 5284 1378 5328 et
1419 5272 1758 5328 vocationem
1801 5271 1899 5326 Dei

2009 5284 2094 5318 ται
2134 5267 2224 5320 ἀεὶ
2263 5267 2358 5319 καὶ
2391 5265 2656 5335 διαμενεῖ,
2687 5263 3023 5316 πιστώσεται
3062 5263 3292 5333 γράφων
3332 5267 3362 5316 ὁ
3387 5265 3576 5318 πανσον

316 5383 438 5422 esse
473 5368 590 5422 sine
655 5367 994 5435 pit-nitentia.
1046 5364 1242 5420 Semen
1298 5366 1480 5435 itaque
1526 5361 1893 5426 benedictum,

2009 5375 2102 5426 φος
2132 5357 2361 5420 Παῦλος,
2403 5357 2484 5409 ὅτι
2525 5354 2916 5426 ἀμεταμέλητα
2953 5353 3021 5406 τὰ
3050 5353 3388 5423 χαρίσματα,

314 5457 442 5512 illud
462 5474 492 5512 a
509 5458 711 5512 sanctis
734 5458 992 5528 apostolis
1012 5459 1118 5511 Deo
1141 5458 1404 5521 oblatum,
1433 5454 1736 5509 servabitur
1773 5469 1894 5522 per-

2009 5451 2195 5518 κλῆσις
2219 5449 2312 5501 τοῦ
2343 5448 2500 5502 Θεοῦ.
2533 5449 2751 5500 Οὐκοῦν.
2786 5447 2845 5498 τὸ
2875 5445 3095 5514 σπέρμα
3121 5445 3182 5497 τὸ
3224 5444 3587 5514 εὐλογημένον

319 5560 505 5618 petuo,
535 5548 793 5617 nulloque
846 5549 1006 5604 modo
1051 5549 1320 5614 interibit,
1353 5563 1416 5602 ac
1445 5546 1590 5601 velut
1621 5559 1744 5598 cum
1773 5558 1886 5598 coa-

2009 5540 2058 5592 ιὸ
2089 5539 2178 5591 διὰ
2207 5538 2314 5592 τῶν
2345 5537 2513 5605 ἁγίων
2544 5535 2859 5590 ἀποστόλων
2885 5533 3293 5603 προσκομισθὲν
3326 5533 3406 5603 τῷ
3443 5529 3581 5603 Θεῷ,

392 5719 438 5755 ⁸⁷
467 5717 512 5772 ιι
534 5719 678 5774 Petr.
703 5738 783 5788 III,
818 5725 907 5780 15.
983 5727 1026 5758 ¹⁸
1065 5725 1221 5782 Rom.
1251 5743 1324 5794 xu,
1352 5725 1443 5779 ‘29.

3870 198 3989 325 l:

3874 326 3879 423 ἶ

3878 448 3967 525 ιι

3878 532 3885 663 l

3880 676 3887 779 Ι

3897 989 3901 1056 1

3807 1455 3959 1803 ηι
