4112 6292
562 301 698 362 κει
1553 303 1612 359 S.
1653 303 1922 360 CYRILLI
1961 303 2432 360 ALEXANDRINI
2471 304 2787 363 ARCHIEP.
3677 315 3812 370 N'l‘!

1621 456 1662 472 τ

667 663 921 822 AD
1051 664 1733 824 TOMUM
1842 667 1984 818 ΙΙ
2093 659 3703 822 SUPPLEMENTUM.

1669 459 3796 498 ΞΜ

559 456 1619 498 ﬂ

1268 1107 2138 1224 FRAGMENTA
2220 1107 2412 1220 EX
2485 1103 3099 1221 CATENIS

811 1359 892 1424 ΙΝ
934 1357 1381 1434 JEREMIAM,
1431 1354 1785 1433 BARUCH,
1835 1353 2349 1420 EZECHIELEM
2399 1353 2503 1416 ET
2556 1350 2967 1415 DANIELEM
3027 1347 3522 1414 PROPHETAS.

2163 1565 2232 1579 _

1783 1712 1908 1802 IN
1980 1707 2643 1800 JEREMIAM.

1137 1931 1238 1997 (Ex
1265 1935 1444 1985 eatena
1483 1927 1738 1982 Michaelis
1769 1926 2004 1982 Ghislerii
2036 1924 2087 1977 in
2119 1925 2403 1978 Jeremiam.
2438 1921 2669 1987 Lugduni
2700 1920 2838 1986 1625,
2874 1922 2904 1972 3
2938 1927 3056 1973 tom.
3093 1916 3203 1981 fol.)

627 2255 712 2325 Ill,
739 2257 829 2316 23.
863 2252 996 2312 Vere
1033 2255 1090 2311 in
1105 2253 1438 2325 mendacium
1457 2260 1604 2308 erant
1637 2248 1794 2306 colles
1827 2261 1878 2305 et
1913 2249 2125 2320 fortitu-
2157 2254 2202 2312 Α

2192 2291 2202 2312 ,
2300 2238 2519 2308 Ὄντως
2545 2241 2632 2308 εἷς
2653 2239 2882 2312 ψεῦδος
2919 2232 3083 2311 ἦσαν
3109 2242 3166 2296 oi
3186 2239 3407 2305 ,βουνοι
3429 2243 3530 2299 καὶ
3559 2243 3816 2311 δύναμις

559 2354 628 2406 do
661 2347 915 2404 montium
927 2362 948 2414 ;
979 2351 1085 2401 etc.
1103 2315 1140 2350 .

1913 2315 1923 2320 I
2231 2335 2352 2390 τῶν
2379 2334 2582 2406 ὀρέων,
2617 2352 2673 2388 κ.
2698 2351 2751 2390 τ.
2791 2333 2841 2391 λ.

627 2440 886 2497 Montium
915 2446 968 2494 et
999 2436 1213 2495 collium
1268 2433 1532 2502 meminit,
1561 2432 1812 2504 quoniam
1842 2429 1898 2486 in
1931 2429 2008 2487 eis
2037 2443 2133 2500 per

2301 2425 2676 2498 Διαμέμνηται
2709 2423 2851 2497 ὀρῶν
2879 2423 2975 2479 καὶ
3007 2423 3231 2496 βουνῶν,
3269 2425 3502 2498 ἐπείπερ
3534 2429 3591 2482 ἐν
3627 2426 3812 2490 αὐτοῖς

553 2531 732 2602 prisca
773 2529 863 2586 illa
895 2538 1139 2600 tempora
1204 2524 1330 2582 fana
1375 2523 1598 2580 delubra
1617 2536 1721 2592 que
1786 2529 2127 2577 exstruentes

2231 2517 2376 2572 κατὰ
2415 2517 2539 2581 τοὺς
2578 2517 2845 2588 ἀρχαίους
2893 2516 3137 2581 ἐκείνους
3181 2519 3405 2590 καιροὺς
3441 2520 3564 2591 ἱερά
3605 2537 3667 2573 τε
3716 2518 3811 2572 καὶ

557 2633 613 2680 et
659 2638 782 2679 aras
849 2622 1142 2691 erigentes,
1192 2616 1522 2674 dmmouibus
1583 2628 1746 2684 quam
1794 2612 2130 2685 gratissimas

2229 2607 2432 2678 τεμένη
2462 2606 2780 2678 δειμάμενοι
2822 2605 2919 2660 καὶ
2967 2605 3185 2677 βωμοὺς
3222 2608 3662 2680 ἀναστήσαντες,
3698 2612 3810 2674 τοῖς

557 2712 802 2768 victimas
837 2709 1151 2766 oﬂ'ercbant.

2229 2697 2527 2769 δαιμονίοις
2551 2698 2918 2770 χαριεστάτας
2946 2697 3346 2770 προσεκόμιζον
3371 2700 3581 2764 Θυσίας.

624 2802 711 2869 lll,
741 2801 836 2856 ει.
873 2799 1124 2869 Confusio
1153 2805 1327 2852 autem
1349 2793 1664 2865 consumpsit
1685 2792 1886 2848 labores
1916 2800 2129 2863 patrum
2208 2821 2215 2828 -

2208 2821 2215 2828 -
2311 2793 2383 2847 Ἦ
2403 2791 2474 2844 δὲ
2507 2791 2773 2860 αἰσχύνη
2809 2790 3201 2845 κατανάλωσε
3227 2791 3374 2858 τοὺς
3399 2793 3672 2863 μόχθους
3696 2791 3809 2848 τῶν

557 2903 856 2948 nostrorum
883 2893 946 2944 ab
981 2867 1331 2944 adolescentia
1361 2901 1563 2940 eorum.

2229 2883 2500 2952 πατέρων
2539 2880 2711 2951 ἡμῶν
2739 2883 2859 2936 ἀπὸ
2891 2883 3171 2950 νεότητος
3193 2881 3414 2939 αὐτῶν.

625 2981 1004 3040 Confusionem
1044 2987 1241 3036 vocant
1262 2993 1387 3034 vere
1430 2976 1804 3048 turpissimum
1843 2982 1899 3031 et
1947 2974 2127 3047 inglo-

2299 2974 2572 3046 Αἱσχύνην
2601 2974 2819 3043 λέγουσι
2850 2974 2949 3044 τὴν
2979 2974 3196 3038 ἀληθῶς
3231 2965 3407 3030 ἀκλεᾶ
3447 2978 3542 3030 καὶ
3571 2977 3809 3045 ἀδοξοτά-

553 3076 692 3131 rium
723 3072 986 3130 idolorum
1017 3071 1215 3127 cultum
1245 3078 1299 3125 et
1335 3057 1638 3124 uersantem
1672 3068 1724 3122 in
1750 3082 1816 3124 eo
1861 3081 2126 3135 errorem,

2228 3085 2328 3139 την
2371 3065 2836 3136 εἰδωλολατρείαν,
2872 3066 2964 3118 καὶ
2993 3063 3089 3136 τὴν
3118 3067 3211 3120 ἐπὶ
3235 3067 3412 3138 τούτῳ
3449 3069 3734 3140 πλάνησιν,
3773 3073 3808 3139 ἢ

554 3168 644 3238 qui
679 3174 732 3221 et
756 3175 966 3237 patrum
1005 3178 1223 3220 suorum
1257 3162 1468 3218 labores
1495 3160 1768 3217 comedit:
1827 3161 2128 3230 insumpse-

2227 3157 2323 3212 καὶ
2349 3157 2476 3222 τοὺς
2515 3157 2749 3230 μόχθους
2783 3155 2894 3210 τῶν
2937 3157 3190 3228 πατέρων
3218 3158 3396 3212 αὐτῶν
3425 3161 3804 3215 κατανάλωσε·

556 3268 681 3313 runt
708 3255 853 3312 enim
890 3271 1022 3313 oves
1060 3268 1192 3311 suas
1225 3260 1278 3309 et
1327 3251 1544 3323 vitulos,
1580 3249 1914 3307 daemonibus
1970 3265 2125 3307 sacra

2225 3248 2631 3320 δεδαπανήκασι
2679 3247 2788 3320 γὰρ
2840 3247 3251 3319 ἱερουργοῦντες
3298 3253 3415 3314 τοῖς
3472 3251 3689 3323 δαίμοσι
3747 3254 3816 3306 τὰ

552 3357 891 3419 peragentes,
924 3346 1326 3418 prudentiaque
1372 3347 1628 3400 damnum
1658 3357 1762 3398 una
1797 3357 1920 3398 cum
1970 3342 2127 3398 bonis

2227 3339 2476 3411 πρόϐατα
2504 3339 2704 3416 αὐτῶν,
2738 3338 2832 3393 καὶ
2887 3339 3016 3402 τοὺς
3051 3339 3283 3410 μόσχους
3314 3341 3510 3409 αὐτῶν,
3545 3344 3636 3396 καὶ
3670 3359 3810 3414 ιρρο⁴

553 3441 858 3496 subierunt.

2225 3432 2434 3503 νήσεως
2460 3431 2662 3501 ζημίαν
2687 3430 2821 3502 ὁμοῦ
2850 3432 2963 3493 τοῖς
2991 3425 3143 3485 οὖσιν
3168 3431 3483 3502 ὑπέμειναν.

625 3530 692 3594 ν,
725 3531 776 3584 1.
814 3529 932 3584 Heu
961 3528 1123 3582 mihi!
1154 3527 1279 3598 quia
1334 3528 1508 3597 deﬁcit
1571 3527 1750 3580 anima
1793 3541 1909 3578 mea
1972 3540 2126 3595 super

2291 3522 2362 3574 Ol
2389 3539 2492 3590 μοι
2509 3521 2531 3573 .'
2556 3521 2646 3575 ὅτι
2674 3512 2944 3576 ἐκλείπιεί
2977 3521 3018 3589 ἠ
3049 3520 3222 3591 ψυχή
3254 3539 3374 3590 μου
3409 3523 3509 3575 ἐπὶ
3546 3523 3677 3589 τοῖς
3704 3525 3813 3580 ἀν-

553 3619 861 3688 interfeetis.
893 3618 1302 3674 Circumcurrite
1328 3619 1380 3672 in
1413 3619 1510 3672 viis
1542 3614 1858 3671 Jerusalem.
2157 3601 2177 3658 Ῑ

2189 3605 2568 3680 ῐῃρημένοις.
2623 3610 3016 3681 Περιδρὰμετε
3083 3610 3156 3664 ἐν
3200 3608 3325 3678 ταῖς
3377 3610 3540 3677 ὁδοῖς
3592 3611 3813 3680 Ἰερου-

2229 3707 2466 3760 omnia.

2229 3721 2250 3757 ε

626 3795 818 3852 Viden’
861 3795 1163 3852 occisorum
1194 3809 1354 3851 causa
1386 3796 1545 3852 nimis
1572 3795 1838 3852 dolentem
1858 3794 2124 3852 lubentis-

2229 3719 2272 3757 σ
2313 3707 2352 3758 .1
2449 3743 2466 3759 .

2275 3703 2476 3868 αὈΊέΙὲς
2509 3797 2566 3850 ὲν
2605 3795 2816 3860 τούτοις
2842 3795 3100 3850 ὠδίνοντα
3130 3796 3229 3868 μὲν
3253 3796 3348 3850 ἐπὶ
3383 3797 3499 3860 τοῖς
3523 3797 3810 3870 ἀνῃρημέ-

549 3889 794 3958 simeque
833 3884 1134 3942 Jerusalem
1169 3887 1413 3943 misereri
1453 3894 1812 3957 appetentem,
1849 3887 1941 3943 sed
1987 3902 2124 3958 quo-

2227 3903 2362 3952 νοις,
2393 3887 2487 3940 καὶ
2513 3887 2822 3958 προχείρως
2859 3887 2957 3957 μὲν
2982 3886 3155 3941 ἐλεεῖν
3183 3887 3437 3942 ἐθέλοντα
3466 3888 3566 3960 τὴν
3605 3889 3811 3959 Ἰερου-

551 3978 836 4036 dammodo
865 3994 894 4032 a
934 3977 1113 4048 seipso
1142 3978 1475 4049 impeditum,
1505 3988 1560 4035 et
1595 3985 1801 4034 tantum
1828 3995 1932 4034 non
1963 3993 2120 4036 revo-

2229 3976 2442 4046 σαλὴμ,
2480 3976 2794 4048 εἰργόμενον
2839 3976 2896 4029 δέ
2941 3994 3058 4039 πως
3096 3977 3184 4046 ὑφ’
3230 3976 3463 4042 ἑαυτοῦ,
3516 3981 3809 4049 μονονουχὶ

553 4079 762 4126 cantem
809 4071 1042 4126 divinam
1079 4069 1456 4139 benignitatem
1489 4070 1560 4126 ob
1592 4071 1891 4142 iniquitatis
1935 4085 2126 4127 exceso

2226 4066 2282 4120 δὲ
2313 4068 2406 4120 καὶ
2435 4055 2862 4138 ἀνασειράζοντα
2893 4066 2991 4138 τὴν
3025 4067 3304 4140 θεοπρεπῆ
3336 4068 3680 4141 γαληνότητα
3719 4070 3810 4124 διὰ

551 4176 693 4228 sum,
728 4171 1058 4232 quaerentem
1108 4168 1286 4216 tamen
1329 4162 1701 4231 iniquitatibus
1773 4163 2123 4218 commisera-

2223 4159 2286 4211 τὸ
2310 4159 2408 4229 τῆς
2441 4159 2715 4230 ἁμαρτίας
2749 4159 3073 4230 ὑπέρογκον
3090 4158 3357 4230 ζητοῦντα
3378 4160 3424 4213 δ’
3451 4158 3544 4215 οὖν
3571 4162 3725 4233 ὅμως
3748 4163 3811 4215 τὸ

552 4254 752 4309 tionem
769 4252 1146 4322 volentemque
1163 4264 1259 4322 per
1279 4267 1441 4308 unum
1469 4263 1713 4309 avertere
1737 4253 1911 4308 iram?
1944 4253 2117 4309 Unum

2225 4252 2618 4322 κατοικτείρειν
2663 4252 2763 4316 τὰς
2827 4251 3134 4323 ἁμαρτίας,
3189 4253 3287 4306 καὶ
3328 4253 3414 4322 ἐφ’
3447 4253 3529 4306 ἑνὶ
3577 4253 3811 4308 θέλοντα

549 4345 695 4398 enim
732 4343 1005 4399 hominem
1037 4343 1103 4398 ab
1136 4343 1222 4398 his
1253 4345 1346 4413 qui
1399 4347 1785 4416 percurrebant
1841 4360 2122 4401 common-

2224 4342 2514 4398 καταλύειν
2547 4343 2616 4398 τὰ
2645 4343 2704 4408 ἐξ
2732 4344 2933 4415 όργῆς;
2964 4343 3106 4396 Ἕνα
3136 4343 3245 4414 γὰρ
3280 4344 3449 4416 ἄνδρα
3482 4346 3608 4409 τοὺς
3642 4363 3812 4418 περι-

548 4435 710 4491 strari
744 4434 844 4488 sibi
871 4432 1112 4501 jubebat.

2224 4433 2442 4498 θέοντας
2467 4436 2832 4492 ἐπιδεικνύναι
2860 4435 3051 4492 πιστὸν
3077 4437 3137 4491 ὲν
3163 4437 3301 4508 αὐτῇ
3332 4436 3655 4490 διετάττετο.

619 4527 685 4595 ν,
715 4526 770 4580 4.
811 4525 880 4580 Et
944 4542 1038 4596 ego
1079 4525 1493 4582 dixi:Fortasse
1553 4531 1730 4597 inopes
1764 4539 1918 4597 sunt,
1972 4531 2118 4601 quia,

2294 4527 2405 4581 Καὶ
2440 4527 2556 4598 ἐγὼ
2595 4523 2734 4581 εἶπα
2759 4545 2772 4560 ’
2810 4530 2988 4596 Ἴσως
3035 4528 3262 4595 πτωχοί
3305 4531 3453 4593 εισι,
3497 4527 3644 4582 διότι
3686 4531 3811 4583 οὐκ

547 4630 651 4676 etc.
2219 4614 2642 4686 ἐδυνήθησαν,
2674 4637 2729 4673 κ.
2755 4638 2806 4676 τ.
2838 4620 2890 4679 λ.

614 4711 716 4778 Qui
767 4709 1000 4780 majores
1040 4718 1270 4766 erantet
1293 4709 1536 4778 ampliori
1567 4711 1864 4766 sacerdotio
1897 4711 2121 4784 fungen-

2295 4708 2370 4760 Τὸ
2394 4705 2630 4781 προῦχον
2660 4711 2752 4764 καὶ
2787 4712 3071 4784 ἱερώτερον
3101 4714 3160 4767 ὲν
3185 4714 3300 4776 τοῖς
3331 4711 3607 4776 Ἰουδαίοις
3634 4713 3815 4767 ταλα-

540 4804 627 4859 tes
654 4803 793 4873 apud
817 4799 1031 4858 Iudaeos
1065 4801 1260 4856 merito
1285 4816 1384 4872 pro
1413 4800 1783 4856 miserioribus
1815 4800 2116 4869 habentur;

2219 4798 2428 4862 νίζεται
2462 4800 2558 4869 μὲν
2584 4800 2836 4865 εἰκότως.
2890 4802 3279 4873 ῥαγδαιοτέραν
3299 4801 3358 4855 δὲ
3374 4800 3478 4872 τὴν
3499 4801 3674 4872 ὀργὴν
3712 4805 3818 4857 ἐπ-

548 4893 746 4965 quibus
809 4892 972 4948 etiam
1026 4891 1106 4947 ira
1167 4891 1532 4947 abundantior
1595 4890 1764 4946 eiIusa
1812 4903 1914 4948 est.
1966 4893 2172 4982 Quodc

2221 4889 2486 4959 ήντλησεν
2517 4891 2686 4961 αὐτῷ.
2714 4892 2826 4946 Καὶ
2870 4891 3028 4946 τοῦτο
3068 4895 3324 4964 σαφηνιεῖ
3360 4892 3536 4962 λέγων
3575 4895 3745 4958 αὐτὸς
3781 4898 3816 4948 ὁ

544 4987 762 5058 planum
807 4983 934 5040 lacit
981 4984 1250 5050 Christus,
1285 4984 1552 5053 inquiens,
1594 4981 1684 5037 Vw
1724 4982 1886 5048 vobis,
1917 4984 2118 5040 Scriba!
2157 4978 2168 4982 ’

2222 4978 2457 5051 Χριστὸς
2479 5022 2495 5049 ,
2529 4981 2675 5036 Οὐαὶ
2717 4982 2878 5052 ὑμῖν,
2925 4983 3296 5054 Γραμματεῒς
3341 4984 3440 5038 καὶ
3486 4985 3815 5053 Φαρισαῖοι

546 5087 595 5132 et
626 5074 888 5130 Pharistei
927 5075 1230 5146 hypocrita,
1289 5076 1413 5145 quia
1461 5075 1694 5128 circuitis
1743 5092 1886 5130 mare
1928 5087 1975 5131 et
2007 5077 2117 5130 ari--

2221 5071 2563 5138 ὑποκριταὶ,
2592 5071 2680 5125 ὅτι
2717 5071 3020 5143 περιάγετε
3044 5075 3158 5142 τὴν
3187 5074 3509 5129 θάλασσαν
3550 5075 3651 5128 καὶ
3684 5076 3816 5144 τὴν

545 5167 670 5221 dam
729 5177 786 5220 ut
823 5166 1035 5237 faciatis
1075 5180 1234 5219 unum
1279 5166 1619 5237 proselytum,
1655 5175 1759 5222 ctc.

2219 5162 2430 5232 ξηρὰν,
2467 5162 2714 5229 ποιῆσαι
2738 5164 2846 5219 ἕνα
2873 5166 3266 5234 προσήλυτον
3284 5205 3300 5231 ,
3334 5183 3391 5220 κ.
3422 5183 3473 5220 τ.
3504 5168 3550 5220 ἑ.

617 5253 701 5318 Vl,
733 5252 820 5307 10.
869 5253 952 5307 Ad
977 5269 1128 5324 quem
1171 5254 1358 5323 loquar
1377 5265 1425 5309 et
1454 5255 1789 5310 contestabor
1809 5255 1835 5308 γ

2285 5255 2443 5324 Πρὸς
2467 5257 2604 5310 τινα
2631 5257 2886 5327 λαλήσω
2912 5259 3011 5313 καὶ
3041 5259 3543 5329 διαμαρτύρομαι;

613 5344 930 5414 Opprobriis
1003 5345 1148 5399 enim
1225 5345 1445 5401 verbum
1513 5346 1714 5402 Christi
1788 5347 2115 5418 impetebant

2281 5348 2676 5414 Κατωνείδιζον
2708 5350 2817 5422 γὰρ
2854 5350 2914 5405 τό
2955 5350 3106 5422 ῥῆμα
3146 5349 3403 5423 Χριστοῦ,
3433 5352 3547 5414 τοῖς
3581 5351 3819 5421 ἀκροω-

543 5446 664 5488 cum
699 5435 766 5489 de
813 5434 905 5490 illo
937 5433 1182 5490 dicereut
1209 5434 1565 5506 auditoribus,
1597 5435 1926 5491 Dmnonium
1961 5437 2112 5492 habet

2225 5439 2395 5509 μένοις
2434 5441 2562 5512 περὶ
2615 5441 2778 5496 αὐτοῦ
2829 5443 3106 5512 λέγοντεςο
3155 5443 3472 5513 Δαιμόνιον
3513 5442 3641 5512 ἔχει
3694 5445 3849 5498 ml.

541 5531 591 5572 et
633 5522 847 5578 insanit.
884 5524 1022 5590 Quid
1044 5527 1216 5596 ipsum
1249 5527 1484 5582 auditis?

2208 5528 2482 5597 μαίνεται
2501 5549 2516 5562 ·
2541 5532 2598 5585 τι
2617 5531 2804 5586 αὐτοῦ
2829 5533 3111 5596 datadata;

614 5608 724 5675 νυ,
760 5613 845 5666 17.
892 5614 1144 5685 Nunquid
1192 5633 1293 5672 non
1322 5619 1458 5673 vides
1510 5620 1635 5688 quid
1669 5619 1767 5688 ipsi
1817 5620 2016 5689 faciunt
2054 5620 2109 5675 in

2288 5623 2437 5691 Οὐχὶ
2480 5623 2622 5692 ὁρᾷς
2665 5627 2724 5681 τι
2761 5625 2929 5682 αὐτοὶ
2967 5625 3210 5682 ποιοῦσι
3251 5625 3323 5680 ἐν
3372 5623 3502 5693 ταῖς
3534 5625 3816 5680 πόλεσιν

548 5699 840 5755 civitatibus
877 5703 1056 5761 Iuda?

2226 5711 2410 5767 Ἰούδα
2429 5731 2447 5777 ;
3007 5703 3009 5706 ’
