4134 6302
455 343 476 398 I
491 342 594 398 455

1579 337 2003 394 FRAGMENTA
2041 338 2108 394 IN
2145 339 2510 396 JEBEMIAM.

3559 347 3699 403 1454

532 455 684 527 Ὁσίᾳ
704 453 770 526 δὴ
805 448 900 508 οὖν
931 454 1328 525 τετιμώρηνται
1354 455 1542 525 ψήφῳ.
1577 455 1888 520 Ἀναθέντες
1911 457 2020 528 γὰρ

2197 459 2348 514 Jusla
2391 473 2546 528 pinna
2576 457 2816 514 mulctati
2847 469 2995 517 sunt.
3023 459 3156 516 Cum
3181 461 3324 532 enim
3353 463 3510 519 rebus
3540 480 3696 520 crea-

449 546 624 600 κτίσει
659 546 722 600 τὸ
752 545 918 608 σέϐας
939 584 954 608 ,
984 546 1079 600 καὶ
1119 544 1229 609 τοῖς
1260 544 1444 616 ἔργοις
1486 543 1597 598 τῶν
1644 545 1786 600 ἰδίων
1821 547 2022 618 χειρῶν

447 637 862 710 λατρεύσαντες,
883 635 1036 692 αὐτοὶ
1061 637 1180 699 ταῖς
1209 636 1369 699 ίδίαις
1393 636 1738 708 ἐπήντλησαν
1759 639 2022 706 κεφαλαῖς

447 728 518 782 τὰ
549 731 613 782 ἐκ
639 727 787 792 Θείας
812 727 1000 798 ὀργῆς.
1031 726 1106 780 Οὐ
1137 726 1242 798 γὰρ
1264 727 1467 791 ἀδίκως
1509 728 1806 783 ἐκτείνεται
1828 729 2021 782 δίκτυα

450 821 768 890 πτερωτοῖς,
805 817 945 872 κατά
967 817 1030 871 τὸ
1059 819 1467 890 γεγραμμένον.

532 912 962 982 ᾘσχύνθησαν
985 911 1186 980 σοφοί.

518 1005 722 1073 Σοφοὺς
746 1002 921 1056 ἔοικεν
949 1004 1006 1056 ἐν
1038 1002 1247 1068 τούτοις
1278 1003 1576 1074 ὑποδηλοῦν
1604 1005 1728 1069 τοὺς
1755 1003 1867 1058 τῶν
1909 1003 2020 1056 Ἑλ-

448 1096 624 1166 λήνων
668 1093 926 1162 λογάδας,
983 1094 1210 1166 ποιητάς
1251 1112 1311 1148 τε
1384 1096 1476 1148 καὶ
1529 1095 1916 1169 συγγραφέας·
1969 1095 2019 1148 οἳ

446 1187 691 1256 γλῶτταν
747 1186 846 1258 μὲν
881 1185 1096 1256 ἔχουσιν
1137 1187 1314 1257 εὐφυᾶ
1359 1187 1453 1240 καὶ
1496 1186 2018 1258 περιειργασμένην,

447 1281 541 1334 καὶ
581 1282 701 1342 ταῖς
731 1279 838 1333 τῶν
881 1278 1053 1347 λόγων
1095 1279 1387 1350 κομψείαις
1423 1278 1806 1350 ἐξησκημένην
1845 1281 1925 1343 είς
1959 1279 2022 1331 τὸ

447 1371 704 1441 ἐπίχαρι,
751 1371 1064 1441 φρονήσεως
1097 1369 1155 1422 δὲ
1200 1369 1302 1440 τῆς
1347 1368 1580 1440 ἀληθοῦς
1626 1370 1884 1440 ἀμέτοχοι
1923 1369 2022 1440 τὴν

447 1463 696 1530 καρδίαν.
724 1463 810 1525 Ὠς
830 1463 937 1532 γὰρ
953 1464 980 1515 ὁ
1001 1461 1274 1530 πάνσοφος
1296 1461 1499 1533 γράφει
1525 1460 1737 1524 Παῦλος
1753 1501 1768 1525 ,
1804 1481 1822 1512 ι
1850 1461 2018 1532 Ἐμα-

446 1553 758 1626 ταιὼθησαν
785 1557 843 1608 ἐν
871 1557 982 1617 τοῖς
1001 1553 1370 1625 διαλογισμοῖς
1390 1554 1589 1618 αὐτῶν,
1607 1555 1702 1608 καὶ⁹
1731 1553 2021 1623 ἐσκοτίσθη

447 1648 480 1716 ἡ
526 1645 783 1707 ἀσύνετος
828 1643 1007 1696 αὐτῶν
1047 1642 1262 1712 καρδία.
1309 1643 1608 1707 Φάσκοντες
1657 1638 1796 1697 εἶναι
1846 1643 2019 1711 σοφοὶ,

448 1736 863 1808 ἐμωράνθησαν,
880 1755 898 1786 ι
920 1737 1012 1789 καὶ
1031 1735 1176 1806 ἑξῆς.
1195 1734 1402 1788 Οὐκοῦν
1425 1735 1578 1804 σοφοὶ
1599 1734 1792 1804 μὲν,τ6
1809 1750 1872 1802 γε
1887 1729 2022 1805 ἧκον

447 1832 528 1892 είς
559 1829 740 1900 φωνὴν
773 1829 868 1882 καὶ
897 1827 1162 1896 γλῶτταν,
1195 1828 1387 1896 ἄσοφοι
1423 1827 1479 1880 δὲ
1531 1829 1611 1890 εἰς
1636 1827 1736 1897 τὴν
1769 1826 2017 1898 καρδίαν.

458 1921 520 1975 Ἡ
561 1919 628 1973 δὲ
665 1920 848 1988 σοφία
877 1917 984 1972 τοῦ
1013 1920 1245 1988 κόσμου
1282 1919 1498 1974 τούτου
1521 1918 1713 1988 μωρία
1749 1917 1911 1985 παρὰ
1943 1916 2022 1981 τῷ

449 2011 571 2076 Θεῷ
604 2013 756 2078 ἐστι,
782 2012 922 2066 κατὰ
947 2011 1007 2064 τὸ
1037 2010 1442 2081 γεγραμμένον.

529 2103 770 2157 Ἐλαίαν
803 2103 1026 2171 ὡραίαν
1053 2103 1304 2156 εὔσκιον
1333 2100 1414 2167 τῷ
1441 2101 1606 2156 εῖδει.

529 2195 767 2266 Ἀχρειοῖ
803 2194 912 2265 γὰρ
944 2185 1256 2264 ὁλοτρόπως
1281 2193 1380 2264 τὴν
1410 2193 1506 2246 τοῦ
1530 2192 1817 2264 ἀνθρώπου
1843 2193 2022 2264 ψυχὴν

444 2291 506 2345 τὸ
542 2289 906 2361 ἁποφοιτῆσαι
951 2288 1086 2342 Θεοῦ
1133 2289 1227 2342 καὶ
1265 2286 1561 2358 ἀμοιρῆσαι
1611 2285 1888 2350 παντελῶς
1921 2285 2024 2356 τῆς

446 2382 576 2452 παρ’
614 2380 779 2435 αὑτοῦ
822 2379 1041 2450 χάριτος
1081 2379 1173 2432 καὶ
1218 2377 1563 2448 ἐπικουρίας.
1611 2376 1870 2444 Φοϐερὸν
1916 2377 2023 2447 γὰρ

446 2471 514 2524 τὸ
543 2469 829 2539 ἐμπεσεῖν
860 2471 948 2534 εἰς
975 2468 1178 2538 χεῖρας
1207 2468 1354 2523 Θεοῦ
1384 2466 1620 2534 ζῶντος.

516 2560 673 2629 Πρὸς
701 2559 776 2614 σὲ
803 2562 971 2628 ἐῖνη.

516 2656 580 2710 El
602 2654 710 2728 γὰρ
740 2656 836 2710 καὶ
874 2657 1160 2726 γεγόνασιν
1187 2657 1442 2729 ὑϐρισταὶ
1483 2659 1578 2712 καὶ
1605 2657 1886 2723 ἀπειθεῖς,
1926 2658 2022 2711 καὶ

448 2748 736 2811 ἀσυνεσίας
783 2747 1005 2817 ἕμπλεω
1055 2747 1154 2819 τὴν
1196 2748 1436 2804 διάνοιαν
1490 2749 1725 2821 ἔχοντες,
1765 2749 1882 2804 ἀλλ’
1926 2745 2021 2803 οὖν

449 2838 710 2904 σώζονται
736 2840 832 2892 καὶ
860 2839 1170 2904 δοξάζονται
1203 2841 1356 2913 παρά
1387 2841 1644 2914 Χριστοῦ.
1689 2841 1937 2913 Ἀπαρχὴ
1961 2841 2020 2894 δὲ

445 2930 650 2984 τούτων
693 2931 980 2999 γεγόνασιν
1029 2932 1078 2984 οἱ
1122 2931 1410 3002 ἀθλοφόροι
1457 2933 1772 3004 μάρτυρες,
1809 2925 1885 2987 ὧν
1922 2933 2022 3004 τῆς

446 3021 696 3086 εὐκλείας
733 3022 768 3092 ἡ
812 3019 1103 3092 φαιδρότης
1134 3021 1262 3092 ὃλην
1308 3021 1612 3092 ἀστράπτει
1650 3022 1748 3092 τὴν
1790 3023 1884 3075 ὑπ’
1930 3023 2020 3076 οὑ-

450 3111 630 3182 ρανόν.

515 3203 627 3259 Καί
656 3203 828 3258 ἔσται
855 3204 935 3271 ὡς
963 3203 1030 3257 τὸ
1070 3203 1276 3268 ξύλον.

517 3296 593 3349 Οὐ
629 3295 739 3368 γὰρ
781 3297 872 3349 ἐπὶ
914 3295 1130 3368 πλούτῳ
1177 3296 1324 3368 μέγα
1351 3298 1571 3368 φρονεῖ,
1605 3294 1730 3349 οὔτε
1770 3296 1876 3366 μὴν
1907 3297 2022 3351 διαο

446 3388 617 3443 κένων
655 3389 918 3459 δοξαρίων
963 3389 1120 3454 ἐκτὸς
1163 3390 1404 3458 γεγονὼς
1453 3389 1552 3461 τὴν
1596 3390 1768 3460 ὀσφὺν
1810 3389 2020 3462 ὑψηλήν

445 3479 600 3551 (sic)'
641 3479 978 3548 είκαιότητος
1001 3480 1109 3552 γὰρ
1137 3479 1334 3544 ταῦτα,
1363 3481 1457 3535 καὶ
1488 3481 1675 3553 ἕτερον
1707 3481 1878 3536 οὐδέν.
1913 3483 2022 3535 Καὶ

444 3572 552 3643 γάρ
594 3573 741 3625 ἐστιν
787 3571 1030 3640 ἀσφαλὲς
1080 3573 1334 3644 ἐνέχυρον
1369 3575 1448 3637 είς
1484 3573 1778 3646 σωτηρίαν,
1820 3573 1882 3626 τὸ
1929 3574 2021 3627 ἐπὶ

445 3661 564 3731 Θεῷ
616 3661 932 3716 πεποιθέναι
985 3663 1064 3732 τῷ
1119 3665 1297 3716 πάντα.
1363 3665 1630 3734 ἰσχύοντι·
1698 3666 1759 3719 τὸ
1815 3666 1874 3719 δὲ
1935 3666 2019 3734 ἐφ’

447 3751 656 3820 ἑτέροις
718 3751 829 3802 τισὶ
883 3751 1154 3803 ποιεῖσθαι
1211 3752 1310 3819 τὴν
1367 3753 1594 3816 ἐλπίδα,
1647 3756 1872 3824 μάταιον
1927 3758 2022 3808 καὶ

446 3839 742 3909 ἀνωφελές.

530 3930 686 3986 Ἰδοὺ
713 3930 791 3996 ὠς
819 3933 852 3984 ὀ
878 3933 1092 3999 πηλός.

517 4021 898 4076 Μεταπλάττει
928 4023 1036 4095 γάρ
1075 4023 1312 4087 εὐκόλως
1341 4025 1427 4092 ἐφ’
1465 4015 1619 4096 ᾧπερ
1660 4025 1726 4078 ἂν
1752 4025 1926 4079 ἕλοιτο
1963 4027 2022 4078 τὸ

451 4117 581 4184 παρ’
614 4113 778 4168 αὑτοῦ
807 4116 1050 4184 γεγονός.

513 4209 634 4261 Οὐκ
665 4205 793 4260 ίδοὺ
824 4210 882 4261 οἱ
905 4208 1112 4276 λόγου
1144 4224 1200 4260 κ.
1241 4225 1291 4261 τ.
1323 4209 1371 4260 λ.

517 4296 634 4370 Πῦρ
667 4295 920 4368 ὀνομάζει
968 4297 1029 4349 τὸ
1070 4297 1422 4367 εὐαγγελικὸν
1464 4299 1559 4352 καὶ
1604 4299 1872 4370 σωτήριον
1925 4299 2022 4370 κή-

450 4405 639 4461 ρυγμα
665 4430 678 4454 ,
751 4389 782 4460 ἦ
836 4390 931 4444 καὶ
989 4390 1157 4461 αὐτὴν
1210 4390 1308 4462 τὴν
1352 4390 1446 4445 τοῦ
1494 4392 1652 4461 ἁγίου
1703 4391 2020 4462 Πνεύματος

2124 552 2192 607 tis
2221 550 2422 606 cultum
2457 548 2849 619 exbibuissenl,
2877 565 3207 621 suarumque
3242 567 3495 608 manuum
3513 555 3696 624 ‘Opera

2123 650 2181 695 ιιι
2232 639 2398 695 Deum
2437 640 2774 708 adorassent,
2805 639 2860 694 in
2889 654 2985 695 sua
3009 641 3186 710 capita
3230 641 3468 697 divinam
3504 645 3692 700 conci-

2123 739 2306 786 tarunt
2382 731 2538 787 iram.
2577 731 2693 788 Non
2754 733 2900 788 enim
2955 733 3154 804 injuste
3202 734 3338 790 retia
3393 734 3697 793 volatilibus

2120 821 2504 886 extenduntur,
2529 820 2685 889 juxta
2707 822 2758 876 id
2789 823 2929 891 quod
2957 823 3216 892 scriptum
3262 830 3346 878 est
3381 823 3423 877 ⁸.

2204 911 2333 978 VIlI,
2362 913 2414 968 9.
2440 912 2660 984 Confusi
2693 924 2812 968 sunt
2851 913 3128 982 sapientes.

2195 1004 2479 1075 Sapientes
2510 1005 2719 1060 videtur
2758 1004 3063 1072 signiﬁcare
3118 1005 3173 1061 in
3223 1005 3310 1060 his
3363 1005 3696 1074 praestantis.

2122 1095 2290 1152 simos
2342 1095 2653 1152 Grecorum
2699 1105 2884 1167 poetas
2910 1106 2964 1151 et
2990 1097 3307 1168 scriptores,
3337 1095 3534 1169 lingua:
3575 1098 3692 1168 qui-

2121 1187 2243 1242 dem
2283 1187 2588 1258 aptitudine
2635 1195 2691 1244 et
2728 1189 2795 1244 ad
2837 1188 3221 1259 proferendum
3254 1189 3524 1246 versatilis
3547 1199 3606 1246 et
3627 1190 3696 1245 ad

2123 1277 2352 1347 lepidam
2383 1278 2649 1334 sermonis
2686 1278 3006 1349 elegantiam
3038 1283 3456 1335 accommodatae
3484 1277 3693 1348 pollen-

2124 1378 2223 1434 tes,
2254 1371 2348 1426 sed
2380 1385 2476 1426 cor
2509 1369 2768 1425 habentes
2801 1383 2928 1424 vere
2968 1371 3264 1438 prudentia:
3291 1384 3503 1441 expers.
3537 1367 3696 1426 Sicut

2122 1460 2266 1514 enim
2298 1461 2441 1514 omni
2483 1460 2707 1517 scientia
2743 1461 2998 1530 praeditus
3041 1461 3239 1516 Paulus
3263 1461 3394 1528 ait',
3445 1459 3694 1516 Evanue-

2123 1562 2246 1606 runt
2276 1553 2332 1606 in
2359 1553 2765 1624 cogitationibus
2819 1555 2954 1618 suis,
2999 1564 3049 1609 et
3083 1554 3333 1624 insipiens
3373 1569 3556 1608 eorum
3604 1570 3696 1608 cor

2123 1643 2511 1700 obtenebralum
2569 1654 2690 1709 est;
2767 1654 3058 1700 asserentes
3126 1660 3182 1700 se
3253 1661 3364 1700 esse
3413 1645 3694 1716 sapientes,

2123 1735 2276 1790 stulti
2303 1735 2476 1806 e/fecti
2519 1745 2663 1802 sunt,
2711 1745 2766 1792 et
2789 1737 3016 1806 reliqua.
3047 1735 3328 1806 Sapientes
3358 1737 3522 1808 igitur
3552 1738 3696 1807 quod

2126 1827 2320 1881 attinet
2359 1828 2426 1882 ad
2462 1827 2698 1898 linguam
2747 1836 2802 1884 et
2845 1842 3052 1894 vocem,
3086 1827 3248 1884 corde
3278 1843 3405 1884 vero
3434 1828 3694 1897 insipien-

2125 1923 2224 1970 tes.
2251 1915 2524 1985 Sapientia
2553 1917 2691 1970 enim
2723 1916 2880 1986 hujus
2900 1917 3084 1971 mundi
3112 1916 3435 1982 stultitia,ut
3460 1931 3527 1972 ex
3549 1915 3696 1973 Scri-

2123 2009 2295 2077 pturis
2325 2009 2583 2064 habemus
2617 2009 2659 2076 ³,
2673 2009 2813 2077 apud
2842 2007 3010 2062 Deum
3054 2017 3149 2064 est.

2191 2099 2286 2167 XI,
2323 2099 2408 2154 16.
2438 2099 2646 2155 Olivam
2670 2101 2964 2170 pulchram,
2989 2102 3114 2156 bene
3140 2117 3387 2170 opacam.

2193 2191 2425 2248 Omnino
2477 2193 2622 2248 enim
2667 2192 2902 2249 hominis
2944 2193 3182 2247 animum
3229 2191 3470 2248 inutilem
3521 2190 3698 2247 reddit

2123 2300 2154 2340 a
2181 2283 2290 2340 Deo
2321 2285 2573 2340 recedere
2605 2284 2830 2355 ejusque
2864 2285 3077 2354 penitus
3106 2283 3278 2354 gratia
3326 2280 3692 2354 sull'ragioque

2123 2373 2347 2443 privari.
2393 2372 2728 2430 Horrendum
2773 2374 2917 2429 enim
2969 2373 3197 2428 incidere
3249 2373 3307 2425 in
3345 2388 3534 2427 manus
3593 2371 3694 2427 Dei

2123 2467 2334 2521 sitientis
2352 2466 2393 2517 ‘.

2193 2557 2355 2624 XVII,
2387 2558 2473 2613 I9.
2509 2559 2592 2612 Ad
2620 2568 2666 2613 te
2687 2569 2878 2630 gentes.

2194 2650 2511 2720 Quanquam
2543 2651 2687 2706 enim
2722 2650 2995 2721 iniuriosae
3047 2649 3202 2704 factae
3245 2649 3356 2704 sint
3390 2655 3445 2703 et
3499 2649 3691 2704 inobe-

2123 2743 2334 2800 dientes
2397 2743 2712 2813 plenamque
2764 2742 3087 2811 insipientia;
3123 2751 3355 2798 mentem
3403 2743 3687 2805 habentes,

2122 2836 2398 2892 salvantur
2437 2845 2614 2891 tamen
2642 2844 2698 2890 et
2735 2834 3104 2905 gloriﬁcautur
3131 2849 3173 2889 a-
3217 2834 3452 2890 Christo.
3498 2832 3696 2888 Primi-
3743 2829 3746 2832 ’

2123 2927 2210 2984 tiae
2241 2936 2419 2984 autem
2463 2943 2652 2982 earum
2698 2927 2915 2982 filerunt
2941 2925 3180 2982 victoria:
3209 2926 3426 2996 praemia
3457 2925 3695 2982 assecuti

2122 3031 2411 3090 martyres,
2433 3035 2664 3090 quorum
2716 3019 2899 3090 gloriae
2951 3019 3168 3074 claritas
3214 3019 3524 3073 universum
3569 3017 3692 3073 illu-

2046 3134 2090 3192 c
2123 3121 2259 3169 strat
2293 3113 2502 3168 orbem.

2192 3204 2353 3270 XVII,
2385 3203 2438 3257 8.
2470 3201 2541 3257 Et
2561 3203 2661 3259 erit
2691 3212 2944 3274 tanquam
2976 3203 3200 3273 lignum.

2194 3297 2312 3352 Non
2357 3296 2498 3352 enim
2563 3295 2806 3367 superbit
2864 3295 2918 3350 in
2969 3287 3192 3362 divitiis,
3224 3308 3395 3363 neque
3455 3293 3694 3349 inanium

2122 3388 2472 3460 quarumdam
2496 3387 2786 3459 gloriarum
2820 3401 3042 3457 compos
3064 3385 3238 3441 lactus
3268 3385 3466 3440 attollit
3503 3400 3696 3455 super-

2124 3483 2352 3550 cilium;
2396 3481 2550 3552 plena
2591 3489 2717 3536 sunt
2752 3480 2896 3534 enim
2964 3479 3078 3532 haec
3138 3477 3426 3542 futilitatis,
3475 3486 3528 3532 et
3564 3476 3696 3531 nihil

2124 3575 2288 3632 aliud.
2320 3575 2532 3630 Etenim
2565 3583 2735 3628 tutum
2766 3574 2957 3642 pignus
2995 3570 3061 3625 ad
3087 3572 3313 3624 salutem
3343 3580 3450 3643 est,
3481 3570 3532 3623 in
3564 3568 3696 3633 Deo,

2123 3672 2211 3739 qui
2242 3670 2418 3725 omnia
2462 3675 2660 3738 potest,
2709 3666 3017 3730 conlidere;
3043 3673 3097 3720 et
3128 3663 3180 3718 in
3223 3662 3344 3718 aliis
3376 3662 3694 3731 quibusdam

2125 3778 2273 3829 spem
2310 3777 2529 3829 ponere,
2561 3760 2718 3814 futile
2743 3769 2798 3812 et
2832 3757 3038 3811 inutile.

2198 3847 2379 3908 XVIII,
2403 3848 2456 3901 6.
2507 3847 2643 3900 Ecce
2669 3849 2804 3898 sicut
2846 3847 3015 3898 lutum
3047 3844 3219 3914 ﬁguli.

2193 3937 2566 3992 Transl'ormat
2635 3936 2777 3988 enim
2853 3937 3058 4002 absque
3116 3934 3218 3986 ulla
3282 3933 3592 3992 dillicultate
3645 3938 3695 3992 in

2126 4030 2486 4099 quodcunque
2526 4027 2626 4082 sibi
2670 4026 2981 4082 collubitum
3018 4024 3180 4080 fuerit
3245 4040 3356 4081 rem
3409 4043 3439 4081 a
3491 4044 3551 4084 se
3609 4030 3694 4082 fa-

2125 4131 2288 4175 ctam.
2385 4127 2392 4129 ’

2193 4211 2384 4276 XXIII,
2410 4211 2501 4268 29.
2530 4211 2718 4266 Nonne
2747 4227 2861 4266 ecce
2887 4211 3041 4266 verba
3075 4213 3098 4264 ?
3129 4221 3240 4266 etc.

2193 4304 2372 4375 Ignem
2401 4303 2631 4374 appellat
2673 4304 3035 4374 evangelicam
3062 4303 3464 4372 salutaremque
3508 4304 3698 4372 praedi-

2128 4396 2398 4451 cationem
2422 4436 2436 4460 ,
2471 4394 2556 4450 vel
2609 4405 2664 4450 et
2702 4395 2873 4464 ipsam
2904 4394 3140 4464 Spiritus
3189 4395 3360 4449 sancti
3407 4394 3697 4464 participa-

451 4482 688 4553 μέθεξιν,
721 4481 750 4536 ὃ
780 4483 874 4537 καὶ
903 4483 1040 4554 πυρὶ
1071 4482 1487 4554 παρεῐκάζεται.
1519 4484 1628 4538 Καὶ
1664 4483 1793 4552 γοῦν
1829 4484 1857 4535 ὁ
1885 4486 2016 4540 πάν-

2126 4489 2326 4543 tionem
2372 4491 2462 4558 qui
2503 4499 2558 4544 et
2603 4487 2710 4558 igni
2765 4486 3108 4542 assirnilatur.
3155 4484 3334 4552 Quare
3388 4494 3442 4542 et
3481 4486 3696 4556 sapien-

451 4592 609 4645 σοφος
648 4575 900 4645 Ἰωάννης
931 4575 959 4624 ὁ
983 4575 1292 4645 Βαπτιστὴς
1338 4575 1466 4644 περὶ
1502 4575 1668 4628 αὑτοῦ
1696 4591 1755 4628 τε
1793 4576 1888 4628 καὶ
1929 4574 2020 4628 τοῦ

450 4666 666 4720 πάντων
695 4666 852 4735 ἡμῶν
885 4666 1134 4738 Σωτῆρος
1170 4665 1343 4736 Ἰησοῦ
1369 4666 1606 4738 Χριστοῦ
1644 4666 1786 4720 οὕτω
1823 4666 2018 4737 φησίν·

461 4757 604 4827 Ἐγὼ
638 4755 794 4827 ὑμᾶς
823 4756 993 4811 ὕδατι
1011 4755 1279 4822 ,βαπτίζω
1311 4759 1399 4822 εὶς
1421 4756 1767 4826 μετάνοιαν,
1796 4777 1846 4811 κ.
1879 4775 1932 4812 τ.
1967 4758 2016 4813 λ.

463 4847 669 4920 Ὀρθῶς
699 4843 792 4901 οῦν
824 4848 929 4919 ἔφη
957 4850 986 4901 ὁ
1019 4849 1284 4919 Χριστός’
1316 4849 1442 4916 Πῦρ
1471 4847 1660 4921 ἦλθον
1681 4851 1899 4916 βαλεῖν
1923 4851 2022 4904 ἐπὶ

452 4937 566 5004 τὴν
604 4936 740 5006 γῆν,
770 4938 869 4991 καὶ
898 4938 956 4990 τί
979 4936 1130 4991 θέλω
1157 4941 1207 4992 ει
1243 4938 1358 5006 ἤδη
1390 4937 1666 5008 ἀνήφθω

525 5030 630 5081 Καὶ
664 5028 1096 5098 ὺπεστρέψίιτε.

532 5121 696 5190 Ὁρᾷς
744 5121 892 5183 ὅπως
924 5121 1024 5173 οὐκ
1061 5122 1312 5192 ἀνέχεται
1345 5122 1452 5175 τῶν
1493 5123 1682 5176 τύπων
1725 5123 2021 5196 ἀθετουμέ-

453 5227 579 5272 νων,
615 5209 815 5279 μᾶλλον
843 5209 900 5263 δὲ
929 5211 1097 5281 αὐτῆς
1123 5211 1221 5280 τῆς
1247 5210 1503 5281 ἀληθείας
1535 5211 1928 5283 ἐξυδρισμένης
1947 5213 2024 5274 ὡς

452 5305 510 5358 ἐν
557 5307 738 5367 σκιαῖς
775 5304 890 5372 ἐτι;
940 5306 1377 5375 Ἀμεταμέλητα
1418 5305 1526 5375 γὰρ
1575 5304 1646 5358 τὰ
1691 5306 2027 5376 χαρίσματα

453 5398 550 5454 καὶ
602 5397 638 5463 ἡ
682 5397 904 5466 κλῆσις
947 5398 1052 5453 τοῦ
1097 5399 1266 5463 Θεοῦ,
1316 5399 1458 5452 κατά
1508 5399 1570 5451 τὺ
1614 5399 2020 5470 γεγραμμένον.

455 5488 592 5552 Τοὺς
623 5489 678 5542 δὲ
705 5488 994 5554 ἀνεθέντας
1028 5489 1175 5556 ἅπαξ
1221 5491 1410 5545 ἁνόπιν
1460 5490 1709 5554 ἕλκοντες
1759 5490 2021 5556 Ἰουδαῖοι,

454 5581 548 5634 καὶ
576 5583 688 5644 τοῖς
713 5581 811 5652 τῆς
853 5581 1098 5648 δουλείας
1123 5578 1279 5648 αὖθις
1311 5582 1675 5654 ὑποφέροντες
1707 5582 1924 5650 ζυγοῖς,
1959 5583 2022 5636 τὺ

514 5759 894 5824 ,‘Prov.t.l7.
972 5765 1328 5822 ’Rom.i.‘21.
1404 5764 1811 5825 ’lCor.m.l9.
1890 5767 2280 5826 ‘llcbr.x.3l.
2357 5763 2719 5823 ‘Marc.r.7.
2805 5762 2971 5818 ‘Luc.
3003 5763 3206 5819 3:11.49.

2129 4579 2374 4634 tissimus
2415 4578 2652 4634 Joannes
2691 4576 2930 4646 Baptista
2972 4577 3037 4631 de
3078 4590 3138 4632 se
3196 4576 3313 4646 ipso
3347 4587 3404 4631 et
3455 4577 3698 4631 omnium

2128 4680 2368 4725 nostrum
2415 4668 2692 4724 Salvatore
2736 4666 2862 4722 Jesu
2917 4667 3136 4724 Christo
3169 4667 3249 4721 sic
3286 4666 3391 4720 ait:
3444 4663 3556 4737 Ego
3614 4685 3699 4722 vos

2128 4761 2334 4830 baptizo
2364 4761 2418 4813 in
2456 4777 2592 4830 aqua
2632 4760 2701 4813 ad
2736 4759 3094 4828 pwnitentiam
3125 4759 3168 4822 ⁵,
3192 4767 3297 4812 etc.
3336 4757 3499 4813 Ilecte
3539 4759 3697 4830 igitur

2128 4853 2263 4908 dixit
2293 4851 2580 4908 Christus:
2607 4849 2789 4921 Ignem
2833 4851 2947 4906 aeni
2987 4851 3190 4904 mittere
3212 4865 3369 4918 super
3406 4859 3624 4915 terram,
3647 4865 3696 4907 et

2127 4947 2251 5016 quid
2281 4945 2393 5000 volo
2421 4945 2520 4998 nisi
2549 4953 2605 4998 ut
2627 4944 2944 4998 accendatur
2975 4942 3033 4994 ‘?

2196 5032 2430 5097 XXXIV,
2464 5033 2548 5087 I6.
2583 5031 2650 5086 Et
2707 5034 2893 5087 reversi
2923 5035 3070 5088 estis.

2199 5127 2357 5180 Vides
2384 5136 2442 5180 ut
2488 5142 2630 5196 aegre
2687 5126 2926 5196 patiatur
2984 5127 3186 5196 figuras
3240 5129 3534 5190 contemni,
3588 5127 3693 5180 imo

2126 5217 2406 5272 veritatem
2469 5218 2641 5285 ipsam
2696 5215 2875 5271 adhuc
2932 5216 3032 5271 sub
3097 5218 3282 5271 umbra
3358 5218 3702 5273 contumeliis

2129 5309 2286 5363 allici.
2347 5307 2475 5363 Sine
2520 5308 2823 5377 paenitentia
2863 5309 3000 5362 enim
3044 5317 3165 5361 sunt
3229 5307 3370 5362 dona
3411 5318 3460 5361 et
3501 5308 3702 5360 vocatio

2130 5401 2247 5466 Dei,
2290 5401 2585 5456 secundum
2621 5399 2760 5468 quod
2813 5399 3072 5467 scriptum
3129 5409 3213 5454 est
3247 5399 3290 5453 '.
3333 5397 3513 5452 Semel
3575 5411 3702 5451 vero

2127 5491 2378 5546 dimissos
2420 5490 2757 5545 retrahentes
2790 5487 2958 5543 Judaei
2997 5489 3205 5558 subque
3251 5487 3528 5542 servitutis
3573 5484 3702 5558 iugo

2127 5583 2424 5648 mittentes,
2472 5581 2534 5634 τὸ
2596 5579 2724 5634 Sine
2780 5580 3085 5634 omnitcntia
3145 5595 3248 5633 non
3303 5579 3696 5640 observarunt;

3286 5764 3305 5792 "
3331 5763 3485 5816 Rom.
3506 5775 3579 5817 at.
3605 5756 3695 5812 29.
