4134 6302
402 319 527 377 “Gl

1514 303 1944 385 FRAGMENTA
1983 300 2049 355 IN
2090 298 2467 355 DANIELEM.

3533 301 3670 358 1462

403 457 3654 493 ww

471 728 677 784 Catena
707 723 897 778 Latina
913 722 973 778 in
1006 717 1334 775 Ezechielem
1364 734 1397 772 a
1439 716 1777 787 Vitlalpando
1812 716 1951 771 edita
1979 712 2185 787 (Roma:
2214 712 2375 780 i596,
2400 711 2436 768 '5
2456 713 2556 787 vol.
2585 713 2707 783 fol.)
2750 714 2960 787 nonnisi
3007 713 3329 787 paucissima
3344 712 3531 783 Cyrilli
3558 713 3671 782 [ra-

405 808 611 867 gmenta
664 796 900 867 exhibet;
941 792 1303 867 ea_etiam‘ita
1335 788 1550 858 proprio
1579 784 1734 857 scopo
1768 785 2187 842 accommodavit
2210 795 2408 840 catena:
2435 785 2605 840 editor
2644 794 2699 838 ut
2726 800 2832 840 non
2871 784 2988 854 jam
3019 784 3251 856 Cyrillut
3291 785 3562 856 loquatur,
3589 789 3674 839 sed

404 859 511 940 ipse
557 862 948 934 Vittalpandus.
985 862 1144 917 EDIT.
1184 859 1358 915 Pun.
1415 905 1425 917 .

1203 1406 1328 1497 IN
1406 1401 2030 1494 DANIELEM
2105 1399 2890 1496 PROPHETAM.

1339 1708 1495 1773 (Aug.
1521 1705 1649 1771 MAI,
1675 1704 1911 1762 Biblioth.
1947 1722 2058 1762 nou.
2095 1710 2236 1761 Patr.
2272 1708 2337 1773 ll,
2371 1709 2505 1772 467.)

480 2240 655 2296 Τοῦτο
693 2241 736 2296 δ’
779 2234 848 2314 ἦν
879 2239 1068 2313 ἕτερον
1110 2240 1267 2295 οὐδὲν
1308 2240 1451 2315 πλὴν
1497 2243 1581 2296 ὅτι
1631 2243 1998 2313 μεγαλαυχεῖν
2026 2248 2073 2304 Α

2174 2243 2239 2310 γ,
2271 2244 2327 2298 2.
2355 2242 2501 2300 Nihil
2534 2244 2691 2299 aliud
2706 2244 2808 2300 hoc
2836 2253 2965 2300 erat
2982 2258 3144 2314 quam
3177 2252 3367 2301 contra
3394 2243 3486 2301 Dei
3518 2246 3688 2317 maje-

410 2333 555 2387 κατὰ
595 2334 697 2404 τῆς
744 2333 902 2404 δόξης
946 2332 1037 2387 τοῦ
1087 2332 1262 2399 Θεοῦ,
1310 2332 1743 2406 κατεπαίρεσθαι
1787 2351 1847 2387 τε
1900 2332 1996 2388 τοῦ

412 2421 820 2490 προεστηκότος
846 2420 957 2474 τῶν
985 2419 1044 2488 ἐξ
1074 2422 1313 2493 Ἰσραὴλ,
1334 2422 1409 2486 ὡς
1448 2423 1588 2477 κατὰ
1630 2423 1835 2495 μηδένα
1873 2423 1999 2496 τρό-

411 2528 513 2565 πον
539 2511 735 2582 ὀνῆσαι
759 2513 947 2584 δεδυνη
956 2512 1117 2584 μένον
1146 2513 1239 2569 τὸν
1275 2515 1405 2569 ἴδιον
1432 2514 1582 2570 λαόν.

480 2605 687 2660 Βίϐλοι
714 2605 1131 2675 ἠνεῴχθησαν.

485 2696 614 2749 Ὅτε
664 2695 772 2767 γὰρ
816 2697 876 2750 ὲν
914 2696 1046 2751 εἴδει
1076 2697 1269 2767 γέγονε
1311 2697 1388 2769 τῷ
1420 2698 1543 2752 καθ’
1587 2699 1737 2770 ἡμᾶς
1763 2700 1792 2753 ὁ
1827 2699 2002 2754 Μονο-

411 2786 597 2858 γενὴς,
624 2788 744 2863 τόξε
768 2789 864 2842 καὶ
890 2786 1107 2862 βίϐλους
1137 2790 1376 2862 ἀνέῳξεν
1415 2792 1443 2843 ὁ
1476 2791 1686 2863 Πατήρο
1708 2791 1801 2845 καὶ
1829 2790 1999 2862 ἀνῆκε

416 2878 518 2948 μὲν
551 2880 644 2933 τοῦ
684 2880 972 2952 κρίνεσθαι
1008 2883 1135 2946 τοὺς
1180 2883 1400 2953 ἐνόχους
1448 2883 1783 2955 ἁμαρτίαις,
1823 2883 2001 2954 ἐφῆκε

412 2971 469 3025 δὲ
525 2975 639 3036 τοῖς
669 2973 1078 3046 ἀνδριζομένοις
1113 2974 1177 3028 τὸ
1211 2974 1593 3047 ἐγγράφεσθαι
1638 2993 1699 3030 τε
1741 2976 1837 3030 καὶ
1871 2977 2000 3031 ἐνα-

415 3064 731 3136 ριθμείσοαι
778 3066 965 3122 λοιπὸν
1014 3070 1130 3132 τοῖς
1172 3068 1287 3123 ἄνω
1326 3068 1509 3139 χοροῖς
1564 3069 1663 3121 καὶ
1703 3069 1762 3125 ὲν
1808 3069 1999 3140 μνήμῃ

414 3155 649 3212 κεῖσθαι.

483 3250 595 3302 Καὶ
649 3249 701 3302 τι
750 3250 919 3317 ἐστιν,
965 3249 1113 3316 Ἕως
1155 3247 1264 3304 τοῦ
1303 3248 1573 3304 Παλαισῦ
1608 3247 1727 3303 τῶν
1765 3247 2004 3320 ἡμερῶν

411 3341 680 3410 ἔφθασεν
694 3358 713 3407 ;

480 3427 626 3504 Ἆρα
656 3431 925 3498 τοπικῶς;
986 3426 1122 3486 Εἶτα
1162 3431 1281 3497 πῶς
1310 3431 1471 3486 τοῦτο
1507 3432 1609 3486 οὐκ
1647 3431 1892 3503 ἀμαθὲς;
1917 3431 1999 3487 ὅτι

416 3522 490 3595 μὴ
520 3525 578 3577 ὲν
607 3524 759 3596 τόπῳ
794 3525 857 3579 τὸ
890 3524 1045 3579 Θεῖον
1066 3541 1080 3554 ·
1114 3525 1317 3597 πληροῖ
1337 3524 1447 3597 γὰρ
1469 3524 1539 3579 τὰ
1567 3525 1767 3581 πάντα.
1801 3526 1867 3579 Τί
1903 3520 1998 3580 οὖν

2101 2343 2296 2391 statem
2320 2334 2609 2407 iactantia,
2633 2336 2760 2393 dum
2789 2336 3053 2392 adversus
3078 2335 3294 2392 lsraelis
3321 2345 3683 2406 protectorem

2099 2426 2403 2495 extollitur,
2432 2428 2589 2497 quasi
2640 2427 2689 2483 is
2736 2426 2935 2499 populo
2976 2441 3080 2483 suo
3127 2425 3273 2482 nulla
3324 2440 3383 2483 re
3434 2427 3692 2498 prodesse

2100 2519 2387 2591 potuisset.

2172 2609 2286 2676 VII,
2315 2609 2403 2666 10.
2429 2608 2576 2665 Libri
2600 2612 2936 2679 aperti-sunt.

2173 2700 2308 2758 Cum
2348 2702 2405 2757 in
2443 2701 2622 2758 forma
2664 2710 2851 2757 nostra
2890 2700 3215 2771 Unigenitus
3261 2698 3529 2771 apparuit,
3563 2707 3693 2757 tunc

2102 2796 2270 2852 libros
2292 2794 2456 2851 Pater
2474 2795 2715 2867 aperuit;
2744 2794 3054 2865 omissaque
3077 2809 3292 2850 reorum
3317 2791 3685 2855 damnatione,

2102 2889 2312 2959 cupiam
2373 2887 2504 2943 fecit
2565 2887 2705 2958 frugi
2765 2887 3079 2943 hominibus
3130 2894 3307 2942 semet
3362 2882 3691 2940 inscribendt

2101 2979 2605 3050 adnumerandique
2645 2978 2963 3035 caelestibus
2996 2976 3182 3034 choris
3214 2982 3381 3046 atque
3418 2973 3473 3028 in
3508 2972 3689 3029 album

2102 3073 2396 3131 referendi.

2173 3252 2286 3322 VII,
2324 3253 2413 3310 15.
2442 3250 2582 3321 Quid
2604 3256 2708 3316 est,
2744 3248 2906 3319 itaque
2935 3246 3007 3302 ad
3030 3245 3320 3317 Antiquum
3344 3244 3549 3299 dierum
3576 3257 3695 3311 per-

2101 3349 2282 3404 venit?
2323 3345 2460 3400 Num
2506 3345 2573 3401 de
2618 3344 2739 3399 loco
2781 3356 2961 3397 sermo
2999 3340 3121 3397 est?
3156 3337 3320 3407 Atqui
3365 3335 3469 3393 hoc
3515 3350 3700 3392 nonne

2102 3439 2394 3496 absurdum
2442 3436 2547 3494 sit?
2581 3434 2845 3504 Quoniam
2894 3434 3033 3489 Dcus
3068 3432 3120 3487 in
3156 3430 3274 3486 loco
3307 3444 3413 3485 non
3450 3438 3566 3493 est,
3599 3430 3700 3486 sed

2102 3533 2286 3589 omnia
2331 3530 2539 3601 implet.
2575 3528 2715 3595 Quid
2758 3541 2887 3598 ergo
2928 3534 3042 3589 est,
3078 3539 3239 3594 usque
3289 3522 3359 3576 ad
3407 3521 3696 3590 Antiquam

411 3612 528 3664 ἐστι
561 3611 642 3676 τὸ,
672 3614 822 3677 Ἕως
848 3613 957 3666 τοῦ
988 3615 1255 3667 Παλαιοῦ
1303 3614 1424 3668 τῶν
1451 3615 1693 3684 ἡμερῶν
1715 3616 2006 3686 ἐφθασεν;
2037 3612 2082 3673 Β

2108 3625 2316 3679 dierum
2350 3620 2620 3689 pervenit?
2651 3618 2709 3675 In
2741 3618 2969 3691 gloriam
3003 3613 3213 3671 scilicet
3243 3610 3418 3666 Patris
3448 3608 3700 3682 pervenit

412 3702 508 3764 Εἰς
538 3700 639 3771 τὴν
677 3700 836 3765 δόξαν
879 3701 976 3755 τοῦ
1010 3702 1226 3772 Πατρὸς
1251 3703 1499 3773 δηλονότι
1531 3704 1767 3773 ἔφθασεν
1791 3709 1821 3759 ὁ
1847 3706 1997 3771 Υἱός.

414 3794 533 3846 Καὶ
563 3791 730 3845 πόθεν
750 3792 914 3846 τοῦτο
936 3792 1083 3847 ἔστιν
1106 3793 1255 3859 ἰδεῖν,
1279 3793 1382 3865 ἔφη
1407 3793 1568 3848 πάλιν
1590 3794 1753 3857 αὐτὸς
1774 3793 1970 3866 ἐφεξῆς
1985 3812 2001 3826 ·

412 3882 583 3949 Αὐτῷ
608 3883 787 3953 ἐδόθη
818 3886 858 3953 ἡ
890 3884 1028 3955 τιμὴ
1061 3884 1162 3939 καὶ
1176 3886 1488 3951 βασιλεία.
1512 3886 1753 3939 Ἤκουσε
1776 3886 1885 3959 γὰρ
1908 3885 2004 3940 τοῦ

2102 3888 2321 3944 Audivit
2365 3888 2510 3944 enim
2559 3886 2778 3941 Patrem
2829 3885 3097 3940 dicentem
3152 3900 3168 3938 :

2108 3713 2298 3767 Filius.
2330 3711 2484 3776 Quod
2533 3712 2708 3780 ipsum
2755 3708 2899 3763 unde
2946 3706 3259 3761 innotescat
3307 3702 3449 3757 idem
3504 3708 3690 3771 postea

2102 3800 2369 3869 propheta
2413 3799 2544 3853 dicit
2575 3813 2591 3851 :
2643 3796 2897 3850 Traditus
2935 3802 3016 3848 est
3055 3794 3116 3861 ei.
3145 3793 3315 3846 honor
3354 3800 3408 3846 et
3447 3806 3688 3861 regnum.

3221 3880 3361 3938 Sede
3412 3898 3446 3936 a
3493 3882 3698 3937 dextris

415 3973 628 4045 Πατρδς
656 3975 936 4045 λέγοντοςο
968 3977 1167 4033 Κάθου
1194 3977 1263 4031 ὲκ
1291 3977 1509 4043 δεξιῶν
1529 3995 1650 4049 μου
1675 3976 1786 4045 ἕως
1808 3978 1887 4034 ἂν
1917 3977 2001 4034 θῶ

2102 3978 2251 4043 meis,
2299 3977 2463 4031 donec
2510 3991 2705 4047 ponam
2750 3971 2995 4028 inimicos
3038 3979 3155 4027 tuos
3180 3968 3465 4026 scutellum
3503 3969 3696 4039 pedum

415 4065 555 4134 τοὺς
573 4067 828 4139 ἐχθρούς
857 4083 976 4127 σου
998 4068 1336 4128 ὑποπόδιον
1359 4069 1482 4126 τῶν
1510 4068 1715 4125 ποδῶν
1739 4084 1873 4128 σου.

468 4191 481 4219 ¹
525 4185 671 4243 Psal.
700 4201 810 4254 cu,
842 4188 891 4242 i.

2098 4078 2309 4126 tuorum
2334 4070 2373 4123 ί.
