1890 3053
185 145 222 175 93
685 151 714 178 S.
734 149 869 178 CYBILLI
891 148 1122 177 ALEXANDRlNl
1143 149 1302 177 ARClllEP.

1770 150 1810 178 18

188 206 272 236 l‘edes
284 207 390 236 demum
412 216 458 236 eos
468 216 527 237 esse
541 209 587 243 ait,
603 209 648 244 qui
658 209 683 237 in
699 210 842 244 postremis
857 214 932 241 sunt,
945 217 959 237 e

1037 208 1126 244 :plotv,
1154 209 1201 236 καὶ
1232 209 1313 244 νόμον
1343 208 1540 244 ἐκζητήσωσιν
1568 209 1600 235 ὲκ
1622 207 1754 244 στόματος
1765 209 1810 235 αὖα

161 278 166 286 ,
188 257 233 287 qui
252 259 377 290 tanquam
389 255 507 282 inﬁmam
521 255 547 282 in
564 255 660 289 populo
679 256 821 283 stationem
840 256 971 283 obtinent.

188 299 303 327 Proinde
317 308 378 328 eum
393 305 462 327 terra
474 299 583 328 Judaiea
597 301 765 329 calamitates
783 309 834 329 non
851 301 974 329 ferendas

189 346 376 377 sustinuisset,
395 346 618 380 depopulantibus
637 353 696 373 eam
716 354 787 374 nunc
804 347 972 382 Babyloniis,

190 398 261 418 nunc
270 391 387 418 ﬁnitimis
395 391 529 426 gentibus,
537 397 565 419 et
572 397 680 426 propter
689 393 851 428 impietatem
861 393 886 420 in
895 393 974 420 Chri-

189 442 271 468 stum,
285 436 464 464 Romanorum
476 438 598 466 manibus
606 443 678 466 esset
694 439 899 472 concremanda,
912 446 971 466 cum

188 490 280 509 eorum
295 483 374 509 etiam
401 490 509 517 regnum
519 485 694 511 evertendum
709 489 791 517 esset,
806 484 972 520 (alienigena:

187 529 258 556 cnim
269 537 316 556 eos
333 529 506 564 subegerunt)
519 537 634 565 cumque
646 531 790 558 sacerdotii
802 531 891 557 munia
902 531 971 565 apud

187 582 232 601 eos
249 578 396 607 cessarent,
413 574 553 602 sacriﬁciis
576 575 721 608 subversis,
747 575 847 610 templo
865 574 972 602 sublato

187 627 239 646 non
262 619 317 647 aris
334 620 514 652 manentibus,
528 628 580 648 non
599 621 759 653 sacerdotio,
773 621 837 655 fnon
851 621 972 649 declara-

187 665 313 697 tionibus,
335 665 411 699 juxta
425 665 563 700 prophetae
587 672 692 698 vocem,
713 666 776 692 hinc
794 665 885 693 dicit:
902 665 971 698 Quid

185 710 371 744 pereutiamini
383 710 465 743 ultra,
482 711 611 738 addentes
630 711 818 746 iniquitatem?
839 710 970 738 lnllietum

184 761 236 788 est,
251 757 348 791 inquit,
363 757 438 784 vobis
453 764 533 784 omne
541 764 625 791 genus
637 757 683 784 ira
696 761 723 784 et
740 757 862 792 supplicii
878 765 892 784 a
905 758 969 790 Deo,

184 803 257 830 diras
279 803 473 837 continuasque
491 803 557 831 alias
582 810 664 837 super
685 804 753 831 alias
777 810 871 838 pmnas
888 804 971 839 depo-

184 853 276 875 scente
293 857 301 875 :
321 848 346 883 7
371 848 452 875 nihilo
469 853 557 876 tamen
580 850 667 876 minus
681 853 878 884 contemptores
891 850 969 880 estis.

185 899 213 922 et
228 894 327 921 alumni
343 894 502 928 iniquitatis.
515 894 585 929 Ergo
597 894 660 929 quid
674 895 859 929 percutiemini
879 895 970 922 ultra?

183 947 306 975 quamam
318 940 428 967 ultionis
443 948 569 968 mensura
582 940 659 967 vobis
678 941 730 967 erit
744 941 810 967 satis
826 940 858 968 ad
873 948 968 968 emen-

183 987 342 1014 dationem?
361 986 390 1013 ln
401 994 506 1013 summa
521 993 582 1020 qua:
596 986 742 1017 acerbitas,
755 993 814 1020 quae
830 985 968 1014 calamitas

184 1032 276 1060 inferri
292 1032 386 1066 possit,
406 1039 464 1066 quae
478 1031 534 1064 jam
556 1039 608 1059 non
628 1032 746 1059 accidit?
770 1032 856 1059 Omne
888 1037 969 1066 caput

184 1078 266 1112 dolet,
281 1085 362 1105 omne
378 1085 425 1104 cor
444 1082 550 1110 mmret,
573 1085 588 1103 a
609 1077 723 1111 pedibus
736 1079 769 1105 ad
782 1083 861 1112 caput
872 1085 966 1113 usque.

183 1124 288 1151 Etenim
296 1124 341 1159 qui
353 1124 425 1158 regia
440 1124 570 1159 dignitate
583 1123 729 1158 pollebant,
742 1124 880 1152 laboribus
894 1124 964 1151 hami

184 1179 277 1199 narum
294 1171 504 1203 alllictabantur,
520 1178 581 1197 cum
601 1171 634 1198 ad
650 1171 829 1198 resistendum
849 1171 966 1206 impres-

184 1216 306 1245 sionibns
317 1217 437 1245 hostium
447 1225 526 1253 pares
538 1225 592 1245 non
606 1221 711 1246 essent.
725 1217 887 1245 Sacerdotes
900 1219 965 1245 item

183 1263 279 1290 dolore
294 1263 386 1290 aliecli
402 1263 550 1298 alliictique
563 1267 627 1290 sunt
646 1263 758 1295 abolito,
772 1267 801 1290 ut
828 1263 964 1295 dixerant,

183 1307 329 1334 sacriﬁcio.
347 1306 434 1334 Pedes
445 1314 564 1341 quoque,
590 1307 642 1334 hoc
658 1312 710 1339 est,
726 1307 840 1334 extremi
875 1307 965 1334 homi-

186 1361 233 1380 nes
254 1358 282 1380 et
309 1353 396 1380 intimi
425 1353 658 1387 percutiebantur,
676 1358 730 1380 tam
760 1353 851 1380 hostili
876 1353 965 1386 gladio

182 1391 303 1428 com-isi:
313 1405 393 1432 quam
410 1398 481 1424 fame
497 1401 525 1424 et
535 1397 678 1425 sterilitate
691 1398 797 1429 domiti,
811 1398 878 1425 etin
890 1405 965 1425 sum-

183 1451 234 1471 tum
247 1443 364 1471 miseria:
374 1443 520 1471 discrimen
534 1444 655 1471 adducti.
685 1444 757 1471 Dicit
776 1445 866 1479 itaque
882 1453 890 1473 :
905 1445 965 1472 Non

182 1494 224 1516 est
244 1490 354 1521 vulnus,
373 1490 453 1522 livor,
467 1490 544 1525 plaga
560 1495 680 1522 tumens,
708 1498 761 1518 nec
776 1495 818 1518 est
834 1490 966 1525 malagma

180 1535 251 1566 quod
268 1542 397 1569 apponas,
423 1544 475 1562 non
488 1536 587 1566 oleum,
605 1543 657 1562 non
675 1535 836 1570 alligaturus.
852 1537 965 1570 Quando
980 1557 1000 1570 ,ι

182 1581 286 1608 scilicet
300 1581 411 1608 modica:
440 1581 525 1616 plagae
540 1581 688 1608 humanum
704 1589 804 1617 corpus
829 1583 964 1615 infestant,

180 1631 207 1654 et
227 1635 308 1654 unum
334 1629 519 1656 tantutnmodo
550 1630 699 1656 membrum
737 1629 853 1663 pervasit
875 1629 965 1661 lmsio;

183 1679 246 1701 tunc
272 1673 417 1702 moderata:
445 1675 599 1702 curationes
623 1682 716 1702 eorum
734 1675 778 1709 qui
804 1675 842 1702 rei
858 1675 967 1702 medica:

181 1720 256 1753 gnari
274 1724 345 1752 sunt,
361 1724 423 1753 puta
440 1720 588 1756 malagmaf,
605 1720 762 1755 ligamenta,
780 1727 808 1748 et
825 1721 876 1748 olei
894 1721 966 1748 inun-

179 1763 234 1791 ctio
252 1769 394 1792 contentas
408 1771 497 1800 partes
513 1774 544 1793 ac
558 1767 656 1801 rigidas
673 1767 820 1800 resolvens,
840 1775 901 1795 esse
920 1775 966 1802 po-

180 1805 350 1837 teruntnsui.
371 1810 436 1837 Cum
457 1815 547 1838 autent
567 1819 666 1846 corpus
687 1816 771 1838 totum
809 1817 964 1846 corruptum

178 1860 232 1889 est,
250 1857 395 1890 "quodnam
421 1858 573 1885 curationis
591 1865 675 1892 genus
696 1858 836 1893 proderit?
851 1858 966 1892 Superat

179 1902 251 1929 enim
272 1910 380 1930 omnem
409 1904 590 1931 remediorum
616 1904 669 1930 vim
690 1911 722 1930 ac
750 1904 876 1931 virtutem
898 1904 965 1931 artis

179 1947 336 1981 magnitudo
358 1949 455 1976 morbi.
483 1950 574 1984 Itaque
605 1949 717 1984 populus
749 1949 877 1977 Iudaicus
908 1950 962 1984 jam

179 1995 368 2023 consauciatus
394 1997 484 2023 sanari
520 2003 572 2023 non
604 2000 691 2030 potest
715 2005 722 2022 :
758 2001 784 2023 et
809 1996 964 2023 inveteratis

179 2041 282 2068 morbis
301 2049 361 2068 cum
377 2042 481 2069 laboret
506 2041 722 2075 intolerabiliter,
745 2049 793 2069 nec
809 2041 862 2069 ullo
885 2042 964 2069 modo

178 2087 202 2114 ei
218 2088 338 2114 succurri
354 2088 447 2122 possit,
462 2088 571 2115 omnino
581 2088 670 2122 periit.
686 2088 759 2115 Unde
772 2088 888 2115 etdivini
901 2095 959 2122 pro-

178 2134 265 2164 pheta:
277 2133 403 2161 dixerunt
421 2143 427 2161 :
454 2142 463 2159 ι
480 2134 640 2161 Curavimus
659 2133 833 2168 Babylonem,
850 2141 903 2160 non
919 2138 964 2161 est

178 2184 284 2213 sanata,
309 2179 475 2207 deseruimus
506 2187 565 2207 ea-n
593 2181 624 2207 η.
642 2189 652 2206 ›
670 2179 800 2214 Babyloni
829 2180 962 2214 siquidem

1023 255 1081 282 τοῦ.
1099 265 1108 282 ι
1123 255 1208 287 Πόδας
1219 255 1247 282 δὲ
1263 253 1332 282 εἷναί
1346 263 1411 290 φησι
1424 255 1486 286 τοὺς
1502 255 1530 280 ἐν
1545 255 1678 289 ἐσχάτοις,
1694 254 1740 280 καὶ
1759 251 1812 280 οἷον

1024 301 1172 328 κατωτάτω
1195 301 1327 335 λαχόντας
1351 300 1427 333 τάξιν
1455 301 1484 327 ὲν
1508 301 1564 331 τοῖς
1592 300 1678 331 λαοῖς.
1708 299 1813 326 Οὐκοῦν

1023 347 1170 382 ἐπειδήπερ
1193 347 1331 373 δύσοιστον
1355 346 1405 381 μὲν
1439 345 1489 382 ήδη
1518 345 1703 380 ταλαιπωρίαν
1726 344 1813 380 ἡτῶν

1029 392 1164 420 Ἰουδαίων
1179 392 1370 428 ὑπομεμένηκε
1383 391 1430 426 γῆ,
1445 391 1652 428 καταδῃούντων
1662 390 1755 426 αὐτὴν,
1770 390 1813 416 ὅτι

1025 438 1074 473 μὲν
1103 438 1291 471 Βαϐυλωνίων,
1320 439 1364 464 ὅτε
1395 438 1422 464 δὲ
1450 437 1504 464 τῶν
1529 437 1683 473 προσοίκων
1717 437 1812 467 ἐθνῶν,

1022 485 1118 520 ἔμελλε
1143 485 1390 520 καταπίμπρασθαι
1406 485 1466 516 ταῖς
1484 483 1626 519 Ῥωμαίων
1654 483 1749 518 χερσὶν
1771 482 1813 508 διὰ

1022 531 1071 567 τὴν
1087 531 1127 563 είς
1141 531 1258 566 Χριστὸν
1272 531 1408 562 ἀσέΰειαν,
1427 529 1474 556 καὶ
1499 528 1740 564 ὰνατραπήσεσθαι
1765 528 1813 562 μὲν

1020 577 1037 611 ή
1053 577 1117 613 παρ’
1146 577 1237 608 αὐτοῖς
1266 575 1399 612 βασιλεία,
1427 576 1616 610 κεκρατήκασι
1642 574 1696 608 γὰρ
1723 573 1813 600 αὐτῶν

1022 621 1190 656 ἀλλογενεϊς,
1223 622 1414 657 ἀπρακτήσειν
1437 621 1466 647 δὲ
1491 620 1556 656 παρ’
1582 621 1684 651 αὐτοῖς,
1707 619 1755 646 καὶ
1779 619 1813 646 τὰ

1020 666 1071 702 τῆς
1083 666 1234 702 ἱερωσύνης
1254 667 1332 702 ἔργα,
1347 666 1446 693 θυσιῶν
1467 664 1726 700 ἀνατετραμμένων,
1747 664 1813 691 καθ-

1022 713 1161 748 ῃρημένου
1180 712 1227 739 τοῦ
1252 712 1327 744 ναοῦ,
1346 711 1546 747 θυσιαστηρίων
1563 711 1614 737 οὐκ
1635 710 1732 741 ὄντων,
1752 708 1813 736 οὔτε

1023 759 1168 794 ίερατείας,
1180 758 1241 785 οὔτε
1255 758 1351 792 δήλων,
1373 757 1444 785 κατά
1460 757 1511 792 τὴν
1533 757 1579 784 τοῦ
1600 756 1741 791 προφήτου
1757 764 1813 790 φω-

1021 805 1080 840 νὴν,
1104 803 1189 839 ταύτῃ
1207 804 1249 830 τοί
1275 811 1352 839 φησι,
1361 803 1393 830 Τί
1416 803 1456 830 ἔτι
1477 803 1599 838 πληγῆτε
1621 801 1814 836 προστιθέντες

1021 851 1137 885 ἀνομίαν
1151 858 1157 882 ;
1172 850 1360 885 ἐπενὴνεκται,
1373 849 1465 884 φησὶν,
1481 849 1545 884 ὑμῖν
1560 849 1614 875 πᾶν
1630 846 1699 879 εἶδος
1716 847 1812 882 ὀργῆς,

1023 898 1069 924 καὶ
1095 897 1172 923 αίκία
1198 897 1272 932 παρὰ
1292 896 1372 926 Θεοῦ.
1385 895 1507 931 σκληρὰς
1529 895 1576 922 καὶ
1597 894 1814 929 ἀλλεπαλλήλους

1021 942 1153 978 ὲξῄτησθε
1187 942 1274 974 δίκας,
1289 942 1346 968 ἀλλ’
1362 941 1438 968 οὐδὲν
1460 939 1541 976 ἦττον
1561 940 1622 967 ὲστὲ
1642 948 1815 975 καταφρονη·

1021 988 1066 1015 ταὶ
1103 988 1150 1014 καὶ
1178 987 1293 1022 ἀνομίας
1317 986 1471 1022 σύντροφοι.
1493 986 1526 1012 Τί
1551 984 1597 1012 οὖν
1613 985 1652 1012 ἔτι
1671 984 1812 1019 πληγῆτε;

1022 1035 1097 1061 ποῖον
1109 1034 1172 1068 ὑμῖν
1191 1034 1281 1065 αίκίας
1297 1033 1408 1068 ἀρκέσει
1427 1033 1527 1068 μέτρον
1547 1032 1587 1063 είς
1607 1030 1812 1066 ὲπανόρθωσιν;

1021 1080 1047 1107 τί
1073 1080 1100 1106 δὲ
1118 1079 1186 1111 ὅλως
1215 1078 1424 1114 ὲπενεχθήσεται
1444 1078 1498 1104 τῶν
1525 1077 1630 1108 δεινῶν,
1648 1077 1662 1103 ὁ
1690 1077 1727 1111 μή
1756 1084 1814 1107 πως

1022 1125 1211 1161 συμϐέϐηκενς
1243 1125 1317 1151 πᾶσα
1345 1124 1449 1159 κεφαλὴ
1477 1124 1517 1154 είς
1544 1123 1633 1153 πόνον.
1663 1122 1712 1149 καὶ
1737 1123 1814 1148 πᾶσα

1020 1171 1118 1206 καρδία
1130 1171 1170 1202 είς
1185 1170 1273 1204 λύπην
1296 1169 1349 1196 ἀπὸ
1376 1169 1463 1196 ποδῶν
1479 1169 1533 1200 ἕως
1553 1168 1684 1203 κεφαλῆς.
1712 1167 1743 1193 οι
1765 1166 1813 1201 μὲν

1019 1217 1074 1252 γὰρ
1097 1217 1146 1252 τὴν
1172 1216 1295 1251 βασιλίδα
1315 1216 1396 1251 τιμὴν
1424 1215 1551 1250 λαχόντες
1571 1215 1757 1248 πεπονήκασιν
1781 1212 1812 1239 οὐ

1021 1262 1148 1297 μετρίως,
1171 1262 1307 1295 ἀντισχεῖν
1329 1261 1378 1286 οὐκ
1401 1259 1508 1294 ἔχοντες
1530 1260 1588 1290 ταῖς
1603 1258 1657 1285 τῶν
1675 1258 1813 1292 πολεμίων

1019 1307 1158 1342 ἐμϐολαῖς.
1185 1306 1354 1340 Λελύπηνται
1381 1306 1428 1332 καὶ
1455 1306 1480 1332 οἱ
1509 1306 1592 1340 ἱερεῖς
1615 1304 1754 1340 ἀργούσης
1774 1303 1813 1334 ὡς

1018 1351 1086 1386 ἔφην
1104 1351 1208 1382 θυσίας.
1230 1351 1408 1385 Ἐπλήττοντο
1419 1351 1447 1376 δὲ
1460 1350 1506 1376 καὶ
1521 1350 1546 1376 οί
1559 1349 1648 1381 πόδες,
1671 1349 1812 1375 τουτέστιν

1017 1397 1042 1422 οἱ
1062 1396 1211 1422 τελευταῖοι
1231 1395 1277 1422 καὶ
1302 1395 1463 1421 κατώτατοι.
1493 1394 1579 1420 Τοῦτο
1612 1394 1660 1428 μὲν
1683 1395 1738 1425 τοῖς
1757 1393 1812 1420 τῶν

1018 1441 1155 1476 πολεμίων
1174 1441 1262 1474 ξίφεσι
1281 1441 1481 1476 δαπανώμενοι,
1502 1440 1581 1466 τοῦτο
1606 1439 1634 1466 δὲ
1661 1439 1708 1466 καὶ
1721 1439 1811 1473 λιμεῖς

1018 1496 1047 1514 τε
1064 1488 1110 1514 καὶ
1129 1487 1279 1523 ἁκαρπίαις
1294 1486 1540 1522 κατατρυχόμενοι,
1554 1486 1600 1512 καὶ
1622 1485 1670 1520 τῆς
1690 1485 1810 1520 ἀκράτου

1017 1533 1203 1568 ταλαιπωρίας
1222 1533 1259 1564 είς
1282 1534 1378 1567 πεῖραν
1398 1532 1582 1566 ἐνηνεγμένοι.
1599 1531 1744 1565 Τοιγάρτοι
1759 1538 1811 1564 φη-

1019 1578 1071 1610 σὶν,
1084 1579 1138 1605 Οὔκ
1155 1579 1211 1605 ἔστι
1233 1579 1364 1613 μάλαγμα
1383 1578 1526 1609 ἐπιθεῖναι,
1553 1576 1607 1603 οὒτ’
1630 1577 1729 1607 ἔλαιον,
1748 1575 1810 1602 οὔτε

1018 1623 1216 1659 καταδέσμους.
1241 1624 1299 1649 Ὅτ¹
1313 1623 1345 1650 ἂν
1373 1624 1421 1658 μὲν
1439 1623 1492 1659 γὰρ
1516 1621 1667 1657 σύμμετροί
1686 1630 1757 1653 τινες
1771 1621 1811 1656 τῷ

1017 1669 1179 1704 ἀνθρωπίνῳ
1205 1669 1310 1704 σώματι
1337 1669 1506 1704 συμϐαίνωσι
1533 1668 1645 1703 πληγαὶ,
1668 1668 1716 1693 καὶ
1749 1667 1812 1694 καθ’

1017 1715 1075 1746 ἑνὸς
1094 1715 1127 1741 ἴοι
1151 1714 1246 1750 μέλους
1276 1715 1292 1750 ἡ
1316 1713 1416 1749 βλάϐη,
1438 1714 1600 1749 τοτηνικάδε
1621 1714 1745 1748 χρήσιμα
1760 1713 1810 1748 τῆς

1016 1761 1070 1787 τῶν
1084 1761 1262 1795 θεραπεύσειν
1286 1760 1394 1787 εἰδότων
1420 1759 1571 1791 ἐπιεικείας
1595 1759 1628 1786 τὰ
1651 1760 1808 1794 εὑρήματα,

1016 1805 1071 1834 οἷον
1095 1808 1237 1842 μάλαγμα,
1256 1807 1302 1834 καὶ
1325 1806 1500 1841 κατάδεσμοι,
1530 1806 1578 1832 καὶ
1605 1806 1694 1832 ὲλαίου
1719 1805 1810 1840 χρῖσις

1016 1853 1122 1888 χολῶσα
1147 1853 1181 1879 τὰ
1194 1853 1392 1887 συντεινόμενα.
1407 1853 1490 1878 Ὅταν
1512 1851 1540 1878 δὲ
1558 1851 1592 1878 δι’
1605 1852 1664 1878 ὅλον
1682 1852 1712 1877 τὸ
1729 1851 1810 1885 σῶμα

1016 1899 1091 1933 νοσῇ.
1107 1898 1152 1924 καὶ
1166 1898 1207 1931 ἐφ’
1223 1897 1311 1932 ἑαυτῷ
1336 1896 1560 1932 καταφθείρηται,
1583 1897 1658 1927 ποῖος
1675 1896 1750 1931 αὐτῷ
1765 1896 1810 1922 θε-

1018 1944 1131 1980 ραπείας
1150 1944 1253 1979 ὀνίνησι
1277 1943 1396 1978 τρόπος;
1413 1943 1476 1978 νικᾷ
1504 1943 1558 1978 γὰρ
1583 1943 1690 1973 πάντως
1709 1942 1763 1968 τῶν
1778 1944 1809 1968 ἐκ

1014 1990 1112 2024 τέχνης
1140 1989 1368 2025 ἑπικουρημάτων
1397 1989 1445 2024 τὴν
1463 1988 1586 2023 δύναμιν,
1608 1989 1656 2022 τῆς
1677 1988 1755 2014 νόσου
1775 1989 1806 2014 τὸ

1017 2035 1142 2070 μέγεθος.
1166 2035 1287 2066 Ἀνὶατος
1303 2033 1447 2070 τοιγαροῦν
1468 2035 1484 2068 ἡ
1504 2033 1559 2060 τῶν
1582 2033 1717 2059 Ἰουδαίων
1740 2033 1808 2067 πλη-

1016 2082 1063 2113 θὺς
1081 2081 1264 2116 περιπεσοῦσα
1278 2080 1443 2116 τραύμασιν,
1468 2080 1514 2106 καὶ
1532 2079 1677 2114 ἀφορήτως
1692 2078 1807 2105 νοσοῦσα

1015 2127 1049 2154 τὰ
1070 2127 1098 2159 ἐξ
1120 2126 1216 2162 ὀργῆς,
1234 2126 1372 2153 ἀπόλωλεν
1389 2125 1553 2161 ὁλοτρόπως,
1578 2124 1693 2159 μηδενὸς
1715 2125 1806 2156 αὐτοῖς

1016 2173 1197 2208 βοηθήσαντος
1210 2173 1320 2208 τρόπου.
1342 2171 1485 2206 Τοιγάρτοι
1505 2171 1622 2205 ἔφασκον
1647 2173 1694 2196 καὶ
1719 2171 1743 2196 οἱ
1767 2171 1808 2196 θε-

178 2226 297 2260 gcntium
316 2226 386 2257 urbi;
408 2230 436 2253 et
460 2226 517 2253 luce
541 2227 604 2254 urhs
625 2227 687 2254 licet
710 2232 802 2254 sancta
820 2227 890 2253 dicta
914 2226 960 2257 sit,

1037 2218 1120 2244 κέσιοι
1148 2219 1303 2253 προφῆται·
1335 2227 1344 2243 ‹
1369 2216 1563 2251 ’ἰατρεύσαμεν
1581 2216 1630 2251 τὴν
1645 2216 1804 2247 Βαϐυλῶνα,

179 2276 290 2305 propter
312 2271 477 2304 impietatem
496 2272 520 2298 in
534 2271 671 2299 Christum
698 2273 824 2305 maxime,
846 2276 872 2299 et
899 2271 961 2306 quia

179 2325 240 2344 eam
272 2317 434 2344 manufaetis
463 2318 646 2352 oppleveruut,
669 2323 821 2353 comparata
837 2322 878 2345 est
896 2326 903 2344 :
921 2322 963 2344 ut-

176 2368 239 2397 pote
255 2370 314 2391 cum
328 2371 342 2391 a
357 2365 549 2392 consuetudine
562 2365 739 2399 institutoque
754 2364 961 2400 Babyloniorum

178 2409 334 2443 neutiquam
350 2410 506 2437 recederet:
524 2417 586 2445 quae
607 2411 678 2438 dicta
704 2416 746 2438 est
769 2411 850 2438 etiam
865 2411 962 2439 civitas

177 2455 350 2490 sculptilium.

212 2535 293 2564 Vens.
311 2536 336 2564 7.
358 2534 438 2563 Terra
464 2542 547 2564 uestra
577 2536 690 2568 deserta,
718 2537 837 2564 civitates
869 2543 960 2565 veslrw

175 2582 230 2616 igni
247 2587 368 2609 cremata:
390 2587 461 2614 sunt,
488 2583 615 2617 regionem
642 2588 757 2609 nas/ram
778 2583 804 2609 in
819 2590 959 2618 conspecta

176 2633 259 2655 castra
271 2628 349 2655 alieni
364 2629 500 2655 deuorant.
523 2629 555 2654 Et
570 2633 670 2655 vastata
688 2633 736 2660 est,
751 2636 839 2656 eversa
850 2638 865 2656 a
880 2637 960 2664 p0plt~

175 2674 206 2701 lia
222 2674 324 2701 alienis.

209 2720 284 2753 Quod
313 2720 414 2748 dictum
432 2719 572 2747 videbatur
589 2721 785 2756 quodammodo
805 2722 957 2755 obscurius,

174 2772 255 2800 quam
279 2766 332 2793 dici
359 2767 488 2799 oportuit,
506 2767 531 2794 id
558 2767 665 2803 planum
691 2772 717 2795 et
738 2773 858 2802 apertum
877 2768 951 2795 facit.

175 2812 244 2844 Quid
272 2811 344 2839 enim
370 2813 420 2839 hoc
434 2812 576 2848 signiﬁcat,
595 2821 646 2842 non
668 2818 709 2841 est
728 2814 859 2849 malagma
880 2814 951 2849 quod

214 2885 235 2903 "
255 2886 353 2916 Jercm.
371 2895 406 2917 ιιι.
422 2889 446 2917 9.

1012 2266 1058 2292 καὶ
1088 2265 1138 2292 οὐκ
1161 2265 1233 2299 ἰάθη,
1263 2264 1493 2298 ἑγκατελείπομεν
1520 2263 1614 2297 αὑτήν.
1632 2271 1641 2288 ι
1662 2262 1804 2288 Βαϐυλῶνι

1011 2313 1064 2347 γὰρ
1081 2313 1113 2348 τῇ
1138 2312 1191 2338 τῶν
1215 2311 1298 2337 ἐθνῶν
1314 2310 1520 2346 παρεικάζεται,
1544 2309 1630 2335 καίτοι
1649 2308 1725 2340 πόλις
1739 2308 1803 2342 ἁγία

1012 2357 1255 2393 κατωνομασμένη,
1283 2356 1327 2383 διά
1344 2365 1384 2382 τοι
1406 2355 1523 2391 μάλιστα
1551 2354 1599 2390 τὴν
1617 2355 1656 2386 εἰς
1686 2354 1803 2388 Χριστὸν

1012 2404 1149 2434 ἀσέϐειαν,
1163 2404 1235 2439 ἢκαὶ
1250 2403 1290 2429 ὅτι
1311 2402 1365 2428 τῶν
1386 2401 1579 2436 χειροποιήτων
1595 2400 1802 2435 ἐνεπίμπλασαν

1013 2450 1106 2486 αὐτὴν,
1123 2449 1160 2480 ὡς
1173 2449 1232 2475 κατ’
1247 2448 1341 2474 οὐδένα
1358 2447 1457 2481 τρόπον
1467 2447 1498 2482 τῇ
1516 2445 1694 2472 Βαϐυλωνίων
1718 2454 1802 2481 παραρ

1013 2496 1157 2532 χωρήσειν,
1170 2495 1188 2530 ἢ
1204 2494 1251 2521 καὶ
1276 2493 1433 2529 ὠνόμασται
1445 2493 1480 2527 γῆ
1498 2492 1552 2519 τῶν
1567 2492 1703 2526 γλυπτῶν.

1050 2541 1080 2568 Ἠ
1101 2541 1138 2576 γῆ
1152 2539 1236 2575 ὑμῶν
1249 2539 1368 2574 ἕρημος,
1387 2540 1416 2565 al
1433 2538 1536 2570 πόλεις
1559 2537 1643 2572 ὑμῶν
1657 2537 1801 2571 πιξρίκαυ-

1012 2595 1088 2618 crat,
1118 2586 1175 2619 τὴν
1198 2585 1296 2621 χώραν
1325 2584 1408 2619 ὑμῶν
1438 2584 1564 2611 ἐνώπιον
1595 2582 1678 2617 ὑμῶν
1707 2582 1799 2609 ἁλλό-

1012 2641 1084 2666 τριοι
1119 2631 1331 2658 κατεσθίουσιν
1356 2629 1463 2662 αὐτήν.
1490 2629 1544 2656 Καὶ
1562 2628 1712 2663 ἠρήμωται
1733 2635 1799 2654 κατ-

1012 2675 1197 2711 εστραμμένη
1215 2675 1272 2702 ὑπὸ
1289 2674 1371 2701 λαῶν
1387 2674 1560 2708 ἀλλοτρίων.

1048 2723 1084 2749 Τὸ
1106 2721 1289 2757 ἀσαφέστερὸν
1315 2730 1372 2752 πως
1406 2721 1422 2755 ἢ
1451 2720 1520 2756 χρῆν
1546 2719 1672 2754 εἰρῆσθαι
1703 2717 1798 2744 δοκοῦν

1013 2767 1173 2802 καθίστησιν
1190 2766 1312 2802 ἐναργές.
1330 2766 1362 2792 Τί
1387 2766 1439 2801 γὰρ
1457 2765 1489 2791 ἂν
1514 2764 1633 2799 βούλοιτο
1650 2763 1747 2798 δηλοῦν
1756 2761 1796 2791 τὸ.

1005 2814 1054 2842 οὐκ
1066 2813 1121 2840 ἔστι
1143 2812 1273 2848 μάλαγμα
1292 2811 1434 2844 ἐπιθεῖναι,
1447 2811 1508 2838 οὔτε
1520 2811 1617 2843 ἔλαιον,
1637 2809 1698 2836 οὔτε
1715 2817 1796 2836 κατιε
