1890 3053
179 173 216 201 159
677 169 705 196 S.
726 167 862 196 CYRILLI
883 166 1116 195 ALEXANDHINI
1135 166 1293 193 ARCIIIEP.
1776 166 1809 192 ιο

180 229 241 258 filiis
258 228 380 264 perditis.
396 226 462 255 Cum
489 234 554 255 vero
571 226 653 254 etiam
667 227 812 261 prophetas
840 232 891 254 tru:
902 227 961 254 ida-

1039 226 1174 261 ἰτιὰμασιν
1195 226 1304 260 ἐνόχους
1322 224 1400 257 ὂντας
1419 225 1582 260 ειζρήσομεν.
1603 226 1722 251 Ἤκουον
1744 225 1808 260 γὰρ.

180 276 255 308 rint,
279 274 382 309 ipsique
403 273 520 304 Christo,
541 272 659 300 omnium
685 277 806 300 nostrum
829 272 965 300 Servatori

179 322 277 356 impias
303 329 399 348 manus
415 320 557 347 attulerint
573 328 580 346 :
597 319 660 346 hinc
675 318 822 353 etquidem
835 318 897 353 jure
919 326 966 352 op-

181 368 246 395 timo
254 367 437 402 gravissimam
447 365 645 392 accusationem
653 368 679 390 et
687 364 718 391 ad
731 371 780 391 con
786 363 964 390 tlcmnandum

180 413 245 441 satis
258 411 398 446 capitalem
412 409 599 441 illisintemlit,
620 409 733 436 dicens:
751 407 845 434 Manus
861 411 961 434 vestrae

179 459 264 493 plena:
284 463 347 484 sunt
367 456 509 490 sanguine.
526 455 630 482 Avertit
655 459 744 481 autem
768 453 865 480 faciem
880 452 962 484 Deus,

178 510 206 531 et
229 504 317 535 Pater,
335 503 386 537 17
399 502 498 536 quippe
523 509 575 528 non
601 501 738 528 sustinens
757 499 848 526 videre
871 504 964 525 manus

178 549 375 576 homicidarum
401 549 445 575 lilii
458 548 496 575 sui
510 547 642 580 sanguine
660 547 798 573 rubentes.

1018 272 1087 298 Οὐαὶ
1109 271 1184 303 ἔθνος
1213 271 1385 306 ἁμαρτωλὸν,
1415 271 1478 302 λαὶις
1511 271 1619 305 πλήρης
1653 271 1807 306 ἁμαρτιῶν,

1018 317 1128 353 σπέρμα
1146 318 1274 353 πονηρὸν,
1291 318 1344 344 υἱοὶ
1355 318 1459 352 ἄνομοι.
1481 317 1588 353 Ἐπειδὴ
1600 317 1627 344 δὲ
1640 318 1808 344 ἀπεκτόνασι

1015 363 1079 394 τοὺς
1104 363 1257 398 προφήτας,
1279 364 1325 390 καὶ
1352 363 1426 398 αὐτῷ
1445 363 1494 394 τὰς
1517 364 1642 394 ἀνοσίους
1668 365 1809 398 ἐπήγαγον

1015 408 1110 442 χεῖρας
1131 408 1170 442 τῷ
1188 411 1295 435 πάντων
1311 408 1390 443 ἡμῶν
1410 409 1512 444 σωτῆρι
1529 409 1656 444 Χριστῷ,
1672 409 1758 444 ταύτῃ
1767 417 1808 434 τοι

1017 453 1062 479 καὶ
1076 453 1147 488 μάλα
1163 454 1274 486 είκὸτως
1289 454 1318 480 τὸ
1331 455 1504 489 παγχάλεπον
1517 455 1650 490 ἔγκλημα,
1665 455 1711 481 καὶ
1723 455 1752 481 τὸ
1767 456 1806 486 είς

1019 497 1109 524 πᾶσαν
1134 498 1295 533 κατάκρισιν
1317 499 1418 534 ἀρκοῦν
1439 499 1530 530 αὐτοῖς
1552 498 1686 534 ἐπιφέρει,
1707 498 1806 531 λέγων·

1016 543 1050 568 Δί
1062 543 1152 578 χεῖρες
1173 543 1249 578 ὑμῶν
1271 545 1385 578 αἵματος
1403 544 1526 579 πλήρεις.
1547 543 1763 579 ’Λποστρέφειδέ
1779 544 1808 570 τὸ

178 599 321 631 πρόσωπον
334 596 348 622 ὁ
360 594 424 627 Θεδς
437 595 484 622 καὶ
498 594 603 630 Πατὴρ,
616 593 653 625 ὡς
665 593 730 628 ὁρᾷν
743 591 792 618 οὐκ
819 588 982 624 ἀνεχόμενος
1000 586 1039 623 τῷ
1062 589 1157 624 αἵματι
1175 589 1222 616 τοῦ
1240 589 1306 616 Υίοῦ
1338 591 1548 625 πεφοινιγμένας
1567 590 1605 616 ἔτι
1619 589 1674 616 τῶν
1696 594 1808 625 μιαιφο-

177 650 230 667 νων
245 642 292 673 τὰς
302 642 406 677 χεῖρας.

214 688 294 715 V'etts.
316 687 358 714 16.
372 686 522 718 Lauamini,
541 685 633 712 mundi
644 689 734 712 estote.

216 733 337 761 Peccatis
356 733 382 759 in
401 732 559 759 memoriam
576 730 722 761 revocatis,
738 736 784 757 eos
799 727 964 762 despondere

179 780 299 806 animum
318 786 370 804 non
388 778 462 808 sinit.
485 777 530 803 sed
548 776 662 811 gratiam
678 783 710 802 es
728 775 845 802 bonitate
859 778 888 801 et
909 773 965 801 cle-

181 825 279 852 mentia
304 823 450 857 profectam
473 822 663 856 percommode
683 821 773 854 infert,
792 827 841 847 ttec
860 819 966 846 fraudat

179 878 226 897 eos
241 869 382 899 benelicio,
401 868 472 902 quod
490 875 538 902 per
550 867 687 894 Christum
700 867 825 893 omnibus
839 872 887 900 per
905 863 963 890 nni-
983 881 1003 908 Β

179 923 287 942 versum
309 920 442 941 terrarum
463 913 556 940 orbem
573 917 616 939 est
639 912 817 946 propositum.
841 920 850 936 ε
868 909 967 938 Omnes

180 962 250 990 enim
275 961 493 991 declinaverunt,
514 959 595 986 simul
612 959 720 986 inutiles
741 958 804 985 facti
825 961 888 984 sunt
904 956 936 983 ³³.
955 965 965 982 ι

180 1007 214 1034 Ει
233 1007 364 1033 obnoxius
391 1004 478 1032 factus
499 1010 542 1032 est
562 1005 676 1031 nutndus
701 1005 764 1036 Deo,
792 1004 853 1037 quia
875 1006 968 1038 gentes

179 1059 332 1080 creaturam
347 1051 498 1083 coluerunt,
520 1050 649 1078 Israelita:
668 1050 756 1086 legem
779 1049 830 1076 sibi
848 1055 896 1083 per
911 1047 969 1074 Mu-

180 1106 235 1126 sem
262 1098 351 1125 datam
385 1097 531 1123 violarunt.
559 1096 694 1123 Caeterum
720 1096 846 1130 gentibus
879 1096 967 1124 illuxit

179 1144 313 1174 Christus,
328 1149 354 1170 et
377 1143 410 1170 ad
433 1143 581 1170 mirabilem
595 1143 654 1178 ejus
676 1142 763 1170 lucem
776 1147 877 1170 vocatae
894 1147 967 1176 sunt,

179 1195 206 1218 et
227 1192 270 1225 qui
296 1198 346 1216 non
364 1189 476 1225 populus
495 1190 649 1223 quondam,
676 1188 738 1216 facti
759 1193 822 1216 sunt
840 1188 964 1222 populus.

179 1234 262 1261 Judaei
278 1241 367 1261 autem
393 1233 485 1260 miseri
511 1234 536 1260 iu
554 1233 641 1267 ipsunt
664 1232 823 1259 deliaccltati
848 1236 921 1263 sunt,
942 1236 969 1258 et

179 1279 332 1313 Priueipem
347 1280 407 1305 vitae
428 1278 485 1305 nt-ci
501 1278 631 1305 dederunt
647 1277 739 1312 impie,
751 1277 859 1304 etiamsi
874 1284 968 1303 rursus

179 1329 209 1351 ut
225 1325 294 1351 Deus
318 1324 424 1350 revixit.
437 1323 508 1356 Quia
525 1330 588 1349 vero
604 1323 689 1349 bonus
704 1326 755 1354 est,
771 1327 797 1349 et
807 1330 901 1349 omnes
918 1322 967 1348 ho-

179 1369 266 1396 mines
282 1368 382 1395 servari
402 1367 468 1399 vult,
491 1372 519 1394 et
543 1367 576 1393 ad
598 1367 762 1401 agnitionem
777 1367 901 1394 veritatis
920 1373 968 1392 ve-

180 1415 250 1446 nire,
268 1414 373 1448 illisque
387 1415 455 1439 adeo
467 1413 536 1439 viam
548 1412 644 1439 salutis
655 1411 827 1446 patefacere:
843 1419 889 1439 eos
901 1419 968 1446 quo-

180 1467 233 1495 que
249 1460 326 1494 jubet
343 1462 451 1494 peccata
464 1458 590 1492 abjicere,
601 1457 763 1491 justilieatos
774 1456 856 1490 gratis
871 1463 899 1483 et
915 1464 967 1484 non

180 1511 215 1532 ex
231 1503 356 1539 operibus
377 1503 453 1538 legis,
476 1503 529 1529 imo
550 1503 635 1536 magis
655 1509 701 1536 per
717 1501 796 1528 [idem
818 1506 845 1528 et
859 1509 967 1528 sacrum

1050 679 1221 712 Λούσασϐε,
1235 679 1358 714 καθαροί
1374 679 1504 714 γίνεσθε.

1053 725 1136 752 Πάλιν
1155 725 1252 757 αὐτοὺς
1272 726 1312 756 είς
1326 725 1478 760 ἀνάμνησιν
1491 725 1545 752 τῶν
1562 726 1740 761 ἠσεϐημένων
1757 727 1807 754 αὑ-

1016 772 1072 802 τοῖς
1098 771 1219 805 ἐνεγκὼν
1245 770 1445 807 ἁπογινώσκειν
1466 771 1515 797 οὐκ
1543 771 1583 806 ἑᾷ.
1612 772 1753 807 Ἐπιφέρει
1777 773 1806 799 δὲ

1017 816 1161 852 χρησίμως
1172 817 1222 852 τὴν
1233 817 1262 849 ἐξ
1277 817 1444 852 ἡμερότητος
1459 818 1536 852 χάριν
1561 818 1614 844 Καὶ
1627 819 1676 845 οὑκ
1688 819 1807 855 ἐξείργει

1017 862 1066 897 τῆς
1082 863 1187 897 δωρεᾶς
1208 862 1258 895 τῆς
1279 863 1457 898 προτεθείσης
1473 863 1516 890 διὰ
1539 865 1656 899 Χριστοῦ
1671 866 1732 896 ,τοῖς
1756 866 1807 892 ἀνὰ

1019 909 1108 935 πᾶσαν
1132 909 1182 943 τὴν
1209 909 1254 935 ὑπ’
1279 909 1401 943 οὐρανόν.
1428 919 1437 934 α
1457 910 1559 940 Πάντες
1579 910 1633 946 γὰρ
1655 910 1805 943 ἐξέκλιναν,

1018 954 1078 989 ἃμα
1092 954 1290 989 ὴχρειώοησαν.
1309 964 1317 980 ι
1340 955 1394 981 Καὶ
1407 955 1531 986 ὑποδικος
1544 955 1654 989 γέγονεν
1673 957 1687 982 ὁ
1704 957 1808 991 κόσμος

1017 999 1056 1035 τῷ
1074 999 1143 1034 Θεῷ,
1160 999 1214 1025 τῶν
1238 1000 1288 1035 μὲν
1308 999 1392 1025 ἐθνῶν
1414 1001 1446 1034 τῇ
1467 1001 1552 1026 κτίσει
1577 1001 1806 1036 λελατρευκότων,

1018 1045 1071 1071 τῶν
1084 1054 1114 1079 γε
1128 1045 1179 1080 μὴν
1196 1045 1339 1081 ὲξῚσραὴλ
1350 1046 1394 1073 τὸν
1404 1046 1448 1072 διὰ
1459 1047 1579 1078 Μωσέως
1594 1047 1682 1079 αὐτοῖς
1696 1047 1806 1074 δοθέντα

1018 1089 1250 1125 παραϐεϐηκότων
1275 1090 1365 1125 νόμον.
1387 1090 1454 1116 Ἀλλ’
1472 1091 1626 1125 ἐπέλαμψεν
1649 1092 1663 1118 ὁ
1689 1092 1807 1126 Χριστὸς

1017 1137 1073 1166 τοῖς
1089 1135 1188 1168 ἔθνεσι,
1207 1137 1254 1162 καὶ
1274 1136 1404 1171 κέκληται
1427 1136 1494 1171 προς
1509 1136 1539 1162 τὸ
1555 1137 1708 1172 θαυμαστὴν
1722 1137 1805 1164 αὑτοῦ

1018 1181 1086 1216 φῶςο
1105 1182 1151 1208 καὶ
1163 1183 1176 1208 ο
1191 1182 1255 1208 ποτε
1270 1182 1299 1208 οὐ
1312 1182 1386 1214 λαὸς,
1403 1182 1530 1216 γεγόνασι
1543 1182 1615 1214 λαός.
1641 1183 1762 1209 Ἰουδαῖοί
1773 1191 1805 1217 γε

1020 1227 1074 1262 μὴν
1100 1227 1124 1252 οἱ
1144 1227 1256 1258 τάλανες
1283 1228 1516 1263 πεπαροινήκασιν
1539 1228 1578 1259 εὶς
1606 1227 1734 1263 Χριστον,
1759 1228 1805 1254 καὶ

1019 1272 1140 1307 ἁρχηγὺν
1155 1272 1218 1299 ὅντα
1233 1273 1282 1307 τῆς
1294 1272 1366 1308 ζωῆς
1380 1273 1563 1300 ἀπεκτόνασιν
1580 1274 1704 1304 ἀνοσίως,
1719 1275 1743 1300 εί
1760 1274 1806 1300 καὶ

1018 1318 1118 1345 ἀνεϐίω
1135 1318 1263 1351 πάλινὼς
1276 1319 1351 1349 Θεός.
1373 1319 1479 1354 Ἐπειδὴ
1495 1319 1524 1346 δέ
1542 1320 1615 1346 ἐστιν
1628 1319 1738 1352 ἀγαθὶς,
1759 1320 1806 1346 καὶ.

1019 1365 1122 1396 πάντας
1140 1364 1298 1400 ἀνθρώπους
1315 1364 1387 1391 θέλει
1404 1364 1533 1399 σωθῆναι,
1547 1365 1594 1392 καὶ
1607 1366 1645 1396 είς
1659 1365 1805 1398 ἐπίγνωσιν

1019 1410 1146 1446 ἀληθείας
1160 1409 1400 1445 ἐλθεῖν.ἀνευρὺνει
1413 1410 1459 1437 καὶ
1478 1410 1559 1442 αὐτὸς
1580 1410 1630 1445 τὴν
1648 1410 1698 1445 τῆς
1717 1420 1805 1447 σωτη-

1019 1456 1080 1491 ρίας
1102 1456 1161 1482 ὁδὸν
1182 1456 1228 1482 καὶ
1242 1457 1441 1491 ἀποκρούεσθαι
1457 1456 1563 1483 κελεύει
1587 1457 1620 1483 τὰ
1633 1457 1805 1492 ἐγκλήματα,

1019 1501 1207 1537 δικαιουμένου
1222 1502 1325 1538 δωρεὰν
1347 1503 1393 1529 καὶ
1408 1503 1457 1529 οὐκ
1477 1503 1505 1535 ἐξ
1518 1503 1606 1538 ἔργων
1620 1504 1711 1538 νόμον.
1730 1505 1807 1531 Μᾶλ-

180 1550 323 1584 baptisma,
341 1548 453 1582 ideoque
467 1548 505 1574 ait
519 1556 525 1574 :
539 1556 548 1572 ι
566 1547 715 1580 Lavamiui,
733 1546 826 1573 mutuli
843 1551 938 1574 estote.
956 1556 965 1572 ι

1039 1556 1064 1574 ίαν
1081 1547 1109 1573 δὲ
1121 1547 1164 1574 διὰ
1182 1548 1232 1583 τῆς
1247 1549 1374 1580 πίστεως,
1387 1549 1433 1575 καὶ
1450 1549 1496 1576 τοῦ
1512 1550 1589 1583 ἁγίου
1607 1549 1805 1585 βαπτίσματος,

181 1595 257 1628 Quod
273 1600 348 1621 vetus
363 1594 404 1621 lex
426 1594 508 1620 etiam
527 1593 579 1620 illis
593 1600 641 1627 per
656 1593 765 1619 umbras
784 1592 922 1627 figuravit,
938 1597 966 1618 et

182 1642 296 1676 gratiam
312 1649 358 1675 per
373 1648 479 1667 sacrum
492 1639 628 1666 lavacrqu
647 1644 710 1666 ante
721 1639 885 1673 praedicavit.
899 1639 969 1666 D'rxit

182 1687 252 1714 enim
270 1687 367 1713 alicubi
391 1686 461 1712 Deus
479 1687 511 1712 ad
525 1686 692 1712 sacerdotem
711 1684 830 1711 Moscm:
848 1693 857 1710 ι
871 1685 969 1719 Accipe

181 1733 291 1762 chitas
307 1733 340 1760 de
357 1733 444 1760 medio
461 1732 576 1759 liliortuu
592 1731 685 1763 lsrael,
699 1737 725 1759 et
738 1731 893 1766 purilicabis
910 1739 968 1764 eos,

181 1783 209 1807 et
228 1780 267 1807 sic
282 1779 366 1806 facies
382 1779 446 1813 ipsis
471 1779 686 1813 purificationem
712 1785 818 1805 eorum.
837 1778 968 1813 Asperges

181 1833 228 1854 eos
250 1834 317 1861 aqua
344 1825 554 1860 purilicationis,
583 1828 610 1851 et
639 1824 813 1859 superveniet
839 1825 968 1851 novacula

182 1880 263 1906 super
282 1876 367 1898 totqu
381 1879 478 1905 corpus
490 1878 595 1902 eorum,
609 1875 636 1897 et
649 1870 777 1897 lavabunt
793 1873 880 1896 vestes
893 1877 968 1900 suas.

182 1925 214 1944 ac
227 1917 316 1943 tuundi
332 1916 454 1944 erunt".
468 1925 477 1942 ι
495 1916 559 1943 Dein
575 1915 726 1950 cujusmodi
740 1915 851 1949 sitaqua
873 1914 967 1949 puriﬁ-

182 1963 308 1995 cationi’s.
329 1961 428 1990 Paulus
449 1963 664 1997 sapientissimus
691 1960 799 1988 docebit
823 1961 896 1988 hisce
911 1968 970 1987 ver-

182 2010 225 2038 bis
243 2021 249 2038 :
269 2019 278 2036 ι
301 2010 328 2037 Si
344 2010 414 2037 enim
429 2011 539 2045 sanguis
554 2010 692 2036 hircorum
708 2013 735 2036 et
754 2009 914 2040 vitulorum,
942 2013 969 2035 et

182 2055 251 2082 cinis
273 2055 395 2089 juveucre
420 2063 548 2089 aspersus
572 2054 726 2088 inquinatos
758 2053 913 2081 sanctiﬁcat
935 2054 969 2081 ad

184 2102 275 2129 carnis
305 2101 526 2128 emundationetu
556 2110 562 2127 :
595 2104 696 2134 quanto
734 2100 819 2134 magis
856 2099 968 2133 sanguis

183 2148 284 2175 Christi
303 2147 342 2173 "?
355 2157 365 2173 ι
379 2148 512 2180 Quocirca
531 2147 667 2174 carnalem
691 2146 798 2180 quidem
815 2145 857 2173 lex
873 2153 970 2172 emun-

183 2193 318 2220 datiouem
332 2201 379 2227 per
392 2200 490 2227 aquam
504 2192 702 2227 puriﬁcatiouis
715 2191 805 2219 eli‘ecit
820 2200 828 2219 :
844 2191 968 2219 Christus

184 2244 273 2266 autem
292 2246 340 2273 per
359 2239 522 2273 baptismum
541 2245 637 2265 omnes
660 2238 754 2265 sordes
774 2238 858 2264 anitni
877 2238 967 2264 deter-

183 2284 232 2320 git.
249 2284 378 2317 Baptizati
398 2284 469 2310 enim
489 2291 582 2310 sumus
607 2283 709 2317 Spiritu
733 2289 826 2310 sancto
847 2288 874 2310 et
895 2283 968 2317 igne.

185 2330 231 2364 qui
247 2330 373 2364 excoquit
389 2337 470 2358 omne
487 2330 542 2356 vitii
557 2337 640 2364 genus
657 2329 683 2356 in
707 2329 784 2356 nobis
801 2334 828 2356 et
842 2329 965 2364 collique.

184 2375 248 2404 facit
260 2376 469 2410 quodammodo,
487 2380 514 2402 et
536 2381 564 2402 ut
578 2375 701 2402 inutilem
717 2375 968 2410 ntateriam,quasi-

184 2428 236 2456 que
248 2421 409 2456 quisquilias
431 2421 560 2448 absumit.
587 2420 654 2448 Nam
671 2420 722 2448 hoc
747 2421 817 2455 ignis
841 2429 909 2456 opus
928 2425 970 2449 est.

183 2470 210 2493 et
227 2467 374 2500 proprium.
393 2465 506 2493 Planum
522 2465 586 2493 facit
599 2466 650 2493 hoc
671 2465 701 2494 Β.
716 2465 826 2499 Paulus,
849 2467 943 2494 dicens
959 2475 966 2495 :

187 2521 196 2538 ι
216 2511 267 2538 Per
283 2511 362 2538 [idem
374 2511 505 2538 divinitus
522 2512 678 2540 admonitus
694 2511 750 2539 Noe
764 2513 968 2546 aptavitarcam

184 2557 211 2585 in
221 2558 334 2585 salutem
344 2557 439 2585 domus
450 2565 506 2585 sure
517 2558 550 2589 ",
567 2567 575 2584 ι
595 2558 620 2585 in
630 2565 681 2592 qua
691 2565 782 2592 pauca:
796 2559 846 2585 hoc
854 2562 906 2590 est,
917 2559 971 2594 18

184 2608 246 2631 octo
258 2603 354 2630 anima:
369 2609 537 2631 conservata:
550 2608 613 2630 sunt
627 2605 653 2631 in
667 2611 734 2639 aqua
749 2613 756 2632 :
772 2613 781 2630 ι
796 2603 874 2638 cujus
884 2604 969 2639 figura

185 2649 346 2683 baptisntus,
361 2657 431 2676 nunc
448 2654 539 2677 servat
547 2657 606 2683 nos,
619 2650 664 2685 qui
682 2657 736 2678 non
748 2655 791 2678 est
803 2651 894 2678 carnis
909 2658 968 2677 sor-

184 2694 258 2721 dium
275 2695 421 2729 depositio,
440 2695 486 2722 sed
503 2695 674 2722 conscientia:
699 2696 774 2723 bona:
793 2696 968 2732 interrogatio

185 2739 212 2767 in
230 2741 312 2768 Deum
326 2739 360 2766 ".
377 2749 386 2766 )
403 2740 478 2774 Quod
495 2740 639 2768 Judaicum
661 2742 787 2776 populum
810 2742 899 2770 facere
916 2751 970 2770 mo-

185 2789 251 2816 net,
285 2785 396 2813 diceus:
417 2795 425 2811 ι
445 2785 555 2819 Lavate,
582 2787 672 2814 mundi
694 2792 801 2814 estote:
821 2797 830 2813 ι
850 2788 901 2815 hoc
915 2794 968 2820 cst,

220 2874 244 2892 "
257 2874 328 2904 Psal.
346 2883 405 2908 vui,
423 2876 449 2903 3.
487 2877 510 2892 ³³
523 2875 602 2904 Num.
622 2884 680 2907 \‘lll,
696 2876 711 2901 7
722 2884 779 2910 seq.

833 2877 854 2892 "
871 2877 952 2904 Hebr.
969 2885 1006 2911 ll,
1023 2877 1064 2911 l3,
1084 2877 1126 2904 Η.

1019 1593 1104 1629 ταύτῃ
1115 1602 1156 1620 τοι
1168 1595 1246 1630 φησί’
1260 1603 1269 1619 ι
1283 1594 1432 1625 Λούσασθε,
1447 1595 1561 1630 καθαροὶ
1571 1596 1708 1628 γένεσθε.)
1722 1596 1807 1623 Τοῦτο

1019 1638 1065 1665 καὶ
1081 1640 1094 1665 ὁ
1114 1638 1196 1666 πάλαι
1208 1639 1291 1674 νόμος
1306 1640 1397 1670 αὐτοῖς
1409 1639 1446 1670 ὡς
1461 1640 1490 1666 ἐν
1505 1641 1593 1671 σκιαῖς
1606 1640 1745 1673 διετύπου,
1761 1641 1807 1667 καὶ

1019 1686 1239 1721 προανεκήρυττε
1254 1686 1304 1721 τὴν
1316 1687 1396 1722 χάριν
1416 1686 1466 1721 τὴν
1484 1686 1528 1715 διὰ
1548 1687 1594 1713 τοῦ
1611 1687 1690 1721 ἁγίου
1710 1687 1808 1722 βαπτί-

1020 1741 1132 1767 σματος.
1158 1732 1229 1767 Ἔφη
1245 1733 1300 1768 γάρ
1318 1741 1369 1759 που
1391 1733 1456 1765 Θεὸς
1484 1733 1552 1769 πρὲις
1575 1733 1620 1760 τὸν
1645 1734 1809 1769 ἱεροφάντην

1019 1778 1132 1805 Μωσέαδ
1158 1788 1167 1803 4
1187 1778 1260 1805 Λάϐε
1287 1779 1350 1810 τοὺς
1371 1779 1488 1811 Δευῖτας
1509 1781 1540 1806 ὲκ
1561 1779 1644 1814 μέσου
1667 1780 1722 1806 τῶν
1741 1780 1809 1806 υἱῶν

1026 1824 1143 1860 Ἰσραὴλ,
1165 1825 1212 1852 καὶ
1224 1825 1313 1858 ἁγνιετ
1329 1826 1438 1857 αὐτοὺς,
1452 1826 1500 1852 καὶ
1512 1825 1598 1857 οὕτως
1617 1827 1744 1860 ποιήσεις
1759 1828 1809 1854 αὐ-

1019 1871 1074 1901 τοῖς
1097 1870 1142 1896 τὸν
1160 1870 1292 1905 ἁγνισμὸν
1306 1870 1404 1898 αὐτῶν.
1428 1871 1607 1906 Περιρῥανεῖς
1620 1871 1719 1902 αὐτοὺς
1737 1871 1810 1907 ὕδωρ

1020 1915 1165 1950 ἁγνισμοῦ,
1189 1916 1235 1942 καὶ
1258 1916 1433 1943 ἐπελεύσεται
1454 1915 1536 1951 ξυρὸν
1552 1916 1598 1942 ἐπὶ
1613 1917 1666 1943 πᾶν
1681 1916 1712 1943 τὸ
1728 1917 1809 1952 σῶμα

1019 1962 1119 1990 αὐτῶν.
1135 1962 1191 1989 Καὶ
1204 1962 1334 1990 πλυνοῦσι
1351 1963 1384 1990 τὰ
1401 1963 1496 1998 ἱμάτια
1510 1963 1610 1995 αὐτῶν,
1629 1964 1676 1990 καὶ
1692 1963 1809 2000 καθαροὶ

1019 2009 1137 2036 ἔσονται.
1159 2018 1168 2035 ι
1189 2007 1255 2036 Εἶτα
1268 2010 1344 2035 ποῖον
1358 2010 1417 2037 ἐστὶ
1427 2009 1455 2036 τὸ
1471 2009 1542 2044 ὕδωρ
1557 2009 1604 2036 τοῦ
1621 2010 1756 2044 ἁγνισμοῦ
1771 2010 1809 2037 δι-

1019 2055 1094 2087 δάξει
1109 2055 1194 2089 λέγων
1210 2055 1225 2081 ό
1241 2054 1395 2089 σοφώτατος
1410 2055 1526 2086 Παῦλος·
1546 2064 1555 2080 ι
1579 2055 1609 2081 El
1624 2055 1678 2090 γὰρ
1690 2055 1722 2081 τὸ
1738 2053 1808 2090 αἷμα

1019 2100 1128 2136 τράγων
1140 2100 1185 2126 καὶ
1202 2100 1318 2135 μόσχων,
1329 2101 1375 2126 καὶ
1386 2100 1483 2131 σποδὸς
1494 2099 1634 2135 δαμάλεως
1646 2101 1807 2134 ῥαντίζουσα

1019 2146 1082 2177 τοὺς
1108 2146 1322 2181 κεκοινωμένους
1345 2144 1452 2180 ἁγιάζει
1474 2145 1542 2181 πρὸς
1559 2146 1608 2181 τὴν
1634 2146 1685 2180 τῆς
1707 2146 1808 2182 σαρκὸς

985 2211 1008 2242 D
1021 2192 1202 2227 καθαρότητα,
1219 2192 1294 2227 πόσῳ
1311 2191 1411 2226 μᾶλλον
1431 2192 1461 2218 τὸ
1472 2189 1542 2227 αἷμα
1558 2192 1693 2228 Χριστοῦ;
1709 2201 1718 2218 ι
1736 2193 1808 2220 Οὐκ-

1019 2236 1067 2264 οῦν
1087 2237 1221 2271 σαρκικὴν
1237 2237 1286 2272 μὲν
1299 2237 1314 2262 ό
1328 2237 1408 2272 νόμος
1423 2237 1539 2264 ἐποιεῖτο
1550 2237 1599 2272 τὴν
1614 2238 1748 2273 κάθαρσιν
1765 2238 1809 2266 διὰ

1019 2283 1067 2311 τοῦ
1081 2283 1174 2315 ὓδατος
1183 2283 1230 2310 τοῦ
1248 2282 1390 2317 ἁγνισμοῦ.
1404 2284 1553 2318 Διασμήχει
1565 2283 1593 2309 δὲ
1606 2285 1620 2311 ὁ
1634 2284 1751 2319 Χριστὸς
1764 2283 1809 2312 διὰ

1019 2329 1067 2356 τοῦ
1081 2330 1158 2364 ἁγίου
1176 2329 1362 2365 βαπτίσματος
1391 2329 1479 2356 πάντα
1492 2329 1578 2364 ῥύπον
1591 2330 1606 2363 1‘;
1611 2329 1668 2364 μῶν
1678 2329 1806 2364 ψυχικόν.

1020 2375 1230 2410 Βεὸαπτξσμεθα
1246 2376 1301 2409 γὰρ
1315 2376 1344 2401 ἐν
1357 2375 1494 2410 Πνεύματι
1508 2375 1577 2410 ἁγίῳ
1594 2375 1640 2401 καὶ
1660 2375 1738 2410 πυρὶ,
1755 2376 1808 2402 πᾶν

1020 2419 1090 2452 εῖδος
1104 2421 1152 2456 τῆς
1166 2421 1194 2447 ἐν
1206 2421 1272 2456 ἡμῖν
1282 2419 1448 2455 φαυλότητος
1462 2421 1602 2455 μονονουχὶ
1619 2421 1807 2456 συντήκοντος,

1022 2468 1070 2495 καὶ
1089 2467 1127 2499 ὡς
1154 2467 1289 2502 ἄχρηστον
1308 2466 1480 2498 δαπανῶντος
1496 2474 1557 2493 τινα
1577 2465 1710 2501 συρφετὸν
1731 2467 1807 2501 ὕλην·

1022 2513 1102 2549 ἔργον
1124 2513 1179 2548 γὰρ
1194 2513 1272 2540 τοῦτο
1294 2512 1388 2548 πυρός.
1410 2511 1494 2538 Τοῦτό
1515 2520 1555 2538 τοι
1573 2512 1619 2538 καὶ
1641 2513 1655 2538 ὁ
1672 2512 1809 2547 μακάριος

1022 2560 1128 2593 Παῦλος
1143 2561 1278 2593 διασαφεῖ.
1293 2559 1389 2594 λέγων·
1405 2568 1415 2584 ι
1432 2558 1524 2584 Πίστει
1536 2557 1733 2593 χρηματισθεὶς
1746 2557 1808 2584 Νῶε

1023 2604 1207 2632 κατεσκεύασε
1234 2603 1347 2630 κιϐωτὸν
1374 2604 1413 2634 είς
1437 2602 1572 2638 σωτηρίαν
1595 2602 1641 2628 τοῦ
1660 2602 1736 2628 οἰκον
1759 2602 1808 2628 αὺς

1021 2651 1078 2682 τοῦ,
1102 2661 1111 2677 ι
1128 2652 1168 2681 εἰς
1180 2650 1214 2685 ἣν
1228 2650 1328 2683 ὀλίγαι,
1344 2648 1416 2675 τοῦτ’
1432 2648 1516 2681 εστιν,
1529 2647 1600 2674 ὀκτὼ
1614 2647 1700 2682 ψυχαὶ
1714 2646 1809 2674 διεσώ-

1023 2696 1108 2732 θησαν
1120 2695 1152 2722 δι⁴
1163 2695 1268 2726 ὓδατος.
1286 2704 1295 2720 ι
1314 2695 1347 2720 Ὃ
1359 2694 1405 2720 καὶ
1419 2694 1492 2729 ἡμᾶς
1507 2693 1652 2720 ἀντίτυπον
1666 2691 1716 2719 νῦν
1728 2692 1808 2724 σώζει

1024 2742 1176 2777 βάπτισμα,
1192 2742 1223 2768 οὐ
1238 2741 1337 2776 σαρκὸς
1352 2740 1479 2772 ἀπόθεσις
1492 2739 1588 2775 ῥύπου,
1606 2739 1675 2765 ἀλλὰ
1689 2738 1810 2773 συνειδήι-

1024 2797 1092 2820 σεως
1107 2786 1211 2822 ἀγαθῆς
1231 2787 1396 2822 ἐπερώτημα
1409 2787 1448 2818 είς
1458 2786 1532 2813 Θεὸν.
1550 2795 1559 2811 ι
1576 2785 1608 2811 ’0
1622 2785 1652 2820 δὴ
1664 2785 1711 2811 καὶ
1719 2784 1808 2819 αὐτοῖς

1167 2877 1188 2892 ³⁸
1207 2876 1287 2904 ilrlu'.
1310 2884 1346 2908 ιι,
1364 2876 1388 2902 7.
1417 2875 1534 2904 "lPetr.
1549 2882 1589 2908 ιιι,
1602 2873 1648 2903 Si.
