1890 3053
81 163 107 190 Η

80 220 180 248 ἑλέσθαι
194 220 265 256 δρᾷν
279 221 332 252 τοῖς
349 220 484 247 Ἰουδαίων
497 219 592 255 δήμοις
617 228 647 245 συ
653 219 805 255 μϐουλεύει,
821 220 864 246 λέ-

79 275 138 300 γων·
162 276 171 292 ι
195 266 351 298 Λούσασθε,
377 266 492 300 καθαροὶ
516 265 636 299 γένεσθε·
656 275 665 291 ι
687 265 758 292 τοῦτ’
779 266 863 298 ἐστιν,

79 310 242 345 ἁπονίψασθε
257 311 308 346 τὴν
323 310 430 345 κηλῖδα,
450 309 615 341 δικαιοῦντος
629 311 703 345 ἡμᾶς
720 310 748 343 ἐξ
763 311 864 345 ἡμερό-

79 365 151 392 τητος
168 356 215 382 καὶ
231 356 441 391 φιλανθρωπίας
459 355 505 382 τοῦ
520 357 583 391 παρ’
599 356 675 390 ὑμῶν
688 356 862 391 ὐῆρισμένου.

78 402 244 437 Εὖρίσκομεν
258 402 288 428 δὲ
303 403 350 428 καὶ
364 402 409 428 τὸν
421 401 562 428 θεσπέσιον
572 402 674 437 Πέτρον
687 401 864 437 ἐπιπλήττον-

78 457 107 474 τα
118 448 168 484 μὲν
184 449 280 479 αὐτοῖς
293 448 330 480 ὡς
347 448 509 475 ἀπεκτονόσι
526 448 570 474 τὸν
587 448 636 483 τῆς
650 448 722 483 ζωῆς
732 447 863 484 ἀρχηγὸν,

76 495 120 522 καὶ
134 494 281 529 αἰτήσασιν
298 494 382 529 ἄνδρα
397 494 478 528 φονέα
493 493 654 528 χαρισθῆναι
674 494 774 526 αὐτοῖς,
791 494 863 520 τοῦτ’

77 540 129 567 ἔστι
143 540 186 566 τὸν
197 540 348 575 Βαραϐάμ.
366 540 439 575 Πλὴν
452 540 634 567 διανίστανται
648 539 715 574 πρὸς
728 539 866 574 μετάγνω-

79 594 134 613 σινυ
149 586 200 621 ἔφη
229 586 288 621 γάρ
302 594 308 600 ·
331 595 340 612 ί
356 586 411 612 Καὶ
431 585 488 618 νῦν,
508 585 626 620 ἀδελφοὶ,
647 584 704 612 οἶδα
730 586 770 613 ὃτι
796 586 868 614 κατὰ

78 632 180 666 ἄγνοιαν
213 631 356 665 ἐπράξατε
383 631 478 666 ὥσπερ
500 632 548 658 καὶ
575 633 599 658 οἱ
619 632 748 666 ἄρχοντες
777 631 865 666 ὑμῶν.

77 678 268 712 Μετανοήσατε
283 675 331 703 οὖν
347 677 394 704 καὶ
409 677 584 712 βαπτισθήτω
596 677 712 709 ἕκαστος
727 676 805 712 ὑμῶν
820 678 867 704 ἐπὶ

78 724 111 759 τῷ
131 724 241 758 ὀνόματι
267 724 317 750 τοῦ
341 724 444 760 Κυρίου
466 724 544 759 ἡμῶν
567 723 654 759 Ἰησοῦ
673 724 803 759 Χριστοῦ,
821 725 868 751 καὶ

660 159 694 186 ΙΝ
715 159 830 187 ιδΑιΑιι
851 160 915 188 LIB.
936 161 956 188 l.
977 161 1081 188 ORAT.
1102 160 1122 187 1.

1663 161 1700 189 42

883 226 905 254 Α
919 220 1020 248 abluite
1045 221 1187 252 maculam,
1212 220 1378 255 justillcante
1392 226 1440 247 vos
1459 226 1494 247 ex
1517 218 1659 246 clementia
1673 224 1701 247 et

919 267 1093 301 benignitate,
1114 274 1157 298 eo,
1169 267 1214 301 qui
1239 267 1309 301 apud
1329 273 1376 293 vos
1395 265 1566 293 contumeliis
1588 265 1702 293 atIectus

918 317 970 341 est.
996 312 1124 340 Videmus
1145 314 1226 341 etiam
1253 314 1372 342 divinum
1407 313 1516 342 Petrum
1539 321 1586 342 eos
1612 314 1703 341 incre-

918 365 992 392 pare,
1008 359 1078 392 quod
1103 359 1163 386 vitae
1189 360 1339 394 principem
1366 359 1561 393 interfecerint,
1583 365 1611 388 et
1629 359 1702 394 quod

921 403 1099 434 homicidam,
1129 404 1233 431 scilicet
1261 404 1428 436 Barabbam.
1453 404 1503 432 sibi
1531 404 1626 432 donari
1654 411 1719 438 pow

919 448 1088 476 stulaverint.
1111 448 1134 476 ls
1158 454 1246 476 tamen
1274 450 1354 477 etiam
1381 451 1480 478 excitat
1505 450 1537 477 ad
1567 450 1702 485 paeniten-

918 493 1004 527 tiam;
1035 494 1072 521 ait
1103 495 1174 522 enim
1196 502 1203 521 ε
1225 503 1235 521 ‹
1258 495 1290 522 Ει
1315 503 1405 528 nunc,
1431 496 1539 528 fratres,
1569 495 1626 523 scio
1654 502 1702 522 vos

913 547 962 575 per
977 541 1154 575 ignorantiam
1180 540 1284 574 fecisse,
1307 542 1376 568 sicut
1397 546 1424 568 ct
1445 541 1579 576 principes
1604 541 1700 569 vestri.

917 586 1079 621 Resipiscite
1103 587 1195 622 igitur,
1222 592 1250 614 et
1276 587 1428 622 baptizetur
1448 587 1635 622 unusquisque
1655 594 1704 615 ve-

915 635 1001 658 strum
1019 632 1045 659 iu
1062 634 1170 660 nomine
1192 633 1298 660 Domini
1314 634 1397 660 nostri
1408 632 1471 661 Iesu
1488 633 1599 666 Christi,
1613 637 1640 661 et
1654 640 1703 661 ac-

915 678 1022 713 cipietis
1046 679 1145 706 donum
1173 679 1290 714 Spiritus
1319 680 1417 707 sancti.
1433 679 1516 707 Vobis
1539 679 1611 706 enim
1639 683 1702 707 sunt

922 725 1115 759 promissiones
1126 731 1152 754 et
1167 727 1229 754 ﬁliis
1246 727 1342 754 W‘Slris
1357 726 1390 754 ³⁸,
1411 735 1421 752 ›

77 770 186 806 λήψεσθε
217 769 268 804 τὴν
281 770 386 806 δωρεὰν
400 770 445 796 τοῦ
474 770 552 804 ἁγίου
567 770 733 805 Πνεύματος.
751 769 830 805 Ὑμῖν
843 770 896 805 γάρ
910 770 978 797 εἰσιν
991 772 1018 798 at
1032 771 1191 806 ἐπαγγελίαι
1205 773 1252 799 καὶ
1266 773 1322 804 τοῖς
1335 771 1440 804 τέκνοις
1455 771 1541 806 ὑμῶν.
1561 781 1571 797 ι

114 816 251 850 Ἀφέλετε
273 816 330 850 τὰς
350 817 496 850 πονηρίας
512 815 571 843 ἀπὸ
588 816 646 842 τῶν
659 815 767 850 ψυχῶν
783 815 863 850 ὑμῶν

952 816 1033 844 Vens.
1054 817 1097 845 16.
1112 819 1221 853 Auferte
1242 819 1312 846 mala
1329 826 1361 845 ea;
1381 818 1519 845 animabus
1544 818 1648 851 castris,
1669 818 1701 844 ab

78 861 213 889 ἀπέναντι
228 862 292 888 τῶν
308 861 468 897 ὀφθαλμῶν
482 869 552 896 μου·
567 862 726 889 παύσασθε
738 862 796 889 ἀπὸ
806 861 866 888 τῶν

78 906 219 940 πονηριῶν
235 906 335 941 ὑμῶν.

114 952 230 987 ’Δπόχρη
249 952 302 987 μὲν
314 951 381 988 πρὸς
397 952 526 987 ἀπόνιψιν
541 951 677 988 ἁμαρτίας
692 951 722 978 τδ
734 952 865 987 σωτήριον

78 998 120 1025 καὶ
133 998 209 1031 ἆγιον
225 997 383 1032 βάπτισμα,
397 998 444 1024 καὶ
457 998 507 1033 τὴν
524 997 577 1023 τῶν
596 997 646 1032 ἤδη
664 997 867 1033 προεπταισμέ-

79 1053 125 1071 νων
149 1043 299 1079 διασμὴχει
329 1042 433 1078 κηλῖδα.
452 1042 558 1078 Χρῆναι
581 1042 609 1068 δέ
629 1051 699 1078 φημι
713 1043 775 1074 τοὺς
792 1042 866 1075 ἆπαξ

78 1090 263 1125 ἡγιασμένους,
284 1089 410 1124 καθαρὰς
437 1089 484 1116 καὶ
503 1087 646 1124 ἀμώμους,
666 1088 704 1120 ὡς
719 1088 752 1116 ἂν
766 1086 817 1115 οἷοί
835 1097 864 1115 τε

79 1134 136 1169 εἶεν,
150 1136 198 1167 τὰς
210 1134 321 1162 ἑαυτῶν
333 1135 477 1170 φυλάττειν
496 1133 585 1169 ψυχὰς
605 1134 652 1160 καὶ
666 1133 866 1169 διαμεμνῆσθαι

81 1183 123 1217 μὲν
145 1182 190 1208 τοῦ
209 1181 352 1215 λέγοντος·
370 1190 380 1206 ‹
400 1180 477 1216 Πάσῃ
497 1180 603 1215 φυλακῇ
626 1180 704 1216 τήρει
729 1180 778 1215 σὴν
798 1189 866 1216 καρ-

79 1229 139 1255 δίαν.
155 1238 165 1255 ι
178 1229 234 1255 Καὶ
251 1228 349 1255 πάλιν*
373 1236 382 1253 ι
403 1227 464 1254 Ἐὰν
476 1226 584 1261 πνεῦμα
600 1225 647 1252 τοῦ
662 1225 865 1259 ὲξουσιάζοντος

81 1274 158 1310 ἀναϐῇ
174 1274 221 1300 ἐπὶ
236 1273 280 1306 σὲ,
296 1274 380 1300 τόπον
395 1281 441 1299 σου
454 1272 489 1307 (1)
506 1272 543 1308 μὴ
558 1272 640 1307 ἀφῇς,
650 1271 691 1298 ὃτι
703 1271 771 1306 ἴαμα
782 1279 866 1298 κατα-

80 1320 169 1347 παύσει
182 1320 324 1355 ἁμαρτίας
344 1317 475 1354 μεγάλας.
496 1327 505 1344 ›
517 1318 645 1344 Πλεῖσται
660 1316 709 1352 μὲν
722 1317 783 1344 ὅσαι
798 1316 866 1352 πρὸς

81 1367 109 1394 τὰ
118 1366 212 1401 αἰσχίω
226 1366 379 1401 βλέπουσαι
393 1364 442 1400 τὴν
457 1363 504 1390 τοῦ
518 1363 661 1398 ἀνθρώπου
675 1362 762 1398 ψυχὴν
779 1370 866 1389 κατα-

82 1412 188 1439 σείουσιν
213 1411 331 1447 ἡδοναὶ,
349 1410 397 1437 καὶ
420 1409 472 1445 πρό
489 1418 520 1444 γε
539 1409 593 1436 τῶν
615 1408 712 1442 ἄλλων,
734 1409 749 1435 6
767 1409 795 1436 ὲν
810 1409 866 1440 τοῖς

83 1458 167 1493 μέλεσι
185 1458 234 1493 τῆς
249 1457 355 1493 σαρκὸς
371 1455 490 1492 ἔμφυτός
504 1464 534 1482 τε
549 1455 595 1483 καὶ
612 1454 759 1490 ἀγριαίνων
773 1455 864 1490 νόμος·

82 1489 134 1530 εἶτα
145 1489 218 1539 πρὸς.
225 1489 337 1534 τούτοις
349 1489 518 1537 διαλογισμοὶ
534 1489 658 1538 πονηροῖς
673 1500 740 1536 πρὸς
757 1500 811 1526 πᾶν
828 1497 866 1526 εἴ·
879 1489 900 1519 C

82 1550 120 1582 δος
135 1549 302 1584 φαυλότητος
317 1549 367 1575 οὐκ
381 1547 501 1582 ἀγεννῶς
515 1546 772 1583 καταδροχιζόμενοι
783 1545 827 1572 τὸν
838 1547 867 1573 ὲν

81 1597 140 1631 ἡμῖν
149 1596 212 1622 ὅντα
225 1595 303 1622 νοῦν.
315 1596 361 1621 Δεῖ
373 1594 405 1630 δὴ
416 1591 462 1621 οὖν
472 1593 525 1620 τῶν
536 1593 662 1620 τοιούτων
677 1592 804 1620 ἁπάντων
818 1592 868 1619 ἀπ-

82 1643 180 1679 έχεσθαι
190 1642 285 1669 κακῶν
294 1642 357 1673 τοὺς
370 1640 612 1677 βεϐαπτισμένους,
623 1639 726 1673 καὶτὰς
735 1638 867 1674 πονηρίας

82 1688 181 1722 ἀφελεῖν
196 1687 252 1714 ἀπὸ
261 1688 315 1723 τῆς
329 1687 397 1718 ιδίας
405 1685 504 1722 ψυχῆς·
519 1685 565 1712 καὶ
572 1684 630 1713 οὔτι
644 1685 724 1720 μόνον
732 1685 761 1711 ὲν
769 1684 868 1719 ὀφθαλ-

85 1735 136 1769 μοῖς
149 1733 313 1769 ἀνορώπων,
329 1732 398 1759 ἀλλά
414 1732 460 1758 καὶ
475 1732 503 1758 ὲν
517 1731 667 1766 ὀφθαλμοῖς
684 1730 801 1766 μάλιστα
819 1729 865 1756 τοῦ

83 1780 161 1806 πάντα
171 1779 272 1809 εἰδότος
281 1786 314 1804 τε
325 1778 371 1804 καὶ
379 1777 530 1813 ἐφορῶντος
540 1776 618 1803 Θεοῦ.
636 1776 866 1803 Ὑποπλάττονται

85 1824 184 1860 μὲνγὰρ
191 1824 246 1851 ἔσθ’
252 1825 299 1851 ὅτε
307 1824 336 1851 τὸ
342 1822 412 1851 εἶναι
419 1823 542 1860 χρηστοὶ,
549 1822 596 1849 καὶ
603 1822 652 1858 τὴν
660 1822 709 1857 τῆς
717 1821 866 1853 ἐπιεικείας

83 1871 180 1906 δόκησιν
192 1870 443 1906 παρακλέπτοντες,
457 1868 557 1895 ἔσωθεν
570 1868 598 1895 δέ
612 1869 680 1896 εἰσιν
694 1867 771 1894 λύκοι
782 1867 867 1903 ἅρπα-

83 1925 133 1951 γες,
149 1917 217 1944 γατά
232 1916 264 1943 τὸ
284 1915 487 1951 γεγραμμένον.
502 1915 558 1941 Καὶ
574 1914 638 1950 περὶ
653 1914 763 1947 παντὸς,
779 1913 865 1949 οἶμαι²

83 1963 191 1989 τοιούτου
201 1963 247 1989 τὸν
259 1961 317 1988 τῶν
328 1962 396 1988 ὅλων
406 1960 481 1993 θεὸν,
494 1960 537 1986 διὰ
548 1960 639 1995 φωνῆς
653 1960 785 1995 Ἰερεμίου
800 1967 870 1994 προ·

84 2009 159 2044 φήτου
169 2008 270 2043 λέγειν·
291 2017 300 2033 ι
313 2007 358 2042 Τῷ
371 2007 484 2041 στόματι
495 2006 577 2033 αὐτοῦ
587 2005 663 2032 λαλεῖ
673 2005 808 2041 είρηνικά,
819 2005 867 2032 καὶ

85 2054 108 2080 ἰν
121 2055 203 2090 ἑαυτῷ
219 2054 276 2089 ἔχει
291 2053 341 2089 τὴν
356 2053 465 2088 ἔχθραν.
480 2061 489 2078 ι
515 2052 570 2079 Καὶ
588 2052 641 2086 μὴν
655 2051 702 2078 καὶ
716 2051 806 2086 φωνῆς
817 2048 866 2076 τοῦ

85 2101 171 2128 Δασὶδ·
202 2110 210 2126 ι
228 2099 441 2135 Ἥπαλύνθησαν
453 2099 477 2125 οἱ
489 2098 561 2132 λόγοι
574 2098 664 2125 αὐτῶν
676 2098 745 2132 ὑπὲρ
766 2097 865 2130 ἔλαιον,

86 2146 124 2172 καὶ
137 2146 209 2173 αὐτοί
221 2147 276 2172 εισι
293 2145 406 2180 βολίδες.
418 2154 426 2170 ι
454 2144 522 2170 Ἀλλ’
537 2145 561 2170 εἰ
576 2144 623 2170 καὶ
638 2144 730 2170 πᾶσαν
747 2144 866 2170 ποιοῖντο

86 2192 191 2228 σπουδὴν
206 2192 246 2224 είς
264 2201 297 2226 γε
312 2191 344 2218 τὸ
361 2192 416 2218 δεῖν
432 2190 559 2218 δύνασθαι
577 2189 678 2221 λαϐεῖν,
695 2190 709 2215 6
730 2189 863 2216 κατοικῶν

84 2241 109 2265 ἐν
125 2239 245 2275 οὐρανοῖς
271 2237 450 2273 ὲκγελάσεται
475 2237 583 2268 αὐτοὺς,
608 2235 655 2262 καὶ
667 2236 681 2262 6
695 2235 797 2270 Κύριος
816 2235 863 2261 ὲκ-

86 2286 220 2320 μυκτηριεῖ
232 2285 342 2315 αὐτούς.
362 2281 436 2310 Οἶδεν
451 2282 515 2318 γὰρ,
534 2279 604 2309 οἶδεν
629 2281 743 2317 καρδίαν
758 2282 804 2308 καὶ
818 2290 863 2307 νε-

86 2331 169 2364 φρούς.
183 2331 212 2357 ’0
223 2331 251 2357 δὲ
267 2329 376 2364 ἀληθῶς
390 2328 490 2363 ἀγαθὸς
500 2327 618 2359 τοιοῦτος
631 2327 706 2354 ἔσται
720 2327 787 2362 μετὰ
797 2326 864 2353 Θεοῦ

86 2376 126 2401 καὶ
138 2375 297 2410 ἀνθρώπων,
310 2375 348 2405 ὡς
359 2373 413 2408 γὰρ
426 2375 440 2400 6
452 2373 554 2404 Παῦλος
566 2373 646 2408 φησίν
654 2381 661 2387 ·
678 2382 687 2398 ι
698 2371 865 2408 Προνοούμε-

86 2429 120 2446 νοι
132 2421 196 2448 καλὰ
216 2421 332 2448 ἐνώπιον
348 2420 461 2455 Κυρίου,
487 2419 553 2446 ἀλλὰ
571 2422 618 2446 καὶ
629 2419 743 2446 ἐνώπιον
757 2418 864 2454 ἀνθρώ-

86 2474 146 2493 πων.
156 2477 165 2492 ι
182 2467 263 2501 Μέγα
278 2467 368 2493 τοίνυν
379 2466 410 2492 τὸ
422 2465 518 2501 ἐξᾶραι
531 2465 580 2497 τὰς
590 2465 721 2500 πονηρίας
736 2465 864 2491 ἀπέναντι

86 2514 131 2540 τῶν
146 2513 291 2548 ὀφθαλμῶν
307 2513 354 2540 τοῦ
376 2506 453 2539 Θεοῦ.
472 2512 526 2538 Καὶ
538 2512 608 2546 τάχα
627 2519 679 2537 που
692 2510 810 2541 τοιοῦτός
824 2518 865 2541 τις

86 2555 115 2592 ἦν
136 2560 149 2585 6
169 2559 325 2595 Ναθαναὴλ,
355 2559 420 2594 περὶ
443 2555 474 2584 οῦ
494 2566 575 2593 φησιν
597 2559 611 2583 6
633 2557 766 2592 Χριστός·
788 2565 798 2582 ι
812 2556 864 2582 Ἴδε

88 2603 369 2641 ἀληθῶςἸσραηλίτης,
382 2605 410 2631 ἐν
453 2603 526 2636 δόλος
533 2604 582 2630 οὐκ
593 2603 675 2630 ἐστιν.
690 2613 698 2629 ι
711 2602 866 2635 Παύσασθε,

89 2650 169 2683 φησὶν,
195 2651 249 2678 ἀπὸ
273 2651 328 2677 τῶν
345 2650 481 2685 πονηριῶν
497 2650 585 2685 ὑμῶν,
608 2650 679 2677 τοῦτ’
693 2650 761 2683 ἐστι,
781 2659 868 2676 κατα-

89 2695 184 2723 λείπετε
197 2697 247 2732 τῆς
259 2697 409 2733 συντρόφου
424 2706 454 2723 τε
466 2697 530 2732 ὑμῖν
543 2698 590 2724 καὶ
603 2696 742 2732 ἑντριϐοῦς
757 2697 868 2731 δυστρο-

84 2742 155 2778 πίας,
171 2745 357 2779 μεταστήσατε
374 2744 441 2779 πρὸς
455 2743 489 2770 τὰ
499 2743 602 2780 ἀμείνω
615 2744 665 2779 τὴν
682 2742 785 2769 ἑαυτῶν
802 2742 866 2768 δυσ-

84 2803 139 2842 ,ηξξ
151 2803 208 2842 Act.
231 2805 409 2842 m,J7;_i_t,_
419 2805 454 2832 58
466 2826 473 2838 ,
490 2805 534 2832 59.
572 2805 612 2842 7"
631 2804 711 2842 Prov.
726 2811 767 2833 iv,
791 2803 837 2842 25:

84 2830 110 2862 i“
124 2830 188 2865 l’sal;
203 2830 322 2871 “viiii;
339 2830 473 2868 "Cadini
488 2830 536 2873 ἱίιζ
556 2841 600 2868 17.
631 2830 659 2855 ⁷⁸⁵
680 2830 766 2866 ,Ιότιιιί
782 2845 801 2870 t,
817 2837 860 2864 47.

120 2883 158 2919 (Ι)
169 2883 328 2913 Humfrcdus
343 2885 408 2921 legit
426 2887 536 2921 καρδίαν
553 2896 610 2914 σου.

254 2934 394 2963 ΡΑτιιοιι.
418 2934 475 2963 (in.
499 2935 597 2965 LXX.

918 861 1000 889 oculis
1017 864 1100 896 meis,-
1118 864 1241 898 quiescite
1256 871 1271 890 a
1287 864 1393 890 malitiis
1406 861 1509 891 ues‘in’s.

952 951 992 978 Ad
1009 951 1112 986 peccati
1132 958 1248 986 namque
1274 951 1440 978 ablutionem
1460 949 1558 978 suﬂicit
1580 949 1700 978 salutare

917 1003 944 1025 et
963 1005 1070 1025 sacrum
1088 997 1236 1030 lavacrum,
1259 997 1444 1031 abstergitque
1467 996 1637 1031 superiorum
1654 997 1702 1023 de-

916 1043 1041 1071 lictorum
1057 1043 1199 1071 maculam.
1212 1043 1262 1077 Qui
1275 1050 1339 1070 vero
1350 1043 1435 1071 semel
1449 1042 1610 1070 sanetiilcati
1625 1046 1700 1074 sunt,

916 1090 1020 1117 animas
1039 1097 1102 1118 suas
1117 1090 1206 1125 quoad
1230 1089 1287 1124 ejus
1302 1088 1358 1116 ﬁeri
1379 1093 1480 1124 potest,
1499 1096 1581 1123 puras
1602 1093 1630 1116 et
1646 1087 1700 1115 illi-

916 1134 992 1162 batas
1009 1142 1119 1163 servare
1141 1138 1266 1170 oportere
1290 1135 1340 1168 ait.
1359 1140 1387 1162 et
1410 1141 1545 1162 memores
1559 1138 1620 1162 esse
1641 1132 1700 1167 ejus

915 1182 961 1216 qui
978 1182 1042 1209 dicit
1058 1189 1065 1208 :
1082 1190 1092 1208 ‹
1112 1180 1191 1209 Omni
1207 1181 1328 1209 custodia
1344 1180 1423 1209 serva
1437 1188 1484 1209 eor
1499 1184 1573 1207 tuum
1586 1180 1620 1208 ".
1639 1188 1650 1206 ι
1668 1179 1702 1207 Et

916 1233 1011 1254 rursus
1026 1235 1033 1253 :
1056 1235 1066 1252 ι
1092 1225 1121 1254 Si
1143 1227 1256 1262 spiritus
1273 1226 1438 1256 dominantis
1454 1226 1606 1254 ascenderit
1618 1226 1645 1252 in
1662 1229 1699 1258 te,

916 1281 963 1301 cor
981 1278 1054 1300 tuum
1076 1279 1109 1300 ne
1129 1272 1260 1306 dimittas,
1278 1273 1341 1308 quia
1364 1272 1468 1302 medela
1492 1273 1621 1308 reprimet
1637 1279 1701 1306 pec-

916 1323 976 1346 cata
999 1319 1082 1346 multa
1095 1319 1128 1347 “.
1145 1327 1155 1345 ι
1172 1318 1300 1353 Voluptas
1324 1319 1395 1346 enim
1418 1325 1513 1354 magna
1535 1326 1596 1354 qua:
1618 1319 1700 1346 etiam

916 1373 978 1393 cum
1003 1365 1169 1400 turpitudine
1193 1365 1338 1401 conjuncta
1361 1370 1414 1398 est,
1437 1365 1556 1393 hominis
1580 1365 1700 1393 animam

917 1410 1073 1443 labefactat,
1090 1410 1276 1446 imprimisque
1298 1418 1353 1446 prte
1377 1410 1437 1438 aliis
1459 1410 1500 1438 les
1521 1410 1547 1437 in
1569 1411 1701 1439 membris

917 1457 1009 1485 carnis
1033 1458 1113 1484 insita
1132 1461 1158 1484 et
1179 1456 1308 1490 efferata;
1333 1457 1365 1484 ad
1393 1457 1461 1491 haec,
1485 1464 1575 1492 pravae
1597 1456 1701 1493 cogita-

919 1504 1007 1531 tiones
1031 1504 1057 1532 in
1078 1511 1159 1531 omne
1183 1503 1309 1531 vitiorum
1327 1510 1413 1538 genus
1435 1508 1554 1532 mentem
1579 1507 1700 1532 nostram

917 1551 995 1585 plane
1011 1550 1208 1586 demergeutes.
1234 1549 1387 1584 Baptizatus
1403 1549 1484 1585 igitur
1496 1554 1603 1585 oportet
1618 1550 1652 1578 ab
1666 1549 1701 1578 il-

917 1596 1043 1624 liusmodi
1067 1596 1214 1624 sceleribus
1244 1596 1369 1624 omnibus
1394 1596 1551 1624 desistere:
1580 1604 1631 1624 nec
1653 1603 1700 1624 so-

917 1642 972 1669 lum
989 1641 1022 1669 ab
1034 1642 1076 1670 his
1088 1642 1210 1677 partibus
1223 1649 1283 1676 quae
1293 1646 1403 1670 exstant
1417 1646 1444 1670 et
1457 1642 1483 1670 in
1493 1646 1639 1677 conspectu
1653 1649 1701 1678 po-

917 1688 977 1716 sita:
1000 1692 1074 1720 sunt,
1096 1688 1143 1716 sed
1163 1691 1190 1716 et
1211 1687 1246 1715 ab
1261 1687 1350 1715 anima
1370 1694 1418 1715 sua
1441 1687 1590 1722 nequitiam
1609 1694 1700 1715 remo-

900 1745 903 1747 -
917 1741 980 1761 vcre
997 1740 1005 1760 :
1024 1733 1140 1761 maxime
1155 1741 1216 1761 cum
1234 1728 1323 1761 videat
1335 1734 1405 1761 Deus
1418 1736 1447 1760 et
1458 1733 1585 1769 inspiciat
1596 1733 1700 1762 omnia.

918 1778 1052 1806 Simulant
1065 1779 1165 1807 etenim
1185 1785 1379 1814 nonnunquam
1394 1777 1493 1810 bonos,
1510 1783 1538 1806 et
1556 1779 1701 1814 probitatis

917 1825 1071 1860 opinionem
1088 1829 1257 1860 aucupanlur
1280 1829 1306 1852 et
1325 1824 1401 1859 quasi
1424 1823 1602 1858 suﬂ'urantur,
1625 1824 1700 1852 intus

917 1876 978 1897 cum
992 1869 1046 1896 sint
1060 1869 1114 1905 lupi
1130 1876 1251 1904 rapaces,
1268 1869 1415 1896 secundum
1429 1869 1456 1896 id
1478 1868 1548 1903 quod
1565 1868 1698 1904 scriptum

917 1919 959 1942 est
985 1914 1018 1941 “.
1045 1914 1082 1942 De
1106 1914 1203 1950 quibus
1227 1914 1352 1942 omnibus
1376 1914 1494 1941 arbitror
1514 1914 1700 1942 universitatis

917 1960 1000 1988 Deum
1015 1968 1081 1988 voce
1097 1960 1220 1988 Jeremia‘.
1238 1961 1327 1988 dicere
1340 1969 1348 1987 :
1367 1969 1377 1986 ι
1392 1959 1444 1988 Ore
1456 1967 1505 1988 suo
1521 1960 1639 1995 loquitur
1653 1967 1701 1995 pa-

917 2003 1005 2039 ciiica,
1024 2011 1052 2034 et
1068 2006 1120 2042 ιθ
1136 2007 1205 2041 apud
1225 2013 1285 2033 sese
1304 2005 1385 2033 habet
1398 2006 1490 2034 odium
1503 2006 1537 2034 δ’.
1560 2015 1570 2032 ι
1586 2005 1657 2040 Quin
1673 2011 1701 2034 et

915 2060 982 2080 voce
1010 2052 1118 2080 Davidis
1146 2059 1155 2079 :
1186 2061 1195 2077 ι
1219 2051 1312 2080 Molliti
1342 2057 1406 2079 sunt
1435 2059 1576 2080 sermones
1603 2059 1700 2080 eorum

916 2105 998 2134 super
1009 2098 1146 2131 oleum,et
1159 2098 1210 2133 ipsi
1229 2102 1293 2125 sunt
1303 2097 1390 2132 iacula
1405 2097 1439 2125 ⁵³.
1455 2107 1465 2124 ι
1484 2097 1540 2125 lmo
1555 2103 1701 2133 quantum-

916 2145 957 2172 vis
981 2144 1066 2172 latere
1090 2145 1210 2179 cupiant,
1231 2143 1275 2178 qui
1295 2143 1399 2171 habitat
1427 2143 1454 2171 in
1477 2142 1555 2171 coalis
1578 2142 1701 2170 irridebit

917 2197 965 2218 eos
994 2195 1021 2218 et
1049 2190 1179 2217 Dominus
1208 2189 1383 2218 subsannabit
1417 2196 1475 2217 eos.
1507 2187 1588 2216 Novit
1627 2189 1701 2216 enim

917 2235 972 2268 ille,
995 2235 1069 2262 novit
1098 2236 1178 2262 corda
1207 2240 1235 2262 et
1267 2242 1355 2262 renes.
1387 2234 1423 2262 At
1450 2235 1495 2270 qui
1520 2241 1584 2262 vere
1612 2234 1702 2262 bonus

916 2287 967 2314 est,
997 2282 1033 2309 ita
1054 2282 1107 2309 erit
1126 2285 1152 2310 et.
1179 2282 1249 2318 apud
1277 2283 1358 2309 Deum
1381 2286 1409 2309 et
1429 2281 1500 2316 apud
1521 2281 1655 2313 homines,
1672 2286 1702 2307 ut

917 2334 944 2356 ct
961 2328 1027 2356 dicit
1050 2328 1150 2356 Paulus
1173 2337 1180 2356 :
1209 2337 1218 2355 ι
1239 2328 1413 2356 Providentes
1437 2327 1506 2354 bona
1531 2334 1584 2353 non
1614 2326 1701 2353 solum

918 2382 1009 2402 coram
1026 2375 1151 2407 Domino,
1174 2375 1221 2402 sed
1235 2379 1262 2402 et
1286 2381 1377 2403 coram
1398 2373 1551 2401 hominibus
1568 2372 1600 2400 ⁸⁸.
1615 2381 1625 2398 ›
1643 2371 1702 2399 Ma-

918 2429 999 2455 gnum
1024 2420 1115 2454 itaque
1145 2420 1197 2448 hoc
1220 2423 1270 2452 est,
1297 2419 1454 2454 iniquitates
1474 2419 1508 2446 ab
1534 2418 1621 2446 oculis
1654 2417 1702 2445 Dei

918 2467 1088 2494 submovere.
1102 2466 1194 2500 Qualis
1206 2471 1266 2493 erat
1275 2466 1436 2498 Nathanaei,
1449 2466 1482 2494 de
1492 2473 1546 2500 quo
1555 2465 1680 2493 Christus
1693 2473 1702 2492 :

921 2521 930 2538 ι
951 2512 1020 2540 Ecce
1041 2520 1107 2540 vere
1127 2511 1262 2545 lsraelita,
1285 2512 1311 2539 in
1331 2519 1385 2546 quo
1409 2511 1487 2539 dolus
1509 2518 1562 2538 non
1578 2509 1668 2538 est“.
1689 2519 1698 2535 ι

920 2559 1049 2586 Desistite
1065 2559 1158 2593 igitur,
1173 2558 1272 2593 inquit,
1289 2558 1323 2586 ab
1340 2558 1525 2593 iniquitatibus
1541 2557 1659 2584 vestris:
1673 2554 1702 2584 id

918 2610 970 2638 est,
986 2605 1102 2634 desinite
1122 2605 1294 2634 committere
1317 2610 1459 2640 peccatum
1475 2604 1547 2639 quod
1560 2603 1701 2630 nobiscum

918 2659 969 2678 una
994 2652 1123 2680 coalescit
1146 2656 1173 2679 et
1194 2652 1365 2684 inhaerescit;
1393 2651 1426 2678 ad
1452 2651 1563 2678 meliora
1584 2657 1632 2677 cor
1656 2640 1720 2675 διο-ί

917 2702 1003 2724 strum
1029 2698 1188 2726 convertite.
1205 2697 1281 2731 Quod
1303 2697 1326 2725 si
1347 2697 1405 2725 haec
1426 2697 1550 2725 Chrisms
1570 2693 1699 2730 loquitur,

916 2742 1025 2770 Judazos
1050 2743 1165 2770 crimine
1194 2751 1349 2777 arcessens,
1376 2743 1463 2778 cogita
1502 2749 1562 2778 quae
1585 2738 1700 2767 fecerint

890 2802 914 2819 ‘°
932 2803 1005 2831 Eccl.
1022 2811 1049 2838 π,
1064 2804 1090 2831 4.
1141 2803 1162 2820 ⁸¹
1182 2803 1276 2831 Matth.
1292 2812 1344 2838 vn,
1364 2803 1406 2831 l5.
1460 2803 1483 2818 ι’
1497 2802 1596 2831 Jeretn.
1612 2808 1633 2826 tr
1649 2819 1655 2830 ,
1672 2800 1698 2828 8.

1484 2931 1503 2959 2
