1890 3053
527 107 545 119 δ

1609 72 1624 79 ς

175 136 211 165 45
685 131 714 159 S.
735 129 872 159 CYRILLI
891 126 1126 157 ALEXANDRINI
1147 127 1306 155 ARClllEP.
1765 133 1798 160 ,η

175 199 236 223 cum
253 191 485 219 debaccltarentur
503 189 530 216 in
547 195 619 221 eum,
640 188 752 223 laqueos
765 191 906 222 ponerent,
921 186 946 213 fa

1020 185 1136 220 ιροπίαν.
1155 185 1185 212 El
1206 185 1233 211 δὲ
1256 185 1287 220 δὴ
1310 185 1393 212 ταῦτα
1411 186 1482 220 λέγοι
1499 187 1624 222 Χριστὸς,
1643 189 1689 215 καὶ
1707 197 1800 216 καταισ

173 245 238 265 vcas
254 237 386 269 l'oderent,
406 243 523 270 cumque
543 233 630 262 modis
647 233 774 261 omnibus
793 239 824 259 ac
841 231 904 259 totis
919 231 956 257 vi-

174 284 251 312 ribus
263 290 344 311 omne
355 289 440 317 genus
453 280 631 309 immanitatis
647 279 674 306 in
690 286 751 306 eum
766 277 956 305 macliinarcn-

173 335 227 357 tur.
241 329 318 356 Nunc
334 327 435 355 etenim
453 326 586 362 quosdam
604 332 619 352 e
637 325 692 352 suis
708 323 845 358 discipulis
863 322 958 350 subor-

171 378 238 402 nant
257 381 319 402 cum
332 373 378 400 his
399 373 444 407 qui
463 377 594 399 vocantur
612 370 770 403 llerodiani,
793 373 823 396 ut
845 368 961 395 interro-

174 424 271 456 garent
285 425 314 446 et
328 419 451 446 dicerem
462 426 468 443 :
480 427 491 444 ‹
505 417 615 445 Licetne
628 417 691 444 dare
707 415 834 442 tributum
848 412 959 444 Caesari,

172 473 206 493 an
230 473 282 493 non
294 465 363 492 “2M
385 463 462 491 Nunc
484 463 567 490 etiam
584 463 682 490 iterum
707 460 839 488 accedunt
862 463 890 486 et
916 458 959 485 in-

171 512 269 546 quiunt
292 520 299 538 :
328 519 338 536 ι
355 509 396 537 An
412 509 474 537 licet
488 515 588 536 curare
608 506 744 535 Sabbato?
758 511 785 533 ut
799 508 958 533 accusarent

170 564 232 584 eum
254 556 289 582 ".
305 564 315 582 ι
337 555 457 582 Audiant
481 554 594 588 proinde
618 553 750 580 dicentem
769 560 776 578 :
801 560 810 577 ι
827 550 957 577 Amovete

171 602 274 630 scelera
291 600 441 628 animarum
457 604 607 627 vestrarum
622 598 656 626 ab
672 597 758 626 oculis
779 597 856 628 meis,
882 595 953 622 desi-

169 649 231 675 stite
245 648 279 674 ab
292 646 478 680 iniquitatibus
493 644 600 672 vestris.
619 653 629 670 ι

1006 230 1087 265 τιῷτο
1112 231 1176 262 τοὺς
1200 231 1353 263 Ἰουδαίους,
1382 233 1518 268 ἐννοήσεις
1549 233 1598 260 ὅσα
1628 234 1800 269 πεπράκασιν

1008 277 1238 312 ὲμπαροινοῦντες
1264 277 1348 313 αὐτῷ,
1378 278 1425 304 καὶ
1457 278 1557 312 παγίδα
1591 280 1723 312 ἱστάντες,
1753 280 1800 307 καὶ

1008 322 1191 358 διορύττοντες
1216 323 1338 359 βόθρους.
1366 324 1421 351 Καὶ
1443 325 1473 351 τό
1493 334 1524 360 γε
1544 322 1611 361 ἧκον
1634 327 1674 357 εἰς
1690 327 1799 358 αὐτοὺς,

1010 369 1057 395 καὶ
1072 370 1112 400 εἰς
1125 368 1239 404 δύναμιν
1251 370 1473 404 ἐπιχειρημάτων
1491 372 1544 397 πᾶν
1558 368 1627 402 εἶδος
1642 372 1800 407 σκαιότητος

1011 414 1157 449 ἀρτύοντες
1171 414 1215 440 ἐπ’
1229 414 1315 450 αὐτῷ.
1332 416 1400 442 Ποτὲ
1418 416 1467 451 μὲν
1488 416 1542 452 γὰρ
1555 416 1741 443 ἀπεστάλκασί
1759 426 1800 443 τι-

1009 468 1056 490 νας
1070 459 1123 486 τῶν
1140 460 1212 487 ίδίων
1228 460 1365 496 μαθητῶν,
1377 462 1446 497 μετὰ
1458 462 1511 489 τῶν
1527 463 1700 498 καλουμένων
1714 463 1800 499 Ἡρω-

1009 503 1116 537 διανῶν,
1134 506 1277 541 ὲρομένους
1294 515 1324 533 τε
1339 507 1384 533 καὶ
1396 507 1524 542 λέγοντας
1535 516 1541 524 ·
1559 518 1568 534 ι
1581 507 1688 541 Ἔξεστι
1707 509 1799 535 δοῦναι

1008 550 1107 585 φόρους
1130 551 1289 587 Καίσαρι,ἢ
1313 552 1343 578 οὗ
1357 561 1364 585 ;
1378 562 1387 578 s
1411 553 1479 579 Ποτὲ
1501 553 1529 579 δὲ
1548 553 1628 580 πάλιν
1653 555 1800 590 προσίεσαν

1006 593 1140 628 λέγοντες,
1159 605 1168 621 ‹
1179 596 1211 623 El
1226 596 1314 630 ἔξεστι
1334 597 1373 633 τῷ
1390 599 1522 635 Σαϐϐάτῳ
1538 599 1724 635 depart-sisui;
1741 600 1800 628 Ἵνα

1002 642 1228 677 κατηγορήσωσιν
1239 642 1331 670 αὑτοῦ.
1343 653 1352 669 ι
1364 644 1548 671 Ἀκουέτωσαν
1561 645 1650 672 τοίνυν
1659 645 1798 680 λέγοντος,

171 702 181 718 ‹
193 693 336 727 Ἀφέλεσοε
344 692 393 723 τὰς
402 691 531 726 πονηρίας
539 691 651 718 ἀπὸτῶν
661 690 755 726 ψυχῶν
766 690 842 726 ὑμῶν
850 688 979 716 ἀπέναντι
990 686 1044 713 τῶν
1051 688 1198 724 ὀφθαλμῶν
1205 691 1412 725 μου.Παύσασθε
1422 692 1476 719 ἀπὸ
1483 692 1537 721 τῶν
1545 693 1680 728 πονηριῶν
1691 694 1778 729 ὑμῶν.
1786 704 1795 720 ι

204 741 285 768 Vsus.
303 740 345 773 i7,
359 740 404 766 18.
419 739 519 766 Discite
535 739 620 774 facere
636 739 742 772 bonum,
755 738 864 774 quaerite
880 735 955 772 judi-

1043 735 1156 763 Μάθετε
1176 738 1271 765 καλὸν
1286 739 1392 772 ποιεῖν,
1420 738 1601 774 ὲκζητήσατε
1616 742 1728 775 κρίσιν,
1745 743 1799 775 ῥύ-

167 787 235 814 a'um
249 806 255 817 .
272 793 422 821 oppressum
437 786 556 818 liberate,
573 785 694 820 judicate
711 784 822 820 pupillos
841 789 863 810 et
874 783 946 818 justi-

1020 782 1105 808 t’acds
1121 781 1328 817 ἀδικούμενον,
1343 784 1462 818 κρίνατε
1476 784 1604 820 ὀρφανῷ,
1616 786 1663 812 καὶ
1678 786 1798 813 δικαιώ-

166 832 243 866 ficate
259 831 408 864 viduam,et
422 831 515 862 venite,
527 835 551 857 et
566 838 722 866 arguantur,
735 829 796 856 dicit
813 829 952 855 Dominus.

167 876 202 903 Et
215 877 236 903 si
249 876 301 903 sint
319 880 425 910 peccata
445 880 528 903 uestra
541 875 616 911 quasi
642 876 812 910 phoeniceum,
824 875 891 902 sicut
911 875 953 901 ni-

167 929 222 948 uem
237 921 375 949 dealbabo.
397 920 432 948 Et
456 921 478 947 si
499 921 550 948 sint
571 925 598 948 ut
613 920 755 953 coccinum,
774 919 841 947 velut
864 919 953 946 lanam

165 967 303 994 dealbubo.

201 1012 417 1040 [inbecillitatem
434 1012 522 1040 cultus
537 1012 630 1046 legalis
647 1012 780 1045 definivit,
802 1019 864 1039 cuin
887 1010 925 1038 ait
944 1019 951 1037 :

168 1067 178 1084 ε
197 1057 332 1091 Quorsum
344 1057 409 1085 milii
424 1057 568 1085 multitudo
580 1057 777 1086 sacriﬁciorum
789 1062 951 1089 vestrorum,

166 1104 232 1131 dicit
250 1103 398 1131 Dominus?
424 1103 504 1131 Satur
534 1111 602 1131 sum.
621 1113 630 1129 ι
649 1103 682 1131 Ει
707 1103 752 1131 ubi
778 1103 923 1130 subintulit
945 1111 950 1129 :

169 1159 178 1176 ο
194 1150 260 1183 Quis
273 1150 344 1177 enim
359 1149 449 1185 exegit
463 1151 519 1177 lrzec
532 1149 565 1177 de
580 1150 705 1177 manibus
718 1149 834 1177 vestris?
849 1159 858 1175 ι
872 1149 953 1177 Com-

166 1197 245 1224 mode
260 1195 315 1230 jam
337 1196 424 1223 denuo
445 1195 608 1230 evangelicae
631 1195 849 1223 conversationis
865 1195 952 1230 digni-

167 1247 260 1275 tatem,
279 1247 307 1269 et
329 1242 413 1277 quasi
427 1241 587 1276 elegantiam
602 1241 722 1276 exponit,
735 1246 762 1269 et
780 1246 879 1269 sanctie
893 1241 953 1268 vitae

167 1288 237 1315 viam
252 1288 372 1316 ostendit
386 1294 459 1320 vero,
477 1294 537 1322 quze
562 1295 615 1314 non
634 1287 661 1314 in
682 1287 752 1323 typis
765 1294 846 1322 porro
864 1288 952 1314 autin

166 1334 282 1366 umbris,
296 1334 343 1361 sed
358 1340 391 1360 ex
406 1333 488 1360 rebus
510 1333 575 1368 ipsis
592 1332 812 1366 ornamentisque
825 1333 953 1360 virtutum

167 1381 272 1407 laudem
285 1379 401 1406 habetet
411 1378 643 1413 approbationem.
662 1378 731 1412 Quid
740 1379 811 1406 enim
822 1378 876 1406 ait:
893 1377 952 1405 «Di-

167 1427 235 1455 scite
249 1426 318 1453 bene
333 1425 439 1452 facere?
452 1434 461 1450 |
477 1425 518 1452 An
536 1425 627 1459 igitur,
650 1432 751 1460 quaeso,
762 1424 860 1452 dixerit
875 1424 951 1458 quis-

166 1471 237 1507 piam
247 1490 254 1503 ,
276 1471 372 1498 eximit
386 1470 495 1497 omnino
506 1470 560 1504 2ο
574 1477 589 1496 a
611 1469 675 1504 legis
692 1475 840 1505 praecepto,
856 1477 949 1504 neque

165 1517 229 1544 sinit
245 1516 355 1544 omnino
380 1517 412 1542 ad
436 1515 481 1542 illa
505 1523 554 1550 per
580 1515 672 1543 Mosen
692 1515 822 1542 divinitus
850 1515 948 1542 tradita

164 1567 299 1597 praecepta
331 1561 489 1595 respicere?
518 1560 551 1587 At
576 1561 621 1595 qui
648 1561 677 1588 tit
704 1565 734 1588 ut
759 1565 851 1595 postea
876 1560 949 1587 dicat

164 1609 290 1637 Christus
307 1617 314 1636 :
330 1617 339 1634 ι
357 1607 446 1636 Nolite
461 1612 555 1643 putare
568 1606 696 1642 quoniam
714 1607 773 1633 veni
790 1606 896 1634 solvere
910 1606 948 1633 le-

164 1663 224 1690 gem
241 1660 287 1682 aut
310 1654 472 1690 prophetas;
498 1661 552 1681 non
576 1654 635 1680 veni
659 1652 776 1685 solvere,
793 1653 840 1680 sed
863 1653 948 1679 adim-

163 1700 240 1735 plere
253 1699 287 1727 ⁸⁸.
305 1708 314 1725 ι
334 1699 369 1726 Ει
384 1699 521 1733 quomodo
534 1698 616 1726 etiam
636 1699 674 1725 ait
697 1697 794 1725 Paulus
810 1706 816 1724 :
833 1707 842 1723 ι
859 1697 948 1731 Quare

163 1746 205 1773 lex
219 1745 328 1780 quidem
353 1749 460 1776 sancta,
478 1748 504 1771 et
520 1748 682 1778 praeceptum
701 1749 834 1776 sanctum,
853 1745 948 1777 ctjus-

164 1795 230 1823 tum,
245 1795 273 1818 et
287 1791 386 1818 bonum
407 1789 450 1817 l'°?
465 1799 474 1816 ι
492 1790 532 1817 Ad
547 1797 606 1824 quae
622 1797 672 1817 nos
688 1797 794 1817 rursum
813 1790 945 1822 dicemus,

162 1837 259 1865 bonam
277 1837 384 1871 quidem
404 1843 464 1864 esse
491 1835 589 1869 legem.
612 1835 635 1862 si
656 1835 764 1869 quidem
783 1835 946 1870 intelligatur

161 1881 347 1918 spiritualiter,
364 1889 451 1916 neque
465 1881 561 1908 eximit
575 1888 624 1908 nos
638 1881 751 1908 omnino
764 1888 778 1907 a
794 1881 851 1916 lege
867 1881 946 1908 Chri-

161 1934 230 1961 stus,
249 1928 303 1954 imo
332 1926 418 1961 magis
440 1926 548 1954 deducit
569 1925 603 1952 ad
628 1925 654 1953 id
674 1927 746 1960 quod
767 1926 947 1954 excellentius

160 1984 204 2007 est
216 1983 244 2007 et
257 1977 428 2013 praestantius
448 1985 454 2003 :
469 1984 530 2004 cum
544 1976 726 2012 paedagogiam
743 1975 808 2009 legis
820 1981 868 2002 ceu
886 1973 946 2000 thu-

160 2026 318 2052 damentum
338 2023 364 2050 in
391 2022 469 2049 nobis
492 2021 688 2056 praestruxerit,
712 2025 740 2048 et
761 2020 872 2047 umbras
886 2019 946 2046 illas

160 2071 237 2106 quasi
256 2075 345 2106 typos,
366 2069 421 2096 veri
437 2067 527 2096 cultus
543 2072 674 2102 tauquam
688 2072 896 2101 progymnasma
913 2071 943 2092 ac

1005 833 1079 853 σατε
1097 827 1206 862 χήραν,
1225 829 1273 855 καὶ
1291 829 1387 863 δεῦτε,
1404 831 1454 857 καὶ
1471 829 1697 866 ὃιελεγχθῶμεν,
1714 832 1798 866 λέγει

1005 873 1121 906 Κύριος.
1134 874 1190 900 Kal.
1201 874 1255 901 ἐὰν
1269 873 1346 902 ὦσιν
1360 877 1390 902 αἱ
1403 876 1540 910 ἁμαρτίαι
1557 877 1640 911 ὑμῶν
1650 878 1690 909 ὡς
1701 887 1798 912 φοινι-

1004 918 1089 951 κοῦν,
1104 920 1145 952 ὡς
1160 921 1248 954 χιόνα
1259 920 1407 948 .1ευκανῶ.
1433 921 1500 948 Ἐὰν
1520 921 1553 948 δὲ
1568 919 1644 950 ὦσιν
1662 923 1702 955 ὡς
1723 925 1795 952 κόχ-

1005 971 1099 997 κινον,
1113 965 1185 992 ὡσεὶ
1199 965 1281 1001 ἔριον
1293 967 1440 995 λευκανῶ.

1039 1009 1095 1045 Τῆς
1110 1011 1138 1037 ὲν
1149 1011 1223 1046 νόμῳ
1238 1011 1367 1047 λατρείας
1380 1013 1411 1039 τὸ
1423 1013 1536 1048 ἀδρανὲς
1549 1014 1706 1050 καθορίσας,
1715 1015 1795 1042 διάτε

1003 1055 1049 1082 τοῦ
1064 1057 1157 1090 φάναι,
1184 1067 1193 1083 ι
1203 1057 1235 1084 Τί
1254 1059 1298 1093 μοὶ
1319 1059 1419 1094 πλῆθος
1433 1060 1486 1087 τῶν
1500 1061 1599 1088 θυσιῶν
1619 1061 1706 1097 ὑμῶν,
1721 1062 1795 1093 λέγει

1003 1101 1119 1138 Κύριος;
1133 1103 1242 1139 Πλήρης
1257 1104 1326 1139 εἰμί.
1341 1115 1349 1132 r
1363 1105 1418 1132 Καὶ
1431 1106 1534 1138 τούτοις
1550 1107 1714 1142 ἐπενεγκὼν,
1727 1117 1736 1133 ί
1747 1108 1795 1139 Τίς

1003 1147 1057 1183 γὰρ
1082 1148 1227 1185 ἐξεζήτησε
1240 1150 1324 1177 ταῦτα
1343 1151 1374 1177 ἐκ
1396 1152 1449 1178 τῶν
1474 1153 1572 1188 χειρῶν
1588 1153 1664 1188 ὑμῶν
1677 1162 1685 1186 ;
1698 1163 1707 1179 ι
1732 1153 1796 1180 Ἐπὶ

1004 1194 1100 1229 καιροῦ
1122 1195 1203 1221 πάλιν
1223 1196 1272 1231 τῆς
1297 1196 1475 1233 εὖαγγελικῆς
1502 1198 1638 1230 πολιτείας
1652 1199 1794 1234 ἐξηγεῖται

1003 1239 1051 1275 τὴν
1067 1240 1236 1276 ἁστειότητα,
1263 1242 1309 1269 καὶ
1327 1243 1376 1278 τῆς
1394 1243 1501 1278 ἀληθῶς
1522 1245 1601 1278 ἁγίας
1614 1244 1686 1279 ζωῆς
1705 1254 1793 1272 καταο

1002 1285 1121 1312 δείκνυσι
1135 1287 1183 1322 τὴν
1199 1287 1267 1319 ὁδὸν,
1286 1289 1335 1315 οὐκ
1348 1290 1376 1316 ὲν
1389 1289 1484 1321 τύποις
1501 1289 1541 1316 ἔτι
1556 1291 1602 1318 καὶ
1618 1293 1717 1324 σκιαῖς,
1734 1291 1793 1318 ἀλλ’

1004 1332 1032 1358 ἐν
1047 1332 1139 1363 αὐτοῖς
1153 1333 1307 1369 πράγμασι,
1325 1335 1438 1367 καὶτοῖς
1452 1335 1511 1362 κατ’
1525 1336 1625 1372 ἀρετὴν
1637 1337 1792 1372 νοουμένοις

1004 1377 1159 1413 αὐχήμασιν
1176 1378 1265 1414 ἔχουσι
1281 1380 1311 1406 τὺ
1327 1380 1479 1416 εὐδόκιμον.
1501 1382 1532 1409 Τί
1547 1383 1600 1419 γάρ
1614 1392 1690 1418 φησι,
1710 1393 1719 1409 ‹
1731 1384 1791 1410 Μά-

1005 1423 1064 1450 θετε
1081 1424 1162 1452 καλὸν
1177 1427 1281 1459 ποιεῖν;
1296 1436 1303 1452 ι
1319 1424 1381 1462 'Ap’
1391 1425 1447 1460 οὖν,
1462 1428 1522 1454 εἰπέ
1536 1437 1590 1464 μοι,
1607 1430 1671 1465 φαίη
1688 1438 1730 1461 τις
1745 1429 1790 1461 ἂν,

1002 1468 1123 1504 ἐξίστησι
1137 1470 1276 1502 παντελῶς
1291 1472 1340 1507 τῆς
1353 1472 1468 1507 νομικῆς
1484 1473 1608 1508 ἐντολῆς;
1623 1475 1672 1501 οὐκ
1686 1475 1717 1510 ea;
1734 1477 1792 1506 τοῖς

998 1514 1042 1541 διὰ
1058 1516 1179 1548 Μωσέως
1199 1517 1422 1552 τεθεσπισμὲνοις
1440 1519 1602 1551 ὲνατενίζειν
1621 1520 1707 1552 ὅλως;
1724 1519 1791 1548 Εἶτα

999 1559 1057 1592 πῶς
1073 1560 1175 1595 ἔφασκε
1191 1562 1316 1598 Χριστός·
1337 1573 1346 1588 ‹
1358 1564 1404 1599 Μὴ
1417 1565 1543 1599 νομίσητε
1564 1563 1694 1600 ὃτιῆλθον
1709 1575 1791 1593 κατα-

998 1605 1076 1632 λῦσαι
1087 1606 1132 1633 τὸν
1149 1607 1229 1642 νόμον
1242 1607 1258 1643 ἢ
1271 1609 1334 1640 τοὺς
1349 1610 1499 1645 προφήτας
1512 1610 1561 1637 οὐκ
1575 1609 1655 1646 ἦλθον
1671 1611 1791 1638 καταλῦ-

1000 1659 1053 1683 σαι,
1066 1651 1132 1679 ἀλλὰ
1144 1653 1297 1689 πληρῶσαι.
1314 1664 1324 1680 ›
1341 1655 1403 1687 Πῶς
1416 1656 1443 1682 δὲ
1454 1656 1500 1682 καὶ
1513 1657 1526 1683 ὁ
1537 1657 1640 1689 Παῦλος
1651 1657 1769 1692 ἔφασκεν
1782 1667 1788 1673 ·

1001 1705 1010 1721 ι
1023 1696 1103 1723 Ὥστε
1121 1698 1134 1724 ὁ
1152 1698 1200 1732 μὲν
1216 1698 1296 1734 νόμος
1318 1699 1403 1734 ἅγιος,
1421 1701 1467 1727 καὶ
1492 1702 1508 1736 ή
1531 1701 1622 1737 ἐντολὴ
1643 1703 1720 1736 ἁγία,
1742 1704 1791 1730 καὶ

998 1741 1098 1784 δικαία,
1110 1743 1156 1770 καὶ
1165 1744 1252 1780 ἀγαθὴ
1263 1754 1270 1778 ;
1282 1753 1291 1770 ›
1305 1745 1376 1780 Πρὸς
1385 1746 1416 1782 δὴ
1427 1746 1461 1772 τὰ
1472 1747 1559 1774 τοιάδε
1570 1748 1649 1775 πάλιν
1660 1749 1789 1784 ἐροῦμεν,

997 1786 1037 1813 ὅτι
1054 1776 1134 1820 καλὸς
1155 1790 1170 1815 ὁ
1188 1789 1279 1824 νόμος,
1304 1790 1327 1817 εἰ
1347 1790 1379 1826 δὴ
1397 1793 1482 1818 νοοῖτο
1507 1793 1710 1827 πνευματικῶς,
1738 1794 1790 1820 οὐκ

998 1833 1135 1870 ἐξίστησιν
1150 1836 1224 1870 ἡμᾶς
1245 1836 1398 1872 ὁλοτρύπως
1412 1836 1458 1863 τοῦ
1475 1838 1557 1873 νόμου
1573 1839 1707 1874 Χριστός;
1722 1839 1790 1866 ἀνα-

998 1879 1104 1912 ϐιϐάζει
1122 1880 1150 1907 δὲ
1169 1881 1268 1915 μᾶλλον
1285 1882 1330 1908 ἐπὶ
1346 1882 1376 1908 τὸ
1392 1882 1508 1918 προῦχον
1520 1884 1566 1910 καὶ
1585 1883 1704 1919 ἄμεινον,
1719 1885 1788 1912 ὐπο-

982 1926 1101 1962 ,6άοραν
1124 1927 1218 1963 ὥσπερ
1244 1928 1305 1954 τινὰ
1322 1930 1501 1964 προκαταθεὶς
1530 1931 1559 1956 ὲν
1582 1931 1647 1966 ἡμῖν
1672 1931 1722 1967 τὴν
1743 1931 1789 1958 διὰ

997 1972 1078 2008 νόμου
1098 1973 1294 2008 παιδαγωγίαν,
1313 1974 1359 2000 καὶ
1374 1974 1422 2010 τῆς
1434 1975 1549 2010 ἀληθοῦς
1562 1975 1689 2011 λατρείας
1704 1977 1788 2003 οἱονεὶ

997 2019 1199 2055 προγύμνασμα
1212 2020 1406 2055 προαναδείξας
1426 2022 1482 2052 τοῖς
1498 2021 1683 2057 ἀρχαιοτέροις
1698 2023 1733 2048 τὰ
1747 2022 1788 2054 ὡς

996 2063 1024 2090 ὲν
1051 2065 1139 2096 σκιαῖς
1167 2065 1213 2091 καὶ
1229 2065 1334 2096 τύποις.
1359 2065 1463 2097 Ἄλλως
1493 2074 1523 2092 τε
1548 2066 1657 2092 κάκεῖνο
1680 2066 1787 2099 τούτοις

162 2115 325 2152 tyrocim'um
339 2113 476 2141 veteribus
486 2112 744 2148 praemonstraverit.
760 2110 826 2140 lllud
839 2110 870 2137 ad
887 2110 943 2137 haec

1020 2110 1153 2144 ναγκαίως
1168 2110 1222 2136 ἔστ’
1240 2111 1326 2137 εἰπεῖν
1336 2118 1343 2126 ·
1366 2111 1394 2137 Ὁ
1411 2111 1458 2146 μὲν
1473 2111 1554 2146 νόμος
1569 2112 1582 2137 ὁ
1595 2112 1638 2138 διὰ
1650 2112 1785 2145 Μωσέως,

162 2159 264 2194 alioqui
280 2159 424 2187 dicendum
439 2163 480 2186 est
497 2166 504 2185 :
520 2157 576 2185 Lex
589 2157 703 2185 llosaica
715 2156 794 2183 docet
805 2163 820 2182 a
833 2155 898 2182 vitio
912 2161 944 2182 ac

160 2211 273 2240 peccato
293 2205 442 2236 abstinere,
459 2208 487 2230 et
503 2202 744 2231 commonstratrix
765 2205 808 2229 est
828 2200 943 2236 turpitu-

160 2251 241 2278 diuis.
264 2249 363 2277 Paulus
383 2250 473 2283 itaque
490 2249 529 2276 ait
546 2257 553 2276 :
573 2257 582 2275 ι
601 2248 745 2276 Peccatum
766 2255 818 2275 non
829 2247 942 2283 cognovi

160 2296 211 2323 nisi
239 2303 287 2331 per
308 2295 392 2331 legem
418 2294 452 2323 '°.
469 2304 479 2321 ι
497 2293 597 2322 Verum
622 2293 779 2329 praedicatio
804 2292 942 2328 Evangelii

158 2342 248 2370 reddit
262 2349 311 2369 nos
327 2342 418 2369 omnis
430 2341 539 2368 virtutis
556 2340 702 2368 studiosos.
722 2339 827 2367 idcirco
846 2339 943 2366 merito

158 2392 187 2414 et
203 2388 322 2423 proprie,
338 2392 365 2415 et
379 2395 442 2415 vere
462 2387 561 2415 bonum
586 2385 673 2421 reipsa
689 2385 742 2413 dici
757 2390 855 2420 potest.
873 2384 940 2412 Nam

159 2433 235 2467 illud,
248 2442 257 2459 ι
269 2432 327 2460 Non
337 2433 455 2466 occides,
466 2432 523 2460 Non
537 2432 711 2466 adulterabis,
722 2441 731 2458 ι
749 2431 869 2459 initiatos
882 2431 942 2465 qui—

159 2479 220 2507 dem
240 2479 394 2506 deterrebat
409 2487 424 2505 a
436 2483 558 2513 peccato,
575 2486 628 2506 non
642 2483 730 2506 tamen
745 2477 810 2512 quid
825 2476 943 2511 perfecte

158 2530 260 2550 bonum
286 2523 323 2551 sit
344 2523 519 2556 ostendebat,
546 2523 673 2551 nimirum
702 2522 779 2550 fratri
809 2529 862 2549 non
883 2529 943 2550 esse

158 2570 343 2602 irascendum,
361 2577 415 2598 non
430 2570 684 2605 concupiscendum,
706 2577 756 2597 nec
782 2569 815 2595 ad
834 2569 941 2596 virtutis

158 2616 261 2650 apicem
273 2619 300 2643 et
309 2620 498 2644 omamentum
510 2616 685 2651 perducebat.
695 2615 830 2642 Eximium
842 2616 941 2650 quippe

157 2667 201 2690 est
224 2661 292 2689 iram
319 2661 426 2691 vincere
444 2672 452 2689 :
474 2662 631 2690 admirabile
651 2665 692 2688 est
710 2668 788 2695 posse
812 2662 941 2689 revellere

159 2707 221 2733 mali
241 2706 411 2741 cupiditates,
434 2714 483 2734 nec
504 2707 660 2741 permittere
683 2711 799 2734 mentem
818 2707 850 2734 ad
866 2712 940 2734 tetra:

159 2756 186 2778 et
209 2751 436 2780 exsecratissimre
469 2751 626 2786 cupiditatis
659 2751 790 2786 principia
821 2753 938 2788 evagari.

998 2155 1164 2190 φαυλότητός
1188 2164 1217 2182 τε
1239 2157 1286 2182 καὶ
1302 2156 1439 2192 ἁμαρτίας
1462 2157 1629 2192 ἀποσχέσθαι
1653 2157 1784 2190 διδάσκει,

997 2201 1045 2228 καὶ
1065 2201 1118 2228 τῶν
1133 2202 1274 2236 αἰσχιόνων
1299 2203 1356 2228 ἐστὶ
1380 2203 1599 2238 παραδεικτικός.
1640 2204 1695 2230 Καὶ
1719 2204 1786 2239 γοῦν

996 2248 1011 2274 ὀ
1022 2248 1126 2280 Παῦλος
1143 2257 1224 2284 φησι’
1246 2258 1253 2274 ι
1269 2249 1324 2285 Τὴν
1340 2249 1368 2274 δὲ
1383 2250 1519 2285 ἁμαρτίαν
1534 2250 1582 2276 οὐκ
1598 2250 1683 2284 ἔγνων
1705 2252 1730 2277 εί
1746 2251 1785 2286 μὴ

997 2295 1040 2321 διὰ
1049 2294 1094 2321 τοῦ
1110 2295 1202 2328 νόμου.
1215 2304 1224 2320 ι
1240 2294 1277 2322 Τὸ
1297 2295 1325 2322 δὲ
1341 2296 1470 2331 κήρυγμα
1484 2296 1514 2322 τὸ
1532 2297 1708 2331 εὐαγγελικὺν
1721 2298 1785 2332 ἀρε-

996 2341 1046 2376 τῆς
1063 2341 1171 2377 ἁπάσης
1189 2342 1262 2377 ἡμᾶς
1284 2342 1449 2378 ἐπιμελητὰς
1463 2336 1618 2377 ἀποφαίνει.
1637 2343 1729 2379 Ταύτῃ
1743 2352 1784 2370 τοι

996 2385 1043 2413 καὶ
1067 2386 1224 2421 ὀνομάζοιτο
1246 2386 1279 2413 ἂν
1300 2387 1422 2420 εἰκότως,
1447 2388 1548 2422 κυρίως
1564 2397 1593 2414 τε
1608 2388 1654 2415 καὶ
1674 2388 1784 2424 ἀληθῶς

996 2432 1062 2458 αὐτὸ
1078 2432 1170 2467 χρῆμα
1186 2432 1216 2458 τὺ
1240 2433 1330 2459 καλόν.
1353 2433 1390 2459 Τὸ
1409 2433 1473 2469 γὰρ,
1500 2434 1554 2460 «οὒ
1582 2434 1733 2469 φονεύσεις,
1751 2435 1782 2461 οὐ

1000 2478 1162 2513 μοιχεύσεις,
1175 2487 1185 2504 ι
1212 2477 1321 2514 ὲξιστᾷν
1333 2476 1367 2514 ἦν
1383 2479 1518 2514 ἁμαρτίας
1533 2480 1595 2511 τοὺς
1620 2481 1783 2517 παιδευομέ-

996 2532 1067 2557 νους,
1083 2523 1159 2551 οὔπω
1172 2532 1203 2558 γε
1219 2523 1271 2559 μὴν
1282 2525 1295 2550 ὃ
1305 2523 1331 2550 τί
1342 2524 1406 2550 ποτέ
1420 2522 1511 2551 ἔστιτὸ
1523 2525 1604 2552 καλὸν
1615 2526 1724 2559 τελείως
1740 2528 1783 2554 ἐκ-

999 2570 1147 2604 φαίνοντος.
1165 2570 1201 2595 Τὸ
1216 2570 1244 2596 δὲ
1254 2570 1307 2596 δεῖν
1318 2570 1384 2602 ὅλως
1401 2571 1468 2606 μήτε
1480 2570 1636 2607 ὀργίζεσθαι
1650 2572 1689 2607 τῷ
1702 2573 1781 2599 ἀδελ-

990 2616 1042 2652 φῷ,
1059 2617 1127 2652 μήτε
1146 2616 1199 2651 μὴν
1211 2616 1362 2652 ἐπιθυμεῖν,
1377 2618 1432 2648 τοῖς
1448 2618 1497 2652 τῆς
1511 2618 1609 2653 ἀρετῆς
1624 2619 1780 2653 αὐχήμασιν

990 2663 1189 2698 ὲμϐιϐάζοντος.
1220 2661 1373 2698 Ἑξαίρετον
1398 2662 1452 2698 γὰρ
1474 2664 1503 2688 τὸ
1526 2663 1668 2690 καταθλεῖν
1684 2664 1780 2700 ὀργῆς,

989 2709 1150 2742 ἁξιάγαστον
1171 2707 1199 2733 δὲ
1215 2708 1283 2744 πρὸς
1297 2708 1375 2734 τοῦτο
1396 2708 1426 2735 τὸ
1438 2708 1629 2744 ἀνασειράζειν
1650 2709 1780 2737 δύνασθαι

988 2754 1036 2785 τὰς
1057 2754 1095 2784 εἰς
1119 2753 1149 2778 τὸ
1171 2752 1272 2787 φαῦλον
1297 2753 1454 2789 ἐπιθυμίας,
1481 2755 1528 2781 καὶ
1557 2754 1596 2790 μὴ
1621 2755 1781 2791 ἐπιτρέπειν

179 2832 200 2848 ⁴¹
224 2842 307 2868 mare.
322 2847 370 2873 sit,
393 2839 437 2866 M.
477 2839 499 2854 ’⁵⁷
519 2838 612 2866 Matth.
635 2847 686 2873 xit,
705 2840 748 2867 10.
787 2841 808 2856 ⁸⁸
829 2840 946 2868 Matth.V

1068 2843 1088 2858 ⁵³
1110 2842 1186 2869 lieni.
1202 2850 1249 2875 vti,
1264 2843 1306 2870 l2.
1346 2843 1368 2859 "
1385 2843 1450 2870 ibid.
1469 2844 1495 2870 7.
