1890 3053
111 162 145 190 ιδ
694 158 727 188 ΙΝ
747 159 862 189 ISAIAM
882 160 908 188 Li

966 157 986 188 i.
1008 159 1112 189 ORAT.
1133 160 1153 188 1.
1711 160 1748 188 48

112 219 156 245 τὸν
168 218 244 250 νοῦν,
265 219 319 246 κᾶν
335 218 402 254 γοῦν
427 220 466 251 εἰς
481 213 567 254 ἀρχὰς
589 218 656 245 ἱέναι
670 220 719 254 τῆς
734 219 848 246 ἑκτόπου
863 219 908 245 καὶ

964 219 1079 246 Proinde
1093 225 1158 246 vere
1168 218 1237 245 bona
1254 220 1297 246 est
1311 216 1451 253 disciplina
1466 217 1614 252 Evangelii,
1629 222 1656 246 et
1668 217 1748 247 Chri—

113 264 324 300 βδελυρωτάτης
349 265 508 301 ἐπιθυμίας.
531 265 634 292 Οὐκοῦν
650 266 681 292 τὸ
703 266 784 292 καλὸν
802 265 910 301 ἀληθῶς

114 307 156 342 εἴη
167 307 199 334 ἂν
209 308 241 334 τὸ
258 309 379 344 μάθημα
391 309 421 335 τὸ
433 310 619 344 εὐαγγελικὸν,
635 311 682 336 καὶ
693 310 744 345 τῆς
757 311 786 337 ὲν
800 310 910 346 Χριστῷ

115 353 252 386 πολιτείας
267 356 285 390 ἡ
302 355 427 390 δύναμις.
462 355 660 391 Ἐπιφωνητέον
675 356 707 391 δὴ
725 354 772 383 οὖν
790 357 846 388 τοῖς
862 355 908 383 τοῦ

115 399 280 434 γράμματος
294 401 383 435 φίλοις
393 421 399 432 ,
418 410 428 427 ι
442 401 549 428 Μάθετε
568 401 649 428 καλὸν
671 403 757 428 ποιεῖν
767 421 773 433 ,
792 400 909 436 ἐκζητή-

116 454 180 472 σατε
197 445 324 480 κρίσιν,›
355 446 427 473 τοῦτ’
450 447 517 480 ἔστι,
546 447 576 473 τὸ
598 447 700 481 κρίνειν
723 446 821 482 ὀρθῶς.
836 446 909 482 Πρὸς

115 490 170 525 γάρ
180 492 237 522 τοῖς
250 491 342 522 ἄλλοις
354 492 528 527 ἀτοπήμασιν
546 492 656 525 ἆπασιν,
679 492 839 527 νενοσήκασι
863 492 910 519 καὶ

114 536 194 563 τοῦτο
219 537 271 571 τῆς
287 538 421 565 Ἰουδαίων
444 538 605 573 συναγωγῆς
626 539 650 565 oi.
671 538 847 573 καθηγεῖσθαι
862 538 910 564 λα-

114 583 220 617 χόντες,
238 584 269 609 τὸ
287 584 324 619 μὴ
348 585 442 621 ὀρθὰς,
466 585 548 620 φημὶ,
571 585 706 611 ποιεῖσθαι
723 585 771 616 τὰς
791 585 832 618 ἐφ’
848 584 911 611 ἑκά-

116 637 173 664 στῳ
192 629 339 664 πράγματι
355 630 477 665 κρίσεις·
499 630 665 665 ψηφοφορεῖν
686 630 714 656 δὲ
732 630 831 664 μᾶλλον
850 628 908 655 ἀδί-

116 683 183 706 κως,
200 675 249 701 καὶ
263 675 358 711 δώρων
371 677 502 711 ἡττᾶσθαι
517 677 562 703 καί⁵
574 676 724 711 χρημάτων
739 675 845 710 ἡδονῆς,
863 673 910 701 καὶ

115 722 173 752 τοῖς
187 721 294 747 ἀδικεῖν
309 721 432 748 ἐθέλουσι
444 721 616 748 καταπωλεῖν
627 721 676 756 τῆς
686 720 789 747 ἑαυτῶν
802 720 909 747 ἀνοσίου

118 766 217 801 βουλῆς
241 765 292 800 τὴν
322 766 438 793 σύνεσιν.
460 767 504 798 Ὦς
532 767 585 802 γάρ
604 774 686 802 φησιν
707 767 722 792 6
747 766 908 801 προφήτης,

119 821 129 838 ι
141 813 173 838 Οἱ
200 811 350 847 ἡγούμενοι
372 812 456 847 αὐτῆς
470 812 538 846 μετά
549 811 641 847 δώρων
658 812 773 847 ἔκρινον.
785 820 794 836 ι
814 811 910 845 Ἀναγ-

116 858 185 884 καία
214 857 360 892 τοιγαροῦν
389 858 406 891 ἡ
437 857 549 892 ἐντολὴ,
574 858 622 884 καὶ
645 859 702 889 τοῖς
723 856 909 891 εὐαγγελικῶς

961 264 1056 290 stianae
1074 263 1252 291 institutionis
1269 264 1355 291 virtus
1380 268 1461 299 alque
1475 263 1603 291 eﬂicacia.
1620 264 1746 293 Clamau-

962 309 1024 336 dum
1039 313 1081 336 est
1103 309 1184 344 igitur
1198 310 1293 336 litterae
1309 310 1476 338 amatoribus
1492 319 1498 337 :
1520 319 1530 336 ι
1544 310 1646 338 Discite
1662 311 1747 339 bene-

962 354 1063 387 facere,
1078 355 1211 389 exquirite
1224 355 1366 390 judicium,
1387 365 1397 381 »
1413 356 1528 389 scilicet,
1541 360 1571 384 ut
1586 362 1659 384 recte
1674 353 1762 390 judi-'

961 399 1037 427 cetis.
1052 400 1120 427 Natu
1134 405 1231 435 praeter
1244 401 1311 428 alias
1328 401 1468 429 foeditates
1479 409 1582 435 omnes,
1596 402 1650 430 hoc
1666 402 1748 430 etiam

961 446 1056 473 morbo
1080 443 1242 473 laborabant
1262 446 1379 474 Judaica:
1395 447 1544 483 Synagoga:
1559 446 1630 475 nacti
1647 448 1749 483 princi-

961 494 1065 523 patum,
1089 491 1160 524 quod
1173 496 1247 517 recte
1263 491 1367 518 scilicet
1384 500 1513 527 nusquam
1523 493 1687 527 iudicarent,
1699 493 1746 521 sed

962 533 1063 568 injuste
1078 534 1167 569 potius
1183 533 1289 561 ferrent
1305 535 1436 568 calculos,
1459 541 1486 564 et
1502 542 1644 565 munerum
1664 541 1747 572 atque

961 578 1094 605 donorum
1122 579 1250 607 illecebra
1270 587 1525 616 corrumperentur,
1541 583 1749 618 volentibusque

963 624 1064 652 inferre
1077 624 1215 659 injuriam,
1231 627 1313 661 impio
1328 632 1377 654 suo
1391 628 1503 655 consilio
1521 629 1745 664 suifragarentur.

963 669 997 698 Ut
1020 671 1092 698 enim
1108 672 1238 706 propheta
1266 673 1354 707 inquit
1380 681 1387 700 :
1409 683 1418 699 ι
1448 674 1536 702 Duces
1557 676 1614 709 ejus
1637 682 1746 710 propter

961 725 1072 745 munera
1086 718 1247 753 judicabant
1267 719 1301 747 “.
1325 729 1335 746 ι
1356 720 1514 748 Necessaria
1541 722 1620 756 igitur
1644 731 1746 756 prlece-

961 764 1018 799 ptio
1040 767 1092 797 est,
1110 765 1190 792 etiam
1214 765 1266 799 his,
1282 766 1327 800 qui
1341 767 1496 801 evangelice
1519 768 1629 802 cupiunt
1648 766 1747 801 vivere,

961 815 1012 835 nec
1030 808 1063 835 ad
1075 809 1209 843 justitiam
1225 810 1339 843 inutilis,
1358 812 1577 846 rectejudicare,
1595 821 1646 840 nou
1665 815 1688 841 in
1701 822 1749 842 ex—

962 855 1047 882 ternis
1067 853 1153 882 solum
1171 855 1261 889 rebus,
1282 856 1334 891 21
1357 858 1403 884 sed
1420 858 1444 884 in
1461 857 1522 885 aliis
1541 859 1623 886 etiam
1644 868 1702 893 quae
1715 861 1747 887 ad

118 903 242 930 ἐθέλουσι
259 903 310 939 ζῇν
329 904 379 930 οὐκ
394 903 542 939 ἀσυντελὴς
558 904 598 935 εἰς
611 903 783 938 δικαιοσύνην
805 903 835 929 τὸ
851 902 908 937 κρί-

964 900 1082 927 animum
1092 905 1120 928 et
1137 901 1169 929 ad
1183 909 1230 929 cor
1246 906 1370 936 spectant
1389 912 1395 929 :
1415 909 1489 936 puta,
1503 912 1562 931 cum
1574 905 1642 932 Deus
1654 907 1747 933 vitium

116 958 173 977 νειν
198 942 300 985 ὁρθῶς,
314 950 365 976 οὐκ
391 950 420 976 ἐν
443 958 476 984 γε
500 949 578 985 μόνον
600 951 656 981 τοῖς
671 949 723 981 ἔξω
739 949 910 985 πράγμασιν,

116 997 186 1023 ἀλλὰ
197 997 246 1023 καὶ
260 998 317 1028 τοῖς
332 997 372 1028 είς
385 996 447 1023 νοῦν
459 997 506 1023 καὶ
520 997 645 1032 καρδίαν.
663 994 724 1024 Οἴον
736 997 767 1032 δή
781 996 807 1022 τί
821 1005 892 1032 φημι
902 1005 909 1012 ·

117 1041 183 1068 Θεοῦ
198 1041 249 1077 τὴν
261 1042 418 1077 φαυλότητα
438 1042 647 1077 καταψέγοντος,
662 1042 767 1068 ἐπαινεῖ
781 1042 882 1077 ταύτην
897 1043 911 1069 6

117 1088 251 1119 Σατανᾶς.
277 1088 333 1114 Καὶ
354 1088 368 1114 ὁ
390 1087 439 1122 μὲν
463 1087 509 1114 τοῦ
533 1088 659 1123 Σωτῆρος
672 1089 746 1124 ἡμᾶς
770 1088 911 1116 ἀναπείθει

116 1133 210 1168 νόμος,
222 1133 385 1168 ἀξιέραστον
395 1132 530 1166 ποιεῖσθαι
542 1132 571 1159 τὸ
582 1133 683 1167 ἀγαθόν
691 1141 697 1148 ·
708 1133 831 1159 ἀνθέλκει
843 1133 911 1168 πρὸς

117 1180 147 1206 τὸ
163 1180 286 1206 ἐναντίον
308 1180 422 1211 ἐκεῖνος.
439 1178 505 1206 Τότε
526 1179 557 1215 δὴ
570 1180 629 1206 τότε
645 1179 742 1215 κριτὴς
758 1178 852 1213 ὥσπερ
869 1179 911 1211 τίς

118 1226 176 1251 ἐστι
194 1225 242 1251 καὶ
255 1224 384 1260 δικαστὴς
397 1225 426 1251 ἐν
440 1226 505 1259 ἡμῖν
519 1226 532 1251 6
546 1224 607 1256 νοῦς
617 1233 623 1239 ·
640 1225 687 1251 καὶ
704 1224 847 1256 ἐπαινέσας
862 1225 911 1260 μὲν

118 1269 149 1296 τὸ
162 1270 277 1302 ἀγαθὸν,
300 1270 347 1296 καὶ
367 1270 433 1296 αὐτὸ
455 1270 485 1296 τὺ
507 1270 604 1305 χρῆναι
623 1271 733 1305 κρατεῖν
754 1270 909 1305 ἀπονέμων,

119 1316 268 1351 ὲξεζήτησε
284 1316 384 1351 κρίσιν.
403 1316 525 1348 Ἐπιδούς
539 1324 570 1350 γε
592 1316 644 1351 μὴν
659 1315 807 1350 φαυλότητι
827 1315 858 1342 τδ
873 1324 911 1342 νι-

119 1363 180 1397 κᾷν,
198 1361 251 1393 ἔξω
266 1361 362 1395 γέγονε
384 1360 430 1387 τοῦ
456 1361 558 1396 κρίνειν
577 1360 674 1396 ὀρθῶς,
700 1361 746 1387 καὶ
766 1359 910 1387 ἀκούσεται

119 1408 231 1439 δικαίως
243 1416 250 1423 ·
269 1417 278 1434 ι
289 1408 358 1434 Οὐαὶ
369 1408 395 1434 οἱ
405 1408 529 1442 λέγοντες
542 1407 572 1433 τὸ
587 1406 705 1442 πονηρὸν
718 1407 810 1439 καλὸν,
825 1407 871 1433 καὶ
881 1406 912 1434 τὺ

121 1454 201 1481 καλὸν
220 1456 340 1489 πονηρόν
352 1462 360 1470 ο
380 1454 442 1481 οὐαὶ
457 1454 481 1481 οἱ
496 1454 621 1488 λέγοντες
643 1454 674 1481 τὸ
698 1454 796 1489 πικρὸν
812 1454 910 1488 γλυκὺ,

121 1501 167 1527 καὶ
182 1500 212 1527 τὸ
223 1500 312 1534 γλυκὺ
332 1500 447 1535 πικρόν·
466 1501 490 1526 οί
502 1499 622 1531 τιθέντες
637 1500 667 1526 τὸ
678 1500 772 1531 σκότος
787 1501 827 1532 είς
843 1499 911 1534 φῶς,

121 1547 167 1572 καὶ
181 1546 211 1572 τὺ
228 1546 287 1580 φῶς
298 1546 338 1578 είς
354 1546 458 1578 σκότος.
472 1556 481 1572 ι
502 1546 620 1582 Αὖχημα
630 1546 719 1573 τοίνυν
736 1545 911 1580 εὐαγγελικὸν

121 1592 150 1618 τὸ
161 1592 264 1628 κρίνειν
276 1592 375 1627 ὀρθῶς,
392 1593 439 1619 καὶ
454 1593 602 1628 ἐπαμύνειν
616 1592 813 1627 ἀδικουμένοις.
825 1590 910 1617 Τοῦτο

121 1638 185 1674 γὰρ,
196 1636 286 1674 οἶμαι,
296 1638 365 1670 ἐστὶ,
375 1639 414 1672 τὸ,
425 1648 434 1664 ι
446 1639 576 1665 Ῥύσασθε
589 1638 773 1672 ἀδικούμενον.
782 1647 790 1663 ι
801 1638 911 1672 Ἐπιτη-

120 1683 206 1710 δεύειν
221 1684 249 1710 δὲ
260 1684 314 1719 χρὴ
327 1683 395 1719 πρὸς
403 1684 489 1719 τούτῳ
497 1683 527 1709 τὸ
539 1683 690 1719 συμπαθὲς,
706 1683 752 1709 καὶ
763 1682 793 1709 τὸ
808 1683 910 1717 ἀπροσ-

123 1719 309 1765 ωτξόληπτονΑ
320 1731 438 1765 Κρίνατε
445 1730 579 1765 ὀρφανῷ,ι
590 1730 681 1765 (mai...
693 1729 739 1756 καὶ
749 1728 910 1755 δικαιώσατε

123 1776 207 1811 χήραν
219 1783 225 1789 ·
239 1775 287 1802 καὶ
297 1775 385 1808 δεῦτε,
404 1776 451 1802 καὶ
463 1775 670 1811 διελεγχθῶμεν,
685 1775 758 1809 λέγει
770 1775 873 1809 Κύριος
884 1783 907 1800 ⁸)

122 1821 169 1856 οὐχ
178 1822 216 1853 ὡς
227 1820 384 1856 κρινόμενοι
394 1820 433 1856 τῷ
443 1820 564 1856 Δεσπότῃ
576 1828 583 1852 ;
601 1829 609 1845 ι
621 1820 833 1855 Δικαιωθήσεται
844 1820 909 1855 γὰρ,

124 1868 198 1902 φησι,
213 1868 323 1899 πάντως
337 1868 366 1894 ὲν
381 1868 438 1899 τοῖς
451 1867 539 1901 λόγοις
553 1866 645 1899 αὑτοῦ,
663 1866 709 1893 καὶ
722 1866 829 1901 νικήσει
848 1874 910 1901 κρι-

123 1914 264 1948 νόμενος.)
286 1913 384 1939 Ἔσται
401 1913 454 1948 γὰρ
480 1912 567 1944 οὐδεὶς
591 1913 645 1939 ἀπὸ
666 1912 753 1948 ῥύπου
778 1912 909 1947 καθαρὸς,

123 1959 178 1985 ἀλλ’
192 1959 253 1985 οὐδὲ
276 1958 443 1994 καυχήσεται
463 1966 504 1990 τις
527 1957 610 1993 ἁγνὴν
628 1957 698 1994 ἐχειν
713 1958 762 1993 τὴν
785 1958 910 1993 καρδίαν,

124 2005 321 2040 διελεγχόμενοι
350 2005 379 2031 δὲ
405 2004 514 2040 μᾶλλον,
539 2005 585 2031 καὶ
610 2004 690 2030 οίονεὶ
716 2004 776 2030 καθ’
798 2004 911 2035 ἑαυτοὺς

124 2050 325 2086 δοκιμάζοντες,
348 2051 372 2077 εἰ
398 2051 435 2086 μὴ
459 2052 508 2086 τῆς
529 2051 603 2082 Θείας
620 2050 774 2085 φιλοτιμίας
796 2050 910 2085 μέγεθος

126 2099 188 2124 πολύ
208 2099 239 2124 τέ
267 2098 324 2123 ἐστι
347 2097 393 2123 καὶ
408 2096 579 2132 άξιόληπτον.
597 2096 644 2127 Ὦς
662 2104 694 2130 γε
716 2097 730 2122 6
750 2095 829 2130 σοφὸς
843 2097 910 2131 ἡμῖν

126 2145 222 2180 γράφει
246 2144 370 2175 Παῦλος·
394 2153 404 2169 ι
420 2143 476 2169 Οὐκ
500 2142 562 2175 ἄξια
587 2142 621 2169 τὰ
635 2142 785 2177 παθήματα
797 2142 842 2169 τοῦ
863 2142 911 2168 νῦν

126 2190 218 2225 καιροῦ
229 2189 299 2224 πρὸς
314 2192 362 2224 τὴν
377 2188 529 2224 μέλλουσαν
541 2187 618 2220 δόξαν
631 2187 857 2222 ἀποκαλυφθῆναι
870 2188 911 2219 είς

126 2237 227 2272 ἠμᾶς.‹
266 2235 450 2270 ’Υπισχνεῖται
478 2235 621 2270 τοιγαροῦν
648 2236 703 2266 τοῖς
732 2235 764 2261 ὲκ
795 2235 910 2270 νομικῆς

126 2283 233 2317 ἀγωγῆς
261 2281 502 2317 μεθορμιζομὲνοις
524 2283 624 2316 τρόπον
650 2281 710 2308 τινὰ
726 2280 771 2307 διὰ
791 2280 841 2315 τῆς
864 2280 910 2307 πί-

128 2338 206 2361 στεως
222 2331 263 2361 είς
275 2329 437 2364 άστειότητα
453 2328 509 2364 βίου
524 2328 569 2355 τοῦ
585 2328 656 2355 κατὰ
670 2327 797 2363 Χριστὸν,
816 2328 912 2361 ἄφεσιν

127 2377 176 2403 τῶν
205 2377 257 2412 ήδη
285 2375 537 2411 προετεταισμένων.
555 2375 627 2411 Αὕτη
649 2375 702 2409 γὰρ
727 2374 840 2409 ἡμῶνὴ
863 2374 913 2408 τῆς

127 2421 230 2453 ἐλπίδος
244 2421 365 2456 εἰσϐολὴ,
385 2421 493 2456 καὶτῆς
508 2420 582 2452 θείας
598 2422 637 2451 εἱς
653 2420 726 2455 ἡμᾶς
745 2420 914 2454 ἡμερότητος

126 2468 244 2504 ἀπαρχὴ,
270 2467 339 2503 θύρα
361 2476 392 2494 τε
409 2467 503 2502 ὥσπερ
518 2467 565 2493 καὶ
589 2466 657 2497 ὁδός.
678 2466 739 2492 ’Ὁτι
754 2465 840 2491 δὲκαὶ
855 2466 910 2496 τοῖς

126 2515 235 2548 εἰσάγαν
262 2513 492 2549 μεμολυσμένοις,
523 2511 610 2538 καίτοι
633 2512 676 2538 ἐπ’
699 2511 809 2537 ἔλαττον
832 2511 911 2538 τοῦτο

127 2560 306 2595 νενοσηκόσιν,
331 2559 444 2594 ἀρκέσει
461 2558 530 2593 πρὸς
545 2557 733 2593 ἀποκάθαρσιν
758 2558 774 2592 ἡ
797 2557 841 2583 διὰ
865 2557 908 2583 πί-

127 2615 206 2638 στεως
219 2607 312 2642 χάρις,
327 2604 468 2632 ἀναπείθει
482 2603 568 2637 λέγων
578 2612 585 2618 ·
602 2612 610 2628 ι
627 2603 689 2629 Ὲὰν
706 2600 771 2630 ὦσιν
781 2603 808 2629 αἱ
826 2603 913 2638 ἁμαρ-

126 2655 176 2680 τίαι
189 2653 267 2689 ὑμῶν
283 2652 321 2684 ὡς
336 2650 485 2687 φοινικοῦν,
506 2650 543 2682 ὡς
567 2650 644 2685 χιόνα
655 2650 778 2677 λευκανῶ
788 2659 795 2664 ·
812 2650 858 2676 ἐὰν
883 2650 912 2676 δὲ

125 2697 185 2727 ὦσιν
201 2701 239 2731 ὡς
254 2699 392 2730 κόκκινον,
402 2698 440 2729 ὡς
451 2697 522 2732 ἔριον
534 2697 666 2724 λευκανῶ.
686 2706 695 2723 ι
720 2697 911 2724 Δυσὲκπλυτον

125 2746 172 2782 γὰρ
198 2746 275 2773 οὐδὲν
296 2744 364 2771 Θεοῦ
392 2744 596 2779 διασμήχοντος.
626 2743 669 2775 Ὠς
693 2743 747 2778 γὰρ
771 2744 785 2769 ὁ
806 2744 911 2776 Παῦλος

125 2793 210 2827 φησὶν,
233 2787 291 2818 ιοῦ
309 2791 338 2817 δὲ
357 2790 523 2816 ἐπλεόνασεν
542 2790 558 2824 ἡ
579 2788 710 2824 ἁμαρτία,
728 2788 910 2824 ὑπερεπερίσ-

962 946 1085 980 damnat,
1100 945 1215 975 Satanas
1230 948 1339 981 laudat;
1366 956 1427 976 cum
1448 948 1490 976 lex
1512 950 1664 978 Servatoris
1683 960 1747 978 sua-

962 991 1008 1019 det
1024 992 1123 1020 bonum
1153 1000 1214 1021 esse
1229 994 1354 1027 amabile,
1371 995 1414 1022 ille
1431 996 1514 1023 trahit
1526 998 1558 1023 ad
1571 997 1749 1026 centrarium.

963 1037 1038 1065 Tunc
1054 1038 1079 1065 in
1101 1039 1179 1066 nobis
1192 1047 1268 1067 mens
1280 1041 1361 1068 veluti
1376 1040 1458 1076 judex
1480 1047 1520 1069 cst
1542 1047 1569 1069 ct
1585 1044 1696 1070 arbiter.
1719 1043 1746 1070 Si

962 1084 1034 1119 quod
1049 1084 1150 1111 bonum
1163 1090 1204 1112 est
1219 1086 1360 1120 probarit,
1382 1088 1462 1121 eique
1489 1089 1642 1122 superiores
1658 1094 1747 1123 partes

963 1129 1074 1163 tribuat,
1089 1129 1145 1164 jam
1159 1131 1306 1165 exquisivit
1326 1132 1467 1165 judicium.
1487 1134 1534 1160 Sin
1557 1134 1623 1161 vitio
1643 1135 1749 1170 adjudi-

963 1180 1006 1202 cet
1021 1176 1176 1210 victoriam,
1195 1178 1310 1204 discedit
1335 1183 1390 1205 tum
1417 1187 1431 1205 a
1457 1184 1531 1207 recte
1545 1180 1700 1215 iudicando,
1722 1187 1749 1209 et

962 1221 1059 1249 merito
1073 1222 1166 1250 audiet
1183 1232 1190 1250 :
1207 1232 1215 1248 ι
1234 1219 1281 1251 Vae
1296 1223 1339 1251 his
1354 1226 1398 1259 qui
1418 1226 1509 1252 dicunt
1524 1227 1622 1253 malum
1637 1228 1747 1261 bonum,

962 1272 989 1294 et
1014 1267 1113 1294 bonum
1140 1268 1240 1295 malum
1264 1277 1272 1297 :
1294 1270 1340 1303 qui
1357 1271 1450 1298 dicunt
1474 1279 1597 1299 amarum
1614 1273 1702 1306 dulce,
1723 1280 1751 1301 et

962 1313 1039 1341 dulce
1053 1321 1175 1341 amarum
1194 1324 1200 1341 :
1219 1314 1264 1349 qui
1282 1319 1391 1343 vertunt
1411 1318 1536 1345 tenebras
1555 1318 1580 1344 in
1605 1318 1703 1352 lucem,
1721 1324 1749 1346 ct

961 1358 1049 1386 lucem
1064 1358 1090 1385 in
1107 1359 1233 1387 tenebras
1253 1359 1286 1386 θ’.
1305 1369 1314 1386 ι
1333 1360 1424 1389 Gloria
1442 1362 1525 1396 igitur
1539 1368 1566 1389 et
1584 1363 1642 1390 laus
1659 1364 1747 1391 Evan-

962 1404 1025 1438 gelii
1047 1409 1100 1437 est,
1125 1411 1198 1432 recte
1220 1405 1354 1440 judicare,
1379 1412 1406 1433 et
1423 1414 1567 1441 oppressos
1594 1409 1748 1439 defendere.

962 1449 1020 1477 Hoc
1047 1450 1118 1476 enim
1131 1468 1139 1483 ,
1160 1451 1267 1485 opinor,
1291 1454 1350 1484 est,
1371 1458 1381 1477 ι
1399 1451 1523 1480 Liberale
1553 1460 1721 1488 oppressura.
1737 1465 1747 1482 ι

963 1495 1123 1524 Exercenda
1138 1500 1177 1524 est
1195 1501 1326 1531 praeterea
1340 1498 1540 1526 commiseratio
1553 1501 1685 1534 quaedam,
1701 1509 1749 1529 nec

963 1550 1143 1577 personarum
1157 1548 1297 1578 respectus
1309 1543 1459 1571 habendus.
1474 1544 1695 1581 Patrocinamini,
1709 1549 1749 1574 iu-

964 1590 1033 1624 quit,
1048 1590 1160 1625 pupillo,
1181 1594 1209 1617 et
1220 1590 1309 1617 vidua:
1327 1596 1436 1617 causam
1458 1593 1539 1626 agite,
1557 1596 1584 1619 et
1602 1593 1706 1627 adeste,
1722 1599 1749 1621 et

964 1636 1143 1671 disputemus,
1159 1636 1228 1664 dicit
1248 1636 1390 1669 Dominus,
1415 1645 1466 1664 non
1493 1639 1569 1672 quasi
1582 1639 1683 1674 judicio
1701 1642 1747 1667 de-

964 1687 1100 1710 certantes
1118 1690 1178 1710 cum
1202 1682 1337 1710 Domino:
1363 1692 1373 1709 ι
1388 1683 1585 1711 Justiﬁcabitur
1604 1686 1675 1712 enim
1690 1695 1748 1713 υιιι-

964 1729 1030 1756 nino
1054 1729 1082 1756 in
1105 1728 1275 1756 sermonibus
1299 1730 1367 1761 suis,
1383 1735 1410 1756 et
1428 1730 1517 1757 vincet
1542 1738 1602 1758 cum
1617 1732 1750 1767 judicabi-

966 1779 1009 1803 tur
1025 1774 1058 1802 ⁸³.
1077 1784 1086 1801 ι
1106 1775 1191 1802 Nemo
1207 1775 1307 1810 quippe
1325 1776 1378 1803 erit
1392 1776 1498 1811 integer
1512 1778 1688 1813 sordiumque
1699 1786 1750 1814 pu-

964 1827 1022 1852 rus,
1038 1821 1085 1847 sed
1112 1827 1199 1854 neque
1222 1819 1380 1855 gloriabitur
1399 1821 1542 1855 quisquam
1566 1823 1694 1850 mundum
1715 1832 1745 1851 se

964 1865 1066 1893 habere
1094 1872 1167 1893 cor:
1195 1870 1223 1892 at
1241 1865 1331 1900 potius
1359 1871 1503 1900 arguentes
1527 1871 1553 1894 et
1579 1867 1652 1895 velut
1678 1870 1748 1904 apud

964 1913 1067 1947 seipsos
1084 1911 1239 1947 probantes,
1257 1912 1327 1939 sitne
1354 1912 1508 1948 magnitudo
1526 1913 1622 1941 divinae
1643 1915 1749 1950 magni-

965 1959 1081 1986 licentiae
1096 1958 1190 1992 multa,
1207 1963 1235 1985 et
1246 1958 1443 1993 amplectenda.
1465 1957 1540 1985 Sicut
1562 1964 1589 1986 et
1604 1960 1680 1988 nobis
1702 1968 1748 1989 sa-

965 2005 1041 2039 piens
1058 2003 1157 2032 Paulus
1172 2004 1267 2032 scribit
1282 2013 1289 2031 :
1306 2013 1315 2030 ι
1333 2004 1390 2031 Non
1406 2010 1469 2032 sunt
1485 2005 1627 2041 condignae
1643 2007 1748 2042 passio-

966 2059 1012 2079 nes
1025 2050 1104 2085 hujus
1121 2050 1249 2083 temporis
1264 2051 1296 2077 ad
1315 2051 1433 2081 futuram
1448 2051 1560 2087 gloriam
1575 2059 1635 2086 quae
1647 2053 1751 2087 revela-

965 2098 1038 2125 bitur
1051 2098 1077 2124 in
1094 2097 1170 2123 nobis
1187 2095 1220 2122 “‘.
1237 2104 1246 2121 ι
1264 2095 1315 2128 Qui
1330 2103 1394 2131 ergo
1414 2104 1429 2122 a
1452 2096 1519 2131 legis
1538 2096 1707 2125 institutione
1722 2103 1751 2126 et

965 2144 1172 2171 conversatione
1196 2141 1229 2168 ad
1254 2142 1414 2169 Christiana:
1434 2142 1495 2170 vita:
1519 2142 1681 2178 elegantiam
1702 2152 1750 2179 per

966 2190 1044 2217 tidem
1059 2188 1258 2223 quodammodo
1279 2187 1466 2221 traducuntur,
1492 2188 1534 2215 his
1553 2188 1687 2223 promittit
1705 2196 1748 2216 re-

929 2249 950 2277 ο
966 2236 1171 2270 promissionem
1189 2242 1293 2267 eorum,
1313 2235 1339 2261 in
1356 2235 1453 2269 quibus
1467 2234 1524 2269 jam
1546 2239 1610 2262 ante
1626 2235 1750 2263 oﬂ'ende--

964 2285 1034 2308 runt.
1055 2280 1100 2307 illa
1115 2281 1186 2307 enim
1201 2285 1242 2308 est
1260 2284 1359 2307 nostra
1376 2280 1432 2315 spei
1455 2280 1593 2314 introitus,
1611 2285 1638 2308 et
1652 2281 1749 2309 divina:

962 2336 1024 2362 erga
1042 2335 1090 2355 nos
1101 2327 1251 2355 clementia:
1267 2327 1401 2362 primitiae,
1418 2330 1446 2353 et
1459 2326 1540 2353 veluti
1552 2326 1634 2359 janua
1650 2334 1682 2354 ac
1693 2327 1747 2354 via.

962 2374 1037 2402 Fidei
1054 2377 1143 2401 autem
1166 2373 1279 2408 gratiam
1303 2380 1364 2400 cum
1381 2373 1421 2399 his
1439 2372 1485 2407 qui
1513 2372 1591 2401 valde
1613 2373 1750 2407 inquinati

963 2424 1034 2452 sunt,
1053 2424 1109 2447 tum
1137 2419 1218 2445 etiam
1241 2418 1349 2453 paulum
1373 2418 1467 2445 morbo
1487 2416 1600 2451 affectis,
1627 2419 1694 2446 satis
1714 2420 1748 2446 ad
1768 2452 1773 2463 '

964 2466 1183 2495 emundationem
1197 2466 1340 2492 valituram
1355 2472 1427 2497 esse,
1445 2465 1524 2493 [idem
1543 2465 1617 2499 facit,
1630 2466 1724 2494 dicens
1740 2476 1747 2493 :
1763 2474 1774 2506 ε

967 2521 975 2537 ι
996 2513 1024 2539 Si
1042 2513 1097 2539 sint
1121 2517 1231 2547 peccata
1248 2516 1337 2538 vestra
1357 2516 1387 2538 ut.
1412 2518 1541 2546 purpura,
1560 2511 1633 2538 velut
1659 2512 1748 2539 nivem

964 2557 1090 2586 inalbabo
1108 2567 1115 2584 ι
1130 2563 1158 2585 et
1168 2558 1190 2585 si
1203 2557 1258 2584 sint
1274 2561 1303 2583 ut
1315 2557 1468 2590 coccinum,
1485 2557 1561 2591 quasi
1580 2557 1671 2584 lanam
1683 2557 1751 2584 inal-

964 2604 1043 2631 babn.
1063 2614 1072 2629 ι
1098 2603 1170 2630 Nihil
1200 2603 1271 2630 enim
1291 2602 1435 2630 dilliculter
1457 2603 1568 2636 eluitur,
1587 2602 1641 2631 Deo
1658 2603 1750 2631 deter-

965 2655 1055 2686 gente.
1072 2648 1302 2682 Quemadmodum
1325 2652 1353 2675 et
1370 2648 1469 2676 Paulus
1487 2649 1525 2676 ait
1543 2657 1549 2675 :
1574 2648 1642 2676 «Ubi
1662 2649 1750 2676 abun~

965 2696 1040 2724 davit
1060 2699 1212 2730 peccatum,
1237 2694 1467 2729 superabundavit
1488 2698 1516 2721 ct
1530 2694 1615 2729 gratia
1629 2694 1664 2721 ⁸⁵.
1687 2703 1697 2719 ι
1719 2693 1751 2720 Et

966 2750 1087 2770 rursus:
1109 2750 1118 2767 ι
1135 2742 1201 2775 Quis
1227 2741 1366 2769 accusabit
1394 2740 1526 2768 adversus
1555 2741 1657 2768 electos
1683 2739 1750 2767 Dei?

966 2790 1035 2817 Deus
1047 2789 1091 2823 qui
1105 2788 1246 2823 justiﬁcat,
1259 2788 1320 2822 quis
1336 2792 1377 2814 est
1393 2787 1437 2822 qui
1457 2787 1618 2814 condemnet
1631 2785 1672 2812 "‘2
1687 2796 1695 2812 I

127 2849 214 2867 σευσεν
230 2841 246 2876 ἡ
264 2840 355 2875 χάρις.
383 2838 439 2866 Καὶ
460 2837 556 2864 πάλιν·
579 2847 588 2863 ι
600 2837 647 2869 Τίς
663 2837 804 2871 ἐγκαλέσει
830 2838 899 2872 μετὰ
918 2837 1052 2865 ἐκλεκτῶν
1067 2836 1135 2863 Θεοῦ
1147 2846 1153 2870 ;
1167 2836 1231 2868 Θεὸς
1246 2836 1259 2862 ό
1273 2834 1396 2868 δικαιῶν,
1416 2834 1457 2866 τίς
1472 2835 1486 2860 6
1506 2832 1675 2868 κατακρίνων
1687 2841 1711 2865 ;›

158 2899 178 2914 ’ί
197 2898 248 2927 lsa.
262 2906 289 2933 v,
303 2897 351 2925 25.
391 2897 415 2912 "
430 2896 481 2924 lsa.
503 2903 529 2929 ν,
545 2895 590 2922 Ξθ.
629 2896 651 2911 ⁵³
669 2895 739 2923 Psal.
763 2904 788 2928 L,
812 2895 836 2922 6.
877 2895 898 2911 "

964 2904 996 2924 m.
1016 2904 1078 2930 'vm,
1098 2896 1140 2922 l8.
1179 2896 1201 2910 ⁸⁵
1219 2895 1295 2923 Rom.
1318 2902 1344 2927 ν,
1364 2893 1409 2921 20.
1431 2894 1453 2910 ⁵⁸
1469 2892 1547 2920 Rom.
1569 2898 1627 2925 vm,
1645 2890 1689 2923 55,
1704 2890 1749 2917 ει,
