1890 3053
94 202 144 244 μῦ

694 198 725 226 lN
748 195 863 226 lSAlAM
884 195 902 222 L

985 216 990 224 .
1011 195 1116 223 onAT.
1136 195 1156 222 ι.
1335 178 1338 181 ’
1573 206 1578 212 -
1702 193 1736 221 se

119 258 171 285 σθαι
190 258 238 292 τῆς
265 258 406 294 μαχαίρας
430 257 482 293 (l),
507 259 530 284 εἰ
550 259 603 289 τοῖς
624 257 705 288 (λείοις
727 255 897 291 ἀντεξάγοιεν

985 261 1069 288 eoque
1083 252 1172 287 gladio
1187 254 1309 286 pereant,
1332 251 1353 277 si
1375 256 1423 284 per
1447 248 1657 276 inobedientiant
1672 256 1734 283 per-

116 304 199 338 νόμοις
215 304 244 330 τὸ
260 304 374 335 ἀπειθὲς
389 304 437 330 καὶ
451 305 599 339 δυσήκοονς

148 348 210 381 Πῶς
225 349 349 384 ἐγένετο
361 351 457 383 πόρνη
472 351 561 382 πόλις
576 350 669 383 πιστὴ
685 349 770 381 Σιὼν,
780 347 900 382 πλήρης

120 395 235 428 κρίσεως
244 403 255 427 ;
271 396 347 429 πρὶν
365 397 382 429 ἠ
398 396 573 430 δικαιοσύνη
596 394 738 430 ἐκοιμήθη
753 395 788 422 ἐν
800 394 878 428 αὐτῇ
890 414 898 426 ,

120 440 169 467 νῦν
184 440 217 466 δὲ
230 441 388 474 φονευταί.

148 485 363 520 Καταοαυμάζει
387 486 488 522 τρόπον
513 486 574 512 τινὰ
600 485 650 520 τῆς
677 485 812 512 Ἰουδαίων
838 493 899 511 συν-

120 529 221 571 αγωγῆς
234 529 284 565 τὴν
295 531 369 558 οὕτω
386 531 498 566 σαθρὰν,
512 531 557 557 καὶ
571 531 621 558 οὑκ
638 532 797 566 εὐάφορμον
815 539 898 565 μετα-

119 576 201 611 ϐολὴν,
215 575 266 610 τῆς
284 576 327 608 εἷς
346 586 378 611 γε
394 577 428 603 τὰ
445 577 538 614 χείρω,
555 578 642 613 φημὶ,
663 578 710 604 καὶ
724 577 774 612 τὴν
797 578 830 604 ἐκ
845 577 900 603 τῶν

120 621 260 655 ἀμεινόνων
275 623 316 653 είς
327 623 363 649 τὰ
380 623 477 658 αἰσχίω
495 623 672 658 μετάστασιν.
687 624 772 659 Νόμῳ
785 624 835 658 μὲν
846 624 899 660 γὰρ

119 667 154 700 τῷ
167 667 208 693 διὰ
225 664 352 700 Μωσέως
374 669 425 704 τὴν
441 669 486 695 τοῦ
506 670 690 705 συμφέροντος
705 670 805 704 γνῶσιν
827 672 901 696 ἐπαι-

119 712 220 745 δεύετο,
241 714 289 739 καὶ
304 715 346 745 είς
364 715 466 741 ἕκαστα
486 716 540 741 τῶν
563 716 708 751 πρακτέων
723 716 901 751 διακομιστὴν

120 758 225 792 ἔχουσαν
241 759 287 785 τὸν
302 759 352 785 τοῦ
366 759 434 786 Θεοῦ
450 760 537 794 λόγον,
559 761 673 796 λαμπρὰ
690 761 735 787 καὶ
750 761 900 796 εὐδοκιμω-

120 803 178 837 tam
192 823 198 833 ,
214 805 261 830 καὶ
282 805 450 839 ἀξιάγαστος
464 804 498 841 ἦν
509 828 515 840 ,
534 806 670 838 πλείστοις
693 807 766 839 ὅσοις
788 807 901 842 ἀνδράσι

119 848 279 884 διαπρεπὴς,
297 849 340 882 οἷς
355 852 369 877 ὸ
384 852 432 886 τῆς
448 852 621 886 δικαιοσύνης
636 853 742 887 καρπὸς
763 853 900 888 ὲπήνθησε

123 894 261 925 πλουσίως,
281 896 331 922 καὶ
349 895 512 932 ἀξιόληπτος
535 894 569 932 ἦν
586 897 625 932 τῷ
647 897 716 932 Θεῷ.
732 895 824 924 ’Ἦσαν
847 898 896 933 μὲν

120 940 167 974 γὰρ
189 940 217 965 ὲν
235 940 306 975 αὐτῇ
324 941 463 976 προφῆταί
488 951 517 967 τε
543 942 589 968 καὶ
606 944 698 978 ἱερεῖς,
721 944 767 969 καὶ
782 943 836 968 τῶν
853 943 901 977 τῆς

119 984 285 1019 δικαιοσύνης
308 985 397 1021 ἔργων
413 987 576 1021 μελεδωνοὶ,
598 989 644 1015 καὶ
668 987 740 1015 λαῶν
755 988 901 1024 ἡγούμενοι

119 1030 408 1065 φυλάττοντεςκκρίσιν,
422 1033 468 1059 καὶ
483 1033 564 1068 νόμον
580 1033 688 1068 ἔχοντες
702 1034 748 1060 ἐπὶ
765 1033 900 1069 γλώττης,

119 1075 160 1100 καὶ
180 1075 273 1110 τρόπῳ
299 1076 382 1102 παντὶ
400 1077 508 1113 χρηστῷ
524 1086 554 1104 τε
579 1079 625 1105 καὶ
641 1078 736 1114 ἀγαθῷ
754 1079 901 1113 κατηγλαῐ-

120 1119 217 1154 σμένοι.
242 1119 315 1148 Εἶτα
340 1122 395 1148 τῶν
418 1122 546 1150 τοιούτων
567 1123 696 1150 ἁπάντων
720 1124 901 1160 ἑστερημένη,

119 1166 212 1200 μᾶλλον
231 1167 284 1202 τῆς
302 1168 417 1203 ἀρχαίας
434 1169 541 1203 ἐκείνης
558 1170 708 1201 ἐπιεικείας
724 1170 831 1204 ἀλογεῖν
844 1170 902 1197 ἐλο-

118 1211 191 1247 μένη,
207 1213 258 1238 καὶ
279 1213 380 1249 θεμένη
400 1215 464 1250 παρ’
481 1215 557 1241 οὐδὲν
568 1215 618 1250 τὴν
635 1216 674 1246 είς
686 1215 753 1242 Θεὸν
767 1216 844 1248 αἰδῶ,
855 1217 902 1243 καὶ

117 1258 250 1293 ἀγάπησιν
269 1259 321 1295 πρὸ
336 1260 385 1295 μὲν
395 1261 443 1295 τῆς
455 1261 501 1286 τοῦ
517 1261 646 1296 Σωτῆρος
659 1261 738 1296 ἡμῶν
753 1262 902 1297 ἐπιδημίας

118 1306 323 1341 προσκεκῦνηκε
343 1307 398 1338 τοῖς
419 1306 456 1341 μὴ
476 1307 555 1341 φύσει
574 1307 654 1339 θεοῖς,
672 1307 718 1334 τὸν
739 1307 787 1334 ἕνα
811 1316 840 1334 τε
856 1308 903 1334 καὶ

118 1350 220 1386 ἀληθῶς
240 1352 382 1387 Δεσπότην
395 1353 453 1383 ταῖς
477 1353 517 1383 είς
529 1351 609 1379 τοῦτο
627 1352 766 1387 πορνείαις
779 1352 904 1384 ἐκτόπως

118 1396 340 1432 περιυϐρίζουσα.
356 1398 411 1424 Καὶ
425 1396 470 1425 οἷά
489 1407 530 1430 τις
543 1398 702 1430 πολύκοινος
724 1399 771 1425 κειιὶ¹
789 1398 903 1434 σεσοϐη-

119 1442 182 1477 μένη
198 1443 270 1477 γυνὴ
287 1442 357 1469 κατὰ
382 1443 495 1474 πολλοὺς
509 1443 626 1479 ἠσέϐησε
644 1444 772 1479 τρόπους.
793 1443 904 1470 ’Λλλοτε

118 1485 203 1518 ἄλλοις
224 1487 413 1523 προσκειμένη
434 1489 619 1524 καθηγηταῖς,
646 1489 715 1524 πρὸς
739 1490 793 1515 πᾶν
815 1489 904 1515 ὁτιοῦν

119 1531 168 1558 τῶν
192 1533 397 1569 ἀπηχθημένων
422 1535 495 1570 παρὰ
517 1534 584 1561 Θεοῦ
606 1535 775 1570 διακομίζειν
794 1535 902 1562 εἰδόσιν.

119 1579 239 1605 Αἱτιᾶται
257 1579 322 1613 γοῦν
350 1579 434 1614 αὐτὴν
452 1580 495 1606 διὰ
518 1580 608 1615 φωνῆς
629 1580 760 1616 Ἰερεμίου
784 1581 871 1615 λέγων
891 1582 903 1607 ὸ

119 1622 168 1648 τῶν
180 1623 251 1650 ὅλων
262 1623 329 1655 Θεός
339 1631 346 1637 ·
361 1632 372 1650 ι
393 1623 444 1650 Ἴδε
462 1624 480 1651 ἂ
494 1625 605 1660 ἐποίησέ
621 1634 666 1660 μοι
681 1626 697 1661 ὴ
719 1626 843 1652 κατοικία
856 1625 903 1652 τοῦ

125 1670 242 1706 Ἰσραὴλ,
269 1671 440 1707 ἐπεπορεύοη
466 1673 512 1698 ἐπὶ
545 1673 599 1699 πᾶν
625 1673 687 1709 ὅρος
715 1674 827 1709 ὑᾲηλὺν,
857 1675 905 1702 καὶ

121 1716 247 1743 ὑποκάτω
271 1717 371 1749 παντὸς
393 1718 470 1751 ξύλου
496 1719 643 1751 ἀλσώδους,
667 1721 714 1746 καὶ
741 1721 904 1756 ἐπόρνευσεν

121 1764 182 1789 ἐκεῖ.
201 1773 210 1789 ›
230 1764 286 1790 Καὶ
305 1764 387 1791 πάλιν
409 1764 447 1796 ὡς
471 1765 537 1800 πρὸς
560 1766 663 1802 αὑτήν·
687 1775 697 1792 ‹
720 1767 783 1794 Ἐὰν
807 1767 905 1799 ἐξαπο-

122 1809 214 1845 στέλλῃ
231 1809 301 1844 ἀνὴρ
315 1810 364 1845 τὴν
379 1812 494 1845 γυναῖκα
508 1811 602 1843 αὐτοῦ,
619 1813 664 1839 καὶ
685 1812 840 1840 ἀπελθοῦσα
855 1814 902 1840 ἀπ’

121 1855 198 1881 αὑτοῦ
214 1855 328 1891 γενηται
343 1856 419 1892 ἀνδρὶ
434 1857 528 1893 ἑτέρῳ,
543 1858 579 1893 μὴ
597 1858 825 1886 ἀνακαλύπτουσα
838 1861 904 1887 ἀνα-

121 1900 232 1934 καλύψει
248 1900 316 1936 πρὸς
336 1901 418 1927 αὑτὸν
433 1902 487 1935 En;
504 1903 534 1928 οὐ
558 1903 707 1940 μαινομένη
727 1905 904 1941 μιανοήσεται

121 1947 185 1982 γυνὴ
203 1947 317 1982 ἐκείνη;
339 1947 385 1974 καὶ
399 1948 430 1974 σὺ
447 1948 644 1984 ἐξεπόρνευσας
661 1951 690 1976 ὲν
710 1951 821 1986 ποιμέσι
841 1952 903 1978 πολ-

120 1993 181 2027 λοῖς,
192 1994 241 2020 καὶ
257 1993 445 2026 ἀνεκάλυπτες
460 1995 528 2030 πρός
547 2004 592 2030 με,
607 1996 680 2030 λέγει
698 1997 811 2033 Κύριος.
821 1996 905 2034 Ἃρον

120 2041 180 2071 τοὺς
195 2040 352 2076 ὀφθαλμούς,
371 2050 417 2068 σου
441 2043 479 2073 εἰς
500 2042 619 2075 εὐθεῖαν,
646 2044 693 2070 καὶ
715 2044 763 2076 ἴδε,
785 2044 836 2071 ποῦ
856 2045 906 2072 οὐκ

121 2086 281 2122 ὲξεφὺρῡης,
296 2087 343 2114 ἐπὶ
358 2089 419 2119 ταῖς
433 2088 501 2120 ὁδοῖς
516 2089 645 2122 ὲκάθισας
661 2090 763 2123 αὐτοῖς,
779 2090 845 2117 ὡσεὶ
859 2100 905 2118 κο-

122 2131 191 2167 ρώνη
207 2133 235 2159 ὲν
248 2133 346 2168 ἐρήμῳ
362 2133 440 2170 μόνῃ.
459 2135 513 2161 Καὶ
531 2135 646 2170 ὲμίανας
665 2136 713 2172 τὴν
732 2138 785 2172 γῆν
801 2138 830 2164 ἐν
845 2139 904 2170 ταῖς

122 2179 258 2212 πορνείαις
273 2188 330 2211 σου,
345 2179 393 2206 καὶ
412 2182 440 2207 ὲν
464 2182 524 2213 ταῖς
540 2182 649 2214 κακίαις
674 2192 731 2216 σου,
755 2184 802 2210 καὶ
827 2184 905 2220 ἔσχες

121 2225 250 2258 ποιμένας
268 2225 382 2256 πολλοὺς
397 2226 436 2257 εἰς
447 2226 612 2262 πρόσκομμα
625 2229 821 2264 σεαυτῇ.Ὄψις
839 2230 905 2265 πόρ-

951 300 1137 333 vicaciamque
1153 298 1252 326 divinis
1268 297 1373 332 legibus
1385 295 1581 323 adversentur?

986 343 1068 372 Vens.
1089 344 1134 372 τι.
1154 343 1289 376 Quomodo
1310 343 1382 377 facta
1399 347 1436 369 est
1461 341 1584 369 meretrix
1606 339 1680 374 Sion,
1701 343 1736 366 ri-

950 390 1015 416 vitas
1029 389 1125 423 ﬁdelia,
1143 389 1219 423 plena
1229 389 1345 420 judicii?
1360 388 1393 415 In
1412 396 1462 422 qua
1482 387 1588 423 justitia
1605 386 1736 416 dormit-il.

950 436 978 461 in
990 443 1020 461 ea
1036 443 1103 461 nunc
1121 434 1269 461 homicidio.

985 480 1141 507 Admiratur
1153 479 1350 514 quodammodo
1368 479 1486 506 Iudaicae
1501 478 1649 514 Synagogce
1671 477 1738 504 adeo

951 526 1090 553 ﬂaccidam
1123 530 1150 553 et
1179 525 1309 552 lubricam
1338 525 1524 558 mutationem,
1555 523 1737 551 mutationem

951 573 1012 599 dico
1026 577 1053 599 ct
1071 572 1212 599 transitum
1230 571 1256 598 in
1276 571 1421 604 deteriora,
1438 577 1464 598 et
1488 578 1520 598 ex
1539 570 1695 597 melioribus
1711 569 1738 596 in

952 619 1086 655 turpiora.
1107 618 1146 646 Ex
1183 617 1264 645 Mosis
1287 617 1418 652 siquidem
1444 617 1511 652 lege,
1532 616 1654 644 notitiam
1679 613 1737 649 ejus

950 668 1020 700 quod
1038 665 1101 693 utile
1121 669 1172 697 est,
1194 665 1340 692 docebatur
1360 672 1367 690 :
1392 667 1416 689 et
1433 670 1493 690 cum
1515 662 1561 690 Dei
1585 668 1737 689 sermonem

952 712 1029 746 quasi
1046 711 1242 738 internuntium
1260 715 1286 737 et
1302 709 1471 736 tabellarium
1488 708 1610 739 haberet,
1627 707 1672 742 qui
1683 706 1740 734 sin-

952 760 1012 795 gula
1032 767 1092 794 quae
1107 758 1210 793 agenda
1226 761 1289 785 sunt.
1312 756 1426 784 referret
1449 761 1477 783 et
1499 755 1664 790 deportaret,
1685 753 1742 780 illn-

952 805 1015 832 stris
1031 813 1062 832 ac
1088 803 1296 839 spectatissima,
1324 807 1351 830 et
1374 801 1554 829 admiratione
1574 800 1654 834 digna
1681 799 1740 829 fuit,

951 860 983 878 ac
1010 850 1174 886 percelebris
1207 849 1276 884 apud
1301 848 1513 884 quantplnrimos
1543 846 1686 878 homines,
1715 845 1741 871 in

952 897 1049 931 quibus
1071 896 1181 930 iustitiae
1209 895 1312 922 fruetus
1334 893 1473 929 opulenter
1498 897 1525 920 et
1550 892 1651 919 affatim
1669 891 1743 918 emo-

954 944 1018 976 ruit,
1033 942 1216 977 eratqneDeo
1234 945 1354 974 accepta.
1372 939 1542 966 Exstiterunt
1569 939 1641 965 enim
1661 937 1688 964 in
1711 945 1742 963 ea

955 989 1093 1023 prophetae
1107 995 1139 1014 ac
1150 987 1315 1019 sacerdotes,
1332 990 1358 1013 et
1377 986 1422 1020 qui
1444 984 1557 1020 justitia:
1585 983 1742 1010 muneribus

953 1034 1151 1069 fungebantur:
1167 1032 1347 1060 multitudinis
1370 1037 1477 1066 quoque
1497 1029 1625 1065 pra-fecti,
1649 1028 1741 1062 indicii

955 1085 1061 1108 tenaces
1088 1084 1115 1107 et
1146 1079 1271 1107 custodes
1302 1077 1421 1111 fuerunt,
1447 1078 1586 1111 legemque
1604 1077 1630 1103 in
1652 1075 1741 1109 lingua

952 1126 1114 1157 habuerunt,
1138 1125 1215 1153 bonis
1241 1125 1446 1159 commodisque
1476 1122 1596 1150 moribus
1616 1121 1743 1148 omnibus

954 1171 1090 1200 honestati
1104 1176 1131 1198 et.
1154 1170 1286 1198 exornati.
1308 1170 1349 1197 Ad
1368 1175 1520 1197 extremum
1548 1175 1613 1195 vero
1634 1167 1679 1194 his
1703 1171 1742 1193 tot

954 1225 986 1245 ac
1003 1218 1085 1244 tantis
1115 1217 1209 1249 bouis,
1237 1222 1264 1244 et
1291 1217 1401 1250 antiqua
1432 1215 1499 1242 adeo
1526 1215 1567 1241 illa
1596 1213 1741 1249 probitate,

954 1264 1030 1298 quasi
1048 1263 1155 1293 orbata,
1174 1262 1374 1290 inconsiderate
1394 1261 1489 1289 maluit
1513 1268 1603 1296 agere,
1629 1264 1657 1286 et
1681 1259 1744 1286 reli-

954 1310 1060 1345 gionem
1075 1316 1106 1336 ac
1121 1309 1297 1336 reverentiam
1311 1316 1377 1343 erga
1392 1308 1473 1335 Deum
1496 1314 1670 1341 amoremque
1694 1314 1743 1340 pro

955 1355 1039 1383 nihilo
1051 1356 1124 1382 duxit
1139 1361 1222 1390 atque
1242 1354 1415 1389 contempsit.
1440 1353 1576 1388 Siquidem
1597 1358 1658 1380 ante
1681 1352 1740 1380 Scr-

955 1401 1057 1428 vatoris
1089 1400 1173 1428 nostri
1204 1400 1359 1430 adventum.
1386 1400 1508 1427 adoravit
1540 1399 1610 1427 haud
1646 1403 1744 1425 natura

955 1447 1019 1474 deos
1034 1455 1041 1473 :
1059 1454 1141 1473 unum
1159 1450 1249 1473 autem
1267 1451 1295 1473 et
1310 1453 1374 1473 vere
1395 1446 1538 1473 Dominum
1554 1445 1743 1472 fornicationi-

956 1493 1005 1520 bns
1022 1493 1048 1519 in
1064 1492 1115 1520 hoc
1130 1492 1246 1527 repertis
1263 1492 1343 1526 impie
1361 1492 1472 1524 laedens.
1491 1496 1517 1519 et
1532 1496 1659 1526 tanquam
1681 1499 1744 1526 pro-

956 1539 1048 1565 stituta
1072 1540 1204 1572 quapiam
1237 1545 1267 1565 ac
1294 1538 1392 1565 lasciva
1416 1537 1512 1564 mulier
1539 1537 1630 1564 multis
1648 1537 1744 1564 variis-

918 1596 938 1625 α
956 1591 1009 1618 que
1030 1584 1114 1611 modis
1133 1584 1213 1619 impia
1233 1584 1292 1616 fuit,
1314 1584 1380 1612 alias
1399 1584 1460 1612 aliis
1483 1584 1670 1612 adhaerescens
1696 1583 1745 1611 ἀοι

957 1629 1089 1662 ctoribus,
1100 1630 1147 1664 qui
1160 1630 1194 1657 ad
1212 1630 1320 1664 quidvis
1350 1630 1404 1657 lleo
1427 1630 1542 1657 invisum
1566 1630 1748 1664 infestumque

957 1675 1088 1703 adducere
1101 1680 1244 1702 noverant.
1267 1675 1384 1702 Accusat
1402 1675 1492 1710 itaque
1517 1675 1589 1703 illam
1615 1675 1749 1702 universi-

957 1720 1019 1747 tatis
1045 1720 1114 1747 Deus
1136 1727 1201 1747 voce
1216 1719 1341 1747 Ieremia:
1362 1729 1368 1747 :
1391 1720 1475 1747 «Scis
1504 1727 1564 1754 quae
1595 1719 1658 1747 fecit
1681 1718 1747 1747 miltl

957 1765 1051 1793 domus
1063 1765 1144 1793 Israel
1161 1774 1167 1793 :
1180 1766 1305 1793 abierunt
1319 1767 1351 1793 ad
1362 1773 1468 1793 onmem
1481 1770 1599 1794 montem
1610 1765 1746 1793 excelsum

956 1816 982 1838 et
999 1811 1049 1839 sub
1066 1811 1140 1839 omni
1160 1811 1233 1846 ligno
1255 1810 1384 1839 frondoso
1407 1812 1519 1839 scortati
1544 1817 1607 1839 sunt
1625 1812 1658 1840 ".
1682 1821 1691 1838 ι
1713 1811 1747 1838 Ει

958 1865 1050 1886 rursus
1066 1858 1141 1893 quasi
1156 1858 1189 1886 ad
1206 1858 1299 1886 illam:
1320 1868 1329 1885 ι
1348 1857 1377 1886 Si
1394 1858 1527 1886 dimiserit
1550 1859 1611 1893 quis
1633 1865 1744 1885 uxorem

957 1911 1042 1936 suam,
1052 1911 1138 1939 eaque
1151 1904 1279 1932 recedens
1293 1904 1393 1937 abillo,
1404 1905 1487 1931 nubat
1499 1905 1556 1932 viro
1567 1904 1655 1936 alteri,
1670 1912 1746 1935 num:

956 1949 1019 1983 quid
1036 1955 1175 1978 revertens
1196 1955 1348 1978 revertetur
1364 1950 1419 1986 24
1436 1950 1469 1978 ad
1488 1950 1566 1978 eum?
1587 1957 1677 1977 nonne
1690 1948 1746 1984 pol-

957 1995 1012 2022 luta
1026 1995 1159 2030 polluetur
1173 2003 1241 2024 uxor
1257 1996 1318 2023 illa?
1338 1996 1371 2023 Et
1392 2001 1419 2023 tu
1438 1996 1569 2024 fornicata
1595 2003 1625 2023 es
1650 1996 1676 2023 in
1700 2003 1747 2030 pa-

957 2041 1078 2069 storibus
1094 2041 1195 2075 multis,
1211 2045 1238 2070 et
1254 2042 1434 2070 revertebaris
1449 2042 1481 2069 ad
1498 2049 1549 2074 me,
1569 2042 1635 2069 dicit
1651 2041 1744 2068 Domi-

958 2094 1019 2116 nus.
1034 2086 1134 2114 Attolle
1147 2087 1241 2116 oculos
1265 2092 1326 2115 tuos
1350 2087 1378 2115 in
1404 2093 1519 2121 rectum,
1549 2092 1577 2115 et
1599 2088 1669 2120 vide,
1701 2086 1746 2114 ubi

959 2141 1012 2160 non
1026 2138 1203 2168 conspurcata
1216 2133 1264 2162 sis.
1280 2134 1307 2161 In
1321 2134 1370 2161 riis
1386 2135 1499 2161 sedebas
1515 2134 1566 2168 eis,
1587 2133 1664 2168 quasi
1687 2140 1747 2160 cor~

956 2179 1002 2205 nix
1029 2179 1170 2213 solitaria;
1199 2180 1317 2214 polluisti
1356 2185 1454 2207 terram
1480 2180 1506 2206 in
1538 2179 1747 2207 scortationibus

957 2226 1021 2258 tuis,
1035 2231 1061 2252 et
1081 2226 1106 2252 in
1122 2226 1222 2253 malitia
1241 2231 1296 2254 tua.
1313 2236 1322 2252 ›
1353 2225 1473 2254 llabnisti
1496 2230 1620 2261 pastores
1650 2225 1748 2252 multos

121 2278 166 2304 νης
187 2271 297 2305 ἐγένετό
314 2280 372 2302 σοι,
395 2272 667 2309 ἀπηνῃσχύν[τ]ησας
691 2275 759 2310 πρὸς
777 2276 902 2307 πάντας.ι

985 2285 987 2298 ι
1003 2272 1178 2300 offensionem
1190 2273 1236 2300 tibi
1253 2273 1314 2307 ipsi.
1330 2272 1426 2300 Facies
1442 2272 1594 2300 meretricis
1612 2272 1683 2299 facta
1705 2276 1748 2298 est

123 2317 359 2352 Καταφρονήσασα
381 2317 445 2353 γὰρ,
468 2319 505 2350 ὡς
527 2319 605 2354 ἔφην,
628 2319 678 2354 τῆς
702 2321 753 2347 ὑπὸ
772 2321 831 2356 Θεῷ
847 2323 907 2349 δου-

122 2361 202 2394 λείας,
218 2362 354 2398 ἐτράπετο
370 2363 437 2398 ’πρὸς
452 2364 600 2391 ἀπόστασιν
611 2365 723 2398 καὶτοῖς
738 2367 906 2403 ἀκαθάρτοις

124 2409 267 2444 πνεύμασι,
281 2410 326 2435 καὶ
339 2411 396 2441 τοῖς
408 2410 461 2437 τῶν
472 2411 588 2438 εἰδώλων
602 2412 794 2447 θεραπευταῖς,
805 2415 904 2449 ἐχρῆτο

123 2456 231 2490 ποιμέσι
249 2456 297 2482 καὶ
313 2456 494 2489 διδασκάλοις.
512 2458 567 2484 Καὶ
583 2459 663 2485 ταυτὶ
685 2459 751 2494 μὲν,
768 2459 805 2492 ὡς
826 2460 905 2495 ἔφην,

123 2502 172 2535 πρὸ
199 2501 249 2535 τῆς
274 2501 322 2527 τοῦ
344 2501 473 2537 Σωτῆρος
500 2502 577 2537 ἡμῶν
606 2503 752 2538 ἐπιδημίας
778 2504 826 2538 τῆς
854 2504 906 2530 τῶν

128 2545 258 2573 Ἰουδαίων
272 2547 439 2582 Συναγωγῆς
450 2546 484 2574 τὰ
497 2547 665 2582 ἐγκλήματα,
685 2548 794 2584 Ἐπειδὴ
809 2549 838 2576 δὲ
852 2551 907 2582 τοῖς

124 2591 166 2617 ἐπὶ
190 2592 241 2626 τῆς
260 2592 312 2627 γῆς
339 2591 498 2627 ἐπέλαμψεν
522 2593 536 2618 ὁ
561 2592 677 2627 Χριστὸς
704 2593 831 2628 (ὲπὲφανε
853 2593 907 2630 γὰρ

124 2637 195 2671 ἡμῖν,
213 2638 284 2664 κατὰ
297 2638 327 2664 τὸ
339 2638 541 2672 γεγραμμένον,
553 2638 617 2670 Θεὸς
633 2638 756 2673 Κύριος),
771 2639 821 2665 οὐκ
834 2639 908 2675 αὐτῷ

127 2684 221 2717 μᾶλλον
237 2685 339 2722 ἐχρῆτο
356 2685 487 2720 παιδευτῇ
499 2693 506 2701 ⁸
521 2685 652 2720 τετίμηκε
675 2685 702 2711 δὲ
724 2685 907 2719 διδασκαλίας,

125 2730 274 2766 ἐντάλματα
299 2730 468 2766 ἀνθρώπων·
488 2732 534 2758 καὶ
558 2731 602 2758 τὸν
619 2732 700 2758 καλὸν
722 2732 822 2766 ἀφεῖσα
850 2741 909 2758 ποι-

157 2820 177 2836 "
192 2819 292 2848 Jercm.
315 2828 359 2849 ιιι.
372 2819 397 2847 6.
437 2819 534 2847 "ibid.
554 2821 579 2850 1,
593 2820 619 2853 2,
638 2819 663 2846 5.

158 2889 194 2919 (ll
214 2888 365 2919 llumfretln
382 2879 491 2914 materie
501 2893 523 2914 ινι
540 2897 602 2920 opus
619 2889 683 2922 ﬁant
697 2888 789 2923 gladii.
801 2887 903 2914 Tl'ilttnt

124 2925 189 2957 apud
205 2923 315 2952 Graecos
339 2923 464 2957 lnqncndi
491 2932 583 2956 geniis.
607 2923 708 2951 lleliml.
729 2924 774 2951 lib.
792 2931 810 2956 ι,
826 2923 906 2956 ἔργον

960 2319 1016 2351 tibi,
1034 2319 1092 2346 sine
1106 2319 1204 2346 rubore
1232 2318 1302 2346 facta
1324 2327 1353 2346 es
1369 2319 1402 2346 ad
1419 2325 1512 2346 omnes
1535 2317 1568 2345 ‘°.
1595 2327 1604 2343 ι
1626 2317 1744 2347 Etenim.

959 2365 996 2391 uti
1013 2365 1144 2398 dixeram,
1166 2365 1268 2392 cultum
1295 2364 1416 2391 divinum
1444 2368 1596 2398 aspernata,
1622 2363 1648 2390 in
1681 2370 1746 2396 apo-

960 2410 1073 2438 stasiam
1087 2417 1218 2437 conversa
1232 2413 1272 2437 est
1296 2418 1303 2436 :
1320 2416 1351 2437 ac
1368 2409 1522 2445 pastoribus
1539 2408 1748 2441 doctoribnsqnc

962 2464 1010 2483 usa
1024 2461 1075 2489 est,
1094 2456 1207 2490 impuris
1232 2455 1372 2490 spiritibus
1389 2459 1416 2482 ct
1437 2455 1569 2482 idolorum
1590 2453 1748 2481 cultoribus.

961 2503 1032 2535 Hzce,
1050 2501 1202 2534 itautdixi,
1215 2501 1324 2528 fuerunt
1335 2507 1399 2529 ante
1423 2500 1578 2528 Servatoris
1601 2499 1746 2526 adventura

961 2549 1079 2576 .Iudaicze
1096 2548 1243 2583 Synagogze
1259 2547 1374 2575 scelera.
1388 2547 1533 2580 Postquam
1549 2553 1613 2573 vero
1624 2546 1650 2572 in
1669 2544 1750 2572 terris

961 2594 1085 2622 Christus
1096 2593 1203 2626 effulsit,
1216 2593 1339 2629 apparuit
1353 2593 1424 2620 enim
1438 2591 1515 2619 nobis
1524 2591 1593 2619 Deus
1606 2590 1747 2622 Dominus,

963 2646 992 2668 ut
1010 2641 1139 2675 scriptum
1158 2644 1208 2672 est,
1230 2647 1282 2666 non
1305 2639 1380 2667 illum
1398 2637 1519 2666 adhibuit
1543 2642 1747 2673 praeceptorem,

963 2685 1009 2712 sed
1024 2684 1207 2718 coluitpotius
1226 2684 1373 2715 doctrinas,
1393 2683 1516 2710 mandata
1540 2682 1695 2713 hominum;
1718 2688 1750 2707 ac

963 2732 1032 2760 bono
1045 2736 1152 2766 pastore
1167 2731 1318 2765 repudiato,
1334 2730 1379 2765 qni
1393 2730 1424 2756 ad
1438 2729 1527 2756 omnia
1544 2727 1748 2763 praaclarissima

960 2887 1086 2920 γενέσθαι
1102 2886 1229 2921 πολέμου*
1247 2885 1354 2920 Synes.,
1375 2885 1453 2920 ἔργον
1470 2883 1592 2919 γενέσθαι
1615 2882 1749 2916 συκοφάν-

961 2930 1018 2949 του.
