  <div class='ocr_page' id='page_1' title='image "/cluster/home/n/w/nwhite01/storage/ocr_20150623/70/njp.32101077772737/032.png"; bbox 0 0 1890 3053; ppageno 0'>
   <div class='ocr_carea' id='block_1_1' title="bbox 84 202 865 245">
    <p class='ocr_par' dir='ltr' id='par_1_1' title="bbox 84 204 865 245">
     <span class='ocr_line' id='line_1_1' title="bbox 84 204 865 245; baseline 0.001 -13"><span class='ocrx_word' id='word_1_1' title='bbox 84 204 118 245; x_wconf 70' lang='lat' dir='ltr'><strong>ss</strong></span> <span class='ocrx_word' id='word_1_2' title='bbox 665 207 698 235; x_wconf 83' lang='lat' dir='ltr'><strong>IN</strong></span> <span class='ocrx_word' id='word_1_3' title='bbox 716 206 837 235; x_wconf 77' lang='lat' dir='ltr'><strong>lSAlAM</strong></span> <span class='ocrx_word' id='word_1_4' title='bbox 855 206 865 233; x_wconf 88' lang='grc' dir='ltr'><strong>ι</strong></span> 
     </span>
    </p>
   </div>
   <div class='ocr_carea' id='block_1_2' title="bbox 921 202 1716 245">
    <p class='ocr_par' dir='ltr' id='par_1_2' title="bbox 940 202 1716 234">
     <span class='ocr_line' id='line_1_2' title="bbox 940 202 1716 234; baseline -0.003 -1"><span class='ocrx_word' id='word_1_5' title='bbox 940 206 961 233; x_wconf 91' lang='lat' dir='ltr'><strong>l.</strong></span> <span class='ocrx_word' id='word_1_6' title='bbox 982 205 1087 234; x_wconf 75' lang='lat' dir='ltr'><strong>ORAT.</strong></span> <span class='ocrx_word' id='word_1_7' title='bbox 1106 205 1128 234; x_wconf 91' lang='grc' dir='ltr'><strong>Ι.</strong></span> <span class='ocrx_word' id='word_1_8' title='bbox 1680 202 1716 231; x_wconf 63' lang='grc'><strong>53</strong></span> 
     </span>
    </p>
   </div>
   <div class='ocr_carea' id='block_1_3' title="bbox 89 259 865 300">
    <p class='ocr_par' dir='ltr' id='par_1_3' title="bbox 89 259 862 300">
     <span class='ocr_line' id='line_1_3' title="bbox 89 259 862 300; baseline 0.009 -14"><span class='ocrx_word' id='word_1_9' title='bbox 89 259 162 292; x_wconf 54' lang='lat' dir='ltr'><strong>uno;</strong></span> <span class='ocrx_word' id='word_1_10' title='bbox 177 260 315 298; x_wconf 69' lang='grc' dir='ltr'>ἀργύριον</span> <span class='ocrx_word' id='word_1_11' title='bbox 331 263 364 290; x_wconf 77' lang='grc' dir='ltr'><strong>τὸ</strong></span> <span class='ocrx_word' id='word_1_12' title='bbox 376 263 451 300; x_wconf 75' lang='grc' dir='ltr'>παρὰ</span> <span class='ocrx_word' id='word_1_13' title='bbox 465 265 522 297; x_wconf 83' lang='grc' dir='ltr'>τοῖς</span> <span class='ocrx_word' id='word_1_14' title='bbox 543 265 690 298; x_wconf 78' lang='grc' dir='ltr'>Ἰουδαίοις,</span> <span class='ocrx_word' id='word_1_15' title='bbox 704 266 776 293; x_wconf 80' lang='grc' dir='ltr'>τοῦτ’</span> <span class='ocrx_word' id='word_1_16' title='bbox 789 266 862 293; x_wconf 80' lang='grc' dir='ltr'>ἔστιν</span> 
     </span>
    </p>
   </div>
   <div class='ocr_carea' id='block_1_4' title="bbox 921 259 1714 300">
    <p class='ocr_par' dir='ltr' id='par_1_4' title="bbox 926 263 1714 299">
     <span class='ocr_line' id='line_1_4' title="bbox 926 263 1714 299; baseline 0 -8"><span class='ocrx_word' id='word_1_17' title='bbox 926 272 941 292; x_wconf 89' lang='lat' dir='ltr'><strong>a</strong></span> <span class='ocrx_word' id='word_1_18' title='bbox 955 263 1058 292; x_wconf 85' lang='lat' dir='ltr'><strong>Scribis</strong></span> <span class='ocrx_word' id='word_1_19' title='bbox 1077 271 1109 292; x_wconf 84' lang='lat' dir='ltr'><strong>ac</strong></span> <span class='ocrx_word' id='word_1_20' title='bbox 1129 263 1274 292; x_wconf 80' lang='lat' dir='ltr'><strong>Pharisaeis</strong></span> <span class='ocrx_word' id='word_1_21' title='bbox 1295 263 1517 299; x_wconf 76' lang='lat' dir='ltr'><strong>proﬁciscebatur</strong></span> <span class='ocrx_word' id='word_1_22' title='bbox 1539 263 1642 297; x_wconf 88' lang='lat' dir='ltr'><strong>oratio;</strong></span> <span class='ocrx_word' id='word_1_23' title='bbox 1667 263 1714 298; x_wconf 90' lang='lat' dir='ltr'><strong>qui</strong></span> 
     </span>
    </p>
   </div>
   <div class='ocr_carea' id='block_1_5' title="bbox 88 307 874 347">
    <p class='ocr_par' dir='ltr' id='par_1_5' title="bbox 88 307 874 347">
     <span class='ocr_line' id='line_1_5' title="bbox 88 307 874 347; baseline 0.009 -15"><span class='ocrx_word' id='word_1_24' title='bbox 88 308 100 332; x_wconf 81' lang='grc' dir='ltr'><strong>ὁ</strong></span> <span class='ocrx_word' id='word_1_25' title='bbox 114 307 182 342; x_wconf 75' lang='grc' dir='ltr'>παρὰ</span> <span class='ocrx_word' id='word_1_26' title='bbox 195 307 250 334; x_wconf 84' lang='grc' dir='ltr'>τῶν</span> <span class='ocrx_word' id='word_1_27' title='bbox 272 309 467 346; x_wconf 80' lang='grc' dir='ltr'>Γραμματέων</span> <span class='ocrx_word' id='word_1_28' title='bbox 484 312 531 338; x_wconf 81' lang='grc' dir='ltr'><strong>καὶ</strong></span> <span class='ocrx_word' id='word_1_29' title='bbox 544 312 699 347; x_wconf 78' lang='grc' dir='ltr'><strong>Φαρισαίων</strong></span> <span class='ocrx_word' id='word_1_30' title='bbox 718 313 797 347; x_wconf 77' lang='grc' dir='ltr'>λόγος</span> <span class='ocrx_word' id='word_1_31' title='bbox 808 333 815 343; x_wconf 87' lang='grc'><em>.</em></span> <span class='ocrx_word' id='word_1_32' title='bbox 830 310 874 339; x_wconf 70' lang='grc' dir='ltr'><strong>οἷα</strong></span> 
     </span>
    </p>
   </div>
   <div class='ocr_carea' id='block_1_6' title="bbox 89 353 876 393">
    <p class='ocr_par' dir='ltr' id='par_1_6' title="bbox 89 353 876 393">
     <span class='ocr_line' id='line_1_6' title="bbox 89 353 876 393; baseline 0.008 -15"><span class='ocrx_word' id='word_1_33' title='bbox 89 353 115 388; x_wconf 77' lang='grc' dir='ltr'><strong>δὴ</strong></span> <span class='ocrx_word' id='word_1_34' title='bbox 129 353 172 379; x_wconf 73' lang='grc' dir='ltr'>καὶ</span> <span class='ocrx_word' id='word_1_35' title='bbox 185 353 328 389; x_wconf 74' lang='grc' dir='ltr'><strong>καπήλοις</strong></span> <span class='ocrx_word' id='word_1_36' title='bbox 340 357 532 392; x_wconf 81' lang='grc' dir='ltr'>προσεοικότες</span> <span class='ocrx_word' id='word_1_37' title='bbox 544 357 620 384; x_wconf 81' lang='grc' dir='ltr'>ὕδατι</span> <span class='ocrx_word' id='word_1_38' title='bbox 628 357 672 386; x_wconf 72' lang='grc' dir='ltr'>τὸν</span> <span class='ocrx_word' id='word_1_39' title='bbox 682 355 754 384; x_wconf 81' lang='grc' dir='ltr'>οἶνον</span> <span class='ocrx_word' id='word_1_40' title='bbox 769 358 876 393; x_wconf 83' lang='grc' dir='ltr'><strong>μίσγειν</strong></span> 
     </span>
    </p>
   </div>
   <div class='ocr_carea' id='block_1_7' title="bbox 89 399 875 441">
    <p class='ocr_par' dir='ltr' id='par_1_7' title="bbox 89 399 875 441">
     <span class='ocr_line' id='line_1_7' title="bbox 89 399 875 441; baseline 0.009 -17"><span class='ocrx_word' id='word_1_41' title='bbox 89 399 189 433; x_wconf 72' lang='grc' dir='ltr'>ἧθεὶον·</span> <span class='ocrx_word' id='word_1_42' title='bbox 214 400 292 427; x_wconf 81' lang='grc' dir='ltr'>τοῦτ’</span> <span class='ocrx_word' id='word_1_43' title='bbox 317 402 388 434; x_wconf 77' lang='grc' dir='ltr'>ἐστι,</span> <span class='ocrx_word' id='word_1_44' title='bbox 412 403 619 439; x_wconf 85' lang='grc' dir='ltr'>νενοθευμένην,</span> <span class='ocrx_word' id='word_1_45' title='bbox 638 405 684 431; x_wconf 73' lang='grc' dir='ltr'><strong>καὶ</strong></span> <span class='ocrx_word' id='word_1_46' title='bbox 698 405 748 431; x_wconf 88' lang='grc' dir='ltr'><strong>οὐκ</strong></span> <span class='ocrx_word' id='word_1_47' title='bbox 767 406 875 441; x_wconf 82' lang='grc' dir='ltr'>ἀκαπή-</span> 
     </span>
    </p>
   </div>
   <div class='ocr_carea' id='block_1_8' title="bbox 88 443 877 486">
    <p class='ocr_par' dir='ltr' id='par_1_8' title="bbox 88 443 877 486">
     <span class='ocr_line' id='line_1_8' title="bbox 88 443 877 486; baseline 0.013 -18"><span class='ocrx_word' id='word_1_48' title='bbox 88 443 172 470; x_wconf 61' lang='lat' dir='ltr'><strong>lautos</strong></span> <span class='ocrx_word' id='word_1_49' title='bbox 197 445 349 473; x_wconf 78' lang='grc' dir='ltr'>ἐποιοῦντο</span> <span class='ocrx_word' id='word_1_50' title='bbox 371 448 420 474; x_wconf 81' lang='grc' dir='ltr'><strong>τοῦ</strong></span> <span class='ocrx_word' id='word_1_51' title='bbox 443 449 527 483; x_wconf 75' lang='grc' dir='ltr'>νόμον</span> <span class='ocrx_word' id='word_1_52' title='bbox 543 449 592 484; x_wconf 87' lang='grc' dir='ltr'>τὴν</span> <span class='ocrx_word' id='word_1_53' title='bbox 614 450 762 486; x_wconf 74' lang='grc' dir='ltr'><strong>ἐξήγησιν·</strong></span> <span class='ocrx_word' id='word_1_54' title='bbox 789 460 877 486; x_wconf 82' lang='grc' dir='ltr'>παρα-</span> 
     </span>
    </p>
   </div>
   <div class='ocr_carea' id='block_1_9' title="bbox 87 489 876 532">
    <p class='ocr_par' dir='ltr' id='par_1_9' title="bbox 87 489 876 532">
     <span class='ocr_line' id='line_1_9' title="bbox 87 489 876 532; baseline 0.013 -18"><span class='ocrx_word' id='word_1_55' title='bbox 87 489 224 521; x_wconf 77' lang='grc' dir='ltr'>πλέχοντές</span> <span class='ocrx_word' id='word_1_56' title='bbox 249 499 277 517; x_wconf 86' lang='grc' dir='ltr'><strong>τι</strong></span> <span class='ocrx_word' id='word_1_57' title='bbox 291 493 344 519; x_wconf 73' lang='grc' dir='ltr'>καὶ</span> <span class='ocrx_word' id='word_1_58' title='bbox 363 493 436 520; x_wconf 85' lang='grc' dir='ltr'>ίδίων</span> <span class='ocrx_word' id='word_1_59' title='bbox 462 495 554 526; x_wconf 80' lang='grc' dir='ltr'>αὐτοῖς</span> <span class='ocrx_word' id='word_1_60' title='bbox 569 495 739 532; x_wconf 79' lang='grc' dir='ltr'>θελημάτων,</span> <span class='ocrx_word' id='word_1_61' title='bbox 762 497 810 523; x_wconf 77' lang='grc' dir='ltr'>καὶ</span> <span class='ocrx_word' id='word_1_62' title='bbox 824 497 876 532; x_wconf 71' lang='grc' dir='ltr'><strong>ψυ-</strong></span> 
     </span>
    </p>
   </div>
   <div class='ocr_carea' id='block_1_10' title="bbox 87 534 876 578">
    <p class='ocr_par' dir='ltr' id='par_1_10' title="bbox 87 534 876 578">
     <span class='ocr_line' id='line_1_10' title="bbox 87 534 876 578; baseline 0.014 -19"><span class='ocrx_word' id='word_1_63' title='bbox 87 534 153 570; x_wconf 79' lang='grc' dir='ltr'>χρῶν</span> <span class='ocrx_word' id='word_1_64' title='bbox 166 536 212 562; x_wconf 72' lang='grc' dir='ltr'>καὶ</span> <span class='ocrx_word' id='word_1_65' title='bbox 228 535 426 574; x_wconf 81' lang='grc' dir='ltr'>ὑδαρεστέρων</span> <span class='ocrx_word' id='word_1_66' title='bbox 447 539 555 567; x_wconf 78' lang='grc' dir='ltr'><strong>ἐννοιῶν</strong></span> <span class='ocrx_word' id='word_1_67' title='bbox 577 543 815 578; x_wconf 81' lang='grc' dir='ltr'>παρεισκρίνοντες</span> <span class='ocrx_word' id='word_1_68' title='bbox 827 544 876 570; x_wconf 84' lang='grc' dir='ltr'>οὐκ</span> 
     </span>
    </p>
   </div>
   <div class='ocr_carea' id='block_1_11' title="bbox 87 581 876 623">
    <p class='ocr_par' dir='ltr' id='par_1_11' title="bbox 87 581 876 623">
     <span class='ocr_line' id='line_1_11' title="bbox 87 581 876 623; baseline 0.013 -17"><span class='ocrx_word' id='word_1_69' title='bbox 87 582 174 614; x_wconf 77' lang='grc' dir='ltr'>ἀμιγεῖ</span> <span class='ocrx_word' id='word_1_70' title='bbox 187 581 235 608; x_wconf 76' lang='grc' dir='ltr'>τοῦ</span> <span class='ocrx_word' id='word_1_71' title='bbox 255 582 400 618; x_wconf 80' lang='grc' dir='ltr'>χείρονος,</span> <span class='ocrx_word' id='word_1_72' title='bbox 417 585 476 612; x_wconf 76' lang='grc' dir='ltr'><strong>οὐδὲ</strong></span> <span class='ocrx_word' id='word_1_73' title='bbox 491 586 529 618; x_wconf 85' lang='grc' dir='ltr'><strong>ὡς</strong></span> <span class='ocrx_word' id='word_1_74' title='bbox 544 586 577 613; x_wconf 84' lang='grc' dir='ltr'>ἂν</span> <span class='ocrx_word' id='word_1_75' title='bbox 601 588 670 614; x_wconf 85' lang='grc' dir='ltr'>εῐποι</span> <span class='ocrx_word' id='word_1_76' title='bbox 695 597 736 620; x_wconf 85' lang='grc' dir='ltr'><strong>τις</strong></span> <span class='ocrx_word' id='word_1_77' title='bbox 758 589 876 623; x_wconf 81' lang='grc' dir='ltr'>ἄκρατον</span> 
     </span>
    </p>
   </div>
   <div class='ocr_carea' id='block_1_12' title="bbox 88 627 874 668">
    <p class='ocr_par' dir='ltr' id='par_1_12' title="bbox 88 627 874 668">
     <span class='ocr_line' id='line_1_12' title="bbox 88 627 874 668; baseline 0.009 -16"><span class='ocrx_word' id='word_1_78' title='bbox 88 627 221 654; x_wconf 79' lang='grc' dir='ltr'>ἐποιοῦντο</span> <span class='ocrx_word' id='word_1_79' title='bbox 244 629 298 664; x_wconf 78' lang='grc' dir='ltr'>τῆς</span> <span class='ocrx_word' id='word_1_80' title='bbox 323 630 372 656; x_wconf 85' lang='grc' dir='ltr'><strong>τοῦ</strong></span> <span class='ocrx_word' id='word_1_81' title='bbox 389 631 533 665; x_wconf 80' lang='grc' dir='ltr'><strong>νομοθέτου</strong></span> <span class='ocrx_word' id='word_1_82' title='bbox 551 631 648 667; x_wconf 82' lang='grc' dir='ltr'>βουλῆς</span> <span class='ocrx_word' id='word_1_83' title='bbox 669 633 717 668; x_wconf 76' lang='grc' dir='ltr'>τὴν</span> <span class='ocrx_word' id='word_1_84' title='bbox 737 633 874 660; x_wconf 85' lang='grc' dir='ltr'>ἀπόδοσιν.</span> 
     </span>
    </p>
   </div>
   <div class='ocr_carea' id='block_1_13' title="bbox 88 673 876 713">
    <p class='ocr_par' dir='ltr' id='par_1_13' title="bbox 88 673 876 713">
     <span class='ocr_line' id='line_1_13' title="bbox 88 673 876 713; baseline 0.01 -15"><span class='ocrx_word' id='word_1_85' title='bbox 88 673 137 699; x_wconf 78' lang='grc' dir='ltr'><strong>Καὶ</strong></span> <span class='ocrx_word' id='word_1_86' title='bbox 164 673 228 706; x_wconf 74' lang='grc' dir='ltr'>γοῦν</span> <span class='ocrx_word' id='word_1_87' title='bbox 245 675 403 710; x_wconf 77' lang='grc' dir='ltr'><strong>προσίεσαν</strong></span> <span class='ocrx_word' id='word_1_88' title='bbox 420 677 468 712; x_wconf 79' lang='grc' dir='ltr'><strong>μὲν</strong></span> <span class='ocrx_word' id='word_1_89' title='bbox 482 678 506 703; x_wconf 89' lang='grc' dir='ltr'>οἱ</span> <span class='ocrx_word' id='word_1_90' title='bbox 522 677 698 713; x_wconf 82' lang='grc' dir='ltr'>Γραμματεϊς</span> <span class='ocrx_word' id='word_1_91' title='bbox 720 679 766 706; x_wconf 77' lang='grc' dir='ltr'><strong>καὶ</strong></span> <span class='ocrx_word' id='word_1_92' title='bbox 780 680 803 705; x_wconf 83' lang='lat' dir='ltr'><strong>oi</strong></span> <span class='ocrx_word' id='word_1_93' title='bbox 822 680 876 706; x_wconf 74' lang='grc' dir='ltr'><strong>Φαο</strong></span> 
     </span>
    </p>
   </div>
   <div class='ocr_carea' id='block_1_14' title="bbox 89 718 875 761">
    <p class='ocr_par' dir='ltr' id='par_1_14' title="bbox 89 718 875 761">
     <span class='ocr_line' id='line_1_14' title="bbox 89 718 875 761; baseline 0.014 -19"><span class='ocrx_word' id='word_1_94' title='bbox 89 718 179 751; x_wconf 82' lang='grc' dir='ltr'>ρισαίοι</span> <span class='ocrx_word' id='word_1_95' title='bbox 201 718 240 754; x_wconf 84' lang='grc' dir='ltr'>τῷ</span> <span class='ocrx_word' id='word_1_96' title='bbox 255 720 372 761; x_wconf 52' lang='grc' dir='ltr'>Σωτῆρι</span> <span class='ocrx_word' id='word_1_97' title='bbox 396 721 520 756; x_wconf 78' lang='grc' dir='ltr'>λέγοντές</span> <span class='ocrx_word' id='word_1_98' title='bbox 537 732 602 749; x_wconf 80' lang='grc' dir='ltr'>ποτε</span> <span class='ocrx_word' id='word_1_99' title='bbox 616 732 624 740; x_wconf 83' lang='grc' dir='ltr'><strong>ο</strong></span> <span class='ocrx_word' id='word_1_100' title='bbox 644 733 654 750; x_wconf 83' lang='grc'><em>‹</em></span> <span class='ocrx_word' id='word_1_101' title='bbox 674 725 722 751; x_wconf 87' lang='grc' dir='ltr'><strong>Διὰ</strong></span> <span class='ocrx_word' id='word_1_102' title='bbox 736 725 762 752; x_wconf 90' lang='grc' dir='ltr'><strong>τί</strong></span> <span class='ocrx_word' id='word_1_103' title='bbox 780 726 804 752; x_wconf 81' lang='lat' dir='ltr'><strong>ol</strong></span> <span class='ocrx_word' id='word_1_104' title='bbox 823 734 875 760; x_wconf 85' lang='grc' dir='ltr'>μα-</span> 
     </span>
    </p>
   </div>
   <div class='ocr_carea' id='block_1_15' title="bbox 89 764 876 806">
    <p class='ocr_par' dir='ltr' id='par_1_15' title="bbox 89 764 876 806">
     <span class='ocr_line' id='line_1_15' title="bbox 89 764 876 806; baseline 0.011 -17"><span class='ocrx_word' id='word_1_105' title='bbox 89 764 160 798; x_wconf 76' lang='grc' dir='ltr'>θηταί</span> <span class='ocrx_word' id='word_1_106' title='bbox 178 773 224 791; x_wconf 76' lang='grc' dir='ltr'>σου</span> <span class='ocrx_word' id='word_1_107' title='bbox 241 766 448 801; x_wconf 76' lang='grc' dir='ltr'>παραϐαίνουσι</span> <span class='ocrx_word' id='word_1_108' title='bbox 462 769 511 804; x_wconf 74' lang='grc' dir='ltr'>τὴν</span> <span class='ocrx_word' id='word_1_109' title='bbox 522 770 672 805; x_wconf 83' lang='grc' dir='ltr'>παράδοσιν</span> <span class='ocrx_word' id='word_1_110' title='bbox 687 771 740 797; x_wconf 88' lang='grc' dir='ltr'>τῶν</span> <span class='ocrx_word' id='word_1_111' title='bbox 755 771 876 806; x_wconf 77' lang='grc' dir='ltr'>πρεσϐυ-</span> 
     </span>
    </p>
   </div>
   <div class='ocr_carea' id='block_1_16' title="bbox 88 810 876 853">
    <p class='ocr_par' dir='ltr' id='par_1_16' title="bbox 88 810 876 853">
     <span class='ocr_line' id='line_1_16' title="bbox 88 810 876 853; baseline 0.004 -11"><span class='ocrx_word' id='word_1_112' title='bbox 88 810 182 845; x_wconf 78' lang='grc' dir='ltr'><strong>τέρων;</strong></span> <span class='ocrx_word' id='word_1_113' title='bbox 200 811 230 837; x_wconf 77' lang='grc' dir='ltr'><strong>οὺ</strong></span> <span class='ocrx_word' id='word_1_114' title='bbox 251 812 310 848; x_wconf 72' lang='grc' dir='ltr'><strong>γὰρ</strong></span> <span class='ocrx_word' id='word_1_115' title='bbox 334 814 476 842; x_wconf 80' lang='grc' dir='ltr'>νίπτονται</span> <span class='ocrx_word' id='word_1_116' title='bbox 501 816 552 848; x_wconf 77' lang='grc' dir='ltr'><strong>τὰς</strong></span> <span class='ocrx_word' id='word_1_117' title='bbox 573 818 668 853; x_wconf 84' lang='grc' dir='ltr'>χεῖρας</span> <span class='ocrx_word' id='word_1_118' title='bbox 691 817 791 851; x_wconf 76' lang='grc' dir='ltr'>αὐτῶν,</span> <span class='ocrx_word' id='word_1_119' title='bbox 812 819 876 844; x_wconf 75' lang='grc' dir='ltr'>ὅταν</span> 
     </span>
    </p>
   </div>
   <div class='ocr_carea' id='block_1_17' title="bbox 88 855 876 898">
    <p class='ocr_par' dir='ltr' id='par_1_17' title="bbox 88 855 876 898">
     <span class='ocr_line' id='line_1_17' title="bbox 88 855 876 898; baseline 0.013 -17"><span class='ocrx_word' id='word_1_120' title='bbox 88 855 128 881; x_wconf 74' lang='grc' dir='ltr'><strong>τὸν</strong></span> <span class='ocrx_word' id='word_1_121' title='bbox 141 855 220 889; x_wconf 68' lang='grc' dir='ltr'>ἄρτον</span> <span class='ocrx_word' id='word_1_122' title='bbox 237 857 391 886; x_wconf 70' lang='grc' dir='ltr'>ἐσθίουσιν.</span> <span class='ocrx_word' id='word_1_123' title='bbox 413 859 441 886; x_wconf 80' lang='lat'><strong>&#39;0</strong></span> <span class='ocrx_word' id='word_1_124' title='bbox 462 861 491 887; x_wconf 83' lang='grc' dir='ltr'><strong>δὲ</strong></span> <span class='ocrx_word' id='word_1_125' title='bbox 506 862 574 898; x_wconf 70' lang='grc' dir='ltr'>πρὸς</span> <span class='ocrx_word' id='word_1_126' title='bbox 593 863 692 895; x_wconf 83' lang='grc' dir='ltr'>αὐτούς</span> <span class='ocrx_word' id='word_1_127' title='bbox 705 873 711 879; x_wconf 91' lang='grc'><strong>·</strong></span> <span class='ocrx_word' id='word_1_128' title='bbox 726 864 775 891; x_wconf 74' lang='grc' dir='ltr'>Διὰ</span> <span class='ocrx_word' id='word_1_129' title='bbox 788 864 815 891; x_wconf 80' lang='grc' dir='ltr'><strong>τί</strong></span> <span class='ocrx_word' id='word_1_130' title='bbox 829 865 876 891; x_wconf 76' lang='grc' dir='ltr'>καὶ</span> 
     </span>
    </p>
   </div>
   <div class='ocr_carea' id='block_1_18' title="bbox 89 902 875 945">
    <p class='ocr_par' dir='ltr' id='par_1_18' title="bbox 89 902 875 945">
     <span class='ocr_line' id='line_1_18' title="bbox 89 902 875 945; baseline 0.013 -18"><span class='ocrx_word' id='word_1_131' title='bbox 89 902 158 936; x_wconf 76' lang='grc' dir='ltr'>ὑμεῖς</span> <span class='ocrx_word' id='word_1_132' title='bbox 181 904 372 938; x_wconf 80' lang='grc' dir='ltr'>παραϐαίνετε</span> <span class='ocrx_word' id='word_1_133' title='bbox 392 906 441 941; x_wconf 81' lang='grc' dir='ltr'>τὴν</span> <span class='ocrx_word' id='word_1_134' title='bbox 463 907 574 944; x_wconf 79' lang='grc' dir='ltr'>ἐντολὴν</span> <span class='ocrx_word' id='word_1_135' title='bbox 591 909 638 936; x_wconf 78' lang='grc' dir='ltr'>τοῦ</span> <span class='ocrx_word' id='word_1_136' title='bbox 659 909 744 941; x_wconf 77' lang='grc' dir='ltr'>Θεοῦ,</span> <span class='ocrx_word' id='word_1_137' title='bbox 763 909 806 936; x_wconf 79' lang='grc' dir='ltr'><strong>διὰ</strong></span> <span class='ocrx_word' id='word_1_138' title='bbox 827 910 875 945; x_wconf 83' lang='grc' dir='ltr'>τὴν</span> 
     </span>
    </p>
   </div>
   <div class='ocr_carea' id='block_1_19' title="bbox 89 949 875 992">
    <p class='ocr_par' dir='ltr' id='par_1_19' title="bbox 89 949 875 992">
     <span class='ocr_line' id='line_1_19' title="bbox 89 949 875 992; baseline 0.013 -18"><span class='ocrx_word' id='word_1_139' title='bbox 89 949 227 984; x_wconf 71' lang='grc' dir='ltr'>παράδοσιν</span> <span class='ocrx_word' id='word_1_140' title='bbox 239 951 341 986; x_wconf 83' lang='grc' dir='ltr'><strong>ὐμῶν;</strong></span> <span class='ocrx_word' id='word_1_141' title='bbox 354 953 382 979; x_wconf 91' lang='grc'><strong>’0</strong></span> <span class='ocrx_word' id='word_1_142' title='bbox 393 953 447 989; x_wconf 72' lang='grc' dir='ltr'>γὰρ</span> <span class='ocrx_word' id='word_1_143' title='bbox 457 954 523 986; x_wconf 71' lang='grc' dir='ltr'>Θεὸς</span> <span class='ocrx_word' id='word_1_144' title='bbox 533 953 618 986; x_wconf 77' lang='grc' dir='ltr'>εἶπεν,</span> <span class='ocrx_word' id='word_1_145' title='bbox 629 956 703 991; x_wconf 83' lang='grc' dir='ltr'>Τίμα</span> <span class='ocrx_word' id='word_1_146' title='bbox 713 957 757 983; x_wconf 64' lang='grc' dir='ltr'>τὴν</span> <span class='ocrx_word' id='word_1_147' title='bbox 769 957 875 992; x_wconf 76' lang='grc' dir='ltr'>πατέρα</span> 
     </span>
    </p>
   </div>
   <div class='ocr_carea' id='block_1_20' title="bbox 88 993 875 1038">
    <p class='ocr_par' dir='ltr' id='par_1_20' title="bbox 88 993 875 1038">
     <span class='ocr_line' id='line_1_20' title="bbox 88 993 875 1038; baseline 0.014 -20"><span class='ocrx_word' id='word_1_148' title='bbox 88 993 128 1019; x_wconf 66' lang='grc' dir='ltr'><strong>καὶ</strong></span> <span class='ocrx_word' id='word_1_149' title='bbox 143 994 192 1029; x_wconf 79' lang='grc' dir='ltr'>τὴν</span> <span class='ocrx_word' id='word_1_150' title='bbox 210 996 337 1031; x_wconf 82' lang='grc' dir='ltr'>μητέρα,</span> <span class='ocrx_word' id='word_1_151' title='bbox 362 998 418 1030; x_wconf 73' lang='grc' dir='ltr'>καὶ,</span> <span class='ocrx_word' id='word_1_152' title='bbox 443 1000 457 1025; x_wconf 84' lang='grc' dir='ltr'>ὁ</span> <span class='ocrx_word' id='word_1_153' title='bbox 481 999 638 1034; x_wconf 77' lang='grc' dir='ltr'>κακολογῶν</span> <span class='ocrx_word' id='word_1_154' title='bbox 657 1001 763 1037; x_wconf 80' lang='grc' dir='ltr'>πατέρα</span> <span class='ocrx_word' id='word_1_155' title='bbox 781 1001 798 1037; x_wconf 84' lang='grc' dir='ltr'>ἤ</span> <span class='ocrx_word' id='word_1_156' title='bbox 825 1011 875 1038; x_wconf 87' lang='grc' dir='ltr'><strong>μη-</strong></span> 
     </span>
    </p>
   </div>
   <div class='ocr_carea' id='block_1_21' title="bbox 87 1039 875 1080">
    <p class='ocr_par' dir='ltr' id='par_1_21' title="bbox 87 1039 875 1080">
     <span class='ocr_line' id='line_1_21' title="bbox 87 1039 875 1080; baseline 0.011 -15"><span class='ocrx_word' id='word_1_157' title='bbox 87 1039 154 1074; x_wconf 75' lang='grc' dir='ltr'>τέρα,</span> <span class='ocrx_word' id='word_1_158' title='bbox 172 1039 283 1077; x_wconf 76' lang='grc' dir='ltr'>θανάτῳ</span> <span class='ocrx_word' id='word_1_159' title='bbox 316 1042 487 1070; x_wconf 79' lang='grc' dir='ltr'>τελευτάτω·</span> <span class='ocrx_word' id='word_1_160' title='bbox 502 1044 581 1080; x_wconf 82' lang='grc' dir='ltr'>ὑμεῖς</span> <span class='ocrx_word' id='word_1_161' title='bbox 604 1045 632 1072; x_wconf 82' lang='grc' dir='ltr'><strong>δὲ</strong></span> <span class='ocrx_word' id='word_1_162' title='bbox 654 1046 758 1080; x_wconf 82' lang='grc' dir='ltr'>λέγετε.</span> <span class='ocrx_word' id='word_1_163' title='bbox 774 1047 823 1079; x_wconf 82' lang='grc' dir='ltr'>⁸ος</span> <span class='ocrx_word' id='word_1_164' title='bbox 842 1047 875 1074; x_wconf 84' lang='grc' dir='ltr'>ἂν</span> 
     </span>
    </p>
   </div>
   <div class='ocr_carea' id='block_1_22' title="bbox 87 1085 876 1128">
    <p class='ocr_par' dir='ltr' id='par_1_22' title="bbox 87 1085 876 1128">
     <span class='ocr_line' id='line_1_22' title="bbox 87 1085 876 1128; baseline 0.013 -18"><span class='ocrx_word' id='word_1_165' title='bbox 87 1086 143 1121; x_wconf 78' lang='grc' dir='ltr'>εἴπῃ</span> <span class='ocrx_word' id='word_1_166' title='bbox 155 1085 191 1121; x_wconf 79' lang='grc' dir='ltr'>τῷ</span> <span class='ocrx_word' id='word_1_167' title='bbox 204 1087 307 1122; x_wconf 79' lang='grc' dir='ltr'>πατέρι</span> <span class='ocrx_word' id='word_1_168' title='bbox 323 1088 338 1123; x_wconf 84' lang='grc' dir='ltr'>ἢ</span> <span class='ocrx_word' id='word_1_169' title='bbox 355 1089 593 1126; x_wconf 77' lang='grc' dir='ltr'><strong>μητέρι,Δῶρον,ὂ</strong></span> <span class='ocrx_word' id='word_1_170' title='bbox 605 1091 637 1118; x_wconf 84' lang='grc' dir='ltr'>ἂν</span> <span class='ocrx_word' id='word_1_171' title='bbox 649 1091 678 1124; x_wconf 78' lang='grc' dir='ltr'>ἐξ</span> <span class='ocrx_word' id='word_1_172' title='bbox 692 1092 759 1125; x_wconf 78' lang='grc' dir='ltr'><strong>ἐμοῦ</strong></span> <span class='ocrx_word' id='word_1_173' title='bbox 771 1092 876 1128; x_wconf 77' lang='grc' dir='ltr'>ὠφελη-</span> 
     </span>
    </p>
   </div>
   <div class='ocr_carea' id='block_1_23' title="bbox 88 1130 873 1175">
    <p class='ocr_par' dir='ltr' id='par_1_23' title="bbox 88 1130 873 1175">
     <span class='ocr_line' id='line_1_23' title="bbox 88 1130 873 1175; baseline 0.011 -18"><span class='ocrx_word' id='word_1_174' title='bbox 88 1130 139 1166; x_wconf 75' lang='grc' dir='ltr'>θῇς,</span> <span class='ocrx_word' id='word_1_175' title='bbox 150 1131 178 1158; x_wconf 74' lang='grc' dir='ltr'><strong>ού</strong></span> <span class='ocrx_word' id='word_1_176' title='bbox 193 1131 231 1168; x_wconf 83' lang='grc' dir='ltr'><strong>μὴ</strong></span> <span class='ocrx_word' id='word_1_177' title='bbox 247 1134 365 1170; x_wconf 79' lang='grc' dir='ltr'><strong>τιμήσει</strong></span> <span class='ocrx_word' id='word_1_178' title='bbox 379 1135 425 1161; x_wconf 76' lang='grc' dir='ltr'><strong>τὸν</strong></span> <span class='ocrx_word' id='word_1_179' title='bbox 438 1137 542 1172; x_wconf 79' lang='grc' dir='ltr'>πατέρα</span> <span class='ocrx_word' id='word_1_180' title='bbox 559 1137 640 1164; x_wconf 80' lang='grc' dir='ltr'>αὑτοῦ</span> <span class='ocrx_word' id='word_1_181' title='bbox 654 1137 669 1174; x_wconf 78' lang='grc' dir='ltr'>ἢ</span> <span class='ocrx_word' id='word_1_182' title='bbox 688 1138 736 1174; x_wconf 85' lang='grc' dir='ltr'>τὴν</span> <span class='ocrx_word' id='word_1_183' title='bbox 750 1139 856 1175; x_wconf 77' lang='grc' dir='ltr'>μητέρα</span> <span class='ocrx_word' id='word_1_184' title='bbox 866 1143 873 1149; x_wconf 90' lang='grc'><strong>·</strong></span> 
     </span>
    </p>
   </div>
   <div class='ocr_carea' id='block_1_24' title="bbox 87 1176 874 1221">
    <p class='ocr_par' dir='ltr' id='par_1_24' title="bbox 87 1176 874 1221">
     <span class='ocr_line' id='line_1_24' title="bbox 87 1176 874 1221; baseline 0.014 -20"><span class='ocrx_word' id='word_1_185' title='bbox 87 1176 128 1202; x_wconf 68' lang='grc' dir='ltr'>καὶ</span> <span class='ocrx_word' id='word_1_186' title='bbox 139 1177 306 1212; x_wconf 74' lang='grc' dir='ltr'>ἠκυρώσατε</span> <span class='ocrx_word' id='word_1_187' title='bbox 323 1179 372 1215; x_wconf 84' lang='grc' dir='ltr'>τὴν</span> <span class='ocrx_word' id='word_1_188' title='bbox 389 1181 498 1217; x_wconf 75' lang='grc' dir='ltr'>ἐντολὴν</span> <span class='ocrx_word' id='word_1_189' title='bbox 511 1182 558 1208; x_wconf 80' lang='grc' dir='ltr'><strong>τοῦ</strong></span> <span class='ocrx_word' id='word_1_190' title='bbox 578 1183 644 1210; x_wconf 76' lang='grc' dir='ltr'>Θεοῦ</span> <span class='ocrx_word' id='word_1_191' title='bbox 665 1183 710 1210; x_wconf 77' lang='grc' dir='ltr'><strong>διὰ</strong></span> <span class='ocrx_word' id='word_1_192' title='bbox 723 1185 773 1219; x_wconf 77' lang='grc' dir='ltr'>τὴν</span> <span class='ocrx_word' id='word_1_193' title='bbox 786 1185 874 1221; x_wconf 84' lang='grc' dir='ltr'>παρά-</span> 
     </span>
    </p>
   </div>
   <div class='ocr_carea' id='block_1_25' title="bbox 87 1222 873 1268">
    <p class='ocr_par' dir='ltr' id='par_1_25' title="bbox 87 1222 873 1268">
     <span class='ocr_line' id='line_1_25' title="bbox 87 1222 873 1268; baseline 0.014 -21"><span class='ocrx_word' id='word_1_194' title='bbox 87 1222 156 1249; x_wconf 74' lang='grc' dir='ltr'>ὖασιν</span> <span class='ocrx_word' id='word_1_195' title='bbox 181 1223 272 1258; x_wconf 80' lang='grc' dir='ltr'>ὑμῶν.</span> <span class='ocrx_word' id='word_1_196' title='bbox 291 1234 303 1251; x_wconf 75' lang='grc' dir='ltr'><strong>ι</strong></span> <span class='ocrx_word' id='word_1_197' title='bbox 338 1225 421 1262; x_wconf 79' lang='grc' dir='ltr'>Ὁρᾷς</span> <span class='ocrx_word' id='word_1_198' title='bbox 450 1228 479 1253; x_wconf 83' lang='grc' dir='ltr'>ὲν</span> <span class='ocrx_word' id='word_1_199' title='bbox 510 1228 617 1260; x_wconf 80' lang='grc' dir='ltr'>τούτοις</span> <span class='ocrx_word' id='word_1_200' title='bbox 646 1231 694 1265; x_wconf 83' lang='grc' dir='ltr'>τῆς</span> <span class='ocrx_word' id='word_1_201' title='bbox 726 1230 873 1268; x_wconf 82' lang='grc' dir='ltr'>Ἰουδαῖκῆς</span> 
     </span>
    </p>
   </div>
   <div class='ocr_carea' id='block_1_26' title="bbox 87 1269 873 1312">
    <p class='ocr_par' dir='ltr' id='par_1_26' title="bbox 87 1269 873 1312">
     <span class='ocr_line' id='line_1_26' title="bbox 87 1269 873 1312; baseline 0.015 -19"><span class='ocrx_word' id='word_1_202' title='bbox 87 1269 230 1303; x_wconf 73' lang='grc' dir='ltr'>καπηλείας</span> <span class='ocrx_word' id='word_1_203' title='bbox 248 1271 328 1306; x_wconf 77' lang='grc' dir='ltr'>σαφῆ</span> <span class='ocrx_word' id='word_1_204' title='bbox 354 1271 388 1298; x_wconf 74' lang='grc' dir='ltr'>τὰ</span> <span class='ocrx_word' id='word_1_205' title='bbox 411 1273 588 1308; x_wconf 80' lang='grc' dir='ltr'>ὲγκλήματα;</span> <span class='ocrx_word' id='word_1_206' title='bbox 614 1276 674 1308; x_wconf 83' lang='grc' dir='ltr'>ταῖς</span> <span class='ocrx_word' id='word_1_207' title='bbox 689 1275 743 1312; x_wconf 79' lang='grc' dir='ltr'>γὰρ</span> <span class='ocrx_word' id='word_1_208' title='bbox 760 1278 873 1310; x_wconf 78' lang='grc' dir='ltr'>οἰκείαις</span> 
     </span>
    </p>
   </div>
   <div class='ocr_carea' id='block_1_27' title="bbox 87 1313 872 1356">
    <p class='ocr_par' dir='ltr' id='par_1_27' title="bbox 87 1313 872 1356">
     <span class='ocr_line' id='line_1_27' title="bbox 87 1313 872 1356; baseline 0.014 -18"><span class='ocrx_word' id='word_1_209' title='bbox 87 1313 258 1348; x_wconf 77' lang='grc' dir='ltr'>παραδόσεσιν</span> <span class='ocrx_word' id='word_1_210' title='bbox 275 1316 395 1343; x_wconf 73' lang='grc' dir='ltr'>ἕπεσθαι</span> <span class='ocrx_word' id='word_1_211' title='bbox 420 1317 474 1344; x_wconf 82' lang='grc' dir='ltr'>δεῖν</span> <span class='ocrx_word' id='word_1_212' title='bbox 497 1319 643 1352; x_wconf 75' lang='grc' dir='ltr'>ἐθέλοντες,</span> <span class='ocrx_word' id='word_1_213' title='bbox 663 1321 783 1356; x_wconf 79' lang='grc' dir='ltr'>ἀκύρους</span> <span class='ocrx_word' id='word_1_214' title='bbox 804 1323 872 1349; x_wconf 78' lang='grc' dir='ltr'><strong>ἀπέ-</strong></span> 
     </span>
    </p>
   </div>
   <div class='ocr_carea' id='block_1_28' title="bbox 87 1361 872 1404">
    <p class='ocr_par' dir='ltr' id='par_1_28' title="bbox 87 1361 872 1404">
     <span class='ocr_line' id='line_1_28' title="bbox 87 1361 872 1404; baseline 0.015 -20"><span class='ocrx_word' id='word_1_215' title='bbox 87 1368 171 1393; x_wconf 67' lang='grc' dir='ltr'>φαινον</span> <span class='ocrx_word' id='word_1_216' title='bbox 183 1361 246 1392; x_wconf 63' lang='grc' dir='ltr'>τοῦς</span> <span class='ocrx_word' id='word_1_217' title='bbox 263 1361 315 1388; x_wconf 76' lang='grc' dir='ltr'>τοῦ</span> <span class='ocrx_word' id='word_1_218' title='bbox 340 1363 408 1390; x_wconf 84' lang='grc' dir='ltr'><strong>Θεοῦ</strong></span> <span class='ocrx_word' id='word_1_219' title='bbox 425 1364 534 1399; x_wconf 85' lang='grc' dir='ltr'>νόμους.</span> <span class='ocrx_word' id='word_1_220' title='bbox 559 1366 805 1403; x_wconf 80' lang='grc' dir='ltr'>’Υποπλαττόμενοι</span> <span class='ocrx_word' id='word_1_221' title='bbox 822 1369 872 1404; x_wconf 84' lang='grc' dir='ltr'><strong>μὲν</strong></span> 
     </span>
    </p>
   </div>
   <div class='ocr_carea' id='block_1_29' title="bbox 87 1403 872 1449">
    <p class='ocr_par' dir='ltr' id='par_1_29' title="bbox 87 1403 872 1449">
     <span class='ocr_line' id='line_1_29' title="bbox 87 1403 872 1449; baseline 0.015 -20"><span class='ocrx_word' id='word_1_222' title='bbox 87 1403 234 1439; x_wconf 72' lang='grc' dir='ltr'>ἐξηγεῖσθαι.</span> <span class='ocrx_word' id='word_1_223' title='bbox 251 1406 304 1433; x_wconf 67' lang='grc' dir='ltr'>καὶ</span> <span class='ocrx_word' id='word_1_224' title='bbox 318 1408 434 1440; x_wconf 75' lang='grc' dir='ltr'>αὐτοὺς,</span> <span class='ocrx_word' id='word_1_225' title='bbox 458 1411 681 1447; x_wconf 75' lang='grc' dir='ltr'>συνεισφέροντες</span> <span class='ocrx_word' id='word_1_226' title='bbox 700 1412 728 1439; x_wconf 82' lang='grc' dir='ltr'><strong>δὲ</strong></span> <span class='ocrx_word' id='word_1_227' title='bbox 754 1403 872 1449; x_wconf 78' lang='grc' dir='ltr'>παραδό-</span> 
     </span>
    </p>
   </div>
   <div class='ocr_carea' id='block_1_30' title="bbox 88 1451 870 1495">
    <p class='ocr_par' dir='ltr' id='par_1_30' title="bbox 88 1451 870 1495">
     <span class='ocr_line' id='line_1_30' title="bbox 88 1451 870 1495; baseline 0.017 -20"><span class='ocrx_word' id='word_1_228' title='bbox 88 1459 135 1481; x_wconf 76' lang='grc' dir='ltr'>σεις</span> <span class='ocrx_word' id='word_1_229' title='bbox 149 1451 248 1484; x_wconf 75' lang='grc' dir='ltr'>ἑώλους</span> <span class='ocrx_word' id='word_1_230' title='bbox 261 1453 314 1479; x_wconf 74' lang='grc' dir='ltr'>καὶ</span> <span class='ocrx_word' id='word_1_231' title='bbox 330 1453 446 1490; x_wconf 67' lang='grc' dir='ltr'>ψυχρέις.</span> <span class='ocrx_word' id='word_1_232' title='bbox 467 1456 592 1484; x_wconf 77' lang='grc' dir='ltr'>Αἰτιᾶται</span> <span class='ocrx_word' id='word_1_233' title='bbox 606 1458 634 1485; x_wconf 77' lang='grc' dir='ltr'><strong>δὲ</strong></span> <span class='ocrx_word' id='word_1_234' title='bbox 652 1459 715 1491; x_wconf 79' lang='grc' dir='ltr'>τοὺς</span> <span class='ocrx_word' id='word_1_235' title='bbox 727 1459 870 1495; x_wconf 82' lang='grc' dir='ltr'>ἄρχοντας,</span> 
     </span>
    </p>
   </div>
   <div class='ocr_carea' id='block_1_31' title="bbox 86 1496 870 1543">
    <p class='ocr_par' dir='ltr' id='par_1_31' title="bbox 86 1496 870 1543">
     <span class='ocr_line' id='line_1_31' title="bbox 86 1496 870 1543; baseline 0.015 -21"><span class='ocrx_word' id='word_1_236' title='bbox 86 1496 117 1528; x_wconf 72' lang='grc' dir='ltr'>ὡς</span> <span class='ocrx_word' id='word_1_237' title='bbox 134 1497 197 1524; x_wconf 72' lang='grc' dir='ltr'>πολὺ</span> <span class='ocrx_word' id='word_1_238' title='bbox 223 1499 375 1532; x_wconf 79' lang='grc' dir='ltr'>νοσοῦντας</span> <span class='ocrx_word' id='word_1_239' title='bbox 399 1501 430 1527; x_wconf 81' lang='grc' dir='ltr'><strong>τὺ</strong></span> <span class='ocrx_word' id='word_1_240' title='bbox 453 1502 568 1538; x_wconf 79' lang='grc' dir='ltr'>ἑξήνιον,</span> <span class='ocrx_word' id='word_1_241' title='bbox 594 1504 641 1531; x_wconf 71' lang='grc' dir='ltr'><strong>καὶ</strong></span> <span class='ocrx_word' id='word_1_242' title='bbox 658 1505 759 1541; x_wconf 74' lang='grc' dir='ltr'>γαῦρον</span> <span class='ocrx_word' id='word_1_243' title='bbox 776 1506 870 1543; x_wconf 79' lang='grc' dir='ltr'>ὥσπερ</span> 
     </span>
    </p>
   </div>
   <div class='ocr_carea' id='block_1_32' title="bbox 86 1542 867 1586">
    <p class='ocr_par' dir='ltr' id='par_1_32' title="bbox 86 1542 867 1586">
     <span class='ocr_line' id='line_1_32' title="bbox 86 1542 867 1586; baseline 0.015 -19"><span class='ocrx_word' id='word_1_244' title='bbox 86 1542 264 1575; x_wconf 69' lang='grc' dir='ltr'>ἀντιτείνοντας</span> <span class='ocrx_word' id='word_1_245' title='bbox 289 1544 336 1570; x_wconf 81' lang='grc' dir='ltr'>τὸν</span> <span class='ocrx_word' id='word_1_246' title='bbox 350 1545 462 1580; x_wconf 76' lang='grc' dir='ltr'>αὐχένα,</span> <span class='ocrx_word' id='word_1_247' title='bbox 482 1547 529 1574; x_wconf 79' lang='grc' dir='ltr'><strong>καὶ</strong></span> <span class='ocrx_word' id='word_1_248' title='bbox 554 1548 677 1576; x_wconf 78' lang='grc' dir='ltr'><strong>ἀπειθεῖν</strong></span> <span class='ocrx_word' id='word_1_249' title='bbox 703 1542 867 1586; x_wconf 74' lang='grc' dir='ltr'>ᾑρημένους.</span> 
     </span>
    </p>
   </div>
   <div class='ocr_carea' id='block_1_33' title="bbox 927 309 1713 344">
    <p class='ocr_par' dir='ltr' id='par_1_33' title="bbox 927 309 1713 344">
     <span class='ocr_line' id='line_1_33' title="bbox 927 309 1713 344; baseline -0.003 -7"><span class='ocrx_word' id='word_1_250' title='bbox 927 310 1093 344; x_wconf 85' lang='lat' dir='ltr'><strong>cauponibus</strong></span> <span class='ocrx_word' id='word_1_251' title='bbox 1111 309 1253 343; x_wconf 84' lang='lat' dir='ltr'><strong>assimiles,</strong></span> <span class='ocrx_word' id='word_1_252' title='bbox 1282 317 1352 344; x_wconf 88' lang='lat' dir='ltr'><strong>aqua</strong></span> <span class='ocrx_word' id='word_1_253' title='bbox 1371 309 1464 336; x_wconf 91' lang='lat' dir='ltr'><strong>vinum</strong></span> <span class='ocrx_word' id='word_1_254' title='bbox 1486 309 1713 344; x_wconf 66' lang='lat' dir='ltr'><strong>permiscuerunt,</strong></span> 
     </span>
    </p>
   </div>
   <div class='ocr_carea' id='block_1_34' title="bbox 927 354 1715 391">
    <p class='ocr_par' dir='ltr' id='par_1_34' title="bbox 927 354 1715 391">
     <span class='ocr_line' id='line_1_34' title="bbox 927 354 1715 391; baseline -0.001 -8"><span class='ocrx_word' id='word_1_255' title='bbox 927 356 953 383; x_wconf 88' lang='lat' dir='ltr'><strong>id</strong></span> <span class='ocrx_word' id='word_1_256' title='bbox 967 361 1021 388; x_wconf 87' lang='lat' dir='ltr'><strong>est,</strong></span> <span class='ocrx_word' id='word_1_257' title='bbox 1037 355 1104 391; x_wconf 71' lang='lat' dir='ltr'><strong>legis</strong></span> <span class='ocrx_word' id='word_1_258' title='bbox 1127 355 1380 390; x_wconf 69' lang='lat' dir='ltr'><strong>interpretationem</strong></span> <span class='ocrx_word' id='word_1_259' title='bbox 1402 355 1521 390; x_wconf 86' lang='lat' dir='ltr'><strong>spuriam</strong></span> <span class='ocrx_word' id='word_1_260' title='bbox 1539 359 1567 382; x_wconf 91' lang='lat' dir='ltr'><strong>et</strong></span> <span class='ocrx_word' id='word_1_261' title='bbox 1587 354 1715 383; x_wconf 85' lang='lat' dir='ltr'><strong>adulteri-</strong></span> 
     </span>
    </p>
   </div>
   <div class='ocr_carea' id='block_1_35' title="bbox 927 400 1712 436">
    <p class='ocr_par' dir='ltr' id='par_1_35' title="bbox 927 400 1712 436">
     <span class='ocr_line' id='line_1_35' title="bbox 927 400 1712 436; baseline -0.001 -8"><span class='ocrx_word' id='word_1_262' title='bbox 927 409 988 428; x_wconf 89' lang='lat' dir='ltr'><strong>nam</strong></span> <span class='ocrx_word' id='word_1_263' title='bbox 1003 400 1162 429; x_wconf 81' lang='lat' dir='ltr'><strong>aiiinxerunt</strong></span> <span class='ocrx_word' id='word_1_264' title='bbox 1177 409 1185 429; x_wconf 83' lang='lat'><strong>:</strong></span> <span class='ocrx_word' id='word_1_265' title='bbox 1207 405 1233 428; x_wconf 89' lang='lat' dir='ltr'><strong>et</strong></span> <span class='ocrx_word' id='word_1_266' title='bbox 1243 401 1393 429; x_wconf 81' lang='lat' dir='ltr'><strong>intexentes</strong></span> <span class='ocrx_word' id='word_1_267' title='bbox 1408 408 1456 428; x_wconf 86' lang='lat' dir='ltr'><strong>sua</strong></span> <span class='ocrx_word' id='word_1_268' title='bbox 1469 401 1590 436; x_wconf 74' lang='lat' dir='ltr'><strong>quaedam</strong></span> <span class='ocrx_word' id='word_1_269' title='bbox 1605 401 1712 436; x_wconf 79' lang='lat' dir='ltr'><strong>placita,</strong></span> 
     </span>
    </p>
   </div>
   <div class='ocr_carea' id='block_1_36' title="bbox 927 447 1713 483">
    <p class='ocr_par' dir='ltr' id='par_1_36' title="bbox 927 447 1713 483">
     <span class='ocr_line' id='line_1_36' title="bbox 927 447 1713 483; baseline 0.001 -9"><span class='ocrx_word' id='word_1_270' title='bbox 927 454 959 475; x_wconf 88' lang='lat' dir='ltr'><strong>ac</strong></span> <span class='ocrx_word' id='word_1_271' title='bbox 989 447 1101 483; x_wconf 78' lang='lat' dir='ltr'><strong>frigidos</strong></span> <span class='ocrx_word' id='word_1_272' title='bbox 1122 447 1273 482; x_wconf 88' lang='lat' dir='ltr'><strong>dilutosque</strong></span> <span class='ocrx_word' id='word_1_273' title='bbox 1302 454 1397 475; x_wconf 82' lang='lat' dir='ltr'><strong>sensus</strong></span> <span class='ocrx_word' id='word_1_274' title='bbox 1421 447 1633 482; x_wconf 83' lang='lat' dir='ltr'><strong>interponentes,</strong></span> <span class='ocrx_word' id='word_1_275' title='bbox 1659 454 1713 475; x_wconf 89' lang='lat' dir='ltr'><strong>non</strong></span> 
     </span>
    </p>
   </div>
   <div class='ocr_carea' id='block_1_37' title="bbox 927 493 1715 528">
    <p class='ocr_par' dir='ltr' id='par_1_37' title="bbox 927 493 1715 528">
     <span class='ocr_line' id='line_1_37' title="bbox 927 493 1715 528; baseline 0 -8"><span class='ocrx_word' id='word_1_276' title='bbox 927 499 1041 525; x_wconf 86' lang='lat' dir='ltr'><strong>meram,</strong></span> <span class='ocrx_word' id='word_1_277' title='bbox 1060 497 1089 519; x_wconf 89' lang='lat' dir='ltr'><strong>ut</strong></span> <span class='ocrx_word' id='word_1_278' title='bbox 1108 493 1144 520; x_wconf 84' lang='lat' dir='ltr'><strong>ita</strong></span> <span class='ocrx_word' id='word_1_279' title='bbox 1169 493 1294 526; x_wconf 80' lang='lat' dir='ltr'><strong>dixerim,</strong></span> <span class='ocrx_word' id='word_1_280' title='bbox 1316 493 1466 527; x_wconf 84' lang='lat' dir='ltr'><strong>simplicem</strong></span> <span class='ocrx_word' id='word_1_281' title='bbox 1490 500 1521 520; x_wconf 85' lang='lat' dir='ltr'><strong>ac</strong></span> <span class='ocrx_word' id='word_1_282' title='bbox 1536 500 1644 528; x_wconf 86' lang='lat' dir='ltr'><strong>puram,</strong></span> <span class='ocrx_word' id='word_1_283' title='bbox 1666 493 1715 520; x_wconf 84' lang='lat' dir='ltr'><strong>sed</strong></span> 
     </span>
    </p>
   </div>
   <div class='ocr_carea' id='block_1_38' title="bbox 927 538 1717 574">
    <p class='ocr_par' dir='ltr' id='par_1_38' title="bbox 927 538 1717 574">
     <span class='ocr_line' id='line_1_38' title="bbox 927 538 1717 574; baseline -0.001 -8"><span class='ocrx_word' id='word_1_284' title='bbox 927 546 987 566; x_wconf 90' lang='lat' dir='ltr'><strong>cum</strong></span> <span class='ocrx_word' id='word_1_285' title='bbox 999 539 1134 566; x_wconf 85' lang='lat' dir='ltr'><strong>deteriore</strong></span> <span class='ocrx_word' id='word_1_286' title='bbox 1150 539 1256 566; x_wconf 87' lang='lat' dir='ltr'><strong>mistam</strong></span> <span class='ocrx_word' id='word_1_287' title='bbox 1269 538 1430 574; x_wconf 75' lang='lat' dir='ltr'><strong>legislatoris</strong></span> <span class='ocrx_word' id='word_1_288' title='bbox 1439 539 1584 566; x_wconf 81' lang='lat' dir='ltr'><strong>voluntatis</strong></span> <span class='ocrx_word' id='word_1_289' title='bbox 1593 538 1717 574; x_wconf 85' lang='lat' dir='ltr'><strong>explica-</strong></span> 
     </span>
    </p>
   </div>
   <div class='ocr_carea' id='block_1_39' title="bbox 927 583 1713 612">
    <p class='ocr_par' dir='ltr' id='par_1_39' title="bbox 927 583 1713 612">
     <span class='ocr_line' id='line_1_39' title="bbox 927 583 1713 612; baseline 0 -1"><span class='ocrx_word' id='word_1_290' title='bbox 927 585 1027 612; x_wconf 83' lang='lat' dir='ltr'><strong>tionem</strong></span> <span class='ocrx_word' id='word_1_291' title='bbox 1040 583 1225 612; x_wconf 86' lang='lat' dir='ltr'><strong>reddiderunt.</strong></span> <span class='ocrx_word' id='word_1_292' title='bbox 1243 583 1373 611; x_wconf 83' lang='lat' dir='ltr'><strong>Adierunt</strong></span> <span class='ocrx_word' id='word_1_293' title='bbox 1386 583 1513 611; x_wconf 86' lang='lat' dir='ltr'><strong>nimirum</strong></span> <span class='ocrx_word' id='word_1_294' title='bbox 1539 584 1713 612; x_wconf 82' lang='lat' dir='ltr'><strong>Servatorem</strong></span> 
     </span>
    </p>
   </div>
   <div class='ocr_carea' id='block_1_40' title="bbox 928 629 1713 664">
    <p class='ocr_par' dir='ltr' id='par_1_40' title="bbox 928 629 1713 664">
     <span class='ocr_line' id='line_1_40' title="bbox 928 629 1713 664; baseline -0.001 -7"><span class='ocrx_word' id='word_1_295' title='bbox 928 629 1030 657; x_wconf 62' lang='lat' dir='ltr'><strong>Scribaa</strong></span> <span class='ocrx_word' id='word_1_296' title='bbox 1058 637 1089 658; x_wconf 84' lang='lat' dir='ltr'><strong>ac</strong></span> <span class='ocrx_word' id='word_1_297' title='bbox 1131 629 1260 658; x_wconf 76' lang='lat' dir='ltr'><strong>Phariszei</strong></span> <span class='ocrx_word' id='word_1_298' title='bbox 1297 629 1442 664; x_wconf 86' lang='lat' dir='ltr'><strong>aliquando</strong></span> <span class='ocrx_word' id='word_1_299' title='bbox 1459 650 1466 662; x_wconf 90' lang='lat'><strong>,</strong></span> <span class='ocrx_word' id='word_1_300' title='bbox 1495 637 1527 657; x_wconf 89' lang='lat' dir='ltr'><strong>ac</strong></span> <span class='ocrx_word' id='word_1_301' title='bbox 1557 630 1713 657; x_wconf 82' lang='lat' dir='ltr'><strong>dixerunt:</strong></span> 
     </span>
    </p>
   </div>
   <div class='ocr_carea' id='block_1_41' title="bbox 929 675 1714 710">
    <p class='ocr_par' dir='ltr' id='par_1_41' title="bbox 929 675 1714 710">
     <span class='ocr_line' id='line_1_41' title="bbox 929 675 1714 710; baseline 0.001 -9"><span class='ocrx_word' id='word_1_302' title='bbox 929 684 939 701; x_wconf 73' lang='grc' dir='ltr'>ί</span> <span class='ocrx_word' id='word_1_303' title='bbox 960 676 1049 709; x_wconf 84' lang='lat' dir='ltr'><strong>Quare</strong></span> <span class='ocrx_word' id='word_1_304' title='bbox 1069 675 1194 710; x_wconf 85' lang='lat' dir='ltr'><strong>discipuli</strong></span> <span class='ocrx_word' id='word_1_305' title='bbox 1217 675 1254 702; x_wconf 86' lang='lat' dir='ltr'><strong>tui</strong></span> <span class='ocrx_word' id='word_1_306' title='bbox 1281 675 1517 709; x_wconf 81' lang='lat' dir='ltr'><strong>transgrediuntur</strong></span> <span class='ocrx_word' id='word_1_307' title='bbox 1542 675 1714 702; x_wconf 87' lang='lat' dir='ltr'><strong>traditionem</strong></span> 
     </span>
    </p>
   </div>
   <div class='ocr_carea' id='block_1_42' title="bbox 927 721 1713 755">
    <p class='ocr_par' dir='ltr' id='par_1_42' title="bbox 927 721 1713 755">
     <span class='ocr_line' id='line_1_42' title="bbox 927 721 1713 755; baseline -0.003 -6"><span class='ocrx_word' id='word_1_308' title='bbox 927 722 1082 750; x_wconf 85' lang='lat' dir='ltr'><strong>seniorum?</strong></span> <span class='ocrx_word' id='word_1_309' title='bbox 1095 721 1152 749; x_wconf 86' lang='lat' dir='ltr'><strong>Non</strong></span> <span class='ocrx_word' id='word_1_310' title='bbox 1165 721 1236 749; x_wconf 92' lang='lat' dir='ltr'><strong>enim</strong></span> <span class='ocrx_word' id='word_1_311' title='bbox 1252 721 1343 747; x_wconf 78' lang='lat' dir='ltr'><strong>lavant</strong></span> <span class='ocrx_word' id='word_1_312' title='bbox 1357 727 1451 747; x_wconf 88' lang='lat' dir='ltr'><strong>manus</strong></span> <span class='ocrx_word' id='word_1_313' title='bbox 1462 727 1538 753; x_wconf 85' lang='lat' dir='ltr'><strong>snas,</strong></span> <span class='ocrx_word' id='word_1_314' title='bbox 1550 727 1609 747; x_wconf 89' lang='lat' dir='ltr'><strong>cum</strong></span> <span class='ocrx_word' id='word_1_315' title='bbox 1618 728 1713 755; x_wconf 87' lang='lat' dir='ltr'><strong>panem</strong></span> 
     </span>
    </p>
   </div>
   <div class='ocr_carea' id='block_1_43' title="bbox 927 766 1713 801">
    <p class='ocr_par' dir='ltr' id='par_1_43' title="bbox 927 766 1713 801">
     <span class='ocr_line' id='line_1_43' title="bbox 927 766 1713 801; baseline -0.003 -6"><span class='ocrx_word' id='word_1_316' title='bbox 927 768 1026 795; x_wconf 90' lang='lat' dir='ltr'><strong>edunt?</strong></span> <span class='ocrx_word' id='word_1_317' title='bbox 1042 777 1051 794; x_wconf 70' lang='grc' dir='ltr'><strong>ι</strong></span> <span class='ocrx_word' id='word_1_318' title='bbox 1067 767 1168 801; x_wconf 87' lang='lat' dir='ltr'><strong>Quibus</strong></span> <span class='ocrx_word' id='word_1_319' title='bbox 1181 766 1225 793; x_wconf 89' lang='lat' dir='ltr'><strong>ille</strong></span> <span class='ocrx_word' id='word_1_320' title='bbox 1240 776 1246 793; x_wconf 86' lang='lat'><strong>:</strong></span> <span class='ocrx_word' id='word_1_321' title='bbox 1263 775 1272 792; x_wconf 74' lang='grc' dir='ltr'><strong>ι</strong></span> <span class='ocrx_word' id='word_1_322' title='bbox 1292 766 1382 800; x_wconf 82' lang='lat' dir='ltr'><strong>Quare</strong></span> <span class='ocrx_word' id='word_1_323' title='bbox 1394 770 1421 792; x_wconf 88' lang='lat' dir='ltr'><strong>et</strong></span> <span class='ocrx_word' id='word_1_324' title='bbox 1437 773 1496 798; x_wconf 88' lang='lat' dir='ltr'><strong>vos,</strong></span> <span class='ocrx_word' id='word_1_325' title='bbox 1513 766 1608 800; x_wconf 84' lang='lat' dir='ltr'><strong>inquit,</strong></span> <span class='ocrx_word' id='word_1_326' title='bbox 1627 771 1713 793; x_wconf 87' lang='lat' dir='ltr'><strong>trans-</strong></span> 
     </span>
    </p>
   </div>
   <div class='ocr_carea' id='block_1_44' title="bbox 927 811 1715 848">
    <p class='ocr_par' dir='ltr' id='par_1_44' title="bbox 927 811 1715 848">
     <span class='ocr_line' id='line_1_44' title="bbox 927 811 1715 848; baseline -0.003 -8"><span class='ocrx_word' id='word_1_327' title='bbox 927 813 1068 848; x_wconf 81' lang='lat' dir='ltr'><strong>grcdimini</strong></span> <span class='ocrx_word' id='word_1_328' title='bbox 1086 817 1247 848; x_wconf 65' lang='lat' dir='ltr'><strong>praeceptum</strong></span> <span class='ocrx_word' id='word_1_329' title='bbox 1266 812 1311 839; x_wconf 88' lang='lat' dir='ltr'><strong>Dei</strong></span> <span class='ocrx_word' id='word_1_330' title='bbox 1334 815 1444 846; x_wconf 82' lang='lat' dir='ltr'><strong>propter</strong></span> <span class='ocrx_word' id='word_1_331' title='bbox 1469 811 1640 838; x_wconf 86' lang='lat' dir='ltr'><strong>traditionem</strong></span> <span class='ocrx_word' id='word_1_332' title='bbox 1667 818 1715 838; x_wconf 89' lang='lat' dir='ltr'><strong>ve-</strong></span> 
     </span>
    </p>
   </div>
   <div class='ocr_carea' id='block_1_45' title="bbox 929 856 1716 891">
    <p class='ocr_par' dir='ltr' id='par_1_45' title="bbox 929 856 1716 891">
     <span class='ocr_line' id='line_1_45' title="bbox 929 856 1716 891; baseline 0 -7"><span class='ocrx_word' id='word_1_333' title='bbox 929 857 1110 884; x_wconf 75' lang='lat' dir='ltr'><strong>stram‘iNam</strong></span> <span class='ocrx_word' id='word_1_334' title='bbox 1137 857 1208 885; x_wconf 87' lang='lat' dir='ltr'><strong>Deus</strong></span> <span class='ocrx_word' id='word_1_335' title='bbox 1239 857 1307 885; x_wconf 80' lang='lat' dir='ltr'><strong>dixit</strong></span> <span class='ocrx_word' id='word_1_336' title='bbox 1325 867 1332 884; x_wconf 72' lang='grc' dir='ltr'>ε</span> <span class='ocrx_word' id='word_1_337' title='bbox 1348 856 1456 884; x_wconf 85' lang='lat' dir='ltr'><strong>Honora</strong></span> <span class='ocrx_word' id='word_1_338' title='bbox 1481 861 1585 891; x_wconf 88' lang='lat' dir='ltr'><strong>patrem</strong></span> <span class='ocrx_word' id='word_1_339' title='bbox 1611 861 1638 884; x_wconf 90' lang='lat' dir='ltr'><strong>et</strong></span> <span class='ocrx_word' id='word_1_340' title='bbox 1659 864 1716 884; x_wconf 83' lang='lat' dir='ltr'><strong>ma-</strong></span> 
     </span>
    </p>
   </div>
   <div class='ocr_carea' id='block_1_46' title="bbox 929 903 1716 941">
    <p class='ocr_par' dir='ltr' id='par_1_46' title="bbox 929 903 1716 941">
     <span class='ocr_line' id='line_1_46' title="bbox 929 903 1716 941; baseline -0.001 -9"><span class='ocrx_word' id='word_1_341' title='bbox 929 910 1012 938; x_wconf 90' lang='lat' dir='ltr'><strong>trem;</strong></span> <span class='ocrx_word' id='word_1_342' title='bbox 1029 905 1084 941; x_wconf 78' lang='lat'><strong>26</strong></span> <span class='ocrx_word' id='word_1_343' title='bbox 1098 910 1124 932; x_wconf 92' lang='lat' dir='ltr'><strong>et</strong></span> <span class='ocrx_word' id='word_1_344' title='bbox 1136 914 1143 932; x_wconf 87' lang='lat'><strong>:</strong></span> <span class='ocrx_word' id='word_1_345' title='bbox 1156 904 1205 938; x_wconf 84' lang='lat' dir='ltr'><strong>Qui</strong></span> <span class='ocrx_word' id='word_1_346' title='bbox 1225 903 1360 932; x_wconf 80' lang='lat' dir='ltr'><strong>maledicit</strong></span> <span class='ocrx_word' id='word_1_347' title='bbox 1376 905 1444 938; x_wconf 93' lang='lat' dir='ltr'><strong>patri</strong></span> <span class='ocrx_word' id='word_1_348' title='bbox 1459 908 1507 931; x_wconf 89' lang='lat' dir='ltr'><strong>aut</strong></span> <span class='ocrx_word' id='word_1_349' title='bbox 1522 904 1613 936; x_wconf 83' lang='lat' dir='ltr'><strong>matri,</strong></span> <span class='ocrx_word' id='word_1_350' title='bbox 1627 908 1716 932; x_wconf 83' lang='lat' dir='ltr'><strong>morte</strong></span> 
     </span>
    </p>
   </div>
   <div class='ocr_carea' id='block_1_47' title="bbox 893 939 1714 984">
    <p class='ocr_par' dir='ltr' id='par_1_47' title="bbox 893 939 1714 984">
     <span class='ocr_line' id='line_1_47' title="bbox 893 939 1714 984; baseline -0.001 -6"><span class='ocrx_word' id='word_1_351' title='bbox 893 939 912 967; x_wconf 70' lang='grc' dir='ltr'><strong>Β</strong></span> <span class='ocrx_word' id='word_1_352' title='bbox 927 939 1077 978; x_wconf 52' lang='lat' dir='ltr'><strong>moriatur:</strong></span> <span class='ocrx_word' id='word_1_353' title='bbox 1089 950 1123 977; x_wconf 77' lang='lat' dir='ltr'><strong>At</strong></span> <span class='ocrx_word' id='word_1_354' title='bbox 1138 957 1185 977; x_wconf 84' lang='lat' dir='ltr'><strong>vos</strong></span> <span class='ocrx_word' id='word_1_355' title='bbox 1199 950 1291 977; x_wconf 85' lang='lat' dir='ltr'><strong>dicitis</strong></span> <span class='ocrx_word' id='word_1_356' title='bbox 1307 958 1314 976; x_wconf 90' lang='lat'><strong>:</strong></span> <span class='ocrx_word' id='word_1_357' title='bbox 1333 949 1362 977; x_wconf 87' lang='lat' dir='ltr'><strong>Si</strong></span> <span class='ocrx_word' id='word_1_358' title='bbox 1377 949 1437 983; x_wconf 86' lang='lat' dir='ltr'><strong>quis</strong></span> <span class='ocrx_word' id='word_1_359' title='bbox 1460 949 1559 977; x_wconf 77' lang='lat' dir='ltr'><strong>dixerit</strong></span> <span class='ocrx_word' id='word_1_360' title='bbox 1580 950 1650 984; x_wconf 87' lang='lat' dir='ltr'><strong>patri</strong></span> <span class='ocrx_word' id='word_1_361' title='bbox 1671 950 1714 977; x_wconf 89' lang='lat' dir='ltr'><strong>vel</strong></span> 
     </span>
    </p>
   </div>
   <div class='ocr_carea' id='block_1_48' title="bbox 926 996 1712 1032">
    <p class='ocr_par' dir='ltr' id='par_1_48' title="bbox 926 996 1712 1032">
     <span class='ocr_line' id='line_1_48' title="bbox 926 996 1712 1032; baseline 0 -8"><span class='ocrx_word' id='word_1_362' title='bbox 926 997 1015 1030; x_wconf 87' lang='lat' dir='ltr'><strong>matri,</strong></span> <span class='ocrx_word' id='word_1_363' title='bbox 1026 996 1132 1029; x_wconf 84' lang='lat' dir='ltr'><strong>Munus,</strong></span> <span class='ocrx_word' id='word_1_364' title='bbox 1145 998 1326 1032; x_wconf 85' lang='lat' dir='ltr'><strong>quodcunque</strong></span> <span class='ocrx_word' id='word_1_365' title='bbox 1343 999 1384 1023; x_wconf 87' lang='lat' dir='ltr'><strong>est</strong></span> <span class='ocrx_word' id='word_1_366' title='bbox 1398 1003 1432 1023; x_wconf 76' lang='lat' dir='ltr'><strong>ex</strong></span> <span class='ocrx_word' id='word_1_367' title='bbox 1448 1003 1502 1028; x_wconf 89' lang='lat' dir='ltr'><strong>me,</strong></span> <span class='ocrx_word' id='word_1_368' title='bbox 1518 997 1566 1024; x_wconf 88' lang='lat' dir='ltr'><strong>tibi</strong></span> <span class='ocrx_word' id='word_1_369' title='bbox 1580 996 1712 1032; x_wconf 86' lang='lat' dir='ltr'><strong>proderit,</strong></span> 
     </span>
    </p>
   </div>
   <div class='ocr_carea' id='block_1_49' title="bbox 925 1041 1713 1077">
    <p class='ocr_par' dir='ltr' id='par_1_49' title="bbox 925 1041 1713 1077">
     <span class='ocr_line' id='line_1_49' title="bbox 925 1041 1713 1077; baseline -0.003 -7"><span class='ocrx_word' id='word_1_370' title='bbox 925 1050 978 1070; x_wconf 90' lang='lat' dir='ltr'><strong>tton</strong></span> <span class='ocrx_word' id='word_1_371' title='bbox 994 1042 1184 1070; x_wconf 83' lang='lat' dir='ltr'><strong>honoriﬁcabit</strong></span> <span class='ocrx_word' id='word_1_372' title='bbox 1197 1045 1300 1077; x_wconf 86' lang='lat' dir='ltr'><strong>patrem</strong></span> <span class='ocrx_word' id='word_1_373' title='bbox 1317 1047 1395 1068; x_wconf 86' lang='lat' dir='ltr'><strong>suum</strong></span> <span class='ocrx_word' id='word_1_374' title='bbox 1414 1041 1456 1068; x_wconf 88' lang='lat' dir='ltr'><strong>vel</strong></span> <span class='ocrx_word' id='word_1_375' title='bbox 1481 1045 1595 1069; x_wconf 90' lang='lat' dir='ltr'><strong>matrent</strong></span> <span class='ocrx_word' id='word_1_376' title='bbox 1619 1049 1713 1076; x_wconf 84' lang='lat' dir='ltr'><strong>suam;</strong></span> 
     </span>
    </p>
   </div>
   <div class='ocr_carea' id='block_1_50' title="bbox 924 1087 1713 1123">
    <p class='ocr_par' dir='ltr' id='par_1_50' title="bbox 924 1087 1713 1123">
     <span class='ocr_line' id='line_1_50' title="bbox 924 1087 1713 1123; baseline -0.001 -7"><span class='ocrx_word' id='word_1_377' title='bbox 924 1094 951 1116; x_wconf 90' lang='lat' dir='ltr'><strong>et</strong></span> <span class='ocrx_word' id='word_1_378' title='bbox 964 1088 1069 1116; x_wconf 90' lang='lat' dir='ltr'><strong>irritum</strong></span> <span class='ocrx_word' id='word_1_379' title='bbox 1087 1088 1189 1116; x_wconf 72' lang='lat' dir='ltr'><strong>fecistis</strong></span> <span class='ocrx_word' id='word_1_380' title='bbox 1210 1092 1373 1123; x_wconf 81' lang='lat' dir='ltr'><strong>praeceptum</strong></span> <span class='ocrx_word' id='word_1_381' title='bbox 1398 1087 1444 1115; x_wconf 88' lang='lat' dir='ltr'><strong>Dei</strong></span> <span class='ocrx_word' id='word_1_382' title='bbox 1461 1092 1571 1122; x_wconf 85' lang='lat' dir='ltr'><strong>propter</strong></span> <span class='ocrx_word' id='word_1_383' title='bbox 1590 1088 1713 1115; x_wconf 85' lang='lat' dir='ltr'><strong>traditio-</strong></span> 
     </span>
    </p>
   </div>
   <div class='ocr_carea' id='block_1_51' title="bbox 926 1133 1713 1162">
    <p class='ocr_par' dir='ltr' id='par_1_51' title="bbox 926 1133 1713 1162">
     <span class='ocr_line' id='line_1_51' title="bbox 926 1133 1713 1162; baseline 0.003 -2"><span class='ocrx_word' id='word_1_384' title='bbox 926 1141 985 1160; x_wconf 88' lang='lat' dir='ltr'><strong>nem</strong></span> <span class='ocrx_word' id='word_1_385' title='bbox 999 1138 1115 1161; x_wconf 85' lang='lat' dir='ltr'><strong>vestram</strong></span> <span class='ocrx_word' id='word_1_386' title='bbox 1130 1134 1162 1160; x_wconf 79' lang='lat'><strong>“.</strong></span> <span class='ocrx_word' id='word_1_387' title='bbox 1182 1143 1191 1159; x_wconf 85' lang='grc'><strong>›</strong></span> <span class='ocrx_word' id='word_1_388' title='bbox 1207 1133 1324 1161; x_wconf 83' lang='lat' dir='ltr'><strong>Videsne</strong></span> <span class='ocrx_word' id='word_1_389' title='bbox 1339 1134 1364 1160; x_wconf 86' lang='lat' dir='ltr'><strong>in</strong></span> <span class='ocrx_word' id='word_1_390' title='bbox 1381 1134 1423 1162; x_wconf 89' lang='lat' dir='ltr'><strong>his</strong></span> <span class='ocrx_word' id='word_1_391' title='bbox 1435 1134 1523 1161; x_wconf 86' lang='lat' dir='ltr'><strong>verbis</strong></span> <span class='ocrx_word' id='word_1_392' title='bbox 1540 1133 1713 1162; x_wconf 78' lang='lat' dir='ltr'><strong>manifestum</strong></span> 
     </span>
    </p>
   </div>
   <div class='ocr_carea' id='block_1_52' title="bbox 924 1179 1714 1215">
    <p class='ocr_par' dir='ltr' id='par_1_52' title="bbox 924 1179 1714 1215">
     <span class='ocr_line' id='line_1_52' title="bbox 924 1179 1714 1215; baseline 0.001 -8"><span class='ocrx_word' id='word_1_393' title='bbox 924 1180 1026 1207; x_wconf 90' lang='lat' dir='ltr'><strong>crimen</strong></span> <span class='ocrx_word' id='word_1_394' title='bbox 1049 1179 1166 1207; x_wconf 83' lang='lat' dir='ltr'><strong>Judaicac</strong></span> <span class='ocrx_word' id='word_1_395' title='bbox 1187 1179 1317 1207; x_wconf 78' lang='lat' dir='ltr'><strong>fallaciae?</strong></span> <span class='ocrx_word' id='word_1_396' title='bbox 1337 1179 1404 1206; x_wconf 88' lang='lat' dir='ltr'><strong>Dum</strong></span> <span class='ocrx_word' id='word_1_397' title='bbox 1423 1179 1495 1207; x_wconf 86' lang='lat' dir='ltr'><strong>enim</strong></span> <span class='ocrx_word' id='word_1_398' title='bbox 1516 1187 1578 1207; x_wconf 83' lang='lat' dir='ltr'><strong>suas</strong></span> <span class='ocrx_word' id='word_1_399' title='bbox 1598 1188 1631 1208; x_wconf 90' lang='lat' dir='ltr'><strong>ac</strong></span> <span class='ocrx_word' id='word_1_400' title='bbox 1651 1187 1714 1215; x_wconf 88' lang='lat' dir='ltr'><strong>pro-</strong></span> 
     </span>
    </p>
   </div>
   <div class='ocr_carea' id='block_1_53' title="bbox 922 1225 1710 1261">
    <p class='ocr_par' dir='ltr' id='par_1_53' title="bbox 922 1225 1710 1261">
     <span class='ocr_line' id='line_1_53' title="bbox 922 1225 1710 1261; baseline 0.001 -8"><span class='ocrx_word' id='word_1_401' title='bbox 922 1226 996 1261; x_wconf 85' lang='lat' dir='ltr'><strong>prias</strong></span> <span class='ocrx_word' id='word_1_402' title='bbox 1012 1225 1172 1253; x_wconf 83' lang='lat' dir='ltr'><strong>traditiones</strong></span> <span class='ocrx_word' id='word_1_403' title='bbox 1186 1225 1335 1253; x_wconf 85' lang='lat' dir='ltr'><strong>consectari</strong></span> <span class='ocrx_word' id='word_1_404' title='bbox 1351 1225 1453 1259; x_wconf 84' lang='lat' dir='ltr'><strong>volunt,</strong></span> <span class='ocrx_word' id='word_1_405' title='bbox 1468 1226 1559 1254; x_wconf 83' lang='lat' dir='ltr'><strong>irritas</strong></span> <span class='ocrx_word' id='word_1_406' title='bbox 1570 1226 1618 1254; x_wconf 85' lang='lat' dir='ltr'><strong>Dei</strong></span> <span class='ocrx_word' id='word_1_407' title='bbox 1635 1226 1710 1261; x_wconf 82' lang='lat' dir='ltr'><strong>leges</strong></span> 
     </span>
    </p>
   </div>
   <div class='ocr_carea' id='block_1_54' title="bbox 926 1271 1714 1307">
    <p class='ocr_par' dir='ltr' id='par_1_54' title="bbox 926 1271 1714 1307">
     <span class='ocr_line' id='line_1_54' title="bbox 926 1271 1714 1307; baseline 0.003 -9"><span class='ocrx_word' id='word_1_408' title='bbox 926 1271 1049 1299; x_wconf 80' lang='lat' dir='ltr'><strong>fecerunt</strong></span> <span class='ocrx_word' id='word_1_409' title='bbox 1066 1280 1072 1298; x_wconf 88' lang='lat'><strong>:</strong></span> <span class='ocrx_word' id='word_1_410' title='bbox 1093 1271 1225 1307; x_wconf 75' lang='lat' dir='ltr'><strong>ﬁngentes</strong></span> <span class='ocrx_word' id='word_1_411' title='bbox 1242 1271 1348 1306; x_wconf 87' lang='lat' dir='ltr'><strong>quidem</strong></span> <span class='ocrx_word' id='word_1_412' title='bbox 1366 1279 1413 1299; x_wconf 88' lang='lat' dir='ltr'><strong>eas</strong></span> <span class='ocrx_word' id='word_1_413' title='bbox 1429 1279 1459 1300; x_wconf 88' lang='lat' dir='ltr'><strong>se</strong></span> <span class='ocrx_word' id='word_1_414' title='bbox 1480 1273 1636 1307; x_wconf 80' lang='lat' dir='ltr'><strong>exposuisse</strong></span> <span class='ocrx_word' id='word_1_415' title='bbox 1651 1281 1658 1300; x_wconf 88' lang='lat'><strong>:</strong></span> <span class='ocrx_word' id='word_1_416' title='bbox 1672 1272 1714 1300; x_wconf 90' lang='lat' dir='ltr'><strong>iu-</strong></span> 
     </span>
    </p>
   </div>
   <div class='ocr_carea' id='block_1_55' title="bbox 923 1317 1711 1353">
    <p class='ocr_par' dir='ltr' id='par_1_55' title="bbox 923 1317 1711 1353">
     <span class='ocr_line' id='line_1_55' title="bbox 923 1317 1711 1353; baseline 0.003 -9"><span class='ocrx_word' id='word_1_417' title='bbox 923 1317 1042 1346; x_wconf 84' lang='lat' dir='ltr'><strong>i&#39;erentes</strong></span> <span class='ocrx_word' id='word_1_418' title='bbox 1057 1322 1145 1345; x_wconf 88' lang='lat' dir='ltr'><strong>tamen</strong></span> <span class='ocrx_word' id='word_1_419' title='bbox 1169 1317 1330 1345; x_wconf 84' lang='lat' dir='ltr'><strong>traditiones</strong></span> <span class='ocrx_word' id='word_1_420' title='bbox 1348 1317 1441 1346; x_wconf 83' lang='lat' dir='ltr'><strong>futiles</strong></span> <span class='ocrx_word' id='word_1_421' title='bbox 1458 1325 1490 1346; x_wconf 75' lang='lat' dir='ltr'><strong>ac</strong></span> <span class='ocrx_word' id='word_1_422' title='bbox 1509 1318 1629 1353; x_wconf 81' lang='lat' dir='ltr'><strong>frigidas.</strong></span> <span class='ocrx_word' id='word_1_423' title='bbox 1643 1317 1711 1346; x_wconf 89' lang='lat' dir='ltr'><strong>Insi-</strong></span> 
     </span>
    </p>
   </div>
   <div class='ocr_carea' id='block_1_56' title="bbox 922 1363 1714 1398">
    <p class='ocr_par' dir='ltr' id='par_1_56' title="bbox 922 1363 1714 1398">
     <span class='ocr_line' id='line_1_56' title="bbox 922 1363 1714 1398; baseline 0.003 -8"><span class='ocrx_word' id='word_1_424' title='bbox 922 1363 1096 1396; x_wconf 90' lang='lat' dir='ltr'><strong>mulatporro</strong></span> <span class='ocrx_word' id='word_1_425' title='bbox 1111 1363 1247 1398; x_wconf 82' lang='lat' dir='ltr'><strong>principes</strong></span> <span class='ocrx_word' id='word_1_426' title='bbox 1265 1366 1293 1390; x_wconf 89' lang='lat' dir='ltr'><strong>ut</strong></span> <span class='ocrx_word' id='word_1_427' title='bbox 1312 1364 1356 1397; x_wconf 87' lang='lat' dir='ltr'><strong>qui</strong></span> <span class='ocrx_word' id='word_1_428' title='bbox 1377 1363 1472 1391; x_wconf 78' lang='lat' dir='ltr'><strong>eﬂ&#39;reni</strong></span> <span class='ocrx_word' id='word_1_429' title='bbox 1498 1364 1613 1398; x_wconf 75' lang='lat' dir='ltr'><strong>quodam</strong></span> <span class='ocrx_word' id='word_1_430' title='bbox 1641 1364 1714 1392; x_wconf 76' lang='lat' dir='ltr'><strong>fastu</strong></span> 
     </span>
    </p>
   </div>
   <div class='ocr_carea' id='block_1_57' title="bbox 921 1408 1710 1444">
    <p class='ocr_par' dir='ltr' id='par_1_57' title="bbox 921 1408 1710 1444">
     <span class='ocr_line' id='line_1_57' title="bbox 921 1408 1710 1444; baseline 0.003 -9"><span class='ocrx_word' id='word_1_431' title='bbox 921 1408 1086 1442; x_wconf 85' lang='lat' dir='ltr'><strong>laborarent,</strong></span> <span class='ocrx_word' id='word_1_432' title='bbox 1099 1414 1126 1436; x_wconf 92' lang='lat' dir='ltr'><strong>et</strong></span> <span class='ocrx_word' id='word_1_433' title='bbox 1141 1409 1245 1436; x_wconf 85' lang='lat' dir='ltr'><strong>sublata</strong></span> <span class='ocrx_word' id='word_1_434' title='bbox 1258 1410 1335 1444; x_wconf 85' lang='lat' dir='ltr'><strong>quasi</strong></span> <span class='ocrx_word' id='word_1_435' title='bbox 1358 1410 1463 1437; x_wconf 87' lang='lat' dir='ltr'><strong>cervice</strong></span> <span class='ocrx_word' id='word_1_436' title='bbox 1479 1409 1588 1437; x_wconf 87' lang='lat' dir='ltr'><strong>obedire</strong></span> <span class='ocrx_word' id='word_1_437' title='bbox 1601 1409 1710 1438; x_wconf 83' lang='lat' dir='ltr'><strong>nollent.</strong></span> 
     </span>
    </p>
   </div>
   <div class='ocr_carea' id='block_1_58' title="bbox 921 1453 1712 1490">
    <p class='ocr_par' dir='ltr' id='par_1_58' title="bbox 921 1453 1712 1490">
     <span class='ocr_line' id='line_1_58' title="bbox 921 1453 1712 1490; baseline 0.001 -8"><span class='ocrx_word' id='word_1_438' title='bbox 921 1453 979 1482; x_wconf 76' lang='lat' dir='ltr'><strong>Non</strong></span> <span class='ocrx_word' id='word_1_439' title='bbox 993 1455 1064 1482; x_wconf 88' lang='lat' dir='ltr'><strong>enim</strong></span> <span class='ocrx_word' id='word_1_440' title='bbox 1081 1455 1160 1483; x_wconf 85' lang='lat' dir='ltr'><strong>ﬁdem</strong></span> <span class='ocrx_word' id='word_1_441' title='bbox 1177 1455 1277 1483; x_wconf 85' lang='lat' dir='ltr'><strong>Christi</strong></span> <span class='ocrx_word' id='word_1_442' title='bbox 1293 1455 1441 1483; x_wconf 81' lang='lat' dir='ltr'><strong>admittere</strong></span> <span class='ocrx_word' id='word_1_443' title='bbox 1450 1456 1603 1489; x_wconf 86' lang='lat' dir='ltr'><strong>voluerunt,</strong></span> <span class='ocrx_word' id='word_1_444' title='bbox 1623 1463 1712 1490; x_wconf 87' lang='lat' dir='ltr'><strong>quan-</strong></span> 
     </span>
    </p>
   </div>
   <div class='ocr_carea' id='block_1_59' title="bbox 922 1501 1711 1538">
    <p class='ocr_par' dir='ltr' id='par_1_59' title="bbox 922 1501 1711 1538">
     <span class='ocr_line' id='line_1_59' title="bbox 922 1501 1711 1538; baseline 0.004 -12"><span class='ocrx_word' id='word_1_445' title='bbox 922 1501 1020 1529; x_wconf 86' lang='lat' dir='ltr'><strong>tumvis</strong></span> <span class='ocrx_word' id='word_1_446' title='bbox 1038 1501 1080 1528; x_wconf 88' lang='lat' dir='ltr'><strong>lex</strong></span> <span class='ocrx_word' id='word_1_447' title='bbox 1108 1501 1208 1536; x_wconf 84' lang='lat' dir='ltr'><strong>passim</strong></span> <span class='ocrx_word' id='word_1_448' title='bbox 1228 1509 1308 1536; x_wconf 83' lang='lat' dir='ltr'><strong>supra</strong></span> <span class='ocrx_word' id='word_1_449' title='bbox 1325 1505 1352 1529; x_wconf 91' lang='lat' dir='ltr'><strong>et</strong></span> <span class='ocrx_word' id='word_1_450' title='bbox 1368 1501 1449 1534; x_wconf 89' lang='lat' dir='ltr'><strong>inl&#39;ra,</strong></span> <span class='ocrx_word' id='word_1_451' title='bbox 1473 1501 1531 1536; x_wconf 85' lang='lat' dir='ltr'><strong>ejus</strong></span> <span class='ocrx_word' id='word_1_452' title='bbox 1554 1502 1711 1538; x_wconf 78' lang='lat' dir='ltr'><strong>mysterium</strong></span> 
     </span>
    </p>
   </div>
   <div class='ocr_carea' id='block_1_60' title="bbox 925 1547 1712 1582">
    <p class='ocr_par' dir='ltr' id='par_1_60' title="bbox 925 1547 1712 1582">
     <span class='ocr_line' id='line_1_60' title="bbox 925 1547 1712 1582; baseline 0 -7"><span class='ocrx_word' id='word_1_453' title='bbox 925 1547 1086 1580; x_wconf 85' lang='lat' dir='ltr'><strong>clamitaret,</strong></span> <span class='ocrx_word' id='word_1_454' title='bbox 1107 1547 1189 1582; x_wconf 87' lang='lat' dir='ltr'><strong>idque</strong></span> <span class='ocrx_word' id='word_1_455' title='bbox 1206 1547 1355 1575; x_wconf 87' lang='lat' dir='ltr'><strong>innumeris</strong></span> <span class='ocrx_word' id='word_1_456' title='bbox 1372 1548 1460 1576; x_wconf 87' lang='lat' dir='ltr'><strong>modis</strong></span> <span class='ocrx_word' id='word_1_457' title='bbox 1484 1548 1649 1577; x_wconf 80' lang='lat' dir='ltr'><strong>ostenderet.</strong></span> <span class='ocrx_word' id='word_1_458' title='bbox 1669 1548 1712 1576; x_wconf 88' lang='lat' dir='ltr'><strong>Si-</strong></span> 
     </span>
    </p>
   </div>
   <div class='ocr_carea' id='block_1_61' title="bbox 85 1588 865 1638">
    <p class='ocr_par' dir='ltr' id='par_1_61' title="bbox 85 1588 865 1638">
     <span class='ocr_line' id='line_1_61' title="bbox 85 1588 865 1638; baseline 0.014 -24"><span class='ocrx_word' id='word_1_459' title='bbox 129 1589 179 1638; x_wconf 77' lang='grc' dir='ltr'>γὰρ</span> <span class='ocrx_word' id='word_1_460' title='bbox 194 1589 295 1624; x_wconf 71' lang='grc' dir='ltr'>ἧθελον</span> <span class='ocrx_word' id='word_1_461' title='bbox 313 1592 475 1626; x_wconf 74' lang='grc' dir='ltr'>προσίεσθαι</span> <span class='ocrx_word' id='word_1_462' title='bbox 501 1593 551 1628; x_wconf 77' lang='grc' dir='ltr'>τὴν</span> <span class='ocrx_word' id='word_1_463' title='bbox 577 1595 668 1622; x_wconf 82' lang='grc' dir='ltr'>πίστιν</span> <span class='ocrx_word' id='word_1_464' title='bbox 684 1596 733 1632; x_wconf 80' lang='grc' dir='ltr'><strong>τὴν</strong></span> <span class='ocrx_word' id='word_1_465' title='bbox 753 1599 793 1629; x_wconf 86' lang='grc' dir='ltr'><strong>είς</strong></span> <span class='ocrx_word' id='word_1_466' title='bbox 807 1599 865 1634; x_wconf 86' lang='grc' dir='ltr'>Χρι-</span> 
     </span>
    </p>
   </div>
   <div class='ocr_carea' id='block_1_62' title="bbox 921 1588 1709 1638">
    <p class='ocr_par' dir='ltr' id='par_1_62' title="bbox 926 1593 1709 1628">
     <span class='ocr_line' id='line_1_62' title="bbox 926 1593 1709 1628; baseline 0.003 -8"><span class='ocrx_word' id='word_1_467' title='bbox 926 1593 1033 1628; x_wconf 86' lang='lat' dir='ltr'><strong>quidem</strong></span> <span class='ocrx_word' id='word_1_468' title='bbox 1047 1599 1074 1621; x_wconf 89' lang='lat' dir='ltr'><strong>et</strong></span> <span class='ocrx_word' id='word_1_469' title='bbox 1087 1593 1217 1622; x_wconf 88' lang='lat' dir='ltr'><strong>Dominus</strong></span> <span class='ocrx_word' id='word_1_470' title='bbox 1232 1599 1323 1622; x_wconf 90' lang='lat' dir='ltr'><strong>noster</strong></span> <span class='ocrx_word' id='word_1_471' title='bbox 1332 1593 1411 1622; x_wconf 64' lang='lat' dir='ltr'><strong>Iesus</strong></span> <span class='ocrx_word' id='word_1_472' title='bbox 1422 1593 1546 1622; x_wconf 83' lang='lat' dir='ltr'><strong>Christus</strong></span> <span class='ocrx_word' id='word_1_473' title='bbox 1560 1595 1613 1623; x_wconf 90' lang='lat' dir='ltr'><strong>illis</strong></span> <span class='ocrx_word' id='word_1_474' title='bbox 1625 1595 1709 1624; x_wconf 84' lang='lat' dir='ltr'><strong>dixit:</strong></span> 
     </span>
    </p>
   </div>
   <div class='ocr_carea' id='block_1_63' title="bbox 87 1633 870 1677">
    <p class='ocr_par' dir='ltr' id='par_1_63' title="bbox 87 1633 870 1677">
     <span class='ocr_line' id='line_1_63' title="bbox 87 1633 870 1677; baseline 0.015 -18"><span class='ocrx_word' id='word_1_475' title='bbox 87 1633 141 1660; x_wconf 82' lang='grc' dir='ltr'>στὺν</span> <span class='ocrx_word' id='word_1_476' title='bbox 165 1634 304 1670; x_wconf 74' lang='grc' dir='ltr'>δηλονότι,</span> <span class='ocrx_word' id='word_1_477' title='bbox 321 1637 410 1664; x_wconf 83' lang='grc' dir='ltr'>καίτοι</span> <span class='ocrx_word' id='word_1_478' title='bbox 426 1638 475 1665; x_wconf 78' lang='grc' dir='ltr'>τοῦ</span> <span class='ocrx_word' id='word_1_479' title='bbox 492 1639 573 1674; x_wconf 77' lang='grc' dir='ltr'>νόμου</span> <span class='ocrx_word' id='word_1_480' title='bbox 586 1641 799 1677; x_wconf 75' lang='grc' dir='ltr'>διακεκραγότος</span> <span class='ocrx_word' id='word_1_481' title='bbox 822 1645 870 1671; x_wconf 74' lang='grc' dir='ltr'><strong>αὑ-</strong></span> 
     </span>
    </p>
   </div>
   <div class='ocr_carea' id='block_1_64' title="bbox 86 1680 870 1724">
    <p class='ocr_par' dir='ltr' id='par_1_64' title="bbox 86 1680 870 1724">
     <span class='ocr_line' id='line_1_64' title="bbox 86 1680 870 1724; baseline 0.017 -20"><span class='ocrx_word' id='word_1_482' title='bbox 86 1680 135 1710; x_wconf 81' lang='grc' dir='ltr'>τοῖς</span> <span class='ocrx_word' id='word_1_483' title='bbox 148 1681 202 1707; x_wconf 84' lang='grc' dir='ltr'>ἄνω</span> <span class='ocrx_word' id='word_1_484' title='bbox 215 1690 246 1708; x_wconf 84' lang='grc' dir='ltr'><strong>τε</strong></span> <span class='ocrx_word' id='word_1_485' title='bbox 263 1682 313 1708; x_wconf 73' lang='grc' dir='ltr'><strong>καὶ</strong></span> <span class='ocrx_word' id='word_1_486' title='bbox 328 1683 412 1714; x_wconf 76' lang='grc' dir='ltr'>κάτω.</span> <span class='ocrx_word' id='word_1_487' title='bbox 436 1683 467 1710; x_wconf 79' lang='grc' dir='ltr'>τὸ</span> <span class='ocrx_word' id='word_1_488' title='bbox 487 1685 530 1711; x_wconf 75' lang='grc' dir='ltr'><strong>ἐπ’</strong></span> <span class='ocrx_word' id='word_1_489' title='bbox 552 1686 625 1722; x_wconf 79' lang='grc' dir='ltr'>αὐτῷ</span> <span class='ocrx_word' id='word_1_490' title='bbox 649 1689 808 1724; x_wconf 76' lang='grc' dir='ltr'>μυστήριον,</span> <span class='ocrx_word' id='word_1_491' title='bbox 824 1691 870 1717; x_wconf 84' lang='grc' dir='ltr'>καὶ</span> 
     </span>
    </p>
   </div>
   <div class='ocr_carea' id='block_1_65' title="bbox 87 1726 870 1770">
    <p class='ocr_par' dir='ltr' id='par_1_65' title="bbox 87 1726 870 1770">
     <span class='ocr_line' id='line_1_65' title="bbox 87 1726 870 1770; baseline 0.015 -18"><span class='ocrx_word' id='word_1_492' title='bbox 87 1726 149 1753; x_wconf 71' lang='grc' dir='ltr'>κατὰ</span> <span class='ocrx_word' id='word_1_493' title='bbox 165 1728 282 1762; x_wconf 78' lang='grc' dir='ltr'>μυρίους</span> <span class='ocrx_word' id='word_1_494' title='bbox 305 1729 383 1761; x_wconf 80' lang='grc' dir='ltr'>ὅσους</span> <span class='ocrx_word' id='word_1_495' title='bbox 400 1731 465 1757; x_wconf 77' lang='grc' dir='ltr'>αὐτὸ</span> <span class='ocrx_word' id='word_1_496' title='bbox 484 1731 652 1766; x_wconf 81' lang='grc' dir='ltr'>δεικνύοντος</span> <span class='ocrx_word' id='word_1_497' title='bbox 669 1735 796 1770; x_wconf 80' lang='grc' dir='ltr'>τρόπους.</span> <span class='ocrx_word' id='word_1_498' title='bbox 817 1737 870 1764; x_wconf 77' lang='grc' dir='ltr'><strong>Καὶ</strong></span> 
     </span>
    </p>
   </div>
   <div class='ocr_carea' id='block_1_66' title="bbox 87 1770 870 1818">
    <p class='ocr_par' dir='ltr' id='par_1_66' title="bbox 87 1770 870 1818">
     <span class='ocr_line' id='line_1_66' title="bbox 87 1770 870 1818; baseline 0.018 -22"><span class='ocrx_word' id='word_1_499' title='bbox 87 1770 143 1818; x_wconf 69' lang='grc' dir='ltr'>γούν</span> <span class='ocrx_word' id='word_1_500' title='bbox 156 1771 206 1808; x_wconf 61' lang='grc' dir='ltr'><strong>ἔφη</strong></span> <span class='ocrx_word' id='word_1_501' title='bbox 224 1773 297 1808; x_wconf 77' lang='grc' dir='ltr'>πρὸς</span> <span class='ocrx_word' id='word_1_502' title='bbox 314 1775 414 1807; x_wconf 67' lang='grc' dir='ltr'>αὐτοὺς</span> <span class='ocrx_word' id='word_1_503' title='bbox 429 1776 442 1802; x_wconf 83' lang='grc' dir='ltr'>ὁ</span> <span class='ocrx_word' id='word_1_504' title='bbox 457 1775 560 1811; x_wconf 84' lang='grc' dir='ltr'>Κύριος</span> <span class='ocrx_word' id='word_1_505' title='bbox 585 1779 663 1813; x_wconf 81' lang='grc' dir='ltr'>ἡμῶν</span> <span class='ocrx_word' id='word_1_506' title='bbox 685 1780 787 1815; x_wconf 74' lang='grc' dir='ltr'>Ἰησοῦς</span> <span class='ocrx_word' id='word_1_507' title='bbox 804 1782 870 1818; x_wconf 84' lang='grc' dir='ltr'>Χρι-</span> 
     </span>
    </p>
   </div>
   <div class='ocr_carea' id='block_1_67' title="bbox 87 1817 869 1862">
    <p class='ocr_par' dir='ltr' id='par_1_67' title="bbox 87 1817 869 1862">
     <span class='ocr_line' id='line_1_67' title="bbox 87 1817 869 1862; baseline 0.014 -20"><span class='ocrx_word' id='word_1_508' title='bbox 87 1817 155 1848; x_wconf 65' lang='grc' dir='ltr'>στόςυ</span> <span class='ocrx_word' id='word_1_509' title='bbox 172 1827 180 1843; x_wconf 83' lang='grc' dir='ltr'><strong>ι</strong></span> <span class='ocrx_word' id='word_1_510' title='bbox 200 1819 235 1844; x_wconf 78' lang='grc' dir='ltr'><strong>ἾΙ</strong></span> <span class='ocrx_word' id='word_1_511' title='bbox 252 1819 360 1846; x_wconf 78' lang='grc' dir='ltr'>δοκεῖτε</span> <span class='ocrx_word' id='word_1_512' title='bbox 385 1821 426 1848; x_wconf 80' lang='grc' dir='ltr'>ὅτι</span> <span class='ocrx_word' id='word_1_513' title='bbox 442 1821 496 1856; x_wconf 74' lang='grc' dir='ltr'><strong>ἐγὼ</strong></span> <span class='ocrx_word' id='word_1_514' title='bbox 514 1825 696 1860; x_wconf 76' lang='grc' dir='ltr'>κατηγορήσω</span> <span class='ocrx_word' id='word_1_515' title='bbox 712 1826 789 1860; x_wconf 82' lang='grc' dir='ltr'><strong>ὑμῶν</strong></span> <span class='ocrx_word' id='word_1_516' title='bbox 802 1827 869 1862; x_wconf 74' lang='grc' dir='ltr'>πρὸς</span> 
     </span>
    </p>
   </div>
   <div class='ocr_carea' id='block_1_68' title="bbox 86 1863 869 1907">
    <p class='ocr_par' dir='ltr' id='par_1_68' title="bbox 86 1863 869 1907">
     <span class='ocr_line' id='line_1_68' title="bbox 86 1863 869 1907; baseline 0.014 -18"><span class='ocrx_word' id='word_1_517' title='bbox 86 1863 126 1888; x_wconf 65' lang='grc' dir='ltr'><strong>τὸν</strong></span> <span class='ocrx_word' id='word_1_518' title='bbox 139 1865 245 1899; x_wconf 81' lang='grc' dir='ltr'>Πατέρα</span> <span class='ocrx_word' id='word_1_519' title='bbox 258 1874 266 1898; x_wconf 88' lang='grc'><strong>;</strong></span> <span class='ocrx_word' id='word_1_520' title='bbox 285 1866 380 1892; x_wconf 67' lang='grc' dir='ltr'>Ἔστιν</span> <span class='ocrx_word' id='word_1_521' title='bbox 394 1867 408 1892; x_wconf 82' lang='grc'>6</span> <span class='ocrx_word' id='word_1_522' title='bbox 421 1868 581 1904; x_wconf 77' lang='grc' dir='ltr'>κατηγορῶν</span> <span class='ocrx_word' id='word_1_523' title='bbox 596 1869 682 1905; x_wconf 82' lang='grc' dir='ltr'><strong>ὑμῶν,</strong></span> <span class='ocrx_word' id='word_1_524' title='bbox 698 1871 810 1907; x_wconf 80' lang='grc' dir='ltr'>Μωσῆς,</span> <span class='ocrx_word' id='word_1_525' title='bbox 828 1873 869 1905; x_wconf 85' lang='grc' dir='ltr'><strong>εἰς</strong></span> 
     </span>
    </p>
   </div>
   <div class='ocr_carea' id='block_1_69' title="bbox 87 1909 869 1952">
    <p class='ocr_par' dir='ltr' id='par_1_69' title="bbox 87 1909 869 1952">
     <span class='ocr_line' id='line_1_69' title="bbox 87 1909 869 1952; baseline 0.012 -17"><span class='ocrx_word' id='word_1_526' title='bbox 87 1909 111 1935; x_wconf 81' lang='grc' dir='ltr'>ὂν</span> <span class='ocrx_word' id='word_1_527' title='bbox 127 1909 200 1944; x_wconf 77' lang='grc' dir='ltr'>ὑμεῖς</span> <span class='ocrx_word' id='word_1_528' title='bbox 215 1911 364 1946; x_wconf 72' lang='grc' dir='ltr'>ἠλπίσατε.</span> <span class='ocrx_word' id='word_1_529' title='bbox 382 1912 413 1938; x_wconf 79' lang='lat' dir='ltr'><strong>Ei</strong></span> <span class='ocrx_word' id='word_1_530' title='bbox 428 1913 481 1949; x_wconf 67' lang='grc' dir='ltr'>γὰρ</span> <span class='ocrx_word' id='word_1_531' title='bbox 498 1914 654 1941; x_wconf 81' lang='grc' dir='ltr'>ἐπιστεύετε</span> <span class='ocrx_word' id='word_1_532' title='bbox 678 1917 763 1952; x_wconf 85' lang='grc' dir='ltr'>Μωσῇ</span> <span class='ocrx_word' id='word_1_533' title='bbox 777 1937 784 1949; x_wconf 88' lang='grc'>,</span> <span class='ocrx_word' id='word_1_534' title='bbox 808 1918 869 1944; x_wconf 81' lang='grc' dir='ltr'>ὲπι-</span> 
     </span>
    </p>
   </div>
   <div class='ocr_carea' id='block_1_70' title="bbox 88 1957 865 1998">
    <p class='ocr_par' dir='ltr' id='par_1_70' title="bbox 88 1957 865 1998">
     <span class='ocr_line' id='line_1_70' title="bbox 88 1957 865 1998; baseline 0.009 -16"><span class='ocrx_word' id='word_1_535' title='bbox 88 1957 186 1983; x_wconf 65' lang='lat' dir='ltr'><strong>uta-32:5</strong></span> <span class='ocrx_word' id='word_1_536' title='bbox 204 1957 237 1984; x_wconf 80' lang='grc' dir='ltr'>ἂν</span> <span class='ocrx_word' id='word_1_537' title='bbox 256 1958 331 1993; x_wconf 74' lang='grc' dir='ltr'>ἐμοὶ,</span> <span class='ocrx_word' id='word_1_538' title='bbox 349 1959 479 1995; x_wconf 72' lang='grc' dir='ltr'>περὶγὰρ</span> <span class='ocrx_word' id='word_1_539' title='bbox 499 1960 567 1995; x_wconf 79' lang='grc' dir='ltr'><strong>ἐμοῦ</strong></span> <span class='ocrx_word' id='word_1_540' title='bbox 592 1962 694 1994; x_wconf 77' lang='grc' dir='ltr'>ἐκεῖνος</span> <span class='ocrx_word' id='word_1_541' title='bbox 707 1962 835 1998; x_wconf 73' lang='grc' dir='ltr'>ἔγραψεν,</span> <span class='ocrx_word' id='word_1_542' title='bbox 856 1973 865 1989; x_wconf 69' lang='grc' dir='ltr'><strong>ι</strong></span> 
     </span>
    </p>
   </div>
   <div class='ocr_carea' id='block_1_71' title="bbox 91 2003 868 2045">
    <p class='ocr_par' dir='ltr' id='par_1_71' title="bbox 91 2003 868 2045">
     <span class='ocr_line' id='line_1_71' title="bbox 91 2003 868 2045; baseline 0.01 -16"><span class='ocrx_word' id='word_1_543' title='bbox 91 2003 216 2036; x_wconf 78' lang='grc' dir='ltr'>Ἀπειθεῖς</span> <span class='ocrx_word' id='word_1_544' title='bbox 241 2003 291 2031; x_wconf 76' lang='grc' dir='ltr'><strong>οὖν</strong></span> <span class='ocrx_word' id='word_1_545' title='bbox 311 2004 376 2040; x_wconf 83' lang='grc' dir='ltr'>ἄρα,</span> <span class='ocrx_word' id='word_1_546' title='bbox 403 2006 471 2041; x_wconf 83' lang='grc' dir='ltr'>μήτε</span> <span class='ocrx_word' id='word_1_547' title='bbox 491 2006 540 2042; x_wconf 79' lang='grc' dir='ltr'><strong>τὴν</strong></span> <span class='ocrx_word' id='word_1_548' title='bbox 563 2007 609 2034; x_wconf 82' lang='grc' dir='ltr'>τοῦ</span> <span class='ocrx_word' id='word_1_549' title='bbox 633 2009 714 2043; x_wconf 77' lang='grc' dir='ltr'>νόμου</span> <span class='ocrx_word' id='word_1_550' title='bbox 743 2009 868 2045; x_wconf 83' lang='grc' dir='ltr'>βούλησιν</span> 
     </span>
    </p>
   </div>
   <div class='ocr_carea' id='block_1_72' title="bbox 87 2049 868 2090">
    <p class='ocr_par' dir='ltr' id='par_1_72' title="bbox 87 2049 868 2090">
     <span class='ocr_line' id='line_1_72' title="bbox 87 2049 868 2090; baseline 0.01 -15"><span class='ocrx_word' id='word_1_551' title='bbox 87 2049 195 2084; x_wconf 75' lang='grc' dir='ltr'>ἄκρατον</span> <span class='ocrx_word' id='word_1_552' title='bbox 213 2051 312 2087; x_wconf 83' lang='grc' dir='ltr'>ὥσπερ</span> <span class='ocrx_word' id='word_1_553' title='bbox 332 2051 379 2078; x_wconf 62' lang='grc' dir='ltr'><strong>καλ⁵</strong></span> <span class='ocrx_word' id='word_1_554' title='bbox 396 2052 540 2080; x_wconf 78' lang='grc' dir='ltr'>ἀνόθευτον</span> <span class='ocrx_word' id='word_1_555' title='bbox 566 2053 752 2090; x_wconf 81' lang='grc' dir='ltr'>διερμηνεύειν</span> <span class='ocrx_word' id='word_1_556' title='bbox 767 2055 868 2083; x_wconf 74' lang='grc' dir='ltr'>ἐθέλον·</span> 
     </span>
    </p>
   </div>
   <div class='ocr_carea' id='block_1_73' title="bbox 87 2096 867 2134">
    <p class='ocr_par' dir='ltr' id='par_1_73' title="bbox 87 2096 867 2134">
     <span class='ocr_line' id='line_1_73' title="bbox 87 2096 867 2134; baseline 0.009 -13"><span class='ocrx_word' id='word_1_557' title='bbox 87 2104 125 2127; x_wconf 77' lang='grc' dir='ltr'><strong>τες</strong></span> <span class='ocrx_word' id='word_1_558' title='bbox 146 2097 198 2128; x_wconf 81' lang='grc' dir='ltr'>τοῖς</span> <span class='ocrx_word' id='word_1_559' title='bbox 220 2096 323 2128; x_wconf 78' lang='grc' dir='ltr'>ἄλλοις,</span> <span class='ocrx_word' id='word_1_560' title='bbox 352 2097 420 2132; x_wconf 86' lang='grc' dir='ltr'>μήτε</span> <span class='ocrx_word' id='word_1_561' title='bbox 446 2098 499 2133; x_wconf 84' lang='grc' dir='ltr'><strong>μὴν</strong></span> <span class='ocrx_word' id='word_1_562' title='bbox 525 2098 574 2134; x_wconf 82' lang='grc' dir='ltr'>τὴν</span> <span class='ocrx_word' id='word_1_563' title='bbox 596 2098 639 2126; x_wconf 81' lang='grc' dir='ltr'>διὰ</span> <span class='ocrx_word' id='word_1_564' title='bbox 666 2100 788 2132; x_wconf 82' lang='grc' dir='ltr'>Μωσέως</span> <span class='ocrx_word' id='word_1_565' title='bbox 821 2101 867 2128; x_wconf 73' lang='grc' dir='ltr'>καὶ</span> 
     </span>
    </p>
   </div>
   <div class='ocr_carea' id='block_1_74' title="bbox 86 2143 866 2182">
    <p class='ocr_par' dir='ltr' id='par_1_74' title="bbox 86 2143 866 2182">
     <span class='ocr_line' id='line_1_74' title="bbox 86 2143 866 2182; baseline 0.009 -15"><span class='ocrx_word' id='word_1_566' title='bbox 86 2143 223 2178; x_wconf 63' lang='grc' dir='ltr'>προφητῶν</span> <span class='ocrx_word' id='word_1_567' title='bbox 237 2143 287 2170; x_wconf 72' lang='grc' dir='ltr'>καὶ</span> <span class='ocrx_word' id='word_1_568' title='bbox 302 2143 387 2177; x_wconf 77' lang='grc' dir='ltr'>ἁγίων</span> <span class='ocrx_word' id='word_1_569' title='bbox 410 2145 676 2180; x_wconf 80' lang='grc' dir='ltr'>προκεκηρυγμένην</span> <span class='ocrx_word' id='word_1_570' title='bbox 697 2147 866 2182; x_wconf 79' lang='grc' dir='ltr'>τιμήσαντες</span> 
     </span>
    </p>
   </div>
   <div class='ocr_carea' id='block_1_75' title="bbox 86 2187 866 2229">
    <p class='ocr_par' dir='ltr' id='par_1_75' title="bbox 86 2187 866 2229">
     <span class='ocr_line' id='line_1_75' title="bbox 86 2187 866 2229; baseline 0.01 -16"><span class='ocrx_word' id='word_1_571' title='bbox 86 2187 176 2215; x_wconf 79' lang='grc' dir='ltr'>πίστιν.</span> <span class='ocrx_word' id='word_1_572' title='bbox 193 2189 230 2215; x_wconf 71' lang='grc' dir='ltr'><strong>Οὐ</strong></span> <span class='ocrx_word' id='word_1_573' title='bbox 255 2189 312 2223; x_wconf 71' lang='grc' dir='ltr'>γὰρ</span> <span class='ocrx_word' id='word_1_574' title='bbox 328 2189 423 2224; x_wconf 75' lang='grc' dir='ltr'>ἤθελον</span> <span class='ocrx_word' id='word_1_575' title='bbox 447 2190 600 2218; x_wconf 76' lang='grc' dir='ltr'>ὑπακοῦσαι</span> <span class='ocrx_word' id='word_1_576' title='bbox 617 2192 722 2227; x_wconf 83' lang='grc' dir='ltr'>λέγοντι</span> <span class='ocrx_word' id='word_1_577' title='bbox 746 2193 784 2229; x_wconf 85' lang='grc' dir='ltr'>τῷ</span> <span class='ocrx_word' id='word_1_578' title='bbox 799 2195 866 2229; x_wconf 82' lang='grc' dir='ltr'>Χρι-</span> 
     </span>
    </p>
   </div>
   <div class='ocr_carea' id='block_1_76' title="bbox 86 2233 864 2271">
    <p class='ocr_par' dir='ltr' id='par_1_76' title="bbox 86 2233 864 2271">
     <span class='ocr_line' id='line_1_76' title="bbox 86 2233 864 2271; baseline 0.009 -11"><span class='ocrx_word' id='word_1_579' title='bbox 86 2233 134 2269; x_wconf 81' lang='grc' dir='ltr'>στῷ</span> <span class='ocrx_word' id='word_1_580' title='bbox 145 2242 152 2250; x_wconf 87' lang='grc'><strong>·</strong></span> <span class='ocrx_word' id='word_1_581' title='bbox 167 2244 176 2261; x_wconf 75' lang='grc' dir='ltr'><strong>ι</strong></span> <span class='ocrx_word' id='word_1_582' title='bbox 187 2235 272 2262; x_wconf 75' lang='grc' dir='ltr'>Δεῦτε</span> <span class='ocrx_word' id='word_1_583' title='bbox 289 2235 356 2270; x_wconf 83' lang='grc' dir='ltr'>πρός</span> <span class='ocrx_word' id='word_1_584' title='bbox 370 2244 414 2271; x_wconf 82' lang='grc' dir='ltr'><strong>με,</strong></span> <span class='ocrx_word' id='word_1_585' title='bbox 438 2237 538 2268; x_wconf 82' lang='grc' dir='ltr'>πάντες</span> <span class='ocrx_word' id='word_1_586' title='bbox 549 2238 572 2264; x_wconf 82' lang='grc' dir='ltr'>οἱ</span> <span class='ocrx_word' id='word_1_587' title='bbox 588 2239 736 2270; x_wconf 83' lang='grc' dir='ltr'>κοπιῶντες</span> <span class='ocrx_word' id='word_1_588' title='bbox 753 2241 799 2267; x_wconf 74' lang='grc' dir='ltr'>καὶ</span> <span class='ocrx_word' id='word_1_589' title='bbox 815 2249 864 2267; x_wconf 87' lang='grc' dir='ltr'>πε-</span> 
     </span>
    </p>
   </div>
   <div class='ocr_carea' id='block_1_77' title="bbox 926 1638 1708 1674">
    <p class='ocr_par' dir='ltr' id='par_1_77' title="bbox 926 1638 1708 1674">
     <span class='ocr_line' id='line_1_77' title="bbox 926 1638 1708 1674; baseline 0.005 -10"><span class='ocrx_word' id='word_1_590' title='bbox 926 1647 935 1664; x_wconf 75' lang='grc'><strong>(</strong></span> <span class='ocrx_word' id='word_1_591' title='bbox 968 1638 1106 1666; x_wconf 83' lang='lat' dir='ltr'><strong>Putatisnc</strong></span> <span class='ocrx_word' id='word_1_592' title='bbox 1131 1646 1174 1666; x_wconf 89' lang='lat' dir='ltr'><strong>me</strong></span> <span class='ocrx_word' id='word_1_593' title='bbox 1199 1644 1387 1666; x_wconf 86' lang='lat' dir='ltr'><strong>accusaturum</strong></span> <span class='ocrx_word' id='word_1_594' title='bbox 1411 1646 1459 1667; x_wconf 90' lang='lat' dir='ltr'><strong>vos</strong></span> <span class='ocrx_word' id='word_1_595' title='bbox 1482 1640 1551 1674; x_wconf 86' lang='lat' dir='ltr'><strong>apud</strong></span> <span class='ocrx_word' id='word_1_596' title='bbox 1580 1640 1708 1668; x_wconf 77' lang='lat' dir='ltr'><strong>Patrem?</strong></span> 
     </span>
    </p>
   </div>
   <div class='ocr_carea' id='block_1_78' title="bbox 923 1685 1709 1720">
    <p class='ocr_par' dir='ltr' id='par_1_78' title="bbox 923 1685 1709 1720">
     <span class='ocr_line' id='line_1_78' title="bbox 923 1685 1709 1720; baseline 0.003 -8"><span class='ocrx_word' id='word_1_597' title='bbox 923 1685 970 1712; x_wconf 90' lang='lat' dir='ltr'><strong>Est</strong></span> <span class='ocrx_word' id='word_1_598' title='bbox 985 1685 1030 1720; x_wconf 91' lang='lat' dir='ltr'><strong>qtti</strong></span> <span class='ocrx_word' id='word_1_599' title='bbox 1047 1690 1155 1713; x_wconf 88' lang='lat' dir='ltr'><strong>accuset</strong></span> <span class='ocrx_word' id='word_1_600' title='bbox 1170 1693 1230 1719; x_wconf 89' lang='lat' dir='ltr'><strong>vos,</strong></span> <span class='ocrx_word' id='word_1_601' title='bbox 1257 1685 1353 1718; x_wconf 84' lang='lat' dir='ltr'><strong>Moses,</strong></span> <span class='ocrx_word' id='word_1_602' title='bbox 1375 1686 1402 1713; x_wconf 89' lang='lat' dir='ltr'><strong>itt</strong></span> <span class='ocrx_word' id='word_1_603' title='bbox 1430 1694 1484 1720; x_wconf 92' lang='lat' dir='ltr'><strong>quo</strong></span> <span class='ocrx_word' id='word_1_604' title='bbox 1508 1692 1558 1714; x_wconf 87' lang='lat' dir='ltr'><strong>vos</strong></span> <span class='ocrx_word' id='word_1_605' title='bbox 1583 1686 1709 1715; x_wconf 82' lang='lat' dir='ltr'><strong>ﬁduciam</strong></span> 
     </span>
    </p>
   </div>
   <div class='ocr_carea' id='block_1_79' title="bbox 922 1731 1710 1764">
    <p class='ocr_par' dir='ltr' id='par_1_79' title="bbox 922 1731 1710 1764">
     <span class='ocr_line' id='line_1_79' title="bbox 922 1731 1710 1764; baseline 0 -5"><span class='ocrx_word' id='word_1_606' title='bbox 922 1731 1086 1760; x_wconf 83' lang='lat' dir='ltr'><strong>collocastis.</strong></span> <span class='ocrx_word' id='word_1_607' title='bbox 1104 1732 1132 1760; x_wconf 87' lang='lat' dir='ltr'><strong>Si</strong></span> <span class='ocrx_word' id='word_1_608' title='bbox 1148 1732 1220 1760; x_wconf 90' lang='lat' dir='ltr'><strong>enim</strong></span> <span class='ocrx_word' id='word_1_609' title='bbox 1239 1731 1424 1760; x_wconf 87' lang='lat' dir='ltr'><strong>credidissetis</strong></span> <span class='ocrx_word' id='word_1_610' title='bbox 1438 1731 1710 1764; x_wconf 86' lang='lat' dir='ltr'><strong>Mosl,credidissetis</strong></span> 
     </span>
    </p>
   </div>
   <div class='ocr_carea' id='block_1_80' title="bbox 922 1777 1711 1812">
    <p class='ocr_par' dir='ltr' id='par_1_80' title="bbox 922 1777 1711 1812">
     <span class='ocr_line' id='line_1_80' title="bbox 922 1777 1711 1812; baseline 0 -8"><span class='ocrx_word' id='word_1_611' title='bbox 922 1783 947 1805; x_wconf 94' lang='lat' dir='ltr'><strong>et</strong></span> <span class='ocrx_word' id='word_1_612' title='bbox 961 1778 1025 1805; x_wconf 91' lang='lat' dir='ltr'><strong>mihi</strong></span> <span class='ocrx_word' id='word_1_613' title='bbox 1047 1777 1104 1804; x_wconf 87' lang='lat' dir='ltr'><strong>:de</strong></span> <span class='ocrx_word' id='word_1_614' title='bbox 1127 1785 1169 1805; x_wconf 88' lang='lat' dir='ltr'><strong>me</strong></span> <span class='ocrx_word' id='word_1_615' title='bbox 1191 1777 1263 1806; x_wconf 87' lang='lat' dir='ltr'><strong>enim</strong></span> <span class='ocrx_word' id='word_1_616' title='bbox 1285 1778 1330 1805; x_wconf 85' lang='lat' dir='ltr'><strong>ille</strong></span> <span class='ocrx_word' id='word_1_617' title='bbox 1355 1777 1464 1812; x_wconf 85' lang='lat' dir='ltr'><strong>scripsit</strong></span> <span class='ocrx_word' id='word_1_618' title='bbox 1488 1777 1521 1804; x_wconf 84' lang='lat'><strong>&quot;&#39;.</strong></span> <span class='ocrx_word' id='word_1_619' title='bbox 1543 1786 1553 1803; x_wconf 84' lang='grc'><strong>›</strong></span> <span class='ocrx_word' id='word_1_620' title='bbox 1572 1777 1711 1804; x_wconf 77' lang='lat' dir='ltr'><strong>Praelracti</strong></span> 
     </span>
    </p>
   </div>
   <div class='ocr_carea' id='block_1_81' title="bbox 921 1822 1709 1858">
    <p class='ocr_par' dir='ltr' id='par_1_81' title="bbox 921 1822 1709 1858">
     <span class='ocr_line' id='line_1_81' title="bbox 921 1822 1709 1858; baseline -0.001 -7"><span class='ocrx_word' id='word_1_621' title='bbox 921 1823 1011 1858; x_wconf 82' lang='lat' dir='ltr'><strong>itaque</strong></span> <span class='ocrx_word' id='word_1_622' title='bbox 1025 1827 1113 1855; x_wconf 88' lang='lat' dir='ltr'><strong>erant,</strong></span> <span class='ocrx_word' id='word_1_623' title='bbox 1138 1830 1226 1858; x_wconf 90' lang='lat' dir='ltr'><strong>neque</strong></span> <span class='ocrx_word' id='word_1_624' title='bbox 1241 1823 1308 1858; x_wconf 75' lang='lat' dir='ltr'><strong>legis</strong></span> <span class='ocrx_word' id='word_1_625' title='bbox 1329 1822 1493 1850; x_wconf 88' lang='lat' dir='ltr'><strong>voluntatem</strong></span> <span class='ocrx_word' id='word_1_626' title='bbox 1520 1830 1626 1857; x_wconf 89' lang='lat' dir='ltr'><strong>puram,</strong></span> <span class='ocrx_word' id='word_1_627' title='bbox 1643 1822 1709 1850; x_wconf 79' lang='lat' dir='ltr'><strong>sim-</strong></span> 
     </span>
    </p>
   </div>
   <div class='ocr_carea' id='block_1_82' title="bbox 919 1867 1707 1904">
    <p class='ocr_par' dir='ltr' id='par_1_82' title="bbox 919 1867 1707 1904">
     <span class='ocr_line' id='line_1_82' title="bbox 919 1867 1707 1904; baseline 0.001 -10"><span class='ocrx_word' id='word_1_628' title='bbox 919 1868 1015 1903; x_wconf 90' lang='lat' dir='ltr'><strong>plicem</strong></span> <span class='ocrx_word' id='word_1_629' title='bbox 1044 1869 1242 1904; x_wconf 76' lang='lat' dir='ltr'><strong>genuinamque</strong></span> <span class='ocrx_word' id='word_1_630' title='bbox 1260 1868 1433 1904; x_wconf 87' lang='lat' dir='ltr'><strong>interpretari</strong></span> <span class='ocrx_word' id='word_1_631' title='bbox 1454 1867 1581 1895; x_wconf 84' lang='lat' dir='ltr'><strong>volebant</strong></span> <span class='ocrx_word' id='word_1_632' title='bbox 1598 1868 1707 1903; x_wconf 78' lang='lat' dir='ltr'><strong>populo,</strong></span> 
     </span>
    </p>
   </div>
   <div class='ocr_carea' id='block_1_83' title="bbox 920 1914 1702 1950">
    <p class='ocr_par' dir='ltr' id='par_1_83' title="bbox 920 1914 1702 1950">
     <span class='ocr_line' id='line_1_83' title="bbox 920 1914 1702 1950; baseline -0.001 -7"><span class='ocrx_word' id='word_1_633' title='bbox 920 1923 1007 1950; x_wconf 88' lang='lat' dir='ltr'><strong>neque</strong></span> <span class='ocrx_word' id='word_1_634' title='bbox 1024 1915 1102 1943; x_wconf 81' lang='lat' dir='ltr'><strong>(idem</strong></span> <span class='ocrx_word' id='word_1_635' title='bbox 1126 1922 1172 1950; x_wconf 93' lang='lat' dir='ltr'><strong>per</strong></span> <span class='ocrx_word' id='word_1_636' title='bbox 1190 1915 1289 1942; x_wconf 85' lang='lat' dir='ltr'><strong>Mosem</strong></span> <span class='ocrx_word' id='word_1_637' title='bbox 1311 1919 1338 1942; x_wconf 92' lang='lat' dir='ltr'><strong>et</strong></span> <span class='ocrx_word' id='word_1_638' title='bbox 1351 1914 1496 1950; x_wconf 87' lang='lat' dir='ltr'><strong>prophetas</strong></span> <span class='ocrx_word' id='word_1_639' title='bbox 1509 1920 1616 1942; x_wconf 81' lang='lat' dir='ltr'><strong>sanctos</strong></span> <span class='ocrx_word' id='word_1_640' title='bbox 1633 1922 1702 1950; x_wconf 72' lang='lat' dir='ltr'><strong>prae-</strong></span> 
     </span>
    </p>
   </div>
   <div class='ocr_carea' id='block_1_84' title="bbox 919 1955 1705 1996">
    <p class='ocr_par' dir='ltr' id='par_1_84' title="bbox 919 1955 1705 1996">
     <span class='ocr_line' id='line_1_84' title="bbox 919 1955 1705 1996; baseline 0 -8"><span class='ocrx_word' id='word_1_641' title='bbox 919 1961 1032 1989; x_wconf 75' lang='lat' dir='ltr'><strong>dicatam</strong></span> <span class='ocrx_word' id='word_1_642' title='bbox 1044 1961 1141 1994; x_wconf 89' lang='lat' dir='ltr'><strong>colere,</strong></span> <span class='ocrx_word' id='word_1_643' title='bbox 1155 1968 1242 1996; x_wconf 90' lang='lat' dir='ltr'><strong>neque</strong></span> <span class='ocrx_word' id='word_1_644' title='bbox 1255 1961 1442 1996; x_wconf 85' lang='lat' dir='ltr'><strong>obtemperare</strong></span> <span class='ocrx_word' id='word_1_645' title='bbox 1453 1959 1564 1988; x_wconf 85' lang='lat' dir='ltr'><strong>Christo</strong></span> <span class='ocrx_word' id='word_1_646' title='bbox 1577 1955 1676 1988; x_wconf 83' lang='lat' dir='ltr'><strong>dicenti</strong></span> <span class='ocrx_word' id='word_1_647' title='bbox 1693 1969 1705 1988; x_wconf 89' lang='lat'><strong>:-</strong></span> 
     </span>
    </p>
   </div>
   <div class='ocr_carea' id='block_1_85' title="bbox 923 2006 1706 2041">
    <p class='ocr_par' dir='ltr' id='par_1_85' title="bbox 923 2006 1706 2041">
     <span class='ocr_line' id='line_1_85' title="bbox 923 2006 1706 2041; baseline -0.001 -7"><span class='ocrx_word' id='word_1_648' title='bbox 923 2016 932 2033; x_wconf 79' lang='grc' dir='ltr'><strong>ι</strong></span> <span class='ocrx_word' id='word_1_649' title='bbox 945 2006 1041 2034; x_wconf 79' lang='lat' dir='ltr'><strong>Venite</strong></span> <span class='ocrx_word' id='word_1_650' title='bbox 1056 2007 1088 2034; x_wconf 87' lang='lat' dir='ltr'><strong>ad</strong></span> <span class='ocrx_word' id='word_1_651' title='bbox 1100 2014 1153 2041; x_wconf 89' lang='lat' dir='ltr'><strong>me,</strong></span> <span class='ocrx_word' id='word_1_652' title='bbox 1168 2013 1263 2035; x_wconf 89' lang='lat' dir='ltr'><strong>omnes</strong></span> <span class='ocrx_word' id='word_1_653' title='bbox 1277 2007 1322 2041; x_wconf 90' lang='lat' dir='ltr'><strong>qui</strong></span> <span class='ocrx_word' id='word_1_654' title='bbox 1335 2006 1464 2035; x_wconf 84' lang='lat' dir='ltr'><strong>laboratis</strong></span> <span class='ocrx_word' id='word_1_655' title='bbox 1475 2006 1611 2034; x_wconf 87' lang='lat' dir='ltr'><strong>etonerati</strong></span> <span class='ocrx_word' id='word_1_656' title='bbox 1623 2007 1706 2039; x_wconf 85' lang='lat' dir='ltr'><strong>estis,-</strong></span> 
     </span>
    </p>
   </div>
   <div class='ocr_carea' id='block_1_86' title="bbox 917 2051 1707 2087">
    <p class='ocr_par' dir='ltr' id='par_1_86' title="bbox 917 2051 1707 2087">
     <span class='ocr_line' id='line_1_86' title="bbox 917 2051 1707 2087; baseline 0 -8"><span class='ocrx_word' id='word_1_657' title='bbox 917 2057 945 2080; x_wconf 89' lang='lat' dir='ltr'><strong>et</strong></span> <span class='ocrx_word' id='word_1_658' title='bbox 974 2059 1024 2087; x_wconf 75' lang='lat' dir='ltr'><strong>ego</strong></span> <span class='ocrx_word' id='word_1_659' title='bbox 1051 2051 1171 2079; x_wconf 83' lang='lat' dir='ltr'><strong>reﬁciam</strong></span> <span class='ocrx_word' id='word_1_660' title='bbox 1194 2059 1252 2080; x_wconf 87' lang='lat' dir='ltr'><strong>vos.</strong></span> <span class='ocrx_word' id='word_1_661' title='bbox 1276 2052 1407 2086; x_wconf 90' lang='lat' dir='ltr'><strong>imponite</strong></span> <span class='ocrx_word' id='word_1_662' title='bbox 1431 2051 1525 2087; x_wconf 75' lang='lat' dir='ltr'><strong>jugum</strong></span> <span class='ocrx_word' id='word_1_663' title='bbox 1547 2059 1635 2079; x_wconf 87' lang='lat' dir='ltr'><strong>memn</strong></span> <span class='ocrx_word' id='word_1_664' title='bbox 1660 2059 1707 2079; x_wconf 89' lang='lat' dir='ltr'><strong>vo-</strong></span> 
     </span>
    </p>
   </div>
   <div class='ocr_carea' id='block_1_87' title="bbox 917 2097 1704 2133">
    <p class='ocr_par' dir='ltr' id='par_1_87' title="bbox 917 2097 1704 2133">
     <span class='ocr_line' id='line_1_87' title="bbox 917 2097 1704 2133; baseline 0 -8"><span class='ocrx_word' id='word_1_665' title='bbox 917 2097 958 2126; x_wconf 84' lang='lat' dir='ltr'><strong>bis</strong></span> <span class='ocrx_word' id='word_1_666' title='bbox 973 2098 1007 2125; x_wconf 76' lang='grc'><strong>⁸³.</strong></span> <span class='ocrx_word' id='word_1_667' title='bbox 1026 2107 1035 2124; x_wconf 75' lang='grc' dir='ltr'><strong>ι</strong></span> <span class='ocrx_word' id='word_1_668' title='bbox 1053 2097 1159 2125; x_wconf 81' lang='lat' dir='ltr'><strong>Etenim</strong></span> <span class='ocrx_word' id='word_1_669' title='bbox 1180 2098 1307 2133; x_wconf 85' lang='lat' dir='ltr'><strong>quoniam</strong></span> <span class='ocrx_word' id='word_1_670' title='bbox 1328 2097 1388 2125; x_wconf 81' lang='lat' dir='ltr'><strong>duri</strong></span> <span class='ocrx_word' id='word_1_671' title='bbox 1406 2102 1432 2125; x_wconf 88' lang='lat' dir='ltr'><strong>et</strong></span> <span class='ocrx_word' id='word_1_672' title='bbox 1447 2098 1630 2126; x_wconf 75' lang='lat' dir='ltr'><strong>inobetlientes</strong></span> <span class='ocrx_word' id='word_1_673' title='bbox 1645 2097 1704 2125; x_wconf 80' lang='lat' dir='ltr'><strong>fue-</strong></span> 
     </span>
    </p>
   </div>
   <div class='ocr_carea' id='block_1_88' title="bbox 919 2144 1706 2180">
    <p class='ocr_par' dir='ltr' id='par_1_88' title="bbox 919 2144 1706 2180">
     <span class='ocr_line' id='line_1_88' title="bbox 919 2144 1706 2180; baseline 0.001 -8"><span class='ocrx_word' id='word_1_674' title='bbox 919 2149 992 2177; x_wconf 86' lang='lat' dir='ltr'><strong>runt.</strong></span> <span class='ocrx_word' id='word_1_675' title='bbox 1008 2149 1148 2172; x_wconf 91' lang='lat' dir='ltr'><strong>consortes</strong></span> <span class='ocrx_word' id='word_1_676' title='bbox 1164 2144 1255 2172; x_wconf 82' lang='lat' dir='ltr'><strong>furum</strong></span> <span class='ocrx_word' id='word_1_677' title='bbox 1272 2145 1432 2173; x_wconf 82' lang='lat' dir='ltr'><strong>exstiterunt</strong></span> <span class='ocrx_word' id='word_1_678' title='bbox 1451 2154 1457 2172; x_wconf 86' lang='lat'><strong>:</strong></span> <span class='ocrx_word' id='word_1_679' title='bbox 1473 2146 1570 2180; x_wconf 89' lang='lat' dir='ltr'><strong>partim</strong></span> <span class='ocrx_word' id='word_1_680' title='bbox 1592 2144 1706 2180; x_wconf 74' lang='lat' dir='ltr'><strong>largien-</strong></span> 
     </span>
    </p>
   </div>
   <div class='ocr_carea' id='block_1_89' title="bbox 917 2191 1706 2226">
    <p class='ocr_par' dir='ltr' id='par_1_89' title="bbox 917 2191 1706 2226">
     <span class='ocr_line' id='line_1_89' title="bbox 917 2191 1706 2226; baseline 0.001 -8"><span class='ocrx_word' id='word_1_681' title='bbox 917 2191 988 2219; x_wconf 90' lang='lat' dir='ltr'><strong>tibus</strong></span> <span class='ocrx_word' id='word_1_682' title='bbox 1013 2199 1124 2219; x_wconf 83' lang='lat' dir='ltr'><strong>munera</strong></span> <span class='ocrx_word' id='word_1_683' title='bbox 1149 2191 1353 2224; x_wconf 87' lang='lat' dir='ltr'><strong>consentiendo,</strong></span> <span class='ocrx_word' id='word_1_684' title='bbox 1382 2192 1480 2226; x_wconf 89' lang='lat' dir='ltr'><strong>partint</strong></span> <span class='ocrx_word' id='word_1_685' title='bbox 1506 2199 1566 2220; x_wconf 86' lang='lat' dir='ltr'><strong>cum</strong></span> <span class='ocrx_word' id='word_1_686' title='bbox 1594 2191 1706 2219; x_wconf 79' lang='lat' dir='ltr'><strong>nefariis</strong></span> 
     </span>
    </p>
   </div>
   <div class='ocr_carea' id='block_1_90' title="bbox 916 2237 1706 2272">
    <p class='ocr_par' dir='ltr' id='par_1_90' title="bbox 916 2237 1706 2272">
     <span class='ocr_line' id='line_1_90' title="bbox 916 2237 1706 2272; baseline 0 -8"><span class='ocrx_word' id='word_1_687' title='bbox 916 2237 1036 2265; x_wconf 84' lang='lat' dir='ltr'><strong>consiliis</strong></span> <span class='ocrx_word' id='word_1_688' title='bbox 1068 2238 1165 2272; x_wconf 89' lang='lat' dir='ltr'><strong>perditi</strong></span> <span class='ocrx_word' id='word_1_689' title='bbox 1186 2237 1264 2265; x_wconf 89' lang='lat' dir='ltr'><strong>simul</strong></span> <span class='ocrx_word' id='word_1_690' title='bbox 1282 2242 1309 2265; x_wconf 90' lang='lat' dir='ltr'><strong>et</strong></span> <span class='ocrx_word' id='word_1_691' title='bbox 1323 2237 1485 2265; x_wconf 86' lang='lat' dir='ltr'><strong>furacissimi</strong></span> <span class='ocrx_word' id='word_1_692' title='bbox 1501 2237 1636 2272; x_wconf 84' lang='lat' dir='ltr'><strong>discipuli,</strong></span> <span class='ocrx_word' id='word_1_693' title='bbox 1654 2237 1706 2264; x_wconf 90' lang='lat' dir='ltr'><strong>Do-</strong></span> 
     </span>
    </p>
   </div>
   <div class='ocr_carea' id='block_1_91' title="bbox 86 2281 865 2320">
    <p class='ocr_par' dir='ltr' id='par_1_91' title="bbox 86 2281 865 2320">
     <span class='ocr_line' id='line_1_91' title="bbox 86 2281 865 2320; baseline 0.009 -14"><span class='ocrx_word' id='word_1_694' title='bbox 86 2281 253 2315; x_wconf 71' lang='grc' dir='ltr'>φορτισμένοι</span> <span class='ocrx_word' id='word_1_695' title='bbox 264 2301 272 2314; x_wconf 84' lang='grc'><em>,</em></span> <span class='ocrx_word' id='word_1_696' title='bbox 287 2281 365 2315; x_wconf 78' lang='grc' dir='ltr'><strong>κάγὼ</strong></span> <span class='ocrx_word' id='word_1_697' title='bbox 377 2282 526 2310; x_wconf 79' lang='grc' dir='ltr'>ἀναπαύσω</span> <span class='ocrx_word' id='word_1_698' title='bbox 550 2284 631 2319; x_wconf 81' lang='grc' dir='ltr'><strong>ὑμᾶς.</strong></span> <span class='ocrx_word' id='word_1_699' title='bbox 649 2285 750 2320; x_wconf 71' lang='grc' dir='ltr'>’Ἄρατε</span> <span class='ocrx_word' id='word_1_700' title='bbox 766 2286 812 2312; x_wconf 85' lang='grc' dir='ltr'>τὸν</span> <span class='ocrx_word' id='word_1_701' title='bbox 824 2287 865 2319; x_wconf 80' lang='grc' dir='ltr'><strong>ζυ-</strong></span> 
     </span>
    </p>
   </div>
   <div class='ocr_carea' id='block_1_92' title="bbox 921 2281 1704 2320">
    <p class='ocr_par' dir='ltr' id='par_1_92' title="bbox 921 2282 1704 2318">
     <span class='ocr_line' id='line_1_92' title="bbox 921 2282 1704 2318; baseline -0.001 -7"><span class='ocrx_word' id='word_1_702' title='bbox 921 2284 1022 2311; x_wconf 88' lang='lat' dir='ltr'><strong>minmn</strong></span> <span class='ocrx_word' id='word_1_703' title='bbox 1041 2288 1163 2311; x_wconf 87' lang='lat' dir='ltr'><strong>nostrum</strong></span> <span class='ocrx_word' id='word_1_704' title='bbox 1177 2282 1267 2311; x_wconf 85' lang='lat' dir='ltr'><strong>Jesum</strong></span> <span class='ocrx_word' id='word_1_705' title='bbox 1282 2283 1420 2310; x_wconf 83' lang='lat' dir='ltr'><strong>Christum</strong></span> <span class='ocrx_word' id='word_1_706' title='bbox 1437 2283 1584 2318; x_wconf 87' lang='lat' dir='ltr'><strong>prodentis,</strong></span> <span class='ocrx_word' id='word_1_707' title='bbox 1598 2282 1704 2316; x_wconf 82' lang='lat' dir='ltr'><strong>conspi-</strong></span> 
     </span>
    </p>
   </div>
   <div class='ocr_carea' id='block_1_93' title="bbox 87 2327 866 2368">
    <p class='ocr_par' dir='ltr' id='par_1_93' title="bbox 87 2327 866 2368">
     <span class='ocr_line' id='line_1_93' title="bbox 87 2327 866 2368; baseline 0.009 -16"><span class='ocrx_word' id='word_1_708' title='bbox 87 2327 128 2359; x_wconf 72' lang='grc' dir='ltr'>γόν</span> <span class='ocrx_word' id='word_1_709' title='bbox 141 2336 189 2362; x_wconf 87' lang='grc' dir='ltr'>μου</span> <span class='ocrx_word' id='word_1_710' title='bbox 201 2327 245 2362; x_wconf 78' lang='grc' dir='ltr'><strong>ἐφ’</strong></span> <span class='ocrx_word' id='word_1_711' title='bbox 269 2328 351 2363; x_wconf 74' lang='grc' dir='ltr'>ὑμᾶς,</span> <span class='ocrx_word' id='word_1_712' title='bbox 371 2338 380 2354; x_wconf 76' lang='grc' dir='ltr'><strong>ι</strong></span> <span class='ocrx_word' id='word_1_713' title='bbox 403 2329 458 2355; x_wconf 69' lang='grc' dir='ltr'><strong>Καὶ</strong></span> <span class='ocrx_word' id='word_1_714' title='bbox 481 2329 549 2365; x_wconf 87' lang='grc' dir='ltr'>πρός</span> <span class='ocrx_word' id='word_1_715' title='bbox 565 2338 596 2364; x_wconf 86' lang='grc' dir='ltr'>γε</span> <span class='ocrx_word' id='word_1_716' title='bbox 610 2331 647 2366; x_wconf 84' lang='grc' dir='ltr'>τῷ</span> <span class='ocrx_word' id='word_1_717' title='bbox 663 2329 734 2358; x_wconf 78' lang='grc' dir='ltr'>εἶναι</span> <span class='ocrx_word' id='word_1_718' title='bbox 750 2332 866 2368; x_wconf 81' lang='grc' dir='ltr'>σκληροί</span> 
     </span>
    </p>
   </div>
   <div class='ocr_carea' id='block_1_94' title="bbox 86 2373 864 2410">
    <p class='ocr_par' dir='ltr' id='par_1_94' title="bbox 86 2373 864 2410">
     <span class='ocr_line' id='line_1_94' title="bbox 86 2373 864 2410; baseline 0.008 -11"><span class='ocrx_word' id='word_1_719' title='bbox 86 2380 111 2398; x_wconf 77' lang='grc' dir='ltr'><strong>τε</strong></span> <span class='ocrx_word' id='word_1_720' title='bbox 125 2373 167 2399; x_wconf 78' lang='grc' dir='ltr'><strong>καὶ</strong></span> <span class='ocrx_word' id='word_1_721' title='bbox 184 2373 321 2406; x_wconf 81' lang='grc' dir='ltr'>ἀπειθεῖς,</span> <span class='ocrx_word' id='word_1_722' title='bbox 337 2375 460 2401; x_wconf 76' lang='grc' dir='ltr'>κοινωνοὶ</span> <span class='ocrx_word' id='word_1_723' title='bbox 477 2375 605 2410; x_wconf 81' lang='grc' dir='ltr'>γεγόνασι</span> <span class='ocrx_word' id='word_1_724' title='bbox 620 2377 743 2404; x_wconf 85' lang='grc' dir='ltr'>κλεπτῶν</span> <span class='ocrx_word' id='word_1_725' title='bbox 755 2387 762 2393; x_wconf 88' lang='grc'>·</span> <span class='ocrx_word' id='word_1_726' title='bbox 783 2379 864 2405; x_wconf 86' lang='grc' dir='ltr'>τοῦτο</span> 
     </span>
    </p>
   </div>
   <div class='ocr_carea' id='block_1_95' title="bbox 88 2419 866 2458">
    <p class='ocr_par' dir='ltr' id='par_1_95' title="bbox 88 2419 866 2458">
     <span class='ocr_line' id='line_1_95' title="bbox 88 2419 866 2458; baseline 0.009 -13"><span class='ocrx_word' id='word_1_727' title='bbox 88 2419 196 2453; x_wconf 73' lang='grc' dir='ltr'>μὲν-τοίς</span> <span class='ocrx_word' id='word_1_728' title='bbox 210 2420 393 2456; x_wconf 78' lang='grc' dir='ltr'>δωροδοκοῦσι</span> <span class='ocrx_word' id='word_1_729' title='bbox 407 2422 622 2457; x_wconf 80' lang='grc' dir='ltr'>συνκαστάμενοι</span> <span class='ocrx_word' id='word_1_730' title='bbox 645 2423 723 2458; x_wconf 82' lang='lat' dir='ltr'><strong>(Sic),</strong></span> <span class='ocrx_word' id='word_1_731' title='bbox 743 2423 821 2451; x_wconf 84' lang='grc' dir='ltr'>τοῦτο</span> <span class='ocrx_word' id='word_1_732' title='bbox 837 2425 866 2451; x_wconf 80' lang='grc' dir='ltr'><strong>δὲ</strong></span> 
     </span>
    </p>
   </div>
   <div class='ocr_carea' id='block_1_96' title="bbox 87 2465 867 2507">
    <p class='ocr_par' dir='ltr' id='par_1_96' title="bbox 87 2465 867 2507">
     <span class='ocr_line' id='line_1_96' title="bbox 87 2465 867 2507; baseline 0.008 -17"><span class='ocrx_word' id='word_1_733' title='bbox 87 2465 332 2502; x_wconf 69' lang='grc' dir='ltr'>ωνδεδραμηκότες</span> <span class='ocrx_word' id='word_1_734' title='bbox 346 2467 405 2498; x_wconf 80' lang='grc' dir='ltr'>ταῖς</span> <span class='ocrx_word' id='word_1_735' title='bbox 422 2466 540 2499; x_wconf 77' lang='grc' dir='ltr'>ἀνοσίοις</span> <span class='ocrx_word' id='word_1_736' title='bbox 551 2467 657 2502; x_wconf 80' lang='grc' dir='ltr'>βουλαῖς</span> <span class='ocrx_word' id='word_1_737' title='bbox 667 2468 713 2495; x_wconf 79' lang='grc' dir='ltr'>τοῦ</span> <span class='ocrx_word' id='word_1_738' title='bbox 724 2469 867 2507; x_wconf 66' lang='grc' dir='ltr'><strong>¹Ιξροδόνιιος</strong></span> 
     </span>
    </p>
   </div>
   <div class='ocr_carea' id='block_1_97' title="bbox 88 2509 864 2550">
    <p class='ocr_par' dir='ltr' id='par_1_97' title="bbox 88 2509 864 2550">
     <span class='ocr_line' id='line_1_97' title="bbox 88 2509 864 2550; baseline 0.006 -14"><span class='ocrx_word' id='word_1_739' title='bbox 88 2510 169 2542; x_wconf 75' lang='grc' dir='ltr'>αὐτοῖς</span> <span class='ocrx_word' id='word_1_740' title='bbox 183 2511 228 2538; x_wconf 79' lang='grc' dir='ltr'><strong>τὸν</strong></span> <span class='ocrx_word' id='word_1_741' title='bbox 243 2511 347 2546; x_wconf 81' lang='grc' dir='ltr'>Κύριον</span> <span class='ocrx_word' id='word_1_742' title='bbox 361 2511 439 2547; x_wconf 77' lang='grc' dir='ltr'><strong>ἡμῶν</strong></span> <span class='ocrx_word' id='word_1_743' title='bbox 460 2512 563 2548; x_wconf 80' lang='grc' dir='ltr'>Ἰησοῦν</span> <span class='ocrx_word' id='word_1_744' title='bbox 580 2513 626 2540; x_wconf 82' lang='grc' dir='ltr'>τὸν</span> <span class='ocrx_word' id='word_1_745' title='bbox 639 2509 770 2548; x_wconf 79' lang='grc' dir='ltr'>Χριστὸν,</span> <span class='ocrx_word' id='word_1_746' title='bbox 785 2515 815 2546; x_wconf 78' lang='grc' dir='ltr'>ὅς</span> <span class='ocrx_word' id='word_1_747' title='bbox 829 2512 864 2550; x_wconf 82' lang='grc' dir='ltr'><strong>ἧν</strong></span> 
     </span>
    </p>
   </div>
   <div class='ocr_carea' id='block_1_98' title="bbox 87 2557 864 2594">
    <p class='ocr_par' dir='ltr' id='par_1_98' title="bbox 87 2557 864 2594">
     <span class='ocr_line' id='line_1_98' title="bbox 87 2557 864 2594; baseline 0.005 -12"><span class='ocrx_word' id='word_1_748' title='bbox 87 2557 192 2592; x_wconf 71' lang='grc' dir='ltr'>πονηρὸς</span> <span class='ocrx_word' id='word_1_749' title='bbox 207 2566 238 2583; x_wconf 80' lang='grc' dir='ltr'><strong>τε</strong></span> <span class='ocrx_word' id='word_1_750' title='bbox 252 2557 310 2592; x_wconf 77' lang='grc' dir='ltr'><strong>ἅμα</strong></span> <span class='ocrx_word' id='word_1_751' title='bbox 324 2557 370 2584; x_wconf 69' lang='grc' dir='ltr'>καὶ</span> <span class='ocrx_word' id='word_1_752' title='bbox 389 2557 582 2590; x_wconf 81' lang='grc' dir='ltr'>κλεπτίστατος</span> <span class='ocrx_word' id='word_1_753' title='bbox 601 2558 735 2594; x_wconf 85' lang='grc' dir='ltr'>μαθητής.</span> <span class='ocrx_word' id='word_1_754' title='bbox 756 2559 864 2594; x_wconf 83' lang='grc' dir='ltr'>Ἐρασι-</span> 
     </span>
    </p>
   </div>
   <div class='ocr_carea' id='block_1_99' title="bbox 88 2602 861 2640">
    <p class='ocr_par' dir='ltr' id='par_1_99' title="bbox 88 2602 861 2640">
     <span class='ocr_line' id='line_1_99' title="bbox 88 2602 861 2640; baseline 0.003 -11"><span class='ocrx_word' id='word_1_755' title='bbox 88 2602 210 2637; x_wconf 65' lang='grc' dir='ltr'>χρήματοι</span> <span class='ocrx_word' id='word_1_756' title='bbox 226 2603 255 2630; x_wconf 78' lang='grc' dir='ltr'><strong>δὲ</strong></span> <span class='ocrx_word' id='word_1_757' title='bbox 270 2604 318 2630; x_wconf 76' lang='grc' dir='ltr'>καὶ</span> <span class='ocrx_word' id='word_1_758' title='bbox 333 2603 433 2639; x_wconf 81' lang='grc' dir='ltr'>ἑτέρως</span> <span class='ocrx_word' id='word_1_759' title='bbox 448 2604 473 2630; x_wconf 78' lang='grc' dir='ltr'><strong>οι</strong></span> <span class='ocrx_word' id='word_1_760' title='bbox 488 2603 540 2631; x_wconf 86' lang='grc' dir='ltr'>τῶν</span> <span class='ocrx_word' id='word_1_761' title='bbox 548 2604 681 2631; x_wconf 85' lang='grc' dir='ltr'>Ἰουδαίων</span> <span class='ocrx_word' id='word_1_762' title='bbox 695 2604 861 2640; x_wconf 78' lang='grc' dir='ltr'>καθηγηταὶ,</span> 
     </span>
    </p>
   </div>
   <div class='ocr_carea' id='block_1_100' title="bbox 87 2647 862 2686">
    <p class='ocr_par' dir='ltr' id='par_1_100' title="bbox 87 2647 862 2686">
     <span class='ocr_line' id='line_1_100' title="bbox 87 2647 862 2686; baseline 0.006 -13"><span class='ocrx_word' id='word_1_763' title='bbox 87 2647 113 2672; x_wconf 71' lang='grc' dir='ltr'>τὸ</span> <span class='ocrx_word' id='word_1_764' title='bbox 126 2648 233 2683; x_wconf 73' lang='grc' dir='ltr'>κύμινόν</span> <span class='ocrx_word' id='word_1_765' title='bbox 251 2658 280 2676; x_wconf 82' lang='grc' dir='ltr'><strong>τε</strong></span> <span class='ocrx_word' id='word_1_766' title='bbox 296 2649 343 2676; x_wconf 67' lang='grc' dir='ltr'>καὶ</span> <span class='ocrx_word' id='word_1_767' title='bbox 358 2649 388 2675; x_wconf 79' lang='grc' dir='ltr'>τὸ</span> <span class='ocrx_word' id='word_1_768' title='bbox 400 2650 499 2685; x_wconf 79' lang='grc' dir='ltr'>ἄνηθον</span> <span class='ocrx_word' id='word_1_769' title='bbox 510 2671 517 2683; x_wconf 86' lang='grc'><strong><em>,</em></strong></span> <span class='ocrx_word' id='word_1_770' title='bbox 534 2651 581 2677; x_wconf 73' lang='grc' dir='ltr'><strong>καὶ</strong></span> <span class='ocrx_word' id='word_1_771' title='bbox 597 2651 650 2677; x_wconf 75' lang='grc' dir='ltr'><strong>πᾶν</strong></span> <span class='ocrx_word' id='word_1_772' title='bbox 665 2650 781 2686; x_wconf 86' lang='grc' dir='ltr'>λάχανον</span> <span class='ocrx_word' id='word_1_773' title='bbox 798 2652 862 2678; x_wconf 81' lang='grc' dir='ltr'>ἀπο-</span> 
     </span>
    </p>
   </div>
   <div class='ocr_carea' id='block_1_101' title="bbox 88 2693 861 2733">
    <p class='ocr_par' dir='ltr' id='par_1_101' title="bbox 88 2693 861 2733">
     <span class='ocr_line' id='line_1_101' title="bbox 88 2693 861 2733; baseline 0.005 -13"><span class='ocrx_word' id='word_1_774' title='bbox 88 2693 260 2728; x_wconf 76' lang='grc' dir='ltr'>ἰεκατοῦντες,</span> <span class='ocrx_word' id='word_1_775' title='bbox 278 2697 327 2723; x_wconf 73' lang='grc' dir='ltr'>καὶ</span> <span class='ocrx_word' id='word_1_776' title='bbox 347 2696 472 2731; x_wconf 68' lang='grc' dir='ltr'>ἀφιέντες</span> <span class='ocrx_word' id='word_1_777' title='bbox 493 2697 526 2723; x_wconf 82' lang='grc' dir='ltr'>τὰ</span> <span class='ocrx_word' id='word_1_778' title='bbox 551 2697 688 2733; x_wconf 85' lang='grc' dir='ltr'>βαρύτερα</span> <span class='ocrx_word' id='word_1_779' title='bbox 704 2697 750 2723; x_wconf 82' lang='grc' dir='ltr'>τοῦ</span> <span class='ocrx_word' id='word_1_780' title='bbox 767 2697 861 2733; x_wconf 84' lang='grc' dir='ltr'>νόμου,</span> 
     </span>
    </p>
   </div>
   <div class='ocr_carea' id='block_1_102' title="bbox 89 2739 862 2778">
    <p class='ocr_par' dir='ltr' id='par_1_102' title="bbox 89 2739 862 2778">
     <span class='ocr_line' id='line_1_102' title="bbox 89 2739 862 2778; baseline 0.006 -14"><span class='ocrx_word' id='word_1_781' title='bbox 89 2739 130 2774; x_wconf 73' lang='grc' dir='ltr'>τὴν</span> <span class='ocrx_word' id='word_1_782' title='bbox 148 2741 244 2776; x_wconf 78' lang='grc' dir='ltr'>κρίσιν,</span> <span class='ocrx_word' id='word_1_783' title='bbox 268 2742 318 2768; x_wconf 75' lang='grc' dir='ltr'>καὶ</span> <span class='ocrx_word' id='word_1_784' title='bbox 341 2741 372 2768; x_wconf 80' lang='grc' dir='ltr'>τὸ</span> <span class='ocrx_word' id='word_1_785' title='bbox 395 2741 478 2773; x_wconf 81' lang='grc' dir='ltr'>ἕλεος,</span> <span class='ocrx_word' id='word_1_786' title='bbox 501 2741 549 2768; x_wconf 76' lang='grc' dir='ltr'>καὶ</span> <span class='ocrx_word' id='word_1_787' title='bbox 562 2742 611 2777; x_wconf 83' lang='grc' dir='ltr'>τὴν</span> <span class='ocrx_word' id='word_1_788' title='bbox 629 2742 730 2769; x_wconf 80' lang='grc' dir='ltr'>πίστιν.</span> <span class='ocrx_word' id='word_1_789' title='bbox 755 2742 792 2768; x_wconf 87' lang='grc' dir='ltr'><strong>Οὐ</strong></span> <span class='ocrx_word' id='word_1_790' title='bbox 809 2742 862 2778; x_wconf 84' lang='grc' dir='ltr'>γὰρ</span> 
     </span>
    </p>
   </div>
   <div class='ocr_carea' id='block_1_103' title="bbox 89 2785 862 2823">
    <p class='ocr_par' dir='ltr' id='par_1_103' title="bbox 89 2785 862 2823">
     <span class='ocr_line' id='line_1_103' title="bbox 89 2785 862 2823; baseline 0.005 -13"><span class='ocrx_word' id='word_1_791' title='bbox 89 2785 183 2820; x_wconf 76' lang='grc' dir='ltr'>ἔκρινον</span> <span class='ocrx_word' id='word_1_792' title='bbox 202 2787 331 2822; x_wconf 74' lang='grc' dir='ltr'>ὀρφανοῖς</span> <span class='ocrx_word' id='word_1_793' title='bbox 348 2787 394 2813; x_wconf 78' lang='grc' dir='ltr'>καὶ</span> <span class='ocrx_word' id='word_1_794' title='bbox 410 2787 516 2822; x_wconf 80' lang='grc' dir='ltr'>χήραις.</span> <span class='ocrx_word' id='word_1_795' title='bbox 539 2787 689 2823; x_wconf 77' lang='grc' dir='ltr'>Ζητοῡντες</span> <span class='ocrx_word' id='word_1_796' title='bbox 710 2787 738 2814; x_wconf 82' lang='grc' dir='ltr'><strong>δὲ</strong></span> <span class='ocrx_word' id='word_1_797' title='bbox 763 2788 862 2823; x_wconf 79' lang='grc' dir='ltr'>μᾶλλον</span> 
     </span>
    </p>
   </div>
   <div class='ocr_carea' id='block_1_104' title="bbox 91 2831 862 2869">
    <p class='ocr_par' dir='ltr' id='par_1_104' title="bbox 91 2831 862 2869">
     <span class='ocr_line' id='line_1_104' title="bbox 91 2831 862 2869; baseline 0.005 -13"><span class='ocrx_word' id='word_1_798' title='bbox 91 2831 155 2866; x_wconf 71' lang='grc' dir='ltr'>παρὰ</span> <span class='ocrx_word' id='word_1_799' title='bbox 170 2832 221 2860; x_wconf 80' lang='grc' dir='ltr'>τῶν</span> <span class='ocrx_word' id='word_1_800' title='bbox 236 2833 430 2868; x_wconf 84' lang='grc' dir='ltr'>προσαγόντων</span> <span class='ocrx_word' id='word_1_801' title='bbox 453 2833 542 2865; x_wconf 81' lang='grc' dir='ltr'>αὐτοῖς</span> <span class='ocrx_word' id='word_1_802' title='bbox 558 2833 743 2869; x_wconf 77' lang='grc' dir='ltr'>ἀνταπόδομα,</span> <span class='ocrx_word' id='word_1_803' title='bbox 755 2833 862 2860; x_wconf 75' lang='grc' dir='ltr'>κατεδί-</span> 
     </span>
    </p>
   </div>
   <div class='ocr_carea' id='block_1_105' title="bbox 120 2918 379 2954">
    <p class='ocr_par' dir='ltr' id='par_1_105' title="bbox 120 2918 379 2954">
     <span class='ocr_line' id='line_1_105' title="bbox 120 2918 379 2954; baseline 0.012 -9"><span class='ocrx_word' id='word_1_804' title='bbox 120 2918 140 2933; x_wconf 88' lang='grc'><strong>“</strong></span> <span class='ocrx_word' id='word_1_805' title='bbox 153 2918 238 2948; x_wconf 75' lang='lat' dir='ltr'><strong>Matth.</strong></span> <span class='ocrx_word' id='word_1_806' title='bbox 259 2928 304 2954; x_wconf 77' lang='lat' dir='ltr'><strong>xv,</strong></span> <span class='ocrx_word' id='word_1_807' title='bbox 322 2920 379 2948; x_wconf 81' lang='grc'><strong>1-6.</strong></span> 
     </span>
    </p>
   </div>
   <div class='ocr_carea' id='block_1_106' title="bbox 918 2327 1704 2364">
    <p class='ocr_par' dir='ltr' id='par_1_106' title="bbox 918 2327 1704 2364">
     <span class='ocr_line' id='line_1_106' title="bbox 918 2327 1704 2364; baseline -0.001 -7"><span class='ocrx_word' id='word_1_808' title='bbox 918 2331 1013 2358; x_wconf 79' lang='lat' dir='ltr'><strong>rando.</strong></span> <span class='ocrx_word' id='word_1_809' title='bbox 1034 2329 1102 2363; x_wconf 86' lang='lat' dir='ltr'><strong>Quin</strong></span> <span class='ocrx_word' id='word_1_810' title='bbox 1122 2334 1148 2357; x_wconf 88' lang='lat' dir='ltr'><strong>el</strong></span> <span class='ocrx_word' id='word_1_811' title='bbox 1165 2329 1264 2364; x_wconf 77' lang='lat' dir='ltr'><strong>alioqui</strong></span> <span class='ocrx_word' id='word_1_812' title='bbox 1280 2329 1376 2356; x_wconf 85' lang='lat' dir='ltr'><strong>attenti</strong></span> <span class='ocrx_word' id='word_1_813' title='bbox 1400 2329 1509 2356; x_wconf 81' lang='lat' dir='ltr'><strong>fuerunt</strong></span> <span class='ocrx_word' id='word_1_814' title='bbox 1525 2328 1558 2355; x_wconf 89' lang='lat' dir='ltr'><strong>ad</strong></span> <span class='ocrx_word' id='word_1_815' title='bbox 1580 2335 1636 2357; x_wconf 80' lang='lat' dir='ltr'><strong>rem</strong></span> <span class='ocrx_word' id='word_1_816' title='bbox 1654 2327 1704 2356; x_wconf 75' lang='lat' dir='ltr'><strong>Ju-</strong></span> 
     </span>
    </p>
   </div>
   <div class='ocr_carea' id='block_1_107' title="bbox 918 2375 1704 2411">
    <p class='ocr_par' dir='ltr' id='par_1_107' title="bbox 918 2375 1704 2411">
     <span class='ocr_line' id='line_1_107' title="bbox 918 2375 1704 2411; baseline 0 -8"><span class='ocrx_word' id='word_1_817' title='bbox 918 2376 1036 2403; x_wconf 74' lang='lat' dir='ltr'><strong>dmorum</strong></span> <span class='ocrx_word' id='word_1_818' title='bbox 1066 2375 1199 2411; x_wconf 65' lang='lat' dir='ltr'><strong>praefecti,</strong></span> <span class='ocrx_word' id='word_1_819' title='bbox 1228 2375 1383 2409; x_wconf 88' lang='lat' dir='ltr'><strong>cuminttm,</strong></span> <span class='ocrx_word' id='word_1_820' title='bbox 1406 2375 1545 2407; x_wconf 87' lang='lat' dir='ltr'><strong>anethum,</strong></span> <span class='ocrx_word' id='word_1_821' title='bbox 1570 2379 1597 2402; x_wconf 82' lang='lat' dir='ltr'><strong>et</strong></span> <span class='ocrx_word' id='word_1_822' title='bbox 1624 2381 1704 2403; x_wconf 86' lang='lat' dir='ltr'><strong>omne</strong></span> 
     </span>
    </p>
   </div>
   <div class='ocr_carea' id='block_1_108' title="bbox 918 2420 1703 2456">
    <p class='ocr_par' dir='ltr' id='par_1_108' title="bbox 918 2420 1703 2456">
     <span class='ocr_line' id='line_1_108' title="bbox 918 2420 1703 2456; baseline -0.001 -8"><span class='ocrx_word' id='word_1_823' title='bbox 918 2421 978 2449; x_wconf 90' lang='lat' dir='ltr'><strong>olus</strong></span> <span class='ocrx_word' id='word_1_824' title='bbox 991 2422 1179 2453; x_wconf 87' lang='lat' dir='ltr'><strong>decumantes;</strong></span> <span class='ocrx_word' id='word_1_825' title='bbox 1199 2421 1324 2456; x_wconf 81' lang='lat' dir='ltr'><strong>graviora</strong></span> <span class='ocrx_word' id='word_1_826' title='bbox 1339 2425 1428 2448; x_wconf 88' lang='lat' dir='ltr'><strong>autem</strong></span> <span class='ocrx_word' id='word_1_827' title='bbox 1451 2420 1518 2455; x_wconf 77' lang='lat' dir='ltr'><strong>legis</strong></span> <span class='ocrx_word' id='word_1_828' title='bbox 1537 2420 1637 2455; x_wconf 84' lang='lat' dir='ltr'><strong>capita,</strong></span> <span class='ocrx_word' id='word_1_829' title='bbox 1658 2420 1703 2455; x_wconf 82' lang='lat' dir='ltr'><strong>ju-</strong></span> 
     </span>
    </p>
   </div>
   <div class='ocr_carea' id='block_1_109' title="bbox 918 2465 1703 2501">
    <p class='ocr_par' dir='ltr' id='par_1_109' title="bbox 918 2465 1703 2501">
     <span class='ocr_line' id='line_1_109' title="bbox 918 2465 1703 2501; baseline 0 -6"><span class='ocrx_word' id='word_1_830' title='bbox 918 2467 1028 2500; x_wconf 84' lang='lat' dir='ltr'><strong>dicium,</strong></span> <span class='ocrx_word' id='word_1_831' title='bbox 1048 2468 1272 2499; x_wconf 84' lang='lat' dir='ltr'><strong>misericordiam,</strong></span> <span class='ocrx_word' id='word_1_832' title='bbox 1287 2467 1365 2494; x_wconf 85' lang='lat' dir='ltr'><strong>ﬁdem</strong></span> <span class='ocrx_word' id='word_1_833' title='bbox 1379 2466 1628 2501; x_wconf 58' lang='lat' dir='ltr'><strong>pretermittenles.</strong></span> <span class='ocrx_word' id='word_1_834' title='bbox 1647 2465 1703 2495; x_wconf 76' lang='lat' dir='ltr'><strong>Nec</strong></span> 
     </span>
    </p>
   </div>
   <div class='ocr_carea' id='block_1_110' title="bbox 916 2511 1702 2548">
    <p class='ocr_par' dir='ltr' id='par_1_110' title="bbox 916 2511 1702 2548">
     <span class='ocr_line' id='line_1_110' title="bbox 916 2511 1702 2548; baseline -0.001 -8"><span class='ocrx_word' id='word_1_835' title='bbox 916 2514 987 2541; x_wconf 89' lang='lat' dir='ltr'><strong>cnim</strong></span> <span class='ocrx_word' id='word_1_836' title='bbox 1003 2513 1132 2548; x_wconf 88' lang='lat' dir='ltr'><strong>orphanis</strong></span> <span class='ocrx_word' id='word_1_837' title='bbox 1140 2513 1308 2548; x_wconf 86' lang='lat' dir='ltr'><strong>judicabant,</strong></span> <span class='ocrx_word' id='word_1_838' title='bbox 1324 2520 1412 2547; x_wconf 90' lang='lat' dir='ltr'><strong>neque</strong></span> <span class='ocrx_word' id='word_1_839' title='bbox 1426 2511 1526 2545; x_wconf 84' lang='lat' dir='ltr'><strong>viduis,</strong></span> <span class='ocrx_word' id='word_1_840' title='bbox 1543 2512 1589 2540; x_wconf 88' lang='lat' dir='ltr'><strong>sed</strong></span> <span class='ocrx_word' id='word_1_841' title='bbox 1610 2517 1702 2547; x_wconf 85' lang='lat' dir='ltr'><strong>peten-</strong></span> 
     </span>
    </p>
   </div>
   <div class='ocr_carea' id='block_1_111' title="bbox 917 2558 1701 2594">
    <p class='ocr_par' dir='ltr' id='par_1_111' title="bbox 917 2558 1701 2594">
     <span class='ocr_line' id='line_1_111' title="bbox 917 2558 1701 2594; baseline -0.001 -7"><span class='ocrx_word' id='word_1_842' title='bbox 917 2564 958 2587; x_wconf 89' lang='lat' dir='ltr'><strong>tes</strong></span> <span class='ocrx_word' id='word_1_843' title='bbox 973 2559 1061 2594; x_wconf 85' lang='lat' dir='ltr'><strong>potius</strong></span> <span class='ocrx_word' id='word_1_844' title='bbox 1075 2559 1110 2586; x_wconf 89' lang='lat' dir='ltr'><strong>ab</strong></span> <span class='ocrx_word' id='word_1_845' title='bbox 1130 2559 1171 2586; x_wconf 87' lang='lat' dir='ltr'><strong>his</strong></span> <span class='ocrx_word' id='word_1_846' title='bbox 1192 2558 1238 2594; x_wconf 89' lang='lat' dir='ltr'><strong>qui</strong></span> <span class='ocrx_word' id='word_1_847' title='bbox 1259 2558 1397 2592; x_wconf 82' lang='lat' dir='ltr'><strong>oii‘errent,</strong></span> <span class='ocrx_word' id='word_1_848' title='bbox 1427 2558 1590 2592; x_wconf 87' lang='lat' dir='ltr'><strong>mercedem,</strong></span> <span class='ocrx_word' id='word_1_849' title='bbox 1618 2558 1701 2593; x_wconf 89' lang='lat' dir='ltr'><strong>impie</strong></span> 
     </span>
    </p>
   </div>
   <div class='ocr_carea' id='block_1_112' title="bbox 915 2604 1701 2640">
    <p class='ocr_par' dir='ltr' id='par_1_112' title="bbox 915 2604 1701 2640">
     <span class='ocr_line' id='line_1_112' title="bbox 915 2604 1701 2640; baseline -0.001 -8"><span class='ocrx_word' id='word_1_850' title='bbox 915 2605 1075 2640; x_wconf 86' lang='lat' dir='ltr'><strong>quandoque</strong></span> <span class='ocrx_word' id='word_1_851' title='bbox 1101 2604 1317 2634; x_wconf 83' lang='lat' dir='ltr'><strong>condemnabam</strong></span> <span class='ocrx_word' id='word_1_852' title='bbox 1342 2604 1442 2639; x_wconf 82' lang='lat' dir='ltr'><strong>injuste</strong></span> <span class='ocrx_word' id='word_1_853' title='bbox 1471 2611 1625 2639; x_wconf 85' lang='lat' dir='ltr'><strong>oppressos,</strong></span> <span class='ocrx_word' id='word_1_854' title='bbox 1649 2604 1701 2632; x_wconf 92' lang='lat' dir='ltr'><strong>ini-</strong></span> 
     </span>
    </p>
   </div>
   <div class='ocr_carea' id='block_1_113' title="bbox 915 2650 1699 2686">
    <p class='ocr_par' dir='ltr' id='par_1_113' title="bbox 915 2650 1699 2686">
     <span class='ocr_line' id='line_1_113' title="bbox 915 2650 1699 2686; baseline 0 -9"><span class='ocrx_word' id='word_1_855' title='bbox 915 2651 1075 2686; x_wconf 87' lang='lat' dir='ltr'><strong>quissitnum</strong></span> <span class='ocrx_word' id='word_1_856' title='bbox 1091 2650 1117 2678; x_wconf 91' lang='lat' dir='ltr'><strong>in</strong></span> <span class='ocrx_word' id='word_1_857' title='bbox 1130 2658 1177 2678; x_wconf 86' lang='lat' dir='ltr'><strong>eos</strong></span> <span class='ocrx_word' id='word_1_858' title='bbox 1194 2650 1326 2678; x_wconf 85' lang='lat' dir='ltr'><strong>calculum</strong></span> <span class='ocrx_word' id='word_1_859' title='bbox 1345 2657 1376 2677; x_wconf 88' lang='lat' dir='ltr'><strong>ac</strong></span> <span class='ocrx_word' id='word_1_860' title='bbox 1387 2650 1548 2678; x_wconf 87' lang='lat' dir='ltr'><strong>sententiam</strong></span> <span class='ocrx_word' id='word_1_861' title='bbox 1571 2650 1699 2678; x_wconf 78' lang='lat' dir='ltr'><strong>ferentes.</strong></span> 
     </span>
    </p>
   </div>
   <div class='ocr_carea' id='block_1_114' title="bbox 915 2695 1700 2731">
    <p class='ocr_par' dir='ltr' id='par_1_114' title="bbox 915 2695 1700 2731">
     <span class='ocr_line' id='line_1_114' title="bbox 915 2695 1700 2731; baseline -0.001 -7"><span class='ocrx_word' id='word_1_862' title='bbox 915 2696 953 2724; x_wconf 85' lang='lat' dir='ltr'><strong>Ex</strong></span> <span class='ocrx_word' id='word_1_863' title='bbox 967 2704 999 2724; x_wconf 80' lang='lat' dir='ltr'><strong>eo</strong></span> <span class='ocrx_word' id='word_1_864' title='bbox 1019 2700 1108 2723; x_wconf 90' lang='lat' dir='ltr'><strong>autem</strong></span> <span class='ocrx_word' id='word_1_865' title='bbox 1128 2697 1198 2730; x_wconf 89' lang='lat' dir='ltr'><strong>quod</strong></span> <span class='ocrx_word' id='word_1_866' title='bbox 1223 2696 1323 2731; x_wconf 85' lang='lat' dir='ltr'><strong>injuste</strong></span> <span class='ocrx_word' id='word_1_867' title='bbox 1343 2695 1506 2730; x_wconf 79' lang='lat' dir='ltr'><strong>iudicarent,</strong></span> <span class='ocrx_word' id='word_1_868' title='bbox 1532 2699 1561 2723; x_wconf 87' lang='lat' dir='ltr'><strong>et</strong></span> <span class='ocrx_word' id='word_1_869' title='bbox 1585 2697 1700 2730; x_wconf 85' lang='lat' dir='ltr'><strong>turpiter</strong></span> 
     </span>
    </p>
   </div>
   <div class='ocr_carea' id='block_1_115' title="bbox 915 2733 1699 2777">
    <p class='ocr_par' dir='ltr' id='par_1_115' title="bbox 915 2733 1699 2777">
     <span class='ocr_line' id='line_1_115' title="bbox 915 2733 1699 2777; baseline -0.001 -8"><span class='ocrx_word' id='word_1_870' title='bbox 915 2742 1072 2770; x_wconf 90' lang='lat' dir='ltr'><strong>muneribus</strong></span> <span class='ocrx_word' id='word_1_871' title='bbox 1083 2733 1226 2775; x_wconf 77' lang='lat' dir='ltr'><strong>servirent,</strong></span> <span class='ocrx_word' id='word_1_872' title='bbox 1242 2742 1322 2769; x_wconf 86' lang='lat' dir='ltr'><strong>etiam</strong></span> <span class='ocrx_word' id='word_1_873' title='bbox 1338 2742 1365 2769; x_wconf 89' lang='lat' dir='ltr'><strong>in</strong></span> <span class='ocrx_word' id='word_1_874' title='bbox 1382 2742 1468 2777; x_wconf 89' lang='lat' dir='ltr'><strong>ipsum</strong></span> <span class='ocrx_word' id='word_1_875' title='bbox 1485 2741 1621 2769; x_wconf 85' lang='lat' dir='ltr'><strong>Christum</strong></span> <span class='ocrx_word' id='word_1_876' title='bbox 1636 2745 1699 2768; x_wconf 88' lang='lat' dir='ltr'><strong>sunt</strong></span> 
     </span>
    </p>
   </div>
   <div class='ocr_carea' id='block_1_116' title="bbox 914 2786 1699 2823">
    <p class='ocr_par' dir='ltr' id='par_1_116' title="bbox 914 2786 1699 2823">
     <span class='ocr_line' id='line_1_116' title="bbox 914 2786 1699 2823; baseline -0.003 -9"><span class='ocrx_word' id='word_1_877' title='bbox 914 2788 1015 2816; x_wconf 80' lang='lat' dir='ltr'><strong>furiose</strong></span> <span class='ocrx_word' id='word_1_878' title='bbox 1030 2788 1198 2816; x_wconf 85' lang='lat' dir='ltr'><strong>debacchati.</strong></span> <span class='ocrx_word' id='word_1_879' title='bbox 1217 2787 1252 2815; x_wconf 89' lang='lat' dir='ltr'><strong>Ut</strong></span> <span class='ocrx_word' id='word_1_880' title='bbox 1266 2788 1338 2815; x_wconf 90' lang='lat' dir='ltr'><strong>enim</strong></span> <span class='ocrx_word' id='word_1_881' title='bbox 1357 2795 1372 2814; x_wconf 70' lang='grc' dir='ltr'><strong>ιι</strong></span> <span class='ocrx_word' id='word_1_882' title='bbox 1393 2787 1497 2823; x_wconf 85' lang='lat' dir='ltr'><strong>populis</strong></span> <span class='ocrx_word' id='word_1_883' title='bbox 1517 2793 1628 2813; x_wconf 85' lang='lat' dir='ltr'><strong>munera</strong></span> <span class='ocrx_word' id='word_1_884' title='bbox 1649 2786 1699 2813; x_wconf 60' lang='lat' dir='ltr'><strong>ha&#39;</strong></span> 
     </span>
    </p>
   </div>
   <div class='ocr_carea' id='block_1_117' title="bbox 915 2830 1695 2868">
    <p class='ocr_par' dir='ltr' id='par_1_117' title="bbox 915 2830 1695 2868">
     <span class='ocr_line' id='line_1_117' title="bbox 915 2830 1695 2868; baseline -0.005 -7"><span class='ocrx_word' id='word_1_885' title='bbox 915 2834 1020 2868; x_wconf 80' lang='lat' dir='ltr'><strong>herent,</strong></span> <span class='ocrx_word' id='word_1_886' title='bbox 1036 2834 1120 2862; x_wconf 72' lang='lat' dir='ltr'><strong>vinem</strong></span> <span class='ocrx_word' id='word_1_887' title='bbox 1139 2834 1277 2862; x_wconf 88' lang='lat' dir='ltr'><strong>dominum</strong></span> <span class='ocrx_word' id='word_1_888' title='bbox 1304 2841 1357 2861; x_wconf 92' lang='lat' dir='ltr'><strong>non</strong></span> <span class='ocrx_word' id='word_1_889' title='bbox 1388 2836 1555 2868; x_wconf 85' lang='lat' dir='ltr'><strong>receperunt,</strong></span> <span class='ocrx_word' id='word_1_890' title='bbox 1579 2839 1640 2859; x_wconf 87' lang='lat' dir='ltr'><strong>eam</strong></span> <span class='ocrx_word' id='word_1_891' title='bbox 1668 2830 1695 2858; x_wconf 83' lang='lat' dir='ltr'><strong>in</strong></span> 
     </span>
    </p>
   </div>
   <div class='ocr_carea' id='block_1_118' title="bbox 419 2920 1031 2957">
    <p class='ocr_par' dir='ltr' id='par_1_118' title="bbox 419 2920 1031 2957">
     <span class='ocr_line' id='line_1_118' title="bbox 419 2920 1031 2957; baseline 0.003 -8"><span class='ocrx_word' id='word_1_892' title='bbox 419 2921 439 2937; x_wconf 81' lang='grc'><strong>⁶⁷</strong></span> <span class='ocrx_word' id='word_1_893' title='bbox 457 2920 533 2949; x_wconf 78' lang='lat' dir='ltr'><strong>Joau.</strong></span> <span class='ocrx_word' id='word_1_894' title='bbox 548 2929 573 2954; x_wconf 93' lang='lat' dir='ltr'><strong>v,</strong></span> <span class='ocrx_word' id='word_1_895' title='bbox 590 2921 635 2955; x_wconf 79' lang='grc'><strong>45,</strong></span> <span class='ocrx_word' id='word_1_896' title='bbox 646 2921 690 2949; x_wconf 78' lang='grc'><strong>46.</strong></span> <span class='ocrx_word' id='word_1_897' title='bbox 730 2922 751 2938; x_wconf 69' lang='grc'><strong>⁵³</strong></span> <span class='ocrx_word' id='word_1_898' title='bbox 767 2921 858 2950; x_wconf 84' lang='lat' dir='ltr'><strong>Matth.</strong></span> <span class='ocrx_word' id='word_1_899' title='bbox 875 2929 912 2956; x_wconf 76' lang='grc' dir='ltr'><strong>ιι,</strong></span> <span class='ocrx_word' id='word_1_900' title='bbox 924 2921 969 2957; x_wconf 76' lang='lat'><strong>‘28,</strong></span> <span class='ocrx_word' id='word_1_901' title='bbox 986 2922 1031 2951; x_wconf 76' lang='lat'><strong>29.</strong></span> 
     </span>
    </p>
   </div>
  </div>
