1890 3053
68 188 96 216 5¹Ι
660 189 693 217 IN
713 188 828 217 ISAIAM
850 187 915 215 LIB.
936 187 957 216 Ι.
978 187 1082 216 ORAT.
1102 185 1123 214 l.
1463 190 1466 193 '
1669 177 1703 204 53

72 249 169 285 φρονεῖν
194 248 289 282 αὐτοὶ,
309 251 362 278 καὶ
377 251 437 283 τοϊς
452 250 542 282 ἄλλοις
557 251 659 278 ἅπασιν
676 251 726 286 τὴν
742 251 781 282 εὶς
793 249 872 277 τοῦτο

944 249 1037 276 liorum
1052 246 1173 277 interitu,
1189 251 1269 279 quam
1282 241 1425 277 prohibere
1438 245 1470 266 ac
1484 237 1642 273 propulsum
1655 243 1705 271 po-

74 296 278 331 ῑιακομὶζουσαν
302 296 466 330 καταδεῖξαι
485 297 588 332 τρίὸον.
611 296 761 331 Ἐπεφώνει
785 297 832 323 καὶ
856 297 870 323 ὁ

75 341 209 372 θεσπέσιος
227 341 366 377 Ἰωάννης
379 343 474 374 αὐτοῖς
489 342 535 369 ἐπὶ
544 342 574 369 τὸ
584 342 636 377 τῆς
646 341 790 377 μετανοίας
802 340 870 367 ἰοῦσι

79 388 219 424 βάπτισμαι
240 398 250 414 ι
269 389 438 425 Γεννήματα
450 389 572 425 ἐχιδνῶν,
590 388 631 420 τίς
645 388 784 420 ὑπέδειξεν
796 388 870 422 ὑμῖν,

80 435 166 486 ςυῖεἶν
189 434 247 462 ἀπὺ
272 436 487 486 τῇςῆμελὶλούσης
510 436 614 471 ὀργῆς;
632 445 642 462 ι
664 435 761 468 Γέγονε
781 434 871 461 τοίνυν

81 479 212 514 ἐκδίκησις
228 480 308 515 παρά
323 480 392 507 Θεοῦ
410 481 482 508 κατὰ
498 481 552 508 τῶν
571 480 726 516 ἰσχυόντων·
745 480 870 515 μάλιστα,

82 525 148 553 τοῦτ’
166 525 224 552 ἔστι
237 546 245 557 ,
258 526 315 552 τῶν
329 528 396 562 παρ’
409 527 500 558 αὐτοῖς
514 526 644 559 δυνατῶν,
660 526 743 562 ἡγουν
754 526 872 562 ἡγουμέ-

84 581 139 604 νων,
157 572 385 609 καταδῃωθείσης
403 572 494 599 αὐτῶν
511 573 559 608 τῆς
584 572 677 608 χώρας
692 573 739 599 καὶ
752 571 872 606 παραδο-

84 619 170 654 θείσης
196 620 256 651 τοῖς
279 619 425 654 Ῥωμαίων
451 619 652 654 γενναιοτάτοις
676 617 870 654 στρατεύμασι.

83 665 134 691 Καὶ
150 664 233 691 τοῦτο
256 665 349 697 αὐτοῖς
370 665 584 701 προμεμήνυκεν
605 665 620 691 ὸ
638 665 744 700 Σωτήρ·
762 673 771 690 ι
791 664 872 690 Ὅταν

84 710 150 737 ἴδετε
173 710 365 746 κυκλουμένην
389 711 442 737 ὑπὸ
464 710 652 745 στρατοπέδων
670 709 719 744 τὴν
740 709 874 745 Ἰερουσα-

83 756 145 791 λὴμ,
152 755 216 782 τότε
231 756 321 792 ἐρεῖτε
334 757 390 787 τοῖς
404 756 490 791 ὄρεσι,
501 755 644 790 Καλύψατε
658 756 731 791 ἡμᾶς
741 763 747 770 '
759 755 806 782 καὶ
817 755 873 786 τοῖς

84 803 196 837 βουνοῖς,
211 803 318 829 Πέσατε
329 802 372 836 ἐφ’
392 802 474 837 ἡμᾶς.
490 812 499 828 ι
517 802 633 837 Φοϐερὸν
649 800 695 828 οὖν
710 801 764 836 ἄρα
776 801 807 827 τὸ
822 801 872 836 ὲμα

82 850 174 875 πεσεῖν
188 849 229 880 εὶς
247 849 342 884 χεῖρας
359 848 426 875 θεοῦ
450 848 559 881 ζῶντος·
573 849 621 884 οὐχ
638 849 678 875 ὅτι
697 847 813 884 σκληρὸς
828 848 874 874 καὶ

83 895 255 929 ἀμείλικτος·
277 895 396 930 χρηστὸς
411 895 466 930 γὰρ
489 895 588 930 μᾶλλον
610 894 657 921 καὶ
670 894 769 928 ἀγαθός
787 895 871 920 ἐστιν’

82 939 138 966 ἀλλ’
154 940 198 966 ὅτι
228 939 354 967 λυπεῖται
379 939 644 976 καταφρονούμενος,
672 939 736 966 ὅταν
761 939 874 970 ἑαυτοὺς

84 985 201 1019 μάλιστα
222 986 278 1013 τῶν
296 986 361 1021 παρ’
371 987 455 1014 αὐτοῦ
473 986 650 1022 χαρισμάτων
668 984 875 1021 ἀποστεροῦμεν

83 1032 172 1066 ἡμεῖς,
189 1032 280 1058 καίτοι
294 1032 382 1067 παρὸν
395 1031 464 1059 ἑλεῖν
477 1041 507 1058 τε
520 1032 664 1063 πλουσίως·
679 1031 726 1058 καὶ
739 1031 874 1065 ἐντρυφᾷν

83 1078 173 1110 αὐτοῖς
183 1078 322 1113 ἑλομένοις
336 1079 421 1105 εἴκειν
433 1079 489 1110 τοῖς
503 1079 568 1114 παρ’
578 1078 660 1105 αὑτοῦ
672 1078 774 1113 νόμοις.
796 1077 876 1104 Ἀπο-

84 1123 234 1158 σειομένοις
249 1132 279 1151 τε
293 1125 356 1156 τοὺς
370 1125 505 1160 πονηροὺς
520 1125 566 1151 καὶ
577 1125 701 1156 ἀνοσίους
713 1124 767 1151 τῶν
780 1125 809 1150 ὲν
823 1123 876 1158 τῷ·

82 1169 109 1195 δε
124 1169 164 1204 τῷ
179 1170 232 1204 βίῳ
244 1169 434 1202 διδασκάλους
451 1171 475 1197 οἳ
487 1170 534 1198 καὶ
547 1171 596 1206 τῆς
608 1170 726 1202 πίστεως
737 1169 786 1206 τὴν
799 1169 876 1205 ὀρθό-

84 1225 153 1251 τητα
166 1218 225 1248 τοῖς
241 1217 346 1243 ἑαυτῶν
361 1218 467 1252 ῥήμασι
487 1217 636 1253 παραλύειν
647 1217 812 1251 ἐπείγονται,
828 1216 875 1243 καὶ

82 1263 142 1294 ταῖς
160 1263 217 1289 τῶν
232 1263 435 1299 ἀκεραιστέρων
454 1263 554 1299 ψυχαῖς
575 1263 627 1299 τῆς
641 1263 746 1291 ἑαυτῶν
763 1263 875 1298 δυστρα-

85 1308 148 1340 πίας
169 1309 215 1335 τὸν
232 1309 271 1335 ἰὸν
287 1309 438 1344 ἐκχέοντες,
456 1309 677 1345 παρατρέπουσιν
693 1310 777 1342 αὑτὰς
791 1311 830 1342 εἰς
846 1310 876 1336 τὸ

83 1353 137 1381 δεῖν
150 1354 262 1382 ἑλέσθαι
273 1355 306 1382 τὰ
318 1356 435 1391 πονηρά.

116 1442 174 1469 Καὶ
187 1443 290 1475 ἐπάξω
306 1443 365 1477 τὴν
379 1443 464 1478 χεῖρά
478 1453 538 1478 μου
551 1444 600 1471 ἐπὶ
617 1443 665 1477 σὲ,
681 1444 731 1471 καὶ
749 1445 877 1478 πυρώσω

84 1497 119 1516 σε
138 1490 183 1522 εις
197 1489 339 1524 καθαρὸν,
357 1488 430 1522 τοὺς
453 1489 488 1515 δὲ
506 1489 705 1522 ἀπειθοῦντας
724 1489 875 1523 ἀπολέσω,

84 1535 133 1562 καὶ
157 1535 274 1568 πάντας
298 1535 515 1570 ὑπερηφάνους
537 1535 719 1562 ταπεινώσω·
741 1535 790 1562 καὶ
815 1536 877 1562 ἐπι-

83 1581 190 1615 στήσω
216 1581 288 1614 τοὺς
315 1580 420 1615 κριτάς
443 1588 510 1614 σου,
531 1582 571 1614 ὡς
589 1582 623 1608 τὸ
647 1582 801 1615 πρότερον,
827 1581 875 1608 καὶ
890 1598 911 1627 c

83 1628 155 1661 τοὺς
174 1628 368 1662 συμϐούλους
383 1635 443 1655 σου
461 1628 501 1660 ὡς
520 1627 552 1654 τὸ
566 1627 716 1662 ἀπαρχῆς.
734 1628 788 1654 Kal
803 1627 877 1661 μετὰ

83 1675 179 1702 ταῦτα
199 1674 343 1709 κληθήσῃ
364 1675 455 1708 πόλις
475 1675 679 1708 δικαιοσύνης,
694 1674 879 1708 μητρόπολις

83 1720 179 1753 πιστὴ
198 1720 285 1748 Σιών.
311 1719 394 1747 Μετὰ
419 1720 474 1754 γὰρ
499 1720 640 1754 κρίματος
663 1719 834 1752 σωθήσεται
859 1720 878 1754 ἠ

84 1766 278 1800 αἰχμαλωσία
300 1764 408 1799 αὐτῆς,
425 1765 474 1792 καὶ
490 1765 564 1799 μετὰ
586 1765 805 1800 ἑλεημοσύνης.
823 1765 879 1792 Καὶ

85 1811 342 1845 σωτριϐήσονται
354 1812 382 1838 οὶ
401 1811 507 1844 ἄνομοι
527 1811 575 1838 καὶ
589 1812 616 1837 οι
627 1810 793 1846 ἁμαρτωλοὶ
808 1810 878 1845 ἅμα,

88 1857 138 1884 καὶ
159 1858 187 1883 οἱ
203 1856 474 1891 ἐγκαταλείποντες
488 1856 542 1884 τὸν
555 1857 665 1892 Κύριον
676 1856 881 1890 συντελεσθῆ-

89 1909 207 1930 σονται.

130 1947 245 1982 Ἐπάγει
267 1948 316 1982 τὴν
340 1947 420 1982 χεῖρα
444 1947 525 1973 αὑτοῦ
545 1946 619 1979 Θεὸς,
645 1946 681 1978 ὼς
701 1946 880 1981 πλήττουσαν·

88 1992 210 2019 τοιοῦτον
224 1992 279 2027 γάρ
293 2001 352 2023 πως
367 1992 412 2018 ἀεὶ
425 1991 478 2018 τῶν
490 1993 644 2019 τυπτόντων
659 1992 689 2018 τὸ
703 1992 806 2027 σχῆμα.
821 1991 882 2017 Ὀτι

88 2041 140 2066 οὒκ
149 2039 279 2074 ἀνόνητος
291 2038 368 2065 ἔσται
380 2038 518 2070 παντελῶς
532 2039 624 2070 αὐτοῖς
635 2039 651 2073 ἡ
665 2039 713 2074 τῆς
730 2037 819 2073 χειρὸς
832 2038 882 2063 ἐπ-

89 2086 197 2120 αγωγὴ,
210 2085 283 2112 τοῦτ’
300 2085 385 2117 ἐστιν,
404 2086 420 2120 ἡ
435 2085 488 2112 τῶν
502 2085 596 2112 δεινῶν
609 2085 703 2119 ἐφοδὸς
719 2093 748 2111 τε
763 2085 810 2111 καὶ
823 2085 882 2111 πεῖ-

90 2141 136 2168 ρα,
149 2132 212 2159 οὔτε
228 2131 282 2167 μὴν
292 2132 458 2168 ἀδιακρίτως
473 2132 558 2158 ἅπασι
576 2132 609 2158 τὰ
629 2132 658 2165 ἐξ
675 2131 759 2166 ὀργῆς
780 2131 884 2166 συμϐή-

89 2189 177 2211 σεται,
206 2180 349 2216 φροντίδος
368 2180 397 2206 δὲ
423 2179 471 2205 καὶ
493 2178 599 2213 φειδοῦς
624 2178 735 2210 ἀξιώσει
758 2179 821 2209 τοὺς
840 2187 886 2204 πε-

91 2226 285 2258 πιστευκότας,
301 2226 346 2251 καὶ
359 2226 416 2256 τοῖς
430 2224 550 2259 γνησίοις
564 2225 644 2250 ἀπονε
649 2225 708 2258 μεῖν
725 2223 774 2259 τὴν
787 2224 832 2250 ἐπὶ
847 2223 886 2258 τῷ

922 295 1004 321 tuisse
1020 293 1103 327 ipsas,
1120 288 1267 318 verisimile
1283 291 1342 319 est,
1357 286 1380 313 si
1396 289 1424 312 et
1440 283 1491 318 ipsi
1508 286 1582 310 recte
1599 288 1705 316 sapere,

920 343 947 367 et
967 338 1072 367 caeteris
1095 336 1220 364 omnibus
1249 333 1343 361 callem
1359 339 1392 359 eo
1412 330 1605 365 perducentem
1627 335 1706 354 mon—

920 390 1009 413 strare
1023 382 1182 410 voluissent.
1196 377 1363 407 Occlamavit
1378 380 1405 403 et
1418 375 1527 403 divinus
1542 372 1660 400 Joannes
1674 372 1707 398 ad

921 429 1087 466 paenitentiae
1122 426 1255 461 baptisma
1286 422 1474 451 accedentibus
1496 429 1504 448 :
1532 428 1541 445 ι
1562 417 1708 452 Progenies

920 463 1089 511 viperarum,
1110 473 1170 508 quis
1194 469 1356 500 monstravit
1383 467 1460 495 vobis
1491 470 1522 493 ut
1546 463 1707 499 fugeretisa

921 522 1011 550 futura
1027 522 1066 549 ira
1077 520 1120 547 7'?
1134 529 1143 546 ι
1160 518 1271 552 Sumpta
1289 519 1408 549 estergo
1426 513 1492 541 ultio
1507 521 1521 539 a
1539 512 1593 538 Deo
1611 511 1644 538 de
1661 516 1709 543 po-

923 568 1040 596 tentibus
1055 565 1173 593 maxime
1191 561 1362 598 praesidibus,
1377 560 1403 586 id
1421 563 1473 590 est,
1492 557 1538 592 qui
1561 555 1631 591 apud
1647 554 1709 582 illos

922 618 1000 643 erant
1023 615 1213 648 praepotentes,
1243 607 1369 635 videlicet
1383 604 1542 640 principes;
1563 601 1653 630 deleta
1669 600 1708 633 ip-

922 667 1013 688 sorum
1026 659 1146 693 regione,
1158 661 1184 683 et
1198 651 1416 690 generosissimis
1426 650 1610 677 Romanorum
1625 646 1710 681 copiis

921 705 1056 741 exposita.
1076 700 1299 737 Praesigniﬁeavit
1318 699 1384 726 item
1410 697 1464 723 illis
1489 695 1541 722 hoc
1557 693 1709 721 Servatur:

925 763 935 780 ι
949 740 1016 781 Cum
1026 749 1148 778 videritis
1156 746 1305 776 Jerusalem
1320 744 1352 772 ab
1360 741 1482 771 exercitu
1492 740 1710 769 circumsessam,

923 805 988 828 tunc
1013 797 1111 827 dicetis
1127 794 1263 823 montibus
1280 799 1287 819 :
1305 791 1415 826 Operite
1430 795 1498 820 nos;
1524 791 1552 814 et
1570 785 1685 813 collibus
1702 791 1711 810 :

924 848 1047 877 Corruite
1058 847 1084 873 in
1101 852 1150 872 nos
1159 844 1208 871 ".D
1225 840 1393 869 Horrendum
1407 842 1449 866 est
1463 835 1674 872 igiturincidere
1686 834 1711 860 in

924 901 1032 922 manum
1050 892 1096 919 Dei
1120 889 1234 918 viventis
1247 887 1300 921 τως
1316 894 1369 914 non
1385 885 1447 919 quia
1460 883 1543 910 durus
1561 887 1602 909 est
1616 887 1644 908 et
1663 881 1713 907 im—

890 929 912 957 Β
925 938 1065 975 placabilis
1081 944 1089 964 :
1108 936 1240 970 benignus
1252 937 1294 961 est
1307 932 1378 959 enim
1395 930 1484 966 potius
1499 934 1526 956 et
1542 928 1629 955 bonus
1643 936 1649 954 :
1666 927 1713 954 sed

925 972 989 1019 quia
1012 980 1163 1016 despicatui
1194 986 1225 1006 ac
1248 976 1415 1011 contemptui
1445 974 1569 1004 habitus,
1601 972 1715 999 moleste

926 1018 989 1063 fert,
1006 1028 1125 1056 maxime
1157 1025 1265 1060 quando
1282 1023 1332 1057 ipsi
1350 1029 1398 1049 nos
1411 1021 1536 1056 gratuitis
1554 1019 1613 1054 ejus
1637 1018 1715 1044 donis

926 1076 1064 1111 privamus
1080 1081 1088 1100 :
1104 1072 1188 1100 etiam
1217 1076 1277 1098 cum
1293 1069 1373 1096 liceat
1405 1067 1457 1094 illis
1483 1065 1586 1092 affatim
1612 1063 1675 1096 frui,
1689 1067 1716 1090 et

927 1110 1130 1152 circumfluere,
1162 1115 1242 1143 modo
1259 1114 1364 1149 legibus
1389 1113 1423 1139 ab
1440 1111 1500 1146 ipso
1527 1110 1589 1137 latis
1609 1115 1713 1143 parere,

927 1165 1066 1201 improbos
1089 1171 1122 1191 ac
1137 1162 1235 1197 impios
1251 1167 1343 1187 rerum
1365 1158 1399 1185 ad
1424 1158 1506 1185 vitam
1523 1155 1715 1190 pertinentium

927 1217 1107 1248 praeceptores
1146 1214 1240 1236 arcere
1274 1207 1301 1234 in
1338 1205 1458 1232 animum
1498 1203 1714 1233 induceremus;

927 1257 973 1293 qui
991 1262 1046 1284 tum
1071 1255 1132 1283 fidei
1159 1253 1343 1282 sinceritatem
1374 1251 1431 1277 suis
1462 1248 1552 1276 verbis
1574 1252 1715 1277 enervare.

927 1301 1060 1337 quasique
1075 1300 1170 1327 luxare
1199 1298 1343 1325 nituntur:
1364 1300 1419 1322 turn
1449 1292 1645 1328 simpliciorurn
1659 1290 1717 1316 ani<

928 1347 979 1374 niis
992 1354 1048 1374 sua;
1074 1344 1262 1381 perversitatis
1278 1344 1354 1371 virus
1383 1341 1559 1369 infundentes
1577 1340 1604 1367 in
1622 1337 1716 1374 gravia

927 1393 998 1420 mala
1016 1393 1179 1426 detorquent
1194 1395 1222 1417 et
1235 1392 1371 1416 avertunt.

961 1439 1045 1468 Vens.
1075 1436 1168 1464 25-28.
1189 1435 1224 1462 Et
1246 1433 1373 1462 inducam
1396 1439 1503 1459 manum
1530 1437 1615 1457 meam
1640 1436 1718 1463 super

927 1491 960 1519 te,
979 1490 1001 1512 et
1022 1490 1166 1518 excoquam
1182 1486 1206 1508 te
1223 1481 1258 1507 ad
1278 1487 1373 1514 purum
1397 1486 1406 1505 :
1431 1477 1608 1504 inobedientes
1632 1479 1718 1501 autem

927 1530 1046 1566 perdam,
1071 1533 1094 1556 et
1107 1535 1196 1555 omnes
1221 1524 1345 1560 superbos
1366 1523 1523 1557 deprimam.
1538 1522 1571 1547 Et
1588 1519 1718 1553 imponam

925 1578 1028 1613 judices
1044 1580 1102 1602 ιιιοι
1115 1578 1141 1600 tu
1152 1573 1238 1607 prius,
1249 1576 1273 1598 et
1286 1569 1520 1598 consiliariostuos
1537 1571 1564 1592 ut
1579 1565 1611 1592 ab
1624 1564 1713 1591 initio.

931 1623 964 1649 Et
987 1626 1042 1656 post
1069 1622 1124 1646 lucc
1138 1617 1270 1644 vocaberis
1299 1615 1390 1641 ciuitas
1408 1612 1537 1648 justilize,
1563 1609 1714 1643 metropolis

929 1669 1015 1704 ﬁdelis
1031 1666 1107 1695 Sion.
1135 1664 1201 1692 Cum
1213 1661 1317 1697 judicio
1340 1661 1409 1687 enim
1422 1658 1569 1686 tervabilur
1582 1656 1719 1690 captivitas

930 1717 1022 1751 ipsius,
1034 1718 1059 1741 et
1073 1720 1130 1739 eum
1140 1708 1332 1737 misericordia.
1346 1706 1378 1733 Et
1390 1709 1572 1732 convertentur
1587 1703 1671 1736 iniqui
1688 1709 1719 1728 ac

930 1748 1075 1796 peccatores
1110 1755 1208 1787 simul,
1233 1758 1257 1782 et
1277 1753 1322 1788 qui
1354 1751 1547 1785 dereliquerunt
1576 1748 1717 1775 Dominum

931 1809 1128 1834 consumantur.

967 1946 1072 1975 lnducit
1087 1951 1196 1972 manum
1225 1948 1300 1969 suam
1317 1940 1398 1973 Deus,
1415 1941 1509 1973 utpote
1530 1936 1683 1964 ferientem.
1698 1935 1721 1962 is

932 1995 1005 2023 enim
1018 1989 1128 2027 semper
1149 1994 1190 2017 est
1215 1993 1306 2024 gestus
1327 1986 1381 2021 29
1407 1984 1628 2019 percutientium.
1646 1981 1722 2014 Quod

934 2046 1024 2068 autem
1041 2044 1152 2073 prorsus
1167 2043 1219 2063 non
1238 2034 1290 2061 erit
1308 2033 1367 2060 sine
1383 2032 1472 2058 fructu
1494 2030 1551 2057 haec
1577 2035 1674 2055 manus
1695 2027 1722 2053 in

935 2095 981 2115 cos
997 2085 1126 2116 inductio,
1143 2084 1194 2110 hoc
1211 2086 1252 2109 est
1263 2101 1270 2114 ,
1302 2087 1393 2107 rerum
1411 2078 1586 2105 adversarum
1603 2074 1723 2102 incursio

941 2136 968 2160 et
994 2130 1116 2160 tentatio.
1135 2135 1184 2155 nec
1210 2126 1365 2162 promiscue
1378 2122 1504 2151 erunibus
1521 2121 1578 2148 lucc
1593 2119 1723 2154 supplicia

937 2177 1069 2207 accident,
1087 2174 1133 2202 sed
1156 2173 1227 2208 quod
1246 2171 1387 2198 credentes
1400 2175 1465 2196 cura
1489 2172 1517 2195 et
1537 2165 1724 2193 misericordia

937 2224 1072 2258 dignetur,
1094 2225 1121 2248 et
1135 2219 1259 2254 genuinis
1287 2216 1349 2243 [iliis
1366 2213 1541 2242 servatricem
1560 2211 1673 2247 gratiam
1690 2209 1725 2236 sit

90 2281 123 2306 γε
149 2272 204 2299 δεῖν
229 2271 412 2303 διασώζεσθαι
432 2271 511 2306 χάριν
534 2270 653 2298 διδάσκει
678 2270 779 2304 σαφῶς.
799 2257 876 2297 Πάλα

944 2269 1094 2304 largiturus,
1114 2266 1187 2292 clare
1202 2265 1289 2291 docet.
1307 2259 1574 2290 EtenimJernsnlem
1587 2258 1648 2285 olim
1668 2257 1723 2283 Deo

92 2318 141 2353 μὲν
152 2317 209 2354 γὰρ
218 2319 236 2352 ἡ
253 2318 386 2352 θεομάχος
403 2316 578 2352 Ἰερουσαλὴμ
592 2316 792 2352 ὲκπεπόρνευκε
805 2315 886 2342 πολυι

90 2365 201 2399 τρόπως
211 2364 258 2391 διὰ
267 2364 314 2390 τοῦ
329 2363 475 2399 λατρεῦσαι
489 2363 560 2395 (leui;
575 2361 688 2398 ἑτέροις,
703 2363 842 2398 ἐπήγαγεν
857 2363 886 2389 δὲ

92 2411 161 2445 αὐτῇ
178 2409 230 2444 τὴν
247 2410 326 2444 χεῖρα
345 2409 421 2440 Θεὸς,
438 2409 484 2435 καὶ
501 2408 594 2443 ὥσπερ
612 2408 665 2434 τινὶ
688 2408 754 2443 πυρὶ
775 2409 834 2439 ταῖς
854 2408 886 2434 ἐκ

92 2456 138 2483 τοῦ
162 2456 286 2490 πολέμου
306 2455 451 2490 παρεδίδου
472 2455 632 2490 συμφοραῖς.
661 2454 768 2489 Ἐπειδὴ
790 2454 817 2480 δὲ
838 2454 886 2480 πὲ-

94 2511 203 2538 πομφεν
230 2502 270 2534 EE“
283 2501 399 2538 οὐρανοῦ
420 2501 465 2527 τὸν
489 2501 551 2528 Υίὸν
570 2501 584 2527 ὁ
601 2500 694 2536 Πατὴρ
710 2500 825 2535 Σωτῆρα
841 2499 887 2526 καὶ

93 2550 255 2585 Λυτρωτὴν,
280 2547 340 2575 εἶτα
358 2549 559 2583 πεπαρῴνηκεν
578 2548 617 2579 είς
634 2547 724 2580 αὑτὸν,
746 2546 792 2574 καὶ
812 2545 845 2572 τὰ
859 2545 888 2578 ἐξ

95 2596 215 2631 ἀκράτου
238 2595 382 2630 πέπραχεν
400 2594 538 2626 ἀπονοίας.
557 2594 594 2620 Οὐ
617 2593 767 2620 διαλέλοιπέ
783 2601 812 2619 τε
829 2595 888 2624 ταῖς

98 2641 249 2673 ἁπειῦείαις
267 2641 373 2676 ἀγρίως
396 2641 616 2676 περιυϐρίζουσα,
633 2639 720 2666 καίτοι
734 2639 888 2666 δικαιοῦντα

98 2688 141 2714 τὶν
158 2687 256 2723 ἀσεϐῆ,
274 2688 320 2714 καὶ
340 2687 396 2713 τῶν
412 2687 533 2722 ἀρχαίων
547 2686 788 2721 πλημμελημάτων
803 2686 888 2712 ἁπαλ-

99 2735 228 2762 λαττοντα
252 2734 297 2761 διὰ
323 2735 374 2769 τῆς
398 2733 524 2764 πίστεως.
545 2733 683 2767 Ἐπήγαγε
702 2732 730 2758 δὲ
749 2732 817 2767 αὐτῇ
840 2731 889 2765 τὴν

100 2782 175 2816 χεῖρα
188 2781 279 2812 πάλιν,
298 2781 347 2808 καὶ
361 2777 418 2806 οἶόν
429 2788 470 2811 τις
482 2780 605 2815 τεχνίτης
620 2779 753 2813 διέκρινεν
766 2778 794 2804 ἐν
813 2778 889 2811 mp",

102 2828 146 2853 καὶ
161 2827 233 2855 ᾶπαν
253 2827 304 2863 μὲν
327 2827 391 2854 ὅσον
414 2824 447 2861 ἦν
471 2827 499 2852 ὲν
513 2826 579 2861 αὐτῇ
598 2825 782 2860 δοκιμώτατον
801 2832 830 2850 τε
846 2825 892 2850 καὶ

135 2919 158 2936 ⁷³
171 2917 264 2946 Matth.
287 2926 332 2949 ill,
348 2917 375 2943 7.

939 2320 1103 2349 repugnans,
1123 2319 1183 2339 cum
1199 2310 1302 2337 alienos
1315 2308 1379 2335 deos
1408 2306 1521 2334 colendo
1540 2302 1725 2337 multipliciter

940 2364 1056 2389 scortatu
1076 2359 1181 2390 fuisset,
1198 2363 1306 2383 manum
1327 2354 1351 2382 ei
1368 2354 1437 2381 Deus
1453 2351 1568 2383 induxit,
1583 2356 1611 2377 et
1629 2348 1725 2377 inbelli

940 2407 1109 2435 calamitates
1130 2409 1257 2437 tanquam
1284 2401 1310 2427 in
1331 2401 1419 2435 ignem
1437 2398 1578 2433 quemdam
1599 2395 1726 2429 conjecit.

940 2451 1061 2487 Cumque
1074 2449 1170 2478 deinde
1190 2448 1268 2475 Pater
1283 2447 1379 2474 Filium
1392 2453 1406 2472 e
1419 2444 1488 2471 cutio
1504 2442 1582 2469 nobis
1598 2441 1725 2472 misisset,

941 2500 1114 2526 Servatorem
1149 2501 1180 2522 ac
1223 2493 1444 2527 Iledemptorem,
1468 2493 1579 2524 tumque
1608 2488 1635 2514 in
1665 2494 1726 2513 eum

941 2544 1071 2573 bacchata
1088 2545 1159 2569 esset
1180 2540 1295 2572 furiose,
1315 2546 1401 2572 caque
1421 2543 1453 2563 ex
1471 2535 1612 2570 impotenti
1635 2538 1726 2568 patra-

942 2596 983 2618 ret
999 2589 1128 2621 amentia,
1155 2594 1204 2614 nee
1232 2586 1369 2613 desineret
1384 2590 1432 2618 per
1448 2581 1658 2609 inobedientiam
1686 2579 1727 2606 in-

940 2637 1010 2672 signi
1021 2633 1183 2663 contumelia
1197 2632 1306 2659 afﬁcere
1318 2639 1390 2663 eum,
1404 2630 1448 2665 qui
1466 2628 1574 2663 impium
1584 2625 1725 2662 justiﬁcat,

941 2671 1000 2709 etia
1019 2680 1156 2707 veteribus
1181 2678 1290 2712 flagitiis
1320 2684 1368 2711 per
1385 2676 1463 2702 [idem
1480 2674 1594 2705 liberat;
1622 2671 1728 2698 induxit

943 2728 966 2754 ei
986 2733 1095 2753 manum
1124 2726 1157 2752 de
1182 2725 1295 2758 integro,
1323 2727 1350 2749 et
1379 2721 1453 2748 velut
1475 2718 1571 2746 artifex
1594 2716 1726 2752 quispiam

1230 2776 1258 2799 et
1286 2768 1506 2804 probatissimum
1536 2772 1568 2793 ac
1600 2763 1726 2791 sclectum

1547 2809 1727 2838 adulterinum

945 2777 1006 2810 igne
1033 2773 1161 2801 discrevit
1193 2781 1198 2798 :

946 2829 1029 2855 genus
1053 2819 1221 2855 credentium
1248 2817 1298 2845 sibi
1326 2814 1474 2844 reservavit
1506 2821 1512 2839 :

415 2916 437 2930 ⁷³
461 2914 526 2942 Luc.
543 2923 599 2948 xxr,
624 2914 817 2947 20;xx11l,30.
857 2913 889 2928 ⁷³⁸
903 2911 985 2939 llcbr.
1002 2920 1027 2943 κ,
1046 2911 1090 2937 51.
