1890 3053
173 149 208 177 59
690 149 718 176 S.
740 146 880 177 CYRILLI
898 144 1133 174 ALEXANDRINI
1151 143 1313 172 ARClllEP.
1789 140 1827 168 60

175 217 239 236 vero
255 214 284 237 et
303 209 466 246 rejectitium
484 209 566 237 exitio
596 209 670 237 dedit
688 216 721 236 ac
738 209 847 237 delevit.
863 209 921 242 Que

1081 214 1165 233 ,εκτον
1176 206 1255 240 γένος
1272 203 1328 231 τῶν
1339 204 1560 230 πεπιστευκότων
1570 202 1650 230 τοῦτο
1661 201 1827 236 τετήρηκεν

175 256 323 284 admodum
352 256 434 292 igitur
464 257 509 290 qui
537 255 605 291 igni,
628 255 669 282 vel
685 262 735 287 es,
760 255 803 282 vel
819 259 962 290 argentum

175 303 296 336 liquant,
321 306 475 337 excoquuut
496 302 644 336 materias;
669 301 706 329 ita
727 306 754 329 et
776 309 836 337 ego,
865 302 963 334 inquit,

176 355 287 375 exuram
301 354 326 375 te
337 347 370 374 ad
386 355 494 382 purum.
512 347 650 382 Scriptum
663 352 706 375 est
724 352 814 375 autem
831 357 838 375 :
861 356 869 373 I
885 347 964 374 Eluet

176 394 306 421 Dominus
325 393 420 420 sordes
436 393 552 420 filiorum
566 397 594 420 et
621 392 738 420 ﬁliarum
766 392 842 426 Sion,
858 397 885 420 et
903 401 964 420 san-

176 440 282 474 guinem
295 446 311 466 e
328 439 416 466 medio
434 446 527 466 eorum
540 439 711 473 expurgabit,
728 438 822 473 spiritu
834 437 926 473 judicii
939 442 966 465 et

176 485 282 512 ardoris
295 485 349 512 ⁷⁸.»
375 485 483 512 Dictum
503 489 545 512 est
574 485 656 512 etiam
672 492 686 512 a
700 484 816 520 quodam
836 492 852 512 e
865 484 967 512 sanctis

176 531 338 566 prophetis:
358 540 368 557 t
386 530 481 558 Subito
504 530 596 558 veniet
607 531 634 557 in
659 529 789 565 templum
814 537 892 557 suum
914 529 967 558 Do-

176 576 276 609 minus,
295 583 375 610 quem
401 583 448 603 vos
463 575 595 610 quaeritis,
611 579 639 602 et
664 574 783 610 Angelus
809 575 966 603 testamenti

177 629 257 656 quem
278 629 326 648 vos
345 621 437 649 vultis.
458 622 528 649 Ecce
556 621 641 654 venit,
665 621 732 648 dicit
755 621 886 649 Dominus
902 630 908 648 :
924 628 968 649 ec-

177 667 239 701 quis
254 666 399 694 sustinebit
423 667 495 694 diem
510 666 641 694 adventus
656 665 735 701 ejus?
759 665 804 693 Vel
817 667 878 701 quis
901 667 967 694 sul)-

178 712 257 739 sistet
274 712 299 739 iu
316 717 462 747 conspectu
486 712 565 746 ejus?
579 711 647 745 Quia
669 711 726 746 ipse
751 713 824 739 venit
839 718 966 747 tanquam

179 757 250 792 ignis
266 757 396 791 fornacis,
410 762 437 785 et
451 762 582 792 tanquam
602 757 686 784 herba
709 757 870 791 lavantium,
885 762 911 786 et
924 765 968 786 se-

179 803 254 831 debit
277 803 408 837 conflans,
422 804 497 831 velut
508 809 648 839 argentum
660 811 688 833 et
699 811 794 832 aurqu
806 805 840 832 ⁷⁸.
857 813 867 830 ι
882 804 971 833 Aliter

179 849 261 876 etiam
291 850 369 877 nobis
396 849 542 884 explicabit
562 850 613 878 hoc
625 851 733 886 sapiens
753 850 908 882 Mattheus,
928 849 968 876 lo-

1016 255 1045 281 ὲν
1059 252 1197 288 ὲαυτῷ,τό
1208 261 1239 286 γε
1250 251 1301 287 μὴν
1315 250 1441 286 κίϐδηλον
1456 250 1502 276 καὶ
1512 250 1641 285 ἀδόκιμον
1655 249 1827 285 παραδέδω-

1015 309 1063 327 κεν
1078 301 1116 331 είς
1136 299 1246 333 ὄλεθρον
1268 297 1316 324 καὶ
1331 297 1493 332 ἀφανισμόν.
1513 296 1620 331 Ὥσπερ
1640 294 1687 322 οὖν
1705 296 1731 321 οἱ
1751 296 1824 330 πυρὶ

1016 346 1226 381 κατατήκοντες,
1249 343 1393 380 ἧχαλκὸν,
1407 344 1424 378 ἢ
1450 343 1580 378 ἄργυρον,
1603 341 1824 377 διακαθαίρουσι

1015 392 1064 423 τὰς
1083 391 1166 423 Mar
1181 390 1251 417 οὕτω
1271 389 1359 423 κάγὼ,
1376 389 1453 424 φησὶ,
1471 388 1592 422 πυρώσω
1617 388 1659 419 είς
1677 386 1824 421 καθαρόν.

1016 438 1174 473 Γέγραπται
1184 437 1222 468 δὲ,
1237 436 1278 462 ὅτι
1294 445 1303 460 ι
1322 435 1465 462 Ἐκπλυνεί
1482 434 1583 469 Κύριος
1597 433 1642 460 τὸν
1659 433 1750 468 ῥύπον
1766 431 1823 458 τῶν

1017 481 1084 508 υἱῶν
1100 482 1147 508 καὶ
1160 480 1213 507 τῶν
1229 479 1388 515 θυγατέρων
1407 478 1486 510 Σιὼν,
1502 479 1548 505 καὶ
1565 478 1596 504 τὸ
1608 475 1679 512 αἷμα
1693 475 1823 503 ἐκκαθα-

1018 529 1072 564 ριεῖ
1099 528 1132 554 ὲκ
1153 527 1237 563 μέσου
1253 525 1352 558 αὐτῶν,
1377 526 1406 552 ἐν
1427 526 1563 560 πνεύματι
1580 524 1699 559 κρίσεως
1719 522 1772 549 καὶ
1791 523 1823 548 ὲν

1017 574 1152 609 πνεύματι
1172 573 1306 604 καύσεως.
1329 581 1338 598 ›
1356 572 1470 607 Εἴρηται
1485 571 1513 596 δὲ
1528 570 1575 596 καὶ
1586 569 1631 596 διὰ
1646 568 1742 603 φωνῆς
1758 567 1822 597 ἐνὸς

1017 621 1071 647 τῶν
1091 620 1176 654 ἁγίων
1206 619 1364 654 προφητῶν,
1383 619 1424 645 ὅτι
1443 627 1452 643 ι
1475 616 1617 651 Ἐξαίφνης
1633 615 1694 651 ἥξει
1714 615 1757 646 εἰς
1772 613 1822 640 τὸν

1018 667 1081 693 ναὸν
1097 665 1179 693 αὑτοῦ
1192 665 1305 701 Κύριος,
1327 665 1356 691 ὃν
1379 665 1457 700 ὑμεῖς
1478 663 1596 698 ζητεῖτε,
1610 661 1658 688 καὶ
1670 663 1684 688 ό
1699 660 1822 695 ἄγγελος

1018 714 1067 748 τῆς
1089 712 1231 748 διαθήκης,
1252 711 1281 738 ὃν
1305 711 1383 746 ὑμεῖς
1405 710 1506 736 Θέλετε.
1523 709 1589 735 Ἰδοὺ
1603 708 1723 743 ἔρχεται,
1740 706 1821 741 λέγει

1019 757 1131 794 Κύριος,
1153 757 1201 786 καὶ
1218 757 1260 788 τίς
1279 757 1411 791 ὑπομενεῖ
1430 755 1537 790 ἡμέραν
1559 753 1662 780 εἰσόδου
1680 751 1783 783 αὐτούς
1801 752 1818 786 ἢ

1019 804 1061 835 τίς
1072 804 1253 838 ὑποστήσεται
1266 803 1295 829 ὲν
1309 803 1342 837 τῇ
1358 801 1477 837 ὀπτασίᾳ
1497 799 1595 830 αὑτοῦ,
1611 799 1651 826 ὅτι
1664 799 1748 829 αὐτὸς
1763 798 1820 824 εἰσ-

1021 849 1187 884 πεπόρευται
1205 849 1241 879 ὼς
1254 847 1309 883 πῦρ
1320 846 1516 882 χωνευτηρίου,
1531 846 1577 872 καὶ
1587 846 1625 876 ὡς
1639 845 1692 871 πόα
1703 843 1821 870 πλυνόν-

185 901 272 928 quens
283 894 317 920 de
333 893 442 921 Christo
455 903 462 921 :
480 903 490 920 ι
502 894 558 929 Ego
572 895 680 929 baptizo
688 903 736 922 vos
748 895 774 922 iu
788 902 856 929 aqua
867 894 899 922 ad
912 902 931 929 p

1073 906 1086 927 ι,
1104 895 1150 922 καὶ
1166 894 1300 921 καθιεῖται
1323 893 1461 928 χωνεύων,
1479 892 1516 923 ὡς
1530 891 1561 917 τὸ
1574 890 1706 925 ἀργύριον
1724 890 1774 916 καὶ
1789 889 1819 915 τό

181 940 323 967 nitentiam
341 949 348 967 :
366 945 394 967 at
413 940 458 975 qui
480 948 523 968 me
550 942 689 976 sequitur,
709 941 807 969 fortior
837 948 881 969 me
906 945 965 973 est,

181 986 260 1019 cujus
284 985 392 1013 calceos
416 993 467 1013 non
492 993 551 1014 sum
582 987 680 1022 dignus
697 991 814 1021 portare.
839 986 898 1020 lpse
923 993 970 1012 vos

182 1030 328 1064 baptizabit
344 1031 369 1058 in
393 1031 494 1066 Spiritu
508 1037 601 1059 sancto
612 1037 639 1060 et
658 1033 737 1067 igne;
763 1032 840 1066 cujus
857 1031 968 1059 ventila-

183 1077 261 1111 brum
290 1077 316 1104 in
344 1085 425 1105 manu
450 1078 520 1112 ejus,
545 1083 572 1105 et
587 1079 749 1114 expurgabit
771 1087 862 1106 aream
883 1086 969 1109 suam,

182 1123 411 1158 congregabitque
433 1124 552 1151 triticum
564 1131 641 1151 suum
660 1125 686 1152 iu
701 1125 841 1156 horreum,
866 1123 970 1158 paleam

183 1175 274 1196 autem
286 1169 425 1196 comburet
446 1170 507 1204 igne
534 1169 698 1197 inexstinclo
713 1171 747 1197 ⁷⁷.
762 1179 770 1196 ι
788 1170 880 1205 Itaque
905 1169 973 1196 triti-

184 1221 247 1241 cum
261 1214 288 1241 in
318 1214 447 1242 horreum
471 1214 628 1250 colligitur:
649 1214 838 1248 infrugiferum
852 1222 927 1246 vero,
946 1214 972 1242 id

182 1265 225 1287 est
250 1260 372 1294 paleam,
402 1261 472 1295 ignis
500 1261 559 1288 fore
587 1267 676 1288 escam
694 1260 750 1296 3o
767 1261 841 1288 dicit.
864 1260 971 1288 Modum

183 1311 273 1333 autem
289 1307 310 1334 si
322 1307 381 1341 quis
400 1307 471 1334 scire
480 1308 581 1342 cupiat,
598 1307 681 1335 verba
693 1307 832 1342 propasila
851 1306 973 1334 declara-

184 1353 258 1378 bunt.
287 1351 346 1379 Mox
366 1352 437 1379 enim
466 1353 571 1387 inquit:
591 1362 601 1378 ι
626 1352 818 1380 lnobedieutes
849 1351 972 1386 perdam,

182 1401 211 1424 ct
233 1398 343 1432 perdam
369 1405 465 1426 omnes
489 1397 602 1431 iniustos
616 1406 631 1426 a
649 1403 686 1431 te,
703 1405 855 1432 omnesque
878 1405 973 1432 super—

184 1442 233 1469 bos
255 1442 415 1476 deprimam.
438 1452 447 1469 ι
472 1442 699 1478 Pcriitsiquidem
720 1443 903 1471 lsraelitarum
926 1450 974 1469 an-

186 1488 258 1522 tiqua
270 1487 424 1522 multitudo,
438 1496 499 1523 quae
510 1489 536 1516 in
550 1489 690 1516 Christum
703 1489 814 1517 admisit
826 1488 972 1524 piaculum,

185 1537 211 1560 et
228 1533 436 1568 Redemptorem
457 1535 575 1569 negavit.
593 1534 773 1562 Exterminati
797 1534 896 1569 quippe
911 1538 974 1560 sunt

184 1586 278 1606 omnes
299 1579 425 1614 superbi,
441 1584 468 1608 et
487 1580 531 1614 qui
551 1579 641 1614 inique
668 1580 770 1613 vivunt,
785 1579 905 1608 Judaica:
922 1581 974 1607 sci-

186 1625 248 1651 licet
271 1624 419 1661 Synagogaz.
446 1625 574 1660 praefecti,
591 1630 618 1653 et
642 1625 781 1661 principes
804 1625 974 1653 saccrdotutn

186 1675 213 1697 et
223 1670 362 1697 Pharisaei.
375 1670 426 1703 Qui
441 1671 511 1697 enim
539 1671 632 1706 iujusti
654 1679 706 1698 non
728 1675 791 1698 sunt
808 1675 835 1698 et
847 1679 976 1706 arrogan-

188 1721 240 1749 tes,
257 1716 303 1751 qui
326 1716 393 1749 legis
410 1717 588 1744 reverentiam
603 1725 635 1744 ne
649 1717 790 1744 minimum
809 1717 917 1752 quidem
932 1725 976 1745 cu-

188 1766 258 1793 rant,
284 1769 369 1789 cornu
391 1766 480 1788 autem
512 1762 538 1789 in
571 1761 690 1790 sublime
715 1763 821 1796 tollunt,
837 1767 863 1790 et
881 1767 976 1790 contra

188 1807 270 1834 Deum
281 1807 438 1842 injustitiam
450 1808 613 1843 loquuntur?
623 1809 831 1836 Dixeruntcnim
845 1818 851 1836 :
867 1818 876 1834 ι
889 1809 974 1840 Tolle,

189 1853 260 1886 tulle,
290 1854 362 1881 cruci
381 1853 461 1889 affige
482 1854 557 1881 illum
570 1853 604 1881 ⁷⁸.
623 1863 631 1879 ι
661 1853 788 1881 Sublatus
819 1858 860 1881 est
886 1858 975 1881 autem

188 1899 227 1926 cis
251 1899 411 1934 populorum
448 1899 628 1935 principatus,
651 1900 802 1934 designatis
827 1900 852 1926 in
880 1907 976 1927 eorum

187 1945 274 1972 locum
291 1945 390 1973 sanctis
407 1946 547 1979 apostolis,
566 1946 599 1974 de
615 1946 712 1981 quibus
735 1946 800 1973 dicit
816 1955 822 1973 :
842 1955 850 1972 t
870 1946 978 1973 Consti«

188 1996 260 2018 tuam
274 1990 378 2025 judices
396 1995 455 2019 tuos
477 1996 506 2018 ut
523 1992 608 2026 prius,
629 1996 656 2020 et
676 1992 849 2019 consiliarios
874 1996 934 2019 tuos
950 1995 978 2018 ut

188 2038 223 2064 ab
247 2037 349 2064 initioa
366 2037 456 2065 Nihilo
475 2042 565 2065 autem
586 2037 728 2065 inferiores
757 2038 866 2065 fuerunt
882 2037 979 2073 priscis

189 2084 242 2111 illis
255 2084 358 2111 sanctis
386 2083 468 2111 divini
489 2083 624 2118 discipuli,
642 2091 709 2118 quos
725 2082 867 2117 etjudices
888 2084 979 2119 appel—

189 2129 237 2160 lat,
255 2133 282 2155 et
302 2129 471 2156 consiliarios
491 2129 623 2156 nominat.
645 2129 798 2163 Utrumque
824 2129 895 2156 enim
914 2137 979 2165 prae-

189 2175 328 2208 stiterunt,
346 2175 410 2202 dum
431 2179 558 2210 tanquam
578 2175 683 2209 judices
701 2176 896 2209 redarguerem
915 2183 978 2210 pec-

189 2223 312 2255 catores,
339 2220 460 2248 inﬁrmos
495 2227 585 2249 autem
623 2222 832 2249 cohortarentur
859 2230 918 2256 quae
945 2224 977 2250 ad

190 2267 430 2301 robur-spirituale
444 2267 498 2295 illis
524 2267 584 2294 usui
599 2267 697 2295 forent.
721 2267 854 2295 Nimirum
870 2269 979 2303 sapien-

190 2311 312 2339 tissimus
333 2311 432 2339 Paulus
444 2319 505 2339 eum
521 2312 567 2347 qui
585 2312 657 2340 inter
671 2311 832 2340 Corinthios
844 2318 980 2342 scortatus

189 2362 242 2389 est,
262 2357 372 2385 tradidit
388 2358 496 2392 quidem
512 2357 631 2390 Satanae,
654 2359 687 2386 ad
720 2359 858 2387 interitum
877 2360 979 2392 carnis,

190 2409 220 2430 ut
236 2404 348 2438 spiritus
373 2404 465 2431 salvus
491 2404 570 2432 ﬁeret
588 2413 594 2431 :
613 2405 756 2432 consilium
771 2413 837 2434 vero
863 2406 909 2433 dat
932 2407 980 2433 bo-

190 2457 266 2482 num,
278 2455 305 2477 et
316 2450 403 2484 inquit
417 2459 424 2477 :
439 2459 448 2476 ι
464 2451 492 2478 Si
507 2451 568 2486 quis
581 2450 665 2479 frater
677 2451 840 2484 nominatus,
855 2451 895 2479 vel
906 2459 980 2479 scor~

191 2499 272 2528 lator,
291 2495 332 2523 vel
348 2503 457 2530 avarus,
488 2497 529 2523 vel
553 2497 708 2531 idololatra,
722 2497 765 2525 vel
781 2497 975 2530 subsaunator,

191 2542 234 2570 vel
248 2541 385 2574 ebriosus,
398 2543 439 2570 vel
455 2550 549 2577 rapax,
575 2551 634 2571 cum
652 2543 806 2578 huiusmodi
822 2551 874 2571 non
889 2551 980 2571 come-

191 2588 309 2616 dendum
319 2588 369 2615 ⁷⁸.»
385 2588 566 2623 Dejudicibus
581 2595 608 2618 et
622 2592 654 2618 de
665 2591 864 2619 consultoribus
876 2591 921 2625 qui
936 2590 981 2618 hic

193 2633 329 2667 dicuntur,
347 2635 443 2663 beatus
457 2635 540 2662 David
556 2636 590 2664 ad
607 2636 692 2671 ipsam
710 2635 857 2664 Jerusalem
876 2638 902 2664 in
918 2637 980 2672 Spi-

194 2680 247 2706 ritu
261 2685 355 2707 sancto
373 2681 459 2709 dixit:
477 2691 486 2708 t
500 2681 552 2710 Pro
572 2683 693 2717 patribus
710 2684 762 2711 tuis
782 2683 838 2710 nati
858 2688 922 2711 sunt
936 2683 982 2711 lilii

195 2725 243 2752 tibi
256 2725 302 2759 π’,
318 2735 328 2752 ι
346 2728 395 2754 hoc
409 2732 459 2759 cst,
474 2727 532 2756 loco
547 2733 652 2763 patrum
665 2728 747 2763 geniti
758 2733 820 2756 sunt
831 2729 876 2756 tibi
886 2729 980 2756 liberi:

193 2772 292 2806 quippe
314 2773 359 2808 qui
379 2773 462 2802 Judaei
478 2778 566 2807 erant,
581 2778 608 2801 et
625 2782 657 2801 ex
672 2773 781 2806 ludatis,
797 2779 824 2802 ct
845 2774 892 2802 lilii
910 2777 978 2812 ejus,

227 2841 250 2856 "
269 2840 321 2869 lsa.
338 2850 374 2874 IV,
393 2842 420 2868 ιι.
472 2842 494 2858 ⁷⁸
510 2841 623 2869 Malacn.
640 2847 681 2875 ιιι,
700 2842 724 2875 l,
747 2842 774 2869 ἓ.

192 2876 226 2892 "'
242 2877 315 2905 Psal.
332 2886 403 2909 πων,
420 2877 461 2904 l7.

827 2842 849 2858 "
870 2841 960 2869 Matth.
981 2850 1021 2874 Ill,
1043 2843 1085 2875 ll,
1115 2842 1154 2870 12.

1023 941 1144 976 χρυσίον.
1168 950 1176 966 ι
1201 939 1402 975 Ἑτεροτρόπως
1415 938 1443 964 δὲ
1458 937 1537 964 τοῦτο
1558 936 1605 962 καὶ
1625 937 1639 962 ό
1654 935 1735 970 σοφὸς
1751 935 1819 969 ἡμῖν

1022 987 1162 1018 Mareotin:
1178 986 1307 1019 διασαφεῖ
1322 984 1408 1018 λέγων
1426 984 1490 1019 περὶ
1502 981 1631 1018 Χριστοῦ·
1650 991 1659 1007 t
1678 980 1751 1015 Ἐγὼ
1768 980 1819 1015 μὲν

1021 1033 1075 1068 γὰρ
1090 1033 1162 1067 ὑμᾶς
1177 1031 1301 1066 βαπτίζω
1320 1031 1349 1056 ὲν
1365 1030 1441 1056 ὕδατι
1457 1030 1497 1060 είς
1514 1028 1669 1063 μετάνοιανι
1688 1027 1703 1053 ὁ
1715 1026 1744 1052 δὲ
1757 1026 1819 1052 ὀπί-

1022 1088 1061 1106 σω
1088 1087 1138 1114 μου
1163 1077 1319 1113 ἐρχόμενος,
1343 1075 1516 1111 ἰσχυρότερός
1540 1083 1590 1110 μου
1610 1072 1695 1104 ἐστὶν,
1713 1069 1744 1099 οὗ
1767 1072 1818 1098 οὑκ

1022 1125 1079 1160 εἰμὶ
1093 1124 1184 1155 ἱκανὸς
1200 1124 1233 1150 τὰ
1249 1123 1411 1157 ὑποδήματα
1428 1121 1570 1156 βαστάσαι,
1584 1119 1665 1150 αὐτὸς
1676 1119 1751 1154 ὑμᾶς
1769 1118 1818 1152 βα-

1022 1171 1112 1198 πτίσει
1126 1171 1154 1196 ὲν
1167 1169 1307 1204 Πνεύματι
1321 1169 1391 1202 ἁγίῳ
1404 1168 1451 1194 καὶ
1466 1166 1541 1202 πυρί.
1555 1162 1592 1191 Οὗ
1603 1165 1633 1192 τὸ
1647 1164 1731 1191 πτύον
1742 1165 1770 1191 ὲν
1783 1165 1816 1199 τῆ

1022 1217 1093 1252 χειρὶ
1114 1215 1208 1249 αὐτοῦ,
1230 1215 1277 1242 καὶ
1293 1214 1465 1249 διακαθαριεῖ
1482 1213 1532 1248 τὴν
1553 1212 1644 1239 ἃλωνα
1656 1211 1750 1241 αὑτοῦ,
1770 1211 1818 1236 καὶ

1024 1261 1132 1294 συνάξει
1144 1261 1190 1288 τὸν
1207 1262 1278 1287 σῖτον
1292 1260 1374 1286 αὑτοῦ
1385 1260 1426 1291 εἰς
1437 1259 1486 1292 τὴν
1501 1258 1653 1293 ἀποθήκην,
1668 1257 1697 1283 τὸ
1712 1257 1740 1283 δὲ
1752 1256 1819 1291 ἀχυ-

1024 1316 1069 1343 ρον
1084 1306 1250 1334 κατακαύσει
1269 1306 1336 1341 πυρὶ
1350 1305 1484 1339 ἀσϐέστῳ.
1504 1314 1512 1329 ι
1529 1302 1634 1330 Οὐκοῦν
1658 1302 1817 1336 συλλέγεται

1022 1353 1037 1379 ό
1066 1353 1115 1388 μὲν
1145 1354 1218 1384 σῖτος
1242 1353 1282 1383 εἰς
1309 1351 1464 1386 ἀποθήκην,
1479 1349 1510 1376 τὸ
1532 1349 1560 1375 δὲ
1580 1349 1716 1385 ἄχρηστον
1733 1347 1816 1380 ἅπαν,

1022 1399 1095 1426 τοῦτ’
1112 1398 1179 1431 ἔστι,
1191 1399 1222 1425 τὺ
1236 1399 1337 1433 ἄχυρον
1357 1397 1442 1432 πυρὸς
1457 1396 1566 1431 εἴρηκεν
1581 1394 1690 1421 ἔσεσθαι
1702 1394 1816 1429 τροφήν.

1024 1446 1079 1473 Καὶ
1096 1445 1166 1477 πῶς,
1188 1445 1215 1471 εἴ
1234 1454 1275 1476 τις
1299 1444 1386 1470 ἕλοιτο
1405 1443 1540 1478 μαθεῖν,ἡ
1557 1442 1611 1468 τῶν
1631 1440 1818 1476 προκειμένων

1025 1492 1151 1526 σαφηνιεῖ
1164 1490 1287 1525 δύναμις.
1304 1490 1376 1524 Ἔφη
1397 1488 1451 1523 γὰρ
1466 1487 1546 1519 εὐθύς
1561 1495 1568 1502 ·
1583 1495 1593 1512 ι
1611 1487 1680 1517 Τοὺς
1696 1485 1724 1512 δὲ
1741 1485 1818 1512 ἀπει-

1027 1537 1140 1569 θοῦντας
1157 1536 1292 1568 ἀπολέσω,
1317 1536 1363 1562 καὶ
1387 1534 1479 1569 ἀφελῶ
1500 1534 1605 1564 πάντας
1627 1531 1744 1567 ἀνόμους
1766 1530 1819 1557 ἀπδ

1003 1581 1011 1591 ¹
1029 1583 1086 1614 σοῦ,
1103 1583 1148 1609 καὶ
1162 1582 1264 1612 πάντας
1278 1581 1469 1616 ὑπερηφάνους
1484 1578 1655 1606 ταπεινὼσω.
1678 1587 1687 1603 ο
1705 1576 1818 1603 Διάλωλε

1028 1630 1077 1664 μὲν
1103 1629 1157 1664 γὰρ
1181 1628 1235 1655 τῶν
1256 1627 1284 1660 ἐξ
1311 1627 1420 1662 Ἰσραὴλ
1444 1627 1460 1661 ή
1487 1625 1570 1652 πάλαι
1586 1624 1700 1659 πληθὺς,
1719 1622 1766 1649 καὶ
1779 1622 1819 1653 είς

1026 1674 1144 1709 Χριστὸν
1163 1673 1321 1708 ἀσεϐήσασα
1340 1674 1387 1699 καὶ
1404 1671 1580 1708 ἁρνησαμένη
1599 1670 1645 1696 τὸν
1666 1669 1817 1704 λυτρωτὴν·

1026 1721 1171 1756 ἐξῄρηνται
1188 1720 1216 1746 δὲ
1231 1720 1330 1750 πάντες
1342 1720 1367 1746 οἱ
1379 1719 1548 1754 ὑπερήφανοι
1573 1717 1618 1744 καὶ
1643 1716 1742 1748 ζῶντες
1758 1714 1820 1741 ἀνό-

1028 1776 1097 1803 μως,
1115 1766 1186 1793 τοῦτ’
1200 1766 1284 1798 ἔστιν,
1302 1767 1326 1792 οἱ
1351 1765 1401 1800 τῆς
1423 1764 1557 1791 Ἰουδαίων
1577 1761 1741 1796 Συναγωγῆς
1756 1761 1820 1795 ἡγε-

1029 1813 1151 1848 μονεύειν
1171 1812 1309 1846 λαχόντες,
1330 1812 1354 1838 οἱ
1371 1811 1507 1846 ἀρχιερεῖς
1521 1809 1567 1836 καὶ
1584 1809 1736 1843 Φαρισαῖοι.
1758 1805 1819 1836 Πῶς

1028 1859 1082 1893 γὰρ
1095 1859 1144 1884 οὑκ
1160 1857 1192 1884 ἂν
1207 1856 1301 1891 ἄνομοι
1316 1864 1344 1882 τε
1364 1856 1411 1882 καὶ
1430 1854 1570 1888 ἀλαζόνες,
1590 1854 1613 1880 οἱ
1632 1853 1701 1888 μήτε
1718 1852 1766 1886 τὴν
1781 1851 1819 1882 εἰς

1028 1903 1073 1930 τὸν
1090 1903 1171 1938 νόμον
1183 1902 1248 1929 αἰδῶ
1259 1902 1310 1929 κᾶν
1320 1901 1385 1935 γοῦν
1398 1900 1475 1935 ὀλίγα
1489 1909 1519 1926 τε
1535 1898 1755 1935 πεφροντικότες,
1773 1897 1819 1922 ἑπ-

1029 1950 1151 1985 αίροντες
1175 1948 1204 1975 δὲ
1233 1948 1280 1974 καὶ
1307 1948 1339 1974 τὸ
1362 1947 1446 1982 κέρας
1467 1946 1507 1978 είς
1524 1944 1602 1980 ὕψος,
1619 1945 1665 1971 καὶ
1681 1943 1819 1974 λαλοῦντες

1029 1996 1099 2023 κατὰ
1117 1994 1163 2022 τοῦ
1176 1994 1244 2021 Θεοῦ
1260 1994 1383 2026 ἁδικίαν;
1399 1993 1533 2028 Εἰρήκασι
1544 1991 1609 2027 γὰρ,
1628 1999 1639 2017 ι
1657 1988 1732 2025 Αἶρε,
1748 1986 1817 2024 αῖρε,

1030 2041 1186 2076 σταύρωσον
1205 2039 1296 2066 αὐτόν.
1314 2048 1322 2065 ι
1348 2039 1508 2074 Ἐξῄρηνται
1531 2038 1559 2064 δὲ
1576 2036 1623 2063 τοῦ
1643 2035 1818 2072 καθηγεῖσθαι

1029 2087 1110 2117 λαῶν,
1134 2085 1365 2120 ἁναόεδειγμένων
1385 2085 1440 2111 τῶν
1464 2083 1548 2118 ἁγίων
1572 2082 1740 2114 ἀποστόλων,
1758 2082 1818 2116 περὶ

1030 2130 1066 2160 ὧν
1082 2141 1175 2167 φησιν,
1192 2142 1200 2157 ‹
1213 2131 1368 2166 Ἐπιστήσω
1383 2131 1446 2162 τοὺς
1462 2129 1557 2165 κριτάς
1571 2138 1616 2155 σου
1632 2129 1669 2160 ὡς
1682 2127 1711 2155 τδ
1724 2127 1818 2163 πρότε-

1032 2186 1087 2214 ρον,
1101 2178 1148 2204 καὶ
1157 2177 1221 2208 τοὺς
1234 2176 1402 2211 συμϐούλους
1417 2184 1463 2201 σου
1475 2175 1513 2206 ὼς
1526 2174 1556 2201 τὸ
1570 2174 1725 2209 ἀπαρχῆς.»
1740 2173 1819 2207 Γεγό-

1029 2232 1090 2250 νασι
1106 2223 1135 2249 δὲ
1157 2223 1217 2249 κατ’
1231 2222 1307 2248 οὐδὲν
1321 2221 1450 2252 ἐλάττους
1464 2220 1518 2247 τῶν
1535 2219 1719 2256 ἀρχαιοτέρων
1738 2218 1817 2252 ἀγῐων

1029 2271 1054 2296 οἱ
1071 2270 1208 2296 θεσπέσιοι
1224 2268 1356 2304 μαθηταὶ,
1377 2267 1423 2299 οὒς
1443 2267 1489 2294 καὶ
1507 2269 1604 2303 κριτὰς
1622 2265 1758 2301 ὀνομάζει,
1775 2266 1818 2292 καὶ

1031 2314 1197 2350 συμϐούλους
1214 2314 1355 2341 ἀποκαλεῖ.
1367 2313 1517 2349 Δεδράκασι
1532 2313 1587 2348 γὰρ
1601 2312 1753 2347 ἀμφότερα,
1766 2312 1818 2343 τοῖς

1030 2361 1234 2397 ἁμαρτάνουσιν
1257 2354 1474 2395 ’ἐπιπλήττοντες
1501 2359 1540 2391 ὡς
1567 2359 1670 2394 κριταὶ,
1708 2358 1818 2393 συμδου-

1029 2407 1153 2439 λεύοντες
1164 2407 1193 2433 δὲ
1206 2407 1262 2438 τοῖς
1271 2406 1435 2442 ἡσθενηκόσι
1449 2406 1483 2432 τὰ
1495 2405 1563 2441 πρὸς
1573 2404 1724 2440 εὐρωστίαν
1733 2405 1817 2435 αὐτοῖς

1032 2453 1156 2488 χρήσιμα
1182 2453 1232 2488 τὴν
1255 2451 1454 2486 πνευματικήν.
1474 2451 1530 2478 Καὶ
1553 2450 1618 2484 γοῦν
1636 2451 1651 2476 ὁ
1671 2449 1818 2484 σοφώτατος

1033 2498 1138 2530 Παῦλος
1151 2499 1196 2525 τὸν
1211 2499 1239 2524 ὲν
1255 2497 1380 2533 Κορίνθῳ
1395 2497 1600 2533 πεπορνευκότα
1616 2496 1757 2532 παρεδίδου
1774 2496 1818 2530 μὲν

1033 2545 1071 2580 τῷ
1093 2545 1199 2579 Σατανᾷ
1221 2545 1261 2575 είς
1277 2544 1387 2579 ὄλεθρον
1406 2544 1456 2578 τῆς
1471 2543 1583 2579 σαρκὸς,
1605 2543 1649 2570 ἵνα
1665 2542 1695 2569 τὺ
1714 2536 1833 2576 Πνεῦμα

1034 2590 1118 2626 σωθῇ·
1133 2590 1228 2625 βουλὰς
1239 2590 1267 2616 δὲ
1282 2590 1388 2616 δίδωσιν
1401 2590 1517 2624 ἀγαθὰς,
1531 2590 1577 2616 καί
1593 2598 1674 2625 φησιν
1684 2597 1691 2604 '
1704 2599 1713 2615 ι
1725 2587 1784 2615 Ἐὰν
1794 2587 1818 2614 δέ

1034 2645 1075 2668 τις
1087 2635 1200 2670 ἀδελφὸς
1212 2635 1421 2670 ὀνομαζόμενος,
1436 2635 1452 2671 ἣ
1465 2635 1571 2670 πόρνος,
1585 2635 1602 2671 ἢ
1618 2635 1787 2668 πλεονέκτης,
1801 2633 1816 2667 ἢ

1037 2682 1243 2717 εἰδωλολάτρης,
1263 2681 1422 2718 ἢλοίδορος,
1445 2682 1461 2717 ἢ
1485 2681 1609 2717 μέθυσος,
1633 2682 1649 2717 ἢ
1669 2683 1767 2717 ἅρπαξ,
1783 2682 1817 2718 τῷ

1033 2727 1145 2763 τοιούτῳ
1156 2728 1223 2764 μηδὲ
1233 2737 1293 2754 συνε
1299 2728 1391 2755 σθίειν.
1399 2738 1408 2754 ι
1423 2729 1491 2764 Περὶ
1504 2729 1557 2755 τῶν
1570 2728 1662 2756 ἐνθάδε
1673 2729 1816 2764 λεγομένων

1032 2773 1133 2810 κριτῶν
1159 2775 1217 2809 ἦτοι
1238 2774 1398 2810 συμϐούλων
1422 2774 1469 2801 καὶ
1494 2775 1508 2801 ό
1532 2774 1665 2809 μακάριος
1690 2774 1768 2805 dum
1791 2775 1815 2800 ὲν

1210 2843 1232 2858 ⁷⁸
1248 2841 1325 2871 Joan.
1341 2849 1409 2876 xm,
1440 2840 1482 2868 l5.
1535 2840 1556 2856 7’
1573 2841 1582 2868 l
1602 2841 1664 2869 Cor.
1684 2849 1709 2875 v,
1736 2841 1760 2873 5,
1775 2841 1813 2867 ll.
