1890 3053
48 189 70 216 ίΙ
638 189 671 217 IN
692 189 810 217 iSAlAM
829 188 892 217 LIB.
914 188 934 217 1.
956 189 1058 218 ORAT.
1076 189 1096 217 I.

1641 182 1676 210 6!

48 248 168 283 Πνεύματι
191 249 272 284 ἁγίῳ
299 249 373 284 πρὸς
398 250 484 286 αὐτὴν
508 249 559 285 ἔφη
587 249 636 285 τὴν
657 248 844 285 Ἰερουσαλὴμ,

904 256 957 284 tua:
984 253 1041 276 tum
1072 248 1134 281 fuit,
1160 247 1319 283 Synagogae,
1341 244 1425 273 divini
1442 241 1576 278 discipuli.
1599 241 1676 274 Quod

52 296 129 322 I‘Avtl.
141 295 196 322 τῶν
219 296 363 331 πατέρων
378 305 428 322 σου
453 295 622 331 ἐγενήθησαν
638 296 662 321 οἱ
684 295 736 322 υἱοί
758 303 814 327 σου,
831 304 840 321 ι

49 342 108 368 τοῦτ’
116 341 198 372 ἐστιν,
207 341 257 367 Ἑν
271 341 356 374 τάξει
368 342 496 378 πατέρων
508 341 634 376 γεγόνασί
648 349 690 368 σοι
702 341 737 368 τὰ
745 341 843 368 τέκνα·

50 388 89 415 ιιι).
98 387 148 423 γὰρ
159 385 237 422 ἦσαν
253 388 397 420 Ἰουδαῖοι,
412 389 460 415 καὶ
470 388 523 415 υἱοὶ
536 388 585 423 τῆς
596 387 627 414 τὸ
639 387 767 423 τηνικάδε
778 388 845 414 Συν-

52 435 146 470 αγωγῆς
157 435 183 461 οἱ
200 434 355 462 Θεσπέσιοι
369 435 499 471 μαθηταί.
519 435 578 461 Ὅτι
592 434 620 461 δὲ
632 434 749 470 πατέρες
765 435 846 469 γεγό-

53 490 103 508 νασι
122 481 176 508 τῶν
200 482 449 513 πεπιστευκότων,
473 481 554 508 ἄκουε
581 479 689 507 Παύλου
708 480 844 514 λέγοντος,

57 529 110 556 ιἘν
117 527 169 564 γὰρ
178 527 302 564 Χριστῷ
317 527 407 563 Ἰησοῦ
420 527 464 555 διὰ
475 527 521 554 τοῦ
530 527 696 562 Εὑαγγελίου
707 526 762 560 ἐγὼ
773 527 846 562 ὑμᾶς

55 575 204 608 ἐγέννησα.»
219 574 282 600 Καὶ
300 574 395 601 πάλινο
414 583 424 599 ι
439 573 538 600 Τεκνία
553 581 614 608 μου,
630 572 677 604 οὒς
691 572 772 600 πάλιν
785 572 847 599 ὠδί-

57 630 97 652 νω,
110 621 190 656 ἄχρις
202 617 235 647 οὗ
254 620 391 656 μορφωθῇ
406 619 524 655 Χριστος
532 620 561 646 ὲν
572 619 646 654 ὑμῖν.
662 628 672 644 ›
689 618 846 654 Διαμὲμνη-

58 676 95 693 τιιι
111 666 138 693 δὲ
156 666 205 692 καὶ
218 666 318 701 ἔτερος
333 667 401 701 ἡμῖν
413 665 468 692 τῶν
484 665 570 699 ἁγίων
586 664 734 700 προφητῶν
751 664 845 696 αὐτοῦ,

59 713 116 747 περὶ
133 712 180 738 τοῦ
203 712 320 739 πάντων
343 711 425 747 ἡμῶν
443 711 568 746 Σωτῆρος
587 708 716 745 Χριστοῦ,
732 709 779 736 καὶ
797 708 847 744 τῆς

59 757 210 790 ἀναδείξεως
227 757 285 784 τῶν
301 757 388 792 ἁγίων
411 755 491 783 αὐτοῦ
522 755 660 791 μαθητῶν,
687 755 734 782 καί
754 763 845 790 φησιν·

60 814 68 830 ι
85 804 146 830 Ἰδοὺ
159 803 193 838 δὴ
208 802 339 838 βασιλεὺς
355 802 458 832 δίκαιος
475 800 637 836 βασιλεύσει,
657 800 704 827 καὶ
718 800 847 835 ἄρχοντες

59 850 122 884 μετὰ
142 849 263 884 κρίσεως
279 847 435 883 ἄρξουσιν.»
452 845 483 873 Οἱ
503 845 553 880 μὲν
571 845 627 879 γὰρ
644 844 694 880 τῆς
714 844 847 871 Ἰουδαίων

57 895 219 930 Συναγωγῆς
233 893 391 929 ἡγούμενοι,
406 892 452 918 καὶ
464 891 536 926 ζωῆς
549 891 653 926 εἴχοντο
665 890 714 927 τῆς
726 890 848 925 ἐκνομω-

55 941 145 976 τὰτης,
163 941 213 968 καὶ
227 940 259 966 τὺ
275 939 345 974 μετὰ
363 939 492 974 κρίσεως,
505 937 576 964 τοῦτ’
591 937 659 969 ἐστι,
673 937 847 971 δικαιοσύνης

55 989 146 1024 ἄρχειν
172 988 225 1014 οὐκ
245 987 356 1022 ⁴ᾔδεσαν.
380 985 593 1016 Βασιλεύσαντος
616 984 644 1011 δὲ
659 984 778 1020 Χριστοῦ
797 985 847 1020 τῆς

55 1035 98 1061 ὑπ’
109 1033 238 1069 οὐρανὸν,
250 1032 351 1060 δίκαιοί
362 1041 393 1059 τε
408 1031 455 1058 καὶ⁹
469 1031 575 1066 ἀγαθοὶ,
591 1031 638 1058 καὶ
650 1032 720 1066 μετὰ
731 1031 848 1067 κρίσεως

58 1081 196 1116 ᾰρχοντες,
214 1079 239 1105 οἱ
256 1078 395 1105 θεσπέσιοι
409 1076 536 1111 γεγόνασι
552 1075 681 1111 μαθηταί⁴
700 1072 738 1102 ὧν
752 1075 847 1102 ἀναδε-

60 1123 216 1159 δειγμένων,
239 1122 370 1157 κέκληται
399 1120 479 1148 πάλιν
497 1119 575 1152 πόλις
592 1119 775 1155 δικαιοσύνης,
801 1120 848 1147 καὶ

62 1168 224 1205 μητρόπολις
245 1166 329 1203 πιστὴ
354 1165 435 1199 Σιὼν,
457 1165 530 1192 τοῦτ’
550 1165 634 1198 ἔστιν,
656 1166 673 1200 ἠ
690 1166 847 1202 Ἐκκλησία.

60 1216 116 1242 Ὀτι
133 1215 164 1241 δὲ
181 1215 233 1242 οὐκ
249 1213 426 1248 ἀδιακρίτως,
442 1212 479 1244 ὼς
495 1212 573 1247 ἔφην,
595 1211 652 1239 ἀλλ’
676 1213 706 1239 ὲν
729 1212 849 1248 φροντίδι

60 1262 102 1288 καὶ
114 1260 188 1295 λόγῳ
203 1260 242 1296 τῷ
259 1260 329 1295 μετὰ
342 1257 515 1292 δικαιοσύνης
539 1258 555 1292 ἡ
574 1257 650 1292 παρὰ
668 1257 736 1284 Θεοῦ
753 1257 849 1292 γέγονε

59 1306 189 1342 πύρωσις,
205 1305 264 1341 ἤτοι
279 1303 436 1339 δοκιμασία,
452 1302 567 1338 φανερὸν
588 1302 732 1338 καθίστησι
750 1302 781 1329 τὺ
802 1303 849 1329 εὐ-

58 1351 207 1386 δοκιμῆσαν
221 1349 299 1384 γένος
310 1348 354 1375 διὰ
368 1348 417 1383 τῆς
431 1347 558 1378 πίστεως·
573 1347 741 1382 προσεπάγει
752 1347 848 1381 λέγων,

62 1397 136 1424 ιὈτι
152 1395 221 1431 μετὰ
235 1395 369 1430 κρίματος
386 1393 536 1428 σωθήσεται
549 1395 566 1429 ἡ
581 1393 752 1429 αἰχμαλωσία
764 1394 849 1429 αὐτῆς

60 1443 105 1469 καὶ
124 1442 194 1478 μετᾶ
203 1440 399 1476 ἐλεημοσύνης,
415 1439 461 1466 καὶ
478 1439 700 1475 συντριϐήσονται
713 1440 738 1466 oi.
754 1439 849 1475 ἄνομοι

59 1490 106 1516 καὶ
130 1490 156 1516 οἱ
171 1487 329 1524 ἁμαρτωλοὶ
353 1486 493 1521 ἆμα,,κσ.ὶ
508 1486 533 1512 οἱ
552 1486 780 1520 ἐγκαταλιπόντες
804 1486 850 1513 τὸν

60 1535 161 1571 Κύριον
176 1533 460 1568 συπελεσῦἡσονται.»
477 1531 699 1566 Διακεκριμένων
726 1531 780 1566 γὰρ
799 1531 849 1567 ήδη

895 299 984 322 autem
1019 295 1118 322 fuerint
1144 299 1235 329 patres
1266 292 1395 324 ﬁdelium,
1420 289 1531 317 Paulum
1557 287 1619 314 audi
1641 286 1680 313 lo-

895 346 1020 376 quentem
1030 351 1037 368 :
1049 350 1058 367 ι
1071 341 1098 369 In
1112 341 1218 368 Christo
1231 339 1302 366 enim
1312 338 1375 365 Jesu
1386 344 1433 372 per
1445 334 1615 368 Evangelium
1628 338 1678 366 ego

894 396 942 416 vos
958 388 1036 423 genui
1045 386 1095 414 ⁸⁸.»
1108 386 1141 413 Et
1156 387 1270 413 iterum:
1285 393 1294 410 ι
1306 383 1404 415 Filioli,
1416 388 1483 415 quos
1504 380 1601 406 iterum
1619 383 1678 411 par-

896 422 967 461 turio
980 433 1064 459 donec
1074 430 1204 458 formetur
1215 429 1337 456 Christus
1353 428 1379 454 in
1398 425 1475 453 vobis
1482 424 1529 450 3‘".
1545 433 1554 449 ι
1573 422 1637 449 Dein
1651 425 1679 447 et

896 479 965 506 alius
981 485 996 505 e
1008 477 1109 505 sanctis
1121 474 1269 511 prophetis,
1285 474 1317 501 de
1327 473 1472 501 Servatore
1485 469 1605 498 omnium
1630 474 1678 494 nn-

896 529 981 552 strum
1005 522 1126 554 Christo,
1150 525 1177 548 et
1194 524 1350 547 sanctorum
1376 517 1459 552 ipsius
1484 513 1677 549 discipulorum

897 569 1124 599 manifestatione,
1140 566 1217 594 nobis
1243 565 1279 592 ita
1296 566 1500 593 commemorat,
1524 564 1551 587 et
1567 558 1655 593 inquit
1670 566 1676 584 :

900 625 909 642 ι
925 615 996 643 Ecce
1011 623 1058 642 rex
1068 614 1157 648 justus
1172 611 1304 646 regnabit,
1320 614 1347 636 et
1361 608 1496 643 principes
1505 613 1566 633 cum
1577 602 1679 639 judicio

896 665 1031 698 precer-unt
1050 660 1085 687 Μ.
1104 667 1115 685 ι
1142 658 1209 685 Nam
1252 656 1370 683 Judaicm
1407 654 1557 688 Synagogaa
1585 655 1679 684 proce-

897 716 951 740 res,
966 713 992 734 et
1005 707 1086 733 vitam
1099 705 1242 732 coluerunt
1257 710 1271 729 a
1288 702 1346 736 lege
1365 700 1416 735 31
1433 697 1636 727 alienissimam,
1653 699 1681 721 et

897 762 957 782 cutn
979 753 1090 788 judicio,
1114 751 1140 778 id
1155 754 1195 778 est
1215 748 1330 784 justitia,
1343 751 1435 781 regere
1452 743 1522 771 haud
1537 744 1679 769 noverunt.

897 800 1178 832 Caeterumregnante
1203 795 1231 822 in
1261 793 1341 821 terris
1362 791 1482 828 Christo,
1510 793 1539 815 et
1562 785 1629 821 justi
1654 789 1682 812 et

897 846 960 873 boni
975 845 1083 872 fuerunt
1098 842 1181 870 divini
1204 839 1337 875 discipuli,
1364 844 1480 871 eumque
1498 834 1601 871 judicio
1613 839 1682 867 prae-

898 893 1042 920 sederunt:
1059 889 1155 925 quibus
1184 885 1361 921 inauguratis,
1377 891 1470 911 rursus
1491 881 1586 908 civitas
1601 880 1682 916 justi-

898 938 951 971 tite,
964 940 991 964 et
1006 934 1162 969 metropolis
1179 933 1275 965 ﬁdelis,
1290 931 1367 962 Sion,
1382 930 1408 957 id
1437 933 1479 956 est
1495 926 1626 957 Ecclesia,
1640 928 1682 952 est

899 983 1042 1018 appellata.
1061 980 1194 1014 Quoniam
1222 983 1310 1005 autem
1329 983 1382 1003 non
1405 975 1471 1002 citra
1489 973 1633 1004 delectum,
1654 974 1683 997 ut

899 1029 966 1063 dixi,
985 1028 1031 1056 sed
1061 1034 1121 1054 cum
1139 1023 1332 1054 sollicitudine,
1351 1027 1378 1050 et
1396 1020 1510 1051 ratione,
1531 1016 1681 1053 etjuslitia,

899 1075 946 1103 Dei
969 1074 1092 1102 exeoetio
1116 1073 1173 1100 sive
1197 1069 1345 1105 exploratio
1373 1068 1499 1098 habetur,
1523 1072 1582 1100 quae
1599 1070 1684 1099 genus

898 1128 947 1156 per
963 1119 1042 1147 ﬁdem
1060 1117 1237 1153 approbatum
1263 1113 1393 1142 discernit
1417 1111 1548 1146 planeque
1568 1107 1681 1142 detegit,

899 1152 981 1202 porro
1002 1152 1086 1196 addit,
1103 1167 1131 1190 et
1150 1162 1216 1189 dicit
1232 1170 1239 1188 :
1263 1169 1272 1186 ι
1285 1159 1354 1192 Ouia
1371 1165 1432 1185 cum
1445 1155 1547 1191 judicio
1567 1152 1684 1182 servabi-

900 1216 944 1239 tur
957 1209 1098 1245 captivitas
1111 1207 1179 1242 ejus,
1196 1212 1223 1234 et
1238 1213 1299 1232 cum
1313 1202 1510 1233 misericordia,
1525 1205 1553 1227 et
1567 1203 1684 1226 atteren-

899 1262 943 1285 tur
957 1256 1040 1291 iniqui
1064 1259 1091 1282 et
1120 1257 1275 1288 peccatores
1300 1249 1390 1282 simul,
1415 1255 1446 1275 ac
1466 1246 1684 1279 derelinquentes

900 1303 1041 1330 Dominum
1055 1300 1238 1328 delebuntur.)
1259 1295 1386 1323 Discretis
1400 1294 1471 1322 enim
1486 1291 1641 1327 generibus,
1656 1293 1684 1316 ut

899 1349 1035 1379 dicebam,
1061 1350 1089 1373 et
1113 1352 1144 1372 eo
1161 1343 1206 1379 qui
1232 1341 1347 1370 credidit
1367 1339 1524 1374 approbato,
1538 1337 1623 1364 altero
1635 1343 1685 1361 au—

900 1399 953 1421 tem
966 1393 1085 1429 graviter
1095 1391 1261 1425 impingente
1275 1396 1282 1415 :
1294 1387 1408 1415 electum
1426 1384 1535 1419 quidem
1549 1385 1684 1410 servatum

899 1428 1033 1473 est;rsed
1057 1438 1136 1473 periit
1165 1434 1295 1472 quidquid
1324 1432 1469 1460 nefandum
1506 1437 1538 1457 ac
1562 1428 1684 1456 odiosum

901 1471 963 1518 fuit,
990 1489 1017 1512 et
1045 1471 1107 1511 vitae
1140 1479 1306 1509 dissolutiori
1349 1477 1527 1508 innutritum,
1555 1471 1685 1509 quidquid

901 1532 982 1567 impie
998 1530 1077 1562 vixit,
1095 1533 1122 1556 et
1137 1527 1273 1555 Christum
1298 1524 1374 1552 nihili
1403 1523 1476 1555 fecit,
1506 1520 1553 1555 qui
1582 1519 1686 1547 salvum

58 1583 110 1609 τῶν
130 1582 232 1616 γενῶν,
254 1580 362 1607 καὶτοῦ
379 1580 429 1615 μὲν
451 1578 664 1610 πεπιστευκότος
680 1578 853 1614 εὐδοκιμοῦν-

905 1578 994 1604 facere
1013 1575 1104 1607 novit,
1128 1577 1155 1601 et
1174 1575 1284 1608 peccata
1300 1569 1423 1600 remittit,
1439 1575 1470 1594 ac
1481 1565 1568 1601 gratia
1585 1563 1687 1597 justum

56 1637 112 1661 τος,
131 1628 170 1660 ὼς
189 1628 267 1663 ἔφην,
297 1627 413 1661 θατέρου
430 1634 462 1660 γε
487 1625 540 1660 μὴν
565 1625 595 1651 οὺ
620 1625 739 1660 μετρίως
768 1634 853 1660 προσ-

905 1623 996 1651 eﬁicit.

58 1674 250 1709 mxpouxdcog,
268 1653 402 1699 σέσωσται
427 1653 525 1706 μὲν-τέ
542 1653 702 1702 ἀπόλεκτον,
719 1653 870 1706 ώλόθρευτο
896 1670 924 1697 δὲ
955 1669 1009 1695 πᾶν
1035 1667 1096 1693 ὅσον
1125 1661 1159 1700 ἦν
1186 1665 1214 1690 ὲν
1236 1663 1327 1693 αὐτοῖς
1350 1659 1475 1696 βδελυρὸν
1499 1658 1546 1683 καὶ
1566 1653 1689 1688 ἀπηχθη-

59 1719 151 1755 μένον,
175 1720 223 1746 καὶ
243 1718 373 1749 ἀπονοίας
399 1715 558 1752 σύντροφον,
580 1716 628 1742 καὶ
666 1698 797 1751 βεϐιωκδς
818 1716 944 1748 ἀνοσίως,
977 1713 1023 1740 καὶ
1038 1698 1156 1748 Χριστοῦ
1177 1709 1214 1745 μὴ
1243 1705 1422 1743 πεφροντικὸς
1446 1703 1494 1730 τοῦ
1510 1701 1606 1732 σώζειν
1620 1698 1689 1725 ειδό-

57 1775 112 1798 τος,
140 1766 186 1792 καὶ
216 1764 338 1794 ἀνιέντος
364 1763 526 1798 ἐγκλήματα
548 1763 596 1789 καὶ
619 1761 786 1793 δικαιοῦντος
817 1763 850 1798 τῇ
867 1763 970 1798 χάριτι.

90 1813 172 1838 Διότι
207 1809 527 1845 καταισχυνθήσοιται
553 1808 603 1836 ἐπὶ
631 1809 695 1842 τοῖς
717 1808 850 1840 είδώλοις

57 1858 170 1890 αὐτῶν,
185 1857 206 1885 ἃ
220 1857 307 1884 αὐτοὶ
333 1856 511 1890 ἠϐούλοντο,
534 1855 584 1882 καί
609 1855 852 1889 ἐπῃσχύνθησαν

56 1906 105 1931 ἐπὶ
121 1904 184 1937 τοῖς
199 1904 310 1938 κήποις
321 1902 430 1935 αὐτῶν,
443 1902 462 1929 ἃ
484 1902 688 1936 ἐπεθύμησαν.
709 1902 852 1928 Ἔσονται

57 1952 112 1986 γὰρ
128 1952 169 1985 ὡς
180 1950 359 1984 τερέϐινθος,
374 1947 596 1981 ἀποϐεϐληκυῖα
614 1947 651 1974 τὰ
674 1947 787 1981 φύλλα,
803 1947 853 1974 καὶ

56 1999 96 2030 ὡς
106 1997 292 2031 παράδεισος
306 1995 384 2029 ὕδωρ
397 1994 439 2029 μὴ
453 1994 540 2028 ἔχων.

91 2044 186 2078 Ἐφην
202 2043 244 2069 ὅτι
258 2041 351 2076 διττὴν
364 2042 394 2068 ὲν
402 2041 507 2071 τούτοις
520 2041 534 2066 ὁ
548 2038 595 2066 τοῦ
617 2039 756 2075 προφήτου
775 2038 854 2073 λόγος

55 2090 179 2116 ποιεῖται
210 2088 261 2123 τὴν
283 2087 421 2123 πρόφασιν
450 2086 500 2121 τῆς
536 2085 670 2112 Ἰουδαίων
704 2084 851 2120 ἀποϐολῆς.

54 2135 141 2161 Διττὰ
150 2134 207 2169 γὰρ
221 2133 312 2161 αὐτῶν
324 2133 359 2159 τὰ
370 2132 453 2168 ὲγκλή
459 2140 541 2167 ματα.
550 2131 637 2158 Πάλαι
655 2131 703 2166 μὲν
718 2131 771 2167 γὰρ
784 2130 852 2157 Θεὸν

55 2181 187 2214 ἀφέντες,
203 2179 250 2206 τὸν
277 2180 325 2206 ἕνα
352 2178 400 2205 καὶ
422 2177 511 2212 φύσει,
539 2177 585 2204 καὶ
598 2176 747 2212 λυτρωτὴν,
774 2176 853 2203 λελα-

942 1809 1022 1835 \‘nns.
1037 1806 1083 1837 29,
1100 1805 1144 1832 50.
1162 1803 1329 1837 Quapropter
1343 1796 1537 1831 confundantur
1559 1793 1585 1819 in
1611 1789 1690 1817 idolis

904 1855 970 1886 suis,
985 1861 1043 1888 qua:
1059 1851 1109 1886 ipsi
1129 1835 1267 1876 nolebant:
1284 1835 1309 1872 ξι
1327 1842 1431 1877 confusi
1441 1844 1499 1867 sunt
1511 1846 1588 1872 super
1605 1836 1690 1862 hortis

904 1903 970 1933 suis,
989 1907 1052 1936 quos
1072 1897 1282 1931 concupiverunt.
1307 1891 1390 1918 Erunt
1411 1888 1505 1915 etenim
1521 1883 1598 1912 veluti
1624 1887 1691 1909 tere-

907 1934 1010 1975 binthus
1031 1953 1089 1980 qua?
1119 1942 1212 1977 abjecit
1226 1939 1300 1975 folia,
1320 1941 1344 1965 et
1365 1940 1391 1963 ut
1413 1934 1503 1961 hortus
1521 1937 1617 1966 aquam
1639 1935 1691 1955 non

908 1993 1016 2020 habens.

945 2037 1004 2065 Dixi
1031 2033 1219 2071 propheticum
1244 2035 1396 2058 sermonem
1427 2024 1570 2061 genuinam
1594 2021 1621 2048 in
1649 2018 1691 2046 his

906 2084 998 2112 verbis
1011 2089 1121 2110 causam
1150 2077 1247 2106 aﬁ‘erre
1264 2075 1416 2103 Judzeorum
1437 2068 1622 2098 incusationis.
1642 2065 1693 2093 Ge—

909 2131 1021 2158 nuinum
1057 2127 1128 2156 enim
1162 2125 1214 2152 fuit
1243 2129 1336 2150 eorum
1373 2119 1487 2147 crimen.
1524 2115 1590 2142 Nam
1629 2113 1693 2140 olim

906 2177 1003 2205 relicto
1029 2182 1083 2202 uno
1110 2177 1136 2200 et
1155 2169 1271 2198 naturali
1292 2168 1346 2194 Deo
1371 2174 1402 2193 ac
1420 2163 1612 2197 Redemptorc,
1623 2158 1693 2186 idola

57 2226 209 2260 τρεῦκασιν
225 2224 354 2257 εἰδώλοις,
371 2224 419 2251 καὶ
431 2222 562 2250 τεθύκασι
576 2222 669 2254 θυσίας
683 2224 717 2258 τῇ
739 2223 854 2258 στρατιᾷ

906 2224 1057 2253 coluerunt,
1086 2217 1220 2247 sacriﬁcia
1247 2215 1350 2242 militiae
1379 2211 1439 2239 cmli
1458 2208 1692 2238 sacriﬁcaverunt,

57 2272 104 2298 τοῦ
119 2271 252 2308 οὐρανοῦ,
267 2271 315 2298 καὶ
336 2272 395 2302 τοῖς
415 2269 506 2304 ἔργοις
531 2269 586 2296 τῶν
607 2269 680 2295 ίδίων
708 2268 806 2304 χειρῶν
826 2268 856 2295 τὸ

60 2318 144 2350 σέὁας
178 2318 365 2349 ἀνάπτοντες,
402 2315 630 2350 δεδυσσεὸήκασιν
667 2314 696 2340 οὐ
727 2314 854 2350 μετρίως.

66 2363 179 2399 Ἐπειδὴ
196 2363 226 2389 δὲ
240 2362 306 2393 Θεὸς
329 2361 432 2396 Κύριος
453 2360 588 2395 ὲπέφανεν
618 2360 694 2394 ἡμῖν,
722 2358 793 2386 κατὰ
806 2358 856 2390 τὰς

61 2410 185 2445 Γραφὰς,
200 2409 356 2445 ἠρνήσαντο
375 2407 423 2434 καὶ
449 2407 540 2439 αὐτὸν,
555 2406 602 2432 καὶ
622 2405 856 2440 πεπαρῳνήκασιν

61 2455 92 2481 οὐ
103 2454 223 2490 μετρίως
236 2455 276 2485 είς
286 2454 331 2480 τὸν
344 2453 395 2488 τῆς
406 2453 479 2488 ζωῆς
491 2451 623 2487 ἀρχηγόν.
636 2451 740 2478 Οὐκοῦν
752 2451 854 2485 ἀδελφὰ

62 2502 96 2528 τὰ
124 2501 302 2536 ἐγκλήματα,
327 2500 376 2526 καὶ
405 2499 453 2533 τῆς
480 2498 609 2529 ἀπονοίας
641 2498 655 2523 ὁ
679 2496 781 2532 τρόπος
805 2497 855 2523 οὐκ

65 2546 198 2578 meum;
211 2547 249 2581 τῷ
262 2545 373 2581 πρώτῳ,
385 2545 484 2580 μᾶλλον
493 2544 522 2571 δὲ
532 2544 580 2570 καὶ
591 2545 620 2570 ὲν
636 2543 712 2578 αἰτίᾳ.
727 2542 855 2574 ἀπονοίας

68 2593 179 2628 μείζονι.
196 2592 251 2619 Καὶ
275 2590 437 2622 ἐκολάζοντο
454 2589 504 2625 μὲν
519 2589 590 2616 κατά
608 2597 640 2623 γε
664 2589 727 2620 τοὺς
741 2587 855 2623 πρὸτῆς

67 2639 209 2674 ἐπιδημίας
221 2639 334 2674 καιροὺς
344 2638 405 2669 ταῖς
417 2636 471 2664 τῶν
481 2636 617 2671 πολεμίων
626 2635 742 2670 ἐφόδοις,
751 2634 855 2661 πόλεων

69 2686 248 2720 ἐίπρησμοίς,
264 2685 348 2711 οἴκων
360 2683 528 2718 ἀνατροπαῖς
564 2700 570 2704 ι
613 2703 620 2710 .
661 2702 667 2708 .
707 2701 714 2708 .
754 2700 760 2707 .
799 2699 806 2707 .
846 2699 853 2706 .

69 2731 156 2758 Ταῦτα
173 2731 227 2766 γὰρ
255 2731 343 2766 ἔδρων
371 2729 493 2763 ἐφιέντος
515 2727 598 2760 Θεοῦ,
625 2729 728 2765 Πέρσαι
756 2735 786 2753 τε
809 2726 856 2753 καὶ

72 2777 158 2812 Μῆδοι,
171 2777 328 2808 Μωαϐῖται,
341 2776 390 2802 καὶ
399 2775 551 2809 Ἰδουμαῖοι,
563 2773 609 2800 καὶ
620 2773 655 2800 τὰ
665 2772 791 2808 περίοικα
801 2770 855 2798 τῶν

74 2822 157 2850 ἐθνῶν.
176 2823 286 2859 Ἐπειδὴ
295 2823 335 2854 δὲ,
346 2822 385 2854 ὡς
401 2821 484 2855 ἔφην,
501 2821 548 2846 καὶ
562 2821 602 2851 εἰς
620 2818 700 2846 αὐτὸν
718 2818 856 2853 ἠσέϐησαν

75 2872 114 2898 τὸν
123 2871 237 2906 Χριστὸν
251 2891 258 2903 ,
268 2869 321 2896 οὑκ
339 2869 370 2895 ἐν
394 2867 484 2902 μείοσι
496 2865 550 2893 τῶν
570 2865 755 2901 ἀρχαιοτέρων
769 2864 850 2898 γεγό-

105 2928 124 2944 "
139 2927 148 2955 Ι
162 2928 224 2956 Cor.
243 2935 279 2959 tv,
299 2925 343 2953 15.
384 2923 419 2940 ⁸⁰”
435 2922 522 2951 Galat.
541 2931 579 2956 tv,
601 2921 642 2949 l9.
680 2922 700 2938 ⁸¹
719 2920 770 2948 lsa.
787 2919 832 2953 5'2,
855 2920 876 2947 ί.

904 2276 931 2298 et
943 2269 1071 2304 operibus
1084 2272 1211 2294 manuum
1226 2267 1336 2290 suarum
1347 2258 1448 2286 cultum
1465 2255 1628 2284 deferentes,
1641 2258 1692 2277 non

905 2314 1035 2345 mediocri
1058 2312 1197 2347 impietate
1219 2315 1249 2336 se
1259 2306 1475 2334 obstrinxerunt.
1499 2301 1584 2328 Porro
1599 2299 1692 2329 etiam,

905 2369 965 2389 cum
1005 2359 1076 2386 Deus
1098 2345 1245 2383 'Domiuus
1279 2350 1449 2386 apparuisset
1481 2345 1569 2375 nobis.
1600 2347 1629 2370 ut
1653 2345 1696 2369 est

907 2406 934 2432 in
973 2402 1134 2438 Scripturis,
1166 2401 1298 2434 negarunt
1324 2394 1505 2428 etipsum,ac
1528 2388 1630 2417 nefarie
1667 2387 1693 2413 in

908 2436 1057 2485 principem
1085 2447 1147 2473 vitae
1174 2441 1334 2472 debacchati
1358 2442 1430 2467 sunt.
1460 2436 1554 2470 itaque
1581 2436 1697 2467 cognata

908 2501 935 2524 et
949 2495 1024 2530 quasi
1045 2498 1172 2528 germana
1197 2489 1307 2516 fuerunt
1319 2484 1430 2513 crimina
1442 2491 1450 2516 ;
1462 2487 1488 2510 et
1504 2481 1585 2516 hujus
1602 2485 1696 2506 amen-

909 2525 1071 2570 lim-modus
1099 2537 1182 2573 priori
1206 2535 1256 2563 fuit
1276 2542 1329 2562 non
1349 2530 1480 2560 absimilis
1498 2539 1506 2558 :
1526 2529 1580 2555 imo
1607 2525 1697 2560 potius

909 2588 994 2623 major
1007 2593 1039 2613 ac
1056 2570 1165 2621 gravior
1178 2586 1220 2610 est
1238 2579 1383 2608 dementia.
1405 2577 1437 2605 Et
1450 2576 1555 2611 quidem
1569 2570 1697 2607 tempori-

909 2636 958 2662 bus
980 2640 1040 2668 [μιίῆ
1072 2632 1217 2659 adventum
1252 2627 1465 2662 praecesserunt,
1489 2620 1607 2648 hostium
1626 2618 1698 2644 irru-

909 2679 1057 2714 ptioaibus,
1089 2675 1229 2703 civitatum
1257 2667 1526 2704 conﬁagrationibus,
1555 2665 1696 2690 domorum

908 2722 1105 2754 eversionibus,
1119 2718 1278 2747 crudelitate
1291 2715 1383 2752 gladii,
1398 2718 1542 2748 puerorum
1553 2705 1697 2737 occisioni-

909 2771 970 2802 bus,
993 2773 1020 2796 et
1046 2768 1207 2795 feminarum
1227 2761 1430 2798 captivitatihus
1451 2755 1556 2785 multati
1580 2756 1642 2781 sunt
1669 2755 1697 2777 et

909 2815 1006 2851 puniti.
1036 2815 1090 2842 Deo
1121 2818 1238 2846 namque
1261 2797 1442 2837 rimmitteute,
1474 2803 1574 2832 Persae,
1615 2797 1695 2828 Medi,

908 2862 1039 2894 Moabitae,
1053 2858 1160 2888 ldumuei
1176 2845 1204 2885 et
1217 2855 1317 2884 accola:
1341 2857 1434 2887 gentes
1453 2850 1502 2877 ista
1526 2845 1694 2875 factitarunt.
