1890 3053
200 146 236 177 ὃὸ
715 151 743 177 S.
764 150 901 178 CYRILLl
923 149 1156 178 ALEXANDRINI
1176 150 1337 178 ARCHIEP.
1795 150 1830 177 GL

204 209 337 237 Caeterum
362 210 417 243 ubi,
447 209 670 244 quemadmodum
692 209 757 242 dixi,
782 210 864 238 etiam
877 210 931 245 32

1083 218 1102 236 ιι
1132 209 1235 236 κακῶν.
1264 208 1496 246 Περιπεπτὼκασι
1518 208 1573 244 γὰρ
1597 209 1656 240 ταῖς
1687 208 1829 243 Ῥωμαίων

206 257 293 290 ipsum
306 255 442 283 Christum
455 255 527 290 impii
540 254 662 287 fuerunt,
689 255 716 282 in
744 255 822 283 malis
841 255 988 283 versaban-

207 307 259 333 tur,
286 309 338 328 non
359 301 507 328 minoribus
520 305 566 328 aut
592 300 737 329 levioribus
758 301 820 332 illis.
840 309 900 336 quae
922 309 990 336 pra:-

206 351 359 374 cesserunt.
384 345 538 373 lnciderunt
556 346 628 373 enim
644 347 671 373 in
692 346 827 375 Romanos
843 347 988 379 exercitus,

205 393 251 426 qui
277 393 429 419 universam
451 390 570 418 Iudaeam
598 391 719 420 funditus
734 392 902 425 deleverunt,
927 401 988 419 cum

206 446 296 470 nemo,
315 437 360 473 qui
385 437 492 472 quidem
516 442 609 472 posset
631 438 746 471 eripere,
764 438 840 466 etab
864 438 909 465 illa
935 443 989 465 tam

204 483 302 510 acerba
331 483 485 511 calamitate
526 483 659 516 liberare,
695 483 859 511 subveniret.
886 482 989 510 Idcirco

204 529 289 556 dicit:
317 538 326 554 ι
348 527 457 557 Rubore
483 528 669 556 sull‘undemur
697 529 723 556 in
744 529 822 556 idolis
843 528 908 561 suis,
930 536 989 563 quae

205 573 255 607 ipsi
269 574 430 602 noluerunt:
444 579 472 602 et
484 575 651 602 erubuerunt
672 574 697 601 in
715 574 799 601 hortis
823 575 890 607 suis,
921 581 989 608 quos

205 620 410 654 concupierunt.
430 629 440 646 ι
472 619 587 646 Nemora
614 620 746 654 siquidem
776 624 939 654 occupantes
963 625 990 648 et

204 664 308 698 colles,
335 665 432 692 deinde
463 665 532 692 idola
557 665 634 700 juxta
667 665 837 700 proceriores
871 665 988 694 arbores

205 715 367 743 statuentes,
377 716 459 746 atque
473 718 535 738 aras
549 711 694 746 erigentes,
711 711 779 738 titlso
787 711 989 746 cognominatos

205 757 285 789 deos,
311 761 463 784 servatores
478 756 658 790 appellabant,
673 761 702 783 et
730 757 758 784 in
780 756 846 791 ipsis
861 765 988 784 rnanuum

204 809 314 829 suarum
339 802 466 836 operibus
490 809 564 836 spem
587 809 694 828 onmem
723 801 871 834 locabant;
897 809 987 836 posse,

205 848 303 882 inquit,
319 855 349 875 se
366 847 481 875 inimicis
503 847 658 882 superiores
671 855 732 874 esse
748 852 776 875 et
804 848 984 876 adversantes

204 894 282 922 facile
303 901 469 928 expugnare.
489 893 554 920 Cum
577 898 665 920 autem
685 893 860 922 advertissent
884 895 988 927 hostes,
1003 879 1025 907 Β

203 946 230 967 et
245 940 350 968 hostilia
366 940 503 971 fecissent,
518 944 544 966 et
557 940 700 968 destitutus
711 948 725 967 a
736 941 789 967 diis
805 941 861 967 suis
870 941 989 968 exstitis-

204 991 246 1014 set
259 986 351 1018 Israel,
367 986 393 1013 in
414 986 492 1014 idolis
511 987 567 1014 suis
583 986 717 1021 puderacli
744 991 820 1014 sunt.
837 986 897 1014 Illos
916 994 990 1014 nam-

203 1041 258 1068 que
281 1037 344 1060 ante
367 1032 435 1060 alios
459 1041 510 1059 una
542 1040 604 1059 cum
641 1033 727 1060 hortis
753 1033 872 1068 lucisque
893 1039 989 1062 exutos

204 1084 413 1114 conspexerunt,
431 1083 456 1105 et
472 1085 531 1106 cum
560 1078 680 1107 delubris
710 1079 776 1113 ipsis
792 1083 820 1106 et
847 1080 987 1108 altaribus.

204 1125 368 1152 Exciderunt
388 1125 469 1160 igitur
488 1133 545 1159 spe,
567 1126 674 1159 quando
687 1126 750 1152 deos
769 1133 833 1153 suos
856 1127 910 1161 pati
925 1135 988 1154 con-

203 1173 383 1205 spicarentnr,
413 1175 468 1197 tum
497 1171 613 1205 denique
641 1171 684 1197 vix
714 1171 895 1206 intelligentes
924 1173 989 1201 illud

204 1225 270 1244 voce
283 1218 417 1251 propheta:
429 1217 528 1243 dictum
541 1224 556 1242 a
576 1216 630 1244 Deo
645 1225 652 1244 :
672 1226 681 1242 ι
696 1217 728 1244 Et
746 1218 789 1244 ubi
805 1223 869 1246 sunt
884 1219 919 1245 dii
939 1220 987 1253 tui,

202 1271 272 1298 quos
285 1265 340 1298 ipse
357 1263 401 1290 tibi
412 1263 513 1290 fecisti?
527 1271 590 1290 num
602 1268 712 1298 surgent
724 1269 751 1292 et
766 1265 911 1292 servabunt
923 1270 949 1293 te
962 1266 988 1293 in

204 1316 324 1343 tempore
338 1308 488 1336 alﬂictionis
504 1314 555 1336 tua:
563 1308 615 1335 “'7
629 1319 638 1335 ι
649 1309 743 1337 Allecti
755 1318 819 1345 ergo
832 1310 988 1345 ignominia,

205 1357 231 1382 in
244 1355 297 1382 diis
314 1355 372 1382 suis
389 1361 457 1389 quos
471 1354 669 1389 expetiverunt,
687 1360 714 1382 et
742 1356 768 1383 in
786 1357 882 1389 hortis,
908 1363 990 1385 erunt

203 1405 332 1435 tanquam
352 1400 518 1428 terebinthus
548 1400 661 1434 abjectis
689 1400 771 1433 loliis,
791 1406 818 1429 et
837 1407 865 1429 ut
896 1403 990 1432 hortus

203 1454 302 1481 aquam
329 1454 381 1473 non
397 1445 500 1473 habens
518 1454 527 1473 :
547 1445 572 1473 id
590 1451 631 1473 est
647 1446 711 1473 nudi
732 1451 758 1474 et
782 1447 988 1482 despectissimi,

203 1497 232 1520 et
245 1492 356 1518 multum
373 1491 528 1519 laborantes
550 1491 703 1523 sterilitate,
724 1491 840 1531 spiritali
864 1493 989 1522 videlicet

1041 257 1191 291 στρατιαῖς,
1203 256 1227 282 οἳ
1240 257 1286 283 καὶ
1296 257 1386 283 πᾶσαν
1399 255 1484 290 ἄρδην
1497 255 1669 291 ὼλόθρευσαν
1687 255 1828 287 Ἰουδαίαν,

1040 302 1224 337 ἐπαμύνοντος
1242 302 1366 335 οὐδενὸς,
1387 302 1471 336 ἤγουν
1499 301 1636 334 ἐξελέσθαι
1665 301 1828 336 δυναμένου,

1040 348 1148 383 καὶτῆς
1163 348 1233 375 οὕτω
1249 349 1348 383 πικρᾶς
1359 347 1496 379 ἐξελέσθαι
1511 348 1662 382 συμφορᾶς.
1676 348 1771 382 Ταύτῃ
1789 347 1830 375 rei

1040 402 1133 429 φησιν,
1151 394 1192 421 ὃτι
1205 403 1213 420 ι
1228 392 1514 430 Κατιῐσχυνθὴσονται
1533 395 1562 420 ἐν
1575 394 1630 424 τοῖς
1643 393 1764 424 εἰδώλοις
1782 393 1831 419 αὺ-

1039 440 1104 473 τῶν,
1122 441 1139 467 ἆ
1153 440 1230 466 αὐτοὶ
1253 440 1408 475 ἠϐούλοντο,
1433 440 1480 466 καὶ
1495 439 1706 475 ἐπῃσχύνθησαν
1728 439 1759 465 ἐν
1775 441 1831 469 τοῖς

1040 487 1138 521 κήποις
1151 486 1250 517 αὐτῶν,
1267 485 1286 512 ἃ
1304 485 1487 521 ἐπεθύμησαν.
1505 495 1514 512 ι
1535 485 1621 520 ’Δλση
1641 485 1690 520 μὲν
1713 484 1770 519 γὰρ
1783 484 1832 510 καὶ

1040 532 1160 567 δρυμοὺς
1181 531 1445 567 καταλαμϐάνοντες,
1467 530 1526 558 εἶτα
1546 532 1602 563 τοῖς
1616 530 1833 566 εὐμηκεστέροις

1039 578 1092 605 τῶν
1119 578 1209 612 φυτῶν
1235 578 1332 605 εἴδωλα
1360 577 1598 613 περιιδρύσαντες,
1627 576 1782 612 ἐγείροντες
1802 584 1833 602 τε

1040 624 1164 660 βωμοὺς,
1193 624 1318 660 σωτῆρας
1357 624 1523 656 ἐπεκάλουν,
1549 624 1612 654 τοὺς
1637 621 1834 657 ψευδωνύμως

1042 669 1130 701 θεοὺς,
1151 669 1198 696 καὶ
1212 670 1255 696 ἐπ’
1274 669 1366 701 αὐτοῖς
1392 670 1446 700 τοῖς
1467 669 1556 705 ἔργοις
1572 668 1625 696 τῶν
1642 668 1714 694 ἰδίων
1731 667 1833 704 χειρῶν

1039 717 1130 742 πᾶσαν
1147 715 1238 742 ἔθεντο
1249 715 1299 750 τὴν
1313 715 1419 748 ἐλπίδα,
1431 715 1478 750 τὴν
1489 714 1536 741 τοῦ
1546 713 1675 741 δύνασθαι
1693 722 1833 748 κατευμε-

1040 763 1130 796 γεθείν
1154 761 1278 797 ἐχθρῶν,
1303 761 1349 788 καὶ
1381 760 1614 795 καταγωνίζεσθαι
1640 760 1739 796 ῥᾳδίως
1769 759 1832 789 τοὺς

1040 808 1252 843 ἀνθεστηκότας.
1272 807 1379 842 Ἐπειδὴ
1397 807 1426 834 δὲ
1442 807 1466 833 οἱ
1485 806 1534 841 μὲν
1553 806 1676 841 πολέμιοι
1691 805 1832 840 παρῆσαν,

1040 854 1087 880 καὶ
1100 853 1245 888 δεδράκασι
1258 853 1292 879 τὰ
1307 851 1422 887 ἐχθρῶν,
1442 851 1634 886 ἀπομεμένηκε
1645 850 1673 877 δὲ
1686 849 1762 884 παρὰ
1778 850 1833 876 τῶν

1043 898 1115 925 ἰδίων
1134 898 1202 924 θεῶν
1221 898 1434 933 ἁνετιικούρητος
1458 896 1575 931 Ἰσραὴλ,
1605 895 1833 931 κατῃσχύνθησαν

1041 945 1087 972 ἐπὶ
1104 945 1161 976 τοῖς
1173 943 1293 975 εἰδώλοις
1308 943 1408 970 αὐτῶν.
1434 942 1581 969 Τεθέανται
1605 941 1659 977 γὰρ
1671 942 1770 972 αὐτοὺς
1785 942 1834 969 καὶ

1041 992 1095 1027 πρό
1108 999 1139 1025 γε
1155 990 1209 1017 τῶν
1224 990 1311 1018 ἄλλων
1324 988 1548 1025 ὲμπιπραμένους
1560 988 1627 1023 ὁμοῦ
1642 990 1696 1019 τοῖς
1713 988 1831 1022 κήποις,

1040 1039 1124 1073 ἥγουν
1140 1038 1195 1068 τοῖς
1214 1036 1317 1069 ἄλσεσι,
1346 1037 1392 1062 καὶ⁴
1408 1036 1497 1066 αὐτοῖς
1511 1034 1636 1069 τεμένεσι
1652 1034 1699 1060 καὶ
1716 1033 1830 1068 βωμοῖς.

1040 1083 1145 1111 Οὐκοῦν
1170 1083 1374 1118 διημαρτήκασι
1410 1082 1459 1114 τῆς
1482 1081 1606 1112 ὲλπίδος,
1627 1080 1670 1106 ὅτε
1693 1079 1833 1110 παθόντας

1040 1128 1181 1155 τεθέανται
1201 1128 1263 1158 τοὺς
1282 1127 1386 1154 ἑαυτῶν
1414 1126 1502 1157 θεοὺς,
1518 1125 1578 1152 τότε
1608 1124 1730 1155 συνέντες
1755 1124 1832 1158 μόλις

1039 1174 1070 1201 τὺ
1080 1174 1125 1201 διὰ
1139 1174 1186 1209 τῆς
1196 1173 1243 1204 τοῦ
1260 1173 1398 1208 προφήτου
1410 1172 1501 1207 φωνῆς
1516 1171 1658 1206 εἰρημένον
1668 1170 1742 1205 παρά
1751 1169 1830 1195 Θεοῖν

1043 1229 1053 1245 ι
1066 1219 1120 1246 Καὶ
1133 1218 1184 1246 ποῦ
1201 1219 1269 1245 εἰσιν
1283 1219 1306 1244 οἰ
1321 1217 1376 1244 θεοί
1391 1226 1448 1248 σου,
1463 1216 1509 1248 οὒς
1524 1216 1653 1250 ἐποίησας
1670 1214 1792 1249 σεαυτῷ;
1809 1216 1832 1240 εἰ

1040 1265 1236 1300 ἀναστήσονται
1251 1264 1297 1290 καὶ
1314 1263 1429 1290 σώσουσί
1445 1271 1473 1289 σε
1483 1263 1511 1289 ἐν
1521 1261 1608 1298 καιρῷ
1618 1261 1668 1295 τῆς
1683 1259 1832 1291 κακώσεώς

1040 1320 1106 1344 σου;
1122 1321 1131 1338 ›
1145 1311 1276 1342 Παθόντες
1292 1310 1380 1337 τοίνυν
1395 1309 1443 1344 τὴν
1458 1309 1590 1344 ἐντροπὴν
1604 1308 1654 1343 τὴν
1667 1307 1712 1333 ὲπί
1728 1315 1760 1340 τε
1776 1307 1832 1336 τοῖς

1041 1358 1115 1389 ιδίοις
1133 1357 1213 1388 θεοῖς,
1230 1356 1276 1388 οὓς
1292 1355 1465 1390 ἐπεθύμησαν
1480 1355 1567 1386 αὐτοὶ,
1589 1355 1636 1380 καὶ
1666 1354 1758 1388 μέντοι
1774 1352 1835 1383 τοῖς

1039 1404 1153 1439 κήποις,
1170 1403 1276 1429 ἔσονται
1294 1403 1331 1433 ὡς
1350 1401 1503 1436 τερέϐινθος
1522 1400 1725 1434 ἀποϐεϐληκυῖα
1745 1399 1833 1432 αὐτῆς

1039 1451 1073 1477 τὰ
1086 1450 1184 1484 φύλλα,
1201 1449 1247 1475 καὶ
1264 1448 1301 1479 ὠς
1318 1448 1480 1483 παράδεισος
1508 1446 1579 1481 ὕδωρ
1598 1446 1634 1481 μὴ
1658 1445 1739 1480 ἔχων·
1757 1444 1831 1470 τοῦτ’

1040 1495 1108 1526 ἔστι,
1123 1494 1221 1530 γυμνοί
1248 1502 1277 1520 τε
1294 1493 1340 1520 καὶ
1352 1493 1519 1527 ἀτιμότατοι,
1538 1493 1586 1519 καὶ
1602 1492 1668 1518 πολὺ
1689 1490 1832 1521 νοσοῦντες

202 1538 334 1565 bonarum
370 1538 516 1564 actionum.
555 1537 735 1564 Terebinthus
772 1537 843 1565 enim
879 1543 906 1565 et
938 1547 948 1565 ιι

1086 1549 1090 1564 ν
1103 1539 1254 1575 ἀκαρπίαν,
1268 1538 1348 1573 δῆλον
1363 1537 1392 1564 δὲ
1406 1537 1446 1563 ὃτι
1455 1537 1503 1571 τὴν
1517 1536 1614 1570 νοητὴν
1629 1535 1677 1570 τὴν
1691 1535 1720 1560 ὲν
1735 1534 1832 1569 πραξε-

203 1584 307 1617 species
319 1590 486 1618 quzecunque
509 1582 646 1615 arborum,
664 1583 783 1617 quandiu
801 1584 858 1611 suis
878 1584 989 1613 ﬂoribus

203 1629 286 1656 densa
304 1632 346 1655 est
361 1633 388 1656 et
397 1632 503 1659 ornata,
519 1628 570 1655 sibi
588 1627 714 1655 decoram
735 1628 849 1662 gloriam
868 1630 965 1657 retinet
981 1638 987 1656 :

203 1675 310 1702 amissis
326 1679 415 1701 autem
430 1673 513 1706 loliis,
531 1673 582 1701 erit
599 1673 674 1701 arida
695 1681 727 1702 ac
746 1682 840 1709 parum
859 1675 989 1708 formosa,

203 1729 235 1749 ac
251 1721 325 1748 velut
359 1721 527 1748 inhonorata.
551 1719 766 1751 llortusitem,si
782 1720 870 1748 fontes
882 1723 988 1755 habeat,

202 1768 302 1794 densus
316 1766 369 1794 erit
387 1765 529 1793 arboribus
544 1765 731 1800 fructuumque
754 1767 876 1794 ubertate
900 1768 990 1795 multi-

204 1813 299 1840 fariam
325 1812 463 1839 luxuriat:
489 1811 578 1838 siccus
602 1819 667 1839 vero
691 1816 719 1838 et
741 1813 853 1840 humore
883 1821 989 1846 carens,

201 1859 313 1887 omnino
327 1858 478 1886 sterilescet
496 1857 630 1884 fructuum
648 1857 749 1892 inopia,
761 1858 813 1886 imo
828 1863 855 1886 et
873 1859 988 1894 ipsarum

203 1912 310 1942 quoque
328 1905 465 1932 arborum.
494 1904 671 1931 lnhouoratus
691 1904 772 1938 igitur
789 1909 817 1931 et
836 1904 988 1933 infructuo-

179 1964 187 1968 ~
203 1959 250 1978 sus
263 1950 360 1978 rnansit
375 1949 467 1976 Israel.
483 1949 549 1982 Quis
561 1949 632 1976 enim
653 1954 694 1976 est
713 1950 820 1977 virtutis
837 1950 941 1978 fructus
962 1951 989 1978 in

203 1996 336 2023 idolorum
364 1994 532 2022 cultoribus?
556 1997 610 2021 Aut
631 1994 724 2029 quidni
741 1995 774 2022 sit
795 1995 891 2030 plenus
915 1997 989 2024 omni

204 2042 335 2069 dedecore
349 2046 375 2068 et
387 2041 595 2075 contemptione,
607 2040 652 2075 qui
667 2041 770 2068 deserit
782 2050 862 2069 unum
874 2048 901 2069 et
912 2047 990 2070 natu-

204 2095 233 2114 ra
250 2087 348 2114 Deum?
373 2096 383 2112 ι
404 2087 450 2122 qui
468 2087 534 2114 dicit
560 2086 631 2120 ligno
647 2096 654 2114 :
682 2087 762 2114 Pater
778 2095 852 2114 meus
867 2095 896 2115 es
912 2093 951 2120 tu,
963 2093 989 2116 et

203 2133 283 2167 lapidi
297 2143 302 2160 :
319 2133 358 2160 Tu
379 2141 422 2160 me
440 2133 555 2168 genuisti
565 2133 607 2160 ⁸³2
625 2142 633 2158 ι
653 2133 709 2160 Erit
725 2139 812 2160 autem
826 2134 878 2169 33
896 2140 923 2162 et
937 2136 990 2162 alio

204 2177 284 2203 modo
318 2177 397 2204 Israel
444 2177 518 2204 velut
552 2177 720 2205 terebinthus
757 2178 868 2211 abiectis
908 2180 987 2207 foliis.

1043 1596 1084 1614 σιν
1099 1586 1224 1621 ἀγαθαῖς.
1246 1585 1279 1612 'H
1301 1584 1350 1620 μὲν
1374 1585 1428 1619 γὰρ
1450 1582 1618 1618 τερέϐινθος,
1636 1582 1720 1616 ἤγουν
1740 1580 1833 1614 ἕτερόν

1041 1632 1136 1659 τιτῶν
1153 1631 1256 1666 φυτῶν,
1278 1631 1330 1662 ἕως
1355 1629 1404 1664 μὲν
1427 1630 1486 1660 ταῖς
1511 1628 1588 1659 ἰδίαις
1613 1626 1708 1657 ἄνθαις
1735 1625 1833 1660 ὁρᾶται

1042 1678 1209 1712 κατάκομον,
1237 1676 1286 1710 τὴν
1312 1675 1388 1710 αὐτῷ
1411 1675 1568 1710 πρέπουσαν
1587 1672 1725 1703 ἀποσώζει
1741 1670 1831 1702 δόξαν·

1043 1723 1228 1759 ὰποϐεϐληκὸς
1240 1722 1268 1749 δὲ
1282 1722 1315 1748 τὰ
1326 1721 1423 1756 φύλλα,
1442 1720 1524 1755 ξηρὸν
1539 1719 1615 1746 ἔσται
1627 1719 1674 1745 καὶ
1696 1717 1814 1748 ἀκαλλὲς
1824 1738 1831 1749 ,

1043 1771 1090 1798 καὶ
1102 1768 1156 1796 οἷον
1179 1768 1375 1804 ὴτιμασμένον.
1396 1766 1561 1801 Παράδεισος
1574 1765 1601 1791 δὲ
1620 1764 1710 1795 πάλιν,
1734 1764 1759 1789 εἰ
1784 1763 1832 1798 μὲν

1043 1815 1099 1850 ἔχοι
1116 1814 1218 1849 πηγὰς,
1236 1812 1440 1848 εὑδενδρότατος
1467 1811 1543 1836 ἔσται
1567 1818 1619 1841 τις,
1642 1809 1688 1836 καὶ
1705 1809 1765 1840 ταῖς
1779 1809 1832 1835 τῶν

1043 1861 1156 1895 καρπῶν
1171 1859 1311 1894 ἁφθονὶαις
1331 1857 1478 1889 πολυειδῶς
1495 1856 1682 1892 ἐναϐρύνεται.
1700 1855 1789 1890 Ξηρδς
1803 1854 1830 1880 δὲ

1043 1908 1090 1934 καὶ
1099 1907 1210 1942 ἄνυδρος
1218 1905 1266 1938 ὣν,
1280 1905 1355 1931 ἔσται
1369 1913 1420 1930 που
1429 1904 1537 1934 πάντως
1549 1903 1576 1929 ὲν
1587 1901 1721 1937 ἀκαρπίᾳ,
1733 1901 1830 1936 μᾶλλον

1042 1952 1070 1978 δὲ
1094 1952 1140 1978 καὶ
1162 1951 1254 1978 αὐτῶν
1270 1951 1377 1986 νοσήσει
1391 1949 1441 1984 τὴν
1463 1949 1588 1984 ἐρημίαν.
1611 1947 1724 1982 Ἂτιμος
1742 1946 1830 1973 τοίνυν

1043 1998 1090 2024 καὶ
1107 1997 1230 2034 ἄκαρπος
1252 1996 1461 2031 ἀπομεμένηκεν
1490 1995 1505 2021 δ
1527 1994 1642 2030 Ἰσραήλ.
1670 1994 1750 2024 Heio;
1776 1992 1830 2027 γάρ

1043 2044 1100 2070 ἐστι
1111 2042 1216 2078 καρπὺς
1227 2042 1326 2077 ἀρετῆς
1334 2043 1363 2068 ὲν
1373 2042 1428 2072 τοῖς
1439 2041 1492 2067 τῶν
1506 2040 1620 2066 εἰδώλων
1633 2039 1830 2074 θεραπευταίς;

1045 2091 1080 2116 Ἢ
1095 2089 1153 2120 πῶς
1168 2089 1216 2123 οὐχ
1233 2089 1341 2123 ἁπάσης
1358 2087 1468 2122 ἀτιμίας
1484 2087 1619 2121 ἔμπλεως,
1639 2087 1652 2112 ὁ
1672 2085 1738 2111 Θεὸν
1755 2084 1831 2118 ἀφεὶς

1042 2135 1087 2162 τὸν
1102 2135 1149 2161 ἕνα
1161 2135 1208 2161 καὶ
1220 2134 1309 2168 φύσει,
1327 2143 1336 2158 ι
1357 2134 1402 2159 καὶ
1418 2133 1502 2166 λέγων
1517 2132 1555 2167 τῷ
1569 2131 1649 2166 ξύλῳ,
1666 2131 1762 2164 Πατήρ
1781 2139 1828 2164 μου

1043 2179 1069 2208 εἷ
1089 2181 1120 2208 σύ
1134 2191 1140 2197 ·
1158 2181 1204 2207 καὶ
1223 2180 1262 2215 τῷ
1275 2180 1350 2214 λίθῳ,
1369 2179 1405 2206 Σὺ
1430 2178 1576 2213 ἑγέννησὰς
1597 2185 1649 2212 tte;
1667 2186 1675 2202 ι
1691 2177 1790 2202 Ἔσται
1804 2175 1831 2201 δὲ

162 2222 167 2224 ’
203 2221 270 2248 Nam
289 2227 351 2249 ante
362 2222 515 2249 Servatoris
528 2223 684 2259 adventum,
699 2223 762 2250 dum
785 2224 851 2258 legis
862 2232 905 2251 um

1084 2248 1085 2252 η
1103 2227 1203 2263 ἑτέρως
1220 2226 1326 2262 Ἰσραὴλ
1344 2226 1382 2257 ὠς
1396 2225 1560 2260 τερέϐινθος,
1577 2223 1782 2258 ἀποϐεϐληκυῖα
1799 2222 1830 2248 τὰ

203 2270 362 2302 retinerent,
388 2269 475 2296 instar
495 2270 621 2296 arborum
655 2275 742 2301 erant,
775 2277 835 2304 quae
869 2270 987 2298 fructum

204 2322 257 2342 non
279 2315 388 2346 habent,
412 2314 484 2342 foliis
513 2320 601 2342 tamen
629 2315 756 2350 proiectis
783 2321 810 2343 et
834 2319 989 2352 propagatis

204 2360 310 2394 egregie
351 2359 528 2388 elllorescunt.
572 2360 638 2387 Cum
678 2361 774 2389 deinde
813 2361 989 2389 oﬂ'endissent

203 2405 352 2438 Christum,
394 2405 480 2440 ipsam
519 2405 600 2432 etiain
642 2407 743 2434 umbrae
772 2407 990 2435 observationem

204 2451 389 2485 perdiderunt.
406 2451 461 2479 Nec
475 2452 546 2479 enim
565 2453 632 2479 ultra
644 2453 790 2480 observant
814 2454 881 2489 legis
906 2455 991 2482 sacri-

205 2497 278 2529 licia,
299 2505 348 2524 nec
363 2505 429 2525 sane
449 2497 580 2533 legalibus
603 2500 771 2527 ornamentis
789 2500 989 2534 insigniuntur:

205 2543 251 2570 sed
265 2550 350 2577 pauca
380 2543 524 2570 admodum
544 2545 640 2579 prisca:
673 2545 762 2580 gentis
787 2545 910 2572 instituta
932 2547 993 2573 reti-

207 2593 301 2616 nentes
332 2589 358 2616 in
388 2589 509 2622 urbibus,
541 2590 691 2625 intrugil’cri
721 2594 793 2623 sunt,
825 2591 990 2626 spoliatique

207 2633 364 2667 honoribus,
379 2639 404 2662 et
416 2635 477 2670 jure
499 2636 606 2670 quidem
634 2635 745 2669 optimo.
766 2644 776 2661 ι
798 2636 993 2664 lnterl‘ecerunt

207 2679 277 2706 enim
293 2680 440 2715 principem
467 2680 538 2713 vita),
557 2688 635 2715 quem
649 2680 729 2713 Deus,
742 2681 836 2709 solutis
856 2682 993 2711 doloribus

207 2726 303 2752 tnortis
332 2726 506 2760 gravissimis,
541 2727 669 2753 excitavit
705 2734 720 2754 e
754 2728 878 2760 mortuis,
911 2737 992 2762 quan-

209 2772 355 2806 doquidem
380 2772 508 2808 possibile
545 2781 595 2799 non
631 2777 689 2799 erat
720 2773 794 2800 illum
827 2774 859 2800 ab
888 2783 919 2802 ea
954 2781 991 2802 tc-

209 2820 265 2846 ncri
280 2820 324 2845 “2
342 2828 350 2845 ι

244 2877 275 2892 “¹”
288 2876 341 2904 Jcr.
358 2884 387 2907 ll,
404 2876 447 2903 '23.
487 2878 508 2893 δ’
521 2877 584 2904 ibid.
601 2876 645 2903 27.
684 2877 717 2893 δι’
735 2878 794 2904 Aet.
811 2884 851 2908 ιιι¹
868 2876 906 2904 [ὃ.

1042 2274 1139 2308 φύλλα.
1157 2273 1213 2308 Πρὸ
1234 2273 1283 2308 μὲν
1310 2272 1364 2307 γὰρ
1378 2271 1425 2306 τῆς
1440 2271 1486 2298 τοῦ
1506 2271 1630 2304 Σωτῆρος
1646 2269 1726 2304 ἡμῶν
1741 2269 1832 2302 ἐπιδη-

1044 2319 1119 2355 μίας,
1138 2319 1187 2354 τὴν
1203 2319 1250 2345 τοῦ
1266 2318 1349 2353 νόμου
1363 2317 1510 2353 τηροῦντες
1530 2316 1618 2347 σκιὰν,
1632 2315 1828 2350 προσεοίκεσαν

1043 2366 1154 2399 φυτοῖς,
1179 2363 1285 2399 καρπὸν
1316 2363 1366 2398 μὲν
1394 2362 1444 2389 οὐκ
1474 2361 1575 2396 ἔχουσι,
1604 2360 1673 2395 πλὴν
1705 2357 1735 2386 εὖ
1761 2358 1831 2394 μάλα

1042 2410 1280 2446 περιηνθισμένοις
1297 2411 1356 2440 ταῖς
1372 2408 1425 2435 τῶν
1450 2407 1555 2442 φύλλων
1573 2407 1707 2438 ἐκϐολαῖς.
1721 2405 1830 2438 Ἐπειδὴ

1042 2456 1071 2483 δὲ
1088 2455 1326 2492 προσκεκροὺκασι
1342 2454 1381 2489 τῷ
1395 2453 1515 2489 Χριστῷ,
1529 2453 1576 2479 καὶ
1589 2452 1672 2488 αὐτὴν
1683 2451 1831 2485 ἀποϐεϐλή-

1043 2511 1106 2529 κασι
1119 2502 1167 2537 τὴν
1182 2502 1230 2536 τῆς
1244 2501 1321 2532 σκιᾶς
1333 2501 1458 2535 τήρησιν.
1479 2499 1517 2526 Οὐ
1531 2499 1584 2534 γὰρ
1601 2498 1640 2524 ἔτι
1655 2497 1770 2532 τηροῦσι
1786 2497 1830 2526 τὰς

1043 2548 1112 2575 κατὰ
1125 2548 1205 2582 νόμον
1220 2547 1324 2577 θυσίας.
1339 2545 1401 2572 οὔτε
1418 2545 1470 2580 μὴν
1488 2546 1545 2576 τοῖς
1562 2544 1683 2578 νομικοῖς
1702 2543 1829 2577 αὐχήμα-

1044 2602 1086 2620 σιν
1099 2592 1323 2627 ὲπισεμνύνονταί
1344 2591 1434 2617 ποθενι
1455 2590 1576 2624 ὀλίγιστα
1604 2589 1632 2615 δὲ
1651 2588 1723 2615 κατὰ
1743 2587 1830 2617 πόλεις

1042 2640 1097 2666 τῶν
1113 2639 1233 2674 ἀρχαίων
1260 2637 1405 2672 τηροῦντες
1429 2637 1524 2667 ἐθνῶν,
1547 2635 1666 2670 ἄκαρποι
1693 2635 1762 2660 εἰσιν
1788 2633 1831 2659 καὶ

1043 2685 1220 2719 ἠτιμωμένοι⁸
1235 2685 1281 2711 καὶ
1294 2684 1366 2718 μάλα
1385 2683 1506 2714 εἰκότως.
1525 2681 1702 2708 ’Λπεκτόνασι
1717 2680 1772 2714 γὰρ
1788 2679 1828 2705 τὸν

1042 2731 1162 2764 ἀρχηγὸν
1181 2732 1230 2764 τῆς
1254 2729 1343 2763 ζωῆς,
1366 2729 1395 2754 ὂν
1416 2729 1430 2754 ὸ
1451 2729 1517 2760 Θεὸς
1539 2728 1647 2762 ἤγειρεν
1671 2727 1701 2752 ἐκ
1729 2724 1828 2754 νεκρῶν

1043 2777 1126 2807 λύσας
1146 2777 1194 2807 tit;
1213 2777 1310 2806 eam;
1330 2775 1376 2801 τιιῦ
1390 2775 1514 2805 θανάτου,
1534 2774 1593 2800 καθ’
1613 2774 1653 2800 ὅτι
1676 2772 1725 2798 οὐκ
1741 2769 1774 2806 ἦν
1786 2769 1827 2796 δυ-

1046 2823 1123 2848 νλῖῖιν
1139 2822 1294 2856 maniam:
1311 2821 1390 2847 αὶιὸν
1408 2820 1452 2845 ὑπ’
1472 2820 1560 2846 αὑτοῦ.
