1890 3053
220 122 255 151 G7

734 119 763 147 S.
783 118 921 146 CYRILLI
941 116 1175 146 ALEXANDRINI
1195 118 1352 147 ARClllEl’.

1829 115 1864 143 68

226 182 365 217 prophetis
380 189 466 210 unus:
484 179 720 210 Circumcidamini
737 179 799 211 Deo,
814 183 841 206 et
867 178 1000 206 circumci

1060 178 1219 214 ἐπεφώνησὲ
1243 188 1286 211 τις
1303 179 1357 206 τῶν
1376 179 1461 213 ἁγίων
1478 179 1640 215 προφητῶν·
1657 177 1862 214 Περιτμήοητε

223 228 293 255 detis
307 228 396 255 cordis
404 227 485 254 vestri
498 225 778 257 obstinationem,viri
790 223 874 251 Judaei
889 227 916 252 et
931 224 1008 251 habi—

223 278 311 300 tantes
337 272 495 300 Jerusalem.
507 270 621 306 Agnovit
635 270 714 298 ctiam
736 270 766 297 D.
776 269 875 296 Paulus
887 268 1008 296 Judatum

224 320 350 349 alterum,
391 325 444 344 non
478 324 509 344 ex
534 324 627 349 carne,
654 316 700 343 sed
737 317 825 350 potius
849 316 876 342 in
900 315 1006 350 spiritu.

224 363 270 390 Sic
294 364 364 390 enim
388 363 483 390 scribit
501 372 508 390 :
525 372 535 388 ‹
555 362 613 390 Νοιι
644 362 715 389 enim
741 361 787 396 qui
814 361 841 388 in
867 361 1009 388 manifesto

223 408 331 436 .‘udmus
361 414 414 441 est,
431 417 519 443 neque
543 416 604 443 quin
635 408 661 436 in
688 407 841 441 manifesto,
858 409 883 435 in
914 415 1007 439 carne,

221 455 393 482 circumcisio
413 459 472 482 est:
495 455 541 482 sed
561 454 606 488 qui
622 454 648 481 in
663 453 768 481 occulto
783 453 890 480 Iudaeus
907 457 957 485 est,
981 458 1008 480 et

221 499 394 526 circumcisio
426 499 516 526 cordis
553 499 580 526 in
609 499 722 534 spiritu,
754 506 805 526 non
833 499 859 526 in
891 498 1006 526 littera:

222 544 298 578 cujus
316 544 374 571 laus
391 552 443 572 non
469 551 502 572 ex
521 544 682 576 hominibus,
703 545 749 571 sed
768 551 801 571 ex
824 544 878 570 Deo
890 543 975 571 est“.
995 553 1004 569 ι

221 590 369 625 Diligenter
396 591 487 625 itaque
508 590 704 617 observandum
734 594 786 622 est,
808 591 916 624 quando
943 597 1007 623 pro-

220 635 300 670 pheta
333 639 427 662 contra
460 635 614 662 sensibilem
635 633 795 666 Jerusalem,
820 634 861 662 vel
887 634 1007 661 Iudaeam

221 681 303 708 verba
330 680 411 714 facit;
436 680 541 714 quando
569 680 631 706 item
657 681 690 706 de
713 687 746 707 ea
771 687 832 713 quae
854 680 880 706 iu
900 679 1008 706 Christo

221 729 265 752 est
296 729 323 751 et
353 724 523 759 intelligibili,
555 731 614 758 quae
630 724 710 750 etiam
729 723 782 758 35
800 731 862 751 vere
887 724 1006 757 perlecta

221 775 262 797 est
277 775 304 796 et
335 770 503 796 intaminata.
519 769 577 796 Jam
606 776 671 796 νει-ο
703 769 768 803 quid
785 769 869 796 dicit?

257 816 338 843 Vsus.
355 816 383 847 2,
409 816 436 842 5.
469 815 538 847 Quia
549 815 597 842 erit
613 815 640 841 in
660 815 804 842 novissimis
819 814 910 842 diebus
921 813 1007 840 mani-

1062 225 1101 260 τῷ
1117 225 1187 260 Θεῷ,
1202 226 1248 252 καὶ
1259 225 1449 260 περιτεμεῖσθε
1464 225 1513 261 τὴν
1529 225 1750 261 σκληροκαρδίαν
1762 222 1860 258 ἡμῶν,

1062 270 1157 306 ἄνδρες
1172 271 1304 302 Ἰουδαῖοι,
1329 271 1375 297 καὶ
1403 271 1428 297 ol.
1452 271 1643 303 κατοικοῦντες
1660 269 1861 306 Ἰερουσαλήμ.

1063 314 1140 343 Οἶδεν
1160 316 1187 342 δὲ
1201 317 1214 343 ὁ
1228 315 1369 348 Θεσπέσιος
1385 315 1491 348 Παῦλος
1501 316 1627 343 Ἰουδαῖον
1640 316 1746 352 ἕτερον,
1764 315 1797 341 οὐ
1812 314 1862 340 τὸν

1062 361 1133 388 κατὰ
1146 361 1236 396 σάρκα
1252 361 1362 396 μᾶλλον,
1390 361 1458 388 ἀλλὰ
1474 361 1519 388 τὸν
1535 363 1564 388 ὲν
1581 362 1727 397 πνεύματι.
1748 361 1861 396 Γράφει

1061 407 1116 442 γὰρ
1129 406 1230 438 οὕτως’
1247 416 1256 433 t
1270 407 1306 434 οὐ
1322 407 1375 442 γὰρ
1388 408 1402 434 6
1413 408 1441 434 ὲν
1454 407 1492 442 τῷ
1505 407 1614 443 φανερῷ
1626 407 1755 438 Ἰουδαῖός
1767 408 1859 435 ἐστιν,

1061 453 1122 479 οὐδὲ
1139 453 1155 487 ἡ
1171 453 1200 479 ὲν
1215 452 1254 488 τῷ
1277 453 1388 488 φανερῷ
1414 453 1443 479 ὲν
1463 454 1545 489 σαρκὶ
1561 453 1708 489 περιτομὴ,
1725 452 1785 480 ἀλλ’
1801 453 1817 478 ὁ
1830 452 1860 477 ὲν

1060 498 1100 533 τῷ
1111 498 1226 534 κρυπτῷ
1256 498 1391 531 Ἰουδαῖος,
1419 499 1468 526 καὶ
1497 500 1633 535 περιτομὴ
1665 499 1793 534 καρδίας,
1829 498 1860 523 ἐν

1061 544 1206 579 πνεύματι,
1217 544 1248 571 οὐ
1262 544 1416 580 γράμματι,
1431 541 1462 571 οὖ
1483 545 1497 571 ὁ
1518 544 1625 576 ἔπαινος
1636 545 1687 571 οὐκ
1701 545 1730 578 ὲξ
1743 543 1859 579 ἀνθρὼ-

1043 599 1045 601 ’
1061 599 1130 621 πων,
1141 589 1198 616 ἀλλ’
1207 591 1239 616 ὲκ
1252 590 1299 616 τοῦ
1312 590 1389 617 Θεοῦ.
1397 599 1406 615 ι
1417 589 1477 626 Χρὴ
1487 589 1631 626 τοιγαροῦν
1641 589 1782 624 νηφαλίως
1793 583 1859 615 ἐπι-

1060 637 1164 672 τηρεῖν,
1175 635 1278 670 πηνίκα
1296 635 1369 671 μὲνὸ
1384 636 1526 671 προφήτης
1545 637 1616 662 κατὰ
1641 636 1690 670 τῆς
1713 635 1857 669 Ἰερουσα-

1059 682 1126 717 λὴμ,
1145 682 1229 717 ἤγουν
1260 681 1407 714 Ἰουδαίας,
1433 683 1550 708 ποιεῖται
1573 681 1678 716 λόγους,
1703 680 1809 714 πηνίκα
1827 680 1857 706 δὲ

1059 729 1124 764 περὶ
1137 729 1188 763 τῆς
1203 729 1232 755 ὲν
1247 728 1357 764 Χριστῷ
1369 729 1415 755 καὶ
1432 729 1540 763 νοητῆς,
1560 728 1577 764 ἥ
1592 728 1639 755 καὶ
1663 727 1775 763 άληθῶς
1792 728 1855 754 ἐστι

1059 773 1149 799 τελεία
1166 774 1213 799 καὶ
1227 773 1350 808 ἄμωμος.
1369 773 1402 800 Τί
1416 774 1504 800 τοίνυν
1520 773 1616 809 φησίν;

1096 817 1161 843 Ὅτι
1184 817 1269 845 ἐσται
1283 817 1318 843 ἐν
1332 817 1394 850 ταῖς
1410 817 1553 851 ἐσχάταις
1567 817 1691 851 ’ἡμέραις
1715 817 1854 851 ἐμφανὲς

219 861 301 896 festus
325 869 398 888 mons
421 860 537 892 Domini,
567 865 591 886 et
618 860 710 887 domus
734 859 782 886 Dei
804 860 831 886 in
867 859 1000 886 verticibus

1059 861 1087 889 τὸ
1104 862 1171 896 ὅρος
1190 863 1310 896 Κυρίου,
1327 863 1375 890 καὶ
1390 865 1406 890 ὁ
1420 861 1501 896 οἶκος
1517 863 1570 889 τοῦ
1592 863 1666 890 Θεοῦ
1680 863 1727 890 ἐπ’
1744 862 1853 895 ἄκρων

219 907 357 938 montium,
371 912 394 933 et
407 906 546 933 extolletur
569 914 649 940 supra
680 905 770 938 colles,
798 909 822 932 et
848 906 946 932 uenient
969 905 1004 931 ad

219 952 295 979 illum
312 959 399 978 omne:
412 956 510 986 gentes.
529 949 563 977 Et
578 951 649 977 ibunt
667 956 753 985 gentes
766 949 856 976 multaP
869 953 893 976 et
907 950 1004 976 dicent:

223 997 326 1030 Venite,
338 997 510 1024 ostendamus
521 998 547 1023 in
560 1002 669 1023 montem
685 995 803 1026 Domini,
817 999 843 1022 et
855 995 882 1022 in
897 996 1004 1021 domum

219 1043 268 1070 Dei
299 1043 392 1076 Iacob,
416 1048 440 1069 et
469 1043 634 1069 annuntiabit
665 1042 738 1068 nobis
771 1041 840 1068 viam
863 1049 948 1072 suam.
978 1046 1002 1068 et

218 1089 408 1116 ambulabimus
427 1090 508 1115 inea.
536 1087 577 1114 Ex
594 1087 658 1114 Sion
672 1087 740 1114 enim
773 1087 921 1121 egredietur
949 1087 1001 1119 lex,

217 1140 242 1162 et
264 1136 368 1163 verbum
388 1135 494 1161 Domini
513 1134 544 1160 de
558 1132 716 1161 Jerusalem.

251 1212 407 1240 Terminala
418 1216 459 1239 est
467 1211 597 1246 siquidem
611 1214 638 1238 et
647 1210 769 1238 absoluta
776 1210 844 1238 visio
856 1211 1002 1246 prophetm.

218 1258 251 1285 Et
265 1257 443 1293 prmcedcntis
466 1256 647 1292 praedictionis
669 1256 763 1284 ultima
779 1256 898 1284 clausula
932 1262 1001 1284 erat.

217 1304 389 1339 Quapropter
408 1303 510 1338 pudore
535 1302 690 1330 afficientur
714 1311 795 1338 super
825 1303 913 1336 idolis,
943 1310 1003 1337 qua:

216 1349 268 1384 ipsi
295 1349 458 1376 voluerunt:
478 1353 506 1376 et
521 1349 686 1382 erubuerunt
704 1357 785 1384 super
811 1349 897 1376 hortis
933 1349 1001 1381 suis,

216 1402 284 1429 quos
290 1395 488 1430 appetiverunt.
498 1394 727 1427 Quemadmodum
735 1402 799 1421 vero
806 1395 908 1429 pudore
915 1393 1003 1422 allecti

217 1440 318 1468 l'uerint
352 1439 478 1468 Israelita;
503 1441 528 1467 in
553 1440 630 1467 idolis
651 1440 718 1472 suis,
744 1440 848 1468 abunde
875 1441 1004 1471 diximus.

216 1484 283 1512 Cum
311 1489 399 1512 autent
420 1485 567 1520 proplielize
581 1485 613 1513 de
634 1485 686 1512 illis
709 1485 810 1512 mentio
844 1484 917 1512 facta
951 1486 996 1519 sit,

218 1530 348 1564 incipiens
374 1530 503 1564 propheta
531 1530 647 1557 vicinam
672 1530 767 1558 ordine
786 1534 813 1557 et
847 1531 994 1558 secundani
1014 1525 1035 1554 C

217 1575 359 1609 visionem,
385 1580 490 1610 tempus
517 1575 651 1610 designat,
679 1583 742 1610 quo,
769 1583 822 1603 non
850 1576 876 1603 in
913 1577 1002 1611 aliqua

216 1626 294 1656 parte
313 1622 388 1649 orbis
400 1626 543 1654 terrarum,
570 1630 624 1650 non
649 1622 675 1649 in
691 1629 743 1649 una
771 1623 882 1657 regione
915 1628 942 1649 et
965 1623 1005 1650 ci-

216 1667 311 1700 vitate,
353 1667 450 1695 diaboli
504 1668 645 1702 imperium
685 1668 817 1700 concidet,
847 1668 874 1695 in
913 1672 998 1696 totum

217 1713 315 1740 evulso
337 1713 410 1740 cultu
439 1718 467 1739 et
487 1714 601 1748 profano
623 1718 753 1748 apparatu
778 1713 908 1741 idolorum
932 1723 938 1740 :
956 1714 1003 1741 sed

216 1766 250 1786 ex
269 1760 344 1786 otnni
368 1759 426 1786 loco
453 1760 502 1786 sub
515 1759 583 1786 caelo
595 1759 639 1786 ille
666 1759 775 1786 morbus
797 1765 824 1787 et
851 1760 1003 1787 immundo-

218 1813 277 1832 rum
298 1805 448 1832 daemonum
483 1806 607 1840 tyrannis
633 1805 825 1834 eliminahitur.
847 1806 1000 1834 Perfectum

217 1850 287 1877 istud
314 1857 378 1876 vero
405 1854 446 1876 est
468 1849 626 1876 mortalibus
672 1850 698 1876 in
724 1851 854 1878 extremis
887 1851 1002 1883 diebus,

216 1895 243 1922 id
264 1899 306 1922 est
331 1895 432 1922 ultimis
463 1895 542 1929 hujus
575 1895 665 1922 saeculi
693 1897 869 1930 tempOribus,
905 1898 1003 1932 quibus

216 1939 383 1972 unigenitum
411 1939 456 1966 Dei
478 1938 595 1966 Verbum
618 1939 717 1967 factum
743 1948 818 1974 caro,
847 1947 939 1969 natum
969 1950 1001 1969 ex

217 1985 340 2017 muliere,
357 1985 498 2020 apparuit:
519 1986 791 2021 cum-intelligibilem
813 1986 934 2015 luds-am
959 1988 1002 2015 vel

214 2031 378 2064 Jerusalem,
408 2032 458 2058 hoc
485 2036 527 2058 est
549 2031 715 2065 Ecclesiant,
743 2033 792 2060 sibi
817 2034 874 2068 ipse
902 2042 1002 2069 rcpm-

216 2080 335 2104 sentaret
349 2083 380 2102 ac
404 2075 523 2107 sisteret,
546 2076 676 2110 virginem
701 2081 814 2111 castam,
830 2086 883 2106 non
904 2087 998 2114 rugam

216 2127 263 2148 aut
296 2121 429 2156 ejusmodi
464 2121 601 2155 quidpiam
645 2122 801 2156 habentem,
831 2125 879 2151 sed
913 2125 1002 2159 potius

215 2172 337 2194 sanctam
357 2171 385 2193 et
400 2167 611 2200 immaculatam,
630 2169 668 2195 uti
696 2169 825 2203 scriptum
836 2174 889 2197 est.
911 2171 948 2198 De
968 2179 998 2198 ea

1055 905 1114 932 τῶν
1136 905 1237 940 ὀρέων.
1255 905 1309 933 Kal
1324 907 1516 941 ὑψωθήσεται
1532 907 1669 941 ὑπεράνω
1691 906 1752 933 τῶν
1773 907 1855 939 βου-

1055 951 1125 982 νῶν,
1143 950 1191 977 καὶ
1210 950 1340 984 ἥξουσιν
1361 952 1408 978 ἐπ’
1426 952 1499 979 αὐτὸ
1515 951 1616 978 πάντα
1631 951 1667 978 τὰ
1683 952 1768 985 ἔθνη.
1793 951 1851 978 Καὶ

1055 997 1254 1031 πορεύσοηται
1265 997 1336 1031 ἔθνη
1349 998 1459 1030 πολλὰ,
1468 997 1516 1024 καί
1529 997 1652 1031 ἐροῦσιν
1660 1005 1666 1012 ·
1678 997 1770 1024 Δεῦτε
1776 997 1851 1024 ἀνα-

1055 1041 1150 1076 ϐῶμεν
1159 1043 1202 1074 εις
1212 1042 1243 1068 τὸ
1255 1042 1323 1075 ὄρος
1332 1042 1385 1069 τοῦ
1394 1043 1514 1076 Κυρίου,
1524 1043 1572 1069 καὶ
1580 1043 1624 1075 εις
1632 1042 1685 1069 τὸν
1697 1040 1784 1069 οἷκον
1793 1043 1847 1069 τοῦ

1055 1087 1128 1113 Θεοῦ
1143 1087 1254 1117 Ἰακὼϐ,
1267 1087 1317 1114 καί
1338 1088 1498 1122 ἀναγγελεῖ
1507 1089 1578 1123 ἡμῖν
1587 1089 1644 1122 τὴν
1654 1089 1727 1116 ὁδὸν
1739 1089 1847 1121 αὑτοῦ,

1053 1133 1103 1159 καὶ
1123 1134 1329 1167 πορευσόμεθα
1346 1134 1380 1160 ἐν
1393 1133 1481 1168 αὐτῇ.
1501 1134 1551 1161 Ἐκ
1563 1135 1618 1168 γὰρ
1633 1135 1710 1161 Σιὼν
1723 1135 1848 1167 ἐξελεύ-

1054 1186 1139 1204 σεται
1160 1178 1262 1211 νόμος,
1280 1178 1330 1204 καὶ
1345 1177 1434 1212 ,λόγος
1454 1179 1563 1213 Κυρίου
1577 1179 1612 1211 ἐξ
1634 1179 1845 1214 Ἰερουσαλήμ.

1088 1223 1230 1256 Κατέληξε
1256 1223 1304 1258 μὲν
1327 1223 1412 1259 γὰρὴ
1432 1224 1527 1259 ὅρασις
1542 1224 1626 1258 αὐτῷ.
1651 1225 1707 1251 Καὶ
1728 1225 1779 1260 τῆς
1795 1226 1846 1260 ἤδη

1055 1267 1198 1304 φθασάσης
1215 1270 1440 1304 προαγορεύσεως
1454 1270 1486 1295 τὸ
1505 1270 1580 1302 τέλος
1594 1268 1639 1305 ἦν.
1661 1271 1732 1297 Διότι
1749 1280 1846 1298 καται-

1056 1313 1249 1349 σχυνθήσονται
1283 1315 1330 1341 ent
1360 1316 1417 1346 τοῖς
1447 1315 1567 1347 εἰδώλοις
1594 1317 1684 1342 αὐτῶν
1714 1316 1732 1344 ἃ
1767 1317 1847 1343 αὐτοὶ

1054 1359 1212 1394 ἠϐούλοντο,
1234 1361 1280 1387 καὶ
1302 1360 1510 1396 ἐπῃσχύνθησαν
1525 1361 1571 1388 ἐπὶ
1594 1363 1650 1394 τοῖς
1673 1363 1774 1397 κήποις
1789 1363 1847 1390 αὺ-

1053 1404 1118 1438 τῶν,
1144 1402 1182 1432 ὧν
1205 1406 1282 1432 αὐτοὶ
1303 1405 1490 1440 ἐπεθύμησαν.
1516 1406 1573 1432 Kal.
1590 1407 1650 1433 τίνα
1676 1407 1724 1442 μὲν
1745 1407 1846 1442 τρόπον

1054 1451 1281 1486 κατῃσχύνθησαν
1303 1452 1328 1477 οἱ
1352 1451 1382 1483 ἐξ
1403 1451 1511 1487 Ἰσραὴλ
1527 1451 1573 1477 ἐπὶ
1588 1453 1645 1483 τοῖς
1660 1452 1778 1484 εἰδώλοις
1795 1452 1845 1478 αὑ⁴

1054 1497 1118 1528 τῶν,
1135 1497 1254 1532 διαρκῶς
1277 1498 1437 1532 εἰρήκαμεν.
1453 1498 1560 1534 Ἐπειδὴ
1582 1498 1610 1524 δὲ
1628 1499 1724 1533 μνήμη
1748 1498 1846 1533 γέγονε

1054 1544 1103 1579 τῆς
1120 1543 1163 1569 ἐπ’
1180 1543 1271 1574 αὐτοῖς
1295 1544 1479 1578 προφητείας,
1496 1544 1647 1579 ἀρχόμενος
1660 1545 1674 1571 ὁ
1700 1545 1846 1580 προφήτης

1055 1589 1175 1623 γείτονος
1204 1588 1302 1624 ἐφεξῆς
1332 1589 1377 1615 καὶ
1406 1589 1535 1624 δευτέρας
1557 1589 1695 1625 ὁράσεως,
1723 1598 1844 1625 καταση-

1055 1635 1144 1670 μαίνει
1167 1634 1212 1661 τὸν
1236 1634 1342 1669 χρόνον,
1367 1633 1427 1660 καθ’
1447 1634 1477 1660 ὃν
1499 1634 1549 1661 οὐκ
1574 1635 1614 1666 εἰς
1634 1635 1717 1670 μέρος
1742 1643 1770 1661 τι
1793 1635 1844 1670 τῆς

1052 1681 1121 1716 γῆς,
1143 1681 1203 1708 οὐδὲ
1226 1682 1254 1708 ὲν
1280 1681 1329 1716 μιᾷ
1353 1681 1429 1716 χώρᾳ
1444 1689 1473 1707 τε
1499 1681 1546 1708 καὶ
1574 1682 1650 1708 πόλει
1663 1681 1695 1708 τὸ
1714 1681 1761 1708 τοῦ
1784 1681 1843 1708 διας

1053 1726 1132 1752 ϐόλου
1169 1728 1292 1752 πεσεῖται
1327 1727 1445 1761 κράτος,
1477 1726 1671 1762 καθῃρημένης
1702 1728 1744 1758 εἰς
1771 1727 1843 1754 ἅπαν

1053 1770 1102 1804 τῆς
1116 1769 1170 1796 τῶν
1185 1769 1302 1796 είδώλων
1314 1769 1442 1805 λατρείας
1465 1771 1512 1796 καὶ
1527 1770 1641 1805 βεϐήλου
1657 1772 1841 1806 κατασκευῆς,

1052 1815 1109 1842 ἀλλ’
1134 1815 1163 1848 ἐξ
1188 1816 1295 1850 ἀπάσης
1322 1815 1490 1851 ληφθήσεται
1517 1818 1567 1851 τῆς
1600 1816 1646 1843 ὑπ’
1675 1817 1791 1852 οὐρανὸν
1826 1819 1842 1853 ὴ

1052 1861 1140 1887 τοιάδε
1164 1860 1252 1893 νόσος,
1277 1861 1323 1887 καὶ
1341 1862 1396 1887 τῶν
1411 1861 1573 1897 ἀκαθάρτων
1588 1862 1734 1897 δαιμονίων
1758 1865 1776 1898 ἡ
1797 1872 1842 1890 τν-

1054 1907 1155 1939 ραννίς.
1171 1906 1358 1942 Κατώρθωται
1374 1907 1403 1934 δὲ
1419 1907 1466 1934 καὶ
1485 1908 1566 1934 τοῦτο
1581 1909 1637 1940 τοῖς
1659 1909 1708 1935 ἐπὶ
1729 1909 1779 1944 τῆς
1792 1910 1841 1944 γῆς

1053 1953 1082 1978 ὲν
1095 1953 1222 1987 ἐσχάταις
1241 1952 1368 1987 ἡμέραις,
1384 1952 1455 1979 τοῦτ’
1471 1952 1555 1985 ἑστιν,
1569 1953 1597 1979 ἑν
1614 1953 1781 1985 τελευταίοις
1796 1954 1839 1980 τοῦ

1053 1998 1185 2034 παρόντος
1208 1997 1304 2029 αἰῶνος
1320 1999 1434 2033 καιροῖς,
1451 1998 1513 2024 καθ’
1530 1998 1577 2029 οὓς
1589 1999 1746 2033 ἐπέλαμψεν
1765 2000 1780 2025 ὀ
1795 2007 1841 2034 μι-

1053 2045 1164 2078 νογενὴς
1182 2043 1228 2070 τοῦ
1251 2043 1318 2070 Θεοῦ
1341 2044 1443 2078 Λόγος,
1471 2045 1614 2079 γενόμενος
1649 2046 1681 2072 ἐκ
1703 2045 1838 2079 γυναικός.

1054 2090 1118 2116 Ὅτε
1135 2089 1181 2116 καὶ
1194 2089 1275 2120 αὐτὸς
1301 2089 1390 2124 ἐαυτῷ
1407 2090 1561 2125 παρέστησε
1584 2090 1634 2125 τὴν
1654 2090 1755 2125 νοητὴν
1776 2090 1839 2116 Ἰουι

1052 2135 1141 2166 δαίαν,
1159 2135 1242 2169 ἤγουν
1264 2134 1451 2170 Ἰερουσαλὴμ,
1466 2135 1537 2161 τοῦτ’
1558 2134 1641 2167 ἐστιν,
1656 2135 1706 2170 τὴν
1728 2135 1839 2170 Ἐκκλη-

1016 2194 1038 2221 ι)
1054 2180 1113 2206 σίαν
1137 2179 1269 2214 παρθένον
1286 2180 1381 2215 ἁγνὴν,
1401 2180 1438 2215 μὴ
1455 2180 1569 2215 ἔχουσαν
1585 2181 1688 2213 σπῖλον,
1703 2180 1720 2216 ἢ
1737 2180 1838 2215 ῥυτίδα,

216 2220 282 2240 vero
296 2213 372 2245 dicit,
389 2221 399 2238 ι
417 2213 482 2246 Quia
499 2214 582 2244 eritin
596 2216 826 2243 cxtremisdiebus
842 2218 1000 2251 spectabilis

1059 2226 1070 2260 ί]
1087 2234 1113 2251 τι
1128 2213 1333 2257 τῶντοιούτων,
1349 2213 1698 2261 -κατὰ-τδ-γεγραμμένοψ
1714 2213 1798 2260 ἆγίαν
1813 2226 1838 2251 δὲ

216 2266 293 2286 mons
325 2259 440 2293 Domini,
459 2264 486 2286 et
503 2260 598 2287 domus
621 2261 665 2287 Dei
685 2260 769 2289 Iacob
808 2270 889 2297 super
919 2265 1000 2291 editis

216 2304 366 2332 montibus.
387 2314 396 2330 ›
419 2305 528 2339 Legitur
541 2306 648 2340 quidem
680 2307 745 2334 Sion
780 2307 824 2335 illa
847 2309 1000 2338 Judznorum

217 2349 243 2375 iu
257 2355 346 2376 monte
357 2350 409 2377 sita
421 2355 448 2377 et
462 2350 607 2384 aediﬁcata;
624 2351 734 2386 intelligi
753 2358 841 2380 tamen
857 2359 946 2387 potest
957 2355 1001 2382 hic

218 2401 270 2420 non
287 2402 378 2422 crasse
392 2399 440 2422 aut
450 2395 660 2429 sensibiliter,at
677 2398 854 2431 spiritualiter
868 2399 999 2431 Ecclesia,

215 2447 276 2474 qua:
295 2441 375 2467 etiam
400 2441 485 2468 monti
506 2439 688 2476 comparatur.
716 2443 894 2471 Etenimvere
904 2449 1000 2472 estex-

215 2487 287 2513 celsa
300 2491 327 2513 et
339 2487 460 2519 illustris,
474 2491 500 2514 et
509 2488 634 2516 omnibus
643 2489 741 2523 ubique
755 2490 906 2517 notissima.
916 2490 1002 2517 Aliter

215 2531 297 2558 etiam
319 2531 423 2558 excelsa
438 2536 489 2564 est,
504 2533 634 2566 quoniam
660 2534 760 2561 terreni
788 2534 854 2561 nihil
868 2536 949 2569 sapit,
973 2540 1001 2562 at

215 2583 296 2610 supra
316 2584 360 2605 res
375 2583 495 2605 terrenas
517 2584 569 2610 est,
587 2584 614 2606 et
635 2579 748 2614 gloriam
777 2579 835 2613 Dei,
867 2586 1000 2615 quatenus

214 2621 288 2654 licet,
312 2623 393 2650 animi
419 2624 504 2651 oculis
529 2625 657 2657 intuetur,
673 2629 700 2651 et
722 2625 883 2653 sublimibus
911 2628 1001 2655 admo-

215 2668 277 2694 dum
296 2668 329 2696 de
345 2669 399 2696 Deo
412 2671 585 2705 opinionibus
598 2671 737 2705 gloriatur.
763 2671 916 2700 Grzucorum
926 2675 998 2702 enim

215 2714 323 2747 eruditi,
338 2714 392 2750 36
411 2716 515 2743 etiamsi
531 2716 670 2750 sapientia:
688 2717 796 2745 nomine
814 2718 891 2746 valde
901 2727 997 2754 super-

488 2771 496 2789 :
530 2767 661 2789 creatura:
699 2767 787 2791 tamen
830 2765 996 2793 divinitatem

215 2759 305 2786 cilium
330 2761 460 2788 ..ζει-ειη

217 2778 305 2786 ν-..νιιι
383 2778 460 2788 υιυιη
488 2781 495 2789 .
530 2778 661 2789 an-amula:
700 2778 787 2791 lalllcll
830 2778 996 2793 υινιιιιιῖιιιςηι

217 2778 522 2846 ηίηηειιηῒιιιυηᾱίιιυθ
542 2807 682 2837 elementis
699 2811 900 2838 venerationem
914 2813 995 2839 attri-

253 2859 277 2876 η
291 2847 372 2892 non};
387 2868 424 2895 ιι,
441 2861 487 2894 28,
503 2861 549 2889 29.

1053 2271 1152 2306 μᾶλλον
1177 2271 1223 2298 καὶ
1246 2271 1370 2306 ἄμωμον.
1396 2272 1452 2299 Καὶ
1479 2272 1543 2306 περὶ
1569 2271 1654 2306 αὐτῆς
1675 2280 1779 2306 φησιν,
1801 2272 1837 2298 ὅτι

1051 2317 1127 2343 ἔσται
1141 2318 1170 2343 ὲν
1185 2318 1244 2348 ταῖς
1260 2318 1386 2352 ἐσχάταις
1397 2318 1515 2353 ἡμέραις
1527 2317 1648 2352 ἐμφανὲς
1659 2318 1690 2344 τὸ
1703 2317 1767 2353 ὅρος
1784 2319 1838 2345 Κυ-

1053 2363 1122 2398 ρίου,
1143 2363 1190 2389 καὶ
1207 2364 1221 2388 ὁ
1241 2360 1314 2395 οἶκος
1332 2363 1380 2390 τοῦ
1405 2363 1473 2390 Θεοῦ
1497 2363 1594 2390 Ἰακὼϐ
1611 2363 1654 2389 ἐπ’
1671 2363 1766 2398 ἄκρων
1787 2363 1837 2390 τῶν

1052 2409 1146 2444 ὀρέων.
1164 2409 1218 2435 Καὶ
1235 2410 1299 2443 ἡμῖν
1315 2409 1364 2444 μὲν
1385 2409 1454 2435 Σιὼν
1471 2410 1487 2443 ἡ
1501 2409 1573 2436 κατά
1587 2418 1619 2443 γε
1634 2409 1683 2444 τὴν
1701 2409 1835 2440 Ἰουδαίαν,

1052 2454 1082 2479 ὲν
1096 2453 1154 2489 ὁρει
1171 2455 1274 2480 κεῖσθαί
1289 2463 1317 2480 τε
1339 2454 1385 2480 καὶ
1405 2455 1605 2490 οἰκοδομεῖσθαι
1630 2454 1752 2487 λέγεται.
1771 2455 1837 2490 Nor,-

1052 2498 1111 2534 θείη
1125 2499 1146 2525 δ’
1165 2499 1198 2526 ἂν
1214 2500 1263 2526 οὐκ
1277 2499 1413 2534 αἰσθητῶς
1427 2500 1538 2535 μᾶλλον,
1559 2500 1627 2526 ἀλλὰ
1647 2501 1836 2535 πνευματικῶς

1052 2545 1081 2572 ὲν
1097 2545 1202 2577 τούτοις
1224 2546 1241 2580 ἡ
1265 2545 1421 2580 Ἐκκλησία,
1445 2546 1462 2580 ἢ
1489 2547 1536 2572 καὶ
1557 2546 1615 2582 opst
1630 2547 1833 2582 παρεικάςεται.

1052 2590 1107 2616 Καὶ
1127 2590 1182 2625 γάρ
1206 2590 1279 2616 ἔστιν
1292 2590 1401 2625 ἀληθῶς
1424 2591 1512 2626 ὑψηλὴ
1540 2593 1587 2618 καὶ
1610 2592 1769 2626 περίοπτος,
1793 2592 1833 2619 καὶ

1051 2636 1249 2671 γνωριμωτάτη
1272 2638 1327 2667 τοῖς
1350 2637 1517 2671 ἁπανταχοῦ.
1540 2637 1644 2672 ’Υῲηλὴ
1670 2637 1700 2663 δὲ
1722 2638 1770 2664 καὶ
1784 2638 1831 2664 ἐτέ-

1053 2689 1125 2716 ρως·
1145 2681 1251 2715 φρονεῖν
1274 2681 1328 2716 γὰρ
1352 2681 1406 2708 τῶν
1429 2682 1559 2715 ἐπιγείων
1583 2682 1658 2708 οὐδὲν
1676 2682 1746 2715 ἀλλ’,
1770 2682 1830 2716 ὑψοῦ

1051 2726 1104 2752 τῶν
1121 2726 1248 2759 ἐπιγείων
1267 2727 1350 2758 ἐστιν,
1368 2727 1415 2752 καὶ
1433 2726 1481 2762 τὴν
1492 2726 1539 2752 τοῦ
1551 2727 1617 2753 Θεοῦ
1631 2727 1720 2760 δόξαν,
1737 2727 1775 2758 ὡς
1785 2727 1828 2758 ἔνι,

1051 2771 1194 2806 περιαθρεϊ
1217 2772 1273 2802 τοῖς
1296 2771 1345 2806 τῆς
1367 2771 1485 2803 διανοίας
1505 2771 1629 2805 ὄμμασι,
1651 2771 1699 2798 καὶ
1724 2771 1828 2806 ὑψηλοῖς

1051 2818 1120 2850 ἄγαν
1144 2817 1198 2848 τοῖς
1221 2817 1284 2851 περὶ
1304 2817 1385 2844 αὐτοῦ
1401 2817 1534 2852 δόγμασιν
1553 2817 1678 2851 ἐπαυχεῖ.
1701 2816 1827 2852 Ἐλλήνων
