1890 3053
59 142 85 170 69
646 126 679 173 iN
700 145 814 174 ISAIAM
835 146 898 174 LIB.
920 146 938 173 ι.
960 145 1063 174 ORAT.
1086 146 1118 173 ιι.
1654 150 1687 178 το

63 203 164 239 μὲνγὰρ
181 204 206 230 οι
224 204 357 239 λογάδες,
383 207 470 234 καίτοι
494 208 614 242 μεγάλην
634 207 680 234 ἐπὶ
699 208 778 243 σοφίᾳ
801 207 849 243 τὴν

909 212 997 234 guunt.
1030 208 1177 235 Terrenam
1204 208 1336 242 siquidem
1369 209 1469 236 habent
1498 218 1628 244 menum,
1660 215 1688 237 ct

63 249 135 283 ῥςρῐιν
150 249 348 283 ἀνασπῶντες,
367 252 520 280 θεοποιοῦσι
538 253 586 288 τὴν
599 254 697 285 κτίσιν,
722 255 769 280 καὶ
793 255 850 286 τοῖς

62 294 102 320 τοῦ
113 294 213 329 κόσμου
227 297 378 332 στοιχείοις
393 299 425 325 τὸ
440 299 519 331 σέϐας
531 300 690 327 ἀνάπτουσι.
704 301 849 336 Χοαμαλὸν

63 340 110 376 γὰρ
121 340 213 375 ἔχουσι
228 342 276 368 τὸν
291 343 369 377 νοῦν,
384 345 432 371 καὶ
446 346 600 381 χαμαιριφῆ
624 347 658 373 τὰ
673 346 848 382 θεωρήματα,

65 385 105 412 καὶ
133 387 180 421 τὴν
216 387 334 423 καρδίαν
362 390 574 425 ὲσκοτισμένην·
604 391 753 425 φάσκοντες
780 389 850 418 εἶναι

65 431 132 465 σοφοὶ
144 433 359 468 ἐμωράνθησαν,
375 435 446 462 κατὰ
466 436 495 462 τὸ
509 436 710 471 γεγραμμένον.
731 437 762 462 'll
776 436 805 463 δέ
818 445 850 470 γε

65 477 139 512 νοητὴ
164 478 247 510 Σιὼν,
276 480 350 506 τοῦτ’
369 480 453 513 ἔστιν,
471 482 488 516 ἡ
518 481 676 517 Ἐκκλησία,
692 483 780 510 πᾶσαν
802 483 850 518 μὲν

64 523 244 559 ὑπερίπταται
253 526 343 553 κτίσιν
356 528 458 562 ὀρατήν
470 536 499 554 τε
511 528 556 554 καὶ
565 528 689 564 ἀόρατον,
697 529 851 563 ἀφικνεῖται

63 567 89 593 δὲ
109 570 177 606 πρὸς
196 570 284 606 αὐτὴν
300 570 351 606 τὴν
364 572 418 598 τῶν
430 572 498 598 ὅλων
512 573 639 600 ἐπέκεινα
657 573 746 607 φύσιν.
761 573 851 605 Φωτὺς

66 617 116 652 γὰρ
127 617 174 644 τοῦ
189 616 263 643 θείου
276 617 462 652 μεμέστωται,
479 618 526 645 καὶ
538 618 621 654 αὐτὴν
635 618 851 653 ἐπιγινώσκουσα

65 664 108 690 καὶ
134 663 301 698 δημιουργὸν
326 664 375 690 κα)⁸
396 664 522 700 τεχνίτην
552 665 606 691 τῶν
635 666 703 692 ὅλων
726 666 794 700 αὐτῇ
820 674 850 691 τε

70 710 107 736 καὶ
123 709 191 744 μόνῃ
209 709 240 735 τὸ
256 709 327 735 κατὰ
342 709 452 737 πάντων
466 711 597 746 ἀπονέμει
608 711 717 746 κράτος.
740 711 794 737 Καὶ
816 712 850 746 τῇ

69 755 150 790 τοιᾷδε
165 753 230 788 δόξῃ
250 755 378 788 στεφανοί
390 755 436 781 τὸν
451 755 504 782 τῶν
519 756 587 783 ὅλων
608 756 783 792 παμϐασιλέα
804 756 852 782 καὶ

63 802 125 828 Θεὸν
149 801 199 828 καὶ
221 800 333 836 Κύριον.
362 801 444 836 Ὄρος
469 801 613 837 τοιγαροῦν
637 802 732 837 νοητὸν
750 803 764 828 ὁ
778 800 852 834 οἶκος

61 848 105 874 τοῦ
119 847 189 875 Θεοῦ
203 848 314 879 δικαίως
330 846 362 874 ἂν
375 846 490 881 λέγοιτο.
507 848 560 874 Καὶ
577 848 634 875 ἐστι
654 848 796 884 διαφανὴς,
813 848 852 880 ὼς

903 253 1017 280 humiles
1031 254 1218 288 cogitationes,
1242 259 1269 282 et
1284 262 1330 282 cur
1360 255 1567 282 obtenebratum
1593 265 1599 282 :
1624 263 1686 283 cum

901 304 930 325 se
955 297 1077 326 dicerent
1091 307 1153 326 esse
1172 299 1321 334 sapientes,
1353 301 1475 328 infamati
1510 306 1583 335 sunt,
1609 302 1689 329 siculi

901 342 1033 377 scriptum
1061 348 1103 370 est
1128 344 1161 372 ⁸³.
1188 345 1224 371 Λι
1252 345 1318 372 Sion
1345 345 1540 380 intelligibiiis,
1568 346 1690 374 Ecclesia

901 388 1015 420 scilicet,
1032 395 1113 423 supra
1137 397 1244 417 omnem
1269 396 1421 418 creaturam
1443 396 1470 419 et
1496 392 1688 427 aspectabilem

900 439 927 460 et
973 434 1194 468 inaspeclabilcm
1220 436 1319 469 evolat,
1346 442 1374 464 et
1403 437 1472 465 ultra
1497 438 1583 472 ipsam
1621 439 1690 466 adeo

900 479 1086 507 universitatis
1122 486 1248 508 naturam
1263 482 1400 517 pertingit,
1435 483 1575 511 luceenim
1599 484 1689 512 divina

901 525 978 559 plena
993 530 1043 559 est,
1066 525 1193 561 illamque
1216 528 1338 561 agnoscit
1362 528 1485 562 opiﬁcem
1502 529 1690 564 artiﬁcemque

901 571 1152 604 universorum,illi
1185 577 1266 607 atque
1304 573 1371 601 adeo
1393 573 1441 601 soli
1477 575 1623 609 potentiam
1660 575 1688 602 in

901 617 991 643 omnia
1019 617 1129 650 tribuit,
1173 623 1201 645 et
1227 618 1361 652 ejusmodi
1389 619 1473 654 gloria
1501 620 1687 647 universorum

902 662 1001 697 Regem
1016 668 1210 697 praepotentem
1228 671 1261 690 ac
1289 664 1431 691 Dominum
1456 669 1579 691 coronat.
1618 665 1688 692 Hinc

901 709 982 743 igitur
998 715 1074 735 mons
1095 708 1273 744 intelligibilis
1297 710 1392 737 domus
1408 709 1453 736 Dei
1470 709 1531 743 jure
1545 709 1598 737 dici
1627 717 1690 744 pos-

902 753 948 781 sit.
968 752 1001 779 Et
1020 757 1061 780 cst
1077 753 1199 786 illustris,
1215 758 1308 788 utpote
1325 761 1406 788 supra
1422 753 1504 782 colles
1521 753 1636 781 elevata.
1652 755 1690 781 De

902 799 945 826 illa
967 806 1031 826 vero
1049 799 1119 826 istud
1147 799 1241 827 merito
1263 800 1323 834 quis
1354 800 1464 832 dixerit,
1481 800 1552 834 quod
1578 800 1690 828 illustris

902 844 1016 878 exempli
1034 844 1093 871 loco
1121 843 1274 872 Servatoris
1301 853 1367 872 voce
1391 846 1490 873 dictum
1526 851 1590 874 est:
1612 846 1688 874 «Non

61 894 105 920 ἐπὶ
128 894 234 929 βουνῶν
255 894 386 929 ἠρμένος.
405 893 473 928 Φαίη
490 893 512 919 δ’
529 894 561 920 ἄν
583 903 624 925 τις
641 894 683 920 ἐπ’
696 883 778 921 αὑτοῦ
803 895 850 921 καὶ

909 893 990 916 Jotest
1002 889 1098 916 civitas
1117 890 1245 917 abscondi
1259 898 1340 925 supra
1373 896 1491 918 montem
1515 892 1603 926 posita
1619 892 1652 919 ⁸⁸.
1675 902 1685 918 ι

62 940 133 975 μάλα
146 939 263 971 εἰκότως
276 939 307 966 τὸ
320 939 365 966 διὰ
383 939 433 974 τῆς
448 938 494 964 τοῦ
511 939 639 974 Σωτῆρος
654 939 755 974 φωνῆς,
769 941 805 971 ὡς
818 939 851 966 ὲκ

61 986 284 1020 παραδείγματος
298 984 432 1019 ἐναργοῦς
459 984 620 1019 εἰρημένον·
649 993 658 1010 ι
684 985 720 1011 UO
741 984 851 1011 δύναται

61 1031 138 1062 πόλις
150 1030 288 1066 κρυϐῆναι
301 1030 393 1057 ἐπάνω
409 1030 488 1065 ὅρους
499 1030 621 1065 κειμένη.
643 1040 652 1055 ›
671 1030 725 1056 Καὶ
739 1029 852 1056 πλεῖστα

63 1076 110 1111 μὲν
131 1076 165 1103 ἄν
187 1084 232 1106 τις
253 1075 421 1108 συλλέξαιτο,
437 1075 484 1101 καὶ
501 1074 571 1110 μάλα
592 1074 690 1109 ῥᾳδίως
714 1074 747 1101 τὰ
767 1074 800 1101 δι’
814 1071 851 1101 ὧν

62 1121 133 1147 ἔστιν
151 1121 215 1147 ἰδεῖν
231 1121 307 1152 παρὰ
317 1121 377 1151 ταίς
394 1120 582 1151 θεοπνεύστοις
604 1120 736 1154 Γραφαῖς,
749 1120 789 1146 ὅτι
805 1120 852 1146 καὶ

64 1166 177 1201 βουνοῖς,
195 1166 244 1192 καὶ
265 1166 341 1201 ὄρεσι
356 1165 553 1200 παρεικάζεται
567 1165 618 1201 τῆς
635 1166 732 1201 νοητῆς
754 1166 853 1202 Ίερου·

66 1213 152 1248 σαλὴμ
181 1213 212 1239 τὸ
241 1213 399 1247 ἀνάστημα,
425 1212 496 1238 τοῦτ’
524 1211 591 1243 ἐστι,
609 1212 658 1247 τῆς
690 1211 853 1247 Ἐκκλησίας

65 1258 92 1284 τὸ
111 1258 188 1292 ῦιξος.
207 1257 378 1292 Βαδιούμεοα
398 1257 427 1283 δὲ
444 1257 511 1292 πρὸς
525 1257 559 1283 τὰ
583 1257 624 1292 ἐφ’
642 1256 716 1292 ἑξῆς,
732 1258 787 1287 τοίς
807 1265 853 1291 φι-

66 1304 207 1339 λομαθέσιν
220 1304 334 1338 ἀφέντες
350 1303 385 1329 τὰ
398 1303 485 1330 τοιάδε
502 1303 648 1338 συλλέγειν,
662 1304 739 1338 εἴπερ
752 1303 853 1330 ἕλοιντο

66 1349 140 1376 τοῦτο
155 1349 233 1384 δρᾷν.
256 1349 367 1384 Ἴὸωμεν
385 1349 414 1375 δὲ
433 1349 459 1375 τί
475 1349 504 1378 τὺ
520 1348 614 1375 τελοῦν
629 1349 668 1380 είς
684 1349 775 1384 ὄνησιν
798 1350 853 1380 τοῖς

66 1395 107 1421 ἐπὶ
122 1395 172 1430 τῆς
186 1396 250 1430 γῆς.
275 1395 341 1421 Ἀπό
357 1403 390 1428 γε
408 1394 454 1421 τοῦ
473 1395 517 1421 τὸν
529 1392 602 1421 οἶκον
616 1394 663 1421 τοῦ
681 1394 748 1420 Θεοῦ
762 1394 856 1435 περίοτ

68 1449 130 1467 πτον
150 1440 221 1466 οὕτω
235 1439 363 1474 γενέσθαι
378 1441 436 1471 τοῖς
457 1439 625 1474 ἁπανταχοῦ,
646 1439 683 1470 ὡς
699 1440 786 1466 δοκεῖν
803 1440 853 1475 ἤδη

67 1494 122 1516 πως
140 1485 275 1519 ὑψοῦσθαί
289 1493 319 1511 τε
341 1486 388 1511 ἐπὶ
414 1485 533 1519 βουνοὺς,
554 1484 601 1511 καὶ
622 1485 664 1511 ἐπ’
685 1485 776 1520 ἄκρων
798 1486 854 1511 κεῖ‹

66 1531 124 1558 σθαι
139 1531 192 1557 τῶν
216 1531 313 1566 ὀρέων.
335 1530 440 1557 οὐκοῦν
457 1531 657 1566 πληροφορήσει
675 1530 761 1565 λέγων
774 1530 854 1562 εὐθὺς

65 1576 76 1601 ὁ
90 1576 244 1611 προφήτης.
268 1585 277 1601 ι
295 1576 351 1602 Καὶ
366 1575 476 1610 ἥξουσιν
487 1575 530 1601 ἐπ’
544 1575 610 1602 αὐτὸ
623 1575 713 1602 πάντα
729 1575 762 1602 τὰ
772 1575 834 1611 ἐονη
846 1584 852 1590 “

65 1622 108 1648 καὶ
135 1621 317 1656 πορεύσονται
346 1621 410 1657 ἔθνη
432 1622 516 1648 πολλὰ
536 1622 583 1648 καὶ
609 1621 733 1657 ἐροῦσιν*
761 1621 853 1654 Δεῦτε,

64 1666 210 1701 ἀναθῶμεν
224 1667 264 1698 είς
277 1666 308 1692 τὸ
322 1666 385 1702 ὅρος
402 1666 448 1693 τοῦ
464 1666 578 1701 Κυρίου,
594 1667 641 1693 καὶ
656 1667 695 1698 είς
715 1666 761 1693 τὸν
781 1664 854 1693 οἷκον

64 1712 108 1739 τοῦ
125 1712 195 1739 Θεοῦ
218 1712 327 1740 Ἰακώϐ.
346 1713 402 1739 Καὶ
420 1713 566 1746 ἀναγγελεῖ
579 1713 645 1748 ἡμῖν
660 1713 709 1748 τὴν
731 1713 790 1739 ὁδὸν
805 1713 855 1740 αὐ-

64 1760 120 1792 τοῦ,
137 1759 185 1786 καὶ
202 1759 396 1795 πορευσόμεθα
418 1761 446 1786 ὲν
459 1760 538 1795 αὐτῇ.
555 1769 564 1785 ι
579 1760 640 1786 Ὅτι
667 1760 715 1795 μὲν
727 1758 773 1786 οὖν
794 1768 856 1786 συν-

64 1806 196 1842 ηθροίσθη
211 1805 342 1833 πάντατὰ
355 1805 430 1840 ἔθνη,
439 1806 485 1832 καὶ
501 1806 733 1841 συνδεδραμήκασι
747 1806 791 1832 διὰ
806 1806 855 1840 τῆς

65 1853 182 1884 πίστεως
197 1853 238 1884 εἰς
254 1852 303 1887 τὴν
329 1851 503 1886 Ἐκκλησίαν,
520 1851 549 1877 οὐ
563 1852 676 1887 μακρῶν
686 1853 752 1887 ἡμῖν
765 1851 855 1887 δεήσει

66 1899 131 1935 ’πρὸς
147 1897 286 1930 ἀπόδειξιν
303 1897 401 1932 λόγων.
426 1897 499 1933 Αὐτὴ
525 1897 552 1923 δὲ
576 1897 629 1924 τῶν
653 1897 855 1933 πραγμάτωνή

65 1943 176 1974 ἔκϐασις
194 1943 369 1978 αὐτόμαρτυς
395 1942 470 1969 ἔσται
488 1943 535 1969 καὶ
550 1942 662 1978 ἀληθής.
680 1943 752 1978 Πλὴν
769 1943 857 1969 ἐκεῖνο

64 1987 291 2022 καταϐαυμάζειν
315 1986 401 2020 ἄξιον.
426 1986 565 2020 Κέκληται
589 1986 643 2022 γὰρ
657 1986 710 2013 τῶν
732 1986 816 2013 ἐθνῶν
839 1987 855 2022 ὴ

63 2033 182 2067 πληθὺς,
198 2033 229 2058 οὐ
248 2031 292 2058 διὰ
306 2032 357 2066 τῆς
379 2031 426 2058 τοῦ
442 2032 524 2067 νόμου
542 2032 744 2066 παιδαγωγίας,
760 2032 790 2058 οὐ
812 2031 857 2058 διὰ

65 2078 215 2113 προφητῶν
242 2078 345 2112 ἁγίων·
361 2078 467 2113 ἀγείρει
483 2078 510 2104 δὲ
527 2077 627 2113 μᾶλλον
648 2077 717 2105 αὐτὰ
733 2076 792 2104 θεία
814 2085 858 2109 τις

64 2126 110 2150 καὶ
125 2125 285 2160 ἀπόρρητος
309 2123 391 2159 χάρις
411 2123 514 2158 νοητῶς
534 2123 718 2159 ἑλλάμπουσα,
743 2123 790 2150 καὶ
807 2123 858 2158 τῆς

64 2170 109 2196 διὰ
135 2170 257 2205 Χριστοῦ
281 2170 419 2205 σωτηρίας
440 2170 575 2196 ἐντιθεῖσα
598 2170 648 2205 τὴν
676 2169 778 2204 ἔφεσιν.
803 2169 857 2196 Θέα

902 934 971 962 Sunt
994 942 1058 962 vero
1071 935 1145 970 plura
1163 936 1214 963 alia
1228 944 1288 971 quin
1310 936 1440 965 facillime
1453 937 1541 972 colligi
1564 944 1684 973 possent,

902 982 973 1009 unde
995 981 1088 1009 videre
1103 982 1185 1009 estin
1210 982 1357 1016 Scripturis
1388 983 1515 1010 divinitus
1538 984 1688 1018 inspiratis,

901 1024 1049 1053 Jerusalem
1076 1026 1252 1060 intelligibilis
1294 1027 1410 1061 apicem,
1437 1028 1462 1054 id
1487 1032 1538 1060 est,
1563 1028 1690 1056 Ecclesiae

902 1071 1100 1106 celsitudinem,
1113 1072 1225 1100 collibus
1244 1077 1270 1100 et
1284 1074 1419 1101 montibus
1433 1075 1596 1108 comparari.
1628 1076 1689 1102 (23:-

903 1122 989 1144 terum
1004 1118 1036 1144 ad
1050 1118 1189 1153 sequentia
1207 1118 1355 1152 veniemus,
1372 1119 1430 1146 lucc
1443 1120 1569 1147 studiosis
1580 1127 1692 1148 coacer-

903 1163 990 1190 vanda
1009 1163 1201 1198 relinquentes,
1220 1164 1242 1190 si
1260 1165 1367 1198 quidem
1385 1165 1411 1192 id
1428 1165 1517 1192 facere
1532 1165 1688 1193 voluerint:

904 1208 1042 1235 videamus
1057 1216 1122 1235 vero
1155 1209 1219 1243 quid
1247 1209 1370 1237 utilitatis
1395 1210 1553 1238 mortalibus
1583 1212 1689 1245 aiIerat,

904 1254 1012 1281 domum
1028 1254 1073 1281 Dei
1090 1254 1159 1282 hanc
1174 1256 1351 1289 conspicuam
1373 1263 1433 1283 esse
1452 1264 1484 1283 ac
1515 1258 1690 1291 spectabilem

905 1299 1015 1326 ubilibet
1027 1299 1162 1333 omnibus,
1196 1300 1232 1327 ita
1247 1305 1275 1326 ut
1288 1300 1344 1334 jam
1371 1301 1568 1335 quodammodo
1598 1308 1692 1330 evecta

905 1349 985 1376 supra
1005 1342 1112 1375 collem,
1136 1347 1162 1370 et
1176 1343 1202 1370 iu
1228 1343 1308 1371 editis
1333 1345 1471 1373 tnontibus
1500 1339 1632 1374 collocata
1655 1349 1692 1374 vi~

905 1388 1010 1415 deatur.
1036 1388 1063 1415 ld
1084 1396 1146 1416 vero
1158 1397 1220 1416 mox
1242 1390 1372 1424 propheta
1395 1391 1502 1418 abunde
1532 1392 1690 1425 declarabit,

905 1434 1017 1461 dicens:
1036 1442 1045 1459 ι
1064 1434 1096 1461 Et
1108 1434 1215 1461 venient
1228 1435 1260 1462 ad
1275 1442 1337 1462 eum
1358 1443 1452 1464 omnes
1467 1441 1571 1470 gentes,
1584 1442 1612 1465 et
1633 1446 1692 1466 am-

905 1478 1034 1506 bulabunt
1047 1484 1141 1514 gentes
1157 1480 1256 1512 inullze,
1281 1487 1313 1507 ac
1326 1481 1416 1508 dicent
1431 1491 1438 1509 :
1452 1482 1561 1515 Adeste,
1593 1491 1690 1511 ascen-

907 1525 1001 1552 damus
1017 1525 1043 1552 in
1058 1529 1175 1552 mouteut
1202 1525 1308 1552 Domini
1325 1530 1350 1554 et
1364 1526 1390 1553 in
1403 1527 1511 1554 domum
1532 1527 1578 1555 Dei
1594 1527 1690 1556 Iacob.

907 1569 938 1600 Et
955 1569 1126 1596 annuutiabit
1144 1569 1223 1596 nobis
1239 1569 1309 1596 viam
1324 1576 1411 1602 suam,
1438 1575 1465 1597 et
1496 1571 1693 1598 ambulabimus

906 1615 932 1642 in
952 1622 993 1642 ca.
1011 1624 1020 1641 I
1044 1615 1126 1650 Atqui
1140 1622 1233 1642 omnes
1249 1619 1343 1648 gentes
1367 1619 1476 1643 coactas
1492 1615 1588 1648 fuisse,
1602 1620 1628 1643 et
1643 1623 1693 1650 per

906 1661 984 1688 tidem
1006 1661 1033 1688 in
1052 1661 1200 1688 Ecclesiam
1223 1661 1397 1694 conﬂuxisse,
1416 1661 1532 1696 longiori
1548 1661 1692 1688 verborum

905 1707 1019 1735 circuitu
1043 1707 1068 1735 id
1082 1707 1269 1734 demonstrare
1284 1714 1336 1733 non
1363 1706 1415 1734 erit
1433 1714 1502 1740 opus
1518 1716 1525 1734 :
1547 1707 1611 1742 quin
1637 1708 1694 1741 ipse

905 1761 995 1781 rerum
1011 1758 1123 1780 eventus
1139 1753 1290 1787 ipsissimus
1303 1752 1355 1780 erit
1377 1760 1409 1781 ac
1430 1761 1511 1780 verus
1525 1754 1612 1781 testis.
1626 1753 1693 1781 Illud

906 1803 997 1825 autent
1012 1798 1141 1825 admirari
1167 1805 1256 1832 opera:
1275 1798 1390 1832 pretium
1417 1797 1509 1825 fuerit.
1534 1797 1636 1826 Vocala
1653 1803 1695 1826 est

906 1845 977 1871 enim
1005 1844 1124 1879 gentium
1147 1843 1307 1875 multitudo,
1323 1850 1376 1869 non
1402 1850 1448 1877 per
1472 1843 1538 1879 legis
1567 1844 1694 1880 paedago-

907 1889 989 1924 giam,
1006 1896 1058 1915 non
1071 1895 1118 1923 per
1131 1892 1240 1915 sanctos
1255 1888 1417 1922 prophetas;
1433 1888 1480 1915 sed
1498 1889 1588 1915 divina
1605 1888 1694 1924 potius

906 1939 933 1962 et
949 1941 1045 1961 arcana
1064 1934 1186 1968 qumdam
1210 1933 1308 1967 gratia,
1336 1933 1518 1966 iutelligeuter
1545 1935 1692 1969 irradiaus,

906 1983 934 2006 et
948 1978 1042 2005 salutis
1058 1985 1105 2012 per
1127 1977 1266 2005 Christum
1284 1978 1446 2005 desiderium
1474 1979 1618 2012 instillans,
1644 1986 1693 2008 eas

907 2024 1092 2058 congregavit.
1106 2022 1203 2058 Specta
1214 2023 1284 2050 enim
1296 2025 1430 2057 quomodo
1445 2023 1518 2051 nullo
1531 2026 1695 2059 praedicante

907 2071 958 2098 sibi
973 2071 1088 2098 invicem
1113 2069 1263 2097 acclamant
1278 2078 1284 2097 :
1299 2078 1309 2095 ι
1326 2070 1426 2097 Adeste
1438 2074 1465 2097 et
1477 2071 1656 2099 ascendamus
1667 2072 1695 2100 in

907 2117 960 2152 37
981 2120 1100 2143 montem
1120 2115 1236 2148 Domini,
1254 2120 1282 2143 et
1306 2116 1333 2142 in
1353 2116 1461 2143 domum
1480 2116 1525 2143 Dei
1550 2116 1644 2145 Jacob.
1661 2117 1696 2145 Et

908 2162 1081 2190 aununtiahit
1109 2161 1187 2188 nobis
1203 2161 1274 2188 viam
1299 2169 1388 2194 suam,
1405 2167 1432 2189 et
1456 2162 1653 2191 ambulabimus
1667 2164 1694 2192 itt

65 2215 120 2249 γὰρ
146 2215 222 2246 ὅπως
250 2214 463 2250 διακηρὺξαντος
487 2215 578 2246 αὐτοῖς
600 2214 707 2246 οὐδενὸς
733 2214 856 2249 ἀλλήλοις

909 2216 949 2236 ea.
963 2218 972 2235 ι
991 2208 1109 2236 Primum
1132 2208 1291 2241 ascendunt,
1307 2208 1367 2235 dcin
1390 2208 1430 2235 sic
1443 2213 1576 2243 quazrunt,
1592 2214 1619 2236 ut
1637 2217 1696 2237 ver-

67 2261 220 2295 im;wvsi°
248 2269 257 2286 ι
277 2260 357 2286 Δεῦτε
381 2261 429 2286 καὶ
451 2260 596 2295 ἀναδῶμεν
619 2261 659 2292 εἰς
680 2260 710 2286 τδ
727 2260 789 2296 ὅρος
810 2260 858 2286 τοῦ

68 2306 185 2340 Κυρίου,
212 2306 260 2332 καὶ
283 2307 323 2337 είς
347 2305 394 2332 τὸν
419 2302 491 2332 οἶκον
519 2305 566 2332 τοῦ
590 2305 658 2332 Θεοῦ
689 2304 795 2337 Ἰακὼϐ,
812 2305 859 2332 καὶ

70 2352 217 2385 ἀναγγελεῖ
228 2352 296 2386 ἡμῖν
314 2351 364 2385 τὴν
378 2351 437 2377 ὁδὸν
450 2350 544 2382 αὐτοῦ,
559 2351 606 2377 καὶ
621 2350 810 2386 πορευσόμεθα
831 2351 860 2376 ὲν

72 2397 148 2432 αὐτῇ.
179 2406 188 2422 ι
218 2395 331 2430 Πρῶτον
355 2394 556 2428 ἀναϐαίνουσιν,
572 2392 709 2421 εἷθ”οὖτω
734 2393 860 2429 ζητοῦσιν

73 2440 284 2475 ἐπαγγέλλεσθαί
306 2449 336 2467 τε
353 2440 400 2466 τὸν
412 2438 459 2466 τοῦ
480 2439 547 2466 Θεοῦ
569 2439 648 2473 λόγον
666 2438 766 2470 αὐτοῖς.
794 2438 862 2464 ’Υπ-

74 2487 226 2522 ισχνοῦνται
245 2486 273 2513 δὲ
288 2487 336 2513 καὶ
353 2485 473 2521 βαδίζειν
489 2485 538 2521 τὴν
553 2485 610 2512 ὁδὸν
629 2484 676 2511 τοῦ
690 2484 802 2519 Κυρίου,
815 2483 861 2518 δῆ-

74 2533 117 2560 λον
139 2533 168 2560 δὲ
189 2534 231 2560 ὅτι
250 2533 300 2568 τὴν
327 2531 520 2567 εὐαγγελικὴν,
546 2530 724 2567 προεισὸολὴν
748 2530 862 2566 ἔχουσαν

76 2579 120 2615 τὴν
145 2579 189 2607 διὰ
218 2579 339 2610 πίστεως
364 2576 662 2612 κάθαρσιν.”Εοίκασι
683 2575 711 2602 δὲ
731 2576 779 2611 τὴν
803 2575 862 2602 ὀδδν

78 2626 174 2661 Κυρίου
190 2624 338 2660 ζητοῦντες
363 2623 468 2658 μαθεῖν,
482 2623 532 2658 τῆς
547 2622 664 2658 ἀρχαίας
684 2621 792 2656 ἐκείνης
815 2621 863 2648 καὶ

78 2670 185 2705 βεϐήλου
212 2670 319 2705 πλάνης
351 2668 576 2704 προεισδέξασθαι
603 2667 652 2702 τὴν
680 2667 861 2701 κατάγνωσιν,

80 2716 169 2743 Ἔσται
187 2716 241 2752 γὰρ
256 2715 320 2750 οὐχὶ
343 2714 446 2749 ἑτέρως
471 2714 500 2740 ὲν
522 2714 588 2749 ἡμῖν
601 2713 655 2740 τῶν
678 2712 819 2747 βελτιόνων
845 2713 861 2748 ἡ

79 2761 174 2796 ἔφεσις,
191 2761 229 2797 μὴ
248 2761 312 2796 οὐχὶ
335 2759 370 2795 δὴ
396 2758 504 2795 πρῶτον
526 2759 794 2794 προκατεγνωκότων
809 2759 864 2786 τῶν

110 2850 130 2866 η
148 2849 225 2879 Rom.
246 2858 267 2884 ι,
283 2849 333 2876 22.
375 2848 399 2864 ιι
416 2847 511 2875 Matth.
525 2855 553 2882 χ,
567 2847 611 2876 ιι.

909 2254 973 2282 bum
994 2253 1098 2281 Domini
1118 2252 1169 2280 sibi
1189 2254 1375 2285 annuntietur,
1399 2259 1424 2281 et
1447 2254 1580 2289 recipiunt
1599 2262 1628 2282 se
1645 2256 1697 2283 itu-

909 2307 953 2327 ros
969 2299 1038 2326 viam
1055 2298 1174 2331 Domini,
1201 2298 1326 2325 nimirum
1343 2299 1537 2334 evangelicam,
1560 2300 1635 2334 cujus
1650 2301 1698 2327 ad-

910 2345 962 2372 itus
975 2349 1017 2371 est
1030 2343 1154 2378 purgatio
1168 2350 1217 2378 per
1229 2343 1319 2370 ﬁdem.
1334 2344 1385 2376 Qui
1400 2349 1490 2372 autem
1507 2345 1575 2372 viam
1592 2345 1698 2373 Domini

910 2391 1020 2425 cupiunt
1039 2391 1154 2422 discere,
1172 2389 1315 2416 inveterati
1333 2389 1404 2417 illius
1423 2394 1450 2417 et
1471 2390 1576 2425 profani
1597 2393 1700 2420 erroris

913 2436 1165 2464 condemnationem
1186 2435 1311 2462 videntur
1333 2440 1395 2461 ante
1416 2437 1565 2471 suscipere.
1594 2438 1700 2473 Alioqui

916 2489 967 2508 non
991 2481 1044 2509 erit
1074 2481 1101 2508 in
1130 2480 1209 2508 nobis
1235 2480 1278 2507 illa
1309 2481 1450 2508 meliorum
1477 2482 1617 2517 cxpetitio,
1647 2484 1700 2511 nisi

915 2529 990 2563 prius
1001 2532 1091 2556 vetera
1104 2527 1191 2562 prima
1208 2527 1409 2554 damnantibus.
1422 2527 1488 2560 Quis
1499 2535 1564 2563 ergo
1577 2529 1630 2557 illis
1643 2534 1702 2557 erat

916 2573 1108 2609 mystagogus?
1127 2573 1193 2606 Quis
1211 2573 1322 2600 deduxit
1337 2573 1368 2600 ad
1383 2574 1548 2608 agnitionem
1565 2575 1701 2609 veritatis,

916 2625 944 2646 et
966 2618 1098 2654 persuasit
1122 2619 1172 2652 eis,
1198 2622 1227 2645 ut
1250 2619 1337 2652 prima
1361 2619 1552 2647 existimarent
1576 2621 1700 2654 ridicula,

916 2671 943 2694 et
953 2667 986 2693 ad
994 2665 1146 2700 posteriora
1160 2664 1354 2691 accurrerent?
1364 2665 1459 2692 Annon
1480 2666 1603 2694 videlicet
1617 2666 1702 2694 Deus?

917 2712 974 2746 qui,
989 2716 1018 2738 ut
1035 2711 1100 2744 dixi,
1116 2710 1222 2738 illorum
1236 2711 1370 2740 utentibus
1387 2717 1415 2740 et
1439 2713 1513 2740 cordi
1539 2713 1635 2746 illuxit,
1652 2713 1700 2740 ad-

917 2758 1047 2794 duxitque
1060 2763 1090 2786 ut
1104 2758 1226 2787 dicerent
1241 2758 1321 2787 simul
1335 2763 1361 2787 et
1375 2760 1508 2788 sentirent
1523 2769 1529 2787 :
1549 2768 1560 2785 ι
1580 2759 1619 2787 Ex
1636 2759 1700 2786 Sion
