1890 3053
214 127 243 154 τί
728 126 756 153 S.
777 125 913 153 CYRILH
934 125 1165 152 ALl'IXANliiliNl
1187 125 1345 152 AilClllEl‘.
1814 122 1847 148 ΤΞ

215 188 368 221 egiedietur
385 187 437 218 lex.
456 191 483 213 et
506 187 616 213 verbum
635 185 740 212 Domini
757 186 789 211 de
813 184 974 212 Jerusalem.
994 193 998 209 l

1081 185 1151 211 άλαι.
1171 185 1218 216 Τίς
1234 184 1280 210 οὖν
1302 184 1355 219 ἄρα
1376 183 1485 217 γέγονεν
1502 183 1592 214 αὐτοῖς
1609 183 1623 210 ὁ
1644 181 1847 218 μυσταγωγός;

237 235 290 262 uod
313 234 448 268 geminum
468 239 577 259 sensum
601 231 691 258 habet.
714 231 767 257 Aut
789 231 859 257 enim
878 231 940 256 illud
961 231 1004 257 di-

212 287 289 313 cunt,
303 281 358 308 Nos
370 280 481 308 verbum
506 287 520 306 a
535 279 616 306 domo
634 279 683 306 Dci
703 279 881 313 accipiemus;
898 283 926 306 et
943 287 1003 306 cum

211 328 247 355 ibi
270 327 402 354 fuerimus
421 327 532 353 verbum
555 325 601 352 Dei
627 333 830 360 cognoscemus.
855 326 909 352 Aut
931 326 1002 360 quod

210 373 254 399 lex
277 373 385 406 reliquit
399 372 482 404 Sion,
504 377 532 398 et
555 379 587 399 ex
605 379 636 399 ea
664 370 743 398 veluti
770 371 909 404 migravit,
926 373 1003 400 etab

209 417 361 445 Jerusalem
378 417 424 444 Dei
443 417 559 444 Verbum
575 417 701 444 excessit.
724 416 872 451 Postquam
885 418 956 444 enim
976 418 1001 444 in

209 463 348 491 Christum
359 464 516 491 debacchati
532 468 604 496 sunt,
619 469 647 490 et
661 470 773 497 regnum
787 463 845 497 ejus
860 467 1001 498 negarunt,

210 518 258 538 eos
272 511 382 545 reliquit
405 511 539 545 orphanos
554 515 580 537 et
595 512 692 543 orbos;
708 509 829 544 illudque
846 510 945 538 dictum
961 517 1002 539 est

210 564 259 592 per
275 557 430 592 prophetam
450 567 456 584 :
476 566 486 582 ι
504 556 536 583 Ει
554 557 610 583 dixi
627 566 634 584 :
650 555 708 583 Non
733 563 841 590 pascam
861 564 920 589 vos,
945 565 1003 584 mo—

211 602 284 629 riens
300 605 438 634 moriatur,
453 607 481 629 et
497 603 627 630 deﬁciens
639 603 755 636 deticiat,
771 608 797 630 et
813 603 926 638 posthac
939 603 1002 631 edat

209 649 323 682 quisque
338 649 455 682 proximi
482 649 521 675 sui
539 656 636 676 carnes
651 649 684 676 ⁸⁸.
704 659 713 675 ι
725 650 820 685 Itaque
831 650 873 676 lex
894 656 1002 684 egressa

208 699 249 721 est
264 702 295 720 ex
322 694 398 726 Sion,
414 699 441 721 et
457 695 567 722 verbum
587 690 744 723 υοιιιὶιιὶοε
760 695 922 723 Jerusalem.
939 695 1003 722 Post

208 740 362 767 Servatoris
381 740 452 766 enim
470 748 578 767 crucem
600 741 741 775 obsignata
756 745 798 768 est
815 742 882 768 visio
897 746 924 768 et
940 748 1002 775 pro-

207 787 317 820 phetia:
338 794 387 814 nec
401 786 516 821 amplius
530 787 598 821 apud
616 787 689 821 ipsos
711 787 756 814 Dei
776 787 819 814 lex
842 791 869 814 et
889 787 1000 814 verbum

209 831 269 858 fuit.
286 831 402 866 Ideoque
416 832 525 865 divinus
539 831 638 859 Paulus
655 837 757 859 tantum
771 840 824 860 non
839 833 999 867 desperans,

1056 230 1103 261 Τίς
1118 230 1133 256 ὁ
1157 229 1301 264 ἀναφέρων
1320 230 1359 260 εἰς
1381 228 1527 261 ἐπίγνωσιν
1551 226 1691 261 ἀληθείας,
1710 224 1847 255 ambiu-

1054 275 1154 302 πείθων
1166 275 1264 306 αὐτοὺς
1279 275 1469 308 καταγέλαστα
1486 273 1534 308 μὲν
1549 273 1673 309 ἡγεῖσθαι
1687 272 1722 298 τὰ
1736 271 1846 305 πρῶτα,

1054 322 1231 357 προστρέχειν
1245 321 1273 347 δὲ
1295 322 1351 352 τοῖς
1366 321 1519 355 δευτέροις;
1537 320 1553 355 ἢ
1575 319 1696 354 δηλονότι
1723 317 1812 349 Θεὸ;;
1834 319 1848 344 ὁ

1054 368 1101 394 καὶ
1112 367 1249 402 ἑλλάμψας
1264 368 1365 398 αὐτοῖς,
1377 366 1414 398 ὼς
1431 366 1507 401 ἔφην,
1522 367 1561 397 είς
1578 365 1639 392 νοῦν
1657 365 1703 392 καὶ
1716 363 1846 399 καρδίαν,

1054 414 1100 440 καὶ
1119 414 1269 444 ἀναπείσας
1288 414 1375 439 εἰπεῖν
1387 421 1417 438 τε
1432 412 1490 446 ἅμα
1507 412 1554 438 καὶ
1569 412 1688 447 φρονεῖν,
1702 411 1746 437 ὅτι
1768 419 1778 435 ι
1799 409 1846 435 Ἐκ

1054 459 1124 486 Σιὼν
1138 459 1306 492 ἐξελεύσεται
1322 459 1412 494 νόμος,
1427 459 1474 484 καὶ
1486 457 1564 492 λόγος
1578 457 1679 492 Κυρίου
1693 457 1722 489 ἐξ
1744 456 1848 490 Ἰερου-

1054 506 1154 541 σαλήμ.
1174 514 1184 531 ι
1208 505 1302 531 Ὧδίνει
1317 505 1344 531 δὲ
1358 505 1437 531 τοῦτο
1455 503 1551 540 διπλῆν
1565 503 1606 538 ἐφ’
1627 502 1717 537 ἑαυτῷ
1734 502 1788 536 τὴν
1804 501 1847 527 ἔν-

1053 561 1138 579 νοιαν.
1156 552 1192 578 Ἣ
1213 551 1266 587 γὰρ
1282 551 1369 578 ἐκεῖνό
1383 559 1474 585 φασιν,
1490 551 1530 576 ὅτι
1551 549 1700 584 Ληψόμεθα
1715 548 1801 581 λόγον
1817 548 1848 574 ὲκ

1052 600 1099 626 τοῦ
1115 599 1188 626 οἴκου
1203 598 1248 625 τοῦ
1265 597 1343 630 Θεοῦ,
1360 598 1407 624 καὶ
1420 597 1464 623 τὸν
1476 596 1522 623 τοῦ
1538 595 1605 622 Θεοῦ
1626 595 1705 629 λόγον
1719 594 1786 620 ἐκεῖ
1804 602 1848 627 γει

1053 646 1161 679 γονὸτες
1175 644 1319 679 εἰσόμεθα·
1336 644 1352 678 ἦ
1369 644 1409 670 ὅτι
1437 642 1613 669 καταλέλοιπε
1627 642 1676 675 τὴν
1699 640 1786 672 Σιὼν,
1802 640 1848 666 καὶ

1051 689 1108 718 οἷον
1124 690 1274 725 ἐκϐέϐηκεν
1290 689 1337 716 ἀπ’
1352 688 1436 723 αὐτῆς
1450 689 1464 714 ὁ
1477 688 1569 722 νόμος,
1586 686 1631 713 καὶ
1647 685 1702 712 ἀπὸ
1722 685 1777 720 τῆς
1801 684 1846 710 Ἰε-

1053 738 1171 774 ρουσαλὴ
1176 746 1194 772 μ
1209 736 1428 771 ἀποπεφοίτηκεν
1441 736 1455 761 ὁ
1465 734 1511 760 τοῦ
1523 733 1591 760 Θεοῦ
1609 734 1704 767 Λόγος.
1733 731 1847 766 Ἐπειδὴ

1051 784 1105 819 γὰρ
1119 783 1349 818 πεπαρῳνὴκασιν
1371 782 1411 812 είς
1432 780 1558 816 Χριστὸν,
1574 778 1732 815 ἡρνήσαντό
1750 787 1782 804 τε
1798 778 1846 812 τὴν

1053 828 1190 862 βασιλείαν
1213 827 1307 860 αὑτοῦ,
1327 826 1521 853 καταλέλοιπεν
1542 825 1649 857 αὐτοὺς,
1665 824 1712 851 καὶ
1735 823 1846 858 ἀφῆκεν

207 882 234 904 et
253 877 478 905 inemendabilem
502 877 655 905 Iudaeorum
673 879 777 905 turbam
801 879 973 913 conspicatus
989 885 996 905 :

1080 873 1195 909 φανούς.
1219 874 1274 900 Καὶ
1294 873 1373 900 τοῦτο
1386 871 1420 908 ἧν
1434 873 1464 899 τὸ
1477 872 1521 899 διὰ
1538 871 1586 898 τοῦ
1603 871 1748 906 προφήτου
1766 869 1846 903 λεγό-

209 932 219 949 ι
248 924 344 956 Vobis,
371 933 381 950 ι
410 925 505 958 inquit,
532 933 542 950 ‹
570 931 681 951 necesse
707 929 765 951 erat
792 925 863 959 loqui
886 925 997 952 verbum

207 970 313 996 Domini
331 978 337 996 :
352 974 495 1004 postquam
513 974 600 997 autem
626 970 761 1004 repulistis
785 970 862 1001 illud,
882 975 909 997 et
927 970 997 997 indi-

205 1022 272 1050 gnos
288 1023 336 1042 vos
359 1015 446 1042 facitis
466 1020 567 1042 mterna
584 1015 654 1049 vita,
678 1022 741 1043 ecce
759 1015 942 1042 convertimur
963 1015 996 1042 ad

206 1067 310 1096 gentes.
340 1061 387 1089 Sie
415 1061 487 1089 enim
516 1062 644 1096 praecepit
672 1061 751 1089 nobis
780 1061 908 1088 Dominus
926 1061 961 1088 ⁸⁸.
983 1069 994 1087 ι

206 1107 284 1135 Disce
300 1107 379 1142 igitur
407 1115 460 1142 quo
477 1113 555 1142 pacto
571 1109 596 1135 in
614 1109 699 1143 gratia
718 1108 764 1135 Dei
779 1107 914 1136 exsultent
932 1115 996 1142 gen-

207 1157 257 1180 tes.
274 1152 340 1180 Nam
356 1160 389 1180 ex
408 1153 472 1181 Sion
499 1159 526 1180 et
549 1153 700 1181 Jerusalem
719 1153 801 1188 legem
829 1158 857 1181 et
884 1153 994 1180 verbum

205 1197 312 1226 Domini
335 1200 480 1227 recessisse
492 1200 595 1232 dicunt,
622 1200 785 1234 omninoque
811 1200 843 1226 ad
860 1207 889 1226 se
908 1199 994 1226 demi-

204 1252 309 1279 grasse.
345 1245 463 1272 Transiit
489 1246 561 1272 enim
589 1246 674 1280 gratia
697 1246 731 1273 ah
756 1245 812 1277 his,
839 1245 884 1280 qui
915 1244 994 1272 tidem

206 1292 348 1319 voluerunt
374 1292 505 1325 rejiccre,
531 1291 563 1318 ad
590 1299 638 1318 eos
661 1292 706 1326 qui
732 1299 780 1326 per
803 1291 882 1318 ﬁdem
908 1290 995 1318 vocati

205 1342 278 1364 SllllI.

1051 929 1132 956 μενον
1143 929 1151 936 ·
1168 929 1178 946 ι
1195 920 1250 946 Καὶ
1265 917 1340 952 εἶπα,
1354 919 1383 946 οὐ
1406 918 1443 954 μὴ
1466 917 1590 951 ποιμανῶ
1605 918 1677 952 ὑμᾶς
1689 925 1695 932 ·
1718 915 1752 942 τδ
1775 915 1846 941 ἀπο·

1049 966 1166 1002 θνῆσκον
1187 965 1392 1001 ἀποθνησκέτω,
1412 965 1460 992 καὶ
1480 964 1511 990 τὸ
1525 964 1650 990 ἐκλεῖπον
1675 961 1843 992 ὲκλειπέτω,

1049 1013 1097 1040 καὶ
1114 1013 1148 1039 τὰ
1173 1013 1324 1039 κατάλοιπα
1352 1011 1466 1038 ἐσθιέτω
1482 1010 1625 1046 ἄνθρωπος
1649 1009 1768 1039 ἕκαστος
1792 1007 1844 1039 τὰς

1050 1061 1154 1096 σάρκας
1168 1058 1215 1086 τοῦ
1230 1059 1343 1094 πλησίον
1356 1058 1448 1085 αὐτοῦ.
1469 1067 1479 1083 ι
1501 1056 1628 1092 Ἐξῆλθεν
1650 1055 1742 1082 τοίνυν
1759 1054 1844 1090 νόμος

1049 1106 1082 1132 ὲκ
1112 1107 1161 1141 τῆς
1183 1104 1262 1136 Σιὼν,
1289 1104 1337 1130 καὶ
1359 1103 1438 1137 λόγος
1466 1102 1569 1139 Κυρίου
1596 1101 1626 1134 ἐξ
1646 1100 1841 1136 Ἰερουσαλήμ.

1056 1150 1241 1187 Ἐσφραγίσθη
1261 1150 1315 1185 γὰρ
1336 1150 1430 1185 ὅρασις
1453 1149 1500 1175 καὶ
1525 1147 1677 1184 προφητεία
1694 1145 1766 1181 μετὰ
1791 1144 1843 1171 τδν

1048 1197 1095 1224 τοῦ
1113 1197 1237 1232 Σωτῆρος
1254 1196 1380 1231 σταυρόν.
1395 1196 1450 1222 Καὶ
1468 1194 1559 1221 οὐκέτι
1572 1193 1636 1229 παρ’
1651 1193 1746 1224 αὐτοῖς
1765 1192 1781 1218 ὁ
1795 1191 1842 1218 τοῦ

1049 1244 1116 1271 Θεοῦ
1130 1244 1211 1279 νόμος
1223 1251 1252 1269 τε
1269 1243 1315 1269 καὶ
1329 1243 1416 1276 λόγος.
1435 1242 1488 1269 Καὶ
1499 1241 1562 1276 γοῦν
1576 1242 1590 1268 ὁ
1604 1240 1750 1271 θεσπέσιος
1765 1238 1844 1265 Παῦ-

1049 1289 1094 1321 λος
1108 1289 1250 1324 μονονουχὶ
1263 1289 1310 1315 καὶ
1324 1287 1491 1323 ἀπειρηκὼς,
1515 1287 1561 1314 καὶ
1575 1286 1756 1321 ἀνουθέτητον
1781 1284 1843 1319 βλέ-

1045 1345 1102 1362 πων
1115 1335 1164 1370 τὴν
1178 1334 1232 1361 τῶν
1252 1334 1385 1360 Ἰουδαίων
1396 1333 1511 1368 πληθὺν,
1529 1342 1537 1358 ι
1549 1333 1640 1368 Ὑμῖν,
1653 1343 1661 1358 ι
1676 1332 1790 1367 conciti,»
1807 1328 1842 1366 ἦν

205 1384 352 1418 ἀναγκαῖον
377 1383 524 1418 λαληθῆναι
537 1383 582 1410 τὸν
607 1383 686 1418 λόγον
709 1383 756 1410 τοῦ
772 1385 876 1420 Κυρίου
887 1393 893 1399 ·
908 1383 1002 1418 ἐπειδὴ
1021 1382 1049 1409 δὲ
1067 1381 1219 1409 ἀπωθεῖσθε
1240 1380 1331 1412 αὑτὸν,
1362 1379 1409 1406 καὶ
1423 1379 1472 1405 οὐκ
1492 1378 1582 1411 ἀξίους
1597 1378 1706 1414 κρίνετε
1723 1379 1842 1410 ἑαυτοὺς

203 1431 254 1465 τῆς
274 1429 382 1456 αἰωνίου
409 1430 491 1465 ζωῆς,
517 1431 572 1457 ἰδοὺ
595 1431 768 1466 στρεφόμεθα
787 1433 827 1463 εἰς
851 1432 886 1458 τὰ
912 1431 993 1466 ἕθνη”
1031 1430 1102 1458 οὕτω
1139 1429 1193 1465 γὰρ
1216 1428 1374 1456 ὲντὲταλκεν
1399 1428 1465 1462 ἡμῖν
1486 1427 1500 1453 ὁ
1521 1426 1633 1461 Κύριος.
1660 1435 1670 1452 ι
1692 1426 1777 1457 Σύνες
1792 1423 1841 1452 οὖν

203 1477 276 1508 ὅπως
303 1477 349 1503 ἐπὶ
369 1478 403 1513 τῇ
426 1476 473 1502 τοῦ
499 1477 618 1512 Χριστοῦ
647 1478 738 1514 χάριτι
760 1478 992 1513 μεγαλαυχοῦνται
1030 1478 1063 1504 τὰ
1086 1476 1160 1511 ἔθνη.
1189 1475 1255 1502 Ἀπὸ
1272 1474 1326 1509 γὰρ
1353 1474 1402 1509 τῆς
1436 1473 1504 1500 Σιὼν
1525 1474 1571 1499 καὶ
1588 1475 1637 1509 τῆς
1658 1473 1842 1508 Ἰερουσαλὴμ

203 1525 382 1560 ἐκϐεϐηκέναι
405 1524 472 1559 φασὶ
491 1524 571 1560 νόμον
588 1534 619 1552 τε
641 1526 688 1553 καὶ
704 1526 781 1560 λόγον
796 1526 842 1554 τοῦ
866 1527 969 1562 Κυρίου
982 1547 989 1560 ,
1017 1525 1215 1561 μεταςροιτῆσαι
1233 1525 1261 1551 δὲ
1294 1524 1402 1555 παντως
1419 1523 1459 1555 είς
1486 1522 1565 1551 αὑτά.
1580 1522 1763 1557 Μεταόέὸηκε
1784 1522 1842 1557 γὰρ

202 1573 220 1607 ὴ
232 1572 311 1607 χάρις
323 1573 354 1598 ἐκ
365 1571 420 1598 τῶν
439 1572 561 1599 ἀπειθεῖν
575 1573 709 1608 ἑλομένων
728 1575 767 1606 είς
790 1574 853 1606 τοὺς
868 1574 911 1600 διὰ
932 1575 981 1609 τῆς
996 1573 1114 1605 πίστεως
1130 1572 1327 1607 κεκλημένους.

237 1620 294 1656 38
313 1619 396 1647 Vens.
412 1621 439 1648 4.
460 1620 495 1647 Et
510 1621 640 1656 judicabit
656 1623 724 1649 inter
743 1627 840 1657 gentes,
855 1627 879 1650 et
899 1627 990 1657 arguet

1080 1620 1133 1648 Kal
1157 1620 1254 1655 κρινεῖ
1272 1619 1428 1654 ἀναμέσον
1446 1617 1506 1645 τῶν
1522 1617 1628 1650 ἐθνῶν,
1653 1617 1703 1644 καί
1718 1616 1840 1652 ἐλέγξει

202 1668 325 1700 pupulum
339 1667 460 1700 multum,
478 1672 503 1694 et
521 1669 679 1696 contundam
694 1668 797 1703 gladios
808 1677 869 1696 suos
882 1669 909 1696 in
929 1678 994 1696 ara-

202 1718 253 1745 tra,
275 1718 298 1738 et
317 1713 421 1739 lanceas
439 1721 500 1740 sua:
521 1714 548 1740 in
568 1714 659 1748 falces,
675 1720 698 1741 et
715 1723 766 1741 non
780 1720 863 1742 sumet
885 1723 947 1750 gem
966 1717 994 1742 in

201 1763 302 1792 gentem
318 1758 452 1792 gladium,
481 1767 561 1794 neque
583 1759 682 1786 discent
701 1760 813 1795 amplius
836 1759 932 1787 bellant
948 1768 992 1796 ge-

202 1812 269 1831 fere.

236 1849 302 1876 Cum
318 1850 473 1884 praedixerit
489 1850 639 1885 potentiam
663 1850 761 1878 diaboli
777 1858 900 1879 casuram
922 1855 950 1878 et
966 1852 992 1879 in

201 1895 313 1936 nihilum
339 1896 492 1929 abituram,
517 1897 705 1932 idolorumque
730 1898 864 1926 fictionem
889 1898 992 1925 irritam

201 1949 364 1975 caesmnque
382 1942 513 1974 futuram,
529 1943 720 1971 exhortatione
733 1948 824 1971 mutua
839 1943 890 1971 sibi
906 1944 994 1971 accla-

200 1987 338 2014 mantibus
365 1987 490 2021 gentibus
511 1997 517 2015 :
539 1997 548 2013 ι
574 1989 674 2016 Adeste
702 1994 730 2016 et
755 1990 935 2018 ascendamus
965 1990 993 2017 in

200 2037 321 2059 montem
343 2032 467 2065 Domini,
485 2038 512 2060 et
535 2034 561 2061 in
587 2035 696 2062 domum
723 2035 768 2062 Dei
785 2034 879 2067 Jacob,
902 2041 929 2063 et
944 2043 993 2062 an-

200 2079 337 2106 nuutiabit
351 2079 428 2106 nobis
443 2081 513 2107 viam
526 2088 614 2113 suam,
624 2086 651 2108 et
669 2082 867 2109 ambulabimus
881 2083 906 2110 in
924 2090 966 2115 ea,
980 2092 989 2109 ι

199 2126 307 2158 tempus
320 2124 354 2151 ob
369 2124 462 2152 oculos
477 2127 628 2154 auditorum
645 2127 783 2154 constituit
796 2137 801 2154 :
819 2135 872 2162 quo
885 2136 915 2155 ea
932 2136 992 2163 qua:

199 2174 411 2196 commemorata
440 2174 502 2198 ante
534 2176 598 2198 sunt
619 2172 652 2198 ad
670 2172 749 2198 tinem
772 2173 943 2206 pervenient,
965 2177 992 2200 et

198 2220 233 2240 ex
249 2214 305 2249 ipsa
322 2222 411 2245 rerum
424 2217 580 2244 conditione
601 2218 666 2245 facit
681 2219 871 2246 clarissimum.
886 2220 990 2247 Etenim

198 2259 261 2287 olim
278 2269 340 2288 cum
359 2267 430 2289 terra
445 2270 497 2289 non
514 2268 587 2291 esset
604 2265 649 2291 uni
663 2265 727 2299 jugo
743 2266 860 2299 subdita,
876 2268 922 2294 scd
942 2275 990 2301 per

1044 1667 1120 1694 ,λαὸν
1136 1667 1236 1694 πολύν
1248 1675 1254 1681 ·
1272 1666 1322 1693 καὶ
1339 1666 1533 1700 συγκόψουσι
1551 1664 1604 1698 τὰς
1615 1664 1768 1699 μαχαίρας
1782 1665 1840 1690 αὺ-

1044 1713 1103 1740 τῶν
1124 1714 1166 1746 εὶς
1192 1712 1311 1747 ἄροτρα,
1332 1712 1381 1739 καὶ
1402 1711 1455 1744 τὰς
1477 1711 1595 1743 ᾄόὐνας
1613 1710 1712 1737 αὐτῶν
1731 1711 1777 1742 είς
1803 1710 1839 1736 τὰ

1044 1760 1186 1794 δρέπανα.
1206 1759 1260 1787 Καὶ
1281 1760 1317 1786 οὺ
1337 1759 1467 1794 λήψεται
1490 1759 1579 1791 ἔθνος
1600 1758 1648 1784 ἐπὶ
1676 1757 1766 1790 ἔθνος
1784 1757 1840 1792 μά-

1044 1814 1161 1841 χαιραν,
1180 1805 1229 1832 καί
1244 1806 1280 1832 οὐ
1295 1806 1338 1840 μὴ
1353 1804 1490 1839 μάθωσιν
1511 1805 1554 1832 ἔτι
1570 1803 1724 1838 πολεμεῖν.

1080 1852 1254 1888 Προειρηκὼς
1266 1853 1306 1878 ὅτι
1323 1852 1447 1879 πεσεῖταὶ
1461 1860 1490 1878 τε
1503 1852 1551 1879 καὶ
1565 1852 1706 1887 οἰχήσεται
1722 1850 1790 1886 πρὸς
1807 1850 1838 1877 τὸ

1045 1899 1129 1934 μηδὲν
1143 1899 1173 1925 τὸ
1186 1898 1233 1925 τοῦ
1245 1898 1366 1925 διαϐόλου
1383 1899 1482 1933 κράτος
1491 1906 1498 1914 ο
1514 1899 1629 1934 ἀργήσει
1643 1897 1671 1924 δὲ
1685 1897 1734 1924 καὶ
1747 1899 1764 1933 ἡ
1781 1897 1837 1924 τῶν

1044 1943 1160 1971 εἰδώλων
1170 1944 1278 1978 ποίησις
1289 1943 1480 1979 προτροπάδην
1490 1943 1612 1978 ἀλλήλων
1622 1942 1838 1976 ὲπιφωνοὺντων

1044 1989 1139 2016 ἐθνῶν·
1153 1998 1162 2015 ι
1174 1989 1265 2020 Δεῦτε,
1278 1989 1421 2024 ἀναδῶμεν
1432 1990 1472 2020 είς
1485 1988 1515 2014 τὸ
1530 1988 1591 2023 ὅρος
1599 1987 1646 2014 τοῦ
1658 1988 1775 2022 Κυρίου,
1786 1988 1836 2014 καὶ

1043 2036 1083 2066 είς
1094 2035 1140 2062 τὸν
1150 2032 1224 2061 οἷκον
1237 2034 1284 2061 τοῦ
1298 2033 1365 2060 Θεοῦ
1380 2033 1486 2065 Ἰακὼϐ,
1495 2034 1542 2060 καὶ
1553 2033 1696 2067 ἀναγγελεῖ
1707 2034 1775 2068 ἡμῖν
1784 2033 1834 2068 τὴν

1042 2082 1101 2108 ὁδὸν
1109 2080 1202 2113 αὐτοῦ,
1213 2081 1260 2107 καὶ
1268 2079 1456 2115 πορευσόμεθα
1467 2081 1494 2107 ἐν
1507 2080 1586 2115 αὐτῇ·
1601 2089 1610 2105 ›
1620 2079 1769 2115 καθίστησι
1778 2082 1833 2111 τοῖς

1043 2126 1227 2162 ἀκροωμένοις
1240 2126 1342 2161 ἐναργῆ
1351 2126 1395 2152 τὸν
1404 2126 1509 2160 καιρὸν,
1523 2126 1582 2152 καθ’
1589 2126 1618 2152 ὂν
1627 2127 1666 2158 εἰς
1676 2127 1765 2161 πέρας
1772 2126 1833 2161 ἥξει

1042 2174 1076 2200 τὰ
1098 2173 1285 2208 προειρημένα
1295 2193 1302 2204 ,
1322 2173 1368 2200 καὶ
1381 2173 1410 2205 ἐξ
1424 2173 1507 2208 αὐτῆς
1521 2174 1571 2208 τῆς
1589 2173 1643 2199 τῶν
1658 2173 1833 2209 πραγμάτων

1043 2220 1235 2250 καταστάσεως
1246 2221 1360 2246 ποιεῖται
1373 2218 1593 2254 γνωριμώτατον.
1605 2219 1692 2245 Πάλαι
1704 2219 1756 2254 μὲν
1765 2218 1831 2254 γὰρ,

1042 2265 1091 2291 οὐκ
1105 2264 1189 2300 οὔσης
1202 2266 1251 2300 τῆς
1268 2265 1319 2300 γῆς
1341 2265 1394 2292 ὑπὸ
1415 2265 1496 2298 ζυγὸν
1512 2265 1570 2296 ἕνα,
1595 2264 1783 2300 διωρισμένων
1804 2265 1832 2291 δὲ

198 2306 321 2334 civitates
351 2312 379 2335 et
410 2309 533 2343 regiones
564 2310 793 2345 distinguerentur
816 2299 988 2348 gentes,_et

1080 2312 1112 2339 τά
1132 2321 1161 2338 τε
1182 2299 1273 2348 χώρας
1290 2313 1336 2338 καὶ
1357 2312 1449 2343 πόλεις
1469 2312 1524 2338 τῶν
1546 2299 1649 2343 ὲθνῶνς
1669 2313 1718 2338 καὶ
1739 2312 1831 2343 ίδικῶς

197 2359 312 2387 quaeque
329 2353 467 2388 sigillatim
483 2363 562 2382 suum
578 2355 691 2384 haberet
705 2358 800 2385 ducem
813 2379 821 2390 ,
845 2359 985 2386 dissidium

197 2402 266 2429 erat,
284 2401 312 2424 et
331 2398 402 2424 nulla
420 2399 559 2426 hominum
583 2402 722 2434 permislio
740 2407 791 2429 .aut
807 2403 985 2436 consociatio,

197 2443 244 2470 sed
260 2451 355 2478 pugna:
369 2449 395 2471 et
410 2445 478 2471 bella
492 2446 579 2473 ubivis
594 2447 713 2480 gentium
732 2449 908 2483 perdentibus
925 2457 986 2477 sese

196 2492 290 2515 mutuo
310 2493 389 2515 terra:
415 2489 625 2524 habitatoribus,
644 2497 671 2519 et
695 2500 804 2528 semper
822 2493 924 2520 alienas
943 2501 986 2521 res

196 2533 394 2567 diripientibus,
407 2540 431 2561 et
454 2536 577 2569 rapinam
593 2546 625 2564 ac
639 2537 784 2570 feritatem,
801 2543 895 2566 contra
913 2547 980 2573 quos

196 2579 312 2613 quisque
331 2584 447 2614 poterat,
463 2582 575 2616 gloriam
594 2592 726 2611 summam
749 2591 809 2611 esse
821 2585 981 2612 existiman-

195 2624 278 2652 tibus.
309 2624 363 2653 Nec
392 2627 472 2662 igitur
491 2633 575 2656 tutam
597 2631 790 2658 habitationem
819 2631 980 2665 habuerunt,

195 2677 303 2705 semper
324 2675 470 2708 migrantes
486 2675 518 2702 ad
534 2677 659 2708 alteram,
675 2680 702 2702 et
716 2675 748 2702 ab
762 2683 792 2702 ea
808 2684 887 2710 quam
901 2683 982 2704 occu-

193 2721 292 2751 parant
317 2718 451 2747 deturbati
478 2728 493 2747 a
521 2721 730 2755 potentioribus.
760 2721 892 2749 Creterqu
919 2730 980 2749 cum

195 2762 382 2791 universorum
421 2766 492 2793 Dcus
523 2766 707 2794 Romanorum
741 2769 854 2802 sceptris
886 2768 979 2795 orbem

228 2855 251 2872 "
264 2855 345 2884 Zach.
363 2865 402 2891 xi,
419 2857 445 2884 9.
483 2856 506 2872 ⁸⁸
521 2857 582 2884 Act.
599 2865 659 2890 xm,
677 2858 720 2885 46.

1040 2359 1160 2394 ἑκάστης
1185 2359 1300 2394 ἐχούσης
1322 2359 1367 2386 τὸν
1389 2358 1548 2394 ἡγούμενον,
1565 2357 1662 2393 ἀμιξία
1682 2366 1713 2384 τε
1728 2356 1764 2393 ἦν
1784 2358 1831 2384 καὶ

1042 2405 1126 2440 μάχαι
1141 2405 1188 2432 καὶ
1204 2405 1328 2440 πόλεμοι,
1345 2406 1470 2440 πανταχῆ
1485 2404 1691 2439 καταδῃούντων
1707 2404 1830 2438 ἀλλήλων

1039 2451 1093 2477 τῶν
1108 2451 1154 2478 ἐπὶ
1174 2451 1224 2486 τῆς
1238 2451 1300 2486 γῆς,
1312 2452 1358 2478 καὶ
1380 2451 1583 2487 διαρπαζόντων
1599 2451 1643 2478 ἀεὶ
1662 2451 1696 2478 τὰ
1715 2451 1828 2485 ἑτέρων,

1040 2496 1086 2522 καὶ
1102 2497 1151 2532 τὴν
1174 2497 1234 2523 καθ’
1259 2494 1296 2523 ὧν
1317 2496 1351 2523 ἃν
1372 2497 1494 2524 δύναιντο
1529 2497 1640 2523 ἔκαστοι
1669 2495 1829 2528 πλεονεξίαν

1035 2542 1083 2568 καὶ
1116 2541 1284 2577 ἀγριότητα,
1311 2542 1394 2574 δόξιθ
1419 2542 1565 2577 ἡγούμενοι
1605 2541 1654 2576 τὴν
1683 2540 1827 2567 ἀνωτάτω.

1033 2587 1137 2613 Οὐκοῦν
1151 2587 1211 2613 οὐδὲ
1224 2587 1332 2622 ἀσφαλῆ
1349 2588 1398 2622 τὴν
1414 2588 1521 2622 οἴκησιν
1539 2585 1621 2623 εἶχον,
1636 2588 1678 2613 ἀεὶ
1697 2587 1827 2622 μεθιστά-

1033 2640 1109 2666 μενοι
1131 2632 1198 2667 πρὸς
1217 2633 1323 2668 ἑτέραν,
1342 2634 1389 2660 καὶ
1409 2634 1461 2660 ὑπὸ
1485 2634 1538 2660 τῶν
1562 2634 1758 2669 δυνατωτέρων
1777 2632 1828 2667 τῆς

1033 2678 1201 2713 εἰλημμένης
1222 2678 1411 2713 ἐξωθούμενοι.
1443 2679 1553 2714 Ἐπειδὴ
1576 2679 1605 2705 δὲ
1633 2679 1648 2705 ὁ
1674 2679 1730 2705 τῶν
1758 2678 1826 2704 ὅλων

1034 2723 1099 2755 Θεὸς
1123 2725 1179 2755 τοῖς
1213 2724 1357 2759 Ῥωμαίων
1378 2725 1529 2761 σκήπτροις
1550 2725 1677 2760 ὑπήγαγε
1702 2725 1753 2760 τὴν
1779 2724 1826 2750 ὑπ’

1033 2769 1158 2803 οὔρανὸν,
1176 2769 1223 2803 μία
1244 2778 1274 2795 τε
1294 2769 1386 2797 λοιπὸν
1406 2771 1422 2805 ὴ
1445 2770 1516 2797 κατὰ
1540 2769 1660 2805 πάντων,
1680 2769 1826 2796 ἐκτέταται
