  <div class='ocr_page' id='page_1' title='image "/cluster/home/n/w/nwhite01/storage/ocr_20150623/70/njp.32101077772737/045.png"; bbox 0 0 1890 3053; ppageno 0'>
   <div class='ocr_carea' id='block_1_1' title="bbox 183 156 1810 196">
    <p class='ocr_par' dir='ltr' id='par_1_1' title="bbox 183 156 1810 196">
     <span class='ocr_line' id='line_1_1' title="bbox 183 156 1810 196; baseline -0.007 0"><span class='ocrx_word' id='word_1_1' title='bbox 183 169 216 196; x_wconf 69' lang='grc' dir='ltr'><strong>ἳθ</strong></span> <span class='ocrx_word' id='word_1_2' title='bbox 692 163 721 190; x_wconf 88' lang='lat' dir='ltr'><strong>S.</strong></span> <span class='ocrx_word' id='word_1_3' title='bbox 741 160 880 190; x_wconf 68' lang='lat' dir='ltr'><strong>(LYRILLI</strong></span> <span class='ocrx_word' id='word_1_4' title='bbox 900 159 1135 188; x_wconf 77' lang='lat' dir='ltr'><strong>ALEXANDRINI</strong></span> <span class='ocrx_word' id='word_1_5' title='bbox 1155 159 1306 188; x_wconf 73' lang='lat' dir='ltr'><strong>ARCHIEP</strong></span> <span class='ocrx_word' id='word_1_6' title='bbox 1775 156 1810 185; x_wconf 72' lang='grc'><strong>80</strong></span> 
     </span>
    </p>
   </div>
   <div class='ocr_carea' id='block_1_2' title="bbox 184 216 975 258">
    <p class='ocr_par' dir='ltr' id='par_1_2' title="bbox 184 220 966 258">
     <span class='ocr_line' id='line_1_2' title="bbox 184 220 966 258; baseline -0.006 -5"><span class='ocrx_word' id='word_1_7' title='bbox 184 233 229 258; x_wconf 87' lang='lat' dir='ltr'><strong>ac,</strong></span> <span class='ocrx_word' id='word_1_8' title='bbox 244 229 276 253; x_wconf 88' lang='lat' dir='ltr'><strong>ut</strong></span> <span class='ocrx_word' id='word_1_9' title='bbox 288 231 367 252; x_wconf 86' lang='lat' dir='ltr'><strong>sacra</strong></span> <span class='ocrx_word' id='word_1_10' title='bbox 383 223 521 258; x_wconf 70' lang='lat' dir='ltr'><strong>Scriptura</strong></span> <span class='ocrx_word' id='word_1_11' title='bbox 536 222 633 256; x_wconf 89' lang='lat' dir='ltr'><strong>inquit,</strong></span> <span class='ocrx_word' id='word_1_12' title='bbox 654 221 751 256; x_wconf 83' lang='lat' dir='ltr'><strong>Legem</strong></span> <span class='ocrx_word' id='word_1_13' title='bbox 767 221 801 248; x_wconf 88' lang='lat' dir='ltr'><strong>ad</strong></span> <span class='ocrx_word' id='word_1_14' title='bbox 815 220 966 249; x_wconf 72' lang='lat' dir='ltr'><strong>subsidium</strong></span> 
     </span>
    </p>
   </div>
   <div class='ocr_carea' id='block_1_3' title="bbox 1062 216 1810 258">
    <p class='ocr_par' dir='ltr' id='par_1_3' title="bbox 1062 216 1810 255">
     <span class='ocr_line' id='line_1_3' title="bbox 1062 216 1810 255; baseline -0.007 -7"><span class='ocrx_word' id='word_1_15' title='bbox 1062 230 1074 253; x_wconf 89' lang='lat'><strong>;</strong></span> <span class='ocrx_word' id='word_1_16' title='bbox 1104 219 1249 255; x_wconf 84' lang='grc' dir='ltr'>διαθήκην,</span> <span class='ocrx_word' id='word_1_17' title='bbox 1275 218 1338 246; x_wconf 78' lang='grc' dir='ltr'>οὗτε</span> <span class='ocrx_word' id='word_1_18' title='bbox 1365 219 1404 254; x_wconf 72' lang='grc' dir='ltr'><strong>μὴ</strong></span> <span class='ocrx_word' id='word_1_19' title='bbox 1424 218 1544 253; x_wconf 68' lang='grc' dir='ltr'>ἐλεήσαις</span> <span class='ocrx_word' id='word_1_20' title='bbox 1569 216 1679 249; x_wconf 73' lang='grc' dir='ltr'>αὐτοὺς.</span> <span class='ocrx_word' id='word_1_21' title='bbox 1703 216 1758 243; x_wconf 71' lang='grc' dir='ltr'>οὐδ’</span> <span class='ocrx_word' id='word_1_22' title='bbox 1779 217 1810 243; x_wconf 77' lang='grc' dir='ltr'>οὐ</span> 
     </span>
    </p>
   </div>
   <div class='ocr_carea' id='block_1_4' title="bbox 182 266 963 304">
    <p class='ocr_par' dir='ltr' id='par_1_4' title="bbox 182 266 963 304">
     <span class='ocr_line' id='line_1_4' title="bbox 182 266 963 304; baseline -0.005 -7"><span class='ocrx_word' id='word_1_23' title='bbox 182 270 266 298; x_wconf 85' lang='lat' dir='ltr'><strong>dedit.</strong></span> <span class='ocrx_word' id='word_1_24' title='bbox 292 269 332 297; x_wconf 87' lang='lat' dir='ltr'><strong>Illi</strong></span> <span class='ocrx_word' id='word_1_25' title='bbox 352 276 417 297; x_wconf 89' lang='lat' dir='ltr'><strong>vero</strong></span> <span class='ocrx_word' id='word_1_26' title='bbox 432 268 639 304; x_wconf 63' lang='lat' dir='ltr'><strong>praeceptionum</strong></span> <span class='ocrx_word' id='word_1_27' title='bbox 664 268 732 294; x_wconf 86' lang='lat' dir='ltr'><strong>adeo</strong></span> <span class='ocrx_word' id='word_1_28' title='bbox 746 266 963 294; x_wconf 84' lang='lat' dir='ltr'><strong>venerandarum</strong></span> 
     </span>
    </p>
   </div>
   <div class='ocr_carea' id='block_1_5' title="bbox 183 311 964 348">
    <p class='ocr_par' dir='ltr' id='par_1_5' title="bbox 183 311 964 348">
     <span class='ocr_line' id='line_1_5' title="bbox 183 311 964 348; baseline -0.009 -4"><span class='ocrx_word' id='word_1_29' title='bbox 183 324 249 344; x_wconf 82' lang='lat' dir='ltr'><strong>cura</strong></span> <span class='ocrx_word' id='word_1_30' title='bbox 265 315 380 348; x_wconf 73' lang='lat' dir='ltr'><strong>abiecta.</strong></span> <span class='ocrx_word' id='word_1_31' title='bbox 397 313 598 341; x_wconf 69' lang='lat' dir='ltr'><strong>inconsiderate</strong></span> <span class='ocrx_word' id='word_1_32' title='bbox 613 312 738 340; x_wconf 75' lang='lat' dir='ltr'><strong>conversi</strong></span> <span class='ocrx_word' id='word_1_33' title='bbox 750 316 813 340; x_wconf 90' lang='lat' dir='ltr'><strong>sunt</strong></span> <span class='ocrx_word' id='word_1_34' title='bbox 827 312 859 339; x_wconf 88' lang='lat' dir='ltr'><strong>ad</strong></span> <span class='ocrx_word' id='word_1_35' title='bbox 874 311 964 340; x_wconf 88' lang='lat' dir='ltr'><strong>omnia</strong></span> 
     </span>
    </p>
   </div>
   <div class='ocr_carea' id='block_1_6' title="bbox 185 357 966 397">
    <p class='ocr_par' dir='ltr' id='par_1_6' title="bbox 185 357 966 397">
     <span class='ocr_line' id='line_1_6' title="bbox 185 357 966 397; baseline -0.005 -9"><span class='ocrx_word' id='word_1_36' title='bbox 185 361 327 397; x_wconf 75' lang='lat' dir='ltr'><strong>praeceptis</strong></span> <span class='ocrx_word' id='word_1_37' title='bbox 338 360 490 387; x_wconf 85' lang='lat' dir='ltr'><strong>contraria.</strong></span> <span class='ocrx_word' id='word_1_38' title='bbox 507 358 688 394; x_wconf 79' lang='lat' dir='ltr'><strong>Applicabant</strong></span> <span class='ocrx_word' id='word_1_39' title='bbox 711 358 784 385; x_wconf 84' lang='lat' dir='ltr'><strong>enim</strong></span> <span class='ocrx_word' id='word_1_40' title='bbox 809 365 839 385; x_wconf 84' lang='lat' dir='ltr'><strong>se</strong></span> <span class='ocrx_word' id='word_1_41' title='bbox 860 357 966 385; x_wconf 82' lang='lat' dir='ltr'><strong>divina-</strong></span> 
     </span>
    </p>
   </div>
   <div class='ocr_carea' id='block_1_7' title="bbox 187 401 967 437">
    <p class='ocr_par' dir='ltr' id='par_1_7' title="bbox 187 401 967 437">
     <span class='ocr_line' id='line_1_7' title="bbox 187 401 967 437; baseline -0.006 -4"><span class='ocrx_word' id='word_1_42' title='bbox 187 405 304 433; x_wconf 84' lang='lat' dir='ltr'><strong>tionibus</strong></span> <span class='ocrx_word' id='word_1_43' title='bbox 315 409 341 432; x_wconf 92' lang='lat' dir='ltr'><strong>et</strong></span> <span class='ocrx_word' id='word_1_44' title='bbox 356 403 431 432; x_wconf 75' lang='lat' dir='ltr'><strong>falsis</strong></span> <span class='ocrx_word' id='word_1_45' title='bbox 446 403 592 436; x_wconf 88' lang='lat' dir='ltr'><strong>vaticiniis,</strong></span> <span class='ocrx_word' id='word_1_46' title='bbox 608 407 636 431; x_wconf 92' lang='lat' dir='ltr'><strong>et</strong></span> <span class='ocrx_word' id='word_1_47' title='bbox 649 402 683 430; x_wconf 89' lang='lat' dir='ltr'><strong>ab</strong></span> <span class='ocrx_word' id='word_1_48' title='bbox 700 402 742 430; x_wconf 88' lang='lat' dir='ltr'><strong>bis</strong></span> <span class='ocrx_word' id='word_1_49' title='bbox 758 402 805 437; x_wconf 91' lang='lat' dir='ltr'><strong>qui</strong></span> <span class='ocrx_word' id='word_1_50' title='bbox 819 401 898 430; x_wconf 84' lang='lat' dir='ltr'><strong>idolis</strong></span> <span class='ocrx_word' id='word_1_51' title='bbox 918 401 967 429; x_wconf 88' lang='lat' dir='ltr'><strong>ad-</strong></span> 
     </span>
    </p>
   </div>
   <div class='ocr_carea' id='block_1_8' title="bbox 185 448 967 483">
    <p class='ocr_par' dir='ltr' id='par_1_8' title="bbox 185 448 967 483">
     <span class='ocr_line' id='line_1_8' title="bbox 185 448 967 483; baseline -0.006 -5"><span class='ocrx_word' id='word_1_52' title='bbox 185 451 248 478; x_wconf 90' lang='lat' dir='ltr'><strong>dicti</strong></span> <span class='ocrx_word' id='word_1_53' title='bbox 260 454 337 478; x_wconf 88' lang='lat' dir='ltr'><strong>erant</strong></span> <span class='ocrx_word' id='word_1_54' title='bbox 354 457 387 477; x_wconf 92' lang='lat' dir='ltr'><strong>ac</strong></span> <span class='ocrx_word' id='word_1_55' title='bbox 406 449 515 483; x_wconf 88' lang='lat' dir='ltr'><strong>devoti,</strong></span> <span class='ocrx_word' id='word_1_56' title='bbox 537 448 690 476; x_wconf 77' lang='lat' dir='ltr'><strong>futurorum</strong></span> <span class='ocrx_word' id='word_1_57' title='bbox 718 448 841 476; x_wconf 87' lang='lat' dir='ltr'><strong>notitiam</strong></span> <span class='ocrx_word' id='word_1_58' title='bbox 860 454 967 482; x_wconf 68' lang='lat' dir='ltr'><strong>quaere-</strong></span> 
     </span>
    </p>
   </div>
   <div class='ocr_carea' id='block_1_9' title="bbox 186 492 970 529">
    <p class='ocr_par' dir='ltr' id='par_1_9' title="bbox 186 492 970 529">
     <span class='ocr_line' id='line_1_9' title="bbox 186 492 970 529; baseline -0.008 -5"><span class='ocrx_word' id='word_1_59' title='bbox 186 497 253 524; x_wconf 82' lang='lat' dir='ltr'><strong>bant</strong></span> <span class='ocrx_word' id='word_1_60' title='bbox 270 505 276 523; x_wconf 89' lang='lat'>:</span> <span class='ocrx_word' id='word_1_61' title='bbox 294 500 322 522; x_wconf 87' lang='lat' dir='ltr'><strong>et</strong></span> <span class='ocrx_word' id='word_1_62' title='bbox 346 502 412 522; x_wconf 86' lang='lat' dir='ltr'><strong>sane</strong></span> <span class='ocrx_word' id='word_1_63' title='bbox 428 494 576 529; x_wconf 82' lang='lat' dir='ltr'><strong>prophetas</strong></span> <span class='ocrx_word' id='word_1_64' title='bbox 600 497 711 521; x_wconf 85' lang='lat' dir='ltr'><strong>sanctos</strong></span> <span class='ocrx_word' id='word_1_65' title='bbox 736 492 924 528; x_wconf 80' lang='lat' dir='ltr'><strong>increpabant,</strong></span> <span class='ocrx_word' id='word_1_66' title='bbox 939 498 970 518; x_wconf 81' lang='lat' dir='ltr'><strong>ac</strong></span> 
     </span>
    </p>
   </div>
   <div class='ocr_carea' id='block_1_10' title="bbox 185 537 971 573">
    <p class='ocr_par' dir='ltr' id='par_1_10' title="bbox 185 537 971 573">
     <span class='ocr_line' id='line_1_10' title="bbox 185 537 971 573; baseline -0.005 -6"><span class='ocrx_word' id='word_1_67' title='bbox 185 540 311 568; x_wconf 86' lang='lat' dir='ltr'><strong>dicebant</strong></span> <span class='ocrx_word' id='word_1_68' title='bbox 333 548 340 567; x_wconf 90' lang='lat'><strong>:</strong></span> <span class='ocrx_word' id='word_1_69' title='bbox 366 549 376 566; x_wconf 80' lang='grc' dir='ltr'><strong>ι</strong></span> <span class='ocrx_word' id='word_1_70' title='bbox 398 539 459 567; x_wconf 78' lang='lat' dir='ltr'><strong>Alia</strong></span> <span class='ocrx_word' id='word_1_71' title='bbox 489 539 568 566; x_wconf 85' lang='lat' dir='ltr'><strong>nobis</strong></span> <span class='ocrx_word' id='word_1_72' title='bbox 596 537 738 573; x_wconf 86' lang='lat' dir='ltr'><strong>loquimini</strong></span> <span class='ocrx_word' id='word_1_73' title='bbox 761 542 789 565; x_wconf 90' lang='lat' dir='ltr'><strong>et</strong></span> <span class='ocrx_word' id='word_1_74' title='bbox 811 537 971 565; x_wconf 82' lang='lat' dir='ltr'><strong>annuntiate</strong></span> 
     </span>
    </p>
   </div>
   <div class='ocr_carea' id='block_1_11' title="bbox 186 583 969 619">
    <p class='ocr_par' dir='ltr' id='par_1_11' title="bbox 186 583 969 619">
     <span class='ocr_line' id='line_1_11' title="bbox 186 583 969 619; baseline -0.003 -7"><span class='ocrx_word' id='word_1_75' title='bbox 186 585 263 614; x_wconf 84' lang='lat' dir='ltr'><strong>nobis</strong></span> <span class='ocrx_word' id='word_1_76' title='bbox 293 585 373 612; x_wconf 87' lang='lat' dir='ltr'><strong>alium</strong></span> <span class='ocrx_word' id='word_1_77' title='bbox 397 591 518 614; x_wconf 81' lang='lat' dir='ltr'><strong>errorem</strong></span> <span class='ocrx_word' id='word_1_78' title='bbox 531 584 566 612; x_wconf 80' lang='grc'><strong>’⁸.</strong></span> <span class='ocrx_word' id='word_1_79' title='bbox 582 593 592 611; x_wconf 85' lang='grc'><strong>›</strong></span> <span class='ocrx_word' id='word_1_80' title='bbox 615 583 678 612; x_wconf 82' lang='lat' dir='ltr'><strong>Fuit</strong></span> <span class='ocrx_word' id='word_1_81' title='bbox 697 590 804 619; x_wconf 85' lang='lat' dir='ltr'><strong>quoque</strong></span> <span class='ocrx_word' id='word_1_82' title='bbox 827 583 879 610; x_wconf 81' lang='lat' dir='ltr'><strong>illis</strong></span> <span class='ocrx_word' id='word_1_83' title='bbox 908 591 969 610; x_wconf 91' lang='lat' dir='ltr'><strong>cum</strong></span> 
     </span>
    </p>
   </div>
   <div class='ocr_carea' id='block_1_12' title="bbox 186 627 969 664">
    <p class='ocr_par' dir='ltr' id='par_1_12' title="bbox 186 627 969 664">
     <span class='ocr_line' id='line_1_12' title="bbox 186 627 969 664; baseline -0.001 -7"><span class='ocrx_word' id='word_1_84' title='bbox 186 630 293 658; x_wconf 84' lang='lat' dir='ltr'><strong>ﬁliabus</strong></span> <span class='ocrx_word' id='word_1_85' title='bbox 311 630 464 660; x_wconf 80' lang='lat' dir='ltr'><strong>vicinarum</strong></span> <span class='ocrx_word' id='word_1_86' title='bbox 486 629 607 664; x_wconf 85' lang='lat' dir='ltr'><strong>gentium</strong></span> <span class='ocrx_word' id='word_1_87' title='bbox 632 628 838 662; x_wconf 71' lang='lat' dir='ltr'><strong>commercium,</strong></span> <span class='ocrx_word' id='word_1_88' title='bbox 861 627 969 658; x_wconf 85' lang='lat' dir='ltr'><strong>etiamsi</strong></span> 
     </span>
    </p>
   </div>
   <div class='ocr_carea' id='block_1_13' title="bbox 187 674 974 708">
    <p class='ocr_par' dir='ltr' id='par_1_13' title="bbox 187 674 974 708">
     <span class='ocr_line' id='line_1_13' title="bbox 187 674 974 708; baseline -0.004 -5"><span class='ocrx_word' id='word_1_89' title='bbox 187 678 229 704; x_wconf 81' lang='lat' dir='ltr'><strong>lex</strong></span> <span class='ocrx_word' id='word_1_90' title='bbox 244 677 295 705; x_wconf 87' lang='lat' dir='ltr'><strong>hoc</strong></span> <span class='ocrx_word' id='word_1_91' title='bbox 313 675 512 707; x_wconf 76' lang='lat' dir='ltr'><strong>interdixisset,</strong></span> <span class='ocrx_word' id='word_1_92' title='bbox 525 679 553 703; x_wconf 88' lang='lat' dir='ltr'><strong>et</strong></span> <span class='ocrx_word' id='word_1_93' title='bbox 565 682 625 702; x_wconf 90' lang='lat' dir='ltr'><strong>cum</strong></span> <span class='ocrx_word' id='word_1_94' title='bbox 641 674 799 702; x_wconf 83' lang='lat' dir='ltr'><strong>mulieribus</strong></span> <span class='ocrx_word' id='word_1_95' title='bbox 816 674 894 701; x_wconf 83' lang='lat' dir='ltr'><strong>malis</strong></span> <span class='ocrx_word' id='word_1_96' title='bbox 904 681 974 708; x_wconf 85' lang='lat' dir='ltr'><strong>quas</strong></span> 
     </span>
    </p>
   </div>
   <div class='ocr_carea' id='block_1_14' title="bbox 190 719 973 756">
    <p class='ocr_par' dir='ltr' id='par_1_14' title="bbox 190 719 973 756">
     <span class='ocr_line' id='line_1_14' title="bbox 190 719 973 756; baseline -0.005 -6"><span class='ocrx_word' id='word_1_97' title='bbox 190 723 259 750; x_wconf 86' lang='lat' dir='ltr'><strong>Deus</strong></span> <span class='ocrx_word' id='word_1_98' title='bbox 275 722 337 750; x_wconf 84' lang='lat' dir='ltr'><strong>odio</strong></span> <span class='ocrx_word' id='word_1_99' title='bbox 351 721 456 754; x_wconf 80' lang='lat' dir='ltr'><strong>habuit,</strong></span> <span class='ocrx_word' id='word_1_100' title='bbox 471 725 499 749; x_wconf 89' lang='lat' dir='ltr'><strong>et</strong></span> <span class='ocrx_word' id='word_1_101' title='bbox 511 728 573 756; x_wconf 68' lang='lat' dir='ltr'><strong>quae</strong></span> <span class='ocrx_word' id='word_1_102' title='bbox 587 719 762 748; x_wconf 87' lang='lat' dir='ltr'><strong>idololatricis</strong></span> <span class='ocrx_word' id='word_1_103' title='bbox 782 719 880 748; x_wconf 81' lang='lat' dir='ltr'><strong>ritibus</strong></span> <span class='ocrx_word' id='word_1_104' title='bbox 895 719 973 747; x_wconf 59' lang='lat' dir='ltr'><strong>innus</strong></span> 
     </span>
    </p>
   </div>
   <div class='ocr_carea' id='block_1_15' title="bbox 168 765 972 803">
    <p class='ocr_par' dir='ltr' id='par_1_15' title="bbox 168 765 972 803">
     <span class='ocr_line' id='line_1_15' title="bbox 168 765 972 803; baseline -0.004 -8"><span class='ocrx_word' id='word_1_105' title='bbox 168 790 179 795; x_wconf 65' lang='grc'>,</span> <span class='ocrx_word' id='word_1_106' title='bbox 197 769 268 796; x_wconf 80' lang='lat' dir='ltr'><strong>tritae</strong></span> <span class='ocrx_word' id='word_1_107' title='bbox 282 771 370 799; x_wconf 84' lang='lat' dir='ltr'><strong>erant,</strong></span> <span class='ocrx_word' id='word_1_108' title='bbox 386 771 484 803; x_wconf 73' lang='lat' dir='ltr'><strong>praeter</strong></span> <span class='ocrx_word' id='word_1_109' title='bbox 498 766 585 802; x_wconf 75' lang='lat' dir='ltr'><strong>legem</strong></span> <span class='ocrx_word' id='word_1_110' title='bbox 607 765 809 798; x_wconf 87' lang='lat' dir='ltr'><strong>cohabitarunt,</strong></span> <span class='ocrx_word' id='word_1_111' title='bbox 827 765 972 793; x_wconf 88' lang='lat' dir='ltr'><strong>liberorum</strong></span> 
     </span>
    </p>
   </div>
   <div class='ocr_carea' id='block_1_16' title="bbox 190 811 974 847">
    <p class='ocr_par' dir='ltr' id='par_1_16' title="bbox 190 811 974 847">
     <span class='ocr_line' id='line_1_16' title="bbox 190 811 974 847; baseline -0.004 -6"><span class='ocrx_word' id='word_1_112' title='bbox 190 815 342 842; x_wconf 84' lang='lat' dir='ltr'><strong>alienorum</strong></span> <span class='ocrx_word' id='word_1_113' title='bbox 362 813 527 841; x_wconf 75' lang='lat' dir='ltr'><strong>exstiterunt</strong></span> <span class='ocrx_word' id='word_1_114' title='bbox 543 816 644 847; x_wconf 86' lang='lat' dir='ltr'><strong>patres,</strong></span> <span class='ocrx_word' id='word_1_115' title='bbox 656 811 703 847; x_wconf 89' lang='lat' dir='ltr'><strong>qui</strong></span> <span class='ocrx_word' id='word_1_116' title='bbox 726 815 842 839; x_wconf 88' lang='lat' dir='ltr'><strong>matrum</strong></span> <span class='ocrx_word' id='word_1_117' title='bbox 866 817 974 846; x_wconf 87' lang='lat' dir='ltr'><strong>quoque</strong></span> 
     </span>
    </p>
   </div>
   <div class='ocr_carea' id='block_1_17' title="bbox 190 856 973 894">
    <p class='ocr_par' dir='ltr' id='par_1_17' title="bbox 190 856 973 894">
     <span class='ocr_line' id='line_1_17' title="bbox 190 856 973 894; baseline -0.005 -6"><span class='ocrx_word' id='word_1_118' title='bbox 190 867 266 888; x_wconf 86' lang='lat' dir='ltr'><strong>more</strong></span> <span class='ocrx_word' id='word_1_119' title='bbox 280 860 457 894; x_wconf 85' lang='lat' dir='ltr'><strong>institutoque</strong></span> <span class='ocrx_word' id='word_1_120' title='bbox 468 858 587 891; x_wconf 82' lang='lat' dir='ltr'><strong>educati,</strong></span> <span class='ocrx_word' id='word_1_121' title='bbox 603 856 866 894; x_wconf 76' lang='lat' dir='ltr'><strong>legemMosaicam,</strong></span> <span class='ocrx_word' id='word_1_122' title='bbox 882 863 911 884; x_wconf 87' lang='lat' dir='ltr'><strong>ut</strong></span> <span class='ocrx_word' id='word_1_123' title='bbox 935 858 973 884; x_wconf 85' lang='lat' dir='ltr'><strong>ita</strong></span> 
     </span>
    </p>
   </div>
   <div class='ocr_carea' id='block_1_18' title="bbox 188 902 975 940">
    <p class='ocr_par' dir='ltr' id='par_1_18' title="bbox 188 902 975 940">
     <span class='ocr_line' id='line_1_18' title="bbox 188 902 975 940; baseline -0.006 -7"><span class='ocrx_word' id='word_1_124' title='bbox 188 906 286 938; x_wconf 90' lang='lat' dir='ltr'><strong>dicam,</strong></span> <span class='ocrx_word' id='word_1_125' title='bbox 300 912 333 933; x_wconf 89' lang='lat' dir='ltr'><strong>ne</strong></span> <span class='ocrx_word' id='word_1_126' title='bbox 347 904 418 933; x_wconf 87' lang='lat' dir='ltr'><strong>scire</strong></span> <span class='ocrx_word' id='word_1_127' title='bbox 436 904 552 940; x_wconf 73' lang='lat' dir='ltr'><strong>jquidem</strong></span> <span class='ocrx_word' id='word_1_128' title='bbox 573 903 662 931; x_wconf 89' lang='lat' dir='ltr'><strong>videri</strong></span> <span class='ocrx_word' id='word_1_129' title='bbox 694 903 847 931; x_wconf 86' lang='lat' dir='ltr'><strong>voluerunt.</strong></span> <span class='ocrx_word' id='word_1_130' title='bbox 882 902 975 937; x_wconf 79' lang='lat' dir='ltr'><strong>Itaque</strong></span> 
     </span>
    </p>
   </div>
   <div class='ocr_carea' id='block_1_19' title="bbox 189 947 974 985">
    <p class='ocr_par' dir='ltr' id='par_1_19' title="bbox 189 947 974 985">
     <span class='ocr_line' id='line_1_19' title="bbox 189 947 974 985; baseline -0.004 -7"><span class='ocrx_word' id='word_1_131' title='bbox 189 950 297 985; x_wconf 88' lang='lat' dir='ltr'><strong>impleta</strong></span> <span class='ocrx_word' id='word_1_132' title='bbox 310 954 363 983; x_wconf 84' lang='lat' dir='ltr'><strong>est,</strong></span> <span class='ocrx_word' id='word_1_133' title='bbox 379 949 477 984; x_wconf 85' lang='lat' dir='ltr'><strong>inquit,</strong></span> <span class='ocrx_word' id='word_1_134' title='bbox 494 953 525 976; x_wconf 90' lang='lat' dir='ltr'><strong>ut</strong></span> <span class='ocrx_word' id='word_1_135' title='bbox 542 948 576 976; x_wconf 82' lang='lat' dir='ltr'><strong>ab</strong></span> <span class='ocrx_word' id='word_1_136' title='bbox 592 947 683 980; x_wconf 88' lang='lat' dir='ltr'><strong>initio,</strong></span> <span class='ocrx_word' id='word_1_137' title='bbox 697 948 773 983; x_wconf 87' lang='lat' dir='ltr'><strong>regio</strong></span> <span class='ocrx_word' id='word_1_138' title='bbox 794 955 888 976; x_wconf 87' lang='lat' dir='ltr'><strong>eorum</strong></span> <span class='ocrx_word' id='word_1_139' title='bbox 905 947 974 975; x_wconf 80' lang='lat' dir='ltr'><strong>divi-</strong></span> 
     </span>
    </p>
   </div>
   <div class='ocr_carea' id='block_1_20' title="bbox 190 993 974 1029">
    <p class='ocr_par' dir='ltr' id='par_1_20' title="bbox 190 993 974 1029">
     <span class='ocr_line' id='line_1_20' title="bbox 190 993 974 1029; baseline -0.004 -6"><span class='ocrx_word' id='word_1_140' title='bbox 190 996 347 1023; x_wconf 87' lang='lat' dir='ltr'><strong>nationibus</strong></span> <span class='ocrx_word' id='word_1_141' title='bbox 360 999 390 1022; x_wconf 91' lang='lat' dir='ltr'><strong>ut</strong></span> <span class='ocrx_word' id='word_1_142' title='bbox 410 1000 481 1022; x_wconf 88' lang='lat' dir='ltr'><strong>terra</strong></span> <span class='ocrx_word' id='word_1_143' title='bbox 499 994 725 1029; x_wconf 74' lang='lat' dir='ltr'><strong>alienigenarum,</strong></span> <span class='ocrx_word' id='word_1_144' title='bbox 741 998 769 1022; x_wconf 91' lang='lat' dir='ltr'><strong>et</strong></span> <span class='ocrx_word' id='word_1_145' title='bbox 785 993 832 1021; x_wconf 81' lang='lat' dir='ltr'><strong>ﬁlii</strong></span> <span class='ocrx_word' id='word_1_146' title='bbox 846 993 974 1028; x_wconf 89' lang='lat' dir='ltr'><strong>alienige-</strong></span> 
     </span>
    </p>
   </div>
   <div class='ocr_carea' id='block_1_21' title="bbox 191 1038 976 1069">
    <p class='ocr_par' dir='ltr' id='par_1_21' title="bbox 191 1038 976 1069">
     <span class='ocr_line' id='line_1_21' title="bbox 191 1038 976 1069; baseline -0.003 -2"><span class='ocrx_word' id='word_1_147' title='bbox 191 1048 231 1067; x_wconf 76' lang='lat' dir='ltr'><strong>na:</strong></span> <span class='ocrx_word' id='word_1_148' title='bbox 248 1040 304 1067; x_wconf 79' lang='lat' dir='ltr'><strong>nati</strong></span> <span class='ocrx_word' id='word_1_149' title='bbox 329 1043 392 1067; x_wconf 87' lang='lat' dir='ltr'><strong>sunt</strong></span> <span class='ocrx_word' id='word_1_150' title='bbox 412 1038 475 1066; x_wconf 86' lang='lat' dir='ltr'><strong>illis.</strong></span> <span class='ocrx_word' id='word_1_151' title='bbox 497 1038 562 1066; x_wconf 83' lang='lat' dir='ltr'><strong>Erat</strong></span> <span class='ocrx_word' id='word_1_152' title='bbox 580 1042 670 1065; x_wconf 87' lang='lat' dir='ltr'><strong>autem</strong></span> <span class='ocrx_word' id='word_1_153' title='bbox 697 1038 920 1066; x_wconf 79' lang='lat' dir='ltr'><strong>absurdissimum</strong></span> <span class='ocrx_word' id='word_1_154' title='bbox 949 1041 976 1069; x_wconf 83' lang='lat' dir='ltr'><strong>ct</strong></span> 
     </span>
    </p>
   </div>
   <div class='ocr_carea' id='block_1_22' title="bbox 191 1084 974 1123">
    <p class='ocr_par' dir='ltr' id='par_1_22' title="bbox 191 1084 974 1123">
     <span class='ocr_line' id='line_1_22' title="bbox 191 1084 974 1123; baseline -0.003 -10"><span class='ocrx_word' id='word_1_155' title='bbox 191 1086 388 1121; x_wconf 81' lang='lat' dir='ltr'><strong>turpissimum,</strong></span> <span class='ocrx_word' id='word_1_156' title='bbox 396 1084 450 1123; x_wconf 63' lang='grc'><strong>43</strong></span> <span class='ocrx_word' id='word_1_157' title='bbox 460 1092 493 1112; x_wconf 77' lang='lat' dir='ltr'><strong>ex</strong></span> <span class='ocrx_word' id='word_1_158' title='bbox 505 1085 662 1121; x_wconf 75' lang='lat' dir='ltr'><strong>alienigenis</strong></span> <span class='ocrx_word' id='word_1_159' title='bbox 670 1085 800 1115; x_wconf 79' lang='lat' dir='ltr'><strong>uxoribus</strong></span> <span class='ocrx_word' id='word_1_160' title='bbox 808 1089 885 1112; x_wconf 86' lang='lat' dir='ltr'><strong>natos</strong></span> <span class='ocrx_word' id='word_1_161' title='bbox 895 1084 974 1117; x_wconf 80' lang='lat' dir='ltr'><strong>ﬁlios,</strong></span> 
     </span>
    </p>
   </div>
   <div class='ocr_carea' id='block_1_23' title="bbox 195 1130 975 1167">
    <p class='ocr_par' dir='ltr' id='par_1_23' title="bbox 195 1130 975 1167">
     <span class='ocr_line' id='line_1_23' title="bbox 195 1130 975 1167; baseline 0 -9"><span class='ocrx_word' id='word_1_162' title='bbox 195 1132 240 1167; x_wconf 86' lang='lat' dir='ltr'><strong>qui</strong></span> <span class='ocrx_word' id='word_1_163' title='bbox 265 1137 386 1159; x_wconf 84' lang='lat' dir='ltr'><strong>sanctam</strong></span> <span class='ocrx_word' id='word_1_164' title='bbox 412 1131 549 1160; x_wconf 85' lang='lat' dir='ltr'><strong>civitatem</strong></span> <span class='ocrx_word' id='word_1_165' title='bbox 578 1131 774 1164; x_wconf 83' lang='lat' dir='ltr'><strong>inhabitarant,</strong></span> <span class='ocrx_word' id='word_1_166' title='bbox 799 1132 826 1159; x_wconf 90' lang='lat' dir='ltr'><strong>in</strong></span> <span class='ocrx_word' id='word_1_167' title='bbox 855 1130 975 1166; x_wconf 88' lang='lat' dir='ltr'><strong>gentium</strong></span> 
     </span>
    </p>
   </div>
   <div class='ocr_carea' id='block_1_24' title="bbox 191 1176 975 1212">
    <p class='ocr_par' dir='ltr' id='par_1_24' title="bbox 191 1176 975 1212">
     <span class='ocr_line' id='line_1_24' title="bbox 191 1176 975 1212; baseline 0 -7"><span class='ocrx_word' id='word_1_168' title='bbox 191 1178 311 1206; x_wconf 90' lang='lat' dir='ltr'><strong>moribus</strong></span> <span class='ocrx_word' id='word_1_169' title='bbox 335 1177 439 1206; x_wconf 85' lang='lat' dir='ltr'><strong>versari</strong></span> <span class='ocrx_word' id='word_1_170' title='bbox 456 1184 488 1208; x_wconf 84' lang='lat' dir='ltr'><strong>ac</strong></span> <span class='ocrx_word' id='word_1_171' title='bbox 515 1179 606 1208; x_wconf 79' lang='lat' dir='ltr'><strong>vivere</strong></span> <span class='ocrx_word' id='word_1_172' title='bbox 631 1182 709 1208; x_wconf 73' lang='lat' dir='ltr'><strong>extra</strong></span> <span class='ocrx_word' id='word_1_173' title='bbox 733 1176 830 1212; x_wconf 84' lang='lat' dir='ltr'><strong>legem.</strong></span> <span class='ocrx_word' id='word_1_174' title='bbox 852 1176 888 1207; x_wconf 84' lang='lat' dir='ltr'><strong>Et</strong></span> <span class='ocrx_word' id='word_1_175' title='bbox 914 1183 975 1207; x_wconf 88' lang='lat' dir='ltr'><strong>cum</strong></span> 
     </span>
    </p>
   </div>
   <div class='ocr_carea' id='block_1_25' title="bbox 186 1221 975 1258">
    <p class='ocr_par' dir='ltr' id='par_1_25' title="bbox 186 1221 975 1258">
     <span class='ocr_line' id='line_1_25' title="bbox 186 1221 975 1258; baseline -0.001 -9"><span class='ocrx_word' id='word_1_176' title='bbox 186 1221 379 1258; x_wconf 84' lang='lat' dir='ltr'><strong>.Deusjuberet</strong></span> <span class='ocrx_word' id='word_1_177' title='bbox 404 1229 512 1250; x_wconf 90' lang='lat' dir='ltr'><strong>omnem</strong></span> <span class='ocrx_word' id='word_1_178' title='bbox 533 1222 683 1252; x_wconf 85' lang='lat' dir='ltr'><strong>masculum</strong></span> <span class='ocrx_word' id='word_1_179' title='bbox 709 1226 772 1250; x_wconf 88' lang='lat' dir='ltr'><strong>octo</strong></span> <span class='ocrx_word' id='word_1_180' title='bbox 788 1222 894 1251; x_wconf 88' lang='lat' dir='ltr'><strong>dierum</strong></span> <span class='ocrx_word' id='word_1_181' title='bbox 919 1221 975 1251; x_wconf 89' lang='lat' dir='ltr'><strong>cir-</strong></span> 
     </span>
    </p>
   </div>
   <div class='ocr_carea' id='block_1_26' title="bbox 191 1263 975 1304">
    <p class='ocr_par' dir='ltr' id='par_1_26' title="bbox 191 1263 975 1304">
     <span class='ocr_line' id='line_1_26' title="bbox 191 1263 975 1304; baseline -0.003 -10"><span class='ocrx_word' id='word_1_182' title='bbox 191 1267 408 1299; x_wconf 76' lang='lat' dir='ltr'><strong>cumcidendum,</strong></span> <span class='ocrx_word' id='word_1_183' title='bbox 415 1270 542 1302; x_wconf 80' lang='lat' dir='ltr'><strong>etaperto</strong></span> <span class='ocrx_word' id='word_1_184' title='bbox 550 1266 652 1294; x_wconf 82' lang='lat' dir='ltr'><strong>diceret</strong></span> <span class='ocrx_word' id='word_1_185' title='bbox 662 1274 670 1293; x_wconf 90' lang='lat'><strong>:</strong></span> <span class='ocrx_word' id='word_1_186' title='bbox 680 1265 794 1294; x_wconf 82' lang='lat' dir='ltr'><strong>tTribus</strong></span> <span class='ocrx_word' id='word_1_187' title='bbox 800 1265 840 1302; x_wconf 80' lang='lat' dir='ltr'><strong>[et</strong></span> <span class='ocrx_word' id='word_1_188' title='bbox 848 1263 975 1304; x_wconf 85' lang='lat' dir='ltr'><strong>quatuor]</strong></span> 
     </span>
    </p>
   </div>
   <div class='ocr_carea' id='block_1_27' title="bbox 194 1312 976 1348">
    <p class='ocr_par' dir='ltr' id='par_1_27' title="bbox 194 1312 976 1348">
     <span class='ocr_line' id='line_1_27' title="bbox 194 1312 976 1348; baseline -0.003 -9"><span class='ocrx_word' id='word_1_189' title='bbox 194 1312 360 1347; x_wconf 82' lang='lat' dir='ltr'><strong>temporibus</strong></span> <span class='ocrx_word' id='word_1_190' title='bbox 375 1312 439 1342; x_wconf 87' lang='lat' dir='ltr'><strong>anni</strong></span> <span class='ocrx_word' id='word_1_191' title='bbox 456 1312 696 1348; x_wconf 76' lang='lat' dir='ltr'><strong>apparebitomne</strong></span> <span class='ocrx_word' id='word_1_192' title='bbox 716 1312 865 1340; x_wconf 85' lang='lat' dir='ltr'><strong>masculum</strong></span> <span class='ocrx_word' id='word_1_193' title='bbox 885 1319 976 1339; x_wconf 86' lang='lat' dir='ltr'><strong>coram</strong></span> 
     </span>
    </p>
   </div>
   <div class='ocr_carea' id='block_1_28' title="bbox 192 1357 976 1393">
    <p class='ocr_par' dir='ltr' id='par_1_28' title="bbox 192 1357 976 1393">
     <span class='ocr_line' id='line_1_28' title="bbox 192 1357 976 1393; baseline -0.003 -8"><span class='ocrx_word' id='word_1_194' title='bbox 192 1365 234 1386; x_wconf 89' lang='lat' dir='ltr'><strong>me</strong></span> <span class='ocrx_word' id='word_1_195' title='bbox 245 1358 291 1392; x_wconf 80' lang='lat'><strong>“&#39;;</strong></span> <span class='ocrx_word' id='word_1_196' title='bbox 313 1367 322 1384; x_wconf 73' lang='grc' dir='ltr'><strong>ι</strong></span> <span class='ocrx_word' id='word_1_197' title='bbox 342 1357 381 1385; x_wconf 82' lang='lat' dir='ltr'><strong>illi</strong></span> <span class='ocrx_word' id='word_1_198' title='bbox 393 1362 482 1385; x_wconf 88' lang='lat' dir='ltr'><strong>tamen</strong></span> <span class='ocrx_word' id='word_1_199' title='bbox 496 1357 564 1385; x_wconf 87' lang='lat' dir='ltr'><strong>istuc</strong></span> <span class='ocrx_word' id='word_1_200' title='bbox 574 1365 628 1387; x_wconf 89' lang='lat' dir='ltr'><strong>non</strong></span> <span class='ocrx_word' id='word_1_201' title='bbox 642 1357 789 1391; x_wconf 74' lang='lat' dir='ltr'><strong>indebant,</strong></span> <span class='ocrx_word' id='word_1_202' title='bbox 805 1357 852 1385; x_wconf 84' lang='lat' dir='ltr'><strong>sed</strong></span> <span class='ocrx_word' id='word_1_203' title='bbox 869 1364 916 1389; x_wconf 86' lang='lat' dir='ltr'><strong>eos</strong></span> <span class='ocrx_word' id='word_1_204' title='bbox 928 1357 976 1393; x_wconf 82' lang='lat' dir='ltr'><strong>qui</strong></span> 
     </span>
    </p>
   </div>
   <div class='ocr_carea' id='block_1_29' title="bbox 194 1403 978 1438">
    <p class='ocr_par' dir='ltr' id='par_1_29' title="bbox 194 1403 978 1438">
     <span class='ocr_line' id='line_1_29' title="bbox 194 1403 978 1438; baseline 0 -6"><span class='ocrx_word' id='word_1_205' title='bbox 194 1405 250 1432; x_wconf 84' lang='lat' dir='ltr'><strong>nati</strong></span> <span class='ocrx_word' id='word_1_206' title='bbox 265 1408 328 1432; x_wconf 85' lang='lat' dir='ltr'><strong>sunt</strong></span> <span class='ocrx_word' id='word_1_207' title='bbox 343 1403 687 1438; x_wconf 70' lang='lat' dir='ltr'><strong>oHerebantdaemonibus.</strong></span> <span class='ocrx_word' id='word_1_208' title='bbox 710 1409 737 1434; x_wconf 84' lang='lat' dir='ltr'><strong>et</strong></span> <span class='ocrx_word' id='word_1_209' title='bbox 753 1404 781 1432; x_wconf 93' lang='lat' dir='ltr'><strong>in</strong></span> <span class='ocrx_word' id='word_1_210' title='bbox 801 1403 872 1432; x_wconf 81' lang='lat' dir='ltr'><strong>lanis</strong></span> <span class='ocrx_word' id='word_1_211' title='bbox 893 1404 978 1433; x_wconf 86' lang='lat' dir='ltr'><strong>idolo-</strong></span> 
     </span>
    </p>
   </div>
   <div class='ocr_carea' id='block_1_30' title="bbox 193 1450 977 1482">
    <p class='ocr_par' dir='ltr' id='par_1_30' title="bbox 193 1450 977 1482">
     <span class='ocr_line' id='line_1_30' title="bbox 193 1450 977 1482; baseline 0.001 -5"><span class='ocrx_word' id='word_1_212' title='bbox 193 1458 253 1479; x_wconf 85' lang='lat' dir='ltr'><strong>rum</strong></span> <span class='ocrx_word' id='word_1_213' title='bbox 269 1451 376 1482; x_wconf 87' lang='lat' dir='ltr'><strong>illorum</strong></span> <span class='ocrx_word' id='word_1_214' title='bbox 391 1459 473 1480; x_wconf 86' lang='lat' dir='ltr'><strong>causa</strong></span> <span class='ocrx_word' id='word_1_215' title='bbox 485 1450 690 1480; x_wconf 74' lang='lat' dir='ltr'><strong>sacriﬁcabant.</strong></span> <span class='ocrx_word' id='word_1_216' title='bbox 703 1451 784 1481; x_wconf 69' lang='lat' dir='ltr'><strong>Vides</strong></span> <span class='ocrx_word' id='word_1_217' title='bbox 794 1457 850 1479; x_wconf 85' lang='lat' dir='ltr'><strong>eos</strong></span> <span class='ocrx_word' id='word_1_218' title='bbox 866 1451 977 1479; x_wconf 92' lang='lat' dir='ltr'><strong>omnino</strong></span> 
     </span>
    </p>
   </div>
   <div class='ocr_carea' id='block_1_31' title="bbox 193 1496 976 1534">
    <p class='ocr_par' dir='ltr' id='par_1_31' title="bbox 193 1496 976 1534">
     <span class='ocr_line' id='line_1_31' title="bbox 193 1496 976 1534; baseline 0.003 -11"><span class='ocrx_word' id='word_1_219' title='bbox 193 1497 279 1531; x_wconf 81' lang='lat' dir='ltr'><strong>legem</strong></span> <span class='ocrx_word' id='word_1_220' title='bbox 295 1496 480 1528; x_wconf 77' lang='lat' dir='ltr'><strong>conculcasse.</strong></span> <span class='ocrx_word' id='word_1_221' title='bbox 496 1499 588 1534; x_wconf 79' lang='lat' dir='ltr'><strong>Atqui</strong></span> <span class='ocrx_word' id='word_1_222' title='bbox 602 1502 811 1526; x_wconf 81' lang='lat' dir='ltr'><strong>consentaneum</strong></span> <span class='ocrx_word' id='word_1_223' title='bbox 828 1503 897 1533; x_wconf 80' lang='lat' dir='ltr'><strong>erat,</strong></span> <span class='ocrx_word' id='word_1_224' title='bbox 917 1505 976 1530; x_wconf 85' lang='lat' dir='ltr'><strong>eos,</strong></span> 
     </span>
    </p>
   </div>
   <div class='ocr_carea' id='block_1_32' title="bbox 193 1543 978 1583">
    <p class='ocr_par' dir='ltr' id='par_1_32' title="bbox 193 1543 978 1583">
     <span class='ocr_line' id='line_1_32' title="bbox 193 1543 978 1583; baseline -0.001 -11"><span class='ocrx_word' id='word_1_225' title='bbox 193 1543 240 1583; x_wconf 77' lang='lat' dir='ltr'><strong>qui</strong></span> <span class='ocrx_word' id='word_1_226' title='bbox 254 1555 286 1574; x_wconf 91' lang='lat' dir='ltr'><strong>eo</strong></span> <span class='ocrx_word' id='word_1_227' title='bbox 301 1547 447 1582; x_wconf 77' lang='lat' dir='ltr'><strong>impietatis</strong></span> <span class='ocrx_word' id='word_1_228' title='bbox 460 1551 654 1582; x_wconf 87' lang='lat' dir='ltr'><strong>pervenerant,</strong></span> <span class='ocrx_word' id='word_1_229' title='bbox 669 1549 698 1573; x_wconf 90' lang='lat' dir='ltr'><strong>ut</strong></span> <span class='ocrx_word' id='word_1_230' title='bbox 715 1552 748 1572; x_wconf 90' lang='lat' dir='ltr'><strong>ne</strong></span> <span class='ocrx_word' id='word_1_231' title='bbox 770 1543 978 1579; x_wconf 77' lang='lat' dir='ltr'><strong>Redemptorem</strong></span> 
     </span>
    </p>
   </div>
   <div class='ocr_carea' id='block_1_33' title="bbox 194 1590 978 1628">
    <p class='ocr_par' dir='ltr' id='par_1_33' title="bbox 194 1590 978 1628">
     <span class='ocr_line' id='line_1_33' title="bbox 194 1590 978 1628; baseline 0 -10"><span class='ocrx_word' id='word_1_232' title='bbox 194 1592 302 1626; x_wconf 85' lang='lat' dir='ltr'><strong>quidem</strong></span> <span class='ocrx_word' id='word_1_233' title='bbox 326 1599 492 1628; x_wconf 74' lang='lat' dir='ltr'><strong>cognoscere</strong></span> <span class='ocrx_word' id='word_1_234' title='bbox 512 1592 624 1625; x_wconf 89' lang='lat' dir='ltr'><strong>vellent,</strong></span> <span class='ocrx_word' id='word_1_235' title='bbox 650 1591 733 1626; x_wconf 79' lang='lat' dir='ltr'><strong>ipsius</strong></span> <span class='ocrx_word' id='word_1_236' title='bbox 750 1590 840 1626; x_wconf 83' lang='lat' dir='ltr'><strong>populi</strong></span> <span class='ocrx_word' id='word_1_237' title='bbox 869 1591 978 1618; x_wconf 87' lang='lat' dir='ltr'><strong>nomine</strong></span> 
     </span>
    </p>
   </div>
   <div class='ocr_carea' id='block_1_34' title="bbox 194 1637 976 1674">
    <p class='ocr_par' dir='ltr' id='par_1_34' title="bbox 194 1637 976 1674">
     <span class='ocr_line' id='line_1_34' title="bbox 194 1637 976 1674; baseline -0.003 -9"><span class='ocrx_word' id='word_1_238' title='bbox 194 1638 300 1666; x_wconf 65' lang='lat' dir='ltr'><strong>censeri</strong></span> <span class='ocrx_word' id='word_1_239' title='bbox 312 1638 323 1665; x_wconf 76' lang='grc' dir='ltr'>τ</span> <span class='ocrx_word' id='word_1_240' title='bbox 336 1638 464 1667; x_wconf 88' lang='lat' dir='ltr'><strong>Sanctum</strong></span> <span class='ocrx_word' id='word_1_241' title='bbox 482 1644 525 1667; x_wconf 87' lang='lat' dir='ltr'><strong>est</strong></span> <span class='ocrx_word' id='word_1_242' title='bbox 549 1639 631 1674; x_wconf 85' lang='lat' dir='ltr'><strong>igitur</strong></span> <span class='ocrx_word' id='word_1_243' title='bbox 651 1638 677 1666; x_wconf 91' lang='lat' dir='ltr'><strong>in</strong></span> <span class='ocrx_word' id='word_1_244' title='bbox 696 1645 743 1666; x_wconf 85' lang='lat' dir='ltr'><strong>eos</strong></span> <span class='ocrx_word' id='word_1_245' title='bbox 759 1637 812 1665; x_wconf 84' lang='lat' dir='ltr'><strong>hoc</strong></span> <span class='ocrx_word' id='word_1_246' title='bbox 834 1637 976 1673; x_wconf 75' lang='lat' dir='ltr'><strong>judicium,</strong></span> 
     </span>
    </p>
   </div>
   <div class='ocr_carea' id='block_1_35' title="bbox 195 1683 979 1720">
    <p class='ocr_par' dir='ltr' id='par_1_35' title="bbox 195 1683 979 1720">
     <span class='ocr_line' id='line_1_35' title="bbox 195 1683 979 1720; baseline -0.001 -8"><span class='ocrx_word' id='word_1_247' title='bbox 195 1689 221 1712; x_wconf 87' lang='lat' dir='ltr'><strong>et</strong></span> <span class='ocrx_word' id='word_1_248' title='bbox 237 1685 385 1713; x_wconf 79' lang='lat' dir='ltr'><strong>aversionis</strong></span> <span class='ocrx_word' id='word_1_249' title='bbox 397 1693 448 1713; x_wconf 94' lang='lat' dir='ltr'><strong>non</strong></span> <span class='ocrx_word' id='word_1_250' title='bbox 459 1685 567 1714; x_wconf 83' lang='lat' dir='ltr'><strong>inﬁrma</strong></span> <span class='ocrx_word' id='word_1_251' title='bbox 579 1685 657 1712; x_wconf 83' lang='lat' dir='ltr'><strong>ratio.</strong></span> <span class='ocrx_word' id='word_1_252' title='bbox 673 1694 682 1710; x_wconf 75' lang='grc' dir='ltr'><strong>ι</strong></span> <span class='ocrx_word' id='word_1_253' title='bbox 695 1683 754 1712; x_wconf 82' lang='grc' dir='ltr'>Νοιι</span> <span class='ocrx_word' id='word_1_254' title='bbox 765 1683 836 1712; x_wconf 90' lang='lat' dir='ltr'><strong>enim</strong></span> <span class='ocrx_word' id='word_1_255' title='bbox 851 1691 979 1720; x_wconf 89' lang='lat' dir='ltr'><strong>persona-</strong></span> 
     </span>
    </p>
   </div>
   <div class='ocr_carea' id='block_1_36' title="bbox 196 1730 848 1768">
    <p class='ocr_par' dir='ltr' id='par_1_36' title="bbox 196 1730 848 1768">
     <span class='ocr_line' id='line_1_36' title="bbox 196 1730 848 1768; baseline -0.003 -10"><span class='ocrx_word' id='word_1_256' title='bbox 196 1739 254 1758; x_wconf 88' lang='lat' dir='ltr'><strong>rum</strong></span> <span class='ocrx_word' id='word_1_257' title='bbox 271 1735 424 1768; x_wconf 83' lang='lat' dir='ltr'><strong>acceptator</strong></span> <span class='ocrx_word' id='word_1_258' title='bbox 438 1737 479 1759; x_wconf 87' lang='lat' dir='ltr'><strong>est</strong></span> <span class='ocrx_word' id='word_1_259' title='bbox 492 1731 680 1759; x_wconf 87' lang='lat' dir='ltr'><strong>universorum</strong></span> <span class='ocrx_word' id='word_1_260' title='bbox 692 1730 775 1766; x_wconf 80' lang='lat' dir='ltr'><strong>judex</strong></span> <span class='ocrx_word' id='word_1_261' title='bbox 786 1730 818 1757; x_wconf 80' lang='grc'><strong>’⁷.</strong></span> <span class='ocrx_word' id='word_1_262' title='bbox 839 1739 848 1756; x_wconf 81' lang='grc' dir='ltr'><strong>ι</strong></span> 
     </span>
    </p>
   </div>
   <div class='ocr_carea' id='block_1_37' title="bbox 1017 262 1812 304">
    <p class='ocr_par' dir='ltr' id='par_1_37' title="bbox 1017 262 1812 304">
     <span class='ocr_line' id='line_1_37' title="bbox 1017 262 1812 304; baseline -0.008 -10"><span class='ocrx_word' id='word_1_263' title='bbox 1017 267 1056 304; x_wconf 79' lang='grc' dir='ltr'><strong>μὴ</strong></span> <span class='ocrx_word' id='word_1_264' title='bbox 1071 266 1281 302; x_wconf 79' lang='grc' dir='ltr'>γαμσρεύσηται</span> <span class='ocrx_word' id='word_1_265' title='bbox 1297 264 1367 301; x_wconf 70' lang='grc' dir='ltr'>πρὸς</span> <span class='ocrx_word' id='word_1_266' title='bbox 1391 264 1505 296; x_wconf 85' lang='grc' dir='ltr'>αὐτούς·</span> <span class='ocrx_word' id='word_1_267' title='bbox 1530 263 1579 299; x_wconf 73' lang='grc' dir='ltr'><strong>τὴν</strong></span> <span class='ocrx_word' id='word_1_268' title='bbox 1598 262 1736 298; x_wconf 73' lang='grc' dir='ltr'><strong>θυγατέρα</strong></span> <span class='ocrx_word' id='word_1_269' title='bbox 1763 270 1812 289; x_wconf 79' lang='grc' dir='ltr'><strong>σου</strong></span> 
     </span>
    </p>
   </div>
   <div class='ocr_carea' id='block_1_38' title="bbox 1015 305 1814 347">
    <p class='ocr_par' dir='ltr' id='par_1_38' title="bbox 1015 305 1814 347">
     <span class='ocr_line' id='line_1_38' title="bbox 1015 305 1814 347; baseline -0.01 -7"><span class='ocrx_word' id='word_1_270' title='bbox 1015 313 1047 340; x_wconf 85' lang='grc' dir='ltr'>οὐ</span> <span class='ocrx_word' id='word_1_271' title='bbox 1060 312 1156 344; x_wconf 80' lang='grc' dir='ltr'><strong>δώσεις</strong></span> <span class='ocrx_word' id='word_1_272' title='bbox 1170 311 1209 347; x_wconf 83' lang='grc' dir='ltr'><strong>τῷ</strong></span> <span class='ocrx_word' id='word_1_273' title='bbox 1225 310 1276 346; x_wconf 81' lang='grc' dir='ltr'><strong>υἱῷ</strong></span> <span class='ocrx_word' id='word_1_274' title='bbox 1292 309 1386 342; x_wconf 82' lang='grc' dir='ltr'>αὑτοῦ,</span> <span class='ocrx_word' id='word_1_275' title='bbox 1405 309 1451 336; x_wconf 77' lang='grc' dir='ltr'><strong>καὶ</strong></span> <span class='ocrx_word' id='word_1_276' title='bbox 1464 308 1515 344; x_wconf 83' lang='grc' dir='ltr'>τὴν</span> <span class='ocrx_word' id='word_1_277' title='bbox 1527 307 1667 343; x_wconf 71' lang='grc' dir='ltr'>θυγατέρα</span> <span class='ocrx_word' id='word_1_278' title='bbox 1676 305 1764 334; x_wconf 77' lang='grc' dir='ltr'>αὑτοῦ</span> <span class='ocrx_word' id='word_1_279' title='bbox 1780 306 1814 335; x_wconf 72' lang='grc' dir='ltr'>οὐ</span> 
     </span>
    </p>
   </div>
   <div class='ocr_carea' id='block_1_39' title="bbox 1016 350 1815 395">
    <p class='ocr_par' dir='ltr' id='par_1_39' title="bbox 1016 350 1815 395">
     <span class='ocr_line' id='line_1_39' title="bbox 1016 350 1815 395; baseline -0.01 -10"><span class='ocrx_word' id='word_1_280' title='bbox 1016 359 1089 395; x_wconf 82' lang='grc' dir='ltr'><strong>λήψῃ</strong></span> <span class='ocrx_word' id='word_1_281' title='bbox 1105 358 1145 393; x_wconf 83' lang='grc' dir='ltr'>τῷ</span> <span class='ocrx_word' id='word_1_282' title='bbox 1165 357 1215 393; x_wconf 83' lang='grc' dir='ltr'><strong>υίῷ</strong></span> <span class='ocrx_word' id='word_1_283' title='bbox 1236 365 1283 384; x_wconf 86' lang='grc' dir='ltr'><strong>σου</strong></span> <span class='ocrx_word' id='word_1_284' title='bbox 1293 365 1301 372; x_wconf 89' lang='grc'>·</span> <span class='ocrx_word' id='word_1_285' title='bbox 1329 355 1480 390; x_wconf 72' lang='grc' dir='ltr'><strong>ἀποστήσει</strong></span> <span class='ocrx_word' id='word_1_286' title='bbox 1501 354 1556 390; x_wconf 82' lang='grc' dir='ltr'>γὰρ</span> <span class='ocrx_word' id='word_1_287' title='bbox 1571 353 1618 380; x_wconf 71' lang='grc' dir='ltr'>τὸν</span> <span class='ocrx_word' id='word_1_288' title='bbox 1632 352 1690 380; x_wconf 81' lang='grc' dir='ltr'>υῑόν</span> <span class='ocrx_word' id='word_1_289' title='bbox 1700 360 1748 378; x_wconf 83' lang='grc' dir='ltr'><strong>σου</strong></span> <span class='ocrx_word' id='word_1_290' title='bbox 1764 350 1815 378; x_wconf 73' lang='grc' dir='ltr'><strong>ἀπ’</strong></span> 
     </span>
    </p>
   </div>
   <div class='ocr_carea' id='block_1_40' title="bbox 1019 396 1814 440">
    <p class='ocr_par' dir='ltr' id='par_1_40' title="bbox 1019 396 1814 440">
     <span class='ocr_line' id='line_1_40' title="bbox 1019 396 1814 440; baseline -0.013 -8"><span class='ocrx_word' id='word_1_291' title='bbox 1019 404 1099 440; x_wconf 77' lang='grc' dir='ltr'>ἐμοῦ,</span> <span class='ocrx_word' id='word_1_292' title='bbox 1111 404 1160 431; x_wconf 75' lang='grc' dir='ltr'><strong>καὶ</strong></span> <span class='ocrx_word' id='word_1_293' title='bbox 1172 403 1316 438; x_wconf 81' lang='grc' dir='ltr'>λατρεύσει</span> <span class='ocrx_word' id='word_1_294' title='bbox 1326 396 1407 433; x_wconf 69' lang='lat' dir='ltr'><strong>(imi;~</strong></span> <span class='ocrx_word' id='word_1_295' title='bbox 1413 400 1517 435; x_wconf 69' lang='grc' dir='ltr'>ἑτέροις</span> <span class='ocrx_word' id='word_1_296' title='bbox 1526 408 1534 415; x_wconf 90' lang='grc'><strong>·</strong></span> <span class='ocrx_word' id='word_1_297' title='bbox 1552 399 1599 426; x_wconf 79' lang='grc' dir='ltr'>καὶ</span> <span class='ocrx_word' id='word_1_298' title='bbox 1616 396 1814 433; x_wconf 76' lang='grc' dir='ltr'>όργισθήσεται</span> 
     </span>
    </p>
   </div>
   <div class='ocr_carea' id='block_1_41' title="bbox 1018 441 1814 486">
    <p class='ocr_par' dir='ltr' id='par_1_41' title="bbox 1018 441 1814 486">
     <span class='ocr_line' id='line_1_41' title="bbox 1018 441 1814 486; baseline -0.013 -8"><span class='ocrx_word' id='word_1_299' title='bbox 1018 450 1098 486; x_wconf 78' lang='grc' dir='ltr'>Θυμῷ</span> <span class='ocrx_word' id='word_1_300' title='bbox 1114 449 1216 485; x_wconf 82' lang='grc' dir='ltr'>Κύριος</span> <span class='ocrx_word' id='word_1_301' title='bbox 1231 449 1272 480; x_wconf 83' lang='grc' dir='ltr'><strong>είς</strong></span> <span class='ocrx_word' id='word_1_302' title='bbox 1290 448 1374 483; x_wconf 76' lang='grc' dir='ltr'>ὑμᾶς,</span> <span class='ocrx_word' id='word_1_303' title='bbox 1396 446 1443 474; x_wconf 57' lang='grc' dir='ltr'><strong>καί⁵</strong></span> <span class='ocrx_word' id='word_1_304' title='bbox 1461 444 1645 480; x_wconf 77' lang='grc' dir='ltr'>ἐξολοθρεὺσει</span> <span class='ocrx_word' id='word_1_305' title='bbox 1664 451 1694 469; x_wconf 80' lang='grc' dir='ltr'>σι</span> <span class='ocrx_word' id='word_1_306' title='bbox 1713 442 1744 469; x_wconf 77' lang='grc' dir='ltr'>τὸ</span> <span class='ocrx_word' id='word_1_307' title='bbox 1763 441 1814 469; x_wconf 86' lang='grc' dir='ltr'>τά-</span> 
     </span>
    </p>
   </div>
   <div class='ocr_carea' id='block_1_42' title="bbox 1019 488 1814 532">
    <p class='ocr_par' dir='ltr' id='par_1_42' title="bbox 1019 488 1814 532">
     <span class='ocr_line' id='line_1_42' title="bbox 1019 488 1814 532; baseline -0.011 -9"><span class='ocrx_word' id='word_1_308' title='bbox 1019 504 1077 532; x_wconf 72' lang='grc' dir='ltr'>χος.</span> <span class='ocrx_word' id='word_1_309' title='bbox 1096 505 1106 522; x_wconf 79' lang='grc' dir='ltr'><strong>ι</strong></span> <span class='ocrx_word' id='word_1_310' title='bbox 1124 495 1217 523; x_wconf 77' lang='grc' dir='ltr'>Πάντα</span> <span class='ocrx_word' id='word_1_311' title='bbox 1229 493 1284 529; x_wconf 81' lang='grc' dir='ltr'><strong>γὰρ</strong></span> <span class='ocrx_word' id='word_1_312' title='bbox 1303 493 1404 528; x_wconf 73' lang='grc' dir='ltr'>τρόπον</span> <span class='ocrx_word' id='word_1_313' title='bbox 1420 491 1570 526; x_wconf 71' lang='grc' dir='ltr'><strong>ἀσφαλείας</strong></span> <span class='ocrx_word' id='word_1_314' title='bbox 1591 490 1684 521; x_wconf 79' lang='grc' dir='ltr'>αὐτοῖς</span> <span class='ocrx_word' id='word_1_315' title='bbox 1705 488 1814 515; x_wconf 79' lang='grc' dir='ltr'>ἐπενόει</span> 
     </span>
    </p>
   </div>
   <div class='ocr_carea' id='block_1_43' title="bbox 1019 533 1816 575">
    <p class='ocr_par' dir='ltr' id='par_1_43' title="bbox 1019 533 1816 575">
     <span class='ocr_line' id='line_1_43' title="bbox 1019 533 1816 575; baseline -0.011 -6"><span class='ocrx_word' id='word_1_316' title='bbox 1019 541 1097 573; x_wconf 82' lang='grc' dir='ltr'><strong>Θεὸς,</strong></span> <span class='ocrx_word' id='word_1_317' title='bbox 1110 540 1158 568; x_wconf 76' lang='grc' dir='ltr'><strong>καὶ</strong></span> <span class='ocrx_word' id='word_1_318' title='bbox 1174 539 1247 568; x_wconf 80' lang='grc' dir='ltr'>καθά</span> <span class='ocrx_word' id='word_1_319' title='bbox 1260 547 1327 575; x_wconf 84' lang='grc' dir='ltr'>φησι</span> <span class='ocrx_word' id='word_1_320' title='bbox 1346 538 1378 565; x_wconf 76' lang='grc' dir='ltr'>τὸ</span> <span class='ocrx_word' id='word_1_321' title='bbox 1391 537 1512 574; x_wconf 85' lang='grc' dir='ltr'>Γράμμα</span> <span class='ocrx_word' id='word_1_322' title='bbox 1527 537 1558 564; x_wconf 72' lang='grc' dir='ltr'>τὸ</span> <span class='ocrx_word' id='word_1_323' title='bbox 1574 535 1656 571; x_wconf 73' lang='grc' dir='ltr'>ἱερὸν,</span> <span class='ocrx_word' id='word_1_324' title='bbox 1667 533 1758 570; x_wconf 79' lang='grc' dir='ltr'>Νόμον</span> <span class='ocrx_word' id='word_1_325' title='bbox 1773 534 1816 566; x_wconf 69' lang='grc' dir='ltr'>εἰς</span> 
     </span>
    </p>
   </div>
   <div class='ocr_carea' id='block_1_44' title="bbox 1022 579 1815 623">
    <p class='ocr_par' dir='ltr' id='par_1_44' title="bbox 1022 579 1815 623">
     <span class='ocr_line' id='line_1_44' title="bbox 1022 579 1815 623; baseline -0.01 -9"><span class='ocrx_word' id='word_1_326' title='bbox 1022 587 1150 623; x_wconf 78' lang='grc' dir='ltr'>βοήθειαν</span> <span class='ocrx_word' id='word_1_327' title='bbox 1169 586 1280 615; x_wconf 70' lang='grc' dir='ltr'>ἔδωκεν.</span> <span class='ocrx_word' id='word_1_328' title='bbox 1295 585 1326 612; x_wconf 85' lang='lat' dir='ltr'><strong>Ol</strong></span> <span class='ocrx_word' id='word_1_329' title='bbox 1341 585 1369 613; x_wconf 74' lang='grc' dir='ltr'>δὲ</span> <span class='ocrx_word' id='word_1_330' title='bbox 1380 584 1434 611; x_wconf 81' lang='grc' dir='ltr'>τ’ὦν</span> <span class='ocrx_word' id='word_1_331' title='bbox 1446 583 1520 610; x_wconf 78' lang='grc' dir='ltr'>οὕτω</span> <span class='ocrx_word' id='word_1_332' title='bbox 1547 581 1653 609; x_wconf 75' lang='grc' dir='ltr'>σεπτῶν</span> <span class='ocrx_word' id='word_1_333' title='bbox 1675 579 1815 615; x_wconf 75' lang='grc' dir='ltr'>ὲνταλμά-</span> 
     </span>
    </p>
   </div>
   <div class='ocr_carea' id='block_1_45' title="bbox 1021 625 1818 668">
    <p class='ocr_par' dir='ltr' id='par_1_45' title="bbox 1021 625 1818 668">
     <span class='ocr_line' id='line_1_45' title="bbox 1021 625 1818 668; baseline -0.013 -6"><span class='ocrx_word' id='word_1_334' title='bbox 1021 642 1075 662; x_wconf 86' lang='grc' dir='ltr'><strong>των</strong></span> <span class='ocrx_word' id='word_1_335' title='bbox 1091 631 1280 668; x_wconf 76' lang='grc' dir='ltr'>ήφειδηκότες,</span> <span class='ocrx_word' id='word_1_336' title='bbox 1293 630 1443 667; x_wconf 70' lang='grc' dir='ltr'><strong>ἐτράποντο</strong></span> <span class='ocrx_word' id='word_1_337' title='bbox 1455 628 1617 664; x_wconf 71' lang='grc' dir='ltr'><strong>παραλόγως</strong></span> <span class='ocrx_word' id='word_1_338' title='bbox 1629 627 1670 659; x_wconf 71' lang='grc' dir='ltr'><strong>είς</strong></span> <span class='ocrx_word' id='word_1_339' title='bbox 1691 627 1746 656; x_wconf 84' lang='grc' dir='ltr'>πᾶν</span> <span class='ocrx_word' id='word_1_340' title='bbox 1760 625 1818 653; x_wconf 67' lang='grc' dir='ltr'>τῶν</span> 
     </span>
    </p>
   </div>
   <div class='ocr_carea' id='block_1_46' title="bbox 1022 673 1817 716">
    <p class='ocr_par' dir='ltr' id='par_1_46' title="bbox 1022 673 1817 716">
     <span class='ocr_line' id='line_1_46' title="bbox 1022 673 1817 716; baseline -0.013 -8"><span class='ocrx_word' id='word_1_341' title='bbox 1022 679 1224 716; x_wconf 70' lang='grc' dir='ltr'>ἐντεταλμένων</span> <span class='ocrx_word' id='word_1_342' title='bbox 1238 678 1270 706; x_wconf 81' lang='grc' dir='ltr'><strong>τδ</strong></span> <span class='ocrx_word' id='word_1_343' title='bbox 1284 677 1416 705; x_wconf 72' lang='grc' dir='ltr'>ἐναντίον.</span> <span class='ocrx_word' id='word_1_344' title='bbox 1430 675 1611 712; x_wconf 75' lang='grc' dir='ltr'>Προσέκειντο</span> <span class='ocrx_word' id='word_1_345' title='bbox 1623 674 1678 709; x_wconf 73' lang='grc' dir='ltr'>γὰρ</span> <span class='ocrx_word' id='word_1_346' title='bbox 1689 673 1817 709; x_wconf 79' lang='grc' dir='ltr'>κληδονι-</span> 
     </span>
    </p>
   </div>
   <div class='ocr_carea' id='block_1_47' title="bbox 1024 719 1817 763">
    <p class='ocr_par' dir='ltr' id='par_1_47' title="bbox 1024 719 1817 763">
     <span class='ocr_line' id='line_1_47' title="bbox 1024 719 1817 763; baseline -0.013 -9"><span class='ocrx_word' id='word_1_347' title='bbox 1024 728 1113 763; x_wconf 75' lang='grc' dir='ltr'>σμοῖς,</span> <span class='ocrx_word' id='word_1_348' title='bbox 1130 726 1178 753; x_wconf 81' lang='grc' dir='ltr'><strong>καὶ</strong></span> <span class='ocrx_word' id='word_1_349' title='bbox 1189 721 1478 761; x_wconf 72' lang='grc' dir='ltr'>ψευδομαντείαις,καὶ</span> <span class='ocrx_word' id='word_1_350' title='bbox 1494 720 1570 756; x_wconf 82' lang='grc' dir='ltr'><strong>παρά</strong></span> <span class='ocrx_word' id='word_1_351' title='bbox 1591 721 1648 752; x_wconf 83' lang='grc' dir='ltr'>τοῖς</span> <span class='ocrx_word' id='word_1_352' title='bbox 1662 719 1717 746; x_wconf 82' lang='grc' dir='ltr'><strong>τῶν</strong></span> <span class='ocrx_word' id='word_1_353' title='bbox 1736 719 1817 746; x_wconf 60' lang='grc' dir='ltr'>εἰδώς</span> 
     </span>
    </p>
   </div>
   <div class='ocr_carea' id='block_1_48' title="bbox 1022 765 1818 809">
    <p class='ocr_par' dir='ltr' id='par_1_48' title="bbox 1022 765 1818 809">
     <span class='ocr_line' id='line_1_48' title="bbox 1022 765 1818 809; baseline -0.013 -9"><span class='ocrx_word' id='word_1_354' title='bbox 1022 773 1078 800; x_wconf 89' lang='grc' dir='ltr'><strong>λων</strong></span> <span class='ocrx_word' id='word_1_355' title='bbox 1095 770 1302 809; x_wconf 70' lang='grc' dir='ltr'>προσιζηκότων</span> <span class='ocrx_word' id='word_1_356' title='bbox 1321 769 1414 805; x_wconf 73' lang='grc' dir='ltr'>ζητεῖν</span> <span class='ocrx_word' id='word_1_357' title='bbox 1426 765 1591 798; x_wconf 78' lang='grc' dir='ltr'>ἐσπούδαζον</span> <span class='ocrx_word' id='word_1_358' title='bbox 1601 766 1656 793; x_wconf 86' lang='grc' dir='ltr'><strong>τῶν</strong></span> <span class='ocrx_word' id='word_1_359' title='bbox 1677 765 1818 809; x_wconf 41' lang='lat' dir='ltr'><strong>{coniugii</strong></span> 
     </span>
    </p>
   </div>
   <div class='ocr_carea' id='block_1_49' title="bbox 1023 807 1819 853">
    <p class='ocr_par' dir='ltr' id='par_1_49' title="bbox 1023 807 1819 853">
     <span class='ocr_line' id='line_1_49' title="bbox 1023 807 1819 853; baseline -0.015 -8"><span class='ocrx_word' id='word_1_360' title='bbox 1023 817 1076 853; x_wconf 85' lang='grc' dir='ltr'><strong>τὴν</strong></span> <span class='ocrx_word' id='word_1_361' title='bbox 1095 807 1207 852; x_wconf 80' lang='grc' dir='ltr'>γνῶσιν,</span> <span class='ocrx_word' id='word_1_362' title='bbox 1231 814 1322 842; x_wconf 84' lang='grc' dir='ltr'>καίτοι</span> <span class='ocrx_word' id='word_1_363' title='bbox 1344 813 1500 849; x_wconf 78' lang='grc' dir='ltr'><strong>προφήταις</strong></span> <span class='ocrx_word' id='word_1_364' title='bbox 1523 810 1612 845; x_wconf 78' lang='grc' dir='ltr'><strong>ἁγίοις</strong></span> <span class='ocrx_word' id='word_1_365' title='bbox 1636 807 1819 853; x_wconf 67' lang='grc' dir='ltr'>ἐπιτιμῶντές</span> 
     </span>
    </p>
   </div>
   <div class='ocr_carea' id='block_1_50' title="bbox 1024 852 1819 896">
    <p class='ocr_par' dir='ltr' id='par_1_50' title="bbox 1024 852 1819 896">
     <span class='ocr_line' id='line_1_50' title="bbox 1024 852 1819 896; baseline -0.013 -7"><span class='ocrx_word' id='word_1_366' title='bbox 1024 852 1058 891; x_wconf 56' lang='grc' dir='ltr'>τί</span> <span class='ocrx_word' id='word_1_367' title='bbox 1073 861 1121 889; x_wconf 78' lang='grc' dir='ltr'><strong>καὶ</strong></span> <span class='ocrx_word' id='word_1_368' title='bbox 1130 861 1255 896; x_wconf 73' lang='grc' dir='ltr'>λέγοντες</span> <span class='ocrx_word' id='word_1_369' title='bbox 1267 867 1275 875; x_wconf 74' lang='grc'><strong><em>⁸</em></strong></span> <span class='ocrx_word' id='word_1_370' title='bbox 1293 868 1303 886; x_wconf 80' lang='lat' dir='ltr'><strong>t</strong></span> <span class='ocrx_word' id='word_1_371' title='bbox 1322 858 1406 886; x_wconf 80' lang='grc' dir='ltr'>’Άλλα</span> <span class='ocrx_word' id='word_1_372' title='bbox 1416 857 1482 893; x_wconf 75' lang='grc' dir='ltr'><strong>ἡμῖν</strong></span> <span class='ocrx_word' id='word_1_373' title='bbox 1494 855 1610 888; x_wconf 77' lang='grc' dir='ltr'><strong>λαλεῖτε,</strong></span> <span class='ocrx_word' id='word_1_374' title='bbox 1622 854 1669 882; x_wconf 75' lang='grc' dir='ltr'>καὶ</span> <span class='ocrx_word' id='word_1_375' title='bbox 1684 852 1819 887; x_wconf 76' lang='grc' dir='ltr'>ἀναγγέλ-</span> 
     </span>
    </p>
   </div>
   <div class='ocr_carea' id='block_1_51' title="bbox 991 899 1822 947">
    <p class='ocr_par' dir='ltr' id='par_1_51' title="bbox 991 899 1822 947">
     <span class='ocr_line' id='line_1_51' title="bbox 991 899 1822 947; baseline -0.013 -11"><span class='ocrx_word' id='word_1_376' title='bbox 991 919 1011 947; x_wconf 71' lang='lat' dir='ltr'><strong>B</strong></span> <span class='ocrx_word' id='word_1_377' title='bbox 1025 908 1088 935; x_wconf 83' lang='grc' dir='ltr'>λετε</span> <span class='ocrx_word' id='word_1_378' title='bbox 1104 908 1171 943; x_wconf 78' lang='grc' dir='ltr'><strong>ἡμῖν</strong></span> <span class='ocrx_word' id='word_1_379' title='bbox 1187 907 1284 941; x_wconf 71' lang='grc' dir='ltr'>ἑτέραν</span> <span class='ocrx_word' id='word_1_380' title='bbox 1301 904 1445 939; x_wconf 74' lang='grc' dir='ltr'><strong>πλάνησιν.</strong></span> <span class='ocrx_word' id='word_1_381' title='bbox 1474 911 1483 929; x_wconf 77' lang='grc' dir='ltr'><strong>ι</strong></span> <span class='ocrx_word' id='word_1_382' title='bbox 1510 902 1632 937; x_wconf 84' lang='grc' dir='ltr'>Συνῆσαν</span> <span class='ocrx_word' id='word_1_383' title='bbox 1648 900 1677 927; x_wconf 73' lang='grc' dir='ltr'>δὲ</span> <span class='ocrx_word' id='word_1_384' title='bbox 1697 899 1822 947; x_wconf 46' lang='grc' dir='ltr'>χαίταις</span> 
     </span>
    </p>
   </div>
   <div class='ocr_carea' id='block_1_52' title="bbox 1024 945 1820 990">
    <p class='ocr_par' dir='ltr' id='par_1_52' title="bbox 1024 945 1820 990">
     <span class='ocr_line' id='line_1_52' title="bbox 1024 945 1820 990; baseline -0.013 -8"><span class='ocrx_word' id='word_1_385' title='bbox 1024 955 1079 982; x_wconf 83' lang='grc' dir='ltr'><strong>τῶν</strong></span> <span class='ocrx_word' id='word_1_386' title='bbox 1092 953 1199 990; x_wconf 72' lang='grc' dir='ltr'>ὁμόρων</span> <span class='ocrx_word' id='word_1_387' title='bbox 1211 951 1295 980; x_wconf 78' lang='grc' dir='ltr'>ἐθνῶν</span> <span class='ocrx_word' id='word_1_388' title='bbox 1307 949 1488 986; x_wconf 80' lang='grc' dir='ltr'>θυγατράσιν,</span> <span class='ocrx_word' id='word_1_389' title='bbox 1506 947 1688 983; x_wconf 76' lang='grc' dir='ltr'><strong>ἀπειρηκότος</strong></span> <span class='ocrx_word' id='word_1_390' title='bbox 1706 945 1755 973; x_wconf 81' lang='grc' dir='ltr'>τοῦ</span> <span class='ocrx_word' id='word_1_391' title='bbox 1773 945 1820 973; x_wconf 75' lang='grc' dir='ltr'><strong>νό-</strong></span> 
     </span>
    </p>
   </div>
   <div class='ocr_carea' id='block_1_53' title="bbox 1027 990 1821 1036">
    <p class='ocr_par' dir='ltr' id='par_1_53' title="bbox 1027 990 1821 1036">
     <span class='ocr_line' id='line_1_53' title="bbox 1027 990 1821 1036; baseline -0.013 -9"><span class='ocrx_word' id='word_1_392' title='bbox 1027 1009 1078 1036; x_wconf 88' lang='grc' dir='ltr'><strong>μου</strong></span> <span class='ocrx_word' id='word_1_393' title='bbox 1094 1000 1124 1026; x_wconf 77' lang='grc' dir='ltr'>τὸ</span> <span class='ocrx_word' id='word_1_394' title='bbox 1145 996 1366 1035; x_wconf 63' lang='grc' dir='ltr'><strong>χρῑιμιῖύναιά</strong></span> <span class='ocrx_word' id='word_1_395' title='bbox 1381 1004 1411 1023; x_wconf 79' lang='grc' dir='ltr'><strong>τε</strong></span> <span class='ocrx_word' id='word_1_396' title='bbox 1433 994 1541 1030; x_wconf 68' lang='grc' dir='ltr'>πονηρὰ</span> <span class='ocrx_word' id='word_1_397' title='bbox 1559 994 1608 1020; x_wconf 75' lang='grc' dir='ltr'><strong>καὶ</strong></span> <span class='ocrx_word' id='word_1_398' title='bbox 1630 992 1756 1028; x_wconf 77' lang='grc' dir='ltr'><strong>θεομισῆ,</strong></span> <span class='ocrx_word' id='word_1_399' title='bbox 1773 990 1821 1018; x_wconf 74' lang='grc' dir='ltr'>καὶ</span> 
     </span>
    </p>
   </div>
   <div class='ocr_carea' id='block_1_54' title="bbox 1024 1039 1816 1082">
    <p class='ocr_par' dir='ltr' id='par_1_54' title="bbox 1024 1039 1816 1082">
     <span class='ocr_line' id='line_1_54' title="bbox 1024 1039 1816 1082; baseline -0.014 -8"><span class='ocrx_word' id='word_1_400' title='bbox 1024 1048 1081 1078; x_wconf 77' lang='grc' dir='ltr'>τοῖς</span> <span class='ocrx_word' id='word_1_401' title='bbox 1095 1046 1145 1082; x_wconf 79' lang='grc' dir='ltr'>τῆς</span> <span class='ocrx_word' id='word_1_402' title='bbox 1156 1043 1380 1079; x_wconf 75' lang='grc' dir='ltr'>εἰδωλολατρείας</span> <span class='ocrx_word' id='word_1_403' title='bbox 1397 1041 1486 1069; x_wconf 72' lang='grc' dir='ltr'>ἔθεσιν</span> <span class='ocrx_word' id='word_1_404' title='bbox 1510 1039 1716 1076; x_wconf 80' lang='grc' dir='ltr'>ἐντεθραμμένα</span> <span class='ocrx_word' id='word_1_405' title='bbox 1728 1045 1816 1073; x_wconf 78' lang='grc' dir='ltr'>παρα-</span> 
     </span>
    </p>
   </div>
   <div class='ocr_carea' id='block_1_55' title="bbox 1025 1084 1820 1127">
    <p class='ocr_par' dir='ltr' id='par_1_55' title="bbox 1025 1084 1820 1127">
     <span class='ocr_line' id='line_1_55' title="bbox 1025 1084 1820 1127; baseline -0.011 -9"><span class='ocrx_word' id='word_1_406' title='bbox 1025 1092 1117 1127; x_wconf 82' lang='grc' dir='ltr'>νόμως</span> <span class='ocrx_word' id='word_1_407' title='bbox 1138 1090 1365 1125; x_wconf 78' lang='grc' dir='ltr'>είσοικισάμενοι,</span> <span class='ocrx_word' id='word_1_408' title='bbox 1389 1087 1492 1115; x_wconf 76' lang='grc' dir='ltr'>παίδων</span> <span class='ocrx_word' id='word_1_409' title='bbox 1518 1085 1667 1120; x_wconf 70' lang='grc' dir='ltr'><strong>ἀλλοτρίων</strong></span> <span class='ocrx_word' id='word_1_410' title='bbox 1688 1084 1820 1118; x_wconf 79' lang='grc' dir='ltr'>γεγόνασι</span> 
     </span>
    </p>
   </div>
   <div class='ocr_carea' id='block_1_56' title="bbox 1027 1130 1822 1173">
    <p class='ocr_par' dir='ltr' id='par_1_56' title="bbox 1027 1130 1822 1173">
     <span class='ocr_line' id='line_1_56' title="bbox 1027 1130 1822 1173; baseline -0.011 -9"><span class='ocrx_word' id='word_1_411' title='bbox 1027 1137 1156 1173; x_wconf 73' lang='grc' dir='ltr'>πατέρες,</span> <span class='ocrx_word' id='word_1_412' title='bbox 1188 1137 1212 1163; x_wconf 83' lang='grc' dir='ltr'>οἳ</span> <span class='ocrx_word' id='word_1_413' title='bbox 1243 1136 1291 1163; x_wconf 78' lang='grc' dir='ltr'><strong>καὶ</strong></span> <span class='ocrx_word' id='word_1_414' title='bbox 1314 1133 1495 1170; x_wconf 70' lang='grc' dir='ltr'>ἀνετρέφοντο</span> <span class='ocrx_word' id='word_1_415' title='bbox 1523 1132 1580 1164; x_wconf 79' lang='grc' dir='ltr'>τοῖς</span> <span class='ocrx_word' id='word_1_416' title='bbox 1609 1130 1665 1158; x_wconf 84' lang='grc' dir='ltr'><strong>τῶν</strong></span> <span class='ocrx_word' id='word_1_417' title='bbox 1692 1130 1822 1166; x_wconf 74' lang='grc' dir='ltr'>μητέρων</span> 
     </span>
    </p>
   </div>
   <div class='ocr_carea' id='block_1_57' title="bbox 1026 1175 1823 1217">
    <p class='ocr_par' dir='ltr' id='par_1_57' title="bbox 1026 1175 1823 1217">
     <span class='ocr_line' id='line_1_57' title="bbox 1026 1175 1823 1217; baseline -0.01 -7"><span class='ocrx_word' id='word_1_418' title='bbox 1026 1183 1110 1217; x_wconf 68' lang='grc' dir='ltr'>ἔθεσι,</span> <span class='ocrx_word' id='word_1_419' title='bbox 1126 1182 1172 1210; x_wconf 82' lang='grc' dir='ltr'><strong>τὸν</strong></span> <span class='ocrx_word' id='word_1_420' title='bbox 1184 1181 1229 1210; x_wconf 86' lang='grc' dir='ltr'><strong>διὰ</strong></span> <span class='ocrx_word' id='word_1_421' title='bbox 1245 1181 1368 1212; x_wconf 75' lang='grc' dir='ltr'>Μωσέως</span> <span class='ocrx_word' id='word_1_422' title='bbox 1387 1179 1481 1217; x_wconf 64' lang='grc' dir='ltr'>νρμον,</span> <span class='ocrx_word' id='word_1_423' title='bbox 1497 1177 1551 1209; x_wconf 79' lang='grc' dir='ltr'>οὐδ’</span> <span class='ocrx_word' id='word_1_424' title='bbox 1565 1178 1628 1205; x_wconf 79' lang='grc' dir='ltr'>ὅσον</span> <span class='ocrx_word' id='word_1_425' title='bbox 1641 1177 1740 1209; x_wconf 70' lang='grc' dir='ltr'>εἰπεῖν,</span> <span class='ocrx_word' id='word_1_426' title='bbox 1752 1175 1823 1202; x_wconf 70' lang='grc' dir='ltr'>ειδέ-</span> 
     </span>
    </p>
   </div>
   <div class='ocr_carea' id='block_1_58' title="bbox 1026 1221 1822 1264">
    <p class='ocr_par' dir='ltr' id='par_1_58' title="bbox 1026 1221 1822 1264">
     <span class='ocr_line' id='line_1_58' title="bbox 1026 1221 1822 1264; baseline -0.011 -8"><span class='ocrx_word' id='word_1_427' title='bbox 1026 1237 1071 1256; x_wconf 86' lang='grc' dir='ltr'><strong>ναι</strong></span> <span class='ocrx_word' id='word_1_428' title='bbox 1083 1227 1323 1264; x_wconf 76' lang='grc' dir='ltr'>προσποιούμενοι.</span> <span class='ocrx_word' id='word_1_429' title='bbox 1336 1224 1428 1260; x_wconf 79' lang='grc' dir='ltr'>Ταύτῃ</span> <span class='ocrx_word' id='word_1_430' title='bbox 1441 1224 1484 1251; x_wconf 89' lang='grc' dir='ltr'><strong>τοί</strong></span> <span class='ocrx_word' id='word_1_431' title='bbox 1497 1231 1592 1259; x_wconf 85' lang='grc' dir='ltr'>φησιν,</span> <span class='ocrx_word' id='word_1_432' title='bbox 1607 1223 1649 1250; x_wconf 81' lang='grc' dir='ltr'>ὅτι</span> <span class='ocrx_word' id='word_1_433' title='bbox 1665 1221 1822 1257; x_wconf 72' lang='grc' dir='ltr'>ἐνεπλήσθη</span> 
     </span>
    </p>
   </div>
   <div class='ocr_carea' id='block_1_59' title="bbox 1026 1266 1823 1308">
    <p class='ocr_par' dir='ltr' id='par_1_59' title="bbox 1026 1266 1823 1308">
     <span class='ocr_line' id='line_1_59' title="bbox 1026 1266 1823 1308; baseline -0.009 -9"><span class='ocrx_word' id='word_1_434' title='bbox 1026 1273 1065 1305; x_wconf 83' lang='grc' dir='ltr'>ὡς</span> <span class='ocrx_word' id='word_1_435' title='bbox 1075 1273 1106 1299; x_wconf 85' lang='grc' dir='ltr'>τὺ</span> <span class='ocrx_word' id='word_1_436' title='bbox 1117 1271 1245 1308; x_wconf 83' lang='grc' dir='ltr'>ἀπαρχῆς</span> <span class='ocrx_word' id='word_1_437' title='bbox 1257 1272 1274 1306; x_wconf 81' lang='grc' dir='ltr'>ἡ</span> <span class='ocrx_word' id='word_1_438' title='bbox 1291 1270 1368 1307; x_wconf 80' lang='grc' dir='ltr'>χώρα</span> <span class='ocrx_word' id='word_1_439' title='bbox 1385 1269 1475 1299; x_wconf 78' lang='grc' dir='ltr'>αὐτῶν</span> <span class='ocrx_word' id='word_1_440' title='bbox 1489 1267 1676 1304; x_wconf 81' lang='grc' dir='ltr'>κληδονισμῶν</span> <span class='ocrx_word' id='word_1_441' title='bbox 1686 1266 1752 1294; x_wconf 75' lang='grc' dir='ltr'>ὡσεὶ</span> <span class='ocrx_word' id='word_1_442' title='bbox 1767 1266 1823 1293; x_wconf 79' lang='grc' dir='ltr'>τῶν</span> 
     </span>
    </p>
   </div>
   <div class='ocr_carea' id='block_1_60' title="bbox 1008 1313 1821 1355">
    <p class='ocr_par' dir='ltr' id='par_1_60' title="bbox 1008 1313 1821 1355">
     <span class='ocr_line' id='line_1_60' title="bbox 1008 1313 1821 1355; baseline -0.007 -11"><span class='ocrx_word' id='word_1_443' title='bbox 1008 1348 1015 1355; x_wconf 29' lang='grc' dir='ltr'>ἱ</span> <span class='ocrx_word' id='word_1_444' title='bbox 1027 1317 1195 1353; x_wconf 61' lang='grc' dir='ltr'>ἀλλοφύλων,</span> <span class='ocrx_word' id='word_1_445' title='bbox 1206 1317 1253 1343; x_wconf 81' lang='grc' dir='ltr'>καὶ</span> <span class='ocrx_word' id='word_1_446' title='bbox 1266 1316 1347 1347; x_wconf 70' lang='grc' dir='ltr'>τέκνα</span> <span class='ocrx_word' id='word_1_447' title='bbox 1361 1314 1499 1350; x_wconf 83' lang='grc' dir='ltr'>ἀλλόφυλα</span> <span class='ocrx_word' id='word_1_448' title='bbox 1509 1313 1702 1349; x_wconf 79' lang='grc' dir='ltr'>ἐγε[ν]ήθησαν</span> <span class='ocrx_word' id='word_1_449' title='bbox 1717 1313 1821 1345; x_wconf 77' lang='grc' dir='ltr'>αὐτοῖς.</span> 
     </span>
    </p>
   </div>
   <div class='ocr_carea' id='block_1_61' title="bbox 1026 1357 1824 1398">
    <p class='ocr_par' dir='ltr' id='par_1_61' title="bbox 1026 1357 1824 1398">
     <span class='ocr_line' id='line_1_61' title="bbox 1026 1357 1824 1398; baseline -0.006 -9"><span class='ocrx_word' id='word_1_450' title='bbox 1026 1360 1082 1390; x_wconf 84' lang='grc' dir='ltr'><strong>Ἦν</strong></span> <span class='ocrx_word' id='word_1_451' title='bbox 1096 1362 1125 1393; x_wconf 81' lang='grc' dir='ltr'>δὲ</span> <span class='ocrx_word' id='word_1_452' title='bbox 1141 1362 1243 1398; x_wconf 79' lang='grc' dir='ltr'>σφόδρα</span> <span class='ocrx_word' id='word_1_453' title='bbox 1255 1361 1309 1388; x_wconf 87' lang='grc' dir='ltr'>τῶν</span> <span class='ocrx_word' id='word_1_454' title='bbox 1321 1361 1440 1394; x_wconf 69' lang='grc' dir='ltr'>ἀτόπων,</span> <span class='ocrx_word' id='word_1_455' title='bbox 1453 1360 1501 1388; x_wconf 80' lang='grc' dir='ltr'>καὶ</span> <span class='ocrx_word' id='word_1_456' title='bbox 1516 1361 1684 1395; x_wconf 82' lang='grc' dir='ltr'>πάναισχρον</span> <span class='ocrx_word' id='word_1_457' title='bbox 1700 1357 1824 1393; x_wconf 79' lang='grc' dir='ltr'>ἀληθῶς,</span> 
     </span>
    </p>
   </div>
   <div class='ocr_carea' id='block_1_62' title="bbox 1027 1404 1823 1444">
    <p class='ocr_par' dir='ltr' id='par_1_62' title="bbox 1027 1404 1823 1444">
     <span class='ocr_line' id='line_1_62' title="bbox 1027 1404 1823 1444; baseline -0.006 -9"><span class='ocrx_word' id='word_1_458' title='bbox 1027 1408 1077 1444; x_wconf 85' lang='grc' dir='ltr'><strong>τὴν</strong></span> <span class='ocrx_word' id='word_1_459' title='bbox 1093 1408 1174 1442; x_wconf 77' lang='grc' dir='ltr'>ἁγίαν</span> <span class='ocrx_word' id='word_1_460' title='bbox 1198 1407 1275 1434; x_wconf 77' lang='grc' dir='ltr'>πόλιν</span> <span class='ocrx_word' id='word_1_461' title='bbox 1299 1407 1506 1442; x_wconf 80' lang='grc' dir='ltr'><strong>κατῳκηκότας,</strong></span> <span class='ocrx_word' id='word_1_462' title='bbox 1529 1406 1592 1437; x_wconf 81' lang='grc' dir='ltr'>τοὺς</span> <span class='ocrx_word' id='word_1_463' title='bbox 1615 1405 1646 1437; x_wconf 79' lang='grc' dir='ltr'>ἐξ</span> <span class='ocrx_word' id='word_1_464' title='bbox 1661 1404 1823 1439; x_wconf 73' lang='grc' dir='ltr'>ἀλλοφύλων</span> 
     </span>
    </p>
   </div>
   <div class='ocr_carea' id='block_1_63' title="bbox 1027 1450 1824 1489">
    <p class='ocr_par' dir='ltr' id='par_1_63' title="bbox 1027 1450 1824 1489">
     <span class='ocr_line' id='line_1_63' title="bbox 1027 1450 1824 1489; baseline -0.006 -8"><span class='ocrx_word' id='word_1_465' title='bbox 1027 1453 1166 1489; x_wconf 79' lang='grc' dir='ltr'>γυναικῶν</span> <span class='ocrx_word' id='word_1_466' title='bbox 1178 1453 1323 1487; x_wconf 75' lang='grc' dir='ltr'>γεγονότας</span> <span class='ocrx_word' id='word_1_467' title='bbox 1340 1453 1432 1484; x_wconf 74' lang='grc' dir='ltr'>αὐτοῖς</span> <span class='ocrx_word' id='word_1_468' title='bbox 1454 1452 1533 1485; x_wconf 77' lang='grc' dir='ltr'>υἱεῖς,</span> <span class='ocrx_word' id='word_1_469' title='bbox 1547 1452 1635 1478; x_wconf 73' lang='grc' dir='ltr'>ἔθεσιν</span> <span class='ocrx_word' id='word_1_470' title='bbox 1655 1450 1824 1486; x_wconf 70' lang='grc' dir='ltr'>Ἑλληνικοῖς</span> 
     </span>
    </p>
   </div>
   <div class='ocr_carea' id='block_1_64' title="bbox 1029 1495 1824 1534">
    <p class='ocr_par' dir='ltr' id='par_1_64' title="bbox 1029 1495 1824 1534">
     <span class='ocr_line' id='line_1_64' title="bbox 1029 1495 1824 1534; baseline -0.004 -8"><span class='ocrx_word' id='word_1_471' title='bbox 1029 1499 1217 1527; x_wconf 82' lang='grc' dir='ltr'>πολιτεύεσθαι</span> <span class='ocrx_word' id='word_1_472' title='bbox 1245 1499 1292 1526; x_wconf 75' lang='grc' dir='ltr'>καὶ</span> <span class='ocrx_word' id='word_1_473' title='bbox 1322 1498 1373 1534; x_wconf 77' lang='grc' dir='ltr'>ζῇν</span> <span class='ocrx_word' id='word_1_474' title='bbox 1400 1497 1453 1532; x_wconf 79' lang='grc' dir='ltr'>ἐξω</span> <span class='ocrx_word' id='word_1_475' title='bbox 1479 1497 1574 1533; x_wconf 82' lang='grc' dir='ltr'>νόμου.</span> <span class='ocrx_word' id='word_1_476' title='bbox 1602 1497 1657 1524; x_wconf 73' lang='grc' dir='ltr'>Καὶ</span> <span class='ocrx_word' id='word_1_477' title='bbox 1681 1496 1729 1524; x_wconf 82' lang='grc' dir='ltr'><strong>τοῦ</strong></span> <span class='ocrx_word' id='word_1_478' title='bbox 1754 1495 1824 1523; x_wconf 74' lang='grc' dir='ltr'><strong>Θιοῦ</strong></span> 
     </span>
    </p>
   </div>
   <div class='ocr_carea' id='block_1_65' title="bbox 1030 1544 1824 1582">
    <p class='ocr_par' dir='ltr' id='par_1_65' title="bbox 1030 1544 1824 1582">
     <span class='ocr_line' id='line_1_65' title="bbox 1030 1544 1824 1582; baseline -0.004 -10"><span class='ocrx_word' id='word_1_479' title='bbox 1030 1546 1244 1582; x_wconf 83' lang='grc' dir='ltr'>προστάττοντος</span> <span class='ocrx_word' id='word_1_480' title='bbox 1261 1546 1315 1572; x_wconf 75' lang='grc' dir='ltr'><strong>πᾶν</strong></span> <span class='ocrx_word' id='word_1_481' title='bbox 1333 1544 1440 1572; x_wconf 80' lang='grc' dir='ltr'>παιδίον</span> <span class='ocrx_word' id='word_1_482' title='bbox 1451 1545 1535 1580; x_wconf 83' lang='grc' dir='ltr'>ἄρσεν</span> <span class='ocrx_word' id='word_1_483' title='bbox 1549 1544 1720 1580; x_wconf 83' lang='grc' dir='ltr'>όκταήμερον</span> <span class='ocrx_word' id='word_1_484' title='bbox 1740 1551 1824 1579; x_wconf 80' lang='grc' dir='ltr'>περι-</span> 
     </span>
    </p>
   </div>
   <div class='ocr_carea' id='block_1_66' title="bbox 992 1589 1824 1634">
    <p class='ocr_par' dir='ltr' id='par_1_66' title="bbox 992 1589 1824 1634">
     <span class='ocr_line' id='line_1_66' title="bbox 992 1589 1824 1634; baseline -0.005 -14"><span class='ocrx_word' id='word_1_485' title='bbox 992 1604 1013 1634; x_wconf 75' lang='lat' dir='ltr'>c</span> <span class='ocrx_word' id='word_1_486' title='bbox 1029 1591 1187 1627; x_wconf 60' lang='grc' dir='ltr'>τέμνεσθαι,</span> <span class='ocrx_word' id='word_1_487' title='bbox 1206 1591 1332 1626; x_wconf 80' lang='grc' dir='ltr'>λέγοντός</span> <span class='ocrx_word' id='word_1_488' title='bbox 1353 1600 1383 1618; x_wconf 77' lang='grc' dir='ltr'><strong>τε</strong></span> <span class='ocrx_word' id='word_1_489' title='bbox 1402 1591 1508 1626; x_wconf 77' lang='grc' dir='ltr'>σαφῶςο</span> <span class='ocrx_word' id='word_1_490' title='bbox 1524 1599 1535 1617; x_wconf 76' lang='grc' dir='ltr'><strong>ι</strong></span> <span class='ocrx_word' id='word_1_491' title='bbox 1550 1591 1632 1625; x_wconf 84' lang='grc' dir='ltr'>Τρεῖς</span> <span class='ocrx_word' id='word_1_492' title='bbox 1646 1589 1759 1625; x_wconf 73' lang='grc' dir='ltr'>καιροὺς</span> <span class='ocrx_word' id='word_1_493' title='bbox 1776 1589 1824 1617; x_wconf 79' lang='grc' dir='ltr'><strong>τοῦ</strong></span> 
     </span>
    </p>
   </div>
   <div class='ocr_carea' id='block_1_67' title="bbox 1030 1636 1822 1674">
    <p class='ocr_par' dir='ltr' id='par_1_67' title="bbox 1030 1636 1822 1674">
     <span class='ocr_line' id='line_1_67' title="bbox 1030 1636 1822 1674; baseline -0.003 -10"><span class='ocrx_word' id='word_1_494' title='bbox 1030 1637 1154 1669; x_wconf 69' lang='grc' dir='ltr'>ἐνιαυτοῦ</span> <span class='ocrx_word' id='word_1_495' title='bbox 1166 1636 1315 1674; x_wconf 70' lang='grc' dir='ltr'>ὀφθήσεται</span> <span class='ocrx_word' id='word_1_496' title='bbox 1326 1637 1380 1665; x_wconf 79' lang='grc' dir='ltr'><strong>πᾶν</strong></span> <span class='ocrx_word' id='word_1_497' title='bbox 1391 1637 1536 1674; x_wconf 69' lang='grc' dir='ltr'>ἀρσενικόν</span> <span class='ocrx_word' id='word_1_498' title='bbox 1549 1644 1595 1664; x_wconf 83' lang='grc' dir='ltr'><strong>σου</strong></span> <span class='ocrx_word' id='word_1_499' title='bbox 1607 1636 1722 1664; x_wconf 60' lang='lat' dir='ltr'><strong>imm</strong></span> <span class='ocrx_word' id='word_1_500' title='bbox 1736 1644 1800 1672; x_wconf 80' lang='grc' dir='ltr'>μου·</span> <span class='ocrx_word' id='word_1_501' title='bbox 1814 1645 1822 1662; x_wconf 80' lang='grc' dir='ltr'><strong>ι</strong></span> 
     </span>
    </p>
   </div>
   <div class='ocr_carea' id='block_1_68' title="bbox 1031 1682 1826 1720">
    <p class='ocr_par' dir='ltr' id='par_1_68' title="bbox 1031 1682 1826 1720">
     <span class='ocr_line' id='line_1_68' title="bbox 1031 1682 1826 1720; baseline -0.003 -10"><span class='ocrx_word' id='word_1_502' title='bbox 1031 1684 1057 1710; x_wconf 79' lang='grc' dir='ltr'>οἱ</span> <span class='ocrx_word' id='word_1_503' title='bbox 1073 1684 1101 1712; x_wconf 72' lang='grc' dir='ltr'>δὲ</span> <span class='ocrx_word' id='word_1_504' title='bbox 1115 1683 1194 1711; x_wconf 79' lang='grc' dir='ltr'>τοῦτο</span> <span class='ocrx_word' id='word_1_505' title='bbox 1209 1684 1259 1720; x_wconf 76' lang='grc' dir='ltr'><strong>μὲν</strong></span> <span class='ocrx_word' id='word_1_506' title='bbox 1275 1684 1325 1712; x_wconf 81' lang='grc' dir='ltr'>οὐκ</span> <span class='ocrx_word' id='word_1_507' title='bbox 1339 1684 1434 1720; x_wconf 74' lang='grc' dir='ltr'>ἔδρων,</span> <span class='ocrx_word' id='word_1_508' title='bbox 1450 1683 1691 1719; x_wconf 75' lang='grc' dir='ltr'>ἀπεκομίζοντοδὲ</span> <span class='ocrx_word' id='word_1_509' title='bbox 1699 1684 1755 1714; x_wconf 81' lang='grc' dir='ltr'>τοῖς</span> <span class='ocrx_word' id='word_1_510' title='bbox 1766 1682 1826 1709; x_wconf 86' lang='grc' dir='ltr'>δαί-</span> 
     </span>
    </p>
   </div>
   <div class='ocr_carea' id='block_1_69' title="bbox 1035 1729 1825 1766">
    <p class='ocr_par' dir='ltr' id='par_1_69' title="bbox 1035 1729 1825 1766">
     <span class='ocr_line' id='line_1_69' title="bbox 1035 1729 1825 1766; baseline 0.001 -10"><span class='ocrx_word' id='word_1_511' title='bbox 1035 1739 1100 1766; x_wconf 87' lang='grc' dir='ltr'>μοσι</span> <span class='ocrx_word' id='word_1_512' title='bbox 1113 1730 1146 1758; x_wconf 79' lang='grc' dir='ltr'><strong>τὰ</strong></span> <span class='ocrx_word' id='word_1_513' title='bbox 1163 1730 1330 1766; x_wconf 81' lang='grc' dir='ltr'>γεννώμενα,</span> <span class='ocrx_word' id='word_1_514' title='bbox 1346 1731 1394 1760; x_wconf 74' lang='grc' dir='ltr'>καὶ</span> <span class='ocrx_word' id='word_1_515' title='bbox 1411 1731 1440 1760; x_wconf 84' lang='grc' dir='ltr'><strong>ἐν</strong></span> <span class='ocrx_word' id='word_1_516' title='bbox 1451 1731 1509 1762; x_wconf 76' lang='grc' dir='ltr'>τοῖς</span> <span class='ocrx_word' id='word_1_517' title='bbox 1529 1730 1584 1761; x_wconf 79' lang='grc' dir='ltr'>τῶν</span> <span class='ocrx_word' id='word_1_518' title='bbox 1600 1729 1718 1763; x_wconf 80' lang='grc' dir='ltr'>είδώλων</span> <span class='ocrx_word' id='word_1_519' title='bbox 1742 1731 1825 1766; x_wconf 81' lang='grc' dir='ltr'>τεμέ-</span> 
     </span>
    </p>
   </div>
   <div class='ocr_carea' id='block_1_70' title="bbox 195 1773 1826 1814">
    <p class='ocr_par' dir='ltr' id='par_1_70' title="bbox 195 1773 1826 1814">
     <span class='ocr_line' id='line_1_70' title="bbox 195 1773 1826 1814; baseline 0.001 -12"><span class='ocrx_word' id='word_1_520' title='bbox 195 1785 252 1803; x_wconf 86' lang='grc' dir='ltr'>νεσι</span> <span class='ocrx_word' id='word_1_521' title='bbox 264 1776 312 1814; x_wconf 83' lang='grc' dir='ltr'><strong>τὰς</strong></span> <span class='ocrx_word' id='word_1_522' title='bbox 324 1776 367 1803; x_wconf 81' lang='grc' dir='ltr'><strong>ἐπ’</strong></span> <span class='ocrx_word' id='word_1_523' title='bbox 385 1776 476 1808; x_wconf 80' lang='grc' dir='ltr'>αὐτοῖς</span> <span class='ocrx_word' id='word_1_524' title='bbox 491 1776 598 1803; x_wconf 76' lang='grc' dir='ltr'>ἐτέλουν</span> <span class='ocrx_word' id='word_1_525' title='bbox 617 1775 722 1807; x_wconf 82' lang='grc' dir='ltr'>θυσίας.</span> <span class='ocrx_word' id='word_1_526' title='bbox 747 1775 827 1811; x_wconf 63' lang='grc' dir='ltr'>Ὁρᾷς</span> <span class='ocrx_word' id='word_1_527' title='bbox 857 1775 980 1811; x_wconf 77' lang='grc' dir='ltr'>πανταχῆ</span> <span class='ocrx_word' id='word_1_528' title='bbox 1004 1775 1197 1812; x_wconf 82' lang='grc' dir='ltr'>πεπατηκότας</span> <span class='ocrx_word' id='word_1_529' title='bbox 1213 1776 1259 1809; x_wconf 76' lang='grc' dir='ltr'><strong>τὸν</strong></span> <span class='ocrx_word' id='word_1_530' title='bbox 1287 1776 1379 1812; x_wconf 80' lang='grc' dir='ltr'>νόμον.</span> <span class='ocrx_word' id='word_1_531' title='bbox 1397 1775 1465 1804; x_wconf 82' lang='grc' dir='ltr'>Είτα</span> <span class='ocrx_word' id='word_1_532' title='bbox 1479 1775 1538 1809; x_wconf 82' lang='grc' dir='ltr'>πῶς</span> <span class='ocrx_word' id='word_1_533' title='bbox 1556 1773 1590 1813; x_wconf 76' lang='grc' dir='ltr'><strong>ἦν</strong></span> <span class='ocrx_word' id='word_1_534' title='bbox 1605 1775 1751 1807; x_wconf 74' lang='grc' dir='ltr'>ἀκόλουθον</span> <span class='ocrx_word' id='word_1_535' title='bbox 1763 1777 1826 1808; x_wconf 76' lang='grc' dir='ltr'>τοὺς</span> 
     </span>
    </p>
   </div>
   <div class='ocr_carea' id='block_1_71' title="bbox 196 1823 1826 1862">
    <p class='ocr_par' dir='ltr' id='par_1_71' title="bbox 196 1823 1826 1862">
     <span class='ocr_line' id='line_1_71' title="bbox 196 1823 1826 1862; baseline 0.001 -11"><span class='ocrx_word' id='word_1_536' title='bbox 196 1826 235 1856; x_wconf 80' lang='grc' dir='ltr'><strong>είς</strong></span> <span class='ocrx_word' id='word_1_537' title='bbox 249 1823 327 1855; x_wconf 78' lang='grc' dir='ltr'>τοῦτο</span> <span class='ocrx_word' id='word_1_538' title='bbox 338 1824 430 1855; x_wconf 78' lang='grc' dir='ltr'>λοιπὸν</span> <span class='ocrx_word' id='word_1_539' title='bbox 444 1825 559 1860; x_wconf 76' lang='grc' dir='ltr'>ἥκοντας</span> <span class='ocrx_word' id='word_1_540' title='bbox 579 1824 717 1856; x_wconf 71' lang='grc' dir='ltr'>ἀσεϐείας,</span> <span class='ocrx_word' id='word_1_541' title='bbox 737 1824 774 1857; x_wconf 87' lang='grc' dir='ltr'>ὡς</span> <span class='ocrx_word' id='word_1_542' title='bbox 799 1825 867 1862; x_wconf 75' lang='grc' dir='ltr'>μήτε</span> <span class='ocrx_word' id='word_1_543' title='bbox 885 1824 983 1857; x_wconf 61' lang='grc' dir='ltr'>ειδέναι</span> <span class='ocrx_word' id='word_1_544' title='bbox 1001 1824 1144 1860; x_wconf 79' lang='grc' dir='ltr'>βούλεσθαι</span> <span class='ocrx_word' id='word_1_545' title='bbox 1177 1826 1223 1852; x_wconf 83' lang='grc' dir='ltr'>τὸν</span> <span class='ocrx_word' id='word_1_546' title='bbox 1257 1825 1409 1861; x_wconf 82' lang='grc' dir='ltr'>λυτρωτὴν,</span> <span class='ocrx_word' id='word_1_547' title='bbox 1431 1825 1514 1852; x_wconf 81' lang='grc' dir='ltr'>αὑτοῦ</span> <span class='ocrx_word' id='word_1_548' title='bbox 1536 1825 1599 1852; x_wconf 74' lang='grc' dir='ltr'>λαὸν</span> <span class='ocrx_word' id='word_1_549' title='bbox 1623 1825 1826 1861; x_wconf 77' lang='grc' dir='ltr'>ὀνομάζεσθαι;</span> 
     </span>
    </p>
   </div>
   <div class='ocr_carea' id='block_1_72' title="bbox 197 1869 1826 1908">
    <p class='ocr_par' dir='ltr' id='par_1_72' title="bbox 197 1869 1826 1908">
     <span class='ocr_line' id='line_1_72' title="bbox 197 1869 1826 1908; baseline 0.002 -12"><span class='ocrx_word' id='word_1_550' title='bbox 197 1870 300 1897; x_wconf 76' lang='grc' dir='ltr'><strong>Οὐκοῦν</strong></span> <span class='ocrx_word' id='word_1_551' title='bbox 326 1870 386 1897; x_wconf 83' lang='grc' dir='ltr'>ὁσία</span> <span class='ocrx_word' id='word_1_552' title='bbox 411 1869 499 1907; x_wconf 73' lang='grc' dir='ltr'>ψῆφος</span> <span class='ocrx_word' id='word_1_553' title='bbox 519 1870 535 1905; x_wconf 83' lang='grc' dir='ltr'>ἡ</span> <span class='ocrx_word' id='word_1_554' title='bbox 560 1870 603 1898; x_wconf 80' lang='grc' dir='ltr'>ἐπ’</span> <span class='ocrx_word' id='word_1_555' title='bbox 623 1870 725 1903; x_wconf 77' lang='grc' dir='ltr'>αὐτοῖς,</span> <span class='ocrx_word' id='word_1_556' title='bbox 750 1870 797 1900; x_wconf 76' lang='grc' dir='ltr'><strong>καὶ</strong></span> <span class='ocrx_word' id='word_1_557' title='bbox 829 1870 878 1907; x_wconf 78' lang='grc' dir='ltr'>τῆς</span> <span class='ocrx_word' id='word_1_558' title='bbox 903 1871 1077 1908; x_wconf 79' lang='grc' dir='ltr'>ἀποστροφῆς</span> <span class='ocrx_word' id='word_1_559' title='bbox 1100 1873 1150 1899; x_wconf 86' lang='grc' dir='ltr'><strong>ούκ</strong></span> <span class='ocrx_word' id='word_1_560' title='bbox 1172 1871 1288 1907; x_wconf 82' lang='grc' dir='ltr'>ἀγεννὴς</span> <span class='ocrx_word' id='word_1_561' title='bbox 1315 1873 1332 1907; x_wconf 72' lang='grc' dir='ltr'><strong>ἡ</strong></span> <span class='ocrx_word' id='word_1_562' title='bbox 1355 1871 1500 1907; x_wconf 64' lang='grc' dir='ltr'>πρότασις.</span> <span class='ocrx_word' id='word_1_563' title='bbox 1525 1882 1534 1898; x_wconf 80' lang='grc' dir='ltr'><strong>ι</strong></span> <span class='ocrx_word' id='word_1_564' title='bbox 1560 1872 1826 1908; x_wconf 78' lang='grc' dir='ltr'>’Δπροσωπόληπτος</span> 
     </span>
    </p>
   </div>
   <div class='ocr_carea' id='block_1_73' title="bbox 197 1917 574 1954">
    <p class='ocr_par' dir='ltr' id='par_1_73' title="bbox 197 1917 574 1954">
     <span class='ocr_line' id='line_1_73' title="bbox 197 1917 574 1954; baseline 0 -10"><span class='ocrx_word' id='word_1_565' title='bbox 197 1918 250 1954; x_wconf 76' lang='grc' dir='ltr'>γὰρ</span> <span class='ocrx_word' id='word_1_566' title='bbox 260 1918 274 1944; x_wconf 85' lang='grc' dir='ltr'>ὁ</span> <span class='ocrx_word' id='word_1_567' title='bbox 285 1917 339 1944; x_wconf 82' lang='grc' dir='ltr'><strong>τῶν</strong></span> <span class='ocrx_word' id='word_1_568' title='bbox 351 1917 420 1944; x_wconf 85' lang='grc' dir='ltr'>δλων</span> <span class='ocrx_word' id='word_1_569' title='bbox 434 1918 540 1954; x_wconf 72' lang='grc' dir='ltr'>κριτής.</span> <span class='ocrx_word' id='word_1_570' title='bbox 565 1927 574 1943; x_wconf 75' lang='grc' dir='ltr'><strong>ι</strong></span> 
     </span>
    </p>
   </div>
   <div class='ocr_carea' id='block_1_74' title="bbox 236 1962 982 2000">
    <p class='ocr_par' dir='ltr' id='par_1_74' title="bbox 236 1962 982 2000">
     <span class='ocr_line' id='line_1_74' title="bbox 236 1962 982 2000; baseline 0.004 -10"><span class='ocrx_word' id='word_1_571' title='bbox 236 1963 316 1991; x_wconf 65' lang='grc' dir='ltr'><strong>γης.</strong></span> <span class='ocrx_word' id='word_1_572' title='bbox 331 1964 357 1996; x_wconf 87' lang='lat'><strong>7,</strong></span> <span class='ocrx_word' id='word_1_573' title='bbox 372 1963 399 1990; x_wconf 93' lang='lat'><strong>8.</strong></span> <span class='ocrx_word' id='word_1_574' title='bbox 413 1962 526 1999; x_wconf 82' lang='lat' dir='ltr'><strong>Impleta</strong></span> <span class='ocrx_word' id='word_1_575' title='bbox 539 1968 576 1991; x_wconf 81' lang='lat' dir='ltr'><strong>eu</strong></span> <span class='ocrx_word' id='word_1_576' title='bbox 593 1964 661 1991; x_wconf 81' lang='lat' dir='ltr'><strong>enim</strong></span> <span class='ocrx_word' id='word_1_577' title='bbox 680 1964 750 1999; x_wconf 86' lang='lat' dir='ltr'><strong>regio</strong></span> <span class='ocrx_word' id='word_1_578' title='bbox 770 1971 858 1991; x_wconf 84' lang='lat' dir='ltr'><strong>eorum</strong></span> <span class='ocrx_word' id='word_1_579' title='bbox 872 1970 982 2000; x_wconf 75' lang='lat' dir='ltr'><strong>argento</strong></span> 
     </span>
    </p>
   </div>
   <div class='ocr_carea' id='block_1_75' title="bbox 198 2011 983 2046">
    <p class='ocr_par' dir='ltr' id='par_1_75' title="bbox 198 2011 983 2046">
     <span class='ocr_line' id='line_1_75' title="bbox 198 2011 983 2046; baseline 0.001 -10"><span class='ocrx_word' id='word_1_580' title='bbox 198 2014 221 2036; x_wconf 83' lang='lat' dir='ltr'><strong>et</strong></span> <span class='ocrx_word' id='word_1_581' title='bbox 236 2017 312 2042; x_wconf 86' lang='lat' dir='ltr'><strong>auro,</strong></span> <span class='ocrx_word' id='word_1_582' title='bbox 331 2017 377 2036; x_wconf 83' lang='lat' dir='ltr'><strong>nec</strong></span> <span class='ocrx_word' id='word_1_583' title='bbox 392 2014 446 2036; x_wconf 74' lang='lat' dir='ltr'><strong>erat</strong></span> <span class='ocrx_word' id='word_1_584' title='bbox 464 2017 587 2036; x_wconf 68' lang='lat' dir='ltr'><strong>numerus</strong></span> <span class='ocrx_word' id='word_1_585' title='bbox 603 2011 787 2039; x_wconf 76' lang='lat' dir='ltr'><strong>thesaurorum</strong></span> <span class='ocrx_word' id='word_1_586' title='bbox 804 2011 938 2046; x_wconf 76' lang='lat' dir='ltr'><strong>ipsorum:</strong></span> <span class='ocrx_word' id='word_1_587' title='bbox 958 2016 983 2038; x_wconf 81' lang='lat' dir='ltr'><strong>et</strong></span> 
     </span>
    </p>
   </div>
   <div class='ocr_carea' id='block_1_76' title="bbox 200 2053 984 2090">
    <p class='ocr_par' dir='ltr' id='par_1_76' title="bbox 200 2053 984 2090">
     <span class='ocr_line' id='line_1_76' title="bbox 200 2053 984 2090; baseline 0.005 -11"><span class='ocrx_word' id='word_1_588' title='bbox 200 2053 296 2088; x_wconf 73' lang='lat' dir='ltr'><strong>repleta</strong></span> <span class='ocrx_word' id='word_1_589' title='bbox 311 2058 349 2081; x_wconf 79' lang='lat' dir='ltr'><strong>eu</strong></span> <span class='ocrx_word' id='word_1_590' title='bbox 363 2059 433 2080; x_wconf 82' lang='lat' dir='ltr'><strong>terra</strong></span> <span class='ocrx_word' id='word_1_591' title='bbox 445 2054 528 2089; x_wconf 73' lang='lat' dir='ltr'><strong>equis,</strong></span> <span class='ocrx_word' id='word_1_592' title='bbox 544 2058 568 2081; x_wconf 80' lang='lat' dir='ltr'><strong>et</strong></span> <span class='ocrx_word' id='word_1_593' title='bbox 589 2062 640 2081; x_wconf 84' lang='lat' dir='ltr'><strong>non</strong></span> <span class='ocrx_word' id='word_1_594' title='bbox 650 2059 705 2081; x_wconf 79' lang='lat' dir='ltr'><strong>erat</strong></span> <span class='ocrx_word' id='word_1_595' title='bbox 728 2062 851 2083; x_wconf 70' lang='lat' dir='ltr'><strong>numerus</strong></span> <span class='ocrx_word' id='word_1_596' title='bbox 872 2056 984 2090; x_wconf 84' lang='lat' dir='ltr'><strong>quadri-</strong></span> 
     </span>
    </p>
   </div>
   <div class='ocr_carea' id='block_1_77' title="bbox 200 2099 435 2133">
    <p class='ocr_par' dir='ltr' id='par_1_77' title="bbox 200 2099 435 2133">
     <span class='ocr_line' id='line_1_77' title="bbox 200 2099 435 2133; baseline 0.004 -8"><span class='ocrx_word' id='word_1_597' title='bbox 200 2107 294 2133; x_wconf 73' lang='lat' dir='ltr'><strong>garum</strong></span> <span class='ocrx_word' id='word_1_598' title='bbox 308 2099 435 2133; x_wconf 73' lang='lat' dir='ltr'><strong>ipsorum.</strong></span> 
     </span>
    </p>
   </div>
   <div class='ocr_carea' id='block_1_78' title="bbox 240 2140 985 2181">
    <p class='ocr_par' dir='ltr' id='par_1_78' title="bbox 240 2140 985 2181">
     <span class='ocr_line' id='line_1_78' title="bbox 240 2140 985 2181; baseline 0.007 -11"><span class='ocrx_word' id='word_1_599' title='bbox 240 2144 297 2172; x_wconf 92' lang='lat' dir='ltr'><strong>Duo</strong></span> <span class='ocrx_word' id='word_1_600' title='bbox 312 2145 411 2172; x_wconf 90' lang='lat' dir='ltr'><strong>iterum</strong></span> <span class='ocrx_word' id='word_1_601' title='bbox 425 2144 488 2171; x_wconf 84' lang='lat' dir='ltr'><strong>vitia</strong></span> <span class='ocrx_word' id='word_1_602' title='bbox 504 2143 652 2173; x_wconf 58' lang='lat' dir='ltr'><strong>foedissima</strong></span> <span class='ocrx_word' id='word_1_603' title='bbox 666 2145 720 2174; x_wconf 82' lang='lat' dir='ltr'><strong>illis</strong></span> <span class='ocrx_word' id='word_1_604' title='bbox 735 2140 823 2174; x_wconf 85' lang='lat' dir='ltr'><strong>inesse</strong></span> <span class='ocrx_word' id='word_1_605' title='bbox 834 2147 881 2181; x_wconf 87' lang='lat' dir='ltr'><strong>ait,</strong></span> <span class='ocrx_word' id='word_1_606' title='bbox 896 2147 985 2176; x_wconf 86' lang='lat' dir='ltr'><strong>avari-</strong></span> 
     </span>
    </p>
   </div>
   <div class='ocr_carea' id='block_1_79' title="bbox 201 2190 985 2228">
    <p class='ocr_par' dir='ltr' id='par_1_79' title="bbox 201 2190 985 2228">
     <span class='ocr_line' id='line_1_79' title="bbox 201 2190 985 2228; baseline 0.005 -12"><span class='ocrx_word' id='word_1_607' title='bbox 201 2191 262 2217; x_wconf 87' lang='lat' dir='ltr'><strong>tiam</strong></span> <span class='ocrx_word' id='word_1_608' title='bbox 272 2195 298 2218; x_wconf 84' lang='lat' dir='ltr'><strong>ct</strong></span> <span class='ocrx_word' id='word_1_609' title='bbox 308 2191 472 2228; x_wconf 86' lang='lat' dir='ltr'><strong>superbiam.</strong></span> <span class='ocrx_word' id='word_1_610' title='bbox 484 2190 634 2218; x_wconf 78' lang='lat' dir='ltr'><strong>Avaritiam</strong></span> <span class='ocrx_word' id='word_1_611' title='bbox 644 2193 763 2220; x_wconf 92' lang='lat' dir='ltr'><strong>omnium</strong></span> <span class='ocrx_word' id='word_1_612' title='bbox 773 2193 904 2220; x_wconf 81' lang='lat' dir='ltr'><strong>malarum</strong></span> <span class='ocrx_word' id='word_1_613' title='bbox 915 2193 985 2221; x_wconf 88' lang='lat' dir='ltr'><strong>radi-</strong></span> 
     </span>
    </p>
   </div>
   <div class='ocr_carea' id='block_1_80' title="bbox 201 2235 983 2274">
    <p class='ocr_par' dir='ltr' id='par_1_80' title="bbox 201 2235 983 2274">
     <span class='ocr_line' id='line_1_80' title="bbox 201 2235 983 2274; baseline 0.006 -12"><span class='ocrx_word' id='word_1_614' title='bbox 201 2243 258 2263; x_wconf 86' lang='lat' dir='ltr'><strong>cem</strong></span> <span class='ocrx_word' id='word_1_615' title='bbox 268 2243 326 2264; x_wconf 87' lang='lat' dir='ltr'><strong>esse</strong></span> <span class='ocrx_word' id='word_1_616' title='bbox 337 2236 552 2273; x_wconf 86' lang='lat' dir='ltr'><strong>sapientissimus</strong></span> <span class='ocrx_word' id='word_1_617' title='bbox 565 2235 664 2265; x_wconf 83' lang='lat' dir='ltr'><strong>Paulus</strong></span> <span class='ocrx_word' id='word_1_618' title='bbox 673 2241 788 2265; x_wconf 79' lang='lat' dir='ltr'><strong>testatur</strong></span> <span class='ocrx_word' id='word_1_619' title='bbox 802 2239 983 2274; x_wconf 82' lang='lat' dir='ltr'><strong>perspicue&quot;.</strong></span> 
     </span>
    </p>
   </div>
   <div class='ocr_carea' id='block_1_81' title="bbox 200 2281 988 2316">
    <p class='ocr_par' dir='ltr' id='par_1_81' title="bbox 200 2281 988 2316">
     <span class='ocr_line' id='line_1_81' title="bbox 200 2281 988 2316; baseline 0.005 -7"><span class='ocrx_word' id='word_1_620' title='bbox 200 2282 388 2316; x_wconf 82' lang='lat' dir='ltr'><strong>Arrogantiam</strong></span> <span class='ocrx_word' id='word_1_621' title='bbox 396 2286 484 2310; x_wconf 84' lang='lat' dir='ltr'><strong>autem</strong></span> <span class='ocrx_word' id='word_1_622' title='bbox 495 2289 549 2309; x_wconf 85' lang='lat' dir='ltr'><strong>rem</strong></span> <span class='ocrx_word' id='word_1_623' title='bbox 559 2281 612 2310; x_wconf 89' lang='lat' dir='ltr'><strong>Deo</strong></span> <span class='ocrx_word' id='word_1_624' title='bbox 620 2282 741 2310; x_wconf 87' lang='lat' dir='ltr'><strong>odiosam</strong></span> <span class='ocrx_word' id='word_1_625' title='bbox 749 2289 775 2311; x_wconf 86' lang='lat' dir='ltr'><strong>et</strong></span> <span class='ocrx_word' id='word_1_626' title='bbox 790 2284 916 2312; x_wconf 77' lang='lat' dir='ltr'><strong>infestam</strong></span> <span class='ocrx_word' id='word_1_627' title='bbox 928 2292 988 2313; x_wconf 76' lang='lat' dir='ltr'><strong>esse</strong></span> 
     </span>
    </p>
   </div>
   <div class='ocr_carea' id='block_1_82' title="bbox 201 2326 989 2363">
    <p class='ocr_par' dir='ltr' id='par_1_82' title="bbox 201 2326 989 2363">
     <span class='ocr_line' id='line_1_82' title="bbox 201 2326 989 2363; baseline 0.006 -9"><span class='ocrx_word' id='word_1_628' title='bbox 201 2331 307 2354; x_wconf 85' lang='lat' dir='ltr'><strong>constat</strong></span> <span class='ocrx_word' id='word_1_629' title='bbox 318 2326 451 2354; x_wconf 88' lang='lat' dir='ltr'><strong>onmibus.</strong></span> <span class='ocrx_word' id='word_1_630' title='bbox 473 2327 607 2363; x_wconf 88' lang='lat' dir='ltr'><strong>Scriptum</strong></span> <span class='ocrx_word' id='word_1_631' title='bbox 620 2333 661 2355; x_wconf 90' lang='lat' dir='ltr'><strong>est</strong></span> <span class='ocrx_word' id='word_1_632' title='bbox 670 2328 742 2356; x_wconf 87' lang='lat' dir='ltr'><strong>enim</strong></span> <span class='ocrx_word' id='word_1_633' title='bbox 758 2338 765 2357; x_wconf 90' lang='lat'><strong>:</strong></span> <span class='ocrx_word' id='word_1_634' title='bbox 780 2338 790 2356; x_wconf 74' lang='grc' dir='ltr'><strong>ι</strong></span> <span class='ocrx_word' id='word_1_635' title='bbox 804 2330 933 2359; x_wconf 90' lang='lat' dir='ltr'><strong>Dominus</strong></span> <span class='ocrx_word' id='word_1_636' title='bbox 943 2339 989 2359; x_wconf 87' lang='lat' dir='ltr'><strong>su-</strong></span> 
     </span>
    </p>
   </div>
   <div class='ocr_carea' id='block_1_83' title="bbox 202 2372 987 2411">
    <p class='ocr_par' dir='ltr' id='par_1_83' title="bbox 202 2372 987 2411">
     <span class='ocr_line' id='line_1_83' title="bbox 202 2372 987 2411; baseline 0.005 -12"><span class='ocrx_word' id='word_1_637' title='bbox 202 2373 292 2411; x_wconf 85' lang='lat' dir='ltr'><strong>perbis</strong></span> <span class='ocrx_word' id='word_1_638' title='bbox 302 2372 414 2405; x_wconf 82' lang='lat' dir='ltr'><strong>resistit,</strong></span> <span class='ocrx_word' id='word_1_639' title='bbox 424 2373 569 2401; x_wconf 86' lang='lat' dir='ltr'><strong>humilibus</strong></span> <span class='ocrx_word' id='word_1_640' title='bbox 579 2381 643 2401; x_wconf 91' lang='lat' dir='ltr'><strong>vero</strong></span> <span class='ocrx_word' id='word_1_641' title='bbox 653 2375 700 2402; x_wconf 90' lang='lat' dir='ltr'><strong>dat</strong></span> <span class='ocrx_word' id='word_1_642' title='bbox 710 2376 824 2411; x_wconf 81' lang='lat' dir='ltr'><strong>gratiam</strong></span> <span class='ocrx_word' id='word_1_643' title='bbox 833 2376 866 2403; x_wconf 64' lang='lat'><strong>&#39;9.</strong></span> <span class='ocrx_word' id='word_1_644' title='bbox 880 2385 889 2402; x_wconf 80' lang='grc' dir='ltr'><strong>ι</strong></span> <span class='ocrx_word' id='word_1_645' title='bbox 906 2375 961 2404; x_wconf 88' lang='lat' dir='ltr'><strong>ltno</strong></span> <span class='ocrx_word' id='word_1_646' title='bbox 973 2384 987 2403; x_wconf 91' lang='lat' dir='ltr'><strong>a</strong></span> 
     </span>
    </p>
   </div>
   <div class='ocr_carea' id='block_1_84' title="bbox 204 2419 984 2456">
    <p class='ocr_par' dir='ltr' id='par_1_84' title="bbox 204 2419 984 2456">
     <span class='ocr_line' id='line_1_84' title="bbox 204 2419 984 2456; baseline 0.008 -12"><span class='ocrx_word' id='word_1_647' title='bbox 204 2426 256 2453; x_wconf 68' lang='lat' dir='ltr'><strong>quo</strong></span> <span class='ocrx_word' id='word_1_648' title='bbox 278 2419 384 2445; x_wconf 87' lang='lat' dir='ltr'><strong>tandem</strong></span> <span class='ocrx_word' id='word_1_649' title='bbox 403 2419 530 2455; x_wconf 79' lang='lat' dir='ltr'><strong>nequitia:</strong></span> <span class='ocrx_word' id='word_1_650' title='bbox 554 2427 653 2454; x_wconf 84' lang='lat' dir='ltr'><strong>genere</strong></span> <span class='ocrx_word' id='word_1_651' title='bbox 676 2427 735 2454; x_wconf 82' lang='lat' dir='ltr'><strong>eos,</strong></span> <span class='ocrx_word' id='word_1_652' title='bbox 758 2422 803 2456; x_wconf 89' lang='lat' dir='ltr'><strong>qui</strong></span> <span class='ocrx_word' id='word_1_653' title='bbox 830 2421 984 2450; x_wconf 87' lang='lat' dir='ltr'><strong>divitiarum</strong></span> 
     </span>
    </p>
   </div>
   <div class='ocr_carea' id='block_1_85' title="bbox 204 2463 986 2497">
    <p class='ocr_par' dir='ltr' id='par_1_85' title="bbox 204 2463 986 2497">
     <span class='ocr_line' id='line_1_85' title="bbox 204 2463 986 2497; baseline 0.01 -10"><span class='ocrx_word' id='word_1_654' title='bbox 204 2463 290 2489; x_wconf 63' lang='lat' dir='ltr'><strong>studio</strong></span> <span class='ocrx_word' id='word_1_655' title='bbox 313 2467 449 2495; x_wconf 88' lang='lat' dir='ltr'><strong>tenentur,</strong></span> <span class='ocrx_word' id='word_1_656' title='bbox 476 2464 571 2492; x_wconf 86' lang='lat' dir='ltr'><strong>abesse</strong></span> <span class='ocrx_word' id='word_1_657' title='bbox 596 2465 707 2494; x_wconf 81' lang='lat' dir='ltr'><strong>videas?</strong></span> <span class='ocrx_word' id='word_1_658' title='bbox 733 2466 886 2497; x_wconf 82' lang='lat' dir='ltr'><strong>Corradunt</strong></span> <span class='ocrx_word' id='word_1_659' title='bbox 913 2467 986 2495; x_wconf 91' lang='lat' dir='ltr'><strong>enim</strong></span> 
     </span>
    </p>
   </div>
   <div class='ocr_carea' id='block_1_86' title="bbox 204 2508 989 2549">
    <p class='ocr_par' dir='ltr' id='par_1_86' title="bbox 204 2508 989 2549">
     <span class='ocr_line' id='line_1_86' title="bbox 204 2508 989 2549; baseline 0.009 -15"><span class='ocrx_word' id='word_1_660' title='bbox 204 2508 355 2542; x_wconf 80' lang='lat' dir='ltr'><strong>ltujusmodi</strong></span> <span class='ocrx_word' id='word_1_661' title='bbox 372 2509 496 2536; x_wconf 86' lang='lat' dir='ltr'><strong>homines</strong></span> <span class='ocrx_word' id='word_1_662' title='bbox 519 2515 666 2544; x_wconf 76' lang='lat' dir='ltr'><strong>quaestum,</strong></span> <span class='ocrx_word' id='word_1_663' title='bbox 683 2518 880 2549; x_wconf 85' lang='lat' dir='ltr'><strong>corrogantque</strong></span> <span class='ocrx_word' id='word_1_664' title='bbox 905 2520 989 2548; x_wconf 91' lang='lat' dir='ltr'><strong>pecu-</strong></span> 
     </span>
    </p>
   </div>
   <div class='ocr_carea' id='block_1_87' title="bbox 205 2552 990 2593">
    <p class='ocr_par' dir='ltr' id='par_1_87' title="bbox 205 2552 990 2593">
     <span class='ocr_line' id='line_1_87' title="bbox 205 2552 990 2593; baseline 0.01 -15"><span class='ocrx_word' id='word_1_665' title='bbox 205 2553 272 2586; x_wconf 83' lang='lat' dir='ltr'><strong>nias,</strong></span> <span class='ocrx_word' id='word_1_666' title='bbox 294 2560 325 2580; x_wconf 78' lang='lat' dir='ltr'><strong>ex</strong></span> <span class='ocrx_word' id='word_1_667' title='bbox 334 2552 424 2581; x_wconf 88' lang='lat' dir='ltr'><strong>usuris</strong></span> <span class='ocrx_word' id='word_1_668' title='bbox 435 2553 619 2589; x_wconf 82' lang='lat' dir='ltr'><strong>etfeuoribus,</strong></span> <span class='ocrx_word' id='word_1_669' title='bbox 646 2564 679 2584; x_wconf 86' lang='lat' dir='ltr'><strong>ex</strong></span> <span class='ocrx_word' id='word_1_670' title='bbox 704 2557 849 2592; x_wconf 87' lang='lat' dir='ltr'><strong>cupiditate</strong></span> <span class='ocrx_word' id='word_1_671' title='bbox 871 2562 899 2585; x_wconf 93' lang='lat' dir='ltr'><strong>et</strong></span> <span class='ocrx_word' id='word_1_672' title='bbox 921 2558 990 2593; x_wconf 83' lang='lat' dir='ltr'><strong>inju-</strong></span> 
     </span>
    </p>
   </div>
   <div class='ocr_carea' id='block_1_88' title="bbox 204 2599 990 2640">
    <p class='ocr_par' dir='ltr' id='par_1_88' title="bbox 204 2599 990 2640">
     <span class='ocr_line' id='line_1_88' title="bbox 204 2599 990 2640; baseline 0.008 -14"><span class='ocrx_word' id='word_1_673' title='bbox 204 2599 288 2630; x_wconf 85' lang='lat' dir='ltr'><strong>stitia,</strong></span> <span class='ocrx_word' id='word_1_674' title='bbox 303 2606 335 2626; x_wconf 79' lang='lat' dir='ltr'><strong>ex</strong></span> <span class='ocrx_word' id='word_1_675' title='bbox 351 2600 443 2634; x_wconf 86' lang='lat' dir='ltr'><strong>rapina</strong></span> <span class='ocrx_word' id='word_1_676' title='bbox 458 2606 485 2628; x_wconf 87' lang='lat' dir='ltr'><strong>et</strong></span> <span class='ocrx_word' id='word_1_677' title='bbox 506 2601 651 2630; x_wconf 91' lang='lat' dir='ltr'><strong>calumnia.</strong></span> <span class='ocrx_word' id='word_1_678' title='bbox 671 2602 755 2640; x_wconf 80' lang='lat' dir='ltr'><strong>Adest</strong></span> <span class='ocrx_word' id='word_1_679' title='bbox 775 2608 802 2630; x_wconf 88' lang='lat' dir='ltr'><strong>et</strong></span> <span class='ocrx_word' id='word_1_680' title='bbox 824 2603 924 2632; x_wconf 88' lang='lat' dir='ltr'><strong>divitiis</strong></span> <span class='ocrx_word' id='word_1_681' title='bbox 948 2605 990 2632; x_wconf 92' lang='lat' dir='ltr'><strong>in-</strong></span> 
     </span>
    </p>
   </div>
   <div class='ocr_carea' id='block_1_89' title="bbox 206 2643 991 2687">
    <p class='ocr_par' dir='ltr' id='par_1_89' title="bbox 206 2643 991 2687">
     <span class='ocr_line' id='line_1_89' title="bbox 206 2643 991 2687; baseline 0.008 -15"><span class='ocrx_word' id='word_1_682' title='bbox 206 2643 331 2677; x_wconf 86' lang='lat' dir='ltr'><strong>solentia,</strong></span> <span class='ocrx_word' id='word_1_683' title='bbox 351 2649 378 2672; x_wconf 89' lang='lat' dir='ltr'><strong>et</strong></span> <span class='ocrx_word' id='word_1_684' title='bbox 401 2646 434 2673; x_wconf 90' lang='lat' dir='ltr'><strong>ad</strong></span> <span class='ocrx_word' id='word_1_685' title='bbox 449 2653 596 2681; x_wconf 82' lang='lat' dir='ltr'><strong>proventus</strong></span> <span class='ocrx_word' id='word_1_686' title='bbox 624 2648 790 2687; x_wconf 81' lang='lat' dir='ltr'><strong>nefariarum</strong></span> <span class='ocrx_word' id='word_1_687' title='bbox 815 2654 843 2676; x_wconf 91' lang='lat' dir='ltr'><strong>et</strong></span> <span class='ocrx_word' id='word_1_688' title='bbox 867 2657 991 2678; x_wconf 81' lang='lat' dir='ltr'><strong>exsecra-</strong></span> 
     </span>
    </p>
   </div>
   <div class='ocr_carea' id='block_1_90' title="bbox 206 2690 988 2729">
    <p class='ocr_par' dir='ltr' id='par_1_90' title="bbox 206 2690 988 2729">
     <span class='ocr_line' id='line_1_90' title="bbox 206 2690 988 2729; baseline 0.009 -13"><span class='ocrx_word' id='word_1_689' title='bbox 206 2690 372 2718; x_wconf 88' lang='lat' dir='ltr'><strong>tissimarum</strong></span> <span class='ocrx_word' id='word_1_690' title='bbox 386 2691 552 2728; x_wconf 84' lang='lat' dir='ltr'><strong>voluptatum</strong></span> <span class='ocrx_word' id='word_1_691' title='bbox 568 2701 666 2729; x_wconf 89' lang='lat' dir='ltr'><strong>magna</strong></span> <span class='ocrx_word' id='word_1_692' title='bbox 683 2693 849 2728; x_wconf 85' lang='lat' dir='ltr'><strong>proelivitas.</strong></span> <span class='ocrx_word' id='word_1_693' title='bbox 864 2694 930 2722; x_wconf 85' lang='lat' dir='ltr'><strong>Nam</strong></span> <span class='ocrx_word' id='word_1_694' title='bbox 944 2696 988 2723; x_wconf 86' lang='lat' dir='ltr'><strong>ubi</strong></span> 
     </span>
    </p>
   </div>
   <div class='ocr_carea' id='block_1_91' title="bbox 205 2735 989 2775">
    <p class='ocr_par' dir='ltr' id='par_1_91' title="bbox 205 2735 989 2775">
     <span class='ocr_line' id='line_1_91' title="bbox 205 2735 989 2775; baseline 0.01 -13"><span class='ocrx_word' id='word_1_695' title='bbox 205 2735 318 2769; x_wconf 76' lang='lat' dir='ltr'><strong>delicizc,</strong></span> <span class='ocrx_word' id='word_1_696' title='bbox 335 2737 391 2765; x_wconf 89' lang='lat' dir='ltr'><strong>illic</strong></span> <span class='ocrx_word' id='word_1_697' title='bbox 413 2739 523 2766; x_wconf 83' lang='lat' dir='ltr'><strong>Omnino</strong></span> <span class='ocrx_word' id='word_1_698' title='bbox 540 2739 751 2768; x_wconf 85' lang='lat' dir='ltr'><strong>comessationes</strong></span> <span class='ocrx_word' id='word_1_699' title='bbox 774 2745 848 2775; x_wconf 85' lang='lat' dir='ltr'><strong>sunt,</strong></span> <span class='ocrx_word' id='word_1_700' title='bbox 872 2742 989 2770; x_wconf 83' lang='lat' dir='ltr'><strong>ebrieta-</strong></span> 
     </span>
    </p>
   </div>
   <div class='ocr_carea' id='block_1_92' title="bbox 207 2781 986 2822">
    <p class='ocr_par' dir='ltr' id='par_1_92' title="bbox 207 2781 986 2822">
     <span class='ocr_line' id='line_1_92' title="bbox 207 2781 986 2822; baseline 0.009 -13"><span class='ocrx_word' id='word_1_701' title='bbox 207 2786 259 2814; x_wconf 87' lang='lat' dir='ltr'><strong>tes,</strong></span> <span class='ocrx_word' id='word_1_702' title='bbox 276 2781 376 2817; x_wconf 84' lang='lat' dir='ltr'><strong>lustra,</strong></span> <span class='ocrx_word' id='word_1_703' title='bbox 394 2784 531 2819; x_wconf 87' lang='lat' dir='ltr'><strong>libidines,</strong></span> <span class='ocrx_word' id='word_1_704' title='bbox 557 2793 691 2820; x_wconf 82' lang='lat' dir='ltr'><strong>omneque</strong></span> <span class='ocrx_word' id='word_1_705' title='bbox 705 2793 788 2821; x_wconf 85' lang='lat' dir='ltr'><strong>genus</strong></span> <span class='ocrx_word' id='word_1_706' title='bbox 803 2788 986 2822; x_wconf 86' lang='lat' dir='ltr'><strong>intemperan-</strong></span> 
     </span>
    </p>
   </div>
   <div class='ocr_carea' id='block_1_93' title="bbox 1076 1951 1825 2000">
    <p class='ocr_par' dir='ltr' id='par_1_93' title="bbox 1076 1951 1825 2000">
     <span class='ocr_line' id='line_1_93' title="bbox 1076 1951 1825 2000; baseline 0.001 -9"><span class='ocrx_word' id='word_1_707' title='bbox 1076 1965 1263 2000; x_wconf 72' lang='grc' dir='ltr'>Ἐνεπλήσθη</span> <span class='ocrx_word' id='word_1_708' title='bbox 1281 1964 1336 1999; x_wconf 75' lang='grc' dir='ltr'>γὰρ</span> <span class='ocrx_word' id='word_1_709' title='bbox 1358 1964 1378 1998; x_wconf 69' lang='grc' dir='ltr'>ἡ</span> <span class='ocrx_word' id='word_1_710' title='bbox 1399 1951 1596 1999; x_wconf 67' lang='grc' dir='ltr'><strong>χοῖιραίιύτιῖη⁴</strong></span> <span class='ocrx_word' id='word_1_711' title='bbox 1611 1964 1756 1999; x_wconf 75' lang='grc' dir='ltr'>ἁργυρΙου</span> <span class='ocrx_word' id='word_1_712' title='bbox 1779 1965 1825 1992; x_wconf 68' lang='grc' dir='ltr'><strong>καὶ</strong></span> 
     </span>
    </p>
   </div>
   <div class='ocr_carea' id='block_1_94' title="bbox 1034 2009 1824 2046">
    <p class='ocr_par' dir='ltr' id='par_1_94' title="bbox 1034 2009 1824 2046">
     <span class='ocr_line' id='line_1_94' title="bbox 1034 2009 1824 2046; baseline -0.001 -8"><span class='ocrx_word' id='word_1_713' title='bbox 1034 2010 1163 2046; x_wconf 83' lang='grc' dir='ltr'>χρυσοῦ,</span> <span class='ocrx_word' id='word_1_714' title='bbox 1184 2011 1233 2038; x_wconf 80' lang='grc' dir='ltr'><strong>καὶ</strong></span> <span class='ocrx_word' id='word_1_715' title='bbox 1248 2011 1303 2038; x_wconf 83' lang='grc' dir='ltr'><strong>οὐκ</strong></span> <span class='ocrx_word' id='word_1_716' title='bbox 1319 2009 1359 2046; x_wconf 81' lang='grc' dir='ltr'><strong>ἦν</strong></span> <span class='ocrx_word' id='word_1_717' title='bbox 1379 2010 1502 2045; x_wconf 76' lang='grc' dir='ltr'>ἀριθμὸς</span> <span class='ocrx_word' id='word_1_718' title='bbox 1520 2009 1580 2037; x_wconf 80' lang='grc' dir='ltr'><strong>τῶν</strong></span> <span class='ocrx_word' id='word_1_719' title='bbox 1592 2010 1756 2044; x_wconf 71' lang='grc' dir='ltr'>θησαυρῶν·</span> <span class='ocrx_word' id='word_1_720' title='bbox 1773 2013 1824 2037; x_wconf 55' lang='grc' dir='ltr'><strong>αὑ.</strong></span> 
     </span>
    </p>
   </div>
   <div class='ocr_carea' id='block_1_95' title="bbox 1035 2054 1827 2091">
    <p class='ocr_par' dir='ltr' id='par_1_95' title="bbox 1035 2054 1827 2091">
     <span class='ocr_line' id='line_1_95' title="bbox 1035 2054 1827 2091; baseline -0.001 -8"><span class='ocrx_word' id='word_1_721' title='bbox 1035 2056 1112 2083; x_wconf 59' lang='grc' dir='ltr'><strong>τῶν-υ</strong></span> <span class='ocrx_word' id='word_1_722' title='bbox 1130 2057 1178 2085; x_wconf 77' lang='grc' dir='ltr'><strong>καὶ</strong></span> <span class='ocrx_word' id='word_1_723' title='bbox 1206 2056 1381 2090; x_wconf 70' lang='grc' dir='ltr'>ἐνεπλήσθη</span> <span class='ocrx_word' id='word_1_724' title='bbox 1402 2055 1421 2089; x_wconf 80' lang='grc' dir='ltr'><strong>ἠ</strong></span> <span class='ocrx_word' id='word_1_725' title='bbox 1448 2055 1486 2090; x_wconf 77' lang='grc' dir='ltr'><strong>τῆ</strong></span> <span class='ocrx_word' id='word_1_726' title='bbox 1512 2055 1620 2089; x_wconf 73' lang='grc' dir='ltr'>ἳππων,</span> <span class='ocrx_word' id='word_1_727' title='bbox 1647 2055 1698 2082; x_wconf 74' lang='grc' dir='ltr'><strong>καὶ</strong></span> <span class='ocrx_word' id='word_1_728' title='bbox 1713 2057 1770 2083; x_wconf 78' lang='grc' dir='ltr'>οὐκ</span> <span class='ocrx_word' id='word_1_729' title='bbox 1789 2054 1827 2091; x_wconf 64' lang='grc' dir='ltr'><strong>ἦν</strong></span> 
     </span>
    </p>
   </div>
   <div class='ocr_carea' id='block_1_96' title="bbox 1035 2100 1507 2138">
    <p class='ocr_par' dir='ltr' id='par_1_96' title="bbox 1035 2100 1507 2138">
     <span class='ocr_line' id='line_1_96' title="bbox 1035 2100 1507 2138; baseline -0.004 -8"><span class='ocrx_word' id='word_1_730' title='bbox 1035 2103 1158 2138; x_wconf 77' lang='grc' dir='ltr'>ἀριθμὸς</span> <span class='ocrx_word' id='word_1_731' title='bbox 1171 2102 1231 2130; x_wconf 82' lang='grc' dir='ltr'><strong>τῶν</strong></span> <span class='ocrx_word' id='word_1_732' title='bbox 1248 2102 1386 2138; x_wconf 75' lang='grc' dir='ltr'>ἁρμάτων</span> <span class='ocrx_word' id='word_1_733' title='bbox 1398 2100 1507 2129; x_wconf 76' lang='grc' dir='ltr'><strong>αὐτῶν.</strong></span> 
     </span>
    </p>
   </div>
   <div class='ocr_carea' id='block_1_97' title="bbox 1071 2149 1827 2187">
    <p class='ocr_par' dir='ltr' id='par_1_97' title="bbox 1071 2149 1827 2187">
     <span class='ocr_line' id='line_1_97' title="bbox 1071 2149 1827 2187; baseline 0.003 -12"><span class='ocrx_word' id='word_1_734' title='bbox 1071 2149 1124 2178; x_wconf 83' lang='grc' dir='ltr'>Δύο</span> <span class='ocrx_word' id='word_1_735' title='bbox 1152 2149 1183 2185; x_wconf 83' lang='grc' dir='ltr'>δὴ</span> <span class='ocrx_word' id='word_1_736' title='bbox 1211 2149 1294 2177; x_wconf 80' lang='grc' dir='ltr'>πάλιν</span> <span class='ocrx_word' id='word_1_737' title='bbox 1317 2151 1410 2182; x_wconf 80' lang='grc' dir='ltr'>αὐτοῖς</span> <span class='ocrx_word' id='word_1_738' title='bbox 1436 2150 1469 2180; x_wconf 82' lang='grc' dir='ltr'>τὰ</span> <span class='ocrx_word' id='word_1_739' title='bbox 1499 2151 1608 2178; x_wconf 83' lang='grc' dir='ltr'>πάντων</span> <span class='ocrx_word' id='word_1_740' title='bbox 1629 2151 1749 2187; x_wconf 82' lang='grc' dir='ltr'>μάλιστα</span> <span class='ocrx_word' id='word_1_741' title='bbox 1775 2151 1827 2179; x_wconf 82' lang='grc' dir='ltr'>τῶν</span> 
     </span>
    </p>
   </div>
   <div class='ocr_carea' id='block_1_98' title="bbox 1037 2195 1827 2233">
    <p class='ocr_par' dir='ltr' id='par_1_98' title="bbox 1037 2195 1827 2233">
     <span class='ocr_line' id='line_1_98' title="bbox 1037 2195 1827 2233; baseline 0.003 -11"><span class='ocrx_word' id='word_1_742' title='bbox 1037 2195 1130 2223; x_wconf 84' lang='grc' dir='ltr'>κακῶν</span> <span class='ocrx_word' id='word_1_743' title='bbox 1143 2195 1267 2231; x_wconf 81' lang='grc' dir='ltr'>αἰσχίονα</span> <span class='ocrx_word' id='word_1_744' title='bbox 1284 2196 1423 2232; x_wconf 79' lang='grc' dir='ltr'>προσεῖναί</span> <span class='ocrx_word' id='word_1_745' title='bbox 1438 2204 1514 2231; x_wconf 86' lang='grc' dir='ltr'>φησι,</span> <span class='ocrx_word' id='word_1_746' title='bbox 1527 2197 1707 2232; x_wconf 83' lang='grc' dir='ltr'>φιλαργυρίαν</span> <span class='ocrx_word' id='word_1_747' title='bbox 1723 2206 1753 2224; x_wconf 83' lang='grc' dir='ltr'><strong>τε</strong></span> <span class='ocrx_word' id='word_1_748' title='bbox 1762 2197 1827 2233; x_wconf 73' lang='grc' dir='ltr'><strong>ὁμοῦ</strong></span> 
     </span>
    </p>
   </div>
   <div class='ocr_carea' id='block_1_99' title="bbox 1038 2241 1827 2279">
    <p class='ocr_par' dir='ltr' id='par_1_99' title="bbox 1038 2241 1827 2279">
     <span class='ocr_line' id='line_1_99' title="bbox 1038 2241 1827 2279; baseline 0.004 -12"><span class='ocrx_word' id='word_1_749' title='bbox 1038 2242 1085 2268; x_wconf 73' lang='grc' dir='ltr'><strong>καὶ</strong></span> <span class='ocrx_word' id='word_1_750' title='bbox 1099 2241 1260 2277; x_wconf 62' lang='grc' dir='ltr'>ὑπεροψίαν.</span> <span class='ocrx_word' id='word_1_751' title='bbox 1277 2243 1334 2270; x_wconf 69' lang='grc' dir='ltr'><strong>Καὶ</strong></span> <span class='ocrx_word' id='word_1_752' title='bbox 1352 2244 1414 2279; x_wconf 80' lang='grc' dir='ltr'>ῥίζα</span> <span class='ocrx_word' id='word_1_753' title='bbox 1438 2243 1487 2278; x_wconf 69' lang='grc' dir='ltr'><strong>μὲν</strong></span> <span class='ocrx_word' id='word_1_754' title='bbox 1504 2244 1546 2270; x_wconf 75' lang='grc' dir='ltr'>ὅτι</span> <span class='ocrx_word' id='word_1_755' title='bbox 1569 2244 1678 2270; x_wconf 82' lang='grc' dir='ltr'>πάντων</span> <span class='ocrx_word' id='word_1_756' title='bbox 1695 2245 1755 2271; x_wconf 79' lang='grc' dir='ltr'>ἐστὶ</span> <span class='ocrx_word' id='word_1_757' title='bbox 1776 2244 1827 2271; x_wconf 78' lang='grc' dir='ltr'>τῶν</span> 
     </span>
    </p>
   </div>
   <div class='ocr_carea' id='block_1_100' title="bbox 1038 2285 1827 2324">
    <p class='ocr_par' dir='ltr' id='par_1_100' title="bbox 1038 2285 1827 2324">
     <span class='ocr_line' id='line_1_100' title="bbox 1038 2285 1827 2324; baseline 0.006 -13"><span class='ocrx_word' id='word_1_758' title='bbox 1038 2285 1131 2312; x_wconf 83' lang='grc' dir='ltr'>κακῶν</span> <span class='ocrx_word' id='word_1_759' title='bbox 1146 2287 1162 2321; x_wconf 82' lang='grc' dir='ltr'>ἡ</span> <span class='ocrx_word' id='word_1_760' title='bbox 1188 2286 1366 2322; x_wconf 82' lang='grc' dir='ltr'>φιλαργυρία,</span> <span class='ocrx_word' id='word_1_761' title='bbox 1391 2287 1602 2323; x_wconf 81' lang='grc' dir='ltr'>μεμαρτύρηκεν</span> <span class='ocrx_word' id='word_1_762' title='bbox 1616 2288 1742 2324; x_wconf 84' lang='grc' dir='ltr'>ἐναργῶς</span> <span class='ocrx_word' id='word_1_763' title='bbox 1756 2291 1771 2316; x_wconf 81' lang='grc' dir='ltr'>ὁ</span> <span class='ocrx_word' id='word_1_764' title='bbox 1786 2297 1827 2316; x_wconf 76' lang='grc' dir='ltr'>αο-</span> 
     </span>
    </p>
   </div>
   <div class='ocr_carea' id='block_1_101' title="bbox 1039 2331 1827 2371">
    <p class='ocr_par' dir='ltr' id='par_1_101' title="bbox 1039 2331 1827 2371">
     <span class='ocr_line' id='line_1_101' title="bbox 1039 2331 1827 2371; baseline 0.005 -13"><span class='ocrx_word' id='word_1_765' title='bbox 1039 2331 1161 2367; x_wconf 81' lang='grc' dir='ltr'>φώτατος</span> <span class='ocrx_word' id='word_1_766' title='bbox 1168 2332 1284 2365; x_wconf 84' lang='grc' dir='ltr'>Παῦλος.</span> <span class='ocrx_word' id='word_1_767' title='bbox 1293 2333 1321 2359; x_wconf 83' lang='grc' dir='ltr'><strong>Ἀ</strong></span> <span class='ocrx_word' id='word_1_768' title='bbox 1325 2332 1499 2369; x_wconf 81' lang='grc' dir='ltr'>πηχθημένον</span> <span class='ocrx_word' id='word_1_769' title='bbox 1505 2334 1580 2365; x_wconf 74' lang='grc' dir='ltr'>δὲίότι</span> <span class='ocrx_word' id='word_1_770' title='bbox 1587 2334 1636 2370; x_wconf 82' lang='grc' dir='ltr'>τῆς</span> <span class='ocrx_word' id='word_1_771' title='bbox 1644 2334 1827 2371; x_wconf 74' lang='grc' dir='ltr'>ἀλαζον[ε]ίας</span> 
     </span>
    </p>
   </div>
   <div class='ocr_carea' id='block_1_102' title="bbox 1037 2378 1828 2416">
    <p class='ocr_par' dir='ltr' id='par_1_102' title="bbox 1037 2378 1828 2416">
     <span class='ocr_line' id='line_1_102' title="bbox 1037 2378 1828 2416; baseline 0.005 -12"><span class='ocrx_word' id='word_1_772' title='bbox 1037 2378 1069 2404; x_wconf 84' lang='grc' dir='ltr'><strong>τδ</strong></span> <span class='ocrx_word' id='word_1_773' title='bbox 1083 2378 1178 2413; x_wconf 81' lang='grc' dir='ltr'>χρῆμα</span> <span class='ocrx_word' id='word_1_774' title='bbox 1196 2379 1272 2414; x_wconf 74' lang='grc' dir='ltr'>παρὰ</span> <span class='ocrx_word' id='word_1_775' title='bbox 1295 2379 1365 2415; x_wconf 85' lang='grc' dir='ltr'>Θεῷ,</span> <span class='ocrx_word' id='word_1_776' title='bbox 1387 2379 1468 2407; x_wconf 80' lang='grc' dir='ltr'>παντί</span> <span class='ocrx_word' id='word_1_777' title='bbox 1490 2389 1532 2415; x_wconf 84' lang='grc' dir='ltr'><strong>τῳ</strong></span> <span class='ocrx_word' id='word_1_778' title='bbox 1555 2380 1649 2415; x_wconf 77' lang='grc' dir='ltr'>σαφές.</span> <span class='ocrx_word' id='word_1_779' title='bbox 1670 2381 1828 2416; x_wconf 73' lang='grc' dir='ltr'>Γέγραπται</span> 
     </span>
    </p>
   </div>
   <div class='ocr_carea' id='block_1_103' title="bbox 1039 2423 1841 2461">
    <p class='ocr_par' dir='ltr' id='par_1_103' title="bbox 1039 2423 1841 2461">
     <span class='ocr_line' id='line_1_103' title="bbox 1039 2423 1841 2461; baseline 0.004 -11"><span class='ocrx_word' id='word_1_780' title='bbox 1039 2423 1104 2459; x_wconf 85' lang='grc' dir='ltr'>γὰρ,</span> <span class='ocrx_word' id='word_1_781' title='bbox 1117 2423 1158 2451; x_wconf 84' lang='grc' dir='ltr'><strong>ὅτι</strong></span> <span class='ocrx_word' id='word_1_782' title='bbox 1172 2433 1181 2450; x_wconf 79' lang='grc' dir='ltr'><strong>ι</strong></span> <span class='ocrx_word' id='word_1_783' title='bbox 1198 2425 1299 2460; x_wconf 83' lang='grc' dir='ltr'>Κύριος</span> <span class='ocrx_word' id='word_1_784' title='bbox 1317 2425 1501 2461; x_wconf 80' lang='grc' dir='ltr'>ὑπερηφάνοις</span> <span class='ocrx_word' id='word_1_785' title='bbox 1518 2427 1719 2460; x_wconf 82' lang='grc' dir='ltr'>ἀντιτάσσεται,</span> <span class='ocrx_word' id='word_1_786' title='bbox 1734 2433 1841 2461; x_wconf 55' lang='lat' dir='ltr'><strong>camp;</strong></span> 
     </span>
    </p>
   </div>
   <div class='ocr_carea' id='block_1_104' title="bbox 1040 2468 1829 2508">
    <p class='ocr_par' dir='ltr' id='par_1_104' title="bbox 1040 2468 1829 2508">
     <span class='ocr_line' id='line_1_104' title="bbox 1040 2468 1829 2508; baseline 0.005 -12"><span class='ocrx_word' id='word_1_787' title='bbox 1040 2471 1095 2502; x_wconf 89' lang='grc' dir='ltr'>νοῖς</span> <span class='ocrx_word' id='word_1_788' title='bbox 1108 2469 1136 2496; x_wconf 69' lang='grc' dir='ltr'>δὲ</span> <span class='ocrx_word' id='word_1_789' title='bbox 1151 2470 1241 2497; x_wconf 89' lang='grc' dir='ltr'>δίδωσι</span> <span class='ocrx_word' id='word_1_790' title='bbox 1252 2471 1342 2506; x_wconf 85' lang='grc' dir='ltr'>χάριν.</span> <span class='ocrx_word' id='word_1_791' title='bbox 1356 2481 1365 2498; x_wconf 78' lang='grc' dir='ltr'><strong>ι</strong></span> <span class='ocrx_word' id='word_1_792' title='bbox 1379 2468 1546 2508; x_wconf 73' lang='grc' dir='ltr'>Φαυλότητος</span> <span class='ocrx_word' id='word_1_793' title='bbox 1554 2472 1615 2500; x_wconf 89' lang='grc' dir='ltr'>τίνα</span> <span class='ocrx_word' id='word_1_794' title='bbox 1628 2473 1729 2508; x_wconf 75' lang='grc' dir='ltr'>τρόπον</span> <span class='ocrx_word' id='word_1_795' title='bbox 1736 2474 1788 2500; x_wconf 75' lang='grc' dir='ltr'>οὐκ</span> <span class='ocrx_word' id='word_1_796' title='bbox 1800 2474 1829 2500; x_wconf 75' lang='grc' dir='ltr'><strong>ἄν</strong></span> 
     </span>
    </p>
   </div>
   <div class='ocr_carea' id='block_1_105' title="bbox 1041 2515 1829 2553">
    <p class='ocr_par' dir='ltr' id='par_1_105' title="bbox 1041 2515 1829 2553">
     <span class='ocr_line' id='line_1_105' title="bbox 1041 2515 1829 2553; baseline 0.006 -13"><span class='ocrx_word' id='word_1_797' title='bbox 1041 2523 1082 2546; x_wconf 88' lang='grc' dir='ltr'><strong>τις</strong></span> <span class='ocrx_word' id='word_1_798' title='bbox 1094 2515 1187 2542; x_wconf 82' lang='grc' dir='ltr'>ἐνόντα</span> <span class='ocrx_word' id='word_1_799' title='bbox 1213 2515 1306 2551; x_wconf 77' lang='grc' dir='ltr'>βλέποι</span> <span class='ocrx_word' id='word_1_800' title='bbox 1323 2517 1400 2553; x_wconf 83' lang='grc' dir='ltr'><strong>παρά</strong></span> <span class='ocrx_word' id='word_1_801' title='bbox 1413 2526 1445 2551; x_wconf 87' lang='grc' dir='ltr'><strong>γε</strong></span> <span class='ocrx_word' id='word_1_802' title='bbox 1466 2519 1523 2550; x_wconf 82' lang='grc' dir='ltr'>τοῖς</span> <span class='ocrx_word' id='word_1_803' title='bbox 1536 2518 1658 2545; x_wconf 84' lang='grc' dir='ltr'>ἐθέλουσι</span> <span class='ocrx_word' id='word_1_804' title='bbox 1683 2519 1829 2551; x_wconf 82' lang='grc' dir='ltr'>πλουτεῖν;</span> 
     </span>
    </p>
   </div>
   <div class='ocr_carea' id='block_1_106' title="bbox 1043 2560 1829 2598">
    <p class='ocr_par' dir='ltr' id='par_1_106' title="bbox 1043 2560 1829 2598">
     <span class='ocr_line' id='line_1_106' title="bbox 1043 2560 1829 2598; baseline 0.005 -13"><span class='ocrx_word' id='word_1_805' title='bbox 1043 2561 1162 2586; x_wconf 79' lang='grc' dir='ltr'>ποιοῖντο</span> <span class='ocrx_word' id='word_1_806' title='bbox 1178 2560 1232 2596; x_wconf 80' lang='grc' dir='ltr'>γὰρ</span> <span class='ocrx_word' id='word_1_807' title='bbox 1254 2561 1279 2587; x_wconf 73' lang='lat' dir='ltr'><strong>oi</strong></span> <span class='ocrx_word' id='word_1_808' title='bbox 1304 2562 1399 2589; x_wconf 79' lang='grc' dir='ltr'>τοιοίδε</span> <span class='ocrx_word' id='word_1_809' title='bbox 1413 2562 1463 2597; x_wconf 90' lang='grc' dir='ltr'><strong>τὴν</strong></span> <span class='ocrx_word' id='word_1_810' title='bbox 1487 2562 1542 2589; x_wconf 84' lang='grc' dir='ltr'>τῶν</span> <span class='ocrx_word' id='word_1_811' title='bbox 1564 2563 1714 2598; x_wconf 84' lang='grc' dir='ltr'>χρημάτων</span> <span class='ocrx_word' id='word_1_812' title='bbox 1732 2571 1829 2598; x_wconf 76' lang='grc' dir='ltr'>συγκο-</span> 
     </span>
    </p>
   </div>
   <div class='ocr_carea' id='block_1_107' title="bbox 1044 2605 1829 2644">
    <p class='ocr_par' dir='ltr' id='par_1_107' title="bbox 1044 2605 1829 2644">
     <span class='ocr_line' id='line_1_107' title="bbox 1044 2605 1829 2644; baseline 0.004 -13"><span class='ocrx_word' id='word_1_813' title='bbox 1044 2605 1123 2641; x_wconf 87' lang='grc' dir='ltr'>μιδὴν</span> <span class='ocrx_word' id='word_1_814' title='bbox 1144 2606 1176 2632; x_wconf 80' lang='grc' dir='ltr'><strong>ἔκ</strong></span> <span class='ocrx_word' id='word_1_815' title='bbox 1199 2615 1230 2633; x_wconf 84' lang='grc' dir='ltr'><strong>τε</strong></span> <span class='ocrx_word' id='word_1_816' title='bbox 1251 2607 1339 2634; x_wconf 83' lang='grc' dir='ltr'>τόκων</span> <span class='ocrx_word' id='word_1_817' title='bbox 1355 2608 1401 2634; x_wconf 78' lang='grc' dir='ltr'>καὶ</span> <span class='ocrx_word' id='word_1_818' title='bbox 1421 2608 1608 2644; x_wconf 83' lang='grc' dir='ltr'>πλεονασμῶν,</span> <span class='ocrx_word' id='word_1_819' title='bbox 1622 2609 1654 2635; x_wconf 82' lang='grc' dir='ltr'><strong>ἐκ</strong></span> <span class='ocrx_word' id='word_1_820' title='bbox 1675 2609 1829 2642; x_wconf 79' lang='grc' dir='ltr'>πλεονεξίας</span> 
     </span>
    </p>
   </div>
   <div class='ocr_carea' id='block_1_108' title="bbox 1043 2652 1830 2690">
    <p class='ocr_par' dir='ltr' id='par_1_108' title="bbox 1043 2652 1830 2690">
     <span class='ocr_line' id='line_1_108' title="bbox 1043 2652 1830 2690; baseline 0.005 -12"><span class='ocrx_word' id='word_1_821' title='bbox 1043 2652 1089 2682; x_wconf 72' lang='grc' dir='ltr'><strong>καὶ</strong></span> <span class='ocrx_word' id='word_1_822' title='bbox 1105 2652 1221 2685; x_wconf 83' lang='grc' dir='ltr'>ἀδικίας,</span> <span class='ocrx_word' id='word_1_823' title='bbox 1235 2652 1266 2685; x_wconf 79' lang='grc' dir='ltr'>ἐξ</span> <span class='ocrx_word' id='word_1_824' title='bbox 1286 2653 1413 2688; x_wconf 81' lang='grc' dir='ltr'>ἁρπαγῆς</span> <span class='ocrx_word' id='word_1_825' title='bbox 1432 2654 1478 2681; x_wconf 81' lang='grc' dir='ltr'><strong>καὶ</strong></span> <span class='ocrx_word' id='word_1_826' title='bbox 1491 2655 1682 2689; x_wconf 80' lang='grc' dir='ltr'>συκοφαντίας.</span> <span class='ocrx_word' id='word_1_827' title='bbox 1696 2656 1830 2690; x_wconf 76' lang='grc' dir='ltr'>Πρόσεστι</span> 
     </span>
    </p>
   </div>
   <div class='ocr_carea' id='block_1_109' title="bbox 1041 2698 1827 2738">
    <p class='ocr_par' dir='ltr' id='par_1_109' title="bbox 1041 2698 1827 2738">
     <span class='ocr_line' id='line_1_109' title="bbox 1041 2698 1827 2738; baseline 0 -11"><span class='ocrx_word' id='word_1_828' title='bbox 1041 2698 1069 2727; x_wconf 83' lang='grc' dir='ltr'>δὲ</span> <span class='ocrx_word' id='word_1_829' title='bbox 1081 2698 1120 2734; x_wconf 84' lang='grc' dir='ltr'><strong>τῷ</strong></span> <span class='ocrx_word' id='word_1_830' title='bbox 1135 2698 1242 2734; x_wconf 86' lang='grc' dir='ltr'>πλούτῳ</span> <span class='ocrx_word' id='word_1_831' title='bbox 1257 2700 1304 2727; x_wconf 76' lang='grc' dir='ltr'>καὶ</span> <span class='ocrx_word' id='word_1_832' title='bbox 1318 2700 1349 2727; x_wconf 82' lang='grc' dir='ltr'>τὸ</span> <span class='ocrx_word' id='word_1_833' title='bbox 1369 2701 1518 2736; x_wconf 80' lang='grc' dir='ltr'>ἀγέρωχον,</span> <span class='ocrx_word' id='word_1_834' title='bbox 1537 2702 1584 2728; x_wconf 77' lang='grc' dir='ltr'>καὶ</span> <span class='ocrx_word' id='word_1_835' title='bbox 1597 2702 1627 2728; x_wconf 84' lang='grc' dir='ltr'>τὸ</span> <span class='ocrx_word' id='word_1_836' title='bbox 1647 2701 1707 2728; x_wconf 86' lang='grc' dir='ltr'>λίαν</span> <span class='ocrx_word' id='word_1_837' title='bbox 1721 2702 1827 2738; x_wconf 73' lang='grc' dir='ltr'>ἐτοιμον</span> 
     </span>
    </p>
   </div>
   <div class='ocr_carea' id='block_1_110' title="bbox 1041 2745 1824 2784">
    <p class='ocr_par' dir='ltr' id='par_1_110' title="bbox 1041 2745 1824 2784">
     <span class='ocr_line' id='line_1_110' title="bbox 1041 2745 1824 2784; baseline 0.005 -13"><span class='ocrx_word' id='word_1_838' title='bbox 1041 2745 1080 2777; x_wconf 84' lang='grc' dir='ltr'><strong>είς</strong></span> <span class='ocrx_word' id='word_1_839' title='bbox 1096 2746 1237 2781; x_wconf 82' lang='grc' dir='ltr'>ἀποφορὰν</span> <span class='ocrx_word' id='word_1_840' title='bbox 1254 2747 1309 2774; x_wconf 86' lang='grc' dir='ltr'><strong>τῶν</strong></span> <span class='ocrx_word' id='word_1_841' title='bbox 1324 2747 1446 2774; x_wconf 79' lang='grc' dir='ltr'>ἐκτόπων</span> <span class='ocrx_word' id='word_1_842' title='bbox 1462 2747 1508 2773; x_wconf 83' lang='grc' dir='ltr'>καὶ</span> <span class='ocrx_word' id='word_1_843' title='bbox 1533 2747 1742 2783; x_wconf 82' lang='grc' dir='ltr'>βδελυρωτάτων</span> <span class='ocrx_word' id='word_1_844' title='bbox 1763 2748 1824 2784; x_wconf 73' lang='grc' dir='ltr'>ήδοτ</span> 
     </span>
    </p>
   </div>
   <div class='ocr_carea' id='block_1_111' title="bbox 1012 2790 1824 2830">
    <p class='ocr_par' dir='ltr' id='par_1_111' title="bbox 1012 2790 1824 2830">
     <span class='ocr_line' id='line_1_111' title="bbox 1012 2790 1824 2830; baseline 0.004 -13"><span class='ocrx_word' id='word_1_845' title='bbox 1012 2817 1014 2820; x_wconf 69' lang='grc'><strong>,</strong></span> <span class='ocrx_word' id='word_1_846' title='bbox 1040 2790 1103 2818; x_wconf 86' lang='grc' dir='ltr'><strong>νῶν.</strong></span> <span class='ocrx_word' id='word_1_847' title='bbox 1118 2791 1205 2818; x_wconf 83' lang='grc' dir='ltr'>Ὅπου</span> <span class='ocrx_word' id='word_1_848' title='bbox 1219 2792 1273 2828; x_wconf 71' lang='grc' dir='ltr'>γὰρ</span> <span class='ocrx_word' id='word_1_849' title='bbox 1286 2792 1316 2820; x_wconf 80' lang='grc' dir='ltr'>τὸ</span> <span class='ocrx_word' id='word_1_850' title='bbox 1329 2795 1446 2830; x_wconf 85' lang='grc' dir='ltr'>τρυφᾷν,</span> <span class='ocrx_word' id='word_1_851' title='bbox 1459 2796 1518 2822; x_wconf 79' lang='grc' dir='ltr'>ἐκεῖ</span> <span class='ocrx_word' id='word_1_852' title='bbox 1544 2803 1594 2821; x_wconf 78' lang='grc' dir='ltr'><strong>που</strong></span> <span class='ocrx_word' id='word_1_853' title='bbox 1609 2794 1718 2826; x_wconf 79' lang='grc' dir='ltr'>πάντως</span> <span class='ocrx_word' id='word_1_854' title='bbox 1738 2794 1824 2828; x_wconf 70' lang='grc' dir='ltr'>κῶμοι</span> 
     </span>
    </p>
   </div>
   <div class='ocr_carea' id='block_1_112' title="bbox 237 2841 1828 2886">
    <p class='ocr_par' dir='ltr' id='par_1_112' title="bbox 237 2841 1828 2886">
     <span class='ocr_line' id='line_1_112' title="bbox 237 2841 1828 2886; baseline 0.009 -19"><span class='ocrx_word' id='word_1_855' title='bbox 237 2841 411 2886; x_wconf 18' lang='grc' dir='ltr'>ιθιθνιεειῖσιιιι,</span> <span class='ocrx_word' id='word_1_856' title='bbox 429 2841 471 2868; x_wconf 92' lang='lat' dir='ltr'><strong>l0.</strong></span> <span class='ocrx_word' id='word_1_857' title='bbox 510 2841 545 2858; x_wconf 76' lang='lat'><strong>&quot;‘</strong></span> <span class='ocrx_word' id='word_1_858' title='bbox 564 2841 649 2870; x_wconf 84' lang='lat' dir='ltr'><strong>Exod.</strong></span> <span class='ocrx_word' id='word_1_859' title='bbox 668 2850 746 2876; x_wconf 79' lang='lat' dir='ltr'><strong>xuii,</strong></span> <span class='ocrx_word' id='word_1_860' title='bbox 764 2842 808 2878; x_wconf 85' lang='lat' dir='ltr'><strong>l7,</strong></span> <span class='ocrx_word' id='word_1_861' title='bbox 829 2851 923 2878; x_wconf 66' lang='grc' dir='ltr'>χχιιι,</span> <span class='ocrx_word' id='word_1_862' title='bbox 945 2844 1000 2879; x_wconf 76' lang='grc'><strong>25;</strong></span> <span class='ocrx_word' id='word_1_863' title='bbox 1026 2845 1105 2875; x_wconf 86' lang='lat' dir='ltr'><strong>Deut.</strong></span> <span class='ocrx_word' id='word_1_864' title='bbox 1122 2855 1176 2878; x_wconf 75' lang='grc' dir='ltr'>ιιι,</span> <span class='ocrx_word' id='word_1_865' title='bbox 1196 2848 1238 2876; x_wconf 88' lang='lat' dir='ltr'><strong>l6.</strong></span> <span class='ocrx_word' id='word_1_866' title='bbox 1277 2849 1299 2866; x_wconf 84' lang='grc'><strong>’⁷</strong></span> <span class='ocrx_word' id='word_1_867' title='bbox 1313 2849 1392 2878; x_wconf 80' lang='lat' dir='ltr'><strong>Rom.</strong></span> <span class='ocrx_word' id='word_1_868' title='bbox 1409 2858 1439 2884; x_wconf 80' lang='grc' dir='ltr'><strong>ιι,</strong></span> <span class='ocrx_word' id='word_1_869' title='bbox 1459 2851 1503 2884; x_wconf 74' lang='lat' dir='ltr'><strong>ll.</strong></span> <span class='ocrx_word' id='word_1_870' title='bbox 1542 2850 1718 2880; x_wconf 68' lang='lat' dir='ltr'><strong>&quot;l‘l‘imotb.</strong></span> <span class='ocrx_word' id='word_1_871' title='bbox 1738 2859 1776 2886; x_wconf 72' lang='grc' dir='ltr'>νε,</span> <span class='ocrx_word' id='word_1_872' title='bbox 1789 2851 1828 2881; x_wconf 80' lang='grc'><strong>10.</strong></span> 
     </span>
    </p>
   </div>
   <div class='ocr_carea' id='block_1_113' title="bbox 208 2875 384 2910">
    <p class='ocr_par' dir='ltr' id='par_1_113' title="bbox 208 2875 384 2910">
     <span class='ocr_line' id='line_1_113' title="bbox 208 2875 384 2910; baseline -0.023 -4"><span class='ocrx_word' id='word_1_873' title='bbox 208 2877 229 2898; x_wconf 66' lang='grc' dir='ltr'><strong><em>ὀ</em></strong></span> <span class='ocrx_word' id='word_1_874' title='bbox 238 2875 300 2909; x_wconf 73' lang='lat' dir='ltr'><strong>Jac.</strong></span> <span class='ocrx_word' id='word_1_875' title='bbox 312 2883 347 2910; x_wconf 86' lang='lat' dir='ltr'><strong>tv,</strong></span> <span class='ocrx_word' id='word_1_876' title='bbox 359 2875 384 2903; x_wconf 81' lang='lat'><strong>6.</strong></span> 
     </span>
    </p>
   </div>
  </div>
