1890 3053
201 157 252 186 1(Ιὸ

704 151 733 178 S.
755 148 892 177 (lYl‘lLLl
915 145 1146 175 ALEXANDlthl
1170 145 1327 173 :‘lllClllEl‘.

1778 145 1831 172 {Oi

199 216 308 250 phetam
333 217 360 242 et
385 213 575 250 divinatorem,
600 217 702 243 senem,
729 214 756 236 et
779 208 983 243 quinquagena-

1065 207 1090 242 ἢν
1106 206 1152 232 καὶ
1168 207 1309 241 προφήτης
1328 207 1374 232 καὶ
1391 205 1551 242 στοχαστὴς,
1564 205 1610 232 καὶ
1627 204 1832 241 πρεσϐύτερος,

202 260 274 289 rium
306 259 417 290 ducem,
443 262 470 285 et
501 255 701 291 suspiciendum
731 254 928 287 consiliarium,
957 257 984 280 et

201 307 282 339 etiam
299 305 448 339 sapientein
471 302 661 332 architectum,
681 305 708 328 et
726 300 918 334 intelligentem
935 307 984 326 au-

168 357 171 360 '
205 351 330 384 ditorem.
357 348 487 383 Deinceps
509 355 562 383 quo
588 347 695 374 tandem
725 353 768 373 res
788 345 894 378 evadet,
912 348 939 372 et
958 345 984 372 in

202 401 332 431 quantum
362 394 552 422 detrimentum
581 392 647 428 ipsis
673 396 808 426 erumpet,
844 390 986 418 manifeste

201 438 296 477 aperit,
308 443 368 467 eum
384 447 446 467 mox
462 439 573 467 subdit:
592 446 601 464 ι
617 438 750 466 Concidet
766 437 889 477 populus,
905 437 986 464 homo

201 475 234 517 ad
248 485 396 519 hominem,
409 494 418 511 ι
439 484 464 512 id
477 489 528 516 est.
544 484 572 511 in
587 484 719 512 seditione
735 475 824 519 erunt,
842 487 869 511 et
886 483 911 510 in
929 489 986 509 me-

202 532 254 560 diis
272 531 432 559 tumultibus
449 530 541 564 vivent
566 530 659 564 vitam,
684 529 829 564 juvenibus
854 535 986 556 veneran-

202 578 263 604 dam
280 577 409 604 canitiem
421 576 495 604 senis
507 583 560 603 non
573 575 759 603 reverentibus
771 595 778 606 ,
795 573 922 607 inferiore
937 573 986 609 lio-

203 630 296 650 norem
318 622 448 658 superiori
476 626 618 656 negante:
642 620 688 649 sed
718 628 779 648 cum
804 619 986 655 reprehendat

203 676 291 702 nemo,
302 662 352 696 nec
367 668 400 704 ad
419 667 444 695 id
459 668 530 710 quod
543 674 678 702 quemque
694 668 782 704 decet,
794 666 904 705 dirigat,
922 666 987 693 ειιιιο

202 715 257 742 lato
286 715 360 742 omni
375 713 471 747 ordine
483 717 510 740 ct
524 713 648 745 scientia,
669 713 785 739 maxima
806 712 926 739 omnium
946 720 988 739 re-

203 768 262 794 rum
275 760 345 797 apud
368 766 416 787 eos
432 758 600 793 perturbatio
619 757 731 786 exsistet
745 762 770 784 et
787 756 920 784 confusio.
938 757 986 785 Ubi

203 804 276 830 enim
289 803 379 831 divina
392 811 444 831 non
461 807 558 838 prmest
573 803 615 829 lex
631 810 721 830 rerum
737 803 901 838 agendarum
915 802 988 829 arbi-

204 855 256 882 ter,
286 849 420 884 quomodo
439 852 485 875 aut
509 847 579 874 unde
600 847 698 882 poterit
716 848 858 882 quisquam
877 847 989 874 honeste

1035 252 1081 278 καὶ
1097 252 1343 288 πεντηκόνταρχος,
1362 251 1409 278 καὶ
1424 251 1580 287 θαυμαστὸς
1597 251 1761 286 σύμϐουλος·
1784 251 1833 277 καὶ

1035 296 1089 331 μὴν
1110 296 1158 323 καὶ
1178 295 1260 330 σοφὸς
1281 296 1461 332 ἀρχιτέκτων,
1484 296 1530 323 καὶ
1552 295 1660 327 συνετὸς
1678 295 1832 331 ἀκροατής.

1036 340 1101 368 Εἶτα
1117 342 1178 368 ὅποι
1190 341 1254 368 ποτὲ
1266 341 1297 368 τὸ
1314 341 1410 377 χρῆμα
1427 342 1518 374 αὐτοῖς
1540 341 1698 377 ἐκϐήσεται,
1716 341 1766 368 καὶ
1793 340 1834 370 είς

1034 383 1090 414 οἷον
1102 387 1193 419 αὐτοῖς
1211 387 1398 421 ἐκτελευτήσει
1412 387 1518 423 βλάϐος,
1536 387 1697 422 καθίστησιν
1712 385 1832 421 ἐναργὲς

1035 433 1217 468 προσεπάγων
1235 432 1325 466 εὐθὺς,
1338 433 1378 459 ὅτι
1389 442 1399 459 ι
1413 433 1598 468 Συμπεσεῖται
1607 433 1621 459 ὁ
1631 432 1707 465 λαδς.
1721 431 1833 466 ἀνορω-

1036 485 1086 509 rm;
1102 477 1169 512 πρὸς
1179 476 1332 512 ἄνθρωπον·
1346 486 1355 503 ι
1373 476 1444 503 τοῦτ’
1454 477 1578 509 ἐστιν,.ὲν
1591 477 1688 513 ἀταξίᾳ
1702 485 1735 504 τε
1750 478 1829 504 ἰσον-

1037 530 1090 554 ται,
1104 523 1151 549 καὶ
1162 521 1276 558 Θορύὸου
1292 522 1390 557 μεστὸν
1405 522 1576 558 διαζὴσονται
1588 522 1654 557 βίον.
1671 523 1708 549 Οὐ
1721 522 1774 558 τὴν
1787 531 1833 548 σεε

1037 567 1106 603 πτὴν
1121 567 1166 594 τοῦ
1183 567 1336 603 πρεσὸύτου
1357 567 1453 594 πολιὰν
1480 568 1686 603 αἰσχυνομένων
1699 568 1784 594 νέωψ
1801 567 1834 594 οὐ

1036 613 1081 640 τὸν
1097 613 1250 649 προῦχοντα
1269 614 1352 649 τιμᾷν
1369 613 1509 646 ἀξιοῦντος
1529 613 1569 640 ἔτι
1591 612 1638 640 τοῦ
1657 613 1706 649 τὴν
1724 613 1835 640 ἐλάττω

1037 659 1163 694 λαχόντος
1179 659 1267 692 τάξινο
1281 659 1336 686 ἀλλ’
1347 659 1526 694 ἐπιτιμῶντος
1539 659 1656 691 οὐδενὸς,
1671 660 1759 695 ἤγουν
1776 660 1832 686 ἀπ-

1037 704 1194 735 ευθύνοντας
1203 704 1243 736 εις
1253 703 1283 730 τὸ
1295 705 1402 740 ἑκάστῳ
1413 704 1528 741 πρέπον,
1541 705 1628 732 πάντα
1638 705 1745 741 φύρδην
1753 705 1833 731 ἔσται

1038 750 1101 785 παρ’
1117 749 1207 781 αὐτοῖς
1224 749 1350 782 εὐταξίας
1369 750 1477 786 ἁπάσης
1494 750 1540 777 καὶ
1556 751 1712 786 ἐπιστήμης
1729 750 1834 787 ἐξῃρη-

1039 794 1133 830 μένης.
1155 795 1241 822 Ὅπου
1261 795 1316 830 γὰρ
1340 794 1410 827 θεῖος
1433 795 1483 822 οὐκ
1501 795 1635 831 ἐφέστηκε
1658 796 1754 831 νόμος,
1776 796 1833 822 τῶν

1039 840 1183 876 πρακτέων
1197 840 1212 867 ὸ
1228 840 1388 877 βραϐευτὴς,
1404 841 1462 874 πῶς
1477 841 1494 877 ὴ
1509 841 1592 869 πόθεν
1605 841 1639 869 ἄν
1651 841 1761 876 γένοιτό
1776 851 1833 868 τισι

203 899 251 922 aut
262 882 358 921 decore
375 892 489 920 vivere?
503 891 599 919 Simile
615 891 688 919 enim
701 896 753 925 est,
769 899 801 919 ac
816 891 838 918 si
853 892 913 926 quis
926 891 987 919 velit

1065 901 1069 912 ι
1085 887 1114 913 ὲν
1128 887 1223 923 κόσμῳ
1242 887 1372 914 δύνασθαι
1388 887 1523 920 διαδιοῦν;
1537 888 1648 923 Ὅμοιον
1669 888 1724 924 γὰρ
1749 888 1790 920 ὡς
1808 889 1832 914 εἰ

203 941 293 968 navim
320 939 404 967 clavis
435 945 462 975 et
491 935 673 974 gubernatore
704 943 841 973 carentem
863 932 942 971 recto
962 942 990 966 et

203 985 336 1021 inollcnso
352 991 432 1020 cursu
446 984 520 1015 ferri.

238 1074 293 1110 58
304 1073 385 1101 Vsus.
395 1074 422 1106 6,
434 1073 460 1100 7.
473 1072 543 1105 Quia
554 1072 726 1107 apprehende!
735 1072 774 1099 vir
780 1071 889 1104 fratrem
899 1079 986 1104 suum,

202 1117 250 1146 vel
263 1118 434 1145 domesticum
455 1117 540 1152 patris
559 1118 611 1149 sui,
633 1117 722 1143 dicem
741 1124 750 1142 :
773 1115 874 1143 Vestem
897 1117 986 1148 habes,

203 1165 321 1199 princeps
343 1167 430 1190 noster
442 1168 506 1193 exlo,
525 1167 549 1189 et
569 1164 641 1188 cibus
660 1169 730 1188 meus
742 1170 818 1196 penes
834 1166 858 1188 te
878 1162 923 1188 sit.
939 1160 988 1188 Re-

203 1210 333 1244 spondent
351 1213 437 1236 aettem
455 1208 521 1234 dicet
548 1208 575 1234 in
590 1207 632 1234 die
653 1206 718 1233 illa:
735 1206 795 1233 Non
812 1215 855 1234 ero
867 1207 987 1241 princeps

204 1258 275 1286 tuus,
292 1260 342 1279 non
357 1252 426 1279 enim
440 1256 478 1278 est
499 1251 527 1277 t'n
542 1251 618 1278 doma
635 1258 693 1277 mea
709 1250 796 1282 uanis,
806 1258 887 1286 neque
899 1250 986 1284 vestis,

203 1307 254 1326 mm
266 1306 310 1326 ero
324 1298 444 1333 princeps
459 1297 548 1332 populi
561 1296 652 1332 hujus.

238 1388 389 1416 Iudaeorum
405 1393 520 1414 miseria:
534 1390 561 1414 et
573 1393 686 1414 summa;
702 1386 865 1417 calamitatis
882 1387 986 1422 magni-

206 1434 326 1462 tudinem
341 1431 497 1468 prophetica
512 1431 589 1459 nobis
607 1431 743 1467 signiﬁcat
762 1432 862 1460 oratio.
883 1432 987 1467 Regna-

205 1483 270 1506 runt
284 1478 357 1505 enim
378 1477 456 1505 statis
476 1476 641 1510 temporibus
664 1475 690 1502 in
711 1474 872 1507 Jerusalem,
893 1476 938 1510 qui
954 1482 988 1502 ex

206 1524 275 1552 tribu
287 1523 360 1551 .luilze
377 1527 454 1551 erant
470 1531 476 1549 :
495 1527 523 1550 et
542 1521 675 1557 splendidi
692 1522 810 1554 fuerunt,
822 1521 944 1548 celebres
961 1526 988 1548 et

206 1571 308 1598 divitiis
325 1569 427 1601 ornati,
444 1573 471 1596 et
483 1568 632 1596 nobilitatis
646 1572 720 1596 sorte
731 1574 797 1595 sane
809 1574 891 1602 quam
908 1574 985 1602 egre-

206 1617 250 1652 gie
275 1615 413 1643 coronati.
436 1613 625 1642 Praesederunt
639 1614 702 1640 item
722 1613 775 1640 alio
795 1613 885 1645 modo,
905 1613 951 1648 qui
973 1622 989 1641 e

208 1663 278 1689 tribu
301 1662 407 1689 fuerunt
429 1660 505 1692 Levi,
528 1668 561 1688 ex
587 1660 703 1687 Aaronis
724 1660 830 1689 ordine.
855 1660 922 1688 Cum
950 1660 987 1687 ita

207 1716 328 1736 summus
341 1709 468 1736 sacerdos
483 1712 622 1742 praeesset,
641 1705 762 1734 seniores
777 1711 805 1734 et
821 1705 921 1734 Levita
931 1707 988 1734 obi-

209 1759 271 1782 rent
285 1754 448 1785 ministeria,
463 1753 626 1787 suscipiendi
637 1756 716 1780 erant
730 1752 756 1780 hi
770 1759 820 1787 per
833 1752 986 1780 universam

207 1801 343 1836 regionem
370 1798 532 1826 Iudaeorum.
555 1798 591 1824 At
625 1798 669 1825 ubi
693 1804 754 1832 quae
782 1797 822 1824 fas
843 1805 896 1826 nou
929 1802 986 1824 erat

207 1846 429 1878 commisissent,
453 1845 607 1879 nullumque
630 1850 682 1870 non
695 1843 840 1878 impietatis
857 1851 941 1879 genus
960 1844 986 1871 in

207 1893 344 1921 Christum
362 1891 565 1922 exercuissent,
588 1890 620 1917 de
647 1889 762 1924 pristina
786 1890 930 1925 dignitate,
957 1897 989 1917 ac

207 1938 366 1974 celebritate
386 1936 542 1964 divitiarum
559 1939 587 1963 et
604 1935 729 1963 claritate
745 1935 845 1970 delapsi
863 1940 945 1967 sunt;
962 1936 988 1963 in

207 1975 320 2019 eamque
333 1982 522 2012 confusionem
547 1987 574 2009 et
587 1982 717 2009 vilitatem
739 1989 782 2009 res
796 1989 888 2009 eorum
907 1982 989 2013 deve-

208 2033 316 2062 nerunt,
333 2034 362 2056 ut
377 2027 479 2056 nullum
501 2027 612 2055 omnino
629 2030 738 2061 possent
763 2027 833 2054 inter
847 2034 877 2056 se
894 2027 987 2053 ducem

207 2076 308 2103 habere
322 2074 435 2109 antiqua
453 2072 615 2102 excellentia
629 2072 741 2103 clarum,
758 2079 806 2099 nec
818 2072 923 2106 opibus,
941 2080 989 2098 nec

209 2125 350 2157 potestate,
373 2127 423 2148 nec
443 2119 512 2154 legis
537 2118 632 2146 notitia
661 2118 815 2152 praditum.
831 2117 886 2146 lloc
903 2118 988 2152 ipsum

209 2169 298 2198 docet,
313 2173 374 2194 cum
393 2165 431 2192 ait
446 2174 454 2192 :
474 2174 484 2191 s
506 2164 695 2200 Appreliendet
709 2165 749 2191 vir
764 2163 876 2191 fratrem
899 2171 988 2197 suum,

207 2212 248 2239 vel
268 2211 426 2239 familiarem
445 2210 528 2245 patris
548 2210 604 2242 sui,
620 2209 713 2238 dicens
734 2219 741 2237 :
763 2209 870 2238 Vestem
891 2210 989 2244 habes,

209 2259 332 2293 princeps
340 2256 415 2284 nobis
423 2261 492 2288 esto.
500 2261 526 2284 et
535 2257 612 2285 cibus
621 2263 695 2284 uicus
703 2257 752 2284 sub
762 2260 787 2284 te
794 2257 839 2284 sit.
846 2265 856 2283 ι
867 2255 992 2285 Confusis

208 2304 306 2330 ctenim
325 2303 405 2332 rebus
415 2307 441 2332 et
453 2302 565 2332 multum
582 2302 756 2338 perturbatis,
772 2302 807 2329 ita
821 2308 850 2330 ut
863 2309 992 2330 corruant

209 2354 272 2388 ipsi,
290 2352 358 2380 alius
375 2353 401 2379 in
419 2351 517 2383 alium,
535 2350 677 2384 nullusque
693 2349 729 2377 sit
744 2349 830 2377 honor
846 2354 892 2377 aut
907 2351 992 2385 pudor

208 2399 247 2427 vel
261 2399 403 2434 juvenibus
418 2398 503 2429 senis.
518 2397 559 2425 vel
577 2397 697 2433 ingloriis
712 2397 821 2433 gloriosi
837 2406 844 2425 :
858 2399 989 2433 quisque,

208 2445 307 2478 inquit,
322 2444 371 2472 sibi
385 2447 488 2477 quaeret
503 2443 609 2475 ducem,
624 2451 738 2478 eumque
749 2443 840 2479 eliget,
856 2444 899 2472 vix
911 2445 990 2472 etiam

210 2491 411 2527 propinquitate
433 2490 542 2525 generis
565 2497 754 2523 commovens,
775 2495 802 2518 et
825 2492 934 2518 trahens
959 2491 991 2518 ad

208 2536 436 2568 misericordiam,
453 2540 480 2563 et
495 2535 591 2570 eliget,
606 2536 708 2570 inquit,
725 2543 776 2563 non
793 2537 875 2564 veluti
892 2537 993 2564 divitiis

206 2583 344 2610 ﬂorentem
355 2602 362 2614 ,
377 2581 424 2609 sed
437 2581 636 2616 quodammodo
651 2582 761 2614 nudum,
776 2583 929 2617 amabitque
941 2582 990 2610 sub

208 2635 240 2654 eo
253 2627 299 2659 ali,
310 2631 337 2654 et
353 2626 475 2653 mendico
488 2626 600 2658 servire,
610 2630 636 2652 et
650 2627 695 2660 qui
710 2626 752 2653 vix
767 2631 866 2653 vestem
883 2627 988 2654 habent.

207 2672 445 2700 Verumenimvero
474 2671 600 2706 quamvis
632 2672 692 2698 talis
720 2671 769 2702 sit,
795 2679 846 2698 non
879 2673 992 2706 accipiet

207 2723 296 2747 tamen
313 2718 470 2753 imperium,
484 2718 590 2745 etiamsi
613 2718 647 2745 ab
669 2718 710 2744 his
727 2718 772 2752 qui
788 2718 866 2745 subdi
883 2718 988 2752 volunt,

207 2765 274 2793 nihil
289 2769 405 2801 petatur.
420 2764 548 2799 Quarum
563 2763 633 2793 enim
650 2770 745 2797 panem
761 2768 789 2789 ut
801 2763 988 2797 subjiciuntur,

207 2817 235 2837 et
257 2817 304 2844 pro
328 2810 456 2837 alimento
480 2808 636 2836 tenuissimo
663 2815 694 2834 se
720 2807 757 2834 illi
781 2807 806 2834 in
832 2807 988 2835 servitutem

208 2856 343 2884 addicunt.
371 2856 400 2884 Et
418 2863 477 2889 qum
494 2855 551 2883 lucc
570 2853 758 2890 tergiversatio
777 2860 808 2887 ac
825 2852 990 2888 repudiatio?

1039 931 1086 958 καί
1099 940 1141 964 τις
1156 931 1275 967 βούλοιτο
1287 932 1353 959 ναῦν
1367 932 1503 968 πηδαλίων
1521 941 1551 959 τε
1565 934 1631 968 ὅμου
1651 933 1699 960 καὶ
1713 933 1764 960 τοῦ
1781 942 1833 960 κν-

1038 977 1187 1013 δερνῶντος
1206 978 1322 1014 ἐρήμην,
1341 978 1415 1006 εὐθεῖ
1435 979 1481 1006 καὶ
1505 979 1676 1015 ἀδιαστρόφῳ
1695 979 1832 1016 φέρεσθαι

1037 1022 1140 1060 δρόμίι)ι

1073 1068 1133 1095 ’Ότι
1148 1068 1328 1104 ἐπιλήψεται
1340 1069 1494 1104 ἄνθρωπος
1508 1070 1562 1098 τοῦ
1576 1070 1710 1105 ἀδελφοῦ
1720 1071 1831 1103 αὑτοῦ,

1038 1115 1057 1149 ἢ
1067 1115 1120 1142 τοῦ
1132 1116 1242 1143 οἰκείου
1253 1116 1305 1143 τοῦ
1319 1116 1431 1151 πατρὸς
1445 1116 1550 1149 αὑτοῦ,
1569 1116 1677 1151 λέγων’
1698 1116 1833 1151 Ἰμάτιίν

1038 1161 1127 1195 ἔχεις,
1151 1161 1282 1197 ἀρχηγὸς
1305 1161 1388 1197 ἡμῶν
1408 1162 1508 1197 γενοῦ,
1531 1163 1581 1190 καὶ
1605 1163 1638 1190 τὸ
1660 1162 1768 1198 βρῶμα
1798 1163 1832 1189 τὸ

1037 1207 1111 1242 ἐμὸν
1136 1208 1194 1235 ὑπὸ
1220 1207 1258 1234 ae
1279 1207 1368 1235 ἔστω.
1392 1209 1445 1236 Καὶ
1468 1210 1640 1244 ἀποκριθεὶς
1659 1209 1720 1244 ἐρεῖ
1741 1209 1778 1236 ἐν
1795 1208 1832 1243 τῇ

1038 1253 1131 1287 ἡμέρᾳ
1152 1254 1265 1288 ἐκείνῃ*
1280 1254 1341 1280 οὐκ
1361 1254 1470 1289 ἔσομαι
1491 1263 1549 1282 σου
1561 1255 1702 1290 ἀρχηγὸς.
1721 1256 1758 1282 οὐ
1776 1256 1833 1290 τὰρ

1038 1298 1124 1326 ἔστιν
1143 1299 1179 1325 ἐν
1197 1298 1236 1331 τῷ
1257 1299 1328 1330 οἴκῳ
1343 1308 1403 1333 μου
1420 1299 1520 1335 ἄρτος,
1540 1300 1612 1328 οὐδὲ
1631 1300 1759 1336 lycium»,
1773 1302 1832 1329 οὐκ

1041 1344 1147 1378 ἔσομαι
1162 1345 1294 1380 ἀρχηγὸς
1308 1345 1361 1372 τοῦ
1371 1345 1447 1372 ,λαοῦ
1462 1345 1578 1373 τούτου.

1073 1390 1129 1424 Τῆς
1162 1390 1294 1417 Ἰουδαίων
1320 1391 1477 1427 ἀθλιότητος
1516 1393 1563 1418 καὶ
1597 1391 1646 1426 τῆς
1676 1393 1718 1423 εις
1746 1392 1833 1429 ἀκρον

1037 1435 1225 1470 ταλαιπωρίας
1240 1435 1270 1463 τὸ
1284 1436 1397 1471 μέγεθος
1413 1438 1427 1464 ό
1442 1437 1610 1473 προφητικδς
1630 1438 1696 1473 ἡμῖν
1709 1445 1833 1473 καταση-

1041 1481 1130 1516 μαίνει
1146 1481 1234 1516 λόγος.
1256 1481 1427 1510 Ἐδασίλευον
1445 1484 1494 1519 μὲν
1508 1483 1563 1520 γὰρ
1580 1483 1650 1510 κατὰ
1671 1483 1787 1518 καιροὺς
1804 1485 1833 1510 ὲν

1039 1527 1095 1558 τοῖς
1113 1527 1311 1562 Ἰεροσολύμοις
1331 1528 1348 1563 ἡ
1371 1528 1404 1554 ὲκ
1430 1528 1516 1563 φυλῆς
1537 1528 1633 1561 Ἰούδα,
1656 1528 1782 1564 λαμπροί
1803 1537 1833 1554 τε

1041 1569 1110 1606 ἦσαν
1125 1572 1172 1598 καὶ
1190 1572 1339 1607 διαφανεῖς,
1356 1574 1404 1600 καὶ
1417 1573 1523 1609 πλούτῳ
1537 1574 1686 1609 κομῶντες,
1706 1574 1753 1600 καὶ
1771 1575 1834 1605 ταῖς

1042 1618 1081 1651 εἰς
1104 1618 1180 1653 λῆξιν
1202 1619 1336 1652 εὐκλείαις
1360 1618 1388 1647 εὖ
1411 1620 1483 1655 μάλα
1511 1620 1738 1656 κατεστιμμένοι.
1756 1620 1833 1648 Καθ-

1041 1663 1156 1698 ηγοῦντο
1173 1664 1202 1690 δὲ
1221 1665 1268 1692 καὶ
1282 1666 1391 1701 ἑτέρως,
1410 1667 1435 1692 οι
1455 1667 1486 1693 ὲκ
1501 1666 1588 1702 φυλῆς
1607 1666 1671 1693 Astii
1695 1666 1767 1694 κατὰ
1784 1667 1834 1702 τὴν

1041 1709 1117 1741 τάξιν
1130 1709 1180 1744 τὴν
1198 1709 1314 1746 Ἀαρών.
1337 1710 1505 1746 Προΰχοντος
1532 1712 1581 1748 μὲν
1602 1712 1647 1740 τοῦ
1669 1713 1832 1748 ἀρχιερέως,

1042 1753 1268 1790 λειτουργούντων
1281 1756 1310 1782 δὲ
1328 1756 1519 1793 πρεσϐυτέρων
1534 1758 1580 1784 καὶ
1592 1757 1723 1791 Λευῖτῶν,
1739 1757 1834 1784 trimi.

1041 1799 1069 1826 δὲ
1079 1796 1148 1834 ἦσαν
1163 1800 1210 1827 καὶ
1226 1800 1251 1826 οι
1265 1800 1371 1829 τοιοίδε,
1383 1802 1438 1832 τοῖς
1452 1801 1505 1828 ἀνὰ
1518 1803 1607 1829 πᾶσαν
1619 1801 1674 1829 τῶν
1695 1802 1834 1828 Ἰουδαίων

1041 1844 1091 1880 τὴν
1103 1845 1204 1881 χώραν.
1233 1846 1341 1882 Ἐπειδὴ
1359 1846 1386 1873 δὲ
1403 1847 1576 1883 πεπράκασιν
1592 1847 1610 1875 ἃ
1629 1847 1665 1883 μὴ
1678 1847 1771 1883 θέμις,
1787 1848 1834 1876 καὶ

1041 1890 1090 1925 τῆς
1104 1891 1143 1923 εἰς
1155 1891 1272 1926 Χριστὸν
1284 1891 1439 1924 δυσσεσείας
1453 1892 1540 1925 οὐδεὶς
1553 1891 1586 1928 ἦν
1597 1893 1688 1925 αὐτοῖς
1704 1893 1833 1928 ἀνεπιτή-

1041 1935 1134 1967 διυτος
1152 1935 1262 1970 τρόπος,
1281 1935 1435 1964 ἁπὼλισθον
1452 1938 1500 1972 μὲν
1518 1937 1567 1973 τῆς
1589 1937 1706 1973 ἀρχαίας
1724 1938 1833 1974 ἐκείνης

1042 1982 1233 2018 λαμπρότητος
1254 1983 1302 2009 καὶ
1329 1984 1507 2018 περιφανείας
1534 1985 1583 2020 τῆς
1608 1985 1637 2011 ἐν
1656 1984 1766 2020 πλούτῳ
1787 1986 1833 2012 καὶ

1042 2027 1116 2064 δόξῃ,
1133 2027 1275 2055 καθίκοντο
1294 2028 1322 2055 δὲ
1341 2029 1516 2064 χυδαιότητός
1535 2038 1564 2056 τε
1579 2030 1625 2057 καὶ
1640 2030 1780 2063 εὐτελείας
1795 2032 1833 2062 εἰς

1042 2073 1122 2100 τοῦτο
1137 2073 1171 2100 τὰ
1188 2074 1337 2109 πράγματα
1354 2074 1453 2106 αὐτοῖς,
1467 2074 1505 2106 ὡς
1519 2075 1621 2110 μηδένα
1635 2075 1777 2107 παντελῶς
1789 2075 1832 2105 τὸν

1043 2119 1194 2154 ἡγούμενον
1219 2118 1290 2154 ἔχειν
1314 2120 1358 2154 ἐφ’
1379 2120 1484 2151 ἑαυτοῖς
1502 2120 1632 2147 δύνασθαι
1650 2121 1778 2157 λαμπρὸν
1803 2122 1832 2147 ἐν

1044 2165 1164 2201 ὑπεροχῇ
1190 2166 1224 2201 τῇ
1244 2165 1337 2197 πάλαι,
1366 2166 1435 2201 μήτε
1458 2166 1512 2201 μὴν
1531 2166 1644 2193 πλοῦτον
1664 2166 1763 2202 ἔχοντα
1787 2167 1832 2194 καὶ

1043 2211 1210 2243 δυναστείαν,
1231 2211 1248 2246 ἢ
1264 2212 1364 2246 γνῶσιν
1378 2211 1424 2238 τοῦ
1438 2211 1531 2247 νόμου.
1549 2212 1604 2239 Καὶ
1619 2211 1698 2239 τοῦτο
1712 2213 1780 2239 αὐτὸ
1794 2214 1831 2240 δια

1044 2257 1157 2289 δάσκει,
1184 2257 1280 2292 λέγων,
1313 2258 1353 2285 ὅτι
1382 2258 1585 2293 σἘπιλὴψεται
1611 2259 1755 2294 ἄνθρωπος
1786 2260 1831 2286 τοῦ

1045 2302 1159 2337 ἀδελφοῦ
1173 2303 1266 2334 αὑτοῦ,
1285 2303 1302 2338 ἢ
1327 2303 1372 2329 τοῦ
1392 2303 1493 2330 οἰκείου
1515 2303 1616 2338 πατρὸς
1635 2304 1717 2331 αὐτοῦ
1734 2304 1830 2339 λέγων·

1050 2348 1168 2384 Ἰμάτιον
1183 2349 1265 2384 ἔχεις,
1286 2349 1405 2384 ἀρχηγὸς
1425 2349 1502 2384 ἡμῶν
1519 2349 1608 2383 γενοῦ,
1624 2349 1672 2375 καὶ
1688 2349 1789 2386 βρῶμα
1803 2351 1832 2379 τὸ

1045 2393 1110 2425 ἐμὸν
1126 2394 1178 2420 ὑπὸ
1197 2394 1226 2420 σὲ
1245 2394 1324 2426 ἔστω.
1344 2403 1353 2419 ι
1374 2393 1585 2429 Συγκεχυμένων
1605 2394 1660 2430 γὰρ
1677 2395 1732 2421 τῶν
1746 2404 1832 2432 πραγ-

1045 2439 1148 2474 μάτων,
1173 2440 1220 2466 καὶ
1237 2440 1303 2466 πολὺ
1319 2439 1459 2466 παθόντων
1475 2440 1505 2466 τὸ
1531 2440 1657 2471 ἄτακτον.
1673 2441 1711 2472 ὡς
1731 2442 1832 2477 συμπί-

1045 2493 1122 2512 πτειν
1139 2485 1236 2517 αὑτοίος
1253 2485 1389 2522 ἀλλήλοις,
1411 2487 1458 2513 καὶ
1479 2487 1614 2522 μηδεμίαν
1629 2485 1698 2514 εἶναι
1711 2488 1795 2523 τιμὴν
1815 2489 1831 2521 ἢ

1045 2532 1122 2565 αἰδῶ,
1138 2532 1319 2568 πρεσϐύτουῆ
1342 2532 1423 2565 νέοις,
1448 2533 1531 2568 ἤγουν
1548 2534 1656 2569 ἀτίμοις
1675 2533 1691 2569 ἢ
1707 2534 1829 2567 ἐνδόξων·

1045 2577 1159 2610 ἕκαστος
1171 2579 1212 2612 ἐφ’
1223 2578 1323 2613 ἑαυτῷ,
1333 2579 1409 2613 φησὶ,
1425 2578 1535 2614 ζητήσει
1546 2580 1705 2615 ἡγούμενον,
1717 2581 1765 2607 καὶ
1773 2581 1831 2608 τοῦ⁴

1043 2632 1088 2650 τον
1103 2623 1239 2656 ἐκλὲξεται
1260 2625 1292 2659 τῇ
1311 2624 1380 2651 κατὰ
1396 2625 1473 2658 γένος
1492 2625 1634 2661 ἀγχιστεία
1649 2626 1726 2661 μόλις
1737 2626 1831 2653 ἐκδυσ-

1042 2669 1125 2696 ωπῶν
1138 2670 1184 2696 καὶ
1193 2669 1284 2696 καλῶν
1297 2671 1336 2702 εἰς
1350 2670 1433 2698 ἔλεον.
1455 2671 1607 2703 Ἐκλέξεται
1619 2671 1658 2705 δὲ,
1673 2672 1768 2707 φησιν,
1784 2673 1831 2706 οὐχ

1042 2715 1080 2747 ὡς
1095 2715 1190 2751 ἔχοντα
1205 2715 1328 2748 πλοῦτον,
1341 2716 1398 2743 ἀλλ’
1408 2717 1446 2748 ὼς
1456 2717 1505 2744 οὐκ
1520 2717 1584 2744 ὅντα
1596 2717 1709 2753 γυμνὸν,
1724 2718 1831 2752 άγαπήτ

1043 2769 1085 2788 σει
1106 2770 1135 2788 τε
1159 2762 1204 2788 ὑπ’
1224 2761 1306 2788 αὑτοῦ
1330 2762 1477 2798 τρέφεσθαι
1497 2763 1542 2790 καὶ
1561 2763 1696 2791 δουλεύειν
1721 2764 1828 2800 πτωχῷ.

1042 2806 1116 2842 Πλὴν
1134 2808 1158 2834 εί
1174 2808 1221 2834 καὶ
1235 2809 1249 2835 ὸ
1261 2808 1380 2841 τοιοῦτος
1399 2809 1448 2844 οὐχ
1465 2809 1583 2844 ἁρπάσει
1600 2809 1649 2846 τὴν
1670 2811 1828 2845 ἡγεμονίαν,

1043 2852 1129 2880 καίτοι
1143 2853 1225 2889 μηδὲν
1235 2854 1396 2890 αίτοὺμενος
1409 2855 1484 2890 παρὰ
1495 2855 1548 2883 τῶν
1562 2855 1722 2883 ὑποκεῖσθαι
1737 2846 1830 2892 βεὸοντ
