1890 3053
76 179 119 208 ίθθ
641 176 675 204 ιιι
695 174 810 204 ISAIAM
830 174 851 202 L

930 193 937 201 .
958 173 1061 202 ORAT.
1083 173 1125 201 ΙΙΙ.

1641 177 1692 205 ιιο

75 246 128 269 νοις.
146 235 252 270 ’Δληθὲς
265 232 314 262 οὖν
330 235 382 268 ὅτι,
399 235 460 262 οὐαὶ
477 235 516 271 τῷ
534 235 638 271 ἀνόμῳ.
655 235 760 271 πονηρὰ
776 232 846 262 κατὰ

930 231 1019 259 nolet
1047 230 1286 260 aderre.0.nuiuo
1304 226 1375 259 cnim
1404 230 1467 259 talia
1496 234 1564 259 mala
1596 240 1693 261 conse.

75 285 102 311 τὰ
113 283 172 318 ἔργα
183 280 237 308 τῶν
250 281 354 317 χειρῶν
369 281 453 308 αὑτοῦ
467 281 635 318 συμϐήσεται
650 282 734 318 αὐτῷ’
756 281 851 320 ὥσπερ

75 331 120 365 γὰρ
132 328 331 364 προσεκόμισαν
348 329 458 364 Πιλάτῳ
471 328 517 355 τὸν
531 328 644 364 Ἰησοῦν¹
658 329 704 356 καὶ
719 330 779 361 ταῖς
797 329 851 356 τῶν

75 374 231 410 στρατιωτῶν
259 374 419 406 ἁτιθάσσοις
446 375 558 410 ὀργαῖς,
585 374 658 402 οὓτω
693 376 740 402 καὶ
773 375 851 402 αὐτοὶ

74 421 303 456 παραδοθήσονται,
315 420 392 456 φησὶ,
403 422 463 453 ταῖς
477 421 621 456 Ῥωμαίων
635 422 785 456 στρατιαῖς.
796 421 851 449 Καὶ

75 468 100 503 δὴ
120 467 193 494 τοῦτο
215 467 331 501 λέγοντα
349 467 443 502 σαφῶς
466 468 513 495 καὶ
534 468 578 495 διὰ
601 468 693 503 φωνῆς
721 467 851 503 Ἱεζεχιὴλ

74 514 217 550 ιύρήσομεν.
232 513 350 549 Εἴρηται
365 514 419 549 γὰρ
433 513 502 550 πρὸς
512 513 561 550 τὴν
570 514 681 541 ἀνοσίαν
696 513 743 541 καὶ
758 521 851 547 κυριο-

74 560 154 587 κτόνον
177 558 366 596 Ἰερουσαλήμ·
385 559 484 592 Καθὼς
500 560 642 596 ἐποίησας,
669 560 754 592 οὕτως
774 559 851 587 ἔσται

75 613 116 632 σοι.
130 605 163 632 Τδ
171 605 347 640 ἀνταπόδομά
362 613 409 632 σου
421 605 668 642 ἀνταποδοθήσεται
680 605 719 637 είς
731 605 851 640 κεφαλήν

75 660 122 678 σου.

375 707 483 734 ΛΟΓΟΣ
501 708 527 734 I‘

103 774 173 807 Δαός
194 782 264 808 μου,
293 775 321 801 οἱ
353 774 519 809 πράκτορες
547 775 630 810 ὑμῶν
658 774 849 810 καλαμῶνται

73 819 147 855 ὑμᾶς,
162 820 207 846 καί
220 821 248 847 al
264 821 467 855 ἀπαιτοῦντες
482 822 676 856 κιῳιεύουσιν
688 821 781 856 ὑμῶν.

102 874 157 901 Ὀτι
171 874 268 906 παντὸς
294 876 401 910 ἀγαθοῦ
424 877 533 912 νοσήσει
556 878 605 913 τὴν
630 877 748 913 ἐρημίαν
763 878 780 913 ἡ
795 877 850 904 τῶν

905 280 1022 311 queatur
1038 283 1085 304 eos
1101 276 1146 312 qui
1162 284 1223 305 cum
1246 276 1301 305 Deo
1321 281 1449 312 pugnant.
1474 276 1522 305 Est
1540 277 1622 312 igitur
1649 285 1694 306 ve-

906 330 976 355 rum,
991 322 1084 357 iniquo
1101 323 1152 350 erit
1168 331 1218 356 vre,
1233 327 1259 351 ct
1279 323 1348 350 mala
1365 331 1414 358 pro
1423 323 1552 359 operibus
1563 332 1693 353 manuum

905 367 992 402 ipsius
1013 368 1151 404 obtingent
1172 369 1209 396 ei.
1242 368 1308 396 Nam
1326 375 1354 396 ut
1379 369 1470 398 Jcsum
1500 369 1586 398 Pilato
1602 375 1631 398 et
1654 371 1695 399 ia-

905 413 1015 441 domitis
1030 413 1144 441 militum
1174 414 1313 443 furoribus
1330 415 1491 450 obiecerunt
1503 435 1510 448 ,
1529 416 1564 443 ita
1584 421 1611 444 et
1630 417 1692 452 ipsi,

905 459 1002 494 inquit,
1018 459 1147 488 Romanis
1160 460 1245 495 copiis
1260 461 1412 488 tradentur.
1451 461 1529 495 Quod
1553 468 1647 497 aperte
1667 469 1695 491 et

905 506 977 534 clare
990 506 1158 534 Ezecltielctn
1174 507 1342 536 inveniemus
1364 508 1464 536 dicere.
1496 508 1563 536 Nam
1592 509 1694 537 dictum

905 556 947 580 est
969 552 1003 579 ad
1019 552 1130 587 impiam
1144 557 1171 580 et
1182 553 1287 580 Domini
1301 553 1512 581 interfectricem
1529 553 1692 583 Jerusalem:

905 596 1136 631 Quemadmodum
1151 598 1250 632 fecisti,
1277 599 1317 627 sic
1345 600 1398 627 erit
1425 600 1491 627 tibi:
1515 607 1620 629 merces
1649 606 1694 630 tua

906 644 1071 679 rependctur
1089 645 1115 672 in
1130 650 1212 681 caput
1233 651 1320 673 tuum.

1201 701 1330 731 ORATIO
1350 703 1396 732 lll.

940 768 1008 796 Car.
1027 769 1070 797 Ill.
1086 770 1168 800 Vsus.
1186 772 1229 801 12.
1251 772 1349 808 Popule
1361 782 1444 809 metu,
1456 780 1590 804 exactores
1618 778 1695 805 uestri

904 815 1017 850 spoliant
1032 825 1089 851 vos,
1108 822 1134 845 et
1149 819 1280 853 exigentes
1294 821 1470 849 demittantur
1490 823 1569 850 vobis.

940 871 1072 905 Quoniam
1089 872 1241 902 Iudaeorum
1259 876 1395 908 regionem
1412 878 1533 905 omnium
1561 879 1694 907 bonorum

76 919 195 947 Ἰουδαίων
223 920 304 957 χώρα
317 942 325 955 ,
351 922 554 958 διαφανέστατα
582 924 628 950 καὶ
652 924 726 959 μάλα
757 923 851 960 σαφῶς

930 918 1016 944 muria
1032 917 1215 947 laboraturam
1243 921 1349 949 abunde
1380 923 1450 951 satis
1483 928 1510 951 et
1541 924 1696 953 clarissime

73 965 331 1003 προεξηγησάμενος,
360 969 408 996 καὶ
432 969 463 996 τὸ
489 969 516 996 τί
546 969 714 1005 συμϐήσεται
740 971 796 1002 τοῖς
812 971 852 1003 είς

73 1011 173 1047 Χριστὸν
185 1015 420 1050 πεπαρῳνηκόσιν
434 1014 555 1049 διειπὼν,
566 1015 761 1051 προαναπείθει
772 1016 853 1043 πάλιν

73 1057 222 1093 ἀποσχέσθαι
243 1058 302 1086 τῶν
318 1059 574 1096 τύημμελημάτων,
601 1061 649 1088 καὶ
663 1063 720 1093 τοῖς
738 1061 768 1095 ἐξ
783 1062 854 1097 ἡμε-

75 1104 172 1140 ρότητος
192 1105 283 1140 λόγοις
308 1107 449 1142 μονονουχὶ
471 1107 668 1143 καταγοητεύει
691 1108 852 1144 χρησίμως,

75 1151 186 1186 μεθιστὰς
197 1152 243 1179 ἐπὶ
259 1152 291 1179 τὸ
308 1152 431 1188 ἄμεινον,
456 1153 504 1181 καὶ
530 1155 594 1186 τοὺς
618 1153 747 1181 ἁπάντων
762 1154 855 1187 αὺτοῖς

73 1197 153 1224 κακῶν
162 1198 312 1232 γεγονότας
330 1199 435 1231 αίτίους
454 1199 645 1235 παραιτεῖσθαι
658 1199 801 1228 διδάσκων.
816 1201 853 1227 Οὐ

74 1243 118 1279 γὰρ
126 1241 196 1279 οἶμαι
209 1243 264 1272 δεῖν
275 1246 338 1277 τοῖς
349 1245 528 1281 καθηγεῖσθαι
546 1246 674 1282 λαχοῦσιν
691 1247 854 1274 ὑποκεῖσθαι

74 1289 157 1324 φιλεῖν,
173 1290 224 1316 κᾶν
241 1292 267 1317 εί
286 1291 328 1327 μή
347 1299 375 1318 τι
389 1291 442 1318 τῶν
456 1291 506 1318 ὃσα
534 1292 593 1319 ἐστὶ
621 1292 770 1321 τελούντων
785 1293 854 1330 πρὸς

73 1336 151 1370 θνησιν
161 1336 322 1372 ἐπιχειρῶσι
336 1337 488 1370 διδάσκειν,
505 1338 574 1375 μήτε
591 1338 643 1374 μὴν
658 1358 666 1366 .
704 1358 713 1366 .
753 1359 760 1366 .
797 1348 852 1367 οιεν

74 1382 182 1418 διαϐολῆς
203 1383 301 1417 ἀξιοῦν
321 1384 352 1411 τὸ
374 1385 404 1411 ἐν
432 1384 515 1420 μοίρᾳ.
544 1385 673 1421 τετάχθαι
688 1387 855 1422 φαυλότητος

73 1427 169 1461 δικαίως
195 1430 228 1456 ἂν
251 1427 325 1457 εἶναι
356 1432 584 1467 πεπιστευμένον.
608 1432 705 1468 Ἀρετὴ
731 1433 786 1466 γὰρ
813 1432 853 1459 δι-

74 1474 190 1501 δασκάλου
206 1476 235 1502 τὸ
248 1476 434 1511 ἀποκομίζειν
461 1477 591 1505 δύνασθαι
602 1478 670 1513 πρὸς
691 1478 792 1514 ἀκριϐῆ
806 1478 853 1505 τοῦ

76 1520 243 1556 συμφέροντος
255 1521 363 1557 εἴδησιν
384 1523 447 1554 τοὺς
472 1523 757 1559 παιδαγωγουμένους,
770 1532 854 1551 κατα-

75 1565 225 1601 κιὸδηλεύειν
243 1566 272 1593 δὲ
301 1567 332 1593 τὺ
356 1567 549 1595 κατασίνεσθαι
566 1569 699 1604 πεφυκὸς,
721 1570 769 1597 καὶ
782 1577 854 1605 παρ·

74 1612 191 1639 σιτεῖσθαι
205 1613 331 1640 κελεύειν
348 1613 378 1640 τὸ
391 1614 493 1640 ἀδικεῖν
506 1614 610 1647 είωθός,
636 1615 763 1642 Ἐπαίνου
780 1616 802 1642 δ’
818 1615 852 1643 ἂν

74 1653 199 1691 clauditur
214 1659 320 1690 παντὸς
333 1659 381 1686 καὶ
404 1661 428 1686 οι
453 1659 593 1692 τελοῦντες
609 1661 638 1688 ἐν
667 1661 811 1696 μαθηταῖς,
827 1661 851 1688 εί

76 1702 107 1738 μὴ
127 1705 181 1736 ταῖς
196 1704 289 1737 δόξαις
318 1705 374 1732 τῶν
401 1705 579 1733 διδασκόντων
608 1706 725 1743 ἑνορῷεν
747 1707 850 1741 ἁπλῶς,

74 1749 132 1777 ἀλλὰ
145 1752 175 1786 τῇ
188 1751 242 1778 τῶν
259 1752 435 1788 πραγμάτων
446 1753 537 1788 φύσει,
548 1754 597 1780 καὶ
615 1753 784 1789 θαυμάζουσι
803 1755 852 1790 μὲν

74 1796 127 1829 τοὺς
138 1797 323 1831 διδάσκοντας,
343 1799 422 1835 ειπερ
452 1800 523 1832 τινὲς
547 1798 602 1827 εἷεν
616 1799 691 1836 όρθοὶ
724 1801 772 1827 καὶ
794 1801 853 1828 ἐπι-

76 1844 199 1879 στήμονες,
216 1845 263 1871 καὶ
277 1844 335 1871 τῶν
351 1845 470 1881 ἀρίστων
499 1847 653 1882 εἰσηγηταὶ,
678 1846 853 1881 καταψέγωσι

74 1887 162 1921 ἂτοῦς
172 1887 267 1926 οἷσπερ
289 1890 323 1918 ἂν
350 1892 392 1926 ειη
411 1892 449 1926 μὴ
465 1892 587 1924 τοιοῦτος
608 1894 622 1919 ὁ
637 1892 748 1924 σκοπός.
762 1894 854 1919 Κατα-

76 1935 172 1970 νέμουσι
188 1937 236 1971 μὲν
248 1937 307 1972 γάρ
322 1946 392 1970 τινες
407 1939 435 1964 ὲν
452 1938 528 1974 ὄρεσι
551 1938 599 1964 καὶ
612 1937 712 1970 νάπαις
727 1938 777 1970 τὰς
789 1939 853 1965 ὂῐων

75 1981 171 2014 ἀγέλας·
187 1981 243 2008 ἀλλ’
268 1983 296 2009 εί
322 1982 488 2017 παρακέοιτο
513 1984 569 2015 τοῖς
584 1983 722 2019 θρέμμασι
739 1983 852 2019 βόθρος,

76 2028 147 2062 how
161 2029 230 2064 ὀρῶν
248 2030 263 2056 ό
286 2030 419 2065 κρημνὸς,
435 2031 581 2066 περιφοιτᾷ
602 2030 637 2057 τὰ
654 2030 789 2066 πρόϐατα,
806 2031 854 2058 καὶ

76 2073 101 2099 οὐ
114 2074 231 2110 καθίησιν
247 2076 337 2102 ἑαυτὰ
349 2075 417 2112 πρὸς
432 2075 555 2103 θάνατον·
572 2076 784 2111 παιδαγωγεῖται
800 2076 854 2112 γὰρ

75 2118 158 2156 ὥσπερ
175 2121 207 2147 δι’
221 2121 347 2157 ἐμφύτου
363 2121 456 2157 νόμου,
474 2121 541 2157 προς
559 2121 590 2148 τὸ
613 2122 713 2157 χρῆναι
726 2122 775 2157 τῆς
792 2122 855 2148 ἑαυ-

78 2164 125 2191 τῶν
138 2166 272 2201 φείδεσθαι
300 2167 384 2202 ζωῆς.
403 2165 471 2194 Εἶτα
493 2167 552 2199 πῶς
568 2167 619 2194 οὐκ
637 2167 747 2200 ἄτοπον,
762 2168 787 2194 αἱ
804 2167 854 2203 μὲν

76 2212 122 2242 τοῖς
134 2211 236 2246 ἀλόγοις
264 2211 348 2245 ζώοις
366 2212 445 2239 τοῦτο
468 2213 611 2247 φαίνεσθαι
634 2213 762 2250 κρατοῦν,
778 2214 808 2240 ὲν
825 2212 855 2240 δὲ

77 2258 133 2293 ἡμῖν
155 2260 253 2293 αὐτοῖς,
281 2260 371 2288 καίτοι
393 2260 511 2295 λογικοῖς
534 2261 698 2297 ὑπάρχουσι,
727 2262 777 2298 τὴν
807 2260 854 2289 τοῦ

77 2304 197 2340 χρησίμου
213 2307 261 2333 καὶ
272 2306 423 2341 ἀναγκαίου
435 2307 504 2342 πρὸς
517 2307 590 2344 ζωὴν
600 2308 650 2334 οὐκ
663 2305 732 2335 εἶναι
742 2307 853 2342 γνῶσιν.

78 2350 129 2386 Χρὴ
139 2352 281 2387 τοιγαροῦν
303 2351 355 2378 κᾶν
369 2353 396 2378 εί
417 2361 489 2385 τινες
505 2353 578 2388 ἡμᾶς
596 2353 648 2380 τῶν
668 2354 707 2385 εἰς
726 2353 856 2380 διδασκά-

78 2396 139 2430 λους,
153 2399 197 2425 καὶ
208 2397 371 2434 καθηγητὰς
386 2399 561 2434 τεταγμένων
577 2399 619 2434 ἐφ’
632 2399 650 2426 ἃ
665 2400 702 2435 μὴ
718 2399 855 2436 προσῆκεν

79 2443 242 2480 ἀποκομίζειν
274 2445 388 2478 ἕλοιντο,
414 2445 451 2481 μὴ
472 2446 567 2478 ἁπλῶς
583 2445 726 2482 ἀνέχεσθαι
748 2447 853 2481 φιλεῖν,

80 2489 138 2525 μηδὲ
161 2491 213 2526 μὴν
235 2491 454 2524 ἀκατασκέπτως
470 2491 585 2519 ἕπεσθαι
612 2492 680 2528 πρὸς
704 2492 735 2519 τὸ
762 2492 856 2524 αὐτοῖς

66 2534 171 2573 Αδοκοῦν,
197 2536 267 2564 ἀλλὰ
294 2536 454 2572 δοκιμάζειν
482 2538 585 2565 ἕκαστα
615 2539 670 2565 τῶν
699 2538 853 2573 πρακτέων.

79 2580 97 2606 0
129 2603 136 2610 .
177 2601 185 2610 .
229 2604 236 2611 .
276 2585 375 2619 χωρεῖν
385 2584 430 2610 ἐπὶ
446 2583 476 2610 τὸ
489 2584 531 2611 ὃτι
548 2584 664 2619 μάλιστα
674 2583 729 2610 τῶν
739 2583 854 2619 ὠφελεῖν

79 2627 208 2657 εἰωθότων.
224 2628 315 2657 Ἦσαν
326 2631 415 2657 τοίνυν
426 2631 451 2656 ot
465 2630 520 2657 τῶν
536 2631 670 2657 Ἰουδαίων
687 2631 854 2666 καθηγηταὶ,

79 2672 141 2699 τοῦτ’
150 2674 231 2706 ἐστιν,
241 2677 266 2702 ol
279 2676 299 2702 Γ
302 2677 456 2712 ραμματεῖς
468 2685 499 2702 τε
514 2677 561 2703 καὶ
571 2677 595 2703 οί
609 2677 761 2712 Φαρισαῖοι,
773 2677 854 2703 δεινοὶ

81 2719 139 2753 πρὸς
161 2720 191 2747 τὸ
215 2721 314 2756 χρῆναι
343 2722 408 2753 τοὺς
431 2721 485 2748 τῶν
511 2722 659 2758 χρημάτων
682 2722 854 2758 ἐρανίζεσθαι

81 2765 226 2800 πορισμοὺς,
244 2767 290 2792 καὶ
306 2765 355 2797 τὰς
367 2766 400 2792 ὲκ
410 2766 463 2793 τῶν
478 2766 550 2793 λαῶν
573 2767 747 2803 συγκομίζειν
769 2767 852 2802 δωρο-

82 2809 176 2845 φορίας,
195 2811 334 2847 ἀπαρχὰς,
362 2812 487 2844 δεκάτας,
518 2813 565 2840 καὶ
590 2813 641 2840 ὅσα
654 2815 709 2845 τοῖς
729 2812 855 2849 ίερᾶσθαι

81 2854 223 2890 λαχοῦσινὸ
241 2859 323 2893 νόμος
347 2858 387 2889 εἰς
404 2858 503 2893 κλῆρον
529 2858 623 2886 ἐδίδου.
651 2859 754 2891 Σκοπὸς
778 2859 806 2885 δὲ
821 2856 854 2894 ἦν

81 2902 170 2934 αὐτοῖς,
185 2904 231 2930 καὶ
243 2903 283 2931 διὰ
303 2904 395 2939 πάσης
409 2903 512 2931 τέθειτο
523 2904 640 2939 σπουδῆς
654 2905 684 2931 τὸ
699 2904 855 2932 ἀναπείθειν

904 963 1030 998 exposuit
1044 984 1050 997 ,
1078 968 1105 992 et
1119 973 1180 1000 quat
1197 966 1249 995 illis
1266 967 1312 1002 qui
1329 967 1355 995 iu
1381 968 1521 996 Christum
1536 970 1696 998 debacchati

903 1014 967 1036 sunt
993 1014 1122 1038 eventura
1136 1015 1239 1044 essent,
1256 1015 1395 1041 enarravit
1414 1023 1421 1040 ι
1440 1022 1533 1043 rursus
1546 1017 1693 1051 persuadet

903 1055 1090 1083 declinandum
1105 1064 1120 1084 a
1133 1057 1252 1091 delictis,
1267 1063 1293 1086 et
1311 1058 1416 1088 levibus
1432 1060 1612 1097 mollibusque
1633 1070 1696 1090 ver-

903 1100 946 1128 bis
973 1106 1076 1129 tantum
1111 1111 1163 1131 non
1193 1104 1315 1132 incantat
1343 1106 1454 1139 utiliter,
1470 1111 1498 1135 et
1522 1108 1557 1135 ad
1583 1108 1696 1137 meliora

903 1147 1052 1179 convertit,
1067 1148 1201 1185 docetque
1212 1150 1337 1178 vitandos
1349 1158 1396 1179 eos
1409 1152 1455 1187 qui
1486 1153 1608 1181 omnium
1639 1161 1697 1182 ma-

904 1191 990 1220 lorum
1014 1199 1142 1223 auctores
1156 1195 1223 1231 ipsis
1255 1201 1283 1224 et
1309 1204 1402 1225 causa!
1437 1198 1612 1228 exstiterunt.
1638 1199 1696 1228 Non

903 1238 976 1265 enim
991 1239 1118 1267 existimo
1129 1241 1228 1269 debere
1244 1248 1294 1270 nos
1309 1241 1351 1269 his
1363 1243 1410 1278 qui
1423 1243 1478 1279 32
1497 1250 1695 1280 praceptorum

905 1282 994 1310 locum
1007 1289 1165 1320 sortemque
1175 1290 1268 1314 tenent
1294 1288 1402 1323 subjici,
1426 1289 1478 1316 nisi
1491 1295 1625 1324 quatenus
1641 1292 1695 1318 uti-

903 1328 940 1356 lia
963 1329 1061 1358 docere
1077 1331 1283 1366 aggrediantur,
1301 1338 1328 1361 et
1344 1334 1394 1361 nisi
1409 1335 1480 1369 quod
1504 1343 1567 1363 vere
1584 1336 1610 1363 iu
1632 1338 1697 1364 vitio

904 1382 967 1403 esse
979 1377 1112 1408 creditur.
1139 1377 1223 1405 velint
1239 1380 1411 1415 redarguere.
1437 1380 1485 1409 Est
1501 1382 1573 1410 enim
1609 1383 1696 1410 virtus

905 1421 1036 1454 doctoris,
1060 1423 1094 1449 ad
1122 1422 1270 1458 perfectam
1308 1431 1518 1462 accuratamque
1543 1427 1603 1463 ejus
1625 1430 1697 1464 quod

904 1472 945 1496 est
962 1467 1028 1496 utile
1043 1469 1167 1496 notitiam
1180 1477 1227 1498 eos
1254 1471 1299 1506 qui
1314 1471 1507 1507 informantur,
1534 1482 1614 1510 posse
1635 1483 1698 1511 per-

905 1513 1028 1542 ducere:
1049 1518 1077 1542 et
1091 1515 1163 1550 quod
1186 1516 1341 1544 nociturum
1360 1522 1413 1552 est,
1435 1523 1562 1555 tanquam
1593 1522 1698 1550 adulte-

906 1559 995 1587 rinum
1012 1565 1117 1593 notare.
1133 1566 1160 1589 et
1193 1562 1287 1596 iubere
1316 1569 1345 1591 ut
1370 1564 1397 1592 id
1431 1571 1592 1594 arerseutnr
1626 1570 1698 1604 quod

905 1606 976 1634 solet
997 1614 1105 1636 nocere.
1128 1607 1207 1637 Omni
1223 1612 1305 1637 etiam
1322 1611 1402 1640 laude
1423 1612 1496 1648 digni
1517 1618 1580 1642 sunt
1594 1615 1638 1649 qui
1669 1616 1697 1644 in

906 1653 1045 1687 discipulis
1073 1661 1228 1688 censentur.
1254 1656 1277 1684 si
1292 1664 1343 1685 non
1361 1658 1520 1694 simpliciter
1541 1660 1699 1690 intueantur

906 1699 1007 1733 placita
1023 1700 1176 1734 doctorum,
1190 1701 1237 1729 sed
1251 1709 1340 1730 rerum
1357 1708 1500 1733 naturam:
1517 1707 1578 1734 etsi
1597 1708 1698 1735 miren-

905 1749 951 1773 tur
965 1753 1012 1774 eos
1026 1747 1071 1782 qui
1086 1747 1193 1782 docent,
1209 1748 1342 1784 siquidem
1357 1749 1412 1778 sint
1428 1750 1490 1778 boni
1513 1757 1540 1780 et
1567 1753 1696 1788 scientes,

908 1800 1053 1829 rerumque
1068 1795 1231 1829 optimarum
1256 1795 1444 1831 interpretes:
1473 1798 1572 1833 quibus
1605 1805 1696 1828 autem

908 1839 970 1867 talis
982 1847 1080 1875 scopus
1101 1841 1322 1877 propositmnque
1338 1851 1391 1870 non
1408 1848 1459 1877 cst,
1486 1845 1695 1880 reprehendant.

907 1885 1013 1913 Etenim
1039 1892 1152 1920 pascunt
1164 1887 1271 1922 quidem
1289 1889 1370 1916 etiam
1386 1889 1411 1916 in
1428 1890 1564 1918 montibus
1578 1896 1605 1919 et
1621 1892 1697 1921 sihit

907 1933 998 1959 ovium
1009 1940 1119 1968 greges;
1135 1934 1222 1968 atqui,
1239 1934 1261 1961 si
1276 1942 1335 1969 quae
1352 1934 1426 1962 fovea
1441 1935 1476 1963 sit
1491 1937 1633 1970 pecoribus
1651 1945 1697 1965 ex-

907 1978 1008 2013 posita,
1024 1979 1045 2006 si
1059 1979 1237 2014 prtPt'ipllimtt
1256 1985 1397 2015 appareat.
1415 1982 1587 2010 circumeunt
1619 1991 1696 2016 oves.

909 2033 959 2053 nec
976 2025 1085 2053 sibimet
1099 2031 1214 2053 mortcm
1240 2032 1407 2055 accersunt:
1442 2036 1504 2055 nam
1536 2029 1595 2064 lege
1615 2030 1696 2058 veluti

908 2072 1024 2107 quadam
1036 2078 1051 2099 a
1067 2076 1162 2099 natura
1179 2072 1258 2100 insita
1275 2072 1406 2100 docentur
1424 2074 1485 2102 vitae
1499 2083 1554 2102 sua:
1582 2083 1698 2110 parcen-

908 2118 971 2145 dum
989 2125 1059 2146 esse.
1080 2119 1121 2146 An
1138 2125 1201 2146 vero
1220 2126 1235 2146 ο
1254 2119 1358 2147 ratione
1373 2120 1491 2148 alienum
1507 2129 1559 2148 non
1589 2127 1640 2155 est,
1670 2127 1696 2151 ut

909 2165 961 2192 hoc
978 2164 1005 2192 in
1020 2164 1183 2192 animalibus
1199 2166 1304 2193 ratione
1321 2166 1477 2195 carentibus
1493 2169 1583 2195 valere
1605 2169 1697 2197 videa-

909 2214 971 2244 tur;
998 2210 1025 2238 in
1056 2211 1133 2239 nobis
1161 2216 1272 2246 autem,
1296 2212 1362 2248 ipsis
1390 2214 1566 2247 quantumvis
1595 2215 1699 2243 ratione

871 2275 894 2303 υ
909 2257 1042 2293 praeditis,
1062 2265 1152 2285 rerum
1175 2258 1209 2286 ad
1225 2259 1445 2287 commoditatem
1461 2264 1489 2288 et
1505 2261 1697 2289 necessitatem

907 2305 1064 2340 cultumque
1075 2305 1137 2332 vitae
1159 2305 1351 2341 pertinentium
1389 2313 1441 2333 non
1468 2306 1532 2334 insit
1558 2307 1697 2343 cognitio!

906 2350 1051 2387 Parigitur
1065 2356 1106 2378 est
1120 2357 1147 2379 ut
1169 2359 1229 2384 nos,
1247 2351 1271 2379 si
1285 2351 1330 2387 qui
1342 2352 1466 2379 doctores
1489 2360 1520 2379 ac
1535 2352 1618 2380 duces
1634 2361 1696 2381 cort-

907 2398 1006 2430 stituti,
1021 2397 1054 2425 ad
1068 2405 1098 2426 ea
1113 2405 1173 2432 qua:
1189 2399 1277 2424 minus
1294 2400 1405 2425 deceant
1421 2398 1582 2426 abstrahere
1602 2399 1696 2432 velint.

907 2451 962 2471 non
989 2451 1135 2478 sequamur
1154 2444 1326 2477 simpliciter,
1346 2452 1395 2471 nec
1409 2449 1510 2471 temere
1537 2452 1571 2473 ac
1601 2445 1697 2472 incon-

909 2490 1027 2517 sideratc
1039 2490 1072 2517 ad
1086 2497 1118 2517 ea
1138 2497 1198 2525 qua:
1225 2489 1291 2524 ipsis
1313 2490 1421 2524 placent
1435 2490 1620 2524 convoicmus,
1650 2491 1697 2519 sed

909 2537 941 2564 de
957 2536 1071 2573 singulis
1086 2537 1167 2564 rebus
1184 2536 1296 2570 agendis
1312 2537 1498 2571 exquiramns,
1511 2542 1539 2565 et
1555 2538 1596 2565 sic
1616 2539 1648 2565 ad
1664 2543 1697 2564 ea

908 2589 968 2618 quae
989 2583 1135 2610 maximam
1162 2583 1303 2609 utilitatem
1323 2582 1456 2617 aﬂ‘cruut,
1474 2584 1695 2618 progrediamur.

908 2627 993 2656 Erant
1016 2629 1107 2663 itaque
1121 2628 1275 2656 Judaaorum
1292 2634 1484 2664 prtcceptores,
1498 2630 1524 2656 id
1538 2635 1579 2656 est
1595 2629 1697 2657 Scriba:

909 2682 940 2702 ac
957 2674 1098 2709 Pharisaei,
1117 2675 1142 2701 iu
1159 2675 1315 2701 divitiarum
1341 2675 1516 2710 proventibus
1546 2683 1696 2710 congeren-

909 2720 961 2752 dis,
980 2725 1007 2747 et
1023 2721 1047 2746 in
1069 2719 1226 2754 colligendis
1241 2719 1434 2754 oblationibus,
1448 2720 1570 2753 decimis,
1603 2719 1697 2755 primi-

910 2765 965 2797 tiis,
985 2772 1062 2792 acrcs
1074 2769 1101 2791 et
1112 2765 1228 2800 impigri,
1244 2765 1311 2793 etin
1327 2766 1452 2792 omnibus
1466 2766 1546 2792 ctiam
1559 2772 1618 2801 quae
1630 2765 1696 2793 sorti

909 2812 1080 2840 sacerdotum
1099 2812 1140 2839 lex
1170 2813 1317 2847 deputavit.
1345 2811 1448 2846 Scopus
1481 2816 1570 2838 autent
1603 2819 1696 2838 eorum

909 2858 1104 2892 consiliumque
1119 2858 1178 2890 fuit,
1198 2858 1223 2884 in
1237 2865 1351 2892 cumque
1360 2865 1439 2885 omne
1449 2858 1566 2885 studium
1580 2857 1696 2892 positum

911 2909 978 2938 erat,
1005 2909 1030 2930 ut
1047 2904 1126 2932 [idem
1139 2903 1259 2931 facerent
1276 2903 1345 2938 plebi
1364 2904 1448 2938 lcgcm
1472 2904 1497 2930 in
1515 2903 1587 2930 hisce
1612 2902 1694 2935 petiu-
