1890 3053
184 157 218 184 99

701 155 729 183 S.
752 153 891 182 CYRILLI
913 151 1149 180 ALEXANDRINI
1169 149 1329 177 ARCllliiP.

1771 147 1827 175 100

183 211 604 247 eratprmnuntiatum,venisset
619 211 700 238 etiam
714 211 780 246 legis
800 219 831 238 ac
852 211 927 246 propl

1079 207 1141 233 γοῦν.
1172 206 1280 239 Ἐπειδὴ
1305 204 1333 231 ἑὲ
1353 204 1507 230 τετέλεσται
1528 204 1558 230 τὸ
1583 202 1825 239 προηγγελμένον,

185 264 273 286 tarum
290 258 350 284 linis
375 266 381 284 τ
397 257 469 285 Deus
487 258 557 284 enim
575 257 714 289 Dominus,
728 258 877 285 secundum
899 257 973 285 Scri-

188 309 294 338 pturas,
315 302 393 330 nobis
404 303 530 336 apparuit
549 312 556 329 :
575 303 672 329 deinde
691 303 736 329 ttbi
751 303 778 329 in
796 309 857 329 eum
873 303 970 330 debac-

184 350 256 378 chati
274 353 346 380 sunt,
367 349 486 376 cessavit
504 349 573 382 apud
586 356 632 376 eos
643 349 790 384 prophetire
801 349 900 384 gratia.
915 348 972 375 Non

184 395 320 422 eratenim
337 399 568 427 consentaneum,
586 399 636 428 ut,
662 396 706 429 qui
726 403 786 422 cum
805 395 859 422 Deo
874 395 973 422 bellant

183 445 326 477 gererent,
346 446 373 468 et
387 441 559 469 doniinicidze
573 446 675 473 essent,
700 448 851 476 manusque
865 441 974 476 sangui-

185 487 262 514 nibns
277 487 370 522 plenas
387 487 540 519 haberent,
569 488 720 523 prophetia:
743 488 840 523 spiritu
856 488 974 516 honora-

183 538 287 561 rentur.
303 533 486 560 Attestabitur
512 540 577 560 vero
601 533 642 561 his
661 533 741 561 etiam
759 534 855 562 beatus
870 534 973 568 Daniel,

183 579 320 613 obsignari
343 579 438 607 dicens
467 579 600 607 visionem
615 587 647 607 ac
676 580 847 615 prophetam.
870 580 975 616 Expers

183 626 276 660 itaque
302 625 455 653 fuitisracl
475 626 544 653 adeo
567 625 681 653 illustris
695 631 722 653 et
736 625 842 661 inclytae
858 626 950 661 gratia:
966 646 973 658 ,

183 672 305 706 adeoque
317 672 390 699 rudis
408 671 582 699 fuitetbona:
591 672 691 699 mentis
707 672 797 706 inops,
812 676 841 700 ut
857 680 891 699 nc
905 672 974 699 nllus

183 717 293 752 quidem
305 718 375 752 apud
392 724 439 745 eos
451 717 591 752 coniector
608 718 767 746 exsisteret.
783 718 973 753 Conjectorem

183 771 244 791 eum
261 770 321 790 esse
335 763 460 795 dicimus,
475 763 519 798 qui
534 763 641 799 singula
656 769 729 791 recte
744 763 827 791 veluti
842 764 975 799 conjecta-

183 812 244 840 ret,
271 807 473 843 exploratisque
497 808 605 836 indiciis
637 809 850 843 demonstraret,
869 814 896 837 et
922 817 975 844 quo

183 854 301 888 quidque
314 858 456 881 venturum
468 859 550 887 esset,
566 859 592 881 et
601 855 627 881 in
640 862 720 890 quem
734 855 878 890 aliquando
893 855 974 883 linem

183 906 351 933 recasurum,
367 900 451 934 probe
466 899 648 934 dignosceret.
666 901 717 935 Qui
735 901 807 928 enim
820 902 975 929 inconside-

183 947 240 970 rate
262 948 288 970 et
309 943 360 971 levi
375 943 480 979 judicio
501 946 535 972 ad
562 952 606 973 res
624 946 741 980 agendas
770 947 923 980 accedunt,
941 947 974 975 ab

183 988 241 1014 utili
257 988 382 1022 deviant,
402 993 429 1016 et
443 989 516 1017 velut
539 989 567 1017 in
589 991 707 1018 tenebris
726 996 878 1024 versantur,
896 1000 928 1020 ac
948 993 974 1022 in

182 1041 248 1062 saxa
261 1035 422 1070 impingunt.
438 1037 473 1063 At
486 1036 532 1071 qui
549 1037 685 1072 exquisita
700 1039 857 1074 cognitione
869 1040 974 1074 praediti

182 1084 257 1113 sunt,
272 1085 350 1108 acuto
363 1081 441 1109 oculo
457 1089 551 1109 rerum
564 1088 676 1111 eventus
695 1084 835 1118 intuentur
849 1094 856 1112 :
869 1091 897 1113 et
910 1094 975 1121 pro-

183 1130 274 1160 pterea
290 1134 342 1154 non
359 1125 418 1155 sine
430 1128 623 1162 admiratione,
636 1129 728 1157 omnia
744 1131 867 1165 apposite
886 1132 974 1159 admi-

183 1172 310 1199 nistrant.
337 1173 383 1200 Est
399 1177 488 1203 autem
513 1174 558 1205 hic
582 1175 660 1206 bona:
687 1176 787 1204 mentis
814 1175 975 1211 fructus,et

182 1225 246 1245 vere
265 1218 370 1246 lucrutn
385 1226 417 1247 ac
429 1219 508 1247 fenus
524 1220 620 1255 optimi
635 1221 752 1250 consilii.
772 1221 913 1250 Seniorem
928 1231 975 1250 au-

183 1269 236 1292 tem
258 1271 397 1299 vocamus,
422 1273 476 1293 non
495 1270 617 1301 tempore
631 1267 751 1303 (plurimi
763 1269 835 1296 enim
849 1271 919 1304 apud
929 1270 976 1298 Ju-

183 1312 256 1339 dzeos
269 1311 417 1339 etiamnum
436 1317 509 1346 sunt,
523 1313 568 1347 qui
583 1313 616 1340 ad
635 1314 729 1342 senilis
739 1315 826 1342 aetatis
839 1323 973 1343 summum

181 1357 364 1393 perveniunt),
390 1362 418 1385 at
436 1358 614 1394 intelligentia
639 1365 666 1387 et
686 1361 860 1396 cognitione,
880 1367 909 1390 et
928 1364 973 1398 qui

181 1405 254 1432 velut
268 1405 348 1432 linem
372 1413 404 1433 ac
420 1404 558 1441 fastigium
583 1407 734 1440 prudentiae
756 1407 848 1443 attigit
866 1418 872 1435 :
888 1409 930 1436 cui
948 1414 975 1437 et

183 1450 279 1478 beatus
300 1448 420 1478 Joannes
441 1451 574 1486 praecipit,
595 1452 710 1480 dicens:
731 1463 740 1479 ι
758 1453 854 1482 Scribo
877 1455 954 1482 vobis
967 1476 974 1488 ,

182 1500 288 1535 patres,
305 1497 367 1531 quia
390 1497 556 1532 cognovistis
580 1506 640 1525 eum
667 1499 701 1528 ab
716 1500 792 1527 initio
807 1498 840 1527 ".
860 1510 871 1528 ο
890 1502 974 1531 Senes

182 1549 248 1576 ergo
261 1542 436 1578 intelligimus
452 1551 510 1576 eos,
529 1545 573 1578 qui
592 1550 712 1572 mentem
726 1547 972 1586 habentsedatam,

183 1587 229 1622 qui
248 1592 406 1616 constantes
424 1597 456 1616 ac
471 1590 530 1616 cani
549 1595 614 1617 sunt
639 1591 731 1619 animo
752 1597 779 1619 et
806 1599 896 1621 mente
913 1602 971 1629 pro-

182 1634 303 1661 vectiore
319 1639 346 1661 et
369 1635 513 1662 adultiore.
538 1635 808 1673 Quinquagenarium
834 1640 973 1674 appellat,

183 1687 237 1708 non
257 1681 378 1708 absolute
397 1681 593 1718 quinquaginta
621 1683 776 1712 hominibus
800 1686 973 1722 praefectum,

183 1725 230 1752 sed
245 1725 325 1752 veluti
343 1734 375 1753 ex
392 1734 443 1753 ttna
459 1726 509 1753 hac
521 1727 686 1762 re‘quisquis
695 1728 856 1764 simpliciter
870 1738 902 1758 ac
917 1739 975 1758 om-

184 1770 247 1798 nino
270 1771 416 1806 praefectus
435 1778 487 1805 est,
504 1777 530 1800 et
543 1774 620 1808 quasi
634 1775 786 1809 composite
808 1781 833 1802 et
848 1777 973 1804 ordinate

160 1844 172 1848 _
183 1816 286 1843 versari
300 1824 331 1843 ac
349 1817 439 1844 vivere
460 1819 604 1852 persuadet
619 1825 683 1846 suos
703 1820 838 1848 subditos.
853 1821 973 1849 Labora-

183 1861 222 1888 vit
237 1866 325 1888 autem
336 1870 395 1889 cum
416 1863 527 1897 reliquis
547 1863 628 1893 rebus
638 1868 695 1891 tum
708 1868 735 1892 et
749 1865 805 1892 haec
818 1864 972 1894 Judaaorum

184 1906 337 1943 Synagoga.
355 1909 450 1936 Adhuc
461 1909 532 1936 enim
551 1910 670 1944 quandiu
686 1918 747 1938 cum
763 1911 817 1938 illis
829 1916 900 1940 esset
917 1920 974 1940 om-

184 1951 257 1980 nium
273 1956 395 1981 nostrum
413 1953 543 1981 Servatur
559 1954 701 1988 Christus,
720 1961 747 1984 et
762 1964 810 1992 per
838 1958 916 1984 tidem
940 1959 973 1986 ad

183 1998 267 2026 vitam
283 2005 412 2026 aeternam
423 2020 434 2035 ,_
448 2005 475 2028 et
489 2002 522 2028 ad
534 2001 753 2036 conjunctionem
774 2011 835 2030 cum
852 2004 906 2042 56
919 2005 973 2032 Deo

184 2050 312 2079 vocaret;
337 2045 536 2074 ftterunleliam
564 2052 620 2074 tum
646 2050 716 2083 apud
740 2057 786 2076 eos
801 2053 972 2078 sacerdotum

184 2091 332 2125 principes,
347 2092 480 2127 praefecti,
499 2093 603 2121 Scriba:
613 2099 641 2121 et
654 2094 783 2122 Pharisaei
795 2105 801 2123 :
815 2101 839 2123 at
854 2097 897 2124 tibi
911 2105 972 2124 eum

185 2137 401 2172 interfecissmtt,
432 2139 540 2170 miselli.
571 2141 598 2167 in
619 2149 716 2168 omnes
744 2148 840 2170 ventos
856 2143 971 2178 dispersi

184 2187 257 2215 sunt,
273 2187 301 2210 et
319 2184 440 2219 hospites
456 2185 519 2212 facti
540 2191 614 2219 sunt,
632 2192 712 2226 atque
728 2195 856 2221 errones,
869 2194 896 2216 et
913 2190 973 2217 ιιΙιίο

184 2229 224 2255 vis
245 2229 364 2263 gentium
385 2232 541 2267 peregrini;
557 2240 609 2260 non
628 2234 722 2267 duces,
741 2242 793 2262 non
813 2236 970 2270 prmfecms,

183 2279 213 2306 nt
226 2275 290 2302 olim
300 2276 359 2311 (sed
374 2281 450 2304 erant
468 2277 554 2304 instar
568 2279 659 2314 gregis
675 2280 720 2315 qui
737 2285 846 2315 pastore
858 2282 971 2310 destitu-

183 2325 226 2351 tus
243 2326 299 2355 est,
321 2329 374 2349 non
393 2322 496 2350 habens
516 2324 563 2359 qui
581 2325 709 2363 praesint)
724 2334 785 2360 nec,
803 2327 874 2363 quod
888 2329 970 2356 etiam

181 2367 290 2404 gravius
321 2372 381 2402 est,
413 2369 584 2397 consultores
610 2371 784 2399 admirabiles
814 2373 968 2403 habebant:

181 2413 275 2448 quales
290 2419 368 2441 erant
384 2415 448 2442 olim
476 2416 632 2450 prophetze,
661 2417 706 2452 qui
727 2418 761 2444 ad
781 2418 893 2446 salutent
918 2419 970 2448 illis

181 2460 360 2487 conducibilia
406 2460 697 2495 docent,refraclarios
733 2467 761 2491 et
781 2464 896 2493 elfrenes
913 2473 969 2493 mo-

181 2510 255 2540 nent,
274 2509 301 2532 et
312 2506 345 2532 ad
356 2507 447 2533 omnia
463 2508 617 2534 necessaria
635 2510 667 2535 ad
687 2517 763 2537 usum
776 2518 807 2538 ac
824 2512 967 2540 utilitatem

180 2550 299 2578 scienter
318 2552 514 2580 manuducunt.
531 2552 673 2582 Minitatttr
688 2564 770 2590 porro
790 2557 968 2585 abducturum

181 2601 210 2622 se
231 2595 264 2623 ab
283 2596 337 2624 illis
364 2601 390 2623 et
417 2597 567 2631 sapientem
593 2599 792 2634 architectum,
810 2607 838 2629 et
853 2610 968 2637 gnarum

180 2639 342 2668 auditorem.
371 2639 436 2673 Quae
460 2642 528 2669 dona
555 2643 708 2677 spiritualia
733 2652 816 2679 sunt,
838 2652 866 2674 et
883 2655 897 2674 a
915 2646 970 2675 Deo

181 2685 253 2717 data,
271 2689 298 2712 et
316 2693 423 2713 summo
442 2687 467 2713 in
489 2687 591 2716 honore
607 2691 731 2718 habenda
751 2701 781 2719 ac
803 2694 900 2727 pretio.
920 2693 970 2720 Sa«

180 2730 298 2770 pientem
322 2732 420 2767 quippe
434 2741 494 2761 esse
515 2735 630 2763 dicimus
650 2738 848 2772 architectum,
864 2740 909 2774 qui
928 2741 970 2767 in-

180 2775 331 2812 tclligcnter
346 2778 481 2808 aediﬁcare
507 2781 584 2809 novit
604 2780 766 2817 Ecclesiatn,
783 2786 869 2812 rectis
883 2790 909 2813 et
927 2785 968 2813 in-

197 2854 221 2873 ”
236 2856 245 2883 Ι
260 2856 338 2886 Joan.
352 2859 437 2894 11,15.

1028 254 1074 280 καὶ
1096 253 1126 280 τὸ
1140 252 1187 280 τοῦ
1208 252 1292 287 νόμου
1312 250 1428 278 καὶτῶν
1442 250 1588 286 προφητῶν
1611 250 1725 285 ἀφῖκται
1745 249 1825 281 τέλος

1026 299 1160 334 (ἐπεφάνη
1187 299 1242 333 γὰρ
1266 299 1331 333 ἡμῖν
1354 298 1369 324 ὁ
1390 297 1456 340 Θεὸς
1482 297 1530 323 καὶ
1549 296 1662 333 Κύριος,
1679 295 1752 324 κατὰ
1771 296 1827 328 τὰς

1025 344 1157 379 Γραφάς),
1178 341 1237 370 εἶτα
1263 343 1493 378 πεπαρῳνήκασιν
1511 342 1551 373 είς
1568 342 1660 368 αὐτόν’
1681 342 1826 369 πέπαυται

1026 392 1091 425 παρ’
1106 391 1198 422 αὐτοῖς
1213 390 1263 425 τῆς
1275 389 1442 425 προφητείας
1454 390 1470 424 ἡ
1484 388 1574 424 χάρις.
1589 389 1625 415 υὺ
1642 388 1694 425 γὰρ
1710 386 1746 424 ἦν
1758 388 1827 415 ἀκό-

1025 436 1118 463 λουθον
1136 436 1286 471 οεομάχους
1303 436 1383 467 ὄντας
1405 435 1452 461 καὶ
1469 434 1611 470 ὑϐριστὰς,
1627 435 1777 469 γεγονότας
1795 434 1826 461 δὲ

1026 482 1073 508 καὶ
1087 481 1297 517 κυριοκτόνους,
1321 481 1368 507 καὶ
1389 480 1440 512 τὰς
1458 482 1552 516 χεῖρας
1566 481 1691 521 αἱμάτων
1708 480 1826 515 ἔχοντας

1026 527 1150 563 πλήρεις,
1177 527 1217 562 τῷ
1239 527 1289 562 τῆς
1312 527 1483 562 προφητείας
1513 526 1644 562 τιμᾶσθαι
1670 526 1825 562 πνεύματι.
1840 564 1848 568 η

1032 573 1268 609 Ἐπιμαρτυρήσει
1286 573 1316 599 δὲ
1333 572 1439 604 τούτοις
1458 572 1505 599 καὶ
1519 574 1533 599 ὁ
1553 572 1689 608 μακάριος
1710 569 1825 608 Δανιὴλ,
1842 571 1855 580 ””

1026 619 1211 655 ὲσφραγίσθαι
1239 619 1326 653 λέγων
1348 619 1442 655 ὅρασιν
1471 619 1517 647 καὶ
1540 620 1693 654 προφήτην.
1715 618 1826 645 Οὐκοῦν

1026 666 1159 701 ἀμέτοχος
1172 665 1221 700 τῆς
1234 664 1305 692 οὕτω
1319 665 1449 700 λαμπρᾶς
1463 665 1510 701 καὶ
1528 664 1729 702 εὐκλεεστᾴτης
1743 665 1827 700 χάρι-

1025 721 1070 744 τος
1092 713 1206 747 γέγονεν
1228 713 1243 739 ὁ
1264 712 1382 748 Ἰσραήλ·
1397 711 1507 747 ἀμαθὴς
1521 711 1549 739 δὲ
1564 711 1636 738 οὕτω
1658 712 1706 738 καὶ
1724 711 1826 747 φρενὸς

1026 758 1129 793 ἕρημος
1146 759 1263 794 ἀγαθῆς,
1277 758 1314 790 ὡς
1329 758 1366 793 μὴ
1385 757 1454 785 εἶναι
1468 758 1533 794 παρ’
1550 758 1642 789 αὐτοῖς
1659 758 1763 793 μηδένα
1777 757 1826 783 τὸν

1026 806 1186 841 στοχαστήν.
1203 805 1358 842 Στοχαστὴν
1369 805 1397 831 δὲ
1413 802 1483 832 εἶναι
1496 813 1587 839 φαμεν
1597 804 1642 831 τὸν
1655 805 1740 831 οἱονεὶ
1754 813 1787 830 συ
1792 813 1827 839 μ-

1026 851 1157 877 ϐάλλοντα
1177 851 1224 877 καὶ
1248 851 1511 887 διατεκμαιρὸμενον
1532 850 1620 886 ὀρθῶς
1641 850 1747 878 ἕκαστα
1769 851 1825 876 τῶν

1027 896 1207 932 πραγμάτων,
1224 896 1270 923 κα)⁴
1284 896 1346 922 ὅποι
1368 896 1434 922 ποτὲ
1448 895 1518 931 ἥξει,
1534 895 1581 922 καὶ
1603 896 1642 927 είς
1658 896 1736 921 ποῖον
1755 903 1824 921 κατ-

1026 944 1174 978 αντήσουσι
1188 943 1274 974 τέλος,
1289 940 1318 969 εὖ
1334 942 1406 978 μάλα
1417 936 1641 977 διαγινώσκοντα.
1658 943 1690 968 Οἱ
1706 942 1756 976 μὲν
1769 940 1826 976 γὰρ

1025 989 1236 1025 ἀπερισκέπτως
1261 989 1309 1016 καὶ
1333 989 1362 1021 ἐξ
1380 989 1507 1024 ἐλαφρῶν
1535 989 1645 1015 ἐννοιῶν
1669 988 1826 1023 χωροῦντες

1026 1037 1065 1068 εὶς
1086 1035 1120 1062 τὰ
1143 1035 1280 1071 πρακτέα,
1295 1035 1509 1071 διαμαρτάνουσι
1528 1035 1584 1062 τῶν
1601 1035 1757 1071 χρησίμων,
1776 1035 1825 1061 καὶ

1026 1082 1062 1113 ὡς
1078 1082 1124 1108 ἐπὶ
1139 1082 1226 1117 σκότῳ
1240 1081 1403 1117 βαδίζοντες,
1418 1081 1542 1117 ἔρχονται
1567 1081 1637 1108 κατὰ
1658 1081 1777 1116 πετρῶν.
1792 1081 1825 1108 Οἱ

1025 1127 1052 1154 δὲ
1065 1127 1189 1162 ἀκριϐεῖς
1203 1128 1244 1158 εἰς
1262 1127 1379 1161 σύνεσιν,
1397 1125 1453 1161 ὀξεί
1469 1127 1614 1163 βλέπουσιν
1628 1127 1762 1162 ὀφθαλμῷ
1774 1126 1826 1158 τὰς

1026 1174 1079 1201 τῶν
1095 1174 1264 1209 πραγμάτων
1277 1174 1414 1205 ἐκϐάσεις.
1428 1175 1483 1201 Καὶ
1495 1175 1564 1201 εἰσὶν
1577 1175 1626 1201 οὑκ
1637 1174 1824 1210 ἀθαύμαστοι,

1025 1221 1068 1248 διὰ
1080 1221 1158 1247 τοῦτο
1171 1221 1259 1247 πάντα
1268 1220 1385 1256 δρῶντες
1396 1221 1586 1256 οἰκονομικῶς.
1596 1221 1695 1257 Φρενὺς
1705 1221 1734 1248 δὲ
1743 1221 1826 1255 τοῦτο

1026 1267 1131 1302 καρπὸς
1145 1266 1262 1302 ἀγαθῆς,
1282 1266 1329 1293 καὶ
1351 1266 1466 1302 ἀρίστης
1480 1266 1566 1298 ὅντως
1584 1267 1741 1302 ἐπίτευγμα
1758 1267 1823 1303 βου-

1026 1312 1084 1348 λῆς.
1110 1313 1300 1349 Πρεσϐύτερον
1333 1313 1361 1339 δέ
1385 1321 1475 1348 φαμεν
1503 1313 1534 1340 οὐ
1560 1313 1606 1340 τὸν
1631 1315 1702 1341 κατὰ
1726 1315 1824 1350 χρόνον

1026 1359 1156 1395 (πλεῖστοι
1174 1360 1228 1395 γὰρ
1250 1361 1306 1386 ὅσοι
1329 1360 1405 1394 παρὰ
1425 1361 1480 1392 τοῖς
1507 1360 1644 1392 Ἰουδαίοις
1670 1362 1755 1388 εἰσέτι
1775 1361 1824 1388 καὶ

1026 1405 1083 1437 νῦν,
1102 1406 1126 1432 οἳ
1145 1406 1192 1432 καὶ
1212 1406 1252 1437 είς
1267 1405 1352 1442 ἄκρον
1370 1407 1467 1442 ἥκουσι
1480 1406 1665 1442 πρεσϐυτικῆς
1685 1407 1822 1444 ἡλικίας),

1025 1451 1095 1478 ἀλλὰ
1108 1452 1155 1478 τὸν
1167 1452 1238 1479 κατὰ
1252 1451 1369 1485 σύνεσιν,
1381 1453 1428 1479 καὶ
1439 1452 1477 1485 ὡς
1488 1454 1516 1479 ὲν
1527 1454 1678 1490 τελειότητι
1691 1455 1824 1490 γεγονότα

1027 1498 1142 1534 φρενῶν.
1160 1495 1207 1530 Οἷς
1233 1499 1281 1525 καὶ
1303 1499 1318 1525 ὁ
1345 1499 1481 1535 μακάριος
1507 1500 1633 1536 Ἰωάννης
1656 1502 1822 1537 ἐπιστέλλει,

1026 1542 1123 1577 λέγων·
1142 1553 1150 1568 ι
1172 1543 1273 1579 Γράφω
1297 1544 1373 1580 ὑμῖν,
1392 1544 1525 1581 Πατέρες,
1550 1546 1592 1572 ὅτι
1617 1546 1755 1580 ἐγνώκατε
1777 1547 1824 1582 τον

1026 1591 1165 1626 ἁπαρχῆς.
1185 1599 1194 1615 ι
1214 1590 1374 1626 Πρεσϐύτας
1395 1589 1441 1618 οὖν
1463 1592 1517 1627 ἄρα
1532 1593 1674 1628 νοήσωμεν
1695 1593 1760 1626 τοὺς
1776 1594 1823 1627 τὸν

1026 1636 1088 1669 νοῦν
1108 1636 1220 1672 ἔχοντας
1244 1637 1378 1672 ἠρεμαῖον
1398 1637 1460 1672 ἤδη,
1474 1637 1521 1664 καὶ
1539 1638 1756 1674 καθεστηκότας,
1774 1639 1821 1666 καὶ

1026 1683 1134 1714 πολιοὺς
1149 1683 1198 1718 τὴν
1212 1683 1306 1719 φρένα,
1322 1683 1368 1710 καὶ
1379 1683 1418 1719 τῷ
1434 1684 1561 1719 βεϐηκότι
1576 1685 1694 1720 χρῆσθαι
1705 1686 1820 1721 μεμελε-

1025 1729 1152 1763 τηκότας.
1171 1730 1411 1766 Πεντηκόνταρχον
1426 1731 1454 1757 δέ
1473 1740 1564 1767 φησιν,
1576 1731 1636 1767 οὐχὶ
1651 1732 1763 1763 πάντως
1776 1732 1819 1758 τὸν

1025 1775 1129 1810 ἀνδρῶν
1150 1776 1320 1810 πεντήκοντα
1339 1777 1571 1813 προτεταγμένον,
1588 1778 1646 1805 ἀλλ’
1663 1778 1701 1810 ὡς
1716 1779 1747 1812 ἐξ
1762 1779 1818 1811 ἑνὸς

1025 1821 1056 1856 δὴ
1083 1821 1178 1847 τούτου
1205 1821 1368 1857 πράγματος
1389 1823 1557 1861 ἁπαξαπλῶς
1584 1823 1630 1850 τὸν
1654 1825 1817 1860 ἡγούμενον.

1026 1868 1080 1893 Καὶ
1095 1867 1132 1899 ὡς
1147 1868 1177 1894 ὲν
1191 1867 1287 1904 κόσμῳ
1308 1870 1354 1895 καὶ
1375 1869 1451 1902 τάξει
1467 1870 1655 1897 πολιτεύεσθαί
1673 1879 1703 1897 τε
1723 1871 1818 1907 διαζῆν

1024 1913 1206 1940 ἀναπείθοντα
1221 1915 1284 1946 τοὺς
1301 1915 1531 1951 ὑπεζευγμένους.
1552 1926 1561 1942 I
1576 1917 1714 1952 Νενόσηκε
1727 1917 1757 1944 δὲ
1774 1919 1818 1945 καὶ

1024 1960 1105 1986 τοῦτο
1128 1960 1198 1995 μετὰ
1217 1961 1272 1987 τῶν
1294 1961 1383 1988 ἄλλων
1403 1963 1419 1998 ἡ
1439 1962 1494 1989 τῶν
1508 1963 1642 1990 Ἰουδαίων
1655 1964 1816 2000 Συναγωγή.

1027 2007 1087 2034 Ἔτι
1100 2007 1149 2043 μὲν
1164 2007 1218 2043 γὰρ
1233 2009 1360 2041 συνόντος
1375 2009 1465 2041 αὐτοῖς
1482 2010 1529 2037 τοῦ
1545 2011 1653 2038 πάντων
1668 2011 1748 2047 ἡμῶν
1763 2013 1820 2039 Σω-

1024 2053 1105 2088 τῆρος
1126 2052 1257 2088 Χριστοῦ,
1279 2054 1326 2080 καὶ
1346 2054 1493 2087 καλοῦντος
1511 2055 1555 2082 διὰ
1574 2055 1624 2090 τῆς
1643 2056 1763 2088 πίστεως
1780 2057 1820 2088 εις

1025 2098 1098 2134 ζωὴν
1112 2099 1231 2131 αἰώνιον,
1246 2100 1286 2131 είς
1298 2099 1420 2136 οὐρανῶν
1437 2101 1585 2136 βασιλείαν,
1604 2103 1645 2134 εἰς
1663 2103 1820 2138 οἰκειότητα

1023 2143 1072 2179 τὴν
1092 2144 1130 2176 ὡς
1155 2144 1223 2180 πρὸς
1238 2145 1313 2172 Θεῶν
1334 2143 1403 2181 ἦσαν
1423 2147 1462 2173 ἔτι
1484 2148 1549 2183 παρ’
1565 2149 1655 2180 αὐτοῖς
1677 2150 1819 2184 ἀρχιερεῖς

1024 2191 1070 2217 καὶ
1082 2190 1238 2226 ἡγούμενοι,
1253 2192 1429 2228 Γραμματεῖς
1440 2202 1468 2219 τε
1482 2195 1529 2220 καὶ
1539 2195 1689 2230 Φαρισαῖοι.
1708 2196 1818 2231 Ἐπειδὴ

987 2231 1011 2260 D
1024 2235 1052 2261 δὲ
1075 2236 1257 2263 ἀπεκτόνασιν
1284 2237 1365 2265 αὑτὸν
1387 2239 1410 2264 οἱ
1428 2238 1550 2272 δείλαιοι,
1567 2239 1755 2275 διεσπάρησαν
1780 2241 1818 2272 είς

1031 2282 1120 2308 πάντα
1132 2282 1242 2317 ἄνεμον,
1258 2283 1379 2318 μέτοικοι
1391 2292 1420 2310 τε
1433 2284 1479 2310 καὶ
1491 2285 1587 2319 ἀλῆται
1601 2285 1757 2319 γεγόνασιν,
1772 2286 1817 2312 καί

1025 2328 1095 2361 ξένοι
1113 2330 1247 2366 πανταχῆ,
1264 2330 1314 2365 οὐχ
1334 2331 1502 2366 ἡγουμένους
1515 2331 1621 2366 ἔχοντες
1635 2331 1676 2359 ἔτι
1693 2332 1741 2359 καὶ
1754 2341 1818 2368 προ-

1024 2375 1185 2410 εστηκότας,
1211 2374 1284 2402 καθὰ
1305 2376 1353 2411 καὶ
1380 2375 1474 2402 πάλαι’
1508 2373 1565 2402 ἀλλ’
1591 2373 1636 2402 οἷά
1664 2384 1706 2407 τις
1731 2376 1816 2412 ἀγέλη

1024 2421 1160 2456 ποιμένων
1176 2422 1276 2458 ἐρήμη,
1295 2421 1340 2458 καὶ
1355 2421 1418 2453 τοὺς
1435 2422 1619 2457 ἐφεστηκότας
1636 2423 1687 2452 οὐκ
1704 2422 1815 2457 ἔχουσα.

1024 2467 1069 2493 κα)¹
1091 2466 1121 2492 τὸ
1144 2465 1184 2492 ἔτι
1211 2465 1422 2503 φορτικώτερον,
1442 2465 1504 2493 οὔτε
1527 2467 1695 2502 συμϐούλους
1716 2467 1816 2502 ἔχουσα

1023 2512 1206 2548 Θαυμαστοὺς,
1231 2513 1316 2539 ὁποῖοί
1342 2522 1413 2545 τινες
1432 2512 1500 2549 ἦσαν
1518 2514 1542 2539 οἱ
1562 2513 1645 2540 πάλαι
1664 2514 1814 2549 προφῆται,

1022 2559 1056 2586 τὰ
1069 2559 1109 2590 εἰς
1127 2558 1264 2594 σωτηρίαν
1281 2559 1373 2590 αὐτοῖς
1389 2560 1589 2595 εἰσηγούμενοι,
1607 2560 1654 2587 καὶ
1676 2560 1816 2596 ἀφηνιῶσι
1830 2577 1831 2580 η

1025 2603 1264 2638 συμϐουλεύοντες.
1278 2606 1324 2630 καὶ
1339 2605 1405 2639 πρὸς
1419 2605 1473 2631 πᾶν
1489 2604 1579 2631 ὁτιοῦν
1592 2605 1646 2631 τῶν
1658 2605 1814 2639 ἀναγκαίων

1019 2650 1059 2680 εἰς
1085 2649 1177 2684 ὕνησιν
1204 2650 1438 2685 χειραγωγοῦντες
1461 2651 1606 2686 εὐτέχνως.
1634 2651 1759 2678 Ἀπειλεῖ
1787 2651 1814 2678 δὲ

1019 2696 1185 2730 ἀποστήσειν
1197 2696 1286 2722 αὐτῶν
1298 2697 1344 2723 καὶ
1355 2698 1435 2732 σοφὸν
1446 2697 1633 2733 ἀρχιτέκτονα,
1645 2697 1692 2724 καὶ
1703 2697 1813 2724 συνετὸν

1019 2740 1165 2776 ἀκροατὴν,
1182 2741 1341 2777 χαρίσματα
1357 2741 1385 2768 δὲ
1405 2743 1451 2769 καὶ
1473 2743 1558 2769 ταῦτα
1575 2743 1752 2778 πνευματικὰ
1769 2743 1813 2771 καὶ

1019 2785 1162 2818 θεόσδοτα,
1190 2787 1236 2813 καὶ
1260 2788 1306 2814 τοῦ
1330 2788 1430 2820 παντὺς
1454 2788 1516 2820 ἄξια
1542 2788 1632 2823 λόγου.
1655 2789 1744 2826 Σοφὸν
1760 2789 1813 2831 γᾲρ
1839 2823 1841 2826 γ

992 886 1010 912 ll

988 1560 1011 1590 C
