1890 3053
72 133 103 160 ιιι
532 139 536 142 “
651 137 683 163 IN
703 136 821 163 ISMAM
842 138 849 162 l

900 156 907 164 .
928 138 948 165 Ι.
969 138 1071 165 ΟΙὶΛΤ.
1093 139 1123 165 ll.

1643 144 1691 170 illi

73 191 218 228 ιῖνσίφαμεν
235 192 438 228 ἀρχιτέκτονα,
454 195 498 221 τὶν
512 195 601 221 εἰδότα
616 195 717 231 νοητῶς
739 195 849 230 Ἐκκληη

908 196 1021 231 culpatis
1049 198 1231 232 iiiystagngiis,
1256 202 1283 225 et
1302 198 1368 225 falso
1401 199 1546 238 nominata:
1573 202 1690 228 δωρεαὶ-υ

76 241 120 268 τίαν
130 239 292 275 οἰκοδομεῖν,
309 240 410 275 ὀρθαῖς
425 250 453 267 τε
470 242 515 267 καὶ
528 241 688 277 ἀμωμήτοις
706 250 851 276 μυσταγω-

75 288 148 321 γίαις,
169 286 216 312 καὶ
241 285 436 322 καθαιροῦντα
457 287 506 323 μὲν
522 287 570 322 τῆς
590 287 766 323 ψευδωνύμου
783 288 847 322 γνὼ

75 342 128 365 ista;
147 333 207 364 τοὺς
226 334 421 369 φενακισμοὺς
434 354 441 365 ,
460 334 664 368 ἀνατειχὶζοντα
680 333 707 359 δὲ
731 334 787 365 τοῖς
802 333 852 369 τῆς

71 379 181 415 ἀληθείας
194 378 317 413 δόγμασι
330 379 388 405 τῶν
405 379 587 408 πιστευόντων
599 378 645 405 τὸν
660 377 733 405 νοῦν.
745 379 851 410 Ὀποῖός

70 434 101 457 τις
119 423 150 460 ἢν
168 426 182 452 ὁ
200 424 347 457 θεσπέσιος
371 424 477 456 Παῦλος
499 425 662 452 ἐπιστέλλων
681 425 728 452 καὶ
753 425 849 460 λέγων’

70 482 76 496 ι
89 472 160 499 Κατὰ
170 472 221 507 τὴν
236 471 320 506 χάριν
331 471 382 507 τὴν
399 472 520 499 δοθεῖσαν
535 472 607 507 ἐμοὶ,
618 471 656 504 ὡς
678 471 759 507 σοφὸς
773 472 850 507 ἁρχι-

64 519 157 545 τέκτων
184 517 313 552 Θεμέλιον
346 517 473 544 τέθεικα·
503 517 582 549 ἄλλος
611 517 639 544 δὲ
668 517 849 552 ἐποικοδομεῖ.

64 565 191 595 Ἕκαστος
214 563 245 590 δὲ
269 563 394 598 βλεπέτω
415 564 472 595 πῶς
488 563 633 599 οἰκοδομεῖ.
649 563 780 599 Θεμέλιον
796 563 850 599 γὰρ

65 612 132 639 Ξλλον
154 611 246 642 οὐδεὶς
267 611 381 638 δύναται
402 611 488 638 θεῖναι
511 610 587 647 παρὰ
603 611 649 638 τὸν
668 611 803 646 κείμενον,
820 612 848 643 ὃς

62 657 253 692 ΞττιΧρισ-τός.
267 667 276 682 ι
293 656 387 688 Οὐδεὶς
401 655 448 686 οὖν
458 656 511 692 ἄρα
524 656 598 692 παρὰ
614 658 670 688 τοῖς
690 657 824 689 Ἰουδαίοις
835 659 849 684 ὁ

60 702 133 737 σοφὸς
146 703 331 738 ἀρχιτέκτων.
346 702 404 729 ἀλλ’
417 703 476 729 οὐδὲ
491 703 600 734 συνετὸς
614 702 761 738 ἀκροατὴς,
774 703 848 737 λογι-

56 745 155 784 ζόμεθα
174 748 205 774 δὲ
221 745 292 775 εἶναι
306 747 411 782 τοῦτον,
425 748 470 774 τὸν
486 747 583 783 ἔχοντα
598 748 748 784 διακρίσεις
768 758 848 778 πνεύ-

55 795 156 829 μάτων,
179 794 229 821 καὶ
246 794 367 821 συνιέναι
386 793 543 829 δυνάμενος,
563 793 605 826 τίς
628 794 678 829 μὲν
699 794 772 820 ἔστιν
786 796 800 821 ὁ
818 795 847 821 ὲν

53 841 190 875 πνεύματι
207 840 275 867 Θεοῦ
288 840 394 874 λαλῶν,
409 840 451 873 τίς
473 840 501 867 δὲ
524 840 606 867 πάλιν
629 842 658 867 ἐν
681 841 719 876 τῷ
734 840 845 873 Βεελζε-

907 242 983 269 rueos
1004 238 1106 275 tollere,
1128 248 1209 277 atque
1225 248 1330 271 mentes
1346 243 1465 271 ﬁdelium
1488 245 1611 273 veritatis
1633 248 1690 281 opi-

907 287 1032 316 uionibns
1049 289 1229 317 communire.
1252 290 1409 325 Cujusmodi
1426 296 1485 318 erat
1497 291 1603 319 divinus
1621 292 1689 319 Pan-

907 332 947 360 lus
975 334 1137 369 prtecipiens
1162 340 1189 362 et
1213 335 1305 363 dicens
1330 346 1336 363 :
1361 346 1369 362 ι
1398 336 1551 364 Secundum
1576 338 1702 372 gratiam‘

906 379 995 405 datam
1016 380 1080 406 mihi
1096 386 1110 406 a
1127 380 1192 412 Deo,
1205 381 1395 417 velntsapiens
1409 383 1576 411 architectu‘s
1595 384 1690 411 funda-

907 429 1027 452 menlum
1061 426 1154 459 posui,
1184 426 1252 454 alius
1279 432 1368 454 autem
1400 430 1572 463 superstruit.
1602 430 1690 458 Unus-

905 470 1018 504 quisque
1044 477 1107 497 vero
1133 471 1222 498 videat
1236 473 1369 506 quomodo
1383 479 1563 507 superstrual.
1579 476 1688 502 Funda-

904 521 1024 543 mentum
1044 517 1115 543 enim
1131 517 1202 543 aliud
1219 525 1297 544 nemo
1318 522 1405 551 potest
1423 527 1532 553 ponere,
1548 526 1644 554 praner
1662 521 1688 555 id

903 562 973 596 quod
989 562 1105 595 positum
1118 567 1167 595 est,
1184 563 1228 598 qui
1243 568 1284 591 est
1294 562 1371 591 Jesus
1385 565 1508 593 Christus
1523 566 1554 592 ³⁸.
1571 576 1580 592 ›
1594 566 1688 596 Nullus

903 615 967 642 ergo
984 608 1052 641 apud
1067 607 1174 635 Judazos
1195 609 1302 643 sapiens
1320 610 1485 638 architectus
1504 620 1511 638 :
1533 612 1579 639 sed
1600 620 1687 647 neque

903 661 1004 688 gnarus
1019 654 1136 681 auditor.
1155 653 1233 681 Hunc
1251 662 1311 682 esse
1336 656 1502 683 arbitramur
1518 658 1563 692 qui
1587 659 1686 693 dijudi—

902 698 1008 724 catione
1025 698 1136 733 spiritus
1157 700 1284 733 praeditus
1307 705 1359 733 est,
1383 701 1485 736 quique
1500 708 1587 736 potest
1604 704 1686 730 inter-

901 751 1013 771 noscere
1030 745 1090 779 quis
1103 745 1127 771 in
1149 745 1196 772 Dei
1209 747 1306 780 spiritu
1322 747 1452 782 loquitur,
1466 753 1493 775 et
1507 749 1567 783 quis
1579 757 1684 777 rursum

901 789 1090 823 inBeelzebul.
1110 791 1185 818 Multi
1208 793 1279 819 enim
1297 801 1310 820 a
1328 794 1419 821 multis
1436 802 1577 824 sermones
1599 796 1683 823 habiti

900 840 972 868 sunt,
1002 836 1046 871 qui
1069 837 1185 864 enodant
1198 839 1322 872 dogmata
1342 841 1684 876 accontroversias,etqni

50 887 123 914 606)..
138 886 240 913 Πολλοὶ
258 887 307 922 μὲν
328 886 383 922 γὰρ
401 887 425 913 ot
446 886 521 922 παρὰ
538 886 641 913 πολλῶν
657 887 784 921 γεγόνασι
802 887 845 913 λό-

900 889 1004 908 morum
1023 883 1183 916 probitatem
1197 884 1341 911 inculcant.
1354 886 1390 912 At
1407 886 1527 921 imperiti
1543 892 1570 914 et
1584 887 1683 915 indocti

49 942 99 968 γοι,
111 933 162 959 καὶ
172 932 344 968 δογματικὴν
356 932 485 968 ἐξήγησιν
497 932 613 967 ἔχοντες,
629 933 676 959 καὶ
687 933 736 968 τῆς
748 934 776 959 ὲν
788 932 846 968 τρό-

47 987 106 1011 ποις
121 979 280 1011 ἐπιεικείας
292 980 343 1014 τὴν
356 980 467 1015 μνήμην
480 979 661 1014 εἰσφέροντες.
680 978 748 1005 Ἀλλ’
757 979 782 1005 οί
797 979 846 1014 μὲν

45 1025 176 1052 ἀσύνετοι
199 1025 248 1051 καὶ
269 1025 386 1060 ἀμαθεῖς
403 1025 566 1061 ἀδιακρίτως
591 1024 772 1060 ἁρπάζουσιν,
799 1026 846 1052 καὶ

42 1070 252 1102 ἀὸασανίστους
278 1070 444 1106 εἰσδέχονται
469 1071 532 1102 τοὺς
562 1070 667 1104 λόγους,
698 1071 788 1097 καίτοι
815 1070 846 1097 τὸ

41 1117 170 1152 ὠφελοῦν
192 1116 306 1152 ἔχοντας
326 1115 412 1149 οὐδὲν,
431 1117 498 1144 πολὺ
521 1117 549 1143 δὲ
570 1117 670 1151 μᾶλλον
692 1117 723 1143 τὸ
747 1117 846 1152 βλάϐος

41 1164 173 1198 ἐμποιεῖν
187 1162 329 1194 εἰωθότας.
352 1163 381 1189 '0
391 1162 419 1189 δὲ
433 1162 541 1194 συνετὸς
555 1163 704 1198 ἀκροατὴς,
719 1162 845 1199 καθάπερ

40 1208 157 1243 δόκιμος
173 1208 344 1243 τραπεζίτης
360 1207 509 1243 εἰσδέχεται
527 1208 574 1243 μὲν
590 1208 621 1235 τὸ
634 1209 756 1243 πεφυκὸς
773 1209 844 1243 ὠφε-

40 1255 111 1286 λεῖν,
129 1253 362 1290 κατακιὸδηλεύει
375 1253 403 1281 δὲ
418 1253 542 1289 καθάπερ
554 1263 578 1280 τι
594 1255 758 1290 παράσημον
768 1255 845 1290 νόμι-

43 1309 101 1335 σμα
127 1300 161 1327 τὸ
185 1299 223 1335 μὴ
245 1298 332 1331 οὕτως
350 1298 421 1334 ἔχον.
438 1300 561 1325 Τοιοῦτόν
576 1309 601 1327 τι
619 1301 666 1327 καὶ
679 1301 693 1326 ὀ
710 1301 844 1336 μακάριος

43 1345 154 1376 Παῦλός
170 1353 250 1380 φησι·
272 1355 281 1371 ι
299 1345 409 1371 Γίνεσθε
424 1346 548 1380 φρόνιμοι
566 1346 737 1381 τραπεζῖται,
754 1347 843 1375 πάντα

43 1391 222 1426 δοκιμάζετε,
239 1390 269 1416 τὺ
284 1390 367 1417 καλὸν
387 1391 525 1425 κατέχετε,
549 1392 601 1417 ἀπὸ
628 1392 730 1424 παντὸς
756 1393 843 1425 εἴδους

44 1437 168 1474 πονηροῦ
182 1437 331 1473 ἀπέχεσθε.
349 1446 359 1463 ι
373 1438 427 1464 Καὶ
443 1438 496 1473 μὴν
511 1438 558 1464 καὶ
581 1438 674 1473 ἕτερος
688 1439 741 1465 τῶν
756 1439 841 1473 ἁγίων

45 1483 181 1520 μαοητῶν
191 1482 297 1519 συνῳδὰ
309 1482 415 1516 τούτοις
426 1483 563 1511 ἐπιτάττει
576 1483 672 1518 λέγων’
687 1494 696 1510 ι
709 1483 840 1520 Ἀδελφοὶ,

43 1530 209 1565 δοκιμάζετε
240 1529 275 1556 τὰ
298 1530 452 1565 πνεύματα,
473 1530 496 1556 εί
513 1530 545 1557 ἐκ
568 1530 615 1557 τοῦ
635 1530 703 1557 Θεοῦ
724 1532 808 1558 ἐστιν.
829 1540 838 1556 ι

43 1577 157 1605 Τούτων
180 1578 213 1613 δὴ
239 1574 286 1604 οὖν
311 1576 439 1603 ἁπάντων
464 1575 660 1612 ἀφῃρημένων,
690 1576 839 1612 ἐπιστήσω,

44 1623 123 1659 φησὶ,
148 1623 310 1654 νεανίσκους
332 1622 465 1658 ἄρχοντας
490 1622 589 1654 αὐτῶν,
616 1623 663 1648 καὶ
690 1623 841 1657 ἐμπαῖκται

42 1668 239 1704 κυριεύσουσιν
250 1667 352 1694 αὐτῶν.
369 1667 534 1699 Νεανίσκους
547 1667 576 1693 δὲ
589 1666 670 1694 πάλιν
680 1667 711 1693 οὐ
725 1667 796 1693 κατά
809 1676 840 1701 γε

42 1715 88 1741 τὴν
103 1715 155 1749 τῆς
167 1714 278 1749 ἡλικίας
289 1714 384 1750 χρόνον
398 1714 491 1741 ἐνθάδε
505 1714 598 1750 φησιν,
612 1713 681 1741 ἀλλὰ
691 1714 754 1745 τοὺς
764 1714 841 1740 olim»

42 1760 177 1795 λαχόντας
191 1760 224 1786 τὸ
239 1761 268 1786 ἐν
286 1759 392 1787 συνέσει
405 1760 515 1787 τέλειον.
540 1760 664 1794 ’Δφρονετ
675 1758 704 1786 δὲ
715 1761 731 1794 ἡ
747 1759 841 1794 νεότης

44 1808 98 1837 ἀεὶ,
114 1807 165 1833 καὶ
180 1806 343 1833 σεσάλευται
354 1805 422 1842 πρὸς
435 1806 465 1832 τὸ
478 1806 590 1838 ἀπαθὲς,
605 1806 651 1832 κα)⁸
663 1806 711 1841 τῆς
725 1805 840 1848 ἀρίστης

44 1854 162 1888 ἡττᾶται
177 1852 285 1888 βουλῆς.
300 1852 456 1879 Διατελοῦσι
474 1852 501 1878 δὲ
516 1852 562 1878 καὶ
579 1853 618 1883 εὶς
633 1851 712 1887 δεῦρο
727 1851 798 1878 κατὰ
810 1851 840 1878 τδ

43 1899 145 1932 ἀληθὲς
164 1899 304 1931 τοιούτους
321 1899 428 1935 ἔχοντες
444 1900 565 1926 Ἰουδαῖοι
581 1900 644 1931 τοὺς
660 1899 838 1935 ἡγουμένους,

45 1940 93 1964 καὶ
104 1940 258 1974 νεωτέρους
274 1939 326 1974 τὴν
341 1939 438 1974 φρένα,
453 1940 500 1966 καὶ
512 1937 568 1966 οἷόν
582 1949 659 1972 τινας
670 1941 839 1976 ὲμπαίκτας.

51 1985 288 2012 ’Υποκλὲπτονται
304 1985 359 2020 γὰρ
376 1985 407 2012 τὸ
421 1986 510 2013 δοκεῖν
526 1984 597 2013 εἷναί
613 1996 650 2019 τι,
665 1988 754 2014 καίτοι
771 1997 840 2015 παν-

45 2031 89 2062 τὸς
96 2031 205 2065 ἀγαθοῦ
219 2031 266 2057 καὶ
284 2031 387 2067 ἀρετῆς
398 2031 507 2065 ἁπάσης
522 2033 623 2068 πολλὴν
637 2033 779 2066 νοσοῦντος
789 2033 840 2070 τὴν

45 2078 353 2113 ἐρημεαν.Ὲμπαῖκται
369 2078 397 2104 δὲ
413 2079 459 2105 καὶ
474 2080 584 2114 ἑτέρως,
606 2080 757 2117 ὠνούμενοι
769 2081 840 2117 χρή-

46 2132 111 2158 μασι
137 2124 170 2150 τὺ
190 2123 336 2150 καλεῐσθαι
359 2124 466 2154 Ῥαόὄὶ.
485 2125 532 2151 καὶ
555 2126 728 2162 φιλοκερδίας
755 2127 837 2154 ἕνεκα

49 2171 90 2196 ul.
114 2170 273 2204 λημμάτων
288 2169 424 2205 συλλογῆς
444 2171 475 2197 τὸ
497 2172 678 2213 καθηγεῖσθαι
694 2172 833 2208 λαχόντες.

898 929 966 954 citra
981 928 1126 956 discrimen
1151 931 1269 964 rapiunt,
1285 936 1311 957 et
1335 933 1404 958 citra
1421 939 1534 960 examen
1551 934 1684 969 recipiunt

897 980 1047 1006 sermones,
1071 974 1120 1001 etsi
1148 975 1215 1002 nihil
1244 976 1417 1004 emolumenti
1439 978 1567 1012 habeant,
1589 979 1644 1006 imo
1660 981 1684 1007 si

897 1025 1085 1047 nocumentum
1101 1021 1190 1055 potius
1206 1021 1331 1049 aderant.
1352 1023 1433 1057 Atqui
1451 1031 1551 1059 gnarus
1564 1025 1682 1057 auditor,

899 1066 980 1095 veluti
994 1072 1120 1102 expertus
1134 1068 1341 1101 nummularius,
1356 1069 1427 1104 quod
1454 1070 1582 1104 prodesse
1603 1072 1682 1102 solet.

897 1111 1034 1145 admittit;
1066 1113 1138 1146 quod
1153 1119 1232 1139 secus
1249 1112 1339 1145 habet,
1370 1113 1443 1140 velut
1457 1113 1526 1141 male
1549 1114 1685 1149 signatum

896 1158 1043 1190 nomisma,
1068 1158 1248 1185 adulterinum
1273 1158 1388 1193 judicat.
1411 1158 1469 1186 Non
1487 1160 1616 1188 dissimile
1641 1165 1683 1189 est

895 1204 966 1239 quod
980 1203 1010 1234 Β,
1027 1203 1126 1231 Paulus
1139 1205 1244 1239 inquit:
1260 1214 1269 1230 ι
1286 1205 1379 1233 Estote
1393 1206 1540 1240 prudentes
1554 1214 1681 1234 nummus

894 1250 967 1282 larii,
987 1251 1077 1278 omnia
1095 1251 1251 1285 probantes,
1271 1252 1343 1287 quod
1359 1252 1458 1279 bonum
1475 1257 1517 1280 est
1532 1256 1630 1287 tenete,
1647 1254 1684 1284 ah

894 1296 967 1323 omni
984 1297 1074 1331 specie
1088 1297 1157 1324 mala
1180 1298 1313 1324 abstinete
1325 1298 1358 1325 ⁸³.
1377 1307 1386 1324 ι
1406 1298 1483 1326 Alius
1500 1307 1580 1331 μοι-το
1593 1307 1608 1326 e
1619 1308 1684 1330 san-,_

895 1345 947 1371 clis
966 1344 1104 1379 discipulis
1136 1345 1266 1379 praecepit
1294 1345 1368 1372 hisce
1399 1352 1536 1378 consona,
1564 1347 1679 1374 dicens:

897 1399 905 1415 ι
926 1390 1046 1422 Fratres,
1055 1389 1107 1427 57
1118 1390 1230 1424 probate
1243 1390 1355 1424 spiritus
1368 1410 1375 1422 ,
1396 1398 1430 1418 an
1445 1398 1479 1418 ex
1493 1391 1548 1419 Deo
1555 1392 1610 1419 sint
1619 1392 1654 1419 ³⁷.
1667 1402 1677 1418 ι

895 1436 941 1463 llis
970 1444 1034 1472 ergo
1060 1436 1185 1464 omnibus
1209 1436 1353 1469 submotis,
1373 1438 1545 1471 substituam,
1572 1437 1678 1473 inquit,

893 1482 1110 1510 adolescentulos
1127 1482 1264 1521 principes
1286 1490 1391 1514 eorum,
1417 1489 1444 1510 et
1468 1483 1604 1511 derisores
1631 1485 1680 1511 do-

897 1529 1071 1556 minabuntur
1098 1528 1160 1555 illis.
1192 1528 1414 1556 Adolescentulos
1438 1537 1544 1556 rursum
1569 1538 1621 1556 non
1645 1532 1680 1558 ab

894 1579 973 1601 aetate
985 1575 1027 1602 hic
1043 1579 1133 1608 vocat,
1149 1574 1195 1602 sed
1215 1576 1260 1609 qui
1278 1576 1395 1605 nondum
1410 1575 1559 1610 perfectum
1577 1577 1678 1604 intelli-

893 1620 990 1655 gentiae
998 1620 1103 1647 culmen
1120 1626 1180 1647 sunt
1194 1622 1345 1649 consecuti.
1359 1622 1463 1657 Desipit
1480 1623 1552 1650 enim
1573 1631 1680 1659 semper

891 1665 1027 1700 juventus,
1053 1671 1079 1693 ct
1098 1666 1265 1702 ignoratione
1279 1667 1398 1702 jactatur
1415 1673 1442 1695 et
1454 1667 1584 1703 ﬂuctuat,
1609 1671 1679 1705 opti-

893 1718 1020 1745 mumque
1046 1712 1188 1739 consilium
1216 1713 1268 1740 illis
1292 1713 1391 1741 deficit.
1422 1714 1527 1743 Habent
1543 1720 1633 1747 autem
1650 1723 1679 1744 et

893 1757 974 1785 hodie
995 1757 1080 1785 Judaei
1106 1759 1188 1786 duces
1204 1767 1268 1787 vere
1288 1760 1364 1792 tales,
1393 1766 1483 1789 mente
1507 1762 1621 1797 juvenes
1650 1768 1678 1790 et

892 1803 1026 1832 illusores.
1049 1804 1222 1832 Sull‘urantur
1247 1806 1318 1833 enim
1342 1807 1481 1834 hominum
1496 1808 1678 1840 existimatio-

891 1857 970 1883 nem,
987 1851 1110 1877 onmium
1136 1851 1198 1878 licet
1219 1852 1367 1884 bonorum,
1398 1853 1540 1887 omnisque
1568 1854 1678 1886 virtutis

891 1902 987 1930 magna
1017 1896 1140 1923 laborent
1171 1897 1269 1931 inopia.
1299 1898 1368 1924 Sunt
1388 1903 1416 1925 et
1442 1898 1522 1926 aliter
1541 1899 1676 1934 illusores,

891 1942 953 1969 dum
980 1948 1073 1970 emunt
1097 1944 1218 1978 pecuniis
1240 1949 1269 1971 ut
1294 1944 1552 1977 Rabbivocitentur,
1570 1951 1597 1974 et
1613 1954 1677 1981 pros

889 1992 951 2022 pter
968 1993 1090 2022 quaestus
1115 1989 1252 2022 studium,
1280 1994 1309 2016 ut
1331 1990 1437 2024 praedas
1463 1996 1631 2025 aucupentur
1644 2000 1678 2020 ac

889 2034 1018 2069 colligant
1030 2054 1037 2067 ,
1055 2035 1167 2063 docendi
1187 2044 1283 2064 uinnus
1301 2037 1498 2071 adipiscuntur.
1514 2039 1614 2066 Verum
1629 2040 1676 2075 qui

888 2080 1046 2116 propulsato
1073 2081 1249 2117 hypocriseos
1276 2082 1381 2115 morbo,
1398 2084 1454 2111 veri
1471 2089 1534 2112 sunt
1553 2086 1674 2118 omnium

889 2129 1010 2153 nostrum
1037 2126 1189 2155 Servatoris
1203 2127 1304 2155 Christi
1319 2130 1479 2157 adoratores
1491 2150 1498 2162 ,
1517 2138 1569 2158 non
1584 2137 1676 2161 exter:

889 2171 930 2198 nis
941 2171 1084 2199 decoribus
1097 2172 1213 2199 fucatam
1227 2173 1325 2201 habent
1341 2175 1450 2203 virtutis
1465 2177 1583 2210 speciem
1596 2197 1603 2209 ,
1624 2179 1672 2204 sed

55 2216 119 2242 Ἀλλ’
146 2216 206 2256 οἶγε
224 2216 272 2242 τοῦ
288 2216 397 2243 πάντων
416 2217 495 2253 ἡμῶν
509 2218 636 2254 Σωτῆρος
651 2219 771 2254 Χριστοῦ
786 2221 837 2254 τὴν

900 2216 996 2243 ιῑειθιίσ
1012 2223 1170 2244 ornamenta
1199 2218 1267 2245 intra
1284 2224 1399 2246 mentem
1414 2224 1442 2247 et
1454 2227 1502 2248 cor
1516 2221 1674 2258 admittunt,

51 2261 93 2295 τῆς
114 2262 288 2297 ὑποκρίσεως
314 2263 491 2296 διωθούμενοι
525 2264 613 2296 νόσον,
645 2265 757 2299 ἀληθεῖς
782 2267 836 2293 εισι

51 2309 245 2343 προσκυνηταὶ,
269 2309 318 2335 καὶ.
334 2309 366 2335 οὐ
381 2310 442 2339 τοῖς
450 2309 551 2341 ἔξωθεν
561 2309 715 2346 ὡραῖσμοῖς
730 2312 838 2338 πεπλα-

50 2355 162 2389 νημένην
186 2354 218 2390 [Ῑ.
245 2354 456 2391 πεπλασμένην]
473 2355 565 2391 ἔχουσι
587 2356 637 2390 τῆς
666 2357 768 2391 ἀρετῆς
788 2357 837 2392 τὴν

890 2270 921 2289 ac
936 2262 962 2288 in
980 2266 1050 2290 terra
1067 2263 1174 2297 quidem
1188 2264 1378 2298 obambulant,
1399 2265 1446 2293 sed
1466 2266 1493 2293 in
1516 2266 1592 2294 ctelis
1615 2275 1675 2299 ver:

890 2312 1004 2342 santur,
1037 2314 1230 2344 praeceptorem
1259 2310 1390 2338 habentes
1420 2311 1507 2345 ipsum
1533 2311 1674 2339 Dominum

890 2359 1010 2382 nostrum
1027 2355 1119 2383 Jesutn
1137 2356 1285 2383 Christum.

50 2402 162 2438 δόκησιν,
181 2403 241 2430 ἀλλ’
255 2405 297 2435 εἰς
310 2403 376 2430 νοῦν
391 2403 445 2431 ἔσω
461 2406 508 2432 καὶ
524 2405 639 2440 καρδίαν
655 2406 688 2432 τὰ
707 2406 756 2440 τῆς
769 2406 809 2438 είς
823 2406 889 2432 Θεὸν
914 2406 1055 2436 εὑσεῦείας
1083 2406 1293 2438 συνενεγκόντες
1312 2404 1472 2439 αὐχήματα,
1490 2404 1675 2438 περιπατοῦσι

52 2451 93 2484 μὲν
106 2451 152 2477 ἐπὶ
167 2451 229 2485 γῆς,
245 2452 275 2477 ὲν
291 2451 320 2478 δὲ
334 2451 460 2486 οὐρανοῖς
471 2452 670 2484 πολιτεύονται,
683 2453 843 2489 καθηγητὴν
860 2454 969 2489 ἔχοντες
987 2454 1070 2480 αὐτὸν
1086 2453 1131 2480 τὸν
1150 2452 1343 2487 Κύριονιὴμῶν
1364 2452 1469 2487 Ἰησοῦν
1481 2452 1527 2478 τὸν
1546 2452 1673 2487 Χριστόν.

78 2494 128 2520 Καὶ
138 2493 343 2527 συμπεσεῖται
355 2495 371 2520 ὁ
381 2494 464 2525 λαὸς,
472 2493 626 2527 ἅνθρωπος
638 2495 713 2528 πρὸς
724 2494 835 2528 ἅνθρω-

927 2497 1008 2525 Veas.
1021 2497 1047 2524 5.
1072 2498 1103 2525 Et
1120 2500 1236 2526 concidet
1253 2501 1375 2535 populus,
1386 2501 1466 2528 homo
1478 2504 1511 2529 ad
1531 2504 1671 2539 hominem,

50 2547 114 2572 xor,
138 2539 188 2566 καὶ
210 2540 372 2574 ἅνθρωπος
397 2539 470 2573 πρὸς
495 2539 548 2566 τὸν
571 2541 705 2574 πλησίον
727 2541 831 2568 αὐτοῦ.

903 2548 911 2570 ι
925 2543 1002 2571 homo
1018 2545 1052 2570 ad
1063 2546 1213 2579 proximum
1229 2554 1315 2573 suum.
1329 2546 1457 2582 Impinge!
1472 2549 1597 2582 puerulus
1609 2558 1672 2577 ron-

51 2586 208 2620 Ιζροσκόψ-ει
222 2586 258 2612 τὸ
270 2584 396 2612 παιδίον
408 2585 481 2619 πρὸς
494 2586 547 2613 τὸν
558 2588 740 2621 πρεσϐύτην,
756 2587 806 2615 καὶ
817 2589 833 2615 ὁ

900 2598 928 2616 ra
947 2598 1044 2622 senem,
1065 2595 1089 2618 et
1108 2591 1232 2626 ignobilis
1247 2597 1338 2620 contra
1357 2593 1480 2620 nobilem.

50 2631 138 2666 ἄτιμος
154 2633 229 2667 πρὸς
244 2632 301 2659 τὸν
313 2632 445 2666 ἔντιμον.
688 2634 694 2639 “
1478 2666 1480 2668 .

78 2678 367 2714 Προκαταμεμὴνυκεν
386 2678 451 2712 ἡμῖν
465 2677 576 2712 ὀλόγθῖν
591 2678 629 2710 ὡς
648 2679 832 2715 ἀφαιρεθήσε’

922 2680 1050 2714 Exposuit
1074 2685 1164 2707 autem
1185 2682 1262 2708 nobis
1283 2682 1327 2709 hic
1345 2689 1433 2709 sermo
1454 2682 1628 2709 auferendum
1657 2691 1672 2711 a

48 2731 84 2751 ται
99 2725 146 2760 τῆς
166 2725 304 2755 Ἰουδαίας
327 2724 406 2757 ἰσχὺς
421 2724 500 2759 ἄρτου
515 2725 561 2750 καί
577 2725 653 2759 ἰσχὺς
666 2725 771 2758 ὕδατος,
787 2726 832 2760 γί-

902 2726 974 2751 udam
992 2726 1072 2752 robur
1087 2727 1174 2761 patris,
1191 2731 1218 2753 et
1233 2728 1316 2754 robur
1336 2735 1422 2761 aquae,
1439 2728 1573 2763 gigantem
1589 2728 1671 2755 etiam

45 2778 88 2803 γας
104 2779 132 2797 τε
155 2771 204 2797 καὶ
223 2769 345 2805 ἰσχύων,
369 2767 541 2805 πολεμιστὴς,
560 2770 607 2796 καὶ
626 2769 765 2806 δικαστὴς,
784 2771 832 2797 καὶ

901 2776 910 2797 ι
926 2776 1129 2807 praepotentem,
1149 2773 1304 2801 bellatorem
1317 2778 1342 2801 et
1354 2773 1483 2808 judicem,
1496 2774 1559 2809 quin
1570 2778 1597 2800 et
1609 2780 1670 2808 pro-

70 2844 369 2882 "lCor.m,10,il.
406 2847 553 2876 "l'l‘hess.
576 2857 602 2881 ν,
617 2848 662 2883 2|,
675 2849 721 2877 ετ.
760 2849 783 2865 ³⁷
799 2848 819 2876 ll
836 2848 915 2881 Joan.
934 2849 1007 2883 tv,l.
