1890 3053
199 134 250 163 105

702 130 731 157 S.
753 127 890 156 (ZYRILLI
913 125 1144 154 ALEXANDltINl
1168 126 1325 153 ARClllEl’.

1773 127 1821 155 HM

197 193 306 227 poetam
331 195 358 220 et
383 191 573 222 divinalorcm,
597 195 699 221 senem,
727 193 754 215 et
777 187 980 222 quinquagena-

1045 186 1088 221 ιὴν
1104 186 1150 212 καὶ
1165 187 1307 222 προφήτης
1325 188 1371 213 καὶ
1388 186 1548 222 στοχαστης,
1562 186 1607 213 καὶ
1624 185 1821 222 πρεσϐύτερος,

199 238 271 267 rium
303 236 415 268 ducem.
441 240 468 263 et
498 234 699 270 suspiciendum
728 233 925 267 consiliarium,
954 237 982 260 et

199 284 279 316 etiam
297 283 445 317 sapientem
469 281 659 311 architectum,
678 283 705 306 et
723 279 916 313 iutelligentem
932 286 982 305 au-

165 334 169 337 '
202 329 327 361 ditorem.
354 326 484 361 Deinceps
507 333 560 361 quo
585 325 692 352 tandem
722 332 765 352 res
785 324 891 356 evadet,
910 328 937 351 et
956 324 982 351 in

200 379 329 408 quantum
359 371 549 400 detrimentum
579 370 644 406 ipsis
670 375 804 405 erumpet,
841 369 984 397 manifeste

199 415 293 454 aperit,
306 420 365 445 cum
381 425 443 445 mox
459 417 549 444 subdit
563 426 570 445 :
589 425 598 442 ι
614 416 746 444 Concidet
763 410 886 452 populus,
901 416 983 443 homo

198 465 231 495 ad
245 463 393 496 hominem,
406 472 415 489 ι
436 463 461 490 id
474 467 525 494 est,
541 461 569 490 in
584 462 716 490 seditione
732 454 821 498 erunt,
839 467 866 490 et
883 462 908 489 in
926 469 983 488 me-

199 509 250 540 diis
270 508 429 536 tumultibus
447 508 537 542 vivent
563 509 655 542 vitam,
681 508 825 542 juvenibus
851 515 983 535 veneran-

199 555 260 582 dam
276 555 406 581 canitiem
418 554 491 588 srnls
503 561 556 581 non
570 553 756 581 reverentibus
767 573 774 585 ,
791 552 919 580 inferiore
933 552 983 588 ho-

200 607 293 628 norem
315 600 445 635 superiori
473 604 614 634 negante:
638 599 685 627 sed
714 607 775 633 cum
801 599 983 634 reprehendat

199 654 287 682 nemo,
299 652 348 674 nec
363 645 396 681 ad
415 645 441 672 id
455 646 526 688 quod
540 652 674 680 quemque
690 647 779 683 decet,
791 645 900 679 dirigat,
918 645 983 672 sub-

198 693 253 719 lato
283 692 356 719 omni
371 691 467 724 ordine
480 695 506 718 et
520 691 644 723 scientia,
665 691 781 717 maxima
802 691 922 718 omnium
942 699 984 718 re-

199 745 258 771 rum
271 737 341 774 apud
364 743 412 764 eos
428 736 596 771 perturbatio
614 736 727 764 exsistet
741 740 767 763 et
783 735 916 763 confusio.
934 736 983 764 Ubi

199 782 272 807 enim
285 781 375 808 divina
388 789 440 808 non
456 785 554 816 praeest
570 781 611 807 lex
627 788 717 808 rerum
732 781 897 816 ugcmlarum
911 782 984 809 arbi-

200 832 252 859 ter,
282 826 416 861 quomodo
435 830 481 853 aut
505 826 574 853 unde
596 826 694 860 poterit
712 826 854 860 quisquam
873 826 985 854 honeste

1032 231 1079 258 καὶ
1095 232 1340 269 πεντηκόνταρχος,
1360 232 1407 259 καὶ
1421 232 1577 267 θαυμαστὸς
1595 231 1759 267 σύμϐουλος
1779 233 1823 260 καὶ

1033 275 1087 310 μὴν
1108 276 1155 302 καὶ
1176 275 1257 310 σοφὸς
1279 276 1458 312 ἀρχιτέκτων,
1481 277 1527 304 καὶ
1549 277 1656 308 συνετὸς
1674 277 1822 312 ἀκροατής.

1033 319 1098 347 Εἶτα
1115 322 1175 348 ὅποι
1188 321 1252 348 ποτὲ
1264 321 1294 348 τὸ
1311 322 1407 358 χρῆμα
1424 323 1515 354 αὺτοῖς
1537 322 1693 357 ἐκϐήσεται,
1713 322 1762 349 καὶ
1785 323 1823 353 ei;

1032 363 1088 393 οἷον
1099 367 1191 399 αὐτοῖς
1208 367 1395 401 ἐκτελευτήσει
1409 367 1516 403 βλάϐος,
1533 368 1693 403 καθίστησιν
1709 367 1822 402 ἐναργὲς

1032 413 1214 448 προσεπάγων
1232 412 1322 447 εὐθὺς,
1335 413 1375 440 ’ότι
1386 423 1395 440 ι
1410 413 1594 449 Συμπεσεῖται
1604 414 1618 440 ὁ
1628 414 1704 446 λαὸς,
1718 412 1823 448 ἄνθρω-

1033 465 1083 488 πος
1099 456 1166 492 πρὸς
1176 456 1329 492 ἀνθρωποψ
1343 466 1352 483 ι
1369 457 1441 484 τοῦτ’
1451 457 1575 490 ἐστιν,ιὲν
1588 459 1684 494 ἀταξίᾳ
1699 467 1731 485 τε
1747 459 1818 485 ἔσον-

1033 510 1087 534 ται,
1101 502 1148 528 καὶ
1159 501 1273 537 θορύϐου
1288 502 1386 537 μεστὸν
1401 502 1573 538 διαζήσονται
1584 503 1650 538 βίον.
1667 504 1705 530 Οὐ
1718 504 1769 539 τὴν
1781 513 1823 530 σε-

1034 547 1103 582 πτὴν
1117 547 1163 574 τοῦ
1180 547 1332 583 πρεσϐύτου
1354 547 1450 574 πολιὰν
1477 549 1681 584 αἰσχυνομένων
1695 549 1778 575 νέων·
1794 549 1823 576 οὐ

1033 593 1078 620 τδν
1094 593 1246 628 προῦχοντα
1266 594 1348 629 τιμᾷν
1366 593 1505 626 ἀξιοῦντος
1526 593 1565 620 In
1588 593 1634 621 τοῦ
1654 595 1703 630 τὴν
1721 594 1825 622 ἐλάττω

1033 638 1159 673 λαχόντος
1175 639 1262 672 τάξιν·
1276 639 1333 666 ἀλλν
1344 639 1523 675 ἐπιτιμῶντος
1535 639 1652 672 οὐδενὸς,
1667 641 1755 676 ήγουν
1772 642 1823 667 ὰπ-

1033 683 1189 715 ευθύνοντος
1200 684 1239 716 είς
1249 684 1279 710 τὺ
1291 685 1398 720 ἑκάστῳ
1409 684 1524 721 πρέπον,
1537 686 1625 712 πάντα
1634 686 1741 722 φύρδην
1749 686 1823 714 ἔσται

1034 730 1097 764 παρ’
1113 729 1203 761 αὐτοῖς
1219 728 1346 762 εὐταξίας
1365 730 1473 766 ἁπάσης
1490 731 1536 757 καὶ
1552 732 1709 767 ἐπιστήμης
1725 732 1826 768 ἐξῃρη-

1035 774 1129 809 μένης.
1150 774 1237 801 Ὅπου
1257 775 1312 810 γὰρ
1336 774 1406 807 θεῖος
1429 777 1479 802 οὑκ
1497 775 1631 812 ἐφέστηκε
1655 777 1750 812 νόμος,
1771 778 1825 804 τῶν

1034 819 1179 855 πρακτέων
1192 820 1207 846 ὁ
1223 820 1384 857 βραϐευτὴς,
1400 822 1458 854 πῶς
1473 822 1490 857 ἢ
1505 822 1588 849 πόθεν
1601 822 1634 850 ἂν
1647 822 1757 858 γένοιτό
1771 832 1824 850 τισι

199 877 247 899 aut
258 868 354 898 decore
371 870 485 898 vivere?
499 869 594 897 Simile
611 870 684 897 enim
697 875 749 904 est,
765 877 797 898 ac
811 871 834 897 si
849 871 909 905 quis
922 870 980 898 velit

1045 867 1064 893 :b
1080 867 1109 892 ὲν
1123 867 1218 902 κόσμῳ
1237 867 1367 894 δύνασθαι
1384 867 1519 901 διαϐιοῦν;
1533 869 1644 904 Ὅμοιον
1665 869 1720 905 γὰρ
1745 869 1784 901 ὡς
1800 871 1824 896 εἰ

199 919 288 945 navim
315 916 399 944 clavis
431 923 458 952 et
487 913 668 952 gubernatore
700 921 837 952 carentem
859 911 937 949 recto
957 921 985 945 et

198 962 331 998 inollcnso
347 969 427 997 cursu
441 962 516 999 ferrl,

233 1051 288 1086 58
300 1050 380 1078 Vens.
390 1051 417 1084 ϐ,
429 1050 455 1078 7.
469 1050 539 1083 Quia
549 1050 721 1085 apprehende:
730 1051 769 1077 vir
776 1049 884 1083 fratrem
894 1058 982 1083 suum,

197 1093 429 1123 t'el’rlomuticum
451 1095 535 1129 patria
554 1096 606 1128 sui,
628 1096 717 1122 dicem
736 1102 746 1121 :
768 1094 869 1122 Vestem
892 1095 981 1128 habet,

198 1142 316 1176 princeps
338 1144 425 1166 noster
437 1146 502 1171 esto,
519 1145 544 1167 et
565 1142 636 1166 cibus
655 1148 725 1166 meus
737 1149 813 1174 penu
829 1145 853 1167 te
873 1141 917 1167 ait.
934 1139 983 1167 Re-

198 1187 327 1221 sponderi:
346 1190 431 1213 autem
450 1186 517 1211 dim
544 1186 570 1212 in
585 1185 628 1212 die
648 1185 713 1212 illa:
730 1185 790 1212 Non
807 1193 850 1212 ero
863 1187 982 1220 princeps

199 1235 270 1263 tum,
286 1238 337 1256 non
351 1229 421 1257 enim
435 1233 472 1255 est
494 1229 522 1255 in
537 1229 613 1255 domo
629 1236 688 1255 mea
704 1229 791 1260 uanis,
801 1237 882 1264 neque
894 1229 981 1263 vestis,

198 1283 249 1303 non
261 1283 305 1302 ero
318 1275 438 1310 princeps
453 1274 543 1309 populi
556 1273 646 1309 hujus.

232 1365 383 1392 Iudaeorum
399 1370 513 1391 miserta:
528 1367 555 1391 et
567 1371 680 1392 summa:
696 1364 860 1396 calamitatis
876 1366 981 1401 magni-

200 1411 320 1439 tudinem
335 1409 492 1444 prophetica
506 1409 584 1436 nobis
598 1409 738 1445 signiﬁcat
757 1411 856 1439 oratio.
877 1410 981 1446 Regna-

200 1459 264 1483 runt
278 1455 351 1482 enim
372 1454 450 1482 statis
470 1453 636 1488 temporian
658 1453 684 1480 in
705 1452 866 1486 Jerusalem,
887 1455 932 1489 qui
948 1461 982 1481 ex

199 1501 269 1528 tribu
281 1500 355 1528 Iudae
372 1503 449 1528 erant
464 1508 470 1526 :
490 1504 517 1527 et
537 1499 670 1535 splendidi
686 1500 804 1532 fuerunt,
816 1499 938 1527 celebres
955 1505 982 1528 et

200 1547 302 1574 divitiis
319 1546 422 1578 ornati,
439 1550 466 1572 et
479 1545 626 1573 nobilitatis
640 1550 714 1573 sorte
725 1553 790 1575 sane
803 1553 884 1580 quam
902 1553 978 1581 egre-
996 1530 1017 1558 Ο

201 1593 244 1628 gie
270 1592 407 1619 coronati.
430 1591 619 1619 Praesederunt
634 1591 695 1618 item
716 1591 768 1619 alio
789 1592 879 1624 modo,
899 1593 944 1627 qui
967 1601 983 1620 e

202 1639 272 1666 trihu
295 1638 401 1666 fuerunt
423 1637 499 1670 Levi,
523 1645 555 1665 ex
581 1638 696 1665 Aarouis
717 1639 823 1666 ordine.
848 1639 915 1666 Cum
944 1639 981 1666 ita

201 1693 321 1713 summus
335 1685 462 1712 sacerdos
477 1690 615 1719 praeesset,
634 1684 755 1712 seniores
770 1690 799 1713 et
814 1685 914 1713 Levita
924 1686 981 1713 obi-

202 1735 264 1759 rent
279 1731 441 1762 ministeria,
456 1730 619 1764 suscipiendi
631 1734 709 1758 erant
723 1731 750 1758 hi
763 1738 813 1766 per
826 1731 980 1759 universam

201 1778 336 1812 regionem
363 1775 526 1803 Judeorum.
549 1776 583 1802 At
618 1776 662 1804 ubi
686 1783 747 1811 quae
775 1777 815 1804 fas
836 1783 889 1804 non
923 1781 980 1803 erat

200 1823 422 1854 commisissent,
445 1822 600 1857 nullumque
623 1829 675 1849 non
687 1822 833 1857 impietatis
850 1830 934 1858 genus
953 1823 979 1850 in

200 1869 336 1897 Christum
354 1868 557 1900 exercuissent,
581 1868 613 1896 de
640 1868 754 1902 pristina
779 1869 923 1903 dignitate,
949 1876 981 1896 ac

200 1914 359 1953 celebritate
378 1913 534 1941 divitiarum
552 1918 580 1941 et
597 1914 722 1941 claritate
737 1913 838 1948 delapsi
855 1919 938 1946 sunt;
955 1915 980 1942 in

199 1968 312 1995 eamque
326 1959 515 1988 confusionem
539 1965 566 1987 et
580 1960 709 1987 vilitatem
731 1967 774 1987 res
789 1967 881 1988 eorum
900 1961 982 1991 deve-

200 2010 308 2039 nerunt,
326 2011 355 2033 ut
369 2005 471 2033 nullum
493 2005 604 2033 omnino
620 2009 730 2039 possent
755 2005 825 2032 inter
839 2012 870 2034 se
886 2005 979 2032 ducem

199 2052 300 2079 habere
315 2051 427 2086 antiqua
445 2051 607 2079 excellentia
621 2050 734 2082 clarum,
750 2058 799 2077 nec
810 2050 915 2084 opibus,
933 2058 982 2077 nec

201 2101 342 2132 potestate.
364 2104 415 2126 nec
436 2096 504 2132 legis
529 2096 623 2124 notitia
654 2097 807 2130 prazditum.
823 2096 878 2125 lloc
895 2097 980 2131 ipsum

201 2145 290 2175 docet,
305 2151 365 2171 cum
385 2143 422 2170 ait
438 2152 446 2171 :
465 2152 476 2169 r
498 2142 687 2177 Apprehendet
700 2143 741 2169 vir
756 2142 868 2169 fratrem
891 2150 980 2176 suum,

199 2189 240 2216 vel
260 2189 417 2216 familiarem
436 2189 520 2223 patris
539 2188 596 2220 sui,
611 2187 705 2216 dicens
725 2197 733 2215 :
755 2187 862 2216 Vestem
883 2189 981 2223 habes,
1001 2208 1022 2236 Β

200 2235 324 2269 princeps
332 2234 407 2262 nobis
415 2239 483 2265 esto.
492 2239 517 2262 et
527 2235 604 2262 cibus
612 2242 687 2262 meus
695 2235 744 2262 sub
754 2239 778 2262 te
786 2235 830 2262 sit.
838 2244 847 2261 ι
859 2234 984 2263 Confusis

199 2281 298 2307 ctenim
316 2281 396 2310 rebus
406 2285 433 2310 et
445 2280 557 2310 multum
574 2280 748 2316 perturbatis,
763 2281 799 2307 ita
813 2286 841 2308 ut
855 2287 983 2309 corruant

201 2332 264 2365 ipsi,
281 2330 348 2357 alius
367 2330 392 2356 in
411 2329 508 2360 alium,
527 2327 668 2362 nullusque
685 2327 720 2354 sit
736 2327 822 2356 honor
837 2332 884 2355 aut
899 2329 984 2363 pudor

199 2377 238 2404 vel
252 2376 395 2411 juvenibus
409 2375 494 2405 senis,
509 2374 551 2402 vel
568 2375 688 2410 ingloriis
704 2375 813 2411 gloriosi
829 2385 835 2403 :
849 2377 980 2411 quisque,

199 2423 298 2456 inquit,
313 2421 362 2449 sibi
377 2425 479 2454 qumret
495 2420 600 2453 ducem,
615 2428 730 2456 eumque
741 2422 831 2458 eliget,
847 2422 890 2450 vix
902 2423 981 2450 etiam

201 2468 402 2504 propinquitate
424 2466 533 2501 generis
556 2474 746 2500 commovens,
766 2473 793 2496 et
816 2470 925 2496 trahens
950 2470 982 2496 ad

199 2513 427 2545 misericordiam,
444 2516 471 2539 et
487 2512 582 2547 eliget,
597 2513 699 2547 inquit,
716 2521 767 2541 non
784 2514 866 2542 veluti
883 2515 983 2543 divitiis

197 2560 335 2587 ﬂorentem
346 2578 353 2590 ,
368 2558 414 2586 sed
429 2558 627 2592 quodammodo
642 2559 752 2592 nudum,
767 2561 920 2596 amabitque
931 2561 981 2588 sub

198 2611 231 2631 co
244 2604 290 2636 ali,
301 2607 328 2630 et
343 2602 466 2629 mendico
479 2603 591 2634 servire,
601 2607 627 2630 et
641 2604 685 2638 qui
700 2604 743 2630 vix
757 2610 856 2631 vestem
874 2605 979 2632 habeat.

197 2649 435 2678 Verumenimvero
465 2648 590 2682 quamvis
622 2649 682 2676 talis
711 2649 759 2680 sit,
785 2658 836 2677 non
869 2651 983 2685 accipiet

197 2700 287 2724 tamen
304 2695 460 2730 imperium,
474 2695 580 2722 etiamsi
603 2695 637 2722 ab
659 2695 700 2722 bis
717 2697 762 2730 qui
779 2697 856 2724 subdi
873 2697 978 2731 volunt,

198 2741 264 2769 nihil
280 2745 395 2778 petatur.
411 2740 538 2774 Qua-runt
553 2741 623 2770 enim
641 2749 735 2775 partem
751 2747 779 2775 ut
791 2741 978 2775 subiiciantur,

197 2793 225 2813 et
246 2794 294 2821 pro
318 2786 446 2814 alimento
470 2786 626 2814 tenuissimo
653 2793 683 2812 se
710 2785 747 2812 illi
771 2786 796 2812 in
822 2785 978 2813 servitutem

198 2833 332 2860 addicunt.
360 2833 389 2861 Et
407 2840 466 2867 qua:
484 2832 540 2869 lucc
559 2832 747 2868 tergiversatio
767 2838 798 2865 ac
815 2831 980 2866 repudiatio‘!

1034 911 1081 938 καί
1095 920 1136 943 τις
1151 911 1270 946 βούλοιτο
1282 912 1348 939 ναῦν
1363 913 1498 948 πηδαλίων
1517 922 1546 940 τε
1561 915 1627 949 ὅμου
1646 914 1694 941 καὶ
1709 914 1760 941 τοῦ
1775 923 1824 942 κυ-

1034 956 1182 992 ϐερνῶντος
1201 958 1317 994 ἐρήμην,
1336 959 1410 986 εὐθεῖ
1431 959 1477 986 καὶ
1500 959 1671 996 ἀδιαστρόςρῳ
1690 960 1824 997 φέρεσθαι

1033 1002 1135 1038 δρόμῳ.

1069 1047 1129 1074 ’Ότι
1143 1048 1323 1084 ἐπιλήψεται
1335 1049 1490 1084 ἅνθρωπος
1503 1051 1557 1079 τοῦ
1572 1051 1705 1086 ἀδελφοῦ
1716 1052 1823 1084 αὑτοῦ,

1033 1094 1052 1128 ἢ
1063 1095 1115 1122 τοῦ
1127 1095 1237 1122 οἰκείου
1247 1096 1300 1123 τοῦ
1314 1097 1426 1131 πατρὸς
1439 1097 1545 1129 αὑτοῦ,
1564 1097 1672 1133 λέγων’
1693 1097 1825 1132 Ἰμάτιίν

1032 1140 1122 1175 ἔχεις,
1146 1141 1277 1177 ἀρχηγὸς
1300 1142 1383 1177 ἡμῶν
1403 1143 1503 1177 γενοῦ,
1527 1143 1576 1170 καὶ
1599 1144 1632 1171 τὸ
1655 1143 1763 1179 ,βρῶμα
1790 1145 1824 1170 τὸ

1032 1187 1106 1221 ἐμὸν
1131 1188 1189 1214 ὑπὸ
1215 1188 1253 1214 σὲ
1274 1187 1362 1215 ἔστω.
1387 1189 1439 1216 Καὶ
1463 1190 1634 1224 ἀποκριθεὶς
1653 1190 1715 1225 ἐρεῖ
1736 1190 1772 1217 ἐν
1787 1189 1824 1225 τῇ

1032 1232 1126 1266 ἡμέρᾳ
1147 1233 1260 1267 ἐκείνῃ·
1275 1234 1336 1260 οὐκ
1356 1234 1465 1270 ἔσομαί
1485 1243 1544 1263 σου
1556 1237 1696 1271 ἀρχηγὸς,
1715 1237 1753 1264 οὐ
1770 1237 1825 1272 γὰρ

1032 1277 1118 1305 ἔστιν
1138 1279 1173 1305 ὲν
1191 1278 1231 1311 τῷ
1251 1279 1323 1310 οἴκῳ
1337 1288 1398 1314 μου
1415 1279 1515 1315 ἄρτος.
1534 1281 1606 1309 οὐδὲ
1626 1281 1753 1316 ἱμάτιον,
1768 1283 1824 1312 οὐκ

1035 1323 1142 1358 ἔσομαι
1156 1325 1288 1359 ἀρχηγὸς
1302 1325 1356 1352 τοῦ
1365 1326 1442 1353 ,λαοῦ
1457 1326 1572 1354 τούτου.

1067 1370 1124 1403 Τῆς
1156 1370 1288 1397 Ἰουδαίων
1315 1371 1472 1407 ἀθλιότητος
1511 1373 1557 1399 καὶ
1591 1372 1640 1407 τῆς
1670 1374 1712 1405 εἰς
1740 1373 1825 1410 ἄκρον

1031 1414 1220 1449 ταλαιπωρίας
1234 1416 1265 1442 τὸ
1278 1416 1392 1451 μέγεθος
1407 1418 1421 1444 ὁ
1436 1417 1604 1454 προφητικὺς
1624 1419 1690 1454 ἡμῖν
1703 1427 1825 1454 καταση-

1034 1460 1124 1495 μαίνει
1140 1460 1228 1495 λόγος.
1250 1462 1421 1490 Ἐϐασίλευον
1440 1464 1488 1499 μὲν
1503 1464 1557 1500 γὰρ
1574 1464 1644 1491 κατὰ
1664 1464 1780 1499 καιροὺς
1795 1465 1825 1491 ὲν

1033 1507 1088 1538 τοῖς
1107 1506 1305 1542 Ἰεροσολύμοις
1326 1508 1342 1543 ἡ
1365 1509 1398 1535 ὲκ
1424 1509 1510 1544 φυλῆς
1531 1509 1627 1542 Ἰούδα,
1649 1509 1775 1545 λαμπροί
1794 1518 1826 1536 τε

1035 1548 1103 1586 ἦσαν
1119 1552 1165 1578 καὶ
1183 1552 1333 1587 διαφανεῖς,
1351 1554 1397 1580 καὶ
1410 1554 1517 1590 πλούτῳ
1531 1555 1680 1590 κομῶντες,
1699 1555 1747 1582 καὶ
1765 1556 1827 1586 ταῖς

1035 1598 1075 1630 είς
1098 1597 1174 1632 λῆξιν
1195 1599 1330 1632 εὐκλείαις
1354 1598 1382 1627 εὗ
1405 1600 1477 1635 μάλα
1505 1601 1731 1637 κατεστεμμένοι.
1748 1601 1825 1629 Καθ-

1034 1643 1150 1678 ηγοῠντο
1167 1643 1195 1670 δὲ
1214 1645 1261 1672 καὶ
1275 1646 1385 1681 ἑτέρως,
1403 1647 1428 1673 οι
1448 1647 1480 1674 ὲκ
1495 1647 1582 1683 φυλῆς
1600 1647 1665 1674 Aea?
1688 1648 1760 1675 κατὰ
1777 1648 1826 1683 τὴν

1035 1688 1110 1720 τάξιν
1124 1689 1173 1724 τὴν
1192 1689 1307 1726 Ἀαρών.
1331 1691 1499 1727 Προῦχοντος
1526 1693 1574 1728 μὲν
1595 1693 1640 1721 τοῦ
1662 1693 1824 1730 ἀρχιερέως.

1035 1733 1261 1770 λειτουργούντων
1275 1736 1303 1762 δὲ
1321 1737 1512 1773 πρεσϐυτέρων
1527 1739 1574 1765 καὶ
1585 1739 1716 1772 Λευῖτῶν,
1732 1738 1827 1765 can-mi.

1034 1778 1062 1805 δὲ
1072 1775 1141 1814 ἦσαν
1156 1780 1203 1807 καὶ
1219 1779 1244 1807 οῑ
1258 1780 1364 1809 τοιοίδε.
1376 1783 1431 1813 τοῖς
1445 1782 1498 1809 ἀνὰ
1511 1784 1600 1810 πᾶσαν
1612 1783 1667 1810 τῶν
1688 1783 1826 1810 Ἰουδαίων

1034 1823 1084 1860 τὴν
1097 1825 1198 1860 χώραν.
1227 1826 1334 1862 Ἐπειδὴ
1352 1827 1379 1854 δὲ
1396 1828 1568 1863 πεπράκασιν
1584 1828 1602 1856 ἃ
1621 1828 1658 1864 μὴ
1671 1829 1764 1864 θέμις,
1779 1830 1826 1858 καὶ

1034 1870 1083 1904 τῆς
1097 1871 1136 1902 εἰς
1148 1870 1265 1906 Χριστὸν
1277 1871 1433 1905 δυσσεϐείας
1446 1873 1533 1905 οὐδεὶς
1545 1872 1578 1909 ἦν
1589 1875 1681 1906 αὐτοῖς
1696 1874 1826 1910 ἀνεπιτὴ-

1034 1914 1127 1946 δευτος
1145 1915 1254 1950 τρόπος.
1275 1915 1428 1944 άπώλισθον
1444 1918 1493 1953 μὲν
1510 1919 1559 1953 τῆς
1582 1919 1698 1954 ἀρχαίας
1717 1919 1825 1956 ἐκείνης

1034 1961 1225 1997 λαμπρότητος
1247 1962 1295 1989 καὶ
1322 1964 1500 1998 περιφανείας
1527 1966 1575 2000 τῆς
1601 1967 1629 1992 ὲν
1648 1966 1758 2002 πλούτῳ
1779 1968 1824 1993 καὶ

1034 2007 1108 2044 δόξῃ,
1125 2007 1268 2035 καθίκοντο
1286 2008 1315 2035 δὲ
1334 2009 1508 2045 χυδαιότητός
1527 2019 1557 2037 τε
1571 2012 1618 2038 καὶ⁸
1632 2011 1771 2044 εὐτελείας
1786 2013 1825 2043 είς

1035 2052 1114 2080 τοῦτο
1129 2053 1163 2080 τὰ
1180 2053 1330 2088 πράγματα
1347 2055 1446 2086 αὐτοῖς,
1460 2055 1497 2086 ὡς
1512 2056 1613 2090 μηδένα
1626 2056 1768 2088 παντελῶς
1781 2057 1824 2089 τὴν

1035 2098 1186 2134 ἡγούμενον
1211 2098 1283 2134 ἔχειν
1307 2099 1350 2134 ἐφ’
1371 2100 1476 2132 ἑαυτοῖς
1494 2101 1624 2128 δύνασθαι
1642 2101 1769 2137 λαμπρὸν
1795 2103 1824 2128 "sv

1036 2145 1156 2180 ὑπεροχῇ
1182 2146 1215 2180 τῇ
1236 2145 1329 2177 πάλαι,
1359 2146 1427 2181 μήτε
1450 2147 1503 2181 μὴν
1522 2147 1636 2174 πλοῦτον
1655 2147 1754 2183 ἔχοντα
1778 2149 1823 2176 καὶ

1035 2190 1202 2223 δυναστείαν,
1223 2191 1240 2226 ἢ
1256 2192 1356 2225 γνῶσιν
1370 2191 1416 2218 τοῦ
1430 2192 1522 2227 νόμου.
1541 2193 1595 2219 Καὶ
1611 2192 1689 2220 τοῦτο
1703 2194 1771 2221 αὐτὸ
1784 2195 1823 2221 δι-

1036 2237 1149 2269 δάσκει,
1176 2237 1272 2271 λέγων,
1305 2238 1344 2265 ὃτι
1373 2247 1382 2264 σ
1402 2238 1576 2273 Ἐπιλήψεται
1602 2239 1746 2275 ἄνθρωπος
1777 2241 1823 2267 τοῦ

1036 2281 1150 2316 ἁδελφοῦ
1164 2283 1258 2314 αὐτοῦ,
1277 2282 1293 2317 ἢ
1319 2282 1364 2309 τοῦ
1384 2283 1484 2311 οἰκείου
1506 2283 1608 2319 πατρὸς
1627 2285 1708 2312 αὑτοῦ
1726 2285 1821 2320 λέγων·

1041 2327 1160 2362 Ίμάτιον
1174 2328 1256 2364 ἔχεις,
1277 2329 1396 2364 ἀρχηγὸς
1416 2330 1493 2364 ἡμῶν
1510 2329 1599 2364 γενοῦ,
1616 2330 1663 2356 καὶ
1679 2330 1780 2366 βρῶμα
1794 2332 1824 2361 τὸ

1036 2372 1101 2404 ἐμὸν
1117 2373 1169 2400 ὑπὸ
1187 2373 1216 2400 σὲ
1237 2374 1315 2405 ἔστω.
1335 2383 1344 2399 ι
1365 2374 1576 2410 Συγκεχυμένων
1597 2375 1651 2411 γὰρ
1667 2376 1724 2402 τῶν
1737 2385 1824 2413 πραγ-

1036 2418 1139 2453 μάτων,
1163 2420 1211 2446 καὶ
1228 2420 1294 2446 πολὺ
1310 2419 1450 2446 παθόντων
1467 2420 1496 2447 τὸ
1522 2421 1647 2452 ἄτακτον,
1664 2422 1702 2453 ὡς
1722 2423 1823 2458 συμπί-

1035 2473 1113 2491 πτειν
1129 2465 1227 2497 αύτοὺς
1244 2465 1380 2501 ἀλλήλοις,
1402 2467 1449 2493 καὶ
1471 2467 1605 2503 μηδεμίαν
1620 2466 1689 2496 εἶναι
1702 2469 1786 2505 τιμὴν
1805 2470 1821 2502 ἦ

1036 2511 1112 2544 αἰδῶ,
1129 2511 1310 2547 πρεσϐύτουῆ
1333 2512 1414 2545 νέοις,
1439 2513 1521 2548 ήγουν
1539 2514 1647 2550 ἀτίμοις
1665 2514 1682 2550 ἢ
1698 2515 1820 2548 ἐνδόξων

1036 2557 1149 2589 ἕκαστος
1161 2558 1203 2592 ἐφ’
1214 2557 1313 2593 ἑαυτῷ,
1323 2559 1399 2593 φησὶ,
1415 2559 1526 2595 ζητήσει
1537 2561 1696 2596 ἡγούμενον,
1708 2562 1756 2588 καὶ
1764 2562 1822 2589 τοῦ·

1033 2611 1078 2629 τον
1093 2603 1229 2638 ἐκλὲξεται
1251 2605 1282 2638 τῇ
1301 2604 1371 2631 κατὰ
1387 2605 1463 2639 γένος
1482 2606 1624 2642 ἀγχιστεία
1640 2607 1716 2642 μόλις
1728 2607 1821 2634 ἐκδυσ-

1033 2648 1115 2675 ωπῶν
1128 2650 1174 2675 καὶ
1183 2649 1274 2676 καλῶν
1287 2650 1327 2682 εἰς
1340 2650 1423 2678 ἔλεον.
1445 2651 1597 2684 Ἐκλέξεται
1609 2652 1648 2686 δὲ,
1664 2654 1758 2688 φησὶν,
1773 2653 1820 2686 οὐχ

1032 2693 1070 2726 ὼς
1085 2695 1180 2730 ἔχοντα
1194 2695 1318 2727 πλοῦτον,
1331 2696 1388 2723 ἀλλ’
1398 2697 1435 2728 ὡς
1446 2697 1495 2724 οὐκ
1510 2698 1574 2724 ὄντα
1586 2698 1699 2733 γυμνὸν,
1714 2699 1820 2734 ἀγαπήτ

1033 2748 1074 2766 σει
1096 2749 1125 2767 τε
1149 2741 1194 2768 ὑπ’
1214 2741 1296 2768 αὑτοῦ
1320 2742 1467 2778 τρέφεσθαι
1486 2744 1532 2770 καὶ
1551 2743 1687 2772 δουλεύειν
1711 2745 1816 2781 πτωχῷ.

1032 2786 1105 2822 Πλὴν
1124 2787 1148 2813 εἰ
1164 2787 1210 2814 καὶ
1225 2789 1238 2815 ὁ
1251 2788 1369 2820 τοιοῦτος
1389 2789 1438 2828 οὐχ
1455 2790 1573 2825 ἁρπάσει
1590 2791 1638 2826 τὴν
1660 2791 1815 2828 ἡγεμονίιν,

1033 2831 1119 2859 καίτοι
1133 2833 1215 2869 μηδὲν
1225 2834 1385 2870 αἰτούμενος
1399 2826 1473 2871 παρὰ
1484 2836 1538 2863 τῶν
1552 2835 1712 2864 ὑποκεῖσθαι
1727 2826 1816 2873 βεδωὶτ
