1890 3053
73 180 115 210 ιοο

71 247 125 271 νας.
142 236 250 272 ’Δληθὲς
263 235 312 264 οὖν
327 237 379 269 δτι,
395 236 456 264 οὐαὶ
473 236 511 272 τῷ
530 237 634 272 ἀνόμῳ.
651 236 756 272 πονηρὰ
771 234 842 264 κατὰ
856 236 879 265 Δ

71 286 99 313 τὰ
109 285 170 320 ιργα
180 282 235 310 τῶν
248 282 351 319 χειρῶν
366 282 448 310 αὐτοῦ
463 282 631 319 συμϐήσεται
646 283 730 319 αὐτῷ·
751 283 847 321 ὥσπερ

71 332 116 367 γὰρ
128 330 328 366 προσεκόμισαν
345 330 454 366 Πιλάτῳ
467 330 512 356 τὸν
527 329 640 366 Ἰησοῦν,
653 331 700 357 καὶ
714 332 775 362 ταῖς
792 330 847 358 τῶν

71 376 229 412 στρατιωτῶν
256 375 414 408 ἀτιθάσσοις
441 377 554 412 ὀργαῖς,
581 376 654 403 οὕτω
689 378 736 404 καὶ
769 377 846 404 αὐτοὶ

70 422 302 458 παραδοθήσονται,
311 422 388 458 φησὶ,
398 423 458 454 ταῖς
473 422 617 458 Ῥωμαίων
631 423 781 458 στρατιαῖς.
791 423 847 450 Καὶ

72 470 96 504 δὴ
116 469 190 496 τοῦτο
212 468 328 502 λέγοντα
344 469 438 503 σαφῶς
462 469 509 496 καὶ
529 469 574 496 διὰ
597 469 688 504 φωνῆς
716 468 847 504 Ὶεζεχιὴλ

70 515 215 551 εὑρήσομεν.
230 515 347 551 Εἴρηται
361 515 415 550 γὰρ
428 515 497 551 πρὸς
507 515 557 551 τὴν
566 515 676 542 ἀνοσίαν
692 515 738 542 καὶ
753 523 846 548 κυριο-

70 561 150 588 κτόνον
174 559 362 597 Ἰερουσαλήμ·
381 560 479 593 Καθὼς
496 561 638 597 ἐποίησας,
664 561 750 594 οὕτως
770 560 846 588 ἔσται

71 615 113 633 σοι.
127 606 160 634 Τὸ
168 606 343 642 ἀνταπόδομά
357 615 404 633 σου
417 606 664 643 ἀνταποδοθήσεται
675 607 715 638 είς
727 606 847 642 κεφαλήν

71 661 119 679 σου.

370 708 479 736 ΛΟΓΟΣ
497 709 523 735 I"

99 775 170 808 Λαός
191 783 261 810 μου,
291 777 318 802 οἰ
349 775 515 811 πράκτορες
543 776 626 811 ὑμῶν
653 775 845 811 παλαμῶν-ται

70 820 144 856 ὑμᾶς,
159 821 204 848 καὶ
218 823 246 849 οι
261 823 462 856 ἀπαιτοῦντες
477 823 672 857 κιφιεύουσιν
683 822 776 857 ὑμῶν.

98 876 154 902 Ὀτι
168 876 266 908 παντὸς
291 877 397 911 ἀγαθοῦ
420 878 529 914 νοσήσει
552 879 601 913 τὴν
626 878 744 914 ἐρημίαν
758 879 776 914 ἡ
791 879 846 905 τῶν

73 921 192 949 Ἰουδαίων
220 922 320 958 χώρα,
347 924 550 959 διαφανέστατα
577 925 624 952 καὶ
647 925 721 960 μάλα
753 925 847 960 σαφῶς
863 923 883 950 Β

70 967 328 1004 προεξηγησάμενος,
356 971 404 997 καὶ
427 970 458 997 τὸ
485 970 512 997 τί
542 971 710 1007 συμϐήσεται
736 972 792 1004 τοῖς
808 972 848 1005 είς

70 1013 170 1048 Χριστὸν
183 1016 415 1051 πεπαρῳνηκόσιν
428 1015 551 1050 διειπὼν,
562 1016 757 1053 προαναπείθει
768 1017 849 1044 πάλιν

70 1058 220 1095 ἀποσχέσθαι
241 1060 298 1087 τῶν
314 1060 570 1097 πλημμελημάτων,
597 1062 645 1089 καὶ
659 1064 716 1094 τοῖς
734 1062 764 1096 ἐξ
779 1063 849 1099 ἡμε-

72 1105 169 1141 ρότητος
189 1105 280 1142 λόγοις
303 1108 444 1144 μονονουχὶ
466 1108 664 1145 καταγοητεύει
686 1109 848 1145 χρησίμως,

72 1152 184 1188 μεθιστὰς
195 1153 241 1180 ἐπὶ
256 1153 288 1180 τὸ
303 1153 427 1190 ἄμεινον,
452 1155 500 1182 καὶ
526 1156 590 1187 τοὺς
614 1155 743 1182 ἁπάντων
758 1155 850 1189 αὐτοῖς

70 1198 150 1226 κακῶν
159 1199 308 1233 γεγονότας
325 1200 430 1232 αἰτίους
450 1201 642 1237 παραιτεῖσθαι
654 1201 797 1229 διδάσκων.
811 1202 848 1229 Οὐ

71 1245 115 1281 γὰρ
123 1242 193 1281 οἶμαι
206 1245 261 1274 δεῖν
273 1247 333 1279 τοῖς
345 1246 524 1283 καθηγεῖσθαι
542 1247 670 1283 λαχοῦσιν
687 1248 850 1275 ὑποκεῖσθαι

71 1290 153 1325 φιλεῖν,
170 1291 221 1318 κᾶν
239 1293 264 1318 εί
283 1293 324 1329 μή
343 1301 371 1319 τι
384 1292 438 1319 τῶν
451 1293 501 1320 ὅσα
530 1293 589 1320 ἐστὶ
616 1294 766 1322 τελούντων
781 1295 850 1331 πρὸς

70 1337 148 1372 δνησιν
158 1337 318 1374 ἐπιχειρῶσι
331 1338 484 1371 διδάσκειν,
500 1340 570 1376 μήτε
586 1339 639 1376 μὴν
654 1359 661 1368 .
700 1359 708 1368 ,
748 1360 756 1368 .
793 1349 848 1368 οιεν

71 1383 179 1420 διαϐολῆς
199 1384 297 1418 ἀξιοῦν
317 1385 348 1412 τὸ
370 1386 400 1413 ἐν
428 1385 511 1422 μοίρᾳ.
540 1387 669 1422 τετάχθαι
684 1388 851 1424 φαυλότητος

71 1429 166 1462 δικαίως
192 1431 224 1458 ἃν
248 1429 322 1458 εἶναι
352 1433 580 1468 πεπιστευμένον.
604 1433 700 1470 Ἀρετὴ
727 1434 782 1468 γὰρ
808 1434 849 1461 δι-

70 1475 187 1502 δασκάλου
202 1477 232 1503 τὸ
245 1477 430 1512 ἀποκομίζειν
457 1478 587 1507 δύνασθαι
597 1479 666 1514 πρὸς
687 1480 787 1516 ἀκριϐῆ
801 1479 849 1506 τοῦ

73 1522 239 1558 συμφέροντος
252 1523 359 1558 εἴδησιν
380 1524 442 1555 τοὺς
468 1524 753 1560 παιδαγωγουμένους,
766 1533 849 1552 κατα-

72 1566 221 1602 κιδδηλεύειν
239 1567 269 1594 δὲ
297 1568 328 1595 τὸ
352 1569 545 1596 κατασίνεσθαι
562 1570 695 1605 πεφυκὸς,
717 1571 764 1598 καὶ
778 1579 850 1607 παρ·
862 1595 884 1623 C

71 1613 188 1640 σιτεῖσθαι
202 1614 328 1641 κελεύειν
344 1614 374 1641 τὸ
388 1615 489 1642 ἀδικεῖν
502 1615 605 1648 εἰωθός.
632 1617 759 1644 Ἐπαινου
775 1617 797 1643 δ’
814 1617 847 1644 ἂν

71 1655 196 1692 sialiter
210 1660 315 1692 παντὸς
329 1661 377 1687 καὶ
399 1662 424 1687 οἱ
449 1661 588 1694 τελοῦντες
605 1663 634 1689 ὲν
663 1663 808 1698 μαθηταῖς,
823 1663 847 1690 ει

73 1704 104 1739 μὴ
124 1706 178 1737 ταῖς
193 1706 283 1738 “Eat;
313 1706 370 1733 τῶν
396 1707 575 1734 διδασκόντων
603 1708 720 1744 ὲνορῷεν
743 1708 846 1742 ἁπλῶς,

72 1751 129 1778 ἀλλὰ
142 1753 172 1788 τῇ
185 1753 238 1780 τῶν
255 1754 431 1789 πραγμάτων
442 1754 532 1789 φύσει,
544 1755 592 1782 καὶ
611 1754 780 1791 θαυμάζουσι
799 1757 848 1792 μὲν

72 1797 124 1830 τοὺς
135 1798 319 1832 διδάσκοντας,
339 1801 418 1836 ειπερ
448 1801 518 1834 τινὲς
543 1799 598 1828 εἷεν
611 1801 687 1837 ὀρθοὶ
719 1802 768 1829 καὶ
790 1803 849 1829 ἐπι-

74 1845 195 1880 στήμονες,
211 1846 258 1873 καὶ
272 1845 331 1872 τῶν
347 1847 466 1883 ἀρίστων
494 1848 649 1883 εἰσηγηταὶ,
674 1848 849 1883 καταψέγωσι

72 1889 158 1922 Reub:
168 1888 262 1928 οἷσπερ
282 1892 319 1919 ἂν
346 1893 388 1928 εῐη
407 1893 445 1928 μὴ
461 1893 583 1925 τοιοῦτος
604 1895 618 1920 0'
632 1893 743 1926 σκοπός.
758 1895 849 1921 Κατα-

74 1937 168 1971 νέμουσι
183 1938 231 1973 μὲν
243 1939 303 1974 γάρ
317 1947 388 1971 τινες
403 1940 431 1966 ὲν
447 1939 524 1976 ὄρεσι
547 1939 595 1966 καὶ
607 1939 708 1972 νάπαις
723 1939 773 1971 τὰς
785 1940 849 1966 δίων

72 1982 167 2015 ἁγέλας’
183 1983 238 2010 ἀλλ’
263 1984 292 2011 εἰ
318 1983 483 2019 παρακέοιτο
508 1986 564 2016 τοῖς
580 1984 718 2020 θρέμμασι
735 1984 848 2020 βόθρος,

74 2030 143 2063 ἧγουν
157 2030 225 2065 ὁρῶν
243 2031 258 2057 ὁ
278 2031 414 2066 κρημνὸς,
431 2032 576 2068 περιφοιτᾷ
597 2032 633 2058 τὰ
649 2031 784 2067 πρόϐατα,
801 2032 850 2059 καὶ

74 2075 98 2100 οὐ
110 2075 226 2112 καθίησιν
242 2077 332 2103 ἑαυτὰ
345 2077 412 2113 πρὸς
428 2077 551 2104 θάνατον·
567 2077 780 2113 παιδαγωγεῖται
795 2077 850 2114 γὰρ

74 2119 154 2157 ὥσπερ
171 2122 202 2149 δι’
216 2122 343 2158 ἐμφύτου
358 2123 452 2158 νόμου,
470 2123 537 2158 πρὸς
554 2123 585 2150 τὸ
609 2123 709 2158 χρῆναι
722 2123 771 2159 τῆς
788 2123 850 2150 ἑαυ-

76 2166 123 2192 τῶν
136 2168 267 2202 φείδεσθαι
294 2168 380 2203 ζωῆς.
399 2166 467 2195 Εἶτα
489 2168 548 2201 πῶς
564 2169 614 2195 οὐκ
632 2168 743 2201 ἄτοπον,
758 2169 782 2195 si
800 2168 850 2204 μὲν

74 2213 120 2243 τοῖς
131 2212 232 2247 ἀλόγοις
260 2213 343 2246 ζώοις
361 2213 441 2240 τοῦτο
463 2214 608 2248 φαίνεσθαι
630 2214 758 2251 κρατοῦν,
774 2215 804 2241 ὲν
821 2214 850 2241 δὲ

75 2260 130 2294 ἡμῖν
152 2261 249 2294 αὐτοῖς,
274 2261 367 2289 καίτοι
388 2261 507 2297 λογικοῖς
530 2263 694 2298 ὑπάρχουσι,
723 2264 773 2300 τὴν
803 2262 850 2290 τοῦ

76 2305 193 2342 χρησίμου
209 2308 256 2334 καὶ
266 2307 419 2342 ἀναγκαίου
430 2308 499 2344 πρὸς
513 2308 585 2345 ζωὴν
596 2309 646 2336 οὐκ
659 2306 727 2336 εἶναι
738 2309 849 2344 γνῶσιν.

76 2351 126 2387 Χρὴ
137 2353 274 2388 τοιγαροῦν
297 2353 351 2380 κᾶν
364 2353 391 2380 εἴ
413 2362 485 2386 τινες
501 2355 574 2389 ἡμᾶς
591 2354 644 2382 τῶν
664 2355 704 2386 εἰς
722 2354 851 2381 διδασκά-

77 2398 136 2431 λους,
150 2400 193 2426 καὶ
204 2399 367 2435 καθηγητὰς
381 2401 556 2435 τεταγμένων
573 2400 615 2435 ἐφ’
628 2401 646 2428 ἃ.
661 2401 698 2436 μὴ
714 2401 851 2437 προσῆκεν

77 2444 237 2481 ἀποκομίζειν
268 2447 384 2479 ἕλοιντο,
409 2446 447 2482 μὴ
468 2447 562 2479 ἁπλῶς
578 2447 722 2483 ἀνέχεσθαι
743 2448 849 2482 φιλεῖν,

79 2490 135 2526 μηδὲ
157 2492 208 2527 μὴν
230 2492 449 2525 ἀκατασκὲπτως
465 2493 580 2520 ἕπεσθαι
607 2493 676 2529 πρὸς
700 2493 730 2520 τὸ
758 2493 851 2525 αὐτοῖς

65 2535 167 2573 δοκοῦν,
193 2538 261 2565 ἀλλὰ
289 2538 450 2573 δοκιμάζειν
477 2539 581 2566 ἕκαστα
611 2540 666 2566 τῶν
694 2539 848 2575 πρακτέων.

77 2581 95 2607 0
126 2604 133 2612 .
173 2603 181 2611 .
224 2605 231 2612 .
270 2586 371 2620 χωρεῖν
380 2585 426 2611 ἐπὶ
441 2585 472 2612 τὸ
485 2585 527 2612 ὅτι
543 2585 660 2620 μάλιστα
670 2584 724 2611 τῶν
735 2584 850 2620 ὠφελεῖν

78 2628 204 2658 εἰωθότων.
219 2629 310 2659 Ἦσαν
321 2632 411 2659 τοίνυν
421 2632 446 2658 οι
461 2631 516 2658 τῶν
531 2632 666 2658 Ἰουδαίων
682 2631 849 2668 καθηγηταὶ,

77 2673 137 2700 τοῦτ’
147 2675 226 2707 εστιν,
236 2678 261 2703 oi.
275 2677 452 2713 Γραμματεῖς
464 2686 494 2704 τε
510 2678 557 2704 καὶ
567 2678 591 2704 oi
605 2679 757 2713 Φαρισαῖοι,
769 2678 850 2705 δεινοὶ

79 2719 136 2754 πρὸς
157 2721 186 2748 τὸ
210 2722 309 2758 χρῆναι
338 2723 403 2754 τοὺς
425 2722 481 2749 τῶν
507 2723 654 2758 χρημάτων
677 2723 850 2759 ἐρανίζεσθαι

79 2767 221 2800 πορισμοὺς,
238 2768 286 2794 καὶ
300 2767 350 2798 τὰς
362 2767 395 2794 ὲκ
405 2767 458 2794 τῶν
473 2767 545 2794 λαῶν
569 2768 742 2804 συγκομίζειν
764 2768 848 2803 δωροο

80 2811 173 2846 φορίας,
191 2812 328 2848 ἀπαρχὰς,
355 2814 483 2846 δεκάτας,
513 2814 561 2840 καὶ
586 2814 636 2841 ὅσα
649 2816 705 2846 τοῖς
725 2813 850 2850 ἱερᾶσθαι

80 2854 190 2891 λαχοῦσιν
203 2859 219 2885 ὸ
237 2859 316 2894 νόμος
340 2860 381 2891 εις
398 2859 499 2895 κλῆρον
525 2860 619 2887 ἐδίδου.
648 2860 750 2892 Σκοπος
774 2860 801 2886 δὲ
816 2858 850 2895 ἦν

81 2902 167 2936 αὐτοῖς,
182 2905 228 2932 καὶ
239 2905 281 2932 διὰ
298 2906 388 2941 πάσης
402 2905 507 2932 τέθειτο
519 2905 636 2940 σπουδῆς
650 2906 679 2932 τὸ
694 2905 851 2934 ἀναπείθειν

637 177 671 205 IN
691 175 806 205 ISAIAM
826 175 890 203 LIB.

913 175 932 203 ι.
954 174 1057 202 ORAT.
1078 175 1121 202 Ill.
1637 177 1688 206 ίιο

894 233 935 260 ira
947 233 1015 260 solet
1042 232 1150 261 σηιξη-ο.
1166 232 1282 260 Omnino
1299 227 1371 260 cnim
1399 232 1463 260 talia
1492 235 1560 260 mala
1592 241 1689 262 conse-

900 282 1018 312 quentur
1033 285 1080 306 eos
1096 278 1142 313 qui
1157 285 1218 306 eum
1242 278 1297 306 Deo
1316 282 1445 314 pugnant.
1470 277 1518 306 Est
1536 278 1618 313 igitur
1645 287 1690 307 ve-

901 331 971 356 rum,
986 323 1080 359 iniquo
1096 325 1148 352 erit
1164 332 1213 357 vae,
1229 329 1255 352 ct
1274 325 1344 352 mala
1360 332 1410 360 pro
1419 325 1547 360 operibus
1559 333 1689 354 manuum

900 369 987 404 ipsius
1008 369 1147 405 obtingent
1168 370 1205 398 ei.
1238 370 1304 398 Nam
1322 376 1350 398 ιιι
1375 370 1466 399 Jesttm
1496 370 1582 399 Pilato
1598 377 1627 399 et
1649 372 1691 400 in-

900 415 1010 442 domitis
1026 415 1140 442 militum
1169 415 1309 444 furoribus
1326 416 1506 451 objecerunl,
1525 418 1560 445 ita
1579 423 1607 446 et
1625 418 1688 453 ipsi,

901 460 997 495 inquit,
1014 460 1143 489 Romanis
1156 461 1241 496 copiis
1256 463 1408 490 tradentur.
1447 463 1525 497 Quod
1549 469 1643 498 aperte
1663 471 1690 492 et

901 507 973 536 clare
985 507 1153 536 Ezechielem
1169 508 1338 537 inveniemus
1359 509 1460 538 dicere.
1492 509 1559 538 Nam
1588 510 1690 538 dictum

900 557 943 581 est
965 554 998 580 ad
1015 553 1125 589 impiam
1139 558 1166 581 et
1178 554 1283 582 Domini
1296 554 1508 583 interfectricem
1524 554 1688 584 Jerusalem:

900 598 1132 632 Quemadmodum
1146 599 1245 634 fecisti,
1273 601 1313 628 sic
1341 601 1393 629 erit
1420 601 1487 629 tibi:
1511 609 1616 630 merces
1644 607 1690 631 tua

901 645 1067 681 rependatur
1085 646 1110 674 iu
1125 651 1207 682 caput
1229 652 1315 674 tuum.

1197 702 1326 732 ORATIO
1346 705 1391 732 ΠΙ.

936 769 1004 798 (Συ.
1023 771 1066 798 lli.
1082 771 1164 801 Vens.
1182 773 1226 802 12.
1247 773 1345 810 Popule
1356 783 1440 810 meus,
1452 781 1586 805 exactores
1614 780 1691 806 vestri

900 817 1013 851 spoliant
1028 827 1084 852 vos,
1104 824 1129 847 et
1145 820 1275 855 exigentes
1290 822 1466 850 dominantur
1485 824 1565 852 vobis.

935 872 1068 906 Quoniam
1085 873 1237 903 Iudaeorum
1254 878 1391 910 regionem
1407 880 1529 907 omnium
1557 880 1690 908 bonorum

898 919 1012 952 penuria
1028 919 1211 948 laboraturam
1239 922 1345 950 abunde
1376 924 1446 952 satis
1478 929 1506 952 et
1537 925 1691 954 clarissime

899 965 1046 999 exposuit,
1074 969 1101 993 et
1115 974 1176 1001 quae
1192 967 1245 996 illis
1262 969 1308 1004 qui
1325 969 1351 996 itt
1377 969 1516 998 Christum
1532 972 1691 1000 tlebacchali

899 1015 963 1037 sunt
989 1015 1118 1039 eventura
1132 1017 1235 1046 essent,
1252 1016 1391 1042 enarravit
1410 1024 1417 1042 :
1435 1024 1528 1044 rursus
1542 1017 1689 1052 persuadet

899 1056 1086 1085 declinandum
1101 1065 1115 1086 a
1128 1059 1247 1092 delictis,
1262 1064 1289 1088 et
1307 1060 1412 1089 levibus
1427 1061 1608 1098 mollibusque
1628 1071 1692 1092 ver-

899 1102 942 1130 bis
969 1107 1072 1130 tantum
1107 1112 1159 1132 non
1189 1106 1310 1133 incantat
1339 1107 1450 1140 utiliter,
1466 1112 1493 1136 et
1518 1109 1553 1137 ad
1579 1110 1692 1138 meliora

899 1149 1047 1180 convertit.
1063 1149 1197 1186 docetque
1208 1151 1333 1179 vitandos
1345 1159 1392 1181 eos
1405 1153 1450 1188 qui
1482 1154 1604 1182 omnium
1634 1163 1693 1183 ma-

900 1193 986 1221 lorum
1009 1200 1138 1224 auctores
1152 1196 1219 1232 ipsis
1250 1202 1279 1225 et
1305 1205 1398 1227 causa:
1433 1200 1607 1229 exstiterunt.
1634 1201 1692 1230 Non

898 1239 972 1266 enim
987 1240 1114 1269 existim
1125 1242 1224 1270 debere
1239 1249 1290 1271 nos
1304 1243 1347 1271 bis
1359 1244 1406 1279 qui
1419 1244 1474 1280 οε
1492 1252 1691 1281 praceptorum

901 1283 990 1312 locum
1002 1290 1161 1321 sortemque
1171 1292 1264 1315 tenent
1290 1289 1398 1324 subjici,
1421 1291 1473 1318 nisi
1486 1297 1621 1326 quatenus
1637 1293 1691 1319 uti-

899 1329 935 1357 lia
959 1331 1057 1360 docere
1073 1333 1279 1368 aggrediantur,
1296 1340 1324 1362 et
1339 1335 1390 1362 nisi
1405 1337 1476 1370 quod
1500 1344 1563 1365 vere
1580 1337 1606 1365 in
1628 1339 1694 1366 vitio

900 1384 963 1404 esse
974 1378 1108 1409 creditur.
1135 1378 1219 1406 velint
1234 1381 1407 1416 redarguere.
1433 1381 1481 1410 Est
1497 1383 1569 1411 enim
1605 1384 1693 1412 virtus

900 1422 1032 1456 doctoris,
1056 1424 1090 1451 ad
1117 1423 1266 1459 perfectam
1303 1432 1514 1464 accnratantque
1538 1429 1599 1464 ejus
1621 1431 1692 1465 quod

900 1473 941 1496 est
957 1469 1023 1497 utile
1039 1471 1163 1498 notitiam
1175 1478 1223 1499 eos
1249 1473 1295 1507 qui
1310 1473 1504 1508 informantur,
1530 1483 1610 1512 posse
1631 1485 1693 1512 per-

901 1514 1024 1543 ducere:
1045 1517 1159 1551 etquod
1182 1517 1337 1546 nociturum
1356 1523 1409 1554 est,
1431 1525 1558 1557 tanquam
1589 1523 1694 1552 adulte-

901 1560 1113 1595 rinumnotare.
1129 1567 1156 1590 et
1188 1563 1283 1598 iubere
1312 1571 1341 1592 ut
1366 1565 1392 1593 id
1427 1573 1587 1596 aversentur
1622 1571 1693 1605 quod

901 1607 971 1636 solet
993 1615 1101 1637 nocere.
1124 1609 1203 1638 Omni
1219 1613 1300 1639 etiam
1317 1612 1398 1641 laude
1419 1614 1492 1650 digni
1513 1620 1576 1643 sunt
1590 1617 1634 1651 qui
1664 1617 1692 1645 in

901 1654 1041 1689 discipulis
1068 1663 1224 1690 censentur,
1250 1657 1340 1686 sinon
1357 1659 1516 1695 simpliciter
1537 1662 1694 1691 intueantur

902 1700 1003 1734 placita
1018 1701 1172 1736 doctorum,
1186 1703 1233 1730 sed
1246 1711 1336 1731 rertun
1353 1709 1496 1734 naturam:
1513 1711 1540 1734 et
1551 1708 1574 1735 si
1593 1709 1694 1737 miren-

901 1750 947 1774 tur
961 1754 1008 1775 eos
1021 1748 1067 1783 qui
1082 1749 1189 1783 docent,
1204 1749 1338 1785 siquidem
1352 1751 1408 1779 sint
1424 1751 1486 1780 boni
1509 1758 1536 1781 et
1563 1755 1692 1789 scientes.

903 1801 1049 1830 rerumque
1063 1796 1228 1830 optimarum
1251 1796 1440 1833 interpretes:
1469 1799 1568 1835 quibus
1601 1807 1692 1829 autem

904 1841 966 1868 talis
978 1849 1076 1876 seopus
1097 1842 1318 1878 propositumque
1334 1852 1386 1871 non
1404 1850 1455 1878 est,
1482 1846 1691 1880 reprehendant.

903 1886 1009 1915 Etenim
1035 1894 1148 1922 pascunt
1160 1889 1267 1923 quidem
1285 1890 1366 1917 etiam
1381 1891 1407 1918 in
1423 1892 1560 1920 montibus
1573 1897 1601 1920 et
1617 1893 1692 1922 siltil

903 1934 994 1961 ovium
1005 1941 1114 1970 greges;
1131 1935 1218 1969 atqui,
1235 1935 1257 1962 si
1272 1943 1330 1970 qua:
1348 1936 1423 1964 l'ovca
1437 1937 1472 1964 sit
1487 1938 1629 1971 pecoribus
1647 1947 1692 1967 ex-

903 1980 1004 2015 posita,
1019 1980 1041 2007 si
1055 1981 1233 2016 pra’t-ipllitltll
1251 1987 1393 2017 appareat,
1410 1984 1583 2012 circumettnt
1614 1992 1692 2018 oves,

905 2034 955 2054 nec
971 2026 1081 2054 sibimet
1094 2032 1210 2054 mortem
1237 2033 1403 2056 accersunt:
1438 2037 1500 2057 nam
1532 2030 1591 2066 lege
1611 2031 1692 2059 veluti

903 2073 1019 2109 quadam
1032 2080 1047 2100 τι
1063 2077 1158 2100 natura
1175 2073 1254 2100 insita
1270 2073 1402 2102 docentur
1419 2075 1480 2103 vita:
1495 2084 1550 2104 sua:
1578 2085 1694 2112 parcen-

904 2119 967 2146 dum
985 2126 1055 2147 esse.
1076 2120 1117 2147 An
1133 2126 1197 2147 vero
1216 2127 1230 2147 a
1250 2120 1354 2148 ratione
1369 2121 1486 2150 alienum
1503 2131 1555 2150 non
1584 2129 1636 2157 est,
1665 2129 1692 2152 ut

904 2166 956 2193 hoc
974 2166 1000 2193 in
1016 2165 1179 2193 animalibus
1194 2167 1300 2194 ratione
1317 2168 1473 2196 carentibus
1489 2171 1579 2197 valere
1601 2170 1692 2198 vidca-

905 2216 967 2245 tur;
994 2211 1021 2239 in
1052 2213 1129 2240 nobis
1157 2217 1268 2247 autem,
1292 2213 1358 2249 ipsis
1386 2216 1562 2249 quantumvis
1590 2217 1695 2244 ratione

867 2277 890 2304 υ
902 2259 1038 2294 praeditis,
1058 2267 1148 2287 rerum
1171 2260 1204 2287 ad
1221 2253 1441 2288 commoditatem
1457 2265 1484 2289 et
1501 2263 1693 2290 necessitatem

902 2305 1060 2341 cultumque
1071 2306 1132 2334 vitte
1154 2306 1346 2342 pertinentium
1384 2314 1436 2334 non
1464 2307 1528 2335 insit
1554 2309 1692 2344 cognitio!

902 2352 1047 2388 Parigitur
1060 2357 1143 2380 estut
1165 2360 1225 2385 nos.
1243 2352 1267 2380 si
1281 2353 1326 2388 qui
1338 2354 1462 2381 doctores
1485 2361 1516 2380 ac
1531 2354 1614 2382 dttccs
1630 2363 1692 2382 cott-

903 2399 1002 2431 stituli,
1017 2399 1050 2426 ad
1064 2407 1094 2427 ea
1108 2407 1168 2434 qua:
1185 2400 1273 2426 minus
1289 2401 1400 2427 deceant
1417 2400 1578 2427 abstrahere
1598 2400 1692 2434 velint.

903 2452 958 2472 non
985 2453 1131 2480 sequamur
1150 2445 1322 2479 simpliciter,
1342 2453 1391 2473 nec
1405 2450 1505 2473 temere
1533 2454 1566 2474 ac
1597 2447 1693 2474 incon-

904 2491 1023 2518 siderate
1035 2491 1068 2518 ad
1082 2498 1114 2518 ea
1133 2498 1193 2526 qua:
1222 2490 1287 2525 ipsis
1309 2491 1417 2525 placent
1431 2492 1616 2525 convolemus,
1646 2493 1693 2520 sed

905 2538 937 2565 de
953 2537 1067 2574 singulis
1082 2538 1162 2565 rebus
1180 2537 1292 2572 agendis
1307 2538 1494 2572 exquiramus,
1507 2543 1535 2566 et
1551 2539 1592 2567 sic
1611 2540 1644 2566 ad
1660 2545 1692 2565 ea

904 2591 963 2618 quae
985 2584 1131 2611 maximam
1157 2583 1299 2611 utilitatem
1319 2583 1452 2618 afferunt,
1470 2585 1691 2619 progrediamur.

904 2629 989 2657 Erant
1011 2630 1103 2665 itaque
1117 2629 1271 2657 Judaaorutn
1288 2635 1479 2665 prmceptores,
1494 2631 1520 2658 id
1534 2636 1575 2658 cst
1591 2629 1693 2658 Scriba

905 2683 936 2703 ac
953 2675 1094 2710 Pharisaei,
1113 2676 1138 2702 in
1155 2676 1311 2702 divitiarum
1337 2676 1512 2711 proventibus
1542 2684 1692 2712 congeren-

905 2721 956 2753 dis,
975 2726 1003 2748 et
1018 2722 1043 2747 in
1065 2720 1222 2755 colligendis
1237 2721 1430 2755 oblationibus,
1443 2721 1566 2754 decimis,
1598 2720 1693 2756 primi-

906 2767 961 2798 tiis,
981 2773 1057 2794 acrcs
1069 2770 1097 2792 et
1108 2766 1223 2801 impigri,
1239 2771 1267 2793 et
1280 2766 1307 2794 in
1323 2767 1448 2794 omnibus
1461 2767 1542 2793 etiam
1554 2774 1614 2802 «pne
1626 2765 1692 2794 sorti

905 2813 1076 2840 sacerdotum
1095 2813 1135 2840 lex
1165 2813 1312 2848 deputavit.
1341 2813 1444 2847 Scopus
1476 2818 1565 2840 autent
1599 2820 1691 2840 eorum

905 2859 1100 2893 consiliumque
1115 2859 1174 2891 fuit,
1194 2859 1219 2886 in
1232 2866 1347 2893 cttmqtte
1355 2867 1434 2886 omne
1445 2859 1561 2886 studium
1576 2859 1692 2894 positum

906 2910 974 2939 erat,
1001 2910 1026 2931 ιιι
1043 2905 1121 2932 (idem
1135 2904 1254 2933 facerent
1272 2905 1341 2939 plebi
1360 2905 1444 2939 legem
1468 2905 1492 2932 in
1510 2904 1583 2932 Itisce
1607 2903 1690 2936 pClil-
