1890 3053
191 147 237 174 ιιι

704 144 733 172 S.
754 142 892 170 CYHILLI
915 142 1148 172 ALEXANDRINI
1169 143 1328 172 ARCHIEP.

1782 140 1839 167 ιη

190 208 288 234 simum
299 204 511 234 conservandam
529 211 592 231 esse
608 212 615 230 :
637 202 752 230 aliarum
777 210 842 229 vero
878 210 936 237 prae

1089 203 1134 233 ττδ
1150 203 1250 239 χρῆναι
1263 203 1406 238 φυλάττειν
1433 202 1462 229 Iv
1476 211 1506 236 γε
1527 202 1559 237 δὴ
1580 201 1685 233 τούτοις
1708 200 1835 236 μάλιστα

190 252 312 287 plionum
331 259 383 279 non
400 257 495 285 magna
511 249 581 285 apud
598 249 661 276 illos
686 250 766 281 ratio,
787 249 900 283 ideoque
924 249 981 284 ipse

198 299 329 326 Servator
343 296 397 324 illis
411 297 534 323 dixerat:
551 305 560 321 ‹
577 295 624 322 Vae
641 295 728 327 vobis,
743 293 850 322 =Scriba:
868 298 895 320 ct
915 293 982 321 Pha-

191 345 262 372 tisati
280 343 437 379 ltypocritw,
452 342 584 377 quoniam
601 341 744 370 decintatis
757 341 898 372 anethum,
911 348 983 367 men-

192 390 266 417 thatn
292 393 318 416 et
337 388 494 420 cuminum,
518 392 545 414 et
573 387 708 414 omisistis
736 387 863 422 graviora
903 385 982 421 legis,

189 434 332 468 judicium,
346 433 561 460 misericordiam
576 437 603 461 et
621 433 701 460 [idem
713 431 746 459 ‘9.
765 441 774 458 ι
795 432 881 459 Erant
894 432 984 467 itaque

192 481 267 507 lucro
283 479 366 507 dediti
383 483 410 506 ct
424 484 548 507 amantes
567 479 605 506 rei
618 479 783 514 pecuniaria:
796 488 802 506 :
817 483 846 506 et
881 479 902 506 si
937 479 982 513 qui

191 526 262 554 forte
280 525 459 559 oﬂ'enderent,
491 533 568 554 acres
588 526 629 553 his
649 525 747 553 multas
767 525 935 559 indigebant,
951 530 985 553 λιιι

191 580 249 605 eos.
278 572 332 608 63
361 579 521 607 quocunque
545 571 659 599 crimine
688 571 854 605 postulatos,
875 572 984 598 territa-

192 624 263 652 rent,
283 623 310 646 et
330 626 522 653 nonnunquam
548 618 630 645 etiam
647 617 717 644 ultra
731 617 873 645 facultates
886 617 984 645 olrerre

192 665 397 700 persuaderent.
413 664 481 692 Hinc
498 664 566 692 dicit
588 664 630 691 his
649 664 695 698 qui
726 662 853 697 iujuriam
876 665 910 690 ab
933 664 984 692 illis

193 711 265 746 passi
293 716 357 738 sunt
376 720 382 738 :
407 720 416 737 ι
437 710 538 745 Popule
553 710 599 743 nti,
616 709 779 744 expilatores
794 710 831 736 tui
845 714 985 737 racemant

194 764 262 788 ros,
281 762 309 784 et
336 762 478 785 exactores
497 757 670 784 dominantur
696 756 784 783 vobis.
803 765 812 781 ι
843 755 908 783 Cum
937 763 983 790 po-

193 803 284 838 pulum
316 803 392 835 dicit,
423 802 558 837 signiﬁcat
577 802 658 830 etiam
673 802 762 829 adhuc
789 801 924 835 lsraeletn,
941 806 985 829 nt-

194 855 256 883 pote
284 848 403 876 lenitatis
423 852 450 875 et
469 847 647 875 humanitatis
666 846 796 874 beneﬁcio
825 847 982 880 fruiturum,

194 902 243 922 nec
265 895 373 929 penitus
390 893 436 923 fab
459 901 490 920 ea
522 893 711 927 conjunctione
733 894 984 928 t-onsnetudiueque

193 948 253 968 cum
273 940 332 975 ipso
343 939 533 967 avellendum:
552 940 575 966 si
593 938 702 974 quidem
718 937 782 965 velit
799 939 831 966 ad
859 939 884 966 id
912 940 984 974 quod

192 986 243 1022 ipsi
258 986 406 1013 collibitum
420 990 481 1019 est,
504 992 564 1012 sese
587 984 746 1012 transferre.
766 984 834 1012 Cum
856 993 920 1013 vero
937 993 984 1013 ex-

194 1038 299 1061 actores
316 1038 454 1059 racemare
471 1031 520 1065 aiI,
540 1031 678 1059 immensa).
698 1032 855 1066 cupiditatis
877 1031 983 1058 illorum

194 1084 220 1107 et
236 1078 356 1106 avaritiae
370 1077 582 1112 magnitudinem
598 1078 709 1105 indicat.
727 1078 866 1113 Siquidem
880 1082 983 1105 meten-

196 1125 261 1153 tium
288 1124 331 1152 alii
359 1124 507 1152 resecantis
535 1132 615 1151 manu
647 1124 804 1152 decidentes
833 1123 984 1158 colligunt,

195 1172 316 1207 nihilque
333 1170 436 1198 faciunt
454 1171 481 1198 itt
500 1171 572 1206 agris
596 1171 744 1198 residuum.
763 1170 890 1206 Idemque
906 1169 984 1197 facti-

193 1221 265 1250 tant,
288 1216 334 1251 qui
363 1216 433 1243 vites
457 1215 636 1243 vindemiant.
667 1225 676 1242 t
696 1216 846 1244 Racemant
867 1215 957 1250 igitur,
974 1224 983 1240 ι

197 1263 291 1298 inquit,
308 1271 319 1289 ι
335 1269 383 1290 vos
398 1266 539 1290 exactores
555 1262 648 1290 vestri.
669 1271 679 1288 ι
695 1262 809 1290 Perinde
842 1269 874 1288 ac
902 1262 924 1288 si
951 1261 988 1288 di-

195 1314 268 1337 t-eret
285 1318 291 1336 :
305 1308 509 1337 Vindemiarum
522 1313 628 1336 vestras
638 1309 730 1343 copias
742 1315 748 1335 :
760 1315 846 1343 neque
862 1308 896 1335 ibi
909 1308 986 1336 inett-

195 1355 302 1389 plebilis
314 1362 409 1382 eorum
435 1354 509 1381 sistit
530 1355 676 1389 Cupiditas,
703 1355 748 1382 sed
783 1353 839 1389 jam
865 1361 988 1381 racemos

194 1402 351 1436 decerpunt,
369 1400 394 1428 id
406 1405 461 1431 est,
480 1407 575 1427 manus
596 1401 621 1427 in
641 1408 673 1427 ea
698 1407 757 1434 quae
781 1400 870 1428 adhuc
893 1401 985 1426 relicta

195 1452 269 1479 sunt,
288 1445 590 1481 injiciuut.Bellissime
608 1454 673 1473 vero
688 1451 716 1473 et
738 1450 800 1480 apte
819 1454 872 1472 non
890 1453 988 1480 praece-

195 1498 286 1527 ptores
299 1512 305 1524 ,
319 1499 371 1519 non
392 1492 548 1525 magistros.
571 1499 623 1519 non
643 1492 744 1526 aliquid
766 1492 836 1518 aliud
855 1492 988 1526 ejusmodi

195 1545 257 1566 esse
272 1537 349 1571 dicit,
365 1536 412 1564 sed
427 1540 580 1569 exactores,
595 1536 643 1564 sed
657 1541 836 1564 aaruseatores
853 1537 985 1567 nominat,
1000 1554 1021 1583 ε

196 1584 330 1619 docetque
344 1590 391 1610 eos
410 1582 544 1610 dominari
561 1582 613 1609 illis
636 1590 688 1609 non
704 1587 731 1608 ut
747 1582 885 1614 doctores,
903 1581 983 1609 disci-

191 1631 274 1666 pulos
292 1629 388 1657 leniter
412 1633 566 1660 tractantes,
581 1628 628 1656 sed
648 1633 677 1655 ut
703 1628 779 1662 rigidi
796 1635 827 1654 ac
843 1629 906 1655 ειενί
937 1629 986 1655 do-

197 1675 275 1708 mini,
291 1676 363 1710 quod
387 1674 438 1710 ipsi
453 1674 537 1702 velint
561 1673 663 1701 sentire
675 1678 811 1708 cogentes,
827 1678 855 1700 et
867 1674 899 1700 ad
908 1674 987 1709 quid-

197 1723 238 1750 vis
261 1728 454 1756 nonnunquam
475 1719 652 1756 itnpellentes.
681 1720 815 1747 Caeterum
840 1719 866 1746 hi
885 1720 930 1753 qui
961 1719 986 1746 in

196 1767 305 1794 Christo
331 1770 404 1798 sunt,
421 1772 482 1792 eum
512 1772 624 1799 scopum
656 1771 708 1791 non
738 1764 788 1791 sibi
821 1769 986 1798 proponunt.

198 1812 298 1840 Scribit
312 1812 402 1846 itaque
414 1810 520 1838 divittus
546 1809 642 1837 Petrus
671 1809 774 1836 vocatis
795 1809 827 1836 ad
849 1809 989 1844 episcopa-

196 1864 264 1890 tum,
297 1857 392 1885 aseitis
405 1857 438 1883 ad
458 1855 624 1883 functiouem
643 1855 755 1882 docendi
784 1862 849 1882 oves
885 1855 989 1882 ratione

196 1904 335 1939 prmditas,
348 1910 400 1929 nott
421 1908 449 1929 ut
463 1901 635 1929 dominentur
650 1901 675 1927 in
691 1900 772 1933 clero,
788 1900 813 1927 id
824 1904 875 1931 est,
891 1899 989 1934 populo

196 1951 242 1985 qui
274 1941 336 1977 sors
357 1948 463 1976 Domini
487 1953 539 1981 est,
558 1947 604 1975 sed
623 1952 652 1974 ut
672 1948 727 1973 sint
749 1946 838 1981 gregis
853 1945 988 1980 exempla-

194 1997 236 2023 ria
248 1995 316 2022 “'“.
327 1995 386 2023 Jant
396 1999 423 2022 et
435 1994 503 2022 alios
511 1998 651 2022 exactores
661 1993 735 2020 novit
744 1999 834 2020 sermo
845 1993 986 2027 mysticus:

196 2049 264 2076 quos
278 2041 375 2069 debent
389 2040 425 2072 lti,
448 2041 494 2075 qui
510 2045 580 2068 recte
596 2040 691 2066 ricturi
712 2043 785 2072 sunt,
800 2038 901 2074 fugere.
922 2038 989 2065 Nam

197 2087 274 2115 make
286 2093 313 2114 et
334 2086 494 2113 adversaria:
518 2090 665 2120 potestates
689 2084 809 2111 omnium
838 2083 989 2110 mortalium

196 2134 314 2160 studium
328 2132 474 2160 sollicitant
490 2132 523 2159 ad
538 2131 656 2166 malum,
686 2133 850 2165 extorquent
872 2134 899 2156 et
929 2137 991 2164 pro—

196 2181 339 2214 pemodum
354 2179 476 2214 exigunt,
490 2183 519 2205 et
536 2177 618 2204 animi
646 2178 678 2203 ad
694 2176 911 2211 perturbationes
929 2183 991 2211 pro-

999 883 1020 910 Β

1033 248 1078 275 τὸν
1090 250 1171 285 νόμον
1187 258 1193 265 ·
1209 249 1264 276 τῶν
1276 258 1306 284 γε
1327 249 1381 285 μὴν
1399 249 1500 284 ἐτέρων
1519 248 1633 275 ἐντολῶν
1646 248 1676 274 οὐ
1693 246 1784 278 πολὺς
1801 242 1838 280 ἦν

1032 294 1102 329 ἄγαν
1111 295 1176 331 παρ’
1188 295 1280 327 αὐτοῖς
1295 297 1310 322 ὁ
1321 295 1409 330 λόγος.
1424 294 1516 330 Ταύτῃ
1526 303 1567 321 τοι
1581 294 1649 330 πρὸς
1665 293 1771 324 αὐτοὺς
1787 293 1836 319 καὶ

1033 342 1116 374 αὐτὸς
1139 343 1259 378 ἔφασκεν
1276 344 1290 370 ό
1309 343 1415 379 Σωτήρ·
1436 354 1444 369 ι
1462 343 1531 370 Οὐαὶ
1553 343 1628 377 ὑμῖν,
1649 342 1838 378 Γραμματεῖς

1034 389 1081 415 καὶ
1096 390 1237 425 Φαρισαῖοι
1248 390 1404 425 ὑποκριταὶ,
1420 390 1460 416 ὅτι
1473 389 1672 417 ἀποδεκατοῦτε
1686 389 1719 416 τὸ
1731 387 1838 423 ἄνηθον

1034 435 1082 461 καὶ
1099 434 1129 460 τὸ
1150 434 1297 470 ἡδύοσμον,
1325 434 1413 462 καὶτὸ
1433 434 1557 470 κύμινον.
1576 435 1632 461 Καὶ
1647 435 1778 469 ἀφήκατε
1802 432 1838 459 τὰ

1035 479 1172 516 βαρύτερα
1199 480 1246 508 τοῦ
1267 480 1361 516 νόμου.
1380 481 1430 516 τὴν
1447 481 1548 516 κρίσιν,
1563 480 1610 507 καὶ⁸
1623 480 1654 506 τὸ
1678 480 1766 512 ἕλεος,
1786 478 1838 505 καὶ

1033 526 1083 562 τὴν
1097 527 1197 554 πίστιν.
1216 537 1225 554 t
1243 526 1334 555 Ἦσαν
1353 525 1400 555 οὖν
1426 527 1478 563 ἄρα
1492 526 1659 562 φιλοκερδεῖς
1674 526 1723 553 καὶ
1738 527 1839 562 ἐρασι-

1035 573 1180 609 χρήματοι,
1193 574 1239 601 καὶ
1253 574 1355 610 πικρὰς
1369 574 1425 601 ἔσθ’
1438 576 1483 602 ὅτε
1498 576 1554 606 τοῖς
1570 574 1714 601 πταίουσιν
1727 574 1838 607 ἐπῆγον

1035 618 1083 649 τὰς
1101 618 1189 652 δίκας,
1203 619 1246 646 ἵνα
1258 619 1481 655 ὲκδειματοῦντες
1495 620 1558 651 τοὺς
1571 619 1614 654 ἐφ’
1629 618 1734 653 ὁτῳοῦν
1751 619 1839 652 ἐγκα-

1034 664 1181 700 λουμένους
1205 665 1354 702 προσάγειν
1382 666 1474 698 αὐτοῖς
1500 666 1686 693 ἁναπείθωσιν
1715 666 1765 692 καὶ
1799 665 1838 691 τὰ

1035 711 1105 746 ὑπὲρ
1117 711 1230 747 δύναμιν
1239 711 1355 740 ἔσθ’ὅτε.
1368 713 1460 748 Ταύτῃ
1476 712 1516 739 τοι
1529 721 1596 748 φησι
1610 712 1677 745 πρὸς
1688 712 1754 743 τοὺς
1766 711 1838 746 παρ’

1034 756 1125 783 αὐτῶν
1138 756 1341 792 ἀδικουμένους·
1358 767 1368 783 ‹
1379 757 1450 788 Λαός
1466 765 1527 792 μου,
1541 758 1564 783 οἱ
1581 758 1738 792 πράκτορες
1754 757 1837 792 ὑμῶν

1037 802 1212 837 καλαμῶνται
1228 802 1310 837 ὑμᾶς,
1340 803 1386 829 καὶ
1407 803 1431 829 οἱ
1459 801 1638 833 ἀπαιτοῦντες
1655 802 1838 838 κυριεύουσιν

1036 847 1124 882 ὑμῶν.
1137 857 1146 873 ι
1165 848 1220 875 Καὶ
1232 847 1276 875 διὰ
1293 848 1342 883 μὲν
1359 848 1405 875 τοῦ
1415 848 1478 875 λαὸν
1491 849 1588 879 είπείν,
1604 848 1644 874 ἔτι
1657 848 1704 874 τὸν
1721 849 1837 884 Ἰσραὴλ

1033 892 1125 919 δίδωσι
1146 895 1227 925 νοεῖν,
1255 893 1292 925 ὠς
1316 894 1396 929 εῐπερ
1423 894 1526 920 ἕλοιντο
1548 895 1716 929 μεταφοιτᾷν
1735 894 1784 920 ἐπὶ
1806 894 1838 920 τὸ

1035 939 1112 974 αὐτῷ
1121 939 1228 972 δοκοῦν,
1246 940 1300 966 τῶν
1317 940 1347 973 ἐξ
1362 940 1534 975 ἡμερότητος
1547 940 1688 973 τεύξονται
1706 941 1754 967 καὶ
1773 940 1838 975 φιλ-

1036 985 1212 1021 ανθρωπίας,
1245 986 1293 1013 καὶ
1324 987 1374 1013 οὐκ
1403 986 1520 1013 εἰσάπαν
1547 987 1751 1013 ἀποπεσοῶται
1784 987 1838 1021 τῆς

1037 1030 1104 1066 πρὸς
1129 1030 1211 1058 αὐτὸν
1238 1031 1404 1066 οἰκειότητος
1423 1032 1562 1066 σχετικῆς.
1594 1031 1782 1067 Καλαμᾶσθαι
1807 1032 1837 1058 δὲ

1036 1077 1121 1103 εἰπὼν
1148 1077 1212 1109 τοὺς
1236 1077 1405 1112 πράκτορας,
1434 1077 1483 1112 τῆς
1506 1077 1618 1113 ἐνούσης
1634 1078 1728 1110 αὐτοῖς
1742 1077 1838 1113 ἀπλη-

1038 1119 1113 1151 στίας
1130 1128 1159 1146 τε
1175 1119 1243 1154 ὁμοῦ
1261 1120 1307 1146 καὶ
1324 1120 1495 1155 φιλοκερδίας
1510 1120 1628 1147 δείκνυσι
1651 1121 1681 1147 τὸ
1700 1121 1833 1156 μέγεθος.

1044 1167 1088 1193 Ἐν
1108 1167 1224 1202 μὲνγὰρ
1241 1168 1296 1198 τοῖς
1311 1168 1397 1202 ληῖοις
1410 1169 1434 1194 οἱ
1462 1168 1511 1203 μὲν
1532 1169 1708 1203 ἀποκείρουσι
1730 1169 1838 1204 σιδήρῳ

1037 1212 1082 1238 τὸν
1098 1213 1209 1247 στάχυν,
1228 1213 1253 1239 οἱ
1269 1212 1297 1239 δὲ
1312 1214 1375 1244 τοὺς
1385 1214 1567 1245 ἐκπίπτοντας
1577 1214 1626 1249 τῆς
1636 1214 1683 1240 τοῦ
1694 1215 1838 1250 κείροντος

1038 1258 1129 1293 χειρὸς
1146 1257 1331 1292 συλλέγοντες,
1350 1259 1425 1285 οὐδὲν
1448 1259 1559 1293 ἀφιᾶσιν
1574 1260 1603 1289 ὲν
1620 1259 1728 1295 ἀγροῖς.
1753 1260 1838 1292 Ἐθος

1038 1304 1066 1330 δὲ
1081 1305 1128 1331 καὶ
1142 1305 1198 1336 τοῖς
1213 1303 1262 1336 τὰς
1275 1305 1415 1340 ἀμπέλους
1433 1305 1555 1341 τρυγῶσι
1569 1304 1649 1332 τοῦτο
1659 1305 1737 1341 δρᾷν,
1755 1316 1765 1332 t
1777 1307 1839 1333 Κα-

1039 1349 1180 1385 λαμῶνται
1194 1350 1281 1377 τοίνυν
1299 1350 1382 1385 ὑμᾶς,
1396 1351 1488 1385 φησὶν,
1505 1351 1528 1377 οἱ
1547 1351 1702 1387 πράκτορες
1717 1352 1808 1387 ὑμῶν.
1826 1362 1834 1378 ι

1041 1397 1151 1433 Ὅμοιον
1172 1398 1208 1430 ὼς
1233 1399 1257 1424 εί
1285 1397 1374 1432 λέγοι·
1401 1399 1606 1434 Τετρυγήκασιν
1626 1399 1703 1433 ὑμῶν
1718 1399 1769 1431 τὰς
1787 1407 1838 1425 πε-

1042 1442 1172 1478 ριουσίας,
1190 1443 1238 1469 καὶ
1260 1442 1290 1469 οὐ
1315 1443 1396 1478 μέχρι
1428 1443 1522 1470 τούτου
1547 1443 1580 1469 τὰ
1603 1444 1654 1478 τῆς
1678 1443 1837 1478 ἀπληστίας

1040 1488 1142 1519 αὐτοῖς.
1166 1487 1233 1514 Ἀλλ’
1253 1487 1303 1522 ἥδη
1322 1487 1369 1514 καὶ
1394 1487 1585 1522 καλαμῶνται,
1604 1488 1677 1514 τοῦτ’
1696 1488 1766 1521 ἐστι,
1785 1488 1838 1519 τὰς

1040 1535 1133 1569 χεῖρας
1147 1533 1289 1567 ἐπάγουσι,
1301 1533 1348 1560 καὶ
1375 1534 1432 1564 τοῖς
1446 1534 1486 1559 Ξτι
1508 1533 1779 1569 καταλελειμμένοις.
1798 1532 1837 1560 EB

1037 1580 1066 1606 δὲ
1083 1579 1114 1614 δὴ
1128 1579 1240 1614 σφόδρα,
1252 1579 1299 1605 καὶ
1319 1579 1478 1615 πρεπόντως
1490 1580 1592 1611 αὐτοῖς,
1608 1580 1638 1606 οὐ
1655 1580 1818 1616 καθηγητὰς
1830 1602 1836 1612 ,

1037 1626 1067 1652 οὐ
1090 1625 1276 1659 διδασκάλους,
1297 1626 1346 1661 οὐχ
1368 1625 1461 1661 ἕτερον
1480 1635 1506 1653 τι
1529 1626 1585 1652 τῶν
1610 1627 1741 1653 τοιούτων
1763 1625 1838 1654 εἷναί

1037 1680 1130 1706 φησιν,
1143 1672 1303 1707 πράκτορας
1319 1671 1347 1698 δὲ
1364 1671 1506 1707 ὀνομάζει,
1531 1672 1578 1698 καὶ
1603 1672 1770 1707 ἀπαιτητάς.
1790 1674 1837 1700 Δι-

1038 1717 1132 1744 δάσκει
1156 1717 1184 1744 δὲ
1210 1717 1252 1744 ὅτι
1278 1717 1536 1751 κατεξουσιάζουσιν
1553 1718 1658 1751 αὐτῶν,
1676 1719 1725 1754 οὐχ
1744 1719 1782 1751 ὡς
1795 1719 1836 1746 δι-

1038 1763 1166 1790 δάσκαλοι
1181 1759 1315 1799 μαθηταῖς
1338 1764 1426 1799 ὴπίως
1454 1765 1682 1800 προσφερόμενοι,
1707 1764 1837 1792 ἁλλόἷον

1040 1811 1154 1845 σκληροὶ
1181 1810 1228 1837 καὶ
1257 1811 1349 1846 ἄγριοι
1383 1810 1531 1844 δεσπόται,
1561 1811 1590 1837 τὸ
1619 1811 1716 1837 δοκοῦν
1743 1813 1837 1844 αὐτοῖς

1039 1858 1147 1892 φρονεῖν
1160 1856 1370 1890 ἀναγκάζοντες,
1396 1856 1442 1882 καὶ
1459 1857 1527 1892 πρὸς
1549 1857 1602 1883 πᾶν
1624 1858 1713 1884 ότιοῦν
1731 1859 1836 1892 ἀποφὲ-

1041 1910 1144 1938 ροντες,
1167 1903 1213 1929 καὶ
1229 1902 1283 1929 τῶν
1299 1902 1373 1937 παρὰ
1397 1901 1510 1938 γνώμην
1527 1902 1582 1929 ἐσθ’
1608 1903 1662 1929 ὅτε.
1686 1904 1759 1930 Ἀλλ’
1773 1905 1787 1931 ὅ
1801 1913 1834 1938 γε

1039 1947 1094 1974 τῶν
1109 1948 1136 1974 ἐν
1154 1946 1263 1982 Χριστῷ
1275 1946 1375 1978 σκοπὸς
1402 1947 1431 1973 οὐ
1447 1946 1566 1979 τοιοῦτος
1583 1945 1626 1982 ἦν.
1649 1947 1755 1983 Γράφει
1769 1949 1835 1983 γοῦν

1039 1994 1053 2020 ό
1073 1994 1215 2024 θεσπέσιος
1236 1993 1337 2028 Πέτρος
1353 1994 1409 2024 τοῖς
1425 1993 1604 2028 κεκλημένοις
1617 1994 1657 2025 είς
1667 1995 1832 2030 ἐπισκοπὴν,

1041 2040 1087 2066 καὶ
1102 2038 1279 2074 καθηγεῖσθαι
1297 2038 1408 2073 λαχοῦσι
1424 2039 1479 2065 τῶν
1496 2038 1610 2069 λογικῶν
1626 2039 1772 2075 ποιμνίων,
1797 2042 1833 2076 μὴ

1039 2085 1076 2118 ὼς
1089 2085 1332 2120 κατακυριεύοντες
1345 2085 1399 2111 τῶν
1413 2085 1531 2120 κλήρων.
1547 2086 1614 2112 ἀλλὰ
1626 2087 1707 2114 τύποι
1720 2089 1834 2123 γενόμε-

1041 2141 1081 2158 νοι
1095 2131 1142 2158 τοῦ
1157 2132 1292 2168 ποιμνίου.
1311 2130 1389 2160 Οἶδεν
1418 2131 1447 2159 δὲ
1465 2133 1480 2159 ὀ
1501 2133 1578 2167 λόγος
1598 2134 1612 2160 ὁ
1638 2135 1770 2169 μυστικὸς
1788 2136 1834 2162 καλ

1042 2177 1200 2213 πράκτορας
1222 2178 1349 2213 ἑτέρους,
1366 2177 1413 2209 οὒς
1435 2177 1541 2214 ἀνάγκη
1562 2180 1760 2215 παραιτεῖσθαι
1780 2184 1834 2212 τοῖς

196 2226 342 2252 elivitatetn
371 2230 497 2258 tanquam
526 2224 658 2250 tributum
683 2224 819 2257 quoddam
848 2222 942 2257 colligu

1085 2223 1168 2250 ιλουσι
1191 2223 1265 2259 βιοῦν
1283 2224 1382 2259 ὀρθῶς.
1407 2224 1442 2251 Αἱ
1461 2224 1515 2260 γὰρ
1534 2226 1652 2261 πονηραὶ
1683 2227 1733 2253 καὶ
1761 2228 1831 2254 ἀντι-

196 2272 406 2298 Sucrosanctum
422 2270 493 2296 enirn
518 2269 630 2296 verbum
659 2269 752 2296 beatos
779 2268 913 2302 praedicat
939 2275 986 2295 eos

195 2317 239 2351 qui
256 2323 348 2343 vocem
364 2315 499 2343 exactoris
514 2322 568 2342 non
593 2314 764 2342 audiverunt.
790 2313 841 2347 Qui
864 2315 936 2341 enittt
956 2321 986 2342 se

195 2371 210 2390 ιι
228 2362 318 2390 carnis
334 2360 526 2397 cupiditatibus
541 2364 686 2392 sevocant,
707 2367 738 2386 ac
751 2359 863 2392 juvenili
882 2359 985 2386 vivida-

195 2416 248 2443 que
266 2408 417 2444 prudentia,
437 2406 507 2434 mala
530 2411 590 2434 orta
614 2414 646 2434 ex
674 2411 786 2441 peccato
815 2405 984 2441 propulsant,

197 2455 364 2489 principatus
382 2453 498 2486 calcant,
535 2457 561 2479 et
576 2452 726 2487 spiritualia
771 2452 899 2486 nequitiae
924 2451 983 2479 vin-

196 2506 273 2532 cunt,
297 2499 423 2526 fortiores
440 2503 504 2526 sunt
519 2506 600 2534 quant
629 2502 657 2525 ut
673 2506 737 2526 voce
753 2499 890 2526 cxactoris
910 2498 983 2526 vinci

197 2552 226 2571 se
241 2543 392 2577 patiantur.
406 2542 521 2569 Proinde
536 2542 562 2569 hi
574 2548 715 2570 exactores
730 2542 830 2570 vitandi
842 2542 898 2579 64
909 2547 982 2576 sunt,

197 2591 246 2616 nec
262 2588 463 2615 concedendum
482 2593 510 2615 nt
527 2588 641 2616 fructum
656 2589 688 2616 ad
704 2593 844 2623 peccatum
863 2590 889 2615 itt
909 2589 986 2616 nobis

197 2639 309 2666 metant,
325 2634 379 2661 imo
392 2642 441 2662 nec
458 2639 605 2662 raeement.
619 2634 675 2663 lloc
690 2640 779 2662 autctn
789 2636 987 2670 prmstabimns.

197 2681 299 2708 \itilnts
314 2685 340 2707 et
354 2681 430 2715 quasi
461 2681 552 2708 nervis
567 2689 615 2716 per
643 2681 781 2708 Christum
809 2680 987 2714 conﬁrmatis,

196 2734 221 2754 et
240 2727 330 2761 pravis
346 2731 444 2753 nostrae
463 2727 561 2754 mentis
585 2727 795 2762 cogitationibus
827 2727 933 2761 θῇς-θύει,
961 2733 987 2754 et

197 2774 267 2800 fut-du
285 2773 443 2808 cupiditate,
461 2773 591 2809 onmiqne
603 2781 700 2809 genere
718 2773 883 2800 vitiositatis.

246 2853 271 2870 δι’
287 2851 378 2879 Matth.
398 2859 473 2884 XXIII,
491 2851 534 2880 25.
590 2850 648 2867 “-"
666 2850 674 2876 ι
693 2849 763 2877 l‘ctr.
787 2858 809 2876 ι’.
825 2850 851 2885 *2,
864 2852 890 2879 3.

1039 2268 1163 2303 κείμεναι
1179 2268 1308 2304 δυνάμεις
1337 2269 1451 2295 ἕκαστον
1474 2269 1529 2297 τῶν
1553 2270 1599 2296 ἐπὶ
1622 2271 1674 2306 γῆς
1693 2274 1834 2307 μονονουχὶ

1037 2314 1085 2342 καὶ
1100 2315 1246 2342 ἀπαιτοῦσι
1256 2315 1305 2350 τὴν
1317 2316 1356 2346 εἰς
1366 2314 1396 2341 τὸ
1406 2315 1507 2350 φαῦλον
1522 2317 1638 2352 σπουδὴν
1648 2337 1654 2349 ,
1678 2319 1726 2344 καὶ
1741 2318 1834 2354 ὥσπερ

1044 2361 1106 2388 τινὰ
1121 2360 1222 2396 δασμὸν
1237 2361 1303 2396 παρ’
1320 2361 1398 2396 ἡμῶν
1415 2360 1584 2395 συλλέγουσι,
1599 2361 1647 2398 τὴν
1659 2363 1699 2394 εις
1713 2364 1748 2390 τὰ
1764 2364 1832 2399 πάθη

1036 2406 1087 2441 τῆς
1101 2406 1218 2438 διανοίας
1228 2407 1324 2442 ῥοπήν.
1335 2407 1388 2432 Kai.
1399 2406 1463 2440 γοῦν
1478 2408 1492 2433 ό
1509 2407 1581 2442 ἱερὸς
1596 2407 1746 2444 μακαρίζει
1759 2409 1834 2442 λόγος

1037 2452 1101 2484 τοὺς
1120 2453 1158 2488 μὴ
1186 2452 1357 2483 ἀκούσαντας
1379 2452 1471 2487 φωνὴν
1491 2452 1650 2487 φορολόγου·
1668 2453 1694 2479 οἱ
1712 2453 1768 2489 γὰρ
1783 2453 1829 2480 τῶι

1036 2498 1086 2533 τῆς
1101 2498 1202 2534 σαρκὸς
1217 2498 1370 2534 ἐπιθυμιῶν
1381 2497 1652 2533 κατεξανιστάμενοι,
1661 2500 1835 2534 tratum-.11};

1038 2545 1191 2580 φρονήματι
1204 2544 1237 2571 τὰ
1251 2545 1284 2570 ἐκ
1300 2544 1348 2579 τῆς
1365 2544 1501 2579 ἁμαρτίας
1512 2545 1722 2580 παρωθούμενοι
1738 2543 1832 2580 βλάϐη,

1039 2590 1087 2617 καὶ
1107 2590 1255 2621 πατοῦντες
1276 2590 1381 2626 ἀρχὰς,
1408 2591 1455 2617 καὶ
1477 2591 1607 2623 νικῶντες
1628 2591 1664 2618 τὰ
1690 2592 1834 2626 πνεύματα

1039 2635 1089 2670 τῆς
1106 2635 1250 2670 πονηρίας,
1267 2637 1407 2670 κρείττους
1419 2637 1548 2671 γεγόνασι
1566 2637 1614 2672 τῆς
1626 2637 1671 2663 τοῦ
1687 2637 1832 2673 φορολόγου

1040 2682 1142 2718 φωνῆς.
1174 2684 1221 2708 Δεῖ
1253 2683 1340 2709 τοίνυν
1373 2683 1437 2714 τοὺς
1472 2684 1610 2716 τοιούτους
1642 2684 1831 2719 παραιτεῖσθαι

1041 2729 1208 2764 πράκτορας,
1227 2729 1273 2755 καὶ
1292 2730 1359 2764 μήτε
1388 2729 1505 2764 θερίζειν
1522 2731 1551 2756 ἑν
1566 2731 1632 2765 ἡμῖν
1647 2731 1678 2757 τὸ
1688 2731 1730 2762 είς
1747 2731 1830 2765 ἀμαρ-

1039 2774 1098 2800 τίλν
1116 2774 1287 2809 ἀποτέλεσμα
1305 2777 1464 2810 συγχωρεῖν,
1480 2776 1548 2810 μήτε
1571 2775 1624 2811 μὴν
1647 2776 1828 2812 καλαμᾶσθαι.
