1890 3053
83 161 135 191 195

659 160 695 189 IN
714 159 833 192 ΙΒᾼΙΑΜ
851 160 915 188 ιω.

939 159 959 187 Ι.
977 156 1081 186 ORAT.
1101 155 1144 183 Ill.
1676 148 1724 177 HO

86 228 142 249 κων
155 219 212 247 τῶν
228 218 459 256 τιθυμιαμόνων,
477 219 625 255 όδοιτοορῖαι
650 219 753 255 μακραὶ
775 219 822 245 καὶ
837 227 883 245 κο-

980 224 1020 243 Im
1036 216 1091 243 illis
1107 223 1159 249 pro
1175 214 1354 243 odoramento
1370 210 1447 239 suavi
1469 210 1551 242 cinis,
1568 209 1594 236 id
1608 212 1659 241 est,
1676 216 1725 244 pro

88 263 252 301 ωρτῶεις,
274 265 495 300 ἀποφερομένων
514 263 608 291 αὐτῶν
630 264 670 295 είς
696 263 885 299 αἰχμαλωσίαν

86 311 234 348 τρυφεροῖς
254 310 298 337 ἔτι
320 310 398 338 ποσί.
412 310 468 337 Καὶ
484 309 545 345 οὐχ).
565 308 598 344 δὴ
613 308 693 336 τοῦτο
711 309 802 344 μόνον,
817 309 886 336 ἀλλὰ

87 357 143 393 γὰρ
156 356 204 384 καὶ
218 356 331 384 ἔσονται
345 357 394 383 καὶ
405 357 434 383 ὲν
444 356 574 391 σχήματι,
589 355 635 382 καὶ
650 356 679 382 ὲν
694 355 758 382 εῖδει
772 355 811 391 τῷ
824 355 884 382 λίαν

85 403 270 438 ἁτιμωτάτῳ,
287 402 326 435 ὡς
340 402 402 430 ἀντὶ
420 401 508 436 ζώνης
522 401 628 436 χρυσῆς
650 401 759 436 σχοινίῳ
775 401 884 436 περιδε-

81 448 182 476 δέσθαι
196 448 283 485 μόνῳ,
311 448 360 475 καὶ
379 448 409 475 ἓν
425 446 574 483 γυμνότητι
597 446 719 481 κεφαλῆς
736 447 819 481 ἤγουν
835 455 885 480 φα-

81 494 265 531 λακρώματι,
279 494 370 522 καίτοι
382 494 466 521 πάλαι
479 494 591 529 χρυσοῖς
602 492 750 528 κοσύμσοις
758 493 886 526 ἅνεσφιγ-

84 541 185 576 μένης.
202 541 325 577 ’Δμφιον
346 541 376 568 δὲ
395 541 501 568 δίδωσιν
527 539 633 572 αὑταῖς,
645 539 660 566 δ
676 539 735 572 ταῖς
747 537 887 574 αἰχμαλώ-

83 594 148 618 αιις
162 586 283 622 πρέπον,
292 585 364 622 παχύ
375 594 405 612 τε
420 585 467 613 καὶ
478 585 597 618 εὐτελὲς,
606 585 620 611 ὃ
628 585 674 612 καὶ
681 584 810 620 ὀνομάζει
824 584 887 610 σάκ-

84 639 147 663 κον,
172 631 223 658 καὶ
236 631 318 658 τοῦτο
330 631 427 662 αὐταῖς
446 630 507 657 ἀντὶ
520 629 568 657 τοῦ
582 629 790 666 μεσοπορφύρου
805 628 887 665 χιτῶ-

84 686 132 709 νος
143 678 194 704 καὶ
204 676 350 714 τρυφερῶν
365 675 717 712 ἐσθημάτωνᾹΙροσεπάγει
728 675 757 703 δὲ
768 675 886 707 τούτοις,

84 722 129 749 ἇτι
145 722 204 749 Καὶ
222 721 238 748 ὸ
252 721 309 754 υἱός
326 730 373 748 σου
386 722 401 749 ὁ
417 721 568 753 κάλλιστος,
583 721 612 749 δν
624 721 744 757 ἀγαπᾷς,
764 720 887 756 μαχαίρᾳ

85 769 228 794 πεσεῖται.
246 768 327 798 Ἔθος
351 767 407 802 γὰρ
424 768 480 799 τοῖς
500 767 591 794 ἑλοῦσι
612 766 689 794 πόλιν
705 767 722 802 ἢ
738 765 842 803 χώραν,
857 765 888 799 ὲξ

86 813 177 849 αὐτῆς
190 813 327 849 ἁρπάζειν
346 812 438 849 θήλεις
459 813 507 839 καὶ
530 812 637 839 κόλπων
658 813 771 848 μητρὸς,
790 813 824 839 τὰ
844 820 887 847 μι-

87 860 147 896 κρά
171 869 202 887 τε
226 861 272 887 καὶ
293 860 436 887 ὑποτίτθια
459 859 546 896 βρέφη
572 859 695 895 φονεύειν
720 858 820 893 ὠμῶς,
843 858 886 884 ῖνι

88 892 228 937 βαδίζοιεν
246 903 275 929 αί
291 902 394 930 τούτων
412 892 529 938 μητέρες
540 892 819 938 οὑ”πεφορτισμέναι,
840 900 887 927 καὶ
904 892 924 920 Β

89 948 131 985 μὴ
139 949 176 984 τῇ
189 947 243 975 τῶν
258 948 364 983 νηπίων
376 948 496 984 φροντίδι
510 947 737 983 κατηχθισμέναι.
752 945 856 973 Οὐκοῦν
870 945 886 981 ἢ

88 995 165 1021 κατὰ
179 994 275 1022 τοῦτον
287 994 332 1021 τὸν
344 994 444 1029 τρόπον
461 994 584 1030 μαχαίρᾳ
600 993 742 1020 πεσεῖσθαί
756 1001 822 1028 φησι
841 991 887 1018 τὸν

89 1040 236 1074 ἀγαπητὸν
251 1040 348 1071 αὐταῖς
362 1039 429 1072 υἱον,
447 1039 462 1075 ἢ
480 1039 528 1066 καὶ
540 1039 642 1075 ἑτέρως
659 1038 823 1074 μαχόμενον,
840 1037 887 1064 καὶ

89 1087 124 1122 τῇ
141 1086 199 1113 τῶν
215 1086 355 1122 πολεμίων
372 1086 508 1113 τεθνεῶτα
526 1086 608 1121 χειρί.
622 1084 772 1120 Πενθήσειν
791 1092 822 1118 γε
834 1083 887 1120 μὴν

89 1131 141 1164 τὰς
153 1131 243 1167 θήκας
257 1132 310 1167 ἔφη
324 1131 372 1159 τοῦ
385 1132 488 1167 κόσμου
503 1131 601 1164 αὐτῶν,
614 1131 663 1167 οὐχ
674 1131 711 1163 ὡς
723 1130 779 1157 τῶν
792 1128 888 1165 αἰσθη-

90 1177 148 1204 τῶν
164 1177 258 1213 θηκῶν
275 1178 385 1205 πενθεῖν
399 1177 567 1213 δυναμένων,
580 1177 637 1204 ἀλλ’
646 1177 684 1209 ὡς
700 1177 733 1203 ἂν
747 1176 774 1203 ei
786 1184 828 1208 τις
841 1175 886 1202 λέ-

91 1231 136 1257 γοι
163 1223 212 1250 καὶ
236 1221 310 1250 οἷκον
335 1223 442 1251 πενθεῖν
462 1223 567 1256 οὐδενὸς
591 1222 729 1254 οἰκοῦντος
752 1222 781 1249 ὲν
800 1221 885 1257 αὐτῷ.

92 1268 268 1303 Προσεπάγει
283 1268 316 1296 δὲ
328 1268 434 1300 τούτοις
452 1269 494 1301 τὸ,
511 1268 566 1296 Καὶ
582 1267 787 1304 καταλειφθήσῃ
806 1267 885 1302 μόνη,

92 1313 138 1340 καὶ
152 1315 193 1346 είς
210 1314 265 1350 γῆν
280 1313 459 1350 ὲδαφισθήσῃ,
475 1313 547 1340 τοῦτ’
561 1313 646 1346 ἔστιν,
665 1312 713 1348 ἔσῃ
727 1321 770 1344 τις
783 1312 887 1348 ἐλεεινὴ

92 1361 139 1388 καὶ
149 1361 374 1397 κατερριμμένη,
387 1361 434 1387 καὶ
442 1359 498 1387 οἷον
510 1361 550 1391 είς
560 1360 613 1395 γῆν
625 1360 749 1396 κειμένη.
763 1359 887 1392 Τοιοῦτος

93 1407 147 1443 γάρ
169 1415 231 1439 πως
252 1407 268 1434 ό
288 1407 345 1442 βίος
363 1407 418 1434 τῶν
437 1407 466 1434 ὲν
482 1405 656 1442 αἰχμαλωσίᾳ
673 1406 721 1433 καὶ
738 1405 886 1441 ἀθλιότητι,

94 1453 140 1480 καὶ
153 1453 263 1489 σκληρᾷ
278 1454 325 1480 καὶ
338 1453 468 1489 ἀφορήτῳ
484 1452 599 1488 δουλείᾳ.
617 1451 763 1479 Πάνδεινον
775 1449 823 1478 οὖν
833 1451 888 1486 ἄρα

94 1499 124 1526 τὸ
135 1499 326 1535 προσκροῦσαι
341 1499 411 1534 Θεῷ,
428 1499 475 1526 καὶ
493 1498 542 1525 τοῦ
557 1499 586 1525 ὲν
599 1497 698 1534 ψυχαῖς
716 1497 888 1533 καταφρονῆ-

96 1554 138 1574 ea:
151 1546 280 1578 κάλλους.
293 1546 363 1578 Τοὺς
376 1546 472 1581 γάρτοι
484 1545 544 1572 λίαν
561 1544 777 1576 ὰπονενευκότας
793 1543 841 1570 ἐπὶ
856 1543 887 1570 τὸ

95 1592 228 1628 ῥᾴθυμον,
245 1565 485 1627 τζαντὺςνὲὲίσῗτησι
500 1591 603 1626 κόσμου
621 1565 887 1626 vanissimi-sta;
901 1565 923 1594 Ο

93 1637 139 1665 τοῦ
159 1637 271 1673 νοητοῦ,
292 1638 341 1665 καὶ
361 1638 482 1673 γυμνοὺς
500 1637 642 1672 ἀποφήνας
661 1637 772 1669 ἀπάσης
785 1636 888 1672 ἀρετῆς

95 1683 267 1719 παραδίδωσι
278 1684 336 1715 τοῖς
349 1682 465 1718 ἐχθροῖς.
482 1682 561 1709 οὕτω
573 1682 663 1718 φαμὲν
677 1682 799 1709 δεδόσθαι
813 1681 889 1714 τινὰς

93 1730 133 1762 εἰς
149 1729 282 1765 ἀδόκιμον
294 1728 368 1762 νοῦν,
387 1729 435 1756 καὶ
449 1728 489 1761 είς
505 1728 580 1763 πάθη
592 1728 713 1764 ἀτιμίας.
728 1727 889 1763 Συνέχοντος

95 1776 144 1812 μὲν
165 1776 223 1812 γὰρ
243 1776 318 1811 ἡμᾶς
342 1776 382 1807 είς
399 1775 480 1810 ἰσχὺν
499 1775 548 1810 τὴν
571 1774 759 1810 πνευματικὴν
775 1774 823 1801 τοῦ
843 1774 890 1800 ἐπὶ

95 1823 202 1853 πάντας
216 1821 295 1855 Θεοῦ,
305 1820 476 1856 διασώζομεν
491 1820 520 1847 ὲν
534 1821 640 1852 ἑαυτοῖς
658 1820 688 1847 τὸ
701 1819 828 1856 λαμπρὸν
841 1820 889 1855 τῆς

96 1868 164 1900 ιδίας
180 1867 289 1902 φύσεως
302 1867 410 1899 κάλλος.
431 1866 607 1902 ’Λφιστάντος
615 1867 644 1894 δὲ
659 1866 706 1902 τὴν
719 1866 888 1901 ἐπικουρίαν,

95 1915 197 1950 γυμνοὶ
215 1910 248 1950 δὴ
267 1914 377 1946 πάντως
395 1913 513 1949 ἐσόμεθα
527 1913 627 1945 παντὺς
644 1913 758 1947 ἀγαθοῦ,
776 1912 890 1940 καὶτῶν

96 1960 126 1992 ἔξ
143 1961 249 1996 ἀρετῆς
265 1960 435 1995 αὐχημάτων
455 1959 638 1990 ἀποϐαλόντες
659 1959 708 1994 τὴν
725 1959 888 1994 ὡραιότητα,

96 2007 153 2038 τοῖς
173 2006 225 2041 τῆς
240 2007 353 2041 ἀτιμίας
367 2006 480 2033 πάθεσιν
494 2004 706 2040 ὑποκεισόμεθα,
722 2004 769 2032 καὶ
779 2005 890 2032 δουλεύ-

97 2060 182 2088 σομεν
195 2052 313 2088 ἐχθροῖς.

133 2098 190 2126 Kal
226 2098 429 2133 ἐπιλήψονται
459 2098 534 2125 ἑπτὰ
562 2097 704 2132 γυναῖκες
734 2097 891 2131 ἀνθρώπου

96 2144 179 2178 ἐνὸς,
202 2144 358 2179 λέγουσαι·
377 2144 432 2171 Τὸν
447 2143 537 2178 ἄρτον
556 2142 641 2177 ἡμῶν
662 2142 824 2178 φαγπόμεθα,
842 2141 892 2169 καὶ

97 2191 134 2219 τὰ
156 2190 257 2226 ιμάτια
272 2190 358 2225 ἡμῶν
375 2189 620 2224 περιϐαλώμεθα,
645 2188 729 2223 πλὴν
746 2188 780 2214 τὸ
799 2187 893 2222 ὄνομα

935 263 1062 290 domibus
1084 261 1199 293 sumtis,
1216 259 1398 295 profectiones
1422 256 1514 284 multa:
1537 260 1566 282 et
1598 254 1726 290 pulveru-

936 308 1034 340 lcnlze,
1064 315 1125 334 cum
1155 307 1181 334 in
1208 305 1392 338 captivitatem
1418 301 1597 333 abducentur,
1614 299 1727 335 pedibus

935 354 1026 381 adhuc
1044 352 1143 380 teneris
1163 356 1191 379 et
1204 349 1363 379 delicatulis.
1379 348 1434 376 Nec
1451 348 1477 375 id
1498 346 1594 379 solum,
1610 345 1657 373 sed
1673 346 1727 371 for-

936 407 980 428 ma
1005 406 1038 427 ac
1064 398 1156 433 specie
1180 401 1260 424 erunt
1274 403 1354 431 quam
1378 393 1570 428 abjectissima,
1598 396 1628 419 ut.
1652 398 1727 418 zona:

935 452 1023 473 aureae
1041 445 1110 476 loco,
1126 443 1183 472 solo
1196 442 1260 470 fune
1279 440 1513 474 cireumligentur,
1535 438 1727 474 patienturque

936 491 1085 519 nuditatem
1100 488 1209 524 capitis,
1227 486 1365 515 calvitium
1380 485 1494 517 scilicet,
1512 483 1575 511 licet
1583 482 1725 516 'quondam

935 536 1028 565 aureis
1039 535 1199 571 capillorum
1213 532 1291 561 nodis
1306 531 1460 560 redimitum
1478 529 1569 557 fuerit.
1583 527 1727 555 indumen-

937 588 993 611 tum
1013 582 1095 610 etiam
1121 581 1169 608 dat
1195 580 1248 607 iilis
1275 578 1384 613 dignum
1408 575 1533 611 captivis,
1553 581 1674 602 crassum
1700 576 1726 599 et

937 628 1001 661 vile,
1028 626 1099 663 quod
1126 633 1235 654 saccum
1260 624 1391 656 nominat,
1414 622 1494 656 idque
1511 625 1664 656 purpurata
1679 625 1726 645 ve-

937 674 988 703 stis
1003 677 1031 701 et
1042 673 1108 701 lauti
1123 673 1239 700 amictus
1251 671 1325 698 vice.
1340 668 1485 704 Subjungit
1500 673 1597 702 porro:
1607 665 1642 693 Et
1656 665 1731 691 titius

937 725 1000 747 tuus
1012 719 1222 754 pulcherrimus,
1241 723 1322 752 quem
1342 719 1370 742 tu
1388 714 1489 749 diligis,
1504 712 1593 746 gladio
1607 715 1726 738 corruet.

937 766 985 794 Est
1001 765 1074 793 enim
1094 763 1120 791 id
1144 764 1172 791 in
1194 769 1270 790 more
1285 761 1327 789 his
1343 760 1388 795 qui
1408 759 1551 794 regionem
1562 756 1672 790 capiunt
1686 755 1732 782 vet

938 813 1044 844 urbem,
1063 809 1191 846 parvulos
1205 808 1238 835 ab
1253 806 1319 841 ipsis
1336 805 1465 833 uberibus
1478 807 1505 831 et
1519 809 1534 830 e
1550 801 1652 837 gremio
1669 808 1729 827 ma-

937 859 1003 892 tris,
1021 863 1050 886 et
1077 857 1126 885 sub
1144 855 1296 884 nutricibus
1318 853 1387 880 altos
1409 849 1557 878 infantulos
1579 853 1673 882 rapere
1700 849 1729 872 et

937 906 1064 934 occidere
1082 902 1238 934 crudeliter,
1255 908 1310 935 quo
1324 900 1364 926 ire
1380 897 1486 934 possint
1510 899 1611 922 matres
1634 900 1726 920 eorum

937 959 990 978 non
1013 955 1131 981 onustae,
1151 955 1202 975 nec
1219 945 1393 982 parvulorum
1417 943 1534 978 pondere
1550 947 1662 976 pressat.
1680 937 1728 966 Vel

936 1003 1002 1030 ergo
1020 995 1060 1022 sic
1079 993 1166 1028 gladio
1184 997 1344 1019 occasurum
1362 988 1400 1015 ait
1418 987 1547 1014 dilectum
1575 985 1628 1020 72
1654 984 1728 1017 ipsa-

937 1049 996 1068 rum
1024 1040 1119 1071 lilium,
1135 1037 1179 1064 vel
1195 1037 1277 1064 etiam
1297 1035 1324 1062 in
1345 1033 1438 1069 prmlio
1455 1035 1483 1059 et
1509 1030 1627 1058 hostium
1647 1036 1729 1055 manu

937 1086 1122 1114 interiectum.
1143 1083 1304 1111 Ploraturas
1315 1083 1405 1107 autem
1420 1077 1486 1106 dicit
1502 1075 1607 1103 arculas
1618 1078 1730 1101 ornatus

937 1133 1071 1168 ipsarum,
1086 1137 1139 1158 non
1160 1129 1239 1164 quasi
1259 1134 1340 1155 sensu
1358 1124 1477 1160 praedita:
1499 1123 1555 1150 sint
1574 1120 1683 1151 arculas,
1701 1125 1730 1146 ut

937 1166 1044 1214 plorare
1065 1175 1188 1211 possint,
1203 1173 1250 1202 sed
1265 1171 1377 1208 perinde
1395 1177 1428 1197 ac
1445 1169 1467 1197 si
1482 1168 1580 1197 dixerit
1596 1166 1729 1201 quispiam

938 1211 1029 1259 lugere
1049 1223 1172 1255 domum,
1189 1227 1250 1247 cum
1268 1225 1347 1246 nemo
1362 1217 1389 1244 in
1412 1223 1444 1244 ea
1461 1214 1574 1243 habitet.
1600 1211 1730 1239 Producit

938 1258 977 1302 ad
992 1273 1048 1300 haec
1063 1276 1091 1299 et
1105 1270 1173 1298 illud
1186 1278 1195 1298 :
1209 1267 1382 1303 Relinqueris
1395 1265 1466 1297 sola,
1487 1267 1515 1290 et
1540 1262 1566 1289 in
1581 1265 1682 1288 terram
1697 1258 1730 1284 ad

937 1320 1119 1356 pavimentum
1142 1314 1335 1352 prosterneris,
1361 1312 1388 1339 id
1408 1314 1462 1342 est,
1492 1309 1590 1336 misera
1619 1305 1673 1333 eris
1704 1309 1731 1331 et

939 1349 1075 1403 proiecta,
1093 1367 1120 1392 et
1134 1349 1208 1390 velut
1221 1360 1296 1389 humi
1316 1358 1423 1393 iacens.
1441 1355 1505 1383 llam
1521 1353 1655 1388 siquidem
1674 1349 1731 1378 fere

937 1397 1056 1441 est-vita
1079 1415 1174 1437 eorum
1195 1406 1242 1441 qui
1263 1403 1430 1438 captivitate,
1451 1402 1498 1436 qui
1524 1397 1663 1430 erumnis,
1683 1398 1731 1432 qui

938 1464 1037 1493 aspera
1049 1460 1078 1484 et
1097 1451 1260 1481 intolerabili
1277 1449 1407 1478 servitute
1421 1449 1590 1482 premuntur.
1608 1443 1656 1471 Est
1681 1443 1733 1478 igi-

939 1488 982 1531 tur
1000 1501 1207 1538 gravissimum,
1233 1497 1316 1525 Deum
1331 1493 1482 1525 otl'endere,
1509 1495 1537 1519 et
1561 1489 1644 1518 animi
1672 1488 1733 1523 pul-

939 1534 1120 1577 cltritudinem
1155 1542 1340 1578 parviducere.
1366 1539 1418 1574 Qui
1454 1537 1527 1566 enim
1558 1534 1674 1571 ignaviae
1703 1540 1733 1561 se

939 1593 1042 1621 dedunt
1055 1596 1084 1620 et
1100 1588 1216 1625 torpori,
1233 1595 1281 1615 eos
1307 1587 1382 1614 Deus
1402 1583 1476 1612 omni
1497 1585 1593 1610 ornatu
1617 1579 1725 1615 spoliat,

938 1639 1043 1668 scilicet
1055 1636 1154 1665 mentis
1168 1639 1197 1663 et
1209 1633 1374 1664 intellectus,
1392 1638 1425 1659 ac
1440 1629 1513 1658 omni
1523 1628 1628 1660 .virtute
1646 1625 1733 1653 nuda-

939 1690 982 1714 tos
1003 1683 1087 1712 tradit
1105 1681 1242 1710 hostibus.
1268 1679 1306 1707 Ita
1328 1678 1443 1706 dicimus
1461 1676 1569 1710 aliquas
1590 1674 1617 1701 in
1640 1679 1735 1707 repro-

943 1730 1005 1758 bam
1028 1734 1147 1756 mentem
1165 1731 1193 1754 et
1215 1724 1434 1761 perturbationes
1458 1719 1653 1757 ignominiosas
1679 1723 1736 1746 trao

939 1775 1011 1803 ditos
1047 1779 1118 1801 esse.
1153 1771 1220 1798 Dum
1252 1769 1325 1797 enim
1352 1768 1423 1795 Deus
1455 1766 1501 1801 qui
1531 1772 1613 1800 super
1640 1770 1736 1791 omnes

941 1822 1010 1849 Deus
1022 1824 1075 1852 est,
1093 1826 1142 1846 nos
1159 1817 1257 1845 robore
1276 1813 1410 1850 Spirituali
1430 1811 1551 1840 continet
1572 1815 1598 1838 et
1614 1814 1736 1841 coercet,

940 1867 1088 1895 retinemus
1116 1864 1142 1890 in
1174 1862 1252 1890 nobis
1285 1858 1456 1895 splendidum
1485 1856 1604 1891 propriae
1632 1860 1736 1882 natura:

941 1914 1078 1941 decorem.
1093 1909 1141 1937 Sin
1167 1915 1246 1943 opem
1263 1913 1340 1934 suam
1365 1904 1518 1935 subtrahat,
1535 1902 1663 1929 denudati
1680 1901 1728 1928 eri-

942 1967 1003 1987 mus
1016 1958 1141 1986 omnihus
1163 1955 1240 1983 bonis
1265 1953 1465 1984 virtutibusque
1479 1970 1487 1984 ,
1503 1954 1530 1976 et
1550 1949 1653 1983 abjccta
1669 1947 1732 1982 pul-

942 2004 1111 2035 chritudine.
1127 2001 1206 2030 {redis
1227 1999 1370 2027 atl‘ei-tibus
1386 1997 1605 2027 succumbemus,
1624 2001 1656 2022 ac
1678 2001 1736 2021 ser-

943 2051 1049 2078 viemus
1062 2047 1196 2075 hostibus.

980 2095 1045 2123 Car.
1063 2093 1106 2121 ιν.
1129 2092 1210 2119 Vens.
1231 2091 1256 2117 ‘l.
1278 2089 1310 2116 Et
1334 2088 1527 2124 apprehenderat
1550 2086 1673 2114 mulieres
1699 2092 1738 2112 ιδ-

943 2149 1012 2178 pzem
1029 2148 1109 2167 unum
1132 2139 1230 2168 cirum,
1252 2136 1388 2163 dicentes:
1409 2134 1509 2162 Panem
1532 2137 1651 2161 nostrum
1676 2131 1739 2158 ede-

944 2197 1017 2220 mus,
1047 2190 1071 2212 ιι
1098 2183 1255 2212 vestimentis
1293 2182 1390 2209 nostris
1428 2181 1591 2215 aperientur;
1620 2183 1740 2204 tantum-

97 2237 133 2264 τὸ
148 2224 209 2265 σὺν
219 2224 378 2270 κεκλήσθω
387 2234 434 2270 ἐφ’
443 2235 532 2271 ἡμᾶς,
548 2232 641 2270 ἄφελε
653 2234 706 2262 τὸν
718 2234 891 2268 ὀνειδισμὸν

980 2235 1018 2261 nlo
1035 2240 1126 2260 nomen
1145 2235 1219 2257 tuum
1239 2236 1318 2263 super
1335 2236 1381 2255 nos
1399 2232 1517 2259 vocetur,
1537 2225 1614 2260 aufer
1627 2224 1740 2251 dedecus

97 2279 196 2315 ἡμῶν.

134 2326 309 2362 Διαπεράνας
325 2322 354 2352 εὖ
373 2325 445 2360 μάλα
466 2325 511 2352 τὸν
525 2324 614 2359 λόγον,
632 2325 679 2352 ἐπί
698 2334 729 2359 γε
745 2326 805 2358 ταῖς
825 2325 891 2352 Ἰου-

99 2372 183 2398 δαίων
197 2370 304 2405 γυναιει
317 2371 378 2402 ταῖς
393 2372 425 2398 ἐκ
439 2370 544 2406 τρυφῆς
560 2371 607 2397 καὶ
622 2369 736 2397 πλούτου
754 2370 893 2405 βαδιουμέ-

99 2426 161 2450 ναις
172 2418 213 2449 είς
228 2416 427 2453 αἰχμαλωσίαν,
443 2417 571 2451 πειρᾶται
581 2416 723 2449 δεικνύειν,
741 2416 782 2443 ὅτι
797 2416 893 2443 κέναν-

100 2463 158 2499 δροι
175 2463 224 2498 μὲν
235 2463 263 2490 αἱ
277 2461 330 2497 τῆς
346 2461 476 2494 Ἰουδαίας
486 2461 653 2496 ἁπομενοῦσι
667 2461 767 2493 πόλεις,
786 2461 892 2488 ἔσονται

100 2510 130 2536 δὲ
156 2509 204 2536 καὶ
226 2510 256 2536 ὲν
282 2508 381 2535 σπάνει
402 2507 484 2544 πολλῇ
503 2508 557 2534 τῶν
576 2507 658 2535 πάλαι
682 2507 893 2543 μαχιμωτάτων.

104 2556 176 2592 Ἔφη
183 2556 249 2592 γὰρ,
260 2556 302 2583 ὃτι
314 2564 324 2581 ‹
336 2554 440 2586 Πάντες
450 2555 475 2582 οἱ
485 2554 622 2590 ίσχύοντες
632 2553 708 2589 ὑμῶν
719 2554 841 2590 μαχαίρᾳ
849 2562 897 2580 πε-

103 2601 238 2629 σοῦνται.»
256 2601 325 2628 Ποία
336 2609 379 2633 τις
389 2598 435 2627 οὖν
445 2597 482 2628 ὧν
493 2600 583 2636 ἑφηνή
591 2600 688 2633 δεῖξις;
704 2599 812 2634 εὐφυῶς
826 2599 896 2633 ἄγαν

103 2649 150 2675 καὶ
161 2648 277 2680 ἀστείως
288 2647 493 2683 ἐσκευασμένη.
505 2647 598 2682 Νόμου
608 2647 663 2683 γὰρ
671 2648 703 2682 δὴ
718 2647 765 2673 τοῦ
776 2646 820 2673 διὰ
831 2648 895 2674 Μω-

107 2694 170 2726 σέως
184 2694 314 2729 λέγοντος
327 2694 386 2724 τοῖς
402 2693 469 2726 υἱοῖς
494 2693 612 2729 Ἰσραὴλ,
631 2702 640 2719 ι
657 2694 713 2720 Οὐκ
726 2693 801 2720 ἔσται
814 2693 843 2719 εν
855 2702 895 2719 σοι

106 2741 196 2775 drove;
215 2741 278 2768 οὐδὲ
301 2740 409 2775 στείρα·
427 2749 436 2765 ι
457 2741 484 2767 ὲν
508 2740 632 2776 ἐσχάτοις
645 2739 806 2775 ὀνειδισμοῖς
821 2740 895 2774 παρᾶ

108 2788 155 2820 τοῖς
174 2787 318 2818 Ἰουδαίοις
329 2785 469 2820 λελόγιστο
482 2786 511 2813 τὸ
523 2788 636 2820 γυναῖκα
651 2786 688 2822 μὴ
701 2787 801 2820 τεκεῖν,
814 2786 895 2821 ἤγουν

135 2867 154 2881 ’⁸
168 2868 247 2894 butt.
265 2873 317 2894 vn,
337 2863 378 2890 li.

944 2283 1073 2306 nostrum.

980 2322 1095 2351 Pulchre
1125 2320 1181 2355 jam
1209 2317 1337 2346 conclusa
1368 2315 1492 2344 oratione
1526 2315 1560 2341 de
1584 2313 1738 2340 Judzeoruin

945 2368 1113 2399 mulieribus,
1132 2369 1242 2401 propter
1260 2363 1350 2390 luxum
1366 2366 1393 2389 et
1404 2359 1569 2395 opulentiam
1583 2358 1609 2385 in
1626 2357 1739 2392 captivi-

946 2419 1029 2443 tatem
1047 2411 1186 2444 venturis.
1212 2408 1360 2437 ostendere
1382 2409 1498 2434 conatur
1536 2403 1637 2432 Iudaeae
1661 2403 1742 2431 urbes

948 2461 1013 2489 viris
1030 2459 1113 2487 orbas
1126 2462 1279 2487 mansuras,
1300 2452 1358 2481 fore
1373 2452 1457 2480 etiam
1473 2451 1584 2478 multam
1601 2450 1744 2477 hominum

947 2506 1083 2542 quondam
1106 2500 1349 2530 bellacissimorum
1373 2497 1502 2531 inopiam.
1529 2495 1597 2523 Nam
1613 2495 1741 2523 dixerat:

951 2562 961 2580 ι
981 2552 1081 2581 Omnes
1105 2547 1284 2584 praevalentos
1307 2545 1379 2572 inter
1392 2551 1441 2571 vos
1464 2543 1552 2578 gladio
1570 2546 1708 2570 corruent.
1731 2549 1740 2566 ι

948 2601 983 2628 At
998 2606 1058 2634 quae
1081 2597 1188 2624 totidem
1205 2600 1247 2622 est
1264 2594 1361 2621 horum
1376 2598 1436 2626 quae
1450 2591 1506 2618 dixi
1527 2586 1757 2617 demonstratio?

948 2633 1033 2674 Valde
1043 2648 1207 2679 opportuna,
1222 2646 1250 2670 et
1276 2641 1343 2669 scite
1365 2638 1500 2667 instituta.
1517 2635 1585 2663 Cum
1600 2634 1672 2662 enim
1699 2633 1740 2659 lex

949 2700 997 2727 per
1017 2678 1108 2719 Mosen
1123 2690 1196 2717 dicat
1214 2689 1277 2716 liliis
1296 2686 1377 2715 Israel
1392 2694 1399 2713 :
1415 2694 1424 2712 ι
1445 2683 1503 2711 Non
1520 2682 1573 2709 erit
1591 2681 1618 2708 in
1634 2684 1659 2706 te
1675 2678 1740 2705 orba

948 2746 1038 2774 neque
1068 2736 1171 2765 sterilis
1191 2735 1224 2767 ⁸³,
1244 2744 1254 2761 ι
1273 2733 1392 2761 maximo
1410 2730 1508 2767 probro
1529 2728 1642 2755 dabatur
1670 2721 1739 2756 apud

950 2785 1056 2812 Judmos
1078 2782 1218 2810 tnulierem
1236 2787 1288 2807 non
1310 2783 1420 2813 parcre,
1444 2775 1486 2803 vel
1514 2774 1539 2800 in
1558 2772 1622 2799 viris
1649 2767 1746 2796 hatwri
