1890 3053
79 151 127 180 ἰε-9

664 153 697 181 ΙΝ
718 153 836 181 ιδΑιΑιι
854 153 918 182 LIB.
938 153 958 182 l.
980 153 1086 182 ORAT.
1104 153 1148 181 ιιι.

1671 151 1721 179 180

85 207 157 244 μίας,
180 206 272 242 ἠγουν
301 210 367 244 μιτ“
382 209 477 245 αὐτὴν,
496 208 740 246 πεπληροφόρηχεν
764 209 885 242 ἀπλανῶς

941 214 1015 238 certo
1029 211 1176 244 persuadet
1189 210 1284 237 horum
1302 208 1445 237 verborum
1461 215 1555 237 sensus
1569 211 1595 236 et
1609 208 1659 242 vis,
1669 217 1721 236 non

87 254 139 281 τῶν
158 254 362 290 προκειμένων
387 256 404 290 ἡ
427 254 600 290 δύναμις,ὼς
620 255 668 290 οὐχ
683 255 776 290 ἕτερον
793 256 859 290 ἡμῖν
874 255 888 280 ὁ

89 301 233 337 προφήτης
265 301 473 336 κατασημαίνει
497 301 611 337 καιρδν,
635 301 652 336 ἢ
678 302 780 328 ἐκεῖνον
806 302 888 329 αὑτὸν

90 347 149 374 καθ’
164 347 194 374 ὃν
217 347 270 382 τῆς
298 347 341 378 είς
366 347 479 382 Χριστὸν
492 346 649 378 δυσσεϐείας
670 346 759 373 ἕνεκα.
776 347 888 383 Πεπαρ-

90 393 212 428 ῳνὴχασι
236 391 295 427 γὰρ
323 392 365 424 εἰς
387 392 468 419 αὑτὸν
484 392 508 418 ol
521 391 643 423 δείλαιοι,
659 392 706 418 καὶ
723 391 772 426 τὴν
796 391 888 423 αὐτοῖς

88 439 132 466 bu
148 437 270 472 μάλιστα
292 437 451 472 πρέπουσαν
473 435 650 463 ἀποτετίκασι
670 435 757 470 δίκην,
774 435 888 462 κυκλου-

89 485 178 520 μένης
203 484 260 510 ὑπὸ
285 482 475 519 στρατοπέδων
497 483 547 518 τῆς
563 482 820 518 Ὶερουσαλήμ.”οτε
841 482 888 508 καὶ

87 531 130 562 είς
153 529 238 556 τοῦτο
267 528 406 564 δειμάτων
438 528 674 563 κατακομισθῆναι
708 536 798 563 φαμεν
833 526 887 554 τῶν

93 575 235 603 Ἰουδαίων
249 575 296 602 τὸν
311 574 381 607 νοῦν,
394 574 432 606 ὼς
444 574 526 607 φάναι
540 575 596 606 τοῖς
610 574 685 609 ὄρεσι
696 581 702 588 ’
718 583 727 599 ι
740 572 887 608 Καλύψατε

86 622 177 656 ἡμᾶς,
197 621 247 647 καὶ
259 622 317 652 τοῖς
333 620 446 655 βουνοῖς·
458 620 558 646 Πέσετε
572 619 721 655 ἐφ’ἢμάςδ
735 619 773 654 Τῇ
787 619 885 651 τοίνυνν

84 667 186 702 φησιν,
200 666 295 702 ἡμέρᾳ.
310 667 412 702 ἐκείνῃ,
423 665 495 692 τοῦτ’
512 665 579 698 ἐστι,
594 667 654 692 κατ’
668 665 757 692 ἐκεῖνο
768 665 814 691 τοῦ
827 673 887 692 και-

87 712 138 748 ροῦ
156 712 223 740 καθ’
238 713 268 740 ὃν
285 713 325 743 εἰς
348 712 435 746 πέρας
455 712 599 747 δραμεῖται
613 711 648 738 τὰ.
664 710 885 747 προηγγελμένα,

84 758 246 792 ἰπιλὰμψει
260 759 274 784 ὁ
287 758 353 789 Θεὸς
366 758 396 783 ἐν
411 757 501 792 βουλῇ,
520 757 588 792 μετὰ
604 756 683 792 δόξης
699 756 744 782 ἐπὶ
762 756 810 791 τῆς
822 755 884 791 γῆς,

83 803 135 830 τοῦ
152 803 265 838 ὑψῶσαι
281 803 327 830 καὶ
346 802 455 835 δοξάσαι
468 802 499 828 τὸ
513 801 690 835 καταλειιξθὲν
704 800 750 828 τοῦ
768 801 884 837 Ἰσραήλ.

91 851 124 876 '0
139 850 199 884 γὰρ
225 851 258 875 ὲκ
271 849 339 875 Θεοῦ
362 848 469 884 Πατρδς
481 848 578 882 Λόγος,
594 848 643 882 οὐχ
658 847 802 882 ἁρπαγμὸν
817 848 885 882 ἡγή-

940 255 1011 283 aliud
1027 255 1103 283 nobis
1115 260 1220 291 tempus
1235 256 1365 283 denotare
1376 254 1547 290 prophetam,
1561 262 1641 290 quam
1657 254 1721 281 illud

939 301 1025 336 ipsth
1040 309 1103 336 quo,
1120 305 1229 336 propter
1243 302 1409 336 impietatem
1425 301 1452 328 in
1465 301 1615 333 Christum,
1629 300 1721 327 miseri

939 345 964 373 itt
976 354 1037 374 eum
1047 347 1259 380 deblaterarunt,
1270 347 1440 381 maximeque
1454 354 1483 374 se
1494 347 1602 381 dignam
1615 352 1720 380 pcenant

938 391 1058 424 luerunt,
1073 400 1133 420 cum
1164 394 1333 420 obsideretur
1353 391 1502 420 Jerusalem
1534 392 1567 419 ab
1590 392 1720 423 exercitu.

937 438 1044 473 quando
1058 446 1118 465 eum
1138 443 1268 466 terrorent
1283 439 1397 466 dicimus
1413 438 1567 466 Judaeorum
1587 438 1722 464 mentibus

938 484 1078 518 injectum,
1103 489 1132 510 ut
1154 484 1288 511 montibus
1313 485 1451 511 dicerent:
1465 493 1474 509 ι
1487 483 1595 518 Operite
1614 490 1679 516 nos;
1695 486 1722 509 et

938 530 1063 563 collibus,
1075 529 1188 557 Obruite
1209 537 1258 557 nos
1274 530 1307 556 ".
1329 539 1338 556 t
1357 529 1445 562 Quare
1469 529 1524 562 illo,
1548 528 1646 563 inquit,
1667 528 1720 560 die,

938 576 988 604 hoc
1006 581 1058 608 est,
1082 577 1132 604 sub
1148 577 1173 604 id
1197 577 1325 611 temporis
1340 584 1394 611 quo
1414 575 1446 603 ad
1466 576 1568 602 exitum
1588 575 1645 602 IIIC
1662 581 1721 609 quae

938 622 1118 656 praenuntiata
1143 627 1217 655 sunt,
1245 627 1415 657 procurrant,
1439 621 1567 648 emicabit
1597 621 1667 648 Deus
1693 620 1720 647 in

937 667 1050 694 consilio
1079 675 1141 694 cttm
1168 667 1254 702 gloria
1282 675 1363 702 sttper
1388 672 1497 698 terram,
1517 672 1546 693 ut
1567 666 1667 694 ex:tltet
1693 671 1721 692 et

936 711 1068 746 gloriﬁcet
1081 712 1152 746 quod
1175 717 1217 740 est
1233 713 1369 740 residuutn
1385 712 1411 739 itt
1429 711 1589 738 Jerusalem.
1604 711 1718 738 Verbum

936 757 1006 784 enim
1025 757 1070 784 Dei
1083 757 1169 784 l'atris
1182 765 1234 784 non
1247 758 1365 792 rapinam
1380 758 1455 785 duxit
1466 757 1569 792 aequale
1580 763 1639 783 βεδε
1655 757 1719 787 Deo,

935 802 1017 829 altum
1035 810 1098 830 vero
1107 803 1233 837 quiddam
1250 811 1433 838 arcanumque
1447 803 1480 830 de
1492 803 1569 830 nobis
1582 802 1718 837 cogitatit.

937 849 963 875 lu
988 848 1072 875 forma
1099 849 1170 875 enim
1195 853 1222 876 et
1242 849 1394 883 aequalitate
1414 849 1461 875 Dei
1481 853 1508 875 et
1532 848 1620 876 Patris
1647 849 1720 875 exsi-

84 904 156 922 σατο
180 895 212 922 τὸ
234 893 304 921 εἶναι
322 894 366 921 ἴσα
383 894 457 928 Θεῷ·
475 893 543 929 βαθὺ
564 894 592 919 δέ
613 902 638 919 τι
659 894 705 919 καὶ
733 893 885 928 ἀπόρρητον

939 898 1025 925 stens,
1041 895 1140 921 fartum
1163 900 1204 922 est
1226 900 1324 922 nostra:
1340 895 1501 921 conditionis
1524 895 1669 929 particeps,
1693 899 1720 921 ct

83 941 275 968 ἐϐουλεύσατο
300 941 365 976 περὶ
388 940 530 976 ήμῶν.Ἐν
547 941 638 975 μορφῇ
651 940 704 974 γὰρ
722 939 768 966 καὶ
782 939 885 974 ἰσότητι

84 988 158 1014 Θεοῦ
188 987 239 1014 καὶ
259 986 366 1021 [ia-.96;
393 987 533 1021 ὑπάρχων,
552 987 646 1020 γέγονε
668 985 728 1012 καθ’
741 986 824 1020 ἡμᾶς,
839 986 885 1012 καὶ

84 1031 217 1067 ἐπεφάνη
237 1032 286 1066 μὲν
308 1032 364 1062 τοῖς
379 1031 425 1057 ἐπὶ
442 1031 491 1065 τῆς
506 1031 556 1065 γῆς
567 1039 574 1046 ·
593 1030 661 1065 πλὴν
675 1030 704 1056 οὐ
719 1030 779 1064 δίχα
794 1030 884 1065 δόξης,

85 1080 136 1107 καὶ
149 1080 177 1105 εἰ
193 1079 290 1113 γέγονε
304 1078 383 1114 σάρξ.
399 1077 551 1113 Είργάσατο
565 1076 618 1112 γὰρ
632 1076 666 1102 τὰ
680 1076 827 1112 θεοπρεπῆ,
839 1076 885 1102 καὶ

87 1124 215 1159 σημείων
226 1125 339 1158 γέγονεν
350 1123 541 1158 ἀποτελεστὴς,
552 1123 569 1149 ἂ
581 1122 613 1157 δὴ
629 1122 675 1149 καὶ
686 1122 784 1153 παντὸς
794 1121 885 1153 ἀξιοῦ-

86 1179 132 1197 ται
157 1171 206 1197 καὶ
230 1170 309 1203 λόγου
325 1171 372 1197 καὶ
385 1168 714 1205 θαύματος.Ἐπιλάμψας
739 1167 794 1203 γὰρ
817 1176 884 1194 κατι

87 1214 192 1249 ηλέησε
213 1214 259 1240 τὸν
278 1214 398 1249 Ἰσραὴλ,
413 1214 444 1241 οὐ
467 1214 521 1248 γὰρ
537 1213 674 1240 ἀπόλωλεν
689 1213 814 1239 είσάπαν.
832 1213 884 1239 Τε-

87 1261 214 1295 τῇρηται
239 1259 268 1286 δὲ
295 1259 325 1285 τὺ
341 1260 527 1295 κατάλειμμα,
548 1258 642 1294 ὑψώθη
665 1267 694 1285 τε
709 1258 755 1285 καὶ
778 1258 884 1291 δεδόξα-

89 1314 165 1338 σται,
182 1306 231 1332 καὶ
257 1306 286 1332 ὲν
305 1305 389 1341 βίϐλῳ
405 1305 558 1341 γέγραπται
579 1305 652 1339 ζωῆς
677 1304 829 1339 διαπρέψαν
855 1306 884 1331 ἐν

89 1351 304 1388 ἁγιασμῷ.¹Ιδοι
318 1352 339 1378 δ’
355 1352 390 1379 ἄν
410 1360 450 1384 τις
477 1351 565 1386 ἀληθῆ
586 1351 634 1386 τῆς
658 1351 824 1386 προφητείας
840 1350 884 1377 τὸν

90 1399 182 1433 λόγον,
198 1399 238 1430 ὡς
261 1399 291 1425 ἐν
317 1398 428 1433 ἀπαρχῇ
446 1398 500 1424 τῶν
524 1397 703 1432 σεσωσμένων
725 1398 780 1428 τοῖς
797 1397 883 1431 ἁγίοις

90 1444 264 1476 ἀποστόλοις,
279 1444 304 1470 οἳ
321 1444 368 1470 καὶ
382 1443 527 1478 ὺψώθησαν
540 1443 657 1477 ἀληθῶς,
674 1443 719 1468 καὶ
733 1444 787 1474 τοῖς
803 1442 884 1475 θείοις

90 1491 259 1526 χαρίσμασιν
272 1489 553 1525 ἐκλελαμπρυσμένοι,
567 1488 596 1514 τὸ
619 1489 648 1514 ἐν
660 1488 722 1524 δόξῃ
736 1488 884 1523 περιφανὲς

91 1534 444 1571 πεπλουτήκασιν.Ἐλαεον
461 1535 514 1570 γὰρ
534 1534 656 1566 ἐξουσίαν
676 1533 746 1560 κατὰ
761 1534 882 1568 πνευμά-

89 1590 142 1608 των
171 1581 348 1616 ἀκαθάρτων,
363 1580 433 1606 ὥστε
460 1579 601 1607 ἐκϐάλλειν
616 1579 695 1606 αὐτὰ.
710 1578 884 1613 Τεοεριπεύ-

89 1636 157 1654 κασι
182 1628 239 1662 γὰρ
264 1628 312 1654 καὶ
335 1628 364 1653 ὲν
381 1625 547 1663 ἀρρωστίαις
572 1625 650 1656 ὄντας
675 1623 804 1655 πολλούς·
828 1624 885 1650 ἀλλ’

89 1671 161 1708 ἦσαν
185 1673 236 1700 καὶ
259 1673 288 1699 ἐν
313 1672 397 1707 βίὸλῳ
421 1671 610 1707 γεγραμμένοι
635 1670 717 1706 ζωῆς.
739 1671 794 1697 Καὶ
819 1670 884 1704 γοῦν

90 1720 202 1755 ἔχαιρον
227 1719 276 1754 μὲν
293 1719 334 1746 ὃτι
345 1718 380 1745 τὰ
391 1719 516 1752 δαιμόνια
530 1717 699 1744 ύπετάσσετο
718 1718 820 1749 αὐτοῖς,
837 1717 884 1744 καὶ

93 1765 170 1794 muto
180 1765 307 1799 λέγουσιν
319 1765 424 1799 ὑπήντα
439 1764 564 1799 Χριστὸς,
578 1764 623 1789 καὶ
638 1764 694 1794 τοῖς
708 1763 747 1789 ἔτι
762 1762 884 1798 μείζοσιν

91 1811 293 1845 ιπιγάννυσθαι
315 1810 447 1836 διδάσκων
473 1810 588 1841 αὐτούς·
626 1818 635 1835 ι
658 1809 703 1844 Μὴ
729 1809 846 1845 χαίρετε,
871 1818 880 1834 t

92 1857 185 1892 φησιν,
205 1866 215 1882 ι
230 1856 272 1882 ὃτι
286 1856 320 1882 τὰ
333 1855 459 1890 δαιμόνια
477 1855 659 1882 ὑποτάσσεται
678 1854 741 1889 ὑμῖν
752 1863 758 1869 ·
773 1853 883 1889 χαίρετε

91 1903 119 1930 δὲ
136 1903 240 1938 μᾶλλον
253 1903 295 1929 ὅτι
309 1901 343 1928 τὰ
359 1901 477 1936 ὀνόματα
501 1900 577 1935 ὑμῶν
596 1901 749 1935 γέγραπται
776 1900 805 1926 ὲν
827 1900 883 1931 τοῖς

91 1949 227 1983 οὐρανοῖς.
244 1957 254 1974 t
277 1946 440 1982 ’Υψώθησαν
460 1946 547 1972 τοίνυν
571 1946 595 1972 οἱ
620 1946 649 1978 ἐξ
671 1945 787 1982 Ἰσραὴλ,
803 1945 840 1977 ὡς
855 1946 884 1972 ὲν

93 1993 177 2029 μοίρᾳ
206 1994 240 2028 τῇ
260 1992 307 2018 τοῦ
333 1991 606 2026 ἐγκαταλείμματος,
636 1991 881 2026 περισεσωσμένω-

92 2039 221 2076 agimen
240 2039 294 2074 γὰρ
315 2038 363 2074 τῆς
377 2037 453 2073 παρὰ
469 2036 587 2073 Χριστοῦ
608 2037 760 2072 φιλοτιμίας
775 2037 822 2063 καὶ
834 2037 884 2071 χά.

95 2092 184 2120 ριτος·
212 2084 267 2110 υἱοὶ
289 2082 507 2118 κεχρηματίκασι
523 2081 604 2108 Θεοῦ·
619 2081 726 2115 ἀδελφοὶ
749 2081 777 2108 δὲ
800 2081 882 2108 αὐτοῦ

94 2130 139 2157 καὶ
161 2129 236 2165 (ρίλοι
247 2137 254 2144 ·
271 2129 394 2155 κοινωνοὶ
411 2127 544 2154 τέθεινται
567 2127 615 2162 τῆς
641 2126 719 2161 δόξης
731 2133 739 2142 ’
754 2126 883 2161 ἠξίωνται

92 2178 120 2205 δὲ
136 2177 182 2204 καὶ
199 2177 249 2211 τῆς
263 2175 366 2203 ἄνωθεν
390 2174 436 2201 καὶ
460 2174 488 2200 ἐν
511 2174 635 2209 οὐρανοῖς
649 2173 821 2208 ἀπογραφῆς,
836 2173 883 2199 καὶ

937 941 1053 967 nobisin
1066 947 1137 967 terra
1150 941 1289 976 agentibus
1303 941 1467 975 apparuit,at
1481 948 1532 967 nott
1553 940 1611 968 siue
1622 941 1718 975 gloria,

937 987 1043 1013 tametsi
1061 994 1123 1013 caro
1147 987 1247 1013 laetum
1270 991 1321 1013 est.
1339 985 1484 1020 Operatum
1508 990 1550 1013 est
1572 987 1643 1013 eniut
1666 986 1719 1013 Deo

936 1033 1026 1066 digna,
1040 1037 1065 1058 et
1081 1033 1154 1066 signa
1175 1031 1264 1059 etfacit
1277 1040 1336 1066 quae
1349 1032 1456 1066 quidem
1474 1033 1545 1059 omni
1558 1033 1678 1059 oratione
1693 1038 1719 1059 et

936 1079 1114 1107 admiratione
1129 1080 1207 1114 digna
1219 1084 1281 1106 sunt
1297 1088 1303 1107 :
1325 1084 1351 1107 et
1365 1085 1505 1115 postquam
1524 1081 1657 1114 apparuit,
1670 1081 1720 1107 uti-

935 1130 1025 1152 sertus
1054 1131 1096 1153 est
1118 1125 1278 1153 Jerusalem.
1296 1126 1353 1154 Non
1376 1127 1447 1154 enim
1467 1127 1548 1161 periit
1572 1128 1598 1154 in
1622 1131 1718 1160 totum,

937 1172 983 1198 sed
1002 1177 1168 1199 conservatae
1189 1178 1251 1199 sunt
1271 1173 1401 1208 reliquiae,
1415 1181 1474 1208 quae
1491 1178 1589 1201 evectae
1605 1179 1678 1205 sunt.
1692 1178 1720 1201 et

936 1217 1103 1252 glutine-aue,
1125 1223 1152 1245 et
1171 1219 1317 1247 sanctitate
1330 1219 1521 1252 ettitescentes,
1534 1220 1560 1246 in
1576 1220 1645 1247 lihro
1658 1220 1719 1247 vita

936 1262 1083 1296 inscriptae.
1105 1262 1203 1290 Verum
1225 1268 1313 1290 autent
1331 1271 1391 1291 esse
1411 1264 1595 1299 propheticum
1612 1271 1717 1292 sermo-

936 1316 997 1336 nem
1017 1309 1130 1344 quilibet
1148 1310 1238 1337 videre
1248 1315 1347 1345 potest,
1363 1310 1434 1338 velut
1446 1311 1471 1338 in
1483 1311 1610 1345 primitiis
1623 1318 1717 1338 eorum

935 1353 980 1388 qui
1006 1355 1105 1382 servati
1133 1355 1242 1382 fuerunt
1264 1356 1366 1383 sanctis
1381 1357 1576 1391 apostolis,qui
1604 1361 1631 1384 et
1655 1356 1718 1384 elati

936 1406 999 1426 vere
1013 1403 1085 1431 sunt,
1103 1404 1130 1428 et
1147 1401 1244 1429 divinis
1260 1402 1355 1436 gratiis
1378 1402 1514 1434 illustrati,
1529 1403 1621 1437 gloria:
1639 1402 1719 1430 clari-

937 1449 992 1472 tate
1007 1445 1084 1472 ditati
1098 1450 1170 1473 sunt.
1183 1447 1353 1481 Acceperunt
1367 1449 1436 1474 enim
1448 1452 1609 1482 potestatem
1624 1453 1717 1476 contra

935 1490 1048 1524 spiritus
1075 1492 1239 1525 inttttttudos,
1254 1498 1283 1520 ut
1302 1501 1350 1521 eos
1376 1494 1517 1528 ejicerettl,
1541 1499 1569 1521 et
1591 1500 1720 1522 curarunt

938 1537 1035 1565 multos
1055 1538 1257 1567 inﬁrmitatibus
1281 1539 1401 1572 affectos,
1419 1541 1466 1567 sed
1481 1545 1509 1568 et
1528 1541 1553 1567 itt
1568 1539 1636 1567 libro
1658 1540 1720 1567 viue

937 1583 1064 1618 descripti
1083 1589 1156 1611 sunt.
1170 1585 1272 1620 Quippe
1284 1594 1343 1613 cum
1356 1586 1503 1620 gauderent
1518 1586 1648 1613 dzemonia
1668 1586 1717 1612 sibi

939 1628 1059 1663 subjecta
1076 1631 1236 1664 esse,idque
1256 1631 1509 1662 dicerent,occurrit
1521 1631 1573 1657 illis
1585 1630 1717 1662 Christus,

936 1678 963 1701 et
979 1675 1125 1709 majoribus
1143 1676 1224 1702 rebus
1238 1676 1325 1703 adhttc
1337 1676 1473 1703 ltetaturos
1487 1677 1565 1703 docet
1581 1685 1588 1703 :
1609 1686 1618 1702 ‹
1634 1676 1720 1703 Nolito

935 1720 1087 1754 gaudere,»
1113 1721 1210 1755 inquit,
1238 1721 1331 1755 «quod
1357 1721 1487 1748 daemonia
1519 1722 1594 1748 vobis
1611 1722 1718 1749 subdita

935 1765 999 1796 sint,
1010 1766 1057 1792 sed
1073 1767 1188 1801 gaudete
1201 1768 1286 1802 magis
1303 1767 1373 1802 quod
1394 1767 1501 1794 nomina
1521 1773 1606 1794 vestra
1621 1769 1720 1802 scripta

934 1811 989 1839 sint
1013 1812 1038 1839 itt
1059 1813 1135 1840 caelis
1150 1813 1183 1840 ".
1199 1822 1209 1839 ι
1229 1812 1296 1840 Sunt
1316 1821 1379 1848 ergo
1409 1813 1493 1840 evecti
1520 1813 1656 1845 Israelita),
1674 1814 1718 1848 qni

937 1862 1064 1892 tanquam
1080 1858 1107 1885 itt
1121 1867 1204 1886 censu
1221 1867 1253 1886 ae
1272 1864 1345 1886 sorte
1362 1859 1457 1886 harum
1474 1859 1647 1893 reliquiarum
1661 1867 1719 1887 ser-

934 1903 989 1931 vati
1009 1908 1080 1931 sunt.
1096 1904 1200 1931 Etenittt
1215 1905 1285 1940 digni
1304 1905 1387 1932 habiti
1400 1910 1463 1932 sunt
1476 1905 1577 1932 honore
1590 1913 1622 1933 ac
1634 1905 1720 1940 gratia

934 1955 948 1975 a
963 1947 1090 1984 Christo;
1105 1950 1150 1977 lilii
1165 1953 1252 1978 vocati
1272 1955 1335 1978 suttt
1353 1951 1411 1984 Dei,
1431 1951 1484 1986 75
1501 1951 1651 1987 fratresque
1663 1951 1720 1984 ejus

933 1998 960 2022 et
973 1995 1065 2028 amici,
1087 1996 1231 2031 gloriaeque
1250 1996 1308 2031 ejus
1326 1998 1391 2025 socii
1411 2005 1442 2024 ac
1460 1998 1607 2031 participes
1624 2008 1630 2025 :
1648 1998 1719 2032 digni

934 2040 1015 2068 etiant
1030 2041 1114 2069 habiti
1125 2047 1189 2069 suttt
1204 2047 1232 2069 ut
1249 2043 1275 2069 in
1290 2043 1391 2070 cwlcsti
1409 2043 1477 2071 libro
1494 2045 1720 2075 describerentur,

934 2089 961 2113 et
976 2085 1049 2114 cives
1082 2088 1226 2121 nttncupati
1256 2093 1320 2115 sunt
1354 2088 1533 2124 intelligihilis
1557 2087 1721 2120 Jerusalem.

933 2137 992 2164 qua:
1008 2137 1050 2158 est
1071 2137 1158 2160 mater
1179 2138 1347 2166 sanctorunt,
1360 2134 1437 2168 cujus
1461 2135 1575 2169 ipsemet
1591 2134 1721 2169 propheta

933 2174 1017 2204 Isaias
1031 2179 1153 2206 meminit
1169 2180 1281 2207 dicens:
1306 2189 1315 2205 ι
1326 2179 1402 2208 Oculi
1417 2181 1455 2208 tui
1469 2181 1723 2215 contentplabuntur

94 2222 199 2249 πολῖται
215 2219 437 2256 κεχρηματίκασι
450 2218 500 2253 τῆς
514 2217 612 2252 νοητῆς
633 2216 818 2252 Ἰερουσαλὴμ,
834 2217 882 2253 τῆς

939 2220 1083 2248 Ierusalem
1096 2223 1234 2251 civitatem
1250 2224 1373 2258 divitem,
1389 2226 1504 2252 tentoria
1514 2232 1574 2259 qua:
1590 2232 1643 2251 tton
1656 2231 1723 2258 qua-

93 2268 144 2294 τῶν
167 2266 256 2301 ἁγίων
280 2265 394 2301 μητρὸς.
417 2261 451 2300 ἧς
477 2263 558 2294 αὐτὸς
579 2264 593 2289 ὁ
614 2263 755 2298 προφήτης
773 2263 885 2295 Ἡσαΐας

940 2267 1040 2294 tiettlur
1053 2268 1086 2294 ".
1099 2277 1109 2294 ›

94 2315 274 2351 διαμέμνηται
290 2312 394 2346 λέγων’
413 2320 423 2336 ι
438 2311 467 2337 Ol
494 2308 626 2344 ὀφθαλμοί
651 2317 696 2334 σου
727 2308 836 2343 δψονται
858 2310 1052 2348 Ἰερουσαλήμ·
1069 2313 1145 2345 πόλις
1174 2313 1300 2348 πλουσία,
1337 2315 1434 2350 σκηναὶ
1456 2315 1483 2342 αἳ
1499 2316 1528 2342 οὺ
1550 2315 1588 2351 μὴ
1611 2314 1725 2341 σεισθιί-

95 2371 142 2390 σιν.
159 2372 169 2388 Ι

127 2411 193 2437 Ὅτι
208 2405 359 2436 ἑκπλυνεῖ
369 2405 476 2438 Κύριος
495 2403 546 2430 τὸν
557 2403 659 2436 ῥύπον
672 2403 731 2429 τῶν
747 2402 819 2430 υἱῶν
837 2402 886 2429 καὶ

95 2456 150 2483 τῶν
163 2453 336 2489 θυγατέρων
348 2451 438 2478 Σιών·
461 2449 509 2476 καί
523 2449 555 2476 τὸ
571 2447 642 2483 allia
663 2449 834 2483 ἐκκαθαριεῖ
852 2449 886 2475 ἐκ

93 2501 184 2535 μέσου
199 2498 314 2530 αὐτῶν,
330 2497 367 2523 ὲν
379 2495 524 2530 πνεύματι
538 2494 664 2528 κρίσεως
677 2492 726 2520 καὶ
741 2493 886 2527 πνεύματι

97 2547 238 2577 καύσεως.

134 2591 280 2625 ’Ᾱνοινήξρει
299 2587 382 2615 πάλιν
399 2588 413 2613 ὁ
429 2586 475 2613 τοῦ
493 2586 632 2622 προφήτου
655 2585 743 2618 λόγος⁷
763 2583 810 2610 καὶ¹
836 2583 884 2615 τὰς

95 2637 219 2672 ἐσομένας
234 2635 293 2661 ἔσθ’
307 2635 353 2660 ὅτε
368 2633 444 2668 παρά
457 2641 537 2658 τινων
551 2631 738 2666 εὑρεσιλογίας
756 2630 885 2666 περιττὰς

95 2683 245 2717 ἀποφαίνει,
276 2680 327 2707 καὶ
350 2678 404 2705 τῶν
426 2678 473 2704 τοῦ
494 2677 562 2704 θεοῦ
585 2677 726 2712 χριμάτων
756 2676 887 2708 κατεξαν-

95 2728 210 2757 ίστασοαί
232 2735 292 2754 τισι
314 2724 484 2752 κατόὺδὲνα
509 2723 609 2759 τρόπον
634 2722 720 2756 ἐφιεὶς
737 2721 887 2756 προαπολα-

92 2776 168 2810 γεῐται
193 2773 350 2810 χρησίμως
363 2778 370 2785 ⁶
385 2769 478 2805 ὥσπερ
494 2769 547 2804 γάρ
560 2776 630 2799 τινος
651 2768 739 2794 ἐκεῖνο
756 2766 886 2801 βοῶντος·

975 2403 1058 2430 Vsus.
1075 2403 1102 2430 4.
1124 2403 1192 2436 Quia
1206 2404 1274 2430 eluet
1300 2403 1428 2431 Domtnus
1451 2405 1540 2431 sordes
1557 2405 1674 2440 ﬁliorum
1699 2411 1723 2434 et

939 2449 1054 2483 ﬁliarum
1070 2449 1156 2482 Sion;
1171 2455 1195 2477 et
1210 2451 1362 2484 sanguinem
1375 2451 1406 2478 de
1427 2452 1511 2478 medio
1525 2459 1614 2478 eorum
1627 2459 1728 2487 purga—

940 2494 986 2526 bit,
1002 2494 1028 2521 in
1045 2495 1138 2528 spiritu
1151 2495 1246 2529 judicii
1261 2495 1390 2528 dispiritu
1403 2495 1599 2523 combustionis.

974 2584 1053 2611 Redit
1066 2583 1099 2610 ad
1114 2591 1142 2611 se
1166 2591 1260 2611 rursus
1276 2583 1414 2618 prophetae
1424 2583 1523 2615 oratio,
1534 2587 1561 2610 et
1583 2583 1725 2610 nonnullo-

940 2637 998 2656 rum
1020 2634 1172 2656 eommenla
1193 2629 1269 2656 irrita
1294 2629 1350 2656 l'ore
1372 2629 1499 2660 ostendit,
1514 2635 1629 2661 eumque
1652 2628 1725 2654 nulio

941 2675 1019 2702 modo
1035 2675 1173 2709 permittat
1197 2674 1322 2709 cuiquam
1335 2674 1433 2701 divinis
1456 2672 1582 2700 resisfcre
1605 2672 1723 2708 judieiis,

942 2721 1063 2756 apologia
1082 2721 1198 2755 quadattt
1219 2720 1361 2755 prmtttunit
1375 2719 1486 2752 utiliter,
1502 2727 1534 2746 ac
1552 2719 1574 2746 si
1591 2718 1722 2753 quispiam

943 2766 1006 2794 illud
1023 2766 1186 2794 oeelamaret
1205 2775 1211 2793 :
1230 2765 1399 2793 Extollentttr
1415 2765 1447 2792 de
1460 2765 1564 2799 integro
1579 2763 1623 2789 lilii
1643 2761 1720 2788 Jeru—

118 2853 210 2883 "Luc
237 2858 326 2883 χχιιι,
340 2849 385 2876 30.
424 2849 446 2865 "
461 2847 525 2876 Luc.
544 2855 570 2881 ι,
587 2845 632 2873 9.0.
672 2846 695 2862 "
708 2845 758 2873 lsa.
778 2851 875 2878 xxxut,
889 2843 933 2871 ‘20.
