1890 3053
164 145 210 172 131
677 143 706 170 S.
727 141 866 170 CYRILLI
887 139 1123 169 ALEXANDRINI
1143 141 1303 170 ARCHIEP.

1719 165 1723 168 .
1740 139 1791 168 I5!

162 205 256 238 salem,
268 190 298 232 et
318 190 491 232 ornabuntur
518 201 614 238 gloria,
632 205 659 229 et
674 201 725 229 hoc
739 207 768 230 et
794 202 821 229 in
843 202 908 230 caele

1045 201 1209 237 θωθήσονται
1233 200 1315 228 πάλιν
1327 199 1352 227 οἱ
1370 199 1425 226 νἱοὶ
1439 197 1562 234 Ἰσραήλ·
1579 197 1790 234 θοεασθήσονται

163 251 233 278 libro
259 250 374 279 describi
393 249 577 280 merebuntur,
587 248 651 275 licet
682 248 849 283 impietatem
878 249 949 276 baud

161 297 334 325 mediocriter
352 294 534 326 exercuerim,
552 294 698 329 prophetas
710 293 871 327 occiderint,
888 294 950 321 mis-

159 351 208 370 sos
230 341 363 377 lapidibus
386 342 539 374 obruerint,
560 342 647 377 ipsum
670 341 779 368 demum
807 339 949 368 Christum

158 388 241 416 morti
266 387 436 420 tradiderint,
450 395 598 422 eorumque
627 395 723 414 manus
753 386 885 421 sanguine
907 393 950 413 re-

160 434 350 462 dundaverint.
369 432 438 466 Quid
459 433 541 468 igitur
561 433 712 468 propheta?
727 441 736 459 ι
750 433 827 460 Eluet
856 432 950 460 Domi-

162 487 221 511 nus,
250 479 347 514 inquit,
375 479 470 506 sordes
496 479 611 506 filiorum
643 483 671 506 et
696 479 812 505 filiarum
831 478 909 511 Sion,
923 483 951 505 et

159 526 320 560 sanguinem
349 526 539 561 expurgabite
556 525 645 552 medio
670 532 775 557 eorum,
793 524 822 552 in
853 525 949 558 spiritu

157 571 251 605 judicii
279 575 308 598 et
330 571 425 605 spiritu
453 570 569 597 ardoris.
584 579 593 596 ι
611 570 786 604 Deliqucrunt
812 570 949 604 siquidem

160 617 229 646 citra
244 616 641 651 controversiam,jostiﬂeavit
655 623 720 643 vero
742 623 838 642 omnes
865 615 951 650 gratis

160 672 210 700 per
236 664 389 695 Christum,
407 663 582 698 ipsorumque
611 661 816 690 interfectorum
842 665 952 696 peccata

161 709 296 737 oblivione
305 709 438 744 sepelivit.
457 709 588 736 Nimirum
600 713 627 736 et
637 709 744 736 divinus
757 707 950 735 Petrusludai-

154 763 221 782 ~cmn
235 754 361 790 populum
379 753 477 781 aliatur
489 754 587 781 alicubi
603 754 712 781 dicens:
728 763 738 779 ι
758 752 811 781 Vos
822 752 951 780 Sanctum

160 805 187 827 et
201 799 308 827 Iustum
324 800 454 833 negastis,
473 804 500 826 et
515 791 659 834 ﬂagitastis
675 799 838 827 homicidam
855 798 951 825 donari

158 847 237 873 vobis
248 846 281 872 ⁵⁸.
302 855 311 871 ι
331 845 435 872 Alicubi
454 845 551 872 iterum
567 853 573 872 :
591 855 601 871 ι
615 845 648 872 Et
665 853 746 877 nunc,
762 845 869 877 fratres,
889 843 952 871 novi

999 247 1040 280 δὲ,
1055 247 1101 274 καὶ
1122 247 1173 283 τὴν
1192 246 1249 274 ἄνω
1270 245 1447 282 κερδανοῦσιν
1461 245 1635 280 ἀπογραφὴν,
1648 244 1737 272 καίτοι
1748 244 1794 271 6:-

999 283 1200 328 δυσσεὸήκασιν
1222 291 1252 318 οὐ
1276 291 1407 326 μετρίως,
1426 289 1594 318 ἀπεκτόνασι
1607 289 1671 321 τοὺς
1684 289 1793 324 προφή-

1000 346 1060 370 τας,
1085 337 1277 373 ὲλιθοσὸλησαν
1298 337 1361 368 τοὺς
1382 335 1616 371 ἀπεσταλμένους,
1638 335 1687 362 καὶ
1711 334 1793 362 αὑτὸν

999 383 1029 410 δὲ
1041 382 1220 414 τελευτῶντες
1235 382 1400 418 προσέθεσαν
1412 381 1457 408 τὸν
1474 380 1601 416 Χριστὸν,
1619 380 1667 407 καὶ
1676 380 1793 415 γεγόνα-

1002 436 1044 454 σιν
1057 427 1147 455 αὐτῶν
1161 428 1189 454 αί
1203 428 1294 463 χεῖρες
1309 427 1424 463 αἵματος
1439 426 1563 462 πλήρεις.
1579 425 1612 452 Τί
1634 423 1681 452 οὖν
1697 427 1711 452 ὸ
1725 433 1791 461 πρφ

1002 474 1107 509 φήτης;
1134 473 1308 505 ιῈκπλυνεῖ,
1327 482 1347 502 ι,
1369 472 1455 508 φησὶ,
1483 480 1493 498 ι
1509 471 1612 506 Κύριος
1634 471 1680 497 τὸν
1708 470 1795 506 ῥύπον

1000 520 1056 546 τῶν
1070 519 1147 553 υἱῶν,
1159 520 1206 546 καὶ
1220 519 1275 546 τῶν
1289 518 1447 554 θυγατέρων
1463 517 1542 549 Σιὼν,
1558 517 1605 544 καὶ
1617 516 1647 544 τὸ
1660 513 1733 552 αἷμα
1747 517 1795 542 ὲκ-

1002 565 1128 602 καθαριεϊ
1147 566 1179 592 ὲκ
1200 565 1283 600 μέσον
1298 564 1398 597 αὐτῶν,
1414 565 1442 591 ὲν
1464 563 1600 600 πνεύματι
1612 563 1730 600 κρίσεως
1745 563 1794 589 καὶ

1001 614 1031 639 ἐν
1057 612 1192 647 πνεύματι
1214 612 1349 644 καύσεως.
1364 621 1374 638 ι
1399 609 1653 646 Πεπλημμελήκασι
1672 609 1720 645 μὲν
1737 608 1795 644 γὰρ

1001 658 1238 695 ὁμολογουμένως³
1252 658 1370 685 ὲδικαίου
1391 657 1421 684 δὲ
1442 658 1547 688 πάντας
1570 657 1587 691 ὴ
1613 656 1692 691 χάρις
1713 655 1730 690 ἡ
1748 655 1794 682 διὰ

1003 704 1133 741 Χριστοῦ,
1148 705 1197 732 καὶ
1211 703 1302 735 αὐτοῖς
1319 703 1348 730 δὲ
1362 704 1419 735 τοῖς
1441 702 1635 737 πεφονευκόσιν
1653 701 1795 737 ἐχαρίζετο

1002 751 1051 787 τὴν
1067 750 1231 786 ἀμνηστίαν.
1247 750 1304 777 Καὶ
1327 749 1393 784 γοῦν
1410 751 1427 777 ὸ
1449 748 1592 780 θεσπέσιος
1612 748 1716 784 Πέτρος
1737 748 1794 779 τοῖς

1009 797 1143 824 Ἰουδαίων
1158 796 1256 832 δήμοις
1270 796 1440 832 προσεφώνει
1457 796 1545 830 λέγων
1555 815 1563 828 ,
1584 795 1650 822 ποτὲ
1668 795 1718 830 μὲν
1728 814 1735 826 ,
1751 794 1794 820 ὅτι

1006 853 1015 869 ι
1027 843 1122 878 Ὑμεῖς
1131 843 1159 869 δὲ
1166 843 1212 870 τὸν
1222 843 1317 877 ’Δγιον
1325 842 1373 870 καὶ
1381 841 1489 869 Δίκαιον
1495 840 1662 877 ὴρνήσασθο.
1670 840 1718 868 καὶ
1725 839 1794 876 ᾐτή-

163 891 234 926 qnod
253 899 285 919 ex
299 891 451 926 ignorantia
468 891 582 924 fecistis,
609 891 689 918 sicuti
707 896 734 918 et
753 891 890 926 principes
905 898 909 909 π

1046 895 1068 914 τε
1084 887 1169 922 ἄνδρα
1182 886 1265 921 φονέα
1276 885 1438 922 χαρισθῆναι
1453 886 1528 920 ὑμῖν.
1546 895 1555 912 ι
1572 885 1640 912 [lost
1654 884 1683 911 δὲ
1696 884 1792 910 πάλιν·

161 939 222 966 stri.
251 938 411 973 Resipiscite
427 939 530 973 itaque,
556 943 583 965 et
599 938 751 972 baptizetur
765 938 950 972 unusquisque

158 988 280 1010 vestrum
296 983 322 1010 iu
338 990 434 1010 nomen
449 983 554 1010 Domini
569 981 644 1016 Iesu,
660 987 687 1010 et
697 982 836 1017 accipietis
848 982 949 1010 donum

162 1028 250 1056 sancti
264 1028 382 1063 Spiritus
396 1037 402 1055 :
419 1028 496 1056 vobis
510 1029 581 1056 enim
597 1033 660 1056 sunt
675 1029 867 1063 promissiones
881 1033 908 1056 et
923 1029 951 1056 il-

159 1075 205 1102 liis
234 1075 336 1102 vestris
352 1074 408 1102 ".i
425 1074 605 1109 Quapropter,
637 1074 734 1109 inquit,
762 1075 950 1102 universorum

162 1120 253 1156 opifex
269 1125 297 1148 et
319 1120 459 1152 Dominus,
478 1120 590 1146 multum
620 1119 788 1152 misericors,
803 1119 848 1154 qui
874 1127 951 1147 man-

162 1166 305 1194 suetudine
324 1170 353 1193 et
374 1165 517 1192 demotis
543 1165 667 1192 humanae
693 1166 792 1192 mentis
812 1165 952 1200 angustias

158 1212 280 1244 excedit,
297 1211 343 1246 qui
358 1219 415 1239 non
428 1211 486 1238 vult
500 1214 615 1239 mortem
628 1211 781 1244 morientis,
795 1218 848 1246 quo
861 1217 924 1238 eum
936 1218 951 1238 a

165 1257 207 1284 via
230 1264 278 1284 sua
293 1264 376 1291 prava
402 1259 519 1288 avertat,
532 1259 560 1284 et
580 1256 672 1283 vivat:
686 1255 777 1283 abluet
794 1255 889 1283 sordes
903 1262 951 1283 eo-

162 1311 224 1330 rum
249 1303 296 1337 qui
315 1306 474 1337 peccat-unt,
493 1305 522 1328 et
546 1307 562 1328 s
578 1301 672 1328 medio
696 1300 804 1328 illorum
826 1300 953 1336 purgabit

161 1349 334 1383 sanguinem,
351 1347 448 1382 spiritu
464 1345 561 1380 iudicii
572 1350 599 1373 et
612 1345 708 1380 spiritu
722 1345 838 1373 ardoris.
849 1344 951 1373 iudicii

162 1399 252 1421 autem
267 1393 392 1428 spiritum
406 1392 534 1425 dicimus,
551 1399 585 1420 ex
605 1392 708 1426 judicio
718 1398 793 1420 recte
807 1396 835 1419 et
848 1392 951 1426 iustitia

163 1440 247 1467 latum
261 1439 289 1466 in
305 1446 354 1467 nos
364 1446 378 1466 a
394 1438 450 1466 Deo
464 1437 609 1465 calculum.
624 1437 679 1473 78
687 1436 797 1465 Scilicet
813 1438 850 1464 ita
865 1437 953 1472 inquit

165 1487 296 1514 Servator
314 1495 322 1513 :
341 1494 351 1512 ι
367 1484 445 1512 Nunc
468 1484 600 1519 judicium
625 1489 668 1511 est
687 1483 777 1511 saeculi
793 1483 872 1518 hujus
889 1483 923 1511 “.
940 1493 949 1509 ι

162 1531 270 1559 Iudicio
283 1531 358 1558 enim
379 1530 590 1558 contenditeum
604 1531 705 1557 mundo
717 1530 770 1557 hoc
783 1535 812 1557 et
828 1537 889 1557 cum
902 1529 952 1556 Sa-

1007 943 1016 959 ι
1028 933 1083 960 Καὶ
1093 933 1150 966 νῦν,
1161 932 1281 967 ἀδελφοὶ,
1292 930 1361 964 οἶδα,
1377 931 1449 958 κατὰ
1461 931 1573 965 ᾶγνοιαν
1584 930 1731 965 ἐπράξατε,
1739 929 1794 956 ῶσ-

1003 987 1054 1014 περ
1066 979 1112 1005 καὶ
1124 979 1149 1005 οἱ
1161 978 1290 1014 ἄρχοντες
1302 978 1387 1014 ὑμῶν.
1397 978 1588 1013 Μετανοήσατε
1597 974 1654 1009 οὖν,
1663 977 1710 1003 καὶ
1724 975 1795 1011 βαπ-

1002 1025 1122 1060 τισθήτω
1132 1024 1245 1056 ἕκαστος
1256 1024 1332 1059 ὑμῶν
1341 1025 1379 1056 εἰς
1388 1024 1418 1050 τὸ
1428 1024 1513 1058 ὄνομα
1522 1022 1569 1050 τοῦ
1576 1022 1681 1059 Κυρίου
1692 1021 1794 1057 Ἰησοῦ,

1004 1073 1051 1099 καὶ
1068 1071 1185 1107 λήψεσθε
1199 1071 1249 1107 τὴν
1267 1070 1372 1106 δωρεὰν
1388 1070 1435 1097 τοῦ
1448 1070 1527 1104 ἁγίου
1538 1068 1696 1103 Πνιύματος
1707 1076 1714 1083 ·
1729 1067 1795 1102 ὑμῖν

1004 1119 1059 1154 γάρ
1066 1107 1141 1145 ἐἰσιν
1156 1118 1185 1146 al
1202 1117 1363 1152 ἐπαγγελίαι
1379 1117 1426 1144 καὶ
1442 1118 1498 1148 τοῖς
1512 1116 1616 1147 τέκνοις
1631 1114 1720 1150 ὑμῶν.
1735 1123 1745 1140 ι
1766 1113 1795 1139 ’0

1003 1166 1105 1200 τοίνυν,
1119 1165 1212 1201 φησὶν,
1229 1166 1244 1192 ὸ
1257 1165 1311 1191 τῶν
1322 1164 1391 1191 ὅλων
1404 1162 1568 1199 δημιουργὸς
1590 1162 1637 1188 καὶ
1648 1160 1751 1196 Κύριος
1760 1179 1768 1191 ,
1781 1160 1796 1185 6

1008 1211 1089 1244 πολὺς
1110 1212 1148 1244 εις
1171 1211 1256 1243 ῐλιος,
1269 1212 1284 1238 ό
1297 1210 1382 1237 νικῶν
1395 1209 1544 1245 ήμερότητι
1558 1208 1607 1239 τὰς
1620 1205 1795 1242 ἀνθρωπίνας

1006 1255 1204 1292 μικροψυχίας·
1228 1256 1243 1282 ό
1259 1255 1298 1291 μὴ
1312 1255 1397 1282 θέλων
1417 1254 1463 1281 τὸν
1480 1253 1593 1280 θάνατον
1612 1251 1659 1278 τοῦ
1674 1249 1795 1285 ἀποθνή-

1006 1309 1126 1333 σκοντος,
1140 1301 1178 1333 ὡς
1193 1300 1224 1328 τδ
1236 1300 1399 1336 ἐπιστρέψαι
1411 1299 1493 1327 αὑτὸν
1506 1297 1562 1328 ἀπὸ
1572 1297 1621 1331 τῆς
1634 1295 1694 1324 ὁδοῦ
1711 1296 1797 1324 αὑτοῦ

1004 1348 1055 1383 τῆς
1079 1348 1213 1383 πονηρᾶς,
1231 1347 1280 1374 καὶ
1304 1347 1354 1382 ζῇν
1374 1346 1471 1381 αὑτὸν,
1486 1344 1617 1372 ἐκπλυνεῑ
1640 1344 1686 1371 τδν
1707 1342 1798 1379 ῥύπον

1004 1394 1058 1420 τῶν
1073 1394 1283 1429 ἡμαρτηκότων,
1300 1393 1462 1426 ὲκκαθαριεῖ
1472 1391 1501 1419 δὲ
1517 1391 1565 1418 καὶ
1577 1390 1608 1418 τδ
1620 1388 1689 1426 αἷμα
1702 1390 1734 1416 ιιι
1751 1388 1796 1424 μι-

1006 1449 1052 1467 σου
1076 1440 1166 1467 αὐτῶν
1187 1441 1216 1467 ἑν
1239 1440 1374 1476 πνεύματι
1396 1439 1511 1475 κρίσεως
1534 1438 1582 1464 καὶ
1602 1438 1631 1463 ὲν
1658 1435 1795 1470 πνεύματι

1005 1487 1138 1518 καύσεως.
1155 1486 1212 1513 Καὶ
1234 1486 1265 1513 τὸ
1293 1486 1342 1521 μὲν
1367 1486 1416 1521 τῆς
1438 1485 1554 1521 κρίσεως
1568 1482 1678 1518 πνεῦμά
1692 1489 1794 1517 φαμεν,

1004 1533 1054 1568 τὴν
1066 1532 1135 1568 μετὰ
1145 1532 1262 1568 κρίσεως
1277 1531 1369 1567 ὀρθῆς,
1381 1531 1440 1567 ἦτοι
1450 1530 1633 1565 δικαιοσύνης,
1646 1526 1795 1562 ἐξενεχθεῖ-

165 1582 227 1604 tans
242 1585 249 1604 :
271 1581 298 1604 et
316 1577 387 1603 hunc
399 1576 510 1611 quidem
525 1576 606 1609 eiecit
623 1580 653 1603 ut
667 1575 764 1611 injuria
780 1574 911 1603 aﬂiciente

1048 1586 1054 1604 ρ
1067 1564 1110 1612 ξφ*
1126 1564 1192 1613 ἡμίν
1209 1577 1283 1613 παρὰ
1293 1564 1361 1604 θεοῦ
1373 1564 1472 1612 ψῆφον.
1488 1575 1566 1602 Οὕτω
1577 1575 1631 1609 γάρ
1644 1573 1695 1601 πού
1709 1580 1794 1608 φησιν

165 1623 226 1651 illos
251 1629 315 1650 vero
343 1621 504 1656 iustiﬁcavit
521 1630 536 1650 e
553 1622 653 1649 mundo
676 1629 723 1656 per
748 1621 838 1653 ﬁdem,
854 1620 953 1654 injuria

165 1669 288 1697 aﬂ'ectos.
302 1668 417 1696 Ardoris
433 1675 498 1695 vero
509 1667 635 1703 spiritum
652 1667 778 1699 dicimus,
796 1667 908 1701 gratiam
926 1666 952 1693 in

166 1718 342 1742 sacrosancto
355 1714 501 1748 baptismo,
517 1722 569 1740 non
584 1713 686 1747 absque
703 1712 806 1747 Spiritu
821 1712 897 1739 nobis
910 1712 952 1738 in-

165 1765 332 1796 generatam.
344 1759 476 1795 Baptizati
492 1765 582 1786 autem
599 1764 626 1786 et
637 1759 682 1793 loti
702 1766 806 1791 sunms,
819 1767 872 1785 non
884 1765 952 1793 aqua

167 1806 248 1839 nuda,
263 1805 310 1833 sed
319 1812 368 1832 nec
383 1806 473 1832 cinere
494 1805 569 1831 vituli
584 1805 721 1832 emundati
736 1812 840 1836 sumus,
861 1804 894 1830 ad
914 1812 956 1831 so-

167 1852 219 1879 lam
248 1852 340 1879 carnis
366 1851 593 1886 purificationem,
616 1851 841 1885 quemadmodum
868 1850 956 1884 inquit

167 1896 264 1924 beatus
280 1895 380 1923 Paulus
391 1896 423 1929 ⁶¹,
443 1896 490 1923 sed
508 1895 610 1930 Spiritu
630 1900 735 1928 sancto,
750 1901 775 1923 et
789 1896 850 1930 igne
865 1895 955 1922 divino

166 1950 199 1970 ac
213 1939 387 1975 intelligibili,
403 1941 450 1975 qui
467 1942 561 1969 sordes
576 1941 734 1968 vitiositatis
752 1941 778 1967 in
791 1940 869 1967 nobis
880 1940 956 1967 dete-

168 1988 203 2015 rit
217 1993 244 2015 et
261 1987 389 2018 absumit,
402 1990 428 2014 et
452 1986 555 2021 peccati
576 1986 791 2021 inquinationem
817 1986 904 2020 liquat
927 1991 955 2014 et

166 2033 301 2069 excoquit.
321 2032 396 2060 Hunc
414 2032 566 2060 servatoris
588 2033 732 2059 adventum
752 2031 828 2059 nobis
847 2037 873 2059 et
887 2031 956 2059 alter

167 2087 275 2115 quoque
289 2087 305 2106 ο
319 2080 422 2107 sanctis
436 2080 574 2114 prophetis
586 2078 805 2114 prassignilicavit
820 2079 954 2114 inquiens:

171 2135 180 2152 ι
192 2125 259 2159 Quia
271 2132 334 2152 ecce
349 2125 503 2160 egredietur
513 2125 590 2159 quasi
611 2124 682 2159 ignis
699 2124 826 2156 fornacis,
840 2131 866 2152 et
879 2124 955 2159 quasi

169 2172 251 2198 herba
271 2171 399 2204 lotorum,
414 2176 442 2199 et
465 2171 590 2206 purgabit
613 2170 756 2198 conﬂando
767 2171 845 2204 quasi
859 2179 956 2206 argen-

170 2223 225 2244 tum
240 2222 267 2244 et
283 2217 359 2252 quasi
375 2225 470 2244 aurum
484 2217 534 2244 ⁶¹.›
551 2217 588 2244 De
602 2215 703 2244 Iudaeis
718 2217 790 2244 enim
805 2217 849 2252 qui
864 2217 956 2244 inobe-
971 2233 993 2261 Β

169 2263 278 2290 dientia’e
306 2263 413 2290 crimini
441 2261 534 2290 amnes
563 2267 771 2296 permanserunt
797 2271 804 2288 :
830 2261 957 2290 «Defecit

171 2308 273 2341 follis,i
292 2308 389 2343 inquit,
403 2316 416 2334 ι
429 2308 463 2335 ab
483 2308 561 2342 igne;
584 2307 683 2334 defecit
701 2307 849 2342 plumbum,
867 2308 892 2335 in
911 2315 957 2335 va-

170 2362 233 2381 num
253 2354 329 2382 faber
342 2359 481 2388 argentum
496 2353 593 2381 confiat
610 2363 617 2381 :
636 2354 746 2381 malitia:
760 2361 854 2381 eorum
870 2354 955 2389 lique-

171 2400 248 2427 iactae
268 2405 350 2433 sunt;
363 2405 503 2434 argentum
526 2401 698 2434 reprobatttm
714 2404 808 2428 vocate
820 2408 878 2434 eos,
893 2401 955 2436 quia

171 2447 325 2481 reprobavit
349 2453 397 2473 eos
424 2445 554 2473 Dominus
568 2447 600 2473 ".
615 2456 624 2472 ι
650 2446 677 2474 ln
701 2447 778 2474 nobis
798 2452 886 2474 autem
910 2447 956 2481 qui

170 2493 347 2524 credidimus,
361 2499 412 2519 non
434 2492 460 2518 in
476 2492 581 2519 irritum
597 2492 729 2520 laboravit
740 2493 814 2521 faber
829 2497 956 2527 argenta-

172 2540 238 2570 rius,
253 2545 341 2572 neque
363 2537 461 2564 defecit
486 2537 557 2565 follis
579 2539 612 2566 ab
640 2539 710 2575 igne,
727 2547 776 2566 nec
800 2539 955 2574 plumbum;

171 2583 274 2617 purgati
295 2583 366 2609 enim
386 2590 480 2611 sumus
500 2584 526 2610 in
543 2584 639 2619 spiritu
665 2584 757 2619 judicii
777 2585 844 2612 etin
862 2584 956 2619 spiritu

171 2628 288 2655 ardoris.
299 2627 374 2661 Quod
386 2628 408 2655 si
420 2629 479 2663 quis
493 2629 556 2656 velit
567 2630 656 2657 dicere
665 2631 849 2665 purgationem
864 2631 889 2657 in
901 2631 958 2665 spi-

173 2674 224 2700 rittt
235 2673 327 2707 indicii
343 2678 371 2701 et
379 2674 475 2709 spiritu
488 2675 680 2703 combustionis
693 2676 720 2703 in
734 2675 844 2704 Iudaico
859 2677 958 2712 populo

173 2719 270 2747 tactam
283 2727 345 2747 esse
359 2727 406 2754 per
422 2720 590 2749 calamitates
612 2722 733 2756 bellicas,
746 2729 773 2750 et
787 2729 835 2757 per
847 2730 877 2750 ea
897 2730 957 2757 qua

173 2764 244 2799 passi
263 2770 326 2792 sunt
349 2766 474 2801 (purgant
494 2766 565 2794 enim
589 2771 616 2794 et
630 2768 776 2796 emundant
791 2768 954 2804 punitiones,

1003 1625 1018 1651 ὁ
1034 1624 1146 1659 Σωτήρ’
1172 1633 1181 1650 ι
1198 1623 1254 1650 Νῦν
1275 1623 1365 1658 κρίσις
1391 1622 1449 1649 ἐστὶ
1470 1621 1519 1648 τοῦ
1543 1621 1640 1653 αἰῶνος
1657 1619 1764 1646 τούτου.
1782 1627 1792 1644 ο

1011 1669 1134 1697 Ἐδίκασε
1153 1669 1207 1704 γὰρ
1220 1668 1260 1704 τῷ
1273 1668 1351 1695 αἰῶνι
1365 1667 1454 1703 τούτῳ
1476 1667 1525 1694 καὶ
1547 1666 1586 1701 τῷ
1603 1665 1728 1700 Σατανᾷ·
1748 1663 1796 1690 καὶ

1003 1715 1049 1741 τὴν
1074 1715 1123 1750 μὲν
1148 1713 1314 1748 ὲκσέσληκεν
1335 1712 1375 1744 ὡς
1397 1711 1560 1748 ἠδικηκότα·
1585 1709 1744 1736 δεδικαίωκε
1766 1707 1796 1734 δὶ

1003 1762 1066 1792 τοὺς
1081 1762 1109 1787 ὲν
1121 1759 1160 1795 τῷ
1175 1760 1269 1795 κόσμῳ
1285 1759 1330 1786 διὰ
1351 1758 1402 1794 τῆς
1417 1758 1535 1788 πίστεως
1551 1756 1589 1788 ὡς
1602 1754 1794 1790 ἠδικημένους.

1005 1807 1136 1838 Καύτεως
1150 1806 1178 1832 δὲ
1194 1805 1303 1840 πνεῦμά
1319 1813 1410 1840 φαμεν
1422 1804 1471 1839 τὴν
1490 1803 1536 1829 ἐπὶ
1557 1802 1595 1837 τῷ
1610 1801 1680 1836 ἁγίῳ
1695 1799 1795 1835 βαπτίο

1006 1860 1088 1887 σματι
1103 1851 1192 1887 χάριν,
1209 1851 1240 1877 οὐ
1254 1850 1315 1885 δίχα
1330 1849 1487 1885 Πνεύματος
1504 1850 1534 1875 ὲν
1551 1848 1616 1883 ἡμῖν
1636 1845 1795 1881 γινομένην.

1007 1896 1216 1931 Βεϐαπτίτμεοα
1242 1896 1291 1931 μὲν
1318 1896 1375 1931 γὰρ
1401 1895 1451 1921 οὐκ
1476 1894 1505 1920 ὲν
1523 1893 1599 1920 ὕδατι
1616 1891 1724 1927 γυμνῷ,
1738 1890 1795 1916 ἀλλ’

1006 1942 1066 1968 οὐδὲ
1083 1942 1172 1977 σποδῷ
1188 1941 1340 1976 δαμάλεως,
1357 1939 1556 1976 ερραντίσμεοα
1574 1938 1602 1965 δὲ
1619 1937 1686 1973 πρὸς
1711 1936 1795 1971 μόνην

1005 1987 1053 2023 τὴν
1067 1988 1114 2023 τῆς
1129 1987 1230 2022 σαρκὸς
1247 1986 1431 2022 καθαρότητα,
1447 1985 1519 2012 καθὰ
1532 1993 1613 2020 φησιν
1628 1985 1642 2010 ὀ
1658 1983 1796 2019 μακάριος

1006 2033 1122 2066 Παῦλος,
1138 2033 1194 2060 ἀλλ’
1209 2034 1236 2060 ὲν
1251 2033 1392 2067 Πνεύματι
1415 2031 1494 2066 ἁγίῳ,
1510 2032 1556 2058 καὶ
1581 2030 1646 2066 πυρὶ
1668 2029 1708 2064 τῷ
1730 2029 1796 2063 θείῳ

1006 2081 1053 2106 καὶ
1066 2079 1162 2114 νοητῷ,
1177 2079 1240 2110 τοὺς
1263 2079 1314 2114 τῆς
1335 2079 1363 2104 ἐν
1381 2079 1448 2114 ἡμῖν
1463 2078 1627 2113 φαυλότητος
1639 2075 1796 2102 δαπανῶντι

1007 2125 1117 2160 ῥύπους,
1127 2124 1228 2151 καὶτὸν
1240 2126 1272 2152 ὲκ
1279 2125 1328 2160 τῆς
1341 2124 1476 2160 ἁμαρτίας
1487 2124 1630 2159 ἐκτήκοντι
1646 2121 1794 2158 μολυσμόν.

1006 2171 1140 2207 Τοιαύτην
1163 2172 1229 2207 ἡμῖν
1252 2171 1300 2199 τοῦ
1325 2172 1449 2207 Σωτῆρος
1462 2172 1511 2207 τὴν
1527 2171 1617 2205 ᾱίριξιν
1635 2169 1683 2197 καὶ
1703 2170 1797 2206 ἔτερος

1006 2218 1060 2246 τῶν
1093 2218 1179 2252 ἁγίων
1215 2218 1362 2254 προφητῶν
1397 2217 1664 2253 προκαταμεμήνυκι
1687 2215 1794 2251 λέγων·

1008 2265 1085 2291 ι”Οτι
1109 2263 1163 2291 ἰδοὺ
1177 2264 1257 2295 αὐτὸς
1273 2263 1461 2299 εἰσπορεύεται
1475 2263 1513 2295 ὡς
1529 2262 1585 2299 πῦρ
1597 2263 1794 2298 χωνευτηρίου,

1005 2311 1052 2338 καὶ⁸
1065 2309 1102 2342 ὼς
1119 2310 1172 2336 πόα
1186 2309 1350 2342 πλυνὸντων,
1369 2309 1416 2336 καὶ
1429 2308 1561 2336 καθιεῑται
1575 2308 1701 2343 χωνεὺων
1712 2308 1751 2340 ὡς
1768 2307 1798 2334 τὸ

1004 2355 1134 2391 ἀργύριον
1146 2355 1194 2382 καὶ
1205 2355 1243 2387 ὡς
1255 2355 1285 2381 τὸ
1297 2355 1417 2390 χρυσίον.
1432 2364 1447 2380 ι-
1456 2355 1522 2390 Περὶ
1535 2355 1584 2390 μὲν
1599 2354 1653 2389 γὰρ
1665 2354 1721 2381 τῶν
1736 2354 1798 2381 ’1ου-

1004 2401 1097 2432 δαίων,
1109 2400 1133 2428 οἳ
1159 2401 1205 2427 καὶ
1228 2403 1284 2432 τοῖς
1305 2402 1354 2436 τῆς
1366 2400 1508 2432 ἀπειθείας
1524 2400 1694 2435 ἐγκλήμασιν
1709 2401 1797 2436 ἔνοχοι

1011 2448 1204 2483 μεμενήκασιν·
1218 2457 1227 2473 ι
1239 2447 1387 2480 Ἐξέλιπε,›
1400 2447 1491 2482 φησὶ,‹
1505 2447 1690 2482 φυσητὴρὰπδ
1700 2447 1797 2482 πυρὸς,

1009 2492 1115 2525 ἐξέλιπε
1125 2493 1258 2528 μόλιϐδος,
1267 2494 1306 2525 είς
1317 2493 1393 2520 κενὸν
1402 2493 1588 2529 ἀργυροκόπος
1599 2493 1795 2528 ἀργυροκοπεϊ.

1009 2540 1138 2576 Πονηρίαι
1153 2539 1242 2566 αὐτῶν
1260 2539 1309 2566 οὐκ
1324 2540 1459 2574 ὲτάκησαν
1469 2547 1476 2554 ν
1494 2539 1626 2574 ἀργύριον
1638 2539 1800 2566 ἀποδεδοκι-

1010 2586 1148 2621 μασμένον
1161 2585 1293 2612 καλέσατε
1308 2586 1416 2618 αὐτοὺς,
1427 2586 1468 2612 ὅτι
1485 2585 1686 2620 ἀπεδοκίμασεν
1697 2586 1797 2617 αὐτοὺς

1009 2631 1120 2666 Κύριος.
1137 2640 1145 2656 ι
1166 2631 1224 2666 Ἐφ’
1238 2632 1303 2666 ἡμῖν
1326 2631 1355 2658 δὲ
1378 2633 1434 2664 τοῖς
1455 2632 1676 2664 πεπιστευκόσιν,
1690 2631 1741 2658 οὐκ
1756 2632 1796 2662 είς

1009 2677 1087 2704 κενὸν
1114 2677 1278 2704 κεκοπίακεν
1302 2678 1505 2713 ἀργυροκόπος,
1523 2678 1584 2705 οὒτε
1611 2678 1666 2714 μὴν
1688 2677 1796 2710 ἐξέλιπε

1010 2724 1135 2759 φυσητὴρ
1149 2723 1203 2750 ἀπὸ
1215 2723 1300 2760 πυρὸς
1315 2725 1330 2760 ἢ
1345 2725 1478 2760 μόλιῦδος,
1495 2725 1690 2760 κεκαθάρμεθα
1703 2725 1758 2760 γὰρ
1767 2724 1796 2750 ἂν

1009 2770 1144 2804 πνεύματι
1160 2770 1275 2806 κρίσεως
1287 2771 1334 2798 καὶ
1347 2772 1375 2798 ὲν
1388 2771 1522 2808 πνεύματι
1532 2773 1665 2803 καύσεως.
1679 2772 1712 2798 El
1725 2770 1754 2798 δὲ
1764 2770 1796 2805 δὴ

208 2843 229 2858 ⁵⁸
244 2843 305 2871 Act.
323 2852 362 2877 tn,
377 2845 420 2873 H.
441 2846 463 2862 "
480 2846 557 2878 ibid.,
572 2847 604 2873 17
619 2855 694 2883 seqq.
714 2846 821 2874 “Joan.
833 2848 932 2880 xn,3l.

1047 2857 1068 2876 r.
1082 2857 1118 2882 ικ,
1134 2850 1174 2882 l5,
1192 2850 1233 2877 Li.
1255 2850 1277 2865 “
1291 2849 1402 2878 Malacb.
1415 2858 1453 2884 ιιι,
1463 2851 1490 2884 2,
1502 2851 1528 2880 5.
1551 2851 1573 2868 ⁸³
1583 2851 1682 2880 Jerem.
1699 2849 1790 2885 v1.29.
