1890 3053
188 99 240 134 1ξὸ

696 96 725 123 S.
747 93 883 123 CYRlLLl
904 92 1139 121 ΑιΕΧΑδῡιιιΝι
1159 93 1294 121 ACHIEP.

1762 89 1811 116 156

190 157 228 185 tio
240 156 362 192 quaedam
374 161 414 184 est
424 163 470 184 seu
479 156 603 188 iimes,et
613 154 788 183 dicendorum
796 152 972 188 praescriptio.

1056 161 1124 180 ντων
1141 154 1155 180 6
1172 153 1278 189 πρῶτος
1293 153 1325 180 ἂν
1339 153 1381 189 uti}
1397 152 1443 180 τοῦ
1459 151 1639 188 προκειμένου
1660 149 1760 184 στίχος.
1778 147 1810 174 Τί

187 203 257 236 Quid
280 203 352 230 enim
371 207 482 230 acturus
495 202 530 229 sit
546 201 690 237 propheta,
708 200 847 228 subinnuit
859 199 970 226 dicens:

189 248 308 276 tlantabo
330 248 429 276 dilecto
453 255 531 274 meo:
562 247 588 274 id
610 251 672 280 est.
691 246 810 274 Christo.
839 245 884 273 Sic
900 245 971 272 enim

190 294 267 321 nobis
294 301 353 322 eum
374 297 401 320 et
415 293 485 321 Deus
498 297 524 320 et
543 292 624 320 Pater
639 292 796 323 nominavit.
812 299 874 319 cum
888 290 970 318 dicit:

192 349 201 365 ι
213 340 264 376 _llic
275 344 316 367 est
330 338 414 366 Filius
423 346 498 366 meus
512 339 636 369 dilectus,
652 338 677 364 in
690 345 742 372 quo
755 335 897 371 conquievi
913 336 946 361 ".
959 344 968 360 ι

190 384 313 419 Nunquid
322 392 397 419 ergo,
408 391 424 411 ο
431 385 569 419 propheta,
579 384 633 419 78
642 388 713 409 tuam
723 390 814 409 vocem
822 380 972 408 audiemus?

190 436 254 458 etes
264 430 317 457 tuis
327 430 390 458 solis
402 429 607 464 cogitationibus
615 428 694 455 verba
704 426 872 454 eﬂluuntiAt
881 431 971 461 specta

189 482 318 510 quorsum
326 475 384 502 odte
392 482 497 509 scopus,
512 478 540 501 et
551 473 615 508 quid
625 473 775 507 eloquatur.
791 471 858 505 Etsi,
873 470 971 506 inquit,

189 527 237 556 per
258 528 301 548 me
319 521 450 547 habeatur
469 527 558 548 sermo
574 519 627 551 hic,
645 527 697 546 non
711 523 752 546 est
769 525 855 552 meus,
867 517 913 545 sed
931 521 972 544 est

190 566 289 594 dilecti.
303 566 451 594 Confectus
468 570 510 592 est
524 570 613 592 autem
627 565 659 592 de
674 564 771 591 dilecto
786 564 869 591 viuere
884 571 948 590 mea:
963 571 969 590 :

189 621 250 645 seu,
268 618 297 640 ut
322 612 366 639 alii
391 612 554 646 interpretes
575 611 677 643 dicunt,
694 611 726 637 dc
741 610 816 636 vinea
837 609 905 644 ejus.
923 608 970 636 Sin

189 662 278 685 autem
304 657 336 684 de
365 657 442 683 vinea
472 663 530 682 mea
550 655 667 687 dixerit,
687 662 739 681 non
758 655 814 681 haec
842 654 969 688 loquitur,

189 704 260 738 quod
286 703 369 738 ipsius
384 707 457 729 esset
471 702 559 734 vinea,
576 700 620 728 sed
635 701 704 734 quod
719 701 775 734 ipse
790 707 859 727 unus
876 700 910 727 sit
925 707 971 727 eo-

190 756 248 775 rum
273 748 319 782 qtti
340 748 366 774 in
381 748 458 774 vinea
475 752 658 774 recensentur.
672 745 856 773 lnvenerimus
870 746 969 772 etettim

189 793 334 827 prophetas
349 793 431 819 etiam
448 794 481 819 de
506 791 604 825 popqu
625 791 670 818 Dei
690 791 818 824 ejusmodi
836 791 968 818 interdum

1025 198 1079 233 γὰρ
1099 198 1222 233 βούλεται
1236 199 1301 234 δρᾷν
1317 199 1331 225 6
1347 198 1487 234 προφήτης
1499 195 1691 232 ὑποσημαίνει,
1710 193 1810 228 λέγων⁸

1027 243 1103 279 ’ᾼςω
1118 243 1149 279 δὴ
1163 243 1202 279 τῷ
1214 243 1383 279 ὴγαπημένῳ
1395 251 1403 260 ο
1423 242 1494 269 τοῦτ’
1515 242 1572 268 ἔστι
1590 239 1710 276 Χριστῷ.
1732 238 1813 265 Οὕτω

1025 289 1079 325 γὰρ
1097 290 1163 324 ἡμῖν
1185 289 1265 315 αὐτὸν
1279 289 1326 315 καὶ¹
1339 289 1353 315 6
1369 287 1434 319 Θεὸς
1451 287 1497 314 καὶ
1511 285 1607 322 Πατὴρ
1623 283 1748 319 ὠνόμαζε
1768 282 1812 309 λέ-

1025 342 1090 368 γων’
1105 343 1114 359 ι
1129 331 1211 364 Οὗτός
1222 333 1295 360 ἐστιν
1306 333 1321 359 6
1331 332 1392 365 Υἱός
1406 341 1456 368 μου
1467 332 1481 358 6
1491 331 1643 366 ἀγαπητὸς,
1659 330 1687 355 ὲν
1697 325 1719 363 ᾧ
1731 327 1812 363 ηὐδό-

1025 388 1105 415 κησα.
1123 389 1132 405 ι
1148 377 1209 414 'Ap‘
1227 377 1282 412 οὖν,
1300 375 1323 405 ὦ
1339 378 1475 414 προφῆτα,
1490 377 1539 412 τῆς
1560 377 1609 412 σῆς
1629 373 1812 409 ἀκουσώμεϐσ.

1025 424 1134 458 φωνῆς;
1152 425 1199 451 καὶ
1212 423 1250 455 ὼς
1264 425 1296 450 ὲκ
1316 423 1403 458 μόνων
1415 422 1468 449 τῶν
1487 421 1540 449 σῶν
1555 421 1662 448 ἐννοιῶν
1677 419 1812 447 ἀναδύου-

1026 478 1066 496 σιν
1076 469 1101 495 οἱ
1116 469 1206 503 λόγοις
1227 468 1320 503 βλέπει
1333 468 1362 495 δὲ
1378 469 1438 495 ὅποι
1456 467 1557 503 φράσον
1574 467 1624 502 τῆς
1633 466 1706 502 ᾠδῆς
1719 467 1732 493 ὁ
1748 473 1813 492 σκο-

1025 515 1085 547 πόζ.
1106 514 1209 542 Οὐκοῦν
1227 516 1251 541 εἰ
1271 515 1318 541 καὶ
1332 514 1364 541 δι’
1379 514 1457 550 ἐμοῦ,
1472 514 1564 550 φησὶν,
1579 513 1634 540 ἀλλ’
1649 513 1700 540 οὐκ
1717 512 1784 547 ἐμὸς
1797 513 1812 539 6

1024 561 1111 595 λόγος,
1126 560 1182 588 ἀλλ’
1197 561 1253 587 ἐστι
1270 559 1315 586 τοῦ
1335 559 1487 596 ἀγαπητοῦ
1499 559 1643 594 πεποίηται
1660 559 1688 585 δὲ
1709 558 1757 584 ὲπὶ
1774 557 1812 592 τῷ

1024 606 1157 642 ἀγαπητῷ
1168 606 1306 642 ἀμπελῶνί
1321 614 1382 640 μου·
1395 605 1422 641 ἢ,
1435 605 1506 632 καθά
1520 613 1600 640 φασιν
1615 605 1639 631 οἱ
1654 604 1743 639 ἕτεροι
1758 603 1812 629 τῶν

1024 651 1209 688 ὲρμηνευτῶν,
1224 650 1263 686 τῷ
1279 649 1419 685 ἀμπελῶνι
1431 650 1522 676 αὐτοῦ.
1537 649 1568 676 El
1582 649 1610 675 δὲ
1624 649 1655 684 δὴ
1671 650 1719 675 καὶ
1736 649 1811 682 λέγοι

1024 699 1070 724 ἐπὶ
1083 698 1121 733 τῷ
1133 696 1273 732 ἀμπελῶνί
1284 705 1345 732 μου⁷
1361 697 1410 731 οὐχ
1424 695 1459 728 ὡς
1471 695 1550 722 αὑτοῦ
1565 695 1644 731 τυχὸν
1660 694 1708 721 τοῦ
1721 694 1812 730 ἀμπε-

1024 743 1105 775 λῶνος
1129 744 1204 774 ὄντος
1226 742 1260 769 τὰ
1280 742 1367 769 τοιάδε
1389 741 1479 777 φησὶν,
1497 741 1604 774 ἀλλ’ὡς
1619 741 1750 777 ὑπάρχων
1771 738 1812 772 εἷς

1023 788 1077 815 τῶν
1101 788 1246 815 τελούντων
1269 788 1308 820 είς
1327 788 1372 814 τὸν
1394 787 1551 822 ἀμπελῶνα.
1574 787 1734 823 Εὑρῆσομεν
1757 786 1811 821 γὰρ

189 838 300 864 vocibus
329 837 376 864 uti.
403 836 524 872 Exempli
551 844 643 869 causa,
666 837 794 871 propheta
821 835 969 864 Jereniias:

1055 835 1085 865 ὓς
1112 834 1264 869 προφήτας,
1291 834 1337 860 καὶ
1360 833 1406 860 ἐπὶ
1431 832 1477 859 τοῦ
1502 833 1567 859 λαοῦ
1591 832 1636 859 τοῦ
1658 832 1726 858 Θεοῦ
1751 833 1812 862 ταῖς

193 891 201 907 ι
222 881 287 915 Quis
304 882 377 908 dabit
393 882 456 908 mihi
474 882 499 908 in
521 881 667 909 solitudine
686 882 819 916 tugurium
836 882 971 915 ultimum,

190 932 216 953 et
226 928 346 954 deserant
358 927 484 961 populum
499 935 600 959 meum,
615 931 642 954 et
654 928 790 954 discedam
801 928 895 955 abillis
907 928 929 944 "
938 929 949 956 ’ἔ
960 938 969 954 ι

190 972 272 1005 Quasi
289 972 359 999 enim
372 980 440 998 unus
458 973 492 1000 sit
507 980 521 999 e
538 973 646 1007 populo,
666 973 792 1008 populum
809 981 884 1000 suum
897 974 970 1007 dicit,

190 1019 322 1053 sanguine
339 1018 464 1045 nimirum
478 1023 504 1045 et
517 1026 614 1053 genere
629 1020 803 1054 propinquos.
816 1020 911 1047 Canlat
926 1021 974 1047 ita-

189 1071 242 1097 que
259 1064 388 1097 propheta
408 1062 529 1095 dilecto;
546 1063 647 1090 dictum
662 1067 751 1090 autem
768 1069 808 1090 est
820 1071 926 1092 carmen
941 1065 974 1092 de

190 1107 269 1133 vinea
289 1107 395 1138 dilecta,
420 1107 446 1134 id
470 1112 522 1139 est,
538 1107 656 1134 lsraelis.
674 1107 809 1143 Scriptum
824 1110 894 1136 enim
909 1115 951 1137 est
965 1120 971 1138 :

193 1160 201 1176 ι
223 1151 307 1179 Vinea
337 1152 441 1179 Domini
465 1152 584 1179 Sabaoth
610 1153 690 1181 homo
703 1152 781 1187 Juda,
801 1154 917 1189 plantula
934 1156 973 1183 di-

188 1197 258 1224 lecta
283 1197 314 1225 ‘7.
338 1206 347 1222 ι
367 1197 435 1231 Quid
453 1203 543 1225 autem
572 1198 651 1232 hujus
675 1200 802 1226 carminis
822 1204 897 1227 tenor
913 1201 974 1228 velit

191 1244 346 1277 ostendere,
363 1251 394 1270 ex
412 1244 615 1280 insequentibus
626 1244 814 1280 intelligemus.

227 1332 308 1359 Vens.
323 1333 349 1360 2.
373 1331 452 1359 Vinea
466 1333 537 1368 facta
554 1339 590 1360 est
607 1333 713 1367 dilecto,
732 1335 758 1360 in
770 1343 860 1368 cornu,
875 1335 902 1362 in
917 1335 973 1362 loto

191 1379 287 1413 opimo.
302 1378 332 1405 Et
345 1387 428 1411 sepem
443 1379 612 1411 circumdedi,
627 1384 650 1405 el
668 1379 804 1412 obvallavi,
819 1385 843 1407 et
858 1381 974 1413 planlavi

191 1425 265 1450 vitam
295 1423 384 1457 Soret,
411 1429 435 1450 et
457 1425 584 1458 a-diﬁcari
606 1425 702 1451 turrim
720 1426 746 1452 in
770 1426 854 1452 medio
868 1427 934 1461 ejus,
950 1431 974 1453 et

193 1469 308 1496 torcular
320 1470 375 1504 {odi
388 1470 414 1496 in
429 1478 469 1502 ea,
492 1476 514 1498 et
533 1473 678 1504 exspectavi
692 1477 718 1497 ut
743 1471 822 1506 ferret
848 1481 920 1504 uvas,
943 1481 973 1498 ac

192 1515 301 1549 protulit
317 1515 415 1547 spinas.

227 1603 326 1630 lsraelc
350 1612 410 1630 cum
437 1604 512 1631 vinea
540 1605 650 1637 collato,
668 1606 788 1640 persistit
803 1607 828 1633 in
844 1614 874 1634 ea
892 1613 975 1635 mcta-

191 1650 286 1683 phora'
300 1656 348 1683 per
370 1654 454 1676 totam
469 1650 630 1677 orationem.
648 1660 657 1676 ι
678 1651 741 1678 Erat
760 1653 841 1686 igitur
856 1654 943 1686 vinea,
964 1663 973 1679 ι

193 1694 291 1728 inquit,
311 1703 320 1719 ι
352 1694 461 1728 dilecto,
477 1695 502 1721 in
518 1703 613 1728 cornu,
633 1696 658 1722 itt
675 1695 734 1723 loco
748 1697 847 1731 opimo.
866 1707 875 1723 ι
894 1697 976 1724 Aiunt

192 1739 329 1766 nonnullis
354 1739 532 1774 interpretum
562 1741 629 1767 satis
654 1742 753 1773 videri,
778 1743 799 1768 si
823 1743 930 1770 dicant:
948 1743 974 1770 lit

193 1785 251 1812 loco
267 1785 369 1819 opimo,
386 1786 460 1820 quasi
484 1793 568 1813 cornu
585 1787 662 1814 nobis
678 1788 748 1815 aliud
763 1789 887 1822 quiddam
906 1789 976 1816 desi-

192 1833 298 1864 gnaret.
320 1829 462 1858 Nonnullis
486 1836 575 1858 autem
601 1832 686 1866 placet
718 1833 743 1859 in
772 1840 856 1860 cornu
877 1834 977 1861 intelli-

192 1881 267 1908 gere,
285 1874 363 1915 quasi
389 1875 435 1901 Dei
459 1876 558 1902 virtute
579 1880 606 1902 et
630 1878 760 1910 potentia.
781 1877 848 1904 Nam
874 1879 977 1913 accepit

193 1919 275 1946 Israel
307 1923 405 1946 terram
431 1921 619 1954 promissionis
648 1923 857 1956 liaareditariam,
887 1924 975 1952 divina

192 1971 243 1998 ope
261 1964 303 1991 his
317 1965 396 1992 victis
414 1966 460 2000 qui
473 1965 536 1993 olim
552 1973 611 1993 eam
634 1967 830 1995 inliabitarunt.
845 1969 975 2002 Quocirca

194 2011 341 2045 alloquitur
367 2011 454 2046 ipsum
484 2012 510 2038 in
529 2013 736 2047 quadragesimo
751 2014 832 2040 tertio
848 2015 951 2049 psalmo
968 2027 974 2044 :

196 2066 205 2082 ι
225 2057 251 2083 ln
282 2061 307 2084 te
330 2057 455 2085 inimicos
472 2063 578 2085 nostros
593 2066 678 2086 cornu
696 2060 896 2094 ventilabimus,
909 2066 936 2089 et
948 2063 975 2090 in

196 2104 306 2130 nomine
324 2108 368 2130 tuo
381 2111 540 2139 spernemus
555 2105 727 2139 insurgentes
743 2111 836 2133 contra
853 2115 901 2136 nos
914 2108 945 2136 ⁸⁵,
964 2119 972 2135 ι

194 2148 316 2176 Snmitur
338 2156 419 2183 porro
436 2157 518 2177 cornu
545 2151 571 2177 in
587 2151 675 2177 divina
692 2152 829 2186 Scriptura
840 2161 889 2188 pro
900 2154 976 2181 furti-

194 2194 286 2222 tudine
299 2198 326 2222 et
351 2196 481 2229 potentia,
499 2200 527 2223 et
543 2196 626 2230 gloria
645 2198 726 2233 regia.
744 2198 819 2226 Licet
833 2200 914 2234 igitur
927 2208 976 2227 au-

193 2240 252 2266 dire
278 2240 384 2267 beatum
409 2241 513 2273 David,
538 2241 671 2269 interdum
697 2244 829 2272 dicentem
850 2246 930 2273 veluti
948 2246 973 2272 in

195 2292 310 2320 persona
325 2286 389 2321 justi
405 2287 524 2321 cujusvis
539 2297 545 2314 :
566 2297 575 2314 ‹
593 2289 727 2317 Evehetur
740 2291 824 2319 instar
837 2293 975 2319 unicornis

194 2339 278 2358 cornu
305 2340 393 2359 meutn
419 2333 441 2348 ⁶⁹
457 2341 464 2363 :
481 2343 490 2359 ι
522 2334 654 2362 interdum
671 2337 752 2363 etiam
781 2337 813 2364 de
840 2338 972 2364 Christo:

198 2385 206 2401 ι
225 2377 315 2404 Cornu
331 2377 391 2411 ejus
408 2377 545 2405 attolletur
561 2379 586 2405 in
599 2379 682 2414 gloria
701 2381 735 2408 '°.
754 2391 763 2407 ι
784 2381 975 2415 Splendidissi-

196 2427 268 2445 mum
283 2421 383 2454 quippe
397 2420 451 2456 79
467 2427 507 2448 est
521 2430 632 2457 regnum
649 2424 762 2453 Christi.
776 2425 897 2460 Opimam
912 2434 975 2454 vero

196 2472 255 2492 esse
266 2469 364 2492 terram
378 2467 570 2500 promissionis,
587 2474 731 2497 attestatur
739 2471 876 2504 Scriptura
887 2478 973 2498 sacra.

199 2509 302 2544 Ubique
332 2511 403 2537 cnim
428 2519 486 2539 eam
513 2519 590 2541 vocat
607 2521 705 2542 terram
719 2515 845 2542 ﬂuentem
863 2516 933 2544 lacte
949 2524 976 2545 et

197 2555 284 2582 melle.
301 2555 449 2584 Conﬁrmat
472 2558 568 2586 deinde
584 2560 633 2587 hoc
651 2562 756 2587 divinus
773 2561 886 2595 Psaltes,
903 2564 975 2598 psal-

196 2602 254 2628 lens
278 2606 304 2628 et
333 2601 443 2637 loquens
472 2604 504 2631 de
530 2604 648 2633 lsraele:
672 2615 681 2631 ι
701 2606 786 2633 Vitem
805 2616 837 2634 ex
859 2608 976 2645 Ᾰῑειγριο

196 2647 365 2680 transtulisti,
389 2650 492 2684 ejecisti
520 2654 623 2685 gentes,
641 2656 667 2678 et
687 2652 811 2686 plantasti
830 2662 888 2682 eam
904 2656 937 2682 τί.
963 2666 972 2682 υ

231 2736 253 2751 ⁸⁵
269 2735 474 2770 Maltlt.ttt,17.

525 2740 548 2756 ⁸⁸
560 2740 659 2770 .Iurcm.
678 2749 715 2774 is,
726 2743 752 2769 ‘2.

195 2769 216 2786 "
233 2770 303 2800 Psul.
321 2781 414 2808 Lutx,
429 2775 454 2800 υ.

800 2745 820 2759 ¹⁷
838 2745 887 2772 lsa.
903 2753 927 2779 ν,
945 2746 970 2773 7.

1022 879 1158 910 τοιαύταις
1172 880 1226 906 ἔσθ’
1243 880 1286 906 ὅτε
1304 880 1490 915 κεχρημένους
1507 880 1616 914 φωναῖς.
1632 876 1694 905 Οἶον
1709 880 1724 905 6
1745 887 1811 914 προ-

1024 925 1111 960 φήτης
1141 924 1286 960 Ἱερεμίας·
1311 935 1319 950 ι
1338 925 1385 956 Τίς
1413 925 1493 951 δώσει
1521 933 1564 960 μοι
1588 925 1617 951 ὲν
1646 925 1678 960 τῇ
1715 925 1811 960 ἐρήμῳ

1024 971 1141 1006 σταθμὸν
1173 970 1294 1005 ἔσχατον,
1320 971 1367 997 καὶ
1396 971 1552 1005 καταλείψω
1585 970 1630 997 τον
1653 970 1718 996 λαόν
1749 979 1810 1005 μου⁹

1024 1017 1070 1044 καὶ
1083 1016 1266 1052 ἀπελεύσομαι
1282 1017 1327 1043 ἀπ’
1342 1017 1431 1043 αὐτῶν
1442 1025 1450 1050 ;
1463 1025 1472 1042 ι
1492 1016 1537 1048 Ὠς
1551 1016 1605 1052 γὰρ
1623 1013 1662 1047 εἷς
1680 1015 1811 1051 ὑπάρχων

1023 1062 1070 1088 τοῦ
1087 1061 1162 1093 λαοῦ,
1179 1061 1241 1088 λαὸν
1255 1061 1350 1088 ἑαυτοῦ
1372 1070 1437 1097 φησι
1463 1061 1524 1094 τοὺς
1544 1062 1604 1088 καθ’
1622 1059 1692 1096 αἷμά
1711 1070 1741 1087 τε
1765 1061 1812 1087 καὶ

1024 1109 1100 1143 γένος
1118 1108 1242 1140 οἰκείους.
1263 1107 1337 1143 ’ᾍδει
1352 1108 1438 1135 τοίνυν
1459 1108 1473 1134 6
1493 1108 1633 1144 προφήτης
1647 1106 1686 1142 τῷ
1701 1107 1811 1142 ἠγαπη-

1026 1154 1108 1189 μένῳ,
1131 1154 1177 1180 καὶ
1202 1153 1274 1179 ἔστιν
1289 1153 1370 1180 αὑτοῦ
1390 1153 1420 1179 τὸ
1440 1151 1515 1189 ᾆσμα
1538 1152 1681 1188 εἰρημένον
1707 1153 1752 1178 ἐπὶ
1772 1151 1811 1186 τῷ

1024 1199 1163 1235 ἀμπελῶνι
1176 1199 1214 1234 τῷ
1228 1198 1370 1234 ἀγαπητῷ,
1387 1199 1458 1226 τοῦτ’
1475 1199 1542 1232 ἔστι,
1560 1198 1606 1225 τοῦ
1623 1198 1742 1233 Ἰσραήλ.
1763 1198 1812 1224 Γέ-

1024 1254 1143 1281 γραπται
1156 1245 1220 1281 γὰρ,
1236 1246 1276 1271 ὅτι
1290 1255 1298 1270 ι
1311 1245 1452 1280 Ἀμπελὼν
1467 1244 1569 1280 Κυρίου
1583 1244 1695 1271 Σαϐαὼο
1709 1243 1812 1279 ἀνορω-

1025 1299 1074 1322 πος
1086 1290 1131 1316 τοῦ
1147 1289 1241 1323 Ἰούδα,
1253 1289 1382 1323 νεόφυτον
1393 1290 1597 1324 ἠγαπημένον.»

1067 1336 1215 1371 Ἂμπελὼν
1232 1335 1358 1371 ἐγενήθη
1382 1335 1421 1368 τῷ
1442 1335 1630 1370 ἠγαπημένῳ,
1654 1334 1688 1360 ἐν
1703 1333 1810 1368 κέρατι.

1024 1384 1059 1410 ἐν
1088 1384 1167 1416 τόπῳ
1196 1383 1286 1409 πίονι.
1315 1381 1368 1408 Καὶ
1395 1381 1531 1416 φραγμὸν
1563 1381 1731 1414 περιέθηκα,
1763 1379 1817 1405 καὶ»

1024 1429 1089 1463 ἐχίᾳ
1098 1428 1212 1461 (ὶκωσιι,
1230 1427 1277 1454 καὶ
1299 1428 1450 1462 ἐφύτευσα
1474 1427 1609 1461 ἄμπελον
1627 1425 1742 1459 Σωρὴκ,
1764 1425 1812 1451 καὶ

1024 1474 1201 1508 ᾠκοδόμησα
1211 1474 1323 1508 πύργον
1334 1473 1367 1499 ἐν
1378 1472 1462 1507 μέσῳ
1474 1471 1576 1505 αὑτοῦ,
1588 1471 1636 1497 καὶ
1647 1470 1813 1505 προλήνιον

988 1510 1009 1538 C
1026 1520 1125 1554 ὡρινξα
1141 1520 1175 1546 ἐν
1187 1518 1275 1551 αὐτῷ,
1290 1518 1339 1545 καὶ
1363 1518 1464 1552 ἔμεινα
1483 1515 1535 1544 τοῦ
1554 1516 1678 1551 ποιῆσαι
1695 1523 1811 1550 σταφυ-

1024 1564 1094 1597 λὴν,
1111 1564 1236 1596 ἐποίησε
1248 1562 1282 1589 δὲ
1298 1562 1440 1595 ἀκάνθας.

1067 1609 1220 1644 Ἀμπελῶνι
1245 1609 1414 1643 παρεικάσας
1432 1607 1477 1633 τὸν
1502 1606 1619 1642 Ἰσραὴλ,
1638 1605 1761 1642 ἐπιμένει
1780 1605 1812 1632 δι’

1026 1655 1085 1682 ὅλου
1100 1656 1132 1690 τῇ
1147 1654 1194 1680 τοῦ
1209 1654 1289 1688 λόγου
1308 1654 1457 1689 μεταφορῷ
1476 1663 1484 1678 ι
1501 1653 1597 1687 Γέγονε
1617 1652 1717 1685 τοίνυν,
1737 1662 1745 1678 i
1763 1661 1813 1688 φη-

1027 1701 1079 1731 σὶν,
1095 1709 1104 1726 ι
1120 1699 1249 1736 ἁμπελὼν
1269 1699 1309 1734 τῷ
1325 1699 1507 1734 ἠγαπημένῳ,
1520 1699 1549 1725 ἐν
1570 1698 1676 1734 κέρατι,
1692 1699 1720 1724 ὲν
1739 1699 1812 1732 τόπῳ

1027 1748 1108 1774 πίονι.
1126 1756 1134 1771 ι
1147 1746 1213 1772 Φασὶ
1221 1746 1284 1777 τοὺς
1295 1745 1406 1782 ἑτέρους
1418 1746 1471 1772 τῶν
1487 1745 1660 1781 ὲρμηνευτῶν
1676 1745 1812 1781 ἀρκεσϐῆ-

1026 1801 1069 1819 ναι
1085 1793 1124 1828 τῷ
1134 1793 1218 1818 εἰπεῖν
1239 1792 1267 1818 ὲν
1285 1791 1359 1826 τόπῳ
1383 1791 1463 1824 πίονι,
1483 1791 1521 1822 ὡς
1544 1791 1589 1817 τοῦ
1611 1790 1725 1826 κέρατος
1747 1792 1812 1825 ἡμῖν

1026 1839 1100 1865 οὐδὲν
1121 1838 1224 1874 ἕτερον,
1247 1838 1264 1872 ἢ
1290 1837 1368 1864 τοῦτο
1392 1837 1457 1863 αὐτὸ
1482 1837 1667 1872 σημαίνοντος.
1694 1838 1774 1863 Δοκεῖ
1785 1837 1812 1863 δέ

1026 1892 1096 1910 τισιν
1112 1883 1141 1909 τὸ
1157 1883 1193 1915 ὡς
1204 1884 1232 1909 ὲν
1243 1883 1337 1918 κέρατι
1350 1883 1429 1915 νοεῖν,
1446 1883 1483 1914 ὡς
1497 1883 1526 1910 ὲν
1539 1883 1651 1917 δυνάμει
1665 1882 1744 1909 Θεοῦ.
1759 1883 1811 1909 Ks-

1026 1928 1212 1964 κληρονόμηκε
1223 1929 1277 1964 γὰρ
1288 1929 1302 1955 6
1317 1928 1424 1964 Ἰσραὴλ
1437 1928 1488 1962 τῆς
1504 1928 1669 1963 ἐπαγγελίας
1685 1928 1736 1963 τὴν
1751 1928 1811 1962 γῆν,

1026 1975 1088 2006 τοὺς
1103 1974 1186 2001 πάλαι
1204 1974 1399 2009 κατῳκηκότας
1416 1974 1444 1999 ὲν
1462 1974 1529 2008 αὐτῇ
1546 1973 1659 2008 νικήσας
1673 1972 1718 1999 διὰ
1734 1972 1811 1999 Θεοῦ.

1026 2020 1169 2056 Τοιγάρτοι
1183 2019 1250 2054 φησὶ
1266 2019 1334 2055 πρὸς
1351 2019 1442 2051 αὐτὸν,
1459 2020 1488 2045 ὲν
1503 2012 1714 2055 τεσσαρακοστῷ
1729 2019 1813 2054 τρίτῳ

1025 2066 1134 2101 ψαλμῷ·
1151 2075 1160 2091 ι
1181 2065 1229 2091 Ἐν
1245 2073 1286 2091 σοι
1302 2065 1364 2099 τοὺς
1387 2065 1499 2100 ἐχθροὺς
1521 2065 1598 2100 ἡμῶν
1622 2063 1812 2100 κερατιοῦμεν,

1026 2112 1072 2138 καὶ
1087 2112 1116 2138 ὲν
1130 2110 1168 2146 τῷ
1183 2110 1293 2145 ὀνόματί
1307 2119 1353 2136 σου
1368 2110 1580 2145 ὲξουδενώσομεν
1596 2111 1658 2141 τοὺς
1668 2111 1813 2137 ἐπανιστα-

1029 2157 1124 2192 μένους
1136 2157 1211 2191 ήμῖν.
1230 2165 1239 2182 ι
1256 2156 1428 2191 Λαμὸἀνεται
1441 2155 1510 2182 δὲτὸ
1525 2156 1608 2191 κέρας
1622 2155 1697 2190 παρὰ
1711 2158 1744 2191 τῇ
1756 2155 1814 2191 Θείᾳ.

1029 2203 1137 2239 Γραφῇ,
1153 2203 1193 2233 είς
1210 2202 1285 2237 ἰσχὺν
1300 2202 1347 2228 καὶ
1364 2203 1404 2234 εἰς
1418 2202 1540 2237 δύναμιν,
1553 2203 1599 2228 καὶ
1617 2203 1655 2233 εἰς
1669 2201 1750 2234 δόξαν
1769 2202 1814 2237 τὴν

1029 2249 1181 2284 βασιλικήν.
1200 2248 1277 2274 Ἔστι
1295 2247 1359 2282 γοῦν
1375 2247 1490 2274 ἀκοῦσαι
1513 2248 1559 2274 τοῦ
1580 2248 1714 2283 μακαρίου
1734 2247 1814 2275 Aemi

1028 2295 1092 2321 ποτὲ
1113 2294 1161 2329 μὲν
1177 2294 1310 2328 λέγοντος,
1323 2294 1361 2325 ὼς
1375 2295 1407 2319 ἐκ
1426 2293 1571 2328 προσώπου
1585 2293 1688 2320 δικαίου
1705 2294 1812 2325 παντός·

1031 2348 1040 2365 ι
1052 2339 1238 2374 ’Υψωθήσεται
1251 2339 1289 2370 ὡς
1304 2340 1487 2374 μονοκὲρωτος
1497 2339 1526 2365 τὺ
1542 2339 1624 2374 κέρας
1639 2348 1702 2373 μου·
1723 2349 1732 2366 ›
1752 2340 1814 2366 ποτέ

1026 2385 1053 2411 δὲ
1067 2384 1146 2412 πάλιν
1165 2385 1228 2420 περὶ
1243 2384 1371 2420 Χριστοῦ·
1395 2394 1403 2410 ι
1423 2385 1459 2411 Τὸ
1478 2385 1561 2418 κέρας
1578 2385 1659 2411 αὑτοῦ
1674 2386 1817 2421 ὑψωθήσε-

1026 2438 1072 2457 ται
1094 2430 1123 2456 ὲν
1144 2430 1218 2464 δόξῃ.
1241 2440 1249 2455 ι
1271 2430 1491 2465 Περιφανεστάτη
1509 2430 1562 2465 γὰρ
1576 2431 1593 2465 ἡ
1610 2430 1734 2465 βασιλεία
1755 2432 1819 2465 Χρι-

1027 2476 1172 2503 στοῦ.”οτι
1199 2477 1226 2502 δὲ
1251 2477 1319 2502 πίων
1338 2477 1386 2511 τῆς
1414 2476 1578 2510 ἐπαγγελίας
1601 2478 1617 2512 ή
1643 2477 1690 2511 γῆ.
1708 2486 1816 2512 μεμαρς

1026 2521 1128 2557 τύρηκε
1142 2521 1172 2547 τὺ
1188 2521 1306 2557 Γράμμα
1319 2521 1347 2548 τὸ
1360 2522 1441 2556 ἱερόν.
1458 2522 1583 2557 Πανταχῆ
1598 2522 1652 2558 γὰρ
1666 2522 1753 2557 αὐτὴν
1765 2523 1818 2548 ὀνο-

1029 2567 1108 2603 μάζει
1119 2568 1170 2602 γῆν
1180 2567 1293 2602 ῥέουσαν
1306 2568 1375 2601 γάλα
1389 2568 1434 2594 καὶ
1447 2567 1515 2601 μέλι.
1529 2568 1717 2602 Προσεμπεδοῖ
1731 2568 1760 2594 δὲ
1775 2568 1817 2594 τδ-

1028 2612 1105 2646 λόγον
1118 2613 1163 2638 καὶ
1180 2613 1194 2638 ὁ
1205 2612 1347 2644 θεσπέσιος
1356 2612 1481 2647 Μελῳδδς
1494 2613 1601 2647 ψάλλων
1617 2621 1647 2638 τε
1664 2613 1713 2639 καὶ
1730 2613 1816 2647 λέγων

1029 2658 1092 2692 περὶ
1106 2658 1152 2684 τοῦ
1167 2658 1282 2693 Ἰσραήλ·
1299 2667 1307 2683 ι
1322 2659 1462 2692 ’Ἄμπελον
1483 2659 1511 2692 ὲξ
1526 2659 1664 2693 Αἰγύπτου
1684 2660 1814 2694 μετ-ἤρας.

1022 2747 1044 2763 ⁸³
1063 2747 1130 2775 Psal.
1150 2756 1226 2780 XLIII,
1242 2748 1269 2776 6.

1319 2749 1341 2764 ¹⁹
1353 2748 1422 2777 Psal.
1441 2757 1490 2781 κει,
1510 2750 1549 2777 ll.
1590 2750 1612 2765 ⁷⁸
1629 2748 1702 2777 Psal.
1716 2759 1776 2784 cxi.
1789 2753 1814 2779 9.
