1890 3053
197 165 247 194 159

196 224 263 250 Cum
289 223 360 251 enint
375 221 532 258 praeclaram
550 224 577 248 et
592 220 727 247 laudatam
745 220 870 255 legitimm
885 220 946 247 vitae
963 226 989 246 et

197 270 360 298 Christianae
379 268 556 297 institutionis
580 267 650 294 viatn
673 267 743 294 inire
759 267 921 302 potuissent,
938 267 989 301 ipsi

196 317 334 352 obliquant
353 321 381 344 et
393 316 498 343 deviam
513 314 656 342 colucrttnt
674 324 680 342 :
701 318 730 342 et
745 313 926 341 fructificandi
943 321 990 341 ne-

195 363 297 398 glcctu,
324 361 489 389 infructuosa
516 360 589 387 velut
606 365 677 387 terra
697 359 759 387 facti
780 365 854 392 sunt,
872 368 931 395 qua:
948 359 990 386 al-

197 410 250 436 trix
266 412 318 441 est,
344 411 372 435 et
396 407 489 434 nutrix
513 414 566 434 non
585 406 688 434 mitium
704 406 851 440 fructuum,
867 409 913 434 sed
930 414 990 441 quae

195 454 310 490 agrestis
337 458 379 481 est
403 453 492 487 potius
509 455 617 488 spinosa
641 458 668 481 et
691 453 833 481 silvestris.
856 453 990 481 Prodeaut

196 501 288 536 igitur,
311 500 410 535 inquit,
427 500 472 535 qui
486 501 556 527 inter
570 507 618 527 vos
630 504 693 526 sunt
708 500 857 535 sapientes,
867 499 990 534 judicent

199 548 271 575 inter
283 553 327 574 me
341 546 428 573 vinem
442 545 581 573 dominum
594 550 620 573 et
636 547 708 581 ipsas
723 546 802 574 vites.
822 546 892 580 Quid
905 546 988 582 igitur

194 592 259 619 boni
278 592 332 620 illis
352 591 437 619 defuit
450 596 478 618 ut
500 591 610 618 inutiles
629 591 743 619 fierent?
769 592 797 618 Si
814 592 885 619 enim
899 599 989 619 rerum

194 639 228 666 ad
243 646 321 666 usum
342 637 560 666 necessariarum
578 638 714 673 quippiam
734 646 748 664 a
763 645 805 665 me
818 639 863 672 qui
881 638 988 673 planta-

193 693 298 718 veram,
317 685 387 713 forte
411 685 624 720 prmtermissutu
648 683 739 718 fuerit,
766 692 855 712 causa:
868 685 935 712 nihil
950 685 990 711 di-

195 741 266 765 ram,
296 739 345 759 uec
376 738 473 767 poenas
498 731 614 766 exigam.
632 730 700 764 Quid
712 731 783 758 cnint
798 731 928 763 facerem,
947 731 989 758 in-

194 779 268 813 quit.
289 778 361 813 quod
384 785 437 805 non
457 777 481 805 ei
509 776 642 805 fecerim?
657 777 723 804 Cum
751 783 816 805 vero
834 775 915 805 rebus
929 783 988 804 eam

196 824 308 851 utilibus
322 823 430 859 plenam
443 823 596 858 nulliusquc
613 823 652 850 rei
663 823 782 858 indigam
798 822 920 856 fecerint,
933 823 989 858 spi-

196 879 245 899 nas
265 876 357 899 tamen
375 871 496 906 peperit,
520 870 583 898 licet
609 874 796 906 exspectarem
814 874 843 896 ut
856 877 915 897 eam
931 869 990 904 pul-

195 920 269 948 chris
294 918 426 946 fructibus
452 922 577 946 ornatam
606 918 747 946 viderent:
766 925 826 952 quae
848 917 956 945 tandem
972 923 987 943 a

195 967 287 1002 judice
303 965 406 994 feretur
424 965 581 994 sententia?
596 964 667 993 Num
682 965 766 1000 igitur
778 965 904 997 inertem,
922 971 987 992 num

196 1013 361 1041 desidiosum
377 1012 525 1048 agricolam
542 1011 632 1040 dicet?
643 1019 677 1039 an
695 1011 785 1047 potius
800 1011 862 1039 illos
875 1018 989 1039 accusa-

194 1060 236 1088 bit
245 1060 289 1095 qni
304 1064 378 1087 tanta
386 1058 569 1087 sollicitudine
580 1057 667 1086 curati
681 1065 695 1085 a
714 1064 769 1091 me,
781 1056 849 1085 adeo
863 1056 988 1084 fertilita-

197 1111 250 1133 tem
267 1113 344 1133 suam
357 1104 546 1140 neglexerunt,
563 1108 594 1131 ut
607 1103 715 1130 inanem
730 1102 826 1130 silvam
837 1108 868 1133 ac
881 1101 987 1129 turbam

195 1152 335 1186 spinarum
361 1159 410 1186 pro
437 1151 555 1178 racemis
569 1148 743 1186 pepererint?
758 1147 835 1182 Quod
849 1153 938 1176 autem
955 1148 988 1176 de

196 1198 272 1233 spina
291 1198 411 1226 Sensibili
429 1204 582 1225 sermonem
605 1203 658 1224 non
675 1195 783 1228 habeat,
800 1202 850 1223 nec
863 1195 896 1222 de
911 1202 988 1222 race-

198 1245 249 1272 mis
259 1248 303 1271 aut
314 1251 377 1277 uva,
394 1243 478 1271 cuivis
489 1243 661 1278 perspicuum
675 1246 726 1269 est.
740 1241 769 1269 Si
786 1248 849 1269 vero
861 1240 939 1268 vinea
953 1242 988 1267 sit

197 1291 247 1318 sub
275 1289 482 1326 intelligentiam
513 1289 624 1323 cadens,
657 1280 724 1316 tales
753 1287 865 1315 omnino
886 1290 988 1314 suntet

196 1337 311 1365 fructus.

230 1467 284 1503 ει
302 1464 383 1494 Vens.
402 1466 429 1498 5,
450 1465 476 1492 6.
502 1463 581 1491 Nunc
612 1467 701 1490 autem
730 1462 893 1490 annuntiabo
917 1462 988 1489 vobis

195 1514 259 1549 quid
276 1513 373 1548 faciant
386 1512 468 1539 vinea:
481 1518 545 1538 mete
559 1517 569 1537 :
583 1509 702 1544 auferam
720 1517 805 1544 sepem
818 1509 884 1544 ejur,
899 1512 923 1536 et
937 1509 988 1535 erit

196 1559 348 1594 direptioni,
361 1564 384 1585 et
401 1558 506 1584 diruam
529 1564 632 1584 murum
647 1555 715 1591 ejus,
738 1561 760 1583 et
777 1555 825 1582 erit
850 1554 988 1582 conculca-

197 1607 272 1634 tiom'.
294 1606 326 1633 Et
341 1606 473 1633 dimittam
495 1605 596 1632 vineam
612 1612 707 1636 meam,
731 1607 753 1630 et
772 1609 822 1629 non
841 1601 988 1637 putabitur,

198 1660 278 1688 neque
294 1652 410 1687 fodietur
424 1659 433 1678 :
449 1655 473 1679 et
488 1651 628 1678 ascendant
643 1650 671 1677 in
686 1657 742 1677 eam
756 1649 823 1676 velut
840 1649 868 1675 in
892 1653 989 1675 terram

197 1699 324 1726 incultam
354 1699 447 1734 spinar.
476 1697 507 1725 Et
533 1697 663 1725 mandabo
692 1695 815 1729 nubibus,
849 1703 879 1722 ne
897 1693 989 1729 pluunt

197 1754 275 1780 super
287 1753 345 1773 eam
362 1744 479 1772 imbrem.

232 1831 292 1860 Non
308 1836 396 1866 caret,
420 1836 450 1859 ut
474 1831 538 1859 mibi
566 1831 681 1865 videtur,
709 1831 889 1858 admiratione
911 1830 989 1858 istius

197 1879 328 1906 orationis
346 1878 432 1906 forma
445 1886 452 1904 :
466 1877 565 1905 etenim
579 1876 648 1912 ipsa,
668 1877 819 1905 tacentibus
840 1875 922 1903 etiam
947 1874 990 1902 his

197 1925 242 1961 qui
255 1924 289 1951 ad
304 1923 441 1958 ferendam
459 1924 623 1951 sententiam
641 1923 711 1950 inter
726 1922 813 1958 ipsum
838 1927 865 1949 et
883 1922 988 1949 vincam

198 1970 278 1998 asciti
299 1974 388 2003 erant,
411 1976 517 2005 poenam
537 1969 637 1997 decidit
666 1969 804 2004 deinceps,
837 1973 863 1996 et
890 1969 989 2003 quibus

199 2018 262 2045 item
280 2017 336 2045 haec
354 2022 484 2045 eventura
503 2021 577 2049 sunt,
600 2017 700 2044 diserte
723 2015 895 2051 prmnuntiat.
921 2015 987 2041 (Eum

198 2065 269 2092 enim
287 2063 352 2091 nihil
367 2063 390 2091 ei
409 2063 517 2090 deesset
532 2069 625 2090 eorum
646 2069 706 2097 quae
723 2062 788 2096 ipsis
809 2061 885 2089 utilia
913 2065 987 2094 sunt,

198 2119 246 2139 sua
262 2115 358 2146 sponte
377 2109 477 2137 sterilis
497 2109 655 2145 permansit.
673 2107 824 2143 Oportebat
848 2108 931 2143 igitur
959 2112 990 2134 ut

198 2161 243 2195 qui
260 2161 292 2188 ad
312 2165 412 2188 tantam
431 2159 636 2194 perversitatem
659 2155 840 2187 devertissent,
864 2161 943 2181 manu
962 2157 989 2180 ct

201 2215 267 2234 cura
294 2211 321 2234 et
347 2206 447 2234 auxilio
472 2204 578 2233 Domini
604 2204 630 2231 in
654 2206 790 2238 posterum
804 2201 988 2236 privarentur.

197 2253 290 2286 Proin,
305 2253 401 2286 inquit.
417 2251 538 2278 auferam
552 2257 644 2285 sepem
666 2249 750 2283 ipsius
761 2268 768 2281 ,
786 2252 813 2274 et
836 2246 888 2274 erit
917 2247 988 2273 dire-

197 2301 293 2335 ptioni,
306 2304 332 2326 et
346 2298 466 2326 auferam
485 2297 629 2324 maceriam
644 2295 715 2331 ejus,
732 2300 759 2322 et
771 2294 859 2322 eritin
879 2293 988 2321 concul-

197 2347 342 2374 cationem.
356 2345 441 2373 Vinea
458 2343 591 2379 siquidem
612 2350 672 2377 qua:
695 2341 847 2377 sepimento
865 2345 891 2367 et
909 2347 987 2367 muro

197 2397 290 2426 caret,
311 2392 414 2427 patebit
435 2392 547 2419 omnino
571 2390 711 2425 quibusvis
733 2388 851 2424 diripere
872 2387 988 2415 volenti-

197 2439 259 2471 bus,
283 2446 331 2466 ceu
358 2438 512 2466 convivium
538 2436 664 2464 omnibus
694 2435 935 2471 expositissimum,
961 2439 987 2461 et

197 2476 335 2512 ceu‘trita
358 2483 452 2511 semita
479 2483 531 2510 iter
564 2481 734 2514 facientibus,
769 2481 876 2508 nemine
900 2481 988 2516 prohi-

196 2528 286 2556 bente.
314 2527 380 2555 Nam
404 2527 514 2554 Christo
539 2535 589 2554 nos
614 2527 800 2560 obmunieute,
829 2532 855 2554 et
881 2527 990 2554 arcanis

197 2575 357 2610 quibusdam
378 2573 550 2601 adminiculis
579 2581 628 2601 cett
653 2574 770 2601 maceria
802 2577 905 2600 tantum
936 2580 988 2600 non

197 2621 333 2656 cingente,
348 2620 420 2648 obvii
434 2623 460 2646 et
476 2620 592 2655 expositi
615 2628 667 2647 non
689 2620 800 2653 erimus,
831 2627 918 2654 neque
941 2620 989 2647 im-

197 2666 360 2693 mundorum
387 2664 529 2699 spirituum
567 2665 730 2699 incursioni,
763 2673 812 2694 nec
841 2665 986 2701 direptioni

197 2712 316 2740 ferarum
338 2711 483 2746 agrestium
510 2710 618 2746 objecti,
649 2719 698 2739 nec
729 2712 807 2740 ludus
832 2717 860 2739 et
884 2712 988 2739 dein-ire

194 2757 332 2792 vulpibus,
350 2757 384 2785 de
397 2757 533 2792 quibusin
551 2757 662 2786 Cantico
676 2758 842 2786 canticorum
856 2758 986 2793 scriptum

195 2809 239 2832 est
263 2813 270 2832 ;
303 2813 312 2830 ι
345 2804 570 2839 Compreltcndite
596 2805 673 2833 nobis
703 2806 857 2840 vulpeculas
888 2813 987 2840 parvas

196 2851 366 2879 destruentes
383 2850 475 2879 vineas
501 2851 534 2880 ⁷³.
559 2861 569 2879 ι
602 2852 734 2880 Dicuntur
755 2853 838 2880 etiam
864 2854 984 2882 nonnulli

233 2909 256 2938 7³
264 2909 345 2940 Cant.
364 2917 393 2946 ιι,
411 2909 452 2943 15,

704 160 732 188 S.
753 158 890 187 CYRILLI
911 159 1148 187 ALEXANDRIXI
1170 159 1329 188 .\liClllEP.

1366 134 1379 142 ,ς

1793 165 1841 192 HO

1005 223 1027 251 Α
1042 219 1087 246 τὸν
1102 220 1183 256 νόμον
1200 221 1401 255 ἀναισχυντίαν.
1416 222 1504 248 Mati»;
1522 223 1575 259 γὰρ
1591 223 1684 255 αὐτοῖς
1703 222 1750 249 καὶ
1769 223 1839 257 μάλα

1042 267 1144 302 ῥᾳδίως
1157 267 1206 303 τὴν
1221 267 1320 294 εὐκλεᾶ
1332 269 1377 295 καὶ
1394 268 1537 304 εὐδόκιμον
1554 270 1602 306 τῆς
1616 271 1645 297 ὲν
1660 270 1738 306 νόμῳ
1755 269 1838 304 ζωῆς,

1040 314 1123 350 ἤγουν
1142 315 1190 350 τῆς
1201 315 1230 341 ἐν
1243 314 1353 351 Κριττῷ
1372 315 1520 349 πολιτείας,
1538 317 1618 350 ἰέναι,
1639 317 1746 354 τρίὸον,
1766 318 1839 344 αὐτοὶ

1040 361 1206 397 τετιμήκασι
1219 362 1268 398 τὴν
1280 362 1510 399 διεστραμμένην.
1524 365 1579 391 Καὶ
1595 364 1648 400 μὴν
1662 364 1692 391 τὸ
1706 364 1839 391 δύνασθαι

1041 409 1228 444 καρποφορεῖν
1245 408 1358 443 ἀφέντες
1374 409 1411 441 ὡς
1426 409 1519 441 ἕωλον,
1540 410 1574 445 γῆ
1595 419 1634 442 τις
1648 409 1746 445 ὥσπερ
1762 409 1840 443 γεγό-

1041 449 1120 481 νασῖν
1139 455 1169 481 οὐ
1192 455 1306 491 καρπῶν
1328 455 1438 491 ἡμέρων
1459 456 1545 492 τροφή
1558 463 1565 471 ·
1584 456 1669 492 ἀγρία
1688 455 1718 482 δὲ
1740 455 1839 490 μᾶλλον

1040 499 1087 525 και
1112 500 1294 532 amarum;
1319 501 1366 527 καὶ
1387 500 1535 537 ὑλομανής.
1554 501 1713 528 Ἦκέτωσαν
1739 500 1839 532 τοίνυν,

1041 546 1134 580 φησιν,
1148 546 1172 572 οἱ
1189 546 1218 572 ὲν
1234 546 1297 582 ὑμῖν
1311 547 1397 582 σοφοὶ,
1410 547 1595 579 δικαζέτωααν
1614 548 1641 573 ὲν
1653 546 1717 583 ἐμοὶ
1739 546 1778 581 τῷ
1795 546 1838 573 τοῦ

1040 592 1202 628 ἀμπελῶνος
1222 592 1352 630 δεσπότῃ,
1378 594 1426 620 καὶ
1443 593 1538 626 αὑταῖς
1557 593 1585 620 δὲ
1605 595 1666 625 ταῖς
1692 593 1838 629 ἀμπέλοις.

1041 639 1119 670 Τίνος
1137 639 1168 674 δὴ
1189 636 1235 666 οὖν
1254 639 1308 675 ἄρα
1328 639 1382 666 τῶν
1401 639 1510 674 ἀγαθῶν
1527 639 1722 666 thalamo-th
1747 639 1839 669 αὐταῖς

1041 686 1143 721 ἀχρεῖοι
1158 686 1320 720 γεγόνασιιη
1337 686 1368 712 Ei
1385 686 1434 721 μὲν
1450 687 1503 722 γάρ
1514 695 1540 712 τι
1556 686 1610 712 τῶν
1625 686 1785 720 ἀναγκαίων
1802 685 1839 717 εἰς

1040 731 1133 767 ΰνησιν
1169 732 1316 768 παρῶπται
1349 732 1429 768 τυχὸν
1449 734 1510 768 ἐμοὶ
1530 733 1567 768 τῷ
1587 732 1784 767 πεςςυτευκότι,
1803 731 1840 758 δι-

1041 777 1176 813 ελεγχέτω
1200 786 1242 809 τις
1266 778 1313 804 καὶ
1336 777 1523 813 πεπαύσομαι.
1553 778 1716 813 Ἀποστήσω
1739 777 1838 809 αἰτίας,

1040 814 1088 848 καὶ
1105 823 1154 849 οὐκ
1169 823 1273 858 αἰτήσω
1292 822 1380 854 δίκας.
1398 823 1429 849 Τί
1451 823 1505 858 γὰρ
1522 823 1638 859 ποιήσω,
1656 823 1752 858 φησὶν,
1770 823 1785 850 ὃ
1803 824 1839 858 μὴ

1041 868 1180 903 πεποίηκα
1196 869 1286 904 αῦτῴς
1308 869 1418 904 Ἐπειδὴ
1437 869 1465 895 δὲ
1483 869 1535 896 τῶν
1547 869 1688 905 χρησίμων
1706 869 1798 903 πλήρη
1811 877 1840 894 τε

1004 905 1026 933 Β
1040 914 1169 949 ἀπέφηνα
1184 915 1231 941 καὶ
1243 914 1350 945 οὐδενος
1366 914 1471 948 ἐπιδεᾶ,
1486 912 1546 942 εἶτα
1559 915 1671 949 γέγονεν
1688 914 1840 941 ἀκανθοτόι-

1042 969 1108 994 κος,
1137 961 1226 987 καίτοι
1251 960 1455 996 προσδοκῶντος
1481 959 1548 996 ἐμοῦ
1580 962 1697 994 καρποῖς
1729 959 1838 995 ὡραίοιι⁸

1041 1007 1169 1043 κομῶντα
1184 1006 1303 1042 βλέπειν.
1327 1006 1395 1033 Ποία
1406 1016 1447 1038 τις
1463 1005 1539 1033 ἔσται
1552 1006 1644 1033 λοιπὸν
1666 1007 1683 1042 ἡ
1702 1006 1780 1041 παρὰ
1792 1005 1839 1032 τοῦ

1041 1053 1198 1086 δικάζοντος
1216 1053 1322 1088 ψῆφος;
1338 1051 1413 1089 Ἀρα
1435 1053 1490 1088 γὰρ
1510 1053 1635 1089 ἀτημελῆ
1655 1053 1703 1080 καὶ
1718 1053 1839 1087 ῥᾴθυμον

1041 1100 1169 1136 ὸνομάσει
1186 1100 1231 1127 τὸν
1244 1100 1374 1135 γηπόνον,
1389 1099 1405 1135 ἢ
1428 1098 1529 1135 μᾶλλον
1548 1099 1669 1131 ἐκείνους
1685 1099 1838 1126 αἰτιάσεται

1040 1147 1104 1178 τοὺς
1117 1147 1146 1173 ὲν
1162 1145 1269 1181 μεθέξει
1288 1145 1434 1180 γεγονότας
1454 1145 1502 1181 τῆς
1517 1147 1583 1181 παρ’
1599 1145 1666 1181 ἐμοῦ
1685 1144 1836 1180 φροντίδος,

1041 1193 1215 1228 ἠμεληκότας
1243 1192 1271 1219 δὲ
1300 1192 1371 1219 οὕτω
1402 1191 1453 1227 τῆς
1481 1192 1585 1220 ἑαυτῶν
1607 1192 1775 1228 εὐκαρπίας,
1803 1190 1839 1222 ὠς

1042 1239 1147 1266 εἰκαίαν
1176 1239 1242 1274 ὓλην
1276 1239 1323 1266 καὶ
1353 1239 1480 1267 ἀκανθῶν
1511 1238 1590 1274 ὄχλον
1622 1238 1684 1265 ἀντὶ
1719 1237 1839 1273 βοτρύων

1042 1287 1181 1320 ὲκτεκεῖν;
1202 1287 1264 1313 Ὂτι
1279 1287 1306 1313 δὲ
1325 1286 1354 1313 οὐ
1373 1286 1436 1321 περὶ
1451 1287 1500 1322 τῆς
1513 1285 1675 1321 αίσθητικῆς
1688 1285 1812 1320 ἀκάνθης
1826 1285 1840 1312 ὁ

1041 1331 1120 1366 λόγος
1134 1331 1218 1367 αὐτῷ,
1235 1331 1296 1359 οὔτε
1310 1332 1363 1368 μὴν
1377 1332 1496 1368 βοτρύων
1511 1333 1527 1368 ἢ
1541 1332 1690 1368 σταφυλῆς,
1707 1331 1790 1358 παντί
1801 1339 1839 1365 τῳ

1042 1378 1137 1412 σαφές.
1159 1377 1244 1414 Εἴπερ
1265 1378 1324 1404 ἐστὶ
1344 1378 1438 1414 νοητὸς
1461 1378 1476 1404 ὁ
1499 1376 1641 1413 ἀμπελὼν,
1666 1375 1786 1403 τοιοῦτοι
1811 1375 1838 1402 δὲ

1042 1425 1150 1455 πάντως
1165 1424 1212 1450 καὶ
1223 1424 1248 1450 οἱ
1262 1425 1374 1459 καρποί.

1077 1469 1142 1497 Νῦν
1154 1469 1186 1496 δὲ
1197 1468 1357 1504 ἀπαγγελῶ
1370 1469 1441 1504 ὑμῖν
1455 1470 1484 1496 τί
1497 1469 1613 1502 ποιήσω
1632 1467 1672 1502 τῷ
1683 1466 1838 1504 αμπελῶνι

1039 1515 1234 1551 μουγάφελῶ
1256 1516 1309 1542 τὸν
1329 1515 1466 1550 φραγμὸν
1490 1515 1596 1546 αὑτοῦ,
1622 1514 1671 1542 καὶ
1692 1515 1781 1542 ἔσται
1796 1516 1837 1548 εἰς

1041 1561 1220 1596 διαρπαγήν·
1249 1560 1299 1587 καὶ
1326 1559 1442 1587 καθελῶ
1465 1560 1518 1587 τὸν
1540 1560 1642 1595 τοῖχον
1664 1559 1770 1593 αὐτοῦ,
1790 1559 1836 1586 καί

1003 1591 1025 1621 c
1040 1591 1126 1635 ἔσται
1140 1591 1188 1640 είς.
1199 1606 1405 1642 καταπάτημα.
1418 1607 1473 1634 Καὶ
1489 1591 1661 1640 ἀνήσω-τὸν
1675 1591 1837 1642 damma

1037 1663 1108 1689 μου,
1129 1654 1178 1681 καὶ
1199 1655 1234 1681 οὐ
1259 1654 1302 1689 μὴ
1319 1653 1426 1689 τμηθῇ,
1451 1653 1514 1680 οὐδ’
1535 1655 1570 1680 οὺ
1582 1653 1626 1689 μὴ
1650 1653 1770 1688 meum?
1790 1653 1836 1680 καὶ

1039 1700 1245 1735 ἀναϐήσονται
1266 1702 1310 1734 είς
1325 1701 1430 1734 αὑτὸν,
1451 1701 1490 1733 ὡς
1505 1701 1548 1734 είς
1569 1700 1684 1736 χέρσον
1698 1701 1834 1727 ἄκανθαι.

1040 1746 1094 1774 Kal.
1109 1746 1174 1779 ταῖς
1188 1747 1329 1781 νεφέλαις
1344 1745 1531 1781 ἐντελοῦμαι,
1544 1746 1597 1773 τοῦ
1614 1745 1657 1781 μὴ
1668 1745 1779 1781 ,ϐρέξαι
1793 1745 1836 1772 ἐπ’

1040 1792 1135 1820 αὐτὸν
1146 1793 1245 1820 ὑετόν.

1076 1840 1134 1867 Οὐκ
1147 1839 1332 1875 ἀθαύμαστον,
1349 1838 1415 1873 ὢσγ¹
1427 1839 1488 1874 ἐμοὶ
1503 1839 1640 1873 φαίνεται,
1656 1838 1703 1866 τοῦ
1714 1839 1794 1873 λόγου
1809 1838 1836 1865 τὺ

1041 1885 1144 1920 σχῆμα.
1159 1884 1249 1911 Μόνον
1258 1883 1312 1919 γὰρ
1327 1884 1388 1919 οὐχὶ
1401 1884 1449 1910 καὶ
1462 1885 1646 1920 σεσ.γηκότων
1661 1885 1718 1910 τῶν
1739 1884 1835 1918 κεκλη-

1042 1930 1130 1966 μένων
1141 1931 1182 1962 είς
1193 1930 1222 1957 τὺ
1235 1929 1356 1963 δικάσαί,
1373 1929 1447 1964 αὐτῷ
1461 1938 1488 1956 τε
1507 1930 1552 1956 καὶ
1566 1930 1604 1965 τῷ
1622 1930 1780 1966 ἀμπελῶνι,
1789 1931 1836 1965 τὴν

1039 1975 1118 2011 δίκην
1144 1976 1236 2008 αὐτοῖς
1261 1975 1349 2010 ὁρίζει
1373 1975 1476 2002 λοιπόν·
1492 1975 1540 2002 καὶ
1561 1976 1596 2002 τὰ
1619 1976 1650 2002 ὲν
1673 1975 1745 2002 τίσιν
1762 1975 1835 2002 ἔσται

1040 2022 1222 2058 προαγορεύει
1238 2022 1341 2057 σαφῶς.
1365 2021 1568 2053 Ἐλλελοιπότος
1581 2021 1634 2057 γὰρ
1648 2021 1718 2054 ὅλως
1730 2022 1835 2054 οὐδενὸς

1040 2066 1113 2102 αὐτῷ
1128 2066 1182 2093 τῶν
1196 2067 1236 2098 είς
1249 2067 1280 2093 τὺ
1292 2064 1319 2094 εὖ
1334 2063 1404 2093 εἶναι
1418 2066 1572 2102 χρησίμων,
1587 2066 1670 2098 αὐτὸς
1686 2066 1716 2100 ἐξ
1734 2067 1835 2098 οἰκείας

1040 2111 1240 2147 κατεκερσοῦτο
1263 2111 1386 2148 γνώμης.
1409 2112 1482 2139 Ἔδει
1505 2112 1537 2148 δὴ
1560 2109 1606 2139 οὖν
1632 2112 1688 2148 ἀρα
1711 2113 1776 2145 colt;
1798 2115 1835 2144 είς

1040 2157 1119 2184 τοῦτο
1151 2158 1318 2194 φαυλότητος
1335 2158 1516 2194 καθιγμένους
1534 2159 1587 2192 ἔξω
1609 2167 1639 2185 τε
1667 2159 1761 2194 χειρὸς
1790 2161 1836 2187 καὶ

1040 2204 1190 2241 φροντίδος,
1210 2205 1257 2231 καὶ
1277 2206 1331 2241 μὴν
1342 2206 1390 2232 καὶ
1401 2205 1560 2241 ἐπικουρίας
1575 2205 1622 2232 τοῦ
1635 2206 1774 2232 Δεσπότου
1791 2215 1835 2240 γε·

1041 2251 1133 2277 νέσθαι
1159 2251 1261 2279 λοιπόν.
1288 2251 1393 2278 Οὐκοῦν
1414 2251 1517 2286 ἀφελῶ,
1538 2251 1614 2288 φησι,
1639 2252 1685 2278 τὸν
1709 2254 1835 2288 φραγμὸν

1040 2296 1133 2328 αὐτοῦ,
1149 2298 1196 2324 καὶ
1211 2297 1287 2324 ἔσται
1304 2299 1342 2329 είς
1354 2297 1519 2334 διαρπαγὴν,
1537 2298 1583 2324 καὶ
1595 2297 1704 2324 καθελῶ
1722 2300 1769 2325 τὸν
1782 2301 1834 2325 τεῖ-

1039 2350 1085 2377 χον
1105 2341 1198 2375 αὐτοῦ,
1217 2343 1264 2369 καὶ
1286 2342 1361 2369 ἔσται
1380 2343 1421 2374 είς
1440 2343 1636 2378 καταπάτημα.
1655 2343 1789 2381 Φρ-αγμοῦ
1810 2345 1835 2370 Et

1040 2388 1086 2414 καὶ
1116 2388 1220 2423 τείχους
1239 2388 1342 2424 ἔρημος
1362 2389 1503 2424 ἀμπελὼν,
1526 2389 1702 2425 προκείσεται
1728 2391 1835 2421 πάντως

1039 2437 1094 2466 τοῖς
1113 2435 1273 2470 διαρπάζειν
1290 2434 1427 2462 ἐθέλουσιν
1451 2435 1525 2471 θοίνη
1547 2444 1589 2468 τις
1608 2436 1773 2472 ἐτοιμοτάτη
1791 2438 1835 2463 7.1".

1040 2482 1096 2513 τοῖς
1121 2480 1268 2508 διοδεύοντι
1294 2481 1398 2515 τρίϐος,
1419 2480 1587 2518 ἐξείργοντος
1614 2482 1732 2514 οὐδενός.
1754 2483 1834 2518 Περι-

1040 2528 1205 2563 φρὰττοντος
1224 2527 1273 2563 μὲν
1290 2527 1344 2563 γὰρ
1363 2528 1436 2563 ἡμᾶς
1447 2527 1494 2554 τοῦ
1511 2527 1589 2559 Θεοῦ,
1607 2528 1655 2555 καὶ
1666 2529 1835 2565 ἀπορρήτοις

1039 2575 1108 2600 τισὶν
1129 2573 1300 2609 ἐπικουρίαις
1317 2574 1456 2609 μονονουχὶ
1473 2575 1520 2601 καὶ
1535 2574 1754 2610 ἀνατειχίζοντος
1765 2595 1771 2606 ,
1786 2575 1834 2601 οὐκ

1038 2620 1157 2655 ἐσόμεθα
1179 2620 1255 2655 βατοὶ
1271 2620 1318 2646 καὶ
1339 2621 1367 2646 ὲν
1383 2619 1460 2653 τάξει
1479 2620 1573 2656 τρίϐου
1592 2622 1649 2652 τοῖς
1668 2620 1833 2657 ἀκαθάρτοις

1043 2667 1204 2702 πνεύμασιν·
1226 2666 1287 2692 οὔτε
1312 2666 1365 2701 μὴν
1389 2666 1494 2703 ἕτοιμοι
1516 2667 1584 2702 πρὸς
1601 2666 1759 2704 διαρπαγὴν
1781 2669 1834 2699 τοῖς

1040 2713 1144 2749 θηρίοις
1160 2713 1206 2739 τοῦ
1221 2712 1317 2748 ἀγροῦ,
1335 2713 1382 2739 καὶ
1400 2713 1520 2746 ἁλώπεξι
1538 2714 1639 2750 τρυφή.
1653 2714 1724 2750 Περὶ
1739 2710 1775 2740 ὧν
1792 2714 1834 2747 γέ-

1039 2769 1159 2796 γραπται
1172 2759 1218 2786 καὶ
1229 2760 1257 2786 ὲν
1271 2758 1310 2794 τῷ
1324 2758 1443 2795 ’ᾼσματι
1459 2759 1512 2786 τῶν
1526 2759 1669 2795 ᾀσμάτων·
1687 2770 1697 2786 ί
1714 2761 1833 2788 mam;

1038 2808 1103 2843 ἡμῖν
1131 2806 1275 2837 ἀλώπεκας
1304 2805 1420 2841 μικροὺς
1443 2806 1623 2841 ἀφανίζοντας
1647 2807 1800 2843 ἀμπέλους.
1823 2816 1830 2832 ι

1038 2855 1168 2890 Λέγονται
1189 2853 1216 2879 δὲ
1236 2853 1281 2880 καὶ
1302 2852 1409 2889 μερίδες
1431 2852 1583 2881 ἀλωπέκων
1605 2853 1738 2888 γενέσθαι
1751 2854 1830 2886 τινές.

1005 2267 1027 2294 D
