1890 3053
69 193 113 220 HI
646 189 677 216 IN
700 188 817 216 l5.»\l.-\M
837 187 901 214 LIB.
923 187 942 213 l.
965 186 1069 214 ORAT.
1093 187 1135 214 lll.

1663 189 1711 216 l4!

73 248 204 281 Ἀνιὲντος
229 257 260 275 τε
288 249 348 281 τοῖς
373 247 477 276 ἀδικεῖν
499 247 644 279 ἐθέλουσιν,
665 247 712 275 καὶ
730 254 819 281 φροντι

965 244 1009 270 'lio
1025 244 1141 278 vulpium
1160 244 1228 272 ﬁeri.
1247 244 1281 271 At
1299 243 1321 270 si
1336 244 1406 271 Deus
1420 250 1469 271 nos
1483 243 1608 278 injuriam
1621 244 1711 275 facere

70 299 117 332 τῆς
126 295 229 323 ἄνωθεν
242 295 490 330 ἀπαμφιεννῦντος
505 293 583 325 Θεοῦ,
599 293 699 324 παντὸς
716 294 755 325 εἰς
772 293 868 327 πεῖραν

70 342 167 378 ἥξομεν
179 340 280 368 κακοῦ·
294 341 344 368 καὶ
360 342 415 372 πᾶς
426 340 549 367 ὁστισοῦν
560 340 721 375 ἑντρυφήσει
737 340 793 370 τοῖς
809 339 868 366 καθῖ

70 388 158 423 ἡμῶν,
173 386 226 413 κᾶν
247 387 272 413 εἰ
291 387 390 422 νοητός
406 395 448 419 τις
465 387 507 421 εἴη
517 386 633 422 λῃστής·
650 386 702 412 κᾶν
745 386 758 411 ὁ
772 386 799 411 ἐν
814 386 870 416 τοῖς

72 434 164 469 μέλεσι
184 432 288 469 σαρκὸς
308 433 458 468 ἀγριαίνων
471 433 561 467 νόμος·
577 431 625 458 καὶ
642 431 713 458 ἅπαν
731 431 808 465 ἡμῶν
823 431 869 465 τῆς

70 480 189 511 διανοίας
200 480 232 506 τὸ
246 479 352 514 κίνημα
370 479 568 514 καρποφορήσῃ
579 478 618 513 τῷ
631 478 747 513 Σατανᾷ.
765 478 870 504 Οὐκοῦν

70 526 130 560 δίχα
148 534 179 552 τε
196 525 338 562 φραγμοῦ,
352 524 400 551 τοῦ
417 524 469 560 μὴν
487 523 636 559 ἀτείχιστος
655 523 797 559 ἁμπελὼν,
815 525 871 555 τοῖς

72 571 213 598 ὲῡέλουοιν
244 571 409 606 ἁνεθήσεται
435 570 503 605 πρὸς
527 570 692 605 διαρπαγήν.
714 569 768 596 Καὶ
787 570 816 596 οὐ
833 570 870 605 μὴ

71 618 177 653 τμηθῇ,
192 617 247 644 οὐδ’
263 617 294 644 οὐ
307 617 344 652 μὴ
363 617 465 651 σκαφῇ,
481 615 553 642 τοῦτ’
568 615 651 647 ἔστιν,
667 615 794 650 οὐδεμιᾶς
813 617 871 642 ἑπι-

73 664 199 696 τεύξεται
213 663 365 699 ςρροντίδος,
381 661 548 698 ἐπανορθοῦν
566 662 719 697 δδναμένης
740 663 784 689 καὶ
804 663 871 690 ἀνα-

74 712 199 746 κομίζειν
211 710 259 737 ἐπὶ
275 710 306 736 τὸ
318 711 439 745 ἄμεινον,
450 709 497 736 καὶ
511 709 559 744 τῆς
571 708 641 734 οὕτω
654 708 743 743 δεινῆς
759 709 870 744 χερσίας

74 756 262 782 ἀπαλλάττειν
287 755 379 782 αὐτόν.
407 754 583 790 Ἐντελοῦμαι
609 754 664 789 γὰρ
688 755 718 790 δὴ
742 756 787 781 καὶ
812 756 871 787 ταῖς

74 804 186 838 νοηταῖς
204 803 342 838 νεφέλαις,
358 801 428 828 τοῦτ’
443 801 510 834 ἔστι,
528 803 584 833 τοῖς
599 802 687 835 ἁγίοις
708 802 870 837 προφήταις.

73 849 160 884 ἤγουν
177 849 309 883 δυνάμεσι
328 849 387 880 ταῖς
407 848 578 882 ἀλίγελικαῖς,
598 847 643 874 τοῦ
664 847 701 883 μὴ
717 847 810 882 βρέξαι
833 849 872 880 εἰς

75 893 159 920 αὑτὸν
174 893 264 920 ὑετόν·
277 893 357 928 δῆλον
369 893 397 920 δὲ
409 893 450 919 ὃτι
461 892 506 919 τὸν
517 892 622 927 νοητὸν,
637 892 682 918 τὸν
695 892 732 924 ὡς
745 893 773 919 ἐν
785 901 872 927 παρα-

75 939 173 974 κλήςει
201 940 235 975 τῇ
255 939 294 970 εἰς
314 939 376 965 νοῦν
390 939 437 965 καὶ
455 939 579 975 καρδίαν,
596 940 642 965 le
661 938 732 973 λόγῳ
754 938 792 974 τῷ
807 939 872 974 ϐείῳ

77 985 278 1021 πραττόμενον.
295 985 369 1020 Πλὴν
383 984 507 1011 ἐντεῦθεν
526 984 584 1011 ἐστι
601 984 718 1019 μάλιπτα
739 985 814 1017 ἰδεῖν,
830 985 872 1011 ὅτι

75 1033 132 1065 τοῖς
160 1033 230 1062 υἱοῖς
260 1031 369 1067 Ἰσραὴλ
387 1031 418 1058 οὐ
444 1030 497 1066 πρό
517 1039 549 1066 γε
570 1031 624 1057 τῶν
648 1032 697 1066 τῆς
725 1031 873 1062 ἐπιδημίας

76 1077 183 1113 καιρῶν
213 1077 247 1104 τὰ
266 1077 353 1104 τοιάδε
370 1076 558 1112 συμϐήσεσοαί
572 1085 654 1112 φησιν
675 1078 689 1104 ὁ
707 1081 873 1113 προφητικος

75 1124 142 1159 ἡμῖν
157 1123 250 1157 λόγος,
266 1122 324 1149 ἀλλ’
334 1123 379 1150 ὅτε
392 1122 623 1158 πεπαρῳνήκασιν
637 1123 676 1154 εἰς
691 1122 818 1158 Χριστόν.
835 1123 872 1150 Οὐ

77 1170 130 1204 γὰρ
143 1169 229 1200 ἐστιν,
240 1169 292 1196 οὐκ
305 1168 378 1195 ἐςτιν
390 1169 488 1200 εἰπεῖν,
498 1169 581 1204 ἤγουν
597 1168 752 1201 καταδεῖξαι
766 1168 871 1204 καιρὸν,

76 1215 136 1241 καθ’
162 1215 193 1241 ὃν
217 1215 430 1242 κατατετέλεκεν
452 1215 466 1241 ὀ
487 1214 593 1250 Ἰσραὴλ
616 1214 765 1250 προφητῶν
788 1215 873 1250 ἁγίων

77 1261 148 1296 δίχα.
163 1261 296 1294 Γεγόναςι
322 1261 371 1296 μὲν
389 1261 444 1297 γὰρ
468 1261 636 1296 αίχμὰλωτοι
659 1261 729 1288 κατὰ
748 1263 871 1297 καιροὺς,

79 1308 124 1332 καὶ
139 1308 181 1338 εἰς
197 1307 247 1342 τὴν
265 1307 378 1342 Περσῶν
395 1307 442 1333 καὶ
456 1306 556 1342 Μήδων
571 1306 713 1342 ὰπῲχοντο
723 1307 813 1342 χώραν
825 1316 873 1341 γυ-

79 1352 162 1385 ναιξὶν
182 1353 253 1386 ὁμοῦ
270 1353 317 1379 καὶ
331 1352 481 1387 φιλτάτοις.
497 1352 570 1388 Πλὴν
591 1353 622 1379 οὐ
644 1352 706 1388 δίχα
725 1353 873 1388 προφητῶν

79 1399 161 1432 ἁγίων
178 1398 338 1434 κατέϐησαν
355 1399 395 1430 είς
405 1399 553 1433 Αἴγυπτον,
570 1399 713 1435 ᾑρηκότων
727 1400 796 1426 κατὰ
812 1408 873 1426 και-

80 1444 140 1478 ροὺς
164 1445 215 1478 τὴν
239 1443 383 1477 διαὸόητον
405 1443 583 1479 Ἰερουσαλὴμ
603 1443 657 1470 τῶν
684 1443 872 1476 Βαϐυλωνίων,

78 1489 143 1516 ἀλλὰ
161 1490 246 1524 συνῆν
257 1489 351 1520 αὐτοῖς
364 1490 378 1515 ὁ
392 1490 536 1525 προφήτης
556 1489 691 1525 Ἱερεμίας
701 1509 708 1521 ,
731 1490 786 1520 τοῖς
801 1489 873 1516 ἄνω-

78 1537 120 1563 Θεν
136 1537 184 1563 καὶ
201 1536 278 1572 παρὰ
293 1536 361 1563 Θεοῦ
379 1536 587 1573 διακονούμενος
601 1536 698 1571 λόγοις.
722 1537 831 1572 Ἐπειδὴ
845 1537 874 1563 δὲ

77 1583 315 1619 πεπαρῳνὴκαοιν
328 1584 369 1615 εἰς
384 1584 510 1619 Χριστὸν,
526 1583 626 1620 ἔρημοι
640 1583 769 1618 φραγμοῦ
784 1583 874 1610 διατε-

77 1629 214 1661 τίλέκασι,
228 1631 277 1656 καὶ
289 1631 366 1656 πᾶσα
380 1630 470 1657 αὐτῶν
477 1630 612 1665 ἀσφάλεια
624 1631 777 1658 πέπτωκεν.
789 1629 874 1657 Τοῦτο

77 1677 139 1711 γὰρ,
152 1674 243 1711 οἶμαι.
253 1677 313 1703 ἐστί
325 1677 357 1704 τὸ
366 1677 555 1712 καθαιρεῖσθαι
567 1677 653 1711 λέγειν
664 1677 710 1703 τὸν
722 1677 811 1712 τοῖχον
824 1676 875 1703 αὐ-

77 1722 132 1748 τοῦ.
148 1722 297 1749 Πέπαυται
314 1721 344 1748 δὲ
363 1723 412 1748 καὶ
430 1722 502 1754 ἄπας
524 1722 672 1758 προῳητῶν
694 1722 780 1756 ἁγίων
796 1724 810 1749 ὁ
830 1723 874 1749 ἐπ’

78 1768 168 1799 αὐτοῖς
187 1768 278 1802 λόγος,
293 1768 341 1794 καὶ
361 1767 440 1794 ὑετοῦ
459 1769 537 1803 δίκην
551 1767 678 1804 ἀνασχὼν
691 1768 791 1803 τρόπον
801 1768 872 1795 nvo:

79 1815 123 1840 καὶ
141 1814 349 1841 διαλελοίπασιν
374 1815 402 1842 αὶ
418 1815 472 1841 τῶν
497 1815 583 1849 ἁγίων
601 1815 698 1849 φωναί·
718 1816 765 1842 καὶ
783 1815 873 1848 τοῦτο,

78 1859 164 1895 οἶμαι.
181 1861 242 1887 ἐστὶ
256 1861 287 1887 τὸ
302 1861 336 1888 δι’
352 1862 411 1893 ἐνὸς
431 1862 522 1893 αὐτοῖς
542 1861 686 1897 εἰρημένον
702 1861 778 1897 παρὰ
794 1861 872 1888 Θεοῦ·

82 1916 90 1930 ι
102 1905 167 1932 Ἰδοὺ
184 1907 291 1942 ἡμέραι
306 1907 441 1942 ἔρχονται,
457 1907 531 1940 λέγει
547 1906 659 1942 Κύριος,
674 1907 721 1933 καὶ
733 1906 826 1939 ἐπάξω
839 1906 875 1933 λι-

82 1950 128 1985 μὴν
139 1951 189 1977 ἐπὶ
203 1951 253 1986 τὴν
268 1952 332 1987 γῆν,
346 1952 376 1978 οὐ
392 1951 470 1987 λιμὸν
486 1951 581 1986 ἄρτου,
599 1951 659 1978 οὐδὲ
674 1951 752 1986 δίψαν
767 1951 873 1983 ὓδατος·

80 1997 146 2023 αλλὰ
158 1997 239 2032 λιμὸν
249 1997 297 2024 τοῦ
312 1997 427 2024 ἀκοῦσαι
444 1997 522 2032 λόγον
537 1998 649 2033 Κυρίου.
662 1998 717 2025 Καὶ
730 1997 784 2024 ἀπὸ
798 1998 875 2024 Ἀνα-

81 2043 164 2070 τολῶν
183 2043 237 2075 ἓως
257 2043 305 2070 καὶ
334 2043 450 2079 Δυσμῶν
472 2043 704 2080 περιδραμοῦνται
729 2043 875 2079 ζητοῦντες

80 2089 124 2115 τὶν
143 2090 224 2123 λόγον
248 2090 363 2126 Κυρίου.
386 2091 435 2117 καὶ
452 2091 481 2117 οὺ
501 2090 538 2126 μὴ
555 2090 666 2127 εὕρωσι.
685 2099 695 2117 ι
720 2091 775 2116 Καὶ
797 2090 876 2116 ταυτὶ

82 2135 140 2169 μὲν,
156 2135 194 2168 ὼς
210 2135 291 2170 ἔφην,
302 2138 358 2168 τοῖς
375 2136 405 2168 ἐξ
423 2136 528 2172 Ἰσραὴλ
544 2135 728 2172 συμϐέϐηκεν,
742 2136 788 2163 καὶ
802 2135 876 2171 μάλα

80 2181 203 2212 εἰκότως.
226 2181 400 2209 Ἀπεώσαντο
424 2181 479 2218 γὰρ
503 2182 579 2208 αὐτοὶ
600 2182 646 2209 τὸν
664 2182 719 2209 τῶν
734 2182 876 2218 δυνάμεων

80 2227 194 2263 Κύριον,
209 2227 255 2254 τὸν
273 2228 444 2262 κατάρδοντα
459 2228 561 2263 νοητῶς
578 2228 667 2263 ψυχὰς
685 2228 731 2255 καὶ
749 2228 873 2264 καρδίας,

923 291 1072 318 volentibus
1087 290 1229 326 relinquat,
1250 295 1275 317 ct
1288 297 1353 318 cura
1371 298 1489 326 superna
1510 290 1595 319 nudet
1618 296 1646 320 et
1667 293 1714 321 dc-

921 338 1034 368 stituat,
1050 337 1075 363 in
1091 337 1212 364 omnium
1227 337 1360 364 malorum
1383 337 1529 365 discrimen
1545 338 1687 366 veniemus
1704 348 1712 366 :

921 388 948 410 et
959 383 1048 418 quivis
1063 390 1112 410 nos
1126 390 1157 410 ac
1178 383 1248 410 bona
1265 387 1355 411 nostra
1374 382 1454 411 facile
1468 382 1587 417 invadet,
1606 384 1663 412 sive
1677 386 1713 413 sit

922 429 990 457 latro
1008 429 1140 464 quispiam
1153 429 1339 465 intelligibilis,
1360 430 1417 458 sive
1430 430 1456 457 in
1474 430 1604 458 membris
1622 432 1712 460 carnis

921 483 1047 510 grassans
1072 476 1126 509 lex,
1145 475 1201 504 sive
1221 476 1347 510 qua-libet
1365 475 1475 511 agitatio
1495 481 1639 513 motusque
1653 478 1712 505 ani-

923 530 1027 550 morum
1040 527 1195 550 nostrorum
1215 521 1260 556 qui
1285 522 1393 550 Satanae
1410 521 1594 550 fructiﬁcabit.
1620 523 1713 558 Itaque

922 568 988 596 citra
1001 571 1179 603 sepimentmn
1192 574 1218 595 ct
1232 568 1301 596 citra
1313 575 1420 595 murum
1436 568 1514 595 vinea
1525 568 1611 596 cuivis
1627 569 1712 597 relin-

922 619 1019 649 quetur
1039 614 1073 641 ad
1096 614 1333 649 depmdationem.
1370 615 1404 641 Et
1429 622 1482 643 non
1503 615 1661 650 potabitur,
1685 620 1714 643 et

923 667 975 687 non
991 659 1117 693 fodietur,
1132 660 1159 687 id
1174 663 1226 691 cst,
1243 659 1314 687 nulla
1333 660 1358 688 ei
1374 667 1440 688 cura
1457 661 1637 696 impendetur.
1652 669 1712 697 quas

922 712 981 732 eam
994 706 1078 740 possit
1094 705 1240 740 corrigere,
1261 711 1288 733 ct
1304 706 1330 733 in
1346 706 1442 734 melius
1457 708 1596 739 reducere,
1625 711 1652 735 et
1678 708 1711 735 ab

923 751 1038 778 haclam
1054 753 1129 786 gravi
1151 752 1293 779 sterilitate
1314 752 1441 781 liberare.
1464 753 1595 781 Mandaho
1621 759 1710 781 autem

923 797 1051 830 nubibus,
1069 798 1119 825 sub
1139 797 1343 832 intelligentiam
1361 799 1531 831 cadentibus,
1546 798 1635 832 idest,
1649 807 1712 826 sau—

923 843 973 870 ciis
986 844 1136 878 prophetis,
1155 844 1193 871 vel
1216 845 1393 879 potestatibus
1410 845 1550 880 angelicis,
1574 853 1608 872 ne
1632 853 1713 880 super

925 889 1008 923 ipsam
1024 889 1136 917 imbrem
1155 890 1293 925 depluant,
1309 891 1365 925 82
1377 891 1483 918 scilicet
1505 891 1710 926 intelligibilem,

924 939 953 961 nt
973 934 1018 968 qui
1043 935 1232 962 exhortatione
1261 937 1395 970 verboque
1418 936 1508 963 divino
1522 936 1548 964 in
1571 941 1660 964 tuente
1685 942 1713 966 et

923 980 1004 1008 corde
1027 981 1175 1016 peragitur.
1201 981 1300 1008 Verum
1332 982 1396 1009 hinc
1420 983 1537 1010 maxime
1558 984 1713 1018 perspicere

924 1027 995 1060 licet,
1012 1034 1165 1055 sermonem
1181 1028 1367 1062 propheticum
1390 1028 1490 1063 dicere,
1509 1037 1563 1057 non
1586 1033 1648 1057 ante
1664 1030 1712 1057 ad-

923 1078 1018 1101 ventus
1031 1079 1149 1109 tempora
1171 1074 1233 1102 ﬁliis
1245 1074 1328 1102 Israel
1340 1079 1470 1103 eventura
1490 1075 1560 1108 haec,
1582 1076 1629 1103 sed
1650 1083 1713 1104 cum

925 1120 951 1146 in
967 1119 1104 1147 Christum
1122 1120 1247 1148 bacchati
1267 1120 1377 1148 fuerint.
1396 1120 1454 1149 Non
1472 1121 1545 1149 enim
1567 1123 1712 1150 memorari

923 1166 965 1194 vel
978 1167 1154 1195 demonstrari
1177 1173 1284 1204 tempus
1299 1169 1408 1204 poterit,
1429 1177 1484 1205 quo
1505 1169 1590 1198 Israel
1610 1170 1714 1198 sanctis

923 1213 1062 1248 prophetis
1091 1214 1234 1242 destitutus
1253 1216 1393 1243 manserit.
1421 1215 1488 1243 Nam
1519 1217 1583 1244 olim
1614 1217 1713 1252 captivi

924 1258 1041 1291 fuerunt,
1061 1264 1084 1286 et
1100 1260 1126 1286 in
1140 1259 1283 1288 Persarum
1296 1268 1328 1288 ac
1345 1260 1482 1289 Medorum
1500 1263 1637 1298 regionem
1659 1263 1712 1290 mi-

923 1309 1100 1339 graruntuna
1115 1313 1175 1333 cum
1199 1307 1328 1334 uxoribus
1351 1311 1380 1334 et
1405 1307 1586 1336 charissitnis.
1615 1307 1712 1337 Verum

924 1352 982 1380 sine
994 1352 1132 1387 prophetis
1147 1352 1249 1379 sanctis
1269 1352 1294 1379 in
1311 1351 1459 1388 Egyptum
1486 1361 1539 1381 non
1566 1354 1714 1382 descende-

925 1403 986 1425 runt
1018 1407 1025 1425 :
1059 1406 1120 1425 cum
1153 1397 1290 1433 Babylonii
1324 1398 1532 1426 celeberrimam
1560 1398 1712 1427 Jerusalem

924 1443 1098 1476 evertissent,
1120 1443 1216 1471 aderat
1238 1448 1328 1472 tamen
1342 1452 1404 1471 cum
1423 1444 1476 1472 illis
1487 1445 1618 1480 propheta
1642 1445 1717 1474 Jercv

925 1490 1011 1522 mias,
1035 1489 1160 1525 supernis
1185 1494 1214 1517 et
1235 1490 1335 1518 divinis
1356 1490 1527 1518 sermonibus
1553 1491 1713 1520 instructus.

924 1535 991 1563 Cum
1009 1543 1072 1563 vero
1091 1536 1116 1563 in
1134 1535 1274 1564 Christum
1303 1535 1499 1572 blasphemiam
1520 1538 1715 1570 cvomuissent,

910 1582 1076 1617 ‘sepimento
1093 1590 1143 1610 suo
1154 1590 1266 1617 prorsus
1284 1587 1443 1615 caruerunt,
1464 1587 1492 1610 et
1510 1584 1600 1612 omnis
1621 1592 1715 1612 eorum

925 1628 1059 1655 securitas
1076 1629 1203 1656 concidit.
1224 1628 1281 1657 Hoc
1302 1629 1387 1662 enim,
1411 1629 1540 1662 arbitror,
1570 1637 1716 1664 possumus

926 1674 1026 1708 dicere,
1047 1675 1192 1702 maceriam
1215 1682 1309 1703 eorum
1330 1675 1476 1703 sublatam.
1500 1675 1624 1704 Cessavit
1652 1684 1716 1704 vero

925 1721 1014 1748 munis
1040 1721 1123 1749 etiam
1152 1721 1222 1748 inter
1247 1721 1308 1749 illos
1332 1724 1489 1749 sanctorum
1521 1721 1715 1757 prophetarum

925 1767 1023 1800 oratio,
1041 1772 1069 1794 et
1081 1767 1166 1794 instar
1181 1767 1279 1802 pluviae
1304 1767 1418 1794 inhibita
1441 1771 1484 1794 est
1504 1767 1715 1802 quodammodo,

925 1817 950 1839 et
964 1813 1101 1840 desierunt
1114 1820 1195 1840 voces
1204 1817 1370 1840 sanctorum.
1383 1812 1470 1848 Atque
1484 1813 1534 1840 hoc
1544 1817 1596 1846 est,
1607 1814 1717 1848 opinor,

925 1859 997 1893 quod
1011 1859 1062 1886 illis
1079 1867 1126 1893 per
1143 1859 1286 1894 quemdam
1300 1866 1314 1885 a
1339 1858 1392 1886 Deo
1407 1859 1507 1886 dictum
1525 1863 1567 1886 est
1581 1868 1589 1887 :
1609 1869 1619 1886 ‹
1647 1860 1718 1889 Ecce

926 1905 985 1932 dies
1006 1905 1128 1938 veniunt,
1146 1906 1211 1933 dicit
1241 1905 1382 1937 Dominus,
1412 1905 1537 1935 inducam
1565 1905 1663 1934 famem
1689 1907 1716 1934 in

927 1956 1038 1983 terram,
1057 1959 1108 1978 non
1133 1951 1230 1979 famem
1253 1951 1342 1988 panis,
1374 1959 1424 1980 nec
1451 1951 1524 1979 sitim
1554 1959 1642 1986 aqum,
1669 1953 1716 1980 sed

927 1997 1024 2026 famem
1047 1998 1173 2026 audiendi
1191 1999 1304 2026 verbum
1330 1998 1449 2027 Domini.
1477 1998 1519 2026 Ab
1544 1997 1655 2027 Oriente
1683 1999 1716 2027 ad

926 2043 1099 2072 Occidentem
1109 2044 1256 2072 cursabunt
1267 2048 1419 2079 quaerentes
1428 2052 1581 2073 sermonem
1597 2045 1716 2079 Domini,

926 2094 1019 2118 etnon
1043 2090 1183 2118 invenient
1199 2091 1233 2118 ⁷⁸.
1255 2101 1266 2117 ι
1294 2091 1474 2126 (Σοιιιίκει-ιιηι
1498 2099 1565 2119 sane
1585 2091 1720 2120 lsraelitis-

927 2137 994 2171 btec,
1010 2142 1039 2165 ut
1052 2137 1186 2170 dicebam,
1201 2146 1255 2166 non
1270 2138 1415 2166 immerito.
1428 2137 1594 2174 Repuleruot
1614 2139 1714 2167 etenim

927 2185 1114 2212 universorum
1132 2184 1287 2217 Dominum,
1299 2185 1346 2219 qui
1361 2184 1466 2213 animas
1480 2190 1508 2213 et
1527 2186 1609 2213 corda
1635 2185 1716 2220 spiri-

928 2231 1018 2258 taliter
1030 2231 1136 2265 irrigat,
1147 2235 1174 2258 et
1185 2239 1248 2259 rore
1256 2231 1390 2266 spirituali
1406 2231 1587 2265 pinguefacit;
1600 2239 1715 2266 quorum

81 2275 127 2301 καὶ
153 2273 369 2300 καταπιαίνοντα
392 2273 498 2310 δρόσοις
517 2274 576 2305 ταῖς
603 2275 812 2309 πνευματικαίςο

969 2283 1009 2303 am
1034 2278 1129 2304 beatus
1151 2276 1234 2304 David
1257 2277 1421 2304 mentionem
1439 2276 1521 2310 fecit,
1542 2284 1603 2304 cum
1627 2278 1715 2306 dicit:

81 2321 127 2347 καὶ
144 2321 159 2347 ὁ
175 2320 310 2356 μακάριος
323 2320 406 2348 Δαΰὶδ
424 2319 589 2356 διεμέμνητο
602 2321 700 2355 λέγων·
718 2329 728 2345 ‹
755 2321 798 2352 Ὡς
813 2320 875 2356 δρό-

82 2375 126 2398 σος
149 2366 260 2401 Ἐρμὼν
275 2366 477 2394 καταϐαίνουσα
493 2367 539 2393 ἐπὶ
552 2366 586 2393 τὰ
598 2366 649 2402 ὅρη
664 2365 743 2393 Σιών.
762 2376 771 2393 s
794 2367 876 2402 Ἐγή-

82 2421 179 2448 γερται
192 2413 222 2439 δὲ
235 2412 367 2448 ἀμπελὼν
379 2412 438 2440 ἀντ’
451 2413 556 2439 ἐκείνου
577 2412 646 2444 νέος,
664 2413 679 2439 ὁ
694 2412 749 2439 τῶν
765 2412 810 2439 διὰ
828 2413 875 2439 sti--

83 2466 168 2490 στεως
192 2457 372 2493 κεκλημένων
394 2459 435 2490 είς
456 2458 600 2494 ἁγιασμόν.
618 2459 672 2485 Καὶ
695 2458 760 2494 περὶ
786 2458 886 2485 αὐτῶν.

82 2513 164 2540 φησιν
179 2505 194 2531 ὁ
209 2504 337 2540 Νυμφίας
354 2505 369 2531 ὸ
390 2504 419 2538 ἐξ
440 2505 568 2541 οὐρανοῦ,
587 2504 659 2532 τοῦτ’
671 2505 729 2532 εστι
747 2505 876 2541 Χριστός·

81 2551 114 2577 Δί
135 2549 256 2585 ἄμπελοι
274 2551 465 2587 κυπριζουσιν,
484 2551 589 2578 ἔδωκαν
601 2551 700 2587 ὀσμήν.
721 2552 775 2578 Καὶ
794 2552 877 2584 αὐτὸς

84 2596 133 2631 μέν
147 2597 207 2624 ἐστι
220 2597 237 2633 ὴ
252 2597 349 2633 πρώτη
360 2605 390 2625 τι
404 2597 452 2625 καὶ
464 2598 597 2632 παναγὶα,
613 2598 661 2624 καὶ
675 2597 778 2635 ἀληθὴς
790 2598 877 2634 ἄμπε-

82 2642 138 2674 λος.
154 2642 354 2679 ’Δπηρτήμεθα
372 2643 403 2670 δὲ
423 2643 505 2670 αὑτοῦ
526 2645 606 2679 ἡμεῖς
623 2644 770 2679 κλημάτων
786 2643 878 2678 δίκην,

82 2688 130 2723 τῆς
146 2690 214 2725 παρ’
229 2689 313 2717 αὐτοῦ
331 2689 465 2722 ζωοποιοῦ
485 2690 611 2725 πιότητος
628 2690 879 2725 ἀναπιμπλάμενοι.

83 2734 135 2762 Καὶ
154 2735 221 2770 γοῦν
242 2736 365 2771 ἔφασκεν
381 2737 515 2772 ἐναργῶςσ
534 2746 543 2762 ι
559 2736 631 2771 Ἐγώ
649 2737 707 2771 ειμι
724 2737 741 2771 ἡ
758 2736 881 2771 ἄμπελος

84 2780 196 2817 ἀληθὴς,
211 2783 260 2810 καὶ
277 2784 292 2810 ὁ
308 2783 407 2818 Πατήρ
423 2791 476 2817 μου
493 2783 616 2818 γεωργός
630 2784 698 2810 ἐστι·
715 2784 769 2810 πᾶν
788 2783 880 2818 κλῆμα

83 2825 113 2854 ἂν
127 2828 189 2863 ἐμοὶ
203 2829 241 2865 μὴ
255 2829 338 2866 φέρον
351 2829 459 2865 καρπὸν
474 2829 548 2865 αἴρει
563 2829 638 2861 αὐτὸ,
651 2829 698 2856 καὶ
714 2830 767 2856 πᾶν
786 2829 816 2856 τὺ
830 2829 879 2863 φέ-

932 2331 942 2348 ‹
949 2321 1027 2350 Velut
1037 2329 1082 2350 ros
1088 2321 1206 2350 Hermon
1215 2322 1382 2351 descendens
1390 2329 1471 2358 super
1478 2327 1583 2351 montes
1591 2323 1656 2351 Sion
1663 2324 1696 2351 ".
1705 2333 1715 2350 ι

930 2368 1089 2397 Exsurrexit
1103 2375 1194 2397 autem
1210 2369 1267 2397 loco
1281 2369 1352 2396 illius
1370 2369 1446 2396 vinea
1459 2377 1544 2402 nova,
1564 2377 1658 2398 eorum
1671 2370 1717 2405 qui

930 2414 1017 2442 vocati
1031 2418 1095 2443 sunt
1109 2422 1157 2450 per
1180 2415 1259 2443 fidem
1280 2414 1313 2442 ad
1338 2414 1593 2444 sanctificationem.
1620 2415 1661 2444 Ac
1685 2416 1718 2444 de

929 2461 983 2489 illis
1005 2461 1092 2496 inquit
1107 2460 1228 2496 Sponsus
1244 2459 1377 2494 caelestis,
1391 2460 1417 2488 id
1433 2465 1476 2489 est
1487 2461 1623 2496 Christus,
1636 2461 1716 2490 Vites

929 2507 1093 2542 germinant,
1114 2506 1248 2534 dederunt
1271 2506 1392 2534 odorem.
1402 2505 1436 2534 Et
1454 2505 1499 2534 ille
1520 2511 1561 2535 est
1581 2507 1669 2543 prima
1691 2512 1719 2536 et

929 2553 1100 2582 sanctissima
1114 2558 1143 2581 et
1153 2561 1217 2582 vera
1230 2553 1293 2582 vitis
1308 2561 1343 2582 :a
1359 2561 1413 2589 qua
1425 2562 1475 2583 nos
1497 2555 1648 2589 pendemus
1668 2563 1718 2583 ceu

931 2600 1066 2635 palmites,
1084 2599 1191 2628 viviﬁca
1205 2600 1370 2636 pinguedine
1386 2601 1420 2629 ab
1438 2600 1484 2629 illo
1500 2601 1607 2636 repleti.
1628 2601 1718 2637 Siqui-

931 2646 992 2674 dem
1008 2646 1082 2675 clare
1094 2645 1183 2674 dixit:
1202 2654 1212 2673 ι
1235 2645 1292 2681 Ego
1308 2653 1369 2674 sum
1392 2646 1456 2675 vitis
1482 2653 1556 2680 vera,
1581 2650 1611 2674 et
1637 2645 1719 2674 Pater

930 2698 1007 2719 meus
1022 2690 1137 2727 agricola
1157 2695 1222 2725 est;
1241 2698 1349 2719 omnem
1376 2690 1517 2726 palmitem
1541 2691 1567 2718 in
1598 2698 1642 2719 me
1664 2698 1717 2718 non

931 2736 1062 2765 ferentem
1077 2736 1196 2765 fructum
1219 2736 1299 2770 tollit,
1324 2740 1351 2764 et
1371 2743 1479 2764 omnem
1513 2737 1558 2772 qui
1585 2735 1638 2764 fert
1660 2735 1718 2764 fru-

929 2788 1014 2815 dum.
1024 2787 1130 2818 purgat,
1145 2788 1176 2811 ut
1194 2783 1311 2811 fructum
1323 2783 1478 2811 uberiorem
1493 2782 1609 2811 ferat".
1619 2791 1629 2810 ι
1649 2786 1717 2811 Cum

929 2837 994 2858 vero
1009 2829 1045 2858 illi
1061 2829 1149 2865 agnati
1167 2837 1200 2858 ac
1223 2829 1296 2858 insiti
1318 2829 1403 2857 simus
1426 2836 1476 2863 per
1498 2828 1715 2863 coniunctionem

125 2908 237 2938 "Amos
254 2917 316 2944 vru,
334 2910 379 2937 Ιί.
418 2909 442 2925 ⁷⁵
457 2909 525 2937 l'sal.
543 2916 647 2942 CXXXII,
663 2909 689 2935 5.
729 2909 751 2924 ”
767 2908 846 2936 Joan.
860 2915 906 2942 xv,
924 2908 949 2942 l,
963 2909 990 2936 2.
