1890 3053
159 146 211 174 H5

654 140 682 168 Β.
702 137 839 166 ογιιιιιι
859 136 1095 165 ALEXANDRINI
1115 134 1274 164 ARCHIEP.

1741 135 1792 164 ιιι

156 201 281 230 videlicet
298 198 480 236 splrltualem,
499 195 630 226 fruetuosi
653 194 751 222 redditi
779 201 883 222 sumus.
909 193 948 222 Ad

1030 203 1048 221 ιν
1064 193 1171 229 καρπὸν
1186 193 1314 229 καθαίρει
1327 192 1404 225 αὐτὸ,
1422 193 1466 220 τνα
1484 192 1590 228 καρπὸν
1609 191 1725 219 πλείονα
1747 194 1792 227 ςέ-

155 250 207 278 ltoc
225 255 274 276 nos
287 248 429 276 confirmat
446 246 502 280 ipse
516 250 577 271 cum
598 243 636 269 ait
655 251 661 269 :
681 251 690 267 ι
715 241 822 269 Manete
842 242 869 269 in
891 247 945 274 me,

153 296 210 333 83
223 300 250 323 et
260 295 346 330 egoin
358 293 443 320 vobis.
457 289 688 325 Quemadmodum
707 288 810 324 palmes
831 295 884 315 non
903 295 948 323 po.

156 349 209 371 test
230 343 345 369 fructum
361 339 434 367 ferre
449 345 463 365 a
485 336 584 372 seipso,
607 336 658 363 uisi
676 339 784 363 maneat
806 334 833 362 in
857 334 911 362 vite
938 343 945 361 :

155 389 194 417 sic
208 394 296 423 neque
311 393 370 417 vos,
387 384 438 412 nisi
453 383 587 412 maneatis
602 381 629 409 in
650 389 703 409 me.
724 380 780 416 Ego
792 388 851 408 sum
873 379 946 412 vitis,

155 443 202 462 vos
218 433 341 469 palmites
359 441 366 459 :
382 431 426 466 qui
445 436 536 458 manet
555 430 581 457 in
600 436 654 461 me,
669 433 696 456 et
711 434 762 462 ego
787 428 813 454 in
833 426 889 460 illo,
901 426 948 454 ille

155 479 206 507 fert
228 477 345 505 fructum
361 477 500 511 copiosum
517 484 525 503 :
544 475 608 510 quia
626 474 685 502 sine
699 481 742 501 me
760 480 813 500 non
834 472 947 508 potestis

154 524 244 552 facere
270 522 416 558 quidquam
437 522 471 548 ".
493 530 502 547 ι
529 520 596 548 Dico
625 520 717 554 itaque
742 522 868 554 oportere
899 525 948 552 per

156 569 234 597 fidem
247 573 274 596 et
289 567 462 595 dilectionem
476 572 504 594 et
521 565 701 594 obedientiam
722 571 770 600 per
782 564 884 597 omnia,
900 564 947 592 viti

155 623 237 648 verae,
255 615 280 642 id
301 619 352 646 est,
376 613 495 646 Christo,
514 613 709 647 adhaerescere.
731 611 790 646 Ipse
814 611 946 646 siquidem

155 663 251 690 reddet
262 669 313 690 nos
332 660 486 697 frugiferos,
512 660 571 695 ipse
593 657 770 687 circumdabit
796 664 899 692 sepem.
922 660 949 683 et

155 709 286 738 excitabit
302 715 419 740 murum,
436 711 464 734 et
476 706 581 734 arcebit
597 708 778 732 transeuntes.
801 702 834 730 Et
856 703 888 729 ad
911 703 949 736 ip-

156 763 214 783 sum
228 753 328 782 alicubi
341 753 404 781 dicit
419 759 525 780 sacrum
541 751 680 779 oraculum
697 758 704 777 :
724 759 733 776 ι
751 748 784 776 Et
803 753 947 776 exstruen-

156 805 201 828 tur
224 799 383 827 solitudines
405 802 456 825 tuae
480 801 627 832 perpetum,
645 800 673 822 et
690 798 895 822 monumentum
922 792 948 820 in

156 851 259 879 relatos,
276 850 304 872 et
323 844 466 872 vocaberis
483 842 633 870 aediﬁcator
655 841 769 876 sepium.
788 844 815 868 et
837 839 949 868 semitas

157 891 333 920 intermcdias
345 897 452 918 cessare
466 889 549 916 facies
563 889 598 915 ".
620 898 629 915 ι

1000 248 1043 275 ρῃ.
1067 249 1076 266 ι
1101 239 1210 275 Ἐπειδὴ
1223 239 1251 266 δὲ
1268 238 1342 273 αὐτῷ
1356 238 1589 274 προσπεφύκαμεν
1606 237 1640 265 δι’
1657 238 1791 274 οἰκειότη-

998 294 1054 318 τος,
1070 285 1150 320 δῆλον
1179 285 1220 312 ὅτι
1245 285 1295 320 τῆς
1323 284 1519 320 πνευματικῆς,
1553 283 1791 318 ἀποτετελέσμεθα

998 331 1178 368 καρποφόροι·
1200 333 1247 358 καὶ
1263 332 1330 367 πρός
1343 339 1374 365 γε
1390 330 1470 357 τοῦτο
1482 331 1555 366 ἡμᾶς
1574 330 1691 366 ὲμπεδοῖ
1707 331 1793 364 λέγων

998 378 1089 410 αὑτός·
1108 388 1116 404 t
1135 378 1252 405 Μείνατε
1268 378 1298 405 ὲν
1317 377 1390 413 ἐμοὶ,
1407 376 1486 412 κάγὼ
1506 378 1535 403 ὲν
1548 377 1624 412 ὑμῖν.
1642 376 1746 408 Καθὼς
1763 377 1794 403 τὸ

998 424 1092 459 κλῆμα
1106 424 1136 451 οὺ
1151 424 1263 451 δύναται
1276 423 1382 459 καρπὸν
1394 423 1487 459 φέρειν
1502 423 1549 457 ἀφ’
1564 423 1672 455 ἑαυτοῦ,
1690 423 1738 449 ὲὰν
1757 423 1794 458 μὴ

1000 470 1081 506 μείνῃ
1103 471 1132 497 ὲν
1147 471 1180 506 τῇ
1202 470 1334 506 ἀμπέλῳ·
1350 469 1437 501 οὕτως
1450 469 1511 496 οὐδὲ
1531 469 1620 504 ὑμεῖς,
1639 469 1688 495 ἐὰν
1709 468 1747 504 μὴ
1766 470 1795 496 ὲν

998 517 1061 552 ἐμοὶ
1079 517 1199 552 μείνητε.
1218 516 1288 551 Ἐγὼ
1301 518 1358 552 εἰμι
1370 517 1385 551 ὴ
1401 516 1532 551 ἄμπελος,
1548 516 1627 551 ὑμεῖς
1640 515 1668 542 δὲ
1682 515 1718 541 τὰ
1729 515 1795 551 κλή-

1000 570 1083 598 ματα·
1106 563 1120 589 ὁ
1144 563 1231 597 μένων
1247 563 1276 589 ἐν
1292 562 1363 597 ἐμοὶ,
1377 561 1454 596 κάγὼ
1471 562 1501 587 ὲν
1519 560 1603 596 αὐτῷ.
1621 557 1701 592 οὗτος
1717 561 1796 595 φέρει

999 609 1104 645 καρπὸν
1130 609 1223 640 πολὺν,
1250 609 1291 635 ὅτι
1311 611 1395 644 χωρῖς
1420 607 1487 643 ἐμοῦ
1512 607 1542 634 οὺ
1565 606 1682 633 δύνασθε
1707 608 1796 633 ποιεῖν

999 655 1085 682 οὐδέν.
1106 664 1115 681 ι
1138 655 1244 690 Χρῆναι
1262 655 1290 681 δὲ
1310 653 1356 681 οὖν
1369 654 1457 688 ἔγωγέ
1474 663 1544 689 φημι
1560 653 1795 689 προσερηρεῐσθαι

999 701 1053 728 δεῖν
1066 701 1110 728 διὰ
1129 701 1247 732 πίστεως
1268 701 1315 727 καὶ
1330 701 1440 736 ἀγάπης
1462 701 1508 727 καὶ
1522 700 1570 735 τῆς
1585 700 1625 732 εἰς
1637 701 1692 726 πᾶν
1705 698 1796 726 ὁτιοῦν

1000 746 1155 778 εὐπειθείας
1174 748 1206 781 τῇ
1224 746 1339 782 ἀμπέλῳ
1352 747 1385 782 τῇ
1403 745 1528 781 ἀληθινῇ,
1548 745 1621 772 τοῦτ’
1638 745 1707 775 ἔστι,
1724 745 1792 780 Χρι-

1002 793 1065 828 στῷ.
1083 792 1168 824 Αὐτὸς
1187 792 1241 828 γὰρ
1259 793 1333 827 ἡμᾶς
1348 793 1482 827 ἀποφανεῖ
1498 792 1699 827 καρποφόρους,
1713 791 1796 822 αὐτὸς

1002 837 1144 873 περιθήσει
1162 837 1298 872 φραγμὸν,
1315 837 1361 863 καὶ
1384 837 1476 872 ἐγερεῖ
1491 837 1520 863 τὸ
1539 838 1636 872 τεῖχος,
1659 836 1706 863 καὶ
1725 837 1795 863 ἀπο-

965 879 986 906 Β
1001 885 1094 920 στήσει
1108 883 1285 915 διοδεύοντας.
1306 883 1361 910 Καὶ
1375 883 1444 918 πρὸς
1460 883 1540 909 αὐτόν
1557 882 1607 908 πού
1623 890 1690 916 φησι
1704 881 1797 915 λόγιον

157 938 239 974 Ιερόν·
263 947 272 963 ‹
290 936 347 964 Καὶ
371 933 630 970 οἱκοδομηθήσονταί
650 941 696 959 σου
716 932 814 968 ἔρημοι
833 929 949 962 αἰώνιοι,
970 929 1017 955 καλ¹
1049 928 1222 963 μνημόσυνον
1241 926 1342 961 γενεῶν
1377 928 1494 962 γενεαῖς,
1511 927 1557 953 καὶ
1576 926 1701 962 κληθήσῃ
1721 926 1798 953 οἱκο-

157 985 238 1021 δόμος
251 983 398 1020 φραγμῶν,
413 982 521 1014 καὶτὰς
538 981 648 1018 τρίϐους
659 979 708 1012 τὰς
719 979 770 1006 ἀνὰ
787 978 868 1015 μέσον
885 976 1007 1007 παύσεις.
1030 985 1039 1001 ι

194 1032 279 1060 Vens.
307 1031 333 1058 '1.
362 1029 443 1057 Vinea
469 1029 538 1056 enim
568 1028 674 1055 Domini
702 1026 829 1058 Sabaoth,
857 1026 951 1052 domus

159 1078 262 1110 Israel,
286 1082 310 1104 et
338 1076 415 1103 homo
444 1075 532 1105 Juda,
560 1073 661 1101 novella
691 1072 820 1108 plantatio
844 1071 950 1098 dilecta.

159 1123 315 1159 Easpectari
336 1127 361 1149 ut
376 1121 471 1156 faceret
485 1120 628 1155 judicium,
643 1122 670 1145 at
694 1118 754 1152 fecit
775 1117 951 1152 iniquitatem,

159 1175 183 1198 et
205 1178 256 1197 non
265 1169 409 1204 justitiam,
424 1166 469 1194 sed
486 1166 635 1193 clamorem.

193 1215 308 1250 Liquido
331 1215 357 1241 in
375 1214 417 1241 his
434 1213 525 1240 verbis
548 1210 678 1243 ostendit,
699 1217 752 1237 non
773 1216 803 1237 se
820 1208 893 1243 loqui
919 1207 953 1236 de

160 1262 237 1288 vinea
262 1260 388 1288 sensibus
413 1257 537 1292 objecta,
572 1256 619 1283 sed
651 1255 789 1282 intellectu
814 1257 951 1288 percepta.

160 1305 333 1335 Snmitenim
352 1304 409 1331 fere
431 1310 539 1337 semper
560 1301 702 1335 Scriptura
721 1299 850 1327 divinitus
870 1297 954 1332 inspi-

160 1358 217 1379 mla
237 1350 359 1384 exempla
376 1355 438 1384 quae
460 1351 592 1382 apparent
611 1351 638 1373 et
660 1349 764 1380 patent,
787 1343 820 1371 ad
843 1343 954 1370 demon-

161 1398 321 1426 strationem
350 1403 441 1423 rerum
464 1392 666 1424 obscuriorum,
685 1396 713 1418 et
729 1391 779 1417 sub
803 1389 951 1423 intelligen-

161 1447 225 1473 tiam
252 1443 412 1471 viventium.
434 1440 483 1467 Est
510 1440 593 1471 enim,
621 1437 721 1472 inquit,
746 1435 824 1463 vinea
848 1433 954 1462 Domini

162 1490 290 1522 Sabaoth,
305 1495 331 1516 et
345 1495 454 1524 germen
464 1486 603 1517 dilectum,
618 1484 713 1511 domus
727 1481 818 1513 Israel,
833 1486 859 1508 et
875 1481 955 1508 homo

163 1538 240 1567 Iuda.
259 1536 452 1565 Verumtamen
471 1540 532 1560 cum
553 1531 626 1558 illam
643 1529 716 1557 omni
733 1526 916 1555 misericordia
929 1529 956 1552 ct

163 1584 308 1612 dilectione
319 1582 458 1616 dignarer,
473 1583 500 1607 et
515 1576 590 1605 omni
609 1583 673 1603 cura
687 1580 866 1610 prosequerer
879 1591 887 1604 ,
902 1578 956 1598 non

164 1631 214 1658 fuit
232 1634 401 1657 racemorum
422 1625 510 1657 ferax,
535 1630 587 1650 non
613 1621 677 1648 vitis
703 1626 845 1656 generosa,
870 1617 955 1652 legem

1045 1023 1076 1050 Ὀ
1098 1023 1151 1058 γὰρ
1173 1021 1316 1057 ἀμπελὼν
1343 1021 1453 1055 Κυρίου
1479 1020 1615 1052 Σαϐαὼθ,
1641 1017 1726 1052 οἶκος
1743 1019 1797 1046 τοῦ

1009 1069 1131 1104 Ἰσραήλ
1145 1069 1221 1100 ἐστι,
1232 1067 1280 1094 καὶ
1291 1068 1446 1102 ἅνθρωπος
1459 1067 1512 1094 τοῦ
1527 1066 1634 1097 Ἰούδα,
1645 1067 1797 1100 νεόφυτον

1001 1114 1205 1149 ὴγηπημένον.
1217 1114 1339 1148 Ἔμεινα
1348 1112 1400 1140 τοῦ
1417 1112 1540 1146 ποιῆσαι
1551 1111 1798 1145 κρίσιν,ἐποίησε

1002 1160 1036 1186 δὲ
1045 1161 1172 1194 ἀνομίαν
1184 1160 1233 1187 καὶ
1247 1160 1283 1186 οὐ
1300 1159 1509 1192 δικαιοσύνην,
1521 1158 1602 1185 ἀλλὰ
1612 1156 1760 1192 κραυγήν.

1044 1204 1228 1239 Ἀποδέδειχεν
1243 1204 1365 1239 ἐναργῶς
1390 1205 1419 1230 ὲν
1446 1203 1560 1234 τούτοις,
1579 1202 1675 1237 ὅτιπερ
1689 1203 1704 1228 ὁ
1718 1202 1798 1236 λόγος

1003 1252 1078 1287 αὐτῷ
1095 1251 1208 1286 γέγονεν
1221 1252 1252 1278 οὐ
1271 1252 1335 1286 περὶ
1356 1250 1487 1286 αἰσθητοῦ
1503 1250 1604 1285 μᾶλλον
1618 1249 1797 1284 ἀμπελῶνος,

1004 1297 1071 1324 ἀλλὰ
1084 1298 1147 1333 περὶ
1159 1297 1265 1332 νοητοῦ.
1274 1297 1385 1332 Δέχεται
1399 1296 1454 1332 γὰρ
1464 1296 1506 1322 ἀεί
1519 1304 1576 1327 πως
1588 1296 1604 1331 ἡ
1617 1295 1797 1325 θεόπνευστος

1004 1343 1098 1378 Γραφὴ
1114 1343 1148 1370 τὰ
1164 1343 1273 1378 ἐμφανῆ
1294 1343 1348 1369 τῶν
1372 1342 1602 1378 παραδειγμάτων
1621 1342 1661 1373 είς
1685 1341 1798 1373 ἔνδειξιν

1003 1390 1057 1417 τῶν
1071 1389 1262 1424 ἀφανεστέρων
1285 1389 1331 1414 καὶ
1345 1387 1448 1424 νοητῶν
1469 1381 1650 1423 πραγμάτων.
1672 1388 1729 1414 Καὶ
1745 1388 1799 1422 γάρ

1005 1439 1076 1470 ἐστι,
1090 1437 1182 1472 φησὶν,
1199 1435 1354 1471 ὁὰμπελὼν
1371 1434 1417 1461 τοῦ
1434 1434 1536 1470 Κυρίου
1554 1433 1678 1466 Σαϐαὼθ,
1702 1435 1750 1460 καὶ
1771 1434 1801 1459 τὸ

1005 1484 1132 1518 νεόφυτον
1155 1481 1345 1517 ἠγαπημένον,
1365 1482 1379 1508 ὁ
1410 1478 1483 1512 οἶκος
1509 1480 1556 1506 τοῦ
1578 1479 1696 1515 Ἰσραὴλ,
1721 1479 1768 1506 καὶ
1786 1480 1801 1504 ὁ

1005 1530 1148 1565 ἄνθρωπος
1169 1528 1216 1555 τοῦ
1243 1527 1338 1554 Ἰούδα.
1363 1526 1444 1553 Ἀλλὰ
1471 1527 1558 1552 καίτοι
1584 1526 1633 1560 τῆς
1658 1525 1800 1560 παρ’ἐμοὶ

1006 1575 1114 1611 φειδοῦς
1126 1575 1174 1603 καὶ
1186 1575 1297 1610 ἀγάπης
1311 1573 1473 1608 ἠξιωμένος,
1501 1572 1547 1599 καὶ
1559 1571 1649 1606 πάσης
1659 1570 1801 1606 φροντίδος

1009 1620 1212 1652 ἀπολελαυκ‹“υς,
1240 1619 1270 1646 οὐ
1297 1620 1407 1652 γέγονεν
1439 1617 1580 1654 εὓϐοτρυς,
1607 1617 1657 1644 οὑκ
1677 1616 1801 1652 ἄμπελος

165 1685 218 1705 non
241 1674 334 1707 coluit,
351 1679 405 1700 non
420 1670 531 1706 probam
554 1674 641 1702 neque
664 1670 784 1694 sanctam
810 1663 891 1691 vitam
911 1662 952 1689 de-

1030 1664 1132 1699 ϋγενὴς,
1152 1664 1184 1689 οὐ
1197 1662 1330 1697 τετίμηκε
1345 1661 1438 1696 νόμον,
1456 1661 1516 1686 οὐδὲ
1535 1660 1643 1695 ἐπιεικῆ
1656 1660 1704 1685 καὶ
1719 1659 1804 1693 ἁγίαν

164 1723 214 1759 git.
232 1721 279 1749 sed
302 1726 376 1756 spem
393 1715 519 1753 agricola:
535 1714 616 1742 veluti
635 1712 738 1740 fefellit.
764 1711 820 1746 Ego
848 1708 956 1744 quidem

164 1757 319 1803 exspectavi
334 1764 477 1799 judicium,
499 1761 525 1788 id
547 1764 600 1792 est,
616 1766 648 1786 ex
665 1758 755 1784 animo
783 1757 890 1784 sincero
912 1761 956 1781 re-

167 1801 250 1845 ctam,
267 1817 295 1839 et
308 1812 334 1838 in
349 1808 476 1837 omnibus
490 1807 572 1834 rebus
585 1804 697 1839 agendis
715 1803 870 1838 opiniOnem
890 1801 958 1827 irre«

165 1856 375 1896 prehensibilem
392 1862 438 1883 seu
452 1853 594 1888 judicium.
614 1850 667 1878 Sed
683 1849 738 1882 illa,
755 1848 852 1883 inquit,
866 1851 957 1881 patra-

165 1891 204 1933 vit
220 1904 401 1939 iniquitatem.
419 1899 527 1934 Alioqui
538 1898 609 1926 enim
625 1895 761 1931 quomodo
783 1893 845 1921 vitis
865 1891 957 1927 spinas

165 1937 292 1988 pareret?
315 1949 410 1983 Itaque
435 1945 541 1977 fefellit,
566 1948 595 1971 ut
622 1943 676 1977 jam
704 1941 769 1969 dixi.
787 1939 865 1968 Unde
886 1937 958 1966 enim

166 1985 274 2034 mquam
290 1999 350 2023 erat
365 1992 478 2029 iustitiae
496 1991 599 2018 fructus
617 1994 750 2019 crescere,
773 1985 835 2013 inde
862 1988 959 2019 praeter

166 2029 396 2079 exspectationem
417 2039 489 2066 edita
506 2041 549 2065 est
564 2036 617 2063 vita
633 2041 692 2069 quae
710 2038 737 2061 et
759 2039 774 2059 a
789 2031 873 2059 sacris
893 2029 959 2064 legi-

168 2076 321 2119 bus-aliena
346 2090 414 2118 erat,
440 2088 468 2112 et
488 2082 588 2111 divinis
613 2079 755 2116 praeceptis
782 2076 957 2112 repugnabat.

167 2136 274 2164 Idcirco
288 2133 353 2161 fecit
367 2129 539 2166 iniquitatem
553 2132 580 2156 et
603 2134 657 2154 non
674 2125 819 2159 justitiam,
837 2122 884 2150 sed
903 2121 959 2148 cla-

168 2187 285 2210 morem.
302 2179 454 2206 Clamorem
468 2179 558 2202 autem
575 2174 637 2205 hoc,
653 2172 760 2207 opinor,
771 2169 835 2196 dicit
851 2173 961 2195 :ostcn—

1007 1713 1098 1740 διεϐίω
1123 1710 1212 1747 ζωήν·
1239 1710 1372 1744 ἐψεύσατο
1397 1709 1425 1735 δὲ
1450 1708 1544 1744 ὥσπερ
1565 1708 1611 1734 καὶ
1629 1707 1678 1743 τὴν
1689 1707 1737 1733 τοῦ
1750 1715 1803 1741 γη-

1008 1757 1152 1788 πονοῦντος
1165 1755 1270 1782 ἐλπίδα.
1287 1754 1358 1789 Ἐγὼ
1373 1754 1421 1789 μὲν
1434 1753 1488 1788 γὰρ
1501 1753 1688 1789 προσεδόκησα
1700 1753 1802 1788 κρίσιν,

1007 1803 1162 1835 τοῦτ’έστι,
1191 1803 1241 1838 τὴν
1265 1803 1298 1829 ὲκ
1322 1800 1440 1832 διανοίας
1467 1799 1630 1835 εἰλικρινοῦς
1652 1799 1738 1835 ὀρθὴν
1756 1799 1803 1826 καὶ

1008 1851 1158 1887 ἀμώμητον
1173 1849 1222 1885 τὴν
1249 1849 1291 1884 ἐφ’
1307 1848 1391 1875 ἆπασι
1411 1849 1466 1879 τοῖς
1489 1848 1650 1881 πρακτικοῖς
1676 1847 1804 1881 αἳρεσιν,

1008 1899 1067 1934 ἢτοι
1084 1897 1185 1933 κρίσιν.
1208 1896 1237 1922 Ὀ
1249 1896 1287 1928 δὲ,
1303 1895 1380 1929 φησὶ,
1396 1894 1546 1929 πεποίηκεν
1560 1893 1684 1928 ἀνομίαν.
1706 1893 1804 1919 Καίτοι

1010 1944 1069 1976 πῶς
1093 1943 1126 1970 ἂν
1142 1942 1265 1978 ἄμπελος
1286 1940 1406 1972 ἀκάνθας
1428 1940 1519 1974 τέκοις
1536 1939 1633 1966 οὐκοῦν
1658 1938 1805 1973 ἐψεύσατο,

1009 1989 1134 2025 καθάπερ
1152 1989 1220 2023 ἔφην
1236 1987 1348 2024 ἀρτίως.
1364 1986 1445 2013 Ὅθεν
1464 1985 1519 2021 γὰρ
1534 1983 1568 2021 ἢν
1584 1984 1656 2016 εἰκὸς
1675 1985 1741 2016 τοὺς
1757 1985 1806 2019 τῆς

1010 2035 1185 2070 δικαιοσύνης
1209 2033 1344 2068 ἀναφῦναι
1373 2032 1510 2068 καρποὺς,
1542 2031 1646 2058 ἐκεῖθεν
1673 2030 1805 2065 ἀδόκητος

1010 2083 1146 2109 ὲκδέδοται
1167 2081 1234 2116 βίος,
1250 2081 1264 2106 ὁ
1281 2080 1327 2106 καὶ
1339 2079 1430 2115 νόμων
1442 2078 1494 2110 ἔξω
1515 2077 1568 2104 τῶν
1590 2076 1672 2112 ἱερῶν
1686 2076 1736 2102 καὶ
1751 2076 1806 2101 τῶν

1010 2130 1042 2155 ὲκ
1067 2128 1116 2163 τῆς
1139 2126 1213 2157 θείας
1241 2125 1352 2160 ἐντολῆς
1383 2124 1552 2159 κατάρρησιν
1582 2122 1661 2157 ἔχων.
1699 2121 1805 2148 Οὐκοῦν

1011 2172 1138 2206 εποίησεν
1152 2169 1277 2205 ἀνομίαν,
1288 2169 1335 2196 καὶ
1344 2169 1374 2195 οὐ
1388 2168 1572 2203 δικαιοσύνην,
1589 2167 1656 2194 ἀλλὰ
1667 2167 1802 2202 κραυγήν.

167 2230 236 2256 dens
248 2226 331 2253 vitam
346 2230 441 2252 eorum
456 2220 596 2248 iracundia
617 2217 794 2254 praecipitem,
813 2220 840 2243 et
855 2214 952 2250 plenan

1030 2216 1142 2253 ζραυγὴν
1161 2216 1190 2243 δέ
1215 2224 1298 2251 φησιν
1323 2216 1411 2242 ἐκεῖνο
1426 2213 1502 2250 οἶμαί
1531 2223 1581 2240 που
1605 2213 1750 2245 δεικνύων,
1766 2214 1804 2240 ὅτι

170 2271 342 2300 tumultibus.
362 2269 453 2302 Quare
475 2271 503 2294 et
527 2266 634 2292 divinus
659 2263 759 2290 Paulus
785 2259 952 2288 sanctilicatit

1031 2263 1121 2298 έγονεν
1151 2263 1243 2294 αὐτοῖς
1279 2261 1463 2296 σεσοϐημένος
1495 2261 1545 2295 μὲν
1571 2261 1611 2292 εἰς
1637 2260 1728 2295 ὀργὰς
1759 2261 1802 2286 καὶ

169 2319 295 2356 praecipit
311 2317 404 2344 dicens
418 2323 425 2342 :
441 2313 499 2350 δή.
511 2322 521 2339 ‹
537 2311 632 2340 Omnis
644 2315 733 2336 autem
744 2308 855 2338 clatnor,
873 2311 899 2332 et
909 2307 960 2338 ira,

168 2354 194 2395 et
213 2366 302 2398 furor,
317 2369 345 2392 ct
366 2361 540 2390 maledictum
565 2358 675 2386 tollatur
694 2363 708 2382 a
725 2354 811 2387 vobis,
831 2358 858 2380 et
882 2359 962 2380 omne

171 2413 268 2440 vitium
288 2411 323 2437 ⁸η.
341 2418 352 2436 ι
369 2407 463 2443 Neque
477 2413 542 2434 vero
555 2404 633 2432 decet
658 2409 705 2430 eos
729 2402 773 2436 qui
795 2404 885 2428 mente
906 2403 962 2426 sta-

169 2458 218 2487 bili
237 2466 270 2487 ac
285 2457 378 2486 sedata
391 2452 499 2490 praediti
515 2455 588 2483 sunt,
604 2449 711 2478 stolidis
736 2447 774 2475 uti
792 2445 964 2474 vociferatio-

171 2507 251 2534 nibus
265 2514 273 2533 :
288 2503 335 2532 sed
350 2503 394 2531 his
408 2499 536 2529 convenit
551 2497 638 2532 magis
652 2495 752 2531 quibus
771 2493 827 2521 vita
841 2497 884 2520 est
901 2492 964 2519 labi-

172 2553 206 2581 lis
215 2558 243 2580 et
259 2549 375 2581 lubrica,
390 2548 445 2575 imo
456 2545 490 2573 ad
503 2550 584 2572 omne
597 2542 702 2570 facinus
714 2539 850 2576 proclivis,
868 2543 896 2566 et
915 2538 961 2572 qui

173 2598 267 2626 furore
283 2594 370 2631 magis
384 2599 466 2628 quam
487 2588 629 2625 prudentia
647 2587 729 2615 vitam
747 2586 901 2614 instituunt.
915 2583 962 2611 Vi-

174 2647 254 2673 detur
261 2641 342 2670 etiam
361 2637 559 2667 atrocissimam
570 2634 726 2662 ludaorum
740 2632 962 2660 exclamationem

174 2689 351 2719 subinttnere,
372 2691 454 2720 quam
481 2686 577 2710 contra
593 2681 682 2716 ipsum
708 2679 845 2707 Christum
865 2677 966 2705 excita-

176 2740 249 2765 runt.
277 2731 430 2768 Objiciente
446 2734 563 2764 namque
576 2726 665 2754 Pilato
679 2732 713 2752 an
732 2731 822 2758 regem
842 2728 920 2750 suum
938 2720 965 2748 in

177 2784 286 2807 crucem
304 2766 346 2810 agi
358 2774 467 2808 vellent,
480 2771 553 2801 omni
568 2772 682 2799 honesto
695 2773 723 2796 et
738 2769 836 2804 pietate
856 2766 967 2801 postha-

1013 2310 1126 2346 θορύϐου
1155 2309 1251 2345 μεστὸς
1265 2309 1279 2335 ὁ
1296 2309 1361 2344 βίος.
1378 2307 1422 2334 Διὸ
1442 2308 1488 2334 καὶ
1504 2309 1517 2334 ὁ
1538 2306 1680 2337 θεσπέσιος
1699 2306 1803 2338 Παῦλος

1012 2358 1068 2388 τοῖς
1078 2355 1255 2392 ἡγιασμένοις
1266 2354 1417 2381 ἐντέλλεται
1429 2353 1527 2388 λέγων·
1540 2362 1548 2378 ‹
1563 2353 1640 2379 Πᾶσα
1647 2352 1675 2379 δὲ
1685 2353 1805 2388 κραυγὴ,

1012 2402 1059 2428 καὶ
1073 2402 1152 2438 ὀργὴ,
1179 2401 1227 2428 καὶ
1252 2400 1349 2435 θυμὸς,
1370 2399 1417 2426 καὶ
1442 2398 1601 2434 βλασφημία
1626 2397 1740 2433 ἀρθήτω
1761 2395 1806 2432 ἀφ’

1013 2447 1090 2482 ὑμῶν
1103 2448 1151 2474 σὺν
1174 2447 1249 2481 πάσῃ
1274 2446 1369 2481 κακίᾳ.
1387 2454 1395 2471 ι
1413 2444 1518 2479 Πρέποι
1549 2443 1600 2479 γὰρ
1626 2443 1670 2476 ἂν,
1695 2443 1727 2469 οὺ
1751 2444 1806 2474 τοῖς

1012 2492 1188 2520 καθεστῶσαν
1213 2492 1304 2527 έχουσι
1328 2491 1378 2526 τὴν
1408 2491 1504 2526 φρένα,
1524 2490 1555 2516 τὺ
1577 2490 1638 2520 ταῖς
1654 2488 1806 2524 ἀσυφήλοις

1015 2539 1163 2575 κεχρῆσθαι
1183 2539 1333 2573 κραυγαῖς,
1351 2537 1464 2568 ἐκείνοις
1480 2535 1508 2562 δὲ
1535 2535 1646 2570 μᾶλλον,
1664 2533 1706 2566 οἷς
1720 2535 1735 2560 ὸ
1753 2534 1808 2569 βίος

1015 2584 1064 2611 οὐκ
1089 2582 1211 2618 ἀσφαλής
1226 2590 1233 2597 ·
1257 2582 1356 2617 μᾶλλον
1371 2580 1400 2607 δὲ
1416 2581 1485 2616 πρὸς
1504 2581 1559 2607 πᾶν
1584 2579 1675 2606 ὁτιοῦν
1689 2579 1808 2609 εὐκόλως

1012 2630 1066 2656 τῶν
1081 2629 1184 2662 κακῶν,
1193 2628 1240 2654 καὶ
1251 2627 1330 2662 θυμῷ
1339 2626 1439 2662 μᾶλλον
1452 2626 1469 2661 ἢ
1478 2626 1585 2653 συνέσει
1598 2624 1806 2659 διοικουμένοις.

1016 2675 1108 2701 Ἐοικε
1139 2672 1168 2700 δὲ
1205 2673 1253 2700 καὶ
1287 2672 1337 2708 τὴν
1373 2671 1547 2707 παγχάλεπον
1579 2670 1634 2697 τῶν
1673 2669 1808 2697 Ἰουδαίων

1015 2719 1139 2756 κραυγὴν
1156 2717 1374 2751 ὑπαινίττεσθαι,
1395 2719 1428 2754 ἢν
1445 2717 1489 2745 ἐπ’
1506 2716 1581 2752 αὐτῷ
1593 2715 1759 2752 πεποίηνται
1772 2715 1808 2750 τῷ

1015 2764 1136 2801 Χριστῷ.
1155 2764 1272 2792 Πιλάτου
1288 2763 1344 2799 γὰρ
1361 2762 1546 2796 ὀνειδίζοντος,
1572 2762 1597 2788 ιι
1623 2761 1655 2798 δὴ
1672 2760 1810 2798 βούλοινω

217 2855 238 2872 ’⁷
249 2856 328 2887 Joan.
344 2865 390 2890 xv,
407 2856 433 2890 4,
454 2855 481 2883 5.
519 2853 608 2882 "lsa.
638 2857 714 2884 Lvm,
744 2849 787 2876 ιτ.
826 2847 848 2863 τ’
876 2846 949 2881 pre

1034 2845 1106 2880 ,τι
