1890 3053
83 151 132 181 ηε

604 167 608 170 ι
657 151 689 180 ΙΝ
709 152 826 180 lSAlAM
846 152 911 181 LIB.
932 152 952 181 Ι.
973 151 1077 181 ΟΒΛΤ.
1097 149 1140 180 ΠΙ.

1670 147 1721 176 με

87 211 265 249 σταυροῦσθαι
288 212 337 240 τὸν
354 212 466 249 βασιλέα
485 213 530 240 τὸν
545 214 661 247 ἑαυτῶν,
677 214 787 250 ἁπάσης
801 214 879 242 εὐκο-

963 219 999 248 ta,
1013 212 1199 241 exclamarunt
1217 220 1223 238 :
1243 219 1252 237 ι
1272 209 1358 243 Tolle,
1368 207 1440 241 tolle,
1453 207 1614 242 cruciatﬂge
1627 206 1720 242 illum;

86 259 163 294 σμίας
175 265 205 284 τε
223 258 295 293 ὁμοῦ
309 259 359 285 καὶ
374 257 513 294 φιλοθεῖας
534 258 712 294 ἡφειδηκότες
730 258 882 293 ἀνακεκρᾶ-

86 312 165 338 γισαν
179 303 268 330 αὐτοί·
287 313 297 329 ι
315 301 393 339 Αἶρε,
405 301 477 340 αἶρε,
488 304 644 340 σταύρωσον
654 305 744 332 αὐτόν·
760 304 810 331 οὐκ
824 304 883 340 ἔχο-

88 358 134 384 μεν
151 349 263 384 βασιλέα
274 351 299 377 εἰ
315 351 352 386 μὴ
368 350 522 386 Καίσαρα.ι
539 350 655 386 Κραυγὴ
664 351 754 377 τοίνυν
765 350 881 386 πονηρὰ,

86 395 134 430 τῆς
157 395 293 422 Ἰουδαίων
308 397 471 432 συναγωγῆς
489 397 503 423 ὁ
523 396 637 432 καρπὸς,
650 396 683 423 δι’
696 397 730 433 ἣν
744 397 883 432 ἀφῄρηται

88 441 132 467 καὶ
146 440 288 477 φραγμοῦ,
300 442 348 468 καὶ
359 441 461 476 τοίχου,
477 442 523 468 καὶ
534 441 643 477 ἀρδείας
654 443 704 478 τῆς
719 443 750 469 ὲκ
764 442 883 477 νεφελῶν

87 486 181 520 ἁγίων.
203 487 384 522 Ἐστέρηνται
396 487 426 514 δὲ
443 488 489 514 καὶ
503 488 612 524 ἀπάσης
627 488 795 524 ἐπιμελείας.
810 489 882 523 Ἔφη

86 533 149 567 γὰρ,
162 533 205 559 ὃτι
224 533 331 568 ’Δνήσω
344 533 390 560 τὸν
400 533 550 568 ἀμπελῶνα
563 542 622 569 μου.
635 534 683 560 καὶ
693 535 724 560 οὺ
736 534 773 570 μὴ
780 535 882 570 τμηθῇ,

85 581 138 606 οὐδ’
161 581 192 607 οὐ
213 581 252 616 μὴ
276 582 379 616 σκαφῇ.
397 580 598 616 Κατεχερσώθη
622 580 650 607 δὲ
672 580 731 612 ὅλος
760 579 883 612 ἀκάνθας

85 626 249 659 ἐκτετακὼς.
266 628 295 653 αἶ
311 627 410 662 φλογός
425 628 478 653 εἰσι
493 627 593 662 τροφή.

121 673 195 699 Οὐαὶ
214 674 241 699 cl
264 672 473 705 συνάπτοντες
492 673 591 699 οὶκίαν
609 673 684 707 ,πρὸς
708 673 815 703 οἰκίαν,
836 671 884 698 καί

87 718 180 752 ἀγρὸν
194 718 272 751 πρὸς
285 718 379 752 ἀγρὸν
406 717 581 752 ἐγγίζοντες,
602 718 652 745 ἵνα
673 719 725 745 τοῦ
752 718 886 751 πλησίον

86 763 261 798 ἀςέλωνταί
274 773 311 791 τι.
327 764 376 798 Μὴ
399 764 540 798 οἰκήσετε
561 765 648 799 μόνοι
671 764 720 791 ἐπὶ
735 764 790 798 τῆς
810 763 885 798 τῆςς

96 809 248 843 Ἠκούσθη
266 810 322 844 γὰρ
336 811 380 842 είς
397 809 432 836 τὰ
447 807 506 836 ὦτα
520 811 630 843 Κυρίου
649 810 770 836 Σαϐαὼθ
782 810 883 837 ταῦτα.

122 854 183 881 Ἵνα
199 855 236 890 μή
254 863 296 886 τις
310 856 398 891 οἴηται
417 855 697 891 μάτηνκατειρηκότα
708 855 755 882 τοῦ
776 856 884 892 Ἰσραὴλ

87 900 147 935 ιίκῆ
166 908 195 926 τε
213 900 264 935 τὴν
278 900 402 935 ἄμπελον
415 900 562 932 διαϐαλεῖν,
581 902 619 933 ὡς
635 901 734 936 ἥκιστα
751 901 800 936 μὲν
820 891 883 928 στα-
899 891 921 921 Β

88 945 174 982 φυλὴν
194 947 384 978 ὲκτετοκυῖαν,
400 947 499 982 μᾶλλον
518 947 547 974 δὲ
564 947 693 979 ἀκάνθας,
707 947 781 974 τοῦτ’
797 947 881 980 ἔστιν,

88 992 148 1018 ἀντὶ
163 992 295 1027 κρίσεως,
314 993 373 1027 ἤτοι
389 992 531 1028 χριμάτων
551 993 665 1020 δικαίων
681 994 808 1029 ἀνομίας,
824 995 884 1021 ἀντὶ

89 1037 116 1064 δὲ
128 1037 177 1072 τῆς
195 1037 373 1074 δικαιοσύνης
394 1039 519 1074 κραυγήν
532 1047 539 1055 ⁸
566 1039 764 1075 ἀπαριθμεῖται
788 1040 885 1076 χρησί-

91 1092 146 1118 μως
164 1083 199 1110 τὰ
215 1083 248 1110 δι’
261 1081 300 1111 ὧν
317 1082 353 1120 ἦν
367 1085 451 1116 εἰκὸς,
472 1085 502 1111 οὐ
519 1085 636 1121 μετρίως
658 1086 884 1120 κατεγνωσμένον

92 1129 164 1161 ἰδεῖν,
180 1129 228 1155 καὶ
242 1130 293 1155 οὐκ
313 1130 360 1155 ἐπὶ
380 1131 435 1162 τοῖς
447 1130 574 1165 τυχοῦσιν
590 1131 694 1163 ἁπλῶς,
705 1131 762 1158 ἀλλ’
773 1132 818 1158 ἐπὶ
828 1132 884 1164 τοῖς

90 1174 157 1208 ἄγαν
173 1175 386 1210 ὲκνομωτάτοις,
406 1177 452 1202 καὶ
466 1177 519 1208 τοῖς
535 1177 575 1202 ὅτι
593 1177 709 1211 μάλιστα
718 1185 885 1212 κατεστυγη-

91 1220 181 1255 μένοις
197 1222 274 1256 παρά
290 1229 322 1255 γε
337 1221 375 1256 τῷ
390 1221 526 1257 φιλαρέτῳ
541 1222 610 1257 Θεῷ.
628 1223 764 1258 Ταύτῃτοί
781 1231 862 1258 φησιν
876 1229 883 1236 ·

92 1276 100 1292 ι
119 1266 188 1293 οῠαὶ
207 1268 233 1293 ot
250 1267 432 1299 συνάπτοντες
445 1268 532 1295 οἰκίαν
549 1268 616 1304 πρὸς
626 1269 724 1301 οἰκίαν,
742 1269 789 1295 καὶ
801 1269 886 1304 ἀγρὸν

91 1311 157 1346 πρὸς
176 1311 265 1347 ἀγρὸν
281 1312 446 1346 ἐγγίζοντες,
466 1313 508 1339 ἵνα
530 1313 577 1339 τοῦ
596 1313 709 1349 πλησίον
732 1314 885 1348 ἀφέλωνται

91 1365 125 1383 τι.
140 1367 150 1382 ι
173 1357 286 1383 Ἔνεστι
301 1358 357 1393 γὰρ
369 1357 406 1390 ὡς
419 1357 520 1385 ἐπίπαν
535 1359 592 1389 τοῖς
609 1358 729 1384 ἐθέλουσι
750 1359 886 1392 πλουτεῖν,

91 1402 135 1429 καὶ
158 1402 213 1438 μὴν
228 1403 276 1429 καὶ
290 1403 321 1429 τὺ
330 1403 459 1430 δύνασθαι
473 1403 585 1438 λαχοῦσι
605 1404 672 1440 πρὸς
691 1404 778 1436 τοῦτο,
792 1405 822 1431 τὸ
843 1404 886 1436 ἀει

91 1456 115 1474 τι
131 1447 222 1475 θέλειν
251 1449 308 1480 τοῖς
323 1449 374 1484 ἤδη
396 1450 607 1485 πεπορισμένοις
632 1451 811 1485 ἐπισωρεύειν
834 1451 885 1484 ἔτι,

94 1493 138 1520 καὶ
156 1493 193 1520 τὰ
207 1494 258 1528 τῆς
281 1494 375 1526 οὐσίας
400 1495 491 1527 αὐτοῖς
511 1496 540 1522 ἐν
562 1496 761 1531 ἀκαταλήκτοις
777 1497 887 1523 πλεονα-

91 1541 181 1590 σμοίς,
209 1539 328 1575 ὁρᾶσθαι
359 1542 453 1569 ποιεῖν.
474 1542 529 1568 Καὶ⁸
545 1540 610 1575 γοῦν
643 1542 805 1576 ἐπιφύονται
832 1544 922 1590 τοῖςο

91 1586 201 1621 ὖμόροις
211 1587 255 1613 ἀεὶ
269 1587 316 1614 καὶ
331 1587 460 1621 γείτοσιν
475 1587 624 1623 εὐρυτέροις
634 1597 663 1614 τε
674 1588 723 1620 τὰς
735 1589 763 1617 ὲν
774 1589 883 1616 ἄστεσιν

91 1633 179 1665 οἰκίας
202 1633 346 1660 ἀποτελεῖν
373 1634 585 1667 σπουδάζοντες,
608 1635 836 1671 καταὸιαζόμενοι
852 1635 882 1662 δὲ

91 1679 153 1708 τοὺς
167 1678 223 1705 τῶν
235 1679 407 1715 ὁμορούντων
431 1681 522 1712 αὐτοῖς
545 1681 652 1716 χωρίων
672 1682 813 1714 δεσπότας.
836 1682 882 1709 καὶ

91 1726 146 1756 τοῖς
168 1724 246 1756 ἰδίοις
264 1726 457 1758 συνάπτοντες.
481 1726 640 1762 ’Δκόρεστον
657 1728 710 1763 γάρ
734 1737 760 1754 τι
788 1729 883 1764 χρῆμα

93 1770 221 1802 πλούσιος
238 1770 319 1807 ἀνὴρ,
329 1772 353 1798 εἰ
367 1772 532 1808 παρακέοιτο
549 1782 607 1806 πως
627 1774 701 1809 αὐτῷ
714 1774 744 1800 τὸ
753 1774 882 1801 δύνασθαι

95 1815 194 1851 ῥᾳδίως
207 1817 281 1852 ειπερ
296 1817 330 1844 ἂν
347 1817 467 1852 βούλοιτο
483 1818 642 1852 κατορθοῦν.
664 1819 805 1846 Πέπαυται
829 1819 883 1855 γὰρ

93 1860 220 1896 οὐδαμῶς
248 1863 306 1894 τοῖς
325 1862 373 1889 τοῦ
397 1863 480 1894 πέλας
502 1862 657 1899 ὲπιπηδῶν-
678 1865 726 1890 καὶ
751 1865 813 1900 διψῇ
834 1865 883 1900 μὲν

95 1907 138 1936 ἀεὶ
154 1907 186 1933 τὺ
204 1907 282 1934 οὔπω
309 1909 408 1944 παρὸν,
433 1909 556 1944 γλίχεται
577 1910 604 1936 δὲ
625 1909 678 1937 τῶν
698 1911 780 1946 μήπω
798 1919 883 1937 πεπο-

97 1954 241 1988 ρισμένων.
254 1954 324 1981 Οὐαὶ
337 1954 437 1987 τοίνυν,
452 1955 592 1991 φησὶ,τοῖς
606 1957 751 1984 συνάπτειν
763 1957 884 1987 ἐθέλουσι

95 1998 143 2031 τὰς
162 1999 267 2027 ἑαυτῶν
283 2001 372 2032 οἰκίας
386 2003 447 2033 ταῖς
465 2002 576 2037 ἐτέρων,
596 2003 642 2029 καὶ
663 2003 758 2040 ἀγροῖς
771 2004 883 2039 ἀγροὺς,

97 2044 140 2072 ἱνα
154 2045 203 2072 τοῦ
222 2047 336 2082 πλησίον
361 2048 512 2082 ἀφέλωνταί
539 2058 575 2076 τι.
598 2049 737 2085 Πρόφασιν
758 2051 811 2086 γάρ
828 2059 886 2082 πως

96 2092 140 2118 ἀεὶ
158 2092 206 2118 τοῦ
219 2093 318 2128 χρῆναι
341 2093 511 2121 πλεονεκτεῖν
529 2095 665 2122 ποιεῖσθαι
687 2096 885 2128 σπουδάζουσι,

96 2137 127 2164 τὸ
144 2139 184 2173 μὴ
202 2139 257 2165 δεῖν
274 2139 386 2175 ἑτέρους
400 2141 519 2176 γειτνιᾷν
531 2142 622 2172 αὐτοῖς
635 2149 642 2157 ⁸
672 2138 732 2168 εἶτα
751 2142 886 2177 βιάζονται

96 2185 159 2216 τοὺς
175 2184 400 2221 ἀσθενεστέρους,
410 2186 457 2212 καὶ
468 2186 674 2214 πλεονεκτοῦσιν
689 2188 804 2220 ἀνοσίως
822 2197 888 2215 κατ-

933 266 985 286 non
1000 259 1131 286 habemus
1144 264 1234 292 regem
1251 255 1301 284 nisi
1315 255 1448 283 Cmsarem
1466 254 1500 282 '°.
1516 263 1526 280 ι
1538 253 1646 281 Clamor
1657 260 1721 288 ergo

934 304 1090 339 improbus,
1116 303 1254 338 improbus
1280 301 1382 329 .ludaici
1424 299 1592 328 conciliabuli
1620 297 1723 339 fructus

933 354 984 381 est,
1002 357 1049 384 per
1061 357 1142 384 quem
1158 337 1244 376 orbati
1264 354 1325 375 sunt
1342 352 1368 375 et
1394 354 1476 382 sepe,
1498 350 1527 374 et
1553 345 1680 377 maceria,
1697 337 1724 371 εἰ

934 396 1095 423 irroratione
1109 403 1124 423 e
1139 395 1240 422 sanctis
1256 393 1381 426 nubibus,
1398 392 1525 428 omnique
1544 391 1625 419 etiam
1646 398 1722 418 cura.

934 442 1037 478 Quippe
1050 442 1114 469 dicit
1131 451 1137 469 :
1156 441 1292 468 Dimittam
1313 441 1417 467 vineam
1439 447 1537 470 meam,
1555 442 1582 465 et
1598 445 1650 465 nan
1675 445 1725 471 pu-

935 489 1047 520 tabitur,
1068 495 1120 515 non
1136 487 1263 514 fodietur.
1279 485 1388 512 Vastata
1405 490 1446 512 est
1460 485 1531 513 enim
1550 487 1615 517 tota,
1630 480 1724 518 spinas

935 534 1057 569 gignens,
1075 541 1135 569 quae
1150 532 1219 567 ignis
1234 531 1393 558 alimentum
1408 535 1480 557 sunt.

972 678 1054 705 Vens.
1071 677 1098 709 8,
1111 677 1138 706 9.
1159 676 1202 704 Vw
1220 677 1260 703 Itis
1271 676 1315 709 qui
1332 675 1493 709 conjunguuz
1505 673 1610 698 domum
1626 671 1659 696 ad
1674 671 1723 696 da-

936 732 1016 756 mum,
1037 727 1061 750 et
1075 730 1166 757 agrum
1182 722 1215 748 ad
1238 729 1331 756 agrum
1346 719 1567 754 appropinquant,
1591 720 1619 742 ut
1639 715 1724 742 vicino

936 770 1036 805 aliquid
1053 769 1188 800 auferant.
1206 767 1246 793 An
1270 766 1318 793 ιοίὶ
1340 764 1489 792 habitabilis
1509 764 1536 790 in
1562 761 1650 789 terra?
1670 760 1726 787 Au-

936 817 993 843 dita
1008 820 1067 843 sint:
1083 815 1151 842 enim
1167 815 1221 840 Iuvc
1239 813 1267 839 in
1285 813 1393 839 auribus
1409 810 1514 837 Domini
1530 808 1655 836 Sabaoth.

970 861 1010 889 Ne
1024 861 1085 896 quis
1097 860 1233 888 existimet
1248 858 1347 886 frustra
1362 864 1423 884 eum
1441 856 1466 883 in
1477 854 1601 883 lsraelem
1613 853 1726 884 dixisse,

935 913 963 936 et
976 908 1035 936 sine
1051 914 1132 935 causa
1151 905 1310 934 calumniari
1326 904 1443 935 vincam,
1461 906 1553 936 utpote
1569 908 1622 928 non
1649 906 1726 931 uvas.

935 955 982 982 sed
993 954 1084 988 spinas
1098 952 1260 987 parientem,
1280 950 1307 977 id
1324 954 1375 982 est,
1403 956 1452 983 pro
1470 947 1571 982 judicio
1595 949 1621 972 et
1645 944 1728 979 aequi-

936 1005 999 1032 tate,
1017 999 1198 1034 iniquitatem,
1214 1004 1263 1031 pro
1277 995 1382 1031 justitia
1399 993 1560 1022 clamorem,
1586 989 1727 1018 commode

935 1049 1076 1073 enumerat
1090 1052 1121 1072 ea
1135 1052 1167 1071 ex
1179 1043 1289 1078 quibus,
1304 1041 1480 1076 quamobrem
1500 1037 1726 1067 fueritaccusala,

936 1092 1035 1120 intueri
1059 1098 1091 1118 ac
1105 1091 1198 1118 videre
1216 1090 1295 1117 liceat
1313 1098 1319 1115 :
1338 1095 1391 1115 non
1412 1090 1520 1121 propter
1535 1084 1655 1119 vulgaria
1671 1082 1728 1116 jam

935 1143 962 1166 et
974 1138 1139 1171 communia,
1162 1137 1208 1165 sed
1227 1140 1336 1171 propter
1357 1141 1388 1162 ea
1405 1141 1465 1168 qum
1484 1132 1657 1159 vehementer
1676 1128 1729 1164 legi

938 1184 1114 1212 dissentanea
1132 1187 1204 1215 sunt,
1224 1182 1394 1215 maximeque
1415 1179 1468 1207 Deo
1490 1178 1600 1205 virtutis
1625 1174 1729 1203 amanti

937 1229 1035 1257 invisa.
1051 1229 1113 1256 Ideo
1128 1228 1194 1255 dicit
1210 1237 1217 1255 :
1237 1236 1246 1252 ι
1259 1226 1305 1254 Va:
1322 1226 1364 1253 his
1378 1224 1422 1260 qui
1439 1224 1608 1259 coniungunt
1620 1222 1728 1248 domum

938 1275 1082 1308 domui,et
1105 1280 1199 1309 agrum
1224 1279 1284 1299 cum
1308 1278 1373 1305 agro
1393 1269 1532 1304 copulant,
1552 1271 1582 1294 ut
1605 1265 1729 1302 proximo

938 1320 1038 1356 aliquid
1061 1319 1195 1347 auferant.
1215 1328 1224 1344 ›
1245 1318 1318 1345 Inest
1336 1317 1407 1344 enim
1424 1315 1535 1343 omnino
1556 1313 1598 1340 his
1621 1312 1665 1347 qui
1687 1311 1729 1338 di-

940 1371 1042 1393 tescere
1064 1364 1167 1397 volunt,
1191 1368 1217 1390 et
1241 1363 1286 1397 qui
1306 1361 1426 1397 potentia
1450 1360 1550 1391 valent,
1571 1362 1600 1385 ut
1622 1363 1729 1391 semper

939 1410 1080 1446 acquisitis
1095 1410 1162 1445 jam,
1187 1409 1288 1444 aliquid
1312 1408 1365 1435 huc
1387 1405 1470 1433 velint
1496 1403 1676 1435 accumulare,
1704 1406 1732 1429 et

940 1463 970 1485 ut
987 1465 1050 1484 suas
1073 1456 1217 1483 facultates
1235 1462 1267 1482 ac
1283 1455 1376 1488 copias
1395 1451 1506 1479 infinitis
1528 1448 1730 1478 accessionibus

939 1510 1100 1531 coacervare
1114 1502 1271 1529 videantur.
1284 1499 1449 1527 lnsidiantur
1467 1497 1538 1525 enim
1562 1502 1669 1532 semper
1689 1502 1731 1523 ac-

940 1548 1005 1575 colis
1020 1547 1127 1580 vicinis,
1141 1551 1168 1574 et
1183 1546 1303 1573 urbanas
1322 1552 1364 1572 res
1381 1543 1547 1578 amplificare
1566 1543 1684 1571 student,
1704 1543 1731 1566 et

939 1592 1066 1619 dominos
1087 1591 1144 1618 suis
1157 1590 1265 1626 praediis
1288 1589 1418 1616 ﬁnitimos
1437 1587 1607 1623 opprimunt,
1623 1590 1650 1612 et
1669 1592 1730 1611 cum

939 1639 996 1666 suis
1021 1637 1198 1672 coniungunt.
1218 1636 1266 1663 Est
1288 1635 1359 1662 enim
1375 1633 1528 1661 insatiabile
1548 1631 1675 1667 quiddam
1692 1631 1733 1657 vir

937 1685 1023 1717 dives,
1040 1682 1174 1718 siquidem
1192 1681 1263 1716 quod
1283 1680 1348 1708 velit
1363 1679 1387 1707 ei
1404 1680 1484 1707 liceat
1496 1678 1573 1706 facile
1590 1677 1730 1713 perlicere.

935 1727 989 1763 85
1006 1728 1133 1761 Quiescet
1146 1727 1217 1753 enim
1229 1731 1473 1760 nttuquam,ueque
1485 1723 1602 1750 cessabit
1618 1722 1733 1757 proximi

936 1774 1015 1802 bonis
1030 1773 1135 1801 inhiare
1145 1784 1150 1800 :
1161 1772 1232 1807 quod
1244 1771 1361 1799 nondum
1379 1771 1463 1803 adest,
1474 1770 1542 1802 sitit,
1556 1775 1650 1803 etquae
1667 1775 1734 1795 non-

937 1820 999 1848 dum
1008 1825 1101 1854 parata
1109 1822 1181 1852 sunt,
1189 1816 1417 1852 concupiscitﬂz
1428 1815 1519 1851 igitur,
1529 1815 1626 1849 inquit.
1637 1813 1677 1840 his
1686 1814 1734 1848 qui

937 1865 1150 1900 voluntjungere
1160 1863 1217 1891 suis
1229 1863 1331 1890 uadibus
1341 1862 1454 1894 alienas,
1474 1865 1500 1888 et
1510 1867 1589 1896 agros
1608 1860 1692 1894 agris,
1703 1859 1740 1885 nl.

938 1912 1061 1947 proximo
1077 1911 1200 1937 auferant
1221 1908 1453 1943 aliquid.Semper
1468 1907 1538 1933 enitn
1551 1913 1659 1933 causam
1673 1910 1734 1932 stu-

938 1956 1169 1988 dentobtendere,
1179 1962 1228 1982 cur
1236 1954 1296 1988 plus
1305 1954 1354 1989 ipsi
1365 1953 1505 1988 possidere
1514 1952 1674 1983 debeant,et
1682 1958 1732 1977 cur

939 2003 1005 2031 alios
1012 2003 1062 2030 sibi
1070 2002 1210 2037 contiguos
1220 2007 1281 2029 esse
1289 2008 1341 2028 non
1352 2004 1475 2035 oporteat
1484 2008 1490 2026 :
1499 1998 1560 2025 deitt
1571 1996 1732 2024 imbecillio—

941 2059 983 2079 res
997 2055 1105 2087 cogunt,
1116 2054 1144 2077 et
1156 2050 1238 2086 impie
1251 2049 1359 2083 rapiuttt
1369 2047 1402 2074 ab
1413 2047 1466 2074 illis
1474 2045 1638 2081 ejulantibns
1647 2045 1733 2071 inter-

940 2098 1014 2130 dum,
1025 2102 1051 2125 et
1063 2101 1158 2124 contra
1175 2103 1267 2124 eorum
1288 2095 1418 2122 sazvitiam
1428 2089 1733 2123 vociferantibus.Quid

941 2144 1022 2179 igitur
1032 2143 1085 2170 illis
1094 2142 1158 2169 dicit
1169 2149 1257 2169 sermo
1267 2139 1458 2176 propheticus?
1466 2138 1567 2172 Ecquid
1577 2135 1734 2164 habitabilis

942 2190 991 2218 soli
1005 2190 1031 2217 in
1045 2188 1135 2217 terra?
1155 2186 1365 2223 Ecquid-enim,
1382 2186 1479 2220 inquit,
1498 2191 1545 2212 vos
1570 2190 1632 2211 esse
1660 2181 1733 2210 solos

96 2229 264 2264 οιμὼζοντας
277 2229 333 2256 ἔσθ’
348 2230 404 2261 ὅτε,
423 2231 470 2257 καὶ
485 2231 535 2266 τῆς
554 2231 666 2267 ἐνούσης
686 2232 776 2264 αὐτοῖς
797 2233 884 2260 σκαιό-

959 2245 965 2263 t
981 2241 1052 2263 terra
1068 2233 1256 2262 arbitramini?
1283 2240 1370 2260 annon
1397 2231 1536 2266 praesidet,
1557 2234 1584 2257 et
1597 2236 1656 2264 quae
1674 2232 1734 2254 acta

96 2283 179 2310 τητος
195 2276 451 2311 κατακεκραγότας.
469 2276 501 2302 Τί
524 2274 570 2303 οὖν
590 2277 644 2312 ἄρα
666 2278 747 2313 φησὶν
769 2278 859 2310 αὐτοῖς
875 2279 889 2304 ό

97 2320 269 2356 προφητικὺς
281 2322 379 2356 λόγος;
394 2323 439 2358 Μὴ
455 2323 579 2358 οἰκήσετε
600 2323 676 2358 μόνοι
691 2324 738 2350 ἐπὶ
754 2324 803 2359 τῆς
818 2325 887 2360 γῆς;

97 2365 171 2402 *Λρα
187 2367 251 2403 γὰρ,
269 2368 363 2403 φησὶν,
379 2368 466 2395 οἴεσθε
488 2369 582 2404 μόνους
602 2370 674 2405 ὑμᾶς
689 2371 759 2397 κατά
775 2373 823 2405 τὴν
837 2371 889 2406 γῆν

99 2413 244 2449 ὑπάρχειν,
267 2415 304 2449 μὴ
324 2414 506 2450 ἐφεστηκότος
518 2415 595 2448 Θεοῦ,
619 2416 665 2442 καὶ
693 2417 844 2452 ἐφορῶντος
855 2417 888 2444 τὰ

98 2460 242 2496 δρώμενα;
254 2461 351 2488 Καίτοι
361 2461 421 2488 λίαν
437 2462 520 2496 ὲγγὺς
532 2463 546 2488 ὁ
560 2463 613 2491 τῶν
629 2463 696 2490 ὅλων
713 2464 771 2489 ἐστὶ
784 2464 888 2491 Δεσπό-

99 2514 157 2540 της·
173 2506 298 2542 ἠκούσθη
311 2506 346 2533 τὰ
361 2507 427 2542 παρ’
445 2507 531 2542 ὑμῶν,
550 2509 604 2534 Καὶ
619 2509 679 2535 τίνα
692 2509 789 2544 τρόπον
802 2519 808 2543 ;
826 2511 891 2542 ίσως

102 2553 199 2588 ἐρεῖτε.
219 2553 482 2589 Κατακεκραγότων
498 2553 618 2589 δηλονότι
635 2555 689 2581 τῶν
708 2555 892 2590 ὴδικημένων.

101 2599 229 2626 Τοιοῦτόν
241 2609 267 2627 τι
285 2600 332 2626 καὶ
348 2600 362 2625 ὁ
378 2600 504 2635 Σωτῆρος
526 2602 592 2636 ἡμῖν
615 2601 737 2637 γέγραφε
754 2603 890 2638 μαθητής·

105 2656 113 2672 ι
121 2647 188 2680 ’Λγε
198 2647 257 2678 νῦν,
268 2648 293 2673 oi.
304 2646 440 2678 πλούσιοι,
453 2647 586 2674 κλαύσατε
594 2647 766 2681 ὀλολύζοντες
777 2649 822 2675 ἐπὶ
834 2652 894 2682 ταῖς

101 2690 302 2727 ταλαιπωρίαις
331 2692 397 2726 ὑμῖν
419 2691 479 2721 ταῖς
501 2691 706 2726 ἐπερχομέναις.
719 2701 728 2717 ι
757 2693 811 2719 Καὶ
827 2693 895 2728 πρός

101 2747 131 2773 γε
147 2740 234 2774 τούτῳ
257 2738 355 2775 φησίν
377 2748 386 2764 ι
399 2738 463 2765 Ίδοὺ
484 2739 497 2765 ὁ
525 2738 618 2773 μισθὸς
634 2738 688 2765 τῶν
703 2739 826 2775 ἐργατῶν
841 2740 895 2767 τῶν

101 2787 267 2823 ἀμησάντων
284 2785 335 2817 τὰς
349 2784 442 2820 χώρας
459 2785 544 2820 ὑμῶν.
565 2785 592 2812 '0
610 2786 829 2823 ἀπεστερημένος
849 2787 895 2822 ἀφ’

136 2879 254 2910 "Joau.
275 2887 334 2912 xix,
365 2878 408 2906 15.
446 2877 466 2894 ⁸¹
495 2877 552 2906 Jac.
579 2885 604 2912 ν,
623 2878 688 2911 1,4,

943 2286 1008 2310 sunt
1039 2281 1151 2315 inspicit
1180 2279 1268 2307 Deus?
1285 2278 1446 2312 Quanquam
1472 2275 1616 2303 admodum
1646 2281 1730 2309 prope

942 2326 1202 2355 est'univcrsorum
1229 2324 1316 2351 Deus:
1338 2324 1428 2350 audita
1460 2326 1523 2349 sunt
1552 2322 1609 2348 haec
1637 2323 1730 2347 vestra

943 2373 1073 2402 facinora.
1087 2372 1122 2399 At
1133 2371 1288 2406 quomodo?
1307 2369 1398 2397 forsan
1419 2368 1526 2396 dicetis.
1540 2365 1735 2393 Exclamarunt

943 2419 1066 2446 videlicet
1079 2418 1106 2446 hi
1124 2418 1168 2452 qui
1185 2417 1281 2452 injuria
1295 2416 1383 2444 aﬂ‘ecti
1401 2419 1474 2442 sunt.
1492 2413 1586 2441 Simile
1603 2411 1733 2447 quiddam

943 2465 1097 2493 Servatoris
1110 2465 1259 2500 discipulus
1271 2463 1391 2498 scripsit.
1407 2471 1416 2488 ι
1433 2460 1511 2496 Agite
1527 2467 1609 2493 nunc,
1624 2458 1733 2491 divites,

943 2511 1046 2546 plorate
1059 2510 1191 2538 ululantes
1203 2510 1229 2537 in
1247 2510 1362 2537 miseriis
1375 2515 1434 2543 qum
1451 2514 1498 2534 vos
1518 2506 1658 2533 invadunt.
1675 2513 1683 2529 ι
1700 2504 1734 2531 Et

943 2558 975 2585 ad
987 2558 1044 2584 haec
1058 2557 1139 2584 dicit:
1153 2565 1163 2582 ι
1181 2556 1250 2583 Ecce
1264 2562 1367 2582 merces
1376 2554 1562 2589 operariorum
1572 2551 1617 2586 qui
1630 2551 1736 2578 demes-

943 2607 1055 2631 stterunt
1070 2603 1171 2639 praedia
1194 2607 1293 2629 vestra.
1311 2600 1475 2628 Defraudata
1493 2607 1507 2626 a
1522 2599 1599 2626 vobis
1619 2597 1733 2628 clamat,

943 2655 968 2678 et
996 2649 1203 2677 vociferationes
1217 2656 1310 2676 eorum
1334 2647 1379 2687 qui
1405 2650 1574 2674 messuerunt
1589 2645 1621 2671 atl
1656 2650 1736 2670 aures

946 2697 1048 2724 Domini
1062 2695 1179 2724 Sabaoth
1190 2693 1410 2730 pervenerunt“.
1424 2702 1433 2719 ι
1445 2690 1735 2726 Accepitenimprom-

945 2743 1066 2778 ptissiute
1085 2750 1164 2769 voces
1180 2749 1273 2769 corum
1300 2740 1343 2775 qtti
1369 2739 1457 2767 vexati
1481 2743 1545 2766 sunt
1564 2744 1579 2763 a
1606 2734 1734 2763 divitibus

945 2777 1118 2818 sanctissima
1145 2793 1172 2816 ct
1191 2786 1374 2823 improbitatis
1393 2784 1504 2813 inimica
1535 2786 1640 2810 natura.
1659 2777 1735 2812 Quod

949 2911 1006 2934 ν
