1890 3053
174 144 219 171 131
687 144 716 171 S.
737 142 877 171 CYRILLI
897 141 1133 172 ALEXANDRINI
1154 144 1314 173 ARCHIEP.

1729 169 1733 173 .
1749 144 1802 173 1'31

172 190 308 237 salem,et
323 189 501 231 .ornabuntur
528 202 624 238 gloria,
642 206 669 230 et
683 202 735 231 hoc
749 207 778 231 et
804 203 831 230 in
853 203 956 232 cmlesti

1015 203 1219 239 ’Υψωθήσονται
1244 203 1325 231 πάλιν
1337 203 1362 231 oi
1380 202 1435 231 υῑοὶ
1450 201 1572 238 Ἰσραήλ·
1589 201 1801 238 δοξασθήσονται

172 251 243 278 libro
269 249 384 277 describi
403 249 586 281 merebuntur,
597 248 660 275 licet
692 249 858 284 impietatem
887 250 959 277 haud

170 296 343 324 mediocriter
361 294 543 326 exercuerint,
562 295 708 329 prophetas
720 295 880 329 occiderint,
898 295 959 323 mis-

168 349 217 370 sos
240 341 372 377 lapidibus
396 341 548 374 obrtterittt,
569 342 656 377 ipsum
679 341 788 369 demum
816 341 958 370 Christum

166 388 250 415 morti
275 387 446 420 tradiderint,
459 394 607 422 eorumque
637 395 733 415 manus
763 388 895 423 sanguine
916 395 960 415 re—

169 433 358 460 dundaverint.
378 432 447 466 Quid
468 433 550 468 igitur
569 434 721 469 propheta?
736 443 745 460 ι
759 434 836 461 Eluet
865 434 958 461 Domi-

171 486 230 510 nus,
259 478 356 513 inquit,
384 479 479 506 eomes
504 479 620 506 filiorum
652 484 680 507 et
705 480 821 507 filiarum
840 480 917 512 Sion,
931 485 960 508 et

167 524 328 559 sanguinem
358 526 547 560 expurgabite
565 526 654 553 medio
679 533 784 558 eorum,
802 526 830 553 in
861 527 958 561 spiritu

165 569 259 605 judicii
287 574 316 597 et
338 570 434 604 spiritu
461 571 578 598 ardoris.
593 580 602 596 ι
619 571 795 605 Deliqnerunt
821 571 958 606 siquidem

168 616 237 645 citra
253 616 650 652 controversiam,justifieavit
664 624 729 644 vero
751 624 846 644 omnes
873 617 959 652 gratia

169 671 218 699 per
244 663 397 695 Christum,
415 663 590 698 ipsorumque
619 662 824 690 interfectorum
850 668 959 698 peccata

169 709 303 736 oblivione
313 709 446 744 sepelivit.
465 709 596 736 Nimirum
608 714 635 736 et
645 709 751 737 divinus
765 708 958 737 Petrnsludai-

162 761 228 781 eum
243 754 369 789 populum
386 754 484 781 affatur
497 754 595 782 alicubi
611 755 719 783 dicens:
736 764 745 781 ι
766 753 818 782 Vos
830 754 959 782 Sanctum

167 804 195 826 et
209 797 316 826 Justum
331 800 461 833 negastis,
480 804 507 826 et
523 791 666 834 ﬂagitastis
683 800 846 828 homicidam
862 799 958 827 donari

166 846 244 872 vobis
255 845 288 872 ⁸⁸.
309 854 318 870 ι
338 845 442 872 Alicuhi
461 845 558 872 iterum
575 854 581 872 :
599 855 608 872 ‹
623 846 656 873 Et
673 854 753 878 nttnc,
770 846 876 879 fratres,
896 846 959 873 novi

1010 249 1050 282 δὲ,
1065 250 1111 276 καὶ
1132 250 1183 286 τὴν
1202 249 1259 277 ἀνω
1280 249 1457 286 κερδανοῦσιν
1470 249 1644 285 ἀπογραφὴν,
1657 249 1746 276 καίτοι
1758 249 1803 276 δε-

1009 286 1210 330 δυσσεδήκασιν
1231 294 1262 321 οὐ
1286 294 1417 330 μετρίως,
1436 294 1603 322 ἀπεκτόνασι
1616 294 1680 326 τοὺς
1693 293 1802 330 προφῆ-

1009 348 1070 372 τας,
1094 340 1286 376 ὲλιθοὸόλησαν
1308 341 1370 372 τοὺς
1392 339 1624 375 ἀπεσταλμένους,
1647 340 1696 367 καὶ
1719 339 1802 367 αὑτὸν

1009 385 1038 413 δὲ
1051 384 1229 417 τελευτῶντες
1244 385 1410 421 προσέθεσαν
1421 385 1466 412 τὸν
1483 384 1610 421 Χριστὸν,
1628 385 1676 412 καὶ
1685 385 1803 420 γεγόνα-

1011 439 1054 457 σιν
1066 430 1156 457 αὐτῶν
1170 431 1198 457 al.
1212 431 1303 466 χεῖρες
1318 430 1433 466 αἵματος
1448 430 1572 466 πλήρεις.
1587 429 1620 456 Τί
1643 427 1690 457 οὖν
1705 432 1720 457 ὁ
1733 438 1799 466 προ-

1011 476 1116 511 φήτης;
1143 485 1152 501 ι
1165 475 1317 509 Ἐκπλυνεῖ,
1336 486 1357 507 ι,
1379 476 1464 511 φησὶ,
1491 485 1501 502 ι
1518 475 1620 510 Κύριος
1642 475 1688 502 τὸν
1716 475 1804 511 ῥύπον

1009 522 1064 549 τῶν
1079 522 1155 556 υἱῶν,
1168 523 1215 549 καὶ
1229 522 1284 549 τῶν
1299 521 1455 558 θυγατέρων
1472 522 1551 553 Σιὼν,
1566 521 1614 548 καὶ
1625 521 1655 548 τὸ
1669 517 1740 556 αἷμα
1756 521 1803 547 ὲκ-

1010 568 1137 604 καθαριεί
1155 569 1188 595 ὲκ
1209 569 1292 603 μέσου
1307 568 1407 601 αὐτῶν,
1422 569 1451 595 ὲν
1472 568 1607 604 πνεύματι
1620 567 1738 604 κρίσεως
1753 568 1802 594 καὶ

1009 616 1039 642 ὲν
1065 615 1200 650 πνεύματι
1223 615 1357 647 καύσεως.
1371 624 1381 641 ι
1407 613 1661 650 Πεπλημμελήκασι
1679 614 1728 650 μὲν
1745 613 1803 649 γὰρ

1009 661 1246 697 ὁμολογουμένως
1260 661 1378 688 ἐδικαίου
1399 661 1428 688 δὲ
1450 662 1555 692 πάντας
1578 661 1595 696 ἡ
1621 661 1700 695 χάρις
1721 661 1737 696 ὴ
1756 660 1802 687 διὰ

1010 707 1141 743 Χριστοῦ,
1156 708 1204 734 καὶ
1219 707 1310 738 αὐτοῖς
1326 707 1355 733 δὲ
1369 708 1427 739 τοῖς
1448 706 1642 741 πεφονευκόσιν
1660 706 1803 742 ἐχαρίζετο

1010 753 1058 790 τὴν
1075 754 1239 789 ἀμνηστίαν.
1255 753 1311 780 Καὶ
1334 753 1401 788 γοῦν
1417 754 1434 780 ὁ
1457 752 1600 785 θεσπέσιος
1620 753 1723 788 Πέτρος
1744 753 1802 784 τοῖς

1017 799 1150 827 Ἰουδαίων
1166 799 1262 835 δήμοις
1278 799 1448 835 προσεφώνει
1465 799 1571 834 λέγων,
1591 799 1657 826 ποτὲ
1675 799 1742 834 μὲν.
1759 799 1801 826 ὅτι

1013 856 1022 872 r
1034 846 1129 881 Ὑμεῖς
1138 845 1166 872 δὲ
1173 846 1219 872 τὸν
1229 845 1324 881 ’Δγιον
1332 846 1380 873 καὶ
1388 845 1496 872 Δίκαιον
1503 846 1572 881 ὴρνή
1577 845 1669 877 σασθι.
1677 845 1726 872 καὶ
1732 845 1802 881 ᾐτή-

170 891 241 925 quod
259 899 292 918 ev
307 891 458 926 ignorantia
475 891 589 924 fccistis,
616 892 696 919 sicuti
714 897 741 919 et
761 893 896 928 principes
911 899 957 920 ve-

1012 898 1074 917 σατε
1091 889 1176 926 ἄνδρα
1189 889 1272 924 φονέα
1283 889 1445 926 χαρισθῆναι
1460 890 1535 924 ὑμῖν.
1553 899 1562 916 ι
1579 889 1647 916 um
1661 889 1690 915 δὲ
1703 889 1800 915 πάλιν·

167 938 229 964 stri.
258 937 418 973 Resipiscite
434 939 537 973 itaque,
563 943 590 965 et
606 938 758 974 baptizetur
772 939 957 974 unusquisque

165 987 287 1009 vestrum
303 983 329 1009 iu
345 990 441 1010 nomen
456 983 561 1010 Domini
576 982 651 1016 Iesu,
666 988 694 1011 et
704 984 842 1018 accipietis
854 984 955 1011 donum

168 1027 257 1055 sancti
270 1028 388 1062 Spiritus
402 1037 409 1055 :
425 1028 503 1056 vobis
516 1029 587 1056 enim
603 1034 666 1056 sunt
681 1030 873 1064 promissiones
887 1035 915 1058 et
929 1031 957 1058 li-

165 1074 211 1101 liis
240 1074 343 1102 vestris
358 1074 415 1102 ⁸⁸.»
432 1074 611 1109 Quapropter,
643 1075 740 1110 inquit,
768 1077 956 1104 universorum

168 1119 259 1155 opifex
275 1125 303 1147 et
326 1120 465 1152 Dominus,
484 1121 596 1147 multum
626 1120 794 1153 misericors,
809 1121 854 1156 qui
880 1129 958 1149 man—

168 1165 311 1193 suetudine
330 1170 359 1193 et
379 1165 522 1192 clementia
548 1165 673 1193 humana!
698 1167 798 1194 mentis
818 1167 957 1202 angustias

164 1212 285 1244 excedit,
303 1212 349 1245 qui
364 1219 420 1239 non
434 1211 491 1239 vult
506 1214 620 1239 mortem
633 1212 786 1245 morientis,
800 1220 854 1247 quo
867 1220 929 1240 eum
941 1220 956 1240 a

170 1256 213 1284 via
236 1264 283 1284 sua
299 1263 382 1291 prava
408 1258 525 1289 avertat,
538 1260 566 1284 et
585 1256 678 1284 vivat:
692 1257 783 1284 abluet
799 1257 894 1285 sordes
909 1264 956 1285 eo-

167 1310 229 1329 rum
254 1302 301 1337 qui
321 1306 479 1337 peccarunt,
498 1305 527 1329 et
551 1308 568 1329 ο
584 1302 677 1329 medio
701 1301 809 1329 illorum
832 1301 958 1337 purgabit

166 1349 340 1383 sanguinem,
356 1347 453 1382 spiritu
469 1346 566 1381 iudicii
577 1351 604 1374 et
617 1347 713 1382 spiritu
727 1347 844 1374 ardoris.
854 1346 956 1375 iudicii

167 1399 258 1421 autem
272 1393 397 1428 spiritum
411 1392 539 1425 dicimus,
557 1400 589 1420 ex
610 1393 712 1427 judicio
723 1399 798 1421 recto
812 1398 840 1420 et
853 1393 956 1427 iustitia

168 1439 253 1466 latum
267 1439 294 1466 in
310 1446 383 1467 nos:
400 1438 455 1466 Deo
469 1438 614 1466 calculum.
628 1439 684 1474 16
692 1438 802 1466 Scilicet
818 1439 855 1466 ita
870 1439 958 1474 inquit

170 1486 302 1514 Servatur
319 1495 326 1513 :
346 1494 356 1512 ι
372 1485 449 1513 Nunc
472 1485 604 1520 judicium
630 1491 672 1513 est
691 1485 781 1512 saculi
797 1484 876 1519 hujus
894 1485 928 1512 “.
944 1495 954 1511 ο

167 1530 276 1559 Iudicio
288 1531 363 1558 enim
383 1531 595 1559 contertditcum
608 1532 709 1558 mundo
721 1531 774 1559 hoc
787 1537 816 1559 et
832 1539 894 1559 cum
906 1531 957 1558 Sa-

1014 945 1022 962 l
1035 936 1090 963 Καὶ
1099 936 1156 968 νῦν,
1168 936 1288 970 ἀδελφοὶ,
1299 933 1368 968 οἶδα,
1384 935 1456 962 κατά
1468 935 1580 969 ἄγνοιαν
1591 935 1738 970 ἐπράξατε,
1747 934 1802 961 ὤο-

1009 989 1061 1017 περ
1073 981 1118 1008 καὶ
1131 982 1155 1007 οἱ
1167 982 1296 1017 ἄρχοντες
1308 982 1394 1017 ὑμῶν.
1403 982 1594 1018 Μετανοήσατε
1604 979 1661 1014 οὖν,
1670 981 1717 1008 καί
1731 980 1802 1016 βαπ-

1009 1027 1129 1063 τισθήτω
1137 1027 1252 1059 ἕκαστος
1262 1027 1276 1054 ὑ
1281 1027 1339 1063 μῶν
1347 1029 1385 1059 εις
1394 1028 1424 1054 τὸ
1434 1027 1520 1062 δνομα
1528 1027 1576 1053 τοῦ
1583 1027 1687 1064 Κυρίου
1699 1026 1801 1062 Ἰησοῦ.

1010 1076 1058 1102 καὶ
1072 1074 1191 1115 λήψεσθε
1205 1074 1254 1110 τὴν
1273 1074 1378 1109 δωρεὰν
1394 1073 1441 1101 τοῦ
1454 1074 1534 1108 ἁγίου
1544 1072 1703 1108 Πνεύματος
1713 1081 1721 1088 ·
1736 1072 1802 1107 ὑμῖν

1010 1121 1065 1157 γάρ
1079 1121 1147 1147 εἰσιν
1162 1121 1191 1148 al
1208 1120 1369 1155 ἐπαγγελίαι
1384 1120 1432 1147 καὶ
1449 1121 1504 1152 τοῖς
1518 1120 1622 1152 τέκνοις
1638 1119 1726 1154 ὑμῶν.
1742 1128 1752 1145 ι
1773 1119 1802 1145 ’0

1009 1169 1110 1202 τοίνυν,
1125 1167 1218 1203 φησὶν,
1234 1169 1249 1195 ό
1263 1167 1317 1194 τῶν
1328 1168 1397 1194 ὅλων
1409 1166 1574 1203 δημιουργὸς
1596 1166 1643 1192 καὶ
1654 1165 1758 1201 Κύριος
1767 1184 1775 1196 ,
1788 1166 1803 1191 ό

1014 1214 1094 1246 πολὺς
1115 1214 1154 1246 είς
1176 1213 1262 1246 ἔλεος,
1275 1215 1290 1241 ὸ
1303 1213 1387 1241 νικῶν
1400 1213 1550 1249 ὴμερότητι
1564 1212 1613 1244 τὰς
1626 1210 1803 1247 ἀνθρωπίνας

1012 1258 1210 1294 μικροψυχίας’
1234 1259 1248 1285 ό
1265 1258 1304 1294 μὴ
1317 1258 1402 1285 θέλων
1422 1257 1469 1285 τὸν
1485 1257 1598 1285 θάνατον
1618 1256 1664 1283 τοῦ
1680 1255 1802 1290 ἀποθνή-

1011 1311 1131 1336 σκοντος,
1145 1303 1184 1336 ὡς
1199 1303 1229 1330 τὸ
1241 1303 1404 1339 ὲπιστρὲψαι
1417 1303 1498 1330 αὑτὸν
1512 1301 1567 1331 ἀπὸ
1577 1302 1627 1336 τῆς
1640 1300 1700 1329 ὀδοῦ
1717 1301 1804 1329 αὑτοῦ

1009 1350 1060 1385 τῆς
1084 1351 1218 1386 πονηρᾶς,
1236 1351 1285 1378 καὶ
1309 1350 1360 1386 ζῇν
1379 1349 1476 1385 αὑτὸν,
1491 1348 1623 1376 ἔκπλυνεῖ
1645 1349 1692 1376 τὸν
1712 1347 1804 1384 ῥύπον

1009 1396 1063 1423 τῶν
1078 1397 1288 1432 ἡμαρτηκότων,
1305 1396 1467 1430 ἐκκαθαριεῐ
1477 1396 1506 1423 δὶ
1522 1396 1570 1422 καὶ⁸
1582 1394 1613 1422 τὸ
1625 1393 1694 1430 αἷμα
1707 1395 1739 1421 ὲκ
1757 1393 1804 1429 μισ

1011 1451 1057 1470 σου
1081 1443 1171 1470 αὐτῶν
1192 1444 1221 1470 ἐν
1244 1443 1379 1479 πνεύματι
1400 1443 1516 1480 κρίσεως
1539 1442 1586 1469 καὶ
1607 1442 1636 1468 ὲν
1662 1439 1802 1475 πνεύματι

1010 1489 1142 1521 καύσεως.
1160 1489 1216 1516 Καὶ
1239 1489 1270 1516 τδ
1298 1490 1346 1524 μὲν
1372 1490 1420 1524 τῆς
1443 1489 1559 1525 κρίσεως
1573 1487 1682 1523 πνεῦμά
1697 1495 1801 1522 φαμεν,

1008 1535 1058 1570 τὴν
1070 1535 1140 1570 μετά
1150 1535 1267 1572 κρίσεως
1282 1534 1374 1571 ὀρθῆς,
1386 1535 1445 1570 ἢτοι
1455 1535 1638 1569 δικαιοσύνης,
1651 1532 1802 1568 ὲξενεχθεῖυ

169 1581 232 1604 tana
247 1585 254 1604 :
276 1581 303 1604 et
321 1577 391 1604 hunc
403 1577 514 1612 quidem
528 1577 610 1611 eiecit
627 1582 656 1604 ut
671 1577 768 1612 injuria
784 1576 956 1609 allicientem,

1012 1566 1058 1606 σαν
1071 1566 1115 1615 ἔφ’
1130 1566 1196 1616 ἡμὶν
1214 1566 1287 1616 παρὰ
1298 1566 1476 1616 θεοῦ-ψῆφον.
1493 1579 1570 1606 Οὕτω
1581 1566 1635 1614 γαρ
1649 1578 1700 1606 πού
1713 1566 1802 1613 φησιν

169 1623 230 1651 illos
255 1630 320 1650 vero
347 1622 508 1656 justilicavit
525 1631 540 1651 ο
557 1623 657 1650 inundo
680 1630 728 1657 per
752 1623 842 1655 fidem,
859 1622 957 1656 injuria

169 1669 292 1698 affectos.
306 1669 421 1697 Ardoris
436 1676 501 1696 vero
512 1669 638 1704 spiritum
656 1669 782 1701 dicimus,
800 1669 912 1703 gratiam
930 1668 956 1695 in

170 1719 346 1743 sacrosancto
359 1715 505 1750 baptismo,
521 1723 572 1742 non
588 1715 690 1749 absque
706 1713 810 1749 Spiritu
825 1714 901 1741 nobis
915 1714 956 1740 in-

170 1766 336 1796 generatam.
348 1760 480 1796 Baptizati
496 1767 586 1788 autem
603 1765 630 1788 et
641 1761 686 1794 loti
706 1768 810 1792 sumus,
824 1768 876 1787 non
888 1767 956 1795 aqua

171 1806 252 1840 nuda,
267 1806 314 1834 sed
324 1813 372 1833 nec
387 1807 477 1834 cinere
499 1806 573 1832 vituli
588 1806 725 1833 emumlati
740 1813 844 1838 sumus,
866 1805 898 1832 ad
918 1813 960 1833 so-

172 1852 224 1879 lam
252 1853 344 1880 Carnis
370 1852 597 1887 puriﬁcationem,
620 1852 845 1886 quemadmodum
872 1852 960 1886 inquit

171 1897 268 1925 beatus
284 1896 383 1924 Paulus
394 1897 427 1930 “,
447 1898 494 1924 sed
512 1897 615 1932 Spiritu
634 1902 739 1928 sancto,
754 1902 778 1924 et
793 1897 854 1932 igne
869 1898 959 1924 divino

171 1951 203 1971 ac
217 1942 390 1976 intelligibili,
407 1942 454 1976 qui
471 1943 565 1970 sordes
580 1942 738 1969 vitiositatis
757 1942 782 1968 in
795 1942 873 1969 nobis
884 1943 959 1969 dete-

172 1989 207 2016 rit
221 1994 247 2016 et
265 1989 392 2020 absumit,
405 1992 432 2015 et
455 1987 560 2022 peccati
580 1987 794 2022 inquinationem
821 1987 907 2022 liquat
931 1992 958 2016 et

169 2035 305 2070 excoquit.
324 2034 400 2061 Hunc
417 2033 570 2061 servatoris
591 2034 736 2060 adventum
755 2033 831 2061 nobis
850 2039 877 2060 et
891 2033 960 2061 alter

171 2088 278 2116 quoque
293 2088 308 2108 e
322 2081 426 2108 sanctis
439 2081 577 2116 prophetis
590 2080 808 2115 praesignificavit
823 2081 957 2116 inquiens:

174 2136 183 2153 ι
196 2126 262 2160 Quia
274 2133 338 2154 ecce
353 2126 506 2162 egredietur
517 2125 594 2160 quasi
615 2125 685 2160 ignis
703 2126 829 2158 fornacis,
843 2133 869 2154 et
882 2126 958 2162 quasi

173 2173 254 2200 herba
274 2172 403 2204 lotorum,
418 2176 446 2199 et
469 2172 594 2207 purgabit
617 2171 759 2200 conflando
770 2173 848 2206 quasi
862 2181 959 2209 argen-

173 2224 228 2245 tum
243 2223 271 2245 et
287 2218 362 2253 quasi
378 2225 474 2245 aurum
488 2218 538 2245 “.t
554 2218 591 2245 De
606 2217 706 2246 Iudaeis
721 2219 793 2246 enim
808 2219 852 2254 qui
867 2219 958 2246 inobe-
973 2235 996 2263 Β

172 2264 282 2291 dientiae
309 2264 416 2292 crimini
444 2262 537 2290 affines
566 2268 774 2297 permanserunt
800 2273 807 2291 :
833 2263 960 2292 «Deiecit

173 2309 254 2342 follis,
268 2318 277 2335 ι
295 2309 392 2344 inquit,
405 2317 419 2336 ί
431 2309 466 2336 ab
486 2309 564 2344 igne;
587 2309 686 2336 defecit
703 2309 852 2343 plumbum,
869 2310 895 2337 in
914 2317 960 2337 va-

173 2363 236 2381 num
255 2355 332 2382 faber
345 2361 484 2389 argentum
499 2354 596 2382 confiat
613 2365 620 2383 :
639 2356 749 2383 malitia:
763 2363 857 2383 eorum
872 2356 957 2392 lique-

173 2401 251 2427 facue
271 2406 352 2434 sunt;
365 2407 506 2436 argentum
528 2402 702 2436 reprobatum
716 2406 811 2430 vocate
823 2410 880 2436 eos,
896 2403 958 2437 quia

173 2448 327 2482 reprobavit
351 2455 399 2474 eos
426 2447 557 2475 Dominus
570 2448 603 2475 ⁸³.
617 2458 626 2474 ι
652 2448 680 2475 ln
703 2449 781 2476 nobis
800 2454 889 2476 autem
913 2450 958 2483 qui

173 2492 349 2525 credidimus,
363 2500 414 2520 non
436 2494 462 2520 in
479 2494 584 2520 irritum
599 2494 731 2522 laboravit
743 2495 817 2523 faber
832 2500 959 2529 argenta-

175 2540 240 2569 rius,
255 2545 343 2572 neque
365 2539 463 2566 defecit
488 2539 559 2567 follis
581 2541 614 2568 ab
642 2541 713 2576 igne,
730 2549 779 2568 nec
802 2541 958 2576 plumbum;

173 2583 276 2617 purgati
296 2584 368 2610 enim
388 2592 482 2613 sumus
502 2586 528 2612 in
545 2586 642 2621 spiritu
668 2586 760 2621 iudicii
780 2591 808 2614 et
821 2587 847 2613 in
865 2587 960 2622 spiritu

173 2628 289 2655 ardoris.
301 2629 376 2662 Quod
388 2630 410 2657 si
422 2631 481 2665 quis
495 2631 559 2658 velit
569 2632 658 2659 dicere
667 2633 851 2667 purgationem
867 2633 892 2659 in
903 2633 960 2667 spi-

175 2674 225 2700 ritu
236 2673 329 2708 judicii
346 2680 373 2702 et
381 2675 477 2710 spiritu
490 2677 683 2705 combustionis
696 2677 722 2705 in
736 2677 847 2706 Judaico
861 2679 961 2714 populo

174 2719 272 2747 factam
286 2728 347 2748 esse
361 2729 408 2756 per
424 2722 593 2751 calamitates
615 2723 736 2758 bellicas,
749 2730 776 2752 et
789 2731 837 2759 per
849 2732 880 2752 ea
899 2732 959 2760 quae

175 2765 246 2800 passi
265 2771 328 2793 sunt
351 2767 477 2802 (purgant
496 2768 568 2796 enim
592 2772 619 2795 et
632 2770 778 2798 emundant
793 2770 956 2806 punitiones,

1008 1628 1022 1654 ὸ
1038 1627 1150 1662 Σωτήρ·
1176 1636 1185 1652 ι
1202 1626 1259 1653 Νῦν
1280 1625 1370 1661 κρίσις
1395 1626 1453 1653 ἐστὶ
1475 1625 1523 1653 τοῦ
1547 1625 1645 1657 αἰῶνος
1661 1624 1768 1651 τούτου.
1786 1633 1799 1649 ο

1015 1672 1138 1699 Ἐδίκασε
1157 1672 1211 1706 γὰρ
1224 1671 1264 1707 τῷ
1278 1671 1356 1698 αἰῶνι
1369 1671 1458 1706 τούτῳ
1481 1671 1529 1698 καὶ
1551 1670 1590 1706 τῷ
1608 1670 1732 1705 Σατανᾷ·
1752 1668 1802 1695 καὶ

1007 1717 1053 1743 τὸν
1079 1717 1128 1752 μὲν
1152 1716 1318 1751 ὲκϐέὸληκεν
1341 1715 1380 1747 ὡς
1401 1715 1564 1751 ἠδικηκότα*
1589 1713 1748 1740 δεδικαίωκε
1771 1712 1803 1739 δὲ

1008 1764 1070 1794 τοὺς
1085 1764 1113 1789 ὲν
1125 1762 1164 1797 τῷ
1179 1762 1274 1797 κόσμῳ
1289 1761 1334 1789 διὰ
1356 1761 1406 1797 τῆς
1422 1761 1539 1792 πίστεως
1555 1760 1592 1792 ὡς
1605 1758 1801 1795 ἠδικημένους.

1010 1809 1140 1840 Καύςεως
1154 1809 1182 1835 δὲ
1198 1808 1307 1843 ττνεῦμά
1323 1816 1414 1842 φαμεν
1426 1807 1475 1842 τὴν
1493 1806 1540 1833 ἐπὶ
1560 1805 1598 1840 τῷ
1614 1805 1684 1840 ἁγίῳ
1699 1804 1802 1839 βαπτί-

1010 1862 1092 1889 σματι
1107 1853 1196 1889 χάριν,
1213 1853 1244 1880 οὐ
1258 1853 1319 1888 δίχα
1334 1853 1490 1888 Πνεύματος
1509 1853 1537 1878 ἐν
1554 1851 1620 1886 ἡμῐν
1639 1850 1802 1885 γινομένην.

1010 1898 1220 1934 Βεϐαπτίτμεθα
1246 1898 1295 1933 μὲν
1322 1898 1379 1933 γὰρ
1404 1898 1455 1924 οὐκ
1480 1897 1509 1923 ὲν
1527 1896 1603 1922 ὕδατι
1620 1894 1727 1930 γυμνῷ,
1741 1895 1802 1921 ἀλλ’

1009 1944 1070 1970 οὐδὲ
1086 1943 1176 1979 σποδῴ
1193 1943 1344 1979 δαμάλεως,
1361 1941 1559 1979 ἐρραντίσμεοα
1577 1941 1606 1968 δὲ
1623 1940 1690 1976 πρὸς
1714 1940 1800 1975 μόνην

1008 1989 1057 2025 τὴν
1071 1990 1118 2025 τῆς
1133 1989 1234 2024 σαρκὸς
1251 1989 1434 2025 καθαρότητα,
1450 1988 1522 2015 καθά
1535 1996 1616 2023 φησιν
1632 1988 1645 2013 ὁ
1661 1987 1801 2022 μακάριος

1009 2035 1125 2068 Παῦλος,
1141 2035 1198 2062 ἀλλ’
1213 2036 1240 2062 ὲν
1255 2035 1395 2069 Πνεὺματι
1419 2034 1497 2069 ἁγίῳ,
1513 2035 1560 2061 καὶ
1584 2034 1650 2069 πυρὶ
1671 2032 1711 2068 τῷ
1733 2032 1800 2067 θείῳ

1010 2083 1056 2108 καὶ
1069 2081 1165 2116 νοητῷ,
1181 2081 1245 2113 τοὺς
1267 2081 1318 2117 τῆς
1339 2081 1367 2107 ἐν
1385 2082 1452 2116 ἡμῖν
1466 2081 1631 2115 φαυλότητος
1643 2078 1800 2106 δαπανῶντι

1010 2127 1120 2162 ῥύπους,
1130 2128 1177 2154 καὶ
1187 2127 1231 2154 τὸν
1244 2128 1275 2154 ἐκ
1283 2127 1332 2163 τῆς
1344 2128 1480 2163 ἁμαρτίας
1491 2127 1634 2162 ἐκτήκοντι
1650 2124 1797 2162 μολυσμόν.

1009 2174 1143 2210 Τοιαύτην
1166 2175 1232 2210 ἡμῖν
1255 2174 1303 2201 τοῦ
1329 2175 1452 2210 Σωτῆρος
1465 2175 1515 2210 τὴν
1530 2174 1621 2208 ἄφιξιν
1639 2173 1686 2200 καὶ
1706 2173 1799 2210 ἕτερος

1009 2221 1063 2248 τῶν
1097 2220 1182 2254 ἁγίων
1218 2221 1366 2256 προφητῶν
1401 2220 1667 2256 προκαταμεμήνυκε
1691 2219 1796 2254 λέγων·

1012 2267 1088 2294 ("Ott
1113 2266 1167 2294 ἰδοὺ
1180 2266 1261 2298 αὐτὸς
1277 2266 1465 2302 εἰσπορεύεται
1479 2266 1516 2298 ὡς
1533 2265 1588 2302 πῦρ
1601 2266 1795 2302 χωνευτηρίου.

1008 2314 1054 2340 καὶ
1068 2312 1105 2344 ὡς
1122 2312 1175 2339 πόα
1189 2311 1354 2344 πλυνόντων,
1372 2312 1420 2339 καὶ
1433 2311 1565 2338 καθιεῖτιιι
1578 2310 1703 2346 χωνεὺων
1714 2311 1752 2343 ὼς
1769 2311 1798 2338 τὺ

1007 2357 1137 2393 ἀργύριον
1150 2358 1197 2384 καὶ
1209 2357 1247 2389 ὡς
1258 2357 1288 2384 τὺ
1300 2357 1420 2393 χρυσίον.
1435 2367 1451 2383 ι-
1459 2358 1525 2393 Περὶ
1539 2358 1587 2392 μὲν
1602 2357 1656 2392 γὰρ
1667 2357 1723 2383 τῶν
1737 2358 1798 2384 Ίου-

1007 2403 1100 2434 δαίων,
1112 2402 1137 2430 οἳ
1162 2403 1209 2430 καὶ
1231 2405 1287 2435 τοῖς
1308 2404 1358 2439 τῆς
1370 2403 1511 2434 ἀπειθείας
1527 2403 1696 2438 ἐγκλήμασιν
1711 2403 1797 2439 ἔνοχοι

1014 2450 1208 2485 μεμενήκασιν·
1221 2459 1230 2475 ‹
1242 2449 1390 2483 Ἐξέλιπε,ι
1404 2449 1494 2485 φησὶ,ι
1509 2449 1693 2484 φυσητὴράπὸ
1702 2450 1797 2485 πυρὸς,

1012 2494 1118 2527 ἐξέλιπε
1128 2495 1260 2530 μόλιϐδος,
1270 2496 1309 2528 είς
1320 2496 1396 2523 κενὸν
1405 2496 1591 2532 ἀργυροκόπος
1603 2496 1795 2532 ἀργυροκοπεῖ.

1011 2542 1141 2578 Πονηρίαι
1156 2542 1245 2569 αὐτῶν
1263 2542 1313 2569 οὐκ
1327 2542 1462 2577 ὲτάκησαν
1472 2550 1479 2557 °
1497 2542 1629 2577 ἀργύριον
1641 2542 1799 2570 ἀποδεδοκι-

1013 2589 1151 2624 μασμένον
1164 2588 1296 2615 καλέσατε
1311 2589 1419 2621 αὐτοὺς,
1431 2589 1471 2615 ὅτι
1488 2588 1688 2623 ἀπεδοκίμασεν
1699 2589 1796 2620 αὐτοὺς

1012 2633 1123 2669 Κύριος.
1139 2643 1148 2659 t
1169 2633 1226 2668 Ἐφ’
1241 2635 1306 2669 ἡμῖν
1329 2634 1358 2661 δὲ
1381 2636 1437 2667 τοῖς
1459 2634 1679 2667 πεπιστευκόσιν,
1692 2634 1742 2660 οὐκ
1758 2635 1796 2665 είς

1012 2680 1090 2706 κενὸν
1116 2681 1281 2707 κεκοπίακεν
1305 2681 1508 2716 ἀργυροκόπος,
1526 2681 1588 2708 οὒτε
1615 2681 1668 2718 μὴν
1691 2681 1794 2713 ἐξέλιπε

1013 2727 1138 2762 φυσητὴρ
1152 2726 1205 2753 ἀπὸ
1218 2727 1303 2764 πυρὸς
1317 2728 1332 2763 ἢ
1348 2728 1482 2763 μόλιϐδος,
1498 2727 1692 2764 κεκαθάρμεθα
1704 2728 1759 2763 γὰρ
1768 2727 1794 2753 ὲν

1011 2772 1146 2807 πνεύματι
1162 2773 1277 2809 κρίσεως
1290 2773 1337 2801 καὶ
1350 2775 1378 2801 ὲν
1391 2774 1525 2811 πνεύματι
1535 2776 1668 2806 καύσεως.
1682 2775 1713 2801 Ei
1726 2773 1755 2800 δὲ
1764 2773 1794 2808 δὴ

209 2845 231 2860 ⁵⁸
246 2845 306 2872 Act.
325 2853 364 2878 nt,
380 2846 422 2875 ll.
443 2847 466 2863 "
483 2847 560 2880 ibld.,
575 2849 606 2875 l'7
621 2856 696 2884 seqq.
716 2848 822 2876 “Joan.
834 2851 934 2882 xu,5l.
956 2851 976 2866 “
990 2850 1070 2879 llcbr.
1083 2860 1120 2885 ix,
1137 2852 1176 2884 I3,
1193 2852 1236 2880 ll.
1258 2853 1279 2868 "
1294 2852 1406 2881 Malach.
1418 2854 1493 2888 “1,2,
1505 2854 1532 2883 3.
1554 2855 1684 2883 "Jerem.
1700 2852 1789 2888 ",29.
