1890 3053
189 130 241 165 1ξὸ

697 127 726 155 S.
747 125 883 155 CYRILLI
904 124 1141 155 Αιεχωκοιιικι
1160 126 1296 154 ΛΟΗΙΕΡ.

1765 121 1818 149 135

191 189 229 216 tio
241 188 363 223 quaedam
376 192 417 215 est
426 195 472 215 seu
482 188 604 220 limes,et
614 185 787 214 dicendorum
796 184 973 220 praescriptio.

1043 185 1126 212 όντων
1143 187 1157 212 ὁ
1174 185 1279 222 πρῶτος
1294 186 1326 213 ἂν
1340 186 1383 222 εἴη
1399 185 1445 213 τοῦ
1461 184 1640 220 προκειμένου
1661 182 1762 217 στίχος.
1783 179 1817 206 τί

189 234 259 268 Quid
282 235 354 262 enim
373 238 483 261 acturus
496 233 531 260 sit
546 233 690 268 propheta,
708 231 847 259 subinnuit
860 231 972 259 dicens:

190 280 310 308 Cantabo
332 280 430 308 dilecto
454 287 532 306 meo:
563 279 588 306 id
610 282 672 311 est,
692 278 811 306 Christo.
840 277 885 306 Sic
902 277 973 305 enim

192 326 269 353 nobis
295 333 355 353 eum
375 329 402 352 et
416 325 485 352 Deus
499 329 525 351 et
544 323 624 351 Pater
639 324 797 356 nominavit,
813 331 875 351 cum
889 323 972 350 dicit:

194 381 202 397 ε
215 372 265 409 llic
276 376 317 399 est
330 370 414 398 Filius
424 378 498 397 meus
512 370 636 401 dilectus,
652 370 679 396 in
691 377 744 404 quo
757 368 898 403 cunquievi
915 368 948 394 ".
961 377 970 394 ›

191 416 314 450 Nunquid
323 423 398 450 ergo,
408 423 424 442 o
431 416 570 451 propheta,
579 416 634 451 ’18
643 420 715 442 tuam
725 422 815 442 vocem
824 412 974 441 audiemus?

191 468 217 490 et
225 470 254 489 ex
265 461 317 489 tuis
327 462 390 489 solis
402 461 608 496 cogitationibus
616 460 695 488 verba
705 459 832 487 etlluunt?
840 459 874 486 At
883 464 972 493 specta

190 514 317 542 quorsum
327 507 384 534 odze
392 514 498 541 scopus,
513 510 540 533 et
553 505 617 541 quid
627 505 778 540 eloquatur.
793 504 859 538 Etsi,
875 503 972 539 inquit,

190 559 238 588 per
259 560 301 580 me
319 552 451 580 habeatur
470 559 559 580 sermo
576 552 629 584 hic,
647 559 699 579 non
713 556 754 579 est
771 557 856 584 meus,
869 550 914 578 sed
932 554 973 577 est

190 599 290 626 dilecti.
304 598 452 626 Confectus
470 602 511 625 est
525 603 615 624 autent
628 598 660 634 de
675 596 772 624 dilecto
787 597 872 623 vinea:
886 603 950 622 mea:
964 604 970 622 :

191 652 251 677 seu,
270 650 299 672 ut
323 644 368 672 alii
392 645 556 679 interpretes
577 643 679 676 dicunt,
696 643 728 670 de
743 643 818 669 vinea
839 642 907 677 cjus.
925 641 971 668 Sin

191 694 279 717 autem
305 689 338 716 de
367 689 444 716 vinea
473 696 532 715 mea
552 688 669 720 dixerit,
689 695 740 713 non
760 687 816 713 haec
843 686 970 720 loquitur,

190 737 262 770 quod
288 735 372 771 ipsius
386 739 458 762 esset
473 735 560 767 vinea,
577 733 622 760 sed
637 733 706 768 quod
721 733 777 767 ipse
792 740 861 759 unus
878 733 912 760 sit
927 739 972 759 eo—

191 788 250 807 rum
276 781 321 814 qui
343 780 367 806 in
383 781 459 806 vinea
477 784 659 806 recensentur.
673 778 857 805 lnvenerimus
871 778 971 805 etenim

191 826 336 859 prophetas
351 825 432 852 etiam
449 826 482 851 de
507 823 605 857 populo
627 823 672 850 Dei
691 823 820 856 ejusmodi
838 824 970 850 interdum

1027 231 1080 265 γὰρ
1100 231 1224 266 βούλεται
1237 231 1302 266 δρᾷν
1319 232 1332 258 6
1348 231 1489 266 προφήτης
1501 228 1693 264 ὑποσημαίνει,
1712 226 1815 260 λέγων·

1029 276 1104 312 ’ᾼσω
1119 276 1151 311 δὴ
1165 276 1203 311 τῷ
1216 276 1384 312 ἠγαπημένῳ
1396 284 1405 292 ·
1425 275 1496 302 τοῦτ’
1517 275 1573 301 ἐστι
1591 272 1712 309 Χριστῷ.
1735 271 1817 298 Οὕτω

1026 322 1080 358 γὰρ
1099 322 1165 356 ἡμῖν
1187 321 1267 348 αὑτὸν
1281 322 1327 348 καὶ
1340 322 1355 348 6
1370 320 1436 352 Θεὸς
1453 319 1499 346 καὶ
1513 318 1608 354 Πατὴρ
1624 316 1750 352 ὠνόμαζε
1771 314 1816 342 λέ-

1026 374 1091 401 γων·
1106 376 1115 392 ι
1131 363 1213 397 Οὗτός
1224 366 1296 392 ἐστιν
1308 366 1322 392 6
1332 365 1394 397 Υἱός
1408 374 1458 401 μου
1469 365 1483 391 ό
1493 363 1646 399 ἀγαπητὸς,
1660 363 1689 388 ὲν
1699 358 1721 396 ᾧ
1734 361 1815 396 1,656-

1027 421 1107 448 κησα.
1125 422 1133 438 ι
1149 409 1211 447 Ἆρ’
1228 410 1283 444 οὖν,
1302 408 1325 438 ὧ
1341 411 1477 447 προφῆτα,
1492 410 1540 445 τῆς
1561 410 1610 444 σῆς
1630 406 1815 442 ὰκουσώμεθα

1027 457 1136 491 φωνῆς;
1154 458 1200 483 καὶ
1214 456 1251 488 ὡς
1266 457 1298 483 ὲκ
1317 456 1404 492 μόνων
1417 455 1470 482 τῶν
1489 454 1542 482 σῶν
1556 454 1663 481 ἐννοιῶν
1678 452 1815 480 ἀναδύου-

1027 510 1068 528 σιν
1078 502 1102 528 οἱ
1118 502 1208 536 λόγοις
1229 501 1322 536 βλέπει
1335 501 1363 528 δὲ
1379 502 1440 528 ὅποι
1457 500 1559 536 φράσον
1576 500 1625 535 τῆς
1635 500 1707 536 ᾠδῆς
1720 500 1735 526 6
1751 505 1815 524 σκο-

1026 548 1086 580 πός.
1108 547 1210 575 Οὐκοῦν
1229 548 1252 574 εί
1273 547 1320 574 καὶ
1333 547 1366 574 δι’
1380 547 1458 582 ἐμοῦ,
1473 547 1566 582 φησὶν,
1580 546 1636 573 ἀλλ’
1651 546 1701 572 οὐκ
1719 545 1786 580 ὲμός
1799 545 1813 571 6

1025 594 1112 628 λόγος,
1128 592 1183 620 ἀλλ’
1199 593 1255 620 ἔστι
1271 592 1316 619 τοῦ
1336 592 1488 628 ἀγαπητοῦ·
1501 592 1645 627 πεποίηται
1661 591 1690 618 δὲ
1710 590 1759 617 ἐπὶ
1776 590 1812 625 τῷ

1025 639 1158 674 ἀγαπητῷ
1169 638 1308 674 ἀμπελῶνί
1323 647 1384 673 μου·
1396 638 1424 673 ἢ,
1436 638 1508 665 καοὰ
1522 645 1602 673 φασιν
1616 637 1641 663 οἱ
1655 637 1745 671 ἕτεροι
1760 635 1811 662 τῶν

1026 683 1210 720 ἑρμηνευτῶν,
1226 683 1264 718 τῷ
1281 682 1421 718 ἀμπελῶνι
1433 683 1524 709 αὐτοῦ.
1539 682 1569 709 El
1584 682 1612 708 δὲ
1626 682 1657 717 δὴ
1672 682 1720 708 καὶ
1738 681 1811 715 λέγοι

1026 731 1072 757 ἐπὶ
1084 731 1122 765 τῷ
1134 729 1274 765 ἀμπελῶνί
1286 738 1346 765 μου,
1363 729 1412 764 οὐχ
1425 728 1461 760 ὡς
1473 728 1551 755 αὐτοῦ
1566 727 1646 763 τυχὸν
1661 727 1709 754 τοῦ
1721 727 1812 763 ἀμπε-

1025 775 1107 808 λῶνος
1131 776 1205 807 όντος
1228 775 1261 801 τὰ
1281 775 1369 802 τοιάδε
1390 774 1481 810 φησὶν,
1499 774 1555 801 ἀλλ’
1568 774 1606 806 ὡς
1620 774 1752 810 ὑπάρχων
1773 771 1812 805 εἷς

1024 821 1079 847 τῶν
1103 820 1248 847 τελούντων
1270 821 1310 852 είς
1329 821 1373 847 τὸν
1395 820 1553 855 ἀμπελῶνα..
1575 820 1735 855 Εύρήσομεν
1759 819 1812 854 γὰρ

190 870 302 896 vocibus
330 870 377 895 uti.
405 869 525 903 Exempli
553 876 644 901 causa,
667 869 796 903 propheta
822 868 970 896 Jeremias:

1041 867 1086 898 οὓς
1113 867 1265 901 προφήτας,
1293 867 1339 892 καὶ
1361 866 1407 892 ἐπὶ
1433 865 1479 892 τοῦ
1504 865 1568 892 λαοῦ
1592 865 1638 892 τοῦ
1659 865 1728 891 Θεοῦ
1754 865 1812 895 ταῖς

194 923 202 939 ι
222 913 288 946 Quis
304 913 378 940 dabit
394 913 457 940 mihi
475 913 500 940 in
522 913 669 941 solitudine
687 914 821 948 tugurium
837 914 972 948 ultimum,

191 960 347 985 ctdeseram
359 959 486 992 populum
501 967 602 991 meum,
617 963 643 986 et
655 960 791 987 discedam
802 961 897 987 abillis
909 960 950 988 ἐἳ
962 971 971 987 ι

191 1004 274 1037 Quasi
290 1004 360 1031 enim
374 1013 442 1031 unus
459 1005 493 1032 sit
508 1012 522 1032 e
540 1005 648 1039 populo.
668 1005 792 1040 populum
810 1013 886 1033 suum
898 1006 972 1039 dicit,

192 1051 323 1085 sanguine
341 1051 465 1077 nirnirmn
480 1056 506 1077 et
518 1058 615 1085 genere
631 1052 804 1086 propinquos.
817 1052 912 1080 Cantat
927 1053 976 1080 ita-

191 1103 244 1128 que
261 1095 390 1129 propheta
410 1095 509 1122 dilecto
523 1103 530 1128 ;
548 1095 649 1122 dictum
663 1100 752 1122 autem
769 1102 809 1123 est
821 1103 927 1124 carmen
942 1097 975 1125 de

191 1139 270 1166 vinea
290 1139 397 1170 dilecta,
422 1139 447 1166 id
471 1144 523 1171 est,
539 1140 658 1167 lsraelis.
675 1140 810 1175 Scriptum
825 1142 895 1169 enim
910 1147 952 1170 est
966 1153 972 1171 :

194 1192 203 1208 ι
225 1183 308 1211 Vinea
338 1184 442 1211 Domini
466 1184 585 1212 Sabaoth
611 1186 691 1213 homo
704 1185 782 1219 Juda,
802 1187 918 1221 plantula
935 1189 974 1215 di~

190 1229 260 1256 lecta
284 1229 314 1257 "'.
339 1238 348 1255 ι
369 1230 436 1263 Quid
455 1236 544 1257 autem
573 1230 652 1264 hujus
676 1232 803 1259 carminis
823 1237 898 1259 tenor
914 1233 975 1260 velit

192 1276 347 1309 ostendere,
364 1284 395 1302 ex
413 1276 616 1312 insequentibus
627 1277 815 1312 intelligemus.

228 1363 308 1391 Vsus.
323 1365 350 1392 2.
373 1363 452 1392 Vinea
466 1366 538 1400 facta
555 1371 591 1392 est
608 1366 714 1400 dilecta,
733 1367 758 1392 in
771 1375 861 1400 cornu,
876 1367 903 1394 in
917 1367 974 1394 loco

191 1410 288 1444 opimo.
303 1410 333 1437 Et
345 1419 429 1443 sepem
443 1411 613 1443 circumdedi,
628 1416 651 1438 et
669 1411 805 1444 oliva/lavi,
821 1417 844 1439 el
859 1413 975 1446 plautaui

192 1457 266 1482 vitem
296 1455 385 1489 δονεῖ,
412 1461 436 1483 et
458 1457 585 1490 a-diﬁcari
607 1458 703 1483 turrim
720 1458 747 1484 in
771 1459 854 1484 medio
869 1459 935 1494 ejus,
951 1464 974 1485 et

193 1501 309 1529 torcular
321 1502 375 1536 {adi
389 1502 415 1528 in
430 1510 470 1535 ea,
493 1508 515 1530 et
533 1505 679 1537 exspectavi
693 1510 719 1530 ut
744 1504 823 1538 [erret
849 1513 920 1537 utras,
944 1513 974 1531 (ιε

194 1547 303 1580 protulit
318 1547 416 1579 spinas.

228 1635 327 1663 lsraele
351 1644 410 1663 cum
437 1637 513 1663 vinea
541 1638 650 1669 collato.
669 1639 789 1672 persistit
804 1639 829 1665 in
845 1646 875 1666 ea
894 1645 976 1667 meta-

192 1682 286 1715 phora‘
301 1688 348 1716 per
371 1686 454 1708 totam
469 1683 630 1710 orationem.
649 1692 657 1708 ε
679 1684 742 1710 Erat
761 1685 842 1718 igitur
857 1685 944 1718 vinea,
965 1695 974 1711 ι

194 1726 292 1760 inquit,
312 1735 321 1751 ι
353 1726 461 1759 dilecto,
477 1727 502 1753 in
518 1735 613 1760 conm,
633 1728 658 1754 in
675 1728 735 1755 loco
749 1729 848 1763 opimo.
868 1739 876 1754 ι
895 1730 978 1756 Aiunt

193 1771 329 1798 nonnullis
355 1772 533 1806 interpretum
562 1773 629 1800 satis
655 1774 754 1806 videri,
779 1775 800 1800 si
823 1775 931 1802 dicant:
949 1775 975 1802 ln

193 1817 252 1843 loco
268 1817 370 1851 opimo,
387 1819 461 1852 quasi
485 1826 569 1845 cornu
586 1819 663 1846 nobis
679 1820 748 1846 aliud
764 1820 888 1854 quiddam
907 1821 977 1847 desi-

193 1866 298 1896 gnaret.
320 1861 462 1890 Nonnullis
487 1868 576 1890 autem
603 1864 687 1898 placet
718 1865 744 1891 in
773 1873 857 1892 cornu
877 1866 978 1893 intelli-

192 1913 268 1940 gere,
286 1906 363 1941 quasi
389 1907 436 1934 Dei
460 1908 560 1934 virtute
579 1913 607 1935 et
631 1909 761 1942 potentia.
782 1909 849 1936 Nam
875 1911 978 1945 accepit

194 1951 276 1978 Israel
307 1949 406 1978 terram
431 1953 620 1986 promissionis
649 1954 857 1988 lnwreditariam,
887 1956 976 1984 divina

193 2003 245 2030 ope
261 1996 304 2024 his
318 1998 396 2024 victis
415 1999 460 2032 qui
474 1998 538 2025 olim
553 2005 612 2025 eam
635 1999 830 2027 inhabitarunt.
845 2001 976 2034 Quocirca

195 2042 342 2077 alloquitur
368 2044 454 2078 ipsum
484 2044 511 2071 in
529 2045 736 2079 quadragesimo
751 2046 831 2072 tertio
848 2047 952 2081 psalmo
969 2059 975 2076 :

197 2098 206 2114 ι
225 2089 252 2116 In
283 2094 308 2116 te
331 2090 455 2117 inimicos
472 2095 578 2118 nostros
593 2098 678 2118 cornu
697 2092 896 2126 ventilahimus,
910 2098 937 2121 et
949 2095 976 2121 in

197 2137 306 2163 nomine
324 2141 369 2163 tuo
382 2144 541 2171 spernemus
556 2137 727 2171 insurgentes
743 2143 836 2165 contra
854 2147 902 2167 nos
915 2140 946 2168 ⁸⁸.
965 2151 974 2167 ›

195 2181 316 2208 Sumitur
339 2189 419 2215 porro
436 2190 519 2209 cornu
545 2183 571 2209 in
588 2183 676 2209 divina
693 2184 829 2219 Scriptura
842 2193 889 2220 pro
901 2186 977 2213 furti-

195 2227 286 2254 tndine
300 2230 327 2254 et
352 2227 482 2261 potentia,
499 2233 527 2255 et
543 2228 627 2262 gloria
645 2230 727 2264 regis.
745 2229 821 2258 Licet
834 2232 916 2266 igitur
929 2240 977 2259 au-

195 2273 253 2299 dire
278 2272 384 2299 beatum
410 2273 514 2306 David,
539 2274 672 2301 interdum
699 2275 831 2303 dicentem
852 2278 931 2304 veluti
949 2278 975 2305 in

196 2325 310 2352 persona
325 2318 389 2352 justi
406 2319 524 2353 cujusvis
539 2329 546 2347 :
567 2329 575 2346 ι
594 2320 729 2348 Erehetnr
741 2322 826 2350 instar
838 2325 976 2352 unicornis

195 2371 279 2390 cornu
306 2372 393 2391 meum
419 2365 441 2380 “
457 2373 464 2395 :
481 2374 490 2390 ι
523 2366 656 2393 interdum
673 2368 754 2394 etiam
782 2369 815 2396 de
842 2369 973 2396 Christo:

198 2418 207 2434 ι
227 2409 316 2436 Cornu
332 2409 392 2443 ejus
408 2409 546 2437 attolletur
563 2411 684 2446 ingloria
702 2413 736 2440 '°.
756 2422 765 2439 ι
785 2413 976 2448 Splendidissi-

197 2459 269 2478 mum
285 2452 383 2486 quippe
397 2452 451 2487 79
467 2458 509 2480 est
522 2461 635 2489 regnum
651 2455 764 2486 Christi.
777 2457 899 2492 Opimam
913 2467 976 2488 vero

197 2504 256 2524 esse
268 2501 364 2523 terram
378 2498 572 2532 promissionis,
589 2505 733 2529 attestatur
741 2503 878 2538 Scriptura
888 2512 975 2532 sacra.

200 2541 303 2575 Ubique
333 2542 403 2568 enim
429 2551 487 2570 eam
515 2550 593 2572 vocat
608 2552 707 2574 terram
721 2548 846 2576 liuentem
864 2550 934 2578 lacte
950 2557 978 2578 et

197 2586 285 2613 melle.
303 2586 451 2615 Conﬁrmat
473 2590 569 2618 deinde
585 2592 635 2620 hoc
653 2594 758 2621 divinus
775 2595 887 2628 Psaltes,
905 2598 976 2632 psal-

197 2635 255 2659 lens
279 2637 305 2660 et
334 2633 445 2668 loquens
474 2636 506 2663 de
532 2637 650 2666 israele:
673 2648 682 2664 ι
703 2639 788 2668 Vitem
806 2650 838 2668 ex
860 2641 978 2678 Ᾱῖᾳγνιο

197 2679 367 2712 transtulisti,
391 2681 494 2716 ejecisti
522 2687 624 2718 gentes,
642 2690 668 2712 ct
689 2687 813 2720 plantasti
832 2696 890 2716 eam
905 2689 939 2716 “.
965 2699 973 2715 ι

232 2767 254 2803 ξ’
270 2767 363 2796 Matth.
380 2778 419 2803 Ill,
434 2772 476 2800 17.

197 2801 217 2818 Η
232 2774 419 2818 ζμψιξΙί-Βξξί.
430 2774 476 2818 '1‘7.
527 2774 549 2789 “
562 2774 660 2803 .Inrcm.
679 2783 716 2807 Ix.
728 2776 753 2802 Ξ.

234 2802 305 2832 Pin].
324 2812 415 2841 ωιτη,
430 2808 455 2834 9.

802 2778 822 2792 ³⁷
840 2778 890 2805 lsa.
905 2786 929 2812 ν,
946 2779 971 2806 7.

1024 912 1160 943 τοιαύταις
1174 912 1228 938 ἐσθ’
1244 913 1288 939 ὅτε
1305 912 1491 948 κεχρημένους
1508 913 1617 946 φωναῖς.
1634 908 1696 938 Οἶον
1710 912 1725 937 6
1747 919 1812 947 προ-

1026 958 1113 992 φήτης
1143 957 1287 992 Ἱερεμίας·
1313 958 1387 989 ιΤίς
1415 957 1495 984 δώσει
1522 966 1566 993 μοι
1590 958 1618 983 ὲν
1648 958 1679 992 τῇ
1716 958 1811 993 ἐρήμῳ

1026 1003 1142 1038 σταθμὸν
1174 1002 1295 1038 ἔσχατον,
1321 1003 1369 1030 καὶ
1398 1003 1554 1038 καταλείψω
1587 1003 1632 1030 τὸν
1654 1002 1719 1029 λαόν
1751 1011 1810 1038 μου,

1025 1049 1071 1076 καὶ
1085 1048 1268 1084 ἀπελεύσομαι
1283 1049 1328 1075 ἀπ’
1344 1049 1432 1076 αὐτῶν
1444 1057 1451 1082 ;
1465 1058 1474 1075 ι
1494 1048 1538 1080 Ὠς
1553 1049 1607 1084 γὰρ
1624 1045 1664 1080 εἷς
1681 1048 1812 1084 ὑπάρχων

1024 1095 1071 1121 τοῦ
1088 1094 1164 1125 λαοῦ,
1179 1094 1242 1120 λαὸν
1256 1094 1351 1120 ἑαυτοῦ
1373 1103 1438 1129 φησι
1464 1093 1526 1126 τοὺς
1545 1095 1606 1121 καθ’
1623 1092 1694 1128 αἷμὰ
1712 1102 1743 1120 τε
1768 1094 1812 1120 καὶ

1025 1141 1101 1176 γένος
1119 1140 1244 1172 οίκείους.
1264 1140 1338 1176 ᾌδει
1353 1140 1440 1167 τοίνυν
1460 1141 1474 1166 6
1495 1141 1634 1176 προφήτης
1648 1139 1688 1175 τῷ
1703 1140 1811 1174 ἠγαπη-

1026 1187 1109 1222 μένῳ,
1131 1186 1178 1212 xal.
1203 1186 1275 1212 εστιν
1289 1185 1371 1212 αὑτοῦ
1391 1186 1421 1212 τὸ
1441 1183 1517 1222 ᾆσμα
1539 1185 1682 1221 εἰρημένον
1708 1186 1755 1211 ἐπὶ
1775 1183 1812 1219 τῷ

1025 1232 1164 1267 ἀμπελῶνι
1177 1231 1215 1266 τῷ
1229 1231 1372 1267 ἀγαπητῷ,
1388 1231 1459 1258 τοῦτ’
1477 1231 1544 1264 ἐστι,
1562 1231 1607 1258 τοῦ
1624 1231 1745 1266 Ἰσραήλ.
1766 1231 1813 1256 Γὲ-

1025 1286 1144 1313 γραπται
1158 1278 1222 1313 γὰρ,
1237 1279 1277 1304 ὅτι
1291 1287 1299 1303 ι
1312 1277 1338 1304 Ἀ
1345 1277 1454 1312 μπελὼν
1469 1277 1571 1312 Κυρίου
1584 1276 1696 1304 Σαδαὼθ
1710 1275 1813 1311 ἀνορω-

1026 1332 1075 1354 πος
1087 1322 1132 1349 τοῦ
1148 1322 1241 1356 Ἰούδα,
1255 1322 1383 1356 νεόφυτον
1394 1322 1598 1357 ἠγαπημένον.»

1068 1369 1215 1404 Ἀμπελὼν
1233 1368 1359 1403 ἐγενήθη
1383 1367 1422 1400 τῷ
1443 1367 1632 1403 ἠγαπημένῳ,
1655 1367 1690 1393 ἐν
1704 1366 1811 1400 κέρατι,

1025 1417 1059 1442 ἐν
1089 1417 1168 1448 τόπῳ
1196 1416 1287 1442 πίονι.
1316 1414 1370 1441 Καὶ
1397 1413 1532 1448 φραῃιύν
1564 1413 1733 1446 περιέθηκα,
1765 1412 1816 1438 καὶ.

1025 1462 1090 1495 ἐχη]
1099 1461 1212 1494 dumdu,
1231 1460 1278 1487 καὶ
1299 1461 1452 1495 ἐφύτευσα
1475 1459 1610 1494 ἄμπελον
1628 1458 1744 1492 Σωρὴκ,
1766 1457 1812 1483 καί

1025 1507 1201 1541 ᾠκοδόμησα
1212 1507 1324 1541 πύργον
1334 1505 1368 1532 ἐν
1379 1505 1463 1540 μέσῳ
1475 1504 1577 1537 αὐτοῦ,
1589 1503 1637 1530 καὶ
1648 1502 1812 1537 προλήνιον

989 1541 1010 1570 c
1028 1552 1126 1586 ῶρυξα
1142 1552 1176 1578 ἐν
1188 1551 1276 1583 αὐτῷ,
1291 1551 1340 1578 καὶ
1363 1550 1465 1585 ἔμεινα
1484 1547 1536 1576 τοῦ
1555 1548 1679 1583 ποιῆσαι
1696 1555 1811 1582 σταφυ-

1026 1599 1044 1622 .1
1051 1596 1096 1629 ὴν,
1113 1596 1236 1629 ἐποίησε
1249 1595 1282 1622 δὲ
1298 1594 1440 1627 ἀκάνθας.

1068 1641 1221 1676 Ἀμπελῶνι
1246 1641 1415 1676 παρεικάσας
1433 1639 1478 1666 τὸν
1503 1638 1620 1674 Ἰσραὴλ,
1639 1637 1762 1673 ἐπιμένει
1781 1637 1812 1664 δι’

1027 1687 1086 1714 ὅλου
1101 1689 1134 1722 τῇ
1148 1686 1194 1713 τοῦ
1210 1686 1289 1720 λόγου
1309 1686 1458 1721 μεταφορᾷ·
1477 1695 1485 1710 ι
1502 1686 1598 1719 Γέγονε
1618 1684 1718 1716 τοίνυν,
1738 1694 1746 1710 ι
1763 1693 1814 1720 φη-

1029 1733 1080 1763 σὶν,
1097 1742 1105 1758 ι
1121 1731 1250 1767 ἁμπελὼν
1270 1731 1310 1767 τῷ
1325 1731 1508 1766 ἠγαπημένῳ,
1521 1731 1550 1757 ἐν
1571 1731 1677 1766 κέρατι,
1693 1731 1721 1757 ὲν
1740 1731 1813 1765 τόπῳ

1028 1779 1109 1806 πίονι.
1127 1788 1135 1803 ι
1148 1779 1214 1804 Φασὶ
1222 1778 1285 1809 τοὺς
1296 1777 1406 1815 ἑτέρους
1419 1778 1472 1804 τῶν
1488 1778 1660 1813 ὲρμηνευτῶν
1677 1777 1813 1813 ἀρκεσϐῆ-

1027 1833 1070 1851 ναι
1086 1825 1219 1860 τῷεῑπεῖν
1239 1824 1268 1850 ὲν
1286 1823 1360 1858 τόπῳ
1383 1823 1464 1856 πίονι,
1484 1823 1522 1855 ὼς
1545 1823 1590 1850 τοῦ
1612 1823 1725 1858 κέρατος
1748 1824 1812 1857 ἡμῖν

1027 1871 1101 1897 οὐδὲν
1122 1871 1224 1906 ἕτερον,
1249 1870 1265 1904 ἢ
1291 1869 1369 1896 τοῦτο
1393 1869 1458 1896 αύτδ
1483 1869 1667 1905 σημαίνοντος.
1695 1871 1775 1895 Δοκεῖ
1786 1869 1812 1895 δέ

1027 1924 1097 1942 τισιν
1114 1915 1142 1941 τὸ
1157 1915 1194 1947 ὡς
1204 1916 1233 1941 ὲν
1244 1915 1338 1951 κέρατι
1351 1916 1430 1947 νοεῖν,
1447 1915 1485 1946 ὡς
1498 1916 1527 1943 ὲν
1540 1915 1652 1949 δυνάμει
1665 1915 1743 1941 Θεοῦ.
1758 1915 1813 1941 Κε⁹

1027 1960 1214 1996 κληρονόμηκε
1224 1961 1278 1996 γὰρ
1289 1961 1303 1987 6
1318 1960 1425 1997 Ἰσραὴλ
1439 1960 1489 1995 τῆς
1505 1960 1669 1995 ἐπαγγελίας
1687 1960 1736 1996 τὴν
1751 1961 1812 1995 γῆν,

1027 2007 1089 2038 τοὺς
1104 2006 1187 2032 πάλαι
1205 2006 1400 2041 κατῳκηκότας
1416 2006 1445 2032 ἐν
1462 2006 1530 2041 αὐτῇ
1547 2006 1660 2040 νικήσας
1674 2005 1718 2031 διὰ
1734 2004 1811 2032 Θεοῦ.

1028 2052 1171 2088 Τοιγάρτοι
1185 2052 1250 2086 φησὶ
1267 2052 1335 2087 πρὸς
1352 2051 1443 2084 αὑτὸν,
1460 2052 1489 2078 ὲν
1504 2045 1714 2087 τεσσαρακοστῷ
1729 2051 1813 2086 τρίτῳ

1027 2097 1136 2133 ψαλμῷ·
1152 2107 1161 2124 ι
1182 2098 1230 2124 Ἕν
1246 2105 1287 2123 σοι
1303 2098 1365 2131 τοὺς
1389 2098 1499 2132 ἐχθροὺς
1522 2097 1599 2132 ήμῶν
1623 2096 1812 2132 κερατιοῦμςν,

1028 2144 1074 2170 καὶ
1088 2144 1118 2170 ὲν
1132 2143 1170 2178 τῷ
1184 2143 1295 2178 ὀνόματί
1308 2151 1354 2169 σου
1369 2143 1580 2178 ἑξουδενώσομεν
1597 2143 1658 2174 τοὺς
1668 2143 1813 2170 ἐπανισταο

1031 2189 1126 2224 μένους
1138 2190 1213 2223 ἡμῖν.
1232 2197 1241 2215 ι
1258 2188 1429 2223 Λαμὸάνεται
1442 2188 1511 2214 δὲτὸ
1526 2188 1608 2223 κέρας
1623 2188 1697 2223 παρὰ
1711 2190 1744 2223 τῇ
1755 2188 1814 2224 θεία

1031 2235 1138 2272 Γραφῇ.
1156 2236 1194 2266 εἰς
1211 2235 1286 2270 ίσχὺν
1302 2234 1348 2261 καὶ
1366 2235 1404 2266 είς
1419 2234 1541 2270 δύναμιν,
1555 2235 1600 2261 καὶ
1617 2235 1656 2266 είς
1670 2234 1749 2266 δόξαν
1768 2234 1814 2270 τὴν

1030 2281 1183 2317 βασιλικήν.
1201 2281 1278 2307 Ἐστι
1295 2279 1360 2314 γοῦν
1377 2280 1491 2306 ἀκοῦσαι
1514 2280 1560 2306 τοῦ
1581 2280 1714 2315 μακαρίου
1734 2280 1814 2307 Δαεὶδ

1030 2327 1094 2354 ποτὲ
1115 2327 1163 2362 μὲν
1178 2326 1311 2360 λέγοντος,
1324 2326 1362 2357 ὡς
1377 2327 1408 2352 ἐκ
1427 2325 1572 2361 προσώπου
1586 2326 1688 2352 δικαίου
1705 2327 1811 2358 παντός·

1033 2382 1041 2398 ι
1053 2371 1240 2407 ’Υψωθήσεται
1252 2372 1290 2402 ὡς
1305 2372 1488 2406 μονοκέρωτος
1498 2372 1527 2397 τὸ
1543 2372 1625 2406 κέρας
1640 2380 1702 2406 μου·
1723 2382 1732 2398 ι
1751 2372 1812 2399 ποτὲ

1028 2418 1055 2444 δὲ
1069 2418 1148 2444 πάλιν
1166 2418 1230 2452 περὶ
1244 2417 1372 2452 Χριστοῦ·
1396 2426 1404 2442 ι
1424 2417 1460 2443 Τὸ
1479 2417 1562 2450 κέρας
1579 2417 1659 2443 αὑτοῦ
1674 2418 1816 2453 ὑψωθήσε-

1028 2471 1074 2490 ται
1096 2463 1124 2489 ἐν
1146 2463 1219 2497 δόξῃ.
1242 2473 1250 2488 ι
1272 2463 1492 2498 Περιφανεστάτη
1510 2463 1563 2497 γὰρ
1577 2464 1594 2498 ἡ
1611 2462 1735 2498 βασιλεία
1754 2464 1818 2498 Χρι-

1029 2509 1173 2535 στοῦ.”οτι
1200 2509 1227 2534 δὲ
1253 2509 1320 2535 πίων
1339 2509 1387 2543 τῆς
1415 2508 1580 2542 ἐπαγγελίας
1602 2511 1618 2544 ἠ
1644 2510 1690 2543 γῆ,
1708 2518 1815 2544 μεμαρ-

1028 2555 1130 2590 τύρηκε
1144 2554 1173 2580 τδ
1189 2554 1307 2589 Γράμμα
1320 2554 1348 2580 τὸ
1361 2554 1442 2589 ἱερόν.
1458 2555 1585 2589 Πανταχῆ
1599 2554 1652 2591 γὰρ
1666 2555 1753 2590 αὐτὴν
1764 2556 1818 2581 ὀνο-

1031 2600 1110 2636 μάζει
1121 2600 1171 2635 γῆν
1182 2599 1294 2634 ῥέουσαν
1308 2600 1376 2633 γάλα
1390 2601 1435 2626 καὶ
1448 2600 1517 2634 μέλι.
1530 2600 1717 2635 Προσεμπεδοῖ
1730 2600 1759 2626 δὲ
1774 2600 1816 2626 τὲ-

1030 2645 1106 2679 λόγον
1119 2645 1165 2671 καὶ
1181 2645 1195 2670 ὁ
1206 2644 1347 2676 θεσπέσιος
1357 2645 1482 2680 Μελῳδὺς
1496 2645 1602 2680 ψάλλων
1619 2653 1647 2671 τε
1665 2646 1712 2672 καὶ
1729 2645 1815 2680 λέγων

1031 2691 1094 2725 περὶ
1108 2690 1153 2716 τοῦ
1168 2690 1283 2725 Ἰσραήλ·
1300 2699 1308 2716 ι
1323 2691 1463 2724 ’Ἄμπελον
1483 2691 1512 2724 ἐξ
1528 2691 1665 2726 Αἰγύπτου
1684 2692 1814 2727 μετῆρας,

1023 2780 1046 2795 ⁸⁸
1064 2780 1131 2807 Psal.
1152 2788 1228 2812 xttu,
1243 2780 1270 2808 6.

1320 2781 1342 2796 "
1354 2780 1424 2809 Psal.
1442 2789 1492 2813 κει,
1510 2782 1550 2809 ll.
1591 2783 1614 2798 ⁷⁵
1630 2780 1702 2809 Psal.
1716 2792 1774 2816 ευ,
1788 2785 1813 2811 9.
