1887 3054
184 161 235 189 459

183 219 250 246 Cum
276 218 348 247 enint
363 217 520 254 praeclaram
537 220 564 244 et
579 216 715 243 laudatam
733 216 858 251 legitima:
873 216 934 244 vit-.e
950 222 977 243 ct
993 220 1015 248 Α

184 265 347 294 Christiante
366 263 544 293 institutionis
568 263 638 290 viam
661 263 730 291 ittire
747 263 908 298 potuissent,
926 263 977 297 ipsi

184 313 321 348 obliquant
341 317 368 340 et
381 311 487 339 deviam
501 310 644 338 coluerunt
662 320 667 338 :
689 315 717 338 et
733 310 913 338 fructilicandi
931 318 978 337 ne-

183 359 284 394 glectu,
311 357 477 385 infructuosa
503 356 576 384 velut
593 361 665 383 terra
684 356 747 383 facti
768 361 841 389 sunt,
860 363 919 391 quzc
936 356 978 382 al—

185 405 237 432 trix
254 408 305 437 est,
331 408 359 431 et
384 404 477 430 nutrix
501 410 554 430 non
573 403 676 430 mitiutn
692 403 839 436 fructuum,
855 405 901 431 sed
918 411 978 438 qua:

182 450 298 485 agrestis
324 454 367 478 est
391 449 480 484 potius
497 451 605 484 spinosa
629 454 655 477 et
679 449 821 477 silvestris.
843 450 978 477 Prodeaut

183 497 275 532 igitur,
298 495 399 531 inquit,
414 496 459 531 qui
474 497 544 523 inter
559 504 605 523 vos
618 501 681 523 sunt
695 496 845 531 sapientes,
856 496 978 531 judicent

187 544 259 570 inter
271 550 315 570 me
328 543 416 570 vinem
430 541 569 570 dominum
582 547 608 570 et
625 543 696 577 ipsas
711 543 789 570 Vites.
809 542 879 576 Quid
893 542 976 578 igitur

182 588 246 616 boni
265 589 319 616 illis
340 587 425 616 defuit
438 592 466 615 ut
488 588 598 615 inutiles
618 587 731 616 tierent?
756 588 785 615 Si
802 588 872 616 enint
887 596 976 615 rerum

182 635 216 662 ad
231 642 309 662 nsunt
330 634 548 662 necessariarum
566 634 702 670 quippiam
722 642 735 661 a
750 641 793 662 tne
806 635 851 669 qui
869 634 976 669 planta-

181 689 286 714 veram,
305 681 375 709 forte
400 681 612 716 praetermissum
636 680 727 714 fuerit,
754 689 843 708 causa:
856 681 923 708 nihil
938 681 978 707 di-

183 737 255 761 ram,
284 735 334 756 nec
365 735 461 763 pinnas
486 727 602 763 exigam.
620 727 688 760 Quid
700 727 772 754 cnint
787 727 916 760 facerem,
934 727 977 754 in-

183 775 257 809 quit,
277 774 349 809 quod
372 781 425 802 non
445 774 470 801 ei
497 773 630 801 fecerim?
645 773 711 800 Cum
739 780 803 801 vero
822 772 902 801 rebus
916 780 976 800 eam

185 820 296 848 utilibus
310 820 417 855 plenam
430 819 583 854 nulliusque
601 819 770 854 reiindigam
786 819 908 852 fecerim,
921 819 977 854 spi-

183 875 232 895 nas
254 872 344 895 tamen
362 867 484 902 peperit,
507 866 571 894 licet
597 869 784 902 exspectarem
802 870 831 893 ut
844 873 904 893 eam
919 865 978 900 pul-

183 916 257 943 chris
281 914 413 942 fructibus
439 918 564 942 ornatam
594 914 734 942 viderem:
754 920 814 949 quae
836 913 944 941 tandem
960 919 975 939 a

183 962 275 997 judice
291 961 394 990 feretur
412 961 569 989 sententia?
584 960 655 989 Num
670 961 754 996 igitur
766 961 892 994 inertem,
909 967 974 987 num

184 1009 349 1036 desidiosum
366 1008 513 1044 agricolam
530 1007 620 1036 dicet?
631 1015 664 1035 an
683 1007 772 1043 potius
787 1007 849 1035 illos
862 1014 976 1034 accusa-

183 1057 223 1084 bit
233 1056 278 1091 qui
292 1060 366 1083 tanta
374 1054 557 1083 sollicitudine
568 1053 655 1082 curati
668 1061 683 1081 a
701 1060 756 1086 me,
769 1053 837 1080 adeo
851 1052 976 1080 fet-tilita-

185 1107 238 1128 tem
255 1109 332 1129 suam
345 1100 533 1136 neglexerunt,
551 1105 582 1127 ut
594 1099 702 1126 inanem
718 1097 813 1126 silvam
824 1104 856 1130 ac
868 1097 975 1125 turbam

184 1147 323 1182 spinarum
349 1154 398 1182 pro
425 1147 542 1174 racemis
557 1145 730 1182 pepererint?
745 1143 823 1178 Quod
836 1149 926 1172 autem
943 1144 976 1172 de

183 1194 260 1229 spina
278 1194 400 1222 sensibili
417 1200 570 1221 sermonem
592 1199 645 1221 nou
662 1191 771 1224 habeat,
788 1198 838 1219 nec
851 1191 883 1218 de
898 1198 975 1218 race-

185 1241 237 1267 mis
246 1244 291 1266 aut
301 1247 365 1273 uva,
382 1239 466 1267 cuivis
477 1239 649 1274 perspicuum
663 1242 714 1266 est.
728 1237 756 1266 Si
773 1245 836 1265 vero
848 1236 926 1264 vinea
941 1238 976 1263 sit

184 1286 235 1314 sub
262 1285 470 1322 intelligentiam
500 1285 612 1319 cadens,
644 1276 712 1312 tales
740 1283 853 1311 omnino
874 1286 976 1310 suntet

183 1332 298 1361 fructus.

993 901 1014 929 Β

218 1463 272 1499 81
289 1461 371 1490 Vens.
390 1462 416 1494 5,
438 1461 463 1489 6.
490 1459 568 1487 Nunc
599 1464 688 1487 autent
717 1458 881 1486 annuntiabo
904 1458 975 1486 vobis

183 1510 246 1545 quid
263 1509 361 1544 faciant
373 1509 455 1535 viuere
469 1515 532 1534 mete
546 1513 556 1533 .'
570 1505 689 1540 auferam
707 1513 792 1540 tepent
805 1504 872 1540 ejus,
886 1508 910 1531 et
924 1505 975 1531 erit

184 1556 335 1590 direptioni,
348 1560 372 1581 et
388 1554 493 1581 diruunt
516 1560 620 1580 murum
634 1551 702 1587 ejus,
725 1557 748 1579 et
765 1551 812 1578 erit
838 1550 976 1578 conculca-

184 1603 258 1630 tiom‘.
280 1602 313 1629 Et
328 1602 460 1629 dimittam
482 1601 583 1628 vineam
599 1608 694 1632 nteant,
718 1604 741 1625 et
759 1605 810 1625 non
829 1597 975 1633 putabitur,
991 1587 1012 1617 (ἶ

691 157 719 183 S.
740 154 878 183 CYRlLLl
899 155 1135 184 ALEXANDRINI
1158 156 1317 185 ,ΧῘἘΟΗΠΞΡ⁸

1354 131 1367 138 ις

1782 161 1830 188 ΗΟ

1029 216 1074 243 τὸν
1091 217 1171 252 νόμον
1187 217 1389 252 ἀναισχυντίαν.
1404 219 1492 244 Μετδν
1510 219 1563 255 γὰρ
1579 219 1670 252 αὐτοῖς
1690 218 1737 245 καὶ
1757 218 1829 254 μάλα

1030 263 1132 299 ῥᾳδίως
1145 264 1194 299 τὴν
1209 264 1307 291 εὐκλεᾶ
1320 265 1366 291 καὶ
1382 265 1525 301 εὐδόκιμον
1542 266 1590 302 τῆς
1604 267 1633 293 ὲν
1647 266 1725 302 νόμῳ
1742 264 1828 300 ζωῆς,

1028 310 1111 346 ἤγουν
1129 311 1179 346 τῆς
1189 312 1217 337 ὲν
1231 311 1341 347 Χριστῷ
1360 312 1508 345 πολιτείας,
1526 313 1606 347 ἱέναι,
1627 313 1733 350 τρίϐον,
1754 313 1830 340 αὑτοὶ

1028 358 1194 393 τετιμήκασι
1208 358 1256 394 τὴν
1267 359 1498 395 διεςτραμμένην.
1511 361 1567 387 Καὶ
1583 360 1635 396 μὴν
1649 360 1679 387 τὸ
1693 359 1830 387 δύνασθαι

1028 405 1215 440 καρποφορεῖν
1233 405 1346 439 ἀφέντες
1362 405 1399 438 ὠς
1414 405 1507 438 ἕωλον,
1528 407 1563 441 γῆ
1583 415 1622 438 τις
1636 406 1733 441 ὥσπερ
1750 405 1830 439 γεγο-

1029 445 1107 477 νασίν
1127 451 1157 477 οὐ
1180 451 1294 487 καρπῶν
1316 451 1426 487 ἡμέριον
1446 453 1553 488 τροφή*
1572 452 1656 488 ἀγρία
1676 452 1704 478 δὲ
1728 451 1830 486 μᾶλλον

1028 496 1075 522 καὶ
1099 496 1282 528 ἀκανθοτόκος
1307 497 1354 523 καὶ
1375 497 1523 533 ὑλομανὴς.
1541 497 1699 524 Ἠκέτωσαν
1727 496 1830 528 τοίνυν,

1029 542 1122 576 φησὶν,
1135 542 1160 568 οι
1177 542 1206 568 ἐν
1222 542 1285 578 ὑμῖν
1299 543 1384 578 σοφοὶ,
1398 543 1583 575 δικαζέτωσαν
1601 544 1629 570 ὲν
1641 543 1703 579 ἐμοὶ
1726 542 1767 577 τῷ
1785 542 1829 569 τοῦ

1028 588 1190 624 ἀμπελῶνος
1210 589 1339 626 δεσπότῃ,
1366 590 1413 617 καὶ
1431 590 1526 622 αὑταῖς
1545 590 1573 616 δὲ
1593 591 1653 621 ταῖς
1680 589 1830 625 ἀμπέλοις.

1029 635 1107 666 Τίνος
1125 635 1156 671 δὴ
1176 633 1223 662 οὖν
1242 635 1295 671 ἄρα
1315 635 1370 662 τῶν
1388 635 1498 670 ἀγαθῶν
1516 635 1708 663 ἑλλελοιττότων
1735 635 1831 665 αὑταῖς

1028 682 1131 717 ἀχρεῖοι
1145 683 1307 716 γεγόνασιν;
1325 683 1356 709 Ei
1373 682 1422 718 μὲν
1437 682 1491 718 γάρ
1502 691 1528 708 τι
1544 682 1598 708 τῶν
1613 682 1775 716 ἀναγκαίων
1792 681 1830 714 εἰς

1027 727 1120 763 δνησιν
1157 728 1303 764 παρῶπται
1337 729 1416 764 τυχὺν
1436 730 1498 764 ἐμοὶ
1518 729 1555 765 τῷ
1575 728 1773 763 πεφυτευκότι,
1793 727 1831 754 δι-

1029 773 1164 808 ελεγχέτω
1188 782 1230 805 τις
1253 774 1300 800 καὶ
1324 774 1511 809 πεπαύσομαι.
1541 774 1703 809 Ἀποστήσω
1727 773 1829 805 αἰτίας,

1026 811 1076 845 καὶ
1092 819 1142 845 οὐκ
1157 819 1261 854 αἰτήσω
1280 818 1368 851 δίκας.
1385 819 1417 846 Τί
1438 819 1492 855 γὰρ
1510 820 1625 855 ποιήσω,
1644 820 1740 855 φησὶν,
1759 819 1775 846 ὅ
1793 819 1830 854 μὴ

1029 865 1167 899 πεποίηκα
1183 865 1273 900 αὐτῷς
1296 865 1405 901 Ἐπειδὴ
1425 865 1453 892 δὲ
1470 865 1523 892 τῶν
1535 865 1676 901 χρησίμων
1694 865 1789 900 πλήρη
1801 873 1831 891 τε

1028 910 1156 946 ἀπέφηνα
1172 911 1218 936 καὶ
1231 909 1337 941 οὐδενος
1354 910 1459 943 ἐπιδεᾶ,
1474 908 1533 937 εἶτα
1547 911 1657 945 γέγονεν
1675 910 1831 937 summa

1029 965 1095 990 κος,
1125 957 1213 984 καίτοι
1239 956 1442 993 προσδοκῶντος
1469 956 1536 992 ἐμοῦ
1568 959 1685 990 καρποῖς
1716 956 1829 991 ὡραίοις

1029 1003 1157 1039 κομῶντα
1172 1003 1291 1038 βλέπειν.
1315 1002 1382 1029 [Ιοία
1394 1012 1436 1034 τις
1450 1001 1527 1030 ἔσται
1539 1002 1632 1029 λοιπὸν
1653 1003 1670 1038 ἡ
1690 1002 1768 1037 παρὰ
1782 1001 1829 1028 τοῦ

1028 1050 1185 1082 δικάζοντος
1204 1049 1310 1085 ψῆφοςς
1326 1047 1400 1085 Ἀρα
1422 1048 1477 1085 γὰρ
1498 1049 1623 1085 ἀτημελῆ
1643 1049 1691 1076 καὶ
1705 1049 1830 1084 ῥᾴθυμον

1029 1097 1157 1133 ὁνομάσει
1173 1096 1218 1123 τὸν
1231 1096 1361 1132 γηπόνον,
1377 1095 1393 1131 ἢ
1416 1095 1516 1131 μᾶλλον
1535 1095 1656 1127 ἐκείνους
1673 1095 1829 1122 αἰτιάσεται

1028 1143 1091 1174 τοὺς
1105 1144 1134 1169 ὲν
1149 1141 1256 1178 μεθέξει
1275 1141 1421 1176 γεγονότας
1441 1142 1490 1177 τῆς
1505 1143 1570 1178 παρ’
1586 1141 1653 1178 ἐμοῦ
1673 1140 1827 1176 φροντίδος,

1029 1189 1202 1225 ἠμεληκότας
1230 1188 1258 1215 δὲ
1287 1188 1358 1215 οὕτω
1389 1187 1440 1223 τῆς
1469 1188 1572 1216 ἑαυτῶν
1594 1188 1763 1224 εὐκαρπίας,
1792 1186 1830 1219 ὡς

1029 1235 1134 1261 εἰκαίαν
1163 1235 1230 1270 ὓλην
1263 1235 1310 1261 καὶ
1340 1235 1467 1263 ἀκανθῶν
1499 1234 1578 1271 ὕχλον
1609 1234 1670 1261 ἀντὶ
1705 1233 1829 1270 βοτρύων

1029 1283 1168 1316 ὲκτεκεῖν;
1189 1282 1251 1308 Ὀτι
1266 1283 1294 1308 δὲ
1312 1282 1342 1309 οὐ
1360 1282 1423 1318 περὶ
1438 1283 1488 1318 τῆς
1501 1282 1662 1318 αἰσθητικῆς
1676 1281 1802 1316 ἀκάνθης
1814 1282 1830 1308 ὁ

1029 1327 1107 1362 λόγος
1121 1328 1205 1363 αὐτῷ,
1223 1327 1284 1355 οὔτε
1297 1328 1351 1364 μὴν
1364 1328 1484 1364 βοτρύων
1499 1329 1514 1364 ἢ
1528 1328 1677 1364 σταςυλῆς,
1694 1327 1779 1354 παντί
1789 1335 1830 1362 τῳ

1029 1374 1125 1408 σαφές.
1146 1373 1232 1410 Εἴπερ
1252 1374 1311 1401 ἐστὶ
1332 1374 1425 1409 νοητὸς
1449 1374 1463 1400 ὸ
1486 1373 1628 1409 ἀμπελὼν,
1653 1372 1774 1399 τοιοῦτοι
1798 1372 1828 1398 δὲ

1029 1420 1137 1451 πάντως
1152 1420 1199 1447 καὶ
1210 1420 1235 1446 οἱ
1249 1421 1361 1455 καρποί.

1064 1465 1129 1493 Νῦν
1141 1465 1174 1492 δὲ
1185 1465 1344 1500 ἀπαγγελῶ
1357 1465 1428 1500 ὑμῖν
1443 1465 1472 1492 τί
1485 1465 1600 1498 ποιήσω
1619 1463 1659 1498 τῷ
1670 1462 1829 1499 ἀμπελῶνι

1026 1519 1097 1547 μου⁶
1121 1511 1222 1546 ἀμελῶ
1243 1512 1296 1538 τὸν
1317 1511 1453 1547 φραγμὸν
1478 1511 1583 1543 αὑτοῦ,
1610 1511 1658 1538 καὶ
1679 1510 1768 1538 ἔσται
1784 1512 1828 1544 εἰς

1029 1557 1208 1592 διαρπαγήν·
1237 1556 1286 1583 καὶ
1313 1556 1430 1584 καθελῶ
1452 1556 1506 1583 τὸν
1527 1556 1630 1592 τοῖχον
1651 1555 1757 1588 αὑτοῦ,
1778 1556 1827 1583 καὶ

1028 1603 1113 1631 ἔσται
1127 1604 1171 1636 εὶς
1187 1603 1393 1638 καταπὰτημα.
1406 1603 1461 1630 Καὶ
1477 1603 1581 1636 ἀνήσω
1594 1604 1648 1630 τὸν
1662 1602 1829 1638 dicamini

185 1657 265 1684 neque
281 1648 398 1683 fodietur
411 1655 420 1675 :
436 1652 460 1675 et
475 1647 615 1674 accendent
630 1646 659 1674 in
674 1653 730 1673 eam
744 1644 811 1672 velut
828 1645 855 1671 in
880 1649 976 1671 terram

1064 1659 1096 1682 ηυ,
1117 1650 1166 1678 καὶ
1186 1651 1222 1678 οὐ
1247 1650 1290 1685 μὴ
1306 1649 1414 1685 τμηθῇ,
1438 1649 1501 1677 οὐδ’
1522 1651 1558 1677 ob
1570 1649 1613 1685 μὴ
1638 1649 1758 1684 σκαφῖῗ
1778 1649 1827 1676 καί

185 1695 311 1722 incultam
341 1696 434 1730 spina}.
463 1693 494 1721 Et
520 1693 651 1721 mandabo
680 1692 804 1725 nubibus,
837 1699 867 1718 ne
885 1689 977 1725 pluant

185 1750 262 1776 super
274 1749 332 1769 eum
348 1741 467 1768 imbrem.

220 1827 279 1856 Non
295 1833 383 1862 caret,
407 1833 437 1856 ut
461 1827 526 1855 mihi
554 1828 669 1860 videtur,
698 1826 877 1854 admiratione
899 1826 977 1854 istius

185 1875 315 1902 orationis
333 1874 439 1903 forma:
453 1873 553 1901 etenim
568 1872 636 1908 ipsa,
656 1873 808 1900 tacentibus
828 1871 910 1899 etiant
935 1871 978 1898 his

184 1921 230 1957 qui
243 1920 276 1948 ad
291 1920 428 1953 ferendam
447 1920 611 1947 sententiam
629 1919 700 1945 inter
714 1918 802 1953 ipsum
826 1923 854 1945 et
871 1918 976 1945 vincam

186 1966 265 1994 asciti
286 1970 375 1999 erant,
398 1973 505 2001 poenam
526 1965 626 1993 decidit
654 1965 793 2000 deinceps,
825 1968 851 1992 et
878 1964 977 1998 quibus

186 2015 250 2041 item
267 2014 323 2042 hare
341 2018 472 2041 eventura
492 2017 566 2045 sunt,
588 2013 688 2040 diserte
711 2011 883 2046 przenuntiat.
909 2011 976 2037 Cum

185 2061 257 2089 enim
274 2059 340 2087 nihil
355 2059 378 2087 ei
398 2059 505 2086 deesset
520 2065 613 2085 eorum
634 2065 694 2093 qua:
711 2057 776 2092 ipsis
797 2057 873 2085 utilia
901 2061 976 2089 sunt,

185 2115 233 2135 sua
249 2111 345 2143 sponte
365 2105 466 2134 sterilis
485 2105 643 2140 permansit.
662 2103 812 2139 Oportebat
836 2104 919 2139 igitur
948 2108 978 2130 ut

185 2157 230 2192 qui
248 2157 280 2184 ad
299 2160 401 2183 tantam
419 2154 625 2190 perversitatem
648 2151 828 2182 devertissent,
853 2158 931 2177 manu
950 2153 978 2176 et

188 2211 254 2230 cura
283 2207 309 2230 et
335 2201 436 2229 auxilio
461 2199 567 2228 Domini
592 2199 618 2226 in
642 2202 778 2234 posterum
793 2197 976 2232 privarentur.

185 2249 279 2282 Proin,
294 2248 389 2282 inquit,
405 2245 527 2274 auferam
541 2252 632 2280 sepem
655 2245 738 2279 ipsius
749 2265 757 2277 ,
775 2248 802 2271 et
824 2243 876 2271 erit
905 2243 977 2270 dire-
992 2263 1014 2291 Β

185 2297 282 2331 ptioni,
294 2300 321 2322 et
335 2293 454 2321 auferam
473 2292 618 2320 tuaceriam
632 2291 703 2326 ejus,
720 2296 747 2318 et
759 2290 811 2318 erit
821 2290 847 2317 in
867 2289 976 2317 concul-

185 2343 331 2370 Calioncm.
344 2340 429 2368 Vinea
447 2339 579 2374 siquidem
601 2346 660 2373 qua:
683 2337 835 2373 sepimento
852 2341 879 2364 et
897 2343 975 2364 muro

186 2393 278 2420 caret,
300 2387 402 2422 patebit
424 2387 535 2414 omnino
559 2386 699 2421 quibusvis
722 2385 839 2420 diripere
861 2384 976 2412 volenti—

185 2435 248 2466 bus,
271 2441 319 2461 ceu
347 2433 501 2461 convivium
526 2432 651 2460 omnibus
681 2431 923 2467 expositissimum,
949 2434 975 2457 et

185 2472 323 2507 ccu‘trita
346 2479 440 2507 semita
467 2479 519 2507 iter
552 2478 722 2511 facientibus,
757 2477 864 2506 netuine
888 2477 976 2512 prolti~

185 2524 275 2551 ltente.
301 2523 368 2551 Nam
392 2523 502 2551 Christo
527 2532 577 2552 nos
602 2524 788 2557 Obtnunienle,
818 2528 844 2551 et
870 2523 978 2550 arcanis

185 2570 345 2605 quibusdam
366 2570 538 2598 adtuinicuiis
567 2578 615 2598 ceu
641 2571 758 2598 maceria
790 2574 894 2596 tantunt
924 2576 976 2596 non

185 2617 320 2651 cingente.
337 2617 407 2645 obvii
421 2621 448 2644 et
464 2617 579 2652 expositi
603 2625 654 2645 non
677 2617 789 2650 erimus,
820 2623 907 2650 neque
929 2615 977 2642 im-

186 2662 348 2689 tnundorttm
375 2662 517 2697 spirituum
554 2662 718 2696 incursioni,
751 2669 801 2690 nec
830 2661 975 2697 direptioni

185 2708 303 2736 ferarum
326 2709 471 2743 agrestium
497 2707 606 2743 objecti,
637 2715 686 2736 nec
718 2708 796 2735 ludus
821 2712 849 2735 et
873 2708 976 2735 delicia:

182 2753 319 2789 vulpibus,
338 2754 371 2782 de
384 2754 521 2790 quibusin
539 2754 651 2782 Cautico
664 2754 831 2782 canticorum
845 2754 974 2789 scﬁptum

183 2805 227 2829 est
251 2810 258 2828 ;
292 2809 300 2826 ι
333 2801 559 2836 Compreltenditc
585 2801 661 2829 nobis
691 2801 846 2836 vulpeculas
877 2809 976 2836 parvas

184 2849 353 2876 destruentes
371 2847 464 2875 vineas
490 2847 523 2875 ".
548 2857 558 2874 ι
590 2848 723 2876 Dicuntur
744 2849 826 2876 etiam
853 2850 973 2878 nonnulli

221 2905 244 2934 1³
252 2906 333 2937 Cant.
351 2915 381 2942 u,
398 2906 442 2939 15,

1027 1697 1232 1731 ἀναϐήσονται
1253 1698 1297 1730 εις
1313 1697 1418 1730 αὐτὸν,
1438 1697 1478 1730 ὡς
1493 1698 1536 1730 εις
1556 1696 1671 1732 χέρσον·
1685 1696 1825 1723 ἄκανθαι.

1028 1743 1082 1770 Καὶ
1097 1742 1162 1775 ταῖς
1176 1743 1316 1777 νεφέλαις
1332 1741 1519 1777 ἐντελοῦμαι,
1531 1742 1585 1769 τοῦ
1601 1741 1645 1777 μὴ
1655 1741 1768 1777 βρέξαι
1781 1741 1827 1768 ἐπ’

1027 1788 1122 1816 αὑτὸν
1134 1789 1233 1816 ὑετόν.

1064 1837 1121 1863 Οὐκ
1135 1835 1321 1871 ἀθαύμαστον,
1336 1834 1402 1869 ἄλογ’
1415 1835 1476 1870 ἐμοὶ
1492 1836 1628 1869 φαίνεται,
1643 1834 1689 1862 τοῦ
1701 1835 1783 1870 λόγου
1796 1834 1826 1862 τὺ

1030 1882 1131 1916 σχῆμα.
1147 1880 1237 1907 Μόνον
1246 1879 1300 1915 γὰρ
1315 1879 1376 1915 οὐχὶ
1389 1880 1437 1906 καὶ
1450 1881 1634 1916 σεσ.γηκότων
1648 1881 1704 1907 τῶν
1727 1880 1826 1915 κεκλη-

1030 1926 1117 1962 μένων
1129 1927 1170 1958 είς
1181 1926 1210 1953 τὺ
1223 1925 1344 1959 δικάσαί,
1361 1925 1434 1961 αὐτῷ
1449 1935 1476 1952 τε
1494 1926 1540 1952 καὶ
1554 1926 1592 1961 τῷ
1610 1927 1768 1962 ἀμπελῶνι,
1778 1927 1826 1961 τὴν

1027 1971 1106 2008 δίκην
1132 1972 1224 2004 αὐτοῖς
1249 1971 1337 2006 ὁρίζει
1361 1971 1464 1998 λοιπόν·
1480 1971 1528 1998 καὶ
1549 1972 1584 1998 τὰ
1607 1972 1637 1998 ὲν
1660 1971 1733 1998 τίσιν
1750 1971 1825 1998 ἔσται

1028 2018 1210 2054 προαγορεύει
1225 2018 1329 2053 σαφῶς.
1354 2017 1555 2049 Ἑλλελοιπότος
1569 2017 1622 2053 γὰρ
1636 2018 1705 2049 ὅλως
1719 2018 1824 2050 οὐδενὸς

1028 2063 1101 2098 αὐτῷ
1115 2062 1170 2089 τῶν
1184 2063 1224 2095 είς
1237 2063 1268 2090 τὸ
1279 2061 1307 2090 εὖ
1322 2059 1392 2089 εἶναι
1406 2062 1560 2098 χρησίμων,
1575 2063 1656 2095 αὐτὸς
1673 2062 1703 2096 ἐξ
1722 2063 1825 2094 οἰκείας

1028 2108 1227 2144 κατεκερσοῦτο
1251 2107 1373 2144 γνώμης.
1397 2108 1470 2135 Ἔδει
1492 2108 1525 2144 δὴ
1548 2106 1594 2135 οὗν
1620 2109 1675 2144 ἄρα
1698 2110 1764 2141 τοῦς
1786 2111 1824 2141 είς

1027 2154 1107 2181 τοῦτο
1139 2154 1306 2190 φαυλότητος
1322 2154 1504 2190 καθιγμένους
1522 2155 1575 2188 ἔξω
1597 2163 1627 2181 τε
1654 2156 1748 2191 χειρὸς
1779 2157 1825 2183 καὶ

1028 2201 1178 2238 φροντίδος,
1198 2201 1245 2227 καὶ
1265 2202 1319 2237 μὴν
1330 2202 1378 2228 καὶ
1389 2201 1549 2237 ἐπικουρίας
1563 2201 1610 2228 τοῦ
1623 2202 1763 2228 Δεσπότου
1780 2211 1823 2236 γε-

1029 2247 1121 2274 νέσθαι
1147 2247 1249 2275 λοιπόν.
1276 2246 1381 2274 Οὐκοῦν
1402 2247 1505 2282 ἀφελῶ,
1526 2248 1602 2284 φησὶ,
1627 2248 1673 2274 τὸν
1697 2250 1824 2285 φραγμὶν

1028 2293 1121 2324 αὐτοῦ,
1138 2293 1184 2320 καὶ
1199 2293 1275 2320 ἔσται
1291 2295 1330 2326 εἰς
1342 2294 1506 2330 διαρπαγὴν,
1525 2294 1571 2320 καὶ
1583 2293 1691 2320 καθελῶ
1710 2296 1757 2321 τὸν
1771 2297 1823 2321 τεῖ-

1028 2347 1073 2373 χον
1093 2337 1186 2371 αὑτοῦ,
1205 2339 1251 2365 καὶ
1274 2338 1349 2366 ἔσται
1368 2339 1409 2371 είς
1428 2339 1623 2374 καταπάτημα.
1643 2339 1778 2376 Φραγμοῦ
1798 2341 1824 2366 δὲ

1028 2384 1074 2410 καὶ
1104 2385 1208 2419 τείχους
1227 2384 1330 2420 ἕρημος
1351 2385 1491 2421 ἀμπελὼν,
1514 2385 1690 2421 προκείσεται
1717 2387 1824 2418 πάντως

1027 2433 1083 2462 τοῖς
1101 2431 1261 2466 διαρπάζειν
1278 2430 1414 2458 ἐθέλουσιν
1439 2431 1512 2468 θοίνη
1535 2440 1577 2464 τις
1596 2432 1762 2468 ἑτοιμοτάτη
1780 2434 1824 2459 καὶ

1028 2478 1085 2508 τοῖς
1109 2477 1256 2503 διοδεύουοι
1283 2477 1386 2511 τρίϐος,
1407 2477 1575 2514 ἐξείργοντος
1601 2478 1721 2510 οὐδενός.
1742 2479 1824 2514 1159:-

1029 2524 1194 2559 φράττοντος
1212 2524 1262 2559 μὲν
1278 2524 1332 2559 γὰρ
1351 2524 1424 2559 ἡμᾶς
1436 2523 1482 2550 τοῦ
1499 2524 1577 2555 Θεοῦ,
1595 2525 1642 2551 καὶ
1654 2525 1825 2561 ἀπορρήτοις

1028 2570 1097 2596 τισὶν
1117 2569 1288 2605 ἐπικουρίαις
1305 2570 1445 2605 μονονουχὶ
1460 2571 1508 2596 καὶ
1523 2570 1742 2606 ἀνατειχίζοντος
1753 2591 1760 2601 ,
1775 2571 1824 2597 οὐκ

1027 2616 1145 2651 ἐσόμεθα
1168 2616 1243 2651 βατοὶ
1259 2616 1306 2642 καὶ
1328 2616 1356 2642 ὲν
1372 2616 1448 2649 τάξει
1467 2616 1561 2652 τρίϐου
1580 2618 1637 2648 τοῖς
1656 2617 1823 2653 ἀκαθάρτοις

1032 2663 1192 2698 πνεύμασιν·
1215 2662 1276 2688 οὕτε
1301 2662 1353 2698 μὴν
1377 2662 1482 2699 ἕτοιμοι
1505 2663 1572 2698 πρὸς
1589 2662 1747 2699 διαρπαγὴν
1769 2664 1823 2695 τοῖς

1029 2709 1133 2745 θηρίοις
1148 2708 1194 2735 τοῦ
1209 2708 1306 2744 ἀγροῦ,
1323 2709 1370 2735 καὶ
1388 2709 1508 2742 ἀλώπεξι
1526 2710 1627 2745 τρυφή.
1641 2710 1712 2747 Περὶ
1726 2706 1763 2736 ὧν
1779 2709 1823 2743 γέ-

1027 2765 1147 2792 γραπται
1161 2754 1206 2782 καὶ
1217 2755 1245 2782 ἐν
1260 2754 1298 2790 τῷ
1313 2754 1432 2791 ’ᾼοματι
1447 2755 1500 2782 τῶν
1514 2755 1656 2791 ᾀσμάτων·
1675 2766 1684 2782 t
1700 2756 1821 2784 Πιάπατε

1027 2805 1092 2839 ἡμῖν
1120 2802 1264 2833 ἀλώπεκας
1293 2801 1408 2837 μικροὺς
1432 2801 1612 2838 ἀφανίζοντας
1635 2803 1785 2838 ἀμπέλους.
1808 2811 1818 2827 ι

1027 2851 1156 2886 Λέγονται
1177 2849 1205 2876 δὲ
1224 2849 1270 2876 καὶ
1290 2848 1397 2885 μερίδες
1420 2848 1571 2877 ἀλωπέκων
1592 2850 1725 2884 γενέσθαι
1738 2849 1818 2881 τινές.
