1887 3054
159 151 212 180 H5

654 146 683 174 β.
701 143 840 173 CYRILLI
860 143 1096 172 ALEXANDRINI
1116 142 1275 171 ARCHlEP.

1741 143 1796 171 ιιι

156 207 281 236 videlicet
298 204 480 242 epit-ltualem,
499 201 631 232 fruetuosl
654 201 752 229 redditi
780 209 884 229 sumus.
910 200 949 229 Ad

1029 210 1049 228 ιν
1065 201 1172 236 καρπὸν
1187 201 1316 237 καθαίρει
1328 200 1404 232 αὐτὸ,
1423 200 1466 228 ἵνα
1485 200 1590 236 καρπὸν
1609 199 1725 227 πλείονα
1747 203 1796 235 ςέ-

113 274 128 281 -
156 256 208 284 hoc
226 262 274 282 nos
288 254 430 282 confirmat
447 252 503 286 ipse
517 257 577 278 cum
599 249 636 276 ait
656 258 662 276 :
681 258 691 274 ι
716 248 823 276 Manete
843 249 869 276 in
892 255 946 281 me,

153 302 210 339 83
223 305 250 328 et
260 309 310 336 ego
320 301 346 328 in
358 299 443 327 vobis.
457 296 689 331 Quemadmodum
707 295 811 330 palmes
831 303 884 322 non
904 302 948 330 po-

156 354 209 377 test
230 349 346 375 fructum
362 345 434 373 ferre
449 351 463 372 ιι
485 343 584 378 seipse,
608 343 659 370 nisi
677 346 785 370 maneat
807 342 833 368 in
858 341 911 369 vite
939 350 945 369 :

154 395 194 423 sic
208 400 296 428 neque
312 399 370 424 vos.
387 390 438 418 nisi
453 389 588 418 maneatis
602 388 629 416 in
650 395 704 416 me.
725 387 781 423 Ego
793 394 851 415 sum
874 387 946 419 vitis,

155 448 202 468 vos
218 439 341 475 palmites
359 447 367 465 :
382 437 427 472 qui
445 443 537 464 manet
555 436 582 464 in
600 443 654 468 me,
670 439 696 463 et
711 442 763 469 ego
787 435 813 462 in
834 433 889 467 illo,
901 433 948 461 ille

155 485 206 513 fert
229 484 345 511 fructum
362 483 500 518 copiosum
518 491 525 510 ι
544 482 608 517 quia
626 481 685 508 sine
699 488 742 508 me
761 487 814 507 non
834 479 948 514 potestis

154 530 244 558 facere
270 529 416 564 quidquam
437 528 472 555 ".
493 536 503 553 ι
530 527 596 555 Dico
626 527 717 561 itaque
743 529 868 561 oportere
900 532 948 559 per

155 575 234 603 fidem
247 579 274 602 et
289 574 462 602 dilec1ionem
477 579 504 601 et
521 573 702 601 obedientiam
722 578 770 606 per
783 571 884 603 omnia,
900 571 947 599 vili

155 629 237 655 verte,
255 622 280 649 id
301 626 352 653 est,
376 620 496 653 Christo,
515 620 709 654 adhaerescere.
731 617 790 653 lpse
814 617 946 652 siquidem

155 669 251 697 reddet
263 676 313 697 nos
332 667 487 704 frugiferos,
513 667 571 702 ipse
593 664 770 693 circumdabit
796 671 899 699 sepem.
923 667 949 690 et

155 715 286 744 excitabit
302 722 419 747 murum,
437 718 464 741 et
477 712 581 741 arcebit
597 714 777 739 transeuntes.
801 709 834 736 Et
856 710 888 736 ad
911 709 948 743 ip-

156 770 214 789 sum
229 761 328 788 alicubi
341 760 405 788 dicit
419 766 525 786 sacrum
541 757 680 786 oraculum
697 765 704 784 :
724 766 733 782 ι
752 755 784 782 Ει
803 760 947 783 exstruen-

156 811 201 834 tur
224 805 383 834 solitudines
405 810 456 831 ture
479 807 627 839 perpetual,
645 807 673 829 et
690 805 895 829 monumentum
922 799 947 826 in

156 857 259 885 relatos,
276 857 303 879 et
323 850 465 878 vocaberis
483 849 633 876 aedificator
654 848 770 883 sepium,
788 851 815 875 et
837 847 948 874 semitas

156 897 332 925 intermedias
344 904 451 924 cessare
465 895 549 923 facies
563 895 597 922 ".
619 904 629 921 ι

1001 255 1044 283 ρῃ.
1068 256 1077 273 ι
1102 246 1211 282 Ἐπειδὴ
1224 246 1252 273 δὲ
1269 246 1342 281 αὐτῷ
1357 246 1590 281 προσπεφύκιμεν
1607 245 1640 272 δι’
1657 246 1795 282 clatet/nr;-

999 301 1055 325 τος,
1072 292 1151 328 δῆλον
1180 292 1221 319 ὅτι
1246 292 1296 327 τῆς
1323 292 1520 327 πνευματικῆς,
1553 291 1795 327 ἀποτετελέσμεθα

999 339 1179 375 καρποφόρον
1201 339 1248 366 καὶ
1264 339 1330 374 πρός
1344 347 1374 372 γε
1391 338 1470 365 τοῦτο
1482 339 1556 374 ἡμᾶς
1575 339 1691 374 ἐμπεδοῖ
1707 339 1796 373 λέγων

999 385 1089 417 αὐτός·
1109 395 1117 411 ι
1136 385 1253 412 Μείνατε
1269 385 1298 412 ὲν
1317 385 1391 420 ἐμοὶ,
1408 384 1486 419 κάγὼ
1507 386 1535 411 ὲν
1548 385 1624 420 ὑμῖν.
1643 384 1746 417 Καθὼς
1764 385 1797 411 τὸ

998 431 1092 467 κλῆμα
1107 432 1137 458 οὐ
1152 431 1264 458 δύναται
1277 431 1382 467 καρπὸν
1394 431 1487 467 φέρειν
1502 431 1549 465 ἀφ’
1564 431 1673 463 ἑαυτοῦ,
1689 431 1739 457 ἐὰν
1757 431 1796 466 μὴ

1000 477 1082 513 μείνῃ
1103 478 1132 504 ἐν
1147 479 1181 514 τῇ
1203 477 1334 513 ἀμπέλῳ·
1351 477 1437 508 οὕτως
1450 477 1511 503 οὐδὲ
1531 477 1620 512 ὑμεῖς,
1638 476 1688 504 ἐὰν
1709 476 1748 512 μὴ
1768 478 1798 503 ὲν

998 524 1061 559 ἐμοὶ
1079 524 1200 560 μείνητε.
1219 524 1288 558 Ἐγώ
1301 525 1358 559 εἰμι
1370 525 1386 559 ἡ
1401 524 1532 559 ἄμπελος,
1548 524 1627 558 ὑμεῖς
1640 523 1668 550 δὲ
1682 523 1718 550 τὰ
1729 523 1798 558 κλή-

1001 577 1084 606 ματα·
1106 571 1120 596 ὁ
1144 570 1231 604 μένων
1247 571 1276 596 ὲν
1293 569 1364 605 ἐμοὶ,
1377 569 1454 603 κάγὼ
1471 569 1501 595 ὲν
1519 568 1604 604 αὐτῷ,
1622 566 1700 600 οὗτος
1718 569 1798 603 φέρει

999 615 1105 652 καρπὸν
1130 616 1224 647 πολὺν,
1250 616 1291 642 ὅτι
1311 619 1395 652 χιιιρῖς
1420 615 1487 650 ἐμοῦ
1512 615 1542 641 οὐ
1566 615 1682 641 δύνασθε
1707 616 1799 640 ποιεῖν

998 662 1085 689 οὐδέν.
1106 672 1115 688 ι
1138 662 1244 698 Χρῆναι
1261 662 1290 688 δὲ
1310 660 1356 688 οὖν
1369 661 1456 696 ἔγωγέ
1475 671 1544 696 φημι
1560 660 1798 697 προσερηρεῖςθαι

999 708 1053 735 δεῖν
1066 708 1109 735 διὰ
1129 709 1247 740 πίστεως
1268 707 1315 735 καὶ
1330 708 1440 743 ἀγάπης
1462 708 1508 734 καὶ
1522 708 1570 742 τῆς
1585 708 1625 739 είς
1637 709 1692 734 πᾶν
1705 706 1798 734 ὁτιοῦν

1000 753 1154 785 εὐπειθείας
1173 755 1206 789 τῇ
1224 754 1338 789 ἀμπέλῳ
1352 754 1385 789 τῇ
1403 753 1528 789 ἀληθινῇ,
1548 753 1621 779 τοῦτ’
1638 753 1707 784 ἔστι,
1726 753 1794 788 Χρι-

1001 800 1065 835 στῷ.
1083 799 1168 832 Αὐτὸς
1187 800 1241 835 γὰρ
1259 801 1333 835 ἡμᾶς
1348 800 1482 834 ἀποφανεῖ
1498 799 1699 834 καρποφόρους,
1713 798 1798 830 αὐτὸς

1001 845 1144 880 περιθήσει
1162 845 1298 880 φραγμὸν,
1315 845 1361 871 καὶ
1384 845 1476 880 ἐγερεῖ
1491 845 1520 870 τὸ
1539 846 1636 880 τεῖχος,
1658 844 1706 871 καὶ
1726 845 1798 871 ἀπο-

965 886 985 913 Β
1001 892 1094 926 στήσει
1107 891 1284 922 διοδεύοντας.
1306 891 1361 918 Καὶ
1375 890 1443 926 πρὸς
1460 890 1540 917 αὐτόν
1557 889 1607 916 πού
1623 898 1690 924 φησι
1704 889 1799 923 λόγιον

157 943 238 980 Ιερόν*
263 953 271 969 ι
290 942 346 970 Καὶ
370 939 630 977 οἱκοδομηθήσονταί
650 947 695 966 σου
715 938 814 975 ἔρημοι
833 937 948 969 αἰώνιοι,
969 936 1017 962 καὶ
1049 935 1221 970 μνημόσυνον
1241 934 1341 969 γενεῶν
1376 935 1494 971 γενεαῖς,
1511 935 1557 960 καὶ
1576 934 1700 970 κληθήσῃ
1722 934 1799 961 οίκο-

157 991 238 1027 δόμος
251 989 397 1026 φραγμῶν,
412 989 460 1016 καὶ
471 988 521 1020 τὰς
538 987 648 1024 τρίϐους
658 986 708 1018 τὰς
718 986 770 1013 ἀνὰ
786 985 867 1022 μέσον
884 983 1007 1014 παύσεις
1030 992 1039 1008 ι

194 1038 279 1066 Vens.
307 1037 333 1064 7.
360 1035 442 1063 Vinea
468 1036 537 1063 enim
568 1034 674 1062 Domini
702 1033 828 1065 Sabaoth,
857 1033 950 1059 domus

159 1084 262 1117 Israel,
286 1088 310 1110 et
338 1083 414 1109 Immo
443 1081 531 1112 Juda,
559 1080 660 1108 novella
689 1079 819 1114 plantatio
843 1077 950 1105 dilecta.

159 1130 314 1165 Enpectari
336 1134 360 1155 nt
376 1127 471 1162 faceret
484 1127 627 1161 judicium,
642 1129 669 1151 at
693 1125 753 1159 fecit
774 1124 950 1159 iniquitatem,

159 1181 182 1204 τι
204 1185 255 1203 non
265 1175 408 1211 justitiam,
423 1173 468 1200 sed
484 1173 634 1199 clamorem.

192 1222 308 1257 Liquido
331 1221 357 1248 in
374 1221 416 1248 bis
433 1219 524 1246 verbis
547 1217 677 1249 ostendit,
699 1224 751 1243 non
772 1223 802 1244 se
820 1215 892 1250 loqui
918 1214 952 1242 de

159 1268 237 1294 vinea
261 1265 387 1294 sensibus
412 1263 536 1298 objecta,
571 1262 618 1290 sed
651 1261 788 1289 intellectu
814 1265 950 1295 percepta.

159 1311 333 1341 Snmitenim
352 1311 408 1337 fere
430 1316 538 1344 semper
560 1307 701 1342 Scriptura
721 1306 850 1334 divinitus
869 1305 953 1338 inspi-

159 1364 216 1385 ruta
236 1356 358 1390 exempla
375 1362 436 1390 quae
460 1358 591 1389 apparent
610 1357 638 1380 ct
660 1356 763 1387 patent,
786 1350 819 1378 ad
842 1349 953 1377 demon-

160 1404 320 1433 strationem
348 1409 440 1429 rerum
463 1399 665 1431 obscuriorum,
684 1403 711 1425 et
728 1398 778 1424 sub
802 1395 950 1430 intelligen-

160 1453 224 1479 tiam
251 1449 411 1477 viventium.
433 1447 481 1474 Est
508 1447 592 1477 enim,
620 1444 719 1479 inquit,
744 1442 822 1470 vinea
847 1440 953 1469 Domini

160 1497 290 1528 Sabaoth,
304 1501 329 1523 et
344 1502 452 1531 germen
463 1493 602 1524 dilectum,
616 1491 711 1518 domus
725 1488 816 1520 Israel,
831 1493 858 1515 et
873 1488 954 1514 homo

161 1545 239 1573 Juda.
258 1543 450 1571 Verumtamen
469 1547 530 1567 cum
551 1539 624 1565 illam
641 1536 714 1564 omni
732 1532 915 1562 misericordia
927 1536 955 1559 et

161 1590 306 1618 dilectione
318 1588 456 1623 dignarer,
472 1589 498 1614 et
514 1584 588 1612 omni
607 1590 671 1610 cura
685 1587 865 1617 prosequerer
878 1598 886 1610 ,
900 1585 955 1605 non

162 1637 213 1664 fuit
230 1641 400 1663 racemorum
419 1632 508 1664 ferax,
534 1637 586 1657 non
611 1628 676 1655 vitis
702 1633 844 1662 generosa,
869 1624 954 1658 legem

1045 1029 1076 1057 '0
1097 1029 1151 1065 γὰρ
1172 1028 1316 1064 ἀμπελὼν
1343 1029 1452 1063 Κυρίου
1479 1028 1615 1060 Σαϐαὼθ,
1640 1025 1727 1060 οἶκος
1743 1026 1799 1054 τοῦ

1007 1076 1131 1111 Ἰσραήλ
1145 1076 1221 1108 ἐστι,
1231 1075 1280 1102 καὶ
1291 1076 1445 1110 ἄνθρωπος
1458 1074 1511 1102 τοῦ
1527 1074 1633 1105 Ἰούδα.
1644 1075 1798 1108 νεόφυτον

1001 1121 1204 1156 ἠγαπημένον.
1216 1121 1338 1155 Ἓμεινα
1348 1120 1400 1148 τοῦ
1416 1120 1540 1154 ποιῆσαι
1551 1120 1660 1153 κρίσιν,
1667 1119 1739 1146 ἐποί
1742 1126 1799 1152 ησσ

1001 1167 1035 1193 δὲ
1044 1168 1171 1202 ἀνομίαν
1183 1167 1232 1194 καὶ
1246 1168 1282 1194 οὺ
1299 1166 1507 1200 δικαιοσύνην,
1520 1166 1600 1193 ἀλλὰ
1612 1164 1761 1200 κραυγήν.

1043 1212 1227 1247 Ἀποδέδειχεν
1242 1212 1365 1247 ἐναργῶς
1389 1212 1419 1238 ὲν
1445 1211 1559 1242 τούτοις,
1578 1210 1674 1246 ὅτιπερ
1688 1211 1702 1237 ὁ
1716 1210 1799 1244 λόγος

1002 1259 1077 1294 αὐτῷ
1094 1259 1207 1293 γέγονεν
1220 1259 1251 1285 οὺ
1271 1259 1334 1294 περὶ
1356 1258 1486 1294 αἰσθητοῦ
1502 1258 1602 1293 μᾶλλον
1616 1257 1797 1292 ἀμπελῶνος,

1002 1305 1070 1332 ἀλλὰ
1083 1305 1146 1340 περὶ
1158 1304 1264 1340 νοητοῦ.
1273 1304 1384 1339 Δέχεται
1398 1304 1452 1340 γὰρ
1463 1304 1505 1330 ἀεί
1518 1313 1575 1335 πως
1587 1304 1603 1339 ἡ
1616 1303 1798 1333 θεόπνευστος

1002 1351 1097 1386 Γραφὴ
1113 1350 1147 1377 τὰ
1162 1350 1272 1386 ἐμφανῆ
1293 1350 1347 1377 τῶν
1371 1349 1601 1385 παραδειγμάτων
1619 1350 1659 1381 εἰς
1684 1349 1799 1381 ἔνδειξιν

1002 1397 1055 1424 τῶν
1070 1397 1261 1432 ἀφανεστέρων
1283 1397 1329 1422 καὶ
1344 1395 1447 1431 νοητῶν
1468 1389 1648 1431 πραγμάτων.
1671 1395 1728 1422 Καὶ
1744 1396 1800 1430 γάρ

1004 1446 1075 1477 ἐστι,
1089 1443 1181 1479 φησὶν,
1198 1442 1353 1478 ὁάμπε).ὼν
1370 1442 1416 1468 τοῦ
1432 1442 1535 1478 Κυρίου
1553 1441 1677 1474 Σαϐαὼθ,
1700 1442 1749 1468 καὶ
1771 1443 1801 1467 τὸ

1004 1491 1131 1525 νεόφυτον
1154 1489 1344 1524 ἠγαπημένον,
1364 1489 1378 1515 ὁ
1409 1486 1482 1520 οἶκος
1508 1488 1555 1514 τοῦ
1577 1487 1694 1523 Ἰσραὴλ,
1719 1487 1766 1514 καὶ
1787 1488 1800 1512 ὁ

1004 1537 1146 1572 ἄνθρωπος
1168 1535 1214 1562 τοῦ
1241 1535 1336 1562 Ἰούδα.
1362 1534 1443 1560 ’Λλλὰ
1469 1534 1557 1560 καίτοι
1582 1534 1632 1568 τῆς
1656 1532 1722 1569 παρ’
1737 1534 1800 1568 ἐμοὶ

1005 1582 1112 1618 φειδοῦς
1125 1582 1172 1610 καὶ
1185 1582 1295 1617 ἀγάπης
1310 1581 1472 1616 ἠξιωμένος,
1499 1580 1546 1606 καὶ
1557 1579 1647 1614 πάσης
1657 1579 1800 1614 φροντίδος

1008 1627 1211 1659 ἀπολελαυκὼς,
1238 1627 1268 1653 οὺ
1295 1627 1406 1660 γέγονεν
1437 1625 1578 1661 εὔϐοτρυς,
1606 1624 1655 1651 οὑκ
1675 1624 1801 1659 ἄμπελος

163 1691 217 1711 non
239 1681 332 1713 coluit,
349 1687 403 1707 non
418 1677 529 1713 probam
552 1681 640 1709 neque
663 1676 783 1701 sanctam
809 1670 890 1697 vitam
909 1669 951 1696 de-

1029 1670 1130 1706 5γενὴς,
1151 1671 1182 1696 οὐ
1196 1669 1328 1705 τετίμηκε
1344 1669 1437 1704 νόμον,
1454 1668 1514 1694 οὐδὲ
1533 1668 1641 1703 ἐπιεικῆ
1655 1668 1701 1693 καὶ
1717 1667 1803 1701 ἁγίαν

163 1730 213 1765 git,
231 1728 278 1756 sed
300 1733 374 1762 spem
391 1723 517 1760 agricolae
533 1721 615 1749 veluti
634 1718 737 1747 fefellit.
763 1717 819 1752 Ego
847 1715 954 1750 quidem

163 1763 318 1809 exspectavi
333 1771 476 1806 judicium,
498 1768 524 1795 id
546 1770 599 1799 est,
615 1773 647 1793 ex
664 1764 755 1791 animo
783 1763 890 1790 sincero
911 1767 955 1788 re-

166 1807 249 1852 ctam,
266 1823 294 1846 et
307 1818 333 1844 in
349 1815 475 1843 omnibus
489 1814 570 1841 rebus
584 1810 696 1846 agendis
714 1809 869 1844 opinionem
889 1807 956 1834 irre-

164 1863 374 1902 prehensibilem
391 1868 437 1889 seu
451 1860 593 1894 judicium.
613 1856 666 1885 Sed
682 1856 737 1888 illa,
754 1854 851 1889 inquit,
864 1857 956 1888 patra-

164 1898 204 1940 vit
219 1911 400 1945 iniquitatem.
418 1905 526 1940 Alioqui
537 1904 608 1932 enim
624 1901 760 1937 quomodo
781 1900 844 1927 vitis
864 1898 956 1934 spinas

164 1957 290 1994 pareret?
314 1956 408 1990 Itaque
434 1952 540 1983 fefellit,
565 1954 594 1977 ut
621 1949 676 1983 jam
703 1947 768 1975 dixi.
785 1945 863 1974 Unde
885 1945 957 1972 enim

164 1992 272 2040 aequum
289 2006 348 2030 erat
364 1999 477 2036 iustitiae
495 1998 598 2025 fructus
616 2000 748 2025 crescere,
771 1992 834 2019 inde
861 1995 958 2026 prater

165 2035 394 2086 exspectationem
415 2045 487 2074 edita
505 2048 548 2071 est
563 2042 616 2068 vita
632 2048 691 2075 quae
709 2044 736 2067 et
758 2046 772 2065 a
787 2037 871 2065 sacris
891 2035 958 2071 legi-

166 2083 319 2126 bus-aliena
344 2097 413 2124 erat,
439 2095 466 2118 et
486 2088 586 2117 divinis
612 2085 754 2122 praeceptis
781 2083 956 2118 repugnabat.

165 2143 272 2172 Idcirco
286 2139 352 2168 fecit
365 2136 537 2172 iniquitatem
552 2138 579 2162 et
602 2140 655 2160 non
673 2131 817 2166 justitiam,
836 2128 883 2156 sed
901 2128 958 2155 cla-

165 2195 283 2217 morem.
300 2185 452 2213 Clamorem
467 2185 557 2208 autem
573 2180 636 2212 hoc,
652 2178 759 2213 opinor,
769 2175 834 2203 dicit
850 2180 960 2202 :ostcn-

166 2237 234 2264 dens
247 2233 330 2260 vitam
344 2237 439 2258 eorum
455 2225 595 2254 iracundia
616 2223 793 2260 praecipitem,
812 2227 838 2250 et
854 2221 958 2256 plenam

168 2278 341 2307 tumultibus.
361 2275 451 2308 Quare
474 2277 501 2299 et
526 2272 632 2298 divinus
658 2270 757 2296 Paulus
783 2267 959 2294 sanctitieatis

168 2325 294 2362 praecipit
309 2323 403 2350 dicens
417 2329 424 2347 :
440 2319 497 2355 84
510 2328 519 2344 ι
536 2317 630 2345 Omnis
642 2321 731 2344 autem
741 2315 852 2345 clamor.
870 2318 897 2340 et
907 2315 957 2346 ira,

165 2379 193 2401 et
212 2372 301 2404 furor,
316 2374 344 2397 et
365 2367 539 2396 maledictum
564 2364 673 2392 tollatur
692 2370 706 2389 a
723 2362 808 2393 vobis,
829 2365 856 2388 et
879 2367 960 2387 omne

169 2419 267 2446 vitium
287 2417 322 2443 ".
340 2423 350 2441 ι
368 2412 461 2448 Neque
475 2419 540 2440 vero
554 2411 632 2438 decet
656 2416 703 2437 eos
726 2409 771 2443 qui
792 2412 882 2435 mente
904 2411 960 2433 sta-

167 2464 216 2493 bili
235 2471 268 2492 ac
284 2462 377 2491 sedata
390 2458 497 2496 praediti
513 2461 586 2490 sunt,
602 2456 708 2484 stolidis
733 2454 772 2482 uti
790 2452 961 2481 vociferatio-

169 2512 250 2539 nibus
264 2520 272 2538 :
287 2509 334 2538 sed
350 2509 392 2536 his
406 2506 533 2535 convenit
549 2503 635 2539 magis
649 2503 750 2538 quibus
769 2501 824 2528 vita
839 2505 882 2528 est
898 2499 962 2527 labi-

170 2559 204 2586 lis
214 2563 241 2585 et
258 2555 374 2588 lubrica,
389 2554 443 2581 imo
454 2552 487 2580 ad
500 2557 581 2579 omne
595 2549 699 2577 facinus
711 2546 848 2584 proclivis,
866 2551 894 2573 et
913 2545 958 2580 qni

171 2604 265 2632 furore
282 2600 368 2637 magis
382 2605 464 2634 quam
483 2596 626 2632 prudentia
643 2595 726 2622 vitam
744 2594 898 2621 instituunt.
913 2590 960 2618 Vi-

172 2652 252 2678 detur
259 2647 340 2676 etia'm
359 2644 556 2674 atrocissimam
567 2641 724 2670 Iudaeorum
738 2639 960 2667 exclamationem

173 2695 349 2726 subinnuere,
370 2698 451 2727 quam
478 2694 574 2718 contra
590 2689 679 2723 ipsum
705 2685 843 2713 Christum
864 2684 963 2711 enita-

175 2746 247 2771 runt.
275 2739 427 2775 Objiciente
443 2741 560 2770 namque
573 2733 662 2761 Pilato
676 2739 710 2758 an
729 2737 820 2764 regem
840 2735 919 2756 suum
936 2727 963 2754 in

175 2790 284 2814 crucem
302 2772 343 2817 agi
355 2781 464 2814 vellent,
477 2778 550 2807 omni
566 2778 679 2805 honesto
693 2779 720 2802 et
735 2775 834 2810 pietate
854 2772 965 2808 pOstha-

1005 1720 1097 1747 διεϐίω
1121 1718 1210 1754 ζωήν·
1237 1717 1371 1752 ἐψεύσατο
1395 1716 1423 1742 δὲ
1448 1716 1542 1752 ὥσπερ
1563 1716 1610 1742 καὶ
1627 1715 1676 1751 τὴν
1687 1715 1734 1741 τοῦ
1747 1723 1802 1749 γη-

1007 1764 1150 1795 πονοῦντος
1164 1762 1268 1790 ἐλπίδα.
1286 1761 1356 1796 Ἐγὼ
1371 1761 1419 1797 μὲν
1432 1761 1486 1796 γὰρ
1499 1760 1686 1797 προσεδόκησα
1698 1761 1801 1796 κρίσιν,

1006 1811 1079 1839 τοῦτ’
1092 1811 1160 1842 ἔστι,
1190 1810 1240 1845 τὴν
1264 1810 1296 1836 ὲκ
1320 1807 1438 1839 διανοίας
1466 1807 1628 1843 εἰλικρινοῦς
1651 1807 1736 1843 ὀρθὴν
1753 1808 1802 1834 καὶ

1007 1858 1156 1894 ἀμώμητον
1172 1857 1221 1892 τὴν
1247 1856 1290 1891 ἐφ’
1305 1856 1389 1883 ἅπασι
1409 1857 1465 1887 τοῖς
1488 1855 1648 1889 πρακτικοῖς
1675 1855 1802 1890 αἵρεσιν,

1007 1906 1066 1941 ἦτοι
1083 1904 1184 1940 κρίσιν.
1206 1903 1235 1929 '0
1247 1903 1286 1935 δὲ,
1302 1903 1378 1937 φησὶ,
1394 1902 1544 1937 πεποίηκεν
1558 1901 1682 1936 ἀνομίαν.
1703 1901 1802 1927 Καίτοι

1008 1951 1067 1983 πῶς
1092 1950 1125 1977 ἂν
1141 1949 1263 1985 ἄμπελος
1285 1948 1404 1979 ἀκάνθας
1425 1947 1517 1981 τέκοι;
1534 1947 1631 1973 οὐκοῦν
1656 1946 1802 1981 ἐψεύσατο,

1008 1996 1133 2032 καθάπερ
1151 1995 1218 2030 ἔφην
1234 1995 1346 2030 ἀρτίως.
1363 1994 1443 2021 Ὅθεν
1463 1993 1517 2029 γὰρ
1532 1990 1565 2029 ἦν
1582 1992 1654 2024 εἰκὸς
1673 1993 1737 2024 τοὺς
1753 1993 1802 2028 τῆς

1008 2042 1183 2077 δικαιοσύνης
1207 2040 1342 2075 ἀναφῦναι
1371 2040 1508 2076 καρποὺς,
1540 2039 1644 2066 ἐκεῖθεν
1671 2038 1803 2072 ἀδόκητος

1008 2089 1145 2116 ὲκδέδοται
1166 2088 1232 2123 βίος,
1248 2088 1262 2114 ό
1279 2087 1325 2114 καὶ
1338 2086 1428 2122 νόμων
1440 2085 1492 2118 ἔξω
1513 2085 1567 2112 τῶν
1588 2084 1669 2120 ίερῶν
1684 2084 1733 2110 καὶ
1748 2084 1803 2109 τῶν

1009 2137 1041 2162 ὲκ
1066 2135 1114 2170 τῆς
1137 2133 1211 2165 θείας
1240 2132 1350 2168 ἐντολῆς
1381 2131 1550 2167 κατάρῤησιν
1580 2130 1658 2165 ἔχων.
1697 2129 1802 2156 Οὐκοῦν

1009 2179 1136 2214 ἐποίησεν
1150 2177 1275 2212 ἀνομίαν,
1286 2177 1333 2203 καὶ
1342 2177 1372 2203 οὐ
1386 2176 1569 2210 δικαιοσύνην,
1587 2175 1655 2202 ἀλλὰ
1664 2175 1799 2210 κραυγήν.

1009 2224 1141 2260 Κραυγὴν
1160 2224 1189 2250 δέ
1213 2231 1296 2259 φησιν
1321 2224 1409 2249 ἐκεῖνο
1424 2221 1500 2257 οἶμαί
1529 2231 1580 2248 που
1604 2221 1747 2253 δεικνύων,
1763 2222 1802 2248 ὅτι

1009 2271 1119 2306 γέγονεν
1150 2271 1241 2301 αὐτοῖς
1278 2269 1461 2304 σεσοϐημένος
1493 2269 1543 2303 μὲν
1569 2269 1610 2300 είς
1636 2267 1726 2303 ὀργὰς
1756 2269 1800 2294 καὶ

1011 2317 1124 2353 θορύϐου
1153 2317 1249 2353 μεστὸς
1263 2317 1277 2342 ὁ
1294 2316 1359 2352 βίος.
1376 2315 1421 2342 Διὸ
1440 2316 1486 2342 καὶ
1502 2317 1515 2342 ὁ
1535 2314 1678 2345 θεσπέσιος
1697 2315 1799 2346 Παῦλος,

1010 2365 1065 2396 τοῖς
1076 2363 1254 2399 ἡγιασμένοις
1264 2362 1415 2389 ἐντέλλεται
1427 2361 1525 2395 λέγων·
1538 2371 1546 2386 ι
1561 2361 1638 2387 Πᾶσα
1645 2361 1673 2387 δὲ
1682 2361 1802 2396 κραυγὴ,

1010 2410 1057 2436 καὶ
1070 2409 1150 2445 ὀργὴ,
1178 2408 1225 2435 καὶ
1250 2407 1347 2443 Θυμδς,
1367 2407 1415 2433 καὶ
1440 2406 1598 2442 βλασφημία
1624 2405 1737 2441 ἀρθήτω
1757 2403 1802 2440 ἀφ’

1010 2454 1087 2490 ὑμῶν
1101 2455 1149 2481 σὺν
1172 2453 1247 2488 πάσῃ
1273 2453 1393 2489 κακίᾳ.»
1412 2452 1516 2487 Πρέποι
1546 2452 1598 2487 γὰρ
1623 2451 1667 2484 ἂν,
1693 2451 1724 2477 οὗ
1748 2452 1803 2482 τοῖς

1010 2499 1186 2528 καθεστῶσαν
1211 2499 1302 2534 ἔχουσι
1326 2499 1376 2533 τὴν
1406 2498 1502 2534 φρένα,
1521 2498 1553 2524 τὸ
1576 2498 1636 2528 ταῖς
1652 2496 1803 2532 ἀσυφήλοις

1012 2546 1161 2582 κεχρῆσθαι
1181 2546 1331 2581 κραυγαῖς,
1349 2545 1462 2575 ἐκείνοις
1478 2543 1506 2570 δὲ
1534 2543 1644 2578 μᾶλλον,
1662 2541 1703 2573 οἷς
1717 2543 1732 2568 ὁ
1749 2541 1805 2577 βίος

1012 2591 1061 2617 οὐκ
1087 2589 1209 2626 ἀσφαλής
1224 2597 1231 2604 ·
1255 2589 1354 2624 μᾶλλον
1369 2588 1398 2615 δὲ
1414 2588 1482 2624 πρὸς
1502 2589 1556 2614 πᾶν
1582 2587 1672 2614 ὁτιοῦν
1687 2587 1804 2617 εὐκόλως

1010 2637 1064 2663 τῶν
1079 2635 1181 2669 κακῶν,
1191 2635 1238 2662 καὶ
1249 2634 1327 2670 θυμῷ
1337 2633 1436 2669 μᾶλλον
1450 2633 1468 2669 ἢ
1477 2633 1582 2660 συνέσει
1596 2632 1802 2667 διοικουμένοις.

1013 2682 1106 2708 Ἐοικε
1136 2679 1166 2707 δὲ
1203 2680 1251 2707 καὶ
1285 2679 1335 2715 τὴν
1370 2679 1545 2715 παγχάλεπον
1576 2678 1631 2705 τῶν
1670 2677 1804 2705 Ἰουδαίων

1012 2726 1137 2763 κραυγὴν
1153 2725 1372 2759 ὑπαινίττεσθαι,
1393 2727 1426 2762 ἣν
1443 2725 1487 2752 ἔπ’
1504 2724 1579 2760 αὐτῷ
1590 2723 1754 2760 πεποίηνται
1768 2722 1805 2757 τῷ

1012 2771 1133 2808 Χριστῷ.
1154 2771 1270 2800 Πιλάτου
1286 2771 1342 2807 γὰρ
1359 2770 1544 2803 ὀνειδίζοντος,
1571 2770 1595 2796 ει
1620 2769 1653 2806 δὴ
1669 2768 1806 2805 βούλοιντο

214 2861 326 2893 "Joau.
342 2871 387 2897 xv,
404 2862 430 2896 4,
452 2861 479 2888 5.
517 2858 539 2875 τι
555 2858 606 2887 lsa.
636 2863 712 2890 LVIII,
741 2855 784 2883 η.
824 2855 846 2870 ⁷·
873 2853 951 2889 Ephe:

1032 2873 1039 2886 ,
1060 2852 1104 2880 5|.
