1887 3054
155 120 208 149 ιιτ

653 127 682 155 Β.
702 126 840 159 ογιυιιιι
858 127 1097 157 ALEXANDRIM
1117 129 1278 159 ARCHIEP.

1734 128 1802 157 .MS

152 186 243 210 autem
256 189 309 210 non
324 184 438 214 recessit
460 185 495 214 ab
509 185 676 219 hominibus.
689 187 864 217 conﬁrmabit
889 189 948 224 ipse

1044 188 1078 216 ὧν
1093 189 1198 225 κράεει,
1220 189 1268 217 καὶ
1298 189 1327 216 αἱ
1355 188 1416 224 βοαὶ
1443 188 1497 216 τῶν
1511 187 1680 226 θερισάντων
1695 189 1738 222 εις
1761 189 1800 218 τὰ

152 234 214 254 cum
238 227 324 257 dicit:
350 229 444 259 «Deus
473 231 693 267 appropinquans
724 240 775 269 ego
802 241 873 266 sum,
906 235 946 262 ait

152 272 293 307 Dominus,
306 280 334 303 et
350 283 404 304 non
431 276 502 304 Deus
531 277 628 312 procul
645 277 679 305 ".
700 288 710 305 ι
728 280 846 307 Audiant
880 287 948 316 ergo

152 319 196 353 qui
214 321 336 348 avaritiae
352 321 434 349 dediti
454 326 530 356 sunt,
547 327 573 350 et
588 325 633 358 qui
658 324 712 352 vim
728 324 859 354 fratribus
877 326 946 354 inie-

152 363 381 399 runt:Numquid
397 366 558 395 babitabitis
573 369 622 396 soli
649 369 675 396 in
700 371 792 398 terra?
822 371 946 400 Prxesens

152 413 194 435 est
219 409 291 436 enim
315 409 505 438 universorum
529 411 610 441 Deus.
625 413 773 442 Sciendum
790 424 856 444 vero
875 419 946 452 quod

155 454 287 488 propheta
312 454 385 484 aliud
412 457 540 492 quiddam
573 467 626 487 non
660 461 833 490 invenustum
869 464 947 492 nobis

151 500 227 528 hisce
262 501 354 530 verbis
386 502 485 532 inlinit.
504 504 526 532 0
540 506 637 535 divites
668 508 752 541 enim,
767 509 865 544 inquit,
883 512 947 546 quid

151 546 270 579 proximi
299 547 369 576 bona
396 551 491 584 rapitis
519 556 546 579 et
568 552 687 580 vicinum
705 555 766 582 odio
787 555 948 585 habuistis?

151 591 266 621 Eveniet
288 600 366 629 sane,
387 601 417 623 ut
435 604 484 625 vos
511 597 561 626 soli
595 599 752 629 inhabitetis
796 602 947 638 regionem,

151 638 305 667 exturbatis
322 640 383 668 aliis
396 642 533 671 omnibus.
550 644 703 672 Desolatam
718 647 833 680 proinde
847 651 948 676 terram

151 687 180 711 ct
194 691 307 713 vacuam
328 686 530 717 habitatoribus
551 691 678 719 reddetis.
699 692 792 728 itaque
817 695 947 730 Optimum

151 733 180 756 et
213 731 458 768 consultissimum,
480 742 511 763 ea
552 737 638 764 solum
662 741 800 774 suscipere
835 749 895 775 quae
915 742 949 769 ad

152 775 235 802 vitam
257 777 347 812 seipsa
383 785 538 808 contentam
558 789 590 809 ac
611 784 777 811 moderatam
801 786 949 820 pertinent.

153 821 202 848 Est
218 823 318 850 etenim
329 826 418 860 portio
432 828 520 854 tenuis
534 835 594 855 cum
611 828 707 856 timore
724 830 830 859 Domini
854 833 950 861 melior

997 232 1055 263 ὧτα
1075 236 1178 272 Κυρίου
1195 235 1308 263 Σαϐαὼθ
1332 235 1552 271 εἰσεληλύθασιν,
1569 245 1579 262 ι
1607 236 1721 272 Δέχεται
1742 235 1800 272 γὰρ

997 283 1045 310 καὶ
1061 282 1121 309 λίαν
1148 282 1265 318 ἑτοίμως
1279 282 1328 315 τὰς
1350 281 1406 309 τῶν
1434 281 1690 317 πλεονεκτουμένων
1703 282 1801 316 φωνὰς

997 329 1014 364 ἡ
1029 329 1152 363 παναγία
1181 337 1210 355 τα
1228 329 1276 356 καὶ
1291 328 1476 364 μισοπόνηρος
1498 328 1589 362 φύσις.
1612 328 1673 355 Ὀτι
1695 327 1726 355 δὲ
1747 328 1799 356 οὐκ

998 375 1137 410 ἀφέστηκε
1152 374 1206 401 τῶν
1226 375 1272 402 ἐπὶ
1299 376 1348 410 τῆς
1368 375 1430 409 γῆς,
1458 373 1625 401 πιστώσεται
1648 373 1737 407 λέγων
1749 374 1800 400 αὺ-

996 421 1052 454 τός·
1075 421 1160 453 (Θεὸς
1176 421 1293 457 ὲγγίζων
1311 421 1367 456 ὲγώ
1382 421 1450 456 ειμι,
1473 420 1547 455 λέγει
1566 420 1681 456 Κύριος,
1698 420 1748 447 καὶ
1766 420 1799 446 οὐ

998 467 1063 500 Θεὸς
1076 468 1228 504 πόρρωθεν.
1244 478 1253 494 ν
1278 467 1464 495 Ἀκουέτωσαν
1478 467 1569 494 τοίνυν
1579 467 1604 493 oi
1623 466 1798 493 πλεονεκτεῖν

998 512 1147 545 ἐθέλοντες,
1164 513 1210 540 καὶ
1223 512 1338 548 βιάζειν,
1355 513 1403 540 καὶ
1413 512 1574 548 διαρπάζειν
1588 511 1733 547 ἀδελφούς·
1751 510 1798 546 Μὴ

997 558 1124 594 οἰκήσετε
1138 559 1214 595 μόνοι
1231 559 1277 586 ὲπὶ
1291 560 1340 595 τῆς
1353 561 1419 595 γῆς
1435 559 1618 594 Πάρεστιγὰρ
1628 559 1643 585 ό
1656 558 1712 585 τῶν
1729 557 1798 584 ὅλων

999 604 1074 636 Θεὸς.
1091 605 1188 632 Ὶστέον
1200 605 1229 632 δὲ
1245 605 1259 632 ὅ
1274 613 1316 638 τι,
1336 605 1424 632 καίτοι
1439 605 1509 632 κατὰ
1522 605 1553 632 τὸ
1566 605 1638 637 είκδς
1655 604 1712 631 τῶν
1728 604 1799 637 ἄγαν

1000 649 1194 683 ἀστειοτάτων,
1209 651 1224 677 ὁ
1242 651 1385 686 προφήτης
1397 651 1464 686 ἡμῖν
1479 651 1508 677 ἐν
1531 649 1635 681 τούτοις
1653 648 1796 683 ὑποδηλοῐ·

1000 693 1037 722 Ὦ
1049 696 1104 732 γὰρ
1120 696 1254 730 πλούσιοι,
1270 696 1347 731 φησι,
1365 695 1391 722 τί
1403 695 1438 722 τὰ
1451 695 1498 722 τοῦ
1513 695 1625 731 πλησίον
1641 694 1800 730 ἁρπάζετε,

1001 743 1049 771 καὶ
1073 744 1246 779 μεμισήκατε
1269 742 1314 770 τὸν
1340 742 1442 777 (inde;
1477 742 1652 777 Συμόἡσεται
1688 741 1801 772 πάντως

1002 791 1067 826 ὑμῖν
1082 789 1114 824 δὴ
1134 789 1181 816 καὶ
1200 789 1292 824 μόνοις
1311 790 1421 825 οἰκῆσαι
1439 788 1489 824 τὴν
1518 787 1619 824 χώραν,
1635 786 1690 814 τῶν
1711 786 1800 814 ἄλλων

1001 836 1129 864 ἁπάντων
1146 834 1350 870 ὲξωῦουμένων.
1363 835 1487 871 Ἐρημον
1501 832 1549 861 οὖν
1563 834 1618 860 τῶν
1637 832 1802 868 κατῳκηκό-

153 875 233 902 quam
251 870 326 896 multi
344 876 491 905 proventus
510 881 571 900 cum
591 875 736 910 injustilia.
760 877 850 913 thue
868 881 948 908 etiam

1044 890 1056 907 ν
1083 882 1249 914 ἀποφανεῖτε
1280 880 1328 916 τὴν
1358 870 1420 916 γῆν.
1446 880 1574 914 Ἀριστον
1597 877 1644 906 οὖν
1670 879 1729 913 ἄρα
1753 876 1800 904 καὶ

153 913 254 947 aliquid
265 922 296 942 ex
308 917 393 944 sacris
405 917 517 946 Litteris
527 920 696 956 desumptum
705 930 948 955 commemoretur:

154 960 261 994 prtl‘l'uit
275 962 384 997 quidam
407 965 575 993 oiimlsraeli
597 967 622 994 in
647 967 782 1002 Samaria,
800 972 844 1005 qui
871 972 951 1000 domo

153 1011 312 1041 sumptuosa
343 1014 370 1036 et
409 1011 551 1045 magniﬁca
601 1013 651 1040 sibi
677 1019 836 1049 exstructa,
859 1016 893 1044 de
918 1024 949 1046 ea

154 1052 266 1086 decidit,
293 1060 326 1081 ac
351 1055 495 1084 confestim
523 1059 613 1092 periit.
645 1058 724 1087 llunc
757 1061 826 1090 Deus
857 1071 948 1098 repre-

155 1098 275 1126 hendens
287 1106 315 1127 ut
331 1101 376 1136 qui
390 1101 492 1130 frustra
505 1103 672 1134 laborasset:
684 1106 948 1144 Ediﬁeastiduquit,

155 1145 202 1173 tibi
214 1146 263 1180 ipsi
275 1147 382 1175 domum
392 1149 449 1184 86
465 1151 598 1179 concinne
610 1151 797 1187 fabrefactam,
815 1156 954 1184 cwnacula

154 1189 307 1225 perflatilia,
321 1192 429 1221 diducta
444 1193 585 1229 fenestris,
596 1198 739 1225 materiata
749 1200 840 1234 cedro,
856 1206 881 1228 et
891 1210 952 1236 per-

155 1241 233 1263 uueta
248 1238 340 1267 minio.
365 1239 422 1268 Non
447 1242 582 1277 regnabis,
597 1244 659 1278 quia
679 1249 706 1271 tu
729 1249 896 1281 exasperasti
926 1249 952 1276 iu

153 1282 262 1310 Achazo
278 1289 354 1319 patre
376 1290 430 1314 luo.
449 1286 544 1315 Melius
573 1289 620 1316 tibi
642 1289 738 1318 luisset
756 1291 888 1326 judicium
921 1299 949 1322 et

154 1329 310 1361 praeclaram
329 1331 463 1366 justitiam
483 1335 669 1363 exercuisset
685 1336 744 1365 Non
759 1339 830 1366 enim
852 1341 948 1374 prode-

154 1379 218 1402 runt
232 1376 353 1405 thesauri
371 1377 481 1414 iniquis,
498 1389 507 1406 ι
522 1380 603 1408 sicuti
621 1382 752 1417 scriptum
767 1389 807 1411 est
817 1385 851 1418 ⁸³,
871 1395 880 1412 ι
899 1387 946 1414 Sed

151 1420 256 1454 iustitia
274 1422 399 1452 liberabit
426 1433 442 1452 ιι
460 1432 573 1454 ωσι-ωδ

1003 927 1094 962 σοφὸν,
1112 925 1317 962 μεταποιεῖσθαι
1335 926 1423 961 μόνων
1441 925 1495 952 τῶν
1510 925 1551 956 εις
1571 925 1738 959 αὐτάρκειαν
1753 922 1801 957 τὴν

1004 972 1226 1008 μεμετρημὲνην.
1244 971 1386 1006 Κρείσσων
1396 971 1450 1004 γὰρ
1466 971 1544 1008 μερὶς
1562 969 1649 1004 μικρὰ
1669 967 1741 1002 μετὰ
1754 967 1800 993 τοῦ

1002 1019 1084 1054 φόϐου
1105 1020 1222 1055 Κυρίου,
1241 1019 1258 1054 ἢ
1273 1017 1359 1045 πολλὰ
1369 1019 1524 1054 γεννήματα
1541 1017 1611 1053 μετὰ
1627 1017 1747 1047 ἀδικίας.
1771 1016 1802 1042 hi

1001 1065 1029 1092 δὲ
1044 1066 1075 1101 δή
1093 1075 1119 1093 τι
1134 1066 1187 1102 χρὴ
1203 1066 1250 1093 καὶ
1267 1065 1296 1099 ἐξ
1313 1064 1394 1101 ἱερῶν
1418 1064 1590 1101 γραμμάτων
1609 1063 1745 1095 λαϐόντας
1761 1063 1801 1088 εί-

1005 1113 1075 1144 πεῖν,
1091 1111 1267 1146 βεδασίλευκέ
1279 1120 1320 1143 τις
1333 1111 1386 1138 τῶν
1399 1111 1427 1138 ὲν
1444 1111 1586 1147 Σαμαρείᾳ
1601 1110 1672 1137 κατὰ
1687 1108 1801 1144 καιροὺς

1003 1157 1052 1184 τοῦ
1076 1157 1194 1193 Ἰσραὴλ,
1211 1157 1240 1189 ὃς
1256 1157 1292 1193 δὴ
1303 1158 1350 1185 καὶ
1371 1155 1446 1184 οἷκον
1466 1157 1696 1184 πολυτελέστατον
1710 1154 1802 1188 ἐαυτῷ

1002 1204 1172 1240 ἀναστήσας,
1189 1204 1284 1231 πίπτει
1311 1204 1360 1240 μὲν
1377 1205 1443 1240 παρ’
1461 1203 1544 1231 αὑτοῦ
1564 1203 1612 1230 καὶ
1626 1201 1801 1237 παραχρῆμα

1002 1249 1146 1278 διόλλυται.
1168 1250 1316 1285 Διελέγχων
1330 1251 1358 1277 δὲ
1385 1250 1452 1282 Θεὸς
1471 1251 1509 1281 ὡς
1526 1249 1589 1284 εἰκῆ
1612 1247 1797 1282 πεποιηκότα,

1004 1296 1095 1332 φησίν·
1113 1296 1298 1332 ᾨκοδόμησας
1307 1296 1413 1331 σεαυτῷ
1422 1294 1495 1323 οἶκον
1509 1295 1676 1331 σύμμετρον,
1686 1293 1800 1329 ὑπερῷα

1003 1343 1127 1378 ριπιστὰ,
1143 1343 1324 1378 διεσταλμένα
1337 1343 1455 1378 θυρίσιν,
1470 1342 1628 1376 ὲξυλωμένα
1639 1341 1672 1367 ὲκ
1684 1339 1799 1375 διέδρων,

1000 1390 1048 1416 καὶ
1064 1389 1232 1425 κεχρισμένα
1255 1389 1284 1415 ὲν
1313 1389 1410 1424 μίλτῳ.
1439 1388 1483 1423 Μὴ
1509 1386 1742 1422 βασιλεύσῃς,ὁτι
1767 1384 1799 1411 σὺ

1001 1435 1182 1471 παρωξύνθης
1203 1435 1231 1462 ἐν
1252 1435 1335 1470 ’Δχὰζ
1349 1434 1387 1470 τῷ
1404 1435 1486 1470 πατρί
1513 1442 1570 1460 σου.
1586 1433 1694 1459 Βέλτιον
1715 1429 1750 1466 ἦν
1771 1438 1800 1456 σε

155 1470 242 1496 πωεῖν
256 1470 343 1506 κρίμα
366 1471 414 1499 καὶ
439 1473 611 1511 δικαιοσύνην
639 1476 734 1513 καλήν.
755 1488 764 1504 ι
781 1480 817 1506 Οὐ
849 1480 902 1516 γὰρ
926 1481 959 1510 ἂν
978 1483 1106 1519 ἀνήσουσι
1123 1470 1255 1519 θησαυροὶ
1274 1483 1401 1518 ἀνόμους,
1421 1492 1430 1508 ι
1448 1482 1518 1509 κατὰ
1540 1482 1570 1508 τὺ
1591 1480 1798 1516 γεγραμμένον·

159 1526 168 1542 ι
187 1516 344 1553 δικαιοσύνη
363 1517 392 1545 δὲ
413 1518 525 1554 ῥύσεται
544 1521 576 1547 ὲκ
594 1521 720 1551 θανάτου.
737 1534 745 1550 ι

194 1562 276 1592 Vens.
290 1563 371 1592 9.10.
385 1564 414 1592 Si
431 1566 500 1593 enim
519 1567 618 1601 fuerint
629 1570 722 1598 domus
734 1571 835 1605 multae,
847 1581 950 1607 magna
964 1576 986 1605 C

155 1615 181 1636 ιι
199 1609 326 1644 pulchra,
347 1610 457 1638 deserta:
483 1618 576 1640 erunt:
595 1621 639 1640 nec
665 1621 740 1642 erant
760 1617 804 1652 qui
832 1618 948 1645 habitent

155 1655 184 1680 in
218 1654 283 1682 illis.
309 1654 360 1682 Ubi
387 1656 456 1684 enim
489 1657 576 1685 decem
607 1659 675 1694 juga
705 1662 781 1689 boum
815 1663 950 1696 laborant,

157 1700 254 1733 facient
280 1701 448 1736 lagunculam
469 1711 566 1731 unam:
587 1709 610 1732 et
630 1706 676 1740 qui
698 1708 812 1735 nminat
843 1709 949 1736 artabat

157 1754 213 1778 sex,
231 1747 309 1782 faciet
326 1756 462 1776 menwras
477 1755 540 1778 (res.

194 1794 325 1822 Audierat
344 1795 415 1822 enim
442 1795 536 1830 procul
563 1796 646 1824 dubio
679 1796 809 1824 Dominus
829 1797 949 1826 Sabaoth

157 1839 268 1867 auribus
286 1840 343 1867 suis
368 1841 510 1869 avaritiam
541 1842 723 1876 potentiorum
747 1850 799 1877 qua
827 1843 868 1870 usi
887 1848 948 1871 sunt

158 1885 184 1912 in
217 1885 294 1913 alios.
313 1885 382 1919 Quid
398 1887 486 1922 ergo?
511 1886 579 1914 Num
601 1887 750 1915 conticuit?
778 1896 841 1916 num
870 1889 951 1916 tacite

158 1932 279 1959 dimisit?
290 1940 351 1958 num
366 1933 412 1960 ira‘
424 1934 526 1961 frenum
538 1935 628 1962 intulit
636 1934 647 1962 ?
655 1933 841 1969 Nequaquam,
852 1935 948 1970 inquit.

157 1978 246 2013 Atque
275 1978 354 2012 hujus
382 1979 420 2006 rei
448 1980 621 2014 perspicuum
655 1985 856 2015 argumentum,
877 1982 950 2014 quod

157 2024 275 2052 ostendit
294 2025 401 2053 irritum
435 2026 555 2054 studium
580 2034 641 2054 esse
668 2034 762 2054 eorum
787 2027 833 2062 qui
861 2035 950 2054 rerum

157 2070 304 2098 alienarunt:
347 2078 440 2100 amore
481 2076 616 2100 tenentur.
645 2071 711 2099 Nam
750 2079 811 2107 qua:
843 2072 951 2100 tandem

159 2117 272 2150 utilitas.
293 2117 389 2153 inquit,
409 2118 516 2146 domum
547 2119 636 2146 domui
658 2119 783 2154 jungere,
810 2118 951 2152 splendide

157 2164 239 2192 etiam
268 2168 349 2199 atque
375 2165 520 2193 ambitiose
549 2166 682 2193 adornare
707 2167 788 2198 :edes,
814 2166 837 2193 si
863 2165 951 2192 nullus

159 2211 265 2239 futurus
282 2212 336 2246 sit,
354 2212 452 2248 inquit,
467 2212 512 2248 qui
526 2213 552 2240 iu
570 2213 610 2240 eis
636 2213 809 2240 habitaturus
819 2213 866 2245 sit,
879 2211 950 2239 bello

1045 1573 1116 1601 Ἐὰν
1132 1573 1188 1608 γὰρ
1202 1573 1343 1608 γένωνται
1355 1573 1445 1599 οἰκίαι
1459 1572 1579 1601 πολλαὶ.
1591 1573 1634 1604 εἰς
1644 1571 1802 1606 ἐρήμωσιν

1000 1619 1124 1647 ἔσονται
1145 1618 1273 1654 μεγάλαι
1297 1619 1346 1646 καὶ
1363 1618 1464 1646 καλαί·
1491 1617 1539 1644 καὶ
1556 1619 1611 1644 οὐκ
1635 1617 1761 1644 ἔσονται
1774 1620 1802 1645 οι

1001 1665 1191 1698 ἐνοικοῦντες
1215 1665 1250 1691 ἑν
1275 1664 1389 1697 αὐταῖς.
1423 1661 1463 1692 Οὗ
1482 1663 1537 1699 γὰρ
1562 1663 1701 1698 ἐργονται
1727 1663 1802 1690 δέκα

1002 1708 1087 1743 ζεύγη
1098 1708 1183 1741 ,ϐοῶν
1197 1709 1319 1743 ποιήσει
1338 1709 1481 1743 κεράμιον
1502 1709 1547 1735 ἓν·
1567 1708 1617 1735 καὶ
1635 1709 1651 1735 d
1664 1709 1801 1743 σπείρων

1001 1754 1131 1789 ἀρτάϐας
1140 1754 1174 1787 ἒξ
1193 1753 1314 1788 ποιήσει
1326 1755 1420 1789 μέτρα
1433 1755 1510 1788 τρία.

1043 1801 1178 1837 Ἠκούσθη
1195 1802 1244 1837 μὲν
1261 1801 1316 1837 γὰρ
1332 1801 1566 1837 ὁμολογουμένως,
1581 1801 1676 1836 φησὶν,
1704 1802 1748 1832 εἰς
1766 1801 1800 1828 τὰ

1002 1845 1058 1875 ὦτα
1073 1849 1176 1884 Κυρίου
1191 1847 1317 1881 Σαϐαὼθ,
1333 1848 1367 1874 τὰ
1379 1848 1430 1883 τῆς
1449 1847 1509 1874 καθ’
1524 1847 1625 1883 ἐτέρων
1642 1847 1802 1880 πλεονεξίας

1002 1892 1162 1928 ἐγκλήματα
1178 1893 1230 1919 τῶν
1247 1892 1449 1928 δυνατωτέρων.
1468 1893 1498 1919 fl
1515 1891 1560 1920 οὖν
1575 1893 1721 1927 σεσίγηκεν
1735 1893 1800 1928 ἄρα,

1003 1940 1127 1975 παρῆκεν
1142 1941 1240 1975 ἡσυχῇ,
1254 1940 1302 1966 καὶ
1320 1940 1429 1975 χαλινὸν
1449 1940 1584 1975 ἐπήνεγκε
1602 1941 1662 1970 ταῖς
1685 1940 1799 1974 ὸργαῐςς

1003 1985 1146 2021 Οὐδαμῶς,
1162 1986 1238 2021 φησι.
1263 1986 1318 2012 Καὶ
1353 1986 1446 2012 τούτου
1479 1986 1566 2021 σαφὴς
1592 1985 1742 2017 ἁπόδ-ιξις,
1771 1985 1800 2012 τὸ

1003 2031 1107 2058 εἰκαῖον
1135 2032 1276 2067 ἀποφῆναι
1304 2033 1360 2063 τοῖς
1375 2032 1428 2059 τῶν
1447 2032 1596 2068 ἀλλοτρίων
1623 2033 1754 2067 ἐρασταῖς
1770 2032 1799 2058 τὸ

1003 2077 1049 2103 ἐπὶ
1063 2077 1150 2112 τούτῳ
1181 2078 1352 2113 σπούδασμα.
1383 2079 1450 2106 Ποία
1477 2079 1532 2114 γὰρ
1562 2078 1657 2114 δνησις
1672 2078 1719 2104 τοῦ
1739 2087 1800 2105 συν-

1004 2122 1101 2149 άπτειν
1128 2123 1216 2150 οἰκίαν
1232 2124 1299 2159 πρὸς
1313 2125 1411 2158 οἰκίαν,
1430 2124 1564 2160 λαμπρῶς
1579 2133 1609 2151 τε
1628 2125 1676 2151 καὶ
1692 2125 1798 2158 φιλοτί-

1005 2175 1063 2202 μως
1079 2169 1295 2200 κατασκευάζειν
1315 2169 1417 2200 ἑστίας,
1436 2170 1460 2196 εἰ
1481 2170 1518 2204 μή
1542 2177 1583 2200 τις
1609 2168 1696 2200 ἔσται,
1714 2169 1797 2204 φησι,

1004 2215 1175 2250 κατοικήσων
1193 2216 1222 2241 ἐν
1234 2216 1339 2247 αὑταῖς,
1364 2216 1570 2251 δαπανήσαντος
1599 2215 1647 2241 τοῦ
1676 2215 1796 2251 πολέμου

156 2265 256 2292 parvos
283 2266 362 2293 teque
389 2265 420 2286 ac
440 2265 552 2294 magnos
575 2258 770 2286 consumente?
786 2258 857 2291 Quid
886 2265 949 2286 vero

1044 2260 1121 2294 ίροὺς
1136 2261 1182 2286 καὶ
1197 2261 1346 2295 μεγάλους;
1365 2261 1396 2286 Τί
1411 2261 1440 2287 δὲ
1453 2260 1506 2287 τῶν
1535 2260 1695 2296 εὐρυτὰτων
1708 2261 1799 2291 αὐτοῖς

158 2303 210 2330 illis
244 2303 420 2331 emolumenti
445 2304 499 2331 erit
522 2311 554 2331 ex
579 2304 652 2338 agris
680 2303 867 2339 amplissimis,
885 2311 946 2331 eum

158 2353 268 2384 propter
291 2349 437 2377 avaritiam
453 2350 662 2385 possidentium,
682 2350 733 2377 hoc
747 2355 798 2382 est,
815 2350 948 2385 diripien-

159 2396 224 2422 tium
237 2416 244 2429 ,
263 2396 368 2424 fructus
385 2396 523 2430 percipere
549 2396 619 2422 Deus
642 2403 693 2423 non
714 2396 875 2430 permittat?
891 2396 951 2424 Erit

157 2442 242 2475 enim,
264 2443 314 2469 erit
331 2447 404 2469 tanta
421 2441 446 2469 in
467 2442 539 2477 agris
557 2441 746 2473 iufecuuditas.
766 2446 793 2469 ut
808 2450 839 2470 ex
857 2444 951 2478 viginti

159 2490 250 2523 boum,
268 2496 315 2516 seu
341 2489 434 2515 decem
476 2488 601 2523 iugerum
631 2488 769 2516 laboribus
798 2489 824 2516 in
854 2490 951 2523 vineis,

158 2535 201 2562 vix
217 2542 268 2561 una
283 2538 376 2568 surgat
389 2533 536 2569 amphora;
553 2538 580 2560 et
595 2541 626 2560 ex
651 2534 717 2562 satis
744 2535 877 2562 mensuris
890 2542 951 2567 sex,

159 2580 261 2607 reditus
293 2579 426 2607 fructuum
449 2587 482 2607 ex
507 2579 611 2607 semine
634 2579 718 2613 jaeto,
740 2581 782 2608 vix
812 2580 952 2608 dimidiata

159 2632 235 2660 parte
255 2625 426 2661 proveniant.
446 2625 570 2653 Sufﬁciet
594 2632 694 2660 autem,
712 2627 819 2662 opinor,
832 2627 864 2655 ad
885 2635 953 2663 opus

160 2672 312 2700 faciendum
338 2671 408 2707 jugis
425 2672 517 2699 decem
546 2673 638 2705 boum,
667 2673 781 2700 multum
808 2674 864 2708 agri
887 2674 950 2701 viti-

160 2718 209 2745 bus
233 2717 340 2750 consiti,
366 2717 479 2744 multum
509 2719 572 2746 item
608 2723 686 2746 terra:
718 2719 951 2748 arabilisJautilis

159 2764 242 2801 igitur
270 2764 414 2798 passessio,
433 2771 458 2792 et
479 2765 556 2800 plura
570 2766 724 2800 possidendi
739 2767 857 2794 studium
873 2767 951 2794 inane

199 2843 220 2858 “
248 2842 347 2874 iorem.
367 2851 446 2878 nni,
463 2843 508 2872 25.
564 2845 586 2860 ³³
603 2845 682 2871 i'rov.
701 2852 727 2876 x,
745 2843 772 2872 εὶ.

1003 2306 1099 2340 ὕφελσς
1111 2306 1215 2342 ἀγρῶν,
1229 2307 1376 2343 εὐκαρπείν
1392 2307 1484 2338 αὐτοῖς
1494 2309 1544 2333 οὐκ
1559 2306 1658 2337 ἐῶντος
1669 2306 1750 2337 θεοῦ,
1759 2306 1799 2332 διὰ

1004 2351 1053 2383 τὰς
1066 2351 1120 2377 τῶν
1132 2353 1319 2387 κτησαμένων,
1335 2353 1418 2387 ἤγουν
1427 2353 1609 2388 ἁρπασάντων
1623 2351 1797 2384 πλεονεξίας;

1007 2397 1103 2424 Ἔσται
1121 2397 1185 2433 γὰρ,
1202 2398 1278 2424 ἔσται
1291 2399 1319 2424 ἐν
1337 2397 1437 2433 ἀφορίᾳ
1451 2397 1569 2434 τοσαύτῃ
1588 2397 1623 2424 τὰ
1638 2398 1667 2424 ἐν
1688 2397 1797 2432 ἀγροῖς,

1005 2445 1042 2476 ὡς
1055 2444 1141 2471 εἴκοσι
1156 2444 1273 2479 μόσχων,
1295 2445 1353 2479 ἦτοι
1369 2444 1473 2478 ζευγῶν
1501 2444 1570 2470 δέκα
1597 2442 1753 2469 πονούντων
1771 2443 1797 2467 ἐν

1005 2491 1177 2526 ἀμπελῶσιν,
1197 2490 1226 2516 ἓν
1254 2491 1300 2516 καὶ
1330 2490 1406 2525 μόλις
1432 2490 1557 2523 γενέσθαι
1586 2489 1731 2524 κεράμιον·
1753 2487 1797 2514 καὶ

1005 2537 1163 2572 σπαρέντων
1182 2537 1289 2572 μέτρων
1301 2537 1330 2569 ἓξ
1346 2537 1375 2563 ἐν
1386 2537 1480 2571 ἡμίσει
1496 2536 1544 2571 τῆς
1559 2535 1613 2562 τῶν
1631 2536 1797 2570 σπερμάτων

1004 2583 1157 2618 καταϐολῆς
1172 2583 1220 2618 τὴν
1236 2582 1288 2609 τῶν
1306 2583 1419 2618 καρπῶν
1433 2583 1559 2609 ἀπόδοσιν
1576 2582 1649 2608 ἰδεῖν.
1670 2580 1796 2615 Ἀρκέπι

1004 2629 1042 2662 δὲ,
1060 2627 1146 2664 οἶμαι,
1161 2630 1229 2663 πρὸς
1247 2629 1376 2665 ἐργασίαν
1391 2628 1500 2662 ζεύγεσι
1514 2628 1580 2654 δέκα
1592 2627 1671 2662 βοῶν,
1684 2626 1795 2659 πλείστη

1008 2675 1056 2711 μὲν
1070 2675 1259 2709 ἀμπελόφυτος
1284 2674 1331 2709 γῆ.
1354 2674 1474 2700 πλεῖστοι
1498 2674 1525 2700 δὲ
1545 2674 1646 2709 ὁμοίως
1671 2672 1795 2708 ἀρόσιμοι

1007 2721 1113 2756 κλῆροι.
1133 2721 1236 2747 Οὐκοῦν
1255 2721 1381 2756 ἀνόνητος
1397 2722 1412 2756 ἠ
1429 2722 1542 2755 κτῆσις,
1557 2720 1603 2746 καὶ
1630 2719 1676 2745 τιιῦ
1702 2718 1795 2744 πλεον-

1008 2768 1095 2793 εκτεῖν
1123 2768 1224 2797 εἰκαῖος

1244 2768 1256 2792 r3
1280 2767 1369 2798 πόνος,
1385 2768 1407 2792 εἱ
1424 2767 1492 2802 μήτε
1517 2774 1557 2796 τις
1575 2766 1680 2800 οἰχήσει
1706 2763 1755 2795 τὰς
1769 2764 1796 2793 ἐν
