1887 3054
78 122 122 149 ιω
648 124 679 151 ΙΝ
699 124 815 152 lSAlAM
837 124 900 152 LIB.
923 125 940 153 Ι.
964 126 1071 155 ORAT.
1092 126 1135 155 lll.

1655 128 1706 156 1‘30

77 183 126 213 τοῖς
135 180 247 208 ἄστεσιν
256 181 361 214 οἰκίας.
378 182 422 217 Μὴ
436 183 488 217 μὴν
505 183 652 218 εὖφορήσει
665 183 700 210 τὰ
710 185 738 210 ἐν
754 185 859 221 ἀγροῖς,

957 205 965 217 ,
986 185 1036 213 nisi
1062 187 1096 213 sit
1122 187 1167 221 qui
1188 186 1281 214 domos
1297 186 1323 213 in
1341 186 1453 214 urbibus
1486 187 1628 216 inhabitet.
1652 190 1707 218 Nec.

76 226 135 254 Θεοῦ
146 226 395 263 καταφθείροντος,
407 228 454 255 καὶ
465 228 513 263 τὴν
523 229 576 255 τῶν
587 229 730 265 ἀπλήστων
742 230 866 267 ἐλέγχονι

77 283 116 305 τος
129 272 247 300 ἀδικίαν.
271 273 386 309 Ἐπειδὴ
409 274 437 300 δὲ
462 274 508 300 καὶ
537 274 615 310 ἡμῶν
634 275 749 308 ἕκαστος
770 277 799 304 ὲν
815 277 868 314 ἰδίᾳ

84 320 142 359 ξυχῇ
163 318 261 353 νοητὸν
280 319 342 355 ἔχει
355 319 496 356 γεώργιον,
517 321 562 347 καὶ
576 321 621 348 τὸν
636 321 686 356 τῆς
697 322 868 359 δικαιοσύνης

79 364 214 400 ἐργάζεται
229 364 349 400 σπόρον,
361 365 558 400 φυλαττώμεθα
568 366 597 393 τὸ
611 368 789 403 προσκρούειν
798 369 867 406 Θεῷ.

79 411 136 437 Τότε
150 410 204 445 γὰρ
223 410 300 443 τότε,
321 411 446 447 καθάπερ
470 409 544 438 οἷκον
565 412 671 448 ὰσεξαλῆ
686 413 733 440 καὶ
757 415 867 450 ἐρηρει-

79 456 180 491 σμένον,
203 456 359 491 οἰκήσομεν
380 457 429 493 τὴν
454 457 579 494 πολυειδῆ
608 459 655 485 καὶ
686 460 868 494 παμποίκιλον

78 501 179 537 ἀρετὴν,
202 501 402 538 πληθυνοῦμεν
414 503 442 530 δὲ
461 504 541 530 σίτων
558 503 652 540 ὥσπερ
667 505 798 538 κοιλάδες·
825 507 868 534 εὐ-

78 547 218 583 λογήσειδὲ
242 549 258 575 6
286 548 344 575 τῶν
368 549 435 576 ὅλων
450 550 515 582 Θεὸς
530 549 575 576 τὸν
591 551 691 586 σπόρον
712 551 806 587 ὴμῶν,
821 552 868 579 καὶ

79 593 182 629 αὐξήσει
199 594 234 620 τὰ
243 595 408 630 γεννήματα
423 596 472 630 τῆς
492 596 663 633 δικαιοσύνης
688 597 776 633 ήμῶν,
796 598 869 625 καθά.

80 648 152 675 φησιν
163 640 176 665 6
193 639 345 672 Θεσπέσιος
358 640 474 672 Παῦλος.

111 739 177 767 Οὐαὶ
203 741 230 767 οι
256 740 442 776 ἐγειρόμενοι
463 741 504 775 τῷ
524 742 607 777 πρωῒ,
635 743 684 770 καὶ
704 744 737 770 τὸ
763 746 870 780 σίκερα

80 786 239 819 διώκοντες,
264 788 294 813 οἱ
312 786 459 822 μένοντες
475 788 508 815 τὸ
525 789 582 823 ὀψέ
598 798 604 803 ·
619 791 635 816 ὁ
648 789 702 824 τὰρ
716 788 798 824 οἶνος
814 793 868 819 αὺ-

80 831 143 865 ιοὺς
151 833 337 866 συγκαύσει.
348 833 429 861 Μετὰ
442 834 496 869 γὰρ
510 834 631 868 κιθάρας
641 836 689 862 καὶ
699 837 869 872 ψαλτηρίου

919 233 1034 260 feliciter
1060 233 1220 268 provenient
1245 241 1306 268 qua:
1332 234 1437 260 suntin
1464 235 1553 269 agris,
1583 236 1638 263 Deo
1660 244 1707 264 va-

918 283 1009 306 stante
1026 283 1053 306 et
1068 286 1161 307 eorum
1178 279 1338 314 iniustitiam
1360 283 1533 314 coargueule.
1551 279 1620 313 Quia
1645 289 1708 310 vero

919 324 1033 359 quisque
1053 328 1171 351 nostrum
1191 325 1282 351 animo
1299 331 1348 352 suo
1375 323 1457 351 habet
1486 324 1707 360 agricolationem

919 370 969 398 sub
985 369 1186 405 intelligentiam
1205 370 1354 402 cadentem,
1372 374 1400 397 et
1421 375 1586 405 sementem.
1598 370 1710 405 justitiaa

919 416 1004 444 facit:
1032 424 1176 443 caveamus
1196 424 1230 443 ne
1255 417 1282 443 in
1308 416 1487 444 offensionem
1516 417 1635 444 divinam
1669 418 1710 444 in—

919 471 1070 491 curramus.
1097 463 1174 490 Tunc
1196 463 1280 496 enim,
1311 467 1376 491 tunc
1409 463 1522 490 virtutes
1548 463 1710 498 multiplices

920 517 951 537 ac
971 509 1052 536 variae
1077 509 1103 536 in
1129 508 1205 536 nobis
1223 513 1350 543 tanquam
1383 508 1410 535 in
1425 508 1562 536 domicilio
1597 514 1654 536 tuto
1677 517 1710 536 at:

921 555 1023 581 munito
1040 554 1210 585 habitabant,
1238 558 1266 580 et
1284 553 1448 581 frumentum
1475 554 1552 588 quasi
1578 554 1606 582 in
1633 560 1706 588 terra

919 599 1050 635 profunda
1079 599 1339 635 multiplicabimus:
1364 603 1391 626 et
1420 598 1607 626 universorum
1637 585 1712 628 Deus

920 646 1015 673 semini
1033 649 1127 672 nostro
1150 645 1300 678 benedicet,
1318 649 1345 672 et.
1359 643 1461 671 fructus
1481 644 1594 679 iustitia
1607 650 1706 674 nostra

920 691 1038 726 augebit,
1051 691 1128 718 sicuti
1144 694 1170 718 et
1187 690 1291 717 divinus
1304 689 1402 716 Paulus
1419 689 1509 724 inquit
1520 688 1544 704 "'

953 736 1009 772 87
1031 736 1111 764 Vens.
1144 736 1186 769 ll,
1221 735 1262 762 12.
1282 734 1326 762 Vra
1354 735 1395 762 liis
1413 734 1457 769 qui
1492 733 1709 768 expergiscantur

920 790 1006 815 mune,
1024 787 1047 809 et
1060 787 1193 809 sectantur
1221 782 1343 814 ricermn,
1361 787 1382 808 et
1412 780 1446 807 ad
1465 786 1598 815 vesperum
1629 785 1708 813 usque

920 836 1019 854 moram
1045 828 1163 854 trahunt.
1187 825 1281 854 Vinum
1307 827 1375 853 enim
1399 826 1536 852 succendat
1552 832 1606 851 eos.
1637 821 1708 850 Nam

80 879 123 905 καὶ
135 877 314 913 τυμπάνων,
329 879 382 906 τὸν
393 878 478 906 οἶνον
493 881 628 912 πίνουσι,
641 882 690 908 καὶ
705 883 817 916 αὐλῶν,
831 883 866 910 τὰ

953 882 976 900 m
992 873 1092 900 cit/tura
1112 878 1135 900 et
1148 872 1287 908 psalterio,
1306 876 1330 900 et
1343 871 1472 907 tympanis
1490 876 1514 898 et
1534 870 1605 898 tibiis
1620 871 1709 896 vinum

81 924 109 951 δὲ
121 925 189 959 ἔργα
196 925 315 958 Κυρίου
339 927 395 953 οὐκ
409 926 603 960 ἐμϐλέπουσι,
618 928 666 955 καὶ
681 928 716 955 τὰ
728 929 799 964 ἔργα
809 929 869 957 τῶν

80 971 178 1005 χειρῶν
189 971 289 998 αὑτοῦ
307 972 345 998 οὐ
359 972 571 1000 κατανοοῦσιν.

110 1015 240 1042 Συνάπτει
259 1017 321 1048 τοῖς
340 1016 459 1052 πρώτοις
474 1016 555 1053 ἕτερα
572 1019 619 1045 καὶ
636 1018 800 1053 παγχάλεπα
814 1019 868 1047 τῶν

82 1060 205 1087 πλουσίων
217 1060 395 1096 ἐγκλήματα.
412 1060 551 1096 Πάρεσται
565 1061 620 1097 γὰρ
634 1063 738 1094 αὐτοῖς,
754 1063 822 1098 πρός
835 1072 867 1098 γε

81 1107 114 1142 τῷ
127 1105 269 1143 βούλεσθαι
294 1107 470 1133 πλεονεκτεῖν
492 1107 540 1134 καὶ
556 1107 711 1143 ἀκορέστως
729 1108 868 1144 βιάζεσθαι

82 1154 137 1184 τοὺς
149 1152 379 1188 ἀσθενεστέρους,
394 1152 441 1180 καὶ
454 1152 483 1180 τὺ
493 1153 522 1180 ἐν
532 1153 623 1185 πότοις
634 1151 703 1180 εἷναι
713 1155 811 1190 φιλεῖν,
822 1155 869 1182 καὶ

82 1199 186 1233 τρυφαῖς
202 1199 418 1233 ὲπιγάννυσθαι,
432 1197 535 1234 κώμοις
551 1207 579 1226 τε
591 1200 638 1226 καὶ
655 1199 751 1235 μέθαις
764 1200 868 1227 ἀκατα-

83 1243 200 1278 λῄκτοις,
216 1244 266 1270 καὶ
287 1245 349 1276 τοῖς
373 1245 405 1271 ὲκ
431 1244 609 1280 φιλοσαρκίας
641 1246 868 1282 καταμιαίνεσθαι

83 1292 180 1320 κακοῖς’
200 1291 249 1316 καὶ
269 1290 353 1317 τοῦτο
372 1290 517 1326 ἐνδελεχῶς
537 1290 640 1318 οἴεσθαι
655 1292 710 1319 δεῖν
725 1293 824 1324 αὐτοὺς
839 1294 868 1319 ὲν

84 1340 156 1364 παντὶ
183 1335 218 1369 δὴ
242 1337 328 1364 τοῦτο
359 1337 489 1372 πράττειν
518 1337 617 1374 καιρῷ.
647 1339 750 1370 Ἱκανὸς
773 1339 828 1374 γὰρ
854 1339 868 1365 ὁ

84 1383 187 1415 πλοῦτος
201 1383 340 1420 ἀκονῆσαι
362 1383 430 1419 πρὸς
450 1384 568 1419 τρυφὰς,
591 1385 638 1411 καὶ
653 1384 698 1411 τὸν
716 1385 760 1412 ἐπ’
776 1385 868 1417 αὐτοῖς

86 1429 203 1462 ὰιρανίσαι
221 1428 319 1464 κόρον.
342 1429 412 1455 Ἀλλ’
429 1438 438 1455 ι
459 1430 473 1455 ὁ
492 1429 610 1465 σπείρων
628 1431 668 1461 εἰς
680 1430 729 1466 τὴν
743 1430 844 1466 σάρκα,
855 1440 865 1457 ι

85 1474 148 1501 καθὰ
167 1484 247 1510 φησιν
262 1476 277 1502 6
294 1475 410 1508 Παῦλος,
428 1485 436 1501 ι
449 1476 480 1502 ὲκ
497 1476 547 1511 τῆς
564 1476 664 1511 σαρκὸς
686 1475 788 1512 θερίσει
805 1476 869 1512 φθο-

88 1522 139 1556 ράν.
157 1531 166 1548 ι
182 1522 266 1554 Τέλος
292 1522 348 1557 γὰρ
363 1522 413 1558 τῆς
437 1522 605 1558 προσκαίρου
632 1523 739 1558 τρυφῆς
763 1523 867 1559 μακρὸν

86 1569 125 1595 καὶ
141 1568 261 1604 διηνεκὲς
285 1568 363 1595 ἔσται
383 1569 517 1604 δάκρυον,
542 1569 589 1596 καὶ
615 1569 750 1605 σαρκικῆς
771 1570 867 1605 ἡδονῆς

87 1613 184 1650 δλεθρες
198 1615 210 1641 6
226 1614 348 1650 καρπός.
372 1614 476 1650 Γράφει
498 1615 587 1642 τοίνυν
604 1616 671 1651 ἡμῖν
694 1617 708 1642 6
724 1616 869 1651 προφήτης

87 1659 129 1690 τὰς
144 1659 193 1686 τῶν
214 1659 354 1686 Ἰουδαίων
368 1661 534 1696 ἀγερωχίας,
558 1662 605 1688 καὶ
630 1662 659 1689 τὸ
681 1661 805 1697 ἐξίτηλον
829 1662 869 1694 εἰς

87 1705 191 1741 τρυφὰς,
211 1706 258 1733 καὶ
282 1706 312 1732 τὺ
329 1707 477 1742 κεχυμένον
489 1707 530 1740 είς
549 1708 678 1740 ἀσωτίας.
697 1709 790 1736 Πάντα
803 1708 867 1745 γὰρ,

85 1751 154 1785 φησι,
188 1751 288 1786 καιρὸν
316 1752 501 1787 ἀπονέμοντες
531 1753 592 1784 ταῖς
623 1752 867 1788 γαστριμαργίαις,

89 1795 133 1825 ὑπὸ
144 1797 189 1832 τὴν
209 1798 246 1824 ἕω
264 1797 381 1832 ζητοῦσι
397 1797 427 1824 τὺ
442 1798 550 1833 σίκερα,
574 1798 622 1826 καὶ
644 1800 699 1830 rei;
713 1798 791 1834 ἡλίου
808 1797 868 1834 δρό-

90 1848 141 1876 μοις
164 1843 364 1870 συνεκτείνουσι
383 1845 445 1876 τοὺς
467 1844 577 1876 πότους,
600 1844 646 1871 καὶ
662 1844 759 1880 μέχρις
785 1843 869 1879 αὐτῆς

91 1887 201 1922 μένοντες
214 1889 264 1924 τῆς
281 1890 411 1925 ἑσπέρας.
435 1890 463 1916 ὐ
478 1890 533 1926 γὰρ
548 1888 618 1922 οἶνος
632 1889 730 1922 αὐτοὺς
747 1889 869 1924 συγκαύυ-

90 1941 133 1960 Gzt.
150 1934 390 1971 Ὀμολογουμένως
410 1936 460 1971 μὲν
481 1937 535 1972 γὰρ
552 1936 662 1972 ἐμποιεῖ
688 1945 749 1963 τινα
772 1935 869 1962 καῦσιν

89 1978 145 2014 ἄδην
159 1982 304 2016 πινόμενος
324 1983 381 2013 τοῖς
405 1981 570 2017 σπλάγχνοις
584 1983 598 2008 6
617 1979 698 2013 οἶνος.
715 1981 869 2016 Συγκαέσει

90 2024 167 2051 δὲκαὶ
185 2027 288 2062 ἑτέρως
306 2027 353 2054 τοῦ
368 2027 477 2063 μεθύειν
489 2028 553 2060 τοὺς
567 2028 696 2068 ἐραστὰς,
723 2028 799 2055 ἔσται
814 2028 869 2064 γὰρ

91 2071 170 2103 αὐτοῖς
185 2073 251 2108 πρὸς
272 2072 353 2099 τοῦτο
381 2073 540 2106 κολάζοντος
556 2074 678 2109 ἀφορμή.
707 2073 869 2109 Συγκαυθή-

93 2123 172 2144 σονται
185 2118 212 2144 δὲ
230 2119 323 2154 πάντη
340 2127 369 2145 τε
379 2119 426 2145 καὶ
441 2119 548 2151 πάντως
558 2121 597 2151 είς
610 2119 712 2154 φλόγας
725 2119 869 2154 πεμπόμε-

89 2171 123 2189 νοι
134 2164 181 2196 τὰς
191 2165 339 2201 διηνεκεῖς,
357 2167 403 2192 καὶ
418 2167 621 2202 ἡτοιμασμένας
635 2166 674 2201 τῷ
689 2165 804 2202 διαϐόλῳ
821 2167 870 2192 καὶ

90 2213 137 2244 τοῖς
155 2213 282 2247 ἀγγέλοις
296 2213 390 2240 αὑτοῦ.
415 2214 549 2250 Ταύτῃτοι
572 2214 618 2241 καὶ
635 2215 648 2239 6
669 2214 784 2249 μέθυσος
799 2212 868 2249 ὁμοῦ

89 2259 137 2288 τοῖς
148 2258 231 2292 ἄλλοις
244 2260 373 2295 βεϐήλοις
387 2260 542 2296 ἀπόκληρος
558 2260 632 2286 ἔσται
646 2260 720 2296 παρὰ
738 2260 807 2296 Θεῷ,
821 2261 869 2287 καὶ

91 2304 124 2334 εἰς
143 2304 187 2340 τὴν
210 2307 267 2333 τῶν
288 2306 412 2342 οὐρανῶν
437 2306 574 2341 βασιλείαν
598 2307 648 2333 οὐκ
674 2307 866 2334 εἰσελεύσεται.

92 2347 152 2384 Ὀρα
167 2351 218 2387 γὰρ
239 2352 293 2387 ὅση
315 2351 371 2378 τῶν
392 2352 527 2379 Ἰουδαίων
544 2352 639 2386 γέγονε
662 2352 734 2379 κατὰ
755 2353 869 2388 καιροὺς

92 2394 165 2429 ὴὲπὶ
188 2397 217 2423 τὸ
240 2399 342 2433 χρῆναι
373 2399 480 2434 τρυφᾷν
504 2398 633 2433 ἐξιτηλία.
660 2399 747 2425 ’Ὅπου
769 2399 824 2435 γὰρ
854 2399 869 2425 6

92 2441 193 2477 κιθάρας
210 2443 315 2476 κτύπος
327 2464 334 2476 ,
354 2445 400 2470 καὶ
415 2445 564 2480 τυμπάνων
585 2443 662 2480 ἦχος,
684 2446 730 2472 καὶ⁴
747 2445 800 2472 τῶν
821 2445 869 2471 αὺ-

92 2485 196 2515 λουντων
214 2490 452 2525 συναναφώνησις,
473 2491 521 2517 σὺν
537 2490 673 2526 εὐρυθμίᾳ
688 2490 734 2517 καὶ
748 2491 868 2526 κρότοις,

94 2532 142 2559 ἐκεῖ
161 2543 208 2561 που
226 2535 338 2567 πάντως
360 2535 419 2561 ἐστὶ
436 2536 482 2561 καὶ
506 2536 560 2562 πᾶν
584 2533 655 2567 εἶδος
676 2535 866 2570 ἀκαθαρσίας,

94 2579 134 2605 καὶ
147 2580 179 2607 τὰ
195 2582 286 2617 κρυφῆ
302 2581 453 2616 γιγνόμενα
468 2583 533 2618 παρ’
547 2581 646 2614 αὐτῶν,
659 2581 677 2608 ἃ
695 2581 741 2607 καὶ
756 2581 867 2617 αἰσχρόν

95 2627 245 2662 ἐπιλέγειν.
262 2629 364 2664 Ζημιοῖ
381 2629 409 2654 δὲ
425 2628 502 2655 τοῦτο
519 2628 618 2660 αὐτοὺς
631 2628 661 2654 τὸ
683 2628 720 2663 μὴ
733 2627 863 2654 δύνασθαι

96 2673 197 2709 καθορᾷν
220 2675 268 2711 τὴν
285 2675 333 2702 τοῦ
354 2674 421 2701 Θεοῦ
436 2675 526 2707 δόξαν,
542 2676 610 2710 μήτε
630 2675 683 2710 μὴν
706 2674 868 2707 ὲνατενίζειν

97 2720 142 2750 τοῖς
167 2721 251 2756 ἔργοις
282 2721 380 2748 αὑτοῦ.
412 2721 517 2757 Ὥσπερ
543 2721 597 2757 γὰρ
627 2723 641 2748 ὁ
668 2720 715 2747 τοῦ
743 2720 869 2756 σώματος

97 2762 233 2800 ὀφθαλμὸς,
248 2768 265 2804 ἦ
287 2768 390 2800 κόνεως
406 2767 577 2804 ἐμϐαλούσης
588 2788 595 2799 ,
612 2767 628 2802 ἢ
650 2767 741 2803 λήμης
757 2768 870 2802 ἐγκεχυ-

127 2840 174 2869 "ll
186 2842 245 2871 Cor.
271 2852 310 2874 Ix.
346 2843 386 2870 l0.
436 2844 458 2859 "
478 2844 566 2871 Calai.
589 2843 669 2873 “.3.

918 919 1019 952 bibunt,
1038 927 1116 953 opera
1138 926 1197 946 vero
1209 918 1314 945 Domini
1327 925 1376 944 non
1401 917 1549 950 intuentur,
1575 923 1620 943 nec
1630 921 1709 949 opera

918 973 1045 991 manuum
1060 964 1118 998 eius
1141 963 1317 991 considerant.

954 1011 1081 1046 Adjnngit
1098 1010 1193 1045 primis
1203 1009 1254 1037 alia
1270 1009 1353 1038 etiam
1368 1008 1530 1043 gravissima
1549 1005 1664 1034 crimina
1679 1004 1708 1032 in

919 1056 1024 1084 divites.
1060 1056 1127 1083 Nam
1153 1060 1332 1092 praeterquam
1364 1053 1435 1089 quod
1471 1052 1591 1080 avaritiae
1624 1050 1708 1078 dediti

918 1103 1023 1136 sint,et
1042 1110 1124 1137 supra
1154 1102 1261 1130 modum
1283 1100 1429 1128 'tenuiores
1451 1099 1625 1134 opprimant,
1657 1096 1710 1123 hoc

919 1149 982 1176 mali
1011 1136 1115 1176 accedit
1139 1149 1232 1180 etiam,
1255 1152 1285 1174 ut
1312 1147 1367 1174 sint
1387 1145 1543 1181 frequentes
1556 1144 1582 1170 in
1601 1136 1708 1176 'perpoa

920 1195 1079 1228 rationibus,
1096 1199 1125 1222 ut
1140 1195 1246 1222 luxuria
1260 1193 1392 1224 diffluunt,
1408 1196 1436 1219 ut
1450 1188 1708 1220 comessationibus,

919 1241 1096 1269 ebrietatibus
1127 1241 1279 1273 continuis,
1300 1239 1459 1273 exterisque
1487 1236 1565 1264 malis
1588 1243 1647 1270 quae
1673 1241 1708 1261 ex

919 1287 1009 1315 carnis
1036 1287 1149 1315 libidine
1177 1287 1313 1318 oriuntur,
1347 1283 1597 1312 commaculentur:
1628 1281 1709 1315 idque

918 1332 1026 1367 iugiter,
1048 1332 1158 1366 perinde
1173 1331 1248 1366 quasi
1265 1332 1315 1358 hoc
1328 1331 1403 1358 omni
1424 1335 1544 1364 tempore
1564 1335 1594 1355 se
1609 1328 1709 1354 debere

919 1378 1008 1406 facere
1020 1378 1218 1405 existimarent.
1240 1377 1383 1412 Opulentia
1399 1375 1471 1403 enim
1487 1374 1595 1402 abunde
1611 1373 1709 1400 stimu-

919 1425 976 1452 lare
1002 1427 1090 1460 potest
1110 1423 1144 1450 ad
1178 1423 1339 1458 voluptates,
1361 1427 1524 1455 omnemque
1550 1419 1704 1447 satietatem

919 1471 945 1498 in
969 1471 1022 1498 illis
1046 1470 1150 1498 tollere.
1175 1470 1210 1497 At
1241 1478 1251 1495 ‹
1266 1468 1311 1504 qui
1337 1468 1453 1496 seminat
1475 1467 1502 1494 in
1532 1472 1625 1497 carne,
1640 1474 1650 1491 ›
1677 1468 1709 1491 ut

919 1515 1006 1550 inquit
1022 1515 1129 1548 Paulus.
1148 1523 1157 1541 t
1173 1522 1208 1542 ex
1223 1521 1305 1542 carne
1323 1513 1416 1540 metict
1431 1511 1632 1546 corruptionem
1648 1509 1682 1536 ⁸⁸.
1697 1517 1706 1535 ι

881 1550 902 1579 c
920 1561 996 1589 Finis
1019 1561 1090 1589 enim
1118 1560 1276 1596 temporarii
1305 1560 1395 1592 luxus,
1426 1557 1506 1593 longa
1535 1561 1562 1584 et
1582 1554 1709 1591 perennis

920 1608 972 1635 erit
994 1608 1127 1643 lacryma,
1144 1612 1171 1635 et
1191 1607 1308 1634 carnalis
1331 1605 1476 1640 voluptatis
1493 1604 1607 1636 fructus,
1629 1602 1709 1629 inth

920 1655 982 1683 itus.
1005 1654 1139 1682 Describit
1174 1654 1266 1689 itaque
1289 1653 1419 1688 propheta
1446 1650 1524 1678 nobis
1552 1648 1708 1676 Judzeormn

919 1701 1030 1735 fastum,
1058 1706 1086 1729 et
1128 1700 1378 1729 immoderationem
1417 1698 1520 1730 luxus,
1542 1695 1709 1730 elfusamque

919 1747 1166 1782 intemperantiam.
1195 1745 1281 1774 Omne
1310 1744 1383 1772 enim
1418 1747 1523 1778 tempus
1555 1740 1643 1768 ventri
1677 1747 1710 1766 ac

919 1792 988 1827 gula:
1007 1791 1139 1824 tribuunt,
1159 1790 1211 1818 sub
1225 1796 1352 1817 auroram
1381 1787 1496 1815 siceram
1522 1790 1656 1821 quaerunt,
1681 1789 1710 1810 ct

919 1838 952 1865 ad
972 1837 1038 1865 solis
1053 1843 1163 1864 cursum
1173 1834 1388 1871 compotationes
1405 1832 1579 1868 protrahunt,
1599 1837 1709 1864 perma—

920 1888 1016 1912 nentes
1028 1885 1114 1917 usque
1139 1882 1173 1910 ad
1196 1887 1349 1916 vesperum.
1373 1878 1468 1907 Vinum
1494 1877 1566 1905 enim
1584 1875 1710 1903 inccndet

919 1937 976 1957 eos.
993 1929 1100 1957 Excitat
1124 1928 1223 1964 quippe
1245 1928 1272 1954 in
1288 1925 1438 1954 visceribus
1452 1923 1563 1959 largiter
1590 1922 1709 1950 bibentis

919 1975 998 2012 plane
1028 1975 1165 2011 quoddam
1198 1973 1363 2001 incendium.
1401 1971 1470 2005 Quin
1498 1974 1525 1998 et
1547 1969 1600 1996 alio
1629 1968 1709 1996 modo

921 2023 1011 2050 viuum
1031 2021 1177 2049 succendet
1196 2019 1254 2047 haec
1271 2017 1412 2045 ebrietatis
1431 2015 1576 2051 mancipia.
1595 2013 1708 2042 Occasio

920 2069 1048 2097 nimirum
1077 2068 1129 2096 erit
1162 2071 1191 2095 ut
1218 2057 1379 2100 supplicium
1415 2064 1448 2091 de
1477 2063 1530 2090 illis
1562 2065 1705 2094 sumatur;

920 2116 1052 2151 siquidem
1071 2115 1259 2148 incendentur,
1281 2111 1396 2148 ablegati
1412 2111 1440 2138 in
1460 2110 1586 2136 llamman
1610 2107 1711 2142 scrupi-

921 2166 1035 2192 tcrnam,
1054 2159 1161 2186 diabolo
1171 2158 1283 2194 ejusque
1297 2157 1400 2192 angelis
1411 2155 1585 2184 destinatam.
1598 2153 1709 2180 Scilicet

921 2207 984 2233 hinc
995 2206 1118 2233 ebriosus
1136 2213 1188 2232 una
1201 2212 1261 2232 cum
1280 2205 1340 2231 aliis
1363 2202 1485 2238 profanis
1498 2208 1513 2227 a
1531 2200 1585 2227 Deo
1614 2205 1710 2226 exsors

921 2253 983 2285 erit,
999 2257 1025 2280 et
1044 2259 1156 2286 regnum
1185 2251 1315 2279 caelorum
1341 2249 1497 2284 neutiquam
1534 2245 1708 2280 ingredietur.

921 2300 1040 2327 Observa
1057 2304 1147 2325 autem
1167 2304 1269 2333 quanta
1297 2296 1381 2324 fuerit
1407 2295 1471 2322 olim
1501 2293 1655 2321 Judazorum
1682 2291 1710 2317 in

922 2345 1104 2382 voluptatibus
1126 2345 1314 2373 consectandis
1334 2343 1485 2372 cil'renatio.
1511 2340 1564 2368 Ubi
1593 2346 1712 2373 namque

922 2394 1033 2421 cithara?
1044 2400 1125 2420 sonus
1141 2397 1193 2425 est,
1205 2397 1232 2420 et
1253 2397 1441 2427 tympanorum
1457 2389 1563 2425 pulsus,
1577 2395 1608 2414 ac
1624 2385 1713 2413 tibici-

923 2447 986 2467 num
1005 2443 1152 2467 concentus
1171 2446 1234 2466 cum
1260 2444 1434 2465 numerorum
1465 2434 1649 2463 concinnitate
1683 2437 1711 2459 ει

921 2486 1071 2522 plausibus,
1084 2486 1120 2513 ibi
1133 2485 1244 2513 omnino
1266 2490 1308 2512 est
1325 2489 1352 2511 et
1367 2489 1448 2511 omne
1467 2489 1552 2517 genus
1569 2479 1713 2511 foeditatis,

923 2540 1009 2568 eaque
1046 2533 1115 2560 liunt
1152 2533 1222 2560 clam
1260 2531 1294 2560 ab
1324 2531 1377 2558 illis
1403 2537 1462 2565 qua:
1494 2535 1571 2563 turpe
1600 2531 1643 2555 est
1671 2526 1712 2553 τοι

923 2579 1022 2607 dicere.
1046 2578 1122 2612 Quod
1142 2578 1251 2613 quidem
1271 2576 1464 2612 impedimento
1491 2575 1544 2602 illis
1562 2578 1614 2606 est,
1643 2580 1712 2607 quo-

923 2626 1012 2653 minus
1032 2624 1145 2660 gloriam
1160 2624 1205 2652 Dei
1229 2624 1397 2654 intueantur,
1416 2621 1529 2656 ejusque
1560 2626 1642 2654 opera
1671 2623 1713 2645 ut-

923 2673 1043 2701 tendant.
1059 2673 1125 2700 Nam
1146 2677 1173 2699 ut
1186 2672 1310 2706 corporis
1324 2669 1428 2702 oculus,
1442 2668 1485 2696 vél
1511 2667 1622 2703 pulvere
1643 2665 1712 2700 inje~

923 2724 985 2752 cto,
1014 2719 1056 2747 vel
1080 2719 1210 2754 lippidine
1231 2717 1334 2750 offusa,
1363 2716 1405 2744 vcl
1429 2716 1590 2743 obturbante
1616 2713 1707 2738 vulne-

923 2774 964 2800 re,
992 2766 1064 2794 clare
1090 2773 1143 2793 non
1167 2768 1256 2800 potest
1281 2764 1389 2792 videre:
1417 2762 1457 2790 sic
1484 2766 1561 2789 meas
1591 2757 1716 2785 humana,
