1887 3054
64 148 113 176 ιεε

67 207 152 237 Τόπος
163 205 192 231 δὲ
213 206 323 241 μᾶλλον
340 209 355 234 ὁ
367 208 448 245 ᾅδης,
465 210 510 236 καὶ
533 209 625 244 ψυχῶν
649 208 748 234 ἀθλίων
770 205 880 242 agnas;

69 252 272 288 δεσμωτήριον.
292 254 408 281 Οὐκοῦν
428 255 483 282 τῶν
509 255 537 281 ὲν
560 255 629 290 τῷδε
653 253 691 288 τῷ
716 253 766 288 βίῳ
782 253 877 286 ἐντρυ-

75 300 186 335 etii-num
212 299 305 335 ψυχαὶ
339 303 552 336 κατοιχήσονται
584 301 633 336 μὲν
660 302 699 331 εἰς
723 299 768 326 τὸν
795 299 878 334 ᾅδην,

78 346 305 382 κατεμπλὴσουσι
321 347 351 374 δὲ
364 347 461 383 ὥσπερ
471 348 520 382 τὴν
535 347 634 382 ψυχήν.
653 346 708 374 Καί
718 355 743 372 τι
759 345 880 372 τοιοῦτον

79 394 143 429 ἡμῖν
167 392 183 417 ό
208 391 362 424 Θεσπέσιος
392 391 509 427 μελῳδὸς
543 391 685 426 ὑποδηλοῐ,
706 391 793 424 λέγων
816 389 880 424 περὶ

79 440 181 472 :isqg,
192 436 282 472 οἶμαι,
297 437 391 473 ψυχῆς
403 439 545 474 φιληδόνου
560 446 590 464 τε
607 438 654 464 καὶ
669 437 880 472 φιλαμαρτήμο-

79 491 140 513 νος·
157 483 358 510 Εἱσελεὺσεται
382 483 436 516 ἕως
452 484 548 518 γενεᾶς
567 483 694 519 πατέρων
717 482 810 514 αὑτοῦ,
829 482 880 513 ’ἐως

78 528 181 560 αἰῶνος
202 529 256 556 οὐκ
280 529 380 563 ὄψεται
404 529 472 564 φῶς.
496 529 602 565 Ὥσπερ
623 530 677 564 γὰρ
700 529 764 560 τοὺς
787 527 880 562 ἁγίους

78 575 347 610 ἀπαλλαττομένους
363 575 419 601 τῶν
433 575 494 603 καθ’
510 576 585 611 ἡμᾶς
600 575 782 611 πραγμάτων,
797 582 882 609 προσ-

78 620 198 655 τεθῆναι
223 630 292 657 φησι
318 621 349 648 τὸ
371 621 493 657 Γράμμα
517 622 550 648 τὸ
573 622 644 657 ῐερὸν
665 622 722 652 τοῖς
746 619 882 656 πατράσιν

80 667 178 694 αὐτῶν
188 675 194 681 ο
204 668 315 703 εἴρηται
323 667 379 703 γάρ
393 676 445 694 που
458 667 525 703 πρὸς
532 667 577 694 τὸν
588 667 723 702 μακάριον
737 666 862 701 Ἀϐραάμ
874 673 881 680 ·

85 724 95 739 ι
110 714 168 740 Καὶ
183 715 215 740 σὺ
231 713 407 750 προστεθήσῃ
422 714 491 748 πρὸς
502 715 564 745 τοὺς
575 714 696 750 πατέρας
709 722 755 740 σου
771 712 883 748 τραῳεὶς

83 762 113 786 ὲν
137 761 214 796 γήρᾳ
238 760 332 795 καλῷ·
350 770 370 791 ιγ
385 761 457 788 οὕτω
481 761 527 788 χαὶ
554 761 617 792 τοὺς
645 759 831 790 τελευτῶντας
855 760 884 785 ἐν

84 805 242 840 ἁμαρτίαις
255 806 295 837 εἰς
310 806 408 839 γενεὰν
426 806 551 841 πατέρων
565 805 656 832 αὐτῶν
667 803 885 839 ἁποδραμεῐσθαί

83 856 197 882 φαμεν,
212 849 334 885 πατέρας
346 850 437 877 αὐτῶν
448 849 516 876 εἷναι
536 849 660 883 λέγοντες
674 849 736 880 τοὺς
749 848 884 884 ὁμοιοειόἦ

85 895 137 920 καὶ
148 894 196 922 διὰ
212 895 324 922 πάντων
345 895 407 931 ἴσην
425 897 472 923 καὶ
490 896 590 931 ὁμοίως
606 895 720 930 ἔχουσαν
734 894 885 926 διαζῶντας

84 940 174 975 ζωήν.
200 941 233 967 Εἰ
250 941 279 967 δὲ
305 941 337 976 δὴ
362 941 467 976 λέγοιτο
486 940 588 977 πλῆθος
613 940 682 968 εἶναι
703 941 820 976 νεκρῶν,
841 940 886 967 διὰ

85 987 168 1021 λιμὸν
182 987 232 1013 καὶ
243 988 323 1022 δίψαν
339 987 446 1019 ὕδατος,
460 988 546 1014 ἐκεῖνό
561 996 662 1022 φαμεν,
678 988 691 1014 ὅ
702 996 728 1013 τι
746 987 885 1022 γέγραφεν

92 1031 231 1068 Ἰώσηπος
256 1033 270 1058 ὁ
288 1033 338 1068 τῆς
360 1033 493 1060 Ἰουδαίων
511 1035 653 1069 συμφορᾶς
674 1033 886 1069 ἐκτραγῳδὴσας

85 1078 126 1113 τῷ
145 1079 198 1114 βὶῳ
219 1079 252 1105 τδ
275 1079 393 1114 μέγεθος
408 1087 415 1095 ·
444 1081 484 1106 ὅτι
509 1079 745 1115 πολιορκουμένης
766 1079 816 1114 τῆς
838 1078 886 1104 Ἰε-

88 1125 237 1160 ρουσαλὴμ
248 1125 348 1160 γύναια
368 1126 417 1161 μὲν
429 1126 608 1160 κατεδήδοκεν
620 1125 638 1153 ἃ
652 1125 778 1152 τετόκασι
794 1125 884 1160 κορία,

87 1172 206 1206 ἣττοντο
221 1172 250 1198 δὲ
271 1172 372 1204 παντὸς
387 1172 439 1199 ὑπὸ
455 1172 534 1207 λιμοῦ
552 1173 600 1198 καὶ
616 1173 739 1207 ἀνάγκης
757 1171 804 1198 τοῦ
830 1173 886 1203 τοῖς

86 1218 197 1245 ὀδοῦσιν
212 1219 343 1250 εἴκοντος.
359 1219 424 1246 ’Ὁτι
441 1219 469 1245 δὲ
483 1219 533 1245 οὐκ
552 1219 582 1245 ἐν
607 1219 674 1254 μόνῃ
691 1218 769 1245 τοῦτο
792 1219 886 1253 γέγονε

88 1265 122 1298 τῇ
153 1265 354 1300 Ἰερουσαλὴμ,
388 1264 456 1292 ἀλλὰ
484 1265 532 1291 καὶ
562 1267 590 1291 ἐν
612 1266 671 1296 ταῖς
702 1265 810 1300 ἑτέραις
838 1265 887 1300 τῆς

97 1312 233 1342 Ἰουδαίας
254 1311 378 1342 πόλεσιν,
403 1311 460 1343 πῶς
475 1311 507 1338 ἂν
528 1312 544 1347 ἣ
568 1311 650 1338 πόθεν
667 1311 814 1338 ὲνδοιάσειὲ
825 1320 886 1345 τις;

93 1358 200 1385 Οὐκοῦν
218 1358 340 1384 πλεῖστοι
357 1358 407 1392 μὲν
421 1358 478 1384 ὅσοι
501 1358 699 1392 δεδαπάνηνται
711 1357 749 1393 τῷ
765 1357 886 1393 πολέμῳ,

92 1406 140 1431 καὶ
153 1404 333 1432 πεπτώκασιν
349 1405 378 1431 ἐν
391 1404 556 1440 μαχαίραις·
571 1405 676 1431 πολλῶν
691 1405 720 1431 δὲ
736 1404 790 1431 τῶν
803 1404 888 1436 οὕτως

93 1452 274 1479 ἀπολωλότων
287 1452 415 1483 πλείονας
426 1453 441 1487 ἡ
451 1451 498 1478 τοῦ
507 1451 587 1486 λιμοῦ
597 1451 776 1487 κατέφθειρεν
792 1451 888 1487 ἀγριό-

92 1507 152 1534 της.
170 1499 202 1525 Εἰ
212 1498 241 1525 δὲ
253 1499 284 1534 δή
299 1507 341 1530 τις
362 1498 448 1532 λέγοι,
460 1498 507 1525 καὶ
525 1497 630 1533 νοητῶν
642 1497 747 1525 ὑδάτων
763 1497 888 1532 γενέσθαι

94 1546 204 1576 σπάνιν,
229 1545 277 1571 καὶ
295 1545 402 1580 τροφῆς
423 1545 472 1579 τῆς
494 1544 570 1575 Θείας
595 1543 808 1578 δεδυσσεϐηκόσι
833 1544 889 1574 τοῖς

99 1592 254 1623 Ἰουδαίοις·
267 1591 439 1618 ἀπολωλέναι
454 1591 482 1617 δὲ
493 1590 578 1622 οὕτως
591 1590 700 1621 αὐτοὺς,
715 1589 762 1616 καὶ
778 1587 832 1616 οἷον
848 1590 888 1621 el;

93 1639 157 1675 ᾅδου
178 1637 365 1670 καθικέσθαι,
385 1637 430 1664 διά
448 1646 480 1672 γε
500 1637 548 1664 τοῦ
574 1637 611 1672 μὴ
634 1635 824 1668 ζωοποιεῖσοαι
846 1635 890 1662 διὰ

94 1685 227 1721 Χριστοῦ,
267 1685 330 1712 καθ’
356 1684 504 1720 ὁμοιότητα
531 1683 585 1709 τῶν
608 1683 814 1709 πιστευσάντων
850 1683 890 1713 εἰς

95 1733 191 1760 αὑτὸν·
209 1733 261 1759 οὐκ
277 1732 310 1759 ἂν
325 1732 445 1767 ἁμάρτοι
456 1730 503 1757 τοῦ
520 1729 648 1764 ἀληθοῦς.
660 1729 822 1765 Συμϐέῦηκε
835 1729 889 1764 γὰρ

93 1779 199 1810 αὐτοὺς
220 1777 269 1804 καὶ
284 1777 365 1804 τοῦτο
384 1775 583 1802 παθεῖν.’Λλλὰ
594 1775 667 1806 τίνες
683 1774 715 1801 ἂν
731 1774 852 1810 νοηθεῖεν
866 1774 890 1800 οι

93 1823 312 1855 καταϐαίνοντες
325 1843 332 1854 ,
347 1820 389 1854 οἷς
408 1822 456 1849 καὶ
470 1821 551 1853 αὐτὸς
570 1822 584 1847 ὁ
600 1821 667 1856 ᾅδης
688 1820 891 1847 καταπλατύνει

93 1870 238 1906 τήν-ὶδέαν
261 1869 367 1904 ψυχὴν,
396 1868 443 1895 καὶ
461 1868 491 1895 τὸ
508 1867 645 1904 ἄπληστον
667 1867 769 1900 ἀνοίξει
782 1863 890 1902 στόμα,

95 1915 274 1952 προσεπάγει
291 1914 379 1948 λέγων
389 1921 396 1928 ’
412 1915 443 1940 Οἱ
456 1912 557 1945 ἔνδοξοι
572 1913 618 1940 καὶ
630 1913 654 1939 οἱ
671 1912 794 1948 μεγάλοι,
807 1912 854 1938 καὶ
867 1913 891 1938 οἱ

96 1962 242 1994 πλούσιοι,
262 1961 309 1987 καὶ
335 1961 361 1986 οἱ
381 1959 470 1995 λοιμολ¹
495 1959 590 1994 αὐτῆς.
616 1958 724 1993 Ἐπειδῆ
745 1958 800 1993 γὰρ
822 1955 893 1993 ἦσαν

95 2008 152 2034 τῶν
168 2007 224 2034 ἀνὰ
246 2007 337 2033 πᾶσαν
348 2005 398 2041 τὴν
410 2004 501 2040 χώραν
520 2003 667 2039 ἡγούμενοι
683 2003 730 2034 καὶ
745 2002 894 2038 περιφανέ-

96 2062 203 2089 στεροι,
221 2052 256 2079 δι’
273 2051 364 2078 αὐτῶν
377 2048 412 2086 ἦν
431 2049 504 2081 εἰκὸς
522 2048 818 2084 παιδαγωγηθήσεσῦαι
844 2057 894 2075 κα-

97 2100 153 2131 λῶς
166 2100 200 2125 τὸ
215 2098 337 2133 ὑπήκοον
347 2105 353 2112 ·
366 2095 436 2122 ἀλλὰ
453 2095 533 2122 τοῦτο
552 2095 601 2130 μὲν
617 2095 667 2121 οὐκ
690 2094 786 2130 ἔδρων,
806 2094 893 2120 Τύποι

95 2147 126 2173 δὲ
142 2146 241 2181 ὥσπερ
255 2145 302 2171 καὶ
317 2142 502 2178 ὑπογραμμὸς
518 2142 647 2176 γεγόνασι
662 2142 718 2172 τοῖς
739 2140 829 2172 ἄλλοις
846 2140 894 2176 τῆς

97 2193 242 2227 {rapi-.01:
264 2190 349 2225 ζωῆς,
367 2190 415 2215 καὶ
439 2189 505 2223 πρὸς
527 2187 625 2219 αὐτούς
645 2186 696 2213 πού
714 2195 781 2222 φησι
803 2186 894 2221 λόγιον

99 2241 191 2275 ἱερόν·
214 2248 223 2265 ι
241 2238 303 2264 Ὅτι
329 2236 413 2269 παγὶς
428 2234 575 2270 ἐγενήθητε
592 2235 624 2269 τῇ
650 2234 751 2269 σκοπιᾷ
763 2253 770 2265 ,
787 2233 836 2260 καὶ
857 2233 894 2265 ὡς

99 2286 210 2313 δίκτυον
225 2281 410 2317 ἐκτεταμένον
425 2280 471 2307 ἐπὶ
485 2280 515 2306 τὸ
531 2279 691 2314 Ἰταϐύριον,
702 2278 716 2305 ὅ
730 2280 754 2305 οἱ
767 2278 896 2314 ἀγρεύον-

99 2341 146 2365 τες
172 2331 221 2367 τὴν
244 2330 332 2365 θήραν
361 2326 529 2362 κατέπηξαν.
559 2336 568 2353 ι
601 2327 682 2362 Ὁρᾷς
713 2326 786 2357 ὅπως
813 2326 897 2359 παγὶς

104 2379 304 2414 καὶνθήρατρον
318 2374 449 2410 γεγόνασι
477 2375 532 2405 τοῖς
551 2373 656 2403 λοιποῖς
671 2392 678 2404 ,
701 2372 743 2398 ὄτι
765 2372 812 2398 καὶ
835 2373 898 2403 ταῖς

103 2427 157 2455 ⁴τῶν
168 2424 333 2461 ἡγουμένων
344 2419 516 2451 ὲπιεικείαις,
526 2419 572 2446 καὶ
586 2419 679 2454 μέντοι
690 2418 737 2444 καὶ
750 2417 898 2453 ῥᾳθυμίαις

104 2473 146 2500 ἀεί
157 2480 215 2503 πως
226 2469 346 2497 ἕπεσθαι
359 2467 432 2502 φιλεῖ
446 2466 475 2493 τὸ
491 2466 620 2500 ὑπήκοον.
632 2463 737 2491 Οὐκοῦν
749 2464 786 2496 ὡς
800 2464 900 2499 παραί-

105 2528 154 2546 τιοι
166 2517 312 2553 γεγονότες
327 2514 421 2548 σφίσιν
442 2513 557 2543 ἑαυτοῖς,
573 2511 621 2537 καὶ
635 2511 692 2542 τοῖς
706 2510 797 2541 ἄλλοις
812 2509 898 2537 ἅπασι

105 2565 149 2592 τοῦ
163 2562 319 2591 ἀπολέσθαι
337 2560 410 2592 δεῖν,
427 2558 529 2594 πρῶτος
549 2557 749 2590 καταϐήσονται
770 2556 818 2582 καὶ
834 2564 900 2591 προ-

105 2611 242 2638 uaso-.5”
268 2608 312 2638 εἰς
345 2605 429 2641 ᾅδου,
449 2603 625 2638 Eximit-3311;
652 2602 752 2638 τρόπον
775 2601 837 2628 τινὰ
855 2601 902 2628 καὶ

106 2658 154 2693 πρό
165 2666 197 2691 γε
213 2655 271 2682 τῶν
289 2652 384 2680 ἄλλων
400 2651 491 2681 αὐτοῖς
504 2649 553 2684 τῆς
565 2649 640 2681 θείας
650 2647 745 2683 ὀργῆς.
761 2647 901 2682 Κολασθή-

104 2712 190 2731 σονται
214 2702 243 2728 δὲ
269 2700 324 2734 οὐχ
346 2699 390 2725 ὅτι
415 2696 534 2723 πλούσιοι
557 2695 605 2722 καὶ
627 2693 726 2726 ἔνδοξοι
747 2693 900 2728 γεγόνασιν,

101 2751 151 2780 ἀλλ’
174 2750 219 2777 ὅτι
238 2745 353 2782 λοιμοὶ.
377 2742 449 2770 τοῦτ’
465 2742 533 2773 ἔστι,
560 2741 655 2776 φῦοροὶ
682 2741 731 2767 καὶ
749 2739 900 2775 λυμεῶνες,

100 2798 138 2825 καὶ
154 2795 283 2825 ἑαυτῶν,
299 2791 342 2823 ὡς
360 2788 441 2824 ἔφην,
456 2788 501 2815 καὶ
518 2788 566 2823 τῆς
578 2787 708 2822 ἀγελαίας
725 2785 853 2822 πληθύος.
872 2786 902 2811 υἱ

455 2868 476 2884 ’⁸
496 2869 562 2896 Οαεο
577 2875 601 2900 r.
626 2867 648 2894 !.

127 2877 148 2897 "
182 2875 259 2910 Gen.
284 2879 334 2904 μ’,
373 2869 415 2897 i5-

657 149 688 178 ΙΝ
708 149 824 177 ISAlMl
847 146 911 174 LIB.
933 146 954 174 l.
973 146 1080 175 ORAT.
1102 146 1144 174 Ill.

1670 138 1720 166 154

895 206 917 234 Α
932 204 1074 232 exsistunt.
1092 203 1158 237 Qum
1179 203 1251 231 enim
1267 207 1310 230 est
1333 199 1432 229 inferni
1446 197 1562 227 animi?
1579 197 1666 225 Locus
1677 203 1722 231 po-

931 251 984 278 tius
999 255 1041 278 est
1066 251 1199 283 infernus,
1215 254 1243 277 et
1268 249 1421 276 animarum
1445 247 1610 274 miserarum
1629 249 1723 271 carcer

930 296 1067 324 horridus.
1084 297 1187 323 Anima:
1211 295 1292 331 igitur
1315 301 1409 322 eorum
1428 293 1472 327 qui
1485 292 1511 319 in
1528 291 1579 318 hac
1591 289 1646 316 vita
1661 286 1724 315 deli-

931 344 980 371 ciis
993 348 1020 369 et
1032 342 1215 376 voluptatibus
1227 341 1378 375 indulgent,
1396 340 1428 366 ad
1450 337 1589 366 infernum
1610 335 1723 362 descen-

930 390 1002 422 dent,
1018 393 1045 416 et
1066 389 1216 422 implebunt
1238 388 1314 422 quasi
1337 386 1397 420 ejus
1417 385 1547 412 animum.
1565 379 1725 416 Cuiusmodi

931 440 973 462 est
1005 435 1075 468 quod
1091 434 1169 461 nobis
1192 433 1300 460 divinus
1327 430 1479 458 modulator
1502 427 1666 456 snbindicat,
1686 424 1726 450 lo-

932 487 1029 515 quens.
1056 480 1165 514 opinor,
1192 479 1224 506 de
1250 478 1323 505 omni
1345 478 1435 504 anima
1462 483 1520 510 qum
1544 471 1726 506 voluptatibus

932 531 959 553 et
974 526 1047 553 vitiis
1063 525 1169 553 addicta
1185 529 1242 552 est:
1271 523 1439 557 lngredietur
1466 521 1498 547 ad
1518 519 1723 555 generationem

933 576 1038 606 patrum
1063 579 1184 603 suorum,
1204 571 1229 597 in
1255 569 1382 597 smcnlum
1413 574 1465 594 non
1499 566 1600 593 videbit
1626 564 1724 590 lnccm.

934 618 1000 645 Nam
1024 623 1053 644 ut
1070 623 1178 645 sanctos
1205 621 1298 644 nostra
1318 616 1367 642 hac
1391 612 1495 641 mortali
1510 611 1664 639 conditione
1678 610 1724 637 de-

934 665 1040 693 functos
1074 665 1196 699 patribus
1224 664 1280 691 suis
1310 661 1449 698 aggregari
1479 666 1557 687 sacra
1586 657 1728 691 Scriptura

934 715 1145 744 commemorat;
1161 710 1262 738 etenim
1287 709 1388 736 dictum
1403 712 1444 735 est
1459 708 1538 733 beato
1552 703 1707 730 Abraliamo
1720 710 1728 729 :

919 755 946 784 ~t
966 758 998 785 Et
1025 763 1053 785 tu
1079 757 1223 792 apponeris
1250 756 1284 784 ad
1314 760 1405 791 patres
1437 758 1513 785 tuos,
1543 750 1676 778 enutritus
1703 748 1730 775 in

935 807 1076 831 senectute
1099 803 1170 830 bona
1185 802 1227 829 δτι
1247 811 1256 828 ι
1275 801 1314 829 sic
1330 805 1357 828 et
1381 804 1503 827 mortuos
1519 797 1545 824 in
1560 795 1678 830 peccatis
1698 794 1732 821 ad

936 858 1019 884 genus
1050 854 1156 884 patrum
1187 855 1297 876 suorum
1318 852 1463 874 recurrere
1485 843 1614 872 dicimus,
1636 843 1729 876 patres

902 891 922 918 Β
937 904 984 923 eos
1008 895 1174 930 appellantes
1195 893 1239 928 qui
1258 901 1306 927 per
1320 892 1410 919 omnia
1437 888 1594 918 consimiles
1611 891 1690 919 sunt,
1704 889 1732 912 et

938 942 1066 976 aequalem
1080 941 1162 967 vitam
1179 940 1282 966 vivunt.
1296 938 1344 965 Sin
1358 945 1421 964 vero
1437 936 1508 964 dicat
1524 933 1725 965 multitudinem

938 994 998 1014 esse
1012 991 1179 1013 mortuorum
1201 993 1254 1020 pra:
1275 984 1346 1011 fame
1371 988 1397 1010 et
1413 982 1456 1009 siti
1481 987 1566 1014 aqum,
1583 979 1648 1005 illud
1661 977 1732 1004 dici-

938 1041 999 1061 mus
1012 1033 1082 1067 quod
1094 1031 1205 1066 scripsit
1215 1030 1358 1064 Iosephus.
1376 1029 1421 1064 qui
1435 1027 1555 1055 .ludaicte
1567 1023 1733 1053 calamitatis

938 1079 1151 1114 magnitudinem
1187 1075 1417 1111 tragieerlitteris
1448 1073 1576 1108 prodidit.
1608 1070 1733 1098 Obsessis

935 1126 989 1160 jam
1012 1123 1216 1159 Hierosolymis,
1232 1121 1397 1148 muliercula:
1411 1121 1526 1147 ederunt
1539 1125 1608 1152 quos
1623 1123 1735 1150 pepere-

937 1179 1000 1200 rant
1020 1172 1130 1202 liberos,
1146 1174 1174 1196 et
1190 1168 1319 1204 quidquid
1341 1168 1367 1194 in
1387 1167 1483 1193 dentes
1513 1164 1597 1195 venit,
1615 1163 1685 1189 fame
1702 1169 1736 1189 ac

938 1218 1101 1245 necessitate
1130 1218 1255 1251 urgente,
1272 1214 1447 1240 devorarunt.
1467 1209 1560 1244 Neque
1577 1207 1735 1235 hoc-solum

939 1263 1131 1298 Hierosolymis
1148 1262 1247 1289 factum
1266 1267 1343 1288 esse.
1361 1257 1408 1285 sed
1427 1261 1454 1284 et
1471 1256 1496 1283 in
1515 1254 1620 1282 caeteris
1637 1253 1736 1280 Judaae

938 1311 1068 1341 urbibus,
1097 1308 1232 1344 quomodo
1263 1306 1369 1333 dubitet
1395 1303 1551 1338 quispiam,
1587 1305 1615 1327 et
1640 1298 1736 1326 unde?

938 1356 1101 1389 Complures
1114 1354 1243 1381 nimirum
1256 1352 1327 1379 bello
1345 1349 1497 1383 consumpti
1511 1351 1584 1380 sunt,
1607 1351 1633 1373 et
1648 1346 1737 1380 gladio

939 1403 1116 1430 ceciderunt:
1142 1403 1170 1426 at
1200 1398 1293 1426 multis
1311 1397 1350 1424 sic
1367 1404 1382 1423 e
1394 1395 1484 1422 medio
1504 1393 1628 1424 sublatis,
1647 1393 1737 1426 plures

941 1454 1028 1476 tamen
1044 1447 1139 1474 inedia:
1152 1445 1242 1472 rabies
1262 1443 1389 1479 perdidit.
1403 1441 1451 1468 Sin
1464 1448 1528 1467 vero
1540 1440 1613 1466 dicat
1628 1438 1737 1472 aliquis,

941 1502 1072 1530 aquarum
1098 1492 1148 1520 sub
1164 1489 1369 1525 intelligentiam
1388 1487 1553 1518 cadentium,
1571 1485 1679 1519 cibique
1695 1483 1738 1510 di-

943 1540 998 1567 vini
1029 1538 1146 1573 inopiam
1181 1536 1274 1568 fuisse,
1303 1533 1404 1561 Judais
1437 1531 1520 1566 impie
1552 1523 1739 1562 scelerateque

942 1585 1107 1615 viventibus,
1126 1585 1218 1617 itaque
1239 1588 1286 1608 eos
1316 1579 1429 1615 periisse
1451 1582 1478 1604 et
1493 1577 1566 1604 velut
1584 1576 1617 1603 ad
1635 1575 1738 1602 inferos

940 1631 1104 1662 eoneedisse,
1123 1632 1264 1663 propterea
1281 1626 1352 1660 quod
1372 1632 1420 1659 per
1439 1623 1576 1650 Christum
1599 1622 1631 1647 ad
1655 1621 1738 1647 vitam

941 1677 1059 1706 revocati
1090 1684 1142 1703 non
1160 1674 1271 1705 fuerint,
1300 1671 1424 1705 exemplo
1448 1676 1544 1696 eorum
1562 1667 1648 1703 quiin
1677 1673 1739 1694 eum

941 1724 1128 1753 crediderant:
1149 1721 1171 1748 is
1187 1719 1346 1753 neutiquam
1365 1725 1379 1744 a
1395 1724 1460 1743 vero
1473 1714 1653 1742 aberravcrit.
1673 1712 1739 1739 Nam

941 1775 968 1800 et
987 1771 1040 1798 hoc
1058 1769 1097 1796 eis
1107 1767 1216 1795 accidit.
1235 1763 1409 1792 Caeterumlii
1425 1762 1470 1796 qui
1483 1760 1664 1791 descendunt,
1681 1758 1741 1793 qui-

941 1817 992 1844 bus
1003 1815 1059 1850 ipse
1073 1814 1141 1841 adeo
1162 1812 1284 1839 infernus
1301 1817 1377 1837 suam
1394 1808 1512 1835 animam
1525 1807 1628 1837 dilatat,
1642 1805 1699 1840 9o
1713 1809 1741 1832 et

942 1870 973 1891 os
988 1859 1162 1890 insaturabile
1183 1858 1296 1893 aperiet,
1317 1855 1429 1891 quinam
1463 1852 1650 1884 intelligantur
1668 1858 1739 1883 esse,

942 1908 1031 1945 pergit
1052 1913 1134 1942 porro
1158 1904 1313 1935 ostendere,
1337 1908 1399 1929 cum
1421 1899 1474 1926 ait:
1493 1898 1611 1930 Nobiles,
1631 1896 1732 1931 magni,

943 1941 1094 1986 divi—tes,“
1109 1954 1200 1986 pestes
1217 1949 1287 1984 ejus.
1309 1947 1375 1975 Nam
1394 1953 1454 1974 cum
1469 1945 1551 1972 t0tius
1565 1943 1684 1978 regionis
1699 1941 1739 1969 fa-

943 2001 995 2029 cile
1009 1998 1145 2035 principes
1158 1996 1322 2024 exsisterent
1349 1998 1377 2021 et
1409 1991 1573 2026 insigniores
1585 2009 1593 2021 ,
1614 1996 1663 2023 par
1681 1991 1741 2015 erat

944 2051 974 2075 ut
993 2045 1093 2074 subditi
1110 2042 1272 2071 rudimentis
1294 2039 1475 2076 paedagogicis
1494 2044 1542 2072 per
1563 2036 1623 2063 illos
1636 2036 1688 2062 rite
1700 2035 1742 2061 in-

945 2091 1138 2120 stitueremur:
1168 2088 1239 2122 quod
1272 2086 1309 2113 illi
1337 2085 1447 2120 quidem
1475 2083 1588 2110 minime
1608 2081 1742 2108 fecerant.

946 2138 1013 2174 Typi
1032 2137 1132 2172 quippe
1152 2139 1179 2162 et
1194 2133 1318 2168 exempla
1336 2131 1448 2159 fuerunt
1463 2129 1523 2157 aliis
1537 2129 1599 2156 vita:
1615 2135 1743 2155 exsecra-

945 2184 1024 2212 bilis:
1042 2190 1110 2217 quos
1123 2187 1229 2208 sacrum
1247 2177 1387 2206 oraculum
1402 2175 1501 2203 alicubi
1520 2173 1622 2201 affatur
1637 2183 1643 2199 :
1664 2183 1673 2199 ι
1692 2172 1744 2199 La-

911 2241 933 2269 ο
947 2237 1033 2265 qucus
1051 2228 1116 2255 facti
1131 2227 1198 2254 estis
1222 2222 1412 2260 speculationi,
1428 2226 1455 2249 et
1470 2220 1546 2248 velut
1571 2224 1627 2247 rete
1641 2225 1745 2252 expan-

949 2283 1009 2304 sum
1026 2281 1107 2309 super
1136 2270 1281 2306 ltabyrion,
1300 2268 1362 2304 quia
1386 2271 1519 2294 venantes
1541 2265 1626 2291 feram
1640 2263 1744 2290 deﬁxe-

951 2308 1072 2350 runt".i
1103 2319 1223 2346 Videsne
1250 2323 1304 2351 quo
1319 2316 1434 2349 laqueus
1463 2317 1490 2340 et
1509 2311 1601 2346 pedica
1631 2308 1744 2343 reliquis

951 2367 1073 2396 fuerint?
1096 2365 1229 2393 Nimirum
1266 2361 1456 2398 prchectorum
1491 2357 1671 2392 probitatem,
1701 2353 1745 2382 vel

947 2415 1028 2444 etiam
1056 2411 1207 2441 socordiam
1231 2408 1331 2437 imitari
1359 2407 1520 2441 plerumque
1545 2405 1747 2439 consueverunt

948 2459 1058 2489 subditi.
1078 2459 1169 2493 Itaque
1186 2463 1234 2484 ceu
1258 2458 1384 2484 auctores
1406 2456 1433 2480 et
1456 2458 1544 2478 causa:
1560 2450 1687 2477 interitus
1711 2453 1740 2475 et

950 2506 1001 2535 sibi
1025 2505 1090 2540 ipsis
1116 2509 1144 2531 et
1155 2503 1215 2530 aliis
1242 2501 1377 2532 omnibus,
1406 2498 1485 2534 primi
1512 2496 1688 2529 descemient,
1714 2498 1742 2521 et

952 2552 1104 2588 prmeipites
1121 2550 1200 2577 ibunt
1217 2548 1250 2575 ad
1278 2547 1391 2578 inferos,
1416 2545 1507 2571 divina
1537 2542 1578 2568 ira
1601 2545 1663 2568 ante
1680 2539 1747 2567 alios

952 2596 1153 2634 quodammodo
1181 2595 1208 2622 in
1231 2594 1304 2629 ipsos
1325 2592 1472 2620 insiliente.
1498 2588 1648 2616 Punientur
1670 2592 1746 2617 vero,

954 2653 1005 2672 non
1029 2645 1093 2679 quia
1123 2642 1221 2670 divites
1249 2644 1276 2668 et
1295 2638 1399 2666 nobiles
1422 2641 1494 2669 sunt,
1511 2634 1557 2662 sed
1574 2634 1636 2668 quia
1647 2635 1746 2667 pestes,

955 2693 980 2720 id
995 2678 1046 2724 est,
1066 2691 1139 2718 labes
1154 2693 1180 2717 et
1192 2689 1250 2715 lues
1275 2692 1329 2714 tum
1344 2685 1384 2712 sui
1403 2683 1536 2719 ipsorum,
1554 2679 1593 2707 uti
1611 2678 1678 2709 dixi,
1691 2681 1746 2704 tum

956 2721 1045 2773 gregis
1071 2735 1200 2763 universi.
1221 2733 1264 2766 Hi,
1287 2731 1383 2766 inquit,
1409 2729 1453 2764 qui
1470 2733 1566 2762 magno
1584 2729 1688 2751 tumore
1705 2721 1747 2747 in~

957 2766 1019 2812 uati"
1038 2786 1111 2815 sunt,
1134 2780 1281 2810 reddentur
1308 2775 1404 2812 abiecti
1434 2779 1460 2803 et
1481 2768 1645 2802 inhonorati.
1659 2766 1747 2817 Quem
