1887 3054
199 189 248 216 171

697 188 726 215 S.
747 186 882 216 CYRILLI
904 188 1138 216 ALEXANDRINI
1159 189 1317 217 AllCHlEP.

1786 190 1837 217 l7!

202 249 267 276 mini
283 249 357 284 juxta
369 249 458 275 omnia
474 254 534 282 quae
563 247 663 275 iecerat
679 247 801 275 Amasias
820 253 895 282 pater
913 249 986 284 ejus:

1043 250 1089 276 καὶ
1105 249 1171 276 δέκα
1191 250 1258 276 ἐτῶν
1275 247 1308 285 ἦν
1326 249 1354 276 ἐν
1369 249 1407 285 τῷ
1419 248 1570 284 βασιλεύειν
1586 248 1680 280 αὑτὸν,
1701 249 1749 275 καὶ
1766 257 1835 275 πεν-

202 297 320 321 attamen
341 292 445 321 excelsa
461 299 514 320 neu
529 292 649 320 sustulit.
663 293 757 320 Adhuc
771 294 884 328 populus
902 296 987 322 sacri-

202 340 304 371 ﬁcavit,
319 343 346 366 et
369 337 484 366 militum
510 337 573 365 fecit
591 338 618 365 in
632 338 761 366 excelsis.
777 338 877 375 Tetigit
896 344 987 366 autem

196 385 333 413 :Dominus
357 391 456 418 regem,
479 388 507 411 et
525 383 598 419 lepra
616 388 757 419 correptus
768 389 827 412 erat
845 392 932 420 usque
956 385 988 411 ad

202 431 272 458 diem
286 431 380 457 mortis
394 438 450 457 sua:
465 431 485 456 ³.
502 439 510 456 ι
530 429 591 457 llaec
606 429 713 464 quidem
729 430 755 456 in
769 429 879 464 Regnis.
896 430 922 457 In
938 430 989 457 Pn-

188 493 190 495 -
203 476 377 510 ralipomenis
389 476 465 511 ιοι
479 480 581 508 autem.
596 480 625 502 ut
635 476 690 504 dixi
707 484 713 502 :
731 486 740 501 ί
753 475 785 503 Et
799 476 962 507 ntobtinuit,
976 486 985 502 ι

202 523 303 557 inquit,
316 530 325 547 ε
343 521 443 549 elatum
457 526 500 549 est
510 529 558 549 cor
572 521 631 556 ejus
651 523 684 549 ad
703 522 939 557 corrumpendum.
956 522 988 551 Et

201 568 300 603 injuste
320 569 375 602 egit
396 572 489 595 contra
504 567 646 594 Dominum
660 567 742 594 Deum
760 575 849 600 suum,
865 568 989 595 intravit-

200 621 252 647 que
273 612 400 647 templum
415 612 518 639 Domini
538 615 567 639 ut
583 612 703 640 adoleret
719 613 744 640 itt
758 613 835 640 altari
851 612 988 640 sttﬂimon-

201 663 299 686 torum.
312 658 433 685 Introivit
453 663 541 685 autem
553 664 614 692 post
627 658 716 692 ipsum
738 658 882 686 Zacharias
897 666 987 686 sacer-

201 704 260 737 dos,
274 708 301 730 et
316 710 367 730 una
380 710 440 730 cum
454 710 487 730 eo
501 702 654 729 sacerdotes
667 701 772 729 Domini
788 703 923 737 octoginta
936 703 988 729 duo

202 753 393 784 pra‘potentes,
410 753 437 775 et
452 749 559 775 stabant
574 753 668 775 contra
681 747 774 774 Oziam
793 755 892 784 regem,
906 753 931 775 et
948 749 989 775 in-

202 795 298 830 quiunt
315 803 321 822 :
343 793 400 822 Non
418 794 480 821 licet
497 794 557 824 tibi,
578 793 654 824 Ozia,
677 793 785 820 adolere
798 792 922 825 Domino,
941 794 987 821 sed

187 863 190 865 .
204 848 288 875 penes
297 848 346 867 nos
356 844 408 871 est,
418 839 463 874 qui
476 838 625 866 sacerdotio
637 838 782 872 fungimur,
793 839 837 874 qui
849 838 895 865 lilii
905 839 987 866 Aaro-

202 886 243 914 nis
263 893 371 918 sumus,
386 885 432 920 qui
449 884 652 911 sanetitlcamur
671 884 704 911 ad
724 884 894 911 adolendum.
909 884 956 911 Exi
973 892 987 912 e

1040 296 1156 330 τήκοντα
1180 297 1228 322 καὶ
1253 295 1299 322 δύο
1328 295 1374 331 ἔτη
1399 295 1572 322 ἐϐασίλευσεν
1593 295 1621 321 ὲν
1640 294 1837 330 Ἰερουσαλὴμ,

1040 342 1085 368 καὶ
1098 341 1183 376 ονομα
1198 341 1247 376 τῆς
1266 341 1368 377 μητρὸς
1387 340 1470 368 αὑτοῦ
1483 340 1571 368 Χαλία
1591 339 1620 373 ἐξ
1639 340 1836 376 Ἰερουσαλήμ.

1039 386 1093 412 Καὶ
1110 386 1221 421 εποίησε
1237 386 1268 412 τὸ
1284 386 1392 417 εὐσεϐὲς
1407 387 1436 412 ἐν
1459 386 1606 421 ὀφθαλμοῖς
1628 385 1745 422 Κυρίου,
1761 386 1839 413 κατὰ

1039 432 1130 458 πάντα
1144 432 1195 458 ὅσα
1208 431 1335 467 ἐποίησεν
1355 431 1487 467 ’Δμαζίας
1505 432 1519 458 6
1540 431 1632 467 πατὴρ
1646 431 1742 459 αὑτοῦ.
1758 432 1837 466 Πλὴν

1039 477 1092 503 τῶν
1108 476 1217 511 ὑψηλῶν
1231 476 1281 503 οὐκ
1296 476 1401 511 ἐξῆρεν
1426 475 1466 502 ἔτι
1482 477 1496 502 6
1524 476 1586 508 λαὸς
1598 476 1744 508 ὲθυσίαζεν
1754 495 1764 506 .
1787 477 1838 502 καὶ

1039 521 1153 557 ἐθυμίαν
1168 522 1197 548 ὲν
1213 523 1268 553 τοῖς
1284 521 1407 556 ὑψηλοῖς.
1428 522 1484 548 Καὶ
1498 521 1587 556 ἥψατο
1597 521 1699 556 Κύριος
1717 521 1767 548 τοῦ
1786 521 1839 557 βα-

1040 567 1144 598 σιλέως.
1160 567 1215 593 Kal
1225 564 1260 602 ἦν
1272 567 1476 607 λελεπρωμένος
1499 567 1552 598 ἓως
1580 566 1686 602 ἡμέρας
1712 567 1838 594 θανάτου

1037 612 1129 639 αὑτοῦ.
1149 622 1158 638 ι
1177 613 1232 639 Kal
1242 612 1321 639 ταυτὶ
1346 613 1395 648 μὲν
1421 613 1450 639 ὲν
1466 613 1526 644 ταῖς
1551 612 1715 644 Βασιλείαις.
1744 613 1791 639 'Ev
1806 613 1837 639 δὲ

1039 658 1301 693 Παραλειπομὲναις,
1315 657 1352 689 ὡς
1367 657 1443 693 ἔφην’
1461 666 1470 682 ι
1484 657 1584 689 Καὶὼς
1599 657 1760 692 κατίσχυσε,
1780 666 1838 691 φηυ

1040 705 1091 736 σίν,
1112 704 1207 739 ὑψώθη
1220 705 1236 739 ὴ
1253 703 1349 739 καρδία
1359 703 1440 730 αὐτοῦ
1461 703 1649 738 καταφθεῖραι.
1664 703 1721 729 Καὶ
1733 703 1836 738 ἠδίκη-

1039 759 1084 776 σεν
1098 752 1127 777 ἐν
1136 750 1229 785 Κυρίῳ
1243 750 1301 784 Θεῷ
1318 749 1408 776 αὐτοῦ’
1437 749 1483 775 καὶ
1507 748 1629 783 εἰσῆλθεν
1653 749 1692 779 είς
1706 747 1754 774 τὸν
1768 748 1838 774 ναὸν

1038 796 1138 831 Κυρίου
1147 795 1276 830 θυμιᾶσαι
1285 796 1330 821 ἐπὶ
1340 796 1370 822 τὸ
1379 794 1568 830 θυσιαστήριον
1577 793 1630 820 τῶν
1638 794 1836 829 θυμιαμάτων⁸

1038 842 1084 867 καὶ
1099 841 1222 876 εἰσῆλθεν
1236 840 1322 868 ὀπίσω
1350 839 1432 866 αὐτοῦ
1461 838 1588 874 Ἀζαρίας
1606 839 1620 865 6
1650 839 1754 872 ἱερεὺς,
1786 838 1834 864 καὶ

1040 887 1098 922 μετ’
1112 886 1195 913 αὑτοῦ
1212 887 1293 921 ἱερεῖς
1306 885 1353 912 τοῦ
1371 884 1472 921 Κυρίου
1483 884 1646 920 ὀγδοήκοντα
1658 884 1706 911 καὶ
1717 884 1765 910 δύο
1779 884 1835 910 υίοὶ

205 930 378 960 sanctuario,
404 929 467 964 quia
485 928 619 956 recessisti
641 935 656 954 tt
681 927 804 961 Domino,
826 933 853 955 et
873 930 986 956 nouerit

1043 932 1157 959 δυνατοί·
1172 932 1219 958 καὶ
1232 931 1349 966 ἔστησαν
1359 930 1405 957 ὲπὶ
1427 929 1517 961 ὀζίαν
1532 930 1578 956 τὸν
1594 930 1716 965 βασιλέα,
1728 930 1778 956 καὶ
1795 927 1834 955 εί-

203 976 248 1003 Iibi
262 977 312 1002 hoc
327 975 418 1010 gloriae
432 984 445 1001 ιι
459 974 522 1001 Deo.
540 974 626 1002 iratus
640 978 682 1005 est
706 979 794 1002 autem
812 974 903 1007 Ozias.
922 981 946 1002 et
960 976 986 1003 in

204 1029 283 1048 manu
301 1021 360 1054 eius
380 1020 544 1047 thnribnlum
562 1025 630 1052 erat,
647 1024 676 1046 ut
697 1020 816 1047 adoleret
831 1021 856 1047 in
877 1021 985 1054 templo.

198 1067 322 1100 Cumque
347 1066 431 1093 iratus
448 1070 519 1093 esset
534 1066 589 1100 ipse
613 1066 810 1097 sacerdotibus,
836 1066 908 1101 lcpra
929 1072 986 1094 orta

202 1117 244 1140 est
259 1113 284 1140 in
305 1112 394 1140 fronte
411 1111 468 1146 ejus
483 1118 575 1138 coram
592 1111 777 1139 sacerdotibus
797 1115 822 1139 in
840 1113 920 1140 domo
936 1113 988 1140 Do-

203 1157 278 1188 mini,
295 1163 377 1191 supra
396 1155 485 1182 altare
506 1155 730 1183 sttﬂitnentorum.
745 1156 940 1192 Convenitque
959 1167 987 1184 so

202 1203 235 1229 ad
250 1209 311 1228 eum
321 1209 442 1229 summus
454 1202 580 1229 sacerdos
595 1206 620 1228 et
632 1203 796 1236 sacerdotes,
818 1207 845 1230 et
862 1211 925 1230 ecce
949 1204 986 1230 le-

202 1255 299 1282 prosos
315 1252 357 1275 est
382 1248 407 1274 in
424 1247 522 1277 fronte.
539 1252 620 1282 atque
643 1255 704 1274 eum
730 1249 792 1275 inde
806 1255 919 1283 propere
939 1250 987 1283 eji~

202 1294 288 1320 ciunt.
307 1292 372 1320 Nam
384 1298 410 1320 et
423 1293 479 1328 ipse
495 1293 631 1320 festinavit
645 1294 729 1325 exire,
748 1294 810 1328 quia
827 1295 915 1328 arguit
927 1303 986 1320 t-nm

191 1338 330 1366 «Dominus
347 1339 385 1366 ".
403 1348 412 1364 ι
431 1338 498 1366 Cum
513 1343 601 1366 autem
623 1339 664 1366 lex
679 1339 794 1367 Mosaica
809 1342 934 1371 sanciret,
951 1342 986 1367 Ie-

201 1392 311 1418 prosum
323 1388 351 1411 ut
363 1384 529 1411 immundum
542 1385 653 1411 omnino
665 1392 682 1412 e
697 1385 795 1412 castris
811 1386 985 1412 emittendum

201 1437 273 1462 esse,
287 1430 408 1463 leprosus
421 1436 485 1456 vero
502 1429 666 1463 inquinaret,
691 1437 721 1456 ac
742 1438 790 1457 sua
820 1431 987 1458 immunditie

205 1475 335 1510 pollutum
350 1474 474 1502 redderet
488 1482 548 1501 eum
560 1476 669 1509 quicum
683 1475 740 1509 ipse
752 1481 925 1508 versaretur;
940 1476 987 1503 ha-

203 1521 304 1548 bitaret
318 1526 407 1548 tamen
422 1519 504 1548 Ozias
520 1521 727 1556 Hierosolymis,
746 1520 809 1549 hinc
826 1525 910 1549 totam
923 1529 986 1556 pro-

195 1566 344 1602 pemodum
355 1565 505 1594 Jerusalem
517 1567 678 1600 inquinans:
691 1567 773 1594 tacuit
786 1567 924 1600 Dominus,
934 1575 985 1595 non

1043 985 1096 1004 παν
1111 977 1194 1012 αὐτῷ·
1212 975 1249 1003 Οὔ
1265 984 1320 1008 σοι,
1344 974 1429 1007 Ὀζία,
1446 974 1577 1009 Θυμιάσαι
1593 974 1632 1009 τῷ
1644 974 1753 1010 Κυρίῳ,
1775 974 1833 1000 ἀλλ’

1038 1024 1103 1058 ἡμῖν
1118 1024 1173 1054 τοῖς
1186 1021 1353 1057 ίερατεύουσι
1379 1021 1436 1052 τοῖς
1457 1021 1524 1052 υίοῖς
1548 1020 1652 1056 Ἀαρὼν
1671 1022 1729 1052 τοῖς
1753 1021 1832 1055 ἡγια-

1039 1069 1157 1104 σμένοις,
1175 1068 1313 1104 θυμιάσαι.
1333 1066 1443 1099 Ἔξελθε
1459 1066 1514 1093 ἀπὸ
1525 1067 1571 1093 τοῦ
1587 1066 1772 1102 ἀγιάσματος,
1792 1067 1831 1092 ὅτι

1038 1116 1158 1150 ἀπέστης
1173 1115 1227 1141 ἀπὺ
1242 1114 1353 1150 Κυρίου.
1368 1114 1423 1141 Kal
1437 1113 1486 1140 οὐκ
1501 1113 1575 1140 ἔσται
1589 1122 1628 1139 σοι
1639 1113 1719 1139 τοῦτο
1735 1113 1778 1143 εἰς
1791 1112 1832 1139 δό-

1040 1161 1087 1193 ξαν
1104 1160 1179 1196 παρὰ
1192 1159 1293 1194 Κυρίου
1307 1158 1384 1186 Θεοῦ.
1401 1159 1457 1186 Kal
1475 1158 1602 1194 ἐθυμώθη
1619 1157 1722 1189 Ὀζίας·
1742 1157 1789 1184 καὶ
1804 1158 1831 1184 ὲν

1038 1209 1070 1243 τῇ
1084 1207 1156 1242 χειρὶ
1182 1206 1263 1233 αὑτοῦ
1281 1206 1311 1233 τὸ
1336 1205 1513 1241 θυμιατήριον
1534 1205 1581 1232 τοῦ
1597 1204 1730 1239 θυμιᾶσαι
1748 1205 1780 1230 ὲν
1794 1203 1831 1238 τῷ

1038 1253 1103 1288 ναῷ·
1121 1254 1150 1279 ἐν
1164 1253 1203 1288 τῷ
1217 1253 1374 1288 θυμωθῆναι
1386 1252 1467 1279 αὑτὸν
1480 1252 1548 1288 προς
1563 1252 1626 1283 τοὺς
1641 1252 1738 1287 ἱερεῖς,
1757 1250 1831 1286 καὶὴ

1038 1299 1125 1334 λέπρα
1136 1298 1273 1325 ἀνέτειλεν
1285 1299 1313 1324 ἐν
1323 1297 1362 1333 τῷ
1376 1291 1499 1333 ’μετώπῳ
1527 1296 1618 1329 αὐτοῦ,
1640 1296 1764 1323 ἐναντίον
1776 1295 1831 1322 τῶν

1039 1345 1133 1379 ἱερέων
1149 1345 1177 1370 ὲν
1188 1344 1225 1378 τῷ
1241 1344 1307 1378 οἴκῳ
1319 1343 1433 1377 Κυρίου,
1457 1342 1550 1369 suam.»
1564 1342 1611 1368 τοῦ
1633 1340 1830 1376 θυσιαστηρίου

1038 1391 1091 1417 τῶν
1105 1390 1294 1425 θυμιαμάτων.
1310 1390 1363 1416 Kal
1375 1388 1541 1423 ἐπέστρεψεν
1554 1388 1598 1414 ἐπ’
1613 1387 1694 1414 αὐτὸν
1707 1387 1722 1412 ὁ
1741 1387 1831 1422 ἱερεὺς

1039 1437 1053 1462 6
1071 1435 1177 1471 πρῶτος
1193 1435 1238 1460 καὶ
1253 1435 1278 1460 οἱ
1300 1435 1392 1468 ἱερεῖς,
1409 1434 1456 1460 καὶ
1472 1433 1525 1460 ἰδοὺ
1541 1433 1621 1465 αὐτὸς
1630 1432 1733 1467 λεπρὸς
1753 1433 1784 1458 ὲν
1793 1431 1830 1466 τῷ

1040 1480 1166 1515 μετώπῳ.
1185 1481 1239 1506 Καὶ
1260 1480 1448 1506 κατέσπευσαν
1463 1479 1543 1505 αὐτὸν
1569 1478 1683 1509 ἐκεῖθεν,
1704 1477 1755 1504 καὶ
1777 1477 1829 1512 γὰρ

1038 1526 1117 1557 αὐτὸς
1133 1525 1263 1552 ἔσπευσεν
1275 1525 1401 1557 ἐξελθεῖν,
1417 1525 1457 1551 δτι
1470 1524 1580 1560 ἧλεγεεν
1595 1523 1677 1551 αὐτὸν
1686 1523 1804 1558 Κύριος.
1818 1532 1827 1549 ι

1045 1571 1154 1606 Ἐπειδὴ
1168 1571 1196 1597 δὲ
1225 1571 1272 1597 τοῦ
1297 1570 1341 1597 διά
1359 1570 1480 1602 Μωσέως
1505 1569 1718 1605 προστάττοντος
1748 1569 1828 1605 νόμου

203 1613 311 1646 quidem
331 1614 477 1648 prophetas
492 1619 599 1640 sanctos
613 1613 776 1640 contumelia
793 1613 922 1646 alliciens,
938 1615 983 1641 sed

1043 1617 1132 1652 (ρῆναι
1147 1617 1180 1652 δὴ
1199 1617 1306 1648 πάντως
1332 1615 1520 1651 ἐκπέμπεσθαι
1539 1616 1588 1650 τῆς
1604 1615 1829 1650 παρεμϐολῆςὼς

203 1659 292 1692 potius
308 1659 491 1686 admonitione
509 1665 602 1686 eorum
629 1658 752 1693 indignos
773 1659 913 1687 declarans
930 1668 986 1692 eos,

203 1706 248 1739 qui
265 1706 346 1732 etiam
366 1709 464 1739 praeter
478 1705 642 1739 legislatoris
659 1704 826 1732 voluntatem
851 1705 988 1732 immundo

204 1751 403 1778 t-oltabitarent.
427 1749 475 1778 Sic
493 1751 565 1777 enim
583 1751 668 1784 inquit
687 1750 783 1777 alicubi
799 1756 827 1778 et
840 1752 872 1778 ad
882 1752 988 1779 beatum

204 1796 373 1823 Ezechielem
398 1806 404 1822 :
428 1804 437 1821 ι
453 1795 486 1823 Ει
502 1796 618 1829 linguam
631 1801 702 1822 luam
717 1795 812 1830 ligabo,
825 1800 853 1824 et
868 1797 990 1824 obmute-

203 1849 272 1874 sees,
289 1849 338 1869 nec
351 1843 406 1869 eris
422 1841 474 1868 illis
485 1847 622 1869 corrector
635 1847 662 1868 et
682 1848 778 1869 censor
793 1849 801 1868 :
819 1841 881 1876 quia
895 1843 990 1870 dOIIllIS

202 1894 370 1922 exasperans
380 1892 423 1914 est
444 1888 476 1914 “.
494 1896 503 1913 ι
521 1887 659 1914 Obmutuit
675 1887 766 1921 igitur,
789 1888 934 1915 ostendens
951 1889 990 1914 ni-

204 1935 300 1961 mirum
316 1933 540 1969 iudignationem.
558 1934 699 1962 Commota
723 1940 785 1961 sunt
803 1935 874 1961 enim
894 1933 989 1962 Hiero~

203 1979 317 2015 solyma,
341 1984 368 2006 et
390 1986 520 2006 concussa
535 1984 577 2006 est
591 1979 715 2007 universa
737 1979 890 2007 Iudaeorum
906 1979 989 2015 regio.

205 2025 281 2058 Quod
296 2023 475 2058 intelligemus
488 2031 520 2050 ex
538 2024 579 2052 his
599 2031 658 2057 quze
676 2025 807 2059 propheta
828 2025 909 2052 Amos
926 2025 991 2052 scri-

204 2071 266 2106 psit.
297 2069 384 2096 Habet
409 2069 480 2096 enim
495 2070 534 2097 sic
557 2079 562 2095 :
593 2078 602 2095 ι
617 2069 704 2096 Verba
733 2070 813 2096 Amos
837 2077 896 2104 qua
920 2069 990 2097 facta

204 2121 266 2144 sunt
278 2116 304 2142 in
320 2115 445 2142 Accarim
471 2123 504 2142 ex
526 2114 643 2148 Thecue,
658 2123 718 2150 quae
739 2115 804 2142 vidit
819 2123 899 2150 super
912 2115 990 2143 Jeru-

203 2163 295 2193 salem.
314 2162 481 2197 temporibus
500 2161 572 2189 Ozizc
589 2162 662 2196 regis
678 2161 758 2192 Joda,
775 2166 801 2188 et
826 2161 991 2196 temporibus

201 2207 356 2235 Jeroboami
373 2207 420 2235 ﬁlii
439 2207 504 2235 loas
519 2207 589 2242 regis
601 2206 694 2239 lsrael,
710 2207 814 2234 duobus
836 2209 914 2234 anuis
930 2213 992 2234 ante

204 2261 280 2280 terra:
295 2258 395 2281 motum
415 2253 447 2279 ¹¹.
461 2263 470 2278 ι
490 2253 635 2287 Postquam
657 2257 746 2279 autem
773 2253 884 2280 obiis<et
911 2252 991 2280 Osias

1039 1663 1193 1698 ἀκάθαρτον
1206 1663 1251 1690 τὸν
1266 1663 1375 1697 λεπρδν,
1388 1662 1614 1697 καταμιαίνοντος
1630 1661 1657 1687 δὲ
1670 1661 1719 1687 καὶ
1742 1660 1829 1687 κοινὸν

1039 1707 1232 1742 ἀποφαίνοντος
1243 1708 1293 1742 τῆς
1307 1706 1477 1742 ἀκαθαρσίας
1485 1705 1532 1732 τοῦ
1545 1705 1645 1741 λεπροῦ
1657 1705 1703 1732 τὸν
1716 1705 1828 1732 συνόντα

1039 1751 1133 1787 αύτῷ,
1161 1752 1320 1787 κατῴκηκεν
1349 1753 1378 1777 ὲν
1403 1752 1459 1783 τοῖς
1491 1751 1688 1786 Ἰεροσολύμοις
1720 1750 1826 1782 Ὀζίας,

1042 1798 1181 1832 μονονουχὶ
1203 1797 1350 1832 σύμπασαν
1364 1797 1408 1824 διὰ
1421 1797 1516 1824 τούτου
1533 1797 1647 1832 μιαίνων
1661 1796 1711 1831 τὴν
1733 1795 1829 1830 Ἰερου-

1042 1844 1142 1879 σαλήμ.
1152 1843 1300 1878 Σεσίγηκεν
1310 1843 1324 1868 6
1332 1843 1467 1877 Δεσπότης
1479 1843 1528 1869 οὐκ
1539 1842 1678 1877 ἀτιμάζων
1688 1842 1828 1877 προφήτας

1041 1890 1146 1922 ἁγίους,
1167 1890 1290 1922 ἀναξίους
1303 1889 1329 1916 δὲ
1345 1889 1444 1924 μᾶλλον
1464 1888 1621 1923 ἀποφαίνων
1632 1887 1682 1922 τῆς
1698 1887 1765 1922 παρ’
1782 1887 1827 1914 αὖ.

1042 1935 1088 1961 τοῦ
1110 1935 1250 1966 νουθεσίας
1266 1936 1329 1966 τοὺς
1357 1934 1526 1970 ἀκαθάρτους
1547 1933 1737 1965 συνοικοῦντας
1756 1933 1827 1968 παρά

1041 1989 1072 2014 γε
1087 1981 1116 2007 τὸ
1135 1980 1172 2016 τῷ
1183 1980 1315 2016 νομοθέτῃ
1335 1980 1439 2007 δοκοῦν.
1457 1980 1536 2006 υῦτω
1552 1979 1605 2015 γάρ
1631 1978 1682 2006 πού
1700 1987 1768 2013 φησι
1783 1979 1826 2005 καὶ

1042 2025 1109 2060 πρὸς
1121 2025 1166 2052 τὸν
1184 2025 1317 2060 μακάριον
1334 2024 1473 2060 Ἰεζεχιήλ·
1488 2033 1497 2050 ι
1511 2025 1565 2051 Kal
1579 2024 1628 2058 τὴν
1638 2023 1765 2058 γλῶσσάν
1782 2031 1824 2050 σου

1044 2072 1176 2106 συνδήσω,
1193 2072 1239 2097 καὶ
1252 2071 1473 2105 ἀποκωφωθήσῃ·
1496 2070 1543 2096 καὶ
1557 2069 1606 2096 οὐκ
1618 2070 1666 2104 ἔσῃ
1683 2069 1775 2100 αὐτοῖς
1789 2069 1824 2100 είς

1042 2116 1125 2152 ἄνδρα
1143 2116 1297 2148 εὐθύνοντα,
1324 2116 1365 2141 ὅτι
1380 2113 1452 2146 οἶκος
1470 2113 1697 2149 παραπικραίνων
1711 2113 1794 2140 ἐστίν.
1813 2121 1821 2136 ι

1049 2162 1244 2196 Ἀποσεσίγηκε
1257 2162 1356 2192 τοίνυν,
1367 2161 1454 2187 καίτοι
1470 2159 1599 2187 δεικνύων
1609 2159 1658 2194 τὴν
1673 2160 1824 2195 ἀγανάκτη-

1044 2217 1095 2235 σιν.
1107 2208 1248 2234 Σέσεισται
1267 2207 1321 2242 γὰρ
1335 2207 1368 2233 τὰ
1389 2206 1572 2241 Ἰεροσόλυμα.
1590 2206 1636 2232 xal
1661 2205 1821 2240 κατεδονήοη

1044 2255 1118 2280 πᾶσα
1135 2253 1189 2279 τῶν
1208 2253 1341 2280 Ἰουδαίων
1356 2252 1440 2288 χώρα.
1457 2252 1592 2286 Εἰσόμεθα
1605 2251 1634 2278 δὲ
1649 2252 1696 2277 καὶ
1706 2251 1786 2277 τοῦτο
1794 2251 1822 2277 δι’

203 2299 283 2326 desiit
304 2305 411 2333 tempus
437 2298 549 2331 silentii,
572 2299 730 2333 divinasque
757 2299 874 2326 visiones
890 2300 986 2326 sanctis

1043 2297 1080 2326 ὧν
1093 2299 1238 2334 ἐγεγράφει
1251 2299 1264 2323 ὁ
1281 2299 1422 2333 προεξήτης
1443 2297 1542 2332 Ἀμώς.
1559 2297 1635 2331 Ἔχει
1653 2296 1706 2331 γάρ
1733 2297 1821 2327 οὕτως·

204 2343 342 2378 prophetis
357 2343 425 2370 Deus
447 2343 640 2370 universitatis
658 2343 782 2370 reddidit.
799 2343 913 2378 Ideoque
929 2352 990 2377 pro-

203 2390 284 2421 pheta
298 2390 381 2417 Isaias
401 2399 407 2416 :
425 2389 473 2416 «Et
488 2389 646 2419 factumest,
659 2388 755 2424 inquit,
770 2396 840 2416 anno
853 2397 906 2424 quo
916 2397 990 2416 mor-

204 2441 266 2462 tuus
282 2439 323 2462 est
337 2434 417 2462 Ozias
429 2442 485 2465 res,
497 2434 576 2468 103
591 2434 644 2460 vidi
657 2434 797 2461 Dominum
811 2433 931 2461 Sabaoth
948 2442 990 2461 sc-

204 2481 310 2507 dentem
321 2480 347 2507 in
359 2480 426 2508 solio
435 2480 542 2508 excelso
551 2485 577 2506 et
585 2479 699 2508 elevato.
708 2490 716 2505 ι
727 2479 886 2514 Prophetatn
900 2485 989 2507 autem

204 2526 303 2553 vidisse
320 2526 417 2553 Filium
435 2525 559 2560 ingloria
578 2525 623 2552 Dei
645 2530 672 2553 et
695 2525 792 2556 Patris.
814 2533 892 2552 nemo
915 2526 990 2552 dubi-

206 2575 263 2598 tare
281 2572 391 2605 poterit,
417 2579 478 2598 cum
508 2570 626 2598 Joannes
651 2571 753 2599 scribat
766 2572 798 2598 de
818 2579 850 2598 eo
872 2577 963 2606 aperte
981 2581 987 2598 :

207 2625 216 2640 ι
240 2614 302 2643 Hmc
327 2621 416 2644 autem
440 2616 508 2643 dixit
531 2616 626 2647 lsaias,
653 2618 761 2651 quando
787 2617 852 2642 vidit
877 2617 989 2651 gloriam

203 2662 274 2696 ejus,
290 2662 377 2696 deque
403 2670 435 2690 eo
449 2663 552 2690 locutus
569 2668 611 2690 est
625 2663 656 2689 ".
681 2673 689 2689 ι
717 2663 811 2696 Specta
830 2670 894 2689 vero
919 2663 985 2690 mihi

205 2706 301 2734 divina:
314 2707 452 2741 dignitatis
472 2707 663 2741 praestantiam.
692 2711 719 2733 et
746 2707 772 2733 in
789 2714 893 2733 omnem
916 2716 988 2734 erea-

204 2755 292 2777 turam
313 2751 490 2778 dominatum.
509 2751 555 2778 llle
573 2752 644 2777 enim
665 2755 705 2778 est
727 2751 752 2777 in
769 2751 875 2778 exm'lso
893 2757 918 2779 et
933 2753 987 2779 ele-

157 2820 159 2822 .
205 2801 267 2823 vato
283 2796 387 2830 throno,
409 2797 596 2831 pulcherrimis
620 2798 693 2831 regni
709 2797 858 2831 insignibus
880 2798 986 2832 egregie

240 2875 249 2890 ’
269 2873 301 2902 IV
321 2874 387 2908 Reg.
403 2882 447 2905 xv,
468 2874 522 2900 l-5.
563 2875 583 2890 "
599 2875 617 2900 ll
633 2874 720 2900 Parai.
743 2882 815 2906 xxvi,
833 2875 923 2901 lii-9.0.
963 2875 982 2890 “

1043 2876 1096 2902 :ch.
1119 2884 1158 2909 ιιι⁷
1175 2875 1219 2903 26.
1255 2877 1275 2892 ’³
1292 2876 1373 2903 Amos
1401 2883 1420 2907 ι,
1438 2876 1463 2901 1.

1046 2345 1145 2379 ιΛόγοι
1169 2345 1258 2379 Ἀμὼς
1275 2344 1299 2370 οἳ
1317 2344 1441 2378 ἐγένοντο
1451 2343 1479 2369 ὲν
1498 2342 1649 2377 Ἀκκαρεὶμ
1665 2342 1696 2367 ὲν
1711 2341 1820 2370 Θεκουὲ.

1042 2391 1087 2422 οὒς
1098 2391 1151 2417 ἴδεν
1160 2390 1229 2425 ὑπὲρ
1244 2389 1423 2424 Ἰερουσαλὴμ
1433 2390 1461 2415 ὲν
1473 2388 1588 2424 ἡμέραις
1599 2387 1688 2419 Ὀζίου
1698 2387 1822 2421 βασιλέως

1048 2436 1147 2467 Ἰούδα,
1166 2436 1212 2462 καὶ
1236 2436 1264 2461 ὲν
1278 2435 1395 2470 ἡμέραις
1422 2433 1562 2468 Ίεροϐοὰμ
1588 2432 1636 2459 τοῦ
1660 2431 1738 2462 Ίωᾶς
1753 2432 1822 2466 βασι-

1042 2481 1233 2519 λέωςἼσραὴλ
1246 2481 1298 2516 πρὸ
1316 2480 1362 2506 δύο
1384 2479 1452 2506 ἑτῶν
1471 2478 1518 2505 τοῦ
1545 2476 1668 2512 σεισμοῦ.
1683 2486 1693 2502 ι
1719 2476 1820 2511 Ἐπειδὴ

1041 2526 1068 2551 δὲ
1092 2525 1285 2559 τετελεύτηκεν
1319 2523 1408 2556 Ὀζίας
1443 2522 1640 2557 συγκατέληξεν
1674 2521 1750 2556 αὺτῷ
1777 2522 1820 2556 τῆς

1042 2571 1146 2605 σιωπῆς
1161 2571 1175 2597 6
1188 2570 1292 2605 καιρός.
1309 2569 1363 2596 Καὶ
1381 2569 1461 2596 πάλιν
1473 2568 1557 2595 ἐδίδου
1570 2568 1619 2598 τὰς
1632 2567 1762 2597 θεοπτίας
1773 2568 1820 2596 τοῖς

1040 2617 1127 2650 ἁγίοις
1145 2617 1297 2651 προφήταις
1313 2616 1327 2642 6
1340 2615 1393 2642 τῶν
1412 2615 1479 2641 δλων
1493 2614 1568 2646 Θεός.
1586 2613 1679 2650 Ταύτῃ
1691 2613 1732 2639 τοί
1747 2621 1820 2648 φησιν

1041 2663 1054 2687 6
1069 2662 1207 2696 προφήτης
1225 2660 1335 2691 Ἡσαΐας
1347 2668 1354 2674 ⁶
1372 2669 1381 2685 ι
1395 2660 1450 2686 Καὶ
1465 2659 1572 2693 ἐγένετο
1585 2658 1631 2685 τοῦ
1649 2658 1773 2685 ἐνιαυτοῦ
1794 2654 1819 2683 οἶν

1041 2706 1175 2733 ἀπέθανεν
1195 2706 1284 2737 Ὀζίας
1295 2707 1309 2732 6
1324 2705 1459 2740 βασιλεὺς,
1476 2705 1528 2731 ῖδον
1543 2705 1588 2731 τὸν
1599 2704 1702 2739 Κύριον
1715 2702 1818 2730 Σαϐαὼθ

1041 2752 1193 2787 καθήμενον
1209 2751 1255 2777 ἐπὶ
1272 2751 1366 2786 θρόνου
1379 2751 1480 2786 ὑψηλοῦ
1498 2751 1543 2777 καὶ
1558 2750 1726 2786 ἐπηρμένου.
1739 2758 1749 2775 ι
1768 2749 1818 2775 Ὀτι

1042 2798 1090 2832 μὲν
1108 2796 1154 2823 οὖν
1169 2798 1214 2823 τὶν
1237 2798 1298 2823 Υἱδν
1326 2799 1339 2824 6
1357 2798 1498 2834 προφήτης
1523 2795 1648 2822 τεθέαται
1675 2796 1705 2822 ὲν
1718 2796 1752 2831 τῇ
1765 2793 1818 2829 δόξῃ

1503 2874 1524 2890 ¹⁸
1538 2873 1614 2900 Joan.
1631 2881 1680 2906 Ill,
1695 2873 1740 2900 4|.
