  <div class='ocr_page' id='page_1' title='image "/cluster/home/n/w/nwhite01/storage/ocr_20150623/70/njp.32101077772737/108.png"; bbox 0 0 1887 3054; ppageno 0'>
   <div class='ocr_carea' id='block_1_1' title="bbox 89 172 834 213">
    <p class='ocr_par' dir='ltr' id='par_1_1' title="bbox 89 172 834 203">
     <span class='ocr_line' id='line_1_1' title="bbox 89 172 834 203; baseline 0.003 -2"><span class='ocrx_word' id='word_1_1' title='bbox 89 172 129 201; x_wconf 69' lang='lat'><strong>173</strong></span> <span class='ocrx_word' id='word_1_2' title='bbox 674 176 706 203; x_wconf 79' lang='grc' dir='ltr'><strong>ΙΝ</strong></span> <span class='ocrx_word' id='word_1_3' title='bbox 726 176 834 203; x_wconf 68' lang='lat' dir='ltr'><strong>lSAl/U}</strong></span> 
     </span>
    </p>
   </div>
   <div class='ocr_carea' id='block_1_2' title="bbox 983 172 1728 213">
    <p class='ocr_par' dir='ltr' id='par_1_2' title="bbox 986 175 1728 213">
     <span class='ocr_line' id='line_1_2' title="bbox 986 175 1728 213; baseline 0.007 -10"><span class='ocrx_word' id='word_1_4' title='bbox 986 176 1090 206; x_wconf 80' lang='lat' dir='ltr'><strong>ORAT.</strong></span> <span class='ocrx_word' id='word_1_5' title='bbox 1111 175 1154 205; x_wconf 71' lang='lat' dir='ltr'><strong>IV.</strong></span> <span class='ocrx_word' id='word_1_6' title='bbox 1678 181 1728 213; x_wconf 71' lang='grc'><strong>174</strong></span> 
     </span>
    </p>
   </div>
   <div class='ocr_carea' id='block_1_3' title="bbox 93 233 838 274">
    <p class='ocr_par' dir='ltr' id='par_1_3' title="bbox 93 233 838 271">
     <span class='ocr_line' id='line_1_3' title="bbox 93 233 838 271; baseline 0.001 -9"><span class='ocrx_word' id='word_1_7' title='bbox 93 234 133 262; x_wconf 72' lang='grc' dir='ltr'>τοῦ</span> <span class='ocrx_word' id='word_1_8' title='bbox 150 233 216 261; x_wconf 74' lang='grc' dir='ltr'>Θεοῦ</span> <span class='ocrx_word' id='word_1_9' title='bbox 227 235 278 262; x_wconf 70' lang='grc' dir='ltr'><strong>καὶ</strong></span> <span class='ocrx_word' id='word_1_10' title='bbox 289 235 414 271; x_wconf 77' lang='grc' dir='ltr'>Πατρὸς,</span> <span class='ocrx_word' id='word_1_11' title='bbox 428 236 479 262; x_wconf 83' lang='grc' dir='ltr'><strong>οὐκ</strong></span> <span class='ocrx_word' id='word_1_12' title='bbox 491 235 524 264; x_wconf 83' lang='grc' dir='ltr'>ἂν</span> <span class='ocrx_word' id='word_1_13' title='bbox 540 236 685 264; x_wconf 81' lang='grc' dir='ltr'>ἐνδοιάσειέ</span> <span class='ocrx_word' id='word_1_14' title='bbox 697 246 749 271; x_wconf 82' lang='grc' dir='ltr'>τις,</span> <span class='ocrx_word' id='word_1_15' title='bbox 764 238 838 264; x_wconf 78' lang='grc' dir='ltr'><strong>Ίωάν</strong></span> 
     </span>
    </p>
   </div>
   <div class='ocr_carea' id='block_1_4' title="bbox 988 233 1733 274">
    <p class='ocr_par' dir='ltr' id='par_1_4' title="bbox 988 237 1733 274">
     <span class='ocr_line' id='line_1_4' title="bbox 988 237 1733 274; baseline 0.007 -10"><span class='ocrx_word' id='word_1_16' title='bbox 988 241 1094 266; x_wconf 89' lang='lat' dir='ltr'><strong>onatus.</strong></span> <span class='ocrx_word' id='word_1_17' title='bbox 1110 237 1249 273; x_wconf 73' lang='lat' dir='ltr'><strong>Suprema:</strong></span> <span class='ocrx_word' id='word_1_18' title='bbox 1268 238 1331 265; x_wconf 91' lang='lat' dir='ltr'><strong>item</strong></span> <span class='ocrx_word' id='word_1_19' title='bbox 1348 242 1504 272; x_wconf 77' lang='lat' dir='ltr'><strong>potestates,</strong></span> <span class='ocrx_word' id='word_1_20' title='bbox 1523 240 1620 274; x_wconf 86' lang='lat' dir='ltr'><strong>quibus</strong></span> <span class='ocrx_word' id='word_1_21' title='bbox 1644 241 1733 270; x_wconf 68' lang='lat' dir='ltr'><strong>nullas</strong></span> 
     </span>
    </p>
   </div>
   <div class='ocr_carea' id='block_1_5' title="bbox 96 282 884 319">
    <p class='ocr_par' dir='ltr' id='par_1_5' title="bbox 96 282 884 319">
     <span class='ocr_line' id='line_1_5' title="bbox 96 282 884 319; baseline 0.003 -11"><span class='ocrx_word' id='word_1_22' title='bbox 96 283 236 316; x_wconf 73' lang='grc' dir='ltr'><strong>γράφοντος</strong></span> <span class='ocrx_word' id='word_1_23' title='bbox 265 282 396 317; x_wconf 72' lang='grc' dir='ltr'>ἐναργῶς</span> <span class='ocrx_word' id='word_1_24' title='bbox 420 283 485 319; x_wconf 80' lang='grc' dir='ltr'>περὶ</span> <span class='ocrx_word' id='word_1_25' title='bbox 512 283 612 310; x_wconf 78' lang='grc' dir='ltr'>αὑτοῦ·</span> <span class='ocrx_word' id='word_1_26' title='bbox 631 284 737 311; x_wconf 75' lang='grc' dir='ltr'>(Ταῦτα</span> <span class='ocrx_word' id='word_1_27' title='bbox 753 284 781 310; x_wconf 83' lang='grc' dir='ltr'><strong>δὲ</strong></span> <span class='ocrx_word' id='word_1_28' title='bbox 808 282 884 310; x_wconf 81' lang='grc' dir='ltr'>εἶπεν</span> 
     </span>
    </p>
   </div>
   <div class='ocr_carea' id='block_1_6' title="bbox 100 327 884 364">
    <p class='ocr_par' dir='ltr' id='par_1_6' title="bbox 100 327 884 364">
     <span class='ocr_line' id='line_1_6' title="bbox 100 327 884 364; baseline 0 -10"><span class='ocrx_word' id='word_1_29' title='bbox 100 327 216 361; x_wconf 76' lang='grc' dir='ltr'>Ἡσαΐας,</span> <span class='ocrx_word' id='word_1_30' title='bbox 228 328 274 354; x_wconf 80' lang='grc' dir='ltr'>ὅτε</span> <span class='ocrx_word' id='word_1_31' title='bbox 289 328 332 355; x_wconf 82' lang='grc' dir='ltr'><strong>ἴδε</strong></span> <span class='ocrx_word' id='word_1_32' title='bbox 348 327 398 364; x_wconf 80' lang='grc' dir='ltr'><strong>τὴν</strong></span> <span class='ocrx_word' id='word_1_33' title='bbox 411 328 489 361; x_wconf 76' lang='grc' dir='ltr'>δόξαν</span> <span class='ocrx_word' id='word_1_34' title='bbox 506 328 599 360; x_wconf 83' lang='grc' dir='ltr'>αὑτοῦ,</span> <span class='ocrx_word' id='word_1_35' title='bbox 616 329 664 356; x_wconf 73' lang='grc' dir='ltr'>καὶ</span> <span class='ocrx_word' id='word_1_36' title='bbox 683 329 797 364; x_wconf 79' lang='grc' dir='ltr'>ἐλάλησε</span> <span class='ocrx_word' id='word_1_37' title='bbox 819 329 884 364; x_wconf 77' lang='grc' dir='ltr'>περὶ</span> 
     </span>
    </p>
   </div>
   <div class='ocr_carea' id='block_1_7' title="bbox 78 373 884 410">
    <p class='ocr_par' dir='ltr' id='par_1_7' title="bbox 78 373 884 410">
     <span class='ocr_line' id='line_1_7' title="bbox 78 373 884 410; baseline -0.001 -8"><span class='ocrx_word' id='word_1_38' title='bbox 78 401 85 409; x_wconf 74' lang='grc'><em>,</em></span> <span class='ocrx_word' id='word_1_39' title='bbox 95 374 197 402; x_wconf 71' lang='grc' dir='ltr'>αὑτοῦ.»</span> <span class='ocrx_word' id='word_1_40' title='bbox 219 373 318 409; x_wconf 81' lang='grc' dir='ltr'>’Δθρει</span> <span class='ocrx_word' id='word_1_41' title='bbox 335 375 364 401; x_wconf 81' lang='grc' dir='ltr'>δέ</span> <span class='ocrx_word' id='word_1_42' title='bbox 377 384 421 410; x_wconf 81' lang='grc' dir='ltr'><strong>μοι</strong></span> <span class='ocrx_word' id='word_1_43' title='bbox 436 375 484 410; x_wconf 78' lang='grc' dir='ltr'>τῆς</span> <span class='ocrx_word' id='word_1_44' title='bbox 501 375 669 410; x_wconf 78' lang='grc' dir='ltr'><strong>θεοπρεποῦς</strong></span> <span class='ocrx_word' id='word_1_45' title='bbox 703 375 840 410; x_wconf 77' lang='grc' dir='ltr'>ὑπεροχῆς</span> <span class='ocrx_word' id='word_1_46' title='bbox 854 375 884 401; x_wconf 78' lang='grc' dir='ltr'>τὸ</span> 
     </span>
    </p>
   </div>
   <div class='ocr_carea' id='block_1_8' title="bbox 93 419 883 455">
    <p class='ocr_par' dir='ltr' id='par_1_8' title="bbox 93 419 883 455">
     <span class='ocr_line' id='line_1_8' title="bbox 93 419 883 455; baseline -0.001 -9"><span class='ocrx_word' id='word_1_47' title='bbox 93 420 207 455; x_wconf 77' lang='grc' dir='ltr'><strong>ἀξίωμα,</strong></span> <span class='ocrx_word' id='word_1_48' title='bbox 224 419 274 448; x_wconf 80' lang='grc' dir='ltr'>καὶ</span> <span class='ocrx_word' id='word_1_49' title='bbox 288 420 320 446; x_wconf 80' lang='grc' dir='ltr'>τὸ</span> <span class='ocrx_word' id='word_1_50' title='bbox 337 419 407 447; x_wconf 77' lang='grc' dir='ltr'>κατὰ</span> <span class='ocrx_word' id='word_1_51' title='bbox 421 420 510 453; x_wconf 78' lang='grc' dir='ltr'>πάσης</span> <span class='ocrx_word' id='word_1_52' title='bbox 527 420 641 451; x_wconf 77' lang='grc' dir='ltr'><strong>κτίσεως</strong></span> <span class='ocrx_word' id='word_1_53' title='bbox 660 420 769 455; x_wconf 83' lang='grc' dir='ltr'>κράτος.</span> <span class='ocrx_word' id='word_1_54' title='bbox 789 420 818 446; x_wconf 85' lang='lat'>&#39;0</span> <span class='ocrx_word' id='word_1_55' title='bbox 835 420 883 454; x_wconf 78' lang='grc' dir='ltr'>μὲν</span> 
     </span>
    </p>
   </div>
   <div class='ocr_carea' id='block_1_9' title="bbox 93 465 884 502">
    <p class='ocr_par' dir='ltr' id='par_1_9' title="bbox 93 465 884 502">
     <span class='ocr_line' id='line_1_9' title="bbox 93 465 884 502; baseline 0 -10"><span class='ocrx_word' id='word_1_56' title='bbox 93 466 140 501; x_wconf 73' lang='grc' dir='ltr'>γὰρ</span> <span class='ocrx_word' id='word_1_57' title='bbox 155 467 230 492; x_wconf 71' lang='grc' dir='ltr'>ἐστιν</span> <span class='ocrx_word' id='word_1_58' title='bbox 245 465 288 500; x_wconf 76' lang='grc' dir='ltr'><strong>ἐφ’</strong></span> <span class='ocrx_word' id='word_1_59' title='bbox 303 465 405 500; x_wconf 73' lang='grc' dir='ltr'>ὑψηλοῦ</span> <span class='ocrx_word' id='word_1_60' title='bbox 427 474 456 492; x_wconf 83' lang='grc' dir='ltr'><strong>τε</strong></span> <span class='ocrx_word' id='word_1_61' title='bbox 473 466 518 492; x_wconf 72' lang='grc' dir='ltr'>καὶ</span> <span class='ocrx_word' id='word_1_62' title='bbox 538 466 696 500; x_wconf 79' lang='grc' dir='ltr'><strong>ἐπηρμένου</strong></span> <span class='ocrx_word' id='word_1_63' title='bbox 718 466 812 502; x_wconf 85' lang='grc' dir='ltr'><strong>θρόνου</strong></span> <span class='ocrx_word' id='word_1_64' title='bbox 828 468 884 498; x_wconf 80' lang='grc' dir='ltr'>τοῖς</span> 
     </span>
    </p>
   </div>
   <div class='ocr_carea' id='block_1_10' title="bbox 91 511 884 548">
    <p class='ocr_par' dir='ltr' id='par_1_10' title="bbox 91 511 884 548">
     <span class='ocr_line' id='line_1_10' title="bbox 91 511 884 548; baseline 0.001 -10"><span class='ocrx_word' id='word_1_65' title='bbox 91 513 137 546; x_wconf 82' lang='grc' dir='ltr'>τῆς</span> <span class='ocrx_word' id='word_1_66' title='bbox 150 512 293 547; x_wconf 70' lang='grc' dir='ltr'><strong>βασιλείας</strong></span> <span class='ocrx_word' id='word_1_67' title='bbox 324 513 557 548; x_wconf 79' lang='grc' dir='ltr'>ἐκπρεπεστάτοις</span> <span class='ocrx_word' id='word_1_68' title='bbox 581 512 735 547; x_wconf 80' lang='grc' dir='ltr'><strong>αὐχήμασιν</strong></span> <span class='ocrx_word' id='word_1_69' title='bbox 759 511 788 539; x_wconf 84' lang='grc' dir='ltr'>εὖ</span> <span class='ocrx_word' id='word_1_70' title='bbox 811 512 884 546; x_wconf 80' lang='grc' dir='ltr'>μάλα</span> 
     </span>
    </p>
   </div>
   <div class='ocr_carea' id='block_1_11' title="bbox 91 557 884 593">
    <p class='ocr_par' dir='ltr' id='par_1_11' title="bbox 91 557 884 593">
     <span class='ocr_line' id='line_1_11' title="bbox 91 557 884 593; baseline -0.001 -8"><span class='ocrx_word' id='word_1_71' title='bbox 91 558 322 593; x_wconf 72' lang='grc' dir='ltr'>κατεστεμμένος.</span> <span class='ocrx_word' id='word_1_72' title='bbox 346 560 379 586; x_wconf 83' lang='grc' dir='ltr'><strong>Αἱ</strong></span> <span class='ocrx_word' id='word_1_73' title='bbox 409 558 437 584; x_wconf 87' lang='grc' dir='ltr'>δὲ</span> <span class='ocrx_word' id='word_1_74' title='bbox 459 558 589 586; x_wconf 80' lang='grc' dir='ltr'><strong>ἀνωτάτω</strong></span> <span class='ocrx_word' id='word_1_75' title='bbox 616 557 754 592; x_wconf 84' lang='grc' dir='ltr'>δυνάμεις,</span> <span class='ocrx_word' id='word_1_76' title='bbox 771 558 831 593; x_wconf 70' lang='grc' dir='ltr'>μεθ’</span> <span class='ocrx_word' id='word_1_77' title='bbox 850 558 884 590; x_wconf 84' lang='grc' dir='ltr'>ἃς</span> 
     </span>
    </p>
   </div>
   <div class='ocr_carea' id='block_1_12' title="bbox 88 602 882 640">
    <p class='ocr_par' dir='ltr' id='par_1_12' title="bbox 88 602 882 640">
     <span class='ocr_line' id='line_1_12' title="bbox 88 602 882 640; baseline -0.003 -9"><span class='ocrx_word' id='word_1_78' title='bbox 88 605 161 631; x_wconf 71' lang='grc' dir='ltr'>οὐδὲν</span> <span class='ocrx_word' id='word_1_79' title='bbox 176 604 310 631; x_wconf 77' lang='grc' dir='ltr'><strong>ἐπέκεινα</strong></span> <span class='ocrx_word' id='word_1_80' title='bbox 323 603 377 631; x_wconf 84' lang='grc' dir='ltr'><strong>τῶν</strong></span> <span class='ocrx_word' id='word_1_81' title='bbox 402 604 522 640; x_wconf 84' lang='grc' dir='ltr'><strong>γενητῶν</strong></span> <span class='ocrx_word' id='word_1_82' title='bbox 548 602 618 631; x_wconf 81' lang='grc' dir='ltr'>εἶναι</span> <span class='ocrx_word' id='word_1_83' title='bbox 643 604 761 638; x_wconf 84' lang='grc' dir='ltr'>λέγεται,</span> <span class='ocrx_word' id='word_1_84' title='bbox 790 603 882 638; x_wconf 80' lang='grc' dir='ltr'>κύκλῳ</span> 
     </span>
    </p>
   </div>
   <div class='ocr_carea' id='block_1_13' title="bbox 88 650 881 686">
    <p class='ocr_par' dir='ltr' id='par_1_13' title="bbox 88 650 881 686">
     <span class='ocr_line' id='line_1_13' title="bbox 88 650 881 686; baseline 0 -10"><span class='ocrx_word' id='word_1_85' title='bbox 88 652 246 686; x_wconf 76' lang='grc' dir='ltr'><strong>περιιστᾶσι</strong></span> <span class='ocrx_word' id='word_1_86' title='bbox 261 650 338 683; x_wconf 80' lang='grc' dir='ltr'><strong>τάξιν</strong></span> <span class='ocrx_word' id='word_1_87' title='bbox 353 650 462 686; x_wconf 78' lang='grc' dir='ltr'>ἔχουσαι</span> <span class='ocrx_word' id='word_1_88' title='bbox 479 651 530 686; x_wconf 84' lang='grc' dir='ltr'>τὴν</span> <span class='ocrx_word' id='word_1_89' title='bbox 540 651 689 686; x_wconf 84' lang='grc' dir='ltr'>οἰκετικὴν,</span> <span class='ocrx_word' id='word_1_90' title='bbox 706 652 752 677; x_wconf 80' lang='grc' dir='ltr'>καὶ</span> <span class='ocrx_word' id='word_1_91' title='bbox 763 652 823 681; x_wconf 83' lang='grc' dir='ltr'>ταῖς</span> <span class='ocrx_word' id='word_1_92' title='bbox 836 652 881 676; x_wconf 85' lang='grc' dir='ltr'>εὑ-</span> 
     </span>
    </p>
   </div>
   <div class='ocr_carea' id='block_1_14' title="bbox 86 695 882 733">
    <p class='ocr_par' dir='ltr' id='par_1_14' title="bbox 86 695 882 733">
     <span class='ocr_line' id='line_1_14' title="bbox 86 695 882 733; baseline 0.001 -11"><span class='ocrx_word' id='word_1_93' title='bbox 86 697 205 732; x_wconf 73' lang='grc' dir='ltr'>ᾳημίαις</span> <span class='ocrx_word' id='word_1_94' title='bbox 220 697 483 733; x_wconf 80' lang='grc' dir='ltr'>καταγεραίρουσαι.</span> <span class='ocrx_word' id='word_1_95' title='bbox 509 698 605 733; x_wconf 85' lang='grc' dir='ltr'>Πλήρη</span> <span class='ocrx_word' id='word_1_96' title='bbox 620 706 649 724; x_wconf 86' lang='grc' dir='ltr'><strong>τε</strong></span> <span class='ocrx_word' id='word_1_97' title='bbox 666 695 734 724; x_wconf 78' lang='grc' dir='ltr'><strong>εἶναί</strong></span> <span class='ocrx_word' id='word_1_98' title='bbox 754 706 820 732; x_wconf 78' lang='grc' dir='ltr'>φησι</span> <span class='ocrx_word' id='word_1_99' title='bbox 834 697 882 732; x_wconf 82' lang='grc' dir='ltr'>τὴν</span> 
     </span>
    </p>
   </div>
   <div class='ocr_carea' id='block_1_15' title="bbox 85 742 883 778">
    <p class='ocr_par' dir='ltr' id='par_1_15' title="bbox 85 742 883 778">
     <span class='ocr_line' id='line_1_15' title="bbox 85 742 883 778; baseline 0.001 -10"><span class='ocrx_word' id='word_1_100' title='bbox 85 743 135 777; x_wconf 77' lang='grc' dir='ltr'>γῆν</span> <span class='ocrx_word' id='word_1_101' title='bbox 147 742 263 769; x_wconf 73' lang='grc' dir='ltr'>ἃπασαν</span> <span class='ocrx_word' id='word_1_102' title='bbox 274 743 324 778; x_wconf 83' lang='grc' dir='ltr'>τῆς</span> <span class='ocrx_word' id='word_1_103' title='bbox 338 743 416 777; x_wconf 85' lang='grc' dir='ltr'><strong>δόξης</strong></span> <span class='ocrx_word' id='word_1_104' title='bbox 425 742 519 770; x_wconf 81' lang='grc' dir='ltr'>αὑτοῦ.</span> <span class='ocrx_word' id='word_1_105' title='bbox 536 744 641 778; x_wconf 81' lang='grc' dir='ltr'>Χρῆναι</span> <span class='ocrx_word' id='word_1_106' title='bbox 657 743 685 769; x_wconf 81' lang='grc' dir='ltr'><strong>δὲ</strong></span> <span class='ocrx_word' id='word_1_107' title='bbox 699 743 883 777; x_wconf 75' lang='grc' dir='ltr'>ὑπολαμϐάνω</span> 
     </span>
    </p>
   </div>
   <div class='ocr_carea' id='block_1_16' title="bbox 85 788 881 824">
    <p class='ocr_par' dir='ltr' id='par_1_16' title="bbox 85 788 881 824">
     <span class='ocr_line' id='line_1_16' title="bbox 85 788 881 824; baseline 0.003 -10"><span class='ocrx_word' id='word_1_108' title='bbox 85 788 122 824; x_wconf 75' lang='grc' dir='ltr'>μὴ</span> <span class='ocrx_word' id='word_1_109' title='bbox 137 790 165 814; x_wconf 75' lang='grc' dir='ltr'>ἐν</span> <span class='ocrx_word' id='word_1_110' title='bbox 181 790 310 821; x_wconf 78' lang='grc' dir='ltr'>τοπικοῖς</span> <span class='ocrx_word' id='word_1_111' title='bbox 321 789 448 824; x_wconf 73' lang='grc' dir='ltr'>ὑψώμασι</span> <span class='ocrx_word' id='word_1_112' title='bbox 462 789 507 816; x_wconf 79' lang='grc' dir='ltr'>τὸν</span> <span class='ocrx_word' id='word_1_113' title='bbox 522 790 593 816; x_wconf 82' lang='grc' dir='ltr'>θεῖον</span> <span class='ocrx_word' id='word_1_114' title='bbox 618 789 721 816; x_wconf 74' lang='grc' dir='ltr'>οἴεσθαι</span> <span class='ocrx_word' id='word_1_115' title='bbox 744 789 881 816; x_wconf 71' lang='grc' dir='ltr'>τεθεῖσθαι</span> 
     </span>
    </p>
   </div>
   <div class='ocr_carea' id='block_1_17' title="bbox 82 834 882 870">
    <p class='ocr_par' dir='ltr' id='par_1_17' title="bbox 82 834 882 870">
     <span class='ocr_line' id='line_1_17' title="bbox 82 834 882 870; baseline 0.001 -10"><span class='ocrx_word' id='word_1_116' title='bbox 82 834 189 869; x_wconf 73' lang='grc' dir='ltr'>θρόνον.</span> <span class='ocrx_word' id='word_1_117' title='bbox 205 834 312 869; x_wconf 77' lang='grc' dir='ltr'>Εὖηθες</span> <span class='ocrx_word' id='word_1_118' title='bbox 337 835 393 870; x_wconf 83' lang='grc' dir='ltr'>γὰρ</span> <span class='ocrx_word' id='word_1_119' title='bbox 417 835 464 862; x_wconf 77' lang='grc' dir='ltr'>καὶ</span> <span class='ocrx_word' id='word_1_120' title='bbox 478 835 606 861; x_wconf 77' lang='grc' dir='ltr'>ἀσύνετον</span> <span class='ocrx_word' id='word_1_121' title='bbox 626 835 721 870; x_wconf 85' lang='grc' dir='ltr'>κομιδῇ</span> <span class='ocrx_word' id='word_1_122' title='bbox 735 835 764 861; x_wconf 83' lang='grc' dir='ltr'><strong>τὸ</strong></span> <span class='ocrx_word' id='word_1_123' title='bbox 788 835 882 870; x_wconf 90' lang='grc' dir='ltr'>χρῆμά</span> 
     </span>
    </p>
   </div>
   <div class='ocr_carea' id='block_1_18' title="bbox 81 878 882 916">
    <p class='ocr_par' dir='ltr' id='par_1_18' title="bbox 81 878 882 916">
     <span class='ocr_line' id='line_1_18' title="bbox 81 878 882 916; baseline 0.001 -10"><span class='ocrx_word' id='word_1_124' title='bbox 81 881 169 907; x_wconf 82' lang='grc' dir='ltr'>ἐστιν.</span> <span class='ocrx_word' id='word_1_125' title='bbox 196 880 283 914; x_wconf 81' lang='grc' dir='ltr'><strong>Ύψοῦ</strong></span> <span class='ocrx_word' id='word_1_126' title='bbox 308 880 360 907; x_wconf 74' lang='grc' dir='ltr'>δὲὸ</span> <span class='ocrx_word' id='word_1_127' title='bbox 385 878 455 912; x_wconf 68' lang='grc' dir='ltr'>θεῖος</span> <span class='ocrx_word' id='word_1_128' title='bbox 467 880 584 907; x_wconf 79' lang='grc' dir='ltr'>τέθειται</span> <span class='ocrx_word' id='word_1_129' title='bbox 607 880 710 916; x_wconf 79' lang='grc' dir='ltr'>θρόνος.</span> <span class='ocrx_word' id='word_1_130' title='bbox 740 881 809 907; x_wconf 81' lang='grc' dir='ltr'>καθὸ</span> <span class='ocrx_word' id='word_1_131' title='bbox 835 881 882 908; x_wconf 75' lang='grc' dir='ltr'><strong>καὶ</strong></span> 
     </span>
    </p>
   </div>
   <div class='ocr_carea' id='block_1_19' title="bbox 937 283 1724 321">
    <p class='ocr_par' dir='ltr' id='par_1_19' title="bbox 937 283 1724 321">
     <span class='ocr_line' id='line_1_19' title="bbox 937 283 1724 321; baseline 0.008 -12"><span class='ocrx_word' id='word_1_132' title='bbox 937 289 980 309; x_wconf 89' lang='lat' dir='ltr'><strong>res</strong></span> <span class='ocrx_word' id='word_1_133' title='bbox 991 283 1087 317; x_wconf 62' lang='lat' dir='ltr'><strong>genitae</strong></span> <span class='ocrx_word' id='word_1_134' title='bbox 1099 284 1251 318; x_wconf 85' lang='lat' dir='ltr'><strong>superiores</strong></span> <span class='ocrx_word' id='word_1_135' title='bbox 1267 284 1402 318; x_wconf 85' lang='lat' dir='ltr'><strong>leguntur,</strong></span> <span class='ocrx_word' id='word_1_136' title='bbox 1417 285 1595 321; x_wconf 84' lang='lat' dir='ltr'><strong>undequaque</strong></span> <span class='ocrx_word' id='word_1_137' title='bbox 1608 288 1724 315; x_wconf 86' lang='lat' dir='ltr'><strong>circum--</strong></span> 
     </span>
    </p>
   </div>
   <div class='ocr_carea' id='block_1_20' title="bbox 936 320 1725 368">
    <p class='ocr_par' dir='ltr' id='par_1_20' title="bbox 936 320 1725 368">
     <span class='ocr_line' id='line_1_20' title="bbox 936 320 1725 368; baseline 0.008 -14"><span class='ocrx_word' id='word_1_138' title='bbox 936 332 1020 359; x_wconf 87' lang='lat' dir='ltr'><strong>stant,</strong></span> <span class='ocrx_word' id='word_1_139' title='bbox 1047 328 1256 356; x_wconf 84' lang='lat' dir='ltr'><strong>domesticorum</strong></span> <span class='ocrx_word' id='word_1_140' title='bbox 1278 328 1364 356; x_wconf 90' lang='lat' dir='ltr'><strong>locum</strong></span> <span class='ocrx_word' id='word_1_141' title='bbox 1387 320 1520 364; x_wconf 78' lang='lat' dir='ltr'><strong>tenentes,</strong></span> <span class='ocrx_word' id='word_1_142' title='bbox 1542 320 1658 368; x_wconf 80' lang='lat' dir='ltr'><strong>eumque</strong></span> <span class='ocrx_word' id='word_1_143' title='bbox 1679 341 1725 361; x_wconf 89' lang='lat' dir='ltr'><strong>or-</strong></span> 
     </span>
    </p>
   </div>
   <div class='ocr_carea' id='block_1_21' title="bbox 936 373 1724 410">
    <p class='ocr_par' dir='ltr' id='par_1_21' title="bbox 936 373 1724 410">
     <span class='ocr_line' id='line_1_21' title="bbox 936 373 1724 410; baseline 0.009 -11"><span class='ocrx_word' id='word_1_144' title='bbox 936 377 1031 401; x_wconf 78' lang='lat' dir='ltr'><strong>nantes</strong></span> <span class='ocrx_word' id='word_1_145' title='bbox 1049 373 1183 401; x_wconf 92' lang='lat' dir='ltr'><strong>laudibus.</strong></span> <span class='ocrx_word' id='word_1_146' title='bbox 1204 384 1212 400; x_wconf 84' lang='grc' dir='ltr'><strong>ι</strong></span> <span class='ocrx_word' id='word_1_147' title='bbox 1226 374 1305 402; x_wconf 83' lang='lat' dir='ltr'><strong>Plena</strong></span> <span class='ocrx_word' id='word_1_148' title='bbox 1318 381 1369 407; x_wconf 87' lang='lat' dir='ltr'><strong>est,</strong></span> <span class='ocrx_word' id='word_1_149' title='bbox 1385 376 1482 410; x_wconf 82' lang='lat' dir='ltr'><strong>inquit,</strong></span> <span class='ocrx_word' id='word_1_150' title='bbox 1504 382 1574 404; x_wconf 87' lang='lat' dir='ltr'><strong>terra</strong></span> <span class='ocrx_word' id='word_1_151' title='bbox 1594 379 1724 406; x_wconf 84' lang='lat' dir='ltr'><strong>universa</strong></span> 
     </span>
    </p>
   </div>
   <div class='ocr_carea' id='block_1_22' title="bbox 935 419 1723 453">
    <p class='ocr_par' dir='ltr' id='par_1_22' title="bbox 935 419 1723 453">
     <span class='ocr_line' id='line_1_22' title="bbox 935 419 1723 453; baseline 0.009 -8"><span class='ocrx_word' id='word_1_152' title='bbox 935 419 1019 453; x_wconf 77' lang='lat' dir='ltr'><strong>gloria</strong></span> <span class='ocrx_word' id='word_1_153' title='bbox 1038 419 1107 453; x_wconf 83' lang='lat' dir='ltr'><strong>ejus.</strong></span> <span class='ocrx_word' id='word_1_154' title='bbox 1124 429 1133 445; x_wconf 72' lang='grc' dir='ltr'><strong>ι</strong></span> <span class='ocrx_word' id='word_1_155' title='bbox 1146 419 1194 448; x_wconf 90' lang='lat' dir='ltr'><strong>Dei</strong></span> <span class='ocrx_word' id='word_1_156' title='bbox 1209 425 1297 448; x_wconf 89' lang='lat' dir='ltr'><strong>autem</strong></span> <span class='ocrx_word' id='word_1_157' title='bbox 1316 422 1440 450; x_wconf 89' lang='lat' dir='ltr'><strong>thronum</strong></span> <span class='ocrx_word' id='word_1_158' title='bbox 1456 424 1544 450; x_wconf 89' lang='lat' dir='ltr'><strong>nonin</strong></span> <span class='ocrx_word' id='word_1_159' title='bbox 1555 424 1723 452; x_wconf 81' lang='lat' dir='ltr'><strong>sublimitate</strong></span> 
     </span>
    </p>
   </div>
   <div class='ocr_carea' id='block_1_23' title="bbox 934 465 1791 503">
    <p class='ocr_par' dir='ltr' id='par_1_23' title="bbox 934 465 1791 503">
     <span class='ocr_line' id='line_1_23' title="bbox 934 465 1791 503; baseline 0.009 -12"><span class='ocrx_word' id='word_1_160' title='bbox 934 465 986 493; x_wconf 89' lang='lat' dir='ltr'><strong>loci</strong></span> <span class='ocrx_word' id='word_1_161' title='bbox 1004 466 1146 493; x_wconf 82' lang='lat' dir='ltr'><strong>terminata</strong></span> <span class='ocrx_word' id='word_1_162' title='bbox 1162 467 1291 501; x_wconf 84' lang='lat' dir='ltr'><strong>positum,</strong></span> <span class='ocrx_word' id='word_1_163' title='bbox 1304 475 1364 495; x_wconf 87' lang='lat' dir='ltr'><strong>meo</strong></span> <span class='ocrx_word' id='word_1_164' title='bbox 1376 467 1490 503; x_wconf 86' lang='lat' dir='ltr'><strong>judicio,</strong></span> <span class='ocrx_word' id='word_1_165' title='bbox 1506 471 1665 498; x_wconf 81' lang='lat' dir='ltr'><strong>existimare</strong></span> <span class='ocrx_word' id='word_1_166' title='bbox 1679 472 1722 498; x_wconf 39' lang='lat' dir='ltr'><strong>des</strong></span> <span class='ocrx_word' id='word_1_167' title='bbox 1768 474 1775 483; x_wconf 83' lang='lat'>&quot;</span> <span class='ocrx_word' id='word_1_168' title='bbox 1790 482 1791 487; x_wconf 53' lang='grc' dir='ltr'><strong>η</strong></span> 
     </span>
    </p>
   </div>
   <div class='ocr_carea' id='block_1_24' title="bbox 935 512 1720 548">
    <p class='ocr_par' dir='ltr' id='par_1_24' title="bbox 935 512 1720 548">
     <span class='ocr_line' id='line_1_24' title="bbox 935 512 1720 548; baseline 0.009 -10"><span class='ocrx_word' id='word_1_169' title='bbox 935 513 1028 539; x_wconf 86' lang='lat' dir='ltr'><strong>bemus</strong></span> <span class='ocrx_word' id='word_1_170' title='bbox 1046 521 1052 538; x_wconf 88' lang='lat'>:</span> <span class='ocrx_word' id='word_1_171' title='bbox 1068 512 1094 540; x_wconf 87' lang='lat' dir='ltr'><strong>id</strong></span> <span class='ocrx_word' id='word_1_172' title='bbox 1108 513 1179 540; x_wconf 88' lang='lat' dir='ltr'><strong>enim</strong></span> <span class='ocrx_word' id='word_1_173' title='bbox 1195 514 1315 548; x_wconf 87' lang='lat' dir='ltr'><strong>profecto</strong></span> <span class='ocrx_word' id='word_1_174' title='bbox 1338 515 1448 542; x_wconf 88' lang='lat' dir='ltr'><strong>stultum</strong></span> <span class='ocrx_word' id='word_1_175' title='bbox 1464 521 1504 543; x_wconf 88' lang='lat' dir='ltr'><strong>est</strong></span> <span class='ocrx_word' id='word_1_176' title='bbox 1520 521 1546 543; x_wconf 90' lang='lat' dir='ltr'><strong>et</strong></span> <span class='ocrx_word' id='word_1_177' title='bbox 1566 517 1690 545; x_wconf 69' lang='lat' dir='ltr'><strong>frit-olom</strong></span> <span class='ocrx_word' id='word_1_178' title='bbox 1713 527 1720 545; x_wconf 87' lang='lat'><strong>:</strong></span> 
     </span>
    </p>
   </div>
   <div class='ocr_carea' id='block_1_25' title="bbox 934 558 1722 598">
    <p class='ocr_par' dir='ltr' id='par_1_25' title="bbox 934 558 1722 598">
     <span class='ocr_line' id='line_1_25' title="bbox 934 558 1722 598; baseline 0.009 -14"><span class='ocrx_word' id='word_1_179' title='bbox 934 562 961 584; x_wconf 87' lang='lat' dir='ltr'><strong>al.</strong></span> <span class='ocrx_word' id='word_1_180' title='bbox 989 559 1015 585; x_wconf 92' lang='lat' dir='ltr'><strong>in</strong></span> <span class='ocrx_word' id='word_1_181' title='bbox 1036 558 1143 586; x_wconf 86' lang='lat' dir='ltr'><strong>sublimi</strong></span> <span class='ocrx_word' id='word_1_182' title='bbox 1175 559 1219 586; x_wconf 87' lang='lat' dir='ltr'><strong>Dei</strong></span> <span class='ocrx_word' id='word_1_183' title='bbox 1250 559 1363 587; x_wconf 76' lang='lat' dir='ltr'><strong>thronus</strong></span> <span class='ocrx_word' id='word_1_184' title='bbox 1385 561 1487 595; x_wconf 86' lang='lat' dir='ltr'><strong>positus</strong></span> <span class='ocrx_word' id='word_1_185' title='bbox 1511 568 1562 595; x_wconf 84' lang='lat' dir='ltr'><strong>est,</strong></span> <span class='ocrx_word' id='word_1_186' title='bbox 1588 569 1722 598; x_wconf 80' lang='lat' dir='ltr'><strong>quatenus</strong></span> 
     </span>
    </p>
   </div>
   <div class='ocr_carea' id='block_1_26' title="bbox 935 603 1721 644">
    <p class='ocr_par' dir='ltr' id='par_1_26' title="bbox 935 603 1721 644">
     <span class='ocr_line' id='line_1_26' title="bbox 935 603 1721 644; baseline 0.009 -15"><span class='ocrx_word' id='word_1_187' title='bbox 935 603 1019 630; x_wconf 82' lang='lat' dir='ltr'><strong>divini</strong></span> <span class='ocrx_word' id='word_1_188' title='bbox 1035 605 1111 639; x_wconf 81' lang='lat' dir='ltr'><strong>regni</strong></span> <span class='ocrx_word' id='word_1_189' title='bbox 1129 604 1215 639; x_wconf 80' lang='lat' dir='ltr'><strong>gloria</strong></span> <span class='ocrx_word' id='word_1_190' title='bbox 1237 613 1345 632; x_wconf 89' lang='lat' dir='ltr'><strong>omnem</strong></span> <span class='ocrx_word' id='word_1_191' title='bbox 1359 612 1483 634; x_wconf 87' lang='lat' dir='ltr'><strong>naturant</strong></span> <span class='ocrx_word' id='word_1_192' title='bbox 1505 609 1554 635; x_wconf 86' lang='lat' dir='ltr'><strong>sub</strong></span> <span class='ocrx_word' id='word_1_193' title='bbox 1570 609 1721 644; x_wconf 80' lang='lat' dir='ltr'><strong>intelligen-</strong></span> 
     </span>
    </p>
   </div>
   <div class='ocr_carea' id='block_1_27' title="bbox 942 647 1721 687">
    <p class='ocr_par' dir='ltr' id='par_1_27' title="bbox 942 647 1721 687">
     <span class='ocr_line' id='line_1_27' title="bbox 942 647 1721 687; baseline 0.009 -13"><span class='ocrx_word' id='word_1_194' title='bbox 942 647 1004 674; x_wconf 82' lang='lat' dir='ltr'><strong>tiam</strong></span> <span class='ocrx_word' id='word_1_195' title='bbox 1017 649 1170 681; x_wconf 78' lang='lat' dir='ltr'><strong>cadentem,</strong></span> <span class='ocrx_word' id='word_1_196' title='bbox 1185 657 1315 685; x_wconf 84' lang='lat' dir='ltr'><strong>superare</strong></span> <span class='ocrx_word' id='word_1_197' title='bbox 1333 651 1500 687; x_wconf 77' lang='lat' dir='ltr'><strong>intelligitur.</strong></span> <span class='ocrx_word' id='word_1_198' title='bbox 1520 654 1619 680; x_wconf 79' lang='lat' dir='ltr'><strong>Deinde</strong></span> <span class='ocrx_word' id='word_1_199' title='bbox 1635 655 1721 684; x_wconf 68' lang='lat' dir='ltr'><strong>sessio</strong></span> 
     </span>
    </p>
   </div>
   <div class='ocr_carea' id='block_1_28' title="bbox 934 695 1720 728">
    <p class='ocr_par' dir='ltr' id='par_1_28' title="bbox 934 695 1720 728">
     <span class='ocr_line' id='line_1_28' title="bbox 934 695 1720 728; baseline 0.01 -9"><span class='ocrx_word' id='word_1_200' title='bbox 934 701 993 727; x_wconf 76' lang='lat' dir='ltr'><strong>qua:</strong></span> <span class='ocrx_word' id='word_1_201' title='bbox 1008 695 1040 721; x_wconf 88' lang='lat' dir='ltr'><strong>de</strong></span> <span class='ocrx_word' id='word_1_202' title='bbox 1060 702 1091 721; x_wconf 87' lang='lat' dir='ltr'><strong>eo</strong></span> <span class='ocrx_word' id='word_1_203' title='bbox 1105 695 1214 728; x_wconf 87' lang='lat' dir='ltr'><strong>dicitur,</strong></span> <span class='ocrx_word' id='word_1_204' title='bbox 1233 696 1314 725; x_wconf 87' lang='lat' dir='ltr'><strong>veluti</strong></span> <span class='ocrx_word' id='word_1_205' title='bbox 1331 696 1485 725; x_wconf 83' lang='lat' dir='ltr'><strong>firmitatem</strong></span> <span class='ocrx_word' id='word_1_206' title='bbox 1502 703 1528 724; x_wconf 91' lang='lat' dir='ltr'><strong>ct</strong></span> <span class='ocrx_word' id='word_1_207' title='bbox 1545 699 1720 727; x_wconf 75' lang='lat' dir='ltr'><strong>stabilitatem</strong></span> 
     </span>
    </p>
   </div>
   <div class='ocr_carea' id='block_1_29' title="bbox 935 739 1722 780">
    <p class='ocr_par' dir='ltr' id='par_1_29' title="bbox 935 739 1722 780">
     <span class='ocr_line' id='line_1_29' title="bbox 935 739 1722 780; baseline 0.009 -14"><span class='ocrx_word' id='word_1_208' title='bbox 935 739 960 766; x_wconf 92' lang='lat' dir='ltr'><strong>iu</strong></span> <span class='ocrx_word' id='word_1_209' title='bbox 979 741 1072 768; x_wconf 89' lang='lat' dir='ltr'><strong>eodem</strong></span> <span class='ocrx_word' id='word_1_210' title='bbox 1092 742 1224 769; x_wconf 89' lang='lat' dir='ltr'><strong>bonorum</strong></span> <span class='ocrx_word' id='word_1_211' title='bbox 1249 748 1343 770; x_wconf 87' lang='lat' dir='ltr'><strong>tenore</strong></span> <span class='ocrx_word' id='word_1_212' title='bbox 1359 744 1593 780; x_wconf 76' lang='lat' dir='ltr'><strong>constantiamque</strong></span> <span class='ocrx_word' id='word_1_213' title='bbox 1616 746 1722 773; x_wconf 88' lang='lat' dir='ltr'><strong>videtur</strong></span> 
     </span>
    </p>
   </div>
   <div class='ocr_carea' id='block_1_30' title="bbox 934 787 1721 821">
    <p class='ocr_par' dir='ltr' id='par_1_30' title="bbox 934 787 1721 821">
     <span class='ocr_line' id='line_1_30' title="bbox 934 787 1721 821; baseline 0.01 -8"><span class='ocrx_word' id='word_1_214' title='bbox 934 787 1091 817; x_wconf 80' lang='lat' dir='ltr'><strong>subnotare.</strong></span> <span class='ocrx_word' id='word_1_215' title='bbox 1108 788 1201 816; x_wconf 85' lang='lat' dir='ltr'><strong>Psallit</strong></span> <span class='ocrx_word' id='word_1_216' title='bbox 1213 791 1285 817; x_wconf 90' lang='lat' dir='ltr'><strong>enim</strong></span> <span class='ocrx_word' id='word_1_217' title='bbox 1300 791 1340 818; x_wconf 90' lang='lat' dir='ltr'><strong>sic</strong></span> <span class='ocrx_word' id='word_1_218' title='bbox 1352 796 1380 818; x_wconf 88' lang='lat' dir='ltr'><strong>et</strong></span> <span class='ocrx_word' id='word_1_219' title='bbox 1396 791 1490 819; x_wconf 86' lang='lat' dir='ltr'><strong>beatus</strong></span> <span class='ocrx_word' id='word_1_220' title='bbox 1506 791 1590 819; x_wconf 81' lang='lat' dir='ltr'><strong>David</strong></span> <span class='ocrx_word' id='word_1_221' title='bbox 1604 801 1611 820; x_wconf 87' lang='lat'><strong>;</strong></span> <span class='ocrx_word' id='word_1_222' title='bbox 1626 801 1636 818; x_wconf 78' lang='grc' dir='ltr'><strong>ι</strong></span> <span class='ocrx_word' id='word_1_223' title='bbox 1653 793 1721 821; x_wconf 80' lang='lat' dir='ltr'><strong>Deus</strong></span> 
     </span>
    </p>
   </div>
   <div class='ocr_carea' id='block_1_31' title="bbox 933 833 1721 872">
    <p class='ocr_par' dir='ltr' id='par_1_31' title="bbox 933 833 1721 872">
     <span class='ocr_line' id='line_1_31' title="bbox 933 833 1721 872; baseline 0.008 -13"><span class='ocrx_word' id='word_1_224' title='bbox 933 833 1010 860; x_wconf 82' lang='lat' dir='ltr'><strong>sedet</strong></span> <span class='ocrx_word' id='word_1_225' title='bbox 1027 834 1052 860; x_wconf 89' lang='lat' dir='ltr'><strong>in</strong></span> <span class='ocrx_word' id='word_1_226' title='bbox 1076 834 1172 862; x_wconf 90' lang='lat' dir='ltr'><strong>throno</strong></span> <span class='ocrx_word' id='word_1_227' title='bbox 1193 840 1286 862; x_wconf 81' lang='lat' dir='ltr'><strong>sancto</strong></span> <span class='ocrx_word' id='word_1_228' title='bbox 1305 844 1355 863; x_wconf 85' lang='lat' dir='ltr'><strong>suo</strong></span> <span class='ocrx_word' id='word_1_229' title='bbox 1370 836 1402 863; x_wconf 76' lang='grc'>¹¹⁵.</span> <span class='ocrx_word' id='word_1_230' title='bbox 1419 846 1429 863; x_wconf 75' lang='grc' dir='ltr'><strong>ι</strong></span> <span class='ocrx_word' id='word_1_231' title='bbox 1448 837 1481 864; x_wconf 87' lang='lat' dir='ltr'><strong>Et</strong></span> <span class='ocrx_word' id='word_1_232' title='bbox 1498 838 1628 872; x_wconf 79' lang='lat' dir='ltr'><strong>propheta</strong></span> <span class='ocrx_word' id='word_1_233' title='bbox 1645 838 1721 865; x_wconf 87' lang='lat' dir='ltr'><strong>Jere—</strong></span> 
     </span>
    </p>
   </div>
   <div class='ocr_carea' id='block_1_32' title="bbox 937 880 1723 918">
    <p class='ocr_par' dir='ltr' id='par_1_32' title="bbox 937 880 1723 918">
     <span class='ocr_line' id='line_1_32' title="bbox 937 880 1723 918; baseline 0.006 -13"><span class='ocrx_word' id='word_1_234' title='bbox 937 880 1005 907; x_wconf 86' lang='lat' dir='ltr'><strong>mias</strong></span> <span class='ocrx_word' id='word_1_235' title='bbox 1020 881 1053 907; x_wconf 87' lang='lat' dir='ltr'><strong>ad</strong></span> <span class='ocrx_word' id='word_1_236' title='bbox 1065 888 1126 908; x_wconf 86' lang='lat' dir='ltr'><strong>eum</strong></span> <span class='ocrx_word' id='word_1_237' title='bbox 1143 881 1207 908; x_wconf 88' lang='lat' dir='ltr'><strong>dicit</strong></span> <span class='ocrx_word' id='word_1_238' title='bbox 1223 891 1230 908; x_wconf 87' lang='lat'>:</span> <span class='ocrx_word' id='word_1_239' title='bbox 1251 892 1260 906; x_wconf 77' lang='grc' dir='ltr'><strong>ι</strong></span> <span class='ocrx_word' id='word_1_240' title='bbox 1276 883 1314 909; x_wconf 91' lang='lat' dir='ltr'><strong>Tu</strong></span> <span class='ocrx_word' id='word_1_241' title='bbox 1332 883 1410 910; x_wconf 78' lang='lat' dir='ltr'><strong>sedes</strong></span> <span class='ocrx_word' id='word_1_242' title='bbox 1427 883 1453 910; x_wconf 89' lang='lat' dir='ltr'><strong>in</strong></span> <span class='ocrx_word' id='word_1_243' title='bbox 1476 885 1683 918; x_wconf 85' lang='lat' dir='ltr'><strong>sempiternum,</strong></span> <span class='ocrx_word' id='word_1_244' title='bbox 1696 889 1723 912; x_wconf 74' lang='lat' dir='ltr'><strong>et</strong></span> 
     </span>
    </p>
   </div>
   <div class='ocr_carea' id='block_1_33' title="bbox 81 925 826 964">
    <p class='ocr_par' dir='ltr' id='par_1_33' title="bbox 81 926 826 963">
     <span class='ocr_line' id='line_1_33' title="bbox 81 926 826 963; baseline 0.003 -11"><span class='ocrx_word' id='word_1_245' title='bbox 81 927 184 952; x_wconf 76' lang='grc' dir='ltr'>νοεῖται</span> <span class='ocrx_word' id='word_1_246' title='bbox 199 927 292 961; x_wconf 80' lang='grc' dir='ltr'>πάσης</span> <span class='ocrx_word' id='word_1_247' title='bbox 306 926 435 953; x_wconf 72' lang='grc' dir='ltr'>ἐπέκεινα</span> <span class='ocrx_word' id='word_1_248' title='bbox 447 926 555 960; x_wconf 83' lang='grc' dir='ltr'>φύσεως</span> <span class='ocrx_word' id='word_1_249' title='bbox 568 929 668 963; x_wconf 81' lang='grc' dir='ltr'>νοητῆς</span> <span class='ocrx_word' id='word_1_250' title='bbox 688 927 737 962; x_wconf 82' lang='grc' dir='ltr'>τῆς</span> <span class='ocrx_word' id='word_1_251' title='bbox 751 927 798 954; x_wconf 86' lang='grc' dir='ltr'>τοῦ</span> <span class='ocrx_word' id='word_1_252' title='bbox 811 929 826 954; x_wconf 70' lang='grc' dir='ltr'><strong>(ἐ</strong></span> 
     </span>
    </p>
   </div>
   <div class='ocr_carea' id='block_1_34' title="bbox 976 925 1721 964">
    <p class='ocr_par' dir='ltr' id='par_1_34' title="bbox 976 925 1721 964">
     <span class='ocr_line' id='line_1_34' title="bbox 976 925 1721 964; baseline 0.008 -14"><span class='ocrx_word' id='word_1_253' title='bbox 976 932 981 950; x_wconf 70' lang='grc' dir='ltr'>ς</span> <span class='ocrx_word' id='word_1_254' title='bbox 997 925 1117 958; x_wconf 83' lang='lat' dir='ltr'><strong>perimus</strong></span> <span class='ocrx_word' id='word_1_255' title='bbox 1135 926 1162 953; x_wconf 91' lang='lat' dir='ltr'><strong>in</strong></span> <span class='ocrx_word' id='word_1_256' title='bbox 1178 927 1375 961; x_wconf 75' lang='lat' dir='ltr'><strong>Sempllel‘ltllm</strong></span> <span class='ocrx_word' id='word_1_257' title='bbox 1393 928 1425 955; x_wconf 82' lang='grc'><strong>¹⁵.</strong></span> <span class='ocrx_word' id='word_1_258' title='bbox 1445 938 1453 954; x_wconf 76' lang='grc' dir='ltr'><strong>ι</strong></span> <span class='ocrx_word' id='word_1_259' title='bbox 1473 928 1588 964; x_wconf 82' lang='lat' dir='ltr'><strong>Semper</strong></span> <span class='ocrx_word' id='word_1_260' title='bbox 1605 930 1677 956; x_wconf 87' lang='lat' dir='ltr'><strong>enim</strong></span> <span class='ocrx_word' id='word_1_261' title='bbox 1695 934 1721 957; x_wconf 88' lang='lat' dir='ltr'><strong>et</strong></span> 
     </span>
    </p>
   </div>
   <div class='ocr_carea' id='block_1_35' title="bbox 81 972 879 1008">
    <p class='ocr_par' dir='ltr' id='par_1_35' title="bbox 81 972 879 1008">
     <span class='ocr_line' id='line_1_35' title="bbox 81 972 879 1008; baseline 0.003 -10"><span class='ocrx_word' id='word_1_262' title='bbox 81 972 228 1007; x_wconf 70' lang='grc' dir='ltr'>βασιλείας</span> <span class='ocrx_word' id='word_1_263' title='bbox 240 973 257 1008; x_wconf 89' lang='grc' dir='ltr'><strong>ἡ</strong></span> <span class='ocrx_word' id='word_1_264' title='bbox 268 973 342 1005; x_wconf 80' lang='grc' dir='ltr'>δόξα.</span> <span class='ocrx_word' id='word_1_265' title='bbox 359 973 393 999; x_wconf 83' lang='grc' dir='ltr'><strong>Ἦ</strong></span> <span class='ocrx_word' id='word_1_266' title='bbox 406 973 434 999; x_wconf 81' lang='grc' dir='ltr'><strong>δὲ</strong></span> <span class='ocrx_word' id='word_1_267' title='bbox 449 972 557 1005; x_wconf 85' lang='grc' dir='ltr'>κάθισις</span> <span class='ocrx_word' id='word_1_268' title='bbox 570 974 584 1007; x_wconf 80' lang='grc' dir='ltr'>ἡ</span> <span class='ocrx_word' id='word_1_269' title='bbox 598 973 730 1000; x_wconf 82' lang='grc' dir='ltr'><strong>ὲπάὺτοῦ</strong></span> <span class='ocrx_word' id='word_1_270' title='bbox 739 974 787 1008; x_wconf 85' lang='grc' dir='ltr'><strong>τὴν</strong></span> <span class='ocrx_word' id='word_1_271' title='bbox 798 974 879 1000; x_wconf 72' lang='grc' dir='ltr'>οἱονεὶ</span> 
     </span>
    </p>
   </div>
   <div class='ocr_carea' id='block_1_36' title="bbox 79 1018 879 1055">
    <p class='ocr_par' dir='ltr' id='par_1_36' title="bbox 79 1018 879 1055">
     <span class='ocr_line' id='line_1_36' title="bbox 79 1018 879 1055; baseline 0.003 -11"><span class='ocrx_word' id='word_1_272' title='bbox 79 1018 253 1053; x_wconf 78' lang='grc' dir='ltr'>βεϐαιότητά</span> <span class='ocrx_word' id='word_1_273' title='bbox 265 1028 295 1044; x_wconf 82' lang='grc' dir='ltr'><strong>τε</strong></span> <span class='ocrx_word' id='word_1_274' title='bbox 314 1019 361 1046; x_wconf 70' lang='grc' dir='ltr'>καὶ</span> <span class='ocrx_word' id='word_1_275' title='bbox 376 1020 404 1046; x_wconf 79' lang='grc' dir='ltr'><strong>ὲν</strong></span> <span class='ocrx_word' id='word_1_276' title='bbox 422 1020 567 1054; x_wconf 83' lang='grc' dir='ltr'>ταυτότητι</span> <span class='ocrx_word' id='word_1_277' title='bbox 585 1018 640 1047; x_wconf 85' lang='grc' dir='ltr'><strong>τῶν</strong></span> <span class='ocrx_word' id='word_1_278' title='bbox 651 1019 762 1053; x_wconf 78' lang='grc' dir='ltr'>ἀγαθῶν</span> <span class='ocrx_word' id='word_1_279' title='bbox 776 1020 879 1055; x_wconf 79' lang='grc' dir='ltr'>ἰδρυσίν</span> 
     </span>
    </p>
   </div>
   <div class='ocr_carea' id='block_1_37' title="bbox 78 1063 880 1100">
    <p class='ocr_par' dir='ltr' id='par_1_37' title="bbox 78 1063 880 1100">
     <span class='ocr_line' id='line_1_37' title="bbox 78 1063 880 1100; baseline 0.001 -10"><span class='ocrx_word' id='word_1_280' title='bbox 78 1073 107 1090; x_wconf 83' lang='grc' dir='ltr'><strong>τε</strong></span> <span class='ocrx_word' id='word_1_281' title='bbox 123 1065 172 1090; x_wconf 68' lang='grc' dir='ltr'>καὶ</span> <span class='ocrx_word' id='word_1_282' title='bbox 192 1063 325 1099; x_wconf 76' lang='grc' dir='ltr'>διαμονὴν</span> <span class='ocrx_word' id='word_1_283' title='bbox 340 1065 428 1092; x_wconf 79' lang='grc' dir='ltr'>ἔοικεν</span> <span class='ocrx_word' id='word_1_284' title='bbox 447 1065 606 1100; x_wconf 83' lang='grc' dir='ltr'>ὐποδηλοῦν.</span> <span class='ocrx_word' id='word_1_285' title='bbox 628 1065 730 1092; x_wconf 83' lang='grc' dir='ltr'>Ψάλλει</span> <span class='ocrx_word' id='word_1_286' title='bbox 741 1065 794 1100; x_wconf 82' lang='grc' dir='ltr'>γὰρ</span> <span class='ocrx_word' id='word_1_287' title='bbox 808 1065 880 1092; x_wconf 80' lang='grc' dir='ltr'>οὕτω</span> 
     </span>
    </p>
   </div>
   <div class='ocr_carea' id='block_1_38' title="bbox 78 1111 879 1147">
    <p class='ocr_par' dir='ltr' id='par_1_38' title="bbox 78 1111 879 1147">
     <span class='ocr_line' id='line_1_38' title="bbox 78 1111 879 1147; baseline 0.002 -11"><span class='ocrx_word' id='word_1_288' title='bbox 78 1111 127 1137; x_wconf 75' lang='grc' dir='ltr'><strong>καὶ</strong></span> <span class='ocrx_word' id='word_1_289' title='bbox 139 1112 152 1137; x_wconf 78' lang='grc' dir='ltr'><strong>ὁ</strong></span> <span class='ocrx_word' id='word_1_290' title='bbox 165 1111 315 1143; x_wconf 68' lang='grc' dir='ltr'>θεσπέσιος</span> <span class='ocrx_word' id='word_1_291' title='bbox 330 1111 422 1138; x_wconf 72' lang='grc' dir='ltr'><strong>Δαΰίδο</strong></span> <span class='ocrx_word' id='word_1_292' title='bbox 439 1122 448 1137; x_wconf 82' lang='grc' dir='ltr'><strong>ι</strong></span> <span class='ocrx_word' id='word_1_293' title='bbox 467 1112 496 1138; x_wconf 84' lang='lat'><strong>&#39;0</strong></span> <span class='ocrx_word' id='word_1_294' title='bbox 509 1112 575 1143; x_wconf 79' lang='grc' dir='ltr'>Θεὸς</span> <span class='ocrx_word' id='word_1_295' title='bbox 588 1111 705 1146; x_wconf 72' lang='grc' dir='ltr'>κάθηται</span> <span class='ocrx_word' id='word_1_296' title='bbox 720 1112 766 1138; x_wconf 77' lang='grc' dir='ltr'><strong>ἐπὶ</strong></span> <span class='ocrx_word' id='word_1_297' title='bbox 785 1111 879 1147; x_wconf 84' lang='grc' dir='ltr'>θρόνου</span> 
     </span>
    </p>
   </div>
   <div class='ocr_carea' id='block_1_39' title="bbox 78 1156 880 1193">
    <p class='ocr_par' dir='ltr' id='par_1_39' title="bbox 78 1156 880 1193">
     <span class='ocr_line' id='line_1_39' title="bbox 78 1156 880 1193; baseline 0.002 -12"><span class='ocrx_word' id='word_1_298' title='bbox 78 1156 159 1189; x_wconf 58' lang='grc' dir='ltr'><strong>ἁγία-ἀ</strong></span> <span class='ocrx_word' id='word_1_299' title='bbox 176 1156 275 1182; x_wconf 77' lang='grc' dir='ltr'>αὑτοῦ.</span> <span class='ocrx_word' id='word_1_300' title='bbox 291 1166 300 1182; x_wconf 77' lang='grc' dir='ltr'><strong>ι</strong></span> <span class='ocrx_word' id='word_1_301' title='bbox 333 1157 388 1184; x_wconf 81' lang='grc' dir='ltr'><strong>Καὶ</strong></span> <span class='ocrx_word' id='word_1_302' title='bbox 407 1157 461 1192; x_wconf 79' lang='grc' dir='ltr'><strong>μὴν</strong></span> <span class='ocrx_word' id='word_1_303' title='bbox 481 1157 527 1184; x_wconf 76' lang='grc' dir='ltr'><strong>καὶ</strong></span> <span class='ocrx_word' id='word_1_304' title='bbox 548 1158 562 1183; x_wconf 81' lang='grc' dir='ltr'>ὁ</span> <span class='ocrx_word' id='word_1_305' title='bbox 586 1158 729 1192; x_wconf 69' lang='grc' dir='ltr'>προφήτης</span> <span class='ocrx_word' id='word_1_306' title='bbox 749 1158 880 1193; x_wconf 82' lang='grc' dir='ltr'>Ἱερεμίας</span> 
     </span>
    </p>
   </div>
   <div class='ocr_carea' id='block_1_40' title="bbox 78 1202 880 1238">
    <p class='ocr_par' dir='ltr' id='par_1_40' title="bbox 78 1202 880 1238">
     <span class='ocr_line' id='line_1_40' title="bbox 78 1202 880 1238; baseline 0.002 -10"><span class='ocrx_word' id='word_1_307' title='bbox 78 1202 149 1237; x_wconf 77' lang='grc' dir='ltr'>πρὸς</span> <span class='ocrx_word' id='word_1_308' title='bbox 163 1203 251 1229; x_wconf 75' lang='grc' dir='ltr'>αὐτόν</span> <span class='ocrx_word' id='word_1_309' title='bbox 286 1203 338 1229; x_wconf 78' lang='grc' dir='ltr'><strong>πού</strong></span> <span class='ocrx_word' id='word_1_310' title='bbox 366 1211 463 1238; x_wconf 84' lang='grc' dir='ltr'>φησιν·</span> <span class='ocrx_word' id='word_1_311' title='bbox 486 1212 494 1228; x_wconf 76' lang='grc' dir='ltr'><strong>ι</strong></span> <span class='ocrx_word' id='word_1_312' title='bbox 515 1203 576 1230; x_wconf 79' lang='grc' dir='ltr'>Ὅτι</span> <span class='ocrx_word' id='word_1_313' title='bbox 599 1204 631 1230; x_wconf 79' lang='grc' dir='ltr'><strong>σὺ</strong></span> <span class='ocrx_word' id='word_1_314' title='bbox 655 1203 807 1238; x_wconf 81' lang='grc' dir='ltr'>καθήμενος</span> <span class='ocrx_word' id='word_1_315' title='bbox 835 1204 880 1230; x_wconf 72' lang='grc' dir='ltr'>τὸν</span> 
     </span>
    </p>
   </div>
   <div class='ocr_carea' id='block_1_41' title="bbox 77 1248 881 1285">
    <p class='ocr_par' dir='ltr' id='par_1_41' title="bbox 77 1248 881 1285">
     <span class='ocr_line' id='line_1_41' title="bbox 77 1248 881 1285; baseline 0.002 -11"><span class='ocrx_word' id='word_1_316' title='bbox 77 1248 179 1281; x_wconf 76' lang='grc' dir='ltr'>αἰῶνα,</span> <span class='ocrx_word' id='word_1_317' title='bbox 196 1248 246 1274; x_wconf 74' lang='grc' dir='ltr'><strong>καὶ</strong></span> <span class='ocrx_word' id='word_1_318' title='bbox 260 1249 343 1283; x_wconf 76' lang='grc' dir='ltr'>ἡμεῖς</span> <span class='ocrx_word' id='word_1_319' title='bbox 356 1248 539 1284; x_wconf 84' lang='grc' dir='ltr'>ἀπολλύμενοι</span> <span class='ocrx_word' id='word_1_320' title='bbox 551 1249 598 1275; x_wconf 86' lang='grc' dir='ltr'><strong>τὸν</strong></span> <span class='ocrx_word' id='word_1_321' title='bbox 612 1249 707 1276; x_wconf 73' lang='grc' dir='ltr'>αῐῶνα.</span> <span class='ocrx_word' id='word_1_322' title='bbox 722 1259 730 1274; x_wconf 81' lang='grc' dir='ltr'><strong>ι</strong></span> <span class='ocrx_word' id='word_1_323' title='bbox 752 1250 809 1276; x_wconf 75' lang='grc' dir='ltr'><strong>’Λεὶ</strong></span> <span class='ocrx_word' id='word_1_324' title='bbox 827 1249 881 1285; x_wconf 83' lang='grc' dir='ltr'>γὰρ</span> 
     </span>
    </p>
   </div>
   <div class='ocr_carea' id='block_1_42' title="bbox 78 1294 879 1330">
    <p class='ocr_par' dir='ltr' id='par_1_42' title="bbox 78 1294 879 1330">
     <span class='ocr_line' id='line_1_42' title="bbox 78 1294 879 1330; baseline 0.002 -10"><span class='ocrx_word' id='word_1_325' title='bbox 78 1294 127 1320; x_wconf 77' lang='grc' dir='ltr'><strong>καὶ</strong></span> <span class='ocrx_word' id='word_1_326' title='bbox 139 1295 171 1320; x_wconf 81' lang='grc' dir='ltr'><strong>ὲν</strong></span> <span class='ocrx_word' id='word_1_327' title='bbox 191 1294 276 1321; x_wconf 76' lang='grc' dir='ltr'>παντὶ</span> <span class='ocrx_word' id='word_1_328' title='bbox 303 1294 392 1329; x_wconf 84' lang='grc' dir='ltr'>χρόνῳ</span> <span class='ocrx_word' id='word_1_329' title='bbox 407 1294 513 1330; x_wconf 85' lang='grc' dir='ltr'>φθαρτή</span> <span class='ocrx_word' id='word_1_330' title='bbox 531 1295 561 1321; x_wconf 84' lang='grc' dir='ltr'><strong>τέ</strong></span> <span class='ocrx_word' id='word_1_331' title='bbox 584 1295 658 1321; x_wconf 71' lang='grc' dir='ltr'>ἔστιν</span> <span class='ocrx_word' id='word_1_332' title='bbox 672 1297 688 1330; x_wconf 77' lang='grc' dir='ltr'><strong>ἡ</strong></span> <span class='ocrx_word' id='word_1_333' title='bbox 707 1295 879 1330; x_wconf 78' lang='grc' dir='ltr'>πεποιημένη</span> 
     </span>
    </p>
   </div>
   <div class='ocr_carea' id='block_1_43' title="bbox 77 1339 880 1375">
    <p class='ocr_par' dir='ltr' id='par_1_43' title="bbox 77 1339 880 1375">
     <span class='ocr_line' id='line_1_43' title="bbox 77 1339 880 1375; baseline 0.002 -10"><span class='ocrx_word' id='word_1_334' title='bbox 77 1339 175 1372; x_wconf 70' lang='grc' dir='ltr'>φύσις,</span> <span class='ocrx_word' id='word_1_335' title='bbox 193 1339 243 1365; x_wconf 68' lang='grc' dir='ltr'><strong>καὶ</strong></span> <span class='ocrx_word' id='word_1_336' title='bbox 257 1339 312 1365; x_wconf 89' lang='grc' dir='ltr'><strong>τῶν</strong></span> <span class='ocrx_word' id='word_1_337' title='bbox 329 1339 448 1374; x_wconf 84' lang='grc' dir='ltr'>γενητῶν</span> <span class='ocrx_word' id='word_1_338' title='bbox 464 1340 493 1366; x_wconf 84' lang='grc' dir='ltr'><strong>ἐν</strong></span> <span class='ocrx_word' id='word_1_339' title='bbox 511 1339 616 1372; x_wconf 83' lang='grc' dir='ltr'>τούτοις</span> <span class='ocrx_word' id='word_1_340' title='bbox 629 1340 659 1367; x_wconf 81' lang='grc' dir='ltr'>τὸ</span> <span class='ocrx_word' id='word_1_341' title='bbox 676 1340 784 1375; x_wconf 85' lang='grc' dir='ltr'>μέτρον·</span> <span class='ocrx_word' id='word_1_342' title='bbox 795 1341 880 1375; x_wconf 80' lang='grc' dir='ltr'>κάθη-</span> 
     </span>
    </p>
   </div>
   <div class='ocr_carea' id='block_1_44' title="bbox 79 1385 880 1422">
    <p class='ocr_par' dir='ltr' id='par_1_44' title="bbox 79 1385 880 1422">
     <span class='ocr_line' id='line_1_44' title="bbox 79 1385 880 1422; baseline 0.002 -12"><span class='ocrx_word' id='word_1_343' title='bbox 79 1394 125 1411; x_wconf 74' lang='grc' dir='ltr'><strong>ται</strong></span> <span class='ocrx_word' id='word_1_344' title='bbox 143 1385 188 1418; x_wconf 82' lang='grc' dir='ltr'><strong>δὲ,</strong></span> <span class='ocrx_word' id='word_1_345' title='bbox 204 1385 244 1416; x_wconf 86' lang='grc' dir='ltr'>ὡς</span> <span class='ocrx_word' id='word_1_346' title='bbox 258 1385 339 1420; x_wconf 76' lang='grc' dir='ltr'><strong>ἔφην,</strong></span> <span class='ocrx_word' id='word_1_347' title='bbox 354 1387 370 1420; x_wconf 90' lang='grc' dir='ltr'><strong>ἡ</strong></span> <span class='ocrx_word' id='word_1_348' title='bbox 390 1385 497 1412; x_wconf 78' lang='grc' dir='ltr'>πάντων</span> <span class='ocrx_word' id='word_1_349' title='bbox 511 1386 628 1420; x_wconf 79' lang='grc' dir='ltr'>τεχνῖτις</span> <span class='ocrx_word' id='word_1_350' title='bbox 643 1386 689 1412; x_wconf 71' lang='grc' dir='ltr'><strong>καὶ</strong></span> <span class='ocrx_word' id='word_1_351' title='bbox 715 1386 880 1422; x_wconf 79' lang='grc' dir='ltr'>δημιουργὸς</span> 
     </span>
    </p>
   </div>
   <div class='ocr_carea' id='block_1_45' title="bbox 81 1430 880 1467">
    <p class='ocr_par' dir='ltr' id='par_1_45' title="bbox 81 1430 880 1467">
     <span class='ocr_line' id='line_1_45' title="bbox 81 1430 880 1467; baseline 0.001 -10"><span class='ocrx_word' id='word_1_352' title='bbox 81 1432 178 1465; x_wconf 60' lang='grc' dir='ltr'>σοφία,</span> <span class='ocrx_word' id='word_1_353' title='bbox 196 1430 269 1458; x_wconf 78' lang='grc' dir='ltr'>τοῦτ’</span> <span class='ocrx_word' id='word_1_354' title='bbox 283 1431 369 1462; x_wconf 74' lang='grc' dir='ltr'>ἐστιν,</span> <span class='ocrx_word' id='word_1_355' title='bbox 386 1432 532 1467; x_wconf 85' lang='grc' dir='ltr'>ἀκλόνητον</span> <span class='ocrx_word' id='word_1_356' title='bbox 559 1431 615 1467; x_wconf 81' lang='grc' dir='ltr'>ἔχει</span> <span class='ocrx_word' id='word_1_357' title='bbox 626 1431 674 1467; x_wconf 80' lang='grc' dir='ltr'><strong>τήν</strong></span> <span class='ocrx_word' id='word_1_358' title='bbox 696 1433 725 1458; x_wconf 82' lang='grc' dir='ltr'>ἐν</span> <span class='ocrx_word' id='word_1_359' title='bbox 737 1433 880 1467; x_wconf 81' lang='grc' dir='ltr'>ταυτότητι</span> 
     </span>
    </p>
   </div>
   <div class='ocr_carea' id='block_1_46' title="bbox 80 1475 881 1514">
    <p class='ocr_par' dir='ltr' id='par_1_46' title="bbox 80 1475 881 1514">
     <span class='ocr_line' id='line_1_46' title="bbox 80 1475 881 1514; baseline 0.001 -10"><span class='ocrx_word' id='word_1_360' title='bbox 80 1478 228 1513; x_wconf 78' lang='grc' dir='ltr'>διαμονήν.</span> <span class='ocrx_word' id='word_1_361' title='bbox 243 1477 339 1512; x_wconf 82' lang='grc' dir='ltr'>Πλήρη</span> <span class='ocrx_word' id='word_1_362' title='bbox 350 1477 378 1503; x_wconf 82' lang='grc' dir='ltr'><strong>δὲ</strong></span> <span class='ocrx_word' id='word_1_363' title='bbox 394 1475 464 1506; x_wconf 76' lang='grc' dir='ltr'>εἶναι</span> <span class='ocrx_word' id='word_1_364' title='bbox 480 1486 546 1514; x_wconf 82' lang='grc' dir='ltr'>φησι</span> <span class='ocrx_word' id='word_1_365' title='bbox 575 1478 620 1504; x_wconf 84' lang='grc' dir='ltr'><strong>τὸν</strong></span> <span class='ocrx_word' id='word_1_366' title='bbox 639 1475 713 1505; x_wconf 79' lang='grc' dir='ltr'>οἶκον</span> <span class='ocrx_word' id='word_1_367' title='bbox 735 1478 784 1513; x_wconf 79' lang='grc' dir='ltr'>τῆς</span> <span class='ocrx_word' id='word_1_368' title='bbox 801 1478 881 1514; x_wconf 79' lang='grc' dir='ltr'>δόξης</span> 
     </span>
    </p>
   </div>
   <div class='ocr_carea' id='block_1_47' title="bbox 81 1522 881 1560">
    <p class='ocr_par' dir='ltr' id='par_1_47' title="bbox 81 1522 881 1560">
     <span class='ocr_line' id='line_1_47' title="bbox 81 1522 881 1560; baseline 0 -10"><span class='ocrx_word' id='word_1_369' title='bbox 81 1522 181 1550; x_wconf 65' lang='grc' dir='ltr'>αὐτοῦ.</span> <span class='ocrx_word' id='word_1_370' title='bbox 201 1522 286 1550; x_wconf 61' lang='grc' dir='ltr'><strong>Οὕτω</strong></span> <span class='ocrx_word' id='word_1_371' title='bbox 304 1523 359 1558; x_wconf 81' lang='grc' dir='ltr'>γὰρ</span> <span class='ocrx_word' id='word_1_372' title='bbox 383 1523 610 1559; x_wconf 74' lang='grc' dir='ltr'>δεδυσσεϐηκότος</span> <span class='ocrx_word' id='word_1_373' title='bbox 638 1523 686 1550; x_wconf 79' lang='grc' dir='ltr'>τοῦ</span> <span class='ocrx_word' id='word_1_374' title='bbox 713 1523 816 1560; x_wconf 80' lang='grc' dir='ltr'>Ἰσραὴλ</span> <span class='ocrx_word' id='word_1_375' title='bbox 841 1524 881 1555; x_wconf 71' lang='grc' dir='ltr'>εἰς</span> 
     </span>
    </p>
   </div>
   <div class='ocr_carea' id='block_1_48' title="bbox 81 1569 880 1605">
    <p class='ocr_par' dir='ltr' id='par_1_48' title="bbox 81 1569 880 1605">
     <span class='ocr_line' id='line_1_48' title="bbox 81 1569 880 1605; baseline 0.001 -10"><span class='ocrx_word' id='word_1_376' title='bbox 81 1569 128 1595; x_wconf 76' lang='grc' dir='ltr'>τὸν</span> <span class='ocrx_word' id='word_1_377' title='bbox 144 1569 252 1604; x_wconf 78' lang='grc' dir='ltr'>Κύριον</span> <span class='ocrx_word' id='word_1_378' title='bbox 266 1569 344 1604; x_wconf 84' lang='grc' dir='ltr'>ἡμῶν</span> <span class='ocrx_word' id='word_1_379' title='bbox 368 1569 471 1604; x_wconf 78' lang='grc' dir='ltr'>Ἰησοῦν</span> <span class='ocrx_word' id='word_1_380' title='bbox 497 1569 543 1596; x_wconf 86' lang='grc' dir='ltr'><strong>τὸν</strong></span> <span class='ocrx_word' id='word_1_381' title='bbox 556 1570 683 1605; x_wconf 83' lang='grc' dir='ltr'>Χριστὸν,</span> <span class='ocrx_word' id='word_1_382' title='bbox 700 1569 820 1605; x_wconf 77' lang='grc' dir='ltr'>ἐπλήρου</span> <span class='ocrx_word' id='word_1_383' title='bbox 835 1570 880 1597; x_wconf 86' lang='grc' dir='ltr'>τὸν</span> 
     </span>
    </p>
   </div>
   <div class='ocr_carea' id='block_1_49' title="bbox 80 1604 917 1651">
    <p class='ocr_par' dir='ltr' id='par_1_49' title="bbox 80 1604 917 1651">
     <span class='ocr_line' id='line_1_49' title="bbox 80 1604 917 1651; baseline 0 -9"><span class='ocrx_word' id='word_1_384' title='bbox 80 1614 158 1642; x_wconf 80' lang='grc' dir='ltr'>οἷκον</span> <span class='ocrx_word' id='word_1_385' title='bbox 175 1616 223 1642; x_wconf 79' lang='grc' dir='ltr'>τὸν</span> <span class='ocrx_word' id='word_1_386' title='bbox 243 1616 272 1642; x_wconf 73' lang='grc' dir='ltr'>ὲν</span> <span class='ocrx_word' id='word_1_387' title='bbox 286 1616 343 1647; x_wconf 80' lang='grc' dir='ltr'>τοῖς</span> <span class='ocrx_word' id='word_1_388' title='bbox 373 1604 614 1651; x_wconf 50' lang='grc' dir='ltr'>Ἰεροσολύμοιςγὴ</span> <span class='ocrx_word' id='word_1_389' title='bbox 638 1615 686 1642; x_wconf 80' lang='grc' dir='ltr'>τοῦ</span> <span class='ocrx_word' id='word_1_390' title='bbox 716 1604 783 1642; x_wconf 82' lang='grc' dir='ltr'>θεοῦ</span> <span class='ocrx_word' id='word_1_391' title='bbox 807 1616 881 1648; x_wconf 78' lang='grc' dir='ltr'>δόξα.</span> <span class='ocrx_word' id='word_1_392' title='bbox 895 1604 917 1633; x_wconf 75' lang='lat' dir='ltr'><strong>C&#39;</strong></span> 
     </span>
    </p>
   </div>
   <div class='ocr_carea' id='block_1_50' title="bbox 88 1661 882 1696">
    <p class='ocr_par' dir='ltr' id='par_1_50' title="bbox 88 1661 882 1696">
     <span class='ocr_line' id='line_1_50' title="bbox 88 1661 882 1696; baseline 0.001 -9"><span class='ocrx_word' id='word_1_393' title='bbox 88 1662 203 1696; x_wconf 78' lang='grc' dir='ltr'>Ἐπειδὴ</span> <span class='ocrx_word' id='word_1_394' title='bbox 214 1661 244 1688; x_wconf 81' lang='grc' dir='ltr'><strong>δὲ</strong></span> <span class='ocrx_word' id='word_1_395' title='bbox 262 1662 418 1696; x_wconf 77' lang='grc' dir='ltr'>ἠρνήσαντο</span> <span class='ocrx_word' id='word_1_396' title='bbox 431 1661 480 1696; x_wconf 85' lang='grc' dir='ltr'>τὴν</span> <span class='ocrx_word' id='word_1_397' title='bbox 498 1661 636 1696; x_wconf 84' lang='grc' dir='ltr'>βασιλείαν</span> <span class='ocrx_word' id='word_1_398' title='bbox 656 1661 748 1693; x_wconf 76' lang='grc' dir='ltr'>αὐτοῦ,</span> <span class='ocrx_word' id='word_1_399' title='bbox 766 1662 812 1688; x_wconf 74' lang='grc' dir='ltr'><strong>καὶ</strong></span> <span class='ocrx_word' id='word_1_400' title='bbox 833 1671 882 1688; x_wconf 86' lang='grc' dir='ltr'>πε-</span> 
     </span>
    </p>
   </div>
   <div class='ocr_carea' id='block_1_51' title="bbox 82 1703 883 1742">
    <p class='ocr_par' dir='ltr' id='par_1_51' title="bbox 82 1703 883 1742">
     <span class='ocr_line' id='line_1_51' title="bbox 82 1703 883 1742; baseline -0.001 -8"><span class='ocrx_word' id='word_1_401' title='bbox 82 1707 232 1734; x_wconf 72' lang='grc' dir='ltr'>πτώκασιν</span> <span class='ocrx_word' id='word_1_402' title='bbox 259 1708 299 1739; x_wconf 85' lang='grc' dir='ltr'>εἰς</span> <span class='ocrx_word' id='word_1_403' title='bbox 324 1707 487 1742; x_wconf 82' lang='grc' dir='ltr'>ἀνοσιότητα</span> <span class='ocrx_word' id='word_1_404' title='bbox 513 1707 631 1741; x_wconf 77' lang='grc' dir='ltr'>τρόπων.</span> <span class='ocrx_word' id='word_1_405' title='bbox 659 1703 696 1733; x_wconf 64' lang='lat' dir='ltr'><strong>Oi)</strong></span> <span class='ocrx_word' id='word_1_406' title='bbox 727 1707 819 1734; x_wconf 78' lang='grc' dir='ltr'>ἕνεκεν</span> <span class='ocrx_word' id='word_1_407' title='bbox 834 1707 883 1742; x_wconf 86' lang='grc' dir='ltr'><strong>τὴν</strong></span> 
     </span>
    </p>
   </div>
   <div class='ocr_carea' id='block_1_52' title="bbox 83 1751 882 1788">
    <p class='ocr_par' dir='ltr' id='par_1_52' title="bbox 83 1751 882 1788">
     <span class='ocr_line' id='line_1_52' title="bbox 83 1751 882 1788; baseline 0 -9"><span class='ocrx_word' id='word_1_408' title='bbox 83 1754 180 1788; x_wconf 79' lang='grc' dir='ltr'>φωνὴν</span> <span class='ocrx_word' id='word_1_409' title='bbox 194 1753 317 1788; x_wconf 68' lang='grc' dir='ltr'>ἥκουσαν</span> <span class='ocrx_word' id='word_1_410' title='bbox 333 1753 468 1787; x_wconf 63' lang='grc' dir='ltr'>λέγοντος</span> <span class='ocrx_word' id='word_1_411' title='bbox 484 1753 569 1780; x_wconf 78' lang='grc' dir='ltr'>ι-Ίδοὺ</span> <span class='ocrx_word' id='word_1_412' title='bbox 580 1753 689 1788; x_wconf 80' lang='grc' dir='ltr'>ἀφίεται</span> <span class='ocrx_word' id='word_1_413' title='bbox 705 1754 768 1788; x_wconf 81' lang='grc' dir='ltr'>ὑμῖν</span> <span class='ocrx_word' id='word_1_414' title='bbox 783 1755 798 1780; x_wconf 79' lang='grc' dir='ltr'><em>ὁ</em></span> <span class='ocrx_word' id='word_1_415' title='bbox 809 1751 882 1785; x_wconf 77' lang='grc' dir='ltr'>οἶκος</span> 
     </span>
    </p>
   </div>
   <div class='ocr_carea' id='block_1_53' title="bbox 84 1797 883 1833">
    <p class='ocr_par' dir='ltr' id='par_1_53' title="bbox 84 1797 883 1833">
     <span class='ocr_line' id='line_1_53' title="bbox 84 1797 883 1833; baseline -0.001 -9"><span class='ocrx_word' id='word_1_416' title='bbox 84 1799 176 1833; x_wconf 76' lang='grc' dir='ltr'>ὑμῶν,</span> <span class='ocrx_word' id='word_1_417' title='bbox 191 1808 199 1824; x_wconf 72' lang='grc' dir='ltr'><strong>ι</strong></span> <span class='ocrx_word' id='word_1_418' title='bbox 225 1798 351 1833; x_wconf 82' lang='grc' dir='ltr'>Ἐκάστῳ</span> <span class='ocrx_word' id='word_1_419' title='bbox 362 1798 390 1824; x_wconf 82' lang='grc' dir='ltr'><strong>δὲ</strong></span> <span class='ocrx_word' id='word_1_420' title='bbox 404 1797 458 1824; x_wconf 80' lang='grc' dir='ltr'><strong>τῶν</strong></span> <span class='ocrx_word' id='word_1_421' title='bbox 486 1798 626 1833; x_wconf 76' lang='grc' dir='ltr'>Σεραφεὶμ</span> <span class='ocrx_word' id='word_1_422' title='bbox 641 1797 670 1831; x_wconf 78' lang='grc' dir='ltr'><strong>ἓξ</strong></span> <span class='ocrx_word' id='word_1_423' title='bbox 695 1797 883 1832; x_wconf 74' lang='grc' dir='ltr'>ἐμπεφυκέναι</span> 
     </span>
    </p>
   </div>
   <div class='ocr_carea' id='block_1_54' title="bbox 85 1843 883 1880">
    <p class='ocr_par' dir='ltr' id='par_1_54' title="bbox 85 1843 883 1880">
     <span class='ocr_line' id='line_1_54' title="bbox 85 1843 883 1880; baseline -0.001 -10"><span class='ocrx_word' id='word_1_424' title='bbox 85 1845 153 1879; x_wconf 64' lang='grc' dir='ltr'>φησὶ</span> <span class='ocrx_word' id='word_1_425' title='bbox 165 1844 216 1875; x_wconf 78' lang='grc' dir='ltr'>τὰς</span> <span class='ocrx_word' id='word_1_426' title='bbox 234 1845 383 1880; x_wconf 83' lang='grc' dir='ltr'>πτέρυγας,</span> <span class='ocrx_word' id='word_1_427' title='bbox 398 1844 436 1875; x_wconf 87' lang='grc' dir='ltr'>ὼς</span> <span class='ocrx_word' id='word_1_428' title='bbox 455 1845 515 1875; x_wconf 83' lang='grc' dir='ltr'>ταῖς</span> <span class='ocrx_word' id='word_1_429' title='bbox 531 1844 579 1878; x_wconf 76' lang='grc' dir='ltr'>μὲν</span> <span class='ocrx_word' id='word_1_430' title='bbox 590 1843 650 1870; x_wconf 76' lang='grc' dir='ltr'><strong>δυσῖ¹</strong></span> <span class='ocrx_word' id='word_1_431' title='bbox 666 1843 883 1871; x_wconf 82' lang='grc' dir='ltr'>κατακαλύπτειν</span> 
     </span>
    </p>
   </div>
   <div class='ocr_carea' id='block_1_55' title="bbox 84 1889 883 1925">
    <p class='ocr_par' dir='ltr' id='par_1_55' title="bbox 84 1889 883 1925">
     <span class='ocr_line' id='line_1_55' title="bbox 84 1889 883 1925; baseline 0 -10"><span class='ocrx_word' id='word_1_432' title='bbox 84 1890 116 1916; x_wconf 76' lang='grc' dir='ltr'><strong>τὸ</strong></span> <span class='ocrx_word' id='word_1_433' title='bbox 130 1890 290 1925; x_wconf 81' lang='grc' dir='ltr'>πρόσωπον,</span> <span class='ocrx_word' id='word_1_434' title='bbox 303 1891 363 1922; x_wconf 84' lang='grc' dir='ltr'>ταῖς</span> <span class='ocrx_word' id='word_1_435' title='bbox 374 1889 402 1922; x_wconf 78' lang='grc' dir='ltr'>δὲ</span> <span class='ocrx_word' id='word_1_436' title='bbox 422 1889 483 1916; x_wconf 80' lang='grc' dir='ltr'>δυσὶ</span> <span class='ocrx_word' id='word_1_437' title='bbox 505 1890 568 1921; x_wconf 82' lang='grc' dir='ltr'>τοὺς</span> <span class='ocrx_word' id='word_1_438' title='bbox 591 1889 684 1922; x_wconf 79' lang='grc' dir='ltr'>πόδας,</span> <span class='ocrx_word' id='word_1_439' title='bbox 705 1889 838 1922; x_wconf 80' lang='grc' dir='ltr'>πέτασθαι</span> <span class='ocrx_word' id='word_1_440' title='bbox 855 1889 883 1915; x_wconf 77' lang='grc' dir='ltr'><strong>δὲ</strong></span> 
     </span>
    </p>
   </div>
   <div class='ocr_carea' id='block_1_56' title="bbox 84 1934 883 1970">
    <p class='ocr_par' dir='ltr' id='par_1_56' title="bbox 84 1934 883 1970">
     <span class='ocr_line' id='line_1_56' title="bbox 84 1934 883 1970; baseline 0 -10"><span class='ocrx_word' id='word_1_441' title='bbox 84 1937 145 1966; x_wconf 82' lang='grc' dir='ltr'>ταῖς</span> <span class='ocrx_word' id='word_1_442' title='bbox 161 1935 281 1967; x_wconf 75' lang='grc' dir='ltr'>λοιπαῖς.</span> <span class='ocrx_word' id='word_1_443' title='bbox 296 1934 509 1970; x_wconf 81' lang='grc' dir='ltr'>Διερμηνεύεται</span> <span class='ocrx_word' id='word_1_444' title='bbox 524 1934 552 1961; x_wconf 81' lang='grc' dir='ltr'><strong>δὲ</strong></span> <span class='ocrx_word' id='word_1_445' title='bbox 563 1935 714 1970; x_wconf 78' lang='grc' dir='ltr'>Σεραφεὶμ,</span> <span class='ocrx_word' id='word_1_446' title='bbox 725 1934 883 1970; x_wconf 75' lang='grc' dir='ltr'>ὲμπρησταὶ</span> 
     </span>
    </p>
   </div>
   <div class='ocr_carea' id='block_1_57' title="bbox 84 1980 882 2018">
    <p class='ocr_par' dir='ltr' id='par_1_57' title="bbox 84 1980 882 2018">
     <span class='ocr_line' id='line_1_57' title="bbox 84 1980 882 2018; baseline -0.001 -11"><span class='ocrx_word' id='word_1_447' title='bbox 84 1982 146 2015; x_wconf 74' lang='grc' dir='ltr'>ἦτοι</span> <span class='ocrx_word' id='word_1_448' title='bbox 163 1981 368 2018; x_wconf 81' lang='grc' dir='ltr'>Θερμαίνοντες.</span> <span class='ocrx_word' id='word_1_449' title='bbox 387 1981 498 2016; x_wconf 79' lang='grc' dir='ltr'>Ψυχρὸν</span> <span class='ocrx_word' id='word_1_450' title='bbox 518 1981 572 2016; x_wconf 81' lang='grc' dir='ltr'>γὰρ</span> <span class='ocrx_word' id='word_1_451' title='bbox 593 1980 669 2007; x_wconf 77' lang='grc' dir='ltr'>οὐδὲν</span> <span class='ocrx_word' id='word_1_452' title='bbox 687 1980 763 2016; x_wconf 85' lang='grc' dir='ltr'>παρά</span> <span class='ocrx_word' id='word_1_453' title='bbox 776 1988 808 2014; x_wconf 83' lang='grc' dir='ltr'><strong>γε</strong></span> <span class='ocrx_word' id='word_1_454' title='bbox 824 1981 882 2011; x_wconf 86' lang='grc' dir='ltr'>ταῖς</span> 
     </span>
    </p>
   </div>
   <div class='ocr_carea' id='block_1_58' title="bbox 85 2025 881 2062">
    <p class='ocr_par' dir='ltr' id='par_1_58' title="bbox 85 2025 881 2062">
     <span class='ocr_line' id='line_1_58' title="bbox 85 2025 881 2062; baseline -0.003 -8"><span class='ocrx_word' id='word_1_455' title='bbox 85 2029 142 2054; x_wconf 74' lang='grc' dir='ltr'><strong>ἀνω</strong></span> <span class='ocrx_word' id='word_1_456' title='bbox 170 2027 331 2062; x_wconf 78' lang='grc' dir='ltr'>δυνάμεσιν,</span> <span class='ocrx_word' id='word_1_457' title='bbox 355 2028 437 2062; x_wconf 81' lang='grc' dir='ltr'>αἵπερ</span> <span class='ocrx_word' id='word_1_458' title='bbox 453 2026 486 2054; x_wconf 79' lang='grc' dir='ltr'>ἂν</span> <span class='ocrx_word' id='word_1_459' title='bbox 516 2025 570 2053; x_wconf 81' lang='grc' dir='ltr'>εἶεν</span> <span class='ocrx_word' id='word_1_460' title='bbox 588 2026 705 2062; x_wconf 84' lang='grc' dir='ltr'>μάλιστα</span> <span class='ocrx_word' id='word_1_461' title='bbox 729 2026 776 2053; x_wconf 76' lang='grc' dir='ltr'><strong>καὶ</strong></span> <span class='ocrx_word' id='word_1_462' title='bbox 799 2026 881 2060; x_wconf 72' lang='grc' dir='ltr'>ἐγγὺς</span> 
     </span>
    </p>
   </div>
   <div class='ocr_carea' id='block_1_59' title="bbox 85 2070 883 2108">
    <p class='ocr_par' dir='ltr' id='par_1_59' title="bbox 85 2070 883 2108">
     <span class='ocr_line' id='line_1_59' title="bbox 85 2070 883 2108; baseline -0.003 -9"><span class='ocrx_word' id='word_1_463' title='bbox 85 2072 166 2099; x_wconf 80' lang='grc' dir='ltr'>Θεοῦ.</span> <span class='ocrx_word' id='word_1_464' title='bbox 184 2072 279 2108; x_wconf 82' lang='grc' dir='ltr'>Ταύτῃ</span> <span class='ocrx_word' id='word_1_465' title='bbox 295 2081 335 2099; x_wconf 86' lang='grc' dir='ltr'><strong>τοι</strong></span> <span class='ocrx_word' id='word_1_466' title='bbox 356 2074 403 2099; x_wconf 76' lang='grc' dir='ltr'>καὶ</span> <span class='ocrx_word' id='word_1_467' title='bbox 416 2074 494 2108; x_wconf 80' lang='grc' dir='ltr'>ἡμεῖς</span> <span class='ocrx_word' id='word_1_468' title='bbox 511 2072 587 2099; x_wconf 79' lang='grc' dir='ltr'>αὐτοὶ</span> <span class='ocrx_word' id='word_1_469' title='bbox 601 2071 764 2107; x_wconf 82' lang='grc' dir='ltr'>κολλώμενοι</span> <span class='ocrx_word' id='word_1_470' title='bbox 780 2070 824 2098; x_wconf 79' lang='grc' dir='ltr'><strong>διὰ</strong></span> <span class='ocrx_word' id='word_1_471' title='bbox 840 2070 883 2097; x_wconf 86' lang='grc' dir='ltr'>πί-</span> 
     </span>
    </p>
   </div>
   <div class='ocr_carea' id='block_1_60' title="bbox 86 2117 882 2153">
    <p class='ocr_par' dir='ltr' id='par_1_60' title="bbox 86 2117 882 2153">
     <span class='ocr_line' id='line_1_60' title="bbox 86 2117 882 2153; baseline -0.003 -8"><span class='ocrx_word' id='word_1_472' title='bbox 86 2127 174 2150; x_wconf 80' lang='grc' dir='ltr'>στεως</span> <span class='ocrx_word' id='word_1_473' title='bbox 185 2120 235 2145; x_wconf 70' lang='grc' dir='ltr'>καὶ</span> <span class='ocrx_word' id='word_1_474' title='bbox 247 2119 386 2150; x_wconf 77' lang='grc' dir='ltr'>πολιτείας</span> <span class='ocrx_word' id='word_1_475' title='bbox 410 2119 460 2153; x_wconf 81' lang='grc' dir='ltr'>τῆς</span> <span class='ocrx_word' id='word_1_476' title='bbox 486 2118 592 2153; x_wconf 79' lang='grc' dir='ltr'>ἀγαθῆς</span> <span class='ocrx_word' id='word_1_477' title='bbox 618 2119 665 2144; x_wconf 73' lang='grc' dir='ltr'>καὶ</span> <span class='ocrx_word' id='word_1_478' title='bbox 693 2117 882 2152; x_wconf 77' lang='grc' dir='ltr'>ὲννομωτάτης</span> 
     </span>
    </p>
   </div>
   <div class='ocr_carea' id='block_1_61' title="bbox 88 2164 882 2201">
    <p class='ocr_par' dir='ltr' id='par_1_61' title="bbox 88 2164 882 2201">
     <span class='ocr_line' id='line_1_61' title="bbox 88 2164 882 2201; baseline -0.001 -9"><span class='ocrx_word' id='word_1_479' title='bbox 88 2166 198 2198; x_wconf 78' lang='grc' dir='ltr'>ζέοντες</span> <span class='ocrx_word' id='word_1_480' title='bbox 216 2165 425 2201; x_wconf 75' lang='grc' dir='ltr'>ἀποτελούμεθα</span> <span class='ocrx_word' id='word_1_481' title='bbox 449 2165 488 2201; x_wconf 83' lang='grc' dir='ltr'>τῷ</span> <span class='ocrx_word' id='word_1_482' title='bbox 507 2165 651 2200; x_wconf 85' lang='grc' dir='ltr'>πνεύματι,</span> <span class='ocrx_word' id='word_1_483' title='bbox 664 2165 709 2192; x_wconf 77' lang='grc' dir='ltr'><strong>καὶ</strong></span> <span class='ocrx_word' id='word_1_484' title='bbox 725 2165 821 2200; x_wconf 79' lang='grc' dir='ltr'>θερμοὶ</span> <span class='ocrx_word' id='word_1_485' title='bbox 833 2164 882 2200; x_wconf 85' lang='grc' dir='ltr'>τὴν</span> 
     </span>
    </p>
   </div>
   <div class='ocr_carea' id='block_1_62' title="bbox 85 2210 882 2248">
    <p class='ocr_par' dir='ltr' id='par_1_62' title="bbox 85 2210 882 2248">
     <span class='ocr_line' id='line_1_62' title="bbox 85 2210 882 2248; baseline -0.003 -9"><span class='ocrx_word' id='word_1_486' title='bbox 85 2213 201 2247; x_wconf 82' lang='grc' dir='ltr'>ἀγάπην</span> <span class='ocrx_word' id='word_1_487' title='bbox 217 2212 268 2248; x_wconf 86' lang='grc' dir='ltr'>τὴν</span> <span class='ocrx_word' id='word_1_488' title='bbox 285 2213 324 2244; x_wconf 76' lang='grc' dir='ltr'>εὶς</span> <span class='ocrx_word' id='word_1_489' title='bbox 339 2212 417 2239; x_wconf 84' lang='grc' dir='ltr'>Θεὸν.</span> <span class='ocrx_word' id='word_1_490' title='bbox 433 2211 569 2247; x_wconf 74' lang='grc' dir='ltr'>Σύμϐολον</span> <span class='ocrx_word' id='word_1_491' title='bbox 583 2212 612 2238; x_wconf 75' lang='grc' dir='ltr'>δὲ</span> <span class='ocrx_word' id='word_1_492' title='bbox 636 2211 666 2238; x_wconf 86' lang='grc' dir='ltr'>τὺ</span> <span class='ocrx_word' id='word_1_493' title='bbox 685 2212 744 2243; x_wconf 87' lang='grc' dir='ltr'>ταῖς</span> <span class='ocrx_word' id='word_1_494' title='bbox 769 2210 882 2247; x_wconf 80' lang='grc' dir='ltr'>πτέρυξι</span> 
     </span>
    </p>
   </div>
   <div class='ocr_carea' id='block_1_63' title="bbox 933 971 1723 1008">
    <p class='ocr_par' dir='ltr' id='par_1_63' title="bbox 933 971 1723 1008">
     <span class='ocr_line' id='line_1_63' title="bbox 933 971 1723 1008; baseline 0.006 -11"><span class='ocrx_word' id='word_1_495' title='bbox 933 971 1044 998; x_wconf 89' lang='lat' dir='ltr'><strong>omnino</strong></span> <span class='ocrx_word' id='word_1_496' title='bbox 1062 974 1229 1007; x_wconf 87' lang='lat' dir='ltr'><strong>corruptioui</strong></span> <span class='ocrx_word' id='word_1_497' title='bbox 1255 974 1372 1001; x_wconf 84' lang='lat' dir='ltr'><strong>obnoxia</strong></span> <span class='ocrx_word' id='word_1_498' title='bbox 1393 980 1435 1002; x_wconf 87' lang='lat' dir='ltr'><strong>est</strong></span> <span class='ocrx_word' id='word_1_499' title='bbox 1457 982 1546 1002; x_wconf 87' lang='lat' dir='ltr'><strong>rerum</strong></span> <span class='ocrx_word' id='word_1_500' title='bbox 1569 980 1677 1008; x_wconf 81' lang='lat' dir='ltr'><strong>natura,</strong></span> <span class='ocrx_word' id='word_1_501' title='bbox 1695 981 1723 1003; x_wconf 85' lang='lat' dir='ltr'><strong>e:</strong></span> 
     </span>
    </p>
   </div>
   <div class='ocr_carea' id='block_1_64' title="bbox 933 1019 1723 1055">
    <p class='ocr_par' dir='ltr' id='par_1_64' title="bbox 933 1019 1723 1055">
     <span class='ocr_line' id='line_1_64' title="bbox 933 1019 1723 1055; baseline 0.006 -12"><span class='ocrx_word' id='word_1_502' title='bbox 933 1024 1028 1044; x_wconf 86' lang='lat' dir='ltr'><strong>eorum</strong></span> <span class='ocrx_word' id='word_1_503' title='bbox 1047 1025 1106 1052; x_wconf 73' lang='lat' dir='ltr'><strong>quae</strong></span> <span class='ocrx_word' id='word_1_504' title='bbox 1120 1024 1208 1045; x_wconf 92' lang='lat' dir='ltr'><strong>ortum</strong></span> <span class='ocrx_word' id='word_1_505' title='bbox 1226 1019 1325 1046; x_wconf 82' lang='lat' dir='ltr'><strong>habent</strong></span> <span class='ocrx_word' id='word_1_506' title='bbox 1349 1027 1474 1047; x_wconf 83' lang='lat' dir='ltr'><strong>mensura</strong></span> <span class='ocrx_word' id='word_1_507' title='bbox 1495 1022 1617 1055; x_wconf 62' lang='lat' dir='ltr'><strong>quaedam</strong></span> <span class='ocrx_word' id='word_1_508' title='bbox 1633 1026 1676 1050; x_wconf 85' lang='lat' dir='ltr'><strong>est</strong></span> <span class='ocrx_word' id='word_1_509' title='bbox 1690 1029 1723 1054; x_wconf 82' lang='lat' dir='ltr'><strong>ac</strong></span> 
     </span>
    </p>
   </div>
   <div class='ocr_carea' id='block_1_65' title="bbox 938 1064 1722 1097">
    <p class='ocr_par' dir='ltr' id='par_1_65' title="bbox 938 1064 1722 1097">
     <span class='ocr_line' id='line_1_65' title="bbox 938 1064 1722 1097; baseline 0.008 -8"><span class='ocrx_word' id='word_1_510' title='bbox 938 1064 1078 1090; x_wconf 83' lang='lat' dir='ltr'><strong>terminus.</strong></span> <span class='ocrx_word' id='word_1_511' title='bbox 1104 1064 1186 1092; x_wconf 79' lang='lat' dir='ltr'><strong>Sedet</strong></span> <span class='ocrx_word' id='word_1_512' title='bbox 1214 1069 1316 1097; x_wconf 81' lang='lat' dir='ltr'><strong>autem,</strong></span> <span class='ocrx_word' id='word_1_513' title='bbox 1335 1066 1371 1092; x_wconf 85' lang='lat' dir='ltr'><strong>uti</strong></span> <span class='ocrx_word' id='word_1_514' title='bbox 1398 1067 1464 1097; x_wconf 76' lang='lat' dir='ltr'><strong>dixi,</strong></span> <span class='ocrx_word' id='word_1_515' title='bbox 1489 1067 1610 1093; x_wconf 86' lang='lat' dir='ltr'><strong>omnium</strong></span> <span class='ocrx_word' id='word_1_516' title='bbox 1633 1075 1722 1095; x_wconf 84' lang='lat' dir='ltr'><strong>rerum</strong></span> 
     </span>
    </p>
   </div>
   <div class='ocr_carea' id='block_1_66' title="bbox 933 1108 1722 1146">
    <p class='ocr_par' dir='ltr' id='par_1_66' title="bbox 933 1108 1722 1146">
     <span class='ocr_line' id='line_1_66' title="bbox 933 1108 1722 1146; baseline 0.009 -12"><span class='ocrx_word' id='word_1_517' title='bbox 933 1108 1139 1137; x_wconf 82' lang='lat' dir='ltr'><strong>architectatrix</strong></span> <span class='ocrx_word' id='word_1_518' title='bbox 1158 1115 1186 1136; x_wconf 87' lang='lat' dir='ltr'><strong>et</strong></span> <span class='ocrx_word' id='word_1_519' title='bbox 1206 1111 1298 1145; x_wconf 79' lang='lat' dir='ltr'><strong>opifex</strong></span> <span class='ocrx_word' id='word_1_520' title='bbox 1324 1111 1468 1146; x_wconf 77' lang='lat' dir='ltr'><strong>sapientia,</strong></span> <span class='ocrx_word' id='word_1_521' title='bbox 1492 1111 1515 1138; x_wconf 88' lang='lat' dir='ltr'><strong>id</strong></span> <span class='ocrx_word' id='word_1_522' title='bbox 1533 1118 1584 1144; x_wconf 90' lang='lat' dir='ltr'><strong>est,</strong></span> <span class='ocrx_word' id='word_1_523' title='bbox 1611 1113 1722 1141; x_wconf 84' lang='lat' dir='ltr'><strong>immota</strong></span> 
     </span>
    </p>
   </div>
   <div class='ocr_carea' id='block_1_67' title="bbox 933 1155 1723 1191">
    <p class='ocr_par' dir='ltr' id='par_1_67' title="bbox 933 1155 1723 1191">
     <span class='ocr_line' id='line_1_67' title="bbox 933 1155 1723 1191; baseline 0.006 -11"><span class='ocrx_word' id='word_1_524' title='bbox 933 1158 985 1186; x_wconf 83' lang='lat' dir='ltr'><strong>est,</strong></span> <span class='ocrx_word' id='word_1_525' title='bbox 1005 1158 1032 1180; x_wconf 89' lang='lat' dir='ltr'><strong>et</strong></span> <span class='ocrx_word' id='word_1_526' title='bbox 1054 1155 1148 1182; x_wconf 86' lang='lat' dir='ltr'><strong>eodem</strong></span> <span class='ocrx_word' id='word_1_527' title='bbox 1165 1157 1243 1183; x_wconf 87' lang='lat' dir='ltr'><strong>modo</strong></span> <span class='ocrx_word' id='word_1_528' title='bbox 1266 1162 1416 1191; x_wconf 80' lang='lat' dir='ltr'><strong>permanet.</strong></span> <span class='ocrx_word' id='word_1_529' title='bbox 1440 1156 1551 1184; x_wconf 82' lang='lat' dir='ltr'><strong>Plenam</strong></span> <span class='ocrx_word' id='word_1_530' title='bbox 1578 1158 1644 1184; x_wconf 70' lang='lat' dir='ltr'><strong>dicit</strong></span> <span class='ocrx_word' id='word_1_531' title='bbox 1664 1166 1723 1185; x_wconf 84' lang='lat' dir='ltr'><strong>esse</strong></span> 
     </span>
    </p>
   </div>
   <div class='ocr_carea' id='block_1_68' title="bbox 934 1201 1723 1237">
    <p class='ocr_par' dir='ltr' id='par_1_68' title="bbox 934 1201 1723 1237">
     <span class='ocr_line' id='line_1_68' title="bbox 934 1201 1723 1237; baseline 0.004 -10"><span class='ocrx_word' id='word_1_532' title='bbox 934 1201 1041 1227; x_wconf 91' lang='lat' dir='ltr'><strong>domutn</strong></span> <span class='ocrx_word' id='word_1_533' title='bbox 1056 1201 1140 1236; x_wconf 82' lang='lat' dir='ltr'><strong>gloria</strong></span> <span class='ocrx_word' id='word_1_534' title='bbox 1158 1201 1227 1236; x_wconf 83' lang='lat' dir='ltr'><strong>ejus.</strong></span> <span class='ocrx_word' id='word_1_535' title='bbox 1261 1202 1328 1229; x_wconf 83' lang='lat' dir='ltr'><strong>Nam</strong></span> <span class='ocrx_word' id='word_1_536' title='bbox 1342 1203 1458 1237; x_wconf 86' lang='lat' dir='ltr'><strong>quandiu</strong></span> <span class='ocrx_word' id='word_1_537' title='bbox 1473 1203 1555 1230; x_wconf 86' lang='lat' dir='ltr'><strong>lsraei</strong></span> <span class='ocrx_word' id='word_1_538' title='bbox 1570 1211 1622 1231; x_wconf 85' lang='lat' dir='ltr'><strong>non</strong></span> <span class='ocrx_word' id='word_1_539' title='bbox 1640 1205 1723 1233; x_wconf 81' lang='lat' dir='ltr'><strong>admi-</strong></span> 
     </span>
    </p>
   </div>
   <div class='ocr_carea' id='block_1_69' title="bbox 933 1246 1722 1281">
    <p class='ocr_par' dir='ltr' id='par_1_69' title="bbox 933 1246 1722 1281">
     <span class='ocr_line' id='line_1_69' title="bbox 933 1246 1722 1281; baseline 0.006 -9"><span class='ocrx_word' id='word_1_540' title='bbox 933 1246 969 1273; x_wconf 84' lang='lat' dir='ltr'><strong>sit</strong></span> <span class='ocrx_word' id='word_1_541' title='bbox 994 1246 1159 1281; x_wconf 82' lang='lat' dir='ltr'><strong>impietatem</strong></span> <span class='ocrx_word' id='word_1_542' title='bbox 1190 1253 1284 1275; x_wconf 88' lang='lat' dir='ltr'><strong>contra</strong></span> <span class='ocrx_word' id='word_1_543' title='bbox 1308 1248 1452 1275; x_wconf 88' lang='lat' dir='ltr'><strong>Dotniuttm</strong></span> <span class='ocrx_word' id='word_1_544' title='bbox 1483 1255 1605 1277; x_wconf 89' lang='lat' dir='ltr'><strong>nostrum</strong></span> <span class='ocrx_word' id='word_1_545' title='bbox 1632 1249 1722 1281; x_wconf 68' lang='lat' dir='ltr'><strong>Iesum</strong></span> 
     </span>
    </p>
   </div>
   <div class='ocr_carea' id='block_1_70' title="bbox 934 1291 1722 1328">
    <p class='ocr_par' dir='ltr' id='par_1_70' title="bbox 934 1291 1722 1328">
     <span class='ocr_line' id='line_1_70' title="bbox 934 1291 1722 1328; baseline 0.004 -9"><span class='ocrx_word' id='word_1_546' title='bbox 934 1291 1092 1325; x_wconf 87' lang='lat' dir='ltr'><strong>Christum,</strong></span> <span class='ocrx_word' id='word_1_547' title='bbox 1123 1293 1209 1328; x_wconf 82' lang='lat' dir='ltr'><strong>gloria</strong></span> <span class='ocrx_word' id='word_1_548' title='bbox 1239 1294 1285 1320; x_wconf 83' lang='lat' dir='ltr'><strong>Doi</strong></span> <span class='ocrx_word' id='word_1_549' title='bbox 1318 1293 1588 1327; x_wconf 81' lang='lat' dir='ltr'><strong>llicrosolymitanam</strong></span> <span class='ocrx_word' id='word_1_550' title='bbox 1614 1295 1722 1322; x_wconf 84' lang='lat' dir='ltr'><strong>domum</strong></span> 
     </span>
    </p>
   </div>
   <div class='ocr_carea' id='block_1_71' title="bbox 934 1338 1722 1376">
    <p class='ocr_par' dir='ltr' id='par_1_71' title="bbox 934 1338 1722 1376">
     <span class='ocr_line' id='line_1_71' title="bbox 934 1338 1722 1376; baseline 0.003 -11"><span class='ocrx_word' id='word_1_551' title='bbox 934 1338 1063 1371; x_wconf 85' lang='lat' dir='ltr'><strong>implevit.</strong></span> <span class='ocrx_word' id='word_1_552' title='bbox 1081 1339 1134 1366; x_wconf 86' lang='lat' dir='ltr'><strong>Sed</strong></span> <span class='ocrx_word' id='word_1_553' title='bbox 1159 1344 1302 1374; x_wconf 80' lang='lat' dir='ltr'><strong>postquam</strong></span> <span class='ocrx_word' id='word_1_554' title='bbox 1320 1346 1453 1375; x_wconf 68' lang='lat' dir='ltr'><strong>negarunt</strong></span> <span class='ocrx_word' id='word_1_555' title='bbox 1478 1348 1590 1376; x_wconf 73' lang='lat' dir='ltr'><strong>regnum</strong></span> <span class='ocrx_word' id='word_1_556' title='bbox 1606 1342 1674 1376; x_wconf 83' lang='lat' dir='ltr'><strong>ejus,</strong></span> <span class='ocrx_word' id='word_1_557' title='bbox 1695 1342 1722 1371; x_wconf 83' lang='lat' dir='ltr'><strong>in</strong></span> 
     </span>
    </p>
   </div>
   <div class='ocr_carea' id='block_1_72' title="bbox 934 1384 1724 1419">
    <p class='ocr_par' dir='ltr' id='par_1_72' title="bbox 934 1384 1724 1419">
     <span class='ocr_line' id='line_1_72' title="bbox 934 1384 1724 1419; baseline 0.005 -9"><span class='ocrx_word' id='word_1_558' title='bbox 934 1391 1038 1411; x_wconf 90' lang='lat' dir='ltr'><strong>morum</strong></span> <span class='ocrx_word' id='word_1_559' title='bbox 1061 1384 1225 1418; x_wconf 83' lang='lat' dir='ltr'><strong>impietatem</strong></span> <span class='ocrx_word' id='word_1_560' title='bbox 1248 1391 1421 1419; x_wconf 81' lang='lat' dir='ltr'><strong>proruerunt.</strong></span> <span class='ocrx_word' id='word_1_561' title='bbox 1439 1387 1544 1413; x_wconf 77' lang='lat' dir='ltr'><strong>Idcirco</strong></span> <span class='ocrx_word' id='word_1_562' title='bbox 1561 1388 1724 1415; x_wconf 71' lang='lat' dir='ltr'><strong>audiverunt</strong></span> 
     </span>
    </p>
   </div>
   <div class='ocr_carea' id='block_1_73' title="bbox 934 1428 1723 1464">
    <p class='ocr_par' dir='ltr' id='par_1_73' title="bbox 934 1428 1723 1464">
     <span class='ocr_line' id='line_1_73' title="bbox 934 1428 1723 1464; baseline 0.006 -11"><span class='ocrx_word' id='word_1_563' title='bbox 934 1435 1027 1454; x_wconf 83' lang='lat' dir='ltr'><strong>vocem</strong></span> <span class='ocrx_word' id='word_1_564' title='bbox 1052 1428 1168 1455; x_wconf 84' lang='lat' dir='ltr'><strong>dicentis</strong></span> <span class='ocrx_word' id='word_1_565' title='bbox 1193 1437 1198 1455; x_wconf 93' lang='lat'>:</span> <span class='ocrx_word' id='word_1_566' title='bbox 1224 1437 1232 1453; x_wconf 83' lang='grc' dir='ltr'><strong>ι</strong></span> <span class='ocrx_word' id='word_1_567' title='bbox 1248 1429 1317 1456; x_wconf 86' lang='lat' dir='ltr'><strong>Ecce</strong></span> <span class='ocrx_word' id='word_1_568' title='bbox 1343 1429 1503 1464; x_wconf 88' lang='lat' dir='ltr'><strong>relinquitur</strong></span> <span class='ocrx_word' id='word_1_569' title='bbox 1526 1430 1603 1458; x_wconf 79' lang='lat' dir='ltr'><strong>vobis</strong></span> <span class='ocrx_word' id='word_1_570' title='bbox 1628 1431 1723 1458; x_wconf 81' lang='lat' dir='ltr'><strong>domos</strong></span> 
     </span>
    </p>
   </div>
   <div class='ocr_carea' id='block_1_74' title="bbox 936 1473 1722 1511">
    <p class='ocr_par' dir='ltr' id='par_1_74' title="bbox 936 1473 1722 1511">
     <span class='ocr_line' id='line_1_74' title="bbox 936 1473 1722 1511; baseline 0.006 -12"><span class='ocrx_word' id='word_1_571' title='bbox 936 1478 1023 1500; x_wconf 79' lang='lat' dir='ltr'><strong>vestra</strong></span> <span class='ocrx_word' id='word_1_572' title='bbox 1039 1474 1145 1501; x_wconf 85' lang='lat' dir='ltr'><strong>deserta</strong></span> <span class='ocrx_word' id='word_1_573' title='bbox 1161 1474 1193 1500; x_wconf 71' lang='lat'><strong>“‘.</strong></span> <span class='ocrx_word' id='word_1_574' title='bbox 1208 1484 1215 1498; x_wconf 80' lang='grc' dir='ltr'><strong>ι</strong></span> <span class='ocrx_word' id='word_1_575' title='bbox 1236 1473 1389 1510; x_wconf 87' lang='lat' dir='ltr'><strong>Unicuique</strong></span> <span class='ocrx_word' id='word_1_576' title='bbox 1401 1479 1489 1503; x_wconf 87' lang='lat' dir='ltr'><strong>autem</strong></span> <span class='ocrx_word' id='word_1_577' title='bbox 1514 1475 1656 1511; x_wconf 68' lang='lat' dir='ltr'><strong>Seraphin:</strong></span> <span class='ocrx_word' id='word_1_578' title='bbox 1675 1484 1722 1508; x_wconf 59' lang='lat' dir='ltr'><strong>se;</strong></span> 
     </span>
    </p>
   </div>
   <div class='ocr_carea' id='block_1_75' title="bbox 935 1519 1722 1554">
    <p class='ocr_par' dir='ltr' id='par_1_75' title="bbox 935 1519 1722 1554">
     <span class='ocr_line' id='line_1_75' title="bbox 935 1519 1722 1554; baseline 0.005 -9"><span class='ocrx_word' id='word_1_579' title='bbox 935 1519 991 1546; x_wconf 86' lang='lat' dir='ltr'><strong>alas</strong></span> <span class='ocrx_word' id='word_1_580' title='bbox 1013 1519 1125 1546; x_wconf 83' lang='lat' dir='ltr'><strong>adnatas</strong></span> <span class='ocrx_word' id='word_1_581' title='bbox 1147 1527 1207 1547; x_wconf 88' lang='lat' dir='ltr'><strong>csse</strong></span> <span class='ocrx_word' id='word_1_582' title='bbox 1227 1520 1303 1552; x_wconf 88' lang='lat' dir='ltr'><strong>dicit,</strong></span> <span class='ocrx_word' id='word_1_583' title='bbox 1322 1526 1350 1547; x_wconf 92' lang='lat' dir='ltr'><strong>ut</strong></span> <span class='ocrx_word' id='word_1_584' title='bbox 1373 1521 1476 1547; x_wconf 78' lang='lat' dir='ltr'><strong>duabus</strong></span> <span class='ocrx_word' id='word_1_585' title='bbox 1492 1521 1598 1554; x_wconf 82' lang='lat' dir='ltr'><strong>faciem,</strong></span> <span class='ocrx_word' id='word_1_586' title='bbox 1617 1522 1722 1550; x_wconf 82' lang='lat' dir='ltr'><strong>duabus</strong></span> 
     </span>
    </p>
   </div>
   <div class='ocr_carea' id='block_1_76' title="bbox 935 1565 1722 1604">
    <p class='ocr_par' dir='ltr' id='par_1_76' title="bbox 935 1565 1722 1604">
     <span class='ocr_line' id='line_1_76' title="bbox 935 1565 1722 1604; baseline 0.003 -11"><span class='ocrx_word' id='word_1_587' title='bbox 935 1565 1016 1599; x_wconf 86' lang='lat' dir='ltr'><strong>pedes</strong></span> <span class='ocrx_word' id='word_1_588' title='bbox 1030 1570 1160 1600; x_wconf 70' lang='lat' dir='ltr'><strong>tegerent,</strong></span> <span class='ocrx_word' id='word_1_589' title='bbox 1184 1567 1295 1601; x_wconf 85' lang='lat' dir='ltr'><strong>reliquis</strong></span> <span class='ocrx_word' id='word_1_590' title='bbox 1312 1567 1444 1594; x_wconf 87' lang='lat' dir='ltr'><strong>volarent.</strong></span> <span class='ocrx_word' id='word_1_591' title='bbox 1464 1566 1620 1603; x_wconf 84' lang='lat' dir='ltr'><strong>Seraphim,</strong></span> <span class='ocrx_word' id='word_1_592' title='bbox 1646 1569 1722 1604; x_wconf 83' lang='lat' dir='ltr'><strong>igniti</strong></span> 
     </span>
    </p>
   </div>
   <div class='ocr_carea' id='block_1_77' title="bbox 934 1612 1722 1649">
    <p class='ocr_par' dir='ltr' id='par_1_77' title="bbox 934 1612 1722 1649">
     <span class='ocr_line' id='line_1_77' title="bbox 934 1612 1722 1649; baseline 0.004 -10"><span class='ocrx_word' id='word_1_593' title='bbox 934 1620 981 1640; x_wconf 88' lang='lat' dir='ltr'><strong>seu</strong></span> <span class='ocrx_word' id='word_1_594' title='bbox 998 1612 1134 1640; x_wconf 81' lang='lat' dir='ltr'><strong>ferventes</strong></span> <span class='ocrx_word' id='word_1_595' title='bbox 1149 1613 1304 1647; x_wconf 80' lang='lat' dir='ltr'><strong>exponitur.</strong></span> <span class='ocrx_word' id='word_1_596' title='bbox 1329 1613 1357 1640; x_wconf 90' lang='lat' dir='ltr'><strong>lu</strong></span> <span class='ocrx_word' id='word_1_597' title='bbox 1376 1614 1482 1647; x_wconf 61' lang='lat' dir='ltr'><strong>superis</strong></span> <span class='ocrx_word' id='word_1_598' title='bbox 1494 1615 1565 1641; x_wconf 87' lang='lat' dir='ltr'><strong>enim</strong></span> <span class='ocrx_word' id='word_1_599' title='bbox 1583 1616 1722 1649; x_wconf 84' lang='lat' dir='ltr'><strong>potestati-</strong></span> 
     </span>
    </p>
   </div>
   <div class='ocr_carea' id='block_1_78' title="bbox 933 1658 1720 1694">
    <p class='ocr_par' dir='ltr' id='par_1_78' title="bbox 933 1658 1720 1694">
     <span class='ocr_line' id='line_1_78' title="bbox 933 1658 1720 1694; baseline 0.005 -10"><span class='ocrx_word' id='word_1_600' title='bbox 933 1658 985 1685; x_wconf 90' lang='lat' dir='ltr'><strong>bus</strong></span> <span class='ocrx_word' id='word_1_601' title='bbox 1005 1658 1071 1685; x_wconf 83' lang='lat' dir='ltr'><strong>nihil</strong></span> <span class='ocrx_word' id='word_1_602' title='bbox 1097 1658 1235 1693; x_wconf 71' lang='lat' dir='ltr'><strong>frigidunt,</strong></span> <span class='ocrx_word' id='word_1_603' title='bbox 1261 1665 1288 1685; x_wconf 93' lang='lat' dir='ltr'><strong>ut</strong></span> <span class='ocrx_word' id='word_1_604' title='bbox 1316 1667 1376 1693; x_wconf 72' lang='lat' dir='ltr'><strong>qua:</strong></span> <span class='ocrx_word' id='word_1_605' title='bbox 1397 1660 1519 1694; x_wconf 86' lang='lat' dir='ltr'><strong>proxime</strong></span> <span class='ocrx_word' id='word_1_606' title='bbox 1542 1661 1625 1688; x_wconf 82' lang='lat' dir='ltr'><strong>Deum</strong></span> <span class='ocrx_word' id='word_1_607' title='bbox 1649 1666 1720 1688; x_wconf 78' lang='lat' dir='ltr'><strong>stitit.</strong></span> 
     </span>
    </p>
   </div>
   <div class='ocr_carea' id='block_1_79' title="bbox 934 1703 1723 1741">
    <p class='ocr_par' dir='ltr' id='par_1_79' title="bbox 934 1703 1723 1741">
     <span class='ocr_line' id='line_1_79' title="bbox 934 1703 1723 1741; baseline 0.003 -10"><span class='ocrx_word' id='word_1_608' title='bbox 934 1703 989 1731; x_wconf 78' lang='lat' dir='ltr'><strong>Nos</strong></span> <span class='ocrx_word' id='word_1_609' title='bbox 1004 1705 1085 1731; x_wconf 82' lang='lat' dir='ltr'><strong>etiam</strong></span> <span class='ocrx_word' id='word_1_610' title='bbox 1111 1705 1162 1732; x_wconf 87' lang='lat' dir='ltr'><strong>hoc</strong></span> <span class='ocrx_word' id='word_1_611' title='bbox 1187 1706 1265 1731; x_wconf 76' lang='lat' dir='ltr'><strong>modo</strong></span> <span class='ocrx_word' id='word_1_612' title='bbox 1280 1713 1328 1739; x_wconf 83' lang='lat' dir='ltr'><strong>per</strong></span> <span class='ocrx_word' id='word_1_613' title='bbox 1344 1705 1422 1734; x_wconf 85' lang='lat' dir='ltr'><strong>fidem</strong></span> <span class='ocrx_word' id='word_1_614' title='bbox 1449 1710 1476 1732; x_wconf 90' lang='lat' dir='ltr'><strong>et</strong></span> <span class='ocrx_word' id='word_1_615' title='bbox 1500 1705 1600 1734; x_wconf 85' lang='lat' dir='ltr'><strong>bonam</strong></span> <span class='ocrx_word' id='word_1_616' title='bbox 1617 1707 1723 1741; x_wconf 80' lang='lat' dir='ltr'><strong>legique</strong></span> 
     </span>
    </p>
   </div>
   <div class='ocr_carea' id='block_1_80' title="bbox 935 1750 1721 1787">
    <p class='ocr_par' dir='ltr' id='par_1_80' title="bbox 935 1750 1721 1787">
     <span class='ocr_line' id='line_1_80' title="bbox 935 1750 1721 1787; baseline 0.003 -11"><span class='ocrx_word' id='word_1_617' title='bbox 935 1750 1053 1778; x_wconf 84' lang='lat' dir='ltr'><strong>maxime</strong></span> <span class='ocrx_word' id='word_1_618' title='bbox 1066 1754 1276 1777; x_wconf 84' lang='lat' dir='ltr'><strong>consentaneam</strong></span> <span class='ocrx_word' id='word_1_619' title='bbox 1294 1750 1355 1777; x_wconf 61' lang='lat' dir='ltr'><strong>vita}</strong></span> <span class='ocrx_word' id='word_1_620' title='bbox 1369 1750 1566 1778; x_wconf 86' lang='lat' dir='ltr'><strong>institutionem</strong></span> <span class='ocrx_word' id='word_1_621' title='bbox 1579 1752 1616 1778; x_wconf 91' lang='lat' dir='ltr'><strong>illi</strong></span> <span class='ocrx_word' id='word_1_622' title='bbox 1627 1753 1721 1787; x_wconf 76' lang='lat' dir='ltr'><strong>agglu-</strong></span> 
     </span>
    </p>
   </div>
   <div class='ocr_carea' id='block_1_81' title="bbox 935 1795 1721 1830">
    <p class='ocr_par' dir='ltr' id='par_1_81' title="bbox 935 1795 1721 1830">
     <span class='ocr_line' id='line_1_81' title="bbox 935 1795 1721 1830; baseline 0.003 -7"><span class='ocrx_word' id='word_1_623' title='bbox 935 1795 1023 1827; x_wconf 84' lang='lat' dir='ltr'><strong>tinati,</strong></span> <span class='ocrx_word' id='word_1_624' title='bbox 1037 1796 1134 1830; x_wconf 83' lang='lat' dir='ltr'><strong>spiritu</strong></span> <span class='ocrx_word' id='word_1_625' title='bbox 1151 1796 1285 1823; x_wconf 82' lang='lat' dir='ltr'><strong>ferventes</strong></span> <span class='ocrx_word' id='word_1_626' title='bbox 1301 1797 1469 1830; x_wconf 84' lang='lat' dir='ltr'><strong>perﬁcimur,</strong></span> <span class='ocrx_word' id='word_1_627' title='bbox 1488 1802 1516 1825; x_wconf 87' lang='lat' dir='ltr'><strong>et</strong></span> <span class='ocrx_word' id='word_1_628' title='bbox 1540 1799 1675 1826; x_wconf 88' lang='lat' dir='ltr'><strong>charitate</strong></span> <span class='ocrx_word' id='word_1_629' title='bbox 1695 1799 1721 1830; x_wconf 87' lang='lat' dir='ltr'><strong>in</strong></span> 
     </span>
    </p>
   </div>
   <div class='ocr_carea' id='block_1_82' title="bbox 937 1842 1723 1878">
    <p class='ocr_par' dir='ltr' id='par_1_82' title="bbox 937 1842 1723 1878">
     <span class='ocr_line' id='line_1_82' title="bbox 937 1842 1723 1878; baseline 0.001 -9"><span class='ocrx_word' id='word_1_630' title='bbox 937 1842 1014 1878; x_wconf 80' lang='lat'><strong>103</strong></span> <span class='ocrx_word' id='word_1_631' title='bbox 1026 1842 1109 1870; x_wconf 87' lang='lat' dir='ltr'><strong>Deum</strong></span> <span class='ocrx_word' id='word_1_632' title='bbox 1125 1843 1260 1870; x_wconf 86' lang='lat' dir='ltr'><strong>ardentes.</strong></span> <span class='ocrx_word' id='word_1_633' title='bbox 1269 1842 1352 1869; x_wconf 87' lang='lat' dir='ltr'><strong>Porro</strong></span> <span class='ocrx_word' id='word_1_634' title='bbox 1369 1842 1510 1878; x_wconf 74' lang='lat' dir='ltr'><strong>Serapltim</strong></span> <span class='ocrx_word' id='word_1_635' title='bbox 1523 1843 1573 1871; x_wconf 89' lang='lat' dir='ltr'><strong>alis</strong></span> <span class='ocrx_word' id='word_1_636' title='bbox 1587 1845 1675 1872; x_wconf 88' lang='lat' dir='ltr'><strong>velare</strong></span> <span class='ocrx_word' id='word_1_637' title='bbox 1687 1844 1723 1871; x_wconf 80' lang='lat' dir='ltr'><strong>fa.-</strong></span> 
     </span>
    </p>
   </div>
   <div class='ocr_carea' id='block_1_83' title="bbox 935 1888 1722 1923">
    <p class='ocr_par' dir='ltr' id='par_1_83' title="bbox 935 1888 1722 1923">
     <span class='ocr_line' id='line_1_83' title="bbox 935 1888 1722 1923; baseline 0.003 -9"><span class='ocrx_word' id='word_1_638' title='bbox 935 1889 1036 1915; x_wconf 88' lang='lat' dir='ltr'><strong>cieutet</strong></span> <span class='ocrx_word' id='word_1_639' title='bbox 1047 1888 1140 1922; x_wconf 87' lang='lat' dir='ltr'><strong>pedes,</strong></span> <span class='ocrx_word' id='word_1_640' title='bbox 1149 1892 1175 1915; x_wconf 79' lang='lat' dir='ltr'><strong>et</strong></span> <span class='ocrx_word' id='word_1_641' title='bbox 1186 1888 1292 1915; x_wconf 88' lang='lat' dir='ltr'><strong>duobus</strong></span> <span class='ocrx_word' id='word_1_642' title='bbox 1303 1889 1404 1920; x_wconf 86' lang='lat' dir='ltr'><strong>volare,</strong></span> <span class='ocrx_word' id='word_1_643' title='bbox 1415 1889 1566 1923; x_wconf 78' lang='lat' dir='ltr'><strong>symbolum</strong></span> <span class='ocrx_word' id='word_1_644' title='bbox 1578 1895 1627 1921; x_wconf 79' lang='lat' dir='ltr'><strong>cst,</strong></span> <span class='ocrx_word' id='word_1_645' title='bbox 1639 1891 1722 1917; x_wconf 39' lang='lat' dir='ltr'><strong>neniis</strong></span> 
     </span>
    </p>
   </div>
   <div class='ocr_carea' id='block_1_84' title="bbox 935 1934 1721 1969">
    <p class='ocr_par' dir='ltr' id='par_1_84' title="bbox 935 1934 1721 1969">
     <span class='ocr_line' id='line_1_84' title="bbox 935 1934 1721 1969; baseline 0.005 -9"><span class='ocrx_word' id='word_1_646' title='bbox 935 1943 995 1960; x_wconf 86' lang='lat' dir='ltr'><strong>nem</strong></span> <span class='ocrx_word' id='word_1_647' title='bbox 1006 1941 1084 1967; x_wconf 82' lang='lat' dir='ltr'><strong>posse</strong></span> <span class='ocrx_word' id='word_1_648' title='bbox 1091 1934 1133 1961; x_wconf 86' lang='lat' dir='ltr'><strong>vel</strong></span> <span class='ocrx_word' id='word_1_649' title='bbox 1142 1934 1315 1969; x_wconf 81' lang='lat' dir='ltr'><strong>principium,</strong></span> <span class='ocrx_word' id='word_1_650' title='bbox 1326 1934 1368 1962; x_wconf 90' lang='lat' dir='ltr'><strong>vel</strong></span> <span class='ocrx_word' id='word_1_651' title='bbox 1379 1935 1458 1962; x_wconf 88' lang='lat' dir='ltr'><strong>tinem</strong></span> <span class='ocrx_word' id='word_1_652' title='bbox 1467 1936 1663 1963; x_wconf 84' lang='lat' dir='ltr'><strong>sententiarum</strong></span> <span class='ocrx_word' id='word_1_653' title='bbox 1675 1942 1721 1964; x_wconf 91' lang='lat' dir='ltr'><strong>aut</strong></span> 
     </span>
    </p>
   </div>
   <div class='ocr_carea' id='block_1_85' title="bbox 934 1979 1721 2016">
    <p class='ocr_par' dir='ltr' id='par_1_85' title="bbox 934 1979 1721 2016">
     <span class='ocr_line' id='line_1_85' title="bbox 934 1979 1721 2016; baseline 0.005 -10"><span class='ocrx_word' id='word_1_654' title='bbox 934 1986 1087 2006; x_wconf 81' lang='lat' dir='ltr'><strong>sermonum</strong></span> <span class='ocrx_word' id='word_1_655' title='bbox 1103 1979 1136 2007; x_wconf 92' lang='lat' dir='ltr'><strong>de</strong></span> <span class='ocrx_word' id='word_1_656' title='bbox 1152 1980 1401 2015; x_wconf 82' lang='lat' dir='ltr'><strong>Deoinlrospicere.</strong></span> <span class='ocrx_word' id='word_1_657' title='bbox 1412 1981 1579 2016; x_wconf 85' lang='lat' dir='ltr'><strong>Caputenim</strong></span> <span class='ocrx_word' id='word_1_658' title='bbox 1596 1987 1622 2008; x_wconf 88' lang='lat' dir='ltr'><strong>et</strong></span> <span class='ocrx_word' id='word_1_659' title='bbox 1640 1983 1721 2011; x_wconf 78' lang='lat' dir='ltr'><strong>facies</strong></span> 
     </span>
    </p>
   </div>
   <div class='ocr_carea' id='block_1_86' title="bbox 933 2025 1721 2061">
    <p class='ocr_par' dir='ltr' id='par_1_86' title="bbox 933 2025 1721 2061">
     <span class='ocr_line' id='line_1_86' title="bbox 933 2025 1721 2061; baseline 0.004 -9"><span class='ocrx_word' id='word_1_660' title='bbox 933 2025 1077 2061; x_wconf 77' lang='lat' dir='ltr'><strong>designant</strong></span> <span class='ocrx_word' id='word_1_661' title='bbox 1099 2027 1272 2060; x_wconf 73' lang='lat' dir='ltr'><strong>principium,</strong></span> <span class='ocrx_word' id='word_1_662' title='bbox 1297 2027 1378 2053; x_wconf 80' lang='lat' dir='ltr'><strong>tinent</strong></span> <span class='ocrx_word' id='word_1_663' title='bbox 1404 2028 1494 2058; x_wconf 80' lang='lat' dir='ltr'><strong>pedes.</strong></span> <span class='ocrx_word' id='word_1_664' title='bbox 1517 2028 1597 2055; x_wconf 79' lang='lat' dir='ltr'><strong>Caret</strong></span> <span class='ocrx_word' id='word_1_665' title='bbox 1621 2029 1721 2056; x_wconf 85' lang='lat' dir='ltr'><strong>etenim</strong></span> 
     </span>
    </p>
   </div>
   <div class='ocr_carea' id='block_1_87' title="bbox 934 2071 1721 2106">
    <p class='ocr_par' dir='ltr' id='par_1_87' title="bbox 934 2071 1721 2106">
     <span class='ocr_line' id='line_1_87' title="bbox 934 2071 1721 2106; baseline 0.004 -7"><span class='ocrx_word' id='word_1_666' title='bbox 934 2071 1068 2106; x_wconf 87' lang='lat' dir='ltr'><strong>principio</strong></span> <span class='ocrx_word' id='word_1_667' title='bbox 1087 2071 1232 2104; x_wconf 79' lang='lat' dir='ltr'><strong>Divinitas,</strong></span> <span class='ocrx_word' id='word_1_668' title='bbox 1252 2078 1278 2099; x_wconf 87' lang='lat' dir='ltr'><strong>et</strong></span> <span class='ocrx_word' id='word_1_669' title='bbox 1301 2074 1360 2101; x_wconf 85' lang='lat' dir='ltr'><strong>linis</strong></span> <span class='ocrx_word' id='word_1_670' title='bbox 1379 2079 1420 2100; x_wconf 88' lang='lat' dir='ltr'><strong>est</strong></span> <span class='ocrx_word' id='word_1_671' title='bbox 1440 2074 1541 2101; x_wconf 85' lang='lat' dir='ltr'><strong>nescia.</strong></span> <span class='ocrx_word' id='word_1_672' title='bbox 1565 2073 1619 2101; x_wconf 86' lang='lat' dir='ltr'><strong>Nos</strong></span> <span class='ocrx_word' id='word_1_673' title='bbox 1633 2079 1721 2102; x_wconf 87' lang='lat' dir='ltr'><strong>autem</strong></span> 
     </span>
    </p>
   </div>
   <div class='ocr_carea' id='block_1_88' title="bbox 933 2116 1722 2153">
    <p class='ocr_par' dir='ltr' id='par_1_88' title="bbox 933 2116 1722 2153">
     <span class='ocr_line' id='line_1_88' title="bbox 933 2116 1722 2153; baseline 0.005 -11"><span class='ocrx_word' id='word_1_674' title='bbox 933 2116 979 2143; x_wconf 72' lang='lat' dir='ltr'><strong>vix</strong></span> <span class='ocrx_word' id='word_1_675' title='bbox 995 2116 1131 2143; x_wconf 83' lang='lat' dir='ltr'><strong>intuemur</strong></span> <span class='ocrx_word' id='word_1_676' title='bbox 1150 2124 1180 2144; x_wconf 86' lang='lat' dir='ltr'><strong>ea</strong></span> <span class='ocrx_word' id='word_1_677' title='bbox 1195 2125 1254 2151; x_wconf 65' lang='lat' dir='ltr'><strong>quae</strong></span> <span class='ocrx_word' id='word_1_678' title='bbox 1273 2118 1298 2143; x_wconf 92' lang='lat' dir='ltr'><strong>iu</strong></span> <span class='ocrx_word' id='word_1_679' title='bbox 1320 2118 1408 2144; x_wconf 88' lang='lat' dir='ltr'><strong>medio</strong></span> <span class='ocrx_word' id='word_1_680' title='bbox 1429 2118 1602 2153; x_wconf 86' lang='lat' dir='ltr'><strong>interjacent,</strong></span> <span class='ocrx_word' id='word_1_681' title='bbox 1617 2127 1660 2151; x_wconf 85' lang='lat' dir='ltr'><strong>ea,</strong></span> <span class='ocrx_word' id='word_1_682' title='bbox 1682 2120 1722 2146; x_wconf 89' lang='lat' dir='ltr'><strong>in-</strong></span> 
     </span>
    </p>
   </div>
   <div class='ocr_carea' id='block_1_89' title="bbox 934 2163 1720 2198">
    <p class='ocr_par' dir='ltr' id='par_1_89' title="bbox 934 2163 1720 2198">
     <span class='ocr_line' id='line_1_89' title="bbox 934 2163 1720 2198; baseline 0.006 -10"><span class='ocrx_word' id='word_1_683' title='bbox 934 2169 1026 2197; x_wconf 87' lang='lat' dir='ltr'><strong>quam,</strong></span> <span class='ocrx_word' id='word_1_684' title='bbox 1046 2170 1107 2197; x_wconf 71' lang='lat' dir='ltr'><strong>qua:</strong></span> <span class='ocrx_word' id='word_1_685' title='bbox 1119 2168 1240 2196; x_wconf 80' lang='lat' dir='ltr'><strong>tempore</strong></span> <span class='ocrx_word' id='word_1_686' title='bbox 1256 2163 1332 2196; x_wconf 80' lang='lat' dir='ltr'><strong>tlunt,</strong></span> <span class='ocrx_word' id='word_1_687' title='bbox 1348 2172 1402 2198; x_wconf 88' lang='lat' dir='ltr'><strong>quo</strong></span> <span class='ocrx_word' id='word_1_688' title='bbox 1417 2171 1447 2190; x_wconf 85' lang='lat' dir='ltr'><strong>ea</strong></span> <span class='ocrx_word' id='word_1_689' title='bbox 1459 2172 1519 2198; x_wconf 65' lang='lat' dir='ltr'><strong>quae</strong></span> <span class='ocrx_word' id='word_1_690' title='bbox 1532 2173 1584 2192; x_wconf 91' lang='lat' dir='ltr'><strong>non</strong></span> <span class='ocrx_word' id='word_1_691' title='bbox 1605 2170 1679 2197; x_wconf 88' lang='lat' dir='ltr'><strong>sunt,</strong></span> <span class='ocrx_word' id='word_1_692' title='bbox 1695 2166 1720 2194; x_wconf 91' lang='lat' dir='ltr'><strong>in</strong></span> 
     </span>
    </p>
   </div>
   <div class='ocr_carea' id='block_1_90' title="bbox 934 2207 1722 2246">
    <p class='ocr_par' dir='ltr' id='par_1_90' title="bbox 934 2207 1722 2246">
     <span class='ocr_line' id='line_1_90' title="bbox 934 2207 1722 2246; baseline 0.005 -11"><span class='ocrx_word' id='word_1_693' title='bbox 934 2207 1062 2236; x_wconf 60' lang='lat' dir='ltr'><strong>effectum</strong></span> <span class='ocrx_word' id='word_1_694' title='bbox 1076 2208 1221 2242; x_wconf 81' lang='lat' dir='ltr'><strong>aliquando</strong></span> <span class='ocrx_word' id='word_1_695' title='bbox 1236 2210 1431 2243; x_wconf 79' lang='lat' dir='ltr'><strong>producuntur.</strong></span> <span class='ocrx_word' id='word_1_696' title='bbox 1446 2209 1682 2246; x_wconf 85' lang='lat' dir='ltr'><strong>Volantdenique,</strong></span> <span class='ocrx_word' id='word_1_697' title='bbox 1694 2218 1722 2240; x_wconf 85' lang='lat' dir='ltr'><strong>ut</strong></span> 
     </span>
    </p>
   </div>
   <div class='ocr_carea' id='block_1_91' title="bbox 86 2253 831 2301">
    <p class='ocr_par' dir='ltr' id='par_1_91' title="bbox 86 2256 831 2293">
     <span class='ocr_line' id='line_1_91' title="bbox 86 2256 831 2293; baseline -0.004 -8"><span class='ocrx_word' id='word_1_698' title='bbox 86 2258 312 2285; x_wconf 78' lang='grc' dir='ltr'>κατακαλύπτειν</span> <span class='ocrx_word' id='word_1_699' title='bbox 326 2257 361 2284; x_wconf 76' lang='grc' dir='ltr'>τὰ</span> <span class='ocrx_word' id='word_1_700' title='bbox 377 2258 515 2293; x_wconf 81' lang='grc' dir='ltr'>Σεραφεὶμ</span> <span class='ocrx_word' id='word_1_701' title='bbox 527 2258 557 2283; x_wconf 85' lang='grc' dir='ltr'><strong>τό</strong></span> <span class='ocrx_word' id='word_1_702' title='bbox 564 2266 594 2283; x_wconf 77' lang='grc' dir='ltr'><strong>τε</strong></span> <span class='ocrx_word' id='word_1_703' title='bbox 607 2257 752 2291; x_wconf 83' lang='grc' dir='ltr'>πρόσωπον</span> <span class='ocrx_word' id='word_1_704' title='bbox 762 2256 809 2282; x_wconf 83' lang='grc' dir='ltr'><strong>καὶ</strong></span> <span class='ocrx_word' id='word_1_705' title='bbox 819 2265 831 2283; x_wconf 87' lang='grc' dir='ltr'><strong>τ</strong></span> 
     </span>
    </p>
   </div>
   <div class='ocr_carea' id='block_1_92' title="bbox 974 2253 1719 2301">
    <p class='ocr_par' dir='ltr' id='par_1_92' title="bbox 974 2253 1719 2290">
     <span class='ocr_line' id='line_1_92' title="bbox 974 2253 1719 2290; baseline 0.004 -10"><span class='ocrx_word' id='word_1_706' title='bbox 974 2253 981 2280; x_wconf 93' lang='lat' dir='ltr'><strong>i</strong></span> <span class='ocrx_word' id='word_1_707' title='bbox 1001 2253 1069 2280; x_wconf 86' lang='lat' dir='ltr'><strong>nihil</strong></span> <span class='ocrx_word' id='word_1_708' title='bbox 1083 2254 1271 2288; x_wconf 85' lang='lat' dir='ltr'><strong>proculcatum</strong></span> <span class='ocrx_word' id='word_1_709' title='bbox 1296 2254 1395 2281; x_wconf 79' lang='lat' dir='ltr'><strong>habent</strong></span> <span class='ocrx_word' id='word_1_710' title='bbox 1415 2262 1462 2282; x_wconf 82' lang='lat' dir='ltr'><strong>seu</strong></span> <span class='ocrx_word' id='word_1_711' title='bbox 1481 2254 1614 2289; x_wconf 80' lang='lat' dir='ltr'><strong>abjeetum</strong></span> <span class='ocrx_word' id='word_1_712' title='bbox 1631 2265 1638 2283; x_wconf 91' lang='lat'><strong>:</strong></span> <span class='ocrx_word' id='word_1_713' title='bbox 1656 2256 1719 2290; x_wconf 81' lang='lat' dir='ltr'><strong>quin</strong></span> 
     </span>
    </p>
   </div>
   <div class='ocr_carea' id='block_1_93' title="bbox 87 2302 883 2341">
    <p class='ocr_par' dir='ltr' id='par_1_93' title="bbox 87 2302 883 2341">
     <span class='ocr_line' id='line_1_93' title="bbox 87 2302 883 2341; baseline -0.001 -11"><span class='ocrx_word' id='word_1_714' title='bbox 87 2304 182 2336; x_wconf 65' lang='grc' dir='ltr'>τώδας,</span> <span class='ocrx_word' id='word_1_715' title='bbox 194 2303 330 2330; x_wconf 82' lang='grc' dir='ltr'>πέτασθαι</span> <span class='ocrx_word' id='word_1_716' title='bbox 346 2303 373 2329; x_wconf 79' lang='grc' dir='ltr'><strong>δὲ</strong></span> <span class='ocrx_word' id='word_1_717' title='bbox 387 2305 446 2334; x_wconf 79' lang='grc' dir='ltr'>ταῖς</span> <span class='ocrx_word' id='word_1_718' title='bbox 460 2303 544 2334; x_wconf 74' lang='grc' dir='ltr'>δυσὶν,</span> <span class='ocrx_word' id='word_1_719' title='bbox 559 2303 605 2341; x_wconf 69' lang='grc' dir='ltr'>τοῦ</span> <span class='ocrx_word' id='word_1_720' title='bbox 622 2303 658 2337; x_wconf 79' lang='grc' dir='ltr'><strong>μὴ</strong></span> <span class='ocrx_word' id='word_1_721' title='bbox 669 2302 883 2334; x_wconf 77' lang='grc' dir='ltr'>δύνασθαίτινας</span> 
     </span>
    </p>
   </div>
   <div class='ocr_carea' id='block_1_94' title="bbox 86 2349 884 2385">
    <p class='ocr_par' dir='ltr' id='par_1_94' title="bbox 86 2349 884 2385">
     <span class='ocr_line' id='line_1_94' title="bbox 86 2349 884 2385; baseline -0.001 -10"><span class='ocrx_word' id='word_1_722' title='bbox 86 2349 101 2384; x_wconf 82' lang='grc' dir='ltr'>ἦ</span> <span class='ocrx_word' id='word_1_723' title='bbox 117 2349 209 2385; x_wconf 80' lang='grc' dir='ltr'>ἀρχὴν</span> <span class='ocrx_word' id='word_1_724' title='bbox 225 2349 242 2384; x_wconf 75' lang='grc' dir='ltr'><strong>ἢ</strong></span> <span class='ocrx_word' id='word_1_725' title='bbox 258 2349 335 2381; x_wconf 83' lang='grc' dir='ltr'>τέλος</span> <span class='ocrx_word' id='word_1_726' title='bbox 365 2350 432 2384; x_wconf 80' lang='grc' dir='ltr'><strong>ὁρᾷν</strong></span> <span class='ocrx_word' id='word_1_727' title='bbox 464 2350 573 2377; x_wconf 75' lang='grc' dir='ltr'>ἐννοιῶν</span> <span class='ocrx_word' id='word_1_728' title='bbox 606 2349 621 2384; x_wconf 90' lang='grc' dir='ltr'><strong>ῆ</strong></span> <span class='ocrx_word' id='word_1_729' title='bbox 649 2349 736 2383; x_wconf 83' lang='grc' dir='ltr'>λόγων</span> <span class='ocrx_word' id='word_1_730' title='bbox 753 2349 806 2375; x_wconf 81' lang='grc' dir='ltr'><strong>τῶν</strong></span> <span class='ocrx_word' id='word_1_731' title='bbox 820 2350 884 2384; x_wconf 80' lang='grc' dir='ltr'>περὶ</span> 
     </span>
    </p>
   </div>
   <div class='ocr_carea' id='block_1_95' title="bbox 86 2394 884 2431">
    <p class='ocr_par' dir='ltr' id='par_1_95' title="bbox 86 2394 884 2431">
     <span class='ocr_line' id='line_1_95' title="bbox 86 2394 884 2431; baseline -0.003 -9"><span class='ocrx_word' id='word_1_732' title='bbox 86 2396 167 2422; x_wconf 73' lang='grc' dir='ltr'>Θεοῦ.</span> <span class='ocrx_word' id='word_1_733' title='bbox 188 2394 322 2430; x_wconf 84' lang='grc' dir='ltr'>Σημαινει</span> <span class='ocrx_word' id='word_1_734' title='bbox 336 2395 385 2430; x_wconf 76' lang='grc' dir='ltr'>μὲν</span> <span class='ocrx_word' id='word_1_735' title='bbox 400 2395 455 2431; x_wconf 84' lang='grc' dir='ltr'>γὰρ</span> <span class='ocrx_word' id='word_1_736' title='bbox 465 2396 514 2431; x_wconf 85' lang='grc' dir='ltr'>τὴν</span> <span class='ocrx_word' id='word_1_737' title='bbox 527 2395 614 2431; x_wconf 83' lang='grc' dir='ltr'>ἀρχὴν</span> <span class='ocrx_word' id='word_1_738' title='bbox 630 2396 646 2430; x_wconf 87' lang='grc' dir='ltr'>ὴ</span> <span class='ocrx_word' id='word_1_739' title='bbox 661 2394 775 2429; x_wconf 84' lang='grc' dir='ltr'>κεφαλὴ,</span> <span class='ocrx_word' id='word_1_740' title='bbox 795 2395 841 2421; x_wconf 73' lang='grc' dir='ltr'><strong>καὶ</strong></span> <span class='ocrx_word' id='word_1_741' title='bbox 854 2394 884 2420; x_wconf 82' lang='grc' dir='ltr'><strong>τὸ</strong></span> 
     </span>
    </p>
   </div>
   <div class='ocr_carea' id='block_1_96' title="bbox 86 2441 883 2478">
    <p class='ocr_par' dir='ltr' id='par_1_96' title="bbox 86 2441 883 2478">
     <span class='ocr_line' id='line_1_96' title="bbox 86 2441 883 2478; baseline -0.001 -10"><span class='ocrx_word' id='word_1_742' title='bbox 86 2442 250 2478; x_wconf 74' lang='grc' dir='ltr'>πρόσωπον,</span> <span class='ocrx_word' id='word_1_743' title='bbox 266 2442 296 2468; x_wconf 84' lang='grc' dir='ltr'>τὸ</span> <span class='ocrx_word' id='word_1_744' title='bbox 311 2442 339 2468; x_wconf 79' lang='grc' dir='ltr'>δέ</span> <span class='ocrx_word' id='word_1_745' title='bbox 356 2449 388 2476; x_wconf 88' lang='grc' dir='ltr'><strong>γε</strong></span> <span class='ocrx_word' id='word_1_746' title='bbox 410 2442 486 2473; x_wconf 82' lang='grc' dir='ltr'>τέλος</span> <span class='ocrx_word' id='word_1_747' title='bbox 515 2443 540 2469; x_wconf 89' lang='grc' dir='ltr'>οἱ</span> <span class='ocrx_word' id='word_1_748' title='bbox 569 2442 658 2473; x_wconf 83' lang='grc' dir='ltr'>πόδες.</span> <span class='ocrx_word' id='word_1_749' title='bbox 674 2441 807 2476; x_wconf 78' lang='grc' dir='ltr'>’Λναρχον</span> <span class='ocrx_word' id='word_1_750' title='bbox 829 2441 883 2475; x_wconf 80' lang='grc' dir='ltr'>γὰρ</span> 
     </span>
    </p>
   </div>
   <div class='ocr_carea' id='block_1_97' title="bbox 87 2486 884 2524">
    <p class='ocr_par' dir='ltr' id='par_1_97' title="bbox 87 2486 884 2524">
     <span class='ocr_line' id='line_1_97' title="bbox 87 2486 884 2524; baseline -0.003 -9"><span class='ocrx_word' id='word_1_751' title='bbox 87 2489 116 2514; x_wconf 66' lang='grc' dir='ltr'>τὸ</span> <span class='ocrx_word' id='word_1_752' title='bbox 127 2489 208 2515; x_wconf 86' lang='grc' dir='ltr'>Θεῖον</span> <span class='ocrx_word' id='word_1_753' title='bbox 221 2488 270 2514; x_wconf 74' lang='grc' dir='ltr'>καὶ</span> <span class='ocrx_word' id='word_1_754' title='bbox 282 2488 411 2523; x_wconf 83' lang='grc' dir='ltr'>τελευτᾷν</span> <span class='ocrx_word' id='word_1_755' title='bbox 423 2489 473 2515; x_wconf 80' lang='grc' dir='ltr'><strong>οὐκ</strong></span> <span class='ocrx_word' id='word_1_756' title='bbox 483 2488 561 2519; x_wconf 80' lang='grc' dir='ltr'>εῑδός.</span> <span class='ocrx_word' id='word_1_757' title='bbox 574 2487 782 2524; x_wconf 82' lang='grc' dir='ltr'>Προσσάλλομεν</span> <span class='ocrx_word' id='word_1_758' title='bbox 793 2486 821 2513; x_wconf 80' lang='grc' dir='ltr'>δὲ</span> <span class='ocrx_word' id='word_1_759' title='bbox 828 2487 884 2518; x_wconf 81' lang='grc' dir='ltr'>τοῖς</span> 
     </span>
    </p>
   </div>
   <div class='ocr_carea' id='block_1_98' title="bbox 86 2532 885 2571">
    <p class='ocr_par' dir='ltr' id='par_1_98' title="bbox 86 2532 885 2571">
     <span class='ocr_line' id='line_1_98' title="bbox 86 2532 885 2571; baseline -0.004 -10"><span class='ocrx_word' id='word_1_760' title='bbox 86 2534 131 2571; x_wconf 71' lang='grc' dir='ltr'>ςῖιὰ</span> <span class='ocrx_word' id='word_1_761' title='bbox 147 2535 234 2570; x_wconf 82' lang='grc' dir='ltr'>μέσου</span> <span class='ocrx_word' id='word_1_762' title='bbox 249 2533 327 2570; x_wconf 86' lang='grc' dir='ltr'>μόλις</span> <span class='ocrx_word' id='word_1_763' title='bbox 336 2535 393 2566; x_wconf 83' lang='grc' dir='ltr'>τοῖς</span> <span class='ocrx_word' id='word_1_764' title='bbox 408 2534 478 2561; x_wconf 84' lang='grc' dir='ltr'>κατά</span> <span class='ocrx_word' id='word_1_765' title='bbox 492 2542 523 2568; x_wconf 87' lang='grc' dir='ltr'><strong>γε</strong></span> <span class='ocrx_word' id='word_1_766' title='bbox 535 2535 598 2566; x_wconf 80' lang='grc' dir='ltr'>τοὺς</span> <span class='ocrx_word' id='word_1_767' title='bbox 607 2533 720 2569; x_wconf 77' lang='grc' dir='ltr'>χρόνους</span> <span class='ocrx_word' id='word_1_768' title='bbox 731 2533 813 2568; x_wconf 78' lang='grc' dir='ltr'>φημὶ,</span> <span class='ocrx_word' id='word_1_769' title='bbox 825 2532 885 2559; x_wconf 76' lang='grc' dir='ltr'>καθ’</span> 
     </span>
    </p>
   </div>
   <div class='ocr_carea' id='block_1_99' title="bbox 88 2578 887 2614">
    <p class='ocr_par' dir='ltr' id='par_1_99' title="bbox 88 2578 887 2614">
     <span class='ocr_line' id='line_1_99' title="bbox 88 2578 887 2614; baseline -0.004 -7"><span class='ocrx_word' id='word_1_770' title='bbox 88 2581 135 2612; x_wconf 75' lang='grc' dir='ltr'><strong>οὓς</strong></span> <span class='ocrx_word' id='word_1_771' title='bbox 160 2580 195 2607; x_wconf 81' lang='grc' dir='ltr'>τὰ</span> <span class='ocrx_word' id='word_1_772' title='bbox 214 2581 265 2609; x_wconf 82' lang='grc' dir='ltr'>οὐκ</span> <span class='ocrx_word' id='word_1_773' title='bbox 282 2580 348 2607; x_wconf 75' lang='grc' dir='ltr'>ὂντα</span> <span class='ocrx_word' id='word_1_774' title='bbox 365 2580 432 2607; x_wconf 84' lang='grc' dir='ltr'>ποτὲ</span> <span class='ocrx_word' id='word_1_775' title='bbox 449 2579 579 2614; x_wconf 83' lang='grc' dir='ltr'>παρήχθη</span> <span class='ocrx_word' id='word_1_776' title='bbox 604 2579 672 2614; x_wconf 79' lang='grc' dir='ltr'>πρὸς</span> <span class='ocrx_word' id='word_1_777' title='bbox 689 2578 814 2613; x_wconf 75' lang='grc' dir='ltr'>ὓπαρξιν.</span> <span class='ocrx_word' id='word_1_778' title='bbox 834 2578 887 2604; x_wconf 88' lang='grc' dir='ltr'><strong>Πέ-</strong></span> 
     </span>
    </p>
   </div>
   <div class='ocr_carea' id='block_1_100' title="bbox 89 2623 885 2665">
    <p class='ocr_par' dir='ltr' id='par_1_100' title="bbox 89 2623 885 2665">
     <span class='ocr_line' id='line_1_100' title="bbox 89 2623 885 2665; baseline -0.005 -12"><span class='ocrx_word' id='word_1_779' title='bbox 89 2628 181 2653; x_wconf 83' lang='grc' dir='ltr'>τονται</span> <span class='ocrx_word' id='word_1_780' title='bbox 202 2636 235 2661; x_wconf 80' lang='grc' dir='ltr'><strong>γε</strong></span> <span class='ocrx_word' id='word_1_781' title='bbox 253 2627 306 2663; x_wconf 83' lang='grc' dir='ltr'>μὴν</span> <span class='ocrx_word' id='word_1_782' title='bbox 324 2627 363 2658; x_wconf 86' lang='grc' dir='ltr'>ὠς</span> <span class='ocrx_word' id='word_1_783' title='bbox 385 2627 462 2653; x_wconf 82' lang='grc' dir='ltr'>οὐδὲν</span> <span class='ocrx_word' id='word_1_784' title='bbox 483 2626 590 2661; x_wconf 69' lang='grc' dir='ltr'>ἔχοντες</span> <span class='ocrx_word' id='word_1_785' title='bbox 602 2626 633 2652; x_wconf 84' lang='grc' dir='ltr'>τὸ</span> <span class='ocrx_word' id='word_1_786' title='bbox 656 2623 885 2665; x_wconf 73' lang='grc' dir='ltr'>κατεῤῥιμμένον.</span> 
     </span>
    </p>
   </div>
   <div class='ocr_carea' id='block_1_101' title="bbox 95 2668 886 2708">
    <p class='ocr_par' dir='ltr' id='par_1_101' title="bbox 95 2668 886 2708">
     <span class='ocr_line' id='line_1_101' title="bbox 95 2668 886 2708; baseline -0.004 -10"><span class='ocrx_word' id='word_1_787' title='bbox 95 2672 180 2707; x_wconf 62' lang='grc' dir='ltr'><strong>’Τψοῦ</strong></span> <span class='ocrx_word' id='word_1_788' title='bbox 193 2673 221 2699; x_wconf 79' lang='grc' dir='ltr'><strong>δὲ</strong></span> <span class='ocrx_word' id='word_1_789' title='bbox 235 2673 337 2708; x_wconf 81' lang='grc' dir='ltr'>μᾶλλον</span> <span class='ocrx_word' id='word_1_790' title='bbox 351 2672 396 2699; x_wconf 76' lang='grc' dir='ltr'>ἀεὶ</span> <span class='ocrx_word' id='word_1_791' title='bbox 409 2672 441 2698; x_wconf 87' lang='grc' dir='ltr'>τὸ</span> <span class='ocrx_word' id='word_1_792' title='bbox 458 2672 585 2707; x_wconf 65' lang='grc' dir='ltr'>φρόνημα</span> <span class='ocrx_word' id='word_1_793' title='bbox 599 2671 667 2706; x_wconf 78' lang='grc' dir='ltr'>πρὸς</span> <span class='ocrx_word' id='word_1_794' title='bbox 680 2670 756 2696; x_wconf 79' lang='grc' dir='ltr'>Θεόν.</span> <span class='ocrx_word' id='word_1_795' title='bbox 780 2669 817 2696; x_wconf 80' lang='grc' dir='ltr'><strong>Οὐ</strong></span> <span class='ocrx_word' id='word_1_796' title='bbox 833 2668 886 2703; x_wconf 85' lang='grc' dir='ltr'><strong>γάρ</strong></span> 
     </span>
    </p>
   </div>
   <div class='ocr_carea' id='block_1_102' title="bbox 89 2715 884 2755">
    <p class='ocr_par' dir='ltr' id='par_1_102' title="bbox 89 2715 884 2755">
     <span class='ocr_line' id='line_1_102' title="bbox 89 2715 884 2755; baseline -0.006 -9"><span class='ocrx_word' id='word_1_797' title='bbox 89 2728 128 2746; x_wconf 84' lang='grc' dir='ltr'><strong>τοι</strong></span> <span class='ocrx_word' id='word_1_798' title='bbox 141 2719 203 2746; x_wconf 82' lang='grc' dir='ltr'>καθ’</span> <span class='ocrx_word' id='word_1_799' title='bbox 223 2720 296 2755; x_wconf 78' lang='grc' dir='ltr'>ἡμᾶς</span> <span class='ocrx_word' id='word_1_800' title='bbox 307 2717 439 2754; x_wconf 81' lang='grc' dir='ltr'>φρονοῦσι</span> <span class='ocrx_word' id='word_1_801' title='bbox 453 2718 487 2744; x_wconf 87' lang='grc' dir='ltr'>τὰ</span> <span class='ocrx_word' id='word_1_802' title='bbox 506 2718 590 2748; x_wconf 76' lang='grc' dir='ltr'>κάτω,</span> <span class='ocrx_word' id='word_1_803' title='bbox 604 2717 660 2743; x_wconf 81' lang='grc' dir='ltr'>ἀλλ’</span> <span class='ocrx_word' id='word_1_804' title='bbox 674 2718 702 2743; x_wconf 80' lang='grc' dir='ltr'><strong>ὲν</strong></span> <span class='ocrx_word' id='word_1_805' title='bbox 717 2715 884 2751; x_wconf 76' lang='grc' dir='ltr'>ἀπορρήτοις</span> 
     </span>
    </p>
   </div>
   <div class='ocr_carea' id='block_1_103' title="bbox 90 2760 883 2801">
    <p class='ocr_par' dir='ltr' id='par_1_103' title="bbox 90 2760 883 2801">
     <span class='ocr_line' id='line_1_103' title="bbox 90 2760 883 2801; baseline -0.006 -10"><span class='ocrx_word' id='word_1_806' title='bbox 90 2766 158 2792; x_wconf 68' lang='grc' dir='ltr'>τισὶν</span> <span class='ocrx_word' id='word_1_807' title='bbox 172 2765 317 2801; x_wconf 63' lang='grc' dir='ltr'>ὑψώμασιν</span> <span class='ocrx_word' id='word_1_808' title='bbox 341 2762 453 2791; x_wconf 78' lang='grc' dir='ltr'>ἐννοιῶν</span> <span class='ocrx_word' id='word_1_809' title='bbox 474 2763 501 2790; x_wconf 80' lang='grc' dir='ltr'>αἱ</span> <span class='ocrx_word' id='word_1_810' title='bbox 524 2762 652 2789; x_wconf 82' lang='grc' dir='ltr'>ἀνωτάτω</span> <span class='ocrx_word' id='word_1_811' title='bbox 679 2762 807 2796; x_wconf 81' lang='grc' dir='ltr'>δυνάμεις</span> <span class='ocrx_word' id='word_1_812' title='bbox 839 2760 883 2786; x_wconf 69' lang='grc' dir='ltr'>τὸν</span> 
     </span>
    </p>
   </div>
   <div class='ocr_carea' id='block_1_104' title="bbox 91 2806 883 2847">
    <p class='ocr_par' dir='ltr' id='par_1_104' title="bbox 91 2806 883 2847">
     <span class='ocr_line' id='line_1_104' title="bbox 91 2806 883 2847; baseline -0.009 -9"><span class='ocrx_word' id='word_1_813' title='bbox 91 2811 186 2839; x_wconf 76' lang='grc' dir='ltr'>ῦζκεῖον</span> <span class='ocrx_word' id='word_1_814' title='bbox 202 2811 295 2847; x_wconf 74' lang='grc' dir='ltr'>έχουσι</span> <span class='ocrx_word' id='word_1_815' title='bbox 316 2809 393 2837; x_wconf 77' lang='grc' dir='ltr'>νοῦν.</span> <span class='ocrx_word' id='word_1_816' title='bbox 411 2808 540 2844; x_wconf 76' lang='grc' dir='ltr'>Εὗφημον</span> <span class='ocrx_word' id='word_1_817' title='bbox 564 2808 591 2835; x_wconf 75' lang='grc' dir='ltr'><strong>δὲ</strong></span> <span class='ocrx_word' id='word_1_818' title='bbox 618 2808 664 2834; x_wconf 77' lang='grc' dir='ltr'>καὶ</span> <span class='ocrx_word' id='word_1_819' title='bbox 681 2807 711 2833; x_wconf 81' lang='grc' dir='ltr'>τὸ</span> <span class='ocrx_word' id='word_1_820' title='bbox 732 2806 819 2841; x_wconf 75' lang='grc' dir='ltr'>στόμα</span> <span class='ocrx_word' id='word_1_821' title='bbox 835 2806 883 2832; x_wconf 85' lang='grc' dir='ltr'><strong>αὺ-</strong></span> 
     </span>
    </p>
   </div>
   <div class='ocr_carea' id='block_1_105' title="bbox 123 2887 670 2924">
    <p class='ocr_par' dir='ltr' id='par_1_105' title="bbox 123 2887 670 2924">
     <span class='ocr_line' id='line_1_105' title="bbox 123 2887 670 2924; baseline -0.005 -8"><span class='ocrx_word' id='word_1_822' title='bbox 123 2891 223 2924; x_wconf 71' lang='lat' dir='ltr'><strong>”Psal,</strong></span> <span class='ocrx_word' id='word_1_823' title='bbox 244 2898 319 2924; x_wconf 60' lang='grc' dir='ltr'>χιιί,</span> <span class='ocrx_word' id='word_1_824' title='bbox 341 2889 369 2919; x_wconf 74' lang='lat'><strong>9,</strong></span> <span class='ocrx_word' id='word_1_825' title='bbox 412 2888 432 2904; x_wconf 85' lang='lat'><strong>&quot;</strong></span> <span class='ocrx_word' id='word_1_826' title='bbox 453 2887 554 2918; x_wconf 80' lang='lat' dir='ltr'><strong>Barm-h</strong></span> <span class='ocrx_word' id='word_1_827' title='bbox 584 2895 624 2920; x_wconf 87' lang='lat' dir='ltr'>III,</span> <span class='ocrx_word' id='word_1_828' title='bbox 645 2888 670 2914; x_wconf 78' lang='grc'><strong>5,</strong></span> 
     </span>
    </p>
   </div>
   <div class='ocr_carea' id='block_1_106' title="bbox 934 2299 1720 2333">
    <p class='ocr_par' dir='ltr' id='par_1_106' title="bbox 934 2299 1720 2333">
     <span class='ocr_line' id='line_1_106' title="bbox 934 2299 1720 2333; baseline 0.003 -7"><span class='ocrx_word' id='word_1_829' title='bbox 934 2299 1024 2333; x_wconf 78' lang='lat' dir='ltr'><strong>potius</strong></span> <span class='ocrx_word' id='word_1_830' title='bbox 1043 2299 1098 2326; x_wconf 87' lang='lat' dir='ltr'><strong>alte</strong></span> <span class='ocrx_word' id='word_1_831' title='bbox 1117 2307 1224 2333; x_wconf 73' lang='lat' dir='ltr'><strong>semper</strong></span> <span class='ocrx_word' id='word_1_832' title='bbox 1248 2301 1354 2327; x_wconf 89' lang='lat' dir='ltr'><strong>illorum</strong></span> <span class='ocrx_word' id='word_1_833' title='bbox 1373 2308 1449 2328; x_wconf 88' lang='lat' dir='ltr'><strong>mens</strong></span> <span class='ocrx_word' id='word_1_834' title='bbox 1466 2301 1492 2327; x_wconf 91' lang='lat' dir='ltr'><strong>in</strong></span> <span class='ocrx_word' id='word_1_835' title='bbox 1517 2301 1600 2328; x_wconf 89' lang='lat' dir='ltr'><strong>Deum</strong></span> <span class='ocrx_word' id='word_1_836' title='bbox 1625 2302 1720 2333; x_wconf 76' lang='lat' dir='ltr'><strong>fertur,</strong></span> 
     </span>
    </p>
   </div>
   <div class='ocr_carea' id='block_1_107' title="bbox 933 2344 1721 2382">
    <p class='ocr_par' dir='ltr' id='par_1_107' title="bbox 933 2344 1721 2382">
     <span class='ocr_line' id='line_1_107' title="bbox 933 2344 1721 2382; baseline 0.005 -11"><span class='ocrx_word' id='word_1_837' title='bbox 933 2344 992 2372; x_wconf 77' lang='lat' dir='ltr'><strong>Non</strong></span> <span class='ocrx_word' id='word_1_838' title='bbox 1009 2345 1094 2378; x_wconf 84' lang='lat' dir='ltr'><strong>enim,</strong></span> <span class='ocrx_word' id='word_1_839' title='bbox 1111 2351 1139 2372; x_wconf 89' lang='lat' dir='ltr'><strong>ut</strong></span> <span class='ocrx_word' id='word_1_840' title='bbox 1156 2353 1215 2376; x_wconf 83' lang='lat' dir='ltr'><strong>nos.</strong></span> <span class='ocrx_word' id='word_1_841' title='bbox 1236 2346 1396 2373; x_wconf 67' lang='lat' dir='ltr'><strong>hareiul‘tma</strong></span> <span class='ocrx_word' id='word_1_842' title='bbox 1414 2347 1523 2381; x_wconf 86' lang='lat' dir='ltr'><strong>sapiunt</strong></span> <span class='ocrx_word' id='word_1_843' title='bbox 1543 2348 1584 2374; x_wconf 66' lang='lat' dir='ltr'><strong>liae</strong></span> <span class='ocrx_word' id='word_1_844' title='bbox 1600 2353 1721 2382; x_wconf 79' lang='lat' dir='ltr'><strong>potesta-</strong></span> 
     </span>
    </p>
   </div>
   <div class='ocr_carea' id='block_1_108' title="bbox 935 2392 1752 2430">
    <p class='ocr_par' dir='ltr' id='par_1_108' title="bbox 935 2392 1752 2430">
     <span class='ocr_line' id='line_1_108' title="bbox 935 2392 1752 2430; baseline 0 -10"><span class='ocrx_word' id='word_1_845' title='bbox 935 2396 975 2420; x_wconf 81' lang='lat' dir='ltr'><strong>tes</strong></span> <span class='ocrx_word' id='word_1_846' title='bbox 987 2399 1128 2427; x_wconf 73' lang='lat' dir='ltr'><strong>supremae.</strong></span> <span class='ocrx_word' id='word_1_847' title='bbox 1143 2393 1188 2418; x_wconf 90' lang='lat' dir='ltr'><strong>sed</strong></span> <span class='ocrx_word' id='word_1_848' title='bbox 1199 2397 1314 2418; x_wconf 76' lang='lat' dir='ltr'><strong>utentem</strong></span> <span class='ocrx_word' id='word_1_849' title='bbox 1331 2392 1431 2419; x_wconf 82' lang='lat' dir='ltr'><strong>habent</strong></span> <span class='ocrx_word' id='word_1_850' title='bbox 1441 2393 1547 2419; x_wconf 83' lang='lat' dir='ltr'><strong>arcanis</strong></span> <span class='ocrx_word' id='word_1_851' title='bbox 1562 2394 1720 2427; x_wconf 72' lang='lat' dir='ltr'><strong>quihusdam</strong></span> <span class='ocrx_word' id='word_1_852' title='bbox 1748 2429 1752 2430; x_wconf 18' lang='grc' dir='ltr'><strong>γ</strong></span> 
     </span>
    </p>
   </div>
   <div class='ocr_carea' id='block_1_109' title="bbox 935 2436 1720 2472">
    <p class='ocr_par' dir='ltr' id='par_1_109' title="bbox 935 2436 1720 2472">
     <span class='ocr_line' id='line_1_109' title="bbox 935 2436 1720 2472; baseline 0.003 -8"><span class='ocrx_word' id='word_1_853' title='bbox 935 2437 1130 2464; x_wconf 83' lang='lat' dir='ltr'><strong>sententiarum</strong></span> <span class='ocrx_word' id='word_1_854' title='bbox 1145 2437 1357 2464; x_wconf 69' lang='lat' dir='ltr'><strong>sublimitatibus</strong></span> <span class='ocrx_word' id='word_1_855' title='bbox 1372 2436 1479 2464; x_wconf 69' lang='lat' dir='ltr'><strong>affixam</strong></span> <span class='ocrx_word' id='word_1_856' title='bbox 1494 2442 1520 2464; x_wconf 89' lang='lat' dir='ltr'><strong>et</strong></span> <span class='ocrx_word' id='word_1_857' title='bbox 1537 2439 1720 2472; x_wconf 84' lang='lat' dir='ltr'><strong>conjunctam.</strong></span> 
     </span>
    </p>
   </div>
   <div class='ocr_carea' id='block_1_110' title="bbox 935 2483 1722 2519">
    <p class='ocr_par' dir='ltr' id='par_1_110' title="bbox 935 2483 1722 2519">
     <span class='ocr_line' id='line_1_110' title="bbox 935 2483 1722 2519; baseline 0 -7"><span class='ocrx_word' id='word_1_858' title='bbox 935 2483 972 2512; x_wconf 85' lang='lat' dir='ltr'><strong>Os</strong></span> <span class='ocrx_word' id='word_1_859' title='bbox 986 2491 1095 2519; x_wconf 89' lang='lat' dir='ltr'><strong>quoque</strong></span> <span class='ocrx_word' id='word_1_860' title='bbox 1109 2491 1202 2511; x_wconf 88' lang='lat' dir='ltr'><strong>eorum</strong></span> <span class='ocrx_word' id='word_1_861' title='bbox 1216 2484 1323 2516; x_wconf 90' lang='lat' dir='ltr'><strong>plenum</strong></span> <span class='ocrx_word' id='word_1_862' title='bbox 1335 2488 1378 2511; x_wconf 86' lang='lat' dir='ltr'><strong>est</strong></span> <span class='ocrx_word' id='word_1_863' title='bbox 1394 2484 1491 2512; x_wconf 83' lang='lat' dir='ltr'><strong>faustis</strong></span> <span class='ocrx_word' id='word_1_864' title='bbox 1509 2485 1722 2513; x_wconf 80' lang='lat' dir='ltr'><strong>ominationibus</strong></span> 
     </span>
    </p>
   </div>
   <div class='ocr_carea' id='block_1_111' title="bbox 936 2529 1721 2566">
    <p class='ocr_par' dir='ltr' id='par_1_111' title="bbox 936 2529 1721 2566">
     <span class='ocr_line' id='line_1_111' title="bbox 936 2529 1721 2566; baseline 0.004 -10"><span class='ocrx_word' id='word_1_865' title='bbox 936 2537 967 2556; x_wconf 89' lang='lat' dir='ltr'><strong>ac</strong></span> <span class='ocrx_word' id='word_1_866' title='bbox 979 2530 1114 2559; x_wconf 78' lang='lat' dir='ltr'><strong>laudibus.</strong></span> <span class='ocrx_word' id='word_1_867' title='bbox 1133 2529 1251 2557; x_wconf 86' lang='lat' dir='ltr'><strong>Gloriam</strong></span> <span class='ocrx_word' id='word_1_868' title='bbox 1265 2530 1337 2557; x_wconf 72' lang='lat' dir='ltr'><strong>enim</strong></span> <span class='ocrx_word' id='word_1_869' title='bbox 1363 2530 1518 2563; x_wconf 70' lang='lat' dir='ltr'><strong>det-autaut,</strong></span> <span class='ocrx_word' id='word_1_870' title='bbox 1541 2532 1623 2566; x_wconf 89' lang='lat' dir='ltr'><strong>idque</strong></span> <span class='ocrx_word' id='word_1_871' title='bbox 1638 2532 1721 2559; x_wconf 83' lang='lat' dir='ltr'><strong>alter-</strong></span> 
     </span>
    </p>
   </div>
   <div class='ocr_carea' id='block_1_112' title="bbox 936 2575 1722 2613">
    <p class='ocr_par' dir='ltr' id='par_1_112' title="bbox 936 2575 1722 2613">
     <span class='ocr_line' id='line_1_112' title="bbox 936 2575 1722 2613; baseline 0.003 -11"><span class='ocrx_word' id='word_1_872' title='bbox 936 2576 979 2603; x_wconf 82' lang='lat' dir='ltr'><strong>nis</strong></span> <span class='ocrx_word' id='word_1_873' title='bbox 999 2575 1114 2607; x_wconf 79' lang='lat' dir='ltr'><strong>vicibus,</strong></span> <span class='ocrx_word' id='word_1_874' title='bbox 1133 2583 1185 2602; x_wconf 92' lang='lat' dir='ltr'><strong>non</strong></span> <span class='ocrx_word' id='word_1_875' title='bbox 1207 2575 1271 2610; x_wconf 90' lang='lat' dir='ltr'><strong>quia</strong></span> <span class='ocrx_word' id='word_1_876' title='bbox 1287 2575 1481 2612; x_wconf 77' lang='lat' dir='ltr'><strong>defatigantur,</strong></span> <span class='ocrx_word' id='word_1_877' title='bbox 1497 2582 1526 2604; x_wconf 91' lang='lat' dir='ltr'><strong>ut</strong></span> <span class='ocrx_word' id='word_1_878' title='bbox 1547 2585 1597 2613; x_wconf 83' lang='lat' dir='ltr'><strong>ego</strong></span> <span class='ocrx_word' id='word_1_879' title='bbox 1613 2578 1722 2612; x_wconf 89' lang='lat' dir='ltr'><strong>quidem</strong></span> 
     </span>
    </p>
   </div>
   <div class='ocr_carea' id='block_1_113' title="bbox 935 2622 1722 2656">
    <p class='ocr_par' dir='ltr' id='par_1_113' title="bbox 935 2622 1722 2656">
     <span class='ocr_line' id='line_1_113' title="bbox 935 2622 1722 2656; baseline 0.001 -8"><span class='ocrx_word' id='word_1_880' title='bbox 935 2622 1065 2654; x_wconf 78' lang='lat' dir='ltr'><strong>arbitror,</strong></span> <span class='ocrx_word' id='word_1_881' title='bbox 1085 2622 1132 2650; x_wconf 81' lang='lat' dir='ltr'><strong>sed</strong></span> <span class='ocrx_word' id='word_1_882' title='bbox 1149 2622 1253 2650; x_wconf 87' lang='lat' dir='ltr'><strong>honore</strong></span> <span class='ocrx_word' id='word_1_883' title='bbox 1265 2622 1316 2650; x_wconf 89' lang='lat' dir='ltr'><strong>sibi</strong></span> <span class='ocrx_word' id='word_1_884' title='bbox 1335 2628 1428 2650; x_wconf 89' lang='lat' dir='ltr'><strong>mutuo</strong></span> <span class='ocrx_word' id='word_1_885' title='bbox 1440 2624 1549 2656; x_wconf 80' lang='lat' dir='ltr'><strong>cedunt,</strong></span> <span class='ocrx_word' id='word_1_886' title='bbox 1567 2629 1593 2651; x_wconf 79' lang='lat' dir='ltr'><strong>et</strong></span> <span class='ocrx_word' id='word_1_887' title='bbox 1605 2624 1722 2651; x_wconf 82' lang='lat' dir='ltr'><strong>vicissim</strong></span> 
     </span>
    </p>
   </div>
   <div class='ocr_carea' id='block_1_114' title="bbox 935 2666 1724 2702">
    <p class='ocr_par' dir='ltr' id='par_1_114' title="bbox 935 2666 1724 2702">
     <span class='ocr_line' id='line_1_114' title="bbox 935 2666 1724 2702; baseline 0 -9"><span class='ocrx_word' id='word_1_888' title='bbox 935 2666 1106 2694; x_wconf 80' lang='lat' dir='ltr'><strong>laudationes</strong></span> <span class='ocrx_word' id='word_1_889' title='bbox 1122 2667 1248 2694; x_wconf 87' lang='lat' dir='ltr'><strong>reddunt.</strong></span> <span class='ocrx_word' id='word_1_890' title='bbox 1269 2666 1366 2694; x_wconf 81' lang='lat' dir='ltr'><strong>Omnia</strong></span> <span class='ocrx_word' id='word_1_891' title='bbox 1386 2667 1458 2694; x_wconf 85' lang='lat' dir='ltr'><strong>enim</strong></span> <span class='ocrx_word' id='word_1_892' title='bbox 1480 2675 1576 2702; x_wconf 83' lang='lat' dir='ltr'><strong>supera</strong></span> <span class='ocrx_word' id='word_1_893' title='bbox 1599 2669 1724 2694; x_wconf 73' lang='lat' dir='ltr'><strong>ordinato</strong></span> 
     </span>
    </p>
   </div>
   <div class='ocr_carea' id='block_1_115' title="bbox 938 2712 1721 2745">
    <p class='ocr_par' dir='ltr' id='par_1_115' title="bbox 938 2712 1721 2745">
     <span class='ocr_line' id='line_1_115' title="bbox 938 2712 1721 2745; baseline -0.001 -5"><span class='ocrx_word' id='word_1_894' title='bbox 938 2713 1006 2740; x_wconf 84' lang='lat' dir='ltr'><strong>fiunt</strong></span> <span class='ocrx_word' id='word_1_895' title='bbox 1015 2720 1046 2740; x_wconf 80' lang='lat' dir='ltr'><strong>ac</strong></span> <span class='ocrx_word' id='word_1_896' title='bbox 1058 2713 1195 2740; x_wconf 77' lang='lat' dir='ltr'><strong>decenter.</strong></span> <span class='ocrx_word' id='word_1_897' title='bbox 1212 2712 1279 2739; x_wconf 80' lang='lat' dir='ltr'><strong>Cum</strong></span> <span class='ocrx_word' id='word_1_898' title='bbox 1300 2721 1364 2741; x_wconf 83' lang='lat' dir='ltr'><strong>vero</strong></span> <span class='ocrx_word' id='word_1_899' title='bbox 1380 2723 1389 2739; x_wconf 78' lang='grc' dir='ltr'><strong>ι</strong></span> <span class='ocrx_word' id='word_1_900' title='bbox 1404 2713 1521 2740; x_wconf 76' lang='lat' dir='ltr'><strong>Sanetus</strong></span> <span class='ocrx_word' id='word_1_901' title='bbox 1537 2723 1546 2739; x_wconf 73' lang='grc' dir='ltr'><strong>ι</strong></span> <span class='ocrx_word' id='word_1_902' title='bbox 1563 2719 1604 2740; x_wconf 87' lang='lat' dir='ltr'><strong>ter</strong></span> <span class='ocrx_word' id='word_1_903' title='bbox 1618 2714 1721 2745; x_wconf 83' lang='lat' dir='ltr'><strong>dicunt,</strong></span> 
     </span>
    </p>
   </div>
   <div class='ocr_carea' id='block_1_116' title="bbox 937 2758 1722 2793">
    <p class='ocr_par' dir='ltr' id='par_1_116' title="bbox 937 2758 1722 2793">
     <span class='ocr_line' id='line_1_116' title="bbox 937 2758 1722 2793; baseline -0.003 -7"><span class='ocrx_word' id='word_1_904' title='bbox 937 2759 1067 2786; x_wconf 84' lang='lat' dir='ltr'><strong>claudunt</strong></span> <span class='ocrx_word' id='word_1_905' title='bbox 1082 2759 1209 2793; x_wconf 86' lang='lat' dir='ltr'><strong>hymnum</strong></span> <span class='ocrx_word' id='word_1_906' title='bbox 1224 2759 1250 2785; x_wconf 89' lang='lat' dir='ltr'><strong>in</strong></span> <span class='ocrx_word' id='word_1_907' title='bbox 1265 2759 1328 2792; x_wconf 82' lang='lat' dir='ltr'><strong>hoe,</strong></span> <span class='ocrx_word' id='word_1_908' title='bbox 1343 2768 1352 2784; x_wconf 80' lang='grc' dir='ltr'><strong>ι</strong></span> <span class='ocrx_word' id='word_1_909' title='bbox 1376 2759 1504 2786; x_wconf 88' lang='lat' dir='ltr'><strong>Dominus</strong></span> <span class='ocrx_word' id='word_1_910' title='bbox 1519 2759 1648 2790; x_wconf 83' lang='lat' dir='ltr'><strong>Sabaoth,</strong></span> <span class='ocrx_word' id='word_1_911' title='bbox 1664 2768 1673 2783; x_wconf 79' lang='grc'>›</span> <span class='ocrx_word' id='word_1_912' title='bbox 1696 2758 1722 2789; x_wconf 86' lang='lat' dir='ltr'><strong>in</strong></span> 
     </span>
    </p>
   </div>
   <div class='ocr_carea' id='block_1_117' title="bbox 938 2802 1718 2833">
    <p class='ocr_par' dir='ltr' id='par_1_117' title="bbox 938 2802 1718 2833">
     <span class='ocr_line' id='line_1_117' title="bbox 938 2802 1718 2833; baseline 0 -3"><span class='ocrx_word' id='word_1_913' title='bbox 938 2811 990 2831; x_wconf 80' lang='lat' dir='ltr'><strong>una</strong></span> <span class='ocrx_word' id='word_1_914' title='bbox 1000 2804 1108 2832; x_wconf 84' lang='lat' dir='ltr'><strong>deitatis</strong></span> <span class='ocrx_word' id='word_1_915' title='bbox 1125 2809 1219 2831; x_wconf 86' lang='lat' dir='ltr'><strong>natura</strong></span> <span class='ocrx_word' id='word_1_916' title='bbox 1233 2808 1355 2831; x_wconf 73' lang='lat' dir='ltr'><strong>sanetam</strong></span> <span class='ocrx_word' id='word_1_917' title='bbox 1369 2804 1568 2831; x_wconf 85' lang='lat' dir='ltr'><strong>constituentes</strong></span> <span class='ocrx_word' id='word_1_918' title='bbox 1580 2802 1718 2833; x_wconf 83' lang='lat' dir='ltr'><strong>Triadem.</strong></span> 
     </span>
    </p>
   </div>
   <div class='ocr_carea' id='block_1_118' title="bbox 712 2885 994 2918">
    <p class='ocr_par' dir='ltr' id='par_1_118' title="bbox 712 2885 994 2918">
     <span class='ocr_line' id='line_1_118' title="bbox 712 2885 994 2918; baseline -0.007 -6"><span class='ocrx_word' id='word_1_919' title='bbox 712 2887 732 2902; x_wconf 78' lang='grc'><strong>¹⁶</strong></span> <span class='ocrx_word' id='word_1_920' title='bbox 748 2885 841 2914; x_wconf 78' lang='lat' dir='ltr'><strong>Matth.</strong></span> <span class='ocrx_word' id='word_1_921' title='bbox 856 2892 934 2918; x_wconf 56' lang='grc' dir='ltr'>χχιιι,</span> <span class='ocrx_word' id='word_1_922' title='bbox 949 2885 994 2911; x_wconf 71' lang='grc'><strong>58.</strong></span> 
     </span>
    </p>
   </div>
  </div>
