1887 3054
194 193 248 222 I75

689 190 718 218 S.
738 189 875 217 GYRILLI
897 190 1132 219 ALEXANDRINI
1154 190 1311 219 ARCHIEP.

1782 189 1838 217 176

188 251 350 279 'Subsistere
370 249 442 277 enim
464 247 571 276 Patrem
589 247 669 282 plane
689 248 816 282 dicimus,
837 250 876 277 sic
898 249 979 277 etiam

1045 250 1101 280 ταῖς.
1124 248 1297 282 Δοξολογοῦσι
1315 247 1369 283 γὰρ
1383 247 1522 274 καὶτοῦτο
1540 247 1569 281 ἐξ
1589 246 1719 282 ἀμοιϐῆς,
1740 246 1773 273 οὐ
1789 247 1837 274 διὰ

192 297 304 330 Filium,
323 300 350 324 et
364 295 498 329 Spiritunt
515 299 650 322 saucium.
669 293 761 330 Neque
777 303 840 323 vero
859 303 926 330 quos
944 296 984 322 di-

142 376 144 380 ι
193 343 292 376 cimus,
307 342 334 369 in
355 339 508 368 naturalem
532 339 650 375 aliquant
669 341 855 368 diversitatem
873 341 925 368 ulla
940 349 985 369 ra-

194 389 234 416 tio
250 388 381 418 dissecat,
398 385 444 413 sed
460 385 486 413 in
503 385 603 421 triplici
626 386 765 422 hypostasi
779 394 830 413 una
845 387 929 414 deitas
944 387 984 414 in-

195 433 333 468 telligitur.
353 431 408 459 lloc
425 431 535 466 quidem
562 431 640 460 nobis
662 437 789 460 testatum
811 431 916 461 faciunt
936 440 984 467 per

195 481 244 507 hos
256 483 365 506 sanctos
380 476 523 512 Seraphim
539 497 547 510 ,
567 478 613 513 qui
634 478 788 505 universam
810 483 910 505 terram
928 486 985 506 ma-

192 524 291 560 jestate
306 523 364 558 ejus
387 523 497 558 plenam
523 523 659 555 dictitant,
684 523 774 550 futura
794 524 983 558 prmcinentes,

193 575 221 598 et
236 570 432 597 administratae
443 577 491 604 per
503 569 641 597 Christum
657 569 868 604 dispensationis
888 575 984 605 mystc-

196 615 265 643 rium
283 615 507 650 prtenuntiantes.
525 613 687 650 Priusquam
699 615 770 642 enim
787 614 906 643 Verbum
920 624 984 644 caro

195 662 296 690 factum
317 666 401 693 esset,
418 661 462 688 ille
482 661 599 695 daemon,
615 661 659 689 ille
675 661 804 692 exitialis.
826 661 869 689 ille
889 662 983 696 draco,

195 708 241 736 ille
263 707 394 742 delector,
413 707 507 735 orbem
525 711 663 735 terrarum
689 709 849 742 occupabat,
869 715 982 737 etcrea-

196 758 256 781 tura
274 761 328 788 prae
347 753 478 781 Creatore
491 757 519 780 et
534 751 680 781 Conditore
696 753 879 782 adorabatur:
897 760 924 782 at
939 755 983 783 ubi

195 799 285 828 {actus
307 803 350 828 est
372 800 453 827 homo
477 798 645 834 unigenitum
673 799 720 826 Dei
745 799 872 833 Verbum,
895 802 984 830 omnis

147 872 149 875 ⁴
197 850 269 872 terra
289 845 428 879 majestate
442 845 501 878 ejus
522 844 624 879 repleta
641 850 692 872 est.
709 845 747 872 llli
765 847 837 873 enim
849 845 938 874 ﬂectet
955 855 985 875 se

196 899 373 926 omnegenu,
389 895 417 917 et
433 890 471 917 illi
487 897 582 918 omnes
603 891 701 926 linguae
718 899 751 919 ac
768 892 853 919 tribus
871 895 984 921 conlita-

1034 303 1064 328 γε
1081 294 1110 320 τὸ
1136 295 1262 328 κάμνειν,
1293 293 1418 328 καθάπερ
1445 292 1562 328 ἐγῷμαι,
1586 290 1785 328 παραχωροῦσι
1804 291 1835 318 δὲ

1035 340 1135 375 μᾶλλον
1150 340 1198 370 τὰς
1209 339 1289 373 τιμὰς
1305 338 1435 374 ἁλλήλως,
1454 338 1500 364 καὶ
1522 338 1757 373 ἀντιδωρούμεναι
1780 338 1834 368 τὰς

1033 385 1195 419 δοξολογίας.
1215 385 1307 412 Πάντα
1321 384 1375 419 γὰρ
1391 385 1420 410 έν
1435 384 1529 419 κόσμῳ
1540 383 1573 410 τὰ
1587 383 1652 410 ἄνω.
1664 383 1733 418 Τρὶς
1745 382 1775 408 δὲ
1788 383 1832 412 τὸ.

1037 440 1046 456 ι
1065 430 1159 465 ’Ἄγιος
1170 440 1180 457 ι
1193 431 1331 465 λέγουσαι,
1344 429 1533 457 κατακλείουσι
1547 429 1594 464 τὴν
1609 428 1779 462 δοξολογίαν,
1791 430 1833 459 εἰς

1033 477 1072 510 τὸ,
1085 487 1094 503 ι
1106 477 1208 512 Κύριος
1219 476 1359 508 Σαϐαὼθ,ι
1372 477 1400 502 ἐν
1408 477 1458 511 μιᾷ
1465 476 1589 510 θεότητος
1601 475 1679 510 φύσει
1687 474 1738 510 τὴν
1746 475 1832 509 ἁγίαν

1032 522 1152 554 τιθέντες
1167 522 1279 558 Τριάδα.
1312 521 1476 556 ’Υφεστάναι
1494 521 1543 557 μὲν
1565 521 1619 556 γὰρ
1638 520 1831 556 ὁμολογουμέ-

1036 576 1088 600 νως
1107 568 1196 603 φαμὲν
1206 568 1251 595 τὸν
1267 568 1392 603 Πατέρα·
1418 567 1489 594 οὕτω
1507 567 1534 593 δὲ
1557 568 1602 593 καὶ
1623 567 1668 594 τὸν
1686 566 1762 598 Υίδν,
1781 567 1832 593 καὶ

1033 615 1063 641 τὺ
1079 614 1191 649 Πνεῦμα
1204 614 1234 641 τὸ
1245 614 1331 648 ἅγιον.
1345 613 1400 641 Καὶ
1412 613 1490 648 λόγος
1504 613 1590 645 οὐδεὶς
1607 612 1748 648 διατέμνει
1759 612 1831 648 πρὸς

1034 660 1185 696 ἑτερότητα
1203 660 1321 694 φυσικὴν
1339 659 1394 686 τῶν
1412 658 1614 694 ὠνομασμένων
1628 658 1757 690 ἕκαστον,
1770 657 1830 684 ἀλλ’

1035 708 1064 734 ἐν
1079 707 1247 734 ὑποστάσεσι
1260 706 1334 742 τρισὶ
1349 707 1449 733 νοεῖται
1467 705 1517 741 μία
1531 705 1636 740 θιότης.
1656 705 1713 732 Καὶ
1732 704 1767 730 δι’
1779 704 1828 731 αὒ-

1034 752 1088 779 τῶν
1106 753 1172 788 ήμῖν
1187 752 1266 779 τοῦτο
1281 751 1490 788 μεμαρτύρηται
1504 751 1558 777 τῶν
1574 751 1659 785 ἁγίων
1673 751 1827 786 Σεραφεὶμ,

1035 798 1059 824 οἳ
1072 798 1120 824 καὶ
1135 797 1226 833 πλήρη
1238 798 1330 824 πᾶσαν
1341 797 1392 832 τὴν
1405 797 1456 832 γῆν
1467 794 1537 824 εἶναι
1559 796 1668 831 λέγουσι
1681 797 1731 831 ἧς
1749 796 1828 831 6627,;

1034 842 1128 872 αὑτοῦ.
1140 841 1395 878 προαναφωνοῦντες
1403 841 1437 868 τὰ
1447 841 1574 877 ἐσόμενα,
1587 841 1633 868 καὶ
1645 841 1693 875 τῆς
1706 841 1754 867 διὰ
1764 841 1784 866 Χ
1790 849 1829 875 ρι-

1036 888 1098 915 στοῦ
1111 887 1298 923 γεγενημένης
1326 887 1481 923 οἰκονομίας
1506 886 1775 923 προαναγγέλλοντες
1800 887 1829 912 τὸ

195 938 306 969 buntur,
321 944 352 963 ac
368 936 406 963 illi
424 936 554 969 servient,
569 937 646 972 juxta
663 937 689 964 id
704 939 775 971 quod
790 939 920 974 scriptum
931 945 981 968 est.

1045 935 1197 970 ιυστήριον.
1216 935 1284 969 Πρὶν
1297 934 1345 970 μὲν
1359 933 1413 969 γὰρ
1425 934 1514 969 σάρκα
1529 932 1653 967 γενέσθαι
1669 932 1716 958 τὸν
1728 932 1828 966 Λόγον,

186 982 380 1011 -Ριοοιιιιιονὶι
406 987 434 1010 et
450 983 502 1011 hoc
524 987 587 1010 aute
602 984 697 1010 beatus
717 983 800 1010 David
828 984 854 1011 in
873 985 982 1020 spiritu;

195 1029 264 1056 dixit
279 1028 352 1056 enim
369 1037 376 1055 :
395 1037 406 1054 ι
421 1027 522 1056 Omnes
540 1031 634 1067 gemes
652 1036 720 1063 quas
743 1029 841 1062 lecisti,
863 1031 981 1064 venient,

181 1077 223 1101 et
245 1074 398 1101 adorabunt
422 1080 514 1101 coram
543 1078 570 1100 te
589 1073 621 1100 ".
644 1082 654 1100 ι
679 1072 736 1101 Hoc
756 1074 906 1108 perfectum
929 1082 981 1109 est.

1036 982 1198 1017 κατικράτει
1211 980 1261 1016 τῆς
1276 981 1322 1007 ὑπ’
1336 980 1450 1017 οὐρανὸν
1465 980 1480 1007 6
1493 979 1598 1014 δαίμων
1613 980 1627 1006 6
1638 979 1801 1014 ἀλητήριος,
1817 980 1830 1004 6

1035 1028 1153 1065 δράκων,
1170 1028 1184 1054 6
1197 1028 1362 1063 ἀποστάτης.
1390 1025 1583 1062 Προσεκυνήθη
1606 1025 1635 1052 δὲ
1644 1033 1691 1052 και
1708 1026 1725 1060 ή
1741 1025 1830 1056 κτίσις

1037 1076 1112 1111 παρὰ
1129 1075 1175 1101 τὸν
1191 1074 1320 1101 κτίσαντα
1335 1073 1384 1100 καὶ
1406 1073 1534 1107 Ποιητήν·
1561 1071 1655 1107 ἐπειδὴ
1671 1071 1700 1098 δὲ
1714 1071 1830 1105 γέγονεν

183 1123 292 1146 «νοωιει
306 1119 425 1154 gentium
443 1119 628 1152 multitudine,
645 1123 674 1146 et
688 1120 793 1147 cunctis
812 1127 872 1148 eum
888 1121 934 1156 qui
950 1122 982 1149 de

1045 1119 1177 1156 ἱνθρωπος
1194 1119 1209 1145 6
1224 1118 1370 1154 μονογενὴς
1384 1117 1432 1144 τοῦ
1448 1117 1515 1144 Θεοῦ
1532 1117 1628 1151 Λόγος,
1648 1117 1829 1152 πεπλήρωται

198 1164 275 1192 nobis
294 1169 321 1192 et
343 1172 391 1199 pro
409 1165 486 1192 nobis
501 1165 600 1198 factus,
616 1169 658 1192 est
678 1166 863 1199 adorantibus,
881 1167 982 1202 quique

1045 1166 1085 1200 τῆς
1103 1165 1182 1200 δόξης
1196 1164 1278 1191 αὑτοῦ
1304 1164 1378 1190 πᾶσα
1397 1162 1442 1198 γῆ.
1470 1161 1582 1197 Κάμψει
1604 1162 1659 1197 γὰρ
1671 1162 1751 1197 αὺτῷ
1764 1161 1828 1188 ’πᾶν

196 1219 244 1246 per
261 1211 379 1246 seipsum
397 1215 488 1238 manet
503 1219 584 1246 supra
596 1212 698 1239 omnia.

1045 1212 1111 1246 {6vu,
1124 1211 1172 1238 καὶ
1189 1212 1264 1238 πᾶσα
1279 1210 1359 1245 φυλὴ,
1375 1210 1423 1236 καὶ
1433 1209 1554 1244 γλῶσσαι
1571 1208 1826 1247 ὲξομολογήσονται,

195 1258 243 1284 καὶ
275 1257 349 1292 αὐτῷ
374 1256 563 1288 δουλεύσουσι.
604 1257 674 1284 κατὰ
712 1258 742 1284 τὸ
776 1258 977 1294 γεγραμμένον.
1012 1256 1256 1293 Προανακεκράγει
1274 1256 1303 1282 δὲ
1329 1255 1377 1281 καὶ
1405 1253 1484 1281 τοῦτο
1507 1255 1522 1280 6
1537 1253 1671 1289 μακάριος
1696 1254 1781 1280 Δασὶδ
1800 1256 1827 1280 ὲν

198 1304 346 1339 πνεύματι·
360 1303 412 1338 ἔφη
425 1303 489 1338 γάρ’
504 1313 513 1329 ι
535 1303 627 1330 Πάντα
639 1303 673 1330 τὰ
688 1303 751 1339 ἔθνη
769 1304 819 1331 ὅσα
842 1304 992 1340 ἐποίησας,
1022 1303 1129 1339 ἥξουσι,
1147 1303 1195 1329 καὶ
1209 1302 1445 1342 προσκυνήσουσιν
1465 1299 1579 1327 ἐνώπιόν
1607 1309 1666 1332 σου,
1694 1300 1794 1336 Κύριε.
1814 1311 1823 1326 ι

196 1348 281 1376 Τοῦτό
295 1358 336 1376 τοι
349 1348 503 1375 τετέλεσται
517 1348 688 1384 κεκλημένης
707 1349 756 1384 τῆς
790 1349 819 1382 ἐξ
851 1349 936 1375 ἐθνῶν
952 1348 1082 1384 πληθύος·
1110 1347 1157 1374 καὶ
1180 1344 1406 1382 προσκυνούντων
1421 1344 1550 1372 ἁπάντων
1566 1344 1606 1379 τῷ
1620 1344 1655 1370 δι’
1676 1344 1754 1380 ἡμᾶς
1769 1346 1827 1372 καθ’

189 1397 277 1432 ,ἡμᾶς
303 1396 459 1431 γενομένῳ,
491 1397 658 1432 μεμενηκότι
685 1397 714 1424 δὲ
743 1397 778 1423 δι’
805 1397 902 1424 ἐαυτὸν
931 1397 1002 1433 ὑπὲρ
1019 1397 1117 1424 πάντα.

234 1441 314 1476 ιοᾰ
327 1441 410 1468 Vsus.
426 1441 453 1468 4.
473 1440 609 1468 Είευαιιιηι
626 1447 662 1469 est
678 1442 876 1476 superliminare
895 1451 910 1470 a
925 1451 983 1471 voce

187 1496 247 1522 qua
261 1486 420 1519 clamabant,
433 1492 455 1514 et
469 1487 562 1514 domu:
580 1487 676 1522 repleta
690 1493 727 1514 est
741 1488 822 1523 Iunio.

232 1532 434 1567 Contemplatus
460 1537 502 1560 est
518 1533 590 1560 enim
611 1533 740 1568 propheta
764 1534 906 1561 Dominum
931 1535 983 1562 Sn-

194 1578 278 1606 baoth
296 1579 434 1605 sedentem
461 1578 487 1605 itt
505 1578 573 1606 solio
590 1579 663 1607 celso
687 1585 714 1607 et
728 1580 848 1612 elevato,
866 1581 982 1608 circum-

197 1623 330 1650 stantibus
357 1623 474 1658 undique
502 1624 604 1651 sanctis
631 1623 784 1658 Seraphim,
811 1629 838 1652 et
863 1625 985 1653 laudibus

194 1669 334 1697 continuis
352 1676 413 1696 eutn
438 1669 700 1704 percelebrantibus.
728 1669 879 1697 Allirmavit
902 1672 983 1698 etiam

198 1716 307 1742 domum
329 1715 413 1742 fuisse
432 1715 539 1749 plenam
555 1715 638 1749 gloria
652 1715 720 1748 ejus.
738 1714 814 1742 Nunc
832 1723 896 1744 vero
908 1724 984 1744 com-

198 1765 299 1788 motum
315 1767 375 1788 esse
396 1761 461 1787 dicit
487 1760 714 1794 superlimiuare,
739 1766 766 1788 et
786 1761 893 1789 domum
911 1761 985 1790 l‘umo

197 1806 344 1840 oppletam,
357 1807 436 1840 idque
447 1806 525 1840 quasi
542 1813 557 1832 a
572 1813 638 1833 voce
652 1827 659 1838 ,
677 1815 729 1841 qua
743 1808 828 1835 sancti
843 1807 984 1844 Seraphim

198 1853 357 1880 clamarunt.
375 1852 501 1887 Nunquid
522 1860 586 1888 ergo
612 1860 706 1880 vocem
729 1854 850 1882 dicemus
875 1862 985 1882 causam

199 1898 283 1925 fuisse
309 1905 404 1926 eorutn
428 1906 488 1933 quae
514 1899 540 1925 in
571 1899 651 1925 domo
667 1899 843 1927 acciderunt?
859 1900 939 1935 Atqui
959 1902 985 1928 id

197 1945 298 1971 sentire
309 1964 317 1977 ,
333 1944 398 1978 quid
419 1944 446 1970 ni
461 1944 497 1971 sit
512 1944 588 1971 valde
602 1945 741 1977 ineptum?
754 1946 875 1979 Quonam
903 1947 986 1982 igitur

198 1995 276 2024 pacto
292 1989 387 2016 horum
398 1990 541 2016 verborum
558 1990 767 2024 intelligentiam
788 1993 985 2026 assequemur?

198 2034 304 2069 Optitue
326 2038 355 2061 et
375 2035 521 2069 sapienter.
538 2035 608 2061 Ante
625 2035 778 2062 Servatoris
804 2036 888 2062 nostri
905 2036 985 2063 inhu-

199 2080 381 2107 manationem
395 2085 422 2107 et
434 2079 592 2112 adventum,
610 2081 672 2108 dum
685 2081 772 2108 adhuc
789 2080 871 2108 Israel
889 2089 986 2109 secun-

199 2127 262 2153 dum
279 2126 364 2161 legem
381 2125 512 2154 inollense
525 2131 552 2152 et
563 2126 698 2161 inculpate
715 2127 798 2154 vitam
820 2127 983 2161 institueret,

199 2171 354 2206 percelcbre
380 2171 445 2199 illud
463 2172 609 2206 templum,
631 2173 703 2207 quod
726 2172 920 2210 Hierosolymis
935 2182 985 2202 ex-

199 2217 298 2245 struxit
314 2217 461 2250 Solomon,
478 2218 562 2252 gloria
586 2218 676 2245 divina
697 2219 862 2254 replebatur.
875 2219 943 2248 Nam
958 2221 984 2248 in

198 2271 232 2291 eo
250 2263 443 2290 sacriﬁcabant
465 2271 497 2290 ex
525 2263 590 2296 legis
606 2264 773 2299 praescripto.
790 2265 922 2293 Caeterum
940 2267 983 2294 ubi

199 2311 233 2337 de
247 2309 324 2337 uelis
338 2309 491 2337 venientem
508 2310 534 2336 in
550 2310 665 2336 humana
681 2309 778 2343 forma,
793 2316 820 2338 et
834 2319 867 2339 ex
886 2312 944 2348 lege
958 2317 984 2340 et

199 2355 339 2390 prophetis
363 2355 537 2390 przedicatum
572 2362 624 2382 non
651 2362 826 2391 receperunt,
850 2358 904 2385 into
923 2358 985 2385 vitae

199 2401 347 2436 principem
361 2401 416 2428 vita
436 2401 593 2436 privarunt,
611 2401 755 2437 dereliquit
769 2403 877 2430 domum
895 2411 983 2437 suam,

199 2447 385 2475 Itacreditatem
394 2453 471 2474 suam
487 2447 601 2474 dimisit.
621 2447 734 2476 Divertit
748 2450 819 2476 enim
835 2450 868 2476 ad
880 2454 982 2484 gentes,

196 2499 223 2520 et
233 2493 323 2520 omnis
338 2498 410 2520 terra
425 2493 510 2528 gloria
527 2494 585 2528 ejus
597 2494 707 2529 impleta
729 2500 780 2527 est.
795 2495 868 2530 regio
879 2495 984 2524 Iudaeo-

199 2547 258 2566 rum
282 2539 309 2566 in
325 2539 480 2567 vastitatem
500 2540 607 2568 redacta
627 2545 683 2572 est,
700 2541 883 2576 templumque
898 2542 985 2577 ipsum

199 2586 350 2613 incensum.
367 2585 481 2619 Quando
497 2586 579 2621 igitur
595 2586 672 2621 juxta
694 2587 862 2620 prophetiant
877 2592 904 2614 et
919 2595 987 2622 prte‘

199 2631 362 2664 dietionem,
380 2639 444 2659 voce
470 2637 628 2659 sanctorum
656 2631 797 2666 Seraphitn
821 2632 926 2666 impleta
944 2638 988 2660 est

200 2675 325 2703 universa
341 2682 413 2703 terra
442 2677 583 2710 majestate
597 2678 673 2712 ejus,
692 2682 755 2704 tunc
780 2677 987 2712 superliminare

201 2723 294 2758 templi
306 2729 470 2750 eouunotum
480 2728 531 2755 est,
546 2722 672 2757 fumoque
683 2723 821 2757 impletum
832 2728 883 2752 est.
894 2725 986 2759 Itaque

203 2769 264 2802 hoc,
278 2778 287 2794 ι
300 2769 322 2795 Δ
332 2777 398 2796 voce
411 2777 463 2804 qua
476 2768 657 2803 clamabant,»
673 2770 800 2804 temporis
811 2769 987 2806 signiﬁcatio-

201 2822 263 2843 nem
295 2815 375 2842 habet
392 2823 398 2841 :
427 2821 477 2842 nec
501 2822 612 2849 prorsus
627 2815 774 2850 doxologiae
802 2823 870 2851 opus
887 2820 928 2844 est
944 2816 985 2844 vel

236 2892 258 2910 "
271 2891 342 2920 Psal.
358 2898 454 2918 ωιτν.
469 2891 495 2918 8.

1073 1442 1127 1470 Kal
1141 1441 1256 1475 ἐπήρθη
1271 1440 1303 1466 τὸ
1320 1440 1490 1474 ὑπέρθυρον
1508 1439 1568 1466 ἀπὸ
1592 1438 1646 1472 τῆς
1665 1438 1771 1473 φωνῆς
1792 1438 1826 1474 ἧς

1035 1488 1207 1522 ἐκέκρατον,
1225 1485 1276 1513 καὶ
1297 1487 1314 1512 ό
1327 1484 1411 1518 οἴκος
1433 1485 1572 1518 ἐπλήσθη
1589 1485 1718 1512 καπνοῦ.

1071 1533 1204 1560 Τεθέαται
1217 1532 1266 1567 μὲν
1278 1531 1332 1566 γὰρ
1348 1532 1363 1557 6
1379 1532 1520 1566 προφήτης
1531 1531 1576 1557 τὸν
1593 1531 1695 1566 Κύριον
1711 1531 1823 1558 Σαϐαὼθ

1036 1579 1192 1615 καθήμενον
1216 1578 1263 1604 ἐπὶ
1278 1577 1374 1613 θρόνου
1393 1577 1496 1612 ὑψηλοῦ
1512 1577 1559 1604 καὶ
1579 1577 1750 1613 ἐπηρμένου,
1779 1587 1824 1604 πε-

1037 1627 1219 1665 ριεστηκότων
1244 1626 1274 1652 ἐν
1292 1625 1384 1660 κύκλῳ
1402 1625 1457 1651 τῶν
1482 1625 1568 1658 ἁγίων
1598 1625 1754 1660 Σεραφεὶμ,
1781 1627 1824 1652 καὶ

1037 1673 1236 1708 ἁκαταλήκτοις
1260 1670 1423 1704 δοξολογίαις
1447 1670 1642 1705 εὐφημούντων
1662 1670 1756 1697 αὐτόν.
1784 1671 1824 1696 Δι-

1037 1718 1193 1747 εὸεεαιοῦτο
1208 1717 1247 1749 ἃ,
1266 1717 1307 1743 ὅτι
1329 1716 1435 1752 πλήρης
1448 1717 1462 1743 6
1473 1714 1546 1747 οἶκος
1569 1716 1618 1751 τῆς
1629 1715 1708 1751 δόξης
1733 1717 1822 1743 αὑτοῦ.

1036 1766 1092 1792 Νῦν
1111 1765 1140 1792 δὲ
1164 1762 1282 1799 ὲπῆρθαί
1306 1769 1372 1798 φησι
1393 1762 1424 1788 τὸ
1451 1762 1614 1798 ὑπέρθυρον,
1634 1762 1824 1797 ἐμπεπλῆσθαι

1035 1811 1063 1837 δὲ
1078 1811 1125 1837 καὶ⁸
1140 1810 1185 1836 τὸν
1200 1807 1273 1835 οἷκον
1297 1807 1412 1840 καπνοῦ,
1432 1807 1478 1834 καὶ
1494 1807 1547 1834 ἀπό
1562 1815 1593 1842 γε
1611 1807 1661 1842 τῆς
1678 1809 1772 1841 φωνῆς
1794 1805 1824 1843 ἧς

1035 1856 1186 1891 ὲκέκραγον
1205 1855 1239 1881 τὰ
1259 1854 1325 1888 am
1335 1853 1482 1889 Σεραφείμ.
1498 1850 1561 1888 'Ap'
1577 1850 1624 1879 οὖν
1646 1852 1765 1888 ἐροῦμεν
1779 1853 1824 1888 τὴν

1036 1902 1126 1938 φωνὴν
1141 1901 1230 1928 αἰτίαν
1244 1900 1374 1935 γενέσθαι
1387 1899 1441 1926 τῶν
1464 1898 1675 1934 συμὸεὸηκότων
1688 1899 1728 1934 τῷ
1742 1899 1822 1934 οῐκῳς

1036 1948 1131 1974 Καίτοι
1157 1947 1216 1978 πῶς
1240 1947 1270 1972 οὐ
1295 1945 1397 1981 σφόδρα
1424 1945 1498 1971 ἐστὶν
1525 1944 1641 1976 ἀκαλλὲς
1663 1944 1695 1970 τὸ
1718 1946 1822 1980 φρονεῖν

1036 1993 1142 2020 ἑλέσθαι
1158 1992 1253 2023 tanti;
1276 1991 1343 2018 Τίνα
1363 1990 1396 2026 δὴ
1420 1988 1467 2016 οὖν
1483 1991 1583 2026 τρόπον
1605 1991 1665 2021 ταῖς
1688 1989 1742 2016 τῶν
1757 1998 1822 2024 προσ

1036 2039 1170 2075 κειμένων
1197 2037 1402 2073 προσϐαλοῦμεν
1420 2036 1552 2068 ὲννοίαις;
1581 2036 1698 2071 Ἀριστά
1725 2045 1755 2062 τε
1779 2037 1822 2062 καὶ

1036 2086 1137 2120 σοφῶς.
1156 2085 1213 2119 Πρὸ
1231 2084 1280 2119 μὲν
1291 2084 1340 2118 τῆς
1353 2083 1400 2110 τοῦ
1417 2083 1542 2119 Σωτῆρος
1555 2082 1633 2118 ήμῶν
1650 2082 1823 2117 ὲνανθρωπή-

1037 2140 1105 2164 σεως
1119 2131 1165 2158 καὶ
1180 2129 1336 2164 ἐπιδημίας,
1352 2129 1392 2156 ἐτι
1406 2129 1456 2164 τὴν
1472 2129 1500 2155 ἐν
1511 2129 1586 2163 νόμῳ
1602 2127 1740 2154 πολιτείαν
1754 2129 1822 2155 ἀκω-

1035 2178 1122 2208 λύτως
1134 2185 1164 2202 τε
1187 2176 1234 2203 καὶ
1255 2175 1465 2210 ἀνεπιπλήκτως
1481 2174 1619 2205 διέποντος
1634 2173 1681 2200 τοῦ
1705 2174 1821 2210 Ἰσραὴλ,

1036 2223 1143 2258 πλήρης
1155 2219 1188 2257 ἦν
1202 2223 1217 2248 ό
1235 2221 1375 2257 διαϐόητος
1392 2221 1495 2252 ἐκεῖνος
1506 2220 1574 2252 νεὼς
1590 2221 1619 2246 ἐν
1634 2221 1690 2252 τοῖς
1714 2219 1821 2256 Ἰεροσον

999 2285 1025 2314 D
1036 2269 1132 2304 λύμοις
1148 2268 1177 2294 ὃν
1191 2266 1317 2302 Σολομὼν
1332 2266 1493 2300 ἀνεδείματο
1513 2267 1562 2301 τῆς
1576 2265 1654 2300 δόξης
1677 2265 1725 2292 τοῦ
1747 2266 1820 2292 Θεοῦ.

1043 2314 1201 2342 Ἐπετέλουν
1224 2313 1278 2349 γὰρ
1301 2314 1330 2339 ὲν
1354 2311 1429 2348 αὐτῷ
1453 2312 1502 2344 τὰς
1524 2311 1593 2338 κατὰ
1617 2312 1700 2347 νόμον
1719 2312 1820 2344 θυσίας.

1044 2358 1153 2393 Ἐπειδὴ
1168 2358 1197 2384 δὲ
1220 2357 1265 2384 τὸν
1280 2357 1310 2390 ἐξ
1327 2355 1442 2392 οὐρανοῦ
1462 2356 1611 2391 ἀφιγμένον
1628 2356 1656 2382 ὲν
1665 2354 1820 2391 ἀνθρωπιία

1040 2406 1140 2440 μορφῇ,
1159 2404 1206 2431 καὶ
1221 2403 1265 2430 διὰ
1288 2403 1371 2438 νόμου
1388 2403 1434 2429 καὶ
1456 2401 1603 2437 προφητῶν
1618 2402 1822 2437 κεκηρυγμένον

1037 2451 1068 2477 οὺ
1099 2450 1288 2485 προσήκαντο,
1323 2448 1422 2483 μᾶλλον
1448 2448 1475 2474 δὲ
1502 2448 1550 2474 καὶ⁵
1581 2447 1748 2474 ἀπεκτόνασι
1781 2448 1822 2473 τὸν

1038 2496 1158 2532 ἀρχηγὸν
1183 2496 1232 2530 τῆς
1259 2494 1343 2530 ζωῆς.
1368 2495 1530 2528 ἐγκατέλιπε
1556 2494 1601 2520 τὸν
1626 2492 1700 2521 οἷκον
1732 2494 1820 2522 αὑτοῦ.

1038 2541 1126 2576 ἀφῆκε
1145 2541 1194 2574 τὴν
1206 2540 1386 2575 κληρονομίαν
1401 2539 1494 2566 αὑτοῦ.
1518 2539 1695 2566 Ἀπονένευκε
1719 2539 1774 2575 γὰρ
1786 2540 1820 2570 εἰς

1038 2587 1071 2612 τὰ
1089 2586 1163 2621 ἔθνη,
1179 2585 1226 2612 καὶ
1242 2584 1419 2620 πεπλήρωται
1443 2584 1492 2620 μὲν
1507 2585 1581 2612 πᾶσα
1598 2586 1614 2620 ή
1634 2585 1668 2619 γῆ
1683 2585 1733 2620 τῆς
1749 2585 1821 2620 δόξης

1019 2651 1026 2655 ς
1037 2632 1130 2659 αὐτοῦ.
1150 2631 1329 2667 Παραδέδοται
1345 2631 1373 2658 δέ
1397 2631 1451 2657 τῶν
1475 2631 1608 2657 Ἰουδαίων
1623 2631 1639 2665 ἡ
1656 2631 1735 2666 χώρα
1759 2632 1821 2667 πρὸς

1039 2679 1189 2713 ἐρήμωσιν,
1206 2676 1398 2712 ὲμπέπρησται
1412 2676 1440 2703 δὲ
1467 2677 1512 2703 καὶ
1534 2676 1614 2708 αὐτὸς
1627 2677 1642 2702 6
1664 2676 1743 2708 νεώς.
1763 2678 1820 2703 Ὅτε

1037 2723 1126 2749 τοίνυν
1141 2723 1210 2749 κατά
1231 2731 1262 2756 γε
1278 2722 1326 2758 τὴν
1347 2722 1514 2758 προφητείαν
1527 2723 1611 2756 ήγουν
1628 2722 1819 2758 προαγόρευσιν

1040 2770 1098 2804 ήτοι
1122 2769 1213 2804 φωνὴν
1234 2769 1287 2796 τῶν
1304 2769 1388 2802 ἁγίων
1413 2769 1551 2805 Σεραφεὶμ
1567 2768 1690 2803 ἐπλήσθη
1714 2769 1786 2795 πᾶσα
1805 2769 1819 2803 ἡ

1039 2816 1075 2850 γῆ
1088 2816 1138 2851 τῆς
1153 2815 1230 2850 δόξης
1250 2814 1342 2848 αὐτοῦ,
1357 2815 1416 2843 τότε
1439 2814 1544 2843 ἐπήρθη
1565 2815 1595 2841 τὸ
1611 2814 1767 2850 ὑπέρθυρον
1778 2814 1818 2841 τοῦ
