1887 3054
76 161 116 191 iii
666 172 698 200 ΓΝ
719 173 834 201 lSAlAM
853 175 868 202 Ι.

936 175 956 203 Ι.
973 175 1075 204 ΟΒᾹΤ.
1098 176 1138 205 Π.

1658 183 1707 210 1⁵78

78 219 144 272 me:
161 221 209 272 κῗὶ
224 222 387 261 ἐνεπλήσθη
404 227 516 255 καπνοῦ.
537 229 642 257 Οὐκοῦν
657 232 698 262 τὸ,
717 242 725 257 r
744 233 797 259 ἀπὸ
820 234 868 268 τῆς

933 232 1042 261 ﬂectus.
1075 234 1245 262 Commotum
1275 240 1366 263 autem
1393 243 1453 264 esse
1486 237 1703 272 superliminlre,

80 267 162 302 φωνῆς
172 265 206 304 ἧς
215 270 387 306 ἑκέκραγον,
403 283 412 298 ι
429 273 525 308 χρόνον
542 275 643 310 μᾶλλόν
657 278 716 304 ἐστι
733 265 864 314 σημαντί·

79 313 130 345 κον,
141 315 200 349 οὐχὶ
213 315 245 351 δὴ
258 317 373 350 πάντως
386 319 436 354 τῆς
448 319 600 354 δοξολογίας
616 321 697 357 ἔργον
712 324 758 350 καὶ
772 324 869 351 ἀποτέ-

78 366 169 396 Αεσμα.
176 361 310 397 Σημαίνει
318 363 359 398 δὲ,
369 361 455 400 οἶμαι,
461 365 501 398 τὸ,
507 376 516 392 ι
522 366 590 402 Ἐπή
595 367 645 402 ρθη
652 368 682 394 τὸ
689 369 850 404 ὑπέρθυρον,
858 380 866 394 ι

78 405 105 453 το
116 407 330 444 καταλελεῖφθαι
344 411 391 438 τὸν
404 414 474 441 ναόν.
491 415 550 442 Ὅτι
563 415 591 442 δὲ
601 417 648 442 καὶ
662 417 867 453 ἐμπέπρησται.

78 451 106 498 τὸ
113 453 311 489 ἐμπεπλῆσθαι
321 456 411 491 λέγειν
420 459 500 487 αὐτὸν
508 460 622 487 καπνοῦ.
635 462 666 488 Ei
675 462 701 488 δὲ
714 462 746 498 δή
810 463 870 498 βού-

77 497 146 525 λοιτο
165 499 214 526 καὶ
230 500 294 527 καθ’
309 501 404 538 ἓτερον
418 505 517 538 τρόπον
528 505 563 531 τὰ
575 506 664 533 τοιάδε
676 508 757 537 νοεῖν,
773 508 818 534 καὶ
836 508 870 534 τὰ

77 544 146 570 κατὰ
159 545 262 578 παντὸς
277 547 323 573 τοῦ
334 548 388 574 τῶν
404 549 538 576 Ἰουδαίων
551 551 644 583 ἔθνους
654 553 810 588 πεπρᾶχθαι
824 553 867 580 λέ-

76 598 134 622 γειν
148 590 221 618 αὺτά
231 593 345 626 νοητῶς,
358 594 408 620 οὐκ
418 594 451 621 ἂν
466 595 584 631 ἁμάρτοι
598 596 645 624 τοῦ
663 598 813 632 πρέποντος
827 599 869 625 λο-

75 636 187 670 γισμοῦ.
205 637 271 664 Ὅτε
281 638 336 674 γὰρ
350 641 399 674 τῆς
414 640 460 667 τοῦ
472 641 599 677 Σωτῆρος
609 643 687 678 ἡμῶν
697 643 774 679 δόξης
785 644 869 679 ἐπλή-

76 680 126 715 σθη
152 682 265 718 πᾶσαή
288 684 322 718 γῆ
346 685 521 720 κεκλημένων
536 686 579 713 διὰ
611 688 659 722 τῆς
676 687 792 719 πίστεως
816 688 870 714 τῶν

74 725 171 759 ἐθνῶν,
181 727 244 754 τότε
255 728 305 763 τῆς
314 729 446 756 Ἰουδαίων
460 730 578 764 διανοίας
586 733 661 759 πᾶσα
677 733 726 768 μὲν
737 733 869 768 ἀσφάλεια

74 771 186 799 λέλυται
201 776 383 811 πνευματική.
401 776 513 804 Καπνοῠ
524 777 552 804 δὲ
562 778 641 814 δίκην
653 779 677 805 oi
688 779 810 812 τάλανες,
820 779 869 815 τὴν

74 818 105 844 ἐκ
122 818 173 853 τῆς
187 818 311 853 ἀμαθίας
326 820 411 856 ἀχλὺν
426 822 553 854 λαϐόντες
568 824 608 855 εὶς
629 824 691 851 νοῦν
712 824 808 859 τυφλοὶ
822 833 868 860 γε-

72 864 169 898 γόνασι
194 866 309 901 νοητῶς.
334 867 468 903 Ταύτῃτοι
491 869 536 895 καὶ
561 871 575 896 ό
594 870 688 907 Σωτὴρ
709 872 800 904 αὐτοῖς
816 873 867 898 ὲπ-

921 279 1058 315 signiilcat
1070 300 1077 314 ,
1093 285 1122 308 ut
1137 281 1242 315 opinor,
1270 281 1378 310 dissolvi
1397 282 1525 317 templum
1544 282 1707 310 vincensum

921 327 983 353 item
1005 334 1077 361 esse,
1090 334 1124 355 ex
1143 335 1175 355 eo
1190 328 1261 362 quod
1278 328 1381 363 impleri
1402 328 1476 356 fumo
1494 328 1576 362 dicat,
1597 328 1702 363 perspi-

920 379 999 399 cuum
1025 377 1076 399 est.
1093 372 1141 400 Sin
1156 373 1270 401 voluerit
1287 375 1347 409 quis
1367 375 1421 402 alio
1435 375 1514 402 modo
1533 376 1590 402 haec
1608 373 1693 401 intelli

920 425 1000 452 gere,
1019 422 1048 445 et
1070 418 1103 446 de
1117 419 1189 445 omni
1209 423 1288 454 gente
1317 419 1428 448 Iudaica
1456 428 1488 448 ea
1504 420 1711 455 intelligibiliter

921 462 1039 496 perfecta
1053 470 1115 490 esse
1130 463 1239 496 dixerit,
1254 472 1268 491 a
1284 471 1357 493 recta
1378 466 1483 493 ratione
1497 473 1551 494 non
1568 467 1708 493 exorbita-

920 508 999 537 verit.
1017 508 1155 543 Siquidem
1172 518 1232 537 cum
1246 510 1398 538 Servatoris
1412 513 1496 539 nostri
1515 512 1600 547 gloria
1615 513 1705 540 omnis

920 559 991 582 terra
1009 555 1109 588 repleta
1121 561 1202 587 esset,
1222 557 1324 585 vocatis
1340 566 1387 592 per
1401 558 1482 585 iidem
1499 559 1632 593 gentibus,
1652 564 1708 586 tum

920 599 1073 627 Judarorum
1103 602 1186 628 animi
1203 603 1236 629 de
1261 604 1333 629 omni
1349 603 1482 637 spirituali
1499 603 1648 632 securitate
1676 611 1708 631 ac

921 645 1115 679 tranquillitate
1131 646 1224 674 dimoti
1244 655 1275 675 ac
1291 647 1386 681 dejecti
1411 653 1491 682 sunt,
1515 655 1547 675 ac
1560 648 1587 675 in
1603 655 1706 675 morem

921 689 997 723 fumi,
1019 691 1115 718 nebula
1136 692 1312 727 ignorationis
1336 694 1361 720 in
1379 694 1498 721 animum
1528 694 1707 724 intromissa,

920 737 1012 764 miseri
1039 738 1161 766 homines
1185 739 1250 766 caeci
1280 739 1359 774 105
1387 739 1497 767 fuerunt
1519 739 1708 775 intelligentia.

921 782 989 810 Hinc
1018 787 1046 810 ct
1091 783 1218 811 Servator
1256 785 1381 812 clamavit
1417 785 1503 813 illis:
1539 794 1549 810 ι
1576 784 1697 818 Quandin

920 827 1006 856 lucem
1031 829 1137 857 habetis
1148 851 1155 864 ,
1171 830 1306 858 ambulate
1322 831 1349 858 in
1375 831 1452 863 luce,
1467 839 1500 859 ne
1526 831 1645 858 tenebrae
1661 838 1709 857 vos

920 879 1054 909 occupent
1071 875 1103 902 ".
1123 885 1132 901 ›
1149 875 1303 904 Judaorum
1324 881 1412 904 autem
1431 883 1535 904 mentes
1549 876 1666 904 lubricas
1679 880 1707 903 et

72 910 176 945 εφώνει
189 911 278 946 λέγων
287 920 294 928 ·
307 922 316 939 1
330 913 403 945 "Eoo;
417 915 448 941 τὸ
467 915 525 949 φῶς
540 915 627 950 ἔχετε,
644 919 818 953 περιπατεῖτε
839 920 868 944 ἐν

933 920 1013 948 abiles
1033 928 1110 955 esse,
1130 929 1162 949 ac
1177 923 1250 949 omni
1263 924 1354 956 generi
1371 924 1605 958 perturbationum
1620 923 1704 950 obno-

72 957 110 992 τῷ
124 958 208 992 (puni.
226 959 270 985 ἵνα
292 959 329 995 μὴ
348 961 364 995 ή
387 961 481 987 σκοτία
496 962 568 997 ὑμᾶς
587 963 738 999 καταλάϐῃ.
761 973 770 989 ι
791 964 823 990 Τί
839 964 868 991 δέ

71 1003 147 1030 lci-etv
170 1005 297 1040 ἀσφαλὴς
321 1006 368 1032 καὶ¹
392 1007 526 1039 εὐάλωτος
546 1008 600 1034 τῶν
622 1009 756 1036 Ἰουδαίων
772 1010 786 1036 ὀ
805 1009 867 1041 νοῦς

921 966 990 999 xias,
1006 973 1058 1000 ope
1068 974 1184 1002 superna
1201 967 1354 1001 destitutas,
1367 969 1461 1004 ecquis
1478 970 1586 996 tandem
1603 972 1644 995 est
1660 967 1705 1002 qui

920 1010 1060 1044 ambigat?

70 1049 141 1084 πρὸς
161 1050 219 1075 πᾶν
230 1049 320 1076 ὁτιοῦν
335 1051 389 1077 τῶν
403 1051 498 1079 παθῶν
520 1053 680 1088 ἐπικουρίας
699 1053 749 1088 τῆς
780 1054 883 1081 ἀνωθεν
897 1054 1000 1090 ἔρημος
1028 1055 1077 1088 ὢν,
1100 1056 1158 1088 πῶς
1179 1057 1211 1083 ἂν
1235 1057 1382 1084 ἐνδοιάσειέ
1405 1067 1446 1090 τις
1472 1058 1525 1085 τῶν
1548 1056 1577 1084 εὖ
1601 1058 1710 1092 φρονεῖ·

70 1093 209 1120 εἰωθότων
220 1103 228 1127 ;

105 1142 162 1168 Kal
190 1140 273 1175 εἶπα,
298 1140 331 1170 Ὦ
348 1144 441 1178 τάλας
463 1145 536 1180 ἐγὼ,
564 1146 608 1173 ὅτι
635 1147 867 1181 κατανένυγμαι.

70 1188 116 1215 ὅτι
141 1188 303 1222 ἅνθρωπος
334 1189 394 1222 ὢν,
416 1191 465 1218 καί
490 1191 642 1225 ἀκάθαρτα
666 1193 753 1227 χείλη
779 1193 867 1228 ἔχων,

68 1233 104 1259 ἐν
113 1233 205 1267 μέσῳ
218 1233 298 1261 λαοῦ
313 1234 465 1269 ἀκάθαρτα
483 1237 571 1271 χείλη
583 1237 707 1271 ἔχοντος
718 1238 775 1272 ἐγὼ
786 1237 867 1265 οίκῶ·

70 1278 121 1304 καὶ
154 1279 212 1305 τὸν
237 1279 371 1311 βασιλέα
398 1281 509 1315 Κύριον
540 1282 662 1310 Σαϐαὼθ
690 1280 775 1310 εἶδον
806 1282 869 1316 τοῖς

71 1323 254 1358 ὀφθαλμοῖς.

114 1369 145 1397 ὐ
159 1370 207 1397 διὰ
226 1369 273 1397 τοῦ
297 1371 435 1406 πανσόφου
449 1371 571 1404 Μωσέως
585 1373 752 1408 προστέταχε
776 1373 869 1408 νόμος,

76 1416 113 1451 μὴ
138 1417 393 1452 συναναμίγνυσθαι
417 1419 472 1449 τοῖς
495 1418 582 1453 ἁγίοις
602 1419 647 1446 τὸν
672 1419 795 1455 βέϐηλον,
821 1420 869 1446 καὶ

75 1460 162 1497 πολλή
186 1469 231 1493 τις
253 1461 323 1496 ἄγαν
340 1463 358 1498 ἡ
382 1463 543 1498 ὲπιτήρησις
562 1463 637 1499 παρὰ
652 1465 709 1495 τοῖς
733 1464 870 1495 Ἰουδαίοις

75 1509 105 1533 ὲν
121 1508 241 1540 τούτοις.
257 1509 313 1536 Καὶ
326 1509 389 1544 γοῦν
403 1511 458 1542 τοῖς
472 1510 560 1544 ἁγίοις
576 1510 735 1542 ἀποστόλοις
749 1510 870 1538 ἀλιεύου-

955 1145 1035 1173 Vens.
1050 1146 1075 1173 5.
1095 1145 1129 1172 Et
1142 1147 1208 1179 dixi,
1222 1147 1244 1172 0
1257 1155 1297 1174 me
1309 1148 1432 1174 miserum
1443 1167 1450 1179 ,
1466 1149 1527 1183 quia
1539 1154 1710 1184 compunctus

917 1198 974 1217 sum
987 1190 1068 1225 :quia
1079 1199 1137 1216 cum
1150 1191 1226 1218 homo
1241 1192 1290 1218 sim
1300 1212 1307 1223 ,
1321 1196 1346 1219 et
1360 1192 1497 1220 immunda
1513 1193 1584 1220 labia
1600 1194 1708 1226 habent.

917 1235 945 1262 in
957 1236 1042 1262 medio
1060 1235 1150 1270 populi
1161 1236 1299 1264 immunda
1319 1237 1390 1265 labia
1406 1239 1525 1266 habeulir
1539 1248 1584 1275 ego
1601 1241 1709 1268 habito:

918 1287 941 1308 et
968 1289 1052 1313 reqem
1067 1281 1208 1309 Dominum
1221 1282 1340 1310 Sabaoth
1351 1284 1403 1311 vidi
1415 1284 1498 1313 oculis
1515 1287 1590 1313 nteit.

957 1370 1012 1398 Lex
1028 1378 1076 1406 per
1091 1370 1183 1398 Mosen
1201 1372 1431 1406 sapientissimum
1454 1374 1558 1407 sanxit,
1580 1374 1709 1409 profanus

922 1424 983 1444 cum
1002 1417 1101 1444 sanctis
1114 1425 1147 1444 ne
1162 1418 1258 1446 habeto
1275 1420 1480 1451 commercium,
1497 1421 1579 1454 inque
1596 1428 1628 1447 eo
1637 1422 1708 1455 apud

921 1463 1027 1492 Judteos
1044 1473 1148 1493 summa
1175 1470 1234 1492 erat
1263 1465 1427 1493 observatio.
1455 1466 1569 1493 Sanctos
1602 1474 1709 1501 quoque

921 1510 1057 1545 aposmlos
1082 1510 1139 1546 jam
1170 1511 1305 1545 piscantes
1326 1510 1459 1537 allocutus
1481 1515 1522 1538 est
1551 1511 1682 1539 Dominus
1701 1520 1708 1538 :

76 1563 118 1581 σιν
135 1555 177 1581 ἑτι
197 1555 369 1591 προσεφώνει
389 1555 476 1590 λέγων
495 1556 510 1582 ό
523 1556 640 1592 Κύριος·
665 1557 822 1584 «Χαλάσατε
837 1558 868 1585 τὰ

933 1557 1080 1589 :Dimittite,
1091 1557 1225 1592 inquiens,
1237 1557 1303 1584 retia
1314 1560 1400 1584 vestra
1413 1557 1446 1584 ad
1457 1561 1596 1591 capturam
1613 1565 1639 1584 :s
1655 1565 1717 1592 quo,

74 1601 174 1628 δίκτυα
198 1602 276 1636 ὑμῶν
291 1603 331 1634 εἰς
349 1603 464 1637 ἄγραν.»
483 1600 520 1629 Οὖ
542 1603 574 1639 δὴ
598 1604 752 1638 γεγονότος,
771 1604 870 1639 ίχθύων

76 1646 126 1680 μὲν
145 1646 252 1681 πλῆθος
276 1647 437 1682 συνείληπτο
460 1647 539 1680 πολὺ,
564 1647 746 1683 τεθαυμακὼς
770 1649 798 1675 δὲ
822 1648 870 1676 τοῦ

74 1690 157 1724 λόγου
169 1693 219 1727 τὴν
233 1692 346 1728 δύναμιν
361 1694 376 1720 ὁ
391 1694 533 1726 θεσπέσιος
542 1694 655 1727 Πέτρος,
674 1704 683 1720 ι
701 1694 870 1730 Προσέπεσε,

75 1737 154 1771 φησὶ,
175 1739 233 1770 τοῖς
256 1739 351 1773 γόνασι
378 1740 425 1767 τοῦ
447 1739 543 1775 Ἰησοῦ,
560 1740 664 1775 λέγων·
685 1739 796 1773 Ἔξελθε
822 1741 871 1768 ἀπ’

77 1782 160 1817 ἐμοῦ,
176 1784 217 1810 ὅτι
232 1784 301 1820 ἀνὴρ
315 1785 476 1821 ἁμαρτωλός
500 1787 570 1821 είμι,
587 1786 684 1821 Κύριε.
704 1795 714 1812 ι
739 1786 808 1813 Ἀλλ’
822 1787 872 1813 οὐκ

76 1828 110 1854 ἂν
122 1830 136 1855 ὁ
153 1829 260 1865 Πέτρος
282 1831 414 1867 ἠθέλησεν
433 1832 560 1859 ἀπελθεῖν
582 1832 629 1859 ἀπ’
645 1833 727 1859 αὑτοῦ
742 1832 788 1859 τὸν
802 1833 871 1869 Χρι-

78 1876 150 1902 στόν.
184 1877 294 1913 Ἐπειδὴ
309 1877 337 1904 δὲ
354 1878 412 1914 ᾔδει
437 1878 483 1905 τὸν
503 1878 552 1905 τοῦ
569 1879 650 1914 νόμου
669 1879 781 1911 σκοπὸν,
797 1879 871 1915 ὡμο-

76 1921 152 1954 λόγει
170 1922 221 1957 μὲν
236 1923 277 1949 ὅτι
297 1923 459 1959 ἁμαρτωλός
473 1925 547 1951 ἐστιν
559 1945 567 1957 ,
593 1925 686 1951 ἐδεδίει
706 1924 735 1951 δὲ
748 1924 787 1960 τῷ
801 1925 871 1961 ἁγίῳ

78 1969 210 1998 συνεῖναι,
237 1969 307 1996 κατὰ
320 1978 350 2003 γε
367 1970 397 1996 τὸ
418 1970 557 2006 κρατῆσαν
574 1971 618 1998 ἀεὶ
632 1970 708 2007 παρὰ
723 1972 779 2003 τοῖς
807 1972 872 1999 Ἰου-

76 2011 163 2044 δαίοις
187 2013 258 2045 ἔθος.
292 2014 456 2050 ’Δφιγμένου
478 2016 506 2042 δέ
529 2025 592 2043 ποτε
614 2016 660 2043 τοῦ
682 2017 800 2052 Χριστοῦ
823 2017 871 2045 καὶ

79 2058 119 2089 εἰς
128 2058 180 2093 τὴν
195 2058 288 2094 χώραν
300 2060 354 2087 τῶν
365 2061 553 2098 Γεργεσηνῶν,
566 2059 626 2089 εῐτα
638 2062 871 2098 τεθεραπευκότος

79 2104 143 2136 τοὺς
159 2106 190 2131 ἐν
201 2107 259 2138 τοῖς
282 2108 425 2142 μνημείοις
439 2108 632 2144 δαιμωνῶντας
644 2108 758 2145 ἀγρίως,
775 2109 871 2135 τεθαυ-

82 2149 186 2185 μάκασι
209 2151 258 2186 μὲν
276 2152 325 2189 τὴν
349 2153 522 2189 θεοσημείαν.
543 2155 614 2190 Ἔφη
636 2155 664 2182 δὲ
684 2156 698 2182 ό
720 2155 869 2186 Ματθαῖος,

78 2198 118 2223 ὅτι
152 2207 162 2223 α
192 2198 271 2224 Πᾶσα
292 2200 308 2232 ἡ
334 2199 413 2231 πόλις
438 2200 548 2236 ἐξῆλθεν
574 2201 614 2232 είς
637 2201 799 2236 συνάντησιν
821 2200 869 2227 τοῦ

85 2243 191 2277 Ἰησοῦ”
210 2245 258 2271 καὶ
272 2245 373 2277 ἰδόντες
394 2246 485 2278 αὑτὸν,
503 2248 695 2283 παρεκάλεσαν
719 2248 870 2283 μεταϐῆναι

79 2289 133 2316 ἀπὸ
145 2290 201 2316 τῶν
214 2291 296 2326 ὁρίων
305 2291 407 2319 αὐτῶν.
428 2302 436 2318 θ
454 2293 550 2320 Καίτοι
564 2294 622 2326 πῶς
638 2295 687 2320 οὐκ
700 2294 753 2320 ἔδει
771 2294 871 2329 μᾶλλον

81 2336 288 2370 μεταποιεῖσθαι
303 2337 352 2364 τοῦ
366 2339 607 2374 τεθεραπευκότος,
628 2341 676 2367 καὶ
699 2340 870 2375 παρακαλετν

80 2383 244 2418 προσμεῖναι
258 2393 287 2411 τε
302 2385 407 2417 αὐτοῖς,
425 2385 471 2411 καὶ
489 2385 594 2412 πολλῶν
610 2386 709 2422 ἑτέρων
724 2386 870 2420 θαυμάτων

79 2429 207 2462 γενέσθαι
225 2430 393 2466 δημιουργόν
408 2440 414 2463 ;
438 2431 508 2457 Ἀλλ’
523 2429 557 2467 ἦν
572 2431 714 2463 εὐλαϐείας
734 2432 872 2465 ἀπόδειξις

81 2475 139 2501 κατ’
153 2475 242 2502 ἐκεῖνο
255 2477 353 2512 καιροῦ
368 2477 415 2502 καὶ
426 2477 509 2512 τιμῆς
523 2478 580 2508 τοῖς
592 2477 679 2511 ἁγίοις
694 2477 872 2513 ὀφειλομένης

80 2520 177 2556 τρόπος
189 2521 220 2547 τὺ
236 2521 433 2558 παραιτεῖσθαί
446 2531 521 2554 τινας
533 2522 652 2556 ἐγγίζειν
673 2523 774 2554 αὐτοῖς.
797 2523 872 2550 Ματ-

82 2565 156 2593 θαίου
179 2568 351 2603 κεκλημένου
375 2569 423 2594 καὶ
446 2568 678 2604 ἀκολουθήσαντος
690 2568 729 2604 τῷ
750 2569 871 2604 Χριστῷ,

82 2611 137 2640 εἶτα
161 2614 329 2650 κεκληκότος
347 2614 428 2640 αὑτὸν
450 2615 490 2645 είς
507 2614 552 2641 τὸν
569 2613 642 2641 οἷκον
658 2615 740 2640 αὑτοῦ
752 2622 760 2630 ·
783 2624 792 2639 ε
818 2615 873 2641 Καὶ

84 2660 161 2693 ίδοὺ,›
175 2662 251 2697 φησὶ,
269 2660 382 2688 «πολλοὶ
397 2660 554 2696 ἁμαρτωλοὶ
566 2661 613 2687 καὶ
627 2661 740 2687 τελῶναι
751 2660 872 2691 ἐλθόντες

83 2707 266 2734 συνανέκειντο
289 2707 330 2742 τῷ
360 2706 450 2741 Ἰησοῦ
476 2707 593 2738 καὶτοῖς
619 2706 753 2742 μαθηταῖς
778 2706 871 2733 αὐτοῦ.

82 2752 132 2779 Καὶ
147 2753 246 2786 ίδόντες
259 2755 285 2781 οί
297 2755 444 2789 Φαρισαῖοι
456 2753 548 2788 ἔλεγον
559 2755 616 2786 τοῖς
627 2753 759 2789 μαθηταῖς
772 2753 853 2780 αὑτοῦ
864 2761 870 2768 ⁸

84 2799 127 2826 Διά
147 2801 172 2827 τί
195 2801 267 2836 μετὰ
295 2800 356 2827 τῶν
380 2799 552 2835 ἁμαρτωλῶν
578 2800 624 2826 καὶ
641 2799 764 2826 τελωνῶν
786 2798 872 2825 ἐσθίει

115 2878 220 2907 "Joan.
238 2887 290 2911 xu,
304 2878 354 2906 35.

923 1602 994 1632 facto
1007 1623 1014 1635 ,
1031 1611 1128 1639 magna
1144 1603 1253 1638 quidem
1269 1603 1384 1638 piscium
1403 1603 1546 1630 multitudo
1558 1608 1634 1638 capta
1650 1609 1709 1636 est,

922 1657 954 1678 ac
971 1650 1077 1677 divinus
1097 1648 1194 1677 Petrus
1209 1649 1282 1676 verbi
1302 1650 1354 1676 vim
1372 1649 1520 1676 admiratus
1538 1659 1543 1676 :
1559 1659 1568 1675 ι
1582 1649 1685 1677 Accidit
1701 1669 1711 1680 .

921 1696 970 1728 ait,
1002 1695 1035 1722 ad
1055 1701 1140 1730 genus
1168 1693 1231 1722 Jesu
1259 1694 1374 1721 dicens:
1394 1693 1501 1721 Recede
1528 1701 1542 1720 a
1566 1702 1626 1727 me,
1648 1703 1709 1720 nam

923 1741 1003 1768 homo
1029 1745 1155 1775 peccator
1172 1748 1242 1772 sum,
1264 1739 1377 1767 Domine
1393 1739 1425 1766 ⁵³.
1448 1749 1457 1765 ι
1477 1739 1589 1766 Nolebat
1620 1744 1708 1767 tamen

922 1785 1019 1814 Petrus
1048 1785 1185 1814 Christum
1213 1793 1228 1812 a
1252 1792 1281 1812 se
1304 1785 1398 1817 abire,
1431 1785 1476 1812 sed
1509 1786 1616 1819 cognito
1643 1785 1709 1819 legis

922 1839 1014 1866 SCOpO,
1028 1839 1057 1859 se
1075 1837 1244 1866 peccatorem
1265 1830 1404 1858 confessus
1425 1836 1475 1864 85!,
1491 1838 1521 1858 ac
1535 1839 1596 1858 cum
1613 1837 1709 1859 sancto

922 1885 983 1905 esse
994 1877 1112 1910 horruit,
1129 1877 1278 1904 secundum
1294 1884 1365 1909 eam,
1383 1884 1442 1911 qua:
1458 1884 1565 1911 semper
1577 1878 1648 1912 apud
1662 1876 1709 1904 Ju-

922 1922 994 1950 daeos
1018 1921 1179 1955 invaluerat,
1197 1923 1431 1950 consuetudinem.
1449 1921 1515 1949 Cum
1530 1923 1612 1949 etiam
1628 1922 1708 1950 Chri.

922 1973 980 1996 stus
995 1968 1022 1995 in
1040 1968 1175 2004 regionem
1196 1967 1406 2002 Gergesiuorum
1418 1969 1564 2004 aliquando
1579 1970 1708 2002 vertisset,

921 2014 1019 2043 deinde
1038 2016 1064 2042 in
1082 2016 1264 2044 monumentis
1283 2016 1440 2044 immaniter
1458 2025 1472 2043 a
1491 2019 1610 2044 damione
1626 2025 1708 2044 vexa-

922 2065 965 2089 tos
978 2066 1110 2094 curasset,
1124 2062 1243 2098 divinum
1253 2063 1360 2097 quidem
1372 2063 1478 2098 signum
1493 2063 1618 2090 admirati
1632 2068 1710 2096 sunt;

921 2112 1038 2135 attamen
1069 2107 1138 2134 dixit
1166 2107 1309 2136 Matthmus
1337 2117 1344 2135 :
1382 2118 1391 2134 ‹
1418 2108 1484 2135 Tota
1507 2109 1602 2136 civitas
1627 2109 1710 2136 exivit

922 2153 1027 2181 obviam
1047 2152 1124 2187 Jesu,
1140 2159 1168 2181 et
1184 2162 1244 2181 cum
1264 2154 1396 2182 vidissent
1414 2155 1487 2182 illum
1499 2176 1505 2187 ,
1524 2156 1656 2189 rogabant
1682 2160 1710 2182 ut

922 2207 937 2226 a
965 2199 1062 2227 ﬁnibus
1090 2200 1208 2235 ipsorum
1223 2200 1383 2228 abscederet
1398 2201 1431 2227 ὀ.
1449 2210 1456 2226 ι
1472 2202 1567 2227 Annon
1584 2208 1648 2227 vero
1661 2200 1708 2227 de-

924 2246 1004 2273 cebat
1022 2246 1106 2281 magis
1122 2251 1152 2273 ut
1176 2254 1237 2274 eum
1263 2249 1307 2280 qui
1330 2251 1473 2273 curaverat
1500 2246 1664 2277 detinerent.
1681 2252 1709 2274 et

924 2296 1051 2326 rogarent
1067 2291 1108 2319 uti
1121 2292 1191 2327 apud
1209 2299 1238 2318 se
1253 2296 1385 2323 maneret,
1403 2296 1429 2317 et
1446 2291 1495 2317 alia
1507 2298 1614 2325 quoque
1629 2291 1706 2326 plura

924 2338 1054 2365 miracula
1083 2337 1221 2373 patraret?
1236 2337 1334 2364 Verum
1355 2337 1408 2364 illis
1429 2337 1598 2371 temporibus
1623 2336 1710 2371 signi-

924 2385 1012 2411 ﬁcatio
1026 2388 1085 2412 erat
1098 2384 1260 2411 reverentiae
1273 2383 1425 2418 cujusdam,
1441 2387 1466 2409 et
1485 2383 1595 2410 honoris
1608 2382 1712 2409 sanctis

922 2431 1005 2458 debiti
1020 2430 1114 2457 modus
1127 2430 1248 2464 quidam,
1262 2437 1371 2460 cavere.
1385 2429 1468 2464 nequi
1478 2436 1524 2456 eos
1537 2429 1709 2455 accederent.

922 2476 1063 2504 Ilattlueus
1077 2476 1159 2503 etiam
1176 2483 1235 2502 cum
1257 2480 1369 2502 vocatus
1385 2479 1545 2509 sequeretur
1561 2473 1713 2506 Christum,

922 2530 955 2550 ac
969 2527 1060 2557 postea
1075 2529 1136 2549 eum
1153 2522 1178 2548 in
1196 2522 1303 2548 domum
1315 2529 1390 2548 suam
1405 2521 1566 2548 invitasset:
1582 2530 1591 2546 ι
1604 2520 1684 2552 Ecce,
1700 2531 1709 2546 ι

923 2568 1020 2603 inquit,
1037 2576 1046 2593 ι
1067 2567 1141 2594 multi
1155 2571 1311 2602 peccatores
1327 2571 1354 2594 et
1366 2566 1500 2601 publicani
1523 2572 1709 2596 accesserunt.

924 2619 951 2642 et
964 2614 1149 2641 acculmcrunt
1167 2621 1228 2641 cum
1244 2612 1306 2640 Jesu
1332 2619 1360 2641 et
1379 2613 1517 2647 discipulis
1540 2613 1609 2648 ejus.
1636 2612 1729 2646 Quod

926 2660 972 2686 ubi
991 2660 1120 2686 vidissent
1148 2659 1274 2686 l‘hariszei
1289 2679 1296 2691 ,
1323 2660 1450 2687 dixerunt
1465 2659 1604 2693 discipulis
1629 2660 1688 2694 ejus
1704 2668 1711 2685 ι

924 2706 1017 2739 Quare
1039 2713 1098 2732 cum
1134 2706 1283 2740 publicanis
1309 2711 1336 2733 et
1362 2705 1548 2740 peccatoribus
1577 2704 1631 2732 edit
1645 2712 1712 2739 prae-

926 2756 1019 2786 ceptor
1037 2756 1125 2778 vester
1137 2752 1158 2766 ’¹
1171 2752 1182 2778 ?
1197 2762 1205 2777 ι
1226 2751 1354 2786 lntelligis
1372 2760 1436 2787 ergo
1448 2760 1495 2779 eos
1512 2751 1648 2779 Christum
1666 2757 1712 2777 ac-

925 2805 1023 2826 cusare
1037 2817 1044 2829 ,
1073 2797 1143 2832 quod
1171 2792 1229 2833 lege
1246 2799 1398 2833 posthabita
1417 2799 1533 2826 voluerit
1554 2805 1616 2825 cum
1633 2795 1711 2825 malis

398 2877 419 2893 "
435 2876 500 2905 Luc.
513 2885 539 2912 ν,
552 2878 578 2905 4-
591 2878 617 2905 8.
657 2878 679 2894 ὀ
696 2878 788 2906 Matth.
807 2884 865 2909 Vlll,

962 2877 982 2892 "
1006 2875 1270 2910 Iiattl|.|x,10,ll.
