1887 3054
140 115 182 145 l8!
704 118 737 148 ΙΝ
758 120 873 148 ιδΑιΑΜ
892 118 956 152 LiB.
978 119 998 146 Ι.
1016 118 1119 148 ORAT.
1142 119 1186 149 iV.

1716 122 1778 149 181‘

140 173 279 209 ἀγγέλων,
301 174 343 201 ὅττι
375 175 477 209 πάντες
498 178 551 204 εἰσὶ
574 177 747 214 λειτουργικὰ
773 177 885 214 πνεύμαι

1021 185 1038 204 κο
1057 178 1228 206 administros
1246 178 1373 212 spiritus,
1391 179 1423 206 ad
1453 178 1631 206 ministerium
1654 179 1766 213 delega—

141 222 178 251 είς
204 219 344 246 διακονίαν
369 221 589 258 ἀποστελλόμενα
615 223 659 250 διὰ
688 225 748 256 τοὺς
781 224 926 260 μέλλοντας

141 266 315 301 κληρονομεῖν
348 268 496 304 σωτηρίαν.
526 270 579 296 Καὶ
603 270 632 296 τὸ
656 270 750 306 χρῆμά
775 271 848 297 ἐστιν
877 271 927 297 οὐκ

140 311 305 346 ὰσυμφανές.
319 313 416 340 Πάντα
433 314 482 349 μὲν
501 314 554 350 γὰρ
569 316 597 341 ἐν
618 316 712 351 κόσμῳ
733 317 765 344 τὰ
778 317 853 352 παρά
867 318 926 348 ταῖς

139 357 193 384 ἄνω
203 357 337 392 δυνάμεσι
349 360 397 386 καὶ
411 361 492 396 τιμῆς
503 361 559 397 ἦτοι
576 361 746 398 λειτουργίας
761 362 849 398 μέτρα
861 364 926 397 παρ’

139 403 245 434 αὐταῖς.
261 404 309 430 καὶ
322 404 380 440 ὅροι
394 405 527 433 τέθεινται
542 406 591 442 τῆς
606 408 721 434 ἑκάστου
737 408 830 443 δόξης,
852 408 926 442 παρά

138 456 168 482 γε
182 448 230 475 τοῦ
242 449 333 477 πάντα
349 451 419 478 κατὰ
431 452 460 477 τὸ
471 452 543 487 αὑτῴ
552 453 646 480 δοκοῦν
661 453 835 489 διανέμοντος
846 453 924 480 Θεοῦ.

137 494 209 530 Πλὴν
226 492 267 527 εἷς
288 497 331 530 ἐφ’
354 497 455 524 ἅπασιν
471 499 485 524 6
503 498 596 533 ζυγὸς,
621 500 668 526 καὶ
684 499 850 536 ὑπηρετοῦσι
866 500 926 526 νεῦ-

137 549 204 574 μασι
218 542 277 573 τοῖς
286 543 473 575 Δεσποτικοίς,
486 544 536 570 οὐκ
550 544 718 577 ἀπαξιοῦντα
729 545 778 580 τὴν
791 545 924 577 δουλείαν,

134 586 193 613 ἀλλ’
209 587 240 612 έν
257 588 342 623 μοίρᾳ
356 589 440 623 τιμῆς
458 590 505 616 καὶ
522 589 602 625 δόξης
622 591 854 626 καταλογιζόμενά
878 601 926 618 που

135 631 165 658 τὸ
180 633 211 658 ὲν
224 633 332 665 τούτοις
355 635 475 669 γνήσιον.
500 635 764 671 Προαναμορφοῦται
785 637 874 664 τοίνυν
898 639 926 664 ἐν

132 678 287 713 ὀφθαλμοῖς
307 679 354 706 τοῦ
373 681 511 716 προφήτου
526 681 555 707 τὸ
574 682 691 717 Χριστοῦ
711 684 869 718 μυστήριον,
883 684 927 711 διὰ

133 723 188 749 τῶν
214 724 273 751 ἂνω
296 725 438 760 δυνάμεων
459 724 489 754 εὖ
513 727 586 762 μάλα
600 728 818 764 διακονούμενον.
847 730 926 756 Ἀπο-

133 768 275 796 στέλλεται
293 770 358 804 γοῦν
371 771 402 798 ἒν
416 772 468 798 τῶν
483 773 621 809 Σεραφεὶμ
632 774 754 810 ἄνθρακα
764 774 836 810 ἔχον,
851 775 881 802 ὃν
891 777 923 811 τῇ

132 813 222 840 λαὸίδι
245 814 343 841 ἐλλῦεν
357 816 411 842 ἀπὸ
424 816 471 843 τοῦ
489 817 692 853 θυσιαστηρίου.
710 820 764 847 Καὶ
778 821 857 848 τοῦτο
869 820 923 857 ἄρα

132 857 166 893 ἦν
188 860 311 895 Χριστοῦ
329 860 474 897 σύμϐολον,
495 863 524 895 ὃς
540 863 573 890 δι’
595 865 677 899 ἡμᾶς,
700 866 746 891 καὶ
760 866 830 902 ὑπὲρ
845 867 922 902 ἡμῶν

131 905 338 940 προσεκόμισεν
351 905 447 933 ἑαυτὸν
462 906 500 942 τῷ
515 907 575 943 Θεῷ
592 909 640 935 καὶ
657 910 756 945 Πατρὶ,
770 912 809 942 εἰς
827 911 922 938 θυσίαν

132 952 326 986 τπευματικὴν
345 952 469 988 καθαρὰν
485 954 531 980 καὶ
552 954 686 991 ἀὸέϐηλον
704 957 750 983 καὶ
774 958 814 988 είς
837 958 925 994 ὀσμὴν

131 997 260 1029 εὐωδίας.
278 997 373 1034 Ταύτῃ
384 1007 426 1026 τοι
439 999 487 1026 καὶ
502 1000 575 1036 μάλα
588 1001 701 1035 εἰκότως
716 1003 748 1029 ὲκ
764 1003 811 1029 τοῦ
831 1004 924 1031 θυσια-

131 1043 247 1078 στηρίου
261 1043 440 1079 λαμϐάνεται.
456 1045 658 1081 Παρεικάζεταί
670 1056 701 1082 γε
718 1048 773 1083 μὴν
797 1049 921 1084 ἄνθρακν

130 1086 179 1112 καὶ
195 1086 241 1114 διὰ
254 1087 336 1114 ποίαν
350 1089 442 1116 αἰτίαν
457 1091 545 1125 είπεῖν
558 1092 803 1126 ἀναγκαῖον.Ἔθος
816 1095 848 1130 τῇ
863 1094 923 1121 θεο-

131 1131 260 1167 πνεύστῳ
274 1133 371 1170 Γραφῇ
391 1135 459 1170 πυρὶ
479 1136 529 1173 τὴν
544 1137 620 1164 θείαν
636 1139 814 1174 παρεικάζειν
830 1141 921 1175 φύσιν.

133 1178 226 1214 Ὠφθη
248 1179 304 1216 γὰρ
320 1180 392 1207 οὕτω
411 1181 449 1217 τῷ
476 1183 604 1220 μακαρίῳ
630 1185 738 1221 Ἰσραὴλ
761 1187 790 1213 ἐν
809 1186 848 1221 τῷ
865 1187 922 1222 ὄρει

131 1223 242 1260 Χωρὴμ
255 1226 315 1262 ἦτοι
330 1228 395 1254 Σινᾶ
406 1229 438 1263 τῇ
451 1229 543 1265 ἡμέρᾳ
551 1230 600 1266 τῆς
611 1231 769 1267 ἐκκλησίας.
785 1233 864 1260 Οὕτω
875 1235 922 1261 καὶ

130 1271 208 1307 αὑτῷ
219 1271 259 1307 τῷ
271 1274 399 1309 μακαρίῳ
414 1275 499 1311 Μωσῇ
511 1277 686 1312 ποιμαίνοντι
705 1279 777 1305 κατὰ
795 1280 844 1315 τὴν
857 1280 922 1316 ἐρη-

132 1326 193 1353 μον,
211 1319 241 1345 ἐν
255 1319 321 1346 εῖδει
334 1321 419 1355 πυρὸς
431 1321 460 1348 ὲν
473 1321 511 1358 τῷ
527 1322 601 1359 βάτῳ
614 1324 686 1351 κατὰ
702 1327 826 1361 καιροὺς,
843 1326 921 1362 ὤφθη

129 1373 161 1391 τε
175 1365 224 1392 καὶ
240 1366 414 1402 πῳσελὰλει.
427 1368 532 1404 ’Ὥσπερ
552 1368 599 1397 οὖν
619 1371 632 1397 ὁ
652 1371 754 1406 ἄνθραξ
770 1371 848 1404 ξύλον
863 1374 922 1399 ἐστὶ

130 1412 164 1445 τῇ
179 1410 272 1445 φύσει,
288 1412 358 1446 πλὴν
374 1413 434 1446 ὅλος
444 1414 477 1441 δι’
492 1415 553 1442 ὅλου
570 1415 744 1451 μεμέστωται
761 1418 809 1444 τοῦ
823 1418 920 1454 πυρὸς,

131 1457 241 1492 mit-hy
254 1458 336 1485 αὐτοῦ
352 1459 466 1496 δύναμίν
485 1470 514 1488 τε
537 1462 583 1489 καὶ
603 1462 744 1499 ἐνέργειαν
760 1463 831 1499 ἔχει·
850 1466 920 1493 κατὰ

130 1501 237 1534 τοῦτον,
250 1501 344 1539 οἶμαι,
361 1505 461 1544 τρόπον
477 1506 556 1532 νοοῖτ’
570 1507 604 1534 ἂν
618 1507 731 1540 εἰκότως
750 1509 796 1535 καὶ
811 1510 892 1541 αὐτὸς
904 1511 918 1537 6
934 1519 955 1547 ρ

131 1547 234 1583 Κύριος
249 1549 328 1584 ήμῶν
345 1550 448 1586 Ἰησοῦς
462 1552 603 1587 όΧριστὸς
614 1562 620 1568 ·
639 1562 649 1578 ι
664 1553 764 1588 Γέγονε
778 1554 833 1590 γὰρ
850 1555 919 1591 σὰρξ

129 1593 146 1618 6
165 1592 265 1627 Λόγος,
281 1594 330 1621 καὶ
348 1595 502 1631 ἐσκήνωσεν
518 1598 546 1625 ἐν
558 1598 635 1633 ἡμῖν.
657 1608 666 1625 ι
691 1599 760 1626 Ἀλλ’
778 1601 802 1627 εἰ
817 1600 863 1627 καὶ
885 1598 921 1637 ἦν

130 1639 192 1665 καθ’
213 1640 289 1674 ἡμᾶς
310 1639 449 1677 ὁρώμενος
470 1642 613 1678 ἄνθρωπος
636 1645 835 1680 οἰκονομικῶς,
863 1647 919 1674 ἀλλ’

129 1682 177 1711 ὤν
199 1685 274 1712 ἅπαν
288 1685 319 1712 τὸ
337 1687 386 1721 τῆς
410 1687 534 1723 θεότητος
550 1689 689 1725 πλήρωμα
710 1691 872 1727 κατῴκησεν
891 1693 920 1719 ἐν

129 1731 224 1766 αὐτῷ,
252 1732 324 1760 κατά
346 1733 378 1766 γέ
407 1742 478 1769 φημι
504 1735 548 1761 τὸν
577 1736 626 1770 τῆς
657 1736 782 1769 ἑνώσεως
807 1739 918 1774 τρόπον.

128 1777 268 1813 Ταύτῃτοι
286 1778 334 1805 καὶ
349 1779 394 1806 διὰ
412 1779 462 1814 τῆς
477 1780 544 1812 ἰδίας
556 1782 657 1817 σαρκὸς
681 1782 920 1819 θεοπρεπεστάτας

128 1823 199 1858 ἔχων
211 1825 310 1860 ὁρᾶται
324 1824 373 1857 τὰς
387 1826 537 1861 ἐνεργείας.
550 1827 658 1862 Ἥψατο
671 1828 736 1863 γοῦν
757 1829 806 1864 τῆς
826 1830 917 1866 σοροῦ,

130 1870 176 1896 καὶ
192 1871 329 1907 ἀνέστησε
350 1872 395 1899 τὸν
404 1873 539 1900 τεθνεῶτα
553 1874 603 1908 τῆς
614 1875 701 1910 χήρας
715 1875 782 1902 υἱόν,
795 1876 850 1902 Καὶ
866 1876 919 1911 μὴν

128 1917 176 1943 καὶ
189 1917 297 1949 πτύσας
312 1918 426 1945 ἐνετίθει
435 1919 545 1953 τυφλοῖς
558 1919 589 1947 τὸ
602 1920 721 1955 βλέπειν,
739 1922 818 1958 πηλῷ
832 1931 917 1950 κατα-

129 1962 215 1998 χρίων
239 1963 303 1995 τοὺς
327 1963 493 2000 ὀφθαλμούς.
516 1965 650 2001 ’Δνθρακι
673 1966 704 2002 δὴ
728 1965 775 1995 οὗν
792 1966 821 1995 εὖ
846 1969 918 2004 μάλα

129 2009 333 2044 παρεικαστὼν
347 2010 584 2046 τδνἘμμανουὴλ,
596 2011 624 2044 ὃς
638 2013 663 2039 εί
679 2013 726 2040 καὶ
739 2013 846 2047 γένοιτό
860 2023 919 2046 πως

125 2056 157 2082 ὲν
174 2056 233 2087 τοῖς
251 2057 396 2092 ἡμετέροις
420 2057 545 2092 χείλεσιν,
574 2058 661 2094 πάντη
679 2067 708 2085 τε
737 2060 784 2087 καὶ
810 2061 919 2093 πάντως

127 2104 245 2138 ἀφαιρεῖ
266 2103 315 2135 τὰς
336 2104 483 2139 ἁμαρτίας,
510 2106 556 2132 καὶ
583 2106 775 2141 περικαθαριεί
790 2108 839 2139 τὰς
856 2108 918 2134 ἀνο-

127 2149 205 2184 μίας.
228 2145 297 2175 Εἶτα
318 2148 376 2180 πῶς
397 2151 425 2176 ὲν
439 2151 495 2181 τοῖς
515 2151 660 2186 ἡμετέροις
680 2151 798 2186 χείλεσιν
823 2152 915 2186 locat;

129 2196 215 2221 Ὅταν
234 2194 286 2229 τὴν
309 2195 400 2221 πίστιν
415 2196 590 2232 ὁμολογῶμεν
603 2196 652 2232 τὴν
671 2198 711 2228 είς
725 2198 816 2224 αὐτόν.
838 2198 916 2225 Οὕτω

127 2239 175 2265 καὶ
197 2239 212 2265 6
237 2237 380 2270 θεσπέσιος
403 2239 503 2275 γράφει
529 2239 650 2273 Παῦλος·
666 2250 675 2266 t
698 2242 795 2276 Ἐγγύς
817 2251 863 2270 σου
887 2244 917 2271 τὸ

126 2284 207 2319 ῥῆμά
224 2285 308 2317 ἐστιν,
329 2285 359 2311 ὲν
381 2284 419 2320 τῷ
435 2285 547 2321 στόματί
566 2295 624 2318 σου,
650 2287 697 2313 καὶ
719 2289 748 2314 ὲν
763 2289 795 2324 τῇ
817 2289 915 2328 καρδίᾳ.

129 2339 188 2357 σου·
213 2330 288 2357 τοῦτ’
305 2330 364 2360 ἔστι
385 2331 416 2357 τὺ
436 2331 511 2367 ῥῆμα
527 2332 577 2367 τῆς
591 2332 720 2365 πίστεως,
744 2333 758 2359 ὃ
781 2334 917 2370 κηρύσσο-

127 2384 190 2410 μεν.
216 2376 278 2403 ὀτι
297 2376 346 2403 ἐὰν
367 2377 539 2412 ὁμολογήσῃς
568 2379 597 2404 ὲν
621 2378 660 2413 τῷ
684 2378 798 2414 στόματί
816 2388 862 2405 σου
877 2380 916 2406 ὅτι

127 2422 232 2457 Κύριος
259 2423 375 2458 Ἰησοῦς,
399 2424 446 2450 καὶ
461 2423 611 2460 πιστεύσῃς
629 2424 658 2452 ἐν
673 2425 706 2459 τῇ
733 2425 832 2462 καρδίᾳ.
857 2435 916 2456 σου,

126 2469 168 2494 ὅτι
192 2469 208 2494 ὁ
232 2468 298 2499 Θεὸς
326 2468 408 2495 αὑτὸν
436 2469 546 2504 ἤγειρεν
578 2470 610 2496 ὲκ
633 2470 755 2506 νεκρῶν,
787 2472 914 2508 σωθήσῃ·

129 2514 227 2550 καρδίᾳ
251 2514 306 2550 γὰρ
335 2515 493 2543 πιστεύεται
523 2516 563 2548 είς
595 2516 785 2553 δικαιοσύνην,
803 2519 916 2554 στόματι

126 2561 155 2587 δὲ
169 2560 344 2595 ὁμολογεῖται
357 2562 398 2593 εἰς
417 2562 561 2597 σωτηρίαν,
583 2572 591 2588 ι
608 2563 697 2589 Ἔστω
711 2563 801 2590 τοίνυν
816 2565 844 2590 ἐν
859 2565 915 2596 τοῖς

126 2609 241 2644 χείλεσιν
257 2609 337 2645 ἡμῶν
351 2608 366 2634 ὁ
386 2607 457 2639 θεῖος
481 2608 592 2644 ἄνθραξ,
613 2609 627 2635 ὁ
645 2609 688 2635 τὸν
712 2610 743 2636 ἐκ
762 2610 810 2645 τῆς
827 2611 916 2646 ἁμαρ-

125 2656 184 2688 τίας
207 2655 392 2690 καταφλέγων
407 2654 548 2689 συριρετὺν,
565 2655 612 2680 καὶ
627 2654 672 2680 τὸν
692 2656 723 2681 ὲκ
740 2655 789 2690 τῆς
801 2656 916 2691 ἀνομίας

125 2703 247 2739 ιγτήκων
282 2701 392 2737 ῥύπον,
417 2699 465 2726 καὶ
488 2699 597 2731 ζέοντας
618 2700 691 2734 ἡμᾶς
716 2700 853 2727 ἀποτελῶν
879 2701 916 2736 τῷ

126 2749 268 2785 πνεύματι.
286 2748 319 2775 Et
340 2747 371 2774 δὲ
387 2746 422 2782 δὴ
444 2746 548 2779 λέγοιτο
565 2748 596 2782 τῇ
614 2746 699 2773 λαϐίδι
720 2747 915 2781 λαμϐάνεσθαι,

153 2830 174 2845 ³⁸
196 2827 281 2856 Hebr.
298 2835 320 2859 ι,
339 2825 383 2852 14.

980 227 1020 250 tos
1043 229 1152 258 propter
1177 231 1223 252 eos
1240 224 1284 258 qui
1312 224 1496 252 [nereditatem
1517 223 1612 251 salutis
1627 225 1762 257 accepturi

977 269 1082 296 sunt".
1099 269 1174 302 Quod
1188 277 1240 297 nou
1259 275 1299 297 est
1319 270 1474 298 obscurttm.
1485 269 1581 297 Omnia
1597 277 1713 304 namque
1729 270 1763 296 ab

978 315 1029 342 illis
1047 317 1180 351 supremis
1198 317 1372 351 potestatibus
1393 322 1488 344 ornate
1504 316 1695 351 splendideque
1717 316 1768 342 ad'

980 361 1177 394 ministrantur,
1196 366 1222 388 et
1243 362 1354 390 honoris
1367 382 1374 394 ,
1401 366 1427 389 et
1446 361 1690 389 administrationis
1709 366 1766 388 tor-

980 407 1043 433 mini
1074 406 1196 441 [inesque
1231 407 1322 442 glorise
1357 408 1453 441 cuique
1488 411 1550 435 sunt
1578 406 1716 434 constituti
1751 414 1764 431 ιι

980 452 1047 485 Deo,
1067 453 1112 487 qui
1132 452 1220 480 omnia
1247 460 1294 488 pro
1314 453 1444 480 arbitratu
1467 459 1516 480 suo
1544 452 1692 487 dispensat.
1718 451 1767 478 At-

978 498 1023 533 qui
1044 498 1113 526 idem
1134 498 1209 533 quasi
1223 498 1316 534 jugum
1331 503 1372 526 est
1389 499 1515 526 omnibus
1537 497 1639 525 sanctis
1659 497 1763 531 spiriti-

978 543 1038 575 bus,
1053 548 1079 570 et
1099 543 1204 570 Domini
1219 544 1292 571 nutui
1309 543 1440 576 serviunt,
1468 551 1517 570 non
1541 543 1678 578 indignam
1692 550 1759 570 cen-

978 593 1068 616 sentes
1081 589 1251 622 servitutem,
1275 590 1321 617 sed
1338 589 1431 616 honori
1450 589 1577 624 laudique
1595 590 1724 616 ducentes
1738 588 1763 615 id

979 639 1103 669 prompto
1133 642 1164 662 ac
1195 635 1298 662 liberali
1328 635 1418 662 animo
1445 634 1544 662 facere.
1573 634 1764 668 Prazfiguratur

979 679 1059 713 igitur
1074 680 1108 726 ob
1123 680 1215 708 oculos
1238 681 1373 715 prophetae
1407 680 1565 715 mysterium
1584 679 1696 712 Christi,
1716 686 1768 714 per

978 724 1258 760 superas'potestates
1279 726 1379 761 optime
1402 725 1630 754 administratum.
1649 724 1764 752 Mittitur-

977 770 1068 805 itaque
1091 779 1106 798 e
1124 771 1263 806 Seraphim
1289 778 1369 803 unus,
1395 771 1539 799 carbonem
1555 770 1668 802 habeus,
1683 778 1763 805 quem

977 815 1012 843 de
1029 823 1074 843 ara
1091 817 1205 851 sumpsit
1225 816 1336 851 forcipe.
1359 815 1420 845 Haec
1440 817 1548 843 demum
1575 821 1634 844 erat
1661 816 1762 844 Christi

977 861 1137 896 significatio
1157 866 1185 888 et
1216 863 1429 896 repraesentatio,
1451 863 1496 897 qui
1511 867 1621 898 propter
1646 870 1695 890 nos
1730 870 1762 890 ac

976 912 1066 934 instra
1083 915 1163 934 causa
1179 907 1296 941 seipsum
1318 907 1344 933 in
1369 907 1531 935 sacrificium
1548 907 1698 942 spirituale,
1713 915 1762 941 pu-

976 961 1034 980 rum
1053 959 1085 980 ac
1103 952 1284 987 impollutum,
1301 952 1407 984 obtulit,
1433 953 1459 979 in
1477 953 1589 980 odorem
1604 953 1693 980 suavis
1705 953 1761 980 fra—

974 998 1094 1033 grantiae.
1123 998 1215 1032 Itaque
1244 1006 1297 1025 non
1324 998 1372 1024 abs
1404 1005 1433 1025 re
1459 999 1492 1025 de
1517 998 1595 1025 altari
1620 999 1760 1034 accipitur.

974 1043 1058 1077 Quam
1073 1049 1160 1071 autem
1176 1044 1211 1071 ob
1225 1051 1333 1071 causam
1351 1044 1514 1071 assimiletur
1539 1051 1631 1079 prunas
1643 1064 1651 1078 ,
1667 1044 1760 1071 diccu.

976 1091 1037 1116 dum
1064 1094 1105 1116 est
1131 1089 1295 1117 necessario.
1317 1088 1464 1116 Familiare
1481 1094 1523 1116 est
1537 1089 1683 1124 Scriptura:
1695 1089 1762 1115 divi-

975 1136 1045 1163 nitus
1066 1136 1199 1169 inspirata:
1225 1134 1342 1162 divinam
1375 1139 1498 1162 naturam
1514 1135 1568 1170 igni
1584 1142 1755 1169 comparare.

975 1182 1019 1209 Sic
1042 1182 1114 1208 enim
1138 1181 1263 1216 apparuit
1284 1181 1376 1208 lsraeli
1402 1181 1431 1208 in
1463 1186 1553 1208 monte
1578 1181 1684 1208 Choreb
1714 1188 1761 1208 seu

975 1227 1050 1260 Sina,
1066 1229 1092 1255 in
1124 1228 1168 1255 die
1184 1228 1411 1264 congregationis.
1444 1227 1489 1255 Sic
1512 1227 1594 1255 etiam
1610 1227 1660 1262 ipsi
1683 1227 1760 1254 beato

974 1273 1037 1301 Mosi
1051 1274 1171 1308 pascenti
1187 1274 1211 1301 in
1225 1274 1342 1307 deserto,
1354 1275 1445 1309 specie
1466 1273 1534 1308 ignis
1557 1273 1622 1300 olim
1647 1274 1672 1301 in
1690 1275 1758 1300 rubo

973 1324 1133 1354 conspectus
1161 1325 1212 1352 est,
1241 1323 1269 1348 et
1290 1319 1501 1355 colloquebatur.
1529 1319 1759 1352 Quemadmodum

974 1364 1056 1400 igitur
1069 1366 1150 1393 carbo
1171 1365 1271 1400 lignum
1292 1366 1399 1400 quidem
1412 1370 1506 1392 natura
1519 1369 1570 1398 est,
1581 1372 1672 1392 verum
1690 1369 1760 1392 torus

973 1411 1044 1438 omni
1060 1418 1092 1438 ex
1113 1415 1188 1446 parte
1202 1411 1255 1445 igni
1268 1411 1363 1446 plenus
1384 1415 1435 1443 est,
1456 1410 1566 1446 ejusque
1581 1411 1635 1438 vim
1654 1415 1681 1438 et
1698 1410 1759 1438 effi-

973 1457 1114 1484 cacitatem
1148 1457 1248 1484 habet:
1267 1459 1301 1485 ad
1330 1458 1466 1491 eumdem,
1497 1462 1570 1492 pulo,
1598 1457 1707 1484 modutn
1731 1460 1777 1483 et.

974 1504 1029 1537 ipse
1041 1503 1170 1531 Dominus
1190 1507 1280 1531 uoster
1304 1502 1383 1531 Jesus
1405 1503 1529 1530 Christus
1554 1503 1652 1530 merito
1669 1507 1761 1538 potest

974 1549 1106 1585 intelligi:
1132 1549 1217 1577 «Caro
1228 1550 1300 1577 enim
1317 1548 1435 1577 Verbum
1461 1548 1559 1576 factum
1575 1555 1624 1582 est,
1652 1555 1680 1577 et
1705 1549 1754 1577 ha-

972 1595 1066 1622 bitavit
1083 1595 1108 1622 in
1119 1595 1253 1623 nobis“.o
1273 1595 1371 1623 Verum
1390 1596 1513 1630 quamvis
1524 1601 1597 1623 esset
1610 1596 1689 1623 homo
1707 1604 1755 1622 no-

972 1641 1012 1667 bis
1041 1640 1135 1668 similis
1166 1641 1270 1669 ratione
1298 1642 1516 1676 dispensationis,
1549 1646 1638 1667 tamen
1669 1641 1757 1668 omnis

971 1687 1108 1720 plenitudo
1122 1679 1268 1715 divinitatis
1283 1689 1309 1715 in
1324 1695 1356 1716 eo
1370 1688 1510 1721 habitavit,
1538 1689 1617 1715 modo
1648 1687 1756 1722 inquam

972 1732 1089 1759 uuionis.
1112 1732 1180 1760 Hinc
1196 1738 1223 1760 et
1251 1734 1277 1760 in
1299 1740 1381 1760 carne
1395 1740 1442 1760 sua
1460 1733 1541 1768 108
1557 1733 1633 1768 plane
1647 1733 1757 1760 divinis-

972 1778 1067 1804 simam
1093 1779 1222 1812 operandi
1257 1779 1381 1806 virtutem
1405 1779 1505 1806 habere
1520 1780 1654 1805 cernitur.
1674 1779 1756 1806 Tacto

971 1824 1102 1858 siquidem
1119 1825 1217 1858 loculo,
1241 1830 1374 1853 mortuum
1394 1825 1480 1853 vidua:
1496 1825 1580 1852 ﬁliuni
1596 1826 1754 1857 suscitavit;

971 1875 998 1897 et
1010 1878 1069 1898 cum
1093 1871 1248 1905 inspuisset,
1262 1871 1318 1898 luto
1332 1871 1450 1898 inunctis
1465 1870 1560 1902 oculis,
1573 1870 1652 1898 caecis
1667 1870 1754 1897 visum

971 1916 1102 1944 restituit.
1125 1915 1289 1943 Rectissime
1306 1923 1370 1951 ergo
1398 1917 1440 1944 hic
1460 1916 1619 1944 Emmanuel
1644 1917 1755 1944 carboni

971 1963 1168 1997 comparandus
1181 1967 1233 1994 est,
1263 1963 1308 1998 qui
1329 1963 1353 1990 si
1377 1963 1403 1990 in
1428 1964 1528 1990 nostris
1548 1963 1746 1997 quodammodo

970 2009 1048 2037 labiis
1059 2009 1150 2039 fuerit.
1170 2009 1279 2036 omnino
1295 2014 1403 2044 peccata
1417 2009 1530 2042 auferet,
1547 2014 1573 2037 et
1589 2010 1748 2045 iniquitates

970 2055 1143 2090 expurgabit.
1157 2055 1298 2088 Quomodo
1314 2059 1404 2082 autem
1427 2056 1452 2081 iu
1479 2055 1557 2082 labiis
1570 2056 1667 2083 nostris
1683 2054 1756 2082 erit?

969 2101 1075 2136 quando
1090 2101 1179 2134 fidem,
1192 2108 1251 2136 qum
1262 2100 1288 2127 in
1302 2099 1388 2135 ipsum
1403 2106 1454 2131 est.
1474 2100 1590 2128 confessi
1607 2100 1735 2128 fuerimus
1745 2119 1751 2126 .

969 2148 1007 2176 Ita
1019 2152 1047 2175 et
1062 2147 1168 2175 divinus
1191 2147 1290 2175 Paulus
1316 2147 1458 2181 :t.Prope
1492 2152 1516 2175 te
1548 2147 1658 2174 verbum
1687 2152 1746 2178 est,

969 2194 995 2221 in
1012 2201 1059 2221 ore
1087 2198 1142 2226 tuo,
1161 2199 1187 2221 et
1206 2193 1232 2220 in
1259 2194 1340 2221 corde
1371 2198 1427 2226 tuo;
1462 2194 1518 2220 hinc
1543 2198 1584 2219 est
1599 2193 1753 2228 prmdicatio

970 2240 1030 2267 iidei
1054 2247 1135 2275 quam
1159 2239 1346 2275 praedicamus.
1374 2239 1441 2273 Quia
1469 2240 1490 2266 si
1512 2239 1650 2266 confessus
1670 2238 1753 2266 fueris

968 2294 1015 2313 ore
1034 2289 1079 2313 tuo
1098 2285 1241 2313 Dominum
1259 2284 1362 2318 Iesum,
1388 2290 1416 2312 et
1438 2284 1584 2313 credideris
1601 2285 1682 2312 corde
1708 2289 1753 2312 tuo

970 2334 1052 2361 Deum
1061 2333 1287 2367 excitasseipsum
1299 2339 1314 2359 e
1337 2331 1460 2363 mortuis,
1474 2331 1626 2358 servaberis
1647 2340 1654 2358 :
1673 2331 1753 2359 corde

969 2379 1040 2406 enim
1057 2379 1176 2406 creditur
1199 2379 1232 2406 ad
1255 2378 1488 2413 justifieationem,
1515 2385 1562 2406 ore
1581 2382 1669 2405 autem
1685 2385 1752 2406 con-

971 2425 1052 2453 fessio
1071 2425 1100 2451 lit
1111 2426 1144 2452 ad
1161 2424 1274 2452 salutem
1289 2424 1312 2440 “
1326 2425 1358 2451 ’⁷.
1374 2434 1383 2450 ι
1402 2424 1443 2451 Sit
1456 2424 1545 2458 itaque
1559 2424 1585 2450 in
1612 2424 1690 2451 labiis
1707 2432 1755 2452 no—

970 2471 1035 2498 stris
1050 2470 1157 2498 divinus
1173 2470 1266 2501 carbo.
1291 2470 1338 2504 qui
1351 2470 1452 2504 peccati
1473 2469 1632 2505 quiSquilias
1653 2470 1752 2500 exurit,

969 2522 997 2545 et
1010 2517 1160 2552 iniquitatis
1182 2517 1276 2544 sordes
1288 2516 1383 2550 liquat,
1398 2520 1425 2543 et
1437 2524 1487 2543 nos
1503 2516 1600 2551 spiritu
1616 2515 1754 2554 ferventes

972 2563 1066 2590 reddit.
1079 2563 1155 2596 Quod
1167 2567 1257 2590 autem
1271 2561 1370 2590 dicitur
1388 2561 1490 2597 forcipe
1520 2562 1614 2597 accipi,
1643 2552 1752 2597 elegan-
1765 2552 1772 2603 ξ

969 2608 1173 2643 teriutelliges';
1198 2609 1268 2643 quod
1294 2609 1371 2635 fidem
1399 2608 1426 2634 in
1442 2608 1499 2642 ipso
1516 2615 1547 2634 ac
1571 2607 1751 2643 cognitionem

969 2655 1099 2690 legalibus
1127 2659 1154 2682 et
1177 2655 1341 2690 propheticis
1367 2655 1581 2683 institutionibus
1599 2655 1656 2682 sive
1680 2660 1751 2688 pra:-

969 2700 1148 2733 ilictionibus,
1183 2705 1309 2735 tanquam
1342 2701 1468 2736 quapiam
1494 2699 1595 2735 forcipe
1618 2700 1749 2734 capimus.

971 2745 1045 2773 Unde
1065 2745 1164 2781 passim
1180 2746 1211 2773 ad
1231 2746 1371 2774 veritatem
1387 2747 1552 2781 probandam
1567 2765 1573 2779 ,
1596 2748 1763 2773 sanctorum-

426 2824 446 2840 "
462 2823 539 2851 Joan.
555 2832 572 2856 ι,
594 2823 635 2850 14.
672 2825 695 2841 ¹⁶
711 2824 787 2853 Rom.
805 2833 843 2857 xt,
859 2825 886 2853 8.
925 2826 945 2842 ³⁷
958 2825 1022 2852 ibid.
1040 2825 1080 2852 10.
