1887 3054
152 118 205 149 483
645 114 681 156 s.’
695 100 829 155 cantant
849 125 1083 154 ALEXANDRINI
1102 126 1259 155 Λιιοιιιιςρ.
1734 125 1794 154 tu

154 180 335 212 apostolorum
356 181 513 217 obsignatur
529 191 560 210 ac
581 184 756 211 conﬁrmatur
770 185 867 211 oratio.
897 183 935 211 Ci-

1028 186 1118 220 νήσεις
1130 185 1246 215 ἀστείως
1260 185 1302 211 ὅτι
1317 183 1408 210 πίστιν
1418 183 1468 219 τὴν
1478 184 1522 210 ἐπ’
1533 183 1619 218 αὐτῷ,
1627 183 1677 210 καὶ
1688 182 1792 218 μέντοι

156 225 218 250 tatis
231 226 302 253 enim
315 234 347 254 ex
363 227 420 263 lege
441 233 468 255 et
491 230 628 263 prophetis
643 229 814 263 testimoniis,
830 230 931 257 audito-

1028 239 1033 254 ρ
1046 229 1157 265 γνῶσιν,
1174 229 1299 265 καθάπερ
1313 230 1368 257 τινὶ
1382 229 1471 256 λασίδι
1486 229 1629 264 δεχώμεθα
1645 228 1690 255 διὰ
1704 236 1791 263 νομι-

156 269 230 298 ribus
243 271 323 299 ﬁdem
341 272 441 300 faciunt
455 282 462 300 :
479 274 565 309 etipsi
580 282 688 310 quoque
710 275 853 302 carbonem
874 282 935 310 quo-

1028 284 1046 302 ιν
1070 285 1099 302 τε
1123 276 1181 310 ἅμα
1209 275 1258 302 καὶ
1285 275 1463 311 προφητικῶν
1481 274 1690 310 παιδευμάτων,
1719 273 1788 308 ήτοι

155 315 302 344 dummodo
319 325 411 344 eorum
435 318 516 346 labris
541 321 695 353 admovent,
718 328 779 348 cum
810 320 888 349 ﬁdem
910 321 935 348 in

1028 321 1225 356 οαγορεύσεων.
1244 321 1326 348 Ὅθεν
1342 321 1389 348 καὶ
1408 321 1423 346 6
1439 320 1493 346 τῶν
1507 320 1594 354 ἁγίων
1617 318 1788 346 ἀποστόλων

154 357 289 388 Christum
306 362 385 396 plane
400 363 613 399 simplicilerquc
625 370 774 400 exponunt.

1028 375 1030 395 :
1047 367 1175 401 ἀλήθειαν
1196 367 1319 401 πανταχῆ
1337 365 1590 401 κατασφραγίζεται
1611 364 1701 398 λόγος.
1726 363 1788 389 Κε-

154 406 284 440 κρημένοι
297 407 350 443 γὰρ
367 410 426 441 ταῖς
444 410 475 436 ἔκ
503 411 585 446 νόμου
608 413 654 438 καὶ
672 414 818 448 προφητῶν
838 414 1012 449 μαρτυρίαις.
1043 414 1218 440 ἀναπείθουσι
1237 415 1300 445 τοὺς
1334 413 1540 449 ἀκροωμένους,
1557 413 1603 439 καὶ
1637 408 1789 446 μονονουχὶ

153 450 197 476 τὸν
213 451 335 487 ἄνθρακα
353 457 520 491 προσάγουσι
535 459 582 485 καὶ
609 460 685 486 αὐτοὶ
713 462 768 491 τοῖς
794 461 909 496 χείλεσιν
940 461 1041 492 αὐτῶν,
1064 462 1205 496 ὁμολογεῖν
1227 462 1277 496 τὴν
1295 462 1385 488 πίστιν
1418 461 1466 496 τήν
1489 462 1529 492 εις
1550 459 1667 496 Χριστὸν
1689 466 1789 492 παρα-

154 496 338 530 σκευάζοντες.

190 541 269 570 Vens.
284 544 310 572 8.
329 546 362 573 Et
385 549 472 575 audivi
484 558 569 577 vocem
583 551 688 580 Domini
699 553 808 580 dicentis
822 562 830 580 :
854 553 936 586 Quam

153 588 273 616 mittam?
284 596 309 618 et
325 593 384 627 quis
402 595 583 629 proﬁcitcetur
598 599 633 624 ad
648 599 771 633 populum
783 600 886 626 istum?
904 599 936 626 Et

153 634 228 662 dixi:
248 635 315 664 Ecce
327 645 373 673 ego
393 647 461 673 sunt,
479 643 551 670 mille
564 652 614 670 me.

187 726 333 764 Postquam
362 731 500 766 prophetae
516 733 585 761 labia
604 736 687 762 carbo
707 735 805 770 tetigit,
823 735 935 770 ejusque

153 774 432 810 amovitiniquilates,
461 783 523 806 tunc
540 786 632 807 vocem
659 780 764 808 Domini
786 782 871 813 audit,
889 788 938 809 nec

153 818 307 847 extimescit
332 821 458 857 amplius,
485 829 512 851 et
539 828 607 852 tacet
636 825 701 853 illud
725 835 756 853 τι
772 826 936 855 Omiserum

1029 551 1081 577 Kal
1108 550 1227 583 ἥκουσα
1258 549 1310 581 τῆς
1340 547 1443 582 φωνῆς
1473 548 1584 582 Κυρίου
1618 548 1786 582 λέγοντος·

994 598 1064 623 Τίνα
1083 596 1270 626 ἀποστείλω
1297 594 1346 621 καὶ
1365 595 1410 626 τίς
1429 594 1609 628 πορεύσεται
1631 595 1709 628 πρὸς
1728 595 1788 621 τὸν

990 642 1066 668 λαὸν
1086 641 1214 671 τοῦτον;
1236 639 1291 666 Καὶ
1316 637 1401 666 εἴπα-
1424 638 1497 665 Ὶδοὺ
1518 638 1576 674 ἐγώ
1596 640 1654 673 ειμι
1668 647 1675 653 ·
1702 639 1785 666 ἀπό-

990 687 1112 714 στειλόν
1125 694 1171 720 με.

1028 733 1091 759 Ὅτε
1106 731 1160 758 τῶν
1181 731 1228 758 τοῦ
1242 732 1382 767 προφήτου
1397 730 1510 765 χειλέων
1528 732 1542 757 6
1560 730 1664 765 ἄνθραξ
1678 729 1784 765 ἥψατο,

992 779 1038 806 καὶ
1052 778 1195 814 ἀφῄρηκεν
1215 777 1298 804 αὑτοῦ
1314 776 1364 808 τὰς
1385 775 1511 808 ἀνομίας,
1533 775 1594 802 τότε
1613 776 1661 802 καὶ
1684 775 1785 802 ἀκούει

991 826 1039 860 τῆς
1057 824 1149 859 φωνῆς
1168 822 1282 859 Κυρίου,
1297 822 1345 849 καὶ
1358 822 1428 849 δέδιε
1441 822 1490 858 μὲν
1503 821 1606 853 οὐκέτι,
1623 822 1671 848 καὶ
1688 822 1785 857 σιωπᾷ

153 869 196 889 me
207 864 239 889 Γ»
262 871 293 891 ac
305 871 335 892 se
347 864 455 894 fortiter
467 868 501 896 ad
516 869 674 904 legationem
688 871 838 909 obeundum
853 872 935 904 sistit,

1039 881 1048 897 ι
1064 870 1154 902 Τάλας
1167 870 1248 904 ὲγὼ,›
1267 869 1445 905 παρειστήκει
1457 868 1486 895 δὲ
1505 869 1552 895 καὶ
1575 867 1647 903 μάλα
1671 868 1784 903 γοργῶς

153 915 241 943 eoque
259 910 340 938 veiuti
370 919 421 940 non
437 919 558 947 vocatus,
574 915 689 945 ultrose
703 915 800 951 ingerit
814 925 821 943 :
841 925 851 942 ι
867 916 936 944 Ecce

152 961 212 988 ego,
230 955 306 983 mitte
317 964 370 985 me.
384 966 394 984 ι
410 958 688 996 QuodsidicatDeus:_
699 961 803 995 «Quem
819 962 934 992 mittam.

152 1004 180 1026 et
207 1000 268 1035 quis
298 1003 485 1036 proﬁciscetur
510 1005 544 1032 ad
569 1006 695 1041 populum
729 1007 851 1034 istum‘h
883 1015 936 1034 non

152 1046 266 1074 dicimus
280 1054 373 1076 vocem
396 1056 456 1077 esse
479 1050 637 1084 dubitantis,
662 1057 708 1079 aut
727 1053 803 1086 quasi
832 1053 937 1086 egentis

152 1091 242 1127 aliquo
277 1095 323 1128 qui
353 1096 487 1128 mittatur,
527 1098 574 1124 sed
613 1099 822 1134 perstringentis
848 1099 937 1133 potius

152 1136 276 1165 lsraelem
291 1143 416 1175 tanquam
427 1141 505 1169 valde
522 1141 729 1175 inobedientem,
743 1149 770 1170 et
781 1144 826 1179 qui
842 1151 935 1171 eorum

151 1182 196 1216 qui
226 1184 299 1211 mlssl
325 1190 389 1213 sunt
423 1186 524 1214 nemini
547 1187 781 1222 obsecundaverit,
806 1189 860 1217 imo
890 1197 938 1218 eos

152 1231 328 1260 interemerit.
355 1232 422 1260 Nam
449 1235 518 1262 alios
541 1236 736 1264 contumeliose
775 1241 936 1268 tractarunt.

152 1277 304 1312 lapidarunt
323 1279 400 1314 alios,
428 1281 509 1317 109
534 1282 602 1310 alios
630 1283 710 1310 etiam
726 1283 935 1312 interfecerunt:

151 1325 380 1358 quemadmodum
405 1332 433 1354 et
464 1327 590 1356 Christus
605 1328 674 1356 dixit
689 1349 696 1362 ,
717 1335 844 1358 contexta
860 1331 938 1359 nobis

151 1368 177 1395 in
190 1369 342 1405 Evangeliis
355 1372 491 1406 parabola.
512 1372 599 1406 Quem
620 1381 686 1410 ergo
699 1375 825 1402 mittam?
839 1375 938 1411 Ecquis

151 1415 338 1448 proﬁciscetur
363 1418 397 1444 ad
424 1418 551 1453 populum
569 1420 668 1453 istum,
689 1421 734 1454 qui
770 1425 833 1448 ante
849 1421 939 1449 missis

151 1467 205 1488 non
232 1461 356 1496 credidit,
379 1463 424 1498 qui
444 1463 537 1496 durus,
555 1465 600 1499 qui
626 1465 743 1493 crudelis
766 1465 939 1494 fuit?Etre-

151 1506 209 1541 ipsa
241 1509 451 1544 comprobarunt
493 1518 547 1538 non
581 1519 642 1539 esse
675 1511 791 1539 hominis
821 1512 940 1546 cujusvis

151 1560 214 1580 cum
227 1553 281 1581 illis
293 1562 348 1582 rem
364 1555 475 1590 habere,
501 1557 548 1584 sed
563 1558 714 1585 constantis
727 1559 826 1591 solum,
840 1563 867 1586 et
878 1566 940 1594 pro-

153 1599 238 1632 priam
263 1599 346 1634 ipsam
361 1601 444 1628 vitam
467 1602 620 1630 abnuentis.
644 1602 720 1636 Quod
738 1612 801 1632 vero
823 1603 893 1632 ﬂecti
909 1613 941 1632 ac

154 1647 255 1673 moveri
266 1647 375 1675 omnino
389 1648 506 1675 noluerit
526 1648 618 1682 Israel,
632 1650 694 1677 licet
710 1657 744 1678 ex
762 1651 803 1678 his
819 1652 939 1683 discere,

153 1699 213 1727 quae
244 1693 313 1720 Deus
341 1695 373 1721 ad
400 1695 506 1722 beatum
534 1696 693 1730 prophetam
718 1696 886 1724 Ezechielem
903 1697 941 1725 Io-

153 1743 231 1765 cutus
245 1743 295 1771 est,
309 1746 368 1774 qua:
387 1739 422 1766 ita
438 1748 466 1767 se
482 1741 581 1768 habent
595 1750 601 1768 :
617 1750 626 1767 ι
645 1741 693 1769 Fili
720 1743 848 1775 hominis,
861 1743 938 1776 vade,

154 1784 294 1820 ingredere
318 1786 351 1813 ad
374 1788 482 1814 domum
508 1788 601 1821 lsrael,
618 1795 643 1816 et
667 1789 779 1824 loquere
802 1796 941 1818 sermones

153 1838 227 1858 meos
240 1832 272 1858 ad
296 1839 376 1859 eum:
391 1834 518 1868 quoniam
551 1843 603 1862 non
626 1835 659 1862 ad
675 1835 799 1870 populum
814 1836 940 1870 profundi

154 1876 216 1904 labii
231 1881 259 1904 et
277 1879 366 1912 gravis
396 1879 492 1914 linguae
507 1881 652 1912 emitteris.
671 1881 704 1908 ad
724 1881 832 1909 domum
847 1882 940 1914 lsrael,

154 1929 241 1957 neque
263 1924 296 1950 ad
312 1924 436 1959 ,populos
450 1925 549 1954 multos
562 1926 676 1954 alterius
691 1927 776 1960 vocis,
790 1926 830 1954 vel
844 1927 942 1954 alienae

153 1967 270 2002 linguae;
289 1976 375 2004 neque
386 1970 418 1997 ad
439 1978 496 2002 eos,
513 1972 558 2006 qui
571 1979 667 2007 graves
681 1972 771 2008 lingua
786 1977 860 2005 sunt,
874 1980 942 2008 quo-

153 2021 213 2040 rum
240 2021 377 2043 sermones
403 2024 456 2044 non
483 2019 586 2045 audies.
615 2019 646 2045 Et
664 2019 686 2045 si
707 2020 740 2045 ad
764 2020 830 2047 tales
852 2020 941 2047 misis-

153 2067 211 2088 sem
231 2066 274 2096 te,
296 2063 434 2090 audissent
456 2067 482 2090 te
503 2074 510 2091 :
534 2069 562 2091 at
589 2065 684 2092 domus
712 2065 796 2093 Israel
813 2074 864 2093 non
885 2066 942 2093 vult

155 2107 252 2135 audire
267 2112 304 2141 te,
326 2109 388 2142 quia
410 2108 506 2136 nolunt
536 2110 631 2138 audire
652 2117 694 2137 me
712 2119 719 2138 :
739 2111 868 2145 quoniam
887 2115 941 2138 tota

156 2155 251 2181 domus
264 2153 346 2182 Israel
367 2155 533 2183 contentiosa
565 2161 617 2189 est,
651 2161 679 2184 et
695 2157 764 2184 duro
792 2157 915 2185 corde".
930 2167 939 2183 ι

988 917 1084 944 ἑαυτὸν
1101 918 1141 948 εἰς
1163 916 1326 951 ἀποστολὴν,
1344 915 1391 942 καὶ
1404 911 1460 941 οἷον
1477 914 1628 948 αὐτόμολος
1646 914 1686 945 είς
1700 913 1784 940 τοῦτὸ

987 972 1028 991 τοι
1049 963 1111 997 ίὼν,
1130 962 1170 994 τὸ,
1190 972 1198 988 ι
1216 962 1281 988 Ἰδοὺ
1298 961 1365 995 ἐγὼ,
1383 959 1542 987 ἀπόστειλον
1566 967 1608 995 με.
1623 969 1632 984 ι
1649 960 1681 986 Εἰ
1697 959 1727 985 δὲ
1746 959 1780 993 δή

988 1009 1062 1043 λέγοι
1084 1008 1166 1040 Θεός·
1184 1017 1193 1033 ι
1206 1008 1273 1034 Τίνα
1290 1006 1459 1038 ἀποστείλω;
1484 1006 1531 1032 καὶ¹
1550 1006 1592 1037 τίς
1614 1005 1783 1040 πορεύσεται

988 1056 1056 1092 πρὸς
1074 1055 1119 1081 τὸν
1134 1054 1198 1080 λαὸν
1213 1053 1321 1085 τοῦτον;
1334 1052 1402 1079 »οὐκ
1416 1052 1586 1087 ήπορηκότος
1602 1049 1672 1078 εἷναί
1687 1059 1781 1085 φαμεν

988 1102 1037 1138 τὴν
1062 1101 1171 1136 φωνὴν,
1199 1100 1261 1128 οὐδὲ
1289 1098 1344 1126 οἷον
1373 1099 1402 1125 ὲν
1435 1098 1532 1125 σπάνει
1563 1097 1706 1132 γεγονότος
1730 1095 1781 1123 τοῦ

988 1146 1229 1182 πεμφθησομένου,
1239 1143 1455 1179 καταιτιωμένου
1468 1143 1497 1170 δὲ
1506 1143 1606 1178 μᾶλλον
1615 1143 1662 1169 τὸν
1670 1141 1781 1178 Ἰσραὴλ

988 1193 1026 1224 ὡς
1044 1192 1145 1227 ἀπειθῆ
1167 1191 1244 1223 λίαν,
1266 1190 1313 1217 καὶ
1336 1189 1446 1221 εἴξαντα
1467 1188 1516 1224 μὲν
1533 1188 1622 1215 οὐδενὶ
1637 1187 1692 1214 τῶν
1709 1195 1779 1222 προ-

989 1238 1214 1273 απεσταλμένων,
1232 1236 1402 1264 ἀπεκτονότα
1414 1235 1443 1262 δὲ
1462 1235 1562 1270 μᾶλλον
1576 1233 1685 1266 αὐτούς.
1707 1234 1780 1264 Τοὺς

990 1284 1041 1320 μὲν
1067 1283 1122 1319 γὰρ
1147 1283 1273 1318 ῠὸρισαν,
1299 1282 1363 1313 τοὺς
1386 1281 1415 1307 δὲ
1438 1280 1640 1315 ἐλιθοϐόλησαν,
1668 1279 1732 1310 τοὺς
1750 1278 1780 1304 δὲ

988 1329 1163 1360 ἀπέκτειναν,
1175 1327 1248 1354 καθά
1262 1335 1344 1362 φησιν
1360 1327 1374 1352 ό
1388 1326 1518 1361 Χριστὸς,
1534 1325 1583 1360 τὴν
1598 1326 1627 1350 ὲν
1653 1325 1709 1355 τοῖς
1728 1323 1779 1350 Et}.

989 1375 1127 1410 αγγελίοις
1157 1375 1222 1410 ήμῖν
1241 1373 1375 1404 συντιθεὶς
1398 1372 1566 1408 παραϐολήν.
1588 1371 1655 1398 Τίνα
1677 1371 1709 1405 δὴ
1732 1368 1780 1397 οὖν

988 1422 1052 1456 ἄρα,
1068 1421 1161 1456 φησὶν,
1187 1419 1355 1452 ἀποστείλω;
1375 1418 1431 1446 Καὶ
1451 1419 1492 1450 τίς
1516 1417 1680 1452 πορεύσεται
1708 1417 1781 1452 πρὸς

989 1467 1034 1493 τὸν
1058 1466 1122 1493 λαὸν
1151 1466 1260 1499 τοῦτον;
1293 1465 1319 1492 οἲ
1344 1466 1401 1496 τοῖς
1428 1464 1478 1498 ήδη
1506 1463 1779 1499 προαπεσταλμένοις

990 1511 1183 1547 ήπειθηκότες,
1207 1511 1318 1547 σκληροί
1332 1511 1362 1537 τέ
1383 1511 1436 1536 εἱσι
1447 1530 1453 1539 .
1471 1510 1518 1536 καὶ
1534 1509 1696 1544 δυσάντητοι
1709 1531 1717 1542 ,
1733 1509 1780 1535 καὶ

990 1558 1023 1585 δι’
1038 1557 1128 1584 αὐτῶν
1148 1555 1252 1588 ἔδειξαν
1273 1556 1327 1582 τῶν
1347 1556 1528 1591 πραγμάτων,
1553 1555 1591 1586 ὡς
1610 1555 1661 1581 οὐκ
1685 1554 1719 1581 ἂν
1736 1554 1779 1589 εἴη

989 1604 1037 1631 τοῦ
1048 1604 1174 1639 τυχόντος
1191 1602 1355 1638 προσϐαλεῖν
1374 1602 1475 1634 αὐτοῖς,
1498 1602 1578 1637 μόνου
1597 1601 1626 1627 δὲ
1646 1600 1718 1635 τάχα
1731 1599 1779 1627 τοῦ

991 1649 1037 1677 καὶ
1063 1649 1148 1684 αὐτῆς
1170 1648 1360 1682 ἀπεγνωκότος
1383 1648 1432 1682 τῆς
1461 1647 1528 1679 ἰδίας
1553 1647 1637 1682 ζωῆς.
1660 1647 1722 1673 Ὀτι
1751 1646 1780 1672 δὲ

991 1695 1102 1729 γέγονεν
1120 1694 1264 1729 ἁκαμπὴς.
1280 1693 1328 1720 καὶ
1344 1692 1523 1728 ἁνουθέτητος
1538 1692 1609 1726 amvi
1621 1693 1635 1719 6
1657 1691 1778 1727 Ἰσραὴλ,

991 1740 1125 1776 ἁναμάθοι
1144 1749 1186 1771 τις
1203 1740 1237 1767 ἂν
1256 1740 1302 1766 καὶ
1322 1739 1355 1766 δι’
1369 1735 1406 1766 ὧν
1420 1739 1471 1773 ἔφη
1490 1739 1556 1770 Θεὸς
1576 1739 1644 1774 πρὸς
1667 1738 1714 1764 τὸν
1733 1746 1780 1772 μα-

992 1787 1088 1823 κάριον
1106 1785 1239 1821 Ἐζεχιήλ.
1257 1786 1334 1821 Ἔχει
1356 1785 1383 1811 δὲ
1407 1785 1509 1816 οὕτως·
1525 1794 1535 1810 t
1552 1785 1599 1811 Υἱὲ
1621 1784 1778 1818 ἀνθρώπου,

993 1833 1094 1868 βάδιζε,
1108 1832 1212 1859 εἴσελθε
1223 1833 1263 1864 εἱς
1275 1831 1321 1858 τὸν
1335 1829 1409 1858 οἷκον
1418 1831 1465 1858 τοῦ
1474 1831 1592 1868 Ἰσραήλ,
1605 1831 1652 1857 καὶ
1662 1831 1778 1865 λάλησον

991 1880 1054 1911 τοὺς
1067 1878 1162 1913 λόγους
1178 1887 1228 1913 μου
1245 1878 1312 1913 πρὸς
1325 1878 1417 1910 αὐτὸν,
1433 1878 1500 1904 διότι
1515 1878 1545 1904 οὐ
1560 1877 1629 1913 πρὸς
1651 1877 1717 1904 λαὸν
1732 1877 1779 1911 βα-

993 1924 1116 1959 θύχειλον
1131 1924 1178 1950 καὶ
1194 1923 1401 1958 βραδύγλωσσον
1418 1923 1612 1960 ἐξαποστέλλῃ,
1624 1923 1695 1959 πρὸς
1706 1921 1778 1950 οἷκον

991 1970 1039 1997 τώ
1056 1969 1173 2005 Ἰσραὴλ,
1189 1969 1249 1996 οὐδὲ
1267 1969 1334 2004 πρὸς
1355 1969 1436 2000 λαοὺς
1458 1969 1572 2000 πολλοὺς
1596 1969 1778 2004 ἀλλοφώνους,

991 2017 1010 2051 ἢ
1036 2015 1250 2050 ἀλλογλώσσους,
1267 2016 1327 2042 οὐδὲ
1345 2015 1491 2050 στιϐαροὺς
1507 2016 1540 2050 τῇ
1556 2015 1667 2051 γλώσσῃ
1687 2015 1778 2047 ὄντας,

993 2060 1030 2088 ὦν
1054 2062 1104 2088 οὐκ
1127 2061 1231 2097 ἀκούσῃ
1253 2062 1316 2093 τοὺς
1342 2061 1438 2095 λόγους
1458 2061 1557 2088 αὐτῶν.
1580 2061 1635 2088 Καὶ
1660 2062 1685 2087 εί
1711 2062 1779 2096 πρὸς

993 2108 1131 2140 τοιούτους
1145 2107 1323 2141 ὲξαπέστειλά
1339 2115 1378 2139 σε,
1391 2107 1468 2133 αὐτοὶ
1480 2106 1512 2133 ἂν
1531 2107 1695 2142 εἰσήκουσάν
1710 2115 1757 2133 σου
1771 2116 1778 2122 ·

993 2156 1008 2181 ό
1028 2155 1057 2181 δὲ
1080 2152 1153 2186 οἶκος
1175 2153 1223 2180 τοῦ
1245 2153 1354 2188 Ἰσραὴλ
1372 2154 1402 2179 οὺ
1423 2152 1460 2188 μὴ
1484 2152 1644 2188 θελήσουσιν
1663 2153 1780 2179 ἀκοῦσαί

155 2199 270 2228 ’l‘antum
291 2208 344 2229 non
373 2201 497 2229 videlicet
516 2201 655 2235 dubitans,
670 2207 707 2235 et,
730 2208 760 2230 ut
776 2205 855 2231 modo
874 2204 935 2237 dixi,

1028 2210 1051 2234 υ,
1075 2201 1142 2228 διότι
1162 2201 1192 2227 οὗ
1216 2200 1354 2235 βούλονται
1375 2198 1534 2226 εἰσακοῦσαι
1556 2208 1622 2234 μου,
1639 2200 1681 2225 ὅτι
1700 2200 1781 2230 πᾶςό

154 2247 189 2274 ob
222 2246 333 2274 multam
371 2247 556 2276 crudelitatem
596 2248 733 2277 lsraelitas
771 2249 939 2277 insimulans.

153 2291 239 2326 Quem
259 2292 342 2328 igitur
360 2293 461 2321 mitto?
481 2293 614 2329 Propheta
643 2295 725 2330 igitur
736 2295 809 2322 omni
829 2300 941 2323 cuncta-

154 2337 229 2364 tione
245 2337 371 2372 abjecta:
397 2347 407 2364 ι
427 2338 506 2372 Ecce,
541 2339 640 2374 inquit,
669 2347 729 2375 ego,
759 2340 836 2367 mitte
857 2348 910 2367 me.
930 2350 939 2366 ι

155 2382 270 2416 Quando
283 2391 347 2419 ergo
357 2389 384 2412 et
399 2392 449 2413 nos
459 2385 566 2413 divinus
588 2386 670 2414 carbo
680 2386 833 2422 contigerit,
850 2386 884 2414 ab
899 2386 942 2414 of-

156 2427 240 2456 fensis
252 2429 311 2463 puri
322 2429 435 2462 erimus,
453 2433 481 2457 et
493 2431 621 2466 prompti,
642 2435 723 2466 atque
735 2431 768 2458 ad
795 2438 938 2466 capessen-

157 2473 218 2500 dam
246 2473 407 2509 legationem
423 2475 580 2510 juveniliter
594 2476 714 2504 alacres:
739 2477 810 2511 quod
824 2481 851 2504 et
870 2476 942 2504 fece-

157 2521 315 2548 runtdivlni
331 2521 466 2558 discipuli.
491 2522 620 2556 Quamvis
633 2523 704 2550 enim
731 2530 763 2550 ex
779 2522 879 2550 Iudaeis
898 2529 943 2550 es-

156 2570 227 2600 sent,
240 2571 268 2594 et
279 2571 343 2594 ante
354 2567 516 2594 charilatem
538 2569 563 2595 in
578 2569 715 2596 Christum
733 2570 871 2602 donatam,
892 2570 942 2597 im-

157 2620 222 2646 pura
240 2616 269 2639 et
283 2612 334 2647 ipsi
351 2613 420 2640 labia
433 2613 564 2641 haberent
577 2621 638 2640 cum
655 2615 761 2642 caneris
778 2623 784 2641 :
801 2619 942 2649 postquam

159 2666 247 2686 tamen
274 2659 352 2686 ﬁdem
363 2659 547 2693 admisissent,
565 2661 722 2695 pneclaram
747 2661 942 2689 confessionem

157 2703 310 2736 ediderunt,
327 2712 359 2731 ac
376 2705 458 2732 carbo
481 2712 528 2732 eos
553 2705 648 2741 tetigit,
662 2713 694 2733 ac
715 2710 769 2733 tum
789 2706 895 2740 quidem
909 2706 942 2733 ad

157 2748 318 2785 legationem
332 2752 417 2778 vocati
432 2757 505 2784 sunt,
521 2756 546 2779 et
578 2752 636 2780 sine
652 2760 728 2781 mora
741 2752 923 2787 sequebantur
936 2763 942 2780 :

193 2828 216 2843 "
231 2829 328 2857 Ezeclt.
350 2837 391 2862 Ill,
410 2829 425 2856 4
439 2831 479 2857 -7,

993 2245 1068 2279 οἶκος
1074 2247 1121 2273 τοῦ
1128 2246 1236 2282 Ἰσραὴλ
1247 2246 1393 2281 φιλόνεικοι
1402 2246 1466 2277 είσι,
1480 2245 1528 2272 καὶ
1540 2245 1778 2280 σκληροκάρδιοι.»

994 2293 1115 2324 Εἰκότως
1127 2293 1159 2328 δὴ
1171 2291 1217 2320 οὖν
1238 2292 1378 2328 μονονουχὶ
1391 2292 1545 2327 ἀπορήσας,
1571 2291 1671 2326 μᾶλλον
1682 2291 1722 2322 δὲ,
1744 2291 1780 2323 ὼς

995 2339 1073 2374 ἔφην,
1087 2338 1187 2374 ἀρτίως
1202 2339 1248 2364 ἐπὶ
1261 2337 1345 2373 πολλῇ
1357 2337 1417 2364 λίαν
1430 2337 1552 2372 ὠμότητι
1564 2335 1781 2370 καταιτιώμενος

994 2386 1057 2416 τοὺς
1073 2385 1103 2416 eg
1120 2384 1238 2420 Ἰσραήλ.
1254 2384 1321 2410 Τίνα
1339 2383 1371 2418 δὴ
1388 2381 1435 2410 οὖν
1449 2383 1620 2415 ἀποστείλως
1636 2382 1781 2417 Μελλήσας

995 2432 1027 2468 δὴ
1041 2429 1087 2458 οὖν
1100 2432 1115 2457 ό
1129 2431 1271 2466 προφήτης
1281 2430 1341 2457 κατ’
1352 2429 1448 2456 οὐδένα
1464 2429 1580 2464 τρόπον·
1593 2437 1602 2454 ι
1614 2428 1681 2454 Ἰδοὺ
1697 2427 1779 2460 hic,»

997 2478 1090 2513 φησὶν,
1108 2486 1117 2502 ι
1137 2475 1296 2503 ἀπόστειλόν
1315 2484 1358 2510 με.
1378 2484 1387 2500 ι
1399 2475 1484 2501 Ὅταν
1498 2474 1589 2501 τοίνυν
1605 2474 1652 2500 καὶ
1672 2472 1753 2507 ἡμῶν
1767 2472 1781 2498 6

997 2522 1068 2554 θεῖος
1080 2522 1182 2557 ἄνθραξ
1199 2521 1374 2557 ἐπιθιγγάνῃ,
1390 2520 1506 2555 καθαροὶ
1526 2520 1575 2555 μὲν
1591 2518 1711 2554 ἐσόμεθα
1729 2518 1783 2544 τῶν

997 2568 1221 2603 διεπταισμένων,
1236 2568 1370 2602 πρόθυμοι
1385 2567 1413 2592 δὲ
1434 2566 1481 2592 καὶ
1495 2565 1613 2592 νεανικοὶ
1630 2564 1701 2600 πρὸς
1716 2565 1782 2590 ἀπο-

997 2615 1103 2650 στολὴν,
1117 2615 1131 2641 ὃ
1142 2614 1173 2649 δὴ
1194 2615 1242 2641 καὶ
1256 2614 1429 2649 πεπράχασιν
1443 2614 1467 2639 oi
1490 2611 1628 2638 θεσπέσιοι
1651 2610 1781 2645 μαθηταί.

996 2660 1094 2687 Καίτοι
1117 2659 1171 2694 γὰρ
1192 2659 1268 2690 όντες
1291 2659 1320 2690 ἐξ
1346 2657 1497 2690 Ἰουδαίων,
1520 2657 1567 2683 καὶ
1590 2655 1643 2690 πρὸ
1664 2657 1715 2690 τῆς
1744 2657 1782 2687 είς

997 2705 1114 2741 Χριστὸν
1126 2705 1246 2740 ἀγάπης,
1264 2703 1407 2739 ἀκάθαρτά
1423 2712 1474 2730 που
1491 2703 1537 2730 καὶ
1552 2701 1643 2728 αὐτῶν
1659 2701 1695 2728 τὰ.
1709 2701 1782 2737 χείλη

999 2751 1068 2788 μετὰ
1081 2751 1135 2779 τῶν
1151 2751 1237 2779 ἀλλων
1252 2750 1369 2786 ἔχοντες,
1392 2749 1489 2785 ἐπειδὴ
1502 2749 1531 2776 δὲ
1548 2749 1725 2785 προσήκαντο
1736 2748 1783 2783 τὴν
