1887 3054
47 144 86 174 185
621 149 655 178 ΙΝ
673 150 790 180 ISAIAM
811 153 818 181 Ι

911 174 918 182 .
937 156 1042 186 ORAT.
1060 156 1103 188 IV.

1620 167 1670 196 186

48 207 137 239 πίστιν,
152 206 326 241 πεποίηνται
347 208 395 243 τὴν
415 207 499 242 καλὴν
521 209 676 244 ὁμολογίαν,
692 210 781 245 ἥψατο
801 211 815 237 ὁ

913 216 990 244 metsi
1007 216 1095 246 Moses
1112 218 1327 253 sapientissimus
1341 221 1410 248 dicat
1427 231 1434 249 :
1454 232 1462 249 ι
1477 223 1609 258 Obsecro,
1621 227 1673 255 Do-

46 252 84 280 καὶ
99 250 184 279 αὐτῶν
198 252 214 278 ὁ
227 251 356 288 ἄνθραξ,
373 253 433 281 τότε
448 254 494 281 καὶ
514 255 659 290 κέκληνται
676 256 744 292 πρὸς
758 257 827 284 ἁπο-

47 297 138 332 στολὴν,
159 297 207 323 καὶ
230 297 404 333 ἠκολούθουν
427 299 569 335 ἀμελλητὶ,
592 301 679 327 καίτοι
703 300 828 336 λέγοντος

45 343 84 370 τοῦ
99 343 235 378 πανσόφου
250 344 394 377 Μωσέως·
413 354 421 370 ι
438 345 538 380 Δέομαι
549 365 557 378 ,
573 346 670 381 Κύριε,
689 348 828 384 προχειρι-

47 399 81 417 aut
98 390 171 417 ἄλλον
193 389 362 425 δυνάμενον,
375 391 405 418 ὃν
418 391 592 426 ἀποστελεῖς·
613 402 622 418 ι
650 393 783 430 Ἰερεμίου
799 394 827 421 δὲ

47 434 130 463 πάλιν·
146 444 156 461 ι
166 435 197 462 '0
212 435 265 467 ὢν,
280 437 407 464 Δέσποτα
415 437 513 473 Κύριε,
538 438 593 465 ἰδοὺ
609 439 660 464 οὐκ
678 439 827 475 ἐπίσταμαι

46 483 129 514 λαλεῖν,
141 482 188 508 ὄτι”
201 483 260 514 ὲγὼ
280 483 414 519 νεώτερός
428 485 495 518 εἰμι.
516 493 525 509 ι
548 483 715 520 Θερμότεροι
731 485 763 521 δὴ
780 483 827 512 οὖν

46 528 100 564 πρὸς
122 528 277 564 ἀποστολὴν
310 529 358 556 καὶ
389 529 527 556 διακονίαν
555 529 610 556 τῶν
638 530 826 566 ἀρχαιοτέρων

45 574 115 608 ἁγίων
139 574 164 600 οῖ
188 575 219 600 ἐν
245 575 370 611 Χριστῷ.
398 576 452 602 Καὶ
476 575 564 612 σαφὴς
587 575 621 602 ἂν
641 576 747 610 γένοιτο
770 577 818 603 τοῦ

882 261 964 293 mine,
989 267 1085 297 coopta
1105 263 1187 291 alium
1202 269 1352 300 potentem,
1365 258 1445 302 quem
1462 270 1554 298 mittas
1563 271 1614 299 ⁸’.›
1638 272 1671 300 Et

880 303 1013 334 Jeremias
1037 308 1134 336 iterum
1154 319 1159 336 :
1182 319 1192 335 ι
1213 310 1251 337 Tn
1266 311 1312 346 qui
1341 319 1409 345 es,o
1436 313 1593 343 Dominator
1619 317 1672 345 Do-

882 351 965 383 mine,
994 359 1059 380 ecce
1090 361 1142 381 non
1168 355 1225 383 scio
1251 356 1334 391 loqui,
1358 359 1486 393 quoniam
1510 369 1562 396 ego
1579 363 1672 396 junior

882 403 943 424 sum
961 397 996 424 ".
1018 407 1025 424 ι
1058 398 1247 429 Ferventiores
1265 402 1346 437 igitur
1378 405 1411 432 nd
1438 407 1616 440 apostolatnm
1643 413 1671 436 et

882 442 1063 471 ministerium
1079 445 1246 480 Christiani,
1264 456 1344 484 quam
1362 456 1468 480 veteres
1492 454 1588 480 Sancti.
1607 453 1670 481 lliu-

881 489 948 535 stris
965 495 1055 535 autem
1070 491 1150 526 hujus
1163 493 1203 520 rei
1223 498 1300 529 typus
1318 503 1378 524 ease
1390 498 1486 531 paterit
1499 499 1593 527 beatus
1604 507 1667 535 pro-

880 533 961 567 pheta
984 533 1080 568 lsaias,
1101 543 1162 572 post
1187 540 1315 567 carbonis
1338 546 1478 575 attactum,
1491 551 1552 570 cum
1569 533 1668 572 clamat

879 583 907 606 et
919 579 985 608 dicit
1000 591 1008 608 :
1024 591 1033 608 ι
1049 582 1120 610 Ecce
1134 591 1193 620 ego,
1211 585 1287 612 mitte
1300 594 1353 614 me.
1368 596 1377 612 ο

45 621 188 671 πράγματος
212 622 304 671 τοπος
324 624 339 649 ὁ
354 623 496 671 Δμακάριος
510 623 662 671 ’προφήτης
690 622 820 656 Ἡσαΐας,
839 626 909 660 μετὰ
938 627 988 664 τὴν
1000 629 1047 656 τοῦ
1075 630 1210 666 ἄνθρακος
1238 633 1347 669 ἐπαφὴν
1362 634 1558 671 ἀνακεκραγώς
1574 645 1603 663 τι
1619 637 1666 664 καὶ

45 670 116 702 λέγων
127 667 171 694 τό·
193 677 202 693 ι
227 668 297 695 Ἰδοὺ
315 668 380 703 ἐγὼ,
395 669 554 696 ἁπόστειλόν
575 677 619 705 με.
641 679 650 695 ι

71 715 118 743 Kal
124 714 221 743 εἶπεν·
235 718 415 752 Πορεύθητι,
429 718 479 745 καὶ
492 716 580 745 εἷπον
592 718 633 751 τῷ
646 718 710 752 λαῷ
719 718 822 752 τούτῳ

50 762 121 797 Ἀκοῇ
130 763 289 796 ἀκούσετε,
303 764 352 790 καὶ
362 765 397 791 οὐ
403 764 446 799 μὴ
456 765 581 800 συνῆτε·
595 766 645 793 καὶ
653 767 824 799 ,βλέποντες

915 719 996 746 Vens.
1015 719 1042 752 9,
1060 721 1104 748 lo.
1122 720 1156 748 Et
1173 723 1241 749 dixit
1258 731 1268 750 :
1291 723 1476 759 Proﬁciscere,
1506 733 1530 754 et
1553 729 1596 756 die
1615 739 1664 765 po-

876 765 939 798 pqu
949 766 1010 793 huic
1026 773 1037 794 .'
1054 767 1133 802 no
1144 767 1244 795 Audita
1257 770 1381 801 audietis,
1397 776 1483 799 etnon
1496 773 1665 809 intelligetis;

43 809 176 843 βλέψετε,
200 809 253 835 καὶ
279 810 318 836 οὐ
336 809 380 845 μὴ
407 810 502 845 ἴδητε.
524 811 693 846 Ἐπαχύνθη
717 810 772 846 γὰρ
798 811 818 846 ή

915 811 1031 840 videntes
1043 813 1173 845 videbitis,
1190 819 1215 841 et
1233 823 1285 842 non
1307 816 1439 845 videbitis.
1454 817 1581 846 Crassum
1595 821 1664 849 enim

45 855 135 890 καρδία
151 855 203 882 τοῦ
223 856 307 884 λαοῦ
325 857 444 889 τούτου,
465 858 516 885 καὶ
539 858 602 890 τοῖς
627 857 704 884 ὠσὶν
723 857 823 885 αὐτῶν

43 901 142 936 ,ϐαρέως
169 901 334 935 ἥκουσαν,
356 903 407 930 καὶ
435 903 508 936 τοὺς
532 903 706 938 ὀφθαλμοὺς
724 903 823 932 αὐτῶν

46 949 214 983 ἐκάμμυσαν,
234 948 280 983 μή
302 956 377 976 ποτε
398 949 483 977 ἴδωσι
500 950 563 983 τοῖς
579 950 757 984 ὀφθαλμοῖς,
773 949 823 976 καὶ

45 995 95 1027 τοῖς
107 994 178 1020 ὠσὶν
191 994 365 1027 ἀκούσωσι,
390 995 439 1022 καὶ
453 994 491 1030 τῇ
504 995 610 1030 καρδίᾳ
629 994 758 1028 συνῶσι,
772 995 821 1022 καὶ

45 1038 240 1073 ἐσιστρέψωσι,
258 1040 311 1067 καὶ
325 1040 452 1075 ιάσωμαι
464 1042 585 1075 αὐτούς.

73 1084 193 1119 Πώρωσιν
207 1085 258 1120 μὲν
278 1086 335 1113 ἀπὸ
350 1086 450 1122 μέρους
468 1087 683 1123 γεγενῆσθαιτῷ
702 1089 820 1124 Ἰσραὴλ,

46 1130 196 1163 ὁθεσπέσιος
214 1131 322 1167 γράφει
338 1132 443 1165 Παῦλος
453 1141 460 1148 ·
480 1133 667 1169 διερμηνεύων
681 1134 710 1161 δὲ
725 1135 822 1171 ὥσπερ

46 1177 94 1203 τίνα
115 1177 211 1212 τρόπον
241 1178 338 1210 αὐτοῖς
369 1179 418 1215 τὴν
440 1179 568 1215 πώρωσιν
589 1180 688 1215 συνέῢη
712 1181 820 1208 παθεῖν.

52 1223 190 1260 "Attin-7&9
200 1225 338 1260 σήμερον,
352 1225 445 1261 φησὶν,
457 1226 539 1261 ἡνίκα
551 1226 584 1253 ἂν
599 1226 821 1262 ἀναγινώσκηται

47 1270 149 1303 Μωσῆς,
166 1270 303 1306 κάλυμμα
330 1271 377 1298 ἐπὶ
395 1271 444 1307 τὴν
461 1271 575 1308 καρδίαν
599 1272 688 1300 αὐτῶν
701 1274 817 1300 κεῖται.»

48 1315 92 1341 Καὶ
105 1316 154 1351 γὰρ
167 1313 203 1351 ἦν
223 1316 376 1343 ἀκόλουθον
392 1319 450 1349 τοῖς
469 1319 509 1350 εἰς
529 1318 609 1345 τοῦτο
623 1318 714 1345 λοιπὸν
727 1318 821 1355 ἀγριό-

48 1369 112 1396 τητος
130 1361 236 1397 τρόπων
252 1362 446 1399 ὼλισθηκόσιν,
465 1364 502 1396 ὡς
522 1363 590 1391 πολὺ
617 1365 707 1391 νοσεῖν
725 1365 756 1392 τδ
775 1364 820 1398 ἐε-

48 1407 117 1441 ήνιον,
139 1408 183 1434 καὶ
207 1409 279 1444 μήτε
305 1410 363 1441 τοῖς
387 1410 509 1442 Μωσέως
538 1411 701 1446 γράμμασιν
734 1412 820 1438 εἴκειν

48 1453 171 1486 ἐθέλοντες,
194 1455 265 1490 μήτε
288 1454 344 1491 μὴν
358 1457 414 1488 τοῖς
436 1456 525 1491 ἁγίοις
546 1458 717 1492 προφήταις·
733 1465 819 1492 προσ-

873 857 995 891 effectum
1022 864 1060 886 est
1083 867 1130 886 cor
1152 861 1241 894 populi
1264 861 1362 897 hujus,
1382 868 1408 890 et
1427 864 1536 892 auribus
1551 868 1666 902 grauiter

873 903 1035 937 audierunt,
1064 909 1088 931 et
1116 905 1206 933 oculos
1231 915 1293 934 suos
1315 908 1500 942 occluserunt,
1527 912 1664 946 nequando

872 949 977 975 uideant
1006 950 1102 982 oculis,
1127 956 1152 977 et
1177 953 1286 979 auribus
1297 954 1420 988 audiant,
1437 960 1461 982 et
1478 957 1557 983 corde
1570 957 1664 984 intelli-

871 999 945 1030 gent,
959 1000 984 1022 et
999 1002 1196 1031 σοπυεηαηιιιν,
1215 1004 1238 1025 ιι
1256 1008 1345 1027 sanam
1362 1009 1416 1028 €0.-

907 1082 1122 1112 Excmcationem
1137 1092 1170 1112 ex
1198 1090 1275 1119 parte
1302 1086 1401 1116 factam
1434 1087 1527 1116 lsraeli
1554 1089 1663 1118 divinus

872 1127 973 1157 Paulus
985 1130 1093 1164 scribit,
1111 1131 1293 1165 interpretans
1305 1132 1361 1160 fere
1372 1134 1598 1168 quemadmodum
1611 1135 1662 1164 illis

872 1176 1053 1204 excaecatione
1073 1177 1127 1211 pati
1144 1178 1297 1212 contigerit.
1320 1187 1330 1204 ι
1347 1179 1388 1206 Ad
1410 1180 1570 1208 hodiernum
1582 1181 1660 1212 .euim

872 1229 958 1256 usque
975 1222 1057 1255 diem,
1070 1223 1169 1257 inquit,
1190 1223 1298 1258 quando
1319 1225 1417 1260 legitur
1444 1226 1532 1254 Moses
1544 1247 1551 1259 ,
1570 1227 1658 1254 velum

871 1268 946 1294 cordi
954 1275 1047 1296 eorum
1059 1267 1206 1302 imponitur
1214 1269 1259 1296 ³⁰’.
1273 1279 1282 1296 ι
1294 1269 1398 1298 Etenim
1413 1271 1457 1306 qui
1471 1271 1504 1299 ad
1520 1272 1598 1299 istam
1611 1272 1659 1300 deo

872 1321 945 1341 mum
970 1322 1075 1342 morum
1095 1314 1229 1343 feritatem
1263 1316 1366 1352 delapsi
1389 1322 1466 1349 sunt,
1496 1323 1526 1345 ut
1543 1318 1662 1347 clirenel

871 1358 961 1394 plane,
990 1367 1077 1394 neque
1097 1360 1225 1389 Mosaicis
1242 1362 1363 1397 scriptis,
1381 1370 1468 1396 neque
1481 1364 1584 1390 sanctis
1600 1371 1661 1398 pro-

870 1405 971 1440 phetis,
985 1405 1056 1433 addo
1070 1407 1164 1440 etiam,
1179 1415 1266 1442 neque
1286 1408 1337 1443 ipsi
1355 1408 1465 1436 Christo
1482 1410 1595 1437 obedire
1610 1417 1659 1438 vo-

871 1451 971 1479 luerint
982 1460 990 1478 :
1002 1459 1050 1480 eos
1067 1452 1171 1480 nebulae
1198 1453 1376 1489 intelligibilis
1388 1454 1565 1483 circumfundi
1584 1461 1660 1484 tene-

48 1497 108 1534 θείην
128 1499 148 1525 δ’
167 1499 200 1526 ἂν
222 1501 264 1527 ὅτι
290 1501 360 1536 μηδὲ
387 1502 464 1537 αὐτῷ
491 1502 532 1538 τῷ
554 1502 675 1538 Χριστῷ,
705 1503 744 1539 τῷ
770 1503 818 1539 τῆς

915 1505 939 1530 s,
951 1502 978 1525 et
995 1498 1107 1526 minimo
1128 1499 1217 1527 minus
1232 1507 1247 1526 a
1274 1499 1407 1535 lapidibus
1434 1509 1514 1528 sensu
1540 1502 1661 1530 carenti-

48 1545 130 1581 νοητῆς
149 1547 247 1581 ἀχλύος
270 1547 530 1584 καταλαμϐάνεσθαι
551 1551 650 1585 σκότῳ,
674 1551 721 1578 καὶ
741 1550 820 1585 ὀλίγα

48 1591 176 1626 διενεγκεῖν
195 1593 251 1620 τῶν
271 1593 445 1630 ἀναισθήτων
460 1595 552 1624 λίθων,
570 1595 680 1632 Ταύτην
699 1594 746 1623 οὖν
765 1596 820 1633 ἄρα

48 1639 145 1665 ποιεῖται
159 1639 207 1674 τὴν
231 1640 436 1677 προαγόρευσιν
458 1642 472 1668 ὁ
492 1641 546 1668 τῶν
565 1642 633 1668 ὅλων
661 1642 742 1675 Θεὸς,
773 1643 819 1669 καὶ

47 1683 77 1719 τῷ
87 1685 200 1720 προφήτῃ
220 1687 370 1722 παρεγγυᾷ
386 1687 628 1723 προκαταμηνύειν
649 1688 742 1720 αὐτοῖς
752 1696 759 1704 ·
777 1689 819 1715 ὅτι

51 1730 136 1766 (Ἀκοῇ
156 1731 287 1759 ἀκούσετε
313 1733 361 1760 καὶ
381 1733 411 1759 οὐ
428 1734 464 1769 μὴ
488 1733 598 1769 συνῆτεσ
611 1735 658 1761 καὶ
675 1733 818 1770 βλέποντες

48 1775 150 1810 βλέψετε,
164 1779 210 1804 καὶ
222 1778 263 1805 οὐ.
272 1778 312 1814 μὴ
329 1778 414 1814 ῐδητε.
430 1789 440 1805 ι
467 1779 598 1814 Γεγόνασι
612 1779 668 1816 γὰρ
685 1780 816 1815 αὐτήκοοι

48 1822 86 1856 τῆς
104 1822 145 1848 τοῦ
166 1823 292 1860 Σωτῆρος
311 1825 422 1860 φωνῆς’
443 1825 562 1858 ἐδίδαξεν
581 1825 610 1853 ὲν
636 1828 817 1860 συναγωγαῖς,

49 1869 260 1905 προσπεφώνηκεν
282 1870 313 1896 ὲν
335 1871 392 1902 τοῖς
415 1870 614 1905 Ἰεροσολύμοις
642 1871 814 1904 πλειστάκις,

49 1915 94 1940 ἀλλ’
104 1913 166 1951 ἦσαν
179 1917 206 1942 ὲν
219 1916 270 1951 ῐσῳ
282 1917 341 1948 τοῖς
356 1916 416 1952 μηδ’
431 1917 500 1948 ὅλως
514 1917 672 1953 ἁκηκοόσιν.
685 1918 817 1952 Γεγόνασι

48 1960 127 1996 θεωροὶ
141 1961 192 1989 τῶν
203 1962 367 1999 παραδόξως
376 1963 588 1999 τετελεσμένων.
603 1964 751 1991 Τεθέανται
761 1965 817 2001 γὰρ

48 2006 145 2042 λεπροὺς
166 2008 212 2035 τοῦ
237 2009 346 2041 πάθους
363 2009 601 2046 ἀπηλλαγμένους,
620 2010 817 2046 ἀναπηδῶντας

47 2052 142 2086 χωλοὺς,
157 2055 272 2089 τυφλοὺς
289 2055 504 2089 ἁναὸλέπθντας,
519 2056 634 2091 νεκροὺς
655 2055 688 2082 ὲκ
708 2056 817 2091 μνημάο

48 2107 91 2124 των
109 2099 315 2136 ἀνισταμένουςε
328 2101 385 2128 ἀλλ’
401 2101 557 2137 ὠφέληνται
573 2102 622 2137 μὲν
642 2102 703 2128 κατ’
720 2101 816 2128 οὐδένα

49 2144 140 2179 τρόπον,
152 2145 244 2182 ὥσπερ
257 2148 287 2174 δὲ
308 2148 355 2174 καὶ
368 2148 458 2176 αὐτῶν
474 2149 606 2184 ὀμμάτων
624 2148 814 2184 ἐστερημένοι,

49 2189 161 2219 διετέλουν
172 2193 196 2219 οἱ
207 2193 333 2221 δείλαιοι.
353 2194 445 2230 Ταύτῃ
464 2203 504 2221 τοι
523 2195 570 2221 καὶ
582 2194 755 2226 ὀνειδίζονται
770 2194 814 2221 διὰ

49 2235 90 2270 τῆς
107 2238 156 2265 τῶν
170 2239 253 2273 ἀγιων
269 2239 374 2275 φωνῆς,
396 2241 433 2272 ὡς
460 2242 604 2275 γεγονότες
625 2240 669 2268 ἀεὶ
696 2240 812 2276 σκληρο-

49 2283 169 2320 τράχηλοι,
187 2287 232 2312 καὶ
250 2286 375 2317 ἀπειθεῖς
391 2287 424 2322 τῇ
445 2286 557 2323 καρδίᾳ,
574 2287 621 2314 καὶ
636 2287 814 2319 ἀπεκτονότες

50 2329 134 2363 ἁγίους.
148 2332 273 2359 Δεδόσθαι
293 2340 324 2366 γε
337 2332 389 2367 μὴν
404 2333 452 2368 τὴν
466 2333 593 2367 πώρωσιν
608 2334 702 2365 αὐτοῖς
719 2342 812 2369 φησιν,

49 2374 84 2401 ἵνα
98 2375 130 2410 μὴ
145 2376 216 2403 flium
235 2378 294 2409 τοῖς
311 2377 471 2413 ὀφθαλμοῖς,
489 2379 536 2405 καὶ
546 2378 647 2406 συνῶσι
657 2379 690 2414 τῇ
702 2379 814 2414 καρδίᾳ,

50 2420 87 2447 καὶ
101 2421 289 2458 ὲπιστρὲψωσι,
306 2424 352 2450 καὶ
368 2423 476 2459 ἰάσηται
492 2422 603 2454 αὐτούς.
613 2425 669 2451 Καὶ
684 2424 765 2451 τοῦτο
779 2422 814 2460 ἦν

51 2465 94 2501 ἄρα
107 2468 149 2495 καὶ
170 2470 241 2504 μάλα
261 2469 367 2505 σαφῶς,
387 2471 455 2506 ὅπερ
475 2470 529 2505 ἔφη
551 2470 669 2506 Χριστὸς
690 2470 815 2498 ἀπειθεῖν

50 2512 190 2548 ᾑρημένοις·
214 2525 224 2542 ‹
240 2516 289 2551 Μὴ
315 2515 463 2550 γογγύζετε
481 2517 539 2551 μετ’
562 2516 686 2552 ἀλλήλων
697 2524 703 2530 ·
722 2516 811 2548 οὐδεὶς

49 2557 139 2587 δύναται
161 2561 246 2589 ἐλθεῖν
265 2562 336 2599 πρός
362 2571 407 2597 με,
428 2562 475 2589 ἐὰν
493 2562 537 2598 »μὴ
559 2563 573 2589 ὁ
594 2563 690 2599 Πατήρ
712 2571 763 2598 μου
797 2564 812 2590 ό

51 2605 141 2639 πέμψας
161 2615 193 2642 με
213 2607 315 2643 ἑλκύσῃ
341 2607 433 2634 αὐτόν.
453 2617 462 2633 ι
486 2607 541 2634 Καὶ
561 2607 659 2635 πάλιν·
685 2617 695 2634 ι
717 2609 776 2640 Πᾶς
799 2609 813 2635 ὁ

50 2647 146 2683 ἀκούσας
160 2653 232 2688 παρὰ
250 2652 298 2679 τοῦ
316 2652 432 2688 Πατρδς,
446 2652 555 2688 ἔρχεται
573 2653 642 2688 πρός
656 2661 699 2688 με.
711 2662 720 2678 ι
740 2653 812 2680 Οὐκ-

52 2693 123 2722 οὖνού
136 2698 274 2734 κέκληνται
290 2698 358 2735 πρὸς
373 2699 520 2733 ἐπίγνωσιν
535 2700 583 2726 τοῦ
601 2700 677 2732 Υἱοῦ,
693 2700 728 2727 δι’
739 2701 812 2727 ἀπο-

52 2741 170 2777 καλύψεως
187 2745 234 2772 τοῦ
246 2745 315 2773 Θεοῦ
333 2745 380 2773 καὶ
396 2747 512 2782 Πατρὺς,
524 2747 564 2773 ὅτι
579 2747 646 2783 μηδὲ
658 2745 728 2783 ἦσαν
741 2747 812 2780 ἄξιοι

53 2785 91 2821 τῆς
104 2787 133 2815 δι’
146 2790 223 2818 αὺτοῦ
241 2791 381 2827 σωτηρίας
393 2792 440 2819 καὶ
451 2792 534 2828 ζωῆς,
555 2793 587 2820 El
603 2793 631 2820 δὲ
643 2793 674 2828 δή
692 2802 734 2825 τις
749 2794 811 2828 βού-

870 1544 921 1572 bus
946 1545 1052 1578 abesse,
1069 1551 1280 1573 consentaneum
1299 1551 1351 1574 est.
1367 1546 1423 1574 lloc
1452 1548 1565 1582 proinde
1589 1548 1660 1575 vati-

871 1590 973 1618 cinium
990 1591 1108 1618 instituit
1121 1591 1308 1619 universorum
1318 1591 1397 1624 Deus,
1414 1597 1442 1620 et
1453 1593 1532 1628 jubet
1547 1594 1659 1629 prophe-

871 1641 925 1663 tam
936 1637 1096 1664 denuntiare
1108 1637 1174 1665 illis:
1187 1647 1196 1663 ι
1211 1638 1309 1665 Autlitu
1318 1639 1443 1672 audietis,
1457 1646 1483 1666 et
1494 1648 1545 1667 non
1558 1640 1658 1668 intelli-

870 1683 939 1717 getis
965 1704 972 1715 ,
996 1688 1024 1710 et
1046 1683 1170 1711 videntes
1201 1684 1338 1717 videbitis,
1358 1689 1385 1712 et
1414 1692 1467 1712 non
1493 1686 1627 1713 videbitis.
1646 1694 1656 1711 ι

869 1728 990 1756 Fuerunt
1006 1730 1076 1756 enim
1097 1729 1147 1763 ipsi
1161 1730 1242 1757 auriti
1263 1735 1355 1763 testes,
1368 1730 1564 1765 auditoresque
1581 1731 1658 1758 vocis

870 1774 1023 1803 Servatoris
1037 1775 1148 1809 ;docuit
1162 1776 1188 1803 iu
1210 1777 1367 1811 synagogis,
1391 1777 1519 1804 clamavit
1533 1784 1657 1812 saepenu-

869 1829 944 1849 mero
970 1821 1175 1857 Hierosolymis,
1199 1830 1231 1850 ac
1247 1823 1358 1857 perinde
1385 1827 1463 1850 erant
1496 1830 1529 1850 ac
1548 1823 1571 1850 si
1590 1823 1657 1850 nihil

868 1868 980 1895 omnino
997 1868 1172 1895 audivissent.
1193 1868 1366 1902 Spectatores
1384 1875 1474 1896 rerum
1492 1868 1658 1895 admirabili-

869 1919 909 1941 ter
920 1921 1001 1948 supra
1018 1913 1098 1941 lidem
1119 1919 1255 1948 gestarum
1268 1914 1387 1941 fuerunt.
1405 1914 1570 1948 Spectarunt
1585 1913 1656 1941 enim

868 1959 993 1994 leprosos
1005 1960 1100 1987 morbo
1112 1959 1252 1992 liberatos,
1268 1960 1423 1987 exsilientes
1438 1959 1558 1993 claudos,
1571 1967 1658 1988 caecos

867 2007 1001 2038 videntes,
1014 2011 1136 2034 mortuos
1156 2013 1172 2034 e
1193 2007 1374 2034 mormmentis
1409 2011 1600 2042 resurgentes:
1624 2010 1654 2033 at

868 2053 922 2081 illis
943 2053 1001 2081 haec
1031 2053 1140 2080 minime
1152 2052 1323 2088 profuerunt,
1344 2053 1398 2080 sed
1418 2053 1509 2080 miseri
1534 2053 1658 2080 homines

867 2104 997 2135 perpetuo
1022 2100 1099 2134 quasi
1117 2099 1205 2127 orbati
1227 2100 1292 2134 ipsis
1302 2099 1390 2127 oculis
1413 2100 1586 2127 exstiterunt.
1601 2099 1657 2126 llac

867 2146 900 2173 de
914 2153 995 2173 causa
1007 2153 1072 2173 voce
1092 2149 1247 2173 sanctorqu
1260 2145 1362 2181 probro
1378 2145 1432 2173 illis
1445 2146 1567 2178 vertitur,
1585 2145 1657 2180 quod

868 2199 976 2226 semper
1002 2192 1152 2226 praefractae
1179 2192 1293 2220 cervicis
1318 2192 1430 2225 fuerint,
1447 2199 1480 2219 ac
1505 2193 1587 2220 corde
1605 2192 1657 2219 im-

867 2238 1009 2273 morigeri,
1027 2242 1192 2273 sanctosque
1220 2238 1379 2266 occiderint.
1396 2238 1492 2265 Datum
1507 2245 1573 2266 vero
1604 2238 1657 2266 illis

867 2290 928 2311 esse
942 2283 1092 2311 caecitatem
1117 2284 1192 2315 dicit,
1215 2291 1249 2311 ne
1264 2284 1372 2312 videant
1397 2284 1492 2316 oculis,
1520 2289 1549 2312 et
1575 2283 1656 2311 corde

867 2329 1031 2366 intelligant,
1066 2334 1094 2358 et
1115 2334 1319 2362 convertantur,
1345 2334 1373 2364 et
1404 2335 1557 2359 saneteos.
1595 2329 1655 2357 Hoc

866 2374 974 2402 demum
1001 2379 1060 2402 erat
1089 2375 1169 2410 plane
1205 2376 1278 2411 quod
1305 2375 1430 2404 Christus
1455 2375 1522 2404 dixit
1541 2375 1654 2410 his,qui

866 2420 995 2449 nolebant
1028 2421 1163 2449 credere:
1184 2431 1193 2448 ι
1210 2422 1249 2450 Ne
1277 2422 1451 2450 murmuretis
1479 2422 1551 2450 inter
1577 2429 1652 2450 vos:

865 2474 945 2496 nemo
975 2472 1063 2503 potest
1091 2468 1184 2496 venire
1211 2469 1244 2496 ad
1264 2476 1316 2502 me,
1338 2469 1390 2497 nisi
1409 2468 1487 2496 Pater
1504 2469 1551 2503 qui
1575 2469 1652 2496 misit

866 2521 920 2547 me,
947 2515 1060 2542 traxerit
1078 2522 1140 2542 eum
1163 2515 1198 2542 ".
1214 2525 1224 2541 ι
1241 2514 1274 2542 Ει
1292 2522 1388 2543 rursus
1416 2524 1423 2542 :
1448 2524 1458 2542 ι
1478 2514 1573 2544 Omnis
1607 2516 1653 2550 qui
1682 2546 1685 2548 _

866 2561 970 2588 audivit
985 2569 1000 2588 ι
1020 2560 1101 2589 Patre
1112 2566 1141 2589 et
1153 2561 1258 2595 didicit,
1281 2562 1354 2589 venit
1370 2563 1404 2590 ad
1428 2569 1471 2589 me
1486 2562 1520 2589 ³¹.
1533 2571 1543 2588 ι
1560 2561 1654 2596 Itaque

865 2608 898 2636 ad
913 2608 1078 2643 agnitionem
1095 2607 1195 2636 Christi
1208 2615 1256 2643 per
1271 2608 1464 2636 revelationem
1481 2608 1528 2636 Dei
1551 2612 1579 2635 et
1603 2608 1654 2635 Pa-

866 2654 916 2682 tris
957 2654 1045 2682 vocati
1070 2662 1122 2682 uon
1151 2659 1225 2688 sunt,
1242 2654 1314 2690 quod
1339 2655 1427 2682 salute
1451 2654 1536 2688 ipsius
1547 2658 1574 2681 et
1595 2654 1650 2681 vita

864 2701 937 2735 digni
966 2707 1019 2728 non
1048 2705 1137 2728 erant.
1155 2701 1184 2728 Si
1201 2700 1245 2728 cui
1259 2701 1347 2735 placet
1387 2700 1470 2728 alium
1485 2707 1593 2728 sensum
1609 2699 1651 2726 his

864 2747 953 2775 verbis
966 2755 1112 2783 apponere,
1132 2747 1209 2782 ιιι
1226 2747 1299 2775 hunc
1319 2747 1354 2775 ad
1370 2747 1480 2775 modum
1509 2746 1650 2780 intelliget.

863 2792 989 2821 Praedicit
1004 2794 1076 2821 enim
1091 2794 1280 2822 universorum
1298 2793 1381 2828 Deus,
1415 2798 1445 2821 ut
1473 2793 1518 2828 qui
1537 2791 1589 2820 scit
1603 2798 1651 2819 oc-

85 2863 102 2879 "
116 2867 193 2896 Exod.
211 2878 245 2902 tv,
266 2871 310 2898 l5.
350 2871 370 2886 "‘
395 2871 494 2899 .Iercm.
517 2880 534 2904 ι,
548 2873 573 2899 6.
614 2873 647 2887 ““
663 2872 683 2900 ll
698 2872 759 2902 Cor.
778 2881 818 2906 ut,

913 2874 933 2889 δ’
950 2873 1025 2901 Joan.
1041 2881 1079 2904 vr.
1094 2872 1138 2900 Η.
1174 2873 1194 2889 ³²
1212 2873 1276 2900 ibid.
1295 2873 1339 2900 45.
