1887 3054
218 141 269 172 187

712 140 740 168 S.
761 137 897 168 CYRILLI
916 137 1152 167 ALEXANDRINI
1172 136 1332 167 ARCHIEP.
1368 163 1371 170 ,

1807 138 1856 166 {BI

217 199 290 227 culta
301 203 328 226 et
344 197 444 230 futura,
461 196 563 232 aitque,
578 196 688 222 omnino
704 203 752 224 eos
772 197 888 229 visuros.
906 201 934 225 et
956 204 999 223 an.

1087 204 1126 222 ιτο
1150 195 1313 232 προσϐαλεῖν
1332 195 1434 230 ἑτέρως
1463 194 1524 226 ταῖς
1545 193 1600 221 τῶν
1623 194 1788 230 εἰρημένων
1814 196 1855 222 ὲν-

218 245 334 275 dituros,
359 249 499 270 mansuros
523 247 614 268 autem
634 249 666 268 ac
690 242 711 269 si
727 250 779 269 non
791 242 942 274 audissent,
959 250 1006 270 ue-

218 298 271 325 que
308 289 481 324 contemplati
516 288 642 321 fuissent,
679 289 762 323 idque
795 288 861 323 ipsis
891 294 1003 323 propter

219 336 316 362 mentis
334 342 389 362 suae
414 334 544 361 malitiam
570 335 703 362 accidere.
718 334 799 362 Addit
814 335 921 367 deinde,
938 335 1000 362 dum

218 381 275 408 haec
300 380 418 412 faciunt,
442 380 497 406 suis
513 381 630 415 ipsorqu
652 380 783 415 capitibus
811 380 946 412 insidiari,
975 385 1003 408 et

216 426 371 462 pertinaciae
385 428 479 454 morbo
491 426 655 463 laborantes,
669 434 719 453 nec
736 427 830 454 audire
845 427 924 459 velle,
953 434 1003 455 nec

216 473 307 499 videre
331 480 410 506 posse
428 481 434 500 :
455 482 464 498 ι
481 472 519 500 Ne
543 473 651 499 videant
674 473 771 504 oculis,
787 478 814 501 et
829 473 941 500 audiant
954 480 1003 499 au-

217 520 290 546 ribus
302 539 309 552 ,
329 525 357 546 et
379 524 538 546 convertant
552 527 582 546 se
592 539 600 551 ,
623 524 650 546 et
673 527 765 546 sanem
776 527 833 547 eos.
844 528 854 545 ο
870 520 1002 548 Auctore:

215 566 306 599 itaque
334 566 374 592 sui
403 565 523 600 ipsorum
550 565 675 592 interitus
701 566 823 596 fuerunt,
840 573 902 593 eum
920 573 1000 593 nece

213 611 322 639 Christo
350 616 429 638 acute
452 611 532 638 dictis
558 618 652 638 aurem
678 610 849 642 adhiberent.
875 618 927 639 nec
945 618 1001 639 suae

214 660 312 685 mentis
337 657 443 684 oculum
465 658 610 692 aperirent.
641 656 668 684 Si
687 658 759 684 enim
789 658 839 685 hoc
863 657 1000 690 fecissent,

213 704 339 732 conversi
362 704 486 736 fuissent,
511 708 538 731 et
557 705 579 731 si
592 705 692 731 cultum
707 711 787 738 quem
801 704 921 739 oportuit
937 704 1002 731 rcli-

213 750 349 785 quissettt,
373 750 476 776 salvam
498 756 529 776 ac
546 756 640 776 saltatu
656 757 732 777 suam
754 754 870 777 mentem
892 756 1003 777 conser-

212 801 331 823 νηεεριιι.

1057 241 1150 274 νοίαις,
1167 243 1278 278 συνήσει
1292 241 1414 268 τοιῶτδε.
1433 241 1618 277 Προαγορεύει
1635 242 1686 277 μὲν
1699 242 1757 277 γὰρ
1773 242 1788 268 6
1803 243 1856 268 τῶν

1053 288 1122 315 ὅλων
1146 287 1222 320 Θεὸς,
1246 288 1284 319 ὡς
1309 287 1451 322 γινώσκων
1477 287 1511 314 τὰ
1535 288 1731 323 κεκρυμμένα,
1758 291 1808 315 καὶ
1824 289 1855 314 τὰ

1052 334 1181 369 ἐσόμενα,
1209 334 1255 361 καί
1284 342 1375 370 φησιν,
1402 334 1443 360 ὅτι
1475 334 1564 369 πάντη
1597 343 1628 361 τε
1663 335 1713 361 καὶ
1743 335 1855 365 πάντως

1053 380 1163 414 δψονται
1186 379 1236 415 μὲν
1260 380 1308 407 καὶ
1331 379 1509 413 ἀκούσονται,
1526 380 1637 416 μενοῦσί
1661 389 1694 414 γε
1727 380 1786 415 μὴν
1819 381 1855 411 ὡς

1056 426 1127 460 μήτε
1147 425 1307 461 ἀκηκοότες,
1332 425 1401 461 μήτε
1419 426 1615 462 συντιθέμενοι,
1630 426 1679 452 καὶ
1698 425 1785 452 τοῦτο
1803 435 1855 452 τεα-

1056 469 1148 502 θόντες
1163 471 1195 498 ἐκ
1217 471 1358 507 μοχθηρᾶς
1378 472 1456 499 αὐτοὶ
1472 472 1522 508 τῆς
1536 472 1604 504 ιδίας
1616 472 1746 508 γνώμης.
1761 472 1853 507 Προσ-

1054 517 1152 551 επάγει
1173 517 1202 544 δὲ
1222 517 1339 550 τούτοις,
1363 518 1404 545 ὄτι
1420 517 1506 545 ταῦτα
1522 518 1639 555 δρῶντες
1655 519 1776 550 ἐκεῖνοι,
1795 520 1855 549 ταῖς

1055 563 1135 595 ἰδίαις
1146 563 1353 590 ἑπιὸουλεύουσι
1366 564 1508 599 κεφαλαῖς.
1523 565 1740 600 Ἦρρωστήκασι
1756 564 1813 599 γὰρ
1825 565 1855 590 τὸ

1054 609 1194 645 δυσηκοον,
1215 610 1263 637 καὶ
1284 611 1315 637 τὸ
1340 611 1378 646 μὴ
1393 610 1523 638 δύνασθαι
1544 611 1675 647 καθορᾷν,
1700 621 1710 637 ι
1729 612 1792 638 Ἵνα
1816 612 1852 647 μὴ

1046 655 1131 691 ,ἴδωσι
1153 657 1209 688 τοῖς
1223 655 1386 692 ὀφθαλμοῖς,
1402 657 1450 683 καὶ
1472 658 1529 689 τοῖς
1553 657 1620 684 ὠσὶν
1633 657 1791 688 ἀκούσωσι,
1807 659 1852 684 καὶ

1055 703 1267 738 ἐπιστρέφουσι,
1285 704 1332 730 καὶ
1353 704 1462 740 ἰάσομαι
1487 703 1597 736 αὐτούς.
1616 714 1625 730 ι
1647 704 1739 731 Altior.
1763 704 1853 730 roivw

1054 748 1134 776 αὐτοὶ
1147 750 1196 784 τῆς
1213 749 1288 784 σφῶν
1302 750 1391 777 αὐτῶν
1405 750 1552 785 γεγόνασιν
1567 750 1718 782 ἀπωλείας,
1737 751 1811 786 μήτε
1823 750 1853 776 τὸ

1055 793 1102 827 οὖς
1116 795 1286 830 παραθέντες
1304 797 1361 828 τοῖς
1381 797 1456 831 παρὰ
1474 796 1594 832 Χριστοῦ
1615 797 1780 831 λεγομένοις
1793 794 1850 828 ὀξὺ,

213 843 282 878 μήτε
309 842 362 878 μὴν
384 843 431 869 τὸν
453 844 502 878 τῆς
528 843 631 870 ἑαυτῶν
657 843 776 875 διανοίας
799 843 992 878 ἀνευρύνοντες
1025 842 1175 878 ὀφθαλμόν.
1194 844 1225 870 El
1243 844 1297 880 γὰρ
1329 844 1408 872 τοῦτο
1434 844 1530 880 ἔδρων,
1548 844 1724 881 ὑπέστρεψαν
1739 844 1787 878 ἂν,
1807 845 1852 871 καὶ

210 889 261 924 τῆς
289 889 462 925 καθηκούσης
485 890 633 926 θεραπείας
652 890 844 926 τετυχηκότες,
871 890 940 917 σῶόν
958 898 989 917 τε
1008 890 1055 918 καὶ
1068 890 1134 925 ὑγιᾶ
1147 890 1191 917 τὸν
1210 890 1314 918 ἑαυτῶν
1328 890 1491 918 διεσώσαντο
1503 890 1575 918 νοῦν.

204 956 208 967 .
248 936 330 965 Vens.
350 938 394 969 Η,
413 939 456 965 12.
477 938 510 965 Et
534 939 591 966 dixi
611 946 619 965 :
637 939 788 973 Quousque,
810 938 939 966 Domine?
965 938 999 966 Et

1087 939 1139 966 Kal
1152 937 1318 972 εἷπα”Ἐως
1331 940 1415 971 πότε,
1431 939 1530 972 Κύριε;
1542 937 1597 966 Kal
1606 935 1787 970 εἷπεν·Ἕως
1801 937 1839 965 ἂν

211 984 279 1011 dixit
299 992 307 1011 :
325 984 412 1011 Donec
423 990 555 1012 vastentur
564 985 649 1018 urbes,
663 991 690 1013 ut
702 994 753 1013 non
764 986 796 1013 sit
807 987 851 1021 qui
863 986 1000 1020 inhabitet,

211 1036 236 1058 et
250 1031 353 1064 domus,
368 1036 396 1058 ιιι
411 1040 462 1059 non
474 1033 525 1059 sint
542 1033 670 1062 homines,
682 1036 705 1058 et
718 1037 787 1059 terra
806 1031 1002 1068 derelinquetur

211 1078 325 1106 deserta.
341 1078 374 1105 Et
389 1085 446 1112 post
463 1080 519 1106 lucc
534 1079 664 1114 elongabit
681 1079 751 1106 Deus
772 1080 899 1114 homines,
917 1085 941 1107 et
954 1081 1001 1107 da-

212 1124 296 1152 relicli
310 1125 556 1160 multiplicabuntur
568 1126 596 1152 in
610 1130 690 1153 terra.

247 1211 397 1240 Verebatur
423 1214 564 1249 propheta,
591 1221 624 1240 ne
640 1219 768 1249 perpetua
792 1220 820 1242 et
834 1215 998 1250 sempiterna

211 1258 358 1285 excaecatio
381 1259 552 1286 induceretur
570 1259 708 1287 Israelitis.
738 1260 853 1295 Ideoque
878 1266 953 1295 rogat
970 1269 999 1288 ut

210 1309 317 1338 tempus
337 1305 405 1332 sciat
427 1312 481 1340 quo
504 1306 554 1332 hoc
579 1305 697 1332 futurum
724 1312 776 1338 est,
805 1311 833 1334 et
860 1315 999 1342 quousque

210 1351 384 1384 protrahetur
399 1351 455 1377 haec
477 1351 554 1385 quasi
570 1351 720 1385 a'grotatio.
742 1352 780 1378 Ad
807 1360 867 1387 quae
889 1360 999 1387 respon-

210 1397 276 1423 dens
293 1396 370 1426 Deus,
398 1397 575 1423 vastationem
603 1397 722 1431 ipsorum
749 1396 998 1432 Hierosolymorum

211 1442 383 1477 praenuntiat.
407 1443 528 1476 adeoque
543 1442 673 1469 universae
693 1442 846 1470 Iudaeorum
868 1444 997 1478 regionis,

210 1493 238 1515 et
249 1487 335 1522 inquit
355 1496 362 1514 :
379 1497 389 1513 ι
413 1487 502 1515 Donec
522 1492 661 1515 vastentur
677 1488 768 1520 urbes,
794 1493 822 1515 ut
843 1496 896 1515 non
922 1488 999 1515 inha-

209 1533 340 1565 biteutur,
353 1539 379 1561 et
395 1535 500 1566 domus,
514 1539 542 1562 ut
556 1542 609 1562 non
627 1535 681 1561 sint
697 1534 829 1561 homines.
850 1544 859 1560 ι
877 1534 953 1568 Quod
965 1536 998 1562 ad

209 1583 361 1607 extremum
377 1581 478 1612 evenit,
494 1588 554 1607 cum
573 1580 754 1615 Vespasianus
763 1585 791 1608 et
805 1580 882 1608 Titus
897 1585 996 1608 terram

1051 984 1223 1020 ἐρημωθῶσι
1239 985 1343 1017 πόλεις
1354 984 1435 1019 παρὰ
1451 984 1484 1011 τὸ
1500 984 1543 1018 μὴ
1561 983 1767 1011 κατοικεῖσθαι
1779 1003 1789 1016 ,
1804 983 1851 1009 καί

1051 1027 1136 1062 οἴκοι,
1159 1030 1238 1064 παρὰ
1262 1031 1295 1057 τὸ
1314 1031 1358 1065 μὴ
1380 1028 1456 1057 εἶναι
1473 1030 1648 1064 ἀνθρώπους
1661 1050 1668 1061 ,
1692 1029 1745 1056 καὶ
1773 1029 1792 1061 ἡ
1815 1028 1850 1063 γῆ

1051 1075 1322 1109 καταλειφθήσεται
1337 1076 1456 1110 ἕρημος.
1471 1074 1524 1102 Καὶ
1533 1074 1609 1109 μετὰ
1624 1073 1720 1101 ταῦτα
1732 1082 1850 1108 11(1pr-

1051 1121 1096 1148 νεῖ
1112 1123 1128 1148 ό
1145 1122 1217 1154 Θεὸς
1231 1121 1301 1154 τοὺς
1319 1120 1506 1156 ἀνθρώπους,
1520 1121 1569 1148 καί
1588 1122 1616 1148 οἱ
1631 1120 1850 1155 καταλειφθέν-

1051 1176 1100 1200 τες
1118 1167 1388 1202 πληθυνθήσονται
1398 1168 1447 1194 ἐπὶ
1464 1167 1519 1203 τῆς
1529 1167 1596 1202 Τῆς.

1087 1213 1176 1240 Δέδιεν
1192 1214 1206 1240 ὁ
1222 1214 1374 1249 προφήτης,
1391 1213 1430 1249 μὴ
1452 1213 1507 1248 ἄρα
1522 1212 1659 1248 διηνεκὴς,
1683 1213 1732 1240 xa‘t
1747 1212 1850 1239 ἀκατά-

1050 1259 1148 1294 ληκτος
1178 1260 1356 1296 ἐπενήνεκται
1381 1260 1437 1292 τοῖς
1464 1259 1494 1291 ἐξ
1520 1259 1626 1295 Ἰσραὴλ
1657 1259 1675 1294 ἡ
1708 1258 1848 1294 πώρωσις.

1049 1305 1143 1341 Ταύτῃ
1165 1313 1205 1332 τοι
1223 1306 1270 1332 καὶ
1287 1305 1428 1341 ⁵ἕισιμαθεῖν
1452 1305 1524 1338 ἀξιοί
1547 1305 1594 1332 τδν
1612 1305 1721 1341 χρόνον,
1742 1304 1804 1331 καθ’
1821 1305 1849 1331 ὃν

1049 1352 1125 1379 ἔσται
1145 1352 1223 1379 τοῦτο
1242 1353 1344 1384 αὐτοῖς,
1371 1352 1418 1379 καὶ
1443 1352 1524 1388 μέχρι
1544 1351 1615 1383 τίνος
1635 1351 1800 1387 παρατείνει
1821 1351 1849 1377 τὸ

1049 1399 1231 1435 ἀρρώστημα.
1243 1399 1298 1426 Καὶ
1313 1399 1381 1434 πρός
1395 1407 1428 1433 γε
1438 1398 1470 1434 δὴ
1485 1398 1570 1425 ταῦτα
1584 1397 1649 1430 Θεὸς
1666 1397 1847 1433 προαγορεύει

1048 1446 1097 1482 τὴν
1112 1445 1212 1481 δῄωσιν
1226 1445 1316 1472 αὐτῶν
1331 1454 1360 1471 τε
1377 1445 1432 1471 τῶν
1454 1443 1658 1479 Ἰεροσολύμων,
1673 1443 1722 1469 καὶ
1740 1443 1847 1477 ἁπάσης

1049 1492 1099 1527 τῆς
1124 1491 1257 1518 Ἰουδαίων
1279 1490 1380 1526 χώρας,
1403 1490 1449 1517 καί
1467 1498 1558 1525 φησιν·
1573 1499 1582 1516 ι
1596 1490 1668 1520 Ἕως
1689 1489 1724 1516 ἂν
1739 1490 1846 1524 ἐρημω-

1049 1537 1117 1564 θώσι
1141 1536 1232 1568 πόλεις
1259 1536 1336 1571 παρὰ
1362 1536 1392 1562 τὴ
1422 1535 1459 1572 μὴ
1479 1535 1678 1566 κατοικεῖσθαι,
1703 1535 1753 1562 καὶ
1781 1532 1845 1561 οἶκοι

1050 1584 1125 1618 παρὰ
1137 1583 1167 1609 τὺ
1184 1582 1221 1618 μὴ
1237 1580 1307 1609 εἶναι
1322 1581 1491 1618 ἀνθρώπους.
1508 1591 1517 1607 ι
1540 1582 1572 1608 Ὂ
1588 1581 1621 1617 δὴ
1639 1582 1687 1608 καὶ
1702 1581 1743 1613 είς
1761 1581 1844 1616 πέρας

210 1625 360 1660 Iudaicam,
374 1631 434 1660 post
446 1626 599 1654 Servatoris
612 1626 814 1654 crucifixionem
828 1631 857 1654 et
874 1627 901 1654 in
913 1627 998 1654 caelos

1087 1629 1216 1664 5é6qxsv,
1241 1628 1445 1656 Οὐεσπασιανοῦ
1476 1637 1506 1655 τε
1531 1628 1580 1655 καὶ
1601 1627 1683 1654 Τίτου
1705 1627 1845 1664 καταδῃω-

210 1673 422 1706 assuniptionein
438 1691 445 1704 ,
461 1673 612 1708 depopulati
631 1678 703 1700 sunt.
727 1672 804 1706 Quod
830 1677 920 1700 autem
941 1674 998 1701 haec

209 1719 334 1752 supplicii
366 1727 490 1746 mensura
525 1719 762 1753 inobedientibus,
795 1723 825 1747 ut
858 1719 999 1754 hucusque

207 1763 341 1791 duntaxat
355 1765 503 1799 patiantur,
519 1772 572 1792 non
588 1765 769 1799 adhibebitur,
790 1766 899 1800 etquod
912 1766 939 1792 in
957 1771 998 1792 to-

210 1815 268 1836 tum
285 1818 346 1837 cum
367 1815 421 1838 tota
437 1811 522 1844 stirpe
537 1819 590 1838 non
607 1811 642 1838 sit
659 1812 796 1847 periturus
812 1812 903 1846 Israel,
915 1813 998 1848 signi-

208 1856 272 1882 ficat
288 1857 381 1883 dit'ens
399 1866 405 1883 :
425 1866 434 1882 ι
453 1857 484 1884 Ει
495 1863 555 1891 post
571 1859 627 1885 hanc
641 1858 719 1893 longe
733 1858 815 1886 faciet
826 1858 896 1886 Deus
912 1859 998 1886 homi-

209 1909 268 1934 nes,
284 1908 311 1929 ει
324 1903 445 1930 tlerelicti
460 1904 711 1938 multiplicabuntur
728 1905 755 1932 in
774 1909 857 1932 terra.
877 1914 886 1931 ι
907 1905 998 1940 Longe

209 1957 274 1976 vero
288 1948 350 1976 inuti
362 1958 378 1987 a_
392 1950 444 1976 Dco
466 1950 587 1983 fuerunt,
604 1959 664 1978 cum
684 1954 712 1978 et
734 1956 853 1984 sanctos,
867 1956 894 1978 et
910 1952 997 1986 ipsum

209 2001 290 2027 porro
303 1995 362 2021 vitae
375 1995 521 2030 principem
536 1996 733 2023 interfecerint.
753 1996 804 2030 Qui
827 2004 891 2024 vero
911 1997 997 2025 relicti

209 2042 329 2073 fuerunt,
342 2042 368 2068 id
383 2047 433 2072 est.
448 2043 514 2070 salvi
534 2050 565 2070 ac
579 2043 750 2078 superstites,
765 2048 792 2070 et
811 2043 856 2077 qui
878 2043 903 2070 in
919 2043 997 2071 Chri-

209 2093 281 2114 stum
300 2088 483 2121 crediderunt,
495 2089 541 2122 qui
555 2093 582 2115 et
597 2093 658 2115 sunt
673 2088 794 2122 reliquiae
808 2088 887 2123 112
902 2089 996 2122 Israel,

210 2133 458 2168 multiplicabuntur
479 2142 486 2161 :
508 2134 589 2169 idque
614 2134 641 2161 iu
660 2134 793 2169 principio
810 2135 871 2162 libri
883 2136 997 2170 ipsemet

207 2179 289 2206 etiam
305 2181 398 2207 beatus
411 2180 493 2207 Isaias
508 2180 679 2215 signiﬁcavit,
699 2188 760 2208 cum
783 2181 840 2209 ait:
856 2190 865 2207 ι
893 2181 928 2210 Et
944 2183 995 2210 nisi

208 2225 337 2252 Dominus
362 2225 481 2253 Sabaoth
509 2225 666 2260 reliquisset
692 2226 771 2254 nobis
796 2233 900 2260 semen,
924 2227 997 2255 velut

207 2271 324 2298 Sodoma
339 2271 402 2298 facti
418 2271 574 2305 fuissemus,
589 2272 781 2300 etGomorrhe
799 2273 903 2301 similes
927 2273 996 2301 fait-

206 2325 298 2345 sctnus
315 2318 347 2344 ³³.
363 2327 372 2344 ι
396 2317 465 2345 Aliis
488 2326 570 2353 porro
597 2309 705 2346 videtur
722 2319 804 2346 etiam
832 2319 911 2346 aliter
938 2320 996 2347 haec

207 2364 288 2390 verba
316 2363 496 2399 intelligenda.
528 2365 671 2398 Quarente
697 2365 769 2392 enim
802 2365 942 2401 propheta,
968 2369 996 2393 et

205 2408 315 2436 volente
339 2410 410 2437 scire
436 2417 576 2444 quousque
602 2415 630 2439 et
659 2411 777 2446 quandiu
802 2413 1019 2440 extenderetur'

204 2456 364 2489 οιεοεεειὶο,
382 2457 528 2491 respondet
540 2457 611 2485 Deus
629 2467 637 2486 :
653 2467 662 2484 ι
682 2458 771 2486 Donec
785 2463 927 2486 vastentur
949 2467 995 2486 ur-

207 2502 265 2535 bes,
281 2506 376 2529 utnon
392 2502 557 2536 habitentur,
572 2508 600 2531 et
611 2504 717 2536 domus,
739 2508 768 2530 ut
792 2511 844 2532 non
865 2505 921 2532 sint
946 2504 996 2532 ho-

207 2547 305 2579 mines,
333 2551 361 2573 et
384 2547 503 2582 posthaec
531 2548 666 2583 elongabit
688 2548 760 2577 Deus
779 2549 901 2577 homines
919 2557 926 2576 :
942 2559 952 2576 ι
967 2554 995 2576 ut

207 2593 270 2619 inde
283 2593 525 2622 consummationis
539 2598 644 2629 tempus
670 2594 859 2631 intelligamus.
882 2595 995 2630 Oportet

205 2638 280 2665 enim
297 2639 413 2673 primum
425 2638 495 2666 bella
505 2644 534 2667 et
555 2647 679 2668 rumores
696 2640 828 2668 bellorum
844 2640 948 2673 audire,
968 2644 996 2667 et

206 2689 315 2718 gentem
328 2685 354 2712 in
367 2690 487 2719 gentem,
501 2689 528 2713 et
539 2694 651 2722 regnum
664 2693 759 2715 contra
775 2694 887 2723 regnum
907 2687 996 2715 insur-

206 2733 419 2766 gere,eturbes
440 2740 472 2762 ac
495 2734 589 2762 domos
613 2734 723 2763 vastari.
751 2734 853 2763 Deinde
875 2733 913 2762 ita
938 2733 996 2762 fore

207 2781 264 2805 tum
280 2778 372 2812 tinem,
386 2787 439 2815 quo
456 2780 534 2817 longe
549 2781 612 2810 facti
628 2787 691 2810 sunt
714 2780 847 2815 homines,
870 2780 997 2815 deinceps

244 2857 265 2872 ³³
295 2861 345 2890 lsa.
362 2870 381 2896 ι,
405 2865 431 2890 υ.

1050 1675 1154 1702 σάντων
1166 1677 1215 1710 τὴν
1231 1675 1362 1701 Ἰουδαίαν
1375 1675 1445 1710 μετὰ
1457 1673 1503 1700 τὸν
1516 1673 1564 1701 τοῦ
1575 1673 1702 1709 Σωτῆρος
1719 1672 1843 1708 σταυρὸν.

1049 1720 1097 1748 καὶ
1111 1721 1244 1755 ἀνάληψιν
1263 1721 1312 1755 τὴν
1326 1722 1364 1752 είς
1378 1720 1519 1755 οὐρανούς.
1540 1720 1600 1746 Ὅτι
1611 1719 1639 1745 δὲ
1655 1719 1686 1746 οὐ
1707 1718 1790 1754 μέχρι
1800 1718 1844 1745 τοῦ

1048 1766 1134 1792 ταῦτα
1146 1767 1253 1797 παῡεῖν,
1267 1766 1505 1802 ὲκμετρηθήσεται
1520 1767 1577 1797 τοῖς
1593 1764 1755 1791 ἀπειθοῦσιν
1771 1766 1788 1799 ἡ
1801 1765 1844 1791 κό-

1049 1811 1137 1843 λασις,
1166 1811 1229 1838 οὔτε
1250 1811 1303 1846 μὴν
1317 1811 1356 1843 εἰς
1368 1811 1441 1838 ἅπαν
1454 1811 1536 1846 ήγουν
1551 1810 1689 1846 ὁλόρριζος
1709 1810 1724 1836 ὁ
1739 1808 1845 1845 Ἰσραὴλ

1049 1858 1201 1894 οἰχήσεται,
1212 1857 1382 1893 καταμηνύει
1395 1857 1492 1892 λέγων·
1512 1866 1522 1883 ι
1540 1857 1596 1884 Καὶ
1610 1856 1679 1892 μετὰ
1692 1855 1782 1883 ταῦτα
1796 1864 1845 1891 μα-

1049 1905 1144 1940 κρννεῖ
1165 1905 1179 1931 ὁ
1200 1904 1266 1936 Θεὸς
1284 1904 1348 1936 τοὺς
1360 1903 1529 1940 ἀνθρώπους,
1545 1904 1592 1930 καὶ
1606 1903 1631 1929 oi
1649 1902 1844 1937 καταλειφθέν-

1048 1959 1104 1983 τες,
1122 1951 1359 1986 πληθυνθήσονται
1375 1950 1422 1977 ἐπὶ
1433 1950 1482 1986 τῆς
1499 1950 1560 1985 γῆς,
1583 1959 1592 1976 ι
1616 1949 1847 1986 Ἐμακρύνθησαν

1049 1995 1099 2030 μὲν
1115 1995 1169 2031 γὰρ
1184 1995 1238 2022 ἀπὸ
1253 1995 1331 2028 Θεοῦ,
1345 1995 1393 2022 καὶ
1406 1995 1500 2029 ἁγίους
1511 1995 1702 2026 ἀπεκτονότες,
1717 1994 1843 2030 προσθέν-

1047 2051 1091 2074 τες
1108 2042 1137 2068 se
1152 2041 1198 2068 τὸν
1214 2041 1334 2077 ἀρχηγὸν
1350 2042 1400 2078 τῆς
1415 2040 1496 2077 ζωῆς.
1516 2042 1548 2068 Ol
1563 2041 1592 2067 δὲ
1606 2040 1638 2076 δὴ
1650 2040 1844 2075 καταλειφθέν-

1047 2096 1103 2120 τες,
1122 2087 1195 2114 τοῦτ’
1212 2087 1296 2120 ἐστιν,
1315 2088 1340 2114 οί
1360 2086 1604 2123 περισεσωσμένοι,
1623 2087 1672 2113 καὶ
1693 2095 1841 2113 πεπιστευ·

1047 2135 1124 2166 κότες
1145 2135 1185 2166 εἰς
1208 2133 1338 2169 Χριστὸν,
1357 2133 1381 2160 οἱ
1406 2133 1454 2160 καί
1478 2133 1531 2160 εἰσι
1551 2132 1583 2159 τὸ
1602 2132 1783 2168 κατάλειμμα
1799 2132 1842 2158 τοῦ

1053 2178 1172 2215 Ἰσραὴλ,
1183 2180 1213 2206 ἐν
1224 2179 1320 2214 πολλῇ,
1329 2178 1423 2213 φησὶν,
1434 2177 1542 2205 ἔσονται
1552 2177 1664 2213 πληθύῖ.
1675 2177 1842 2204 Πεπίστευκε

1048 2226 1101 2261 γὰρ
1117 2225 1147 2250 οὺ
1173 2224 1260 2260 βραχὺ
1280 2224 1362 2260 μέρος
1379 2223 1425 2250 τοῦ
1448 2223 1567 2259 Ἰσραὴλ,
1589 2223 1636 2250 καὶ
1654 2222 1738 2250 τοῦτο
1755 2225 1783 2250 ὲν
1797 2224 1842 2258 ἀρ’

1049 2272 1110 2306 χαῖς
1137 2270 1183 2297 τοῦ
1207 2270 1311 2305 βιϐλίου
1340 2270 1387 2297 καὶ
1404 2269 1485 2301 αὐτὸς
1506 2271 1520 2296 ὁ
1542 2270 1679 2305 μακάριος
1701 2271 1842 2305 προφήτης

1053 2317 1167 2349 Ἡσαΐας
1191 2317 1343 2353 μεμήνυκε,
1366 2316 1463 2351 λέγων’
1482 2326 1491 2342 ι
1504 2315 1560 2343 Καὶ
1575 2316 1600 2342 εί
1622 2316 1659 2351 μὴ
1673 2315 1778 2351 Κύριος
1794 2316 1842 2342 Σα-

1047 2362 1121 2390 ϐαὼθ
1140 2362 1320 2397 ἐγκατέλιπεν
1340 2363 1406 2397 ἡμῖν
1422 2362 1543 2398 σπέρμα,
1561 2361 1598 2393 ὡς
1612 2361 1718 2396 Σόδομα
1739 2360 1772 2388 ἂν
1787 2362 1843 2395 ἐγε-

1046 2408 1180 2444 νήθημεν,
1189 2409 1236 2435 καὶ
1248 2407 1286 2440 ὡς
1299 2407 1426 2444 Γομόρῤα
1443 2406 1476 2434 ἂν
1488 2404 1681 2442 ὡμοιώθημεν.
1702 2415 1713 2433 ι
1723 2408 1804 2433 Δοκεῖ
1818 2406 1843 2432 δέ

1046 2463 1102 2481 τισι
1118 2455 1164 2482 καὶ
1178 2454 1279 2490 ἑτέρως
1293 2455 1362 2480 νοεῖν
1377 2453 1432 2479 τῶν
1448 2452 1637 2488 προκειμένων
1652 2452 1702 2487 τὴν
1718 2452 1841 2487 δύναμιν.

1047 2502 1236 2537 Διερωτῶντος
1250 2500 1279 2527 δὲ
1293 2499 1340 2526 τοῦ
1356 2499 1509 2535 προφήτου,
1520 2499 1568 2526 καὶ
1580 2498 1734 2534 ἁναμαθεϊν
1746 2499 1842 2525 ἐθέλον-

1048 2556 1093 2579 τος
1107 2549 1148 2578 είς
1163 2547 1224 2574 τίνα
1241 2546 1289 2573 καὶ
1304 2546 1386 2573 πόσον
1400 2545 1583 2580 ὲκταθὴσεται
1598 2545 1694 2580 καιρὸν
1717 2546 1735 2580 ἡ
1749 2544 1842 2580 πώρω-

1049 2602 1100 2626 σις,
1124 2592 1301 2628 ἀποκρίνεται
1318 2592 1402 2623 Θεός·
1423 2600 1433 2618 ι
1453 2591 1526 2623 Ἕως
1549 2589 1583 2618 ἂν
1604 2590 1790 2626 ὲρημωθῶσιν
1816 2591 1840 2617 al

1048 2640 1150 2671 πόλεις.
1163 2638 1240 2674 παρὰ
1249 2639 1279 2665 τὸ
1299 2637 1337 2674 μὴ
1352 2636 1549 2670 κατοικεῖσθαι,
1568 2637 1615 2664 καὶ
1628 2634 1712 2669 οἶκοι,
1728 2636 1802 2673 παρὰ
1815 2636 1840 2662 τὸ

1050 2687 1087 2722 μὴ
1108 2683 1178 2713 εἶναι
1199 2684 1376 2721 ἀνθρώπους,
1403 2685 1450 2712 καὶ
1465 2684 1535 2719 μετὰ
1569 2683 1656 2712 ταῦτα
1674 2684 1809 2719 μακρυνεῖ
1827 2682 1840 2708 ὸ

1048 2734 1113 2765 Θεὸς
1125 2734 1187 2764 τοὺς
1197 2731 1367 2767 ἀνθρώπους
1380 2741 1389 2757 ι
1403 2731 1446 2758 ἵνα
1458 2731 1502 2758 διὰ
1509 2730 1605 2758 τούτου
1621 2730 1728 2766 νοῶμεν
1738 2730 1782 2757 τὸν
1793 2728 1839 2764 τῆς

1050 2779 1204 2811 συντελείας
1220 2777 1325 2813 καιρόν.
1342 2778 1388 2804 Δεῖ
1399 2777 1454 2813 γὰρ
1468 2776 1601 2813 πρότερον
1615 2776 1753 2812 πολέμους
1770 2776 1838 2811 ἡμᾶς
