1887 3054
68 140 109 168 ise
654 142 687 176 in
707 145 820 176 ISAIAM
841 144 904 177 LIB.
926 150 944 178 ι.
965 151 1069 179 ORAT.
1091 148 1134 180 tv.
1661 152 1712 182 too

79 203 196 234 ὶιοίισαι.
217 206 267 231 καί
292 206 386 240 ἀκοὰς
413 208 536 244 πολέμων
549 228 556 238 .
582 209 730 244 ἀναστῆναί
749 218 778 235 τε
796 210 851 236 ἔθνε

955 211 1050 238 mirmn
1065 217 1124 247 post
1142 218 1246 247 tempus
1266 212 1473 240 resurrectionis
1495 213 1625 247 integram
1654 212 1712 239 lon-

79 253 117 278 z.-:‘
132 251 218 282 ἔθνος,
241 251 290 278 καὶ
308 251 453 286 βασιλείας
472 255 516 280 ἐπὶ
534 254 680 288 βασιλείας.
694 255 851 290 ἐρημωθῆνς

960 266 1038 292 mque
1066 259 1148 286 vitam
1176 260 1304 292 viventes,
1327 259 1436 286 interitu
1454 265 1566 294 prorsus
1595 258 1710 291 sublato,

77 306 100 324 τε
125 297 230 328 πόλεις,
253 298 303 323 καὶ
327 298 433 331 οἴκους,
450 298 498 326 εἷθ’
518 300 588 327 οὕτω
606 301 636 327 τὸ
659 300 747 332 τέλος·
769 301 851 336 μεθ’δ

955 309 1010 331 orte
1023 305 1173 334 exinanita.
1193 305 1320 340 omnique
1333 310 1443 340 pet-cato
1466 305 1599 331 submoto.
1618 302 1710 331 Excae-

72 343 261 378 μακρύνονται
278 344 375 372 λοιπὸν
391 347 415 372 oi
430 346 576 381 ἂνθρωποι,
592 348 660 382 μετὰ
679 347 724 374 τὸν
740 348 790 383 τῆς
803 348 851 374 ἀνα

960 354 1014 376 tum
1030 356 1092 376 vero
1106 350 1229 377 lsracletn
1240 358 1308 382 esse.
1325 356 1350 377 et
1361 350 1488 377 extremis
1499 350 1588 376 tnttndi
1607 354 1711 384 tempo-

70 390 195 420 στάσεως
212 390 337 425 δηλονότι
363 394 468 427 καιρου,
483 393 528 418 τὸν
545 393 632 428 εὐαγῆ
648 394 693 420 καὶ
709 393 851 429 μακραίων

955 398 999 423 bus
1014 397 1173 426 vocandum.
1189 403 1248 423 cum
1267 396 1404 431 Scriptura
1426 396 1556 423 divinitus
1578 396 1709 430 inspirata

66 435 220 468 διαζῶντες
235 436 305 471 βίον,
323 439 499 474 ἀνῃρημένης
522 440 561 471 εἰς
582 439 654 466 ἅπαν
678 440 727 474 τῆς
756 440 851 475 φθορᾶς

955 449 995 468 ire
1006 441 1129 473 aﬂirmet,
1142 442 1290 475 producere
1305 447 1333 469 et
1344 443 1503 477 conquirere
1525 442 1585 469 ﬁdei
1608 442 1710 469 facien-

64 482 113 507 καὶ
125 483 351 518 κατηργημένου
366 484 412 510 τοῦ
425 484 603 516 θανάτου,καὶ
613 486 720 521 ἁπάσης
735 486 851 521 ἁμαρτία

955 494 964 512 e
980 491 1146 520 argumenta,
1161 486 1340 514 frustraneum
1353 495 1412 514 esse
1430 488 1556 514 arbitror.

63 527 260 564 ἐξῃρημένης.
284 530 345 557 Ὅτι
370 531 398 557 δὲ
419 532 585 567 πεπὼρωται
603 534 616 559 ὁ
637 532 755 568 Ἰσραὴλ,
786 533 949 568 κεκλήσεταί
967 542 998 567 γε
1030 533 1082 568 μὴν
1114 534 1142 559 ἐν
1168 534 1289 568 ἐσχάτοις
1318 533 1364 560 τοῦ
1394 534 1489 565 αἰῶνος
1509 536 1628 569 καιροῖς,
1658 535 1708 569 τῆς

65 576 254 603 θεοτωεύεττου
275 578 388 613 Γραφῆς
402 579 531 614 λεγούσης
550 579 643 614 σαφῶς
658 589 687 606 τε
709 581 756 606 καὶ
770 580 902 616 ἐναργῶς,
922 581 1024 607 εἰκαῖον
1038 579 1113 615 οἶμαι
1128 581 1156 607 τὸ
1171 581 1358 613 διατείνεσθαι,
1375 583 1421 608 καὶ
1434 581 1526 618 ζητεῖν
1537 582 1571 608 τὰ
1582 582 1708 609 τελοῦντα

65 624 136 659 πρὸς
156 624 213 659 πλη
219 633 285 660 ροφο
290 625 360 660 ρίαν.

97 673 163 699 Καὶ
187 673 234 699 ἔτι
257 673 306 699 ἐπ’
333 673 427 707 αὐτῆς
451 675 515 700 ἐστι
545 674 577 701 τὸ
605 674 792 706 ἐπιδέκατον,
819 675 867 702 καὶ

59 718 165 746 πάλιν
184 718 312 748 ἔσονται
335 720 378 752 εις
403 720 557 754 προνομὴν
577 720 617 752 ὡς
633 721 796 754 τερέϐινθος
818 720 865 747 καὶ

58 765 100 797 ὡς
121 764 274 797 βάλανος
292 765 366 792 ὅταν
378 765 493 800 ἐκπέσῃ
511 767 569 793 ἀπὸ
586 766 640 800 τῆς
653 766 747 800 θήκης
762 767 865 794 αὐτοῦ.

93 811 301 846 Διαμὲμνηται
319 811 366 838 καὶ
382 811 430 838 νῦν
446 812 565 847 ἱστορίας
581 813 595 838 ό
612 812 781 847 προφητικὸς
797 813 864 848 ἡμῖν

56 856 156 890 λόγος,
174 857 212 892 ῆν
230 858 393 891 ἀναγκαῖον.
413 857 450 889 ὡς
472 858 570 890 ἔοικεν,
595 859 692 885 εἰπεῖν·
710 859 789 885 ἔσται
812 859 866 894 γὰρ

55 902 138 928 οὕτω
154 903 246 936 σαφὲς
268 903 297 929 τὸ
317 903 488 939 δηλούμενον.
507 905 790 940 Καταστρατευόντων
809 913 865 931 τοι-

55 948 169 983 γαροῦν
203 948 257 983 τῆς
287 948 421 976 Ἰουδαίων
450 948 550 984 χώρας,
582 950 618 982 ὡς
646 950 697 985 ήδη
724 952 863 986 προεῖπον,

53 994 279 1021 Οὐεσπασιανοῦ
301 1002 332 1020 τε
347 994 395 1021 καὶ
414 995 504 1027 Τίτου,
517 995 697 1030 δεδαπάνηται
714 996 762 1031 μὲν
779 997 795 1031 ὴ
811 996 864 1022 τῶν

61 1039 211 1066 Ἰουδαίων
233 1040 322 1075 χώρα,
347 1040 440 1067 πόλεσί
464 1049 494 1067 τε
510 1042 578 1076 ὁμοῦ
601 1041 648 1069 καὶ
668 1042 758 1073 αὐτοῖς
781 1042 865 1074 οἴκοις

54 1086 305 1122 ἑμπεπρησμένη,
329 1086 419 1122 θέαμα
446 1086 549 1120 δεινὸν,
578 1088 624 1114 καὶ
651 1087 749 1120 παντὸς
772 1088 863 1115 οἴκτου

57 1132 165 1165 μεστὸν
189 1133 248 1164 τοῖς
265 1132 366 1168 ὁρῶσιν
383 1131 428 1168 ἦν,
447 1133 618 1168 ὀλιγανδρίας
635 1134 713 1169 ἥκειν
726 1135 766 1165 είς
784 1134 864 1160 τοῦτο

56 1177 157 1204 λοιπὸν
169 1178 203 1204 τὺ
216 1178 294 1209 ἔθνος
306 1179 408 1210 αὐτοῖς,
423 1179 459 1211 ὡς
470 1180 518 1215 τῆς
530 1179 659 1214 ἀληθείας
671 1181 721 1206 οὐκ
738 1180 864 1215 ἀφαμαρ-

55 1224 117 1249 τεῖν
138 1223 190 1250 τὸν
207 1223 333 1257 λέγοντα,
351 1224 553 1259 περιλελεῖφθαι
579 1225 654 1259 μόλις
678 1226 707 1251 ἐν
730 1225 798 1260 αὐτῇ
815 1225 861 1251 τοῦ

58 1269 166 1300 παντὸς
195 1269 283 1304 δήμου
308 1269 339 1295 τὸ
367 1270 536 1297 ἐπιδέκατον.
561 1268 626 1297 Εἶτα
657 1271 860 1297 διατετελέκασι

58 1315 181 1350 χρόνους
203 1315 282 1347 τινὰς
299 1315 460 1351 τρεφόμενοι
481 1316 529 1351 μὲν
546 1318 574 1343 ἐν
600 1317 706 1352 εἰρήνῃ,
728 1316 798 1351 πλὴν
813 1317 862 1343 οὐκ

60 1361 115 1393 ἔξω
131 1361 285 1396 δειμάτων,
303 1362 351 1388 τοῦ
370 1362 416 1388 καὶ
433 1361 553 1394 εἰσαῦθις
572 1362 668 1389 παθεῖν
685 1363 736 1398 τὴν
750 1362 859 1398 δῄωσιν,

59 1408 73 1432 ὂ
89 1407 125 1441 δὴ
142 1407 193 1433 καὶ
210 1407 334 1441 γέγονεν.
357 1407 495 1443 Ἀδριανὸς
512 1408 566 1443 γὰρ
588 1409 658 1435 κατὰ
679 1409 791 1444 καιροὺς
806 1408 861 1435 τῶν

66 1453 215 1488 Ῥωμαίων
234 1454 374 1488 βασιλείας
399 1454 498 1481 διέπων
517 1455 580 1486 τοὺς
606 1455 723 1487 θάκους,
743 1456 788 1481 καὶ
807 1455 860 1491 μὴν

957 675 1038 703 ὶίξιις.
1059 676 1099 703 15.
1113 675 1147 702 Et
1162 677 1247 703 tul/mc
1260 678 1284 703 in
1297 677 1342 703 illa
1358 681 1395 703 cst
1407 677 1555 708 decintntio,
1577 682 1599 703 et
1619 685 1707 704 rursus

919 727 995 748 erunt
1008 722 1148 754 direptioni
1168 728 1194 748 ut
1214 723 1384 754 terebinthus,
1407 728 1430 749 at
1451 727 1479 748 ut
1502 722 1578 757 glutis
1603 722 1707 756 quando

919 768 1042 794 exciderit
1057 775 1089 794 ea;
1104 767 1178 794 theca
1192 776 1252 795 sua.

954 814 1050 841 Incidit
1065 815 1146 841 etiam
1164 814 1274 840 nuncin
1298 815 1459 841 tnentionem
1486 814 1604 842 historia!
1638 822 1702 848 pro-

919 859 1024 894 phetica
1040 860 1138 893 oratio,
1155 868 1234 894 quam
1251 868 1360 887 necesse
1379 865 1430 893 est,
1455 866 1485 887 ut
1505 861 1617 894 videtur,
1635 869 1706 888 rom-

918 913 1069 932 ntcmorare
1088 914 1095 932 :
1118 906 1157 933 sic
1190 906 1241 933 erit
1261 907 1330 938 quod
1353 907 1496 940 exponitur
1520 906 1703 934 tuanifeslum.

916 949 1138 986 Oppugnantibus
1154 951 1234 985 igitur
1259 952 1395 985 regionem
1419 951 1572 984 Judaicam,
1601 957 1629 978 ut
1646 952 1702 986 jam

916 1002 976 1023 ante
989 996 1056 1028 dixi.
1075 997 1237 1031 Vespasiano
1256 1001 1282 1024 et
1304 997 1374 1027 Tito.
1406 997 1462 1032 ipsa
1489 997 1556 1024 adeo
1574 998 1639 1024 urbs
1657 997 1705 1024 Ju-

916 1043 1032 1068 dzeorum
1047 1043 1136 1068 excisa
1154 1047 1205 1074 est,
1223 1051 1273 1069 una
1290 1051 1349 1069 cum
1366 1042 1520 1070 civitatibus
1539 1048 1566 1070 et
1579 1043 1704 1071 domibus

914 1091 1022 1119 exusta,
1038 1092 1064 1113 et
1082 1088 1264 1122 spectaculum
1287 1088 1396 1115 crudele
1417 1088 1478 1121 fuit,
1500 1096 1531 1116 ac
1551 1089 1704 1116 videntibus

915 1141 994 1167 quam
1016 1133 1255 1161 luctuosissimum.
1274 1134 1378 1162 Etenim
1397 1135 1430 1162 ad
1456 1139 1557 1162 tantam
1583 1135 1703 1162 virorum

915 1180 1075 1214 paucitatem
1099 1187 1163 1214 gens
1179 1180 1285 1206 illorum
1303 1181 1408 1212 recidit,
1427 1185 1483 1207 uta
1502 1188 1564 1207 vero
1578 1180 1703 1207 deﬂuxu-

915 1233 959 1252 rns
972 1234 1023 1251 non
1047 1226 1091 1257 sit,
1114 1226 1158 1259 qui
1180 1225 1221 1252 \ix
1243 1226 1324 1252 totius
1340 1226 1429 1260 populi
1449 1226 1653 1253 decitnationeut
1675 1226 1701 1253 ἰιι

913 1279 942 1298 ea
957 1271 1122 1306 superfuisse
1132 1271 1239 1298 dixerit.
1250 1271 1350 1298 Deinde
1364 1272 1560 1306 aliquantulntn
1575 1273 1702 1307 temporis

913 1317 938 1344 in
953 1325 1017 1352 pace
1031 1317 1078 1344 alti
1090 1318 1297 1351 conservatique
1322 1323 1538 1351 permanserunt,
1559 1327 1610 1345 non
1633 1318 1701 1345 citra

913 1369 1012 1390 metum
1033 1369 1120 1390 tamen
1149 1364 1230 1390 etiam
1253 1363 1378 1398 deinceps
1403 1365 1580 1390 Vastationem
1605 1371 1701 1398 perpe-

913 1409 994 1436 tiendi
1011 1410 1099 1444 :qnod
1115 1409 1212 1437 iactant
1231 1413 1283 1437 est.
1298 1409 1365 1436 Nam
1388 1410 1521 1436 Adrianus
1538 1409 1601 1436 olim
1625 1409 1700 1444 regni

912 1455 1024 1482 Romani
1047 1455 1141 1482 soliqu
1166 1458 1270 1486 tenens,
1296 1459 1324 1482 et
1348 1455 1497 1482 Antiochus
1522 1454 1645 1486 lllustris,
1673 1455 1699 1481 in

68 1500 206 1534 Ἀντίοχος
219 1501 336 1535 ἐπίκλην
356 1500 515 1536 Ἐπιφανὴς,
535 1501 706 1537 κατέδραμον
728 1503 776 1536 τῆς
795 1502 851 1527 Ίου⁴

955 1501 1047 1533 ιὶοιιοιιι
1064 1499 1218 1527 Iudaeorum
1236 1500 1420 1526 incursionem
1443 1500 1574 1530 fecerunt.
1590 1505 1617 1526 et
1634 1499 1700 1526 nihil

62 1545 146 1571 δαίων
160 1545 266 1580 χώρας,
284 1546 333 1573 καὶ
349 1546 424 1572 οὐδὲν
437 1544 470 1581 ἦν
485 1547 513 1571 ὲν
533 1545 622 1580 μείοσι
637 1546 691 1572 τῶν
707 1546 790 1572 πάλαι
809 1554 858 1572 κα-

64 1590 120 1618 κῶν
150 1592 424 1627 προοερημουμένων
453 1591 596 1627 λειψάνων,
618 1591 799 1627 πεμπομένων
819 1593 859 1623 εἰς

64 1638 257 1672 αἰχμαλωσίαν
281 1638 336 1664 τῶν
357 1638 591 1674 κατειλημμένων,
614 1638 658 1664 ὅτε
683 1638 731 1665 καὶ
752 1638 787 1664 τᾶ
805 1637 858 1664 τῶν

55 1681 247 1710 Μακκαὸαίων
254 1684 352 1720 συνέϐη
366 1685 492 1719 γενέσθαι
503 1685 586 1720 πάθη.
599 1684 659 1711 Τῶν
675 1685 801 1712 τοιούτων
817 1685 857 1711 δι-

64 1730 218 1765 ηγημάτων
229 1731 297 1765 ἡμῖν
311 1732 429 1757 ποιεῖται
446 1731 495 1766 τὴν
511 1731 620 1766 μνήμην
644 1732 672 1757 ἐν
688 1730 858 1767 προηγορεύ-

67 1783 106 1802 σει
118 1777 200 1803 πάλιν
211 1777 226 1803 ὁ
236 1777 290 1803 τῶν
303 1777 373 1804 ὅλων
380 1776 446 1808 Θεὸς
457 1777 502 1804 καί
517 1787 607 1814 φησιν·
623 1788 631 1804 t
646 1779 705 1804 Ἔτι
720 1779 762 1804 ἐπ’
774 1779 857 1813 αὐτῆς

67 1823 123 1849 ἐστι
147 1822 179 1849 τὸ
203 1823 374 1855 ἐπιδέκατον,
393 1824 439 1850 καὶ
454 1824 533 1851 πάλιν
547 1824 622 1852 ἔσται
633 1826 672 1856 εἰς
689 1825 853 1860 προνομήν.»

67 1868 104 1894 Οὐ
114 1869 169 1904 γὰρ
181 1868 236 1901 ἔξω
249 1869 388 1904 φροντίδος
401 1870 532 1903 κείσεται,
552 1871 629 1907 φησὶ,
647 1871 698 1897 κᾶν
714 1871 740 1907 ,εί
754 1871 783 1897 ἐν
800 1870 855 1896 λει-

65 1913 158 1947 ψάνοις
171 1914 290 1948 γένοιτο,
310 1916 360 1942 καὶ
376 1915 453 1942 τοῦτο
475 1917 594 1952 μικροῖς,
616 1916 670 1942 τῶν
693 1916 828 1943 Ἰουδαίων
842 1917 856 1942 ὁ

64 1960 158 1995 δῆμος·
172 1960 232 1987 ἀλλ’
246 1961 323 1987 ἔσται
333 1961 414 1988 πάλιν
424 1962 463 1993 εἰς
476 1962 624 1997 προνομήν.
640 1962 785 1996 Γενήπεται
796 1962 823 1988 δὲ
838 1963 854 1997 ὴ

66 2005 138 2041 χώρα
153 2007 202 2034 καὶ
214 2007 275 2034 τότε
289 2007 370 2034 πάλιν
386 2008 476 2040 αὐτοῖς
492 2008 529 2039 ὡς
542 2009 704 2044 τερέϐινθος,
717 2010 763 2035 καὶ
779 2009 856 2035 αὐτοὶ

68 2052 92 2078 δὲ
112 2052 150 2084 ὡς
176 2052 302 2087 βάλανος,
325 2054 370 2080 ὅτε
395 2053 497 2089 ἐκπέσῃ
514 2054 568 2080 ἀπὸ
585 2055 635 2088 τῆς
656 2054 740 2090 θήκης
760 2054 853 2081 αὑτοῦ.

68 2098 146 2124 ¹φυτὸν
159 2099 209 2133 μὲν
223 2098 278 2134 γὰρ
292 2100 309 2134 ἡ
323 2099 488 2134 τερέϐινθος,
499 2100 555 2126 ἀλλ’
568 2101 592 2126 εἰ
606 2100 711 2134 γένοιτο
723 2100 776 2127 τῶν
792 2100 855 2135 odia

68 2142 116 2170 λων
130 2143 262 2178 ἀποϐολὴ,
280 2144 347 2170 πολὺ
361 2144 392 2179 δὴ
407 2144 468 2171 λίαν
482 2144 537 2179 ἔχει
551 2144 581 2171 τὸ
594 2145 722 2179 ἀτερπὲς,
738 2144 853 2180 ξηροτά-

68 2197 124 2220 tu:
144 2189 213 2224 ἔχων
233 2190 297 2221 τοὺς
315 2189 430 2221 κλῶνας.
450 2191 527 2216 Κατὰ
537 2190 631 2217 τοῦτον
642 2188 717 2225 οἶμαι
732 2190 777 2216 τὸν
788 2191 851 2225 τρό-

68 2243 121 2265 πον.
139 2236 185 2262 καὶ
198 2234 275 2270 χώρα
297 2234 422 2261 παθοῦσα
435 2235 488 2262 τῶν
501 2236 676 2262 ἐνοικούντων
690 2236 775 2271 αὐτὴν
787 2237 851 2272 ἐρή-

69 2282 202 2315 μωσιν,ὲν
218 2281 269 2316 ἴσῳ
285 2290 338 2308 που
354 2282 462 2313 πάντως
479 2281 571 2317 ξηροῖς
583 2281 660 2308 ἔσται
678 2283 779 2316 φυτοῖς,
793 2283 850 2311 τοῖς

68 2328 120 2355 κατ’
139 2329 224 2364 αὐτὴν
245 2328 297 2355 οὐκ
318 2328 409 2363 ἔχουσι
431 2329 481 2364 τὴν
498 2329 591 2364 ἄνθην,
612 2325 679 2355 ἀλλὰ
696 2329 743 2355 καὶ
764 2329 850 2364 αὐτῆς

68 2374 197 2410 παθούσης
211 2375 262 2409 τῆς
275 2374 399 2408 φυλλίδος
414 2375 462 2410 τὴν
473 2374 617 2410 ἀποϐολήν.
639 2375 755 2410 Ὁμοίως
771 2376 788 2410 ή
804 2375 847 2410 βά-

68 2420 137 2451 λανος
148 2419 253 2455 καρπὸς
266 2420 317 2454 μέν
331 2421 389 2446 ἐστι
402 2419 492 2455 δρυός·
509 2420 573 2446 ὅταν
587 2420 615 2446 δὲ
633 2420 683 2455 τῆς
699 2420 785 2456 θήκης
801 2421 848 2447 tv.-

69 2466 141 2502 πέσῃ,
153 2466 213 2492 τότε
229 2465 427 2501 παρακείσεται
438 2466 494 2498 τοῖς
505 2465 628 2492 εἰωθόσιν
641 2466 725 2501 αὐτὴν
741 2466 851 2492 κατανέ-

70 2511 157 2546 μεσθαι
168 2511 223 2538 τῶν
239 2511 328 2543 ζώων.
340 2510 445 2537 Οὐκοῦν
459 2512 475 2546 ὴ
491 2511 540 2547 μὲν
555 2511 608 2538 τῶν
627 2511 758 2538 Ἰουδαίων
774 2511 850 2547 χώρα

70 2557 212 2592 μεμίμηται
223 2557 274 2592 τὴν
286 2555 442 2591 τερέὸινθον
458 2557 648 2587 ἀποϐαλοῦσαν
663 2557 697 2584 τὰ
710 2557 805 2591 φῦλλα.
818 2558 849 2585 Οἱ

69 2604 93 2631 δὲ
109 2603 203 2639 ταύτης
221 2602 457 2634 ἀποπεπτωκότες
472 2603 515 2629 διὰ
539 2602 586 2629 τοῦ
611 2603 725 2638 δραμεῖν
751 2604 790 2634 εἰς
806 2605 850 2630 αἰ-

70 2651 221 2685 χμαλωσίαν,
237 2649 276 2681 ὡς
292 2649 406 2684 βάλανοι
432 2649 578 2681 κείσονται,
605 2650 746 2684 μονονουχὶ
763 2649 848 2684 θήκης

72 2697 127 2729 ιδίας
139 2697 350 2727 ἐκπεπτωκότες
362 2696 412 2730 τῆς
424 2695 589 2731 ἐνεγκούσης
604 2695 712 2728 αὐτούς.
724 2696 849 2723 Τοιοῦτόν

71 2751 92 2769 τι
107 2743 145 2770 καὶ
159 2743 175 2770 ό
191 2740 322 2777 Σολομὼν
341 2749 433 2777 φησιν·
454 2751 463 2767 ι
479 2742 583 2777 ’Ὠσπερ
603 2741 696 2776 ὄρνεον
721 2742 785 2769 ὅταν
803 2742 849 2768 ὲκ-

101 2831 119 2847 ’λ
136 2832 200 2860 Prov
232 2838 323 2861 um.
342 2830 370 2858 8.

911 1547 1080 1580 διψιϊὶιπιιιιι
1097 1545 1227 1572 malorum
1246 1545 1324 1580 113
1343 1553 1395 1572 non
1412 1550 1470 1572 erat
1494 1545 1520 1572 itt
1541 1546 1600 1572 istis
1621 1545 1700 1571 mini-

910 1591 962 1618 mis
979 1592 1097 1627 quidem,
1114 1592 1236 1626 reliquiis
1254 1592 1412 1622 devastalis,
1433 1592 1523 1618 missis
1538 1591 1563 1618 in
1586 1591 1698 1626 captivi-

912 1641 992 1663 tatem
1017 1637 1060 1663 his
1086 1637 1131 1671 qui
1159 1636 1346 1671 comprehensi
1372 1642 1460 1667 erant.
1490 1637 1597 1671 quando
1619 1637 1699 1664 etiam

909 1682 1122 1710 Maccabaeorum
1149 1683 1218 1709 mala
1245 1682 1411 1710 acciderunt.
1435 1681 1591 1716 Hujusmodi
1619 1683 1700 1716 igitur

910 1729 1081 1756 historiarum
1100 1728 1265 1755 mentionem
1283 1728 1362 1754 nobis
1378 1727 1442 1754 facit
1455 1729 1543 1754 denuo
1563 1728 1587 1753 in
1606 1727 1700 1754 vatici-

909 1774 953 1800 nio
971 1773 1154 1800 universitatis
1169 1772 1250 1805 Deus,
1265 1777 1292 1799 et
1305 1773 1391 1806 inquit
1406 1782 1412 1799 ί
1427 1773 1596 1800 tAdhucerit
1611 1774 1636 1799 in
1654 1773 1698 1799 illa

907 1820 1061 1849 tlecimatio,
1077 1823 1103 1845 et
1115 1826 1207 1846 rursus
1222 1819 1273 1845 erit
1289 1818 1460 1852 direptioni.)
1477 1817 1532 1844 Non
1545 1819 1615 1844 enim
1630 1825 1694 1845 cura

908 1866 1049 1902 abjicietur
1065 1865 1153 1900 populi
1165 1864 1279 1897 Judaici,
1298 1865 1402 1892 tametsi
1418 1865 1521 1900 posittts
1536 1865 1570 1892 sit
1594 1866 1620 1892 in
1636 1865 1698 1892 reli-

907 1912 977 1949 quiis
987 1914 1076 1948 parvis
1092 1921 1098 1939 :
1109 1913 1155 1939 sed
1167 1919 1262 1939 rursus
1271 1912 1322 1938 erit
1334 1911 1486 1946 direptioni.
1496 1911 1603 1945 Eritque
1617 1912 1697 1938 etiam

907 1964 970 1986 tunc
977 1960 1073 1986 iterum
1082 1959 1133 1986 illis
1141 1958 1214 1994 regio
1223 1966 1271 1986 ceu
1283 1958 1459 1990 terebinthus,
1467 1962 1494 1985 et
1501 1958 1549 1992 ipsi
1559 1965 1606 1984 reu
1622 1957 1698 1991 glans

905 2006 1012 2041 quando
1032 2005 1161 2032 ceciderit
1183 2013 1198 2031 e
1222 2004 1300 2031 theca
1323 2012 1381 2030 sua.
1406 2004 1494 2031 Arbor
1520 2003 1627 2038 quidem
1655 2007 1697 2030 est

906 2051 1084 2082 terebinthus,
1100 2055 1128 2077 at
1141 2050 1162 2076 si
1185 2049 1248 2076 folia
1274 2048 1444 2081 deduxerint,
1471 2048 1549 2076 valde
1575 2048 1627 2075 erit
1649 2049 1696 2075 de-

905 2096 1010 2128 formis,
1043 2103 1131 2122 ramos
1152 2095 1254 2122 habens
1279 2095 1456 2122 aridissintos.
1483 2093 1545 2121 Pari
1585 2095 1691 2121 ratione

905 2143 985 2170 etiam
1005 2142 1088 2176 regio,
1114 2146 1143 2168 ut
1170 2141 1234 2168 mihi
1256 2141 1372 2173 videtur,
1403 2148 1465 2168 cum
1495 2140 1696 2168 habitatoribus

905 2188 960 2216 suis
983 2185 1155 2219 destituetitr,
1172 2183 1267 2215 similis
1283 2188 1393 2214 omnino
1407 2187 1459 2214 erit
1476 2187 1620 2215 arboribus
1641 2186 1696 2213 ari-

905 2236 956 2268 dis,
977 2242 1035 2269 quae
1051 2233 1143 2261 ﬂorem
1169 2242 1245 2261 suum
1273 2241 1325 2261 non
1351 2234 1460 2265 habent.
1487 2233 1534 2260 sed
1562 2237 1589 2260 et
1620 2232 1693 2259 foliis

905 2281 1099 2308 destituuntur.
1127 2280 1260 2307 Similiter
1283 2279 1360 2314 glans
1386 2279 1490 2306 fructus
1518 2279 1628 2313 quidem
1653 2284 1695 2305 est

905 2335 1034 2363 quercus;
1060 2328 1167 2364 quando
1189 2331 1278 2354 autem
1302 2329 1377 2354 theca
1404 2326 1547 2358 exciderit,
1571 2331 1626 2353 tum
1653 2326 1694 2353 his

906 2382 965 2408 qua:
982 2382 1040 2400 eain
1064 2375 1208 2408 depascere
1222 2373 1311 2400 solent
1337 2372 1520 2399 animantibus
1546 2372 1693 2407 prostitue-

906 2425 959 2447 tur.
978 2420 1094 2447 Proinde
1109 2418 1261 2447 Iudaeorum
1285 2419 1360 2454 regio
1381 2419 1487 2446 imitata
1516 2423 1558 2446 est
1579 2418 1695 2445 terebin-

905 2467 979 2493 tltutn
999 2473 1058 2501 qua:
1075 2464 1139 2493 folia
1155 2463 1266 2499 ahjecil.
1289 2464 1339 2498 Qui
1366 2469 1456 2491 autem
1478 2472 1510 2491 ea
1530 2463 1692 2496 exciderint,

904 2512 930 2538 in
946 2511 1130 2545 captivitatem
1143 2510 1285 2545 fugientes,
1305 2509 1432 2545 iacebunt
1446 2509 1531 2536 instar
1543 2508 1690 2544 glandium,

905 2556 1094 2591 propemodum
1112 2564 1160 2583 sua
1186 2556 1276 2588 theca,
1300 2559 1381 2587 terra,
1401 2555 1520 2590 inquam,
1548 2561 1607 2588 qua;
1632 2555 1693 2581 tulit

900 2612 947 2631 eos
964 2602 1111 2630 exturbati.
1139 2601 1231 2629 Simile
1260 2600 1385 2635 quiddam
1420 2605 1447 2627 ct
1470 2600 1597 2627 Solomon
1624 2600 1691 2626 ait:

902 2660 910 2675 ι
931 2648 1006 2676 Sicut
1022 2649 1079 2675 avis
1097 2655 1158 2675 cum
1176 2646 1304 2674 ceciderit
1318 2653 1350 2672 ex
1367 2653 1415 2672 suo
1434 2645 1506 2678 nido,
1522 2645 1560 2672 sic
1570 2650 1597 2672 et
1611 2645 1691 2672 homo

900 2704 959 2723 cunt
972 2703 1021 2722 suo
1036 2695 1095 2722 loco
1107 2692 1286 2721 ditnovebitur
1303 2691 1337 2718 ³⁸.
1360 2701 1369 2717 ι
1395 2691 1464 2724 Quid
1488 2692 1559 2718 enim
1584 2690 1625 2717 his
1645 2690 1690 2724 qui

901 2742 926 2769 in
943 2741 1101 2776 captivitate
1117 2744 1179 2768 sunt
1201 2738 1260 2766 ﬁeri
1285 2742 1373 2773 potest
1397 2736 1595 2765 miserabilius?
1619 2735 1690 2769 Quid
