1887 3054
205 139 254 169 191

699 142 728 170 S.
747 141 888 170 CYRILLI
906 142 1142 171 ALEXANDRINI
1159 143 1318 173 ABCHIEP.

1791 140 1850 170 £92

203 206 270 226 νει-ο
286 203 339 226 IIII)
356 198 484 227 miserum
501 204 580 226 estet
597 203 651 227 tam
666 200 851 235 proculcatam
871 208 903 227 ac
922 208 984 227 C0!)-

1062 200 1112 236 έσῃ
1131 200 1163 227 ἑκ
1180 201 1229 235 τῆς
1252 201 1320 233 ιδίας
1341 201 1446 233 καλιᾶς,
1462 201 1533 228 οὕτω
1549 201 1595 228 καὶ
1611 200 1758 236 ἄνθρωπος
1775 199 1847 226 ὅταν

205 244 362 279 Iemptibiie,
378 253 457 280 quam
475 244 597 273 homines
611 246 637 272 itt
654 253 761 274 manum
780 246 890 274 victoris
910 246 979 274 iuci~

204 291 268 318 dere
277 289 288 318 !

1033 247 1197 283 ἀποσπασθῇ
1209 249 1241 274 ὲκ
1255 247 1308 274 τῶν
1325 248 1397 275 ἰδίων
1413 248 1512 275 τόπων.
1535 257 1544 274 ι
1558 248 1591 274 Τί
1607 247 1662 283 γὰρ
1676 247 1711 274 ἃν
1729 246 1847 281 γένοιτο

1041 293 1095 320 τῶν
1123 294 1152 319 ὲν
1175 293 1348 329 αἰχμαλωσίᾳ
1372 294 1403 320 τὸ
1425 294 1615 330 οἰκτρότερον;
1642 293 1676 320 Τί
1700 292 1732 320 δὲ
1750 289 1847 321 οὕτως

203 334 317 362 ἐλεεινὸν
334 335 381 362 καὶ
396 336 598 372 πεπατημένον,
616 337 654 369 ὼς
668 336 826 372 ἀνθρώπους
840 336 893 363 ὑπὸ
912 337 991 372 χεῖρα
1005 338 1098 363 πεσεῖν
1113 337 1167 364 τῶν
1184 338 1412 373 κεκρατηκότων;

237 381 300 408 CAP.
320 381 377 411 νιι,
390 390 462 409 veris.
481 383 505 408 1.
520 383 551 409 Et
568 383 666 417 factum
681 388 718 410 est
738 383 764 409 in
781 383 872 410 diebus
888 383 987 410 Achaei

201 427 251 460 ﬁlii
268 427 403 458 Joalham,
417 428 468 462 ﬁlii
481 427 552 455 Οιὶιυ
566 429 632 462 regis
648 427 737 461 Iudae,
750 430 868 456 accendit
883 428 987 456 Rham-

201 481 248 498 aon
263 481 308 499 rex
325 472 420 507 Syritv,
438 478 462 500 et
481 472 582 500 P/mcee
592 474 662 508 [ilius
679 473 802 501 Romeliw
823 482 869 501 rem
891 474 986 507 Israel,

201 522 290 542 contra
298 517 446 544 Jerusalem
461 518 495 544 ad
512 518 682 545 obsidendum
699 527 768 551 eam,
783 525 805 546 et
823 527 875 546 non
896 525 988 553 polue-

201 567 260 588 νυηι
277 571 426 598 expugnare
443 572 510 590 eam.

235 606 285 640 Qui
306 608 332 634 in
355 607 502 642 Scriptttris
525 609 654 636 divinitus
680 610 820 644 inspiratls
844 611 985 638 historiam

201 658 230 679 ut
246 660 302 679 rem
315 652 438 680 frivolam
463 654 613 688 repudiant,
638 655 750 690 fugiunt,
771 660 799 682 ut
821 656 935 689 videtur,
953 665 986 683 on

200 706 253 732 quo
267 699 344 726 decet
360 700 448 732 modo,
471 708 502 727 ea
520 708 579 735 quae
595 702 622 728 in
644 702 708 736 ipsis
721 702 822 736 scripta
849 708 922 736 sunt,
946 704 983 730 in-

202 744 329 777 telligere.
342 744 496 779 Speculatio
511 747 582 773 enim
594 747 737 781 spiritalis.
751 755 811 782 quae
823 748 892 776 bona
903 753 945 776 est
960 753 987 776 et

201 789 284 821 utilis,
300 795 328 817 et
349 790 531 826 intelligentiae
555 792 647 820 oculos
670 793 788 820 maxime
815 793 986 828 collustrans,

201 835 403 864 cordatissimos
424 837 532 872 quidem
557 837 652 873 elﬁcit;
670 841 777 875 quando
794 839 874 876 115.
897 845 986 868 autem

199 881 301 915 aliquid
323 882 451 911 historice
473 888 578 918 gestum
601 892 642 912 ex'
660 886 746 913 sacris
773 885 884 914 Litteris
909 887 987 914 nobis

200 925 321 961 allertttr,
348 933 410 956 tunc
444 929 515 956 illam
549 938 609 966 qua:
638 939 672 959 ex
702 931 814 960 historia
840 933 984 960 utilitatem

1077 384 1132 411 Καὶ
1150 383 1268 418 ἐγένετο
1283 384 1318 412 ἐν
1331 384 1395 415 ταῖς
1406 383 1529 419 fuas-(at;-
1543 382 1635 418 Ἀχαζ
1642 383 1696 410 τοῦ
1717 382 1847 415 Ὶωαθιίμ

1040 430 1094 458 τοῦ
1112 431 1179 458 vim?
1201 430 1292 461 Ὀζῗου
1305 430 1458 464 ,βασιλέως
1481 429 1583 462 Ἰούδα,
1607 429 1700 462 ἀνέϐη
1732 429 1847 455 Ῥαασ-

1041 476 1106 504 σὼν
1118 476 1269 510 ,βασιλεὺς
1285 477 1410 511 Συρίας,
1425 476 1475 503 καὶ
1490 475 1585 503 Φακεὲ
1597 475 1662 508 υίὸς
1683 475 1846 508 Ῥομειὲίόι·

1039 522 1190 554 ,βασιλεὺς
1208 522 1326 556 Ἰσραὴλ
1357 522 1405 549 ἐπὶ
1436 521 1630 556 Ἰερουσαλὴμ
1661 520 1846 554 πολεμῆσαι

1040 568 1147 602 αὐτὴν,
1162 569 1211 596 καὶ
1227 570 1283 596 οὐκ
1297 568 1496 602 ἠδυνήθησαν
1510 566 1714 602 πολιορκῆσαι
1730 566 1844 599 αὐτήν.

1075 616 1108 641 Οί
1127 614 1175 650 τὴν
1196 615 1225 641 ὲν
1239 615 1298 646 ταῖς
1315 614 1505 645 θεοπνεύστοις
1521 614 1644 649 Γραφαῖς
1659 612 1788 647 ἱστορίαν
1804 611 1846 642 ὡς

1040 659 1123 686 ἕωλον
1147 659 1370 694 παραιτούμενοι,
1394 659 1525 693 φεύγουσι
1550 658 1621 684 κατὰ
1649 657 1680 684 τὸ
1704 656 1785 688 εἰκὸς
1811 655 1846 682 τὸ

1039 705 1110 731 νοεῖν
1130 703 1271 735 δύνασθαι,
1292 703 1353 730 καθ’
1368 703 1397 730 δν
1411 703 1544 738 προσήκει
1557 702 1666 738 τρόπον,
1685 702 1723 728 τὰ
1744 702 1776 728 ὲν
1790 701 1843 728 αὺ-

1039 751 1094 781 τοῖς
1108 749 1298 785 γεγραμμένα.
1319 749 1425 785 Θεωρία
1441 748 1491 784 μὲν
1505 748 1560 783 γὰρ
1577 747 1755 783 πνευματικὴ
1770 747 1843 782 καλή

1039 804 1069 822 τε
1084 796 1131 822 καὶ
1147 795 1318 831 ὀνησιφόρος,
1336 796 1383 822 καὶ
1400 795 1448 830 τῆς
1462 794 1580 826 διανοίας
1592 794 1637 820 τὸν
1650 793 1800 828 ὀφθαλμὸν
1810 790 1843 819 εὖ

1042 841 1113 877 μάλα
1147 840 1416 876 καταλαμπρύνουσα
1441 839 1668 875 νουνεχεοτάτους
1696 837 1841 868 ἀποτελει.

1041 889 1125 915 Ὅταν
1144 888 1173 914 δέ
1195 897 1221 915 τι
1237 888 1294 915 τῶν
1324 888 1467 924 ἱστορικῶς
1494 887 1700 922 πεπραγμένων
1722 885 1770 912 διὰ
1785 885 1843 911 τῶν

1041 934 1122 970 ἱερῶν
1137 935 1203 970 ἡμῖν
1214 933 1387 969 Γραμμάτων
1403 933 1574 968 είσφέρηται,
1586 932 1648 958 τότε
1670 931 1703 967 δὴ
1725 931 1791 957 τότε
1811 931 1842 956 τὸ

201 974 331 1007 nascitur,
354 976 480 1010 aucupari
502 977 589 1009 decet,
613 982 642 1005 ut
660 977 830 1013 Scripturam
855 979 984 1007 divinitus

1060 988 1070 1006 ι
1099 979 1148 1014 τῆς
1175 978 1297 1013 ἱστορίας
1322 978 1456 1014 χρήσιμον
1483 976 1616 1013 θηρᾶσθαι
1644 976 1759 1011 πρέπει,
1796 975 1842 1001 ινα

201 1019 360 1053 inspiratam
377 1024 554 1057 undecunque
566 1030 616 1051 nos
628 1029 655 1051 et
664 1032 775 1052 servare
790 1031 816 1053 et
828 1025 924 1061 juvare
938 1033 987 1061 ap-

200 1070 302 1099 pareat.
329 1067 445 1095 Enarrat
469 1069 560 1104 itaque
586 1070 663 1098 nobis
688 1071 762 1099 hisce
784 1071 874 1099 verbis
899 1079 989 1100 sermo

200 1112 384 1145 propheticus,
397 1121 458 1148 quae
466 1119 587 1149 tetnpore
600 1116 673 1152 regni
690 1116 763 1144 Ozite
779 1118 901 1145 tribubus
918 1117 986 1146 Juda

201 1162 227 1183 et
242 1157 391 1192 Benjamin,
409 1159 555 1195 decemque
566 1161 690 1190 tribubus
700 1163 727 1190 in
739 1163 875 1197 Samaria,
891 1172 950 1198 quae
961 1171 987 1193 et

202 1203 328 1237 Ephraim
347 1205 556 1234 nominabantur
571 1213 599 1235 et
613 1208 708 1242 lsrael,
725 1209 908 1244 contigerunt.
920 1209 987 1238 Cum

201 1255 266 1276 vero
278 1253 395 1283 quatuor
407 1258 499 1286 regum
530 1254 696 1287 temporibus
721 1255 845 1282 universa
869 1256 988 1290 prophe-

203 1293 247 1320 ti:e
270 1294 358 1322 oratio
385 1295 476 1324 habita
501 1297 547 1330 sit,
568 1306 629 1333 quae
649 1299 784 1334 sigillatim
817 1301 986 1336 contingunt,

201 1338 277 1372 ponit
300 1340 441 1376 propheta,
459 1343 646 1379 signiﬁcatque
672 1346 838 1379 necessario,
865 1347 987 1375 ordinem

201 1385 267 1413 visis
293 1390 374 1421 atque
401 1389 573 1418 sermonibus
604 1391 662 1418 suis
692 1392 823 1426 optimum
845 1393 987 1427 adhibens.

203 1431 332 1459 Defuncto
349 1433 429 1468 igitur
450 1435 558 1468 Azaria,
583 1436 629 1470 qui
652 1441 680 1464 et
701 1436 791 1470 Ozias,
821 1439 941 1466 succedit
962 1440 987 1466 in

203 1483 314 1511 regnum
328 1476 467 1512 Joatham,
479 1486 645 1516 scopumque
657 1489 689 1509 ac
710 1482 830 1510 instituta
847 1484 932 1518 patris
946 1485 987 1512 sui

202 1527 361 1556 persecutus
371 1529 422 1551 est.
444 1525 546 1553 Dicitur
564 1526 662 1562 quippe
675 1532 702 1555 et
720 1529 776 1563 ipse
790 1529 816 1556 in
830 1529 917 1557 oculis
940 1529 989 1557 Do-

203 1568 268 1595 mini
284 1568 380 1597 fecisse
395 1575 510 1604 rectum,
524 1573 749 1606 quemadmodum
768 1580 795 1601 et
813 1574 910 1609 Ozias;
939 1584 987 1603 ve-

203 1622 261 1642 rum
281 1616 386 1643 excelsa
403 1625 454 1644 non
467 1618 587 1651 sustulit,
603 1619 650 1646 sed
665 1621 812 1648 etiamnum
829 1623 943 1656 populus
960 1623 986 1650 in

1039 1024 1208 1060 πανταχόθεν
1222 1024 1297 1059 ἡμᾶς
1316 1024 1333 1059 ἠ
1351 1023 1529 1054 θεόπνευστος
1545 1022 1641 1058 Γραφὴ
1659 1021 1794 1053 σώζουσα
1810 1029 1839 1047 τε

1039 1071 1085 1096 καὶ
1097 1070 1240 1105 ὠφελοῦσα
1254 1070 1393 1105 φαίνηται.
1414 1070 1572 1104 ’Δφηγεῖται
1582 1068 1673 1095 τοίνυν
1692 1069 1706 1094 ὁ
1726 1076 1839 1102 προφη-

1038 1115 1114 1147 τικὸς
1126 1116 1191 1151 ἡμῖν
1205 1116 1234 1142 ὲν
1246 1115 1352 1145 τούτοις
1368 1115 1446 1149 λόγος
1462 1114 1495 1141 τὰ
1514 1115 1544 1141 ἐν
1560 1115 1666 1149 καιροῖς
1676 1114 1728 1148 τῆς
1748 1112 1840 1145 Ὸζίου

1039 1162 1177 1197 βασιλείας
1195 1161 1388 1197 συμσεσηκότα
1399 1162 1456 1192 τοῖς
1468 1160 1498 1193 ἐξ
1512 1160 1597 1187 Ἰούδα
1613 1161 1660 1186 καὶ
1675 1159 1837 1194 Βενιαμεὶν,

1039 1208 1085 1234 καὶ
1100 1209 1160 1240 ταῖς
1172 1208 1201 1233 ὲν
1211 1209 1243 1242 τῇ
1256 1207 1398 1242 Σαμαρείᾳ
1411 1206 1476 1233 δέκα
1488 1205 1594 1240 φυλαῖς,
1611 1205 1639 1232 αἱ
1651 1205 1698 1231 καὶ
1713 1204 1838 1239 Ἐφραῖμ

1039 1253 1221 1289 ὠνομάζοντο,
1240 1253 1287 1279 καὶ
1302 1253 1352 1288 μέν
1367 1261 1407 1278 τοι
1421 1252 1469 1279 καὶ
1485 1251 1605 1287 Ἰσραήλ.
1629 1251 1741 1285 Ἐπειδὴ
1764 1250 1794 1277 δὲ
1809 1251 1838 1276 ὲν

1039 1300 1144 1335 καιροῖς
1153 1298 1296 1334 τεσσάρων
1308 1297 1439 1333 βασιλέων
1451 1297 1466 1323 ό
1477 1297 1587 1332 σύμπας
1599 1297 1649 1332 τῆς
1661 1295 1836 1332 προφητείας

1038 1346 1134 1380 γέγονε
1144 1345 1232 1380 λόγος,
1243 1345 1276 1371 τὰ
1290 1346 1319 1371 ὲν
1332 1345 1388 1376 τοῖς
1402 1343 1516 1370 ἑκάστου
1529 1343 1634 1378 καιροῖς
1645 1350 1677 1369 συ
1682 1341 1836 1377 μὸαίνοντα

1038 1391 1144 1427 τίθησιν
1164 1392 1179 1418 ὁ
1195 1391 1348 1427 προφήτης,
1369 1391 1416 1417 καὶ
1432 1389 1588 1423 ἀναγκαίως
1607 1387 1834 1422 ἐπισημαίνεται,

1039 1438 1114 1470 τάξιν
1141 1439 1199 1468 ταῖς
1222 1436 1362 1472 ὁράσεσιν,
1384 1436 1443 1472 ἦτοι
1472 1437 1529 1467 τοῖς
1551 1433 1650 1461 ἑαυτοῦ
1675 1434 1766 1468 λόγοις
1785 1433 1835 1469 τὴν

1039 1482 1154 1517 ἀρίστην
1167 1481 1305 1512 ἐπιτιθείς.
1320 1480 1473 1512 Τεθνεῶτος
1484 1479 1628 1515 τοιγαροῦν
1644 1478 1774 1514 ’Δζαρίου
1787 1479 1834 1505 καὶ

1038 1527 1085 1554 τοῦ
1109 1527 1208 1560 Ὀζίου,
1227 1526 1377 1562 διαδέχεται
1395 1526 1445 1562 τὴν
1464 1525 1601 1560 βασιλείαν
1623 1524 1746 1557 ’ῐωαθὰν,
1769 1525 1833 1558 ἡκο-

1037 1574 1153 1609 λούθησέ
1178 1583 1208 1600 τε
1232 1573 1271 1609 τῷ
1288 1573 1391 1608 σκοπῷ,
1414 1573 1460 1600 καὶ
1481 1573 1538 1604 τοῖς
1560 1570 1762 1606 ἐπιτηδεύμασι
1786 1570 1833 1596 τοῦ

1040 1620 1105 1647 ἰδίου
1121 1620 1232 1656 πατρός.
1253 1619 1368 1653 Λέγεται
1384 1618 1433 1654 μὲν
1449 1618 1503 1654 γὰρ
1519 1617 1565 1644 καὶ
1579 1617 1661 1649 αὐτὸς
1682 1617 1712 1645 ὲν
1732 1616 1833 1651 ὀφθαλ-

203 1661 319 1689 excelsis
347 1662 483 1693 adolebat.
512 1663 546 1691 Et
571 1665 651 1693 Ozias
676 1666 783 1701 quidem
812 1674 910 1702 praeter
947 1668 984 1696 las

1060 1667 1101 1697 of;
1111 1666 1214 1701 Κυρίου
1229 1665 1340 1700 ποιῆσαι
1355 1665 1384 1691 τὺ
1395 1664 1484 1696 εὺθὲς,
1499 1663 1570 1690 καθὰ
1583 1665 1630 1691 καὶ
1643 1663 1747 1696 Ὀζίας,
1762 1663 1834 1698 πλὴν

203 1713 310 1733 sacrum
325 1714 422 1735 munus
433 1707 538 1741 ambiit,
556 1713 584 1736 et
604 1710 702 1738 oll'erre
720 1711 828 1739 incensa
845 1721 988 1748 aggressus

203 1756 254 1783 est,
269 1755 296 1778 et
309 1759 368 1779 eam
383 1754 417 1780 ob
433 1761 540 1780 causam
562 1755 634 1789 lepra
655 1755 769 1784 allectus
791 1762 844 1784 est.
863 1757 988 1786 Joatham

202 1801 292 1824 autem
305 1806 356 1825 non
372 1800 421 1826 sic.
442 1798 588 1834 Postquam
603 1805 629 1828 et
645 1801 689 1828 ille
709 1802 849 1837 migrasset
871 1811 886 1830 e
908 1804 986 1837 vivis,

202 1843 365 1879 subrogatur
383 1845 409 1872 in
426 1852 536 1881 regnum
551 1846 686 1879 Acbazus,
705 1848 876 1882 imperitante
899 1850 989 1878 adhuc

203 1889 341 1922 lsraelitis,
355 1891 381 1918 id
400 1895 451 1925 est,
473 1892 565 1920 decem
587 1893 722 1927 tribubus,
738 1893 845 1923 Phacee
864 1896 918 1923 lilio
934 1895 988 1923 Ro-

203 1935 301 1964 nteliae.
318 1935 367 1963 Hic
379 1937 476 1964 bellum
489 1943 581 1966 contra
592 1939 728 1967 Achazum
746 1946 773 1968 et
785 1939 880 1969 ludam
894 1943 987 1975 movit,

202 1986 230 2008 et
243 1989 297 2009 uno
309 1983 352 2010 die
363 1989 470 2011 centum
486 1985 578 2020 viginti
593 1985 676 2013 millia
692 1986 838 2015 interemit.
863 1988 989 2016 lrritatus

203 2033 246 2056 est
266 2030 337 2056 enim
370 2031 554 2060 universitatis
582 2033 663 2066 Deus,
696 2039 807 2070 propter
834 2035 987 2070 impietates

203 2074 313 2108 Achazi,
337 2076 370 2104 de
386 2084 439 2111 quo
468 2078 599 2113 scriptum
631 2084 674 2107 est
699 2085 795 2115 quarto
821 2080 987 2116 Regnorum,

203 2122 274 2155 quod
290 2121 316 2149 in
336 2122 378 2150 via
396 2124 466 2158 regis
480 2124 560 2152 Israel
580 2125 734 2154 ambularit.
758 2127 822 2154 Erat
845 2127 916 2155 enim
947 2128 989 2155 vir

204 2167 312 2202 impius,
324 2171 351 2195 et
367 2170 502 2197 serviebat
517 2170 605 2204 idolis,
621 2172 757 2200 etliberos
765 2180 828 2201 suos
836 2181 884 2208 per
899 2173 988 2208 ignem

202 2213 332 2247 traduxit,
349 2215 495 2243 immundis
508 2216 675 2245 daemonibus
689 2219 856 2247 sacriﬁcans.
874 2218 989 2254 Tempo-

203 2259 276 2286 ribus
289 2259 379 2294 itaque
394 2260 477 2295 ipsius
495 2263 581 2298 regni,
599 2267 626 2290 et
642 2264 700 2298 ipse
718 2263 822 2291 Phacee
844 2264 916 2292 ﬁlius
932 2264 985 2292 Ro.

202 2304 298 2337 meliaz,
311 2309 337 2332 et
351 2305 489 2334 thaasson
502 2315 548 2335 rex
560 2309 652 2342 Aram,
670 2309 696 2336 id
718 2313 761 2336 est
782 2308 877 2344 Syriae,
894 2314 987 2337 contra

201 2349 386 2387 Hierosolyma
418 2357 445 2381 ct
465 2353 533 2382 Juda
561 2355 766 2389 conspirarunt,
802 2361 988 2390 veneruntque

201 2396 393 2432 populabundi.
416 2399 514 2427 Verum
528 2407 580 2427 non
595 2405 723 2435 ceperunt
739 2401 845 2429 urbem.
863 2401 987 2429 Achazus

202 2448 302 2476 autem,
319 2444 524 2480 impressionem
539 2446 734 2474 intolerabilem
744 2452 878 2478 metuens,
889 2454 987 2474 acervo

201 2490 374 2522 pecuniarum
392 2499 490 2525 magno
510 2497 653 2528 congesto,
682 2492 715 2519 ad
740 2491 986 2528 Tbeglaphasarum

201 2543 289 2570 regem
313 2537 485 2573 Assyriorum
507 2539 608 2573 legatos
627 2538 718 2571 mittit,
748 2546 846 2573 rogans
873 2545 902 2566 ut
923 2540 988 2567 velit

200 2580 250 2608 sibi
268 2582 389 2610 subsidio
418 2591 488 2616 esse,
513 2588 596 2618 utque
615 2588 709 2610 contra
736 2582 876 2611 Rhaasson
909 2591 984 2611 arma

200 2627 297 2662 capiat.
310 2629 386 2662 Quod
397 2630 478 2657 etiam
497 2629 530 2657 ad
543 2630 644 2657 exitum
658 2629 816 2664 perductum
831 2634 889 2664 est;
907 2630 986 2667 115

201 2674 391 2711 profectusque
411 2675 539 2711 Assyrius
555 2675 626 2710 cepit
647 2675 816 2708 Damascum,
842 2676 987 2705 obtrunca-

201 2722 241 2748 vit
255 2721 405 2750 Rhaasson.
422 2721 526 2750 Mortuo
543 2727 632 2750 autem
650 2722 756 2751 Phacec
776 2722 831 2750 tilio
846 2723 985 2757 Romeliae,

200 2767 247 2802 qui
264 2768 387 2803 regnavit
410 2768 436 2795 in
454 2767 578 2796 Samaria
592 2776 673 2804 super
691 2768 830 2802 lsraelem,
848 2774 986 2804 sceptrum

201 2814 319 2847 rapessit
331 2813 399 2842 Osce
417 2813 488 2843 illius
505 2815 573 2849 Elte;
591 2823 645 2851 quo
658 2820 799 2852 regnante,
817 2815 921 2844 invadit
935 2815 986 2842 Sa-

205 2859 317 2887 mariam
336 2859 508 2890 Sahnanasar
520 2861 657 2896 Assyrius,
675 2867 812 2896 totamque
834 2861 988 2896 occupavit,

1040 1711 1073 1738 τὰ
1083 1711 1172 1746 ὑψηλὰ
1188 1711 1237 1737 οὐκ
1252 1711 1358 1746 ἐξῆρεν,
1372 1710 1429 1737 ἀλλ’
1443 1710 1482 1736 ἔτι
1497 1710 1512 1736 ὁ
1523 1709 1587 1741 λαὸς
1598 1709 1719 1744 ἐθυμίων
1737 1710 1767 1736 ὲν
1777 1710 1834 1740 τοῖς

1040 1758 1162 1793 ὑψηλοῖς.
1180 1758 1234 1784 Καὶ
1245 1757 1361 1792 ἐζήτησε
1379 1756 1428 1792 μὲν
1446 1757 1536 1789 Ὀζίας
1548 1756 1623 1792 παρά
1635 1756 1665 1782 τὸ
1681 1755 1742 1789 ὲξδν
1760 1756 1834 1791 ἱερα-

1039 1805 1132 1831 τεύσαι
1145 1804 1214 1839 Θεῷ,
1229 1804 1276 1830 καὶ
1295 1804 1488 1839 προσενεγκεῖν
1507 1802 1679 1837 θυμιάματα,
1694 1802 1743 1828 καὶ
1757 1801 1833 1827 λελέ-

1040 1858 1147 1886 πρωται
1161 1851 1264 1885 ταύτης
1276 1850 1357 1877 ἕνεκα
1370 1850 1418 1885 τῆς
1432 1849 1531 1881 αἰτίας.
1540 1848 1652 1876 Ἰωαθάν
1666 1857 1699 1883 γε
1713 1848 1768 1884 μὴν
1784 1848 1834 1882 οὐχ

1039 1895 1135 1928 οὕτως.
1156 1896 1264 1932 Ἐπειδὴ
1278 1896 1306 1923 δὲ
1321 1896 1367 1924 καὶ
1381 1896 1462 1928 αὐτὸς
1481 1896 1598 1929 ἀπεϐίω,
1615 1895 1766 1931 διαδέχεται
1783 1894 1834 1929 τὴν

1040 1941 1180 1977 βασιλείαν
1202 1943 1217 1968 ὁ
1237 1942 1336 1977 Ἀχαζ,
1362 1941 1549 1978 βασιλεύοντος
1575 1941 1621 1968 ὲπὶ
1644 1941 1690 1967 τὸν
1713 1940 1833 1976 Ἰσραὴλ,

1039 1985 1111 2012 τοῦτ’
1123 1985 1192 2018 ἔστι,
1206 1986 1260 2013 τῶν
1274 1986 1378 2013 δώδεκα
1392 1986 1494 2021 φυλῶν,
1506 1987 1593 2013 Φακεὲ
1605 1986 1664 2012 υίοῦ
1679 1985 1831 2020 Ῥομιελίου.

1040 2029 1124 2065 Οὗτος
1152 2033 1280 2069 κεκίνηκε
1303 2033 1421 2068 πόλεμον
1444 2033 1515 2060 κατὰ
1537 2033 1584 2059 τοῦ
1604 2032 1693 2068 Ἀχαξ
1717 2033 1765 2059 καὶ
1785 2032 1832 2059 τοῦ

1039 2079 1135 2112 Ἰούδα,
1153 2080 1201 2106 καὶ
1214 2079 1357 2106 ἀπέκτεινε
1374 2079 1423 2115 μὲν
1439 2080 1468 2105 ἐν
1485 2080 1534 2115 μιᾷ
1554 2079 1646 2115 ἡμέρᾳ
1669 2079 1770 2106 ἑκατὸν
1786 2079 1832 2105 καὶ

1039 2124 1126 2151 εἴκοσι
1139 2124 1270 2159 χιλιάδας.
1287 2124 1482 2160 Παρωτρύνετο
1498 2125 1553 2160 γὰρ
1576 2125 1590 2151 ὁ
1604 2123 1659 2150 τῶν
1679 2124 1749 2151 ὅλων
1767 2123 1832 2155 Θεὸς

1039 2169 1068 2195 ἑν
1083 2170 1142 2200 ταῖς
1153 2168 1200 2195 τοῦ
1211 2169 1299 2204 ΙἈχαζ
1308 2169 1487 2203 δυσσεσείαις,
1500 2169 1564 2205 περὶ
1571 2167 1602 2196 οὖ
1617 2169 1665 2196 καὶ
1677 2169 1830 2205 γέγραπται

1039 2215 1068 2241 ὲν
1087 2215 1119 2250 τῇ
1139 2214 1257 2250 τετάρτῃ
1273 2214 1328 2242 τῶν
1343 2215 1501 2248 Βασιλειῶν,
1518 2216 1560 2242 ὃτι
1582 2215 1720 2251 ἐπορεύθη
1738 2217 1767 2242 ὲν
1781 2216 1832 2250 ὀδῷ

1040 2260 1171 2296 βασιλέως
1196 2261 1314 2297 Ἰσραήλ.
1331 2261 1428 2296 Γέγονε
1451 2261 1506 2297 γὰρ
1524 2262 1594 2297 ἀνὴρ
1617 2262 1765 2297 δυσσεϐὴς,
1787 2263 1832 2289 καὶ

1039 2306 1217 2342 λελάτρευκεν
1233 2307 1363 2339 εἰδώλοις,
1389 2308 1435 2335 καὶ
1454 2307 1489 2334 τὰ
1511 2308 1594 2335 τέκνα
1616 2308 1699 2335 αὐτοῦ
1717 2309 1831 2343 διήγαγε

1038 2352 1082 2379 διὰ
1097 2353 1183 2388 πυρὸς
1196 2352 1374 2388 καταθυμιῶν
1388 2354 1444 2384 τοῖς
1457 2353 1623 2389 ἀκαθάρτοις
1634 2353 1773 2388 δαίμοσιν.
1789 2354 1832 2380 Ἐν

1037 2400 1143 2433 καιροῖς
1154 2398 1297 2434 τοιγαροῦν
1310 2398 1359 2433 τῆς
1367 2398 1464 2425 ἑαυτοῦ
1478 2399 1617 2434 βασιλείας
1631 2400 1832 2435 συνεφράξαντο

1038 2445 1109 2472 κατά
1125 2453 1155 2471 τε
1171 2444 1224 2470 τῶν
1244 2443 1439 2480 Ἰεροσολύμων
1456 2444 1504 2471 καὶ
1523 2444 1619 2477 Ἰούδα,
1635 2445 1718 2477 αὑτός
1735 2454 1766 2472 τε
1779 2446 1831 2471 Q1-

1037 2491 1084 2517 κεὲ
1101 2491 1116 2517 ὁ
1128 2489 1174 2516 τοῦ
1192 2490 1331 2525 Ῥομελίου
1344 2510 1352 2524 ,
1364 2491 1411 2517 καὶ
1425 2489 1566 2517 Ῥαασσὼν
1582 2490 1709 2525 βασιλεὺς
1734 2491 1830 2526 Ἀρὰμ,

1037 2537 1110 2563 τοῦτ’
1133 2536 1190 2563 ἔστι
1213 2536 1322 2571 Συρίας.
1349 2537 1405 2563 Καὶ
1430 2534 1512 2572 ἦλθον
1535 2537 1574 2568 ὡς
1597 2536 1830 2573 καταδῃώσοντες,

1037 2583 1108 2619 πλὴν
1124 2584 1173 2618 οὐχ
1188 2580 1258 2609 εἷλον
1275 2583 1324 2617 τὴν
1335 2581 1423 2611 πόλιν.
1438 2582 1536 2614 Δεδιὼς
1548 2583 1576 2609 δὲ
1595 2583 1644 2618 τὴν
1655 2583 1753 2617 ἔφοδον
1769 2584 1848 2618 αφά-ι

1039 2638 1120 2665 ρητον
1136 2627 1217 2656 οὖσαν
1234 2630 1248 2655 ὁ
1261 2629 1358 2664 Ἀχαζ,
1372 2629 1496 2666 ἄθροισιν
1517 2630 1568 2665 μὲν
1585 2631 1704 2657 ποιεῖται
1723 2630 1830 2666 χρημά-

1037 2683 1092 2702 των
1107 2674 1218 2709 πολλὴν,
1232 2673 1414 2710 πρεσϐεύεται
1432 2675 1461 2702 δὲ
1484 2675 1553 2710 πρὸς
1574 2675 1620 2703 τὸν
1646 2675 1760 2710 βασιλέα
1780 2675 1831 2702 τῶν

1047 2720 1197 2756 Ἀσσυρίων
1220 2720 1460 2756 Θεγλαφολλασὰρ,
1490 2721 1680 2755 ἐπαμύνεσθαί
1697 2730 1728 2748 τε
1759 2721 1828 2756 αὐτῷ

1041 2767 1205 2804 παρακαλεῖ,
1221 2767 1267 2794 καὶ
1279 2767 1566 2804 καταστρατεύσασθαι
1581 2767 1628 2794 τοῦ
1652 2767 1804 2799 Ῥαασσὼν,
1817 2768 1828 2793 ε

1042 2813 1074 2849 δὴ
1093 2814 1139 2841 καὶ
1167 2814 1207 2845 εἰς
1233 2813 1320 2849 πέρας
1343 2814 1496 2849 ἐνήνεκται.
1516 2813 1616 2841 Ἐλθὼν
1639 2813 1668 2840 δὲ
1692 2814 1826 2850 ’Δσσύριος

1043 2857 1097 2886 εἷλε
1117 2859 1166 2895 τὴν
1181 2859 1334 2896 Δαμασκὸν,
1349 2859 1491 2888 ἀπέκτεινε
1505 2859 1534 2887 δὲ
1551 2859 1597 2886 καὶ
1613 2860 1659 2886 τὸν
1677 2859 1825 2888 Ῥαασσών,
