1887 3054
91 135 136 164 MS

675 130 712 158 IN
732 131 848 159 ISAIAM
867 130 932 159 LIB.
947 132 970 160 l.
985 131 1092 160 ORAT.
1113 130 1157 158 IV.

1667 135 1719 165 ΙΝ

86 180 306 216 Τιλευτήσαντος
329 180 361 206 δὲ
383 180 431 206 καὶ
446 179 490 206 τοῦ
506 178 592 205 Φακεὲ
611 177 658 204 τοῦ
682 177 822 213 Ῥομελίου
839 177 884 205 τοῦ

944 178 1060 206 lsraelem
1072 177 1207 212 captivum
1222 175 1342 209 abduxit,
1365 181 1392 204 et
1410 177 1435 204 in
1459 177 1556 205 l'lniltus
1576 178 1717 209 Persarum

85 227 303 262 βασιλεύσαντος
316 226 391 253 κατὰ
408 225 456 261 τὴν
473 225 629 260 Σαμαρείαν
640 224 687 250 ἐπὶ
704 224 749 250 τὸν
765 224 883 260 Ἰσραὴλ,

82 274 244 308 διαδέχεται
255 273 287 299 τὸ
301 272 445 308 σκῆπτρον
463 271 540 306 Ὠσηὲ
555 269 613 302 υἱὸς
626 269 707 302 Ἦλα,
720 265 751 296 οὗ
766 269 887 304 βασιλεύς

88 328 198 350 εανιος,
213 318 328 354 ἔρχεται
340 317 413 344 κατὰ
429 317 476 352 τὴν
499 315 654 351 Σαμαρείαν
677 315 860 351 Σαλμανασὰρ
872 315 887 341 6

85 365 245 400 Ἀσσύριος,
271 365 320 391 καὶ
347 361 402 390 εἷλε
431 363 481 399 μὲν
503 362 602 393 πᾶσαν,
623 361 773 396 ἀπεκόμισε
792 360 821 388 δὲ
842 361 887 388 τὸν

89 411 206 448 Ἰσραὴλ
233 410 420 446 αἰχμάλωτον,
445 409 494 435 καὶ
515 408 662 444 ἀπῴκησεν
681 408 710 434 ἐν
731 408 788 438 τοῖς
812 407 887 442 δρεσι

84 457 205 492 Περσῶν
223 457 272 483 καὶ
287 456 398 491 Μήδων·
416 452 475 481 εἷτα
492 453 568 485 τινὰς
587 453 641 479 τῶν
657 453 702 487 ὑφ’
718 451 808 487 ἑαυτῷ
822 461 887 479 κατ-

81 503 175 530 οικεῖν
204 501 334 529 ἐκέλευσε
354 500 403 536 τὴν
428 498 594 534 Σαμαρείαν,
612 498 657 524 τόν
674 506 704 524 τε
723 498 756 524 ὲκ
769 496 885 529 Χουνθὰ,

80 547 132 574 καὶ
149 546 198 573 τὸν
212 546 420 582 Σαπφαρουῖαν.
434 545 594 579 Γέγραπται
613 543 668 580 γὰρ
683 542 770 572 οὕτως
787 543 815 570 ἐν
828 543 887 574 ταῖς

79 591 248 623 Βασιλειαις
258 613 264 623 ,
284 592 332 618 καὶ
346 590 451 626 μακρὸς
468 590 518 624 μὲν
540 590 554 615 6
569 590 609 623 ἐφ’
628 589 733 623 ἑκάστῳ
748 587 801 614 τῶν
816 588 888 623 εἰρη-

79 638 181 673 μένων
195 637 278 672 λόγος
298 637 374 672 παρά
397 645 429 670 γε
450 637 482 670 τῇ
505 634 675 669 θεοπνεύστῳ
690 634 796 670 Γραφῇ,
818 633 887 666 πλὴν

78 684 250 719 πεποίημαι
285 683 335 719 τὴν
364 683 500 717 ἀφήγησιν
530 680 735 716 βραχυλογήσας
764 680 804 710 ὡς
835 679 885 706 ἔνι.

83 726 234 762 Ἐροῦμεν
257 727 286 753 δὲ
304 726 352 754 καὶ
373 725 426 753 ἀνὰ
443 725 524 761 μέρος
542 725 655 756 ἕκαστα,
668 725 727 756 ταῖς
750 723 803 750 τῶν
820 732 887 759 προ-

76 773 231 808 κειμένων
247 772 364 803 ὲννοίαις
378 771 515 807 ἑπόμενοι.
525 771 568 797 Ἐν
579 771 639 802 ταῖς
650 769 768 805 ἡμέραις
787 769 885 802 τοίνυν,

77 816 183 851 ψησὶν,
201 816 292 851 ’Δχαζ
311 815 358 842 τοῦ
377 815 488 842 Ἰωαθὰν
505 814 552 841 τοῦ
565 814 624 841 υίοῦ
646 814 734 847 Ὀζὶου
755 813 886 849 βασιλέως

84 859 193 893 Ἰούδα,
233 860 483 896 συμπεφωνήκασιν
515 859 529 886 ὃ
553 868 581 886 τε
607 859 745 886 Ῥαασσὼν
762 859 886 895 βασιλεὺς

940 231 972 251 ac
990 223 1127 250 Medorum
1149 222 1313 250 collocavit:
1336 223 1432 251 deinde
1454 225 1585 259 quosdam
1607 227 1652 261 qui
1674 234 1719 255 se-

937 276 999 296 cum
1011 273 1096 302 erant,
1108 269 1188 304 jussit
1208 269 1324 296 incolere
1339 268 1500 302 Samariam,
1523 271 1567 306 qui
1581 271 1613 298 tle
1629 272 1720 300 Chun-

942 316 986 342 tlta
1002 319 1026 342 et
1041 314 1246 349 Sappharviam.
1268 314 1313 342 Sic
1334 315 1405 342 enim
1424 315 1450 342 in
1472 315 1572 351 Regnis
1589 318 1719 353 scriptum

937 365 990 387 est.
1012 360 1044 387 Et
1069 360 1175 394 quidem
1199 360 1231 387 de
1252 360 1363 394 singulis
1383 368 1442 395 qua:
1457 361 1527 388 dicta
1555 366 1618 389 sunt
1641 363 1719 398 longa

938 411 981 434 est
999 407 1024 433 in
1039 406 1177 440 Scriptura
1193 406 1320 433 divinitus
1336 407 1465 441 inspirata
1492 407 1591 440 oratio,
1608 413 1635 435 at
1655 417 1719 435 nar-

939 454 1069 480 rationem
1095 454 1164 481 hanc
1188 458 1286 488 quanta
1310 453 1384 481 licuit
1405 454 1536 482 brevitate
1564 461 1721 489 persecutus

938 508 1008 527 sum.
1027 499 1080 527 Sed
1096 499 1278 534 particulatim
1295 500 1415 527 dicemus
1429 500 1544 534 singula,
1564 500 1721 527 verborum—

938 554 990 581 que
1003 546 1163 573 sententiam
1175 546 1270 573 ordine
1284 545 1488 580 explicabimus.
1509 545 1607 573 Diebus
1627 546 1719 580 igitur,

938 592 1035 627 inquit,
1051 592 1151 619 Acbazi
1165 591 1213 619 lilii
1233 591 1366 623 Joatham,
1392 592 1438 618 ﬁlii
1460 591 1521 619 Ozze
1545 593 1615 626 regis
1639 591 1718 623 Juda,

939 638 1079 665 Rhaassnn
1096 645 1142 665 rex
1159 638 1252 669 Aram,
1268 637 1320 665 hoc
1340 642 1383 664 est
1398 636 1495 673 Syriat,
1514 643 1541 665 et
1561 637 1664 666 Phacee
1687 639 1719 665 li-

937 683 989 709 lius
1007 683 1135 710 Bomeliaa
1148 691 1196 710 rex
1206 683 1296 715 Israel,
1311 684 1502 717 conspirarunt
1513 688 1605 710 contra
1626 683 1720 710 lliero-

937 729 1052 764 solyma,
1069 734 1097 756 et
1114 733 1295 763 pervenerunt
1311 729 1446 756 civitatem
1465 728 1588 759 deleturi,
1601 736 1660 755 eam
1677 733 1719 755 ta-

939 782 998 801 men
1013 782 1167 809 oppugnare
1185 782 1236 802 non
1256 779 1414 809 potuerunt.
1434 774 1508 801 Dicta
1528 775 1661 801 sunthaec
1677 775 1719 801 in-

937 820 1092 854 scriptionis
1105 824 1132 847 et
1146 819 1311 854 praefationis
1329 819 1388 847 loco
1402 825 1429 846 et
1449 827 1498 847 ceu
1519 809 1567 854 per
1588 819 1720 846 narratio-

939 871 997 890 nem
1011 869 1180 891 eventorum.
1202 864 1353 892 Declaravit
1370 865 1434 892 item
1455 865 1595 892 consilium
1618 865 1720 900 ipsum-

84 906 198 942 ’Δρὰμ,
216 906 289 934 τοῦτ’
302 907 370 939 ἐστι,
387 906 495 942 Συρίας,
508 906 554 933 καὶ
571 905 658 934 Φακεὲ
674 905 731 938 υῐδς
745 905 881 942 Ῥομελίου

944 916 985 943 [ue
998 913 1133 941 conatum,
1147 909 1309 944 subjicitque
1321 910 1448 936 continuo
1459 910 1495 937 rei
1506 909 1588 943 ipsius
1598 910 1696 937 exitum
1710 919 1718 936 ε

80 952 223 987 βασιλεὺς
240 953 359 988 Ἰσραὴλ,
380 952 450 979 κατὰ
467 952 521 979 τῶν
536 951 739 988 Ἰεροσολύμων,
757 951 885 986 ἀφίκοντο

939 962 990 980 non
1006 954 1076 981 enim
1091 959 1234 989 polluerant
1247 962 1306 981 eam
1321 962 1485 990 oppugnare.

79 996 112 1022 se
126 997 370 1032 ηταδῃὼσοντες,
384 997 453 1032 πλὴν
462 997 513 1023 οὐκ
524 996 693 1031 ἠδυνήθησαν
707 996 886 1032 πολιορκῆσαι
903 998 998 1033 αὑτήν.
1015 999 1129 1035 Εἴρηται
1139 1000 1168 1026 δὲ
1193 999 1278 1026 ταῦτα
1301 1000 1369 1031 τέως
1377 1001 1405 1026 ὲν
1420 1001 1581 1036 προγραφῆς
1594 1001 1718 1036 δυνάμει.

81 1044 135 1070 καὶ
149 1044 193 1075 ὡς
205 1045 234 1070 ὲν
249 1045 386 1080 ἀφηγήσει
398 1045 445 1071 τοῦ
457 1044 671 1080 συμϐεϐηκότος.
683 1045 763 1080 Δηλοῖ
773 1046 827 1080 γὰρ
850 1046 900 1081 τὴν
920 1047 1016 1082 σκέψιν
1047 1048 1094 1074 καὶ
1118 1048 1185 1074 αὐτὸ
1207 1047 1236 1074 δὲ
1252 1048 1283 1075 τὸ
1312 1047 1474 1084 ἐγχείρημα,
1501 1049 1669 1084 προσεπάγει
1691 1050 1721 1076 δὲ

83 1093 277 1128 παραχρῆμα,
303 1092 350 1119 καὶ
371 1092 402 1119 τὸ
421 1091 466 1119 τοῦ
489 1092 652 1127 πράγματος
665 1093 760 1128 πέρας’
781 1093 819 1120 οὑ
833 1093 886 1129 γὰρ
902 1094 1085 1130 ἠδυνήθησαν,
1099 1095 1176 1131 φησὶ,
1190 1095 1370 1130 πολιορκῆσαι
1384 1095 1478 1131 αὐτήν.

125 1138 184 1165 Καὶ
209 1138 363 1172 ἀνηγγέλη
386 1139 429 1170 εἰς
446 1137 499 1164 τὸν
515 1136 598 1164 οἶκον
624 1138 712 1164 Δαϐὶδ
734 1138 884 1173 λέγοντες.

85 1183 316 1218 Συνεφώνησσν
331 1184 416 1218 Ἀρὰμ
427 1183 501 1218 πρὸς
512 1184 565 1211 τὸν
572 1184 706 1219 Ἐξορατμ,
715 1185 763 1211 καὶ
776 1185 884 1219 ἐξέστη

86 1230 107 1263 ἡ
124 1230 215 1264 ψυχὴ
237 1229 342 1262 αὑτοῦ,
367 1230 416 1256 καὶ
430 1229 450 1263 ἡ
467 1229 553 1264 ψυχὴ
567 1230 620 1257 τοῦ
633 1230 709 1257 λαοῦ
731 1231 834 1263 αὑτοῦ,
849 1230 886 1257 ὃν

85 1277 206 1310 τρόπον
228 1275 302 1303 ὅταν
322 1275 358 1302 ἐν
390 1275 489 1310 δρυμῷ
517 1275 612 1308 ξύλον
630 1276 690 1304 ὑπὸ
717 1277 885 1312 πνεύματος

88 1322 242 1356 σαλευθῇ.

131 1367 325 1403 Ὀρισάμενος,
345 1366 383 1398 ὡς
398 1365 474 1401 ἔφην,
488 1365 543 1393 τῶν
560 1365 735 1402 διηγημάτων
750 1367 800 1402 τὴν
815 1367 883 1402 πρό-

91 1421 189 1448 φασιν,
208 1412 256 1439 καὶ
269 1411 307 1443 ὡς
322 1413 350 1438 ὲν
364 1411 460 1447 βραχεῖ
472 1412 612 1447 κεφαλαίῳ
632 1412 782 1447 συλλήϐδην
798 1411 882 1438 εἰπὼν

90 1459 122 1485 τὺ
135 1458 291 1494 ἐγχείρημα
308 1458 362 1484 τῶν
376 1457 422 1483 δύο
438 1457 581 1492 βασιλέων,
599 1458 646 1484 καὶ
658 1458 699 1485 ὅτι
714 1457 781 1493 πρὸς
796 1457 883 1492 πέρας

978 1141 1058 1168 Vens.
1074 1140 1101 1168 ἓ.
1126 1140 1162 1167 Et
1188 1141 1366 1168 renuntiatum
1391 1146 1429 1168 est
1451 1141 1551 1168 domui-
1571 1141 1677 1168 Dauidis
1703 1151 1720 1168 α

939 1186 1093 1219 dicentibus,
1123 1186 1287 1221 Conspirauit
1321 1187 1403 1213 Aram
1444 1195 1502 1213 tum
1535 1186 1673 1221 Epltraim,
1696 1195 1720 1214 et

938 1236 1103 1259 consternato
1120 1237 1158 1259 su
1181 1233 1270 1259 animo
1293 1232 1362 1267 ejus,
1379 1237 1404 1259 et
1433 1233 1524 1260 animo
1543 1234 1633 1267 populi
1652 1233 1720 1268 ejus,

937 1278 1156 1313 quemadmodum
1171 1278 1198 1305 in
1209 1278 1273 1305 silva
1284 1277 1382 1313 lignum
1396 1287 1411 1305 α
1424 1283 1499 1305 vento
1513 1283 1640 1306 movetur.

972 1365 1084 1392 Delinila
1100 1372 1131 1393 ac
1146 1365 1292 1397 declarata,
1313 1370 1342 1392 ut
1373 1365 1505 1400 dicebam,
1534 1369 1717 1397 narrationum

935 1410 1089 1441 occasione,
1104 1414 1130 1436 et
1160 1414 1285 1443 tanquam
1322 1409 1347 1436 in
1371 1409 1444 1437 brevi
1469 1418 1573 1438 summa
1598 1420 1720 1448 compre~

937 1455 1040 1483 hensim
1054 1461 1152 1482 conalu
1169 1455 1281 1482 duorum
1300 1463 1390 1490 regum
1407 1463 1626 1491 commemorato,
1641 1464 1721 1493 utque

91 1505 186 1535 αὐτοῖς
199 1504 250 1530 οὐκ
264 1503 414 1538 ἐκϐέϐηκεν
428 1504 441 1529 6
454 1503 553 1533 σκοπὸς
563 1523 571 1535 ,
602 1503 714 1538 ἄρχεται
729 1503 820 1530 λοιπὸν
834 1503 884 1531 ἀνὰ

944 1502 970 1529 id
982 1502 1083 1528 exitum
1102 1509 1193 1528 eorum
1207 1501 1318 1528 consilia
1344 1509 1396 1528 non
1421 1504 1601 1536 pervenerint,
1629 1504 1723 1539 incipit

93 1551 180 1586 μέρος
192 1550 297 1576 ἕκαστα
318 1548 478 1583 κατισχνοῠν
494 1548 533 1583 τῷ
552 1547 633 1583 λόγῳ.
654 1548 803 1584 Ἀνηγγέλη
817 1549 881 1584 γὰρ,

93 1596 190 1632 φησιν,
207 1596 248 1627 εἰς
261 1595 307 1621 τὸν
323 1592 396 1621 οἷκον
414 1594 505 1624 Δαϐὶδ,
528 1593 600 1620 τοῦτ’
615 1594 683 1626 ἐστι,
699 1594 744 1620 τὸν
764 1594 884 1629 βασιλεύ-

94 1650 170 1673 οντα,
185 1640 234 1667 καὶ
247 1639 417 1675 ἀπήγγελλον
434 1639 474 1665 ὅτι
491 1638 679 1673 συνεφώνησεν
706 1638 795 1674 ’Δρὰμ
816 1640 884 1674 πρὸς

96 1687 139 1714 τὸν
173 1687 305 1721 Ἐφραῖμ.
350 1684 438 1720 ’Δρὰμ
475 1684 504 1710 δέ
534 1692 599 1719 φησι
621 1684 666 1711 τὸν
690 1684 794 1720 Σύρον⁹
836 1686 884 1711 καὶ

100 1732 222 1768 Ἕφραῗμ
230 1733 329 1766 ὁμοίως
339 1731 388 1762 τὰς
401 1731 429 1756 ἐν
437 1730 576 1766 Σαμαρείᾳ
590 1729 655 1756 δέκα
665 1730 760 1764 φυλάς.
776 1731 883 1766 Ἐπειδὴ

96 1779 122 1805 δὲ
134 1778 222 1804 ταῦτα
236 1785 330 1803 τουτον
353 1776 409 1811 ἔχει
422 1775 467 1802 τὸν
483 1775 591 1810 τρόπον,
607 1775 721 1802 ἐπύθετο
735 1776 784 1802 καὶ
799 1776 884 1802 πεπί-

97 1830 209 1849 ⁴ιτευκεν
221 1823 235 1848 6
247 1819 321 1852 οἶκος
331 1820 421 1852 Δαϐὶδ,
430 1820 502 1846 τοῦτ’
516 1820 599 1854 ἐστιν,
610 1822 625 1847 ὁ
637 1821 733 1855 Ἄχαζ.
743 1821 853 1856 Ἐξέστη
867 1822 884 1857 ὴ

96 1867 168 1903 ψυχὴ
181 1866 264 1893 αὐτοῦ
288 1866 336 1892 καὶ
349 1866 366 1902 ἡ
379 1866 452 1901 ψυχὴ
467 1865 513 1892 τοῦ
533 1865 598 1891 λαοῦ
619 1865 712 1898 αὐτοῦ,
741 1865 770 1892 ὃν
783 1866 884 1901 τρόπον

96 1914 159 1939 ὅταν
172 1913 202 1938 ὲν
218 1911 316 1948 δρυμῷ
328 1910 402 1943 Ξύλον
417 1911 468 1938 ὑπὸ
481 1911 634 1946 πνεύματος
651 1910 778 1947 σαλευθῇ.
794 1911 831 1937 T6
841 1912 881 1944 δὲ,

97 1957 205 1993 ἐξέστη,
224 1958 314 1991 τίθησι
339 1956 445 1988 κοινῶς,
470 1957 530 1983 ἀντὶ
552 1956 611 1988 τοῦ,
640 1957 808 1992 κατεπλάγη,
837 1958 884 1983 καὶ

99 2004 195 2041 μικρὸν
221 2004 267 2029 καὶ
289 2002 374 2036 αὐτῆς
397 2001 560 2029 ἐκπέπτωκε
577 2003 684 2037 φρενός.
700 2003 740 2030 Τὰ
771 2003 825 2039 γάρ
842 2012 884 2030 τοι

97 2050 171 2077 δεινὰ
187 2049 242 2075 τῶν
254 2048 400 2083 δειμάτων,
419 2047 499 2075 ἱκανά
511 2047 569 2079 πῶς
582 2048 640 2074 ἐστι
660 2049 700 2080 εἰς
711 2048 742 2075 τὸ
755 2051 883 2076 κατασεϊ-

99 2104 143 2122 σαι
161 2094 292 2122 δύνασθαι
305 2093 352 2120 τὸν
371 2093 443 2126 νοῦν,
459 2093 507 2119 καὶ
521 2093 704 2128 καταὼνῆσαι
721 2095 770 2129 τὴν
784 2095 882 2130 ψυχὴν,

97 2141 144 2168 καί
169 2149 198 2166 τι
218 2141 339 2167 τοιοῦτον
366 2140 510 2174 ὑπομεῖναι
532 2138 631 2170 δοκεῖν,
646 2140 735 2165 όποῖον
750 2139 783 2166 ἂν
801 2141 884 2168 πάθοι

97 2186 145 2213 καὶ
157 2186 189 2212 τὺ
206 2186 235 2212 ὲν
247 2186 358 2222 δρυμοῖς
370 2185 459 2219 ξύλον,
472 2183 635 2219 πνευμάτων
649 2185 752 2221 ἀγρίων
768 2186 885 2222 προσϐο-

97 2233 156 2264 λαῖς
182 2232 247 2268 τῇδέ
274 2241 305 2258 τε
326 2232 438 2260 κάκεῖσε
460 2229 711 2267 διαρριπτούμενον.
735 2231 832 2266 Γέγονε
857 2232 885 2259 δὲ

100 2279 216 2314 μάλιστα
228 2278 279 2313 τῆς
294 2277 394 2309 δειλίας
406 2278 423 2313 ἡ
439 2277 584 2312 πρόφασις,
596 2278 655 2312 ἦτοι
671 2277 721 2312 τῆς
732 2277 884 2310 ἐκστάσεως

99 2324 170 2359 αὐτῷ
185 2324 215 2350 τὸ
233 2323 414 2358 συμϐεϐηκός.
435 2323 504 2358 Ἤδη
522 2322 576 2358 γὰρ
592 2322 659 2358 ἔφην
674 2323 716 2349 δτι
730 2322 885 2358 βασιλεύον-

99 2379 141 2401 ¹ιος
158 2368 253 2401 αὐτοῦ,
273 2369 458 2403 πεπολεμήκει
485 2368 554 2404 πρὸς
576 2369 622 2394 τὸν
643 2368 741 2396 Ἰούδαν
760 2370 775 2396 6
788 2369 884 2403 Φακεὲ,

100 2415 144 2442 καὶ
157 2415 261 2441 ἀνεῖλεν
277 2415 309 2440 ὲκ
325 2413 370 2440 τοῦ
386 2413 450 2440 λαοῦ
474 2414 503 2440 ὲν
518 2414 569 2449 μιᾷ
585 2414 676 2449 ἡμέρα
690 2415 786 2441 ἑκατὸν
800 2415 886 2441 εἴκοσι

100 2461 226 2496 χιλιάδας.
248 2460 311 2486 Ὅτε
336 2459 425 2487 τοίνυν
445 2460 490 2486 καὶ
521 2460 599 2494 μόνος
620 2461 634 2486 ὁ
647 2460 733 2486 Φακεὲ
758 2461 886 2492 τοσοῦτος

103 2507 215 2541 γέγονεν,
230 2506 268 2537 ὡς
282 2505 446 2539 κατισχῦσαι
462 2505 563 2541 ῥᾳδίως
576 2505 632 2531 τῶν
651 2506 679 2532 ὲν
694 2506 750 2537 τοῖς
771 2505 885 2540 Ἰεροσο-

101 2552 189 2586 λύμοις
203 2560 209 2566 ·
229 2551 288 2583 πῶς
311 2551 362 2577 οὐκ
377 2550 428 2577 ἔδει
451 2551 496 2577 τὸν
515 2551 543 2578 ὲν
557 2552 613 2582 τοῖς
629 2551 752 2585 ἐσχάτοις
770 2550 887 2583 ἐνδείξα-

103 2597 158 2624 σθαι
179 2597 273 2632 φόϐον,
299 2598 383 2624 αὐτόν
404 2606 433 2624 τε
456 2598 500 2624 τὸν
520 2597 615 2632 Ἀχαζ,
636 2597 683 2623 καὶ
697 2596 741 2623 τὸν
753 2597 796 2622 ἐπ’
810 2597 884 2632 αὑτῷ

102 2643 168 2675 ita/6v,
185 2644 440 2679 συμπεφωνηκότος
452 2643 498 2670 τοῦ
510 2643 607 2678 Σύρου,
622 2643 668 2669 καὶ
685 2642 885 2676 συνεξοπλίζον-

102 2697 139 2722 τος
152 2690 189 2725 τῷ
208 2689 333 2725 Ἐφραῒμ
352 2690 420 2724 μετὰ
433 2689 486 2715 τῶν
505 2688 708 2724 Ἰεροσολύμων;

130 2737 177 2764 Καὶ
209 2734 279 2764 εἷπε
304 2736 414 2768 Κύριος
437 2735 511 2768 πρὸς
535 2735 665 2765 Ἡσαΐαν,
688 2734 809 2766 Ἔξελθε
843 2735 885 2767 εὶς

99 2782 285 2817 συνάντησιν
302 2779 403 2814 Ἄχαζ,
430 2780 470 2807 σὺ
494 2780 543 2807 καὶ
570 2782 586 2807 ὀ
603 2780 809 2815 καταλειφθεὶς
832 2781 886 2806 Ἰα-

95 2829 163 2858 σοῦν
185 2829 290 2860 ὀυιός
317 2834 390 2860 σου,
420 2826 493 2860 πρὸς
511 2826 569 2862 τὴν
593 2827 804 2862 κολυμϐήθραν
831 2827 885 2862 τῆς

934 1546 1060 1580 deinceps
1075 1553 1121 1580 per
1136 1550 1227 1580 partes
1239 1546 1343 1580 singula
1357 1547 1434 1581 quasi
1446 1548 1568 1575 oratione
1585 1552 1720 1585 persequi.

934 1592 1126 1619 Renuntiatum
1148 1597 1212 1624 est,
1237 1593 1335 1627 inquit,
1365 1593 1453 1620 domui
1486 1593 1604 1626 Davidis,
1619 1596 1644 1622 id
1669 1603 1720 1630 est,

934 1638 1068 1672 regnanti,
1084 1640 1111 1665 et
1126 1638 1321 1665 annuntiarunt
1334 1638 1416 1666 Aram
1435 1646 1495 1666 cum
1511 1639 1636 1673 Ephraim
1654 1649 1726 1677 eon-_

934 1685 1063 1718 spirasse.
1087 1684 1169 1710 Aram
1189 1691 1256 1711 vero
1281 1684 1379 1720 Syrum
1406 1685 1482 1718 dicit,
1504 1686 1632 1720 Epliraim
1648 1687 1725 1714 simi-

935 1728 997 1756 liter
1019 1729 1111 1755 decem
1135 1727 1220 1756 tribus
1235 1728 1262 1755 in
1280 1728 1414 1756 Samaria.
1431 1729 1494 1757 Hau:
1507 1738 1566 1757 cum
1582 1732 1617 1759 ita
1633 1739 1662 1759 se
1671 1733 1722 1759 lia-

934 1774 1047 1807 berent,
1067 1773 1169 1800 audivit
1189 1779 1217 1801 et
1237 1774 1351 1801 credidit
1368 1775 1463 1802 domus
1479 1775 1577 1807 David.
1595 1776 1646 1804 hoc
1666 1782 1718 1808 est.

934 1819 1275 1847 Achaz.Consternalaest
1293 1820 1381 1846 anima
1390 1820 1458 1855 ejus,
1479 1821 1601 1848 etanima
1618 1823 1720 1856 populi,

935 1863 1332 1898 quemadmodumcuminsilva
1349 1864 1447 1899 lignum
1466 1873 1480 1892 a
1496 1871 1576 1893 vento
1588 1871 1720 1894 movetur.

936 1909 999 1936 Illud
1009 1915 1097 1937 autem
1118 1909 1398 1944 ὲξέστη,εοιιειενπαια
1407 1917 1453 1938 seu
1468 1916 1573 1945 stupore
1593 1917 1721 1938 commota

934 1960 983 1987 est,
998 1955 1072 1990 ponit
1087 1955 1266 1982 communiter
1272 1963 1332 1990 pro,
1340 1955 1591 1992 xarsrtitd'mJle
1600 1957 1720 1991 perculsa

935 2004 987 2032 est,
1002 2004 1029 2027 et
1041 2000 1234 2034 propemodum
1259 2000 1315 2034 ipsa
1332 2006 1421 2028 mente
1437 2001 1549 2028 excidit.
1579 2002 1618 2028 Ex
1633 2003 1721 2036 gravi-

936 2046 984 2072 bus
1008 2046 1079 2072 euim
1100 2046 1249 2073 terroribus
1277 2046 1431 2073 concutitur
1445 2054 1530 2080 mens,
1560 2048 1720 2082 animusque

935 2093 1095 2126 exagitator,
1128 2091 1252 2126 idemque
1276 2092 1382 2119 videtur
1394 2093 1447 2126 pati
1464 2093 1534 2127 quod
1564 2093 1664 2129 lignum
1694 2095 1718 2120 in

937 2137 1011 2164 silvis
1024 2144 1156 2165 saevorum
1174 2143 1315 2164 ventorum
1325 2138 1424 2173 impetu
1439 2139 1491 2166 huc
1505 2138 1566 2166 illuc
1576 2139 1720 2173 iactatum.

936 2182 1027 2210 Causa
1045 2188 1132 2210 autem
1146 2187 1233 2210 metus
1246 2183 1303 2210 sive
1313 2188 1453 2211 exstaseos
1469 2191 1501 2210 ac
1514 2184 1723 2218 perturbationis

938 2230 961 2256 ei
990 2229 1040 2256 fuit
1081 2229 1106 2256 id
1120 2230 1191 2264 quod
1218 2229 1378 2264 contigerat.
1405 2229 1463 2256 Jam
1488 2231 1560 2257 enim
1588 2231 1721 2264 dicebam,

938 2275 984 2302 illo
1015 2281 1146 2310 regnante
1183 2276 1287 2306 Phacee
1317 2276 1459 2302 adversum
1496 2275 1593 2303 Judam
1623 2278 1720 2304 bellum

937 2321 1096 2355 suscepisse,
1124 2326 1150 2348 et
1183 2329 1238 2348 uno
1267 2321 1309 2348 die
1323 2328 1355 2349 ex
1385 2321 1480 2356 popqu
1500 2327 1606 2349 centum
1627 2323 1720 2357 viginti

938 2366 1020 2393 millia
1039 2374 1054 2393 e
1075 2366 1163 2394 medio
1176 2367 1326 2395 sustulisse.
1357 2367 1425 2394 Cum
1438 2368 1518 2402 igitur
1532 2369 1607 2396 solus
1617 2369 1721 2397 Phacee

937 2412 998 2439 talis
1015 2416 1159 2446 tantusque
1178 2413 1320 2446 exstiterit,
1335 2419 1364 2440 ut
1390 2412 1469 2441 facile
1494 2413 1714 2449 llierosolymita-

936 2463 986 2483 nos
1023 2457 1179 2490 superarit,
1207 2465 1295 2484 annon
1330 2457 1372 2485 his
1405 2459 1532 2485 extremis
1557 2460 1721 2493 temporibus

936 2507 991 2529 tum
1012 2503 1150 2530 Achazum
1179 2503 1278 2538 ipsum,
1302 2507 1357 2530 tum
1374 2504 1497 2531 subditos
1523 2505 1618 2532 timere
1639 2513 1720 2540 opor-

937 2548 1072 2580 tuit,cum
1100 2549 1267 2576 consenserit
1293 2548 1386 2584 Syrus,
1411 2554 1439 2576 et
1469 2557 1544 2577 arma
1575 2551 1720 2585 copiasque

938 2600 999 2620 eum
1014 2593 1141 2629 Ephraim
1158 2594 1300 2622 adversum
1319 2594 1506 2630 Hierosolyma
1522 2595 1614 2623 tulerit
1629 2597 1640 2623 ?

976 2735 1057 2762 Vens.
1071 2736 1097 2762 5.
1115 2736 1151 2763 Et
1170 2737 1236 2763 dixit
1253 2736 1380 2764 Dominus
1395 2738 1428 2764 ad
1449 2738 1548 2765 Isaiam
1564 2747 1574 2765 .'
1594 2739 1729 2774 Egredere

939 2780 966 2807 in
988 2789 1123 2807 occursum
1147 2782 1258 2815 Achozi,
1279 2787 1306 2808 tu
1321 2787 1345 2809 et
1371 2783 1509 2810 derelictus
1538 2783 1620 2810 losub
1651 2784 1727 2818 [ilius

940 2832 1011 2858 tuus,
1035 2828 1070 2855 ad
1100 2828 1227 2862 piscinam
1250 2829 1391 2863 superioris
1407 2830 1455 2857 vite
1473 2830 1530 2864 agri
1551 2828 1668 2862 fullonis.
1689 2828 1725 2855 Et
