1887 3054
110 115 163 144 181

686 119 719 147 IN
740 118 855 147 ISAIAM
875 117 938 145 LIB.
961 118 980 144 l.
999 116 1101 146 ORAT.
1124 118 1168 147 IV.

1698 121 1760 148 l8!

111 172 263 208 ἀγγέλων,
285 173 328 200 ὅτι
358 174 460 207 πάντες
480 176 533 203 εἰσὶ
557 176 729 212 λειτουργικὰ
756 176 896 212 πνεύματα

961 182 1020 204 esse
1039 177 1210 205 administros
1229 177 1337 211 spiritus
1349 198 1355 210 ,
1373 178 1406 204 ad
1435 177 1613 205 ministerium
1636 177 1749 212 delega—

112 221 156 250 εἰς
187 218 328 246 διακονίαν
352 220 572 256 ἀποστελλόμενα
597 222 641 248 διὰ
670 224 730 254 τοὺς
764 223 907 258 μέλλοντας

113 265 300 299 κληρονομεῖν
332 267 479 302 σωτηρίαν.
508 268 561 294 Καὶ
586 269 614 295 τὸ
638 269 732 304 χρῆμά
757 269 830 296 ἐστιν
860 269 909 295 οὐκ

112 310 289 344 ἀσυμφανές·
304 311 399 338 Πάντα
417 313 465 348 μὲν
483 312 536 349 γὰρ
552 314 580 340 ἐν
600 314 694 350 κόσμῳ
715 315 747 342 τὰ
761 316 835 351 παρὰ
849 316 909 346 ταῖς

113 356 174 382 ἄνω
185 356 320 391 δυνάμεσι
332 358 380 384 καὶ
394 360 475 394 τιμῆς
485 360 542 395 ἦτοι
558 359 728 396 λειτουργίας
744 361 831 397 μέτρα
843 362 908 396 παρ’

111 401 227 433 αὐταῖς.
244 402 292 429 καὶ
305 404 364 439 ὅροι
377 403 509 432 τέθεινται
525 404 573 440 τῆς
588 406 703 432 ἑκάστου
719 406 812 442 δόξης,
834 406 909 441 παρά

111 455 146 480 γε
163 447 212 473 τοῦ
225 448 316 475 πάντα
332 449 402 476 κατὰ
413 450 442 476 τὸ
453 451 525 484 αὐτῷ
535 451 628 478 δοκοῦν
644 451 817 488 διανέμοντος
828 452 907 479 Θεοῦ.

112 493 191 528 Πλὴν
207 491 251 526 εἷς
271 495 313 529 ἐφ’
337 495 437 522 ἅπασιν
454 497 467 522 ὁ
486 496 578 531 ζυγὸς,
603 498 650 525 καὶ
666 498 832 534 ὑπηρετοῦσι
847 499 908 524 νεύ-

113 547 186 573 μασι
200 541 260 571 τοῖς
268 541 455 573 Δεσποτικοίς,
468 542 519 568 οὐκ
533 542 701 575 ἀπαξιοῦντα
711 544 761 578 τὴν
773 544 906 576 δουλείαν,

110 584 175 611 ἀλλ’
192 586 222 611 ὲν
240 586 324 622 μοίρᾳ
338 587 423 622 τιμῆς
440 588 488 615 καὶ
504 588 584 624 δόξης
604 589 836 624 καταλογιζόμενὰ
861 599 907 616 που

113 630 144 656 τὸ
161 631 192 656 ὲν
206 632 315 664 τούτοις
337 634 456 668 γνήσιον.
482 633 746 669 Προαναμορφοῦται
767 635 856 663 τοίνυν
880 637 908 662 ἐν

111 676 269 712 ὀφθαλμοῖς
289 677 336 704 τοῦ
356 679 493 714 προφήτου
508 679 538 706 τὸ
556 680 674 716 Χριστοῦ
693 682 851 717 μυστήριον,
865 682 908 710 διὰ

112 721 169 748 τῶν
196 723 255 749 ἀνω
278 723 419 759 δυνάμεων
441 723 470 752 εὖ
495 725 568 760 μάλα
583 726 800 762 διακονούμενον.
829 729 908 754 ’Λπο-

113 767 258 795 στέλλεται
275 768 340 802 γοῦν
353 769 384 796 ἓν
397 770 450 797 τῶν
465 771 604 808 Σεραφεὶμ
614 772 736 808 ἄνθρακα
746 773 818 808 ἔχον,
834 774 863 800 ὃν
873 776 905 810 τῇ

113 811 205 838 natat
227 813 326 839 ἐλαϐεν
339 814 393 840 ἀπὸ
406 814 452 842 τοῦ
470 815 674 852 θυσιαστηρίου.
691 819 746 845 Καὶ
760 819 839 846 τοῦτο
851 819 905 856 ἆρα

112 855 147 891 ἦν
169 858 292 894 Χριστοῦ
311 859 455 896 σύμϐολον,
477 861 506 893 ὃς
522 861 555 888 δι’
577 864 659 898 ἡμᾶς,
682 865 728 891 καὶ
742 865 812 900 ὑπὲρ
827 865 904 900 ἡμῶν

112 903 319 938 προσεκόμισεν
333 903 429 932 ἑαυτὸν
444 904 482 940 τῷ
497 905 557 942 Θεῷ
574 907 622 933 καὶ
639 908 738 943 Πατρὶ,
752 911 792 940 εἰς
809 909 904 937 θυσίαν

114 950 308 984 πνευματικὴν
326 950 451 987 καθαρὰν
466 952 513 979 καὶ
534 953 668 989 ἀϐέϐηλον
685 956 732 982 καὶ
756 957 796 986 εἰς
819 957 907 992 ὀσμὴν

113 995 243 1027 εὐωδίας.
261 996 354 1033 Ταύτῃ
365 1005 407 1024 τοι
421 997 469 1024 καὶ
484 998 557 1034 μάλα
570 999 684 1032 εἰκότως
698 1001 731 1028 ἐκ
746 1001 793 1028 τοῦ
813 1003 905 1029 θυσια-

112 1041 229 1076 στηρίου
243 1042 421 1077 λαμϐάνεται.
438 1044 640 1080 Παρεικάζεταί
652 1054 683 1080 γε
700 1047 755 1082 μὴν
778 1047 903 1083 ἅ.νορακι’

112 1084 161 1110 καὶ
177 1084 223 1112 διὰ
236 1086 318 1112 ποίαν
332 1087 424 1114 αἰτίαν
439 1089 527 1124 εἰπεῖν
540 1091 785 1125 ἀναγκαῖον.¹Έθος
798 1094 831 1129 τῇ
845 1093 905 1120 θεο-

114 1129 242 1165 πνεύστῳ
256 1131 353 1168 Γραφῇ
373 1134 440 1169 πυρὶ
460 1135 511 1171 τὴν
526 1135 602 1163 θείαν
618 1138 796 1173 παρεικάζειν
812 1140 903 1174 φύσιν.

116 1177 208 1212 Ὠφθη
230 1178 286 1214 γὰρ
301 1178 374 1206 οὕτω
392 1179 431 1215 τῷ
457 1182 586 1218 μακαρίῳ
612 1184 721 1220 Ἰσραὴλ
743 1185 772 1211 ἐν
792 1185 830 1220 τῷ
847 1185 905 1221 ὄρει

114 1221 224 1258 Χωρὴμ
237 1224 297 1260 ἢτοι
311 1226 377 1253 Σινᾶ
387 1228 420 1262 τῇ
432 1228 525 1264 ἡμέρᾳ
532 1229 581 1264 τῆς
592 1230 752 1266 ἐκκλησίας.
767 1231 846 1259 Οὕτω
857 1234 904 1260 καὶ

113 1269 190 1305 αὑτῷ
201 1270 242 1305 τῷ
253 1272 381 1308 μακαρίῳ
396 1274 481 1310 Μωσῇ
494 1276 668 1310 ποιμαίνοντι
687 1278 758 1304 κατὰ
776 1278 826 1314 τὴν
839 1279 904 1314 ἔρη-

115 1324 176 1350 μον,
193 1317 223 1343 ἐν
237 1317 302 1344 εἴδει
315 1319 400 1353 πυρὸς
412 1320 442 1347 ὲν
454 1320 492 1356 τῷ
509 1321 583 1357 βάτῳ
596 1322 668 1350 κατὰ
684 1325 808 1359 καιροὺς,
825 1325 903 1361 ὤφθη

113 1370 144 1389 τε
158 1363 206 1390 καὶ
223 1365 395 1399 προσελάλει.
409 1367 514 1403 ’Ὠσπερ
534 1366 581 1395 οὖν
600 1370 614 1396 6
635 1369 736 1405 ἄνθραξ
752 1370 830 1402 ξύλον
845 1372 904 1398 ἐστὶ

113 1410 148 1444 τῇ
162 1409 254 1444 φύσει,
270 1410 340 1445 πλὴν
355 1411 415 1444 ὅλος
426 1412 459 1439 δι’
473 1413 535 1440 ὅλου
552 1413 726 1450 μεμέστωται
743 1416 791 1443 τοῦ
805 1417 902 1452 πυρὸς,

115 1455 162 1481 καὶ
172 1455 223 1490 τὴν
235 1456 318 1484 αὐτοῦ
334 1457 448 1494 δύναμίν
467 1468 496 1486 τε
518 1460 566 1487 καὶ
585 1461 726 1497 ἐνέργειαν
742 1462 812 1498 ἔχει·
832 1465 902 1492 κατὰ

114 1499 219 1532 τοῦτον,
231 1499 309 1537 οἶμαι
318 1524 326 1535 ,
343 1503 442 1543 τρόπον
459 1505 538 1531 νοοῑτ’
552 1505 585 1532 ἂν
599 1506 712 1538 εἰκότως
731 1508 779 1534 καὶ
793 1508 874 1540 αὐτὸς
886 1510 900 1535 6
916 1518 937 1546 ο

115 1546 216 1581 Κύριος
231 1547 309 1583 ἡμῶν
327 1548 430 1584 Ἰησοῦς
444 1551 585 1586 δΧριστὸς
596 1560 602 1566 ·
621 1560 631 1577 ε
645 1552 746 1586 Γέγονε
760 1553 815 1589 γὰρ
832 1553 901 1590 σὰρξ

114 1591 131 1617 6
149 1591 247 1626 Λόγος,
263 1593 312 1620 καὶ
330 1594 484 1630 ἐσκήνωσεν
500 1597 528 1623 ἐν
540 1597 617 1632 ἡμῖν.
639 1607 648 1624 ι
673 1598 742 1625 Ἀλλ’
760 1599 784 1625 εἰ
799 1599 846 1626 καὶ
868 1597 903 1635 ἦν

116 1637 175 1663 καθ’
196 1639 272 1673 ἡμᾶς
292 1639 430 1675 ὁρώμενος
452 1641 595 1677 ἅνθρωπος
618 1644 816 1679 οἰκονομικῶς,
845 1646 901 1672 ἀλλ’

115 1680 160 1709 οὖν
181 1683 257 1710 ἅπαν
270 1684 302 1711 τὸ
319 1685 368 1720 τῆς
391 1685 516 1722 θεότητος
532 1687 671 1724 πλήρωμα
692 1690 854 1726 κατῴκησεν
872 1692 902 1718 ἐν

115 1729 206 1764 αὐτῷ,
233 1731 305 1758 κατά
328 1732 360 1765 γέ
388 1741 460 1767 φημι
485 1733 530 1760 τὸν
559 1735 608 1769 τῆς
639 1735 763 1768 ὲνὼσεως
789 1737 900 1772 τρόπον.

116 1775 250 1811 Ταύτῃτοι
269 1777 316 1804 καὶ
331 1777 375 1805 διὰ
393 1778 443 1812 τῆς
458 1778 525 1811 ἰδίας
538 1781 639 1815 σαρκὸς
663 1781 902 1817 θεοπρεπεστάτας

114 1821 182 1857 ἔχων
193 1823 291 1859 ὁρᾶται
306 1823 355 1855 τὰς
368 1824 519 1859 ἐνεργείας.
532 1826 640 1860 Ἥψατο
652 1826 718 1861 γοῦν
739 1828 788 1863 τῆς
808 1828 900 1865 σοροῦ,

116 1869 160 1895 καὶ
175 1870 311 1905 ἀνέστησε
332 1871 377 1898 τὸν
386 1871 521 1898 τεθνεῶτα
535 1873 584 1907 τῆς
596 1873 683 1908 χήρας
696 1873 763 1901 υἱόν.
776 1875 831 1901 Καὶ
847 1875 901 1910 μὴν

115 1915 160 1942 καὶ
172 1915 279 1948 πτύσας
294 1916 407 1943 ἐνετίθει
417 1917 527 1952 τυφλοῖς
540 1918 571 1946 τὸ
584 1918 703 1954 βλέπειν,
721 1920 800 1956 πηλῷ
814 1930 899 1948 κατα-

116 1961 198 1996 χρίων
221 1961 285 1994 τοὺς
309 1962 474 1998 ὀφθαλμούς.
498 1964 632 2000 ’Δνθρακι
654 1965 686 2001 δὴ
710 1963 756 1993 οὖν
773 1964 803 1994 εὗ
827 1967 900 2002 μάλα

116 2007 316 2042 παρεικαστὲον
329 2008 375 2035 τὸν
383 2009 565 2045 Ἐμμανουὴλ,
577 2010 606 2043 ὃς
620 2011 644 2037 εἰ
660 2011 707 2038 καὶ
721 2012 827 2046 γένοιτό
842 2022 901 2045 πως

113 2054 142 2080 ὲν
158 2054 215 2085 τοῖς
233 2055 378 2090 ἡμετέροις
401 2055 527 2090 χείλεσιν,
556 2057 643 2093 πάντη
661 2067 690 2084 τε
718 2059 765 2085 καὶ
792 2059 900 2092 πάντως

114 2102 226 2137 ἀφαιρεῖ
248 2102 297 2133 τὰς
317 2102 464 2137 ἁμαρτίας,
491 2104 538 2130 καὶ
565 2105 757 2140 περικαθαριεῖ
772 2106 821 2138 τὰς
837 2107 899 2133 ἀνο-

114 2147 188 2182 μίας.
210 2144 279 2173 Εἴτα
299 2147 358 2179 πῶς
379 2149 407 2174 ὲν
420 2150 476 2180 τοῖς
496 2150 641 2184 ἡμετέροις
662 2150 780 2185 χείλεσιν
805 2151 896 2185 serat;

962 226 1002 248 tos
1025 227 1134 257 propter
1159 229 1205 250 eos
1222 223 1267 257 qui
1294 223 1478 250 Increditatcm
1499 222 1594 249 salutis
1609 224 1744 256 accepturi

960 267 1065 295 sunt".
1081 268 1157 300 Quod
1171 275 1223 296 n0n
1241 273 1281 296 est
1301 269 1456 296 obscurum.
1467 267 1563 296 Omnia
1579 276 1695 302 namque
1712 269 1745 295 ab

960 313 1011 341 illis
1030 315 1162 349 supremis
1180 316 1354 349 potestatibus
1376 320 1470 343 ornate
1486 315 1677 350 splendideque
1700 315 1750 341 atl'

963 359 1160 393 ntinistrantur,
1178 365 1204 387 ct
1226 361 1336 388 honoris
1349 381 1356 392 ,
1383 365 1409 387 ct
1428 360 1672 388 administrationis
1691 364 1748 387 ter—

962 405 1026 432 mini
1056 405 1178 440 ﬁnesque
1213 405 1304 440 gloriae
1340 407 1436 440 cuique
1470 411 1532 433 sunt
1560 405 1698 433 constituti
1733 414 1746 430 ιι

962 451 1029 483 Deo,
1049 451 1094 485 qui
1114 451 1202 478 omnia
1229 459 1276 486 pro
1296 451 1426 479 arbitratu
1449 458 1498 479 suo
1527 450 1674 486 dispensat.
1700 450 1748 477 At-

960 497 1005 531 qui
1026 496 1096 524 idem
1116 497 1191 532 quasi
1205 497 1298 532 jugum
1313 502 1354 524 est
1371 497 1497 525 omnibus
1520 496 1622 524 sanctis
1641 496 1745 530 spiriti-

960 542 1021 574 bus,
1035 545 1062 568 et
1081 542 1186 569 Domini
1201 543 1275 569 nutui
1291 542 1422 575 serviunt,
1450 549 1499 569 non
1524 542 1660 577 indignam
1675 549 1741 569 cen-

961 592 1051 614 sentes
1063 588 1233 620 servitutem,
1257 588 1303 616 sed
1320 588 1413 614 lintiori
1433 587 1560 622 laudique
1577 589 1706 615 ducentes
1720 587 1745 614 id

961 637 1085 668 prompto
1115 641 1146 660 ac
1178 633 1280 660 liberali
1311 633 1400 660 animo
1427 632 1526 660 facere.
1556 633 1746 668 Praztiguratnr

961 678 1041 712 igitur
1056 678 1090 725 ob
1106 679 1197 706 oculos
1220 680 1356 714 prophetae
1390 679 1547 714 mysterium
1566 678 1678 710 Christi,
1699 685 1751 713 per

960 723 1241 759 superas'potestates
1262 724 1361 760 optime
1385 723 1612 752 administratum.
1631 723 1746 751 Mittitur

959 769 1049 804 itaque
1073 777 1088 797 e
1105 769 1245 804 Seraphim
1272 777 1351 802 unus,
1377 770 1521 798 carbonem
1537 769 1650 801 habens,
1665 777 1746 804 quem

959 814 994 842 de
1010 822 1056 842 ara
1073 815 1187 850 sumpsit
1207 815 1319 850 forcipe.
1341 814 1403 843 ﬂare
1423 815 1530 842 demum
1557 819 1616 843 erat
1643 815 1744 843 Christi

922 848 945 878 Β
959 859 1119 895 significatio
1135 848 1167 887 iet
1198 848 1411 895 repraisentatio,
1433 861 1478 896 qui
1493 866 1603 896 propter
1628 869 1677 889 nos
1712 869 1744 889 ac

958 910 1048 933 mstra
1066 913 1145 932 causa
1161 906 1278 940 seipsum
1301 906 1327 932 in
1351 906 1514 934 sacriﬁcium
1531 906 1680 941 spirituale,
1695 914 1744 940 pu-

958 959 1016 978 rum
1035 958 1067 978 ac
1085 951 1266 986 impullntum,
1283 951 1390 983 obtulit,
1416 951 1441 978 in
1460 952 1572 979 odorem
1586 952 1676 979 suavis
1687 952 1744 979 fra-

956 996 1076 1032 grantite.
1105 997 1197 1031 Itaque
1226 1005 1279 1024 non
1306 997 1354 1024 abs
1386 1004 1415 1024 re
1441 997 1474 1024 de
1500 997 1577 1024 altari
1602 998 1742 1033 accipitur.

956 1042 1040 1076 Quam
1055 1047 1143 1070 autem
1159 1043 1193 1070 ob
1207 1050 1316 1070 causam
1333 1043 1497 1070 assituiletur
1521 1050 1613 1078 prume
1625 1063 1633 1076 ,
1650 1043 1743 1070 dicen-

957 1089 1019 1115 dun
1046 1093 1087 1115 est
1112 1088 1277 1116 necessario.
1299 1087 1446 1115 Familiarc
1463 1093 1506 1116 est
1519 1088 1665 1123 Scriptura:
1677 1088 1744 1114 divi-

957 1135 1027 1162 nitus
1048 1134 1181 1168 inspirata:
1207 1133 1324 1161 divinam
1358 1138 1481 1161 naturam
1497 1134 1550 1168 igni
1566 1141 1737 1168 comparare.

957 1181 1001 1207 Sic
1024 1181 1096 1207 enim
1121 1180 1245 1215 apparuit
1267 1179 1358 1207 lsraeli
1384 1180 1412 1208 in
1445 1185 1535 1207 monte
1560 1179 1666 1207 Choreb
1696 1187 1743 1206 seu

957 1226 1033 1259 Sina,
1048 1227 1074 1254 in
1106 1227 1150 1254 die
1167 1227 1393 1262 congregationis.
1426 1226 1471 1254 Sic
1494 1226 1577 1254 etiam
1592 1226 1642 1261 ipsi
1664 1225 1742 1253 beato

956 1272 1020 1300 Mosi
1033 1273 1152 1307 pascenti
1169 1273 1193 1300 in
1207 1273 1324 1305 deserto,
1336 1273 1427 1308 specie
1448 1272 1517 1307 ignis
1539 1272 1604 1299 olim
1629 1272 1654 1299 in
1673 1273 1740 1299 rubo

955 1323 1115 1354 conspectus
1143 1323 1195 1351 est,
1223 1322 1251 1346 et
1272 1318 1483 1353 colloquebatur.
1511 1317 1741 1351 Quemadmodum

957 1363 1038 1398 igitur
1051 1365 1132 1391 carbo
1154 1364 1254 1398 lignum
1274 1365 1381 1399 quidem
1394 1369 1488 1391 natura
1500 1367 1552 1396 est,
1563 1371 1654 1390 verum
1672 1368 1742 1390 totus

955 1409 1026 1436 onuti
1042 1417 1074 1436 ex
1095 1414 1170 1445 parte
1184 1410 1237 1444 igni
1250 1410 1345 1445 plenus
1366 1414 1418 1442 est,
1438 1409 1548 1444 ejusque
1564 1410 1617 1436 vim
1636 1413 1663 1436 et
1680 1409 1741 1436 ciii-

955 1455 1097 1483 cacitatem
1130 1456 1283 1484 habetzad
1312 1457 1448 1490 eumdem,
1479 1460 1552 1491 puto,
1580 1455 1688 1483 modum
1712 1459 1741 1482 et

955 1503 1012 1536 ipse
1022 1501 1152 1530 Dominus
1172 1506 1262 1530 noster
1286 1501 1365 1530 Iesus
1387 1501 1511 1530 Christus
1536 1501 1633 1529 merito
1650 1506 1743 1536 potest

956 1547 1088 1583 intelligi:
1114 1547 1199 1575 «Caro
1210 1549 1282 1576 enim
1299 1547 1417 1576 Verbum
1444 1547 1540 1575 factum
1556 1554 1606 1581 est,
1634 1554 1662 1576 et.
1687 1548 1736 1575 ha-

953 1593 1047 1621 bitavit
1065 1594 1090 1621 in
1100 1594 1235 1622 nobis’m
1256 1594 1353 1622 Verum
1373 1595 1494 1629 quamvis
1506 1600 1579 1622 esset
1592 1595 1671 1622 homo
1689 1602 1736 1621 no-

954 1639 994 1666 his
1022 1639 1117 1667 similis
1148 1640 1252 1667 ratione
1280 1640 1498 1674 dispensationis,
1531 1645 1620 1666 tamen
1651 1639 1739 1667 Omnis

953 1685 1090 1719 plenitudo
1104 1677 1250 1714 divinitatis
1265 1687 1291 1713 in
1306 1694 1339 1714 eo
1351 1686 1492 1719 habitavit,
1521 1688 1599 1714 modo
1629 1686 1738 1721 inquam

954 1731 1071 1758 unionis.
1094 1730 1162 1759 llinc
1178 1736 1205 1759 et
1233 1732 1260 1759 in
1281 1739 1364 1759 carne
1377 1739 1425 1759 sua
1441 1731 1522 1766 108
1538 1732 1615 1766 plane
1629 1732 1739 1759 divinis-

954 1776 1049 1803 sitnatn
1075 1778 1203 1811 operandi
1239 1777 1363 1805 virtutem
1387 1778 1486 1804 habere
1501 1779 1635 1804 cernitur.
1655 1777 1738 1805 Tacto

953 1823 1084 1857 siquidem
1101 1824 1199 1856 loculo,
1223 1828 1356 1851 mortuum
1376 1824 1462 1851 vidua:
1479 1823 1562 1850 lilium
1577 1825 1735 1856 suscitavit;

952 1873 1051 1896 etcum
1075 1869 1230 1903 inspuisset,
1243 1869 1300 1897 luto
1313 1869 1432 1896 inunctis
1447 1869 1542 1900 oculis,
1555 1869 1634 1896 caecis
1649 1869 1736 1896 visum

953 1915 1084 1942 restituit.
1107 1913 1271 1942 Rectissime
1288 1922 1352 1950 ergo
1379 1916 1422 1943 hic
1442 1915 1600 1942 Emmanuel
1626 1916 1737 1943 cat-boni

953 1962 1150 1996 comparandus
1162 1966 1215 1993 est,
1244 1962 1290 1997 qui
1311 1962 1335 1989 si
1359 1962 1385 1988 in
1409 1962 1509 1989 nostris
1530 1962 1728 1996 quodammodo

951 2007 1030 2036 labiis
1041 2008 1132 2038 fuerit.
1151 2008 1261 2035 omnino
1276 2013 1385 2042 peccata
1399 2008 1512 2040 auferet,
1528 2013 1554 2036 et
1571 2008 1730 2043 iniquitates

951 2054 1125 2089 expurgabit.
1139 2053 1280 2086 Quomodo
1295 2057 1385 2080 autem
1408 2054 1434 2080 iu
1460 2054 1538 2081 labiis
1552 2055 1649 2081 nostris
1665 2053 1738 2082 erit?

951 2100 1056 2134 quando
1072 2100 1161 2132 tidem,
1173 2106 1232 2134 qua:
1243 2099 1269 2126 in
1284 2098 1370 2133 ipsum
1385 2104 1436 2130 est,
1456 2099 1572 2127 confessi
1588 2099 1733 2127 fuerimus.

951 2146 989 2174 ita
1001 2151 1028 2174 et
1044 2146 1150 2174 divinus
1173 2146 1272 2174 Paulus
1298 2146 1440 2180 :gPrope
1473 2151 1498 2174 te
1529 2146 1639 2173 verbum
1669 2151 1728 2178 est,

116 2194 198 2220 ’Ὀταν
216 2193 268 2227 τὴν
291 2193 382 2220 πίστιν
397 2194 571 2230 ὁμολογῶμεν
585 2195 634 2231 τὴν
653 2197 692 2226 εἰς
707 2197 797 2223 αὐτόν.
820 2197 896 2225 Οὕτω

953 2193 976 2220 in
993 2199 1040 2220 ore
1069 2196 1124 2225 tuo,
1142 2192 1214 2220 etin
1241 2192 1322 2220 corde
1352 2197 1409 2224 tuo;
1444 2193 1500 2219 haec
1525 2197 1566 2218 est
1581 2191 1736 2226 praedicatio

114 2237 160 2263 καὶ
180 2237 195 2263 6
219 2236 362 2269 θεσπέσιος
385 2238 484 2273 γράφει
511 2238 632 2271 Παῦλος·
648 2249 657 2265 ι
680 2240 776 2275 Ἐγγύς
798 2250 845 2268 σου
868 2243 898 2270 τὸ

114 2282 190 2318 ῥῆμά
206 2283 291 2316 ἐστιν,
312 2283 341 2309 ὲν
362 2283 400 2318 τῷ
416 2283 529 2319 στόματί
548 2293 605 2317 σου,
631 2286 679 2312 καὶ
700 2287 729 2313 ἐν
744 2288 777 2322 τῇ
798 2288 896 2326 καρδίᾳ

117 2337 171 2355 σου·
196 2329 271 2356 τοῦτ’
288 2328 346 2358 ἔστι
367 2330 398 2356 τὸ
418 2330 493 2365 ῥῆμα
508 2330 559 2366 τῆς
573 2330 702 2363 πίστεως,
726 2332 739 2358 6
762 2333 898 2368 κηρύσσο-

115 2382 174 2408 μεν.
199 2374 261 2401 ’Ότι
280 2374 328 2401 ἐὰν
350 2375 520 2411 ὁμολογήσῃς
550 2377 579 2402 ἐν
603 2376 641 2411 τῷ
666 2377 780 2412 στόματί
798 2387 844 2404 σου
859 2379 898 2405 ὅτι

115 2420 214 2456 Κύριος
242 2421 358 2456 Ἰησοῦς,
381 2422 428 2448 καὶ
443 2422 593 2458 πιστεύσῃς
610 2423 639 2450 ὲν
655 2424 687 2458 τῇ
715 2424 814 2460 καρδίᾳ
839 2433 898 2455 σου.

115 2467 154 2492 ὓτι
176 2467 191 2493 6
215 2466 282 2497 Θεὸς
310 2466 391 2493 αὐτὸν
418 2467 528 2503 ἤγειρεν
560 2469 592 2494 ὲκ
615 2469 737 2504 νεκρῶν,
769 2471 896 2507 σωθήσῃ·

118 2511 211 2548 καρδίᾳ
235 2512 290 2548 γὰρ
319 2513 475 2541 πιστεύεται
504 2515 545 2546 εἰς
576 2514 767 2551 δικαιοσύνην,
785 2518 897 2552 στόματι

116 2559 143 2585 δὲ
155 2557 328 2593 ὁμολογεῖται
341 2559 381 2591 εἰς
399 2560 543 2595 σωτηρίαν.
564 2570 573 2586 ι
589 2561 679 2588 Ἔστω
693 2561 782 2588 τοίνυν
798 2563 826 2588 ἐν
841 2564 897 2594 τοῖς

117 2606 226 2642 χείλεσιν
243 2606 323 2642 ἡμῶν
335 2606 351 2632 6
369 2605 439 2637 θεῖος
462 2606 574 2642 ἄνθραξ,
594 2607 608 2633 6
626 2607 670 2634 τὸν
694 2609 725 2634 ὲκ
743 2609 792 2643 τῆς
809 2609 898 2644 ἀμαρ-

116 2653 172 2685 τίας
193 2652 376 2687 καταφλέγων
390 2652 530 2687 συρφετὸν,
547 2653 594 2679 καὶ
608 2653 653 2678 τὸν
673 2655 705 2680 ὲκ
721 2654 770 2688 τῆς
783 2655 897 2690 ἀνομίας

117 2699 235 2735 ίγτήκων
270 2698 376 2734 ῥύπον,
400 2698 446 2724 καὶ
470 2697 578 2730 ζέοντας
599 2698 673 2733 ἡμᾶς
697 2699 835 2726 ἀποτελῶν
860 2700 897 2735 τῷ

118 2746 258 2781 πνεύματι.
275 2745 307 2771 Εἰ
327 2744 357 2771 δὲ
372 2744 404 2779 δὴ
426 2744 530 2778 λέγοιτο
547 2746 578 2780 τῇ
596 2745 680 2771 λαϐίδι
702 2745 897 2780 λαμϐάνεσθαι,

951 2238 1012 2266 ﬁdei
1036 2246 1116 2274 quam
1141 2238 1328 2273 praedicamus.
1356 2238 1422 2272 Quia
1451 2239 1471 2265 si
1494 2237 1632 2265 confessus
1651 2237 1735 2265 fueris

950 2292 997 2312 ore
1016 2288 1061 2312 tuo
1080 2283 1223 2312 Dominum
1240 2283 1344 2317 Jesum,
1370 2289 1398 2311 et
1420 2283 1566 2311 credideris
1583 2283 1663 2311 corde
1689 2288 1734 2311 tuo

952 2333 1033 2359 Deum
1043 2331 1268 2365 excitasseipsum
1281 2338 1296 2358 e
1319 2330 1442 2361 mortuis,
1456 2329 1607 2357 sanaberis
1628 2338 1635 2356 :
1654 2329 1735 2357 corde

950 2378 1021 2405 enim
1039 2378 1158 2405 creditur
1181 2378 1214 2404 ad
1237 2377 1469 2412 justiﬁeabionem,
1496 2383 1544 2404 ore
1562 2380 1650 2404 autem
1667 2383 1734 2404 con-

952 2424 1033 2452 fessio
1052 2423 1082 2450 tit
1093 2424 1125 2451 ad
1142 2422 1255 2450 salutem
1271 2423 1294 2438 "
1307 2423 1340 2449 ’⁷.
1356 2433 1365 2449 ι
1383 2422 1424 2449 Sit
1437 2423 1526 2457 itaque
1541 2422 1566 2449 in
1594 2422 1671 2450 labiis
1688 2430 1737 2450 no—

951 2469 1016 2497 stris
1032 2469 1139 2497 divinus
1155 2469 1247 2499 carbo,
1273 2469 1319 2502 qui
1332 2469 1434 2502 peccati
1455 2468 1614 2503 quisquilias
1635 2468 1734 2499 exurit,

951 2521 978 2543 et
991 2515 1141 2550 iniquitatis
1164 2515 1258 2542 sordes
1269 2515 1365 2548 liquat,
1380 2519 1406 2542 ct
1419 2522 1468 2542 nos
1484 2515 1582 2550 spiritu
1598 2514 1735 2552 ferventes

953 2561 1048 2589 reddit.
1061 2561 1136 2594 Quod
1149 2565 1238 2588 autem
1253 2560 1352 2588 dicitur
1369 2560 1472 2595 forcipe
1501 2560 1596 2596 accipi,
1624 2561 1733 2595 eiegau—
1747 2552 1754 2601 ξ’

951 2612 990 2634 ter
1004 2607 1154 2642 intelliges;
1179 2607 1249 2642 quod
1275 2607 1353 2634 tidem
1381 2607 1407 2632 in
1423 2607 1480 2640 ipso
1497 2613 1528 2633 ac
1552 2606 1733 2641 cognitionem

951 2653 1080 2688 legalibus
1108 2657 1136 2680 et
1158 2653 1322 2688 propheticis
1349 2654 1562 2681 institutionibus
1580 2654 1637 2680 sive
1661 2658 1732 2686 prte-

951 2699 1130 2731 dictionibus,
1165 2704 1290 2734 tanquam
1324 2699 1450 2734 quapiam
1475 2698 1577 2733 forcipe
1600 2698 1731 2732 capimus.

953 2743 1027 2772 Unde
1046 2744 1145 2780 passim
1161 2744 1192 2772 ad
1212 2745 1352 2772 veritatem
1369 2745 1533 2779 probandam
1548 2764 1555 2777 ,
1578 2746 1745 2770 sanctorum-

149 2824 169 2840 “
189 2823 271 2851 Hebr.
289 2831 310 2855 ι,
327 2822 368 2849 td.
409 2822 429 2838 ιθ
444 2821 520 2850 Joan.
537 2830 554 2855 ι,
575 2822 617 2848 14.
654 2823 677 2839 ιθ
693 2822 769 2851 Rom.
787 2831 824 2856 xl.
840 2824 868 2851 8.

953 2823 1004 2851 bid.
1022 2824 1062 2850 l0.
