1887 3054
143 127 196 158 183

636 123 672 164 s.’
685 111 821 164 omnem
840 134 1075 163 ALEXANDHINI
1094 136 1251 165 .tncntsp.

1719 134 1774 164 184

145 189 325 222 apostolorum
346 189 504 226 obsignatur
520 200 551 220 ac
572 193 748 220 conﬁrmatur
762 194 858 220 oratio.
888 193 927 220 Ci-

1019 195 1109 229 νήσεις
1121 195 1237 225 ἀστείως
1251 196 1294 221 ὅτι
1309 193 1400 220 πίστιν
1410 193 1460 229 τὴν
1470 193 1514 220 ἐπ’
1525 193 1666 228 αὑτῷ,καὶ
1677 192 1773 228 μέντοι

147 234 209 259 tatis
222 235 293 262 enim
306 243 337 263 ex
353 236 410 271 lege
432 242 459 265 et
482 238 619 272 prophetis
634 239 805 272 testimoniis,
821 239 923 266 audito-

147 278 221 306 ribus
234 279 313 308 lidem
332 281 452 309 faciunt:
471 284 556 318 etipsi
571 291 680 319 quoque
702 285 844 312 carbonem
865 292 928 319 quo-

145 324 292 353 dammodo
310 334 402 354 eorum
426 327 508 355 labris
532 330 686 363 admovent,
709 337 770 357 cum
801 330 879 358 ﬁdem
902 331 927 358 in

145 366 280 397 Christum
297 371 376 405 plane
391 372 604 408 simpliciterque
616 379 765 410 exponunt.

974 239 1024 275 τὴν
1037 239 1149 274 γνῶσιν,
1165 239 1290 275 καθάπερ
1305 240 1359 266 τινὶ
1374 238 1463 266 λαδίδι
1477 239 1620 274 δεχώμεθα
1635 238 1680 265 διὰ
1692 246 1774 273 νομι-

981 285 1038 312 κῶν
1061 294 1091 312 τε
1114 285 1173 319 ἅμα
1201 285 1249 312 καὶ
1277 285 1455 321 προφητικῶν
1472 284 1680 320 παιδευμάτων,
1706 284 1771 318 ἢτοι

981 331 1217 366 προαγορεύσεων.
1236 330 1317 358 Ὅθεν
1333 331 1380 358 καὶ
1400 330 1414 356 ὁ
1430 330 1484 356 τῶν
1499 329 1585 364 ἁγίων
1607 328 1772 356 ἀποστόλων

982 376 1021 408 εἰς
1039 376 1166 412 ἀλήθειαν
1187 377 1311 411 πανταχῆ
1329 374 1581 411 κατασφραγίζεται
1603 374 1690 408 λόγος.
1714 373 1774 399 Ke-

145 415 275 450 χρημένοι
288 416 341 452 γὰρ
358 419 418 450 ταῖς
435 419 466 446 ἐκ
494 421 576 455 νόμου
599 423 645 448 καὶ
663 423 809 458 προφητῶν
829 424 1003 458 μαρτυρίαις,
1034 423 1209 450 ἀναπείθουσι
1229 425 1291 455 τοὺς
1325 423 1531 459 ἀκροωμένους,
1548 423 1594 449 καὶ
1628 419 1775 456 μονονουχὶ

143 460 188 485 τὸν
203 461 326 497 ἄνθρακα
344 466 511 500 προσάγουσι
526 468 573 494 καὶ
599 469 676 495 αὐτοὶ
704 472 759 501 τοῖς
785 471 900 505 χείλεσιν
931 471 1032 502 αὐτῶν,
1056 472 1197 506 ὁμολογεῖν
1218 472 1269 506 τὴν
1286 472 1377 497 πίστιν
1409 471 1458 506 τὴν
1481 472 1520 502 είς
1542 470 1657 505 Χριστὸν
1681 476 1775 502 παρα-

145 506 329 540 σκευάζοντες,

181 550 260 579 Vens.
276 554 301 581 8.
319 555 353 582 Et
376 558 463 585 audivi
475 567 560 586 uocem
574 560 678 589 Domini
690 563 799 589 dicentis
812 571 821 589 :
845 562 927 595 Quem

144 598 264 626 mittam?
275 605 300 627 et
317 603 375 636 qui:
393 605 574 638 proﬁciscetur
588 608 624 634 ad
639 608 762 642 populum
774 609 877 636 istum?
895 609 928 636 Et

144 643 219 671 dixi:
239 645 306 674 Ecce
318 655 364 682 ego
384 658 452 683 sum,
470 652 543 679 mitte
555 661 605 680 me.

178 736 324 773 Postquam
353 741 491 775 prophetae
507 743 577 771 labia
596 746 678 772 carbo
698 745 796 780 tetigit,
814 745 926 780 ejusque

144 783 423 820 amovitiniquitates,
452 792 515 815 tunc
531 796 624 817 vocem
650 790 755 818 Domini
778 791 862 822 audit,
880 799 929 819 nec

144 828 298 856 extimescit
323 831 449 866 amplius,
476 838 504 861 et
531 838 599 862 tacet
627 835 692 862 illud
716 845 746 863 ει
764 835 928 865 Omiserum

1020 560 1073 586 Καὶ
1099 559 1219 593 ἤκουσα
1249 558 1302 591 τῆς
1331 557 1435 592 φωνῆς
1464 558 1575 591 Κυρίου
1609 558 1775 592 λέγοντοςο

985 607 1055 633 Τίνα
1075 606 1261 637 ἀποστείλω;
1288 604 1337 630 καί
1356 605 1401 636 τίς
1420 604 1600 638 πορεύσεται
1623 605 1699 639 πρὸς
1718 605 1776 631 τὸν·

981 652 1058 678 λαὸν
1078 651 1205 681 τοῦτον;
1227 649 1282 676 Καὶ
1307 647 1392 675 εἶπα·
1415 648 1488 676 Ἰδοὺ
1510 648 1566 683 ἐγώ
1587 650 1646 684 ειμι
1660 657 1666 663 ·
1694 649 1774 676 ἀπό-

981 697 1104 724 στειλόν
1116 705 1163 730 με.

1019 744 1082 770 Ὅτε
1097 742 1152 768 τῶν
1172 741 1219 768 τοῦ
1233 742 1373 777 προφήτου
1388 740 1502 776 χειλέων
1519 742 1534 767 ὁ
1552 740 1655 775 ἄνθραξ
1670 740 1774 775 ἥψατο,

983 789 1030 815 καὶ
1043 788 1187 824 ἀφῄρηκεν
1206 786 1289 814 αὑτοῦ
1305 786 1356 818 τὰς
1376 785 1502 819 ἀνομίας,
1524 785 1584 812 τότε
1605 786 1652 812 καὶ
1676 784 1775 812 ἀκούει

982 835 1030 870 τῆς
1049 834 1141 869 φωνῆς
1159 833 1274 869 Κυρίου,
1289 832 1336 859 καὶ
1350 832 1419 859 δέδιε
1432 833 1481 868 μὲν
1494 831 1597 863 οὐκέτι,
1614 832 1662 858 καὶ
1680 832 1776 866 σιωπᾷ

145 879 187 899 me
198 873 231 899 ε’»
253 881 285 901 ac
297 882 326 901 se
339 874 447 904 fortiter
459 877 493 906 ad
507 879 665 913 legationem
679 881 830 919 obeundam
844 881 927 914 sistit,

1031 891 1040 907 ‹
1055 880 1145 912 Τάλας
1158 880 1239 914 ἐγὼ.»
1258 879 1436 915 παρειστήκει
1448 879 1477 905 δὲ
1496 879 1543 905 καὶ
1566 877 1638 913 μάλα
1661 878 1775 913 γοργῶς

144 925 232 953 eoque
250 919 331 947 veluti
361 929 413 949 non
429 929 549 957 vocatus,
565 925 639 953 ultro
650 934 680 955 se
694 926 812 961 ingerit:
832 935 842 952 ‹
859 926 928 954 Ecce

143 970 204 998 ego,
221 965 297 992 mitte
308 974 362 995 me.
375 976 385 993 ι
401 967 476 1002 Quod
483 969 679 1006 sidicatDeus;
691 971 794 1004 «Quem
810 972 924 1002 mittam.

143 1014 170 1036 et
197 1010 259 1045 quis
288 1012 476 1046 proﬁciscetur
501 1015 535 1042 ad
559 1016 686 1051 populum
720 1016 842 1044 istum?!
874 1024 927 1044 non

143 1056 257 1084 dicimus
270 1064 363 1086 vocem
386 1066 446 1087 esse
470 1060 628 1094 dubitantis,
652 1067 699 1089 aut
718 1062 794 1097 quasi
823 1063 928 1097 egentis

143 1101 233 1137 aliquo
268 1105 313 1138 qui
343 1106 478 1138 mittatur,
518 1108 565 1135 sed
604 1109 812 1144 perstringentis
839 1109 928 1144 potius

143 1146 267 1175 lsraclem
281 1154 407 1185 tanquam
418 1151 496 1179 valde
513 1151 720 1186 inobedientem,
735 1159 761 1181 et
772 1154 817 1189 qui
833 1161 926 1181 eorum

142 1193 187 1226 qui
217 1195 290 1221 missi
317 1200 380 1223 sunt
414 1196 515 1224 nemini
538 1197 772 1233 obsecundaverit,
797 1199 851 1227 imo
881 1207 929 1228 eos

142 1242 319 1270 interemerit.
346 1243 413 1271 Nam
440 1245 509 1273 alios
533 1246 727 1274 contumeliose
766 1251 927 1280 tractarunt,

143 1287 295 1322 lapidarunt
314 1290 391 1324 alios,
419 1291 500 1327 109
526 1292 594 1320 alios
622 1293 701 1320 etiam
718 1293 926 1322 interfecerunt:

143 1335 371 1368 quemadmodum
397 1342 425 1364 et
456 1338 581 1366 Christus
597 1338 688 1372 dixit,
709 1345 835 1368 contexta
851 1341 929 1369 nobis

143 1379 169 1405 in
182 1379 334 1415 Evangeliis
347 1383 482 1416 parabola.
504 1383 590 1417 Quem
612 1392 678 1420 ergo
690 1385 816 1412 mittam?
830 1385 929 1421 Ecquis

143 1425 330 1458 proﬁciscetur
355 1428 388 1454 ad
416 1428 542 1463 populum
561 1430 659 1463 istum,
680 1431 725 1464 qui
762 1436 824 1458 ante
840 1431 930 1459 missis

142 1477 196 1498 non
224 1471 348 1506 credidit,
370 1473 415 1508 qui
435 1474 528 1506 durus,
546 1476 591 1509 qui
617 1476 734 1503 crudelis
757 1475 930 1504 fuit?Etre-

143 1517 200 1552 ipsa
232 1519 442 1554 comprobarunt
484 1528 538 1548 non
572 1529 633 1549 esse
665 1522 783 1549 hominis
812 1522 965 1570 cujusvisc

143 1571 205 1591 eum
219 1563 272 1592 illis
284 1572 340 1592 rem
355 1565 466 1600 habere,
492 1567 539 1595 sed
554 1569 705 1595 constantis
718 1569 816 1601 solutn,
831 1574 858 1596 et
869 1577 931 1604 pro-

144 1610 229 1642 priam
254 1610 337 1644 ipsam
352 1611 435 1638 vitam
458 1612 611 1640 abnuentis.
635 1613 710 1646 Quod
729 1622 791 1642 vero
814 1614 884 1642 ﬂecti
900 1623 932 1642 ac

145 1657 246 1684 moveri
257 1657 366 1685 omnino
380 1658 498 1686 noluerit
517 1658 608 1692 Israel,
623 1660 685 1688 licet
701 1668 734 1688 ex
753 1661 794 1688 liis
810 1662 930 1694 discere,

144 1709 205 1737 qua:
235 1703 304 1730 Deus
332 1705 364 1731 ad
391 1706 497 1732 beatum
525 1706 684 1741 prophetam
709 1706 877 1735 Ezechielem
894 1707 932 1735 lo-

145 1753 222 1775 cutus
236 1753 286 1782 est,
301 1757 360 1784 quae
378 1750 414 1777 ita
429 1758 458 1778 se
472 1751 572 1778 habent
585 1760 592 1778 :
607 1760 616 1777 ι
635 1751 684 1779 Fili
711 1753 839 1785 hominis,
852 1754 929 1786 vade,

145 1794 286 1830 ingredere
310 1797 343 1824 ad
365 1798 473 1824 domum
499 1797 592 1831 Israel,
609 1805 634 1826 et
658 1799 770 1834 loquere
793 1806 932 1827 sermones

145 1848 219 1868 meos
232 1842 264 1868 ad
288 1850 368 1869 eum:
383 1844 510 1878 quoniatn
543 1853 594 1872 non
617 1845 650 1872 ad
665 1845 791 1880 populum
805 1845 932 1880 profundi

145 1887 207 1914 labii
223 1891 250 1914 et
268 1889 358 1922 gravis
387 1889 483 1924 linguae
498 1891 643 1922 emitteris,
662 1891 695 1918 ad
715 1891 824 1919 domum
838 1891 931 1924 lsrael,

145 1939 232 1967 neque
254 1935 287 1961 ad
316 1935 427 1970 pepulos
441 1935 541 1963 multos
553 1936 667 1964 alterius
683 1936 767 1970 vocis,
781 1936 822 1964 vel
835 1937 933 1964 aliente

144 1978 261 2013 linguae;
280 1987 366 2015 neque
377 1981 409 2007 ad
430 1988 487 2013 eos,
505 1982 549 2015 qui
562 1989 658 2017 graves
673 1982 762 2017 lingua
777 1987 851 2016 sunt,
865 1990 934 2018 quo-

144 2032 204 2052 rum
230 2033 368 2054 sermones
394 2035 447 2055 non
474 2029 577 2055 audies.
606 2028 638 2055 Et
656 2029 677 2055 si
698 2030 731 2055 ad
755 2029 822 2056 tales
844 2030 933 2056 misis-

144 2079 202 2099 sem
222 2077 264 2107 te,
287 2075 424 2101 audissent
447 2079 473 2101 te
494 2084 501 2101 ι
525 2078 553 2101 at
580 2075 675 2102 domus
703 2075 787 2103 Israel
804 2084 855 2102 non
875 2075 934 2103 vult

146 2119 242 2146 audire
257 2123 294 2152 te,
317 2119 379 2153 quia
401 2119 497 2146 nolunt
527 2120 622 2148 audire
643 2127 686 2147 me
703 2129 711 2147 ε
731 2121 859 2155 quoniam
878 2125 932 2148 tota

147 2166 242 2192 domus
255 2164 337 2192 Israel
358 2166 524 2194 contentiosa
556 2171 608 2199 est,
642 2171 670 2194 et
686 2167 754 2194 duro
782 2167 906 2195 corde".
921 2177 930 2193 ι

979 927 1075 954 ἑαυτὸν
1092 928 1132 959 είς
1155 926 1317 961 ἀποστολὴν,
1335 926 1382 952 καὶ
1396 921 1451 951 οἷον
1468 924 1619 958 αὐτόμολος
1637 924 1677 955 εἰς
1692 923 1776 950 τοῦτό

978 983 1019 1001 τοι
1040 973 1102 1006 ἰὼν,
1122 972 1162 1004 τὸ,
1181 982 1190 998 t
1207 972 1273 998 Ἰδοὺ
1289 971 1356 1005 ἐγὼ,
1374 970 1533 998 ἀπόστειλόν
1557 977 1599 1005 με.
1615 979 1623 995 ι
1640 970 1672 996 Εἰ
1689 969 1718 995 δὲ
1738 969 1773 1003 δή

979 1020 1054 1053 λέγοι
1076 1019 1140 1050 Θεός
1151 1027 1157 1033 ·
1175 1027 1184 1043 ε
1197 1018 1264 1044 Τίνα
1281 1017 1450 1049 ἀποστείλω;
1475 1016 1522 1043 καὶ
1542 1016 1583 1047 τίς
1605 1015 1775 1051 πορεύσεται

979 1066 1047 1102 πρὸς
1065 1066 1110 1091 τὸν
1125 1064 1190 1091 λαὸν
1204 1063 1312 1095 τοῦτον;
1326 1063 1394 1089 »οὐκ
1408 1062 1577 1098 ὴπορηκότος
1593 1059 1662 1088 εἷναί
1679 1069 1773 1095 φαμεν

979 1112 1028 1148 τὴν
1053 1111 1162 1147 φωνὴν,
1191 1110 1252 1138 οὐδὲ
1281 1108 1336 1136 οἷον
1364 1109 1393 1135 ὲν
1426 1108 1523 1135 σπάνει
1555 1107 1697 1142 γεγονότος
1722 1106 1774 1133 τοῦ

979 1166 1014 1184 πε
1018 1156 1220 1193 μφθησομένου,
1230 1153 1446 1189 καταιτιωμένου
1459 1153 1488 1180 δὲ
1498 1152 1598 1188 μᾶλλον
1607 1153 1652 1179 τὸν
1660 1151 1774 1188 Ἰσραὴλ

979 1204 1017 1234 ὡς
1035 1202 1136 1237 ἀπειθῆ
1159 1201 1235 1233 λίαν,
1257 1200 1304 1227 καὶ
1327 1199 1438 1232 εἴξαντα
1459 1199 1507 1234 μὲν
1525 1198 1612 1225 οὐδενὶ
1628 1198 1683 1224 τῶν
1700 1205 1772 1232 προ-

981 1247 1204 1283 απεσταλμένων,
1224 1246 1393 1274 ἀπεκτονότα
1406 1246 1435 1272 δὲ
1453 1245 1553 1280 μᾶλλον
1567 1244 1676 1276 αὐτούς.
1699 1244 1773 1274 Τοὺς

981 1295 1032 1330 μὲν
1058 1294 1114 1329 γὰρ
1138 1293 1264 1328 ὖδρισαν,
1290 1292 1354 1323 τοὺς
1377 1291 1406 1318 δὲ
1429 1290 1631 1325 ἐλιθοϐόλησαν,
1658 1289 1724 1320 τοὺς
1743 1288 1773 1315 δὲ

979 1339 1154 1371 ἀπέκτειναν,
1167 1337 1239 1364 καθά
1253 1345 1336 1372 φησιν
1351 1337 1365 1363 ὁ
1379 1336 1510 1371 Χριστὸς,
1526 1335 1574 1370 τὴν
1589 1336 1617 1361 ὲν
1644 1335 1700 1366 τοῖς
1720 1334 1772 1360 Εὐ·

980 1385 1118 1420 αγγελίοις
1148 1385 1213 1420 ἡμῖν
1232 1383 1366 1415 συντιθεὶς
1389 1382 1558 1418 παραϐολήν.
1579 1381 1646 1407 Τίνα
1668 1381 1700 1416 δὴ
1723 1378 1773 1407 οὖν

980 1432 1044 1467 ἄρα,
1059 1431 1152 1466 φησὶν,
1178 1429 1346 1462 ἀποστείλως
1366 1428 1422 1456 Καὶ
1443 1429 1484 1460 τίς
1507 1428 1671 1463 πορεύσεται
1699 1427 1773 1462 πρὸς

981 1477 1025 1503 τὸν
1049 1476 1113 1503 λαὸν
1142 1475 1251 1509 τοῦτον;
1285 1475 1310 1502 οἳ
1335 1476 1392 1506 τοῖς
1419 1474 1470 1509 ἤδη
1497 1473 1772 1510 προαπεσταλμένοις

981 1522 1174 1558 ὴπειθηκότες,
1198 1521 1310 1557 σκληροί
1323 1521 1354 1547 τέ
1375 1521 1444 1549 εισι,
1462 1520 1509 1546 καὶ
1526 1520 1687 1554 δυσάντητοι
1701 1541 1707 1551 ,
1724 1519 1773 1545 καὶ

981 1568 1014 1594 δι’
1029 1567 1119 1594 αὐτῶν
1139 1565 1243 1598 ἔδειξαν
1264 1566 1319 1592 τῶν
1338 1566 1519 1601 πραγμάτων,
1544 1565 1582 1596 ὡς
1601 1565 1651 1591 οὐκ
1676 1564 1710 1591 ἂν
1727 1564 1772 1599 εἴη

980 1614 1028 1641 τοῦ
1040 1614 1166 1648 τυχόντος
1182 1612 1346 1648 προσϐαλεῖν
1365 1612 1467 1643 αὺτοῖς,
1489 1612 1569 1647 μόνου
1588 1611 1616 1637 δὲ
1637 1610 1709 1645 τάχα
1722 1610 1772 1637 τοῦ

981 1660 1029 1687 καὶ
1054 1659 1139 1694 αὐτῆς
1162 1657 1351 1692 ἀπεγνωκότος
1373 1658 1424 1692 τῆς
1453 1657 1519 1689 ἰδίας
1544 1657 1628 1692 ζωῆς.
1651 1657 1712 1684 ’Ότι
1743 1656 1774 1682 δὲ

981 1705 1093 1739 γέγονεν
1111 1704 1255 1739 ἀκαμπὴς.
1272 1703 1319 1730 καὶ
1335 1702 1514 1738 ἀνουθέτητος
1530 1702 1600 1737 ἀθταν
1612 1703 1626 1729 ὁ
1648 1701 1771 1737 Ἰσραὴλ,

982 1751 1116 1786 ἀναμάθοι
1135 1759 1177 1781 τις
1194 1751 1228 1777 ἂν
1247 1750 1294 1776 καὶ
1313 1749 1346 1776 δι’
1359 1745 1397 1776 ὧν
1411 1749 1462 1783 ἔφη
1482 1748 1547 1780 Θεὸς
1567 1749 1635 1784 πρὸς
1658 1748 1704 1774 τὸν
1724 1756 1774 1783 μα-

983 1797 1080 1833 κάριον
1097 1796 1230 1832 Ὲζεχιήλ.
1248 1796 1325 1831 Ἔχει
1347 1795 1375 1821 δὲ
1398 1795 1500 1826 οὕτως·
1516 1804 1525 1820 t
1542 1795 1591 1821 Υίὲ
1612 1794 1771 1828 ἀνθρώπου,

984 1843 1085 1878 βάδιζε,
1099 1842 1203 1869 εἴσελθε
1214 1843 1253 1874 εἰς
1266 1842 1312 1869 τὸν
1325 1839 1400 1868 οἷκον
1409 1841 1456 1868 τοῦ
1465 1841 1583 1877 Ἰσραὴλ,
1596 1841 1643 1867 καὶ
1653 1841 1772 1875 λάλησον

983 1890 1045 1920 τοὺς
1059 1888 1153 1923 λόγους
1169 1897 1219 1924 μου
1236 1888 1303 1924 πρὸς
1316 1888 1408 1921 αὐτὸν,
1424 1888 1491 1914 διότι
1506 1888 1536 1914 οὑ
1551 1887 1620 1923 πρὸς
1642 1887 1707 1914 λαὸν
1723 1887 1773 1922 βα-

984 1934 1108 1969 θύχει).ον
1122 1934 1169 1960 καὶ
1185 1933 1393 1969 βραδύγλωσσον
1409 1934 1604 1970 ὲξαποστέλλῃ,
1615 1934 1685 1970 πρὸς
1697 1931 1772 1960 οἷκον

982 1980 1030 2007 τώ
1047 1979 1164 2015 Ἰσραὴλ,
1180 1979 1241 2006 οὐδὲ
1258 1979 1324 2014 πρὸς
1346 1979 1427 2011 λαοὺς
1448 1979 1563 2011 πολλοὺς
1587 1979 1771 2014 ἀλλοφώνους,

983 2027 1001 2061 ἢ
1028 2025 1241 2061 ἀλλογλώσσους,
1258 2026 1318 2052 οὐδὲ
1336 2025 1482 2061 στισαροὺς
1498 2026 1531 2061 τῇ
1547 2025 1658 2062 γλώσσῃ
1677 2025 1772 2058 ὄντας,

984 2070 1020 2098 ὧν
1045 2073 1096 2099 οὐκ
1118 2072 1222 2107 ἀκούσῃ
1243 2072 1307 2103 τοὺς
1332 2071 1429 2106 λόγους
1449 2072 1548 2098 αὐτῶν.
1572 2071 1626 2098 Καὶ
1651 2072 1675 2097 εὶ
1702 2072 1773 2107 πρὸς

985 2118 1122 2149 τοιούτους
1136 2117 1314 2151 ἐξαπέστειλά.
1330 2126 1369 2149 σε,
1382 2118 1458 2144 αὐτοὶ
1471 2116 1503 2144 ἂν
1522 2117 1684 2152 εἰσήκουσάν
1700 2126 1749 2144 σου
1764 2126 1771 2133 ·

985 2166 999 2191 ό
1019 2165 1048 2191 δὲ
1071 2162 1144 2195 οἶκος
1167 2163 1214 2190 τοῦ
1236 2163 1345 2198 Ἰσραὴλ
1363 2164 1393 2190 οὺ
1414 2163 1451 2198 μὴ
1475 2163 1635 2198 θελήσουσιν
1653 2163 1774 2190 ἀκοῦσαί

146 2210 261 2238 ’l‘autum
282 2219 335 2239 non
363 2211 488 2239 videlicet
507 2211 646 2245 dubitans,
661 2217 698 2245 et,
721 2218 751 2240 ut
767 2215 846 2242 modo
865 2214 927 2247 dixi,

1019 2220 1043 2244 υ,
1067 2211 1133 2237 διότι
1154 2210 1183 2236 οὺ
1207 2210 1345 2245 βούλονται
1366 2208 1525 2236 εἰσακοῦσαι
1547 2218 1612 2244 μου,
1629 2210 1671 2235 ὅτι
1689 2210 1746 2241 πᾶς
1760 2210 1774 2236 ό

145 2257 180 2284 ob
214 2257 324 2285 multam
362 2258 547 2285 crudelitatem
587 2257 723 2287 lsraelitas
762 2260 931 2287 insimulans.

145 2302 231 2336 Quem
251 2303 332 2338 igitur
351 2302 452 2331 mitto?
473 2303 605 2339 Propheta
634 2305 715 2339 igitur
726 2305 799 2333 omni
820 2310 932 2333 cuncta-

145 2348 220 2375 tione
237 2347 362 2382 abjecta:
388 2357 399 2374 ‹
418 2348 498 2382 Ecce,
532 2349 630 2384 inquit,
660 2357 720 2385 ego,
750 2351 827 2378 mitte
848 2358 901 2378 me.
920 2360 930 2377 ›

147 2393 261 2427 Quando
274 2401 339 2429 ergo
349 2398 375 2421 et
391 2402 440 2422 nos
451 2395 557 2423 divinus
579 2396 661 2424 carbo
671 2397 824 2432 contigerit,
841 2397 875 2424 ab
890 2396 933 2424 of-

147 2438 231 2466 fensis
243 2439 303 2474 puri
313 2439 426 2472 erimus,
444 2443 472 2468 et
485 2441 612 2476 prompti,
632 2445 715 2476 atque
726 2441 760 2468 ad
786 2447 929 2476 capessen-

148 2484 209 2511 dam
236 2483 398 2520 legationem
414 2485 570 2520 juveniliter
585 2487 705 2514 alacres:
730 2487 801 2521 quod
815 2491 842 2513 et
861 2485 933 2514 fece-

148 2531 306 2559 runtdivini
322 2532 456 2568 discipuli.
482 2533 611 2567 Quamvis
624 2533 695 2560 enim
722 2539 754 2560 ex
770 2531 870 2560 Iudaeis
889 2539 934 2560 es-

147 2581 218 2610 sent,
231 2581 259 2604 et
270 2581 333 2604 ante
345 2578 505 2606 cltaritatem
529 2579 554 2606 in
569 2579 707 2606 Christum
724 2579 863 2612 donatam,
883 2579 933 2606 im-

149 2630 214 2656 pura
231 2626 259 2650 et
274 2623 325 2657 ipsi
342 2624 410 2652 labia
424 2623 554 2652 haberent
567 2631 629 2651 cum
646 2624 752 2651 caeteris
770 2632 777 2650 :
793 2629 934 2658 postquam

151 2675 238 2697 tamen
265 2669 342 2697 ﬁdem
353 2670 538 2703 admisissent,
556 2670 713 2705 praeclaram
738 2670 933 2698 confeSsionem

148 2714 301 2747 ediderunt,
318 2723 349 2742 ac
366 2715 448 2742 carbo
471 2722 518 2742 eos
543 2714 639 2750 tetigit,
653 2722 685 2742 ac
705 2720 760 2743 tum
779 2715 887 2750 quidem
899 2715 933 2742 ad

148 2760 308 2795 legationem
323 2762 408 2788 vocati
423 2766 495 2794 sunt,
512 2766 537 2788 et
569 2762 627 2789 sine
643 2769 718 2790 mora
732 2762 914 2797 sequebantur
927 2772 933 2789 :

185 2839 207 2854 "
222 2839 319 2866 Ezeclt.
341 2846 382 2871 nl,
402 2838 416 2865 ι
431 2840 470 2866 -7,

984 2255 1059 2288 οἶκος
1066 2256 1112 2283 τοῦ
1120 2256 1228 2292 Ἰσραὴλ
1239 2256 1384 2291 φιλόνεικοι
1393 2257 1456 2287 stat,
1471 2255 1519 2282 καὶ
1531 2255 1754 2290 σκληροκάρδιοι.
1762 2264 1771 2280 ι

986 2303 1107 2334 Εἰκότως
1118 2302 1150 2338 δὴ
1162 2300 1208 2329 οὖν
1229 2302 1369 2338 μονονουχὶ
1383 2302 1535 2337 ἀπορήσας,
1561 2301 1661 2337 μᾶλλον
1672 2301 1713 2332 δὲ,
1735 2301 1774 2333 ὡς

986 2349 1064 2384 ἔφην,
1078 2348 1178 2384 ἀρτίως
1193 2349 1239 2374 ἐπὶ
1253 2347 1336 2382 πολλῇ
1349 2347 1408 2374 λίαν
1421 2346 1543 2382 ὠμότητι
1555 2345 1774 2380 καταιτιώμενος

985 2395 1048 2426 τοὺς
1064 2395 1094 2426 ἐξ
1111 2394 1229 2430 Ἰσραήλ.
1245 2393 1312 2420 Τίνα
1330 2393 1362 2428 δὴ
1380 2391 1426 2420 οὖν
1440 2393 1610 2426 ἀποστείλω;
1627 2392 1775 2427 Μελλήσας

986 2441 1018 2478 δὴ
1031 2440 1078 2468 οὖν
1091 2442 1105 2467 ό
1119 2441 1262 2476 προφήτης
1272 2440 1332 2467 κατ’
1343 2439 1439 2466 οὐδένα
1455 2439 1571 2474 τρόπον·
1583 2448 1592 2464 ι
1605 2437 1670 2464 Ἰδοὺ
1687 2437 1772 2471 ὲγὼ,ι

987 2487 1081 2523 φησὶν,
1099 2496 1108 2512 ι
1128 2485 1287 2513 ἀπόστειλόν
1306 2494 1350 2520 με.
1369 2494 1378 2510 ι
1390 2484 1475 2511 Ὅταν
1489 2485 1579 2511 τοίνυν
1595 2484 1643 2510 καὶ
1662 2482 1744 2518 ἡμῶν
1760 2483 1774 2508 δ

988 2532 1059 2564 θεῖος
1071 2531 1172 2567 ἄνθραξ
1189 2531 1365 2566 ὲπιθιγγάνῃ,
1382 2530 1496 2565 καθαροὶ
1517 2530 1566 2565 μὲν
1582 2528 1701 2564 ἐσόμεθα
1720 2529 1777 2554 τῶν

987 2578 1211 2613 διεπταισμένων,
1226 2577 1361 2612 πρόθυμοι
1376 2576 1404 2602 δὲ
1425 2576 1471 2602 καὶ
1486 2575 1604 2602 νεανικοὶ
1621 2574 1691 2610 πρὸς
1706 2575 1776 2601 ἀπο-

988 2625 1094 2661 στολὴν,
1107 2625 1122 2651 ὂ
1133 2624 1164 2659 δὴ
1185 2624 1232 2651 καὶ
1247 2624 1420 2658 πεπράκασιν
1435 2623 1458 2649 οί
1481 2621 1618 2649 θεσπέσιοι
1641 2619 1774 2655 μαθηταί.

987 2670 1084 2697 Καίτοι
1108 2669 1162 2704 γὰρ
1183 2669 1258 2700 ὄντες
1282 2668 1311 2700 ἐξ
1337 2668 1488 2700 Ἰουδαίων,
1511 2667 1558 2693 καὶ
1581 2665 1633 2701 πρὸ
1654 2667 1705 2700 τῆς
1735 2666 1776 2697 είς

988 2715 1104 2751 Χριστὸν
1117 2715 1243 2750 ἀγάπης,
1254 2713 1397 2749 ἀκάθαρτά
1414 2722 1465 2740 που
1482 2713 1528 2740 καὶ
1543 2711 1633 2739 αὐτῶν
1649 2711 1684 2738 τὰ.
1699 2711 1776 2747 χείλη

990 2762 1059 2798 μετὰ
1072 2761 1126 2789 τῶν
1141 2761 1227 2789 ἄλλων
1243 2760 1359 2796 ἔχοντες,
1383 2759 1478 2795 ἐπειδὴ
1493 2759 1522 2786 δὲ
1539 2759 1714 2795 προσήκαντο
1727 2758 1776 2793 τὴν
