1887 3054
63 131 97 164 ίεὸ
652 137 686 168 IN
704 138 822 168 ISAIAM
841 140 907 170 LIB.
929 143 949 170 Ι.
968 143 1072 173 ΟΒΔΤ.
1091 143 1134 174 ιν.

1651 151 1701 180 186

65 194 151 242 πίστιν,
168 194 350 231 πεποίηνται
373 197 424 233 τὴν
444 197 529 232 καλὴν
551 198 707 233 ὁμολογίαν,
723 199 812 234 ἥψατο
832 199 855 226 δὲ

945 203 1021 231 metsi
1038 203 1126 232 Moses
1143 204 1358 240 sapientissimus
1372 206 1442 234 dicat
1458 216 1465 234 :
1485 216 1494 234 ι
1509 207 1640 242 Obsecro,
1652 211 1704 238 Do-

63 239 95 269 αὶ
111 239 208 268 αὐτῶν
224 242 240 268 ὸ
254 241 366 278 ἄνθραξ
376 263 384 274 ,
402 244 463 271 τότε
479 244 525 271 καὶ
545 245 691 279 κέκληνται
707 245 775 280 πρὸς
789 246 858 272 ἀπο-

65 284 155 320 στολὴν,
181 287 236 313 καὶ
259 287 434 323 ἠκολούθουν
458 288 600 324 ἀμελλητὶ,
623 290 710 316 καίτοι
735 289 860 324 λέγοντος

65 331 96 359 τοῦ
113 333 267 368 πανσόφοό
282 334 426 367 Μωσέως·
444 345 452 360 ε
469 334 570 370 Δέομαι
581 355 588 367 ,
605 335 702 370 Κύριε,
720 336 860 372 προχειρι-

65 388 93 407 σαι
113 378 198 406 ἄλλον
225 380 393 416 δυνάμενον,
407 382 437 408 ὃν
450 381 624 415 ἀποστελεῖς·
645 392 654 408 ι
682 382 815 418 Ἰερεμίου
831 382 859 409 δὲ

64 423 130 452 πάλιν
143 434 151 441 ·
171 426 229 452 ιὈ
247 425 299 458 ὢν,
313 428 438 454 Δέσποτα
448 427 546 463 Κύριε,
570 427 625 454 ἰδοὺ
642 428 692 454 οὐκ
710 428 860 463 ἐπίσταμαι

61 471 152 504 λαλεῖν,
166 473 222 499 ὅτι⁵
235 473 296 505 ἐγὼ
314 473 447 509 νεώτερός
461 475 528 508 ειμι.
548 483 558 498 ι
581 473 747 508 Θερμότεροι
764 474 796 509 δὴ
812 471 859 501 οὖν

60 517 116 553 πρὸς
145 519 312 555 ἀποστολὴν
341 519 390 546 καὶ
422 519 560 546 διακονίαν
588 519 644 545 τῶν
671 519 859 554 ἀρχαιοτέρων

57 563 136 598 ἁγίων
166 565 195 591 οἱ
224 566 256 592 ὲν
283 565 403 601 Χριστῷ.
431 565 486 592 Καὶ⁴
509 565 597 601 σαφὴς
620 564 654 592 ἂν
675 565 780 599 γένοιτο
803 565 850 591 τοῦ

914 249 996 280 mine,
1021 254 1116 284 coopta
1137 250 1218 277 alium
1233 255 1384 286 potentem,
1397 243 1476 287 quem
1493 254 1586 281 mittas
1595 255 1645 283 η.»
1670 256 1703 284 Et

912 291 1045 321 Jeremias
1069 295 1166 322 iterum
1185 306 1191 323 :
1214 305 1223 322 ι
1244 297 1282 323 Tn
1298 297 1344 332 qui
1372 304 1441 330 es,o
1467 298 1625 327 Dominator
1651 301 1703 329 Do-

914 338 997 371 mine,
1027 346 1090 367 ecce
1121 347 1174 368 non
1200 341 1257 369 scio
1283 342 1367 377 loqui,
1390 344 1518 378 quoniam
1543 353 1594 380 ego
1611 347 1704 380 iunior

915 391 975 412 sum
993 384 1027 412 ³⁸.
1050 395 1057 411 ι
1091 385 1280 415 Ferventiores
1297 388 1378 423 igitur
1409 390 1443 417 ad
1470 391 1649 425 apostolatum
1675 397 1703 420 et

915 430 1096 458 ministerium
1111 432 1258 461 Christiani
1271 453 1278 466 ,
1297 442 1376 469 quam
1394 441 1500 464 veteres
1525 438 1621 465 sancti.
1639 437 1703 465 lllu-

914 476 981 503 stris
997 482 1088 504 autem
1102 478 1183 512 hujus
1195 479 1235 506 rei
1255 485 1333 515 typus
1351 488 1410 509 esse
1422 483 1519 516 poterit
1532 483 1626 511 beatus
1637 491 1699 519 pro-

913 520 994 555 pheta
1017 521 1114 555 Isaias.
1134 529 1195 558 post
1219 526 1347 553 carbonis
1371 531 1511 560 attactum,
1524 535 1586 555 cum
1601 528 1701 556 clamat

912 571 940 594 et
952 567 1018 594 dicit
1034 578 1041 596 :
1057 578 1067 594 ι
1082 569 1152 597 Ecce
1167 578 1226 606 ego,
1244 571 1320 598 mitte
1333 579 1386 599 me.
1400 582 1410 598 ι

55 611 225 646 minuto;
251 613 337 644 τύπος
357 614 372 639 ὁ
397 613 530 648 μακάριος
553 612 695 648 προφήτης
723 611 854 645 Ἡσαΐας,
873 613 943 648 μετά
971 615 1021 651 τὴν
1033 616 1080 643 τοῦ
1108 616 1243 653 ἄνθρακος
1271 619 1380 654 ἐπαφὴν
1396 619 1591 656 ἀνακεκραγώς
1607 629 1636 647 τε
1653 621 1700 648 καὶ

54 659 138 692 λέγων
153 658 188 685 τό
199 667 207 674 ·
232 669 240 684 t
266 659 332 686 Ἰδοὺ
348 658 413 694 ἐγὼ,
430 658 588 686 ἀπόστειλον
608 667 653 694 με.
674 667 683 684 ι

79 706 144 734 Καὶ
152 705 260 734 εἶπεν·
275 708 449 742 Πορεύθητι.
463 708 512 735 καὶ
525 706 614 735 εἶπον·
626 707 667 740 τῷ
680 707 744 740 λαῷ
753 707 856 740 τούτῳ

56 753 148 788 Ἀκοῇ
160 755 325 786 ἀκούσετε,
337 754 385 781 καί
397 755 432 782 οὐ
438 754 480 789 μὴ
490 755 615 790 συνῆτε
629 755 679 782 καὶ
687 755 858 787 ,βλέποντες

949 706 1030 734 Vens.
1049 707 1076 740 9,
1094 707 1137 735 10.
1156 707 1189 734 Et
1206 709 1274 736 dixit
1293 717 1302 736 :
1325 709 1509 744 Proficiscere.
1539 718 1564 739 et
1588 713 1630 740 dic
1649 723 1698 749 po-

910 752 972 787 pulo
983 753 1044 780 huic
1060 760 1071 781 :
1088 754 1167 788 110
1178 753 1277 781 Audiui
1291 756 1415 787 audietis.
1431 761 1456 783 et
1465 765 1517 784 non
1530 758 1698 794 intelligetis;

49 799 216 834 βλέψετε,
241 800 292 827 καί
317 801 352 827 οὺ
371 799 415 835 μὴ
442 800 537 835 ἴδητε.
558 800 727 835 Ἐπαχύνθη
751 799 807 835 γὰρ
832 799 853 834 ἠ

950 799 1065 826 videntes
1077 800 1207 832 videbitis.
1224 806 1248 828 et
1267 809 1319 828 non
1342 802 1473 830 videbitis.
1488 802 1615 830 Crassum
1629 805 1698 832 enim

51 846 167 881 καρδιά
186 846 244 874 τοῦ
264 847 342 874 λαοῦ
360 847 478 879 τούτου,
499 847 550 874 καὶ
574 847 637 880 τοῖς
662 846 738 873 ὠσίν
758 845 858 873 αὐτῶν

49 893 175 927 βαρέως
208 893 369 927 ἤκουσαν,
391 893 442 920 καὶ
470 893 542 927 τοὺς
567 892 740 928 ὀφθαλμοὺς
758 891 858 920 αὐτῶν

51 940 255 974 ἐκάμμυσαν,
276 940 317 974 μή
338 946 412 966 ποτε
433 939 518 967 ιὸωσι
534 940 598 972 τοῖς
614 938 793 973 ὀφθαλμοῖς,
808 937 858 964 καὶ

50 985 114 1018 τοῖς
132 985 219 1012 ὠσὶν
233 986 400 1018 ἀκούσωσι,
425 985 475 1012 καὶ
488 984 527 1019 τῇ
539 984 646 1020 καρδίᾳ
665 983 794 1017 συνῶσι,
807 984 856 1011 καὶ

48 1030 282 1064 ἐπιστρέψωσι,
297 1031 347 1058 καὶ
361 1031 487 1066 ίάσωμιιι
499 1031 621 1063 αὐτούς.

83 1075 234 1111 Πὼρωσιν
249 1076 299 1112 μὲν
316 1077 371 1109 ἀπὸ
387 1076 485 1112 μέρους
504 1077 668 1112 γεγενῆσθαι
679 1077 718 1112 τῷ
737 1077 855 1112 Ἰσραὴλ,

49 1123 59 1148 ὁ
75 1122 237 1154 θεσπέσιος
256 1122 358 1157 γράφει
373 1123 495 1154 Παῦλος·
516 1123 702 1158 διερμηνεύων
717 1123 746 1150 δὲ
761 1123 858 1159 ὥσπερ

49 1169 115 1195 τινα.
146 1169 253 1204 τρόπον
282 1169 374 1200 αὐτοῖς
406 1169 454 1205 τὴν
476 1168 604 1205 πώρωσιν
625 1169 725 1204 συνέϐη
749 1169 855 1196 παθεῖν.

54 1226 62 1241 ι
71 1216 165 1251 ’Δχρι
172 1216 231 1251 γὰρ
242 1216 374 1251 σήμερον,
388 1215 481 1251 φησὶν,
493 1215 575 1251 ἡνίκα
587 1215 620 1243 ἂν
635 1215 857 1251 ἀναγινώσκηται

50 1263 164 1295 Μωσῆς
176 1281 186 1294 ,
207 1261 341 1297 κάλυμμα
367 1261 414 1288 ἐπὶ
431 1262 481 1297 τὴν
498 1261 611 1297 καρδίαν
636 1261 725 1289 αὐτῶν
738 1263 854 1288 κεῖται.»

51 1308 114 1333 Καὶ
133 1308 191 1343 γὰρ
209 1305 244 1342 ἦν
266 1307 413 1334 ἀκόλουθον
428 1309 486 1339 τοῖς
505 1309 546 1340 εἰς
566 1307 646 1334 τοῦτο
660 1307 751 1334 λοιπὸν
763 1307 859 1343 ἀγριό-

51 1361 142 1388 τητος
163 1353 277 1389 τρόπων
293 1353 483 1389 ώλισθηκόσιν,
502 1354 539 1386 ὡς
559 1353 626 1380 πολὺ
654 1354 744 1380 νοσεῖν
763 1353 793 1380 τὸ
812 1353 858 1386 ἐξ·

51 1401 149 1434 ήνιον,
175 1400 225 1426 καὶ
249 1400 319 1435 μήτε
343 1401 401 1431 τοῖς
424 1399 546 1432 Μωσέως
575 1399 738 1435 γράμμασιν
771 1400 857 1426 εἴκειν

53 1445 211 1478 ἐθέλοντες,
236 1446 305 1481 μήτε
328 1445 382 1482 μὴν
395 1447 452 1478 τοῖς
474 1446 562 1481 ἁγίοις
584 1447 754 1481 προφήταις·
770 1454 856 1481 προσ-

908 844 1029 878 eﬂ'ectum
1056 851 1094 872 eat
1117 853 1164 872 cor
1187 848 1275 881 populi
1299 848 1397 882 hujus,
1417 853 1443 876 et
1461 849 1571 877 auribus
1586 852 1700 886 graviter

908 890 1070 923 audierunt,
1099 896 1123 918 et
1151 892 1240 919 oculos
1265 901 1328 919 suos
1349 894 1535 926 occluserunt.
1561 896 1699 930 nequando

908 936 1012 963 uideant
1041 936 1137 969 oculis,
1161 942 1186 963 et
1212 939 1321 965 auribus
1332 940 1455 973 audiant,
1473 945 1496 967 et
1513 941 1592 967 corde
1605 941 1699 968 intelli-

907 987 980 1018 gent,
995 987 1020 1009 ει
1035 989 1231 1017 convertamur,
1250 990 1273 1012 et
1291 993 1380 1012 sanam
1397 994 1452 1013 σοι.

942 1070 1157 1098 Excmcationem
1172 1079 1206 1099 ex
1234 1076 1311 1106 parte
1338 1072 1437 1102 factam
1469 1072 1563 1100 lsraeli
1590 1073 1698 1102 divinus

908 1115 1008 1144 Paulus
1021 1117 1129 1151 scribit,
1147 1118 1329 1152 interpretans
1340 1117 1397 1146 fere
1408 1119 1634 1153 quemadmodum
1646 1119 1698 1148 illis

908 1164 1089 1191 excaecatione
1109 1163 1163 1197 pati
1180 1164 1333 1199 contigerit.
1356 1173 1366 1190 ‹
1383 1165 1424 1191 Ad
1446 1165 1605 1192 hodiernum
1619 1165 1695 1197 .enim

908 1216 994 1244 usque
1011 1209 1093 1242 diem,
1107 1210 1206 1244 inquit,
1226 1210 1334 1244 quando
1355 1211 1454 1245 legitur
1481 1211 1587 1244 Moses,
1606 1211 1694 1239 velum

908 1255 983 1282 cordi
991 1262 1083 1283 eorum
1096 1255 1296 1289 imponitur”‘.
1309 1265 1319 1282 ›
1331 1255 1435 1284 Etenim
1449 1257 1494 1291 qui
1508 1257 1541 1284 ad
1557 1257 1634 1284 istam
1648 1257 1695 1284 de-

908 1309 982 1328 mum
1007 1309 1112 1329 morum
1132 1301 1266 1329 feritatem
1300 1302 1402 1338 delapsi
1425 1307 1503 1334 sunt.
1533 1307 1563 1330 ut
1579 1303 1699 1330 cil‘reneo

908 1345 998 1381 plane,
1026 1355 1113 1382 neque
1135 1347 1262 1375 Mosaicis
1279 1348 1400 1382 scriptis.
1418 1355 1505 1382 neque
1518 1349 1621 1375 sanctis
1636 1355 1698 1383 pro-

908 1393 1009 1428 phetis,
1023 1393 1093 1421 addo
1108 1393 1201 1426 etiam,
1217 1401 1304 1428 neque
1323 1393 1374 1429 ipsi
1392 1393 1503 1421 Christo
1519 1394 1632 1421 obedire
1647 1401 1696 1422 vo-

909 1439 1009 1466 luerint
1020 1448 1027 1466 :
1040 1446 1087 1466 eos
1104 1439 1209 1467 nebula:
1235 1439 1413 1474 intelligibilis
1426 1440 1602 1468 circumfundi
1621 1445 1698 1468 tene-

54 1491 138 1527 θείην
161 1491 186 1518 δ’
207 1491 242 1518 ἂν
264 1493 306 1518 ὅτι
329 1492 398 1527 μηδὲ
425 1492 501 1527 αὐτῷ
529 1492 569 1528 τῷ
592 1491 713 1528 Χριστῷ,
742 1491 782 1527 τῷ
807 1491 855 1527 τῆς

945 1486 977 1517 is,
989 1489 1016 1512 et
1032 1485 1144 1513 minimo
1165 1486 1255 1513 minus
1270 1493 1285 1512 a
1312 1485 1445 1520 lapidibus
1472 1493 1552 1513 sensu
1578 1486 1699 1514 carenti-

55 1538 164 1573 νσητῆς
187 1538 289 1574 ἀχλύος
311 1538 568 1574 καταλαμϐάνεσθαι
589 1539 688 1574 σκότῳ,
712 1539 759 1566 καὶ
779 1539 858 1573 ὀλίγα

56 1584 216 1618 διενεγκεῖν
236 1584 293 1611 τῶν
312 1584 483 1620 ἀναισθήτων
499 1585 590 1613 λίθων.
608 1585 718 1620 Ταύτην
737 1583 784 1612 οὖν
803 1584 858 1620 ἄρα

57 1632 182 1657 ποιεῖται
198 1630 250 1665 τὴν
273 1630 474 1667 προαγόρευσιν
496 1632 510 1658 δ
531 1631 585 1657 τῶν
604 1631 671 1657 ὅλων
699 1631 780 1664 Θεὸς,
811 1631 857 1657 καὶ

56 1677 97 1712 τῷ
110 1678 241 1713 προφήτῃ
262 1678 408 1713 παρεγγυᾷ
425 1676 667 1713 προκαταμηνύειν
688 1676 780 1708 αὐτοῖς
791 1685 797 1693 ·
816 1677 857 1704 ὃτι

62 1733 71 1749 ι
84 1723 170 1758 ’Δκοῇ
194 1723 327 1750 ἀκούσετε
352 1723 400 1750 καὶ
419 1723 450 1750 οὐ
466 1723 503 1759 μὴ
526 1723 636 1758 ωνῆτεο
649 1724 697 1750 καὶ
714 1722 857 1758 βλέποντες

59 1768 188 1803 βλέψετε,
203 1770 252 1796 καὶ
264 1770 305 1796 οὐ.
313 1769 351 1804 μὴ
368 1769 453 1804 ἴδητε.
469 1779 478 1795 ι
506 1769 637 1803 Γεγόνασι
651 1769 707 1805 γὰρ
724 1769 855 1804 αὐτήκοοι

58 1815 109 1850 τῆς
131 1814 182 1841 τοῦ
204 1815 332 1850 Σωτῆρος
351 1815 461 1850 φωνῆς’
482 1815 602 1847 ἐδίδαξεν
620 1815 650 1842 ἐν
675 1816 856 1849 συναγωγαῖς,

60 1860 302 1896 προσπεφώνηκεν
323 1861 353 1887 ἐν
374 1861 432 1892 τοῖς
455 1860 654 1895 Ἱεροσολύμοις
682 1860 853 1892 πλειστάκις,

59 1909 119 1935 ἀλλ’
131 1906 204 1944 ἦσαν
219 1908 248 1934 ὲν
261 1907 312 1942 ἴσῳ
323 1907 380 1938 τοῖς
395 1906 456 1942 μηδ’
471 1907 540 1938 ὅλως
554 1906 712 1942 ἀκηκοόσιν.
724 1907 857 1941 Γεγόνασι

59 1955 160 1990 θεωροὶ
177 1953 234 1981 τῶν
246 1953 406 1989 παραδόξως
416 1953 627 1989 τετελεσμένων.
643 1953 791 1980 Τεθέανται
802 1953 857 1989 γὰρ

58 2001 182 2036 λεπροὺς
205 1999 255 2027 τοῦ
281 1999 386 2031 πάθους
403 1999 642 2036 ἀπηλλαγμένους,
660 1998 857 2035 ἀναπηδῶντας

59 2046 178 2081 χωλοὺς,
195 2046 314 2080 τυφλοὺς
331 2045 544 2079 ἀναδλέπθντας,
559 2045 674 2081 νεκροὺς
696 2045 728 2071 ἐκ
749 2044 858 2080 μνημά-

59 2102 115 2119 των
137 2091 356 2127 ἀνισταμένους·
369 2091 426 2118 ἀλλ’
442 2091 597 2127 ὠφέληνται
614 2091 663 2126 μὲν
682 2090 743 2117 κατ’
761 2089 856 2117 οὐδένα

59 2138 176 2174 τρόπον.
190 2138 288 2173 ὥσπερ
301 2138 329 2165 δὲ
349 2138 396 2165 καὶ
409 2138 499 2165 αὐτῶν
515 2138 646 2174 ὀμμάτων
665 2137 855 2173 ἐστερημένοι,

59 2185 200 2212 διετέλουν
213 2185 238 2211 οἱ
250 2185 374 2212 δείλαιοι.
394 2184 486 2220 Ταύτῃ
505 2193 545 2210 τοι
565 2184 611 2211 καὶ
623 2182 796 2215 ὀνειδίζονται
812 2181 856 2209 διὰ

61 2230 113 2266 τῆς
135 2231 194 2258 τῶν
210 2230 297 2265 ἁγίων
312 2230 415 2266 φωνῆς,
438 2231 474 2262 ὼς
501 2231 645 2265 γεγονότες
665 2229 710 2257 ἀεὶ
737 2228 854 2264 σκληρο-

63 2278 208 2314 τράχηλοι,
229 2278 277 2304 καὶ
293 2276 417 2308 ἀπειθεῖς
433 2277 465 2312 τῇ
487 2276 598 2312 καρδίᾳ,
616 2276 663 2303 καὶ
677 2275 856 2307 ἀπεκτονότες

65 2325 168 2359 ἁγίους.
184 2323 316 2350 Δεδόσθαι
334 2331 366 2357 γε
379 2322 431 2358 μὴν
446 2323 494 2358 τὴν
508 2323 635 2357 πώρωσιν
650 2323 743 2354 αὐτοῖς
760 2330 854 2357 φησιν,

66 2370 106 2396 ἵνα
123 2369 163 2405 μὴ
181 2368 259 2396 ἴδωσι
279 2369 335 2400 τοῖς
353 2367 513 2403 ὀφθαλμοῖς,
531 2368 578 2395 καὶ
588 2367 689 2395 συνῶσι
699 2369 733 2403 τῇ
744 2367 856 2403 καρδίᾳ,

65 2416 110 2443 καὶ
127 2414 330 2450 ἑπιστρέψωσι,
348 2414 394 2440 καὶ
411 2413 519 2449 ἰάσηται
535 2411 645 2444 αὐτούς.
656 2414 711 2440 Καὶ
726 2413 807 2439 τοῦτο
821 2410 856 2448 ἦν

68 2462 119 2498 ἄρα
135 2462 184 2488 καὶ
208 2461 284 2497 μάλα
303 2460 409 2495 σαφῶς,
429 2461 497 2495 ὅπερ
518 2460 571 2494 ἔφη
593 2459 711 2495 Χριστὸς
733 2458 858 2486 ἀπειθεῖν

66 2508 211 2544 ᾑρημένοις
222 2516 230 2523 ο
255 2517 266 2533 σ
283 2507 331 2542 Μὴ
357 2505 506 2541 γογγύζετε
524 2506 581 2541 μετ’
604 2505 746 2541 ἀλλήλων·
764 2505 854 2536 οὐδεὶς

67 2554 171 2582 δύναται
196 2554 287 2582 ἐλθεῖν
307 2553 378 2590 πρός
405 2561 450 2587 με,
471 2552 517 2579 ὲάν
536 2551 579 2587 «μὴ
601 2552 616 2578 ὁ
637 2552 733 2588 Πατήρ
755 2560 806 2586 μου
840 2552 855 2578 δ

68 2601 172 2636 πέμψας
193 2609 228 2636 με
251 2599 358 2634 ἑλκύσῃ
384 2597 476 2625 αὐτόν.
495 2607 505 2623 ›
529 2597 584 2623 Καὶ
604 2597 702 2624 πάλιν·
728 2606 737 2622 t
761 2597 819 2628 Πᾶς
842 2597 856 2623 ὁ

68 2646 176 2678 ἀκούσας
191 2645 269 2681 παρὰ
288 2644 340 2671 τοῦ
359 2643 476 2678 Πατρὺς,
489 2642 598 2677 ἔρχεται
617 2642 685 2677 πρός
699 2650 742 2677 με.
754 2651 763 2667 ι
783 2641 855 2668 Οὐκ-

69 2691 109 2719 οῦν
119 2693 147 2719 οὺ
162 2693 314 2728 κέκληνται
330 2689 402 2726 πρὸς
416 2689 563 2723 ἐπίγνωσιν
579 2689 626 2716 τοῦ
643 2689 720 2721 Υίοῦ,
736 2689 771 2715 δι’
783 2689 855 2715 ἀπο-

67 2739 197 2776 καλύψεως
215 2739 268 2766 τοῦ
282 2737 357 2765 Θεοῦ
375 2736 424 2763 καὶ
440 2737 556 2772 Πατρὸς,
568 2736 608 2763 ὅτι
623 2737 689 2772 μηδὲ
702 2734 771 2772 ἦσαν
785 2735 856 2768 ἄξιοι

63 2786 105 2822 τῆς
117 2786 151 2814 δι’
165 2784 253 2814 αὐτοῦ
274 2782 424 2818 σωτηρίας
437 2782 483 2809 καὶ
495 2782 578 2818 ζωῆς.
599 2783 631 2809 Et
647 2782 675 2809 δὲ
687 2782 718 2818 δή
736 2790 778 2814 τις
793 2782 856 2817 βού-

93 2866 214 2896 "Exod.
235 2873 276 2897 ir,
301 2863 350 2890 15.
394 2862 414 2877 ³⁰
439 2861 538 2889 Jerem.
561 2870 578 2894 ι,
593 2862 617 2889 6.

658 2862 692 2877 ”‘
707 2861 727 2889 ll
743 2861 803 2891 Cor.
822 2869 862 2894 In,
880 2861 922 2889 ili.

908 1532 960 1560 bus
984 1532 1089 1565 abesse,
1107 1537 1318 1559 consentaneum
1337 1536 1389 1559 est.
1405 1531 1461 1559 Hoc
1490 1532 1602 1566 proinde
1627 1532 1698 1560 vati-

909 1577 1011 1605 cinium
1029 1577 1146 1605 instituit
1159 1577 1346 1605 universorum
1356 1577 1436 1610 Deus,
1452 1583 1480 1606 et
1491 1578 1570 1613 jubet
1585 1578 1697 1613 prophe-

909 1628 963 1650 tam
975 1623 1134 1652 denuntiare
1146 1624 1213 1651 illis:
1225 1633 1234 1649 ι
1249 1624 1482 1657 Audituaudietis,
1495 1630 1521 1651 et
1532 1632 1584 1651 non
1596 1625 1697 1652 intelli-

909 1671 978 1705 getis
1004 1691 1011 1703 ,
1035 1675 1063 1697 et
1085 1670 1208 1697 videntes
1239 1670 1376 1703 videbitis,
1397 1674 1424 1697 et
1453 1677 1506 1696 non
1531 1670 1666 1697 videbitis.
1685 1679 1694 1695 ι

908 1716 1028 1743 Fuerunt
1044 1717 1115 1743 enim
1136 1716 1186 1750 ipsi
1200 1716 1281 1743 auriti
1302 1721 1394 1749 testes,
1407 1716 1602 1750 auditoresque
1620 1715 1697 1742 vocis

909 1762 1062 1790 Servatoris
1076 1762 1187 1796 ;docuit
1202 1763 1227 1789 in
1250 1763 1406 1798 synagogis,
1430 1761 1558 1789 clamavit
1573 1769 1696 1796 saepenu-

909 1817 983 1837 mero
1010 1808 1214 1844 Hierosolymis,
1239 1816 1271 1836 ac
1286 1809 1397 1842 perinde
1424 1811 1502 1834 erant
1536 1815 1568 1835 ac
1587 1807 1610 1834 si
1629 1807 1696 1834 nihil

908 1856 1020 1883 omnino
1036 1855 1212 1882 audivissent.
1232 1854 1405 1889 Spectatores
1423 1860 1513 1880 rerum
1532 1852 1698 1879 admirabili-

909 1907 949 1929 ter
960 1908 1041 1936 supra
1059 1900 1138 1928 lidem
1159 1905 1294 1935 gestarum
1307 1900 1427 1927 ruerunt.
1445 1899 1609 1933 Spectarunt
1625 1898 1696 1925 enim

908 1947 1033 1982 leprosos
1045 1947 1140 1974 morbo
1152 1946 1293 1979 liberatos,
1308 1945 1464 1972 exsilientes
1478 1944 1598 1977 claudos,
1611 1951 1698 1972 caecos

908 1995 1042 2026 videntes,
1054 1997 1176 2020 mortuos
1196 2000 1212 2020 e
1234 1993 1414 2019 monumentis
1450 1995 1640 2027 resurgentes:
1664 1993 1694 2017 at

908 2041 962 2069 illis
984 2041 1042 2068 hate
1071 2040 1181 2067 minime
1192 2038 1363 2074 profuerunt,
1385 2038 1438 2066 sed
1459 2038 1550 2065 miseri
1575 2037 1698 2064 homines

908 2092 1038 2123 perpetuo
1063 2087 1139 2122 quasi
1157 2085 1246 2113 orbati
1268 2086 1333 2120 ipsis
1343 2085 1430 2112 oculis
1454 2085 1626 2112 exstiterunt.
1642 2083 1697 2110 Hac

908 2133 941 2161 de
955 2140 1036 2161 causa
1048 2140 1113 2160 voce
1132 2136 1288 2160 sanctorum
1301 2131 1403 2167 probro
1419 2131 1473 2158 illis
1486 2131 1608 2162 vertitur,
1626 2129 1697 2164 quod

909 2186 1018 2214 semper
1043 2179 1194 2214 praefracta:
1220 2178 1335 2206 cervicis
1360 2178 1471 2211 iuerint,
1488 2184 1521 2204 ac
1545 2177 1628 2205 corde
1646 2177 1698 2203 itu-

909 2225 1051 2261 morigeri.
1069 2229 1233 2259 sanctosque
1261 2224 1420 2252 occiderint.
1437 2223 1533 2250 Datam
1548 2230 1614 2250 vero
1645 2222 1698 2250 illis

909 2278 969 2299 esse
983 2270 1134 2299 cincitatem
1158 2270 1234 2302 dicit,
1257 2277 1290 2297 ne
1305 2269 1414 2297 videant
1439 2269 1534 2301 oculis,
1562 2273 1590 2296 et
1616 2268 1698 2296 corde

909 2317 1072 2353 intelligant,
1108 2321 1136 2345 et
1157 2320 1360 2348 convertantur.
1387 2320 1415 2350 et
1446 2319 1529 2344 sanet
1540 2321 1598 2343 eos.
1636 2313 1697 2341 Hoc

908 2362 1016 2390 demum
1043 2366 1102 2389 erat
1131 2361 1211 2396 plane
1247 2362 1319 2397 quod
1348 2361 1472 2389 Christus
1496 2360 1564 2389 dixit
1583 2359 1696 2395 his,qni

908 2408 1037 2436 nolebant
1070 2408 1181 2436 credere
1198 2416 1206 2435 :
1226 2417 1235 2434 ε
1252 2408 1292 2436 Ne
1319 2407 1494 2435 murmuretis
1522 2407 1593 2434 inter
1619 2413 1668 2433 vos
1687 2414 1694 2433 :

908 2462 988 2483 nemo
1017 2459 1106 2490 potest
1133 2455 1227 2482 venire
1254 2455 1287 2481 ad
1306 2462 1358 2487 me,
1381 2454 1432 2482 nisi
1451 2453 1530 2481 Pater
1546 2453 1593 2488 qui
1618 2453 1695 2480 misit

909 2509 963 2535 me,
990 2501 1102 2530 traxerit
1121 2508 1183 2529 eum
1206 2501 1241 2527 ³¹.
1257 2511 1267 2527 ι
1285 2500 1317 2528 Ει
1335 2508 1431 2529 rursus
1459 2509 1466 2528 :
1491 2509 1501 2526 ι
1521 2499 1616 2527 Omnis
1650 2499 1696 2534 qui
1724 2529 1728 2532 ,

909 2548 1014 2576 audivit
1028 2556 1043 2575 a
1063 2547 1143 2576 Patre
1156 2552 1184 2576 et
1196 2547 1301 2581 didicit,
1324 2548 1397 2575 venit
1413 2548 1447 2575 ad
1471 2554 1514 2574 me
1529 2547 1563 2573 “.
1576 2556 1586 2573 ι
1603 2545 1697 2580 itaque

909 2595 942 2624 ad
956 2595 1121 2630 agnitionem
1138 2594 1238 2622 Christi
1251 2601 1300 2629 per
1315 2593 1507 2622 revelationem
1524 2593 1571 2620 Dei
1594 2596 1623 2619 et
1647 2592 1697 2620 Pa-

909 2642 959 2670 tris
1000 2641 1089 2670 vocati
1114 2648 1166 2668 non
1194 2645 1269 2674 sunt,
1285 2640 1357 2675 quod
1383 2640 1471 2667 salute
1494 2639 1579 2673 ipsius
1590 2643 1618 2666 et
1639 2638 1694 2665 vita

908 2688 980 2723 digni
1010 2695 1063 2715 non
1092 2692 1181 2715 erant.
1199 2687 1228 2714 Si
1245 2686 1289 2714 cui
1303 2687 1390 2721 placet
1431 2685 1514 2713 alium
1530 2691 1637 2712 sensum
1653 2683 1695 2710 his

908 2734 997 2762 verbis
1010 2741 1157 2770 apponere,
1176 2734 1254 2769 ιιι
1270 2734 1343 2761 hunc
1364 2733 1398 2761 ad
1414 2732 1524 2760 modum
1554 2730 1694 2765 intelliget.

908 2780 1033 2809 Praedicit
1049 2781 1120 2808 enim
1136 2781 1325 2808 universorum
1342 2779 1425 2813 Deus,
1459 2783 1489 2806 ut
1517 2778 1563 2813 qui
1581 2776 1634 2805 scit
1647 2782 1695 2803 oc-

958 2862 978 2877 “
994 2860 1070 2888 Joan.
1085 2868 1123 2891 γι,
1138 2859 1183 2887 Η.
1219 2859 1239 2875 ³²
1257 2859 1321 2887 ibid.
1339 2858 1384 2885 45.
