1887 3054
219 142 269 173 187

713 141 740 169 S.
762 138 897 169 CYRILLI
917 139 1153 168 ALEXANDRINI
1173 138 1334 168 ARCHIEP.
1369 165 1371 170 ι

1804 139 1850 169 188

218 200 291 228 culta
302 204 328 226 et
344 198 445 232 futura,
462 197 563 233 aitque,
579 197 689 224 omnino
705 205 752 226 eos
773 197 889 230 visuros,
907 202 935 226 et
957 205 1001 225 au-

1088 206 1127 223 ιτο
1150 196 1314 233 προσϐαλεῖν
1333 196 1435 232 έτέριρς
1464 195 1525 227 ταῖς
1545 194 1601 222 τῶν
1623 195 1786 231 εἰρημένων
1809 197 1850 223 ὲν-

218 246 335 277 dituros.
360 251 500 272 mansuros
524 248 614 270 autem
635 250 667 270 ac
690 243 711 270 si
727 251 779 271 non
792 243 943 276 audissent,
960 251 1007 271 ne-

219 299 272 326 que
309 290 481 324 contemplati
517 289 642 322 fuissent,
680 290 762 324 idque
796 289 862 324 ipsis
892 295 1004 325 propter

220 337 316 364 mentis
335 344 390 363 sua:
415 335 544 362 malitiam
570 336 705 363 accidere.
719 336 800 364 Addit
815 336 922 368 deimle,
939 337 1002 363 dum

218 382 276 409 haec
301 381 418 413 faciunt,
442 381 498 407 suis
514 381 631 416 ipsorum
652 381 784 416 capitibus
812 382 946 413 insidiari,
976 387 1004 409 et

216 427 372 463 pertinaciae
384 429 479 454 morbo
492 427 656 464 laborantes,
670 435 720 455 nec
737 428 830 455 audire
846 428 925 460 velle,
954 436 1005 456 nec

216 475 308 500 videre
331 481 410 508 posse
429 482 435 501 :
456 483 465 499 t
481 473 520 500 Ne
544 474 652 500 videant
675 475 772 506 oculis,
788 479 815 502 et
829 474 942 501 audiam
956 481 1004 500 au-

217 521 290 548 ribus
303 540 310 553 ,
330 526 358 548 et
379 525 540 548 convertant
553 528 601 553 se,
624 525 651 548 et
674 528 855 548 sauemeosn
871 521 1003 549 Auctore;

216 567 306 600 itaque
334 567 375 594 sui
404 567 524 601 ipsorum
551 567 676 594 interitus
702 567 824 598 fuerunt,
841 574 903 595 cum
921 574 971 595 nec
987 574 1001 594 a

214 613 323 640 Christo
350 618 430 640 acute
454 612 533 640 dictis
560 620 652 639 aurem
679 612 850 644 adhiberent,
877 619 928 640 nec
946 619 1002 640 suae

215 662 313 686 tuentis
338 659 444 686 oculum
467 659 611 694 aperirent.
642 658 670 685 Si
688 659 760 686 enim
791 659 840 686 hoc
864 658 1001 692 fecissent,

215 706 340 733 conversi
363 706 488 738 inissent,
513 710 540 733 et
558 706 580 733 si
593 707 694 733 cultum
708 712 788 740 quem
802 705 922 740 oportuit
939 705 1003 732 rcli-

214 752 350 787 quissi-nt,
375 752 477 778 salvam
499 758 531 777 ac
547 758 641 778 sanam
657 758 733 790 suam
756 755 872 778 mentem
893 758 1004 778 conser-

213 803 333 825 ντιεεριιι.

1058 243 1151 275 νοίαις,
1168 244 1279 279 συνήσει
1293 236 1415 269 τοιῶσδε.
1434 242 1619 278 Προαγορεύει
1635 243 1686 278 μὲν
1698 243 1756 279 γὰρ
1771 244 1786 270 ὁ
1798 245 1851 270 τῶν

1055 289 1123 316 ὅλων
1147 289 1223 321 Θεὸς,
1247 289 1285 321 ὡς
1309 288 1452 324 γινώσκων
1478 289 1513 315 τὰ.
1536 289 1730 324 κεκρυμμένα,
1757 293 1802 316 καὶ
1817 291 1851 316 τὰ

1053 335 1180 370 ἐσόμενα,
1209 335 1256 362 καί
1285 343 1376 371 φησιν,
1403 335 1443 362 ὅτι
1476 335 1564 370 πάντη
1598 344 1629 361 τε
1664 336 1712 362 καὶ
1742 336 1851 367 πάντως

1054 381 1164 416 ὕψονται
1187 381 1237 416 μὲν
1261 381 1309 408 καὶ
1332 381 1509 414 ἀκούσονται,
1527 381 1638 417 μενοῦσί
1661 389 1694 415 γε
1727 381 1783 417 μὴν
1812 382 1851 412 ὡς

1057 427 1128 462 μήτε
1148 426 1308 462 ἀκηκοότες,
1328 427 1401 463 ¹μήτε
1420 427 1616 463 συντιθέμενοι,
1631 427 1679 454 καὶ
1698 427 1782 453 τοῦτο
1798 436 1850 454 πα-

1057 470 1149 504 θόντες
1163 473 1196 499 ὲκ
1218 472 1359 509 μοχθηρᾶς
1379 473 1457 500 αὐτοὶ
1473 473 1523 509 τῆς
1536 473 1606 504 ιδίας
1617 473 1744 509 γνώμης.
1759 474 1850 509 Προσ-

1055 519 1154 553 επάγει
1175 518 1203 545 δὲ
1223 518 1340 551 τούτοις,
1364 519 1405 546 ὄτι
1421 519 1507 546 ταῦτα
1523 519 1640 556 δρῶντες
1656 520 1774 551 ἐκεῖνοι,
1791 521 1851 550 ταῖς

1056 564 1136 596 ἰδίαις
1147 565 1353 592 ἐπιϐουλεύουσι
1367 565 1509 600 κεφαλαῖς.
1524 566 1738 602 Ἠῥρωστήκασι
1754 565 1807 601 γὰρ
1819 566 1852 591 τὸ

1055 610 1194 646 δυσήκοον,
1216 611 1265 638 καὶ
1285 612 1316 639 τὸ
1341 612 1379 647 μὴ
1394 611 1524 639 δύνασθαι
1545 612 1676 648 καθορᾷν,
1700 622 1711 638 t
1728 613 1789 639 Ἵνα
1811 613 1849 648 μὴ

1047 656 1132 692 ,ἴδωσι
1154 658 1210 690 τοῖς
1224 657 1387 693 ὀφθαλμοῖς,
1403 659 1452 685 καὶ
1473 659 1530 690 τοῖς
1554 659 1621 685 ὠσὶν
1634 659 1788 690 ἀκούσωσι,
1802 660 1849 685 καὶ

1056 704 1268 740 ἐπιστρέφουσι,
1286 705 1333 732 καὶ
1353 705 1463 741 ἰάσομαι
1488 704 1599 737 αὐτούς.
1617 715 1627 731 ι
1649 705 1738 732 Αἴτιοι
1761 705 1850 732 τοίνυν

1055 750 1134 777 αὐτοὶ
1148 751 1197 786 τῆς
1214 751 1289 786 σφῶν
1303 751 1393 778 αὺτῶν
1406 751 1554 786 γεγόνασιν
1569 751 1719 783 ἀπωλείας,
1736 751 1807 787 μήτε
1819 751 1850 777 τὸ

1056 794 1103 829 οὖς
1117 796 1287 832 παραθέντες
1305 798 1362 829 τοῖς
1382 797 1457 832 παρὰ
1476 797 1596 833 Χριστοῦ
1617 798 1777 832 λεγομένοις
1791 795 1847 830 ὀξὺ,

214 845 283 880 μήτε
310 844 364 879 μὴν
385 845 432 871 τὸν
455 845 504 880 τῆς
529 845 633 872 ἑαυτῶν
659 844 777 876 διανοίας
801 844 994 880 ἀνευρύνοντες
1027 844 1176 880 ὀφθαλμόν.
1194 845 1226 872 Εί
1244 845 1298 881 γὰρ
1330 845 1409 873 τοῦτο
1435 845 1531 881 ἔδρων,
1550 845 1724 882 ὑπέστρεψαν
1738 845 1784 879 ἂν,
1804 846 1850 873 καὶ

211 890 262 925 τῆς
290 891 464 927 καθηκούσης
486 891 634 927 θεραπείας
653 892 846 927 τετυχηκότες,
873 891 942 918 σῶόν
959 900 991 918 τε
1009 891 1056 919 καὶ
1070 891 1135 926 ὑγιᾶ
1148 891 1192 918 τὸν
1211 892 1315 919 ἑαυτῶν
1329 891 1492 919 διεσώσαντο
1504 891 1577 919 νοῦν.

205 957 208 969 ,
248 937 330 966 Vens.
351 940 396 971 ll,
414 940 457 967 12.
479 939 512 966 Ει
536 941 592 967 ἀεπί
612 948 620 966 ;
638 941 790 974 Quousque,
812 940 941 967 Domine?
966 940 1000 967 Et

1088 940 1140 967 Kal.
1153 938 1232 967 εἶπα·
1241 940 1319 973 Ἕως
1333 941 1416 972 πότε,
1431 940 1531 973 Κύριε;
1544 939 1598 966 Καὶ
1607 937 1785 971 εἷπεν-Ἕως
1799 938 1836 966 ἂν

212 986 280 1013 dixit
300 994 308 1012 :
326 985 413 1013 Donec
424 992 556 1014 vastentur
565 987 650 1020 urbes,
664 992 691 1014 at
703 996 754 1014 non
765 988 798 1014 sit
809 988 852 1022 qui
864 987 1001 1021 inhabitet,

212 1037 237 1060 et
252 1032 354 1065 domus,
369 1038 397 1059 ut
413 1041 463 1060 non
475 1034 526 1060 sint
544 1034 671 1064 homines,
683 1038 706 1060 et
719 1039 788 1060 terra
808 1033 1003 1068 derelinquetur

212 1081 326 1108 deserta.
342 1080 376 1107 Et
391 1086 447 1114 post
464 1082 520 1108 hau:
535 1080 665 1116 elongabit
683 1081 753 1108 Deus
773 1081 901 1115 homines,
919 1086 943 1108 et
956 1082 1002 1109 de-

213 1126 298 1154 relicti
312 1126 557 1161 multiplicabuntur
569 1127 597 1154 in
611 1132 691 1154 terra.

248 1214 398 1242 Verebatur
424 1215 566 1250 propheta,
592 1222 625 1242 ne
642 1220 770 1251 perpetua
794 1222 821 1244 et
836 1217 1000 1251 sempiterna

211 1261 359 1287 excaecaIio
383 1261 554 1288 induceretur
571 1261 709 1288 lsraelitis.
740 1261 855 1296 Ideoque
880 1267 954 1297 rogat
972 1270 1000 1289 ut

211 1310 318 1340 tempus
339 1307 407 1334 sciat
428 1314 482 1341 quo
506 1307 555 1335 hoc
580 1307 699 1334 futurum
726 1314 778 1339 est,
806 1313 834 1335 et
862 1316 1001 1344 quousque

211 1353 386 1386 protrahetur
401 1353 458 1379 haec
479 1353 555 1387 quasi
572 1353 722 1387 mgrotatio.
743 1353 782 1379 Ad
808 1361 868 1388 qua:
891 1361 1001 1388 respon-

212 1399 277 1425 dens
294 1398 372 1427 Deus,
400 1398 577 1425 vastationem
605 1399 724 1432 ipsorum
750 1397 999 1433 Hierosolymorum

212 1444 385 1479 prmnuutiat,
409 1445 530 1478 adeoque
544 1443 675 1471 universa!
695 1443 848 1471 Iudaeorum
870 1445 999 1479 regionis,

211 1495 239 1517 et
251 1490 336 1524 inquit
356 1498 364 1516 :
381 1498 390 1515 I
414 1488 504 1516 Donec
524 1494 662 1516 vastentur
678 1490 770 1521 urbes,
795 1494 825 1516 ut
845 1497 898 1516 non
924 1490 1001 1516 inliu-

211 1535 341 1568 bitenlur,
354 1541 381 1562 et
396 1536 502 1567 domus,
516 1541 544 1562 ut
558 1544 611 1563 non
629 1536 683 1562 sint
699 1535 832 1563 homines.
852 1545 861 1561 ι
879 1535 955 1569 Quod
967 1537 999 1564 ad

210 1585 363 1609 extremum
379 1582 480 1614 evenit,
495 1589 556 1609 cum
574 1582 756 1616 Vespasianus
765 1586 793 1608 et
807 1581 883 1610 Titus
899 1586 998 1610 terram

1053 986 1224 1021 ἐρημωθῶσι
1240 986 1345 1018 πόλεις
1355 985 1436 1020 παρὰ
1452 985 1485 1012 τὸ
1501 985 1544 1020 μὴ
1563 984 1767 1012 κατοικεῖσθαι
1779 1005 1787 1017 ,
1802 984 1849 1010 καί

1053 1028 1137 1063 οἴκοι,
1161 1031 1240 1065 παρὰ
1263 1032 1296 1058 τὸ
1316 1032 1359 1066 μὴ
1381 1029 1457 1058 εἶναι
1475 1031 1670 1065 ἀνθρώπους,
1693 1030 1745 1057 καί
1772 1030 1791 1063 ἡ
1811 1029 1848 1064 τῆ

1053 1076 1323 1110 καταλειφθήσεται
1338 1077 1458 1110 ἕρημος.
1473 1075 1526 1103 Καὶ
1535 1075 1610 1110 μετὰ
1625 1074 1720 1102 ταῦτα
1732 1083 1848 1109 μακρο-

1052 1122 1098 1149 νεῖ
1113 1124 1130 1149 d
1147 1123 1218 1156 Θεὸς
1232 1122 1302 1155 τοὺς
1320 1121 1507 1156 ἀνθρώπους,
1521 1122 1571 1149 καὶ
1590 1123 1618 1149 al
1633 1121 1849 1156 καταλειφθέν-

1052 1177 1102 1201 τες
1119 1169 1389 1202 πληθυνθήσονται
1399 1169 1449 1195 ἐπὶ
1465 1168 1521 1203 τῆς
1531 1168 1598 1203 Τῆς·

1088 1214 1178 1241 Δέδιεν
1193 1215 1207 1241 ὁ
1223 1214 1376 1250 προφήτης,
1393 1214 1431 1250 μὴ
1453 1214 1509 1249 ἄρα
1524 1213 1661 1249 διηνεκὴς,
1685 1213 1734 1240 καὶ
1748 1213 1849 1240 ἀκατά-

1051 1260 1150 1296 ληκτος
1179 1261 1357 1296 ὲπενήνεκται
1382 1261 1438 1292 τοῖς
1465 1260 1496 1292 ἐξ
1521 1259 1627 1296 Ἰσραὴλ
1658 1260 1676 1294 ἡ
1709 1259 1847 1295 πώρωσις.

1051 1306 1146 1342 Ταύτῃ
1166 1314 1206 1332 τοι
1224 1307 1271 1334 καὶ
1288 1306 1429 1342 διαμαθείν
1454 1306 1526 1339 ἀξιοί
1549 1305 1596 1332 τὸν
1614 1306 1722 1341 χρόνον,
1743 1305 1803 1332 καθ’
1820 1306 1849 1331 ὃν

1051 1353 1127 1380 ἔσται
1146 1353 1224 1380 τοῦτο
1243 1354 1346 1385 αὐτοῖς,
1372 1353 1420 1380 καὶ
1444 1353 1526 1389 μέχρι
1546 1352 1617 1383 τίνος
1637 1352 1800 1387 παρατείνει
1820 1352 1848 1378 τὸ

1051 1401 1232 1436 ἀρρώστημα.
1245 1401 1300 1427 Καὶ
1315 1400 1382 1435 πρός
1396 1408 1428 1434 γε
1439 1399 1471 1435 δὴ
1486 1399 1571 1426 ταῦτα
1585 1398 1650 1430 Θεὸς
1667 1398 1847 1433 προαγορεύει

1050 1447 1099 1483 τὴν
1113 1446 1214 1482 δῄωσιν
1228 1446 1318 1473 αὐτῶν
1333 1454 1362 1472 τε
1379 1445 1434 1472 τῶν
1456 1444 1660 1481 Ἰεροσολύμων,
1674 1444 1724 1470 καὶ
1741 1443 1847 1478 ἁπάσης

1050 1493 1099 1528 τῆς
1125 1492 1258 1520 Ἰουδαίων
1281 1491 1382 1527 χώρας,
1405 1491 1450 1518 και
1469 1499 1560 1526 φησιν·
1575 1499 1583 1516 ι
1597 1491 1669 1521 Ἕως
1690 1489 1726 1516 ἂν
1741 1491 1847 1524 ἐρημω-

1051 1538 1117 1565 θῶσι
1143 1537 1234 1569 πόλεις
1260 1537 1337 1572 παρὰ
1364 1537 1394 1563 τὸ
1423 1536 1461 1572 μὴ
1481 1535 1680 1567 κατοικεῖσθαι,
1704 1536 1755 1562 καὶ
1782 1533 1846 1562 aitet

1051 1585 1127 1619 παρὰ
1139 1584 1169 1610 τὸ
1186 1583 1223 1619 μὴ
1239 1581 1308 1610 εἶναι
1324 1582 1492 1618 ἀνθρώπους.
1510 1591 1519 1608 ι
1541 1583 1574 1609 Ὃ
1590 1582 1622 1617 δὴ
1640 1582 1687 1609 καὶ
1703 1582 1745 1614 είς
1763 1582 1845 1617 πέρας

212 1627 361 1661 Iudaicam,
376 1632 436 1662 post
448 1627 601 1655 Servatoris
614 1627 816 1655 cruciﬁxionem
830 1631 859 1655 et
876 1628 903 1655 in
915 1628 1000 1655 ctelos

1088 1630 1218 1665 ϐέϐηκεν,
1242 1629 1447 1656 Οὐεσπασιανοῦ
1478 1638 1508 1656 τε
1532 1629 1581 1656 καὶ
1603 1628 1684 1655 Τίτου
1706 1628 1846 1665 καταδῃω-

212 1674 423 1708 assumptioncut
440 1693 447 1706 ,
462 1674 615 1709 depopulati
634 1679 706 1701 sunt.
729 1673 806 1707 Quod
832 1678 922 1702 autem
943 1675 1000 1702 huic

210 1720 336 1754 supplicii
368 1728 492 1747 mensura
526 1720 765 1754 inobedientibus,
798 1725 827 1747 ut
860 1720 1000 1755 hucusque

210 1765 343 1792 duntaxat
357 1766 504 1800 patiantur,
521 1773 574 1793 non
590 1766 771 1800 adhibebitur,
792 1767 901 1801 etquod
914 1767 941 1794 in
959 1772 1000 1794 to-

211 1817 270 1838 tum
287 1819 347 1838 cum
368 1816 422 1839 tota
438 1812 524 1845 stirpe
540 1820 593 1839 non
609 1813 644 1839 sit
661 1813 798 1847 periturus
813 1813 905 1847 Israel,
917 1814 1001 1849 signi-

211 1857 274 1884 licat
289 1858 382 1885 dit-ens
401 1867 407 1884 :
426 1867 435 1883 t
454 1858 486 1885 Et
497 1864 557 1892 post
573 1859 630 1886 hanc
643 1859 721 1894 longe
735 1859 818 1887 faciet
828 1860 898 1887 Deus
914 1860 1000 1887 homi-

211 1911 269 1936 nes,
286 1909 312 1930 et
325 1904 447 1931 derelicti
462 1905 713 1939 multiplicabuntur
730 1906 758 1934 in
776 1911 859 1933 terra.
878 1915 888 1932 ι
910 1905 1000 1941 Longe

211 1958 275 1977 vero
289 1950 379 1988 (actia
394 1951 446 1978 Deo
469 1951 589 1984 luerunt,
606 1959 666 1979 cum
686 1956 715 1979 ct
736 1957 855 1985 sanctos,
869 1957 896 1980 et
912 1952 999 1987 ipsum

210 2003 292 2029 porro
304 1996 364 2023 vita:
377 1995 523 2031 principem
538 1997 735 2024 interfecerint.
755 1997 806 2031 Qui
829 2005 893 2025 vero
913 1998 998 2025 relicti

210 2043 331 2074 fuerunt,
344 2043 370 2070 id
385 2047 436 2073 est.
450 2043 517 2071 salvi
536 2044 752 2079 acsuperstites,
767 2049 794 2071 et
813 2044 858 2078 qui
880 2045 905 2071 in
921 2044 1000 2072 Chri-

211 2094 282 2115 stum
302 2089 485 2121 crediderunt,
497 2090 543 2122 qui
557 2094 584 2116 et
599 2095 660 2117 sunt
675 2090 796 2124 reliquiae
810 2089 889 2124 112
904 2089 998 2123 Israel,

212 2134 460 2168 multiplicabuntur
480 2142 488 2162 :
510 2136 590 2171 idque
616 2135 643 2162 iu
662 2135 794 2170 principio
812 2135 873 2164 libri
884 2137 999 2171 ipsemet

209 2180 291 2207 etiam
306 2181 400 2208 beatus
413 2181 495 2208 Isaias
510 2181 681 2217 signiﬁcavit,
701 2189 762 2209 cum
785 2182 842 2209 ait:
858 2191 867 2208 ι
895 2182 930 2211 Ει
946 2183 997 2210 nisi

210 2225 339 2253 Dominus
364 2226 483 2254 Sabaoth
511 2226 669 2261 reliquisset
694 2227 774 2255 nobis
798 2234 902 2260 semen,
926 2227 999 2255 velut

208 2271 326 2299 Sodoma
341 2272 404 2300 facti
420 2273 576 2307 fuissemus,
591 2278 617 2301 et
625 2273 783 2301 Gomorrhae
801 2273 905 2301 similes
929 2273 999 2302 fuis-

208 2326 300 2346 semus
317 2319 348 2345 ".
364 2328 374 2345 ι
398 2319 467 2347 Aliis
490 2327 572 2354 porro
599 2311 707 2347 videtur
724 2319 806 2347 etiam
833 2320 912 2347 aliter
940 2320 998 2348 haec

208 2365 290 2391 verba
318 2365 498 2400 intelligenda.
531 2367 673 2399 Quaerente
699 2365 771 2393 enim
805 2366 944 2401 propheta,
970 2370 998 2394 et

207 2409 323 2437 volente
341 2411 412 2438 scire
438 2418 578 2446 quousque
604 2416 632 2440 et
661 2412 780 2446 quandiu
804 2414 1021 2440 ostenderetur-

206 2457 366 2490 excecatio,
384 2458 530 2492 respondet
541 2458 613 2486 Deus
632 2468 639 2486 :
655 2467 665 2484 ι
684 2459 773 2486 Donec
786 2463 929 2487 vastentur
951 2467 997 2487 ur-

209 2503 267 2536 bes,
283 2507 377 2530 utnon
394 2503 559 2536 habitentur,
574 2508 602 2531 et
613 2505 719 2537 domus,
741 2509 770 2531 ut
794 2512 846 2532 non
867 2505 923 2533 sint
948 2505 997 2533 ho-

209 2547 307 2580 mines,
335 2551 363 2574 et
386 2547 506 2582 posthaec
533 2548 668 2584 elongabit
690 2549 761 2577 Deus
781 2550 903 2578 homines
921 2558 928 2577 :
944 2559 954 2576 ι
969 2554 997 2577 ut

209 2594 272 2620 inde
285 2594 527 2622 consummationis
541 2599 647 2630 tempus
672 2595 861 2631 intelligamus.
884 2595 997 2630 Oportet

207 2639 282 2666 enim
299 2639 415 2674 primum
427 2639 497 2667 bella
507 2644 536 2668 et
557 2648 680 2668 rumores
698 2640 830 2668 bellorum
846 2641 950 2674 audire,
970 2643 998 2668 et

208 2690 317 2719 gentem
329 2685 356 2712 in
369 2690 489 2720 gentem,
503 2691 530 2715 et
541 2695 652 2722 regnum
666 2693 761 2716 contra
777 2695 889 2724 regnum
909 2688 998 2716 insur-

207 2739 285 2768 gere,
299 2736 327 2760 et
339 2733 421 2761 urbes
443 2741 474 2763 ac
497 2735 591 2763 domos
614 2735 725 2764 vastari.
752 2735 856 2764 Deinde
877 2734 915 2762 ita
940 2734 998 2763 fore

209 2783 267 2805 tum
282 2778 373 2812 finem,
387 2788 441 2816 quo
458 2781 536 2818 longe
551 2782 614 2811 facti
630 2788 692 2810 sunt
715 2781 849 2815 homines,
872 2781 998 2816 deinceps

247 2858 267 2873 ³³
298 2862 347 2890 lsa.
364 2871 383 2897 ι,
407 2866 433 2892 'J.

1052 1677 1155 1703 σάντων
1168 1677 1217 1710 τὴν
1233 1676 1363 1702 Ἰουδαίαν
1377 1675 1446 1710 μετὰ
1458 1674 1504 1701 τὸν
1518 1673 1565 1702 τοῦ
1577 1674 1703 1710 Σωτῆρος
1720 1673 1845 1709 σταυρὸν,

1051 1721 1099 1748 καὶ
1113 1721 1246 1756 ἀνάληψιν
1264 1722 1314 1756 τὴν
1328 1722 1366 1753 είς
1380 1721 1521 1756 οὐρανούς.
1541 1721 1602 1747 Ὅτι
1613 1720 1641 1746 δὲ
1657 1720 1688 1746 οὺ
1708 1720 1792 1756 μέχρι
1802 1719 1846 1746 τοῦ

1050 1767 1136 1794 ταῦτα
1148 1768 1255 1798 παθεῖν,
1269 1767 1507 1803 ὲκμετρηθήσεται
1522 1767 1578 1798 τοϊς
1595 1765 1757 1792 ἀπειθοῦσιν
1774 1767 1790 1800 ἡ
1804 1765 1846 1792 x6-

1052 1812 1139 1844 λασις,
1168 1812 1231 1838 οὔτε
1252 1812 1305 1848 μὴν
1318 1812 1358 1844 είς
1370 1812 1443 1839 ἅπαν
1456 1812 1538 1847 ἧγουν
1552 1811 1691 1847 ὁλὸῤῥιζος
1711 1811 1726 1837 ὁ
1742 1809 1846 1846 Ἰσραὴλ

1050 1859 1202 1894 οἰχήσεται,
1214 1858 1384 1894 καταμηνύει
1397 1858 1494 1892 λέγων·
1514 1867 1523 1884 ι
1542 1858 1598 1885 Καὶ
1612 1856 1681 1892 μετὰ
1694 1856 1785 1883 ταῦτα
1798 1865 1847 1892 μα-

1051 1906 1146 1941 κρυνεῐ
1167 1906 1181 1932 ὁ
1202 1905 1267 1937 Θεὸς
1286 1905 1349 1937 τοὺς
1361 1904 1531 1941 ἀνθρώπους,
1547 1904 1594 1931 καὶ
1607 1904 1633 1930 οἱ
1651 1903 1846 1938 καταλειφθέν⁴

1050 1960 1105 1983 τες,
1124 1951 1361 1986 πληθυνθήσονται
1377 1951 1424 1978 ἐπὶ
1434 1951 1484 1987 τῆς
1501 1951 1562 1986 γῆς.
1585 1959 1594 1976 ι
1619 1949 1849 1986 Ἐμακρύνθησαν

1051 1996 1101 2031 μὲν
1118 1996 1171 2032 γὰρ
1185 1996 1239 2023 ἀπὸ
1255 1995 1333 2029 Θεοῦ,
1347 1996 1395 2023 καὶ
1408 1995 1502 2030 ἁγίους
1513 1995 1704 2027 ἀπεκτονότες,
1719 1995 1845 2031 προσθέν-

1049 2051 1094 2074 τες
1110 2042 1139 2069 δὲ
1153 2042 1199 2068 τὸν
1216 2042 1336 2078 ἀρχηγὸν
1352 2043 1402 2078 τῆς
1417 2041 1498 2077 ζωῆς.
1517 2042 1550 2068 Ol
1565 2041 1593 2068 δὲ
1608 2040 1640 2077 δὴ
1652 2041 1847 2075 καταλειφθέν-

1049 2096 1105 2120 τες,
1125 2088 1197 2114 τοῦτ’
1214 2087 1298 2120 ἐστιν,
1317 2088 1342 2114 οἱ
1362 2087 1605 2124 περισεσωσμένοι,
1625 2087 1674 2114 καὶ
1695 2095 1845 2113 πεπιστευ-

1049 2135 1126 2167 κότες
1147 2135 1187 2166 εἰς
1210 2134 1340 2170 Χριστὸν,
1359 2134 1383 2161 οἳ
1408 2134 1455 2161 καί
1480 2134 1533 2160 εἰσι
1553 2133 1584 2160 τὺ
1604 2133 1784 2168 κατάλειμμα
1801 2132 1845 2159 τοῦ

1055 2179 1174 2216 Ἰσραὴλ,
1186 2180 1215 2206 ὲν
1226 2179 1322 2215 πολλῇ,
1332 2179 1425 2214 φησὶν,
1436 2178 1544 2205 ἔσονται
1555 2177 1666 2213 πληθύῖ.
1677 2178 1846 2204 [Ιεπίστευκε

1049 2226 1103 2261 γὰρ
1120 2225 1149 2251 οὺ
1175 2224 1262 2261 βραχὺ
1282 2224 1364 2260 μέρος
1381 2223 1427 2251 τοῦ
1450 2223 1569 2260 Ἰσραὴλ,
1591 2223 1638 2250 καὶ
1656 2223 1739 2250 τοῦτο
1755 2224 1784 2250 ἐν
1799 2224 1845 2258 ἁρ-

1051 2272 1112 2306 χαϊς
1139 2270 1186 2298 τοῦ
1210 2270 1313 2306 βιϐλίου
1342 2270 1389 2297 καὶ
1406 2270 1487 2301 αὐτὸς
1508 2271 1522 2297 ὁ
1544 2269 1681 2305 μακάριος
1703 2270 1845 2306 προφήτης

1055 2317 1169 2350 Ἡσαΐας
1193 2318 1345 2353 μεμήνυκε,
1368 2317 1465 2351 λέγων·
1484 2326 1493 2342 ι
1507 2315 1562 2343 Καὶ
1577 2317 1602 2342 εί
1623 2316 1660 2351 μὴ
1674 2315 1780 2351 Κύριος
1796 2316 1846 2342 Σα-

1049 2363 1123 2391 ϐαὼθ
1142 2363 1322 2398 ἐγκατέλιπεν
1342 2363 1408 2398 ἡμῖν
1424 2362 1545 2398 σπέρμα,
1563 2362 1600 2393 ὡς
1613 2361 1720 2397 Σόδομα
1740 2361 1774 2388 ἂν
1789 2362 1847 2396 ὲγεο

1048 2409 1181 2444 νήθημεν,
1191 2409 1238 2435 καὶ
1250 2408 1288 2440 ὡς
1301 2408 1428 2444 Γομόρρα
1445 2407 1478 2434 ἂν
1490 2405 1682 2442 ὡμοιώθημεν.
1704 2416 1714 2433 ι
1724 2408 1806 2433 Δοκεῖ
1821 2407 1847 2433 δέ

1048 2464 1104 2482 τισι
1120 2455 1166 2482 καὶ
1181 2454 1281 2490 ἑτέρως
1295 2455 1365 2480 νοεῖν
1380 2453 1434 2480 τῶν
1450 2453 1638 2489 προκειμένων
1654 2452 1703 2488 τὴν
1720 2453 1845 2488 δύναμιν.

1049 2503 1239 2538 Διερωτῶντος
1253 2500 1281 2527 δὲ
1295 2500 1342 2527 τοῦ
1359 2500 1511 2536 προφήτου,
1522 2499 1570 2526 καὶ
1582 2499 1735 2534 ἀναμαθεω
1748 2499 1846 2525 ἐθέλον-

1049 2557 1095 2580 τος
1110 2549 1150 2579 είς
1166 2548 1227 2574 τίνα
1243 2547 1291 2573 καὶ
1306 2546 1389 2573 πόσον
1403 2545 1585 2580 ἐκταθήσεται
1600 2545 1696 2580 καιρὸν
1718 2546 1736 2580 ἡ
1750 2545 1846 2580 πώρω-

1050 2603 1102 2626 σις,
1126 2593 1303 2629 ἀποκρίνεται
1320 2592 1404 2624 Θεός·
1426 2601 1435 2618 ι
1455 2592 1528 2624 Ἕως
1551 2590 1585 2619 ἂν
1606 2591 1792 2626 ἐρημωθῶσιν
1820 2592 1845 2617 αἱ

1050 2640 1152 2672 πόλεις,
1165 2639 1242 2675 παρὰ
1251 2639 1281 2666 τὸ
1301 2638 1338 2674 μὴ
1354 2637 1551 2671 κατοικεῖσθαι,
1570 2638 1616 2664 καὶ
1631 2634 1713 2669 οἴκοι,
1729 2637 1806 2673 παρά
1819 2637 1846 2663 τὸ

1052 2687 1089 2723 μὴ
1111 2684 1180 2714 εἶναι
1201 2685 1378 2722 ἀνθρώπους,
1405 2685 1452 2712 καὶ
1468 2685 1537 2720 μετὰ
1571 2683 1658 2713 ταῦτα
1676 2685 1813 2720 μακρυνεῖ
1833 2683 1845 2708 ό

1050 2735 1115 2766 Θεὸς
1127 2734 1188 2765 τοὺς
1199 2731 1368 2768 ἀνθρώπους·
1382 2741 1391 2758 ι
1405 2731 1449 2759 ἴνα
1460 2731 1505 2759 διὰ
1512 2731 1607 2758 τούτου
1623 2731 1729 2766 νοῶμεν
1739 2730 1785 2757 τὸν
1797 2729 1845 2765 τῆς

1052 2779 1206 2811 συντελείας
1222 2778 1327 2814 καιρόν.
1344 2779 1390 2805 Δεῖ
1402 2777 1456 2814 γὰρ
1471 2777 1603 2814 πρότερον
1617 2777 1754 2813 πολέμους
1773 2777 1845 2812 ἡμᾶς
