1887 3054
199 134 248 163 θοι

694 136 722 164 S.
741 135 881 164 CYRILLI
900 136 1138 166 ALEXANDRINI’
1153 137 1312 167 ABCBIEP.

1781 136 1834 166 192

197 200 264 221 vero
280 198 333 221 tam
351 193 479 222 miserum
495 199 535 221 est
547 198 574 220 et
592 198 644 221 tam
659 193 844 229 proculcatum
865 202 896 222 ac
916 202 980 222 con-

1072 202 1107 231 σῃ
1126 195 1157 222 ὲκ
1175 195 1223 230 τῆς
1247 195 1315 227 ιδίας
1335 195 1440 227 καλιᾶς,
1457 194 1528 222 οὕτω
1543 195 1589 222 καὶ
1605 194 1752 230 ἄνθρωπος
1767 194 1830 221 ὅταν

200 239 357 274 temptibile,
373 248 451 275 quam
470 239 591 267 homines
604 240 630 266 in
648 247 755 267 manum
774 241 884 268 victoris
904 241 974 268 inci-

1071 241 1191 278 οσπασθῇ
1204 243 1236 268 ὲκ
1250 241 1303 269 τῶν
1319 242 1392 269 ίδίων
1407 242 1507 269 τόπων.
1529 252 1539 268 ι
1552 242 1585 268 Τί
1601 242 1656 277 γὰρ
1670 241 1704 268 ἂν
1723 240 1832 275 γένοιτο

199 286 262 313 dere
271 285 284 312 ἵ

1035 287 1090 314 τῶν
1117 288 1147 313 ὲν
1169 287 1343 323 αἰχμαλωσίᾳ
1367 288 1397 314 τὸ
1419 288 1609 324 οἱκτρότερον;
1637 287 1670 314 Τί
1694 286 1726 314 δὲ
1743 284 1831 317 οὕτως

198 329 312 357 ἐλεεινὸν
329 330 375 356 καὶ
390 330 592 366 πεπατημένον,
610 331 648 363 ὡς
661 330 821 366 ἀνθρώπους
834 331 888 358 ὑπὸ
907 332 986 366 χεῖρα
1000 333 1093 358 πεσεῖν
1108 332 1162 358 τῶν
1179 332 1407 368 κεκρατηκότων;

232 377 295 403 CAP.
313 376 371 405 νη,
383 385 456 403 vsns.
475 377 499 403 l.
513 377 545 404 Et
563 378 661 411 facmm
676 382 712 404 est
733 378 758 404 in
776 378 867 404 diebus
883 378 982 404 Achazi

196 422 246 455 ﬁlii
262 421 397 453 Jaallmm,
411 422 461 456 ﬁlii
475 422 546 449 Ozia:
560 423 627 457 regis
642 422 732 456 lude,
745 424 863 450 ascendit
878 423 981 451 Rham-

196 475 242 493 son
258 475 302 493 rex
319 466 415 501 δεμνίων,
432 473 456 494 ει
475 467 577 495 lecee
587 469 657 502 ﬁlius
674 468 797 496 Romeliw
817 477 864 496 rea;
886 469 981 502 Israel,

195 511 440 539 contrulerusalem
456 513 489 539 ad
507 513 677 540 obsidendum
695 522 763 547 eam,
778 519 800 541 et
818 522 870 540 non
891 519 983 548 pome-

195 561 254 583 runt
272 565 421 592 expugnare
438 566 505 585 eam.

229 601 279 634 Qui
301 603 327 629 in
349 601 498 637 Scripturis
521 604 649 631 divinitus
675 604 814 639 iuspiratis
839 605 980 633 historiam

195 653 225 673 ut
241 654 297 674 rem
310 647 434 675 frivolam
459 649 609 683 repudiauit,
633 650 745 685 fugiunt,
766 655 795 677 ut
815 651 930 684 videtur,
949 660 981 678 co

195 701 248 726 quo
262 694 339 721 decet
355 695 444 728 modo,
466 703 497 722 ea
515 703 575 730 quae
590 697 617 723 in
639 697 703 731 ipsis
716 697 817 731 scripta
845 703 917 731 sum,
941 698 978 725 in-

196 739 324 773 telligere.
338 739 492 774 Speculalio
506 741 577 768 enim
589 741 732 776 spiritalis,
747 749 806 777 quae
818 743 887 770 bona
898 748 940 770 est
955 748 982 771 et

196 785 280 816 utilis,
296 790 324 813 et
345 785 527 821 intelligentiae
550 787 642 815 oculos
665 787 783 815 maxime
811 788 981 823 collustrans,

196 830 398 858 cortlatissimos
420 832 528 867 quidem
553 832 647 867 ellicit;
665 835 772 870 quando
789 834 869 871 ιιι
893 839 981 863 autem

195 875 296 910 aliquid
318 877 447 905 historice
468 883 573 913 gestum
596 887 637 907 ex'
655 880 741 908 sacris
768 880 878 908 Litteris
905 881 982 909 nobis

195 920 317 955 allertur,
343 928 405 951 tunc
439 923 510 951 illam
544 933 604 960 qua:
633 933 666 953 ex
698 926 810 954 historia
835 927 979 955 utilitatem

1072 378 1127 405 Kal
1145 377 1263 413 ἐγένετο
1277 379 1312 406 ἐν
1326 379 1390 410 ταῖς
1401 378 1524 413 ἠμέίαις
1538 376 1629 412 Ἄχαζ
1636 377 1690 404 τοῦ
1711 377 1832 410 Ἰωαθάμ

1035 425 1089 452 τοῦ
1106 425 1174 452 υίοῦ
1196 424 1286 455 ὈζἹου
1300 424 1453 458 βασιλέως
1475 424 1578 455 Ἰούδα,
1602 423 1694 457 ἀνέϐη
1725 423 1832 450 Ῥαασ-

1036 471 1101 498 σὼν
1113 471 1263 503 ,βασιλεὺς
1279 472 1405 506 trp/ac,
1420 470 1470 497 καὶ
1485 469 1580 497 dianae"
1592 469 1656 502 υἱὸς
1678 469 1832 502 Ῥομελία·

1034 517 1185 549 ,βασιλεὺς
1202 516 1320 550 Ἰσραὴλ
1351 516 1400 543 ἐπὶ
1431 515 1625 550 Ἰερουσαλὴμ
1656 514 1832 548 πολεμῆσαι

1035 563 1142 597 αὐτὴν,
1157 563 1206 590 καὶ
1223 564 1278 590 οὐκ
1292 562 1491 596 ἠδυνήθησαν
1505 560 1709 596 πολιορκῆσαι
1723 561 1831 594 αὑτήν.

1071 610 1102 636 Οί
1121 608 1169 644 τὴν
1191 609 1220 635 ὲν
1233 610 1292 640 ταῖς
1310 608 1500 640 θεοπνεύστοις
1517 608 1638 644 Γραφαῖς
1654 606 1778 642 ίστορίαν
1793 605 1833 638 ὡς

1035 654 1118 680 ἕωλον
1142 653 1365 689 παραιτούμενοι,
1389 653 1520 688 φεύγουσι
1544 652 1616 679 κατὰ
1644 651 1675 678 τὸ
1698 650 1775 682 εἰκὸς
1800 649 1833 676 τὸ

1035 699 1105 725 νοεῖν
1126 697 1266 729 δύνασθαι,
1286 697 1348 724 καθ’
1363 698 1392 724 6v
1405 698 1538 732 προσήκει
1552 696 1662 732 τρόπον,
1680 696 1716 722 τὰ
1736 696 1766 722 ιν
1780 695 1830 722 αὺ-

1034 745 1090 775 τοῖς
1103 743 1293 779 γεγραμμένα.
1314 743 1420 779 Θεωρία
1436 743 1486 778 μὲν
1500 743 1555 777 γὰρ
1572 741 1746 778 πνευματικὴ
1760 741 1830 777 καλή

1035 798 1064 816 τε
1079 790 1126 816 καὶ
1142 789 1313 825 ὀνησιφόρος,
1331 790 1378 816 καὶ
1395 789 1444 824 τῆς
1457 789 1576 820 διανοίας
1587 788 1633 814 τὸν
1646 787 1789 822 ὀφθαλμὸν
1799 784 1831 814 εὖ

1037 835 1108 871 μάλα
1142 835 1411 871 καταλαμπρύνουσα
1437 834 1663 869 νουνεχεστάτους
1690 831 1829 862 ἀποτελει.

1036 883 1121 909 Ὅταν
1140 882 1169 909 δέ
1191 891 1216 910 τι
1232 882 1290 909 τῶν
1319 882 1462 918 ἱστορικῶς
1489 881 1694 916 πεπραγμένων
1716 879 1762 906 διὰ
1776 879 1832 905 τῶν

1037 929 1118 964 ίερῶν
1133 929 1198 964 ἡμῖν
1209 927 1383 963 Γραμμάτων
1397 927 1569 962 είσφέρηται,
1581 927 1643 953 τότε
1665 925 1698 961 δὴ
1719 925 1782 951 τότε
1800 925 1831 950 τὸ

196 968 327 1002 nascitur,
349 971 476 1005 aucupari
497 971 585 1004 decet,
608 977 638 1000 ut
656 972 826 1007 Scripturam
851 973 980 1002 divinitus

1095 973 1143 1008 τῆς
1171 973 1292 1008 ἱστορίας
1317 973 1452 1008 χρήσιμον
1478 970 1612 1007 θηρᾶσθαι
1639 970 1751 1006 πρέπει,
1787 970 1832 996 ἕνα

196 1013 355 1048 inspiratam
372 1019 550 1052 undecunque
562 1025 611 1045 nos
624 1024 650 1046 et
660 1027 770 1048 servare
785 1025 812 1048 et
823 1019 919 1055 juvare
934 1028 982 1055 ap-

195 1065 298 1094 pareat.
325 1061 440 1090 Enarrat
464 1064 556 1099 itaque
582 1065 659 1092 nobis
683 1065 757 1093 hisce
779 1066 869 1093 verbis
894 1073 984 1094 sermo

196 1107 380 1140 propheticus,
393 1115 453 1143 qua
462 1113 583 1144 tempore
595 1111 669 1146 regni
686 1111 758 1139 Ozias
774 1112 896 1140 tribubus
913 1112 982 1141 Juda

196 1157 222 1177 et
238 1152 387 1187 Benjamin,
404 1154 550 1190 decemque
561 1156 685 1184 tribubus
696 1158 722 1184 in
734 1157 870 1191 Samaria,
886 1166 945 1193 quae
956 1165 983 1187 et

197 1197 324 1231 I‘Jpltraim
342 1200 552 1229 nominabantur
566 1207 594 1229 et
608 1202 703 1237 lsrael,
720 1204 903 1239 contigerunt.
915 1204 982 1232 Cum

197 1249 261 1270 vero
273 1248 390 1278 quatuor
402 1253 494 1280 regum
525 1249 690 1282 temporibus
716 1249 841 1276 universa
865 1250 983 1285 prophe-

199 1288 242 1314 tia:
265 1289 353 1316 oratio
380 1290 471 1318 habita
496 1292 542 1325 sit,
564 1300 624 1327 quae
645 1294 780 1329 sigillatim
812 1296 981 1330 contingunt,

196 1333 272 1366 ponit
295 1335 436 1370 propheta,
455 1337 641 1374 signiﬁcatque
668 1341 834 1374 necessario,
860 1341 983 1369 ordinem

196 1380 262 1407 visis
288 1385 369 1416 atque
397 1384 569 1412 sermonibus
600 1385 657 1412 suis
688 1386 818 1421 optimum
841 1387 982 1422 adhibens.

198 1425 328 1454 Defuncto
344 1428 424 1462 igitur
446 1429 554 1462 Azaria,
579 1430 624 1464 qui
647 1435 675 1458 et
697 1431 786 1464 Ozias,
817 1433 936 1460 succedit
957 1434 983 1460 in

198 1478 309 1506 regnum
324 1471 462 1507 Joatbam,
474 1481 640 1510 scopumque
653 1483 684 1503 ac
705 1476 826 1504 instituta
843 1478 928 1512 patris
942 1479 982 1505 sui

197 1522 356 1550 persecutus
367 1523 417 1546 cst.
439 1519 541 1547 Dicitur
559 1521 657 1556 quippe
671 1526 698 1549 et
715 1523 772 1557 ipse
786 1523 812 1550 in
826 1523 912 1551 oculis
936 1523 984 1551 Do-

198 1562 263 1589 mini
280 1562 376 1592 fecisse
391 1569 505 1598 rectum,
519 1567 744 1600 quemadmodum
764 1575 791 1595 et
809 1568 906 1603 Ozias;
934 1578 982 1597 ve-

199 1616 257 1636 rum
277 1609 382 1638 excelsa
398 1619 449 1638 non
462 1612 583 1645 sustulit,
598 1614 645 1640 sed
661 1615 808 1642 etiamnum
824 1617 939 1650 populus
955 1617 981 1644 in

1034 1018 1203 1053 πανταχόθεν
1217 1018 1292 1053 ἡμᾶς
1311 1018 1328 1053 ἡ
1346 1017 1524 1048 θεόπνευστος
1540 1016 1636 1051 Γραφὴ
1655 1015 1784 1047 σώζουσά
1799 1023 1829 1041 τε

1034 1065 1080 1091 καὶ
1092 1064 1235 1099 ὠφελοῦσα
1249 1064 1389 1099 φαίνηται.
1409 1064 1567 1098 Ἀφηγεῖται
1577 1063 1667 1089 τοίνυν
1686 1063 1701 1088 6
1720 1070 1828 1096 προφη-

1033 1110 1109 1142 τικδς
1122 1111 1186 1145 ἡμῖν
1201 1110 1230 1136 ὲν
1241 1109 1347 1139 τούτοις
1363 1109 1442 1143 λόγος
1457 1108 1490 1135 τὰ
1509 1109 1539 1135 έν
1556 1109 1661 1143 καιροῖς
1671 1108 1722 1142 τῆς
1741 1106 1830 1138 Ὀζίου

1035 1156 1173 1192 βασιλείας
1191 1164 1222 1182 συ
1227 1155 1383 1191 μὸεδηκότα
1395 1157 1451 1186 τοῖς
1464 1154 1494 1187 ἐξ
1508 1154 1592 1181 Ἰούδα
1608 1154 1655 1180 καὶ
1670 1153 1828 1188 Βενιαμεὶν,

1034 1202 1081 1229 καὶ
1096 1203 1155 1234 ταῖς
1168 1202 1196 1228 ὲν
1206 1203 1239 1237 τῇ
1252 1201 1394 1236 Σαμαρείᾳ
1406 1201 1470 1227 δέκα
1483 1199 1589 1234 φυλαῖς,
1606 1199 1634 1226 αἳ
1645 1199 1693 1225 καὶ
1707 1198 1829 1233 Ἑφραῖμ

1034 1248 1217 1283 ὠνομάζοντο,
1236 1247 1282 1274 καὶ
1297 1247 1347 1281 μέν
1362 1255 1402 1272 τοι
1417 1246 1464 1273 καὶ
1480 1245 1599 1281 Ἰσραήλ.
1624 1244 1734 1279 Ἐπειδὴ
1756 1244 1785 1270 δὲ
1799 1244 1829 1270 ἐν

1035 1294 1140 1329 καιροῖς
1148 1292 1291 1328 τεσσάρων
1303 1291 1434 1326 βασιλέων
1447 1292 1461 1317 6
1473 1290 1582 1326 σύμπας
1595 1290 1644 1325 τῆς
1656 1289 1827 1325 προφητείας

1034 1340 1130 1374 γέγονε
1139 1339 1227 1374 λόγος,
1238 1338 1272 1365 τὰ
1285 1339 1314 1365 ὲν
1328 1339 1384 1369 τοῖς
1397 1337 1512 1364 ἑκάστου
1525 1337 1629 1372 καιροῖς
1639 1335 1827 1371 συμϐαίνοντα

1033 1385 1140 1421 τίθησιν
1159 1386 1174 1411 6
1191 1385 1343 1420 προφήτης,
1364 1384 1412 1411 καὶ
1428 1383 1583 1417 ἀναγκαίως
1602 1381 1826 1416 ἐπισημαίνεται,

1034 1431 1110 1464 τάξιν
1136 1432 1195 1463 ταῖς
1218 1429 1357 1466 δράσεσιν,
1380 1430 1439 1465 ἦτοι
1467 1430 1525 1461 τοῖς
1547 1427 1645 1455 ἑαυτοῦ
1669 1427 1760 1461 λόγοις
1778 1427 1827 1462 τὴν

1034 1476 1149 1511 ἀρίστην
1163 1475 1300 1506 ἐπιτιθείς.
1316 1473 1468 1506 Τεθνεῶτος
1479 1472 1623 1509 τοιγαροῦν
1639 1472 1768 1507 Ἀζαρίου
1781 1472 1827 1498 καὶ

1033 1521 1080 1547 τοῦ
1104 1521 1203 1554 Ὀζίου,
1222 1520 1372 1556 διαδέχεται
1391 1519 1440 1555 τὴν
1459 1519 1596 1554 βασιλείαν
1617 1518 1741 1550 Ἰωαθὰν,
1764 1518 1826 1552 ἡκο-

1033 1567 1148 1603 λούθησέ
1174 1576 1203 1594 τε
1227 1567 1266 1603 τῷ
1284 1567 1387 1602 σκοπῷ,
1410 1566 1456 1593 καὶ
1477 1567 1533 1597 τοῖς
1556 1564 1758 1599 ἐπιτηδεύμασι
1780 1564 1826 1590 τοῦ

1035 1614 1101 1641 ῑδίου
1116 1614 1227 1650 πατρός.
1249 1613 1363 1647 Λέγεται
1379 1612 1428 1648 μὲν
1445 1612 1499 1647 γὰρ
1514 1611 1561 1638 καὶ
1574 1611 1656 1642 αὐτὸς
1677 1611 1707 1638 ὲν
1727 1610 1827 1645 ὀφθαλ-

199 1655 314 1683 excelsis
342 1656 478 1687 adolebat.
508 1658 541 1686 Et
566 1659 646 1687 Ozias
672 1660 778 1694 quidem
807 1667 906 1695 praeter
943 1663 980 1690 fas

1071 1661 1096 1691 ῖς
1106 1659 1209 1694 Κυρίου
1224 1659 1336 1694 ποιῆσαι
1350 1659 1379 1685 τὸ
1391 1658 1479 1690 εῠθὲς,
1494 1657 1565 1684 καθὰ
1578 1658 1625 1684 καὶ
1639 1657 1742 1690 Ὀζίας,
1758 1657 1827 1692 πλὴν

198 1707 306 1727 sacrum
320 1708 418 1729 munus
429 1702 534 1735 ambiit,
552 1707 579 1730 et
599 1704 698 1732 olferre
715 1705 823 1733 incensa
840 1714 984 1742 aggressus

199 1750 250 1778 est,
265 1750 292 1772 et
304 1753 363 1773 eam
378 1748 412 1774 ob
428 1755 535 1774 causam
557 1748 629 1782 lepra
651 1749 764 1778 alfectus
786 1756 839 1778 est.
858 1751 983 1780 Juatham

198 1795 352 1819 autemnon
367 1793 416 1820 sic.
437 1792 583 1828 Postquam
598 1800 624 1822 et
640 1795 684 1822 ille
703 1796 845 1831 migrasset
867 1805 882 1824 e
904 1798 982 1831 vivis,

197 1837 360 1873 subrogatur
378 1839 403 1866 in
421 1846 531 1875 regnum
546 1840 680 1873 Achazus,
700 1842 872 1876 imperitante
895 1844 984 1872 adhuc

198 1883 336 1917 lsraelitis,
351 1885 377 1912 id
395 1889 446 1919 est,
469 1886 560 1914 decem
581 1887 716 1921 tribubus,
733 1887 840 1916 Phacee
859 1890 913 1917 lilio
930 1889 984 1917 Ro-

198 1929 296 1958 mclize.
314 1929 362 1957 Hic
374 1931 471 1958 bellum
484 1937 576 1960 contra
587 1933 723 1961 Achazum
741 1939 768 1962 et
780 1933 875 1963 Iudam
890 1937 983 1969 movit,

198 1980 225 2002 et
238 1983 292 2003 uno
305 1977 347 2004 die
359 1982 464 2004 centum
481 1979 573 2014 viginti
588 1979 671 2007 millia
687 1981 833 2009 interemit.
858 1981 984 2010 lrritatus

198 2027 242 2050 est
262 2024 332 2051 enim
365 2025 549 2054 universitatis
577 2027 659 2060 Deus,
691 2033 802 2063 propter
830 2029 982 2064 impietates

197 2068 309 2103 Achazi,
332 2070 364 2098 de
381 2078 433 2105 quo
463 2073 593 2107 scriptum
627 2078 669 2101 est
694 2079 791 2108 quarto
817 2073 982 2109 Regnorum,

198 2116 269 2149 quod
285 2115 310 2143 in
331 2116 373 2143 via
391 2118 461 2152 regis
473 2118 555 2146 lsrael
575 2119 730 2147 ambularit.
754 2120 818 2148 Erat
840 2121 912 2149 enim
942 2122 985 2148 vir

199 2161 306 2196 impius,
319 2165 346 2189 et
362 2163 497 2191 serviebat
511 2165 601 2198 idolis,
617 2171 643 2193 et
653 2166 752 2193 liberos
761 2174 824 2194 suos
832 2174 880 2201 per
895 2167 983 2202 ignem

197 2207 327 2241 traduxit,
344 2209 490 2237 immundis
503 2210 671 2239 daemonibus
685 2212 852 2240 sacrificans.
869 2212 985 2248 Tempo-

198 2253 271 2280 ribus
283 2253 374 2288 itaque
389 2254 472 2289 ipsius
491 2257 577 2292 regni,
595 2261 621 2284 et
638 2257 696 2291 ipse
714 2257 818 2285 Phacee
840 2258 911 2286 ﬁlius
927 2258 980 2286 Ro-

197 2298 292 2332 meliae,
305 2304 331 2326 et
345 2299 484 2328 Rhaasson
498 2309 544 2329 rex
556 2302 648 2335 Aram,
665 2302 691 2329 id
713 2307 757 2330 est
777 2302 872 2338 Syriae,
889 2308 983 2331 contra

196 2343 381 2382 Hierosolyma
413 2352 441 2375 et
461 2347 528 2375 Juda
557 2348 762 2383 conspirarunt,
797 2355 983 2384 veneruntque

196 2391 388 2426 populabundi.
412 2393 509 2421 Verum
524 2401 576 2420 non
591 2399 719 2428 ceperunt
735 2394 840 2422 urbem.
858 2395 983 2422 Achazus

197 2442 297 2471 autem,
313 2438 520 2474 impressionem
535 2439 729 2467 intolerabilem
740 2446 873 2472 metuens,
884 2448 982 2468 acervo

196 2485 369 2516 pecuniarum
388 2492 486 2518 magno
506 2490 648 2520 congesto,
677 2485 710 2513 ad
736 2485 981 2522 Theglaphasarum

196 2536 284 2564 regem
308 2531 481 2566 Assyriorum
503 2531 604 2566 legatos
623 2531 714 2565 mittit,
743 2539 841 2567 rogans
868 2539 897 2560 ut
918 2534 983 2561 velit

195 2575 246 2602 sibi
264 2576 384 2603 subsidio
413 2584 484 2609 esse,
509 2581 592 2611 utque
611 2582 704 2604 contra
732 2576 871 2605 Rbaassou
904 2585 979 2605 arma

195 2622 293 2657 capiat.
306 2622 381 2655 Quod
393 2623 473 2650 etiam
493 2623 525 2650 ad
539 2623 639 2651 exitum
653 2623 811 2658 perductum
826 2628 885 2658 est;
903 2624 981 2661 115

196 2668 387 2703 profectusque
407 2669 535 2704 Assyrius
550 2669 621 2704 cepit
643 2669 811 2703 Damascum,
837 2670 982 2698 obtrunca-

197 2716 236 2742 vit.
250 2714 400 2743 Rliaassou.
417 2715 521 2744 Mortuo
538 2721 627 2744 autem
645 2716 751 2745 Phacec
772 2717 826 2744 lilio
841 2717 981 2751 Bomeliae,

196 2760 242 2795 qui
259 2761 382 2796 regnavit
404 2761 431 2789 in
449 2761 573 2790 Samaria
587 2770 668 2798 super
686 2762 825 2796 lsraelem,
843 2768 981 2798 sceptrum

197 2807 314 2840 i-apessit
327 2807 394 2836 Osce
412 2808 483 2836 illius
500 2809 568 2843 Eine;
586 2817 640 2845 quo
653 2813 794 2846 regnante,
813 2809 916 2837 invadit
931 2809 981 2836 Sa-

200 2852 312 2882 mariam
331 2853 503 2884 Salmanasar
515 2855 652 2890 Assyrius,
670 2860 808 2890 totamque
829 2855 983 2890 occupavit,

1035 1705 1068 1732 τὰ
1079 1705 1168 1740 ὑψηλὰ
1183 1705 1233 1731 οὐκ
1247 1705 1353 1740 ἐξῆρεν,
1367 1704 1425 1731 ἀλλ’
1438 1703 1478 1730 ἐτι
1493 1704 1507 1730 6
1519 1703 1583 1735 λαὸς
1593 1703 1714 1738 ἐθυμίων
1732 1704 1762 1729 ὲν
1772 1704 1827 1734 τοῖς

1035 1752 1158 1786 ὑψηλοῖς.
1175 1752 1229 1777 Καὶ
1241 1750 1357 1786 ἐζήτησε
1375 1750 1424 1785 μὲν
1442 1750 1531 1782 Ὀζίας
1544 1750 1619 1786 παρὰ
1631 1750 1661 1776 τὸ
1676 1749 1737 1782 ἐξὸν
1756 1750 1828 1785 ίερα-

1035 1799 1127 1825 τεῦσαι
1140 1797 1210 1834 Θεῷ,
1225 1798 1272 1824 καὶ
1290 1797 1483 1833 προσενεγκεῖν
1503 1795 1674 1831 θυμιάματα,
1690 1795 1739 1822 καὶ
1753 1794 1827 1821 λελέ-

1035 1852 1142 1880 πρωται
1157 1845 1259 1879 ταύτης
1271 1843 1352 1870 ἓνεκα
1365 1843 1414 1878 τῆς
1428 1843 1526 1874 αίτίας.
1536 1842 1647 1870 Ἰωαθάν
1662 1851 1694 1877 γε
1708 1841 1764 1878 μὴν
1779 1842 1828 1876 οὐχ

1034 1890 1130 1922 οὕτως.
1151 1890 1259 1926 Ἐπειδὴ
1273 1890 1301 1917 δὲ
1316 1890 1362 1917 καὶ
1377 1889 1458 1922 αὐτὸς
1477 1889 1594 1923 άπεὸίω,
1610 1889 1763 1924 διαδέχεται
1778 1888 1828 1922 τὴν

1035 1935 1175 1971 βασιλείαν
1197 1936 1212 1962 6
1233 1936 1331 1971 Ἀχαζ,
1357 1934 1544 1971 βασιλεύοντος
1571 1935 1616 1962 ἐπὶ
1639 1935 1686 1961 τὸν
1709 1933 1827 1970 Ἰσραὴλ,

1034 1979 1106 2006 τοῦτ’
1118 1979 1187 2012 ἔστι,
1202 1979 1256 2007 τῶν
1269 1979 1373 2007 δώδεκα
1387 1980 1490 2015 φυλῶν,
1501 1980 1589 2006 Φακεὲ
1600 1979 1659 2006 υίοῠ
1674 1979 1826 2014 Ῥομελίου.

1035 2023 1119 2059 οὗτος
1147 2027 1275 2063 κεκίνηκε
1299 2026 1416 2062 πόλεμον
1439 2027 1510 2054 κατὰ
1533 2026 1580 2053 τοῦ
1600 2026 1688 2061 Ἀχαζ
1713 2026 1761 2053 καὶ
1780 2026 1826 2052 τοῦ

1034 2073 1130 2105 Ἰούδα,
1149 2074 1196 2100 καὶ
1210 2073 1353 2100 ἀπέκτεινε
1369 2073 1419 2108 μὲν
1434 2074 1463 2099 ὲν
1481 2073 1529 2109 μιᾷ
1550 2073 1641 2108 ἡμέρᾳ
1665 2072 1765 2099 ἑκατὸν
1780 2072 1827 2098 καὶ

1034 2117 1121 2145 εἴκοσι
1135 2118 1266 2153 χιλιάδας.
1282 2118 1478 2154 Παρωτρύνετο
1494 2118 1548 2154 γὰρ
1571 2119 1586 2144 6
1600 2117 1654 2144 τῶν
1674 2118 1744 2144 ὅλων
1762 2117 1826 2148 Θεὸς

1035 2163 1064 2189 ὲν
1079 2164 1138 2194 ταῖς
1149 2162 1196 2189 τοῦ
1206 2163 1294 2198 Ἀχαζ
1303 2163 1482 2196 δυσσεϐείαις,
1496 2163 1559 2198 περὶ
1567 2160 1597 2190 οὗ
1613 2163 1660 2189 καὶ
1673 2163 1825 2198 γέγραπται

1034 2209 1064 2235 έν
1082 2209 1114 2244 τῇ
1135 2208 1253 2244 τετάρτῃ
1269 2208 1323 2236 τῶν
1339 2209 1496 2242 Βασιλειῶν,
1514 2210 1555 2236 ὅτι
1577 2209 1714 2245 ἐπορεύθη
1733 2210 1762 2235 ὲν
1776 2209 1827 2244 ὀδῷ

1036 2254 1167 2289 βασιλέως
1192 2255 1310 2290 Ἰσραήλ.
1327 2255 1424 2290 Γέγονε
1446 2256 1501 2291 γὰρ
1519 2256 1589 2291 ἀνὴρ
1613 2256 1760 2291 δυσσεϐὴς,
1782 2257 1827 2283 καὶ

1034 2300 1212 2336 λελάτρευκεν
1229 2301 1358 2333 εἰδώλοις.
1384 2301 1430 2328 καὶ
1449 2301 1484 2328 τὰ
1506 2302 1590 2329 τέκνα
1611 2301 1695 2328 αὑτοῦ
1713 2302 1827 2337 διήγαγε

997 2331 1022 2360 D
1033 2346 1078 2373 διὰ
1092 2331 1178 2382 πυρὸς
1192 2331 1370 2382 καταθυμιων
1384 2348 1439 2378 τοῖς
1453 2346 1618 2383 ἀκαθάρτοις
1630 2331 1772 2382 δαίμοσιν..
1785 2331 1827 2374 ’ἐν

1033 2394 1138 2427 καιροῖς
1149 2392 1292 2428 τοιγαροῦν
1305 2392 1354 2427 τῆς
1363 2392 1459 2419 ἑαυτοῦ
1474 2393 1612 2428 βασιλείας
1626 2393 1828 2429 συνεφράξαντο

1033 2439 1105 2466 κατά
1120 2447 1150 2464 τε
1166 2437 1220 2464 τῶν
1239 2437 1435 2473 Ἱεροσολύμων
1452 2438 1499 2464 καὶ
1518 2438 1614 2471 Ἰούδα,
1630 2439 1713 2470 αὐτός
1730 2447 1761 2466 τε
1775 2439 1826 2465 Φα-

1033 2485 1079 2511 ut
1096 2485 1111 2511 6
1123 2483 1170 2510 τοῦ
1187 2483 1326 2519 Ῥομελίου
1340 2504 1347 2517 ,
1360 2485 1406 2511 καὶ
1421 2483 1561 2511 Ῥαασσὼν
1577 2483 1705 2519 βασιλεὺς
1729 2485 1826 2520 Ἀρὰμ,

1032 2530 1105 2557 τοῦτ’
1129 2530 1186 2557 ἐστι
1208 2529 1317 2565 Συρίας.
1345 2530 1400 2556 Καὶ
1425 2528 1507 2566 ἦλθον
1531 2531 1569 2562 ὡς
1593 2530 1826 2567 καταδῃώσοντες,

1033 2577 1103 2613 πλὴν
1119 2577 1168 2611 οὺχ
1184 2574 1254 2603 εἷλον
1271 2576 1319 2611 τὴν
1330 2575 1418 2604 πόλιν.
1434 2576 1531 2608 Δεδιὼς
1543 2576 1571 2603 δὲ
1590 2576 1639 2612 τὴν
1650 2577 1747 2611 ἔφοδον
1764 2577 1843 2611 αφά-ι

1034 2632 1115 2659 ρητον
1132 2621 1213 2650 οὖσαν
1229 2624 1243 2649 6
1256 2623 1353 2658 Ἄχας,
1368 2623 1491 2660 ἄθροισιν
1513 2623 1563 2659 μὲν
1580 2625 1699 2650 ποιεῖται
1718 2623 1826 2659 χρημά-

1033 2677 1087 2695 των
1103 2668 1213 2702 πολλὴν,
1228 2667 1409 2703 πρεσϐεύεται
1428 2669 1456 2695 δὲ
1479 2669 1548 2704 πρὸς
1570 2669 1615 2696 τὸν
1641 2668 1755 2704 βασιλέα
1775 2668 1827 2695 τῶν

1042 2714 1192 2749 Ἀσσυρίων
1216 2713 1455 2750 Θεγλαφολλασὰρ,
1485 2714 1675 2749 ἐπαμύνεσθαί
1692 2723 1722 2741 τε
1753 2715 1825 2750 αὐτῷ

1037 2760 1200 2797 παρακαλεῖ,
1216 2760 1263 2787 καὶ
1274 2760 1561 2798 καταστρατεύσασθαι
1576 2760 1624 2788 τοῦ
1647 2761 1800 2792 Ῥαασσὼν,
1814 2761 1825 2787 ἓ

1037 2807 1070 2843 δὴ
1088 2807 1134 2834 καὶ
1162 2807 1202 2839 εἰς
1228 2806 1315 2843 πέρας
1338 2807 1491 2843 ἐνήνεκται.
1511 2807 1611 2834 Ἐλθὼν
1635 2806 1664 2834 δὲ
1686 2807 1824 2843 Ἀσσύριος

1038 2851 1093 2880 εἷλε
1113 2853 1161 2888 τὴν
1177 2853 1330 2890 Δαμασκὸν,
1344 2853 1486 2881 ἀπέκτεινε
1501 2853 1530 2880 δὲ
1546 2853 1592 2880 καὶ
1608 2853 1654 2880 τὸν
1672 2853 1823 2881 Ῥαασσών.
