1887 3054
86 128 134 156 MS

679 123 716 152 IN
736 124 852 153 lSAIAM
871 124 936 153 LIB.
951 125 974 154 l.
990 124 1095 153 οιιΛτ.
1117 124 1161 152 ιν.

1671 129 1723 160 ιθι

82 174 311 209 Τελευτήσαντος
334 173 365 199 δὲ
387 173 434 200 καὶ
449 172 494 199 τοῦ
510 171 596 198 Φακεὲ
615 170 662 197 τοῦ
686 171 825 206 Ῥομελιου
842 171 887 198 τοῦ

946 171 1064 199 lsraelem
1075 171 1211 206 captivum
1227 169 1346 204 abduxit,
1369 175 1396 198 et
1414 170 1439 198 in
1463 171 1559 199 ﬁnibus
1579 173 1722 203 Persarum

81 221 308 256 βασιλεύσαντος
321 219 395 246 κατὰ
412 218 460 254 τὴν
477 218 632 253 Σαμαρείαν
644 217 691 244 ἐπὶ
708 217 753 244 τὸν
769 217 887 253 Ἰσραὴλ,

80 267 248 301 διαδέχεται
259 266 292 292 τὸ
306 265 449 300 σκῆπτρον
466 264 543 299 Ὠσηὲ
559 263 616 295 υἱὸς
630 263 711 296 Ἧλα,
724 258 755 289 οὗ
770 263 890 298 βασιλεὺ-

87 321 203 344 σαντος,
218 311 332 347 ἔρχεται
345 311 417 337 κατὰ
432 310 480 346 τὴν
502 309 658 344 Σαμαρείαν
681 308 863 344 Σαλμανασὰρ
876 309 891 334 ὁ

85 358 250 394 Ἀσσύριος,
275 358 324 384 καὶ
351 354 406 383 εἷλε
435 356 484 392 μὲν
507 356 606 386 πᾶσαν,
626 354 777 390 ἀπεκόμισε
796 354 825 381 δὲ
845 354 891 381 τδν

90 405 212 441 Ἰσραὴλ
238 403 423 440 αἰχμάλωτον,
449 402 497 428 καὶ
519 401 666 437 ἀπῴκησεν
684 401 714 428 ὲν
735 401 792 432 τοῖς
815 400 890 435 δρεσι

85 449 210 486 Περσῶν
228 450 276 476 καὶ
291 449 402 485 Μήδων·
420 445 478 474 εἶτα
496 446 572 478 τινὰς
591 446 645 473 τῶν
661 447 706 481 ὑφ’
722 445 811 481 ἑαυτῷ
826 454 891 473 κατ-

82 496 181 523 οικεῖν
209 495 337 522 ἐκέλευσε
358 493 407 529 τὴν
432 491 598 528 Σαμαρείαν,
616 491 661 518 τόν
678 499 708 517 τε
727 491 759 517 ὲκ
772 489 889 522 Χουνθὰ,

83 540 137 568 καὶ
154 540 204 566 τὸν
217 539 424 575 Σαπφαρουῖαν.
438 537 597 573 Γέγραπται
616 537 671 573 γὰρ
687 536 773 566 οὕτως
790 537 819 563 ὲν
831 537 891 567 ταῖς

83 585 268 616 Βασιλείαις,
287 585 335 611 καὶ
351 583 455 619 μακρὸς
471 583 521 618 μὲν
544 583 558 608 ό
572 583 613 617 ὲφ*
631 582 737 616 ἑκάστῳ
751 581 805 608 τῶν
819 582 892 616 εἰρη-

84 631 186 666 μένων
200 630 281 665 λόγος
301 630 377 664 παρά
401 638 432 663 γε
454 630 486 663 τῇ
508 627 679 662 Θεοπνεύστῳ
694 627 800 663 Γραφῇ,
822 627 890 659 πλὴν

82 677 253 712 πεποίημαι
288 676 338 712 τὴν
367 676 504 710 ἀφήγησιν
533 674 738 709 βραχυλογήσας
767 673 807 704 ὡς
839 673 888 700 ἔνι.

88 719 238 755 Ἐροῦμεν
260 720 290 746 δὲ
307 720 355 746 καὶ
377 718 429 746 ἀνὰ
446 719 528 754 μέρος
545 718 658 750 ἕκαστα,
672 719 731 749 ταῖς
753 717 806 744 τῶν
823 726 890 753 προ-

81 765 235 800 κειμένων
250 765 367 796 ἐννοίαις
382 764 519 800 ἑπόμενοι.
529 764 571 790 Ἐν
583 764 642 795 ταῖς
654 763 772 798 ἡμέραις
791 763 889 795 τοίνυν,

82 809 186 844 φησὶν,
205 809 295 844 ’Δχαζ
315 808 362 836 τοῦ
381 808 492 835 Ἰωαθὰν
508 807 555 834 τοῦ
569 807 627 835 υίοῦ
650 807 737 840 Ὀζίου
758 807 890 843 βασιλέως

88 852 196 886 Ἰούδα,
235 854 487 889 συμπεφωνήκασιν
518 853 532 879 ὅ
556 862 585 881 τε
610 853 749 880 Ῥαασσὼν
765 853 889 888 βασιλεὺς

944 224 976 245 ac
994 216 1132 244 Medorum
1153 216 1317 244 collocavit:
1340 217 1436 245 deinde
1458 218 1589 253 quosdam
1611 221 1656 255 qui
1677 228 1723 249 se-

941 270 1002 290 cum
1015 267 1100 296 erant,
1112 262 1192 297 jussit
1212 262 1328 290 incolere
1343 261 1503 296 Samariam,
1527 266 1571 300 qui
1584 266 1616 293 de
1632 266 1724 294 Chun-

946 309 990 336 tlia
1005 313 1029 335 ct
1045 308 1250 343 Sappharviam.
1272 308 1317 336 Sic
1338 309 1409 336 enim
1428 309 1454 336 in
1476 309 1575 344 Regnis
1593 312 1723 347 scriptum

941 359 993 381 est.
1015 354 1047 380 Et
1072 354 1179 388 quidem
1202 354 1235 381 de
1256 354 1368 389 singulis
1386 362 1446 389 qua:
1461 355 1531 382 dicta
1558 361 1621 383 sunt
1645 357 1722 392 longe

942 405 984 427 est
1002 401 1028 427 in
1042 399 1181 434 Scriptura
1196 400 1325 427 divinitus
1339 401 1469 435 inspirata
1496 401 1595 434 oratio,
1611 407 1639 429 at
1659 411 1723 429 nar-

943 448 1073 474 rationem
1098 447 1168 474 hanc
1191 452 1290 481 quanta
1313 447 1388 475 licuit
1409 448 1540 475 brevitate
1568 455 1724 482 persecutus

941 501 1011 520 sum.
1031 493 1083 520 Sed
1099 493 1282 528 particulatim
1298 494 1418 520 dicemus
1433 494 1547 529 singula,
1567 494 1725 521 verborum-

941 548 994 575 que
1007 539 1166 568 sententiam
1179 540 1274 566 ordine
1288 539 1492 574 explicabimus.
1513 539 1610 567 Diebus
1630 540 1723 574 igitur,

942 586 1038 621 inquit,
1055 585 1155 613 Acbazi
1169 585 1216 612 ﬁlii
1236 584 1370 617 Joatham,
1395 585 1441 612 lilii
1463 585 1524 613 02a:
1549 587 1618 620 regis
1642 585 1722 617 Juda,

943 631 1082 658 Rhaasson
1100 639 1145 658 rex
1163 631 1256 663 Aram,
1272 631 1324 659 hoc
1344 635 1387 658 est
1401 630 1498 666 Syriae,
1518 637 1544 659 et
1564 631 1668 660 Phacee
1691 633 1723 659 ti-

941 677 992 703 lius
1010 677 1138 704 Romeliae
1152 677 1299 709 rexlsrael,
1315 677 1505 711 conspirarunt
1517 682 1608 704 contra
1629 677 1724 704 Hiero-

941 722 1055 758 solyma,
1073 727 1101 749 et
1117 727 1298 757 pervenerunt
1315 723 1449 749 civitatem
1469 722 1592 753 deleturi.
1605 730 1663 749 eam
1680 727 1723 749 ta-

943 776 1002 795 men
1016 775 1171 803 oppugnare
1188 776 1240 795 non
1260 773 1418 803 potuerunt.
1437 768 1511 796 Dicta
1531 773 1594 795 sunt
1608 769 1664 796 hazc
1680 769 1723 795 in-

941 813 1096 847 scriptionis
1108 817 1135 840 et
1149 813 1314 848 praefationis
1332 813 1391 840 loco
1405 818 1433 840 et
1452 821 1501 841 ceu
1522 803 1571 848 per
1591 813 1724 840 narratio-

942 865 1001 884 nem
1015 863 1183 885 eventorum.
1206 858 1356 885 Declaravit
1374 858 1437 885 item
1459 859 1598 885 consilium
1622 859 1722 893 ipsum—

88 899 200 935 ’Δρὰμ,
219 899 292 927 τοῦτ’
305 899 374 932 ἐστι,
389 899 498 935 Συρίας,
511 900 557 926 καὶ
574 899 661 927 Φακεὲ
677 899 735 931 υίδς
748 898 885 935 Ῥομελίου

946 909 988 937 [ue
1001 907 1136 935 conatum,
1151 903 1312 938 subjicitque
1325 904 1451 930 continuo
1462 904 1498 930 rei
1509 903 1592 937 ipsius
1601 904 1699 931 exitum
1713 913 1721 930 :

82 945 226 980 βασιλεὺς
242 945 362 982 Ἰσραὴλ,
383 946 453 972 κατὰ
471 945 524 972 τῶν
539 944 742 981 Ἰεροσολύμων,
760 945 888 980 ἀφίκοντο

942 955 993 974 non
1009 948 1079 974 enim
1095 953 1237 983 potuerant
1251 956 1309 975 eam
1324 956 1488 983 oppugnare.

80 989 112 1015 δὲ
128 990 373 1025 καταδῃώσοντες,
387 990 456 1025 πλὴν
466 990 516 1017 οὐκ
527 989 696 1024 ἠδυνήθησαν
710 990 890 1026 πολιορκῆσαι
906 992 1001 1027 αὑτήν.
1019 992 1132 1028 Εῐρηται
1143 993 1171 1020 δὲ
1196 993 1282 1020 ταῦτα
1304 993 1373 1025 τέως
1380 994 1409 1020 ἐν
1424 994 1585 1029 προγραφῆς
1597 995 1721 1030 δυνάμει.

81 1036 136 1063 καὶ
151 1037 194 1068 ὡς
208 1038 237 1063 ὲν
251 1038 389 1073 ἀφηγήσει
402 1038 448 1064 τοῦ
461 1037 674 1073 συμὸεὸηκότος.
686 1038 767 1073 Δηλοί
776 1039 830 1073 γὰρ
853 1039 903 1074 τὴν
923 1040 1019 1075 σκέψιν
1049 1041 1097 1068 καὶ
1121 1041 1188 1068 αὐτὸ
1210 1041 1239 1068 δὲ
1255 1041 1286 1068 τὸ
1315 1041 1478 1077 ἐγχείρημα,
1504 1043 1672 1078 προσεπάγει
1694 1043 1724 1070 δὲ

83 1086 280 1121 παραχρῆμα,
306 1086 353 1112 καὶ
374 1085 405 1112 τὺ
424 1084 470 1112 τοῦ
492 1086 655 1120 πράγματος
668 1086 764 1121 πέρας·
784 1087 822 1113 οὐ
836 1087 890 1122 γὰρ
905 1087 1088 1124 ὴδυνήθησαν,
1102 1089 1179 1124 φησὶ,
1193 1088 1372 1124 πολιορκῆσαι
1387 1089 1482 1124 αὑτήν.

124 1131 185 1158 Καὶ
211 1131 367 1165 ἀνηγγέλη
389 1132 432 1164 εἰς
450 1130 502 1158 τὸν
518 1129 602 1158 οἷκον
627 1131 715 1158 Δαϐιδ
737 1131 888 1166 λέγοντες,

86 1176 319 1211 Συνεφώνησεν
334 1177 419 1211 Ἀρὰμ
429 1176 504 1211 πρὸς
515 1177 709 1213 τὸνἘφραΐμ,
718 1178 766 1205 καὶ
779 1178 888 1213 ἐξέστη

86 1223 108 1255 ἠ
124 1223 217 1257 ψυχὴ
239 1222 346 1255 αὑτοῦ,
370 1222 419 1250 καί
433 1222 453 1256 ἠ
470 1222 556 1257 ψυχὴ
570 1223 623 1250 τοῦ
637 1223 712 1251 λαοῦ
734 1224 837 1257 αὐτοῦ,
852 1224 889 1251 ὃν

86 1270 209 1303 τρόπον
231 1269 305 1296 ὅταν
325 1268 361 1295 ἐν
393 1268 492 1303 δρυμῷ
520 1268 615 1301 ξύλον
633 1269 693 1296 ὑπὸ
720 1270 889 1305 πνεύματος

88 1315 245 1349 σαλευθῇ

133 1360 327 1396 ὀρισάμενος,
349 1359 387 1391 ὡς
401 1359 478 1394 ἔφην,
491 1358 546 1386 τῶν
563 1359 739 1395 διηγημάτων
753 1360 803 1395 τὴν
818 1360 886 1395 πρό-

91 1414 191 1440 φασιν,
210 1405 258 1432 καὶ
271 1404 310 1436 ὡς
325 1406 354 1431 ὲν
368 1404 463 1440 βραχεῖ
475 1404 615 1441 κεφαλαίῳ
635 1405 785 1441 συλλήϐδην
801 1404 885 1432 εἰπὼν

91 1452 124 1478 τὺ
137 1451 294 1487 ἐγχείρημα
311 1451 364 1477 τῶν
380 1450 426 1477 δύο
441 1450 584 1485 βασιλέων,
602 1451 649 1477 καὶ
661 1451 702 1478 ὅτι
717 1451 784 1486 πρὸς
799 1451 886 1486 πέρας

981 1134 1061 1161 Vens.
1077 1133 1104 1161 2.
1129 1133 1165 1161 Et
1191 1135 1370 1161 renuntiatum
1395 1139 1432 1161 est
1455 1135 1555 1162 domuis
1573 1134 1681 1162 Dauidis
1707 1145 1723 1162 ο

941 1180 1096 1213 dicentibus,
1126 1179 1291 1214 Cantpiravil
1324 1181 1406 1207 Aram
1447 1188 1506 1208 cum
1539 1179 1676 1215 Epitraim,
1699 1189 1723 1208 el

941 1230 1106 1253 consternata
1123 1231 1161 1252 ut
1185 1226 1274 1252 animo
1296 1226 1365 1260 ejus,
1382 1231 1407 1253 et
1436 1227 1527 1253 animo
1546 1228 1636 1260 populi
1655 1228 1723 1262 ejus,

940 1272 1159 1306 quemadmodum
1174 1272 1202 1298 in
1212 1272 1276 1299 silva
1287 1271 1386 1307 lignum
1398 1280 1414 1299 α
1427 1277 1502 1299 uento
1516 1276 1643 1300 movetur.

974 1358 1087 1386 Deﬁnita
1103 1366 1133 1387 ac
1149 1359 1295 1391 declarata,
1316 1364 1345 1386 ut
1376 1359 1508 1394 dicebam,
1537 1363 1720 1390 narrationum

938 1404 1092 1435 occasione,
1107 1408 1133 1430 et
1163 1408 1288 1437 tanquam
1325 1403 1351 1429 in
1374 1403 1448 1431 brevi
1472 1412 1576 1432 summa
1601 1414 1722 1441 compre-

939 1449 1043 1476 liensim
1057 1455 1155 1476 conatu
1171 1449 1284 1476 duorum
1303 1457 1393 1484 regum
1410 1456 1628 1485 commemorato,
1644 1458 1724 1486 utque

93 1498 189 1528 αὺτοῖς
202 1497 253 1523 οὐκ
267 1496 417 1532 ἐκϐέϐηκεν
431 1498 444 1522 ὀ
457 1496 555 1526 σκοπὸς
567 1515 574 1528 ,
605 1496 717 1531 ἄρχεται
732 1496 823 1524 λοιπὸν
837 1497 887 1524 ἀνὰ

946 1495 973 1522 λιι
985 1495 1086 1522 exitum
1105 1503 1196 1522 eorum
1209 1494 1320 1522 consilia
1347 1503 1399 1522 non
1423 1497 1604 1530 pervenerint,
1632 1498 1726 1533 incipit

95 1543 183 1579 μέρος
195 1543 300 1569 ἕκαστα
321 1541 481 1577 κατισχνοῦν
497 1541 536 1576 τῷ
556 1541 635 1576 λόγῳ.
657 1541 807 1577 ’Ᾱνηγγέλη
820 1542 884 1578 γὰρ,

95 1589 193 1624 φησιν,
210 1589 251 1620 είς
264 1588 310 1614 τὸν
326 1585 398 1613 οἷκον
417 1587 507 1617 Δαϐὶδ.
531 1586 603 1613 τοῦτ’
618 1587 686 1620 ἐστι,
702 1587 747 1614 τὸν
767 1587 887 1622 βασιλεύ-

96 1642 173 1666 οντα,
187 1633 236 1660 καὶ
249 1632 420 1668 ἀπήγγελλον
437 1632 477 1658 ὅτι
494 1631 682 1666 συνεφώνησεν
709 1632 798 1668 Ἀρὰμ
818 1633 887 1668 πρὸς

99 1680 142 1707 τὸν
177 1679 308 1714 Ἐφραϊμ.
352 1678 441 1713 ’Δρὰμ
478 1677 507 1703 δέ
537 1685 602 1712 φησι
623 1677 669 1703 τὸν
693 1677 797 1713 Σύρον,
840 1679 886 1705 καὶ

103 1725 225 1761 Ἐφρατμ
233 1725 332 1759 ὁμοίως
342 1724 391 1755 τὰς
404 1724 432 1749 ἐν
440 1723 579 1759 ᾒμαρείᾳ
593 1723 657 1750 δέκα
668 1723 763 1758 φυλάς.
779 1724 885 1759 Ἐπειδὴ

100 1771 126 1798 δὲ
137 1770 224 1797 ταῦτα
240 1778 333 1796 τουτον
356 1769 412 1804 ἔχει
425 1768 469 1795 τὸν
486 1769 594 1803 τρόπον,
610 1768 724 1795 ἐπύθετο
739 1769 786 1795 καὶ
803 1770 886 1795 πεπί-

101 1823 212 1842 ττευκεν
224 1816 238 1840 ὁ
250 1812 323 1845 οἶκος
334 1813 424 1845 Δαΰὶδ,
432 1813 505 1840 τοῦτ’
519 1813 602 1847 ἔστιν,
613 1815 628 1840 ὁ
640 1814 736 1849 Ἀχαξ.
746 1814 855 1850 Ἐξέστη
869 1815 887 1850 ἠ

100 1860 171 1896 ψυχὴ
184 1859 267 1886 αὑτοῦ
291 1860 338 1885 καὶ
352 1860 369 1895 ἡ
382 1859 454 1894 ψυχὴ
470 1859 516 1885 τοῦ
536 1857 601 1885 λαοῦ
621 1858 715 1891 αὐτοῦ,
743 1858 773 1885 ὃν
786 1859 886 1894 τρόπον

100 1906 162 1932 inv
175 1905 205 1931 ἐν
221 1904 319 1941 δρυμῷ
330 1904 406 1936 ξύλον
419 1904 471 1931 ὑπὸ
483 1904 636 1939 πνεύματος
653 1903 781 1940 σαλευθῇ,
797 1904 833 1931 Τὸ
843 1905 884 1937 δὲ,

101 1950 207 1986 ἐξέστη,
227 1951 317 1984 τῐυησι
341 1949 448 1981 κοινῶς,
473 1950 533 1976 ἀντὶ
555 1949 614 1981 τοῦ,
643 1950 811 1986 κατεπλάγη,
840 1952 887 1976 καὶ

103 1997 198 2034 μικρὸν
224 1997 270 2022 καὶ
291 1995 376 2030 αὐτῆς
400 1994 563 2022 ἑκπέπτωκε
580 1996 686 2030 φρενός.
702 1996 742 2022 Τὰ
773 1996 828 2032 γάρ
845 2005 887 2023 τοι

101 2043 174 2070 δεινὰ
191 2041 245 2068 τῶν
258 2041 403 2076 δειμάτων,
421 2040 502 2069 ἱκανά
513 2041 572 2072 πώς
585 2041 643 2067 ἐστι
663 2042 702 2073 είς
714 2041 744 2068 τὸ
758 2044 886 2069 κατασεῖ-

103 2097 147 2115 σαι
164 2087 295 2115 δύνασθαι
308 2086 354 2113 τὸν
374 2086 446 2119 νοῦν,
462 2086 509 2113 καὶ
524 2086 707 2121 καταὼνῆσαι
724 2088 773 2122 τὴν
787 2088 885 2124 ψυχὴν,

103 2133 148 2161 καί
173 2142 201 2160 τι
221 2134 341 2160 τοιοῦτον
368 2133 513 2167 ὑπομεῖναι
534 2131 634 2163 δοκεῖν,
648 2133 738 2159 ὁποῖον
752 2133 785 2159 ἂν
803 2134 887 2161 πάθοι

103 2179 148 2206 καὶ
161 2179 192 2205 τὸ
208 2179 238 2205 ἐν
249 2178 361 2214 δρυμοῖς
373 2178 461 2212 ξύλον,
474 2177 637 2212 πνευμάτων
652 2178 754 2214 ἀγρίων
771 2179 887 2215 προσϐο-

103 2227 159 2257 λαῖς
185 2225 250 2260 τῇδὲ
276 2233 307 2251 τε
329 2225 441 2253 κάκεῖσε
462 2223 713 2260 διαῤῥιπτούμενον.
737 2225 835 2259 Γέγονε
859 2226 887 2252 δὲ

106 2272 218 2307 μάλιστα
231 2271 281 2306 τῆς
297 2270 397 2301 δειλίας
409 2271 426 2306 ἡ
441 2269 586 2305 πρόφασις,
599 2271 658 2306 ἦτοι
673 2270 723 2305 τῆς
734 2271 886 2303 ἐκστάσεως

105 2317 173 2352 αὐτῷ
187 2317 217 2343 τὺ
235 2316 417 2351 συμὸεδηκός.
437 2316 506 2351 Ἤδη
524 2316 578 2351 γὰρ
594 2315 662 2351 ἔφην
676 2316 718 2342 ὅτι
732 2316 888 2351 βασιλεύον-

105 2371 146 2394 τος
162 2361 255 2394 αὑτοῦ,
275 2361 461 2397 πεπολεμήκει
487 2361 556 2397 πρὸς
578 2361 624 2388 τὸν
646 2361 744 2388 Ἰούδαν
763 2364 777 2389 ὁ
790 2363 886 2396 Φακεὲ,

107 2409 148 2435 καὶ
161 2407 263 2434 ἀνεῖλεν
280 2407 311 2433 ἐκ
327 2406 374 2433 τοῦ
389 2406 452 2433 λαοῦ
476 2407 505 2433 ἐν
521 2407 572 2442 μιᾷ
588 2407 678 2442 ἡμέρᾳ
692 2408 788 2434 ἑκατὸν
802 2408 888 2435 εἴκοσι

107 2454 228 2488 χιλιάδας.
250 2453 314 2479 ὐτε
338 2452 428 2479 τοίνυν
447 2453 493 2479 καὶ
524 2453 602 2488 μόνος
623 2454 636 2479 ὁ
649 2453 736 2479 Φακεὲ
760 2453 888 2485 τοσοῦτος

109 2500 217 2533 γέγονεν,
232 2499 271 2530 ὡς
284 2498 449 2532 κατισχῦσαι
465 2498 565 2534 ῥᾳδίως
579 2498 634 2524 τῶν
653 2499 681 2525 ὲν
696 2498 752 2530 τοῖς
773 2499 888 2533 Ἰεροσο-

108 2545 192 2579 λύμοις
204 2553 210 2559 ·
231 2545 290 2576 πῶς
313 2544 364 2570 οὐκ
379 2543 431 2570 ἔδει
453 2544 498 2570 τὸν
517 2544 546 2571 ὲν
559 2545 616 2575 τοῖς
631 2544 754 2578 ἐσχάτοις
773 2543 889 2576 ἐνδείξα-

110 2591 161 2617 silet
181 2591 275 2626 φόὂον,
301 2591 385 2617 αὐτόν
406 2599 436 2617 τε
458 2591 503 2617 τὸν
522 2590 617 2625 Ἄχας,
638 2589 743 2616 καὶτὸν
755 2590 798 2616 ἐπ’
812 2590 886 2625 αὐτῷ

110 2636 170 2668 λαὸν,
188 2637 442 2672 συμπεφωνηκότος
454 2636 501 2663 τοῦ
513 2636 609 2671 Σύρου,
624 2637 670 2662 καὶ
687 2635 887 2669 συνεξοπλίζον-

110 2690 144 2715 τος
156 2683 192 2719 τῷ
210 2683 335 2718 Ἑφραῒμ
354 2683 423 2717 μετὰ
435 2682 489 2708 τῶν
507 2681 710 2717 Ίεροσολύμων;

134 2730 180 2757 Καὶ
210 2728 279 2757 εἷπε
305 2729 416 2762 Κύριος
440 2727 514 2762 πρὸς
537 2728 667 2759 Ἡσαΐαν,
690 2727 812 2759 ’Ἔξελθε
845 2728 888 2760 εἰς

106 2776 286 2810 συνάντησιν
304 2773 405 2808 Ἀχαζ,
432 2773 473 2800 σὺ
496 2773 546 2800 καί
572 2775 588 2800 ὀ
605 2773 811 2808 καταλειφθεὶς
835 2774 888 2799 'la—

104 2822 167 2851 σοῦγ
187 2823 290 2854 όυιός
317 2828 390 2853 σου,
421 2819 495 2854 πρὸς
513 2819 571 2855 τὴν
595 2821 807 2855 κολυμϐήθραν
833 2820 888 2855 τῆς

937 1540 1063 1573 deinceps
1077 1546 1123 1574 per
1139 1544 1230 1574 partes
1242 1539 1346 1574 singula
1360 1541 1437 1575 quasi
1449 1542 1571 1569 oratione
1587 1545 1723 1578 persequi.

937 1585 1128 1613 Renuntiatum
1151 1590 1216 1618 est,
1240 1586 1338 1621 inquit,
1368 1587 1456 1613 domui
1489 1586 1607 1619 Davidis,
1621 1589 1646 1617 id
1672 1596 1723 1624 est,

937 1632 1071 1666 regnanti,
1087 1634 1114 1658 et
1128 1632 1324 1659 annuntiarunt
1337 1632 1418 1659 Aram
1438 1640 1498 1660 cum
1514 1633 1639 1667 Ephraim
1657 1642 1729 1671 con:

937 1678 1066 1712 spirasse.
1089 1677 1172 1704 Aram
1192 1684 1259 1704 vero
1284 1678 1381 1713 Syrum
1408 1679 1484 1711 dicit,
1507 1680 1634 1714 Ephraim
1651 1681 1728 1708 simi-

937 1722 1000 1750 liter
1021 1722 1113 1749 decem
1137 1721 1222 1749 tribus
1237 1721 1264 1748 in
1283 1721 1416 1749 Samaria.
1434 1723 1496 1750 Haec
1509 1731 1569 1751 cum
1585 1725 1620 1752 ita
1636 1733 1665 1752 se
1674 1726 1725 1753 lia-

937 1767 1050 1800 berent,
1069 1766 1172 1794 audivit
1191 1772 1219 1794 et
1240 1767 1354 1795 credidit
1371 1768 1466 1795 domus
1482 1769 1580 1801 David,
1598 1770 1649 1797 hoc
1669 1776 1721 1801 est.

936 1812 1278 1841 Achaz.Consternataest
1296 1813 1384 1840 anima
1393 1814 1460 1848 ejus,
1481 1815 1603 1841 etanima
1621 1816 1723 1850 populi,

937 1857 1160 1892 quemadmodum
1168 1857 1335 1884 cuminsilva
1351 1857 1449 1892 lignum
1469 1866 1483 1885 a
1498 1864 1578 1886 vento
1590 1865 1722 1887 movetur.

938 1903 1100 1930 llludautem
1121 1903 1401 1938 ὲξέστη,οοιιιιενηαια
1409 1911 1455 1931 seu
1471 1909 1576 1938 stupore
1596 1911 1724 1932 commota

937 1953 986 1981 est,
1001 1949 1075 1984 ponit
1090 1949 1268 1976 communiter
1275 1949 1594 1985 ριο,κατεπλάγη,116
1602 1951 1723 1984 perculsa

938 1997 990 2025 εδι,
1005 1998 1032 2020 et
1044 1994 1237 2027 propemodum
1262 1993 1318 2027 ipsa
1335 1999 1424 2021 mente
1440 1995 1551 2021 excidit.
1581 1995 1620 2022 Ex
1635 1996 1724 2029 gravi-

939 2039 987 2066 bus
1011 2039 1082 2065 enim
1103 2039 1251 2066 terroribus
1279 2039 1434 2066 concutitur
1447 2047 1533 2073 mens,
1563 2041 1723 2076 animusque

938 2086 1098 2120 exagitatur,
1130 2085 1254 2119 idemque
1279 2086 1450 2120 videturpati
1467 2087 1537 2120 quod
1567 2086 1667 2122 lignum
1697 2088 1720 2114 in

939 2131 1013 2157 silvis
1027 2138 1159 2158 saevorum
1177 2136 1318 2158 ventorum
1328 2132 1427 2166 impetu
1442 2132 1493 2159 huc
1507 2132 1568 2159 illuc
1578 2133 1723 2166 jactatum.

939 2175 1029 2203 Causa
1047 2181 1135 2203 autem
1148 2180 1236 2204 metus
1249 2177 1306 2204 sive
1316 2182 1456 2204 exstaseos
1472 2184 1503 2204 ac
1516 2178 1726 2211 perturbationis

940 2223 964 2249 ei
993 2222 1042 2249 fuit
1084 2223 1108 2249 id
1123 2223 1193 2257 quod
1221 2223 1380 2258 contigerat.
1408 2223 1466 2250 Jam
1490 2224 1562 2250 enim
1590 2224 1723 2257 dicebam.

941 2268 986 2295 illo
1018 2274 1148 2304 regnante
1185 2269 1289 2296 Phacee
1320 2270 1462 2296 adversum
1499 2268 1596 2296 Judam
1625 2271 1722 2297 bellum

940 2314 1099 2349 suscepisse,
1126 2319 1153 2342 et
1185 2322 1240 2341 uno
1269 2314 1312 2342 die
1326 2322 1358 2342 ex
1387 2315 1483 2350 populo
1502 2320 1608 2342 centum
1629 2317 1722 2351 viginti

941 2360 1022 2386 millia
1041 2367 1057 2386 e
1078 2359 1166 2387 medio
1178 2360 1328 2388 sustulisse.
1360 2361 1427 2387 Cum
1441 2361 1521 2396 igitur
1535 2362 1609 2389 solus
1620 2362 1724 2390 Phacee

940 2405 1000 2432 talis
1018 2409 1162 2440 tantusque
1181 2406 1323 2439 exstiterit,
1337 2412 1366 2433 ut
1393 2406 1472 2434 facile
1497 2406 1717 2442 Hierosolymita-

939 2456 988 2476 nos
1025 2450 1182 2484 superarit,
1209 2457 1297 2477 annon
1332 2450 1375 2478 his
1407 2452 1535 2479 extremis
1560 2453 1723 2487 temporibus

939 2501 993 2522 tum
1014 2496 1152 2523 Achazum
1181 2496 1281 2531 ipsum.
1304 2500 1359 2523 tum
1376 2497 1499 2524 subditos
1525 2498 1621 2525 timere
1642 2507 1723 2534 opor-

940 2542 1074 2573 tuit,cum
1102 2542 1269 2570 consenserit
1295 2542 1389 2578 Syrus,
1413 2547 1441 2569 et
1472 2550 1546 2570 arma
1578 2544 1722 2579 copiasque

941 2593 1001 2613 cum
1017 2586 1143 2622 Ephraim
1160 2587 1302 2615 adversum
1322 2587 1508 2623 Hierosolyma
1525 2589 1616 2616 tulerit
1632 2590 1642 2616 ?

979 2728 1059 2755 Vsus.
1073 2729 1099 2756 5.
1118 2729 1153 2756 Et
1172 2730 1239 2756 dixit
1255 2730 1383 2758 Dominus
1397 2731 1430 2757 ad
1451 2731 1550 2758 Isaiam
1567 2740 1576 2758 :
1597 2732 1732 2767 Egredere

941 2773 968 2800 in
991 2782 1125 2800 occursant
1149 2775 1260 2808 Achaei,
1281 2781 1308 2802 tu
1323 2781 1348 2803 et
1373 2776 1511 2804 derelictus
1540 2777 1621 2804 lasub
1653 2777 1731 2811 [ilius

943 2825 1013 2852 tuus,
1038 2821 1072 2847 ad
1102 2821 1229 2855 pilcinam
1252 2822 1393 2856 superioris
1410 2823 1458 2850 via:
1476 2823 1532 2857 agri
1553 2821 1670 2855 fullonis.
1692 2822 1728 2849 El
