1887 3054
183 128 235 158 195

684 124 713 151 S.
733 122 872 151 CYRILLI
889 122 1126 150 ALEXANMIINI
1147 122 1309 150 ARCIIIEP.

1788 123 1851 149 196

184 188 254 215 dices
275 186 309 219 ei,
343 186 457 214 Observa
481 191 508 213 ut
535 185 663 220 quiescas,
688 188 713 211 et
743 192 775 211 ne
806 189 917 217 metuas,
944 190 976 209 ne

1031 182 1093 209 ἅνω
1120 182 1191 210 ὀδοῦ
1213 182 1266 209 τοῦ
1290 181 1382 215 (ippon
1408 181 1461 208 τοῦ
1485 181 1630 216 κναφέως.
1668 181 1725 207 Καὶ
1759 181 1852 216 ἐρεῖς

184 235 275 262 animo
301 238 346 261 tun
362 233 511 260 debililelur
531 240 547 258 α
564 231 643 266 lignis
659 230 762 258 duobus
778 231 902 257 titionum
929 229 973 264 fu-

183 282 311 308 mantium
325 280 444 307 istorum.
468 276 534 306 Cum
563 277 632 305 enim
648 277 689 304 ira
702 277 802 312 furoris
815 276 867 304 mei
881 275 973 310 fuerit,

184 327 280 353 iterum
305 325 416 352 sonabo.

217 412 332 440 Omnino
347 411 465 439 clemens
479 416 521 439 est
546 416 573 439 et
605 411 760 440 misericors
783 411 920 444 Dominus,
949 415 976 438 et

182 466 275 486 omnes
300 458 424 486 homines
460 458 561 486 servari
592 458 659 491 vult,
692 463 720 485 et
746 459 780 485 ad
809 458 975 493 agnitionem

182 505 304 532 veritatis
327 504 465 537 venire",
504 505 648 539 omniaque
672 505 804 540 gubernat
829 504 975 537 sapienter,

182 549 280 584 cuique
296 549 391 577 salutis
405 550 475 577 viam
499 550 657 585 aequabilem
683 549 845 585 planumque
858 549 971 576 faciens.

182 595 260 627 Quod
279 595 314 621 ita
331 603 391 623 esse
406 603 438 623 ex
463 596 530 630 ipsis
553 595 634 623 rebus
662 595 726 622 licet
745 595 823 622 nobis
848 602 972 622 cernere.

186 639 254 667 Nam
273 641 397 668 Achazus
414 640 464 667 fuit
480 640 632 671 itlololatra,
644 639 835 667 abominabilis
845 644 872 666 et
884 639 975 673 profa-

182 693 243 712 nus.
259 685 328 713 Cum
343 691 432 712 autem
452 686 478 712 in
504 686 582 713 tnalis
598 694 649 713 non
668 685 801 721 fugiendis
823 685 879 720 jam
913 692 975 711 ver-

183 735 302 764 saretur,
315 738 339 758 et
356 732 556 759 calamitatibus
587 737 691 759 lanium
720 739 772 758 non
815 725 975 759 inebriatum

182 782 264 812 atque
295 778 421 804 obrutum
450 785 510 805 eum
540 778 769 805 clementissimus
805 777 976 810 conspicatus

183 828 268 856 esset,
286 823 482 858 consequendas
503 823 536 850 ab
564 824 619 857 ipso
650 823 745 850 salutis
772 829 844 856 spem
871 822 935 849 facit
962 830 977 850 e

181 869 307 903 vestigio,
326 877 356 895 ac
374 869 516 903 pollicetur
539 870 679 901 auxilium,
697 875 725 896 ut
759 869 793 896 ab
808 868 972 896 idoloruania

182 915 310 947 desistat,
350 915 512 950 studeatque
543 916 598 951 jam
629 916 679 942 sibi
700 923 715 942 a
738 915 875 949 prioribus
904 915 976 942 vitiis

183 966 334 995 temperare
347 981 354 993 ,
368 965 394 987 et
412 968 480 989 verae
500 961 546 988 Dei
568 961 731 994 cognitionis
745 961 830 988 lucem
844 961 975 994 recipere.

181 1007 275 1042 Itaque
306 1007 433 1042 propheta
466 1006 577 1041 jnhetur
602 1006 627 1033 ei
664 1007 770 1034 obviam
808 1007 896 1034 facere
924 1016 975 1034 una

181 1058 316 1088 pnesente
332 1053 443 1085 Jasobo,
478 1053 523 1086 qui
543 1052 676 1079 derelictio
693 1058 720 1079 et
731 1052 870 1079 derelictus
893 1060 977 1086 capo.

181 1101 267 1131 nitur,
295 1099 379 1134 figura
416 1099 611 1134 propemodum
636 1098 810 1133 significante
849 1103 976 1133 tanquam

181 1144 210 1172 in
225 1144 346 1179 symbolo
373 1144 491 1175 Achazo,
516 1144 718 1171 conservandus
745 1151 806 1171 esse
845 1144 978 1179 reliquias

181 1189 262 1223 Iuda,
276 1190 321 1225 qui
344 1190 398 1217 Deo
413 1190 574 1217 adltmserat.
599 1189 703 1225 Typum
720 1191 792 1217 enim
813 1189 858 1217 Dei
876 1198 976 1224 reprac-

181 1241 292 1264 senlans
314 1237 455 1271 propheta,
484 1237 674 1270 percommode
699 1236 777 1263 atfert
803 1237 977 1270 pollicitatio-

181 1290 244 1311 nem
262 1282 354 1310 auxilii
372 1282 397 1309 in
414 1282 517 1317 piscina
528 1282 676 1316 superioris
704 1283 755 1310 vize
773 1284 832 1318 agri
853 1283 977 1314 fullonis.

180 1328 280 1363 Figura
300 1335 405 1355 rursum
434 1327 571 1364 estll']
603 1328 704 1360 pisriua
735 1329 864 1356 salutaris
896 1330 977 1357 fontis

181 1375 251 1404 sacri
267 1374 408 1408 baptismi,
438 1382 498 1408 quae
527 1382 575 1402 nos
599 1375 680 1402 etiam
705 1375 732 1401 in
760 1375 831 1402 viam
868 1376 977 1404 deducit

181 1421 360 1457 superiorem,
376 1425 401 1448 et
414 1420 523 1447 fullonis
543 1422 592 1448 sub
619 1421 825 1456 intelligentiam
843 1423 975 1456 cadentis,

182 1465 210 1492 id
224 1470 276 1497 est,
291 1464 348 1499 ejus
372 1465 417 1499 qui
444 1465 539 1492 sordes
555 1471 662 1492 nostras
687 1473 781 1493 omnes
808 1467 935 1503 detergit,
951 1473 976 1495 et

1026 227 1120 262 αὐτῷ,
1148 228 1282 261 Φύλυξαι
1301 227 1354 254 τοῦ
1379 227 1546 262 ﬂuvidam,
1570 227 1618 254 καὶ
1645 227 1690 262 μὴ
1721 229 1849 263 φοϐοῦ,

1023 273 1100 308 μηδὲ
1116 274 1134 308 ὴ
1157 272 1242 308 ψυχή
1256 281 1315 300 σου
1329 273 1492 300 ἀσθενείτω
1507 273 1566 300 ἀπὸ
1580 272 1641 300 τῶν
1654 272 1710 300 δύο
1730 273 1853 305 ξύλω»-

1025 319 1085 346 τῶν
1113 319 1216 347 δαιτῖῶν
1244 319 1302 346 τῶν
1335 319 1556 353 καπνιζομένων
1584 320 1710 346 τούτων.
1739 319 1851 345 ὀταν

1026 366 1081 401 γὰρ
1095 364 1167 400 ὀργὴ
1185 365 1238 392 τοῦ
1252 364 1347 400 θυμοῦ
1360 373 1420 399 μου
1436 365 1568 399 γένηται,
1582 363 1677 390 πάλιν
1689 363 1749 390 ιάσ
1755 371 1833 398 opai

1061 411 1233 446 Οἰκτείρμων
1261 410 1344 441 ἧντως
1370 409 1416 436 καὶ
1438 409 1561 444 ἐλεήμων
1590 410 1605 435 ό
1626 408 1757 444 Κύριος,
1798 410 1843 434 κα

1029 458 1133 489 πάντας
1146 456 1308 491 ἀνθρώπους
1322 455 1408 482 ὲοέλει
1423 455 1552 490 σωθῆναι,
1565 454 1612 480 καὶ
1624 455 1664 484 εἰς
1675 454 1796 486 ἐπίγδω
1805 460 1847 477 οι(

1027 502 1157 538 ἀληθείας
1170 501 1266 529 ἐλθεῖν·
1282 502 1420 536 οἰκονομεῖ
1439 501 1466 527 δὲ
1485 500 1574 527 πάντα
1591 499 1696 534 σαφῶς,
1712 500 1768 526 κοιῖ
1794 508 1844 526 κα-

1027 549 1187 576 ταλειαίνων
1201 548 1310 584 ἑκάστῳ
1322 548 1372 583 τῆς
1387 548 1522 583 σωτηρίας
1534 547 1583 582 τὴν
1593 547 1662 573 ὁδόν.
1677 546 1738 573 Καὶ
1754 546 1842 572 τοῦτο

1026 597 1092 630 ἡμῖν
1118 594 1147 627 ἑξ
1172 594 1262 621 αὐτῶν
1288 594 1375 620 ἔνεστι
1391 593 1445 619 τῶν
1466 593 1636 628 πραγμάτων
1658 591 1754 623 οὕτως
1776 592 1841 626 ἔχον

1029 640 1102 666 ἰδεῖν.
1122 639 1205 674 Ἀνὴρ
1223 639 1271 674 μὲν
1285 639 1339 674 γὰρ
1355 639 1468 672 γέγονεν
1482 638 1676 673 εἰδωλολάτρης
1695 639 1710 663 ὀ
1726 637 1838 672 *Αχαζζ

1029 685 1155 721 βδελυρὸς
1180 685 1227 711 καὶ
1253 684 1375 719 βέϐηλος.
1399 684 1510 719 Ἐπειδὴ
1530 684 1558 710 δὲ
1583 681 1618 719 ἦν
1634 685 1663 710 ὲν
1691 683 1853 717 ἁςύκτοιςν

1027 731 1078 766 ἤδη
1095 731 1201 762 κακοῖς,
1219 730 1266 757 καὶ
1279 729 1422 765 μονονουχὶ
1439 729 1571 765 μεθύοντα
1586 730 1643 760 ταῖς
1669 730 1840 764 συμφοραῖς

1027 777 1041 801 ὸ
1070 775 1286 810 φιλοικτείρμων
1312 774 1450 807 τεθέαται,
1481 775 1658 811 προστίθησιν
1687 775 1778 806 εὐθὺς
1808 776 1838 801 «ca

1027 822 1128 855 ἐξεῖναι
1152 821 1311 857 μεταλαχεῖν
1335 823 1384 858 τῆς
1405 822 1471 858 παρ’
1494 821 1574 848 αὑτοῦ
1599 823 1755 857 σωτηρίας,
1786 822 1838 848 ὑπ-

1029 869 1160 903 ισχνεῖται
1177 867 1265 903 δὲτὴν
1283 867 1453 904 ἐπικουρίαν,
1469 867 1512 894 ἵνα
1527 867 1617 903 παύσῃ
1635 867 1738 903 μανίας
1756 867 1838 894 εἰδω-

1027 914 1172 950 λομοίνοῦς,
1202 914 1248 941 καὶ
1267 914 1436 950 ἀποσχέσθαι
1465 914 1662 950 παρασκευάζῃ
1690 914 1751 940 τῶν

1034 961 1307 997 προσεπταισμένων,
1337 960 1384 986 καὶ
1405 959 1434 986 τὸ
1455 960 1503 994 τῆς
1522 959 1637 995 ἀληθοῦς
1657 959 1836 994 θεογνωσίας

1028 1006 1187 1040 ἐκδέξασθαι
1202 1006 1268 1041 φῶς.
1287 1006 1454 1040 Προστάττει
1468 1006 1557 1032 τοίνυν
1580 1006 1594 1032 ὁ
1611 1006 1763 1042 προφήτης
1782 1006 1836 1032 ὐπ-

1028 1053 1145 1088 αντῆσαί
1168 1061 1196 1078 τε
1212 1052 1286 1087 αὐτῷ
1311 1052 1435 1083 συνόντος
1457 1051 1576 1087 Ὶασοῦμ,
1603 1052 1632 1084 ὃς
1654 1053 1834 1086 ὑπόλειμμα

1030 1101 1075 1128 καὶ
1091 1098 1349 1134 ὑπολελειμμένος
1376 1098 1572 1134 ἑρμηνεύεται·
1610 1098 1760 1133 μονονουχὶ
1784 1098 1832 1124 τοῦ

1027 1146 1114 1172 τύπου
1142 1145 1321 1180 σημαίνοντος
1344 1144 1381 1175 ὡς
1399 1145 1427 1170 ἐν
1454 1143 1581 1179 συμϐόλῳ
1597 1144 1637 1179 τῷ
1655 1143 1760 1179 Ἀχαζ,
1791 1144 1832 1170 ὅτι

1030 1192 1181 1227 σωθήσεται
1198 1191 1228 1217 τὸ
1251 1190 1409 1225 ὑπόλειμμα
1425 1190 1471 1217 τοῦ
1498 1189 1581 1217 Ἰούδα
1608 1189 1677 1226 μετά
1692 1189 1766 1216 Θεοῦ
1783 1198 1831 1224 με-

1030 1238 1155 1274 μενηκός.
1173 1237 1240 1263 Θεοῦ
1256 1237 1312 1273 γὰρ
1334 1237 1374 1269 εἰς
1398 1236 1481 1263 τύπον
1496 1237 1509 1262 ὁ
1529 1237 1673 1271 προφήτης
1687 1235 1832 1270 λαμϐάνε-

1028 1291 1084 1313 ται,
1102 1280 1132 1308 εὖ
1156 1281 1185 1308 δὲ
1208 1281 1240 1317 δὴ
1262 1281 1366 1317 σφόδρα
1389 1283 1438 1316 τῆς
1453 1281 1613 1317 ἐπικουρίας
1640 1280 1763 1307 ποιεῖται
1780 1280 1830 1315 τὴν

1029 1328 1175 1362 ὑπόσχεσιν
1209 1327 1255 1354 ἐπὶ
1276 1328 1309 1362 τῇ
1339 1327 1520 1363 κολυμϐήθρᾳ
1545 1327 1594 1361 τῆς
1621 1327 1678 1354 ἅνω
1700 1325 1764 1353 ὁδοῦ
1782 1326 1828 1352 τοῦ

1028 1373 1112 1409 ἀγροῦ
1134 1373 1180 1400 τοῦ
1205 1373 1341 1408 κναφέως.
1359 1372 1451 1404 Τύπος
1467 1373 1495 1399 δὲ
1510 1372 1590 1399 πάλιν
1611 1374 1627 1407 ὴ
1646 1371 1828 1407 κολυμϐήθρα

1028 1419 1075 1454 τῆς
1092 1418 1227 1454 σωτηρίου
1247 1418 1340 1453 πηγῆς
1359 1418 1406 1444 τοῦ
1422 1418 1499 1452 ἁγίου
1515 1418 1717 1453 βαπτίσματος,
1738 1417 1756 1453 ἢ
1780 1418 1826 1444 καὶ

1033 1466 1073 1497 εἰς
1098 1465 1158 1491 ὁδὸν
1181 1465 1255 1500 ἡμᾶς
1283 1464 1417 1499 ἀποφέρει
1442 1465 1491 1499 τὴν
1511 1464 1576 1495 ἄνω,
1601 1465 1647 1490 καὶ
1666 1463 1715 1491 τοῦ
1730 1463 1826 1499 νοητοῦ

182 1511 217 1538 ab
247 1510 459 1545 inquinamentis
487 1510 593 1538 liberat.
625 1510 715 1538 Firma
751 1517 792 1540 est
821 1512 878 1540 11'ch
911 1521 976 1547 ergo

1034 1512 1169 1546 κναφέως,
1195 1511 1266 1537 τοῦτ’
1282 1511 1348 1541 ἔστι,
1376 1511 1422 1537 τοῦ
1440 1511 1528 1537 πάντα
1557 1510 1642 1545 ῥύπον
1669 1510 1750 1546 ἡμῶν
1779 1512 1824 1536 ὲκ-

181 1555 360 1591 pollicitatio:
380 1561 408 1583 et
437 1556 462 1583 in
493 1556 575 1591 figura
604 1557 760 1591 particulari
784 1558 891 1594 sapiens
916 1559 983 1586 aani-

183 1611 245 1638 gma
265 1611 296 1630 ac
312 1603 459 1630 insinuatio
477 1604 514 1630 rei
535 1603 668 1638 generalis
692 1609 718 1631 et
742 1611 788 1639 per
802 1603 950 1638 Christum,
966 1613 980 1632 a

182 1649 317 1683 propheta
331 1648 428 1674 tradita
440 1652 492 1674 est.
511 1648 555 1674 Ait
569 1653 657 1676 autem
675 1657 681 1675 :
699 1658 708 1675 ι
722 1649 789 1676 Vide
801 1655 830 1677 ut
845 1650 980 1684 quiescas,

183 1700 211 1722 et
239 1702 272 1721 ne
289 1694 396 1727 timeas,
419 1701 470 1721 nec
485 1694 575 1721 anima
599 1699 643 1721 ttta
669 1695 836 1728 debilitetur,
850 1705 864 1723 a
877 1697 982 1724 duobus

182 1741 267 1776 lignis
286 1741 411 1768 titiouum
425 1740 537 1767 istorum
559 1739 775 1776 fumigantium.»
798 1743 874 1776 Quod
905 1746 978 1779 quie-

184 1793 261 1814 scere
277 1785 404 1820 curisquc
417 1792 524 1817 vacare,
543 1790 570 1812 et
586 1794 600 1812 a
626 1787 850 1821 trepidationibus
861 1790 982 1817 molestis

183 1830 298 1859 liberum
315 1839 376 1858 esse
393 1831 530 1866 praecipiat
545 1840 552 1858 :
578 1833 700 1859 vocantis
715 1833 841 1861 nimirum
866 1840 918 1867 est,
946 1836 981 1862 id-

184 1885 236 1912 que
245 1877 466 1912 prudentissitnc,
478 1877 511 1904 ad
522 1877 713 1911 obedientiam,
723 1883 751 1906 et
758 1879 838 1907 veluti
851 1881 982 1908 reducen-

184 1922 221 1950 tis
233 1922 264 1948 ad
277 1922 419 1956 principia,
445 1926 473 1948 ut
487 1922 557 1949 colat
567 1930 707 1950 sermones
719 1924 836 1957 divinos,
849 1930 877 1952 et
908 1926 982 1953 veri-

186 1971 267 1994 tatem
285 1973 378 1993 eorum
389 1974 449 2000 quite
465 1966 530 1998 disi,
553 1972 679 2003 prompte
696 1976 746 1996 suo
758 1969 887 2005 sulIragio
916 1978 981 1998 con-

186 2013 303 2039 ﬁteatur.
332 2011 416 2039 Fncrs
434 2020 499 2040 vero
520 2019 546 2040 ct
563 2014 634 2049 ligna
664 2014 795 2042 fumantia
822 2020 902 2044 vocat
923 2024 980 2048 eos.

185 2059 231 2093 qui
249 2062 342 2085 contra
361 2058 436 2084 illum
452 2059 654 2093 eonspirarunt,
670 2061 747 2095 quasi
765 2061 808 2095 qui
824 2061 905 2096 paulo
917 2067 977 2097 post

185 2109 213 2130 et
229 2110 289 2130 esse
313 2109 340 2130 et
367 2111 479 2138 regnare
510 2105 621 2132 desituri
654 2105 718 2132 sint.
747 2106 980 2138 Quemadmodum

185 2150 370 2185 enimliguunt
389 2158 435 2177 seu
463 2150 522 2177 titio
552 2152 659 2186 quando
678 2159 711 2179 ex
732 2152 792 2187 igne
819 2153 980 2180 extrahitur,

185 2195 300 2230 l'nmigat
330 2196 450 2229 quidem,
475 2204 568 2224 verum
604 2197 692 2232 ignem
727 2198 753 2224 in
775 2205 835 2225 sese
862 2199 977 2232 amplius

185 2242 285 2268 habere
300 2241 414 2269 desiuit:
429 2243 487 2277 pari
505 2250 611 2278 quoqtte
628 2244 742 2277 ratione,
755 2244 881 2277 arbitror,
898 2245 978 2272 homo

185 2287 226 2313 vel
245 2287 315 2318 vitae,
332 2287 372 2314 vel
404 2288 441 2315 rei
470 2288 585 2322 alicujus
612 2288 692 2316 tinem
727 2290 856 2323 facturus,
880 2291 977 2318 merito

186 2332 230 2359 fax
251 2333 304 2359 diei
321 2334 430 2367 poterit,
445 2340 492 2360 aut
504 2335 603 2369 lignum
621 2336 709 2363 adhuc
722 2336 869 2372 fumigans.
885 2337 974 2364 Caete-

186 2387 244 2405 rum
263 2379 306 2406 ubi
319 2387 365 2406 eos
385 2380 493 2407 timidos
521 2382 665 2408 admodum
683 2386 708 2408 et
726 2389 843 2410 maerore
877 2391 975 2418 magno

186 2425 305 2452 delectos
321 2433 382 2453 esse
398 2425 569 2462 intelligeret,
589 2427 661 2461 quod
695 2427 856 2456 dimicantes
881 2433 974 2455 contra

186 2470 290 2498 l’haree
305 2472 488 2505 vincerentur,
503 2473 613 2506 etquod
639 2478 746 2500 centum
770 2474 865 2509 viginti
890 2474 974 2502 millia

185 2525 217 2544 ex
231 2517 310 2549 Juda.
327 2523 355 2544 ut
369 2517 435 2549 dixi,
462 2525 516 2545 uno
542 2517 585 2545 die
613 2519 800 2547 corruissent:
829 2520 910 2547 etiam
934 2520 976 2547 his

185 2562 411 2589 terriculatnentis
449 2569 496 2590 eos
532 2562 637 2595 eximit,
667 2568 695 2590 et
719 2564 825 2598 inquit:
846 2564 976 2598 «Quando

186 2608 260 2634 enim
282 2607 324 2634 ira
335 2607 436 2634 furoris
449 2607 501 2635 mei
516 2607 606 2640 fuerit,
624 2608 721 2636 iterum
737 2610 864 2642 sanabo,»
881 2609 908 2637 id
921 2615 972 2644 est,

186 2660 359 2688 nequaquam
375 2653 548 2686 cecidissent,
561 2654 611 2682 nisi
628 2654 703 2682 furor
721 2663 797 2683 meus
808 2655 834 2683 in
863 2663 972 2683 manum

184 2698 302 2726 hostium
325 2705 372 2726 cos
385 2699 551 2727 tradidisset.
569 2699 632 2735 Sed,
651 2700 747 2737 inquit,
766 2702 789 2730 si
818 2701 900 2730 fuerit
934 2702 972 2728 ira

185 2751 245 2771 mea
260 2748 353 2771 contra
369 2745 500 2779 quosdam
518 2753 643 2780 accensa,
657 2755 752 2776 rursus
766 2756 813 2776 eos
836 2748 881 2782 qui
900 2748 972 2783 passi

183 2794 247 2819 sunt
269 2791 381 2819 sanabo.
400 2791 466 2819 Nam
480 2793 526 2827 qui
551 2801 585 2821 ex
608 2793 647 2822 ira
678 2794 799 2828 tradidit,
831 2793 910 2821 facile
940 2801 971 2820 ex

237 2845 258 2861 ³⁸
279 2848 289 2875 l
315 2847 374 2876 Tim
400 2857 430 2883 ιι,
449 2850 475 2878 4.

1034 1557 1196 1592 σμήχοντος,
1216 1556 1263 1583 καὶ
1281 1555 1498 1586 ἀπαλλάττοντος
1512 1555 1667 1591 μολυσμῶν.
1689 1555 1823 1591 ’Δσφαλὴς

1034 1601 1080 1630 οῦν
1106 1603 1122 1637 ἡ
1141 1602 1296 1637 ὑπόσχεσις,
1320 1601 1367 1627 καὶ
1380 1600 1417 1632 ὼς
1435 1602 1462 1627 ἐν
1486 1601 1564 1636 τύπῳ
1577 1601 1626 1635 τῆς
1643 1603 1761 1638 μερικῆς
1777 1601 1823 1636 τῆς

1035 1649 1149 1676 καθόλου
1165 1648 1211 1674 καὶ
1226 1647 1269 1674 διὰ
1285 1647 1414 1682 Χριστοῦ,
1432 1647 1511 1681 σοςὸν
1524 1646 1625 1674 δέδοται
1641 1647 1680 1682 τῷ
1697 1648 1822 1684 προφήτῃ

1032 1695 1062 1721 τὸ
1079 1695 1201 1729 αἴνιγμα.
1226 1693 1295 1729 Φησὶ
1309 1694 1337 1719 δὲ
1353 1693 1392 1724 τὸ,
1412 1703 1420 1718 ι
1436 1693 1573 1720 Φυλάσσειν
1604 1693 1650 1720 τοῦ
1678 1694 1819 1729 ἡτυχάσαι,

1036 1741 1084 1767 καὶ
1100 1740 1137 1776 μὴ
1153 1738 1236 1774 φοϐοῦ
1246 1759 1253 1770 ,
1274 1739 1340 1774 μηδὲ
1358 1740 1374 1776 ἡ
1387 1739 1460 1775 ψυχή
1476 1748 1521 1766 σου
1540 1739 1687 1766 ἁσθενείτω
1703 1740 1756 1766 ἀπὸ
1771 1740 1820 1767 τῶν

1032 1786 1077 1813 δύο
1104 1785 1190 1819 ξύλων
1209 1785 1263 1812 τῶν
1283 1785 1370 1811 δαλῶν
1395 1785 1449 1811 τῶν
1468 1785 1675 1820 καπνιζομένων
1689 1786 1815 1812 τούτων.»

1033 1833 1087 1860 Καὶ
1104 1832 1133 1858 τὸ
1153 1832 1202 1866 μὲν
1226 1832 1382 1859 ἐπιτάττειν
1397 1832 1512 1866 ἠρεμεῖν
1532 1831 1578 1858 καὶ
1597 1831 1746 1866 φροντίδων
1761 1832 1818 1867 δίχα

1032 1878 1172 1910 διατελεῖν,
1203 1877 1250 1904 καὶ
1280 1877 1333 1912 μὴν
1363 1877 1410 1904 καὶ
1441 1876 1576 1911 δειμάτων
1603 1877 1816 1904 ἀπαλλάττεσθαι

1032 1923 1158 1959 χαλεπῶν
1171 1932 1178 1938 θ
1198 1923 1342 1955 καλοῦντος
1358 1921 1391 1957 ἦν
1405 1923 1459 1958 ἄρα
1473 1924 1519 1949 καὶ
1535 1923 1608 1957 μάλα
1624 1923 1766 1958 ἐμφρόνως
1780 1924 1816 1955 είς

1033 1970 1197 1999 εὐπείθειαν,
1227 1969 1273 1996 καὶ
1298 1969 1380 1995 οἱονεὶ
1403 1970 1442 2000 είς
1457 1968 1544 2005 ἀρχὰς
1569 1969 1750 2003 ἀναφέροντος
1773 1969 1814 1995 τοῦ

1033 2016 1131 2051 χρῆναι
1144 2016 1224 2050 τιμᾷν
1241 2015 1303 2046 τοὺς
1320 2015 1384 2050 περὶ
1404 2015 1471 2041 Θεοῦ
1486 2015 1591 2049 λὸγους,
1615 2015 1661 2042 καὶ
1674 2012 1716 2046 οἷς
1733 2015 1763 2042 ἂν
1774 2015 1810 2041 λέ-

1034 2069 1078 2094 γοι
1092 2060 1122 2086 τὸ
1139 2060 1237 2095 ἀληθὲς
1251 2060 1368 2095 ἑτοίμως
1383 2060 1606 2095 ἐπιψηφίζεσθαι.
1621 2060 1723 2092 Δαλοὺς
1736 2061 1761 2086 δὲ
1772 2062 1812 2087 καὶ

1033 2105 1099 2139 ξύλα
1115 2106 1301 2140 καπνιζὸμενα
1315 2106 1401 2138 καλεῖ,
1418 2107 1480 2138 τοῦς
1494 2107 1553 2132 κατ’
1571 2106 1652 2132 αὑτοῦ
1671 2115 1810 2141 συμπεφω-

1033 2151 1160 2187 νηκότας,
1178 2152 1215 2183 ὡς
1231 2152 1292 2178 ὅσον
1308 2152 1413 2178 οὐδέπω
1433 2152 1657 2188 πεπαυσομένους
1674 2153 1722 2178 καὶ
1738 2152 1808 2179 αὑτοῦ

996 2192 1017 2218 Ῑ)
1029 2198 1076 2226 τοῦ
1089 2195 1169 2229 εἶναι,
1187 2198 1234 2224 καί
1245 2198 1294 2232 τῆς
1310 2198 1459 2233 βασιλείας.
1469 2198 1573 2233 Ὥσπερ
1584 2198 1639 2234 γὰρ
1650 2197 1726 2230 ξύλον
1738 2199 1808 2234 ἤγουν

1029 2244 1043 2270 ὸ
1057 2243 1145 2274 δαλὸς,
1175 2243 1238 2269 ὅταν
1257 2242 1383 2277 ἐξέληται
1406 2242 1452 2269 τοῦ
1468 2243 1565 2278 πυρὸς,
1580 2242 1738 2274 καπνίςεται
1757 2242 1805 2277 μὲν,

1029 2289 1098 2324 πλὴν
1111 2290 1139 2315 εν
1154 2289 1300 2324 καταλήξει
1316 2289 1432 2322 γίνεται,
1447 2289 1494 2315 τοῦ
1512 2290 1560 2315 καὶ
1578 2289 1618 2315 ἔτι
1633 2290 1663 2315 τὺ
1680 2288 1734 2324 πῦρ
1747 2289 1806 2325 ἔχειν

1028 2335 1056 2362 ἐν
1072 2334 1171 2370 ἐαυτῷ·
1187 2335 1257 2361 κατὰ
1272 2335 1318 2360 τὸν
1331 2333 1400 2365 ἴσον,
1413 2332 1500 2370 οἶμαι,
1519 2335 1625 2360 τουτονὶ
1641 2335 1748 2370 τρόπον,
1769 2335 1805 2361 καὶ

1027 2381 1172 2416 ἄνθρωπος
1197 2380 1304 2416 μέλλων
1319 2381 1335 2416 ἣ
1354 2380 1426 2415 ζωῆς
1441 2381 1457 2416 ἢ
1473 2382 1634 2417 πράγματος
1659 2382 1687 2407 ἐν
1702 2381 1804 2415 καταλή-

1029 2426 1069 2460 ξει
1082 2426 1214 2461 γίνεσθαι,
1226 2427 1324 2460 λέγοιτ’
1340 2426 1372 2453 ἂν
1384 2426 1494 2459 είκότως
1510 2427 1588 2458 δαλὸς
1603 2427 1619 2462 ἢ
1633 2426 1711 2460 ξύλον
1724 2436 1803 2453 καπνι-

1029 2473 1142 2509 ζόμενον
1155 2473 1205 2500 ἔτι.
1233 2472 1343 2508 Ἐπειδὴ
1356 2472 1384 2498 δὲ
1400 2473 1541 2508 ὴπίστοιτο
1556 2473 1689 2509 περιδεεῖς
1705 2473 1803 2508 μάλιστα

1029 2518 1185 2553 γεγονότας,
1201 2517 1248 2544 καὶ
1266 2518 1292 2543 ἐν
1316 2518 1456 2553 κατηφείᾳ
1473 2518 1568 2554 πολλῇ,
1588 2519 1633 2545 διά
1646 2527 1675 2545 τε
1692 2518 1720 2544 τὺ
1738 2519 1804 2553 ἡττᾶ-

1031 2565 1092 2591 σθαι
1104 2572 1138 2599 με
1142 2572 1214 2599 μαχη
1220 2564 1317 2598 μένους
1331 2564 1398 2598 πρὸς
1408 2564 1506 2596 Φακεὲ,
1520 2565 1564 2591 ὅτε
1572 2564 1619 2591 καὶ
1635 2563 1801 2595 πεπτώκασιν,

1029 2611 1067 2642 ὡς
1090 2610 1169 2646 ἔφην,
1200 2610 1296 2636 ἑκατὸν
1311 2610 1397 2636 εἴκοσι
1417 2610 1533 2645 χιλιάδες
1561 2612 1593 2637 ἐκ
1609 2611 1656 2638 τοῦ
1682 2611 1759 2637 Ἰούδα
1780 2611 1802 2636 ὲν

1027 2656 1121 2691 ἡμέρα
1137 2656 1201 2691 μιᾷ·
1224 2655 1272 2682 καὶ
1293 2655 1396 2681 τούτων
1411 2655 1535 2692 ἐξίστησι
1549 2656 1604 2683 τῶν
1618 2656 1747 2691 δειμάτων
1765 2656 1802 2682 αὖ·

1025 2702 1098 2732 τοὺς,
1114 2701 1159 2727 καί
1185 2708 1276 2735 φησιν·
1295 2700 1397 2727 «Ὅταν
1426 2700 1480 2736 γὰρ
1500 2701 1638 2737 ὀργὴ“τοῦ
1657 2701 1739 2737 θυμοῦ
1762 2710 1801 2737 μου

1025 2747 1148 2783 γένηται,
1164 2747 1243 2774 πάλιν
1262 2747 1401 2782 iniecturi
1419 2746 1490 2773 τοῦτ’
1508 2747 1590 2779 ἔστιν,
1608 2747 1662 2773 οὐδ’
1677 2747 1708 2774 ἂν
1722 2748 1800 2774 ἐκεῖνοι

1027 2793 1216 2828 πεπτώκασιν,
1235 2795 1259 2820 εἰ
1278 2794 1315 2830 μὴ
1338 2792 1453 2820 δέδωκεν
1477 2794 1574 2826 αὐτοὺς
1598 2794 1650 2821 ὑπὸ
1672 2795 1745 2832 χεῖρα
1758 2792 1799 2822 τῶν
