1887 3054
193 124 245 153 199

683 124 713 152 S.
733 123 874 152 CYRILLI
892 123 1130 152 ALEXANDRINI
1150 124 1310 153 ARCHIEP.

1813 127 1875 154 Ml)

193 194 257 221 vero
263 187 344 216 etiam
351 187 379 214 in
388 184 631 217 δεηιπὴιιηιιιοοο,
639 183 684 218 qni
691 187 749 210 erat
757 182 885 211 Romeliae
894 183 974 217 ﬁliusl

1043 183 1128 210 occ-3v.
1152 182 1342 212 Ἀποθανόντος
1369 181 1397 208 δὲ
1423 181 1471 208 καὶ
1495 181 1542 209 τοῦ
1565 182 1665 215 Φακεὲ,
1688 182 1727 209 ὲν
1749 183 1792 218 τῇ
1810 184 1871 210 Σα-

193 241 306 269 regnum
322 232 402 267 119
413 231 509 266 accipit
520 229 589 258 Osee
604 229 674 256 ﬁlius
691 229 756 262 Elaz,
771 228 813 256 vir
826 228 977 264 improbus,

192 283 219 307 et
233 279 382 307 daemonum
398 275 602 310 deceptionibus
616 274 757 302 addictior.
776 274 835 308 Quo
867 282 978 310 regnum

193 324 378 359 gubernante,
394 320 516 348 ascendit
533 319 710 347 Salmanasar
731 320 860 356 Assyrius
883 320 980 347 adver-

193 376 239 396 sus
257 372 338 395 totam
353 366 516 398 Samariam,
538 370 565 393 et
586 364 730 393 confestim
758 369 839 400 capto
855 364 936 398 Osea,
951 371 980 392 et

194 415 221 441 in
236 413 296 440 loco
311 411 383 439 servi
397 411 499 444 habito,
514 418 546 438 ac
559 414 656 438 cuncta
671 409 784 446 regione
810 414 927 442 vastata,
953 414 981 437 et

194 459 375 486 lsraelitarnm
389 462 460 485 terra
474 456 594 485 desolata
608 465 640 484 ac
652 456 771 489 deserta,
784 456 844 484 loco
860 456 979 492 ipsorum

195 505 346 532 incolarum
359 504 506 539 inquilinos
521 504 654 538 quosdam
681 503 832 535 constituit,
848 506 895 530 aut
915 509 981 529 sane

192 558 227 578 ex
242 551 358 578 subditis
384 551 453 582 suis,
476 550 700 585 Ecchutbamqne
722 553 750 577 et
775 548 978 583 Sapplrarvian.

193 596 295 624 Gentes
311 601 415 628 autem,
431 596 523 628 credo,
537 595 578 623 lue
591 595 727 622 Persica:
751 595 791 622 sic
807 594 880 622 enim
905 594 931 622 in
947 594 980 621 li-

195 642 252 670 bris
266 642 419 677 Begnorum
433 643 564 676 scriptum
585 646 636 668 est.
656 639 741 675 liuius
759 640 836 668 nobis
860 640 982 668 historia:

195 689 377 714 narrationem
399 687 530 721 propheta
549 693 769 713 commemorans
785 694 792 713 :
810 694 820 712 (
836 684 900 713 Hac
916 685 982 713 dicit

196 732 336 766 Dominus,
352 732 439 767 inquit
453 740 459 758 :
480 731 537 758 Non
553 730 673 758 manebit
684 730 829 758 consilium
847 730 909 763 hoc,
931 737 983 757 ne-

194 785 248 812 que
260 778 324 810 erit,
339 778 386 805 sed
402 781 484 812 caput
503 777 586 804 Aram
606 776 765 808 Damascus,
780 781 805 804 et
822 781 906 811 caput
930 775 982 803 Da-

196 825 280 852 masci
293 823 448 855 Rhaasson.
463 823 510 850 sed
528 823 596 849 intra
609 830 695 850 annos
710 823 850 857 sexaginta
861 828 888 849 et
900 822 980 857 quin-

1032 229 1141 265 μαρείᾳ,
1171 229 1200 261 ὃς
1224 227 1259 265 ἦν
1280 228 1327 255 τοῦ
1347 227 1497 263 Ῥομελίου,
1517 228 1674 263 διαδέχεται
1713 228 1782 264 τὴν
1814 230 1870 264 βα-

1031 274 1133 301 σιλείαν
1152 274 1232 311 Ὠσηὲ
1246 274 1303 305 uio;
1321 272 1398 306 ma,
1411 273 1529 308 πονηρὸς
1544 273 1624 309 ἀνὴρ,
1636 273 1691 300 καὶ
1706 275 1788 306 ταῖς
1801 274 1867 301 τῶν

1029 319 1175 355 δαιμονίων
1190 319 1309 351 ἀπάταις
1320 319 1489 354 ἐγκείμενος.
1506 315 1710 353 οὗ,διέποντος
1728 319 1794 355 τὴν
1812 321 1867 355 βα-

1031 364 1135 391 σιλείαν
1147 364 1231 399 ἁνέὃη
1244 364 1427 400 Σαλμανασὰρ
1441 366 1455 392 6
1477 365 1620 401 Ἀσσύριος
1642 365 1729 392 κατὰ
1752 366 1864 402 πάσης

1030 409 1080 445 τῆς
1092 410 1261 445 Σαμαρείας,
1275 411 1323 437 καὶ
1333 411 1504 446 παραχρῆμα
1517 411 1566 446 μὲν
1579 408 1652 437 εἷλεν
1667 411 1728 437 τὸν
1750 411 1860 447 Ὠσηὲ,

1031 456 1078 483 καὶ
1093 457 1123 483 ὲν
1139 456 1246 483 οἰκέτου
1263 457 1338 489 τάξει
1356 457 1515 492 πεποίηται·
1533 457 1727 493 καταδῃώσας
1748 457 1786 485 δὲ
1802 459 1860 494 τὴν

1031 502 1123 538 χώραν
1138 502 1257 535 ἅπασαν,
1270 503 1317 530 καὶ
1327 503 1382 530 τῶν
1395 503 1462 530 υἰῶν
1481 503 1590 539 Ἰσραὴλ
1602 505 1767 540 ἀποφήνας
1784 505 1858 540 ἐρή-

1033 557 1097 584 μην,
1115 547 1275 584 καθίστησιν
1294 548 1351 575 ἀντ’
1367 548 1455 575 αὐτῶν
1481 549 1536 576 τῶν
1563 549 1636 576 ἰδίων
1652 550 1747 581 τινὰς
1774 551 1855 577 ἐνοί-

1032 603 1108 626 κους,
1122 595 1181 630 ἦτοι
1195 595 1249 622 τῶν
1269 595 1321 622 ὑπὸ
1335 596 1423 630 χεῖρα,
1441 595 1486 622 τόν
1502 603 1533 622 τε
1553 595 1693 631 Ἐκχουθὰ
1721 597 1781 623 καὶ
1800 597 1854 624 τὸν

1032 640 1248 677 Σαπφαρουῑαψ
1272 640 1335 676 Εθνη
1354 641 1383 667 δὲ
1412 638 1488 676 οἶμαι
1512 642 1591 668 ταυτὶ
1614 642 1768 677 Περσικά.
1799 643 1854 669 Γέ-

1032 696 1154 723 γραπται
1170 687 1224 724 γὰρ
1249 687 1336 719 οὕτως
1358 688 1388 714 ὲν
1408 688 1510 723 βίΰλοις
1528 688 1692 715 Βασιλειῶν.
1725 689 1853 724 Ταύτης

1033 734 1099 769 ἡμῖν
1123 733 1242 770 ἱστορίας
1267 733 1316 769 τὴν
1333 733 1472 769 ἀφήγησιν
1495 734 1510 760 6
1533 734 1697 770 προφήτης,
1725 734 1828 768 λέγων
1842 743 1848 749 '

1034 790 1046 807 ‹
1058 781 1128 808 Τάδε
1144 780 1219 815 λέγει
1233 781 1352 816 Κύριος·
1367 780 1406 807 οὐ
1425 781 1462 816 μὴ
1474 780 1590 817 ὲμμείνῃ
1606 781 1623 816 η
1637 779 1730 816 βουλὴ
1757 780 1848 815 αὕτη,

1033 826 1094 853 οὐδὲ
1110 826 1197 857 ἔσται,
1217 826 1275 852 ἀλλ’
1291 827 1308 861 ἠ
1329 825 1434 861 κεφαλὴ
1453 825 1573 861 Ἐφραῗμ
1593 826 1767 862 Δαμασκδς,
1797 827 1846 852 καὶ

195 878 248 906 que
259 870 367 898 deﬁciet
381 877 492 905 regnum
505 868 631 903 Ephraim
642 875 657 895 a
671 868 779 903 populo.
793 878 803 894 ι
818 867 850 895 Et
864 868 974 895 obscura

1043 872 1172 909 ἰκεφαλὴ
1199 858 1347 907 Δαμασέιοῦ
1369 858 1524 907 ἺῬαασσίμλ
1547 858 1604 899 ἀλλ’
1627 858 1669 899 έτι
1696 871 1846 907 ἑξήκοντα

195 916 303 952 quidem
318 920 360 943 est
374 915 519 942 verborum
537 918 689 948 structura,
705 918 733 941 at
744 915 816 942 hunc
831 914 858 941 in
871 914 980 941 modum

195 962 365 997 assequenda
380 965 441 988 est:
460 960 558 995 Caput,
572 959 671 995 inquit,
684 960 777 992 Aram,
789 960 815 987 id
831 964 873 987 est
886 959 980 994 Syriae,

196 1009 356 1036 Damascus.
383 1006 542 1041 Metropolis
557 1006 631 1034 enim
659 1005 745 1042 Syrias
768 1005 927 1037 Damascus.
956 1009 983 1032 et

197 1059 279 1090 caput
294 1053 420 1081 Damasci
438 1052 599 1084 Rhaassim,
620 1052 647 1079 id
664 1056 706 1080 est
723 1051 876 1080 llhaasson.
899 1051 984 1086 Caput

197 1099 329 1134 siquidem
345 1098 466 1134 regionis
487 1103 515 1126 et
530 1097 649 1125 civitatis
666 1101 720 1130 est,
746 1098 791 1133 qui
818 1105 929 1133 regnum
956 1096 982 1123 in

197 1146 256 1174 illos
269 1146 348 1182 gerit.
374 1145 407 1172 Et
423 1151 535 1180 regnum
561 1143 686 1179 Ephraim
704 1143 812 1171 deﬁciet
830 1151 845 1170 a
861 1142 959 1178 populo
975 1151 983 1176 ;

199 1193 225 1219 in
253 1192 332 1219 annis
358 1191 498 1226 sexaginta
528 1194 556 1218 et
586 1189 706 1224 quinque
736 1189 844 1217 deﬁciet
871 1195 983 1224 regnum

200 1237 343 1273 Epliraim,
357 1237 383 1264 id
395 1241 437 1264 est
449 1235 547 1268 Israel;
560 1235 669 1263 deﬁciet
679 1242 787 1270 quoque
798 1238 877 1269 caput
889 1235 983 1265 Aram.

199 1283 225 1311 id
242 1287 283 1312 est
296 1283 453 1316 Damascus,
468 1287 496 1310 et
518 1286 600 1317 caput
617 1281 750 1313 Damasci,
769 1281 795 1308 id
822 1284 864 1308 est
879 1280 985 1308 Rbaas-

198 1337 259 1357 son.
278 1329 355 1363 Cepit
378 1329 461 1360 enim.
479 1331 508 1354 ut
534 1327 601 1360 dixi,
627 1326 899 1363 Theglaphallasarus
931 1326 985 1354 Da-

200 1382 320 1402 mascum
336 1378 364 1401 et
378 1373 529 1406 Rhaasson,
542 1377 570 1400 et
584 1372 802 1406 Salmanasarns,
820 1372 917 1400 Oscam
936 1379 982 1399 re-

201 1427 261 1458 gem
280 1419 422 1455 Ephraim,
444 1419 502 1446 sive
526 1419 645 1452 lsraelis,
670 1423 698 1446 et
717 1417 906 1449 Somorrham,
929 1417 987 1444 sive

201 1465 365 1496 Samariam,
381 1464 564 1492 communiter
577 1469 705 1492 currente
720 1469 749 1492 et
763 1464 927 1491 inserviente
941 1462 987 1490 illo

1033 916 1080 943 καὶ
1097 916 1177 943 πέντε
1203 916 1273 942 ὲτῶν
1297 916 1417 951 ἐκλείψει
1443 917 1460 952 ὴ
1483 916 1606 951 βασιλεία
1627 916 1761 953 Ἐφραῖμ
1787 918 1845 943 ἀπὸ

1033 962 1126 989 λαοῦ.»
1142 962 1198 989 Καὶ
1210 962 1319 998 ἀσαφὴς
1331 962 1379 998 μὲν
1393 963 1410 998 ἡ
1421 961 1475 990 τῶν
1482 962 1581 995 λέξεων
1595 962 1737 998 συνθήκη·
1754 971 1845 998 προσ-

1034 1008 1126 1035 ϐαλεῖν
1142 1008 1171 1035 δὲ
1189 1008 1243 1044 χρὴ
1273 1008 1394 1035 τοιῶσδε·
1420 1008 1452 1035 'H
1467 1009 1593 1044 κεφαλὴ¹,
1609 1009 1706 1044 φησιν,
1732 1009 1841 1044 ’Δρὰμ,

1034 1053 1106 1080 τοῦτ’
1123 1053 1182 1080 ἔστι
1204 1054 1255 1089 τῆς
1269 1054 1378 1090 Συρίας,
1394 1054 1550 1090 Δαμασκδς,
1565 1055 1613 1082 καὶ
1624 1056 1641 1091 ἡ
1656 1054 1772 1090 κεφαλὴ
1788 1055 1842 1081 Δα-

1037 1099 1142 1135 μασκοῦ
1166 1099 1312 1134 Ῥαασσὶμ,
1328 1099 1401 1126 τοῦτ’
1420 1099 1493 1126 ἔστιν
1506 1101 1520 1127 6
1543 1100 1705 1127 Ῥαασσών·
1726 1100 1839 1134 κεφαλή

1034 1145 1090 1181 γὰρ
1099 1145 1147 1180 τῆς
1156 1153 1186 1171 τε
1196 1144 1288 1181 χώρας
1307 1145 1413 1181 καὶτῆς
1426 1145 1530 1178 πόλεως
1539 1147 1553 1173 ὁ
1566 1147 1720 1182 βασιλεύων
1731 1147 1837 1174 αὐτῶν.

1035 1192 1092 1218 Καὶ
1107 1192 1123 1227 ὴ
1141 1191 1264 1227 βασιλεία
1283 1191 1312 1218 δὲ
1333 1190 1452 1227 Ἐφραίμ
1473 1191 1593 1228 ἐκλείψει
1612 1193 1667 1219 ἀπὸ
1689 1193 1760 1220 λαοῦ
1772 1202 1780 1208 ·
1796 1194 1836 1220 ἔτι

1036 1237 1167 1273 ἑξήκοντα
1175 1238 1222 1265 καὶ
1232 1238 1313 1265 πέντε
1322 1238 1390 1265 ἑτῶν
1399 1238 1517 1273 ἐκλείψει
1528 1240 1545 1274 ἡ
1557 1239 1682 1274 βασιλεία
1698 1240 1834 1276 Ἐφραῖμ,

1035 1284 1107 1311 τοῦτ’
1132 1284 1208 1317 ἔστι,
1228 1283 1275 1311 τοῦ
1303 1284 1427 1320 Ἰσραήλ·
1459 1285 1579 1319 ἐκλείψει
1609 1286 1656 1312 καὶ
1682 1287 1700 1322 ἡ
1726 1287 1834 1322 κεφαλὴ

1043 1331 1142 1366 Ἀρὰμ,
1157 1330 1229 1357 τοῦτ’
1247 1330 1320 1357 ἐστιν
1338 1331 1355 1366 ἡ
1375 1330 1531 1366 Δαμασκδς,
1547 1332 1593 1358 καὶ
1612 1333 1628 1368 ἡ
1649 1333 1759 1368 κεφαλὴ
1781 1335 1833 1359 Δα-

1038 1377 1156 1414 μασκοῦ.
1181 1378 1254 1405 τοῦτ’
1281 1377 1354 1404 ἐστιν
1381 1378 1395 1404 6
1421 1378 1570 1406 Ῥαασσών.
1593 1377 1674 1406 Εἷλεν
1703 1379 1770 1414 γὰρ,
1795 1380 1831 1411 ὡς

1037 1422 1117 1458 ἔφην,
1132 1423 1147 1449 6
1170 1422 1219 1458 μὲν
1247 1422 1481 1458 Θεγλαφαλλασὰρ
1497 1425 1546 1459 τήν
1567 1432 1597 1450 τε
1621 1425 1770 1460 Δαμασκὸν
1784 1426 1829 1451 καὶ

1037 1470 1084 1496 τὸν
1102 1467 1254 1501 Ῥαασσὼν,
1269 1469 1284 1495 6
1300 1469 1328 1495 δὲ
1352 1469 1534 1505 Σαλμνασάρ
1549 1470 1594 1497 τὸν
1614 1471 1694 1505 Ὠσηὲ
1719 1471 1828 1506 βασιλέα

201 1512 298 1546 verbo,
313 1511 423 1545 Deﬁciet
437 1518 446 1537 :
464 1517 492 1538 et
504 1515 584 1546 caput
608 1510 736 1545 Ephraim
762 1509 860 1536 civitas
877 1508 974 1536 Somor

1045 1515 1176 1551 Ἐφραῒμ,
1193 1516 1253 1551 ἦτοι
1276 1515 1323 1543 τοῦ
1344 1516 1462 1551 Ἰσραὴλ,
1483 1517 1530 1542 καὶ
1545 1516 1594 1551 τὴν
1614 1517 1755 1553 Σομόρων,
1771 1518 1827 1553 ἦτοι

201 1558 325 1589 rhorum,
340 1556 448 1584 deﬁciet
469 1564 574 1584 rursus.
588 1556 674 1591 Caput
688 1560 777 1583 autem
791 1554 918 1588 Ephraim
936 1553 988 1581 So-

203 1603 315 1631 morrha
330 1608 420 1636 vocat,
438 1603 462 1629 id
481 1607 523 1630 est
537 1601 698 1629 Samariam.
721 1600 806 1628 Mater
825 1600 897 1627 enim
913 1600 989 1634 prin-

201 1656 320 1683 cepsque
334 1649 430 1676 civitas
440 1647 571 1675 Samaria:
583 1647 741 1675 Somorrha.
754 1646 882 1680 Ephraim
899 1649 988 1672 auten

201 1694 309 1729 quando
323 1693 398 1723 dicit,
414 1692 537 1720 lsraelem
558 1696 648 1724 notat;
682 1695 710 1718 et
729 1695 806 1726 caput
829 1689 989 1717 Somorrho-

203 1747 262 1766 rum
281 1739 351 1766 ﬁlius
367 1738 505 1771 Romelire,
521 1738 546 1765 id
560 1743 601 1765 est
618 1737 727 1765 Phacee
741 1745 748 1764 :
765 1736 835 1764 redit
849 1743 881 1763 ac
894 1742 988 1762 recnr‘

203 1785 239 1811 rit
255 1784 352 1811 iterum
372 1783 435 1810 illud
450 1783 551 1818 deﬁciet
569 1783 594 1810 in
610 1782 746 1809 omnibus.
762 1780 890 1815 Adjungit
907 1786 989 1815 porro

203 1830 296 1857 hisce:
312 1839 321 1855 ι
340 1829 375 1856 Ει
395 1829 418 1856 si
433 1836 485 1856 non
512 1828 696 1860 credideritis,
720 1835 774 1854 non
795 1826 961 1861 intelligetis.
977 1834 986 1850 ι

201 1876 236 1903 Ει
253 1877 310 1903 haec
325 1876 434 1910 quidem
450 1883 503 1903 non
521 1875 658 1902 immerito
673 1874 810 1902 dicuntur.
825 1872 930 1900 Etenim
944 1872 989 1906 qui

204 1921 250 1948 Dei
269 1923 381 1948 verbum
405 1925 517 1955 propter
534 1917 752 1946 incredulitatem
763 1921 880 1944 onerant
894 1921 990 1944 contu-

203 1966 304 1998 meliis,
322 1965 348 1992 hi
367 1962 521 2000 cognitione
536 1964 596 1997 ejus
607 1963 710 1997 praediti
727 1969 787 1989 esse
799 1969 851 1989 non
866 1966 990 1996 possunt.

203 2011 318 2046 Oportet
331 2010 412 2046 igitur
434 2010 626 2037 incunctanter
649 2008 770 2042 recipere
785 2014 845 2041 quae
860 2005 990 2033 exhiben-

204 2063 248 2086 tur
262 2066 276 2084 a
291 2058 357 2090 Deo.
373 2062 400 2084 et
414 2064 473 2092 qua:
499 2055 643 2090 pollicetur
667 2061 699 2081 ac
721 2052 852 2087 loquitur,
874 2051 916 2079 his
942 2058 991 2078 an-

204 2111 289 2131 nuere
305 2104 442 2131 alacriter.
461 2100 500 2128 Ita
520 2101 597 2128 nobis
615 2099 696 2126 inerit
715 2098 833 2133 cognitio
857 2097 940 2129 bona,
964 2100 990 2123 et

204 2155 319 2177 utentem
339 2155 460 2176 nostram
477 2146 623 2174 illustrabit
641 2145 686 2172 lux
702 2144 842 2179 sapientia:
866 2141 935 2176 eius.

238 2254 321 2281 Vens.
342 2252 383 2280 10.
401 2251 433 2277 Et
446 2249 559 2284 perrexit
573 2248 697 2275 Dominus
723 2247 795 2280 (equi
815 2247 931 2280 Achazo,
945 2248 988 2274 di-

203 2307 282 2328 tem:
296 2298 405 2326 Postulo
416 2297 462 2323 tibi
476 2296 582 2330 signant
606 2303 621 2320 α
635 2294 689 2320 Dea
707 2293 787 2328 120
802 2298 857 2325 tuo,
877 2294 905 2320 in
930 2301 990 2328 pro-

204 2346 326 2381 fundum,
349 2343 387 2371 υεί
411 2344 439 2370 in
458 2341 598 2369 επειίιιιηι.
618 2339 650 2366 Et
668 2340 735 2366 dixit
756 2340 846 2366 Achaz
858 2347 868 2366 :
887 2339 989 2375 Nequa-

202 2399 281 2427 quam
294 2389 445 2425 poatulabo,
460 2394 624 2422 nequaquam
636 2387 739 2414 tentabo
756 2385 908 2413 Dominum.

239 2437 350 2466 Acbazo
367 2435 493 2462 thronum
510 2432 584 2468 regni
597 2432 736 2460 obtinente
746 2431 953 2467 Hierosolymis,
963 2436 991 2460 et

203 2483 238 2511 ad
251 2482 457 2510 eﬁ‘renationem
473 2479 615 2514 quamdam
638 2478 714 2506 valde
731 2479 866 2514 prolapso,
885 2483 913 2506 et
933 2479 990 2506 da:-

205 2529 357 2556 moniornm
371 2526 487 2554 cultibus
503 2525 578 2553 falsis
596 2525 809 2557 adharescente,
828 2532 890 2552 eum
903 2523 989 2551 omni-

203 2576 254 2602 bus
271 2573 358 2601 modis
375 2576 487 2600 conatur
502 2572 535 2599 ad
556 2571 653 2599 melius
671 2571 823 2602 traducere,
834 2576 862 2597 et
877 2576 906 2597 ut
923 2570 990 2598 veri-

203 2619 268 2646 tatis
285 2618 427 2654 opiniones
453 2621 625 2645 consectetur
642 2624 674 2643 ac
694 2616 796 2650 cupiat,
814 2620 841 2642 et
859 2620 931 2643 recta
957 2615 990 2643 de

204 2664 258 2692 ileo
273 2663 374 2691 sentire
387 2662 462 2690 velit.
475 2662 608 2696 Quoniam
626 2662 707 2697 igitur
723 2660 854 2688 idolorum
871 2661 988 2688 cultores

203 2709 371 2746 magnifacit,
386 2717 418 2736 ac
433 2716 503 2736 cum
520 2708 666 2743 studioque
679 2707 705 2735 ei
726 2706 777 2734 fuit
795 2714 886 2734 rerum
907 2715 990 2735 even-

203 2764 247 2783 tus
257 2754 391 2783 curiosius
400 2754 528 2786 scrutari,
537 2759 565 2782 et
575 2761 608 2782 ex
620 2753 708 2780 sacris
719 2752 854 2781 sciscitari
867 2753 988 2787 oracula,

201 2802 346 2836 verbisque
359 2800 487 2829 falsorum
510 2805 602 2826 vatum
623 2798 768 2831 ludiﬁcari,
789 2800 918 2833 periculis
940 2800 988 2826 im-

201 2845 391 2883 pendentibus,
404 2845 541 2874 Achazum
555 2844 613 2872 hac
631 2843 786 2873 molientem
798 2846 914 2873 retrahit
927 2849 990 2873 ante

1040 1561 1207 1598 Σαμαρείαν,
1226 1561 1281 1588 ἀπὸ
1297 1562 1387 1589 κοινοῦ
1403 1562 1545 1597 τρέχοντος
1561 1562 1591 1588 τὺ
1613 1563 1746 1597 ἐκλείψει
1758 1572 1764 1578 '
1783 1565 1826 1590 καὶ

1040 1609 1056 1643 ὴ
1071 1607 1176 1644 κεφαλὴ
1192 1608 1221 1635 δὲ
1245 1608 1365 1644 Ἐφραῒμ
1381 1609 1509 1644 Σομόρων
1526 1609 1643 1644 ἐκλείψει
1660 1611 1753 1638 πάλιν.
1775 1612 1826 1637 Κε-

1043 1654 1169 1689 φαλὴνδὲ
1189 1654 1308 1690 Ἑφραϊμ
1320 1655 1354 1682 τὰ
1375 1654 1484 1690 Σόμορα
1506 1655 1593 1688 καλεῖ,
1610 1656 1683 1683 τοῦτ’
1699 1656 1754 1683 ἔστι
1780 1657 1825 1692 τὴν

1040 1699 1212 1735 Σαμαρείαν·
1247 1699 1414 1736 μητρόπολις
1445 1701 1499 1736 γὰρ
1527 1701 1682 1736 Σαμαρείας
1709 1703 1819 1738 Σόμορε.

1046 1745 1168 1782 Ἐφραῒμ
1181 1746 1209 1772 δὲ
1222 1747 1286 1773 ὅταν
1298 1747 1382 1780 λέγει,
1395 1747 1440 1773 τὸν
1460 1747 1568 1783 Ἰσραὴλ
1588 1747 1678 1782 δηλοῖ’
1695 1749 1764 1783 καὶὴ
1780 1758 1821 1775 κε-

1041 1792 1112 1828 φαλὴ
1136 1793 1264 1827 Σομόρων
1293 1792 1351 1824 υίὸς
1379 1792 1426 1819 τοῦ
1452 1793 1604 1828 Ῥομελίου,
1633 1793 1703 1820 τοῦτ’
1717 1794 1786 1820 ἔστιν
1809 1796 1821 1820 ὁ

1039 1837 1127 1864 Φακεέ
1138 1844 1146 1852 ·
1159 1837 1251 1872 τρέχει
1267 1836 1296 1863 δὲ
1321 1836 1402 1864 πάλιν
1416 1837 1447 1864 τὸ
1467 1838 1603 1872 ἐκλείψει
1626 1838 1695 1865 κατὰ
1710 1839 1818 1866 πάντων.

1041 1882 1214 1918 Προσεπάγει
1227 1881 1256 1908 δὲ
1271 1882 1386 1915 τούτοις·
1398 1891 1407 1908 ι
1419 1882 1474 1909 Καὶ
1484 1882 1531 1909 ὲὰν
1546 1883 1582 1918 μὴ
1593 1882 1760 1918 πιστεύσητε,
1770 1883 1818 1909 οὐδ’

1040 1928 1070 1954 οὺ
1085 1928 1122 1964 μὴ
1138 1928 1247 1964 συνῆτε.
1266 1928 1359 1963 »Ἔχει
1371 1928 1399 1954 δὲ
1411 1928 1458 1955 καὶ
1469 1928 1572 1964 σφόδρα
1587 1929 1616 1955 τὸ
1630 1929 1701 1960 εἰκὸς
1711 1930 1724 1955 6
1739 1929 1816 1962 λόγος.

1041 1973 1103 2004 Τοῐς
1117 1972 1171 2009 γὰρ
1183 1974 1243 2004 ταῖς
1262 1973 1402 2005 ἀπιστίαις
1416 1973 1622 2009 περιυϐρίζουσι
1641 1973 1685 2000 τὸν
1697 1974 1739 2000 τοῦ
1756 1975 1814 2000 Θεοῦ

1041 2019 1130 2053 λόγον,
1145 2018 1200 2046 οὐδ’
1217 2018 1249 2045 ἂν
1270 2018 1408 2052 ἐγγένοιτο
1425 2018 1531 2050 σύνεσις
1546 2020 1562 2054 ὴ
1585 2019 1661 2055 παρὰ
1679 2020 1761 2046 αὑτοῦ.
1777 2021 1816 2046 Δεῖ

1041 2063 1185 2098 τοιγαροῦν
1203 2063 1335 2099 ἀμελλητὶ
1351 2063 1476 2099 δέχεσθαι
1489 2064 1524 2091 τὰ
1544 2065 1620 2100 παρὰ
1632 2065 1705 2097 Θεοῦ,
1725 2066 1767 2092 καὶ
1779 2063 1813 2097 οἷς

1042 2109 1075 2137 ἂν
1085 2110 1258 2146 ὑπισχνεῖται
1272 2110 1320 2136 καὶ
1343 2110 1420 2137 λαλεῖ
1438 2110 1575 2138 συννεύειν
1593 2111 1713 2146 ετοίμως.
1729 2112 1811 2138 Ἔσται

1042 2155 1097 2192 γὰρ
1112 2156 1142 2182 ὲν
1158 2157 1223 2191 ἡμῖν
1238 2155 1324 2187 οὕτως
1340 2157 1357 2191 ὴ
1374 2155 1481 2188 σύνεσις
1495 2156 1594 2192 ἀγαθὴ,
1608 2158 1654 2183 καὶ
1667 2158 1810 2193 περιαστρά-

1008 2200 1030 2227 D
1043 2201 1089 2236 ψει
1103 2201 1148 2228 τὸν
1167 2201 1230 2229 νοῦν
1243 2202 1294 2237 τῆς
1306 2204 1372 2237 παρ’
1391 2202 1474 2229 αὐτοῦ
1493 2203 1588 2237 σοφίας
1600 2203 1615 2229 6
1631 2203 1765 2238 φωτισμός.

1079 2248 1133 2274 Kal
1149 2247 1314 2281 προσέθετο
1331 2249 1440 2282 Κύριος
1459 2249 1595 2284 λαλῆσαι
1612 2249 1652 2282 τῷ
1667 2249 1750 2283 Ἀχαζ
1765 2249 1806 2276 λέ·

1042 2302 1103 2328 των
1114 2300 1120 2307 ·
1132 2294 1258 2327 Αἵτησαι
1272 2293 1389 2326 σεαυτῷ
1403 2294 1530 2329 σημεῖον
1543 2295 1622 2329 παρὰ
1635 2296 1733 2329 Κιψίου
1746 2296 1806 2324 Θεοῦ

1043 2345 1102 2365 σου
1117 2339 1160 2371 εὶς
1179 2338 1286 2372 βάθος,
1303 2339 1323 2373 ἣ
1342 2340 1386 2373 είς
1399 2339 1489 2374 ὕψος.
1510 2341 1565 2367 Καὶ
1579 2338 1664 2367 εἶπεν
1676 2341 1757 2375 Ἄχαζ-
1772 2343 1805 2368 οὐ

1040 2383 1083 2419 μὴ
1099 2384 1222 2418 αἰτήσω,
1240 2385 1310 2412 οὐδ’
1325 2386 1361 2412 οὐ
1371 2385 1414 2420 μὴ
1428 2386 1561 2420 πειράσω
1578 2387 1691 2422 Κύριον.

1079 2429 1148 2462 Τοὺς
1166 2431 1216 2466 τῆς
1234 2430 1372 2465 βασιλείας
1386 2430 1514 2458 διέποντα
1527 2431 1627 2464 Θάκους
1643 2433 1724 2465 ἐντοῖς
1739 2433 1802 2468 Ἰερο-

1044 2475 1173 2511 σολύμοις
1201 2477 1247 2503 τὸν
1270 2475 1370 2512 Ἀχαζ,
1391 2477 1438 2503 καὶ
1460 2477 1528 2504 πολὺ
1552 2477 1611 2504 λίαν
1637 2478 1803 2505 ἀπονενευκότα

1044 2523 1112 2558 πρὸς
1128 2523 1294 2558 τὺιὲξήνιον,
1310 2523 1358 2550 καὶ
1373 2524 1413 2555 εἰς
1431 2524 1461 2550 τὺ
1480 2523 1659 2558 προσκεῖσθαι
1672 2523 1741 2558 φιλεῖν
1754 2525 1802 2556 ταῖς

1043 2568 1098 2595 τῶν
1112 2568 1258 2603 δαιμονίων
1278 2568 1509 2604 ψευδολατρείαις,
1528 2568 1571 2595 διὰ
1592 2569 1688 2601 παντὸς
1700 2571 1801 2605 πειρᾶται

1042 2614 1144 2649 τρόπον
1172 2614 1368 2649 μετακομίζειν
1387 2614 1433 2640 ἐπὶ
1453 2614 1483 2640 τὸ
1498 2613 1619 2649 ἄμεινον,
1640 2615 1683 2641 καὶ
1695 2614 1727 2646 είς
1738 2624 1763 2649 γε
1778 2617 1801 2642 τὸ

1043 2661 1097 2688 δεῖν
1112 2661 1166 2687 τῶν
1177 2661 1227 2695 τῆς
1241 2660 1370 2696 ἀληθείας
1383 2660 1526 2695 ἐφικέσθαι
1541 2660 1690 2695 δογμάτων,
1703 2662 1739 2687 καὶ
1747 2661 1800 2697 ὀρθὰ

1044 2708 1153 2742 φρονεῖν
1170 2707 1278 2734 ἑλέσθαι
1303 2707 1367 2743 περὶ
1390 2706 1468 2733 Θεοῦ.
1486 2706 1592 2733 Οὐκοῦν
1617 2707 1745 2743 ἐπειδήπερ
1756 2709 1799 2739 τοῖς

1043 2753 1098 2780 τῶν
1114 2753 1231 2782 εἰδώλων
1248 2754 1430 2790 Θεραπευταῖς
1447 2753 1511 2789 περὶ
1525 2753 1624 2780 πολλοῦ
1641 2753 1748 2785 ὲτέθιιιο,
1761 2755 1797 2782 καὶ

1042 2797 1077 2834 ἦν
1090 2800 1119 2826 ὲν
1147 2800 1247 2836 σπουδῇ
1275 2800 1306 2826 τὸ
1331 2800 1430 2835 χρῆναι
1456 2799 1682 2836 περιεργάζεσθαι
1699 2801 1737 2832 τὰς
1756 2800 1797 2827 τῶν

1044 2845 1215 2880 πραγμάτων
1231 2846 1369 2878 ἐκϐάσεις,
1381 2846 1429 2872 καὶ
1444 2846 1587 2881 χρησμοὺς
1601 2846 1683 2872 αἰτεῖν
1693 2845 1714 2879 ἐξ
1725 2846 1794 2882 ἱερῶν,
