1887 3054
51 168 88 194 ΞΗ

610 169 643 197 IN
664 169 782 197 ISAIAM
802 168 866 197 LIB.

886 169 905 196 I.
927 168 1030 198 ORAT.
1053 169 1084 196 V.
1616 174 1631 198 ει
1641 174 1669 199 ii!

50 230 100 254 κέων
115 229 253 264 χρησμοὺς
275 229 403 264 ἀγαπᾷν,
427 230 472 256 καὶ
493 229 643 264 κενολόγοις
659 230 714 256 τισὶ
737 238 830 265 νεκρο-

908 251 909 254 η
936 230 1087 264 vaniloquis
1114 229 1275 264 quibusdam
1311 229 1519 256 necromantiris
1545 229 1668 256 adi-arre-

52 273 147 307 μάντεσι
168 274 354 307 προσκεῖσθαι
376 275 471 309 φιλεῖν,
495 275 520 301 οἳ
540 274 648 309 λέγουσι
665 275 714 310 μὲν
729 274 829 310 ἀληθὲς

51 319 124 345 οὖόέψ
147 318 344 354 ἀνερεύγονται
370 320 398 346 δὲ
427 320 520 356 ὥσπερ
546 321 576 347 τὺ
608 322 647 353 εἰς
675 320 738 347 νοῦν
761 318 829 356 ἧκον

52 364 138 396 ἁπλῶς.
164 364 233 391 Ἀλλ’
249 365 344 400 ὑμεῖς,
359 366 434 401 φησὶ,
447 366 498 393 κᾶν
517 367 541 393 εί
559 366 697 403 προσίοιτό
713 375 766 399 τις,
783 365 829 392 λέ·-

53 418 105 444 γων·
121 411 260 446 Ζητήσατε
277 413 343 443 τοὺς
361 412 414 439 ἀπὸ
437 412 486 447 τῆς
505 414 556 448 γῆς
572 408 738 447 φωνοῦντας,
757 412 830 439 τοῦτ’

53 459 108 487 ἔπι,
123 457 182 489 τοὺς
199 458 456 494 προσποιουμένους
469 459 615 495 ἀναφέρειν
629 459 693 491 τοὺς
705 458 828 495 νεκρούς·

54 502 90 528 ml.
110 502 199 537 ὥσπερ
224 502 255 535 ἐξ
278 503 343 539 ᾅδου
362 504 496 532 ποιεῖσθαι
516 505 566 537 τὰς
589 505 728 540 μαντείας·
746 505 830 540 ἤγουν

55 549 104 580 τοὺς
127 548 375 585 ἐγγαστριμύθους·
395 551 419 577 οἳ
447 550 657 586 προσποιοῦνται
682 551 731 586 μὲν
753 550 831 582 θεούς

55 602 115 625 τινας
125 593 191 628 ἔχειν
203 594 244 626 εἰς
259 594 312 630 τὴν
325 595 437 628 κοιλίαν,
453 596 524 622 οὕτω
537 605 566 623 τε
579 599 635 629 τοῖς
643 596 784 632 προσιοῦσι
797 596 831 623 τὰ

56 639 233 674 παρ’ὲκείνων
260 640 363 673 λαλεῖν,
381 642 418 676 μὴ
431 642 575 677 προσίεσθε
597 643 646 678 τὴν
664 642 830 678 συμϐουλήν.

55 683 156 711 Φωνοῦσι
171 683 225 720 γὰρ
239 685 297 712 ἀπὺ
311 686 395 721 μόνης
406 687 454 721 τῆς
471 687 575 714 ἑαυτῶν
588 688 701 720 κοιλίας,
720 688 765 715 καὶ
781 689 832 715 οὐκ

57 731 112 757 εἰσὶν
125 730 196 762 ἔθνος
211 731 335 765 συνετὸν,
353 732 422 759 ὥστε
440 733 486 760 καὶ
501 733 670 769 ἀναζητῆσαι
690 734 766 767 Θεὸν,
785 734 832 762 καὶ

58 777 110 810 παρ’
126 776 204 803 αὑτοῦ
229 785 257 803 τι
284 777 390 812 μαθεῖν.
409 778 508 813 Λέγετε
537 779 566 805 δὲ
584 780 639 811 τοῖς
653 780 744 807 ὲκεϊκα
763 788 832 816 συμ-

58 821 207 848 ϐουλεύουσι-
228 823 263 849 Τί
279 823 426 858 ἑκζητοῦσι
441 825 504 859 περὶ
519 825 573 851 τῶν
588 825 696 857 ζώντων
710 826 772 858 τοὺς
788 834 832 852 νε-

59 868 140 903 κρούς;
156 869 218 904 ὁρᾷς
235 869 313 900 ὅπως
334 869 518 904 ἀπεργάζεται
540 870 777 905 νουνεχεστάτους;
795 870 831 897 Οὐ

882 283 970 309 scere,
990 276 1034 310 qui
1049 275 1104 302 veri
1120 275 1228 310 quidem
1256 275 1322 302 nihil
1336 275 1438 308 dictmt,
1456 275 1503 302 sed
1520 275 1593 302 velut
1608 284 1669 302 eru-

881 326 955 349 ctant
969 321 1100 356 quidquid
1117 326 1218 348 temere
1235 321 1261 348 in
1279 325 1394 348 mentem
1413 321 1495 347 venit.
1512 321 1593 355 Atqui
1610 329 1668 352 vos,

881 368 987 402 inquit,
1012 367 1119 394 etiamsi
1145 367 1255 395 accedat
1281 367 1350 400 quis,
1375 374 1407 394 ac
1422 366 1670 393 dicatztjousulitu

880 418 956 440 vates
981 412 1014 440 de
1035 416 1106 439 terra
1124 419 1216 440 vocem
1229 412 1350 443 edentes,
1367 411 1392 438 id
1407 416 1459 444 est,
1480 412 1525 446 qui
1539 412 1670 438 simulant

881 466 911 487 se
936 463 1057 486 mortuos
1082 458 1222 490 reducere,
1246 462 1274 485 et
1291 457 1365 484 velut
1389 458 1527 485 exinteris
1548 458 1591 484 edi
1608 465 1670 484 ora:

881 506 959 539 cula;
977 506 1034 533 sive
1046 505 1241 540 ventriloquos,
1255 505 1300 540 qui
1314 504 1416 539 lingunt
1426 505 1489 531 deos
1499 512 1527 532 se
1538 507 1670 539 quosdam

882 551 982 580 habere
1005 552 1030 578 in
1045 556 1149 583 ventre,
1168 555 1195 578 et
1216 551 1252 578 ita
1269 551 1431 578 adeuntibus
1448 551 1505 577 haec
1522 551 1555 577 ab
1573 550 1626 577 illis
1641 558 1670 576 se

884 597 984 630 dicere,
999 597 1142 624 consilium
1159 596 1241 624 nolite
1258 597 1411 625 admittere.
1426 597 1447 623 A
1461 604 1510 624 suo
1523 597 1593 623 enim
1612 597 1670 624 solo

883 647 979 669 ventre
994 642 1111 669 sonitum
1127 642 1219 674 edunt,
1237 649 1286 669 nec
1301 646 1363 669 sunt
1376 649 1440 676 gens
1459 641 1622 676 intelligens,
1641 645 1671 667 ut

883 688 925 715 vel
953 689 1035 716 Deutn
1057 687 1210 720 consulant,
1233 687 1274 714 vel
1291 687 1325 714 ab
1341 687 1386 714 illo
1402 687 1507 714 discant
1521 687 1667 721 quidpiam.

884 734 971 761 Dicite
996 741 1060 761 vero
1083 734 1125 760 his
1152 733 1198 769 qui
1219 741 1249 760 ea
1267 732 1433 760 consulunt:
1454 733 1522 765 Quid
1547 737 1672 766 quaerunt

884 784 1005 808 mortuos
1016 780 1048 807 de
1064 779 1257 812 vivis?videu‘,
1274 787 1327 814 quo
1340 784 1419 814 pacto
1433 786 1480 805 ρος
1498 779 1591 806 reddat
1607 786 1671 813 pru-

884 827 1055 854 detttissirnos
1071 826 1083 852 ?
1102 826 1159 853 Non
1186 826 1257 853 enim
1280 826 1366 853 solum
1391 825 1513 860 prmcipit
1529 833 1542 851 ιι
1561 833 1672 859 perver—

885 870 964 897 sitate
985 877 1033 897 sua
1051 874 1078 897 et
1092 870 1210 896 amentia
1233 870 1378 902 desistere,
1396 871 1443 898 sed
1459 870 1541 897 ctiam
1554 870 1629 904 jubet
1643 876 1672 896 ut

59 913 101 949 γὰρ
116 914 189 948 μόνον
211 913 367 950 ὰποφοιτᾷν
382 915 520 942 ἐπιτάττει
539 915 589 950 τῆς
609 915 720 942 ἐκείνων
743 915 833 942 σκαιό·

908 916 927 942 is
951 916 996 950 qui
1015 920 1118 948 errant,
1137 917 1198 942 boni
1230 915 1400 943 consultores
1426 916 1551 942 evadant.
1585 915 1671 942 Dicito

60 968 124 995 τητος
139 960 182 986 καὶ
196 960 422 995 φρενοϐλαϐείας,
438 961 506 988 ἀλλὰ
527 962 582 997 γὰρ
599 962 645 988 καὶ
665 962 833 996 συμϐούλους

60 1003 167 1038 ἀγαθοὺς,
191 1006 248 1037 τοῖς
274 1005 496 1042 πεπλανημένοις
517 1007 641 1041 γενέσθαι
659 1007 831 1042 προστάττει.

60 1050 142 1084 Δέγετε
153 1051 213 1086 γὰρ,
225 1051 308 1087 φησι·
323 1051 355 1079 Τί
366 1051 509 1087 ὲκζητοῦσι
521 1052 584 1088 περὶ
592 1052 645 1080 τῶν
653 1052 761 1086 ζώντων
770 1054 833 1086 τοὺς

62 1096 168 1131 νεκρούς
190 1097 281 1128 κοινὸς
307 1097 362 1133 γὰρ
385 1098 431 1124 καὶ⁴
459 1097 626 1134 ἀνθρώπινος
654 1099 668 1125 ό
693 1098 831 1134 λογισμός.

62 1142 125 1169 Ποῖον
141 1143 191 1178 γὰρ
213 1142 247 1169 ἂν
273 1143 334 1178 ἔχοι
353 1142 430 1177 λόγον
451 1143 481 1170 τδ
497 1144 628 1180 διερωτᾷν
647 1144 750 1171 ἐθέλειν
769 1146 833 1181 περὶ

61 1187 103 1214 τῶν
123 1188 159 1214 ἔτι
180 1187 291 1220 ζώντων
307 1189 370 1220 τοὺς
385 1189 413 1215 ἐν
426 1190 458 1224 τῇ
471 1191 505 1225 γῇ
522 1190 675 1225 κειμένους,
694 1191 710 1226 ἢ
729 1191 757 1218 ἐν
770 1191 832 1226 ᾇδου

61 1233 126 1269 τυχὸν
138 1234 283 1269 γενομένας
303 1235 406 1269 ψυχάςς
423 1235 479 1262 Καὶ
494 1235 554 1262 καθ’
574 1236 666 1272 ἕτερον
678 1237 706 1263 δὲ
721 1238 831 1273 τρόπον,

62 1279 148 1315 ἀμαθὲς
158 1281 299 1313 παντελῶς
313 1282 534 1316 νεκυομαντείαις
546 1283 700 1319 προσέχειν,
715 1285 763 1311 καὶ
773 1287 833 1317 ταῖς

62 1326 105 1353 τῶν
123 1326 221 1362 τοητῶν
240 1327 420 1362 ψευδοεπίαις
439 1328 464 1355 οἳ
479 1330 573 1364 νεκρὸν
591 1329 681 1364 ἔχουσι
699 1330 745 1357 τὸν
760 1331 831 1365 νοῦν,

63 1371 100 1398 καὶ
107 1369 155 1399 οἷον
168 1372 369 1409 ἀπεψυγμένην
380 1373 500 1410 καρδίαν.
517 1375 554 1401 Οὺ
567 1375 621 1411 γὰρ
637 1376 708 1402 ἴσασι
718 1376 763 1403 τὸν
778 1377 833 1404 τῶν

62 1416 116 1444 ὅλων
126 1418 301 1453 δημιουργὸν,
318 1419 368 1445 οὑκ
379 1419 484 1454 ἔχουσιν
501 1421 530 1447 ἐν
541 1421 633 1453 αὐτοῖς
643 1422 688 1448 τὸν
702 1422 832 1454 ζωοποιὸν

63 1471 100 1489 τον
115 1463 175 1490 Θεοῦ
188 1463 277 1498 λόγον.
296 1464 358 1491 Εἰσὶ
371 1465 399 1491 δὲ
414 1465 483 1501 πρὸς
496 1466 585 1499 τοῦτο,
604 1468 651 1494 καὶ
665 1469 769 1504 νεκρῶν
785 1468 832 1504 έρ-

62 1516 107 1542 γυη
121 1509 290 1546 ἐπιμεληταί.
309 1511 371 1543 Πῶς
384 1509 430 1538 οὗν
449 1513 474 1538 ot
489 1511 600 1545 ζῶντες,
615 1513 687 1540 τοῦτ’
704 1515 787 1547 ἐστιν,
807 1517 831 1542 οἱ

64 1554 103 1590 τὴν
118 1555 211 1583 ἄνωθεν
230 1556 343 1592 ἔχοντες
362 1557 392 1584 ἐν
412 1558 516 1589 ἑαυτοῖς
530 1559 702 1594 ξωοποίησιν,
719 1560 765 1586 καὶ
785 1562 831 1589 τὸν

64 1601 135 1633 ζῶντα
146 1601 190 1629 τοῦ
205 1602 274 1629 Θεοῦ
295 1603 382 1636 Λόγον
394 1592 647 1640 ὲκπεπλουτηκότες
661 1606 724 1641 περὶ
741 1606 832 1633 αὐτῶν
846 1592 868 1622 c

64 1646 166 1681 ἐρωτῶσι
179 1647 241 1680 τοὺς
254 1648 392 1683 νεκρούς;
409 1649 502 1676 Ταῦτα
523 1649 610 1677 τοίνυν
630 1650 734 1685 λέγετε,
755 1652 832 1687 φησι,

64 1693 231 1727 προστιθέντες
255 1695 301 1721 ὃτι
324 1694 406 1730 νόμον
427 1696 467 1727 εἰς
486 1695 609 1731 βοήθειαν
629 1697 738 1731 ἔδωκεν,
761 1699 834 1726 τοῦτ’

65 1737 119 1770 Im,
133 1739 174 1765 τὸν
193 1740 383 1777 εὖαγγελικὸν,
404 1741 437 1768 ἶν’
456 1741 480 1767 οἱ
500 1742 678 1778 προσέχοντες
699 1744 773 1779 αὐτῷ
790 1744 834 1771 λέ-

65 1791 144 1816 γωσιψ
156 1785 209 1820 Οὐχ
221 1786 259 1818 ὡς
278 1786 310 1812 τὸ
324 1786 399 1822 ῥῆμα
411 1787 498 1820 τοῦτο,
511 1789 574 1823 περὶ
584 1785 614 1814 οὗ
632 1790 682 1816 οὐκ
694 1789 751 1817 ἔστι
761 1791 834 1826 δῶρα

66 1828 140 1856 δοῦναι
153 1831 213 1866 περὶ
227 1832 324 1858 αὑτοῦ.
340 1832 462 1860 Πωλοῦσι
476 1834 525 1869 μὲν
540 1834 594 1870 γὰρ
604 1835 635 1862 τὸ
648 1836 753 1870 ψεῦδος,
767 1838 792 1863 οἱ
801 1837 836 1864 τὰ

67 1875 91 1900 ὲκ
105 1875 177 1911 μόνης
189 1877 238 1912 τῆς
249 1877 358 1905 ἑαυτῶν
374 1878 487 1913 καρδίας
501 1879 652 1912 λαλοῦντες·
666 1882 680 1907 ὁ
696 1882 724 1908 δέ
737 1891 768 1917 γε
785 1891 835 1909 σω-

66 1923 143 1957 τήριος
159 1924 204 1951 καὶ
232 1924 339 1959 ἀληθὴς
364 1923 410 1951 τοῦ
429 1925 496 1953 Θεοῦ
517 1927 608 1962 νόμος,
627 1928 698 1954 τοῦτ’
713 1928 781 1961 ἐστι,
805 1929 835 1955 τὸ

68 1968 183 2004 θέσπισμα
197 1970 225 1996 τὸ
240 1969 430 2004 εὑαγγελικὺν,
445 1970 459 1996 ὃ
471 1971 574 1999 δέδοται
591 1973 660 2008 πρὸς
677 1974 836 2010 ἐπικουρίαν

68 2013 111 2040 τῶν
123 2015 163 2041 ἐπὶ
175 2016 223 2051 τῆς
240 2018 305 2051 γῆς,
324 2016 375 2042 οὐκ
395 2016 468 2054 ἔστιν
489 2018 526 2050 ὡς
540 2018 570 2045 τὸ
585 2019 662 2054 ῥῆμα
683 2020 771 2053 τοῦτο,
790 2021 837 2057 δη-

68 2058 138 2087 λονότι
148 2062 197 2089 τῶν
211 2063 430 2098 ψευδομάντεων.
453 2064 521 2091 Ἀλλ’
532 2065 585 2091 οὐδ’
594 2065 653 2092 ἐστι
665 2065 738 2102 δῶρα
746 2067 837 2094 δοῦναι

69 2106 120 2141 περὶ
132 2108 217 2135 αὐτοῦ.
235 2110 283 2141 Ὠς
298 2110 352 2146 γὰρ
366 2111 433 2146 ἔφην
448 2111 549 2147 ἀρτίως
561 2111 691 2139 ὠνοῦνται
705 2121 777 2145 τινες
792 2114 839 2149 ἀρα

69 2153 154 2185 γυρίοις
172 2154 219 2187 τὰς
236 2156 295 2182 τῶν
311 2156 418 2191 γοητῶν
438 2155 623 2191 ψευδοεπείας.
641 2157 787 2193 Πρόκειται
809 2159 838 2185 δὲ

69 2199 113 2230 τοῖς
127 2199 240 2228 ἐθέλουσι
255 2202 289 2229 τὸ
301 2203 425 2237 οὐράνιον
439 2203 587 2239 θέσπισμα,
602 2203 635 2230 δι’
654 2201 685 2230 οῦ
703 2205 770 2240 πρὸς
784 2206 838 2232 πᾶν

70 2243 141 2271 ὁτιοῦν
153 2246 204 2273 τῶν
215 2248 327 2282 ἀγαθῶν
341 2249 563 2286 πεποδηγήμεθα.
575 2251 630 2277 Καὶ
645 2250 697 2286 μὴν
708 2251 756 2278 ὅσα
770 2253 839 2287 χρῆν

70 2287 112 2314 τῶν
138 2291 286 2325 μελλόντων
313 2293 439 2327 γενέσθαι
466 2294 675 2330 μεμαθήκαμεν.
701 2295 759 2322 Τίνι
785 2296 839 2332 γὰρ

70 2334 208 2370 ἁσυμφανὲς
231 2339 275 2366 ὅτι
296 2340 461 2375 πράττουσιν
479 2342 545 2376 ἡμῖν
565 2340 599 2367 τὰ
623 2341 724 2376 ἀγαθὰ,
746 2342 793 2368 καὶ
809 2342 839 2368 τὸ

70 2381 162 2414 γνήσιον
184 2384 234 2419 τῆς
257 2385 372 2421 ἀγάπης
399 2386 511 2422 τηροῦσι
538 2387 657 2423 Χριστῷ,
677 2389 731 2416 πᾶν
750 2389 839 2416 ὁτιοῦν

72 2424 134 2453 ἔσται
150 2430 212 2455 κατ’
223 2431 328 2467 εὐχήνς
345 2432 504 2468 Μακαρίους
522 2433 575 2469 γὰρ
592 2435 794 2471 ἀποφαίνειςκαὶ
810 2436 838 2462 ὲν

71 2472 126 2506 τῷδε
140 2475 175 2510 τῷ
193 2477 298 2513 κόσμῳ,
317 2478 364 2505 καὶ
387 2480 426 2510 εἰς
441 2479 526 2506 αἰῶνα
540 2479 586 2506 τὸν
607 2481 748 2515 μέλλοντα.
769 2481 840 2516 Πρό-

73 2525 143 2546 κειται
156 2522 251 2555 τοίνυν,
274 2523 408 2559 ἀργυρίου
431 2532 460 2550 τε
482 2520 554 2560 δίχα,
570 2525 616 2551 καὶ
638 2525 723 2560 δώρου
741 2526 839 2557 παντὸς

73 2563 96 2589 τὸ
110 2565 198 2593 εἰδέναι
216 2570 272 2600 τοῖς
292 2569 414 2595 ἐθέλουσι
434 2570 480 2596 τὸν
505 2570 615 2597 δοθέντα
649 2571 725 2606 παρὰ
744 2570 863 2607 Χριστοῦ

75 2613 149 2648 φωνῆς
173 2615 280 2643 Ἡσαΐου
327 2617 417 2651 σοφῶς
441 2618 594 2653 εἰρημένον·
625 2627 634 2644 ε
664 2619 696 2646 Ol
729 2619 858 2654 διψῶντες

884 961 956 988 enim
972 982 979 995 ,
1010 961 1096 995 inquit
1111 969 1117 987 :
1145 961 1213 994 Quid
1239 966 1363 995 qumrunt
1380 961 1413 988 de
1440 961 1508 988 vivis
1525 961 1672 988 mortuos?

884 1008 1042 1036 Communis
1065 1009 1136 1036 enim
1164 1009 1220 1036 [nec
1242 1013 1283 1036 est
1308 1013 1335 1035 et
1359 1009 1476 1035 humana
1502 1008 1581 1035 ratio.
1602 1007 1671 1041 Quid

884 1054 956 1080 enim
985 1053 1098 1080 rationis
1123 1054 1203 1080 habet
1230 1053 1262 1081 de
1288 1053 1330 1081 his
1343 1054 1387 1088 qui
1402 1053 1550 1081 etiamnum
1568 1053 1676 1084 vivunt,

886 1100 1008 1127 homines
1035 1100 1060 1127 iu
1090 1106 1160 1127 terra
1186 1100 1318 1134 jaceules,
1339 1100 1382 1126 vel
1400 1100 1506 1127 animas
1529 1099 1671 1135 quml‘orte

885 1150 948 1173 sunt
961 1145 1031 1180 apud
1050 1146 1153 1173 inferos
1174 1145 1329 1173 sciscitari?
1344 1145 1413 1179 Quin
1429 1145 1482 1173 alio
1496 1145 1577 1172 etiam
1593 1143 1671 1171 modo

885 1192 1016 1219 insulsum
1044 1196 1071 1219 et
1098 1192 1218 1226 ineptum
1244 1197 1286 1219 est
1311 1191 1515 1224 necromantiis,
1542 1190 1671 1225 falsisque

885 1238 1112 1273 praestigiatorum
1143 1238 1251 1271 verbis,
1282 1237 1326 1273 qui
1352 1242 1469 1264 mentem
1494 1242 1627 1264 mortuam
1645 1242 1672 1264 et

885 1285 1002 1311 animum
1017 1284 1093 1319 quasi
1108 1284 1270 1311 exstinctum
1286 1284 1395 1316 habent,
1406 1283 1554 1311 attendere.
1567 1283 1671 1310 Etenim

885 1330 1071 1357 universitatis
1093 1329 1217 1364 opificem
1244 1329 1378 1364 ignorant,
1403 1337 1452 1356 nec
1471 1329 1571 1356 habent
1588 1328 1614 1355 in
1628 1335 1672 1355 sc<

884 1375 950 1410 ipsis
964 1376 1098 1403 viventem
1115 1375 1160 1402 Dei
1173 1383 1326 1402 sermonem
1339 1382 1346 1401 :
1360 1375 1392 1401 ad
1407 1374 1463 1401 hinc
1473 1378 1578 1402 mortua
1590 1381 1671 1408 opera

884 1425 1023 1448 exercent.
1052 1420 1110 1454 Quo
1125 1422 1203 1448 modo
1218 1420 1300 1455 igitur
1315 1421 1361 1454 qui
1378 1421 1481 1452 vivunt,
1497 1420 1547 1448 hoc
1561 1424 1611 1452 est,
1627 1421 1672 1454 qui

885 1475 1032 1502 supernam
1061 1468 1087 1494 in
1116 1475 1144 1495 se
1163 1467 1262 1494 habent
1280 1467 1499 1499 viviﬁcationem,
1514 1472 1541 1494 et
1556 1467 1615 1494 rivo
1628 1466 1671 1494 Dei

883 1513 972 1542 Verbo
986 1513 1063 1540 dilati
1081 1518 1154 1546 sunt,
1171 1513 1203 1540 de
1215 1513 1281 1547 ipsis
1294 1517 1417 1540 mortttos
1431 1511 1596 1539 consulunt?
1609 1510 1673 1539 Haec

884 1568 959 1595 ergo,
989 1560 1088 1594 inquit,
1116 1559 1208 1591 dicite,
1231 1558 1385 1586 addentes:
1415 1557 1513 1593 Legem
1542 1559 1568 1585 iu
1595 1559 1672 1594 adju-

886 1609 1007 1633 mentum
1025 1605 1113 1638 dedit,
1138 1604 1164 1631 id
1187 1609 1238 1636 cst,
1264 1604 1459 1638 evangelicam,
1482 1608 1511 1630 ut
1526 1603 1571 1638 qui
1592 1603 1615 1631 ci
1632 1608 1673 1630 at-

885 1652 1007 1683 tendunt,
1021 1651 1110 1677 dicant
1125 1659 1132 1677 :
1145 1649 1202 1676 Non
1217 1650 1286 1676 sicut
1301 1650 1412 1677 verbum
1424 1648 1495 1676 istud
1511 1649 1543 1676 de
1555 1657 1607 1684 quo
1620 1656 1672 1676 nou

885 1698 946 1724 licet
959 1697 1025 1724 dona
1038 1699 1103 1723 dare
1119 1704 1166 1731 pro
1181 1696 1248 1730 ipso.
1265 1695 1315 1728 Qui
1328 1702 1444 1730 namque
1452 1702 1484 1722 ex
1495 1702 1543 1722 suo
1554 1694 1672 1729 ipsorum

884 1744 964 1770 corde
977 1743 1033 1769 solo
1049 1743 1205 1777 loquuntur,
1218 1742 1337 1768 vendunt
1351 1741 1539 1768 mendacium:
1559 1744 1588 1767 at
1602 1740 1675 1768 saltt-

886 1789 951 1816 laris
981 1793 1008 1816 et
1031 1796 1093 1815 vera
1107 1793 1148 1815 est
1164 1788 1208 1815 Dei
1223 1788 1276 1821 lex,
1289 1788 1314 1815 id
1328 1792 1381 1819 est,
1391 1787 1530 1814 oraculum
1540 1786 1675 1821 cvangeli-

885 1843 956 1866 num,
971 1834 1048 1870 147
1061 1835 1164 1868 quodin
1173 1833 1354 1868 adjumentum
1364 1833 1515 1860 mortalium
1524 1832 1673 1865 confertur,

887 1890 938 1909 non
968 1886 1007 1909 est
1030 1882 1073 1908 isti
1092 1881 1174 1908 verbo
1190 1880 1289 1912 simile,
1307 1879 1411 1907 scilicet
1424 1878 1553 1906 falsorum
1572 1882 1672 1904 vatum.

887 1928 939 1955 Sed
964 1935 1050 1961 neque
1078 1926 1140 1953 licet
1165 1927 1235 1953 dona
1262 1925 1327 1952 dare
1344 1932 1392 1960 pro
1409 1924 1465 1952 illo.
1481 1923 1631 1958 Siquidem,
1645 1927 1675 1950 ut

885 1974 939 2009 jam
956 1974 1022 2006 disi,
1051 1972 1161 2007 quidam
1178 1976 1290 2007 argento
1307 1972 1507 1998 iucantatorum
1524 1977 1590 1996 vana
1606 1969 1672 1995 vati-

887 2019 957 2047 cinia
973 2023 1075 2046 emunt.
1101 2017 1215 2045 Prmstat
1233 2021 1321 2044 autem
1343 2016 1493 2044 volentibus
1505 2015 1614 2042 cmleSte
1632 2021 1676 2040 va.

889 2065 1021 2096 licinium,
1047 2071 1094 2098 per
1115 2063 1186 2097 quod
1204 2062 1237 2088 ad
1256 2062 1345 2088 omnia
1359 2062 1428 2088 bona
1444 2060 1550 2087 deducti
1568 2067 1673 2090 sumus,

888 2111 951 2145 quin
973 2110 1051 2136 etiam
1071 2116 1131 2143 qua:
1146 2108 1233 2135 l'utura
1248 2111 1322 2138 sunt,
1340 2112 1367 2134 et
1381 2101 1436 2133 lieri
1454 2106 1562 2137 debent,
1578 2105 1674 2132 didici-

889 2162 959 2182 mus.
973 2154 1022 2182 Cui
1034 2155 1104 2181 euim
1115 2155 1258 2181 obscurum
1270 2158 1320 2184 est,
1331 2153 1408 2179 nobis
1418 2152 1485 2179 bona
1502 2151 1673 2182 facientibus,

889 2206 917 2229 et
933 2202 1067 2230 sinceram
1082 2201 1243 2228 charitatem
1260 2199 1369 2227 Christo
1389 2199 1574 2230 servantibus,
1586 2198 1678 2224 omnia

890 2247 948 2275 l‘ore
967 2255 998 2275 ex
1016 2248 1098 2274 animi
1113 2247 1246 2275 sententia
1262 2246 1273 2273 ?
1296 2245 1393 2274 Beatos
1411 2245 1544 2279 siquidem
1557 2244 1675 2271 ostendit

891 2298 919 2321 et
943 2294 970 2320 in
989 2293 1039 2320 hoc
1055 2293 1166 2326 mundo,
1184 2297 1211 2320 et
1228 2293 1254 2319 in
1269 2292 1358 2319 futuro
1374 2290 1483 2319 sreculo.
1502 2290 1609 2317 I’rostat
1624 2289 1673 2316 ita-

891 2345 944 2374 que
969 2338 1070 2373 absque
1093 2342 1206 2373 argento
1232 2342 1259 2364 et
1281 2337 1354 2364 omni
1382 2337 1462 2368 dono,
1481 2335 1523 2362 his
1541 2335 1586 2369 qui
1603 2335 1675 2362 scire

892 2385 986 2412 volunt
1002 2385 1093 2411 datam
1107 2391 1167 2412 esse
1182 2392 1195 2411 a
1208 2384 1317 2411 Christo
1334 2384 1419 2418 legem
1432 2383 1460 2410 in
1478 2383 1675 2418 adjumentum.
1700 2377 1703 2382 ”

891 2431 919 2459 ld
936 2436 1024 2458 autem
1046 2437 1112 2458 voce
1135 2430 1210 2458 Isaiae
1237 2430 1372 2465 sapienter
1396 2429 1495 2457 dictum
1513 2434 1554 2456 est
1574 2438 1580 2456 :
1602 2437 1611 2454 ι
1626 2427 1676 2462 Qui

892 2477 985 2509 sititis,
1015 2477 1105 2504 venite
1133 2476 1166 2503 ad
1194 2483 1307 2511 aquam;
1337 2480 1363 2502 et
1380 2475 1425 2510 qui
1446 2482 1498 2502 non
1514 2475 1618 2502 habetis
1634 2482 1678 2501 ar-

893 2527 1014 2560 gentum,
1032 2527 1127 2550 euntes
1140 2523 1222 2549 emite
1236 2523 1338 2556 absque
1350 2525 1461 2556 argento
1477 2526 1502 2548 et
1517 2521 1604 2554 pretio
1615 2520 1648 2545 ⁷⁸.
1666 2529 1674 2545 ι

889 2571 970 2606 νόμον
1003 2571 1041 2601 εἱς
1070 2568 1238 2604 ἐπικουρίαν.
1269 2568 1323 2594 Καὶ
1347 2568 1424 2594 τοῦτο
1444 2565 1478 2603 ἦν
1498 2568 1560 2603 ἄρα,
1583 2567 1612 2594 τὸ
1634 2567 1678 2593 διὰ

891 2617 1039 2654 πορεύεσθε
1069 2618 1112 2652 ἐφ’
1138 2616 1218 2652 ὕδωρ,
1251 2617 1298 2643 καὶ
1331 2616 1388 2642 ὅσοι
1423 2615 1460 2651 μὴ
1490 2615 1566 2651 ἔχετε
1592 2615 1678 2650 ἀργύ-

76 2665 145 2707 ριον,
163 2659 319 2707 βαδίσαντες
349 2663 503 2698 ἀγοράσατε
534 2663 598 2691 ἄνευ
630 2665 762 2707 διργυρίου
797 2665 843 2692 καὶ
861 2665 975 2700 τιμῆς.)

103 2705 147 2731 Καὶ
164 2706 226 2739 ἥξει
235 2709 280 2743 ἐφ’
301 2708 382 2743 ὑμᾶς
394 2710 511 2744 σκληρὰ
525 2712 621 2746 λιμὸς,
637 2705 685 2739 καὶ
699 2713 784 2740 ἔσται
799 2713 840 2745 ὡς

76 2746 106 2773 ἂν
120 2752 286 2787 aen-dante,
311 2755 529 2789 ,ιυετηθήσεσθε
540 2776 547 2789 ,
566 2757 614 2784 καὶ
635 2758 733 2791 κακῶς
748 2758 840 2792 ἐρεῖτε

75 2793 118 2820 τὸν
133 2795 251 2831 ἄρχοντα
280 2800 332 2827 καὶ
356 2800 392 2827 τὰ
409 2801 522 2836 πάτρια.
545 2802 597 2830 Καὶ
620 2803 847 2838 ἁναϐ.ίέψονται“

103 2874 120 2890 ⁷⁸
130 2875 174 2904 lea.
185 2886 227 2912 ιγ,
242 2881 263 2909 Ι,

940 2710 1022 2738 Vens.
1037 2710 1083 2743 21,
1101 2710 1145 2737 Ἡ.
1166 2709 1200 2736 Et
1217 2710 1322 2736 invadet
1334 2717 1376 2736 vos
1395 2709 1460 2735 dum
1473 2708 1565 2751 fames,
1580 2713 1602 2735 et
1616 2708 1675 2738 erit,

893 2762 920 2784 ιιι
934 2757 1067 2789 esurialis,
1079 2755 1306 2789 contristabimim’,
1326 2760 1349 2782 et
1384 2755 1451 2781 male
1464 2755 1555 2781 dicetis
1566 2753 1677 2788 principi

895 2804 1072 2839 institutisque
1082 2803 1187 2839 patriis.
1206 2802 1240 2830 Et
1252 2802 1394 2830 ειιευῖιὶεηι
1412 2802 1438 2828 in
1456 2802 1545 2828 caelum
1563 2807 1679 2832 sursum,
