1887 3054
165 131 218 159 247

661 135 690 162 S.
712 133 850 162 CYRILLI
873 134 1110 163 ALEXANDRINI
1130 134 1292 163 ARCHIEP.

1753 133 1808 160 9ιὸ

167 192 294 220 Salutat‘ls
313 193 436 228 poculum
455 191 618 227 impartitur,
634 197 661 220 et
693 193 784 220 vinum
820 193 912 228 propin

1081 193 1179 229 τέχνην
1203 195 1227 220 οἱ
1249 194 1386 222 θεσπέσιοι
1413 193 1542 230 μαθηταί.
1565 191 1686 219 Ποιεῖται
1716 190 1807 218 τοίνυν

167 238 324 267 exhilaraus
343 247 390 267 cor
406 238 530 270 hominis,
548 239 768 273 praedicationem
784 239 911 267 videlicet
926 239 958 267 de

167 284 288 312 Christo.
303 283 369 315 Hoc,
390 283 486 318 inquit,
517 283 634 318 primum
651 283 726 318 bibe,
755 285 809 312 cito
821 285 912 318 facito,
932 285 959 313 id

168 337 220 364 est,
236 339 251 358 o
266 331 340 366 regio
356 330 475 358 Zabulon
493 338 525 358 ac
538 330 724 366 Nephthalim,
748 332 876 366 suscipite
889 339 958 368 pra:-

167 378 327 406 dicationem
347 376 504 405 salutarem.
519 377 572 404 Sed
592 377 674 405 facite
694 378 758 410 cito,
779 377 804 405 id
817 382 870 411 est,
889 378 958 405 citra

167 430 272 451 omnem
302 429 417 450 moram.
456 422 576 456 Celeres,
613 423 651 450 uti
689 424 823 457 dicebant,
850 423 959 451 fuerunt

168 469 303 504 discipuli,
319 473 345 497 et
361 469 439 496 valde
452 469 577 497 alacriter
593 469 626 496 ad
651 470 814 498 credendum
849 470 959 498 Christo

167 515 354 552 prosilierunt.
377 515 445 542 Nam
458 517 586 543 continuo
603 516 704 544 relictis
724 517 825 544 retibus
841 522 867 544 et
883 522 961 552 patre

168 570 227 596 suo,
241 562 328 589 secuti
344 567 428 595 sunt;
447 566 475 590 et
491 569 541 589 nec
553 562 631 597 longa
648 562 817 590 institutione
829 562 881 590 illis
892 570 959 598 opus

167 607 229 634 fuit.
253 607 486 635 Audieruntenint
500 617 506 634 :
524 616 534 633 ‹
563 607 656 635 Venite
671 612 733 642 post
747 614 798 641 me,
816 611 843 635 et
859 607 958 634 faciam

168 663 216 682 vos
230 655 380 689 piscatores
404 654 565 687 hominum;
581 658 608 681 et
624 653 708 681 secuti
724 659 788 681 sunt
799 661 864 681 eum
892 653 927 681 ⁸¹.
945 663 955 679 ι

167 701 230 729 Pari
245 701 324 729 modo
338 704 365 728 et
377 705 490 729 caeteros
510 705 617 729 sanctos
633 700 768 734 apostolos
783 704 892 728 vocatos
918 701 958 727 iu-

169 749 319 779 veniemus,
335 752 362 774 et
379 747 405 774 in
424 746 592 782 disciplinam
612 745 712 773 Christi
745 753 774 773 se
803 746 956 774 tradidisse.

169 793 272 821 Scribit
280 792 351 820 enim
358 792 476 820 Joannes
486 793 526 820 sic
538 793 570 819 de
577 791 720 820 Servatore
730 797 824 820 nostro
832 792 956 820 Christo:

172 850 181 866 I
199 839 309 868 Postero
332 839 375 867 die
391 839 476 866 voluit
488 839 562 866 exire
583 839 609 866 in
629 838 779 872 Galila‘am,
804 844 831 866 et
858 839 959 874 reperit

170 885 331 920 Philippum;
349 889 376 912 ct
393 885 493 913 dicitei
511 884 599 918 Jesns,
623 884 743 919 Sequere
765 893 817 912 me.
832 884 898 912 Erat
911 892 959 911 au-
975 874 996 901 Β

169 936 222 958 tem
238 930 376 965 Philippus
401 937 417 957 a
434 929 577 957 Bethsaida
609 929 718 958 civitate
737 929 852 957 Andreae
865 935 893 957 et
909 930 960 957 l'c-

170 977 213 1004 tri.
233 976 342 1010 cherit
355 975 494 1010 Philippus
508 974 715 1007 Nathanaelem,
732 980 759 1002 et
781 975 845 1002 dicit
859 975 902 1002 ci:
922 975 961 1003 De

169 1029 222 1055 quo
239 1021 349 1056 scripsit
366 1020 453 1048 Moses
466 1021 492 1048 in
513 1020 581 1055 lege,
600 1024 628 1047 et
643 1020 790 1054 prophetae,
805 1020 960 1047 invenimus

167 1066 260 1095 Jcsum
291 1067 374 1094 ﬁliuni
404 1066 501 1102 Ioseph
530 1065 698 1094 Nazarcnum
721 1066 756 1093 ⁸¹.
787 1076 796 1092 ι
823 1066 872 1094 Ubi
895 1074 960 1094 vero

169 1113 283 1142 accessit
302 1114 335 1141 ad
356 1113 459 1146 Jesum,
490 1121 523 1141 ac
553 1113 686 1140 dicentem
711 1113 820 1141 deruunt
836 1114 958 1141 audivit:

172 1170 182 1187 ‹
200 1161 360 1196 Priusquam
384 1165 409 1188 te
421 1159 560 1195 Philippus
580 1165 699 1194 vocaret,
724 1168 784 1188 cum
813 1167 888 1188 esses
910 1160 960 1188 sub

169 1207 234 1240 ﬁcu,
250 1206 375 1234 videbam
391 1211 426 1240 te,
454 1215 463 1232 ι
481 1206 591 1234 credidit
609 1207 742 1241 protinus,
775 1211 802 1234 et
821 1207 959 1239 clamavit,

169 1253 262 1280 dicens
279 1263 286 1281 ;
304 1262 313 1279 ε
333 1252 430 1285 Rabbi,
447 1256 474 1279 ιιι
489 1259 518 1280 es
532 1252 616 1280 Filius
638 1253 694 1285 Dei,
713 1257 740 1279 tu
758 1260 788 1279 es
806 1260 852 1280 rex
870 1252 960 1280 lsrae-

170 1299 202 1327 lis
218 1299 251 1326 ".
272 1309 281 1325 ι
299 1299 403 1326 Rursus
418 1298 572 1332 Bethsaida,
586 1299 619 1326 de
632 1306 684 1334 qua
699 1299 837 1334 Philippus
861 1304 887 1327 et
907 1299 960 1326 Na-

170 1345 277 1381 thauael
293 1345 399 1372 oriundi
415 1349 488 1377 sunt,
502 1344 642 1380 adjacebat
657 1345 725 1372 mari
741 1345 888 1373 Tiberiadi.
903 1345 959 1373 Me-

170 1392 248 1419 minit
262 1392 324 1419 item
345 1392 440 1419 beatus
455 1391 539 1418 David
549 1391 690 1419 electionis
707 1391 911 1426 discipulorum,
933 1397 958 1420 et

170 1439 278 1472 inquit:
297 1447 305 1464 ι
326 1438 382 1464 illic
398 1437 537 1472 Beniamin
552 1437 644 1471 junior
673 1437 699 1464 in
726 1443 846 1473 stupore,
861 1439 961 1474 princi-

171 1491 217 1516 pes
231 1484 310 1516 Jnda,
325 1484 406 1512 duces
418 1491 524 1515 eorum,
538 1485 675 1518 principes
700 1484 834 1518 Zabulon,
859 1486 961 1520 princi-

171 1536 219 1562 pes
232 1527 403 1563 Nrpltllmlitn
417 1528 543 1562 “.Dﬂuod
559 1534 650 1557 autem
667 1530 750 1557 divini
761 1531 883 1566 discipuli
903 1531 960 1559 suis

172 1574 336 1609 temporibus
359 1582 411 1602 non
425 1575 474 1603 soli
484 1576 596 1603 vocandi
612 1581 713 1610 essent,
731 1577 777 1604 sed
791 1577 871 1604 etiam
893 1577 960 1604 mul-
974 1580 996 1609 c

133 1639 135 1641 .
173 1619 258 1646 titudo
270 1620 402 1654 gentium,
425 1620 559 1656 designat,
575 1621 719 1655 inquiens:
742 1621 776 1648 Et
797 1621 892 1656 reliqui
907 1629 963 1649 ma-

174 1664 342 1691 ritimiultra
368 1665 525 1698 .lordanem,
552 1666 661 1694 Galilma
693 1668 823 1702 gentium,
851 1667 963 1703 populus

172 1711 217 1744 qui
234 1710 355 1738 ambulat
375 1711 400 1738 in
424 1712 554 1743 tenebris,
570 1712 656 1739 lucem
683 1713 749 1740 vidit
774 1721 910 1748 magnam;
937 1717 963 1741 et

172 1756 217 1790 qui
238 1756 366 1784 habitatis
387 1757 412 1784 in
430 1757 540 1792 regione
554 1765 583 1785 ac
598 1758 691 1785 umbra
709 1759 813 1791 mortis,
837 1759 881 1786 lux
901 1759 962 1786 illu-

174 1803 245 1830 ccbit
259 1803 343 1831 vobis.
363 1803 606 1831 lncedebauteuim
624 1804 678 1838 jam
691 1805 800 1838 perinde
814 1809 842 1832 ut
859 1811 962 1839 gentes,

172 1850 494 1877 etcommemorabantur
518 1850 544 1877 in
575 1850 626 1878 hoc
655 1851 764 1884 mundo,
795 1855 921 1885 tanquam
938 1852 963 1878 in

174 1901 264 1928 nocte,
299 1902 327 1923 et
356 1896 382 1923 in
414 1897 543 1930 tenebris,
586 1902 726 1932 propterea
769 1898 840 1931 quod
874 1897 964 1924 lumen

177 1942 254 1977 151
275 1949 346 1969 verae
362 1942 407 1970 Dei
422 1943 586 1977 cognitionis
602 1944 627 1970 in
644 1944 734 1970 animo
749 1951 801 1970 non
823 1943 963 1974 haberent,

174 1989 222 2015 sed
244 1992 353 2016 ruerent
366 1989 442 2024 quasi
460 1989 486 2016 iu
503 1997 611 2016 omnem
631 1989 748 2022 foveam,
772 1995 798 2017 et
821 1989 847 2017 in
865 1991 964 2016 malum

175 2034 259 2061 veluti
287 2035 320 2061 ad
343 2035 464 2069 quemvis
489 2035 604 2070 lapidem
623 2035 813 2070 impingerent.
838 2035 966 2062 Habitare

177 2089 240 2108 vero
255 2088 301 2109 eos
323 2082 350 2108 in
370 2081 480 2116 regione
493 2087 521 2110 et
539 2083 633 2109 umbra
652 2083 745 2110 mortis
763 2083 815 2115 ait,
837 2083 908 2117 quod
931 2082 966 2110 sit

177 2128 247 2161 apud
269 2135 331 2160 eos,
355 2132 419 2162 pttta
440 2128 466 2155 in
492 2129 647 2162 regionibus
669 2136 779 2160 eorum,
800 2128 872 2155 aliud
900 2128 966 2155 nihil

177 2181 257 2206 quant
274 2174 330 2202 sola
345 2174 440 2202 nebula
464 2178 491 2202 ct
507 2175 603 2209 caligo,
621 2175 719 2201 mentis
740 2174 863 2201 videlicet
879 2179 906 2201 ct
925 2175 967 2201 iu-

179 2220 346 2255 telligentiaz,
374 2221 475 2255 quique
496 2221 551 2248 sint.
573 2221 658 2248 instar
679 2225 857 2252 tnortuorum,
877 2220 965 2247 adhuc

179 2267 312 2294 viventes.
331 2267 481 2302 Corporum
496 2273 612 2300 namque
626 2267 718 2293 umbra
744 2267 854 2294 omnino
873 2274 966 2294 eorum

180 2314 280 2341 formas
298 2313 429 2344 imitaturl
446 2317 473 2340 et
491 2316 620 2346 quantum
642 2313 674 2339 ad
699 2312 791 2347 ﬁgurre
811 2313 966 2340 similimdi-

181 2366 242 2386 ucm
259 2359 366 2387 attinet.
383 2358 455 2385 nulla
475 2358 579 2385 ratione
596 2358 742 2392 discrepat.
771 2358 852 2385 Deum
877 2363 966 2385 autem

182 2405 287 2433 nescire
303 2405 348 2440 qui
372 2409 465 2431 natura
484 2408 525 2431 est
539 2409 566 2431 et
583 2411 645 2430 vere
663 2405 742 2437 Deus,
759 2405 873 2431 imitatio
900 2412 968 2438 quo-

182 2451 327 2477 dammodo
351 2454 393 2476 est
412 2454 439 2476 et
461 2450 556 2476 umbra
577 2449 683 2477 mortis.
701 2449 832 2477 Caeterum
849 2449 900 2477 illis
918 2449 969 2477 hoc

183 2496 278 2524 morbo
296 2495 483 2523 laborantibus
511 2495 554 2522 lux
571 2503 666 2530 magna
689 2495 799 2528 affulsit,
824 2501 886 2530 post
909 2502 967 2522 eam

182 2551 263 2576 quium
279 2543 336 2576 ipse
351 2541 478 2568 Christus
493 2541 594 2574 intulit,
611 2541 751 2569 oraculum
765 2549 873 2577 quoque
885 2550 968 2570 evan-

183 2588 306 2622 gelicum.
326 2587 389 2614 lude
402 2586 452 2614 fuit
473 2589 589 2614 maxima
605 2595 666 2621 pars
683 2588 771 2623 populi
793 2596 872 2623 quam
885 2589 969 2616 dcdu-

184 2634 248 2660 κίμιί
266 2634 291 2660 in
305 2633 396 2660 lartitia
412 2638 466 2660 tua.
493 2633 576 2660 Multo
596 2634 668 2660 enim
691 2634 780 2669 plures
799 2642 830 2661 ex
845 2635 970 2668 gentibus

184 2679 271 2706 vocati
292 2683 365 2710 sttnt,
382 2683 478 2713 praeter
498 2686 544 2706 eos
565 2679 610 2713 qui
633 2687 666 2706 ex
686 2679 765 2707 Israel
787 2680 970 2708 crediderunt.

186 2725 285 2759 itaque,
300 2725 394 2759 inquit,
411 2724 496 2752 lucem
523 2725 588 2751 vidit
609 2732 744 2760 magnam,
770 2726 887 2752 maxima
910 2733 972 2761 pars

186 2771 274 2806 populi
284 2779 363 2806 quem
379 2771 511 2798 deduxisti
528 2771 553 2798 in
571 2771 671 2799 laetitia.
683 2771 760 2805 illud,
774 2781 782 2797 α
799 2772 948 2804 Deduxisti,
960 2782 969 2798 ι

984 2254 1006 2281 D

221 2851 241 2867 “
259 2850 352 2881 Matth.
368 2859 404 2886 tv,
423 2852 460 2881 l9.
501 2852 596 2880 "Juau
612 2861 629 2885 ι,
650 2851 740 2878 Ξῦ-ίό.
779 2852 800 2867 ⁸³
816 2851 877 2878 ibid.
896 2851 986 2878 l7-l9.

1009 240 1072 271 τοὺς
1084 239 1179 274 λόγους
1193 241 1270 268 ὁτῶν
1283 241 1352 268 ὅλων
1363 241 1429 273 Θεὸς
1437 241 1481 268 διὰ
1496 241 1588 276 φωνῆς
1599 239 1647 266 τοῦ
1662 239 1808 274 προςήτου

1010 285 1078 321 πρὸς
1093 286 1123 312 τὸ
1144 286 1241 322 παρὸν,
1255 286 1292 319 ὡς
1308 287 1375 323 πρός
1389 296 1420 313 τε
1438 287 1487 318 τὰς
1501 286 1593 322 χώρας
1610 287 1671 321 ἦτοι
1693 285 1744 316 τὰς
1760 285 1811 311 πό-

1009 331 1065 362 λεις
1086 331 1136 366 τῆς
1159 332 1244 366 φυλῆς
1261 333 1405 359 Ζαϐουλὼν
1424 334 1471 360 καὶ
1487 332 1660 367 Νεφθαλείμ,
1683 332 1712 359 αἲ
1736 340 1810 367 ’παρ-

1010 377 1114 404 έκειντο
1127 379 1160 413 τῇ
1176 378 1314 414 Τιϐεριάδι
1331 379 1431 416 λίμνῃ·
1449 380 1495 406 καὶ
1514 379 1656 414 μονονουχὶ
1673 379 1809 413 ποτήριον

1009 424 1103 455 αὐταῖς
1117 424 1164 450 τοῦ
1183 426 1317 460 σωτηρίου
1331 426 1427 458 διδοὺς,
1442 427 1489 453 καὶ⁸
1502 424 1573 453 οἶνον
1588 426 1739 461 προσάγων
1756 426 1806 451 τὸν

1010 470 1189 505 εὐφραίνοντα
1200 471 1313 506 καρδίαν
1329 472 1483 508 ἀνθρώπου,
1492 472 1523 498 τὺ
1535 473 1667 508 κήρυγμα
1680 471 1809 505 δηλονότι

1009 515 1040 542 τὸ
1063 517 1126 552 περὶ
1147 517 1276 551 Χριστοῦ.
1303 517 1388 544 Τοῦτο
1417 517 1525 553 πρῶτον
1548 519 1605 550 πίε,
1633 518 1714 553 φησὶ,
1737 517 1809 552 ταχὺ

1011 563 1094 594 ποίει,
1119 562 1191 589 τοῦτ’
1213 563 1297 595 ἔστιν,
1314 561 1337 590 ὦ
1366 563 1442 599 χώρα
1465 564 1608 591 Ζαϐουλὼν
1631 565 1680 591 καὶ
1701 563 1810 597 Νεφθα-

1011 608 1084 644 λεὶμ,
1096 608 1206 644 δέχεσθε
1220 609 1251 636 τὸ
1265 610 1398 645 κήρυγμα
1408 610 1439 637 τὸ
1455 611 1600 646 σωτήριον.
1610 610 1693 636 Ἀλλὰ
1704 611 1810 636 ποιεῖτε

1011 654 1091 689 ταχὺ,
1105 654 1178 681 τοῦτ’
1189 654 1247 681 ἔστι
1258 678 1264 687 ,
1283 655 1441 690 μελλησμοῦ
1457 656 1517 690 δίχα
1532 656 1645 687 παντός.
1666 656 1756 688 Ὸξεῑς
1767 655 1808 687 δὲ,

1012 700 1050 731 ὡς
1066 700 1144 735 ἔφην,
1159 701 1182 726 οἱ
1196 700 1328 736 μαθηταὶ,
1344 701 1391 727 καὶ
1403 701 1462 728 λίαν
1479 701 1596 735 ἑτοίμως
1615 702 1702 732 ἰόντες
1717 701 1764 727 επὶ
1777 701 1809 727 τὸ

1013 747 1158 773 πιστεῦσαι
1171 747 1291 782 Χριστῷ.
1312 748 1511 783 Ἠκολούθησαν
1524 748 1578 784 γὰρ
1591 748 1672 779 εὐθὺς
1690 748 1811 782 ἀφέντες

1011 794 1046 819 τὰ
1060 793 1156 820 δίκτυα
1171 793 1218 820 καὶ
1234 794 1279 820 τὸν
1295 795 1412 830 πατέρα,
1432 796 1478 820 καὶ
1496 794 1695 830 μυσταγωγίας
1716 794 1810 825 αὐτοῖς

1012 838 1123 874 ἐδέησεν
1138 840 1167 865 οὐ
1186 841 1427 875 μακρᾶς.Ἥκουον
1441 841 1510 876 γάρ·
1524 850 1533 866 ι
1546 840 1628 867 Δεῦτε
1639 840 1730 866 ὀπίσω
1745 848 1809 874 μου,

1013 886 1059 911 καὶ
1083 886 1188 920 ποιήσω
1211 886 1284 921 ὑμᾶς
1308 886 1433 920 γενέσθαι
1458 887 1543 918 ἁλιεῖς
1572 887 1738 922 ἀνθρώπων,
1762 887 1810 912 καὶ

1013 931 1199 967 ἠκολούθησαν
1218 931 1301 967 αὐτῷ.
1323 942 1332 958 ι
1364 933 1443 959 Κατὰ
1466 933 1513 959 τὸν
1539 931 1597 959 ἴσον
1626 933 1731 968 τρόπον
1762 932 1810 957 καὶ

1011 978 1122 1013 ἑτέρους
1137 978 1191 1005 τῶν
1213 979 1298 1013 ἁγίων
1314 980 1471 1006 ἀποστόλων
1486 979 1674 1014 κεκλημένους
1693 979 1811 1013 εὑρήσο-

1013 1033 1074 1059 μεν,
1093 1025 1141 1051 καί¹
1159 1026 1345 1060 πεποιηκότας
1359 1026 1408 1061 τῆς
1420 1026 1466 1052 ἐπὶ
1480 1025 1592 1061 Χριστῷ
1609 1024 1811 1060 μυσταγωγίας

1011 1071 1056 1097 τὸν
1072 1071 1161 1105 λόγον.
1177 1072 1280 1107 Γράφει
1298 1073 1352 1108 γὰρ
1374 1073 1502 1108 Ἰωάννης
1523 1073 1572 1099 ὡδὶ
1595 1072 1659 1107 περὶ
1678 1071 1728 1098 τοῦ
1744 1071 1811 1098 πάν-

1011 1127 1064 1145 των
1078 1118 1156 1153 ἡμῶν
1172 1119 1298 1154 Σωτῆρος
1318 1118 1452 1154 Χριστοῦ·
1469 1130 1478 1144 ι
1498 1119 1536 1154 Τῇ
1554 1118 1687 1152 ἐπαύριον
1706 1117 1810 1152 ἠθέλη-

1012 1171 1058 1189 σεν
1072 1163 1190 1196 ἐξελθεῖν
1206 1165 1246 1195 είς
1262 1164 1310 1199 τὴν
1325 1164 1470 1191 Γαλιλαίαν
1481 1171 1487 1178 ·
1502 1164 1549 1191 καὶ
1565 1163 1691 1199 εὑρίσκει
1713 1163 1811 1189 Φίλιπ-

1011 1218 1072 1241 πον,
1087 1210 1134 1236 καὶ
1151 1209 1224 1244 λέγει
1236 1210 1333 1245 αὑτῷό
1351 1210 1465 1246 Ἰησοῦς·
1481 1210 1635 1237 Ἀκολούθει
1648 1218 1705 1245 μοι.
1715 1206 1771 1235 Ἦν
1781 1209 1812 1236 δὲ

1011 1255 1025 1281 ὁ
1048 1255 1182 1287 Φίλιππος
1209 1255 1263 1282 ἀπὸ
1280 1255 1419 1291 Βηθσαϊδὰ
1443 1256 1475 1282 ὲκ
1496 1256 1545 1291 τῆς
1566 1255 1658 1291 χώρας
1680 1254 1811 1289 Ἀνδρέου

1011 1301 1059 1328 καὶ
1085 1301 1199 1337 Πέτρου.
1222 1301 1352 1337 Εὐρίσκει
1374 1302 1507 1334 Φίλιππος
1526 1302 1572 1328 τὸν
1588 1300 1739 1336 Ναθαναὴλ
1763 1300 1812 1327 καὶ

1011 1348 1085 1382 λέγει
1104 1347 1194 1383 αὐτῷ·
1216 1349 1264 1374 ’Ὸν
1279 1348 1382 1383 ἔγραψε
1401 1348 1503 1382 Μωσῆς
1521 1349 1548 1374 ὲν
1566 1347 1605 1382 τῷ
1619 1347 1708 1382 νόμῳ,
1724 1347 1772 1373 καὶ
1785 1347 1811 1373 οι

1012 1394 1158 1430 ,προφῆται¹
1179 1394 1338 1429 εὑρήκαμεν
1372 1392 1478 1428 Ἰησοῦν
1494 1393 1552 1420 υἱὸν
1570 1392 1617 1419 τοῦ
1642 1392 1746 1426 Ἰωσὴφ
1764 1391 1811 1418 τὸν

1011 1440 1065 1467 ἀπὸ
1079 1439 1216 1476 Ναζαρέθ.
1234 1449 1242 1465 ι
1255 1439 1363 1475 Ἐπειδὴ
1375 1439 1402 1466 δὲ
1418 1439 1532 1473 ἀφίκετο
1547 1439 1614 1474 πρὸς
1629 1439 1674 1465 τὸν
1691 1437 1810 1473 Ἰησοῦν,

1011 1485 1070 1513 alta.
1085 1486 1210 1520 λέγοντος
1221 1487 1332 1521 ἢκουσε·
1345 1496 1353 1512 ι
1367 1486 1422 1521 Πρὸ
1431 1485 1478 1512 τοῦ
1494 1494 1524 1512 σε
1538 1485 1671 1511 Φίλιππον
1685 1483 1811 1518 φωνῆσαι

1012 1534 1076 1561 ὄντα
1100 1535 1151 1560 ὑπὸ
1165 1534 1215 1569 τὴν
1240 1535 1326 1563 συκῆν
1349 1531 1418 1560 εἶδόν
1440 1541 1482 1563 σε,
1497 1542 1505 1557 ι
1527 1532 1696 1559 πεπίστευκε
1722 1539 1811 1566 παρα-

1013 1581 1116 1615 χρῆμα,
1133 1581 1179 1607 καὶ
1193 1580 1223 1615 δὴ
1238 1581 1284 1606 καὶ
1301 1580 1438 1614 ἀνέκραγε
1457 1579 1544 1611 λέγων
1555 1586 1561 1593 η
1579 1587 1588 1602 ι
1608 1578 1697 1609 Ῥαόι,
1714 1577 1746 1603 σὺ
1761 1575 1785 1603 εἴ
1796 1576 1812 1602 ὁ

1016 1627 1079 1658 Υἱὸς
1107 1627 1153 1653 τοῦ
1178 1627 1257 1659 Θεοῦ,
1282 1628 1313 1653 σὺ
1339 1625 1364 1653 εἴ
1387 1628 1401 1652 ὁ
1424 1625 1550 1661 βασιλεὺς
1574 1625 1622 1651 τοῦ
1655 1624 1776 1659 Ἰσραήλ.
1799 1632 1810 1649 ι

1015 1672 1152 1708 Βηθσαῖδὰ
1167 1672 1195 1698 δὲ
1208 1673 1287 1699 πάλιν
1303 1672 1332 1704 ἐξ
1357 1670 1391 1708 ἦς
1405 1672 1419 1697 ό
1433 1671 1565 1701 Φίλιππος
1585 1668 1620 1706 ἦν
1637 1669 1686 1696 καὶ
1703 1669 1754 1704 μέν
1770 1677 1812 1694 τοι

1015 1717 1173 1753 Ναθαναὴλ,
1198 1718 1346 1753 παρέκειτο
1375 1719 1408 1753 τῇ
1442 1717 1564 1753 θαλάσσῃ
1590 1717 1622 1751 τῇ
1656 1714 1809 1750 Τιϐεριάδι.

1015 1764 1203 1800 Διαμέμνηται
1226 1764 1254 1790 δὲ
1269 1763 1316 1790 καὶ
1337 1764 1351 1789 ὸ
1377 1763 1511 1798 μακάριος
1526 1762 1608 1788 Δαϐὶδ
1622 1762 1672 1796 τῆς
1691 1761 1748 1787 τῶν
1761 1769 1812 1795 μα-

1015 1810 1105 1846 θητῶν
1125 1810 1316 1845 ἀναρρήσεως,
1341 1809 1388 1836 καί
1412 1817 1508 1844 φησιν·
1532 1818 1540 1834 ε
1563 1809 1636 1834 Ἐκεῖ
1662 1806 1812 1841 Βενιαμεὶν

1016 1855 1148 1891 νεώτερος
1168 1856 1197 1882 ὲν
1211 1855 1349 1887 ἐκστάσει,
1371 1855 1500 1890 ἄρχοντες
1517 1853 1602 1880 Ἰούδα
1614 1852 1750 1887 ἡγεμόνες
1762 1852 1812 1878 αὺ-

1015 1901 1080 1927 τῶν·
1097 1902 1224 1937 ἄρχοντες
1236 1899 1389 1932 Ζαϐουλὼν,
1405 1900 1534 1935 ἄρχοντες
1544 1898 1714 1933 Νεφθαλείμ.
1729 1906 1738 1922 ι
1750 1896 1813 1924 Ὅτι

1015 1947 1042 1973 δὲ
1066 1947 1177 1982 ἔμελλον
1198 1948 1228 1974 οὐ
1251 1947 1324 1982 μόνοι
1345 1946 1531 1981 κληθήσεσθαι
1552 1944 1623 1971 κατὰ
1646 1944 1766 1979 καιροὺς
1789 1943 1813 1969 οι

1017 1993 1157 2020 θεσπέσιοι
1179 1993 1311 2029 μαθηταὶ,
1326 1992 1394 2019 ἀλλὰ
1409 1992 1464 2028 γὰρ
1480 1992 1566 2018 κα.ὶαὶ
1581 1991 1635 2017 τῶν
1650 1990 1739 2016 ἐθνῶν
1753 1989 1814 2023 ἀγέ-

1016 2039 1072 2071 λαι,
1090 2039 1261 2074 καταμηνύει
1280 2038 1444 2072 λέγων’Και
1460 2038 1486 2064 οἱ
1502 2037 1590 2063 λοιποὶ
1616 2037 1640 2063 οἱ
1660 2036 1711 2071 τὴν
1724 2035 1814 2070 παρά.-

1017 2085 1072 2112 λιον
1089 2085 1135 2112 καὶ
1157 2085 1245 2120 πέραν
1259 2084 1305 2111 τοῦ
1330 2084 1474 2119 Ἰορδάνου,
1499 2082 1629 2110 Γαλιλαία
1644 2082 1701 2108 τῶν
1716 2082 1812 2112 ἐθνῶν,

1017 2132 1030 2158 ὁ
1055 2131 1119 2162 λαὸς
1141 2132 1154 2157 ὁ
1170 2130 1352 2165 πορευόμενος
1371 2130 1400 2155 ὲν
1429 2129 1521 2156 σκότει
1540 2129 1597 2162 φῶς
1619 2128 1656 2154 ἴδε
1675 2128 1761 2162 μέγα.
1783 2127 1814 2153 Οἱ

1017 2177 1206 2207 κατοικοῦντες
1219 2177 1248 2202 ὲν
1263 2175 1340 2211 χώρᾳ
1353 2176 1399 2202 καὶ
1416 2176 1480 2210 σκιᾷ
1494 2175 1623 2205 θανάτου,
1637 2173 1697 2208 φῶς
1710 2173 1814 2208 λάμψει

1023 2223 1064 2256 ἐφ’
1085 2222 1167 2256 ὑμᾶς.
1190 2221 1328 2253 Ἐϐάδιζον
1350 2221 1403 2256 γὰρ
1421 2220 1516 2255 ὥσπερ
1539 2221 1563 2247 οἱ
1587 2221 1616 2253 ἐξ
1640 2219 1740 2250 ἐθνῶν,
1768 2220 1815 2245 καὶ

1020 2269 1152 2304 διέτριῢον
1167 2269 1196 2294 ἐν
1209 2267 1276 2303 τῷδε
1294 2267 1332 2303 τῷ
1357 2267 1452 2302 κόσμῳ
1465 2275 1471 2282 ³
1489 2267 1616 2302 καθάπερ
1638 2267 1664 2292 al
1685 2267 1714 2292 ὲν
1738 2267 1815 2292 νυκτὶ

1021 2315 1067 2341 καὶ
1084 2315 1113 2340 ἐν
1129 2315 1228 2350 σκότῳ,
1243 2313 1287 2340 διά
1301 2322 1342 2340 τοι
1364 2313 1394 2340 τὸ
1406 2313 1463 2347 φῶς
1477 2314 1527 2339 οὐκ
1540 2313 1612 2348 ἔχειν
1626 2313 1667 2343 είς
1688 2312 1753 2339 νοῦν
1768 2313 1815 2347 τῆς

1021 2360 1136 2395 ἀληθοῦς
1152 2360 1327 2394 θεογνωσίας,
1349 2360 1459 2386 πίπτειν
1477 2360 1506 2386 δὲ
1519 2359 1614 2394 ὥσπερ
1628 2359 1702 2385 κατὰ
1717 2359 1814 2394 βόθρου

1023 2405 1137 2436 παντός’
1154 2405 1201 2431 καὶ
1219 2401 1264 2430 οἷά
1278 2412 1319 2435 τις
1337 2403 1403 2438 λίθῳ
1419 2404 1501 2430 παντὶ
1524 2404 1707 2439 προσπταίειν
1725 2403 1813 2438 κακῷ.

1023 2451 1167 2477 Κατοικεῖν
1178 2450 1205 2476 δὲ
1219 2450 1317 2482 αὐτοὺς
1331 2451 1359 2476 ὲν
1368 2449 1444 2485 χώρᾳ
1456 2450 1502 2476 καὶ
1517 2451 1581 2484 σκιᾷ
1589 2449 1708 2476 θανάτου
1721 2451 1813 2484 φησὶν,

1022 2495 1065 2521 διὰ
1081 2495 1111 2521 τὸ
1131 2493 1200 2521 εἶναι
1223 2496 1286 2531 παρ’
1304 2495 1396 2526 αὐτοῖς
1408 2516 1415 2527 ,
1435 2496 1517 2530 ἣ-ίουν
1536 2497 1564 2522 ἐν
1582 2497 1642 2527 ταῖς
1660 2496 1753 2522 αὐτῶν
1768 2495 1815 2530 χώ-

1025 2541 1196 2576 ραις,ἕτερον
1210 2542 1294 2574 οὐδὲν,
1308 2542 1378 2577 πλὴν
1390 2543 1431 2568 ὅτι
1445 2543 1529 2577 μόνην
1542 2542 1626 2577 ἀχλὺν
1640 2542 1688 2568 καὶ
1707 2543 1815 2574 σκότον,

1023 2587 1068 2613 τὸν
1081 2588 1175 2622 νοητὸν
1190 2588 1319 2622 δηλονότι,
1336 2586 1405 2615 εἶναι
1418 2588 1445 2615 δὲ
1459 2588 1553 2624 ὥσπερ
1569 2589 1597 2614 ἐν
1613 2587 1745 2622 ὁμοιώσει
1763 2587 1815 2614 τῶν

1023 2633 1187 2664 τεθνεώτων.
1205 2634 1293 2661 καίτοι
1313 2635 1417 2667 ζῶντας
1434 2635 1483 2663 ἔτι.
1503 2636 1533 2662 Ἠ
1551 2636 1599 2670 μὲν
1621 2634 1677 2670 γὰρ
1696 2635 1753 2661 τῶν
1769 2643 1817 2660 σω-

1027 2680 1118 2715 μάτων
1146 2680 1208 2706 σκιὰ
1234 2682 1357 2715 μιμεῖται
1374 2681 1482 2713 πάντως
1507 2681 1596 2707 αὐτῶν
1620 2680 1657 2706 τὰ
1675 2681 1814 2715 σχήματα,

1025 2725 1208 2761 παραλλάττει
1221 2725 1249 2752 δὲ
1267 2726 1335 2758 ὅλως
1357 2726 1417 2753 κατ’
1429 2727 1523 2754 οὐδένα
1543 2727 1654 2762 τρόπον,
1670 2727 1735 2753 ὅσον
1751 2724 1816 2761 ἧκεν

1026 2773 1064 2804 εἰς
1082 2772 1231 2807 ἐμφέρειαν
1251 2772 1298 2808 τὴν
1315 2773 1353 2805 ὡς
1371 2774 1398 2800 ὲν
1416 2773 1536 2809 σχήματι
1560 2773 1649 2808 λέγω·
1667 2773 1715 2800 τὸν
1734 2773 1763 2799 δέ
1785 2779 1815 2806 γε

1026 2851 1046 2866 ’ν
1062 2851 1102 2877 l-‘s.
1115 2851 1130 2876 l.
1143 2859 1224 2882 LXVII,
1238 2851 1282 2878 ‘18.
