1887 3054
57 118 100 148 ω

647 126 680 154 ΙΝ
698 127 815 156 lSAlAM
835 130 900 158 LIB.
922 132 942 160 l.
964 131 1068 160 ORAT.
1092 132 1122 162 Ἰ.

1639 144 1691 168 25')

57 178 112 203 θεὸν
123 176 173 202 οὐκ
185 176 296 204 εἰδέναι
315 180 366 206 τὸν
380 179 457 220 φύσει
474 182 519 208 καὶ
529 182 650 217 ἀληθῶς.
665 185 778 221 μίμημά
791 187 848 217 πὼς

921 189 1020 216 ositum
1034 195 1076 218 est
1087 198 1136 225 pro
1148 189 1268 224 Vocasti,
1281 196 1307 220 et
1319 193 1467 225 redemisti.
1481 194 1562 222 Veluti
1574 198 1691 230 (‘ttplltua

57 226 106 250 im
121 222 167 249 καὶ
183 223 250 250 σκιὰ
263 224 400 254 θανάτου.
420 227 500 254 Ἀλλὰ
515 230 571 261 τοῖς
588 230 679 257 ἐκεῖνα
694 233 850 267 νενοσηκόσι

58 270 106 302 ;ῶς
121 268 281 304 ἐπέλαμψε,
296 271 372 306 μετὰ
386 272 414 298 τὸ
428 273 502 309 παρὰ
517 274 636 309 Χριστοῦ
656 276 788 311 δηλονότι,
805 278 854 304 καὶ

58 316 82 342 τὸ
105 314 246 350 Θέσπισμα
274 317 310 342 τὸ
343 318 530 352 εὐαγγελικόν.
560 321 682 348 Ἐκεῖθεν
704 323 800 357 γέγονε
825 324 854 350 τὸ

59 362 169 388 πλεῖστον
188 361 238 387 τοῦ
259 362 347 395 λαοῦ,
373 364 402 390 ὃν
425 366 580 400 κατήγαγες
597 368 625 393 ὲν
643 369 675 403 τῇ
699 369 854 406 εὐφροσύνῃ

59 415 107 434 tm.
119 406 232 438 Πλείοος
248 408 310 444 γὰρ
330 409 391 436 λίαν
413 411 437 436 οἱ
449 411 478 443 ἐξ
495 411 580 438 ἐθνῶν
595 413 760 448 κεκλημένοι
779 415 854 451 παρὰ

60 453 112 484 τοὺς
133 453 348 487 πιστεύσαντας
369 455 400 489 ἐξ
427 457 546 493 Ἰσραήλ.
573 458 680 485 Οὐκοῦν
705 459 762 494 φῶς
787 459 852 494 εἶδε,

60 500 124 535 φησι,
139 500 223 535 μέγα,
252 502 285 528 τὸ
309 503 439 531 πλεῖστον
451 505 499 531 τοῦ
515 505 590 539 λαοῦ,
614 506 628 532 ὅ
651 508 808 543 κατήγαγες
825 509 854 535 ἐν

61 547 201 582 εὐφροσύνῃ
216 555 281 575 σου.
296 549 338 575 Τὸ
356 550 385 576 δὲ
398 551 572 586 Κατήγαγες,
583 553 643 579 ἀντὶ
657 553 715 586 τοῦ,
742 555 854 581 Ἀνεκα-

61 592 130 624 iectu,
143 592 288 626 τέθεικεν,
308 597 359 622 καὶ
378 596 538 634 Ἐλυτρώσω
550 617 557 630 ,
572 599 698 635 καθάπερ
714 600 853 635 αἰχμαλώ-

62 647 115 670 τους
131 639 163 664 ἐκ
175 639 346 673 πλεονεξίας
359 641 516 678 διαϐολικῆς
527 644 738 680 γεγενημένους.
753 655 761 671 t
774 644 853 673 Οὗτοι

61 684 292 721 εὐφρανθήσονται
308 687 428 714 ἐνώπιόν
442 691 500 721 σου,
516 689 554 721 ὠς
564 691 588 716 οἱ
604 691 812 726 εὐφραινόμενοι
824 692 853 718 ἐν

62 731 164 766 ἁμητῷ·
181 731 230 758 καὶ
251 732 284 759 ὃν
305 734 409 769 τρόπον
429 735 453 760 oi
471 735 654 771 διαιρούμενοι
673 736 704 763 τὰ
722 737 816 764 σκύλα.
840 747 850 764 ›

60 779 189 814 Νοήσομεν
205 780 234 806 δὲ
254 780 322 817 διχῆ
345 782 400 808 τῶν
414 784 603 818 προκειμένων
616 784 666 820 τὴν
679 785 803 820 δήλωσιν.
821 786 853 812 El

63 825 104 858 μὲν
118 825 168 861 γὰρ
183 824 240 851 εἷεν
254 827 281 852 οἱ
301 827 444 854 Θεσπέσιοι
466 828 585 864 μαθηταὶ
603 830 628 856 οἱ
643 831 853 865 εὐφραινόμενοι

904 232 1002 260 diaboli
1026 235 1178 269 tyrannide.
1198 244 1207 261 ι
1222 235 1254 263 Hi
1268 235 1431 265 laetabuntur
1448 246 1539 266 coram
1565 244 1600 273 te,
1617 244 1691 275 quasi

905 281 950 315 qui
968 281 1093 308 laetantur
1109 283 1134 310 in
1152 291 1250 316 messe,
1267 286 1492 318 quemadmodum
1512 287 1558 322 qui
1573 287 1691 316 ditidtmt

905 326 998 358 spolia.
1014 336 1023 353 ι
1048 326 1177 354 Bifariam
1203 334 1293 356 autem
1312 330 1493 365 intelligemus
1517 332 1574 359 hinc
1599 334 1692 361 verba.

903 369 971 398 Nam
986 372 1007 398 si
1022 371 1105 400 diVini
1121 373 1243 408 discipuli
1262 375 1326 407 sint,
1347 377 1392 410 qui
1410 377 1535 403 lmtaulur
1551 377 1576 404 in
1592 385 1692 411 utesse,

903 421 931 443 et
950 416 1071 444 dividunt
1095 418 1190 452 spolia,
1208 419 1270 445 dum
1291 420 1418 447 nimirum
1440 426 1534 456 gentes
1550 422 1692 456 colligunt.

904 462 986 489 veluti
1011 462 1174 491 frumentum
1197 465 1223 491 in
1243 465 1367 492 horremn
1390 467 1564 500 dominicum,
1582 473 1609 495 et
1623 469 1691 495 anti-

905 516 986 542 quum
999 516 1119 536 errorem
1136 516 1285 545 amputant,
1303 512 1400 547 gaudio
1415 513 1567 540 alliciuntur
1582 515 1691 548 perinde

904 560 936 579 ac
957 553 973 580 ii
992 553 1036 588 qui
1054 553 1080 580 iu
1100 555 1173 588 agris
1196 559 1299 582 metunt
1314 565 1320 583 :
1335 561 1362 583 et
1379 555 1442 582 dqu
1460 561 1585 590 tanquam
1601 562 1690 593 tyran-

905 599 962 624 nica
979 600 1002 626 vi
1017 600 1134 633 eripiunt
1150 609 1164 626 a
1183 601 1282 628 Satana
1304 602 1440 634 seductos,
1457 607 1483 629 et
1499 610 1546 637 per
1566 603 1643 629 tidem
1658 604 1691 629 ad

903 644 1029 678 pietatem
1051 646 1205 679 traducunt,
1221 648 1338 681 gaudent
1355 649 1431 682 quasi
1452 647 1498 683 qui
1521 649 1605 683 spolia
1623 649 1691 675 divi-

905 691 981 717 dunt.
1007 691 1112 718 Etenim
1135 692 1162 719 hi
1185 693 1260 725 illos,
1285 693 1322 719 illi
1348 694 1416 722 alios
1443 699 1647 728 permoverunt,
1666 698 1692 721 et

908 736 1019 770 singulis
1038 737 1063 763 in
1080 737 1185 764 lucrum
1204 739 1303 765 cedunt
1318 740 1344 766 hi
1361 739 1405 773 qui
1423 740 1523 766 servati
1545 744 1617 770 sunt,
1631 744 1659 765 ut
1678 746 1694 765 ο

905 781 975 809 bello
999 783 1083 817 spolia
1108 785 1266 812 victoribus.
1291 786 1338 813 Sin
1354 786 1386 813 de
1406 786 1446 813 his
1462 787 1506 820 qui
1523 786 1692 813 crediderunt

904 830 974 856 istud
993 831 1063 857 dirat
1078 841 1084 858 :
1102 831 1292 865 intelligemus,
1310 840 1356 859 eos
1376 840 1436 858 cum
1455 833 1555 859 erroris
1574 837 1695 866 tempore

62 872 86 896 ὲν
99 871 201 906 ἀμητῷ,
226 872 278 898 καὶ
303 873 491 909 διαιρούμενοι
515 875 612 908 σκύλα,
627 877 715 911 φαμὲν
728 877 769 903 ὅτι
791 878 852 910 τοὺς

918 875 1006 901 Iulium
1025 875 1141 902 fructum
1156 875 1268 909 iustitia:
1285 877 1424 909 haberent,
1441 877 1492 903 hoc
1508 877 1650 903 credentes
1667 876 1692 902 in

64 916 87 948 ἐξ
98 915 174 943 ἐθνῶν
190 917 377 952 συλλέγοντες
393 920 518 957 καθάπερ
536 921 597 948 τινὰ
621 923 693 948 σῖτον
714 922 753 954 εἰς
779 923 851 950 ἀπο-

64 963 138 997 θήκην
159 963 344 1000 δεσποτικὴν,
370 965 418 992 καὶ
443 967 494 1002 τῆς
519 967 634 1002 ἀρχαίας
660 967 856 1003 ἀποκείροντες

66 1007 166 1041 πλάνης,
189 1007 393 1044 εὐφραίνονται
417 1011 488 1038 κατὰ
509 1012 556 1039 τὸν
581 1010 640 1039 ἴσον
668 1012 767 1048 τρόπον
797 1013 853 1045 τοῖς

65 1053 156 1086 ὰμῶσιν
170 1054 199 1080 ὲν
215 1055 330 1090 ἀγροῖς,
347 1057 516 1091 ἁρπάζοντες
529 1058 558 1085 δὲ
572 1058 699 1094 καθάπερ
711 1059 743 1085 ὲκ
753 1066 853 1094 τυραν-

66 1100 130 1135 νικῆς
143 1100 305 1134 πλεονεξίας
320 1103 386 1134 τοὺς
398 1104 591 1139 ἠπατημένους
605 1105 658 1132 ὑπὸ
671 1104 718 1131 τοῦ
733 1105 850 1137 Σατανᾶ,

68 1146 105 1171 καὶ
129 1145 308 1180 μεθιστάντες
339 1148 383 1176 διὰ
413 1150 462 1185 τῆς
488 1150 606 1182 πίστεως
631 1151 671 1182 εἰς
700 1151 852 1181 εὐσέϐειαν,

903 920 1043 949 Christum
1060 921 1225 955 implevisse.
1239 921 1289 955 Qui
1305 922 1385 948 etiam
1399 921 1463 948 oliui
1482 922 1578 948 vastati
1594 926 1693 948 etcum

908 973 923 992 a
942 966 1081 993 tlmmouiis
1094 971 1148 992 tum
1167 975 1180 993 a
1197 966 1298 993 Satana
1317 967 1424 1000 direpti,
1439 974 1485 993 eos
1499 967 1544 1001 qui
1559 966 1692 1000 quondam

906 1013 1068 1047 spoliabant,
1087 1013 1246 1045 diviserunt,
1273 1017 1300 1040 et
1316 1019 1408 1039 eorum
1426 1013 1525 1039 malitia
1542 1013 1695 1046 superiores

906 1058 1079 1086 exstiterunt.
1101 1058 1194 1092 Itaque
1214 1059 1299 1093 gavisi
1320 1063 1382 1085 sunt
1403 1062 1430 1085 et
1451 1058 1512 1092 ipsi,
1528 1058 1606 1085 sicuti
1629 1065 1692 1093 pro-

906 1104 986 1138 pheta
1012 1104 1087 1137 dicit,
1125 1109 1250 1138 tauquam
1273 1105 1319 1139 qui
1344 1104 1469 1131 limantur
1489 1103 1518 1131 in
1544 1111 1642 1138 messe,
1668 1107 1696 1131 et

907 1150 1132 1183 quemadmodum
1148 1150 1174 1176 hi
1190 1150 1233 1184 qui
1249 1150 1371 1176 dividunt
1385 1150 1481 1184 spolia.

67 1191 190 1226 χαίρουσιν
205 1193 245 1225 ὡς
261 1195 287 1220 οι
309 1195 496 1231 διαιρούμενοι
512 1196 545 1223 τὰ
562 1196 657 1224 σκύλα.
675 1197 706 1223 Οἱ
723 1197 772 1232 μὲν
792 1197 846 1232 γὰρ
860 1195 981 1228 τούτους,
1004 1197 1028 1222 ol
1045 1196 1072 1222 δὲ
1089 1195 1210 1228 ἐκείνους
1231 1195 1355 1224 ἔπειθον·
1371 1198 1417 1224 καὶ
1432 1197 1539 1231 ἑκάστῳ
1556 1195 1650 1231 κέρδος
1668 1196 1694 1222 οι

69 1240 228 1273 σεσωσμένοι,
245 1240 380 1277 καθάπερ
405 1244 461 1273 τοῖς
483 1242 636 1277 νενικηκόσι
659 1243 694 1269 τὰ
710 1243 742 1269 ἐκ
759 1242 805 1268 τοῦ
821 1241 940 1276 πολέμου
959 1241 1053 1268 σκύλα.
1076 1242 1109 1269 El
1131 1242 1158 1269 δὲ
1174 1242 1206 1278 δὴ
1227 1244 1291 1278 περὶ
1306 1243 1360 1270 τῶν
1380 1244 1602 1271 πεπιστευκότων
1621 1243 1694 1279 εἰρῆ-

71 1286 123 1313 σθαι
141 1286 213 1322 λέγοι
241 1289 337 1322 ταυτὶ,
367 1290 548 1325 ἐννοήσωμεν,
571 1291 611 1317 ὅτι
629 1291 700 1317 κατὰ
720 1291 765 1317 τὸν
782 1289 828 1317 τοῦ
846 1289 998 1316 πλανᾶσθαι
1015 1289 1122 1325 καιρὸν,
1143 1289 1248 1324 καρπὸν
1270 1291 1366 1317 οὐδένα
1387 1291 1559 1326 δικαιοσύνης
1577 1291 1694 1327 ἔχοντες,

71 1333 258 1369 πεπλουτήκασι
271 1336 370 1363 τοῦτον
389 1338 602 1369 πεπιστευκότες
619 1339 659 1369 εις
675 1337 802 1373 Χριστόν.
817 1337 899 1363 Ἀλλὰ
916 1337 964 1363 καὶ
979 1336 1063 1363 πάλαι
1079 1336 1259 1372 πορθούμενοι
1276 1339 1324 1364 καὶ
1340 1337 1552 1374 διαρπαζόμενοι
1572 1338 1647 1372 παρά
1664 1345 1695 1364 τε

71 1377 113 1404 τῶν
126 1379 268 1414 δαιμονίων
283 1382 335 1408 καὶ
348 1382 395 1410 τοῦ
409 1383 525 1414 Σατανᾶ,
540 1384 699 1418 νενικήκασι
709 1383 753 1409 διὰ
766 1381 895 1418 Χριστοῦ,
910 1382 974 1413 τοὺς
989 1381 1071 1408 πάλαι
1087 1382 1276 1415 σκυλεύοντας,
1291 1385 1337 1410 καὶ
1350 1385 1490 1419 κρείττους
1505 1383 1632 1418 γεγόνασι
1646 1383 1694 1418 τῆς

72 1425 168 1453 ἐκείνων
185 1428 361 1463 σκαιότητος,
381 1429 485 1456 Οὐκοῦν
500 1430 690 1466 εὐφραίνονται
701 1430 747 1456 καὶ
761 1429 847 1462 αὐτοὶ,
860 1428 933 1456 καθά
944 1437 1026 1464 φησιν
1040 1429 1054 1455 6
1066 1430 1215 1465 προφήτης,
1228 1430 1266 1462 ὠς
1282 1431 1306 1457 οἱ
1325 1431 1532 1466 εὐφραινόμενοι
1545 1431 1573 1457 ὲν
1586 1429 1695 1465 ἀμητῷ,

72 1474 112 1500 καὶ
119 1474 146 1500 ὃν
154 1475 251 1510 τρόπον
266 1478 291 1503 οἱ
304 1476 489 1513 διαιρούμενοι
502 1478 597 1506 σκύλα.

103 1521 168 1547 Διότι
180 1521 417 1556 ἀφαιρεθήσεται
436 1525 452 1550 ὁ
467 1522 553 1558 ζυγὸς
570 1525 586 1551 ὀ
608 1524 654 1551 ἐπ’
672 1523 772 1550 αὐτῶν
785 1521 844 1548 κει-

934 1521 1012 1557 152
1028 1522 1106 1549 Vens.
1120 1521 1146 1548 ι.
1158 1521 1227 1554 Quia
1240 1521 1345 1548 tolletur
1354 1522 1447 1557 jugum
1460 1521 1484 1555 ip
1499 1521 1521 1548 is
1531 1521 1695 1556 impositum,

73 1574 157 1600 μενος,
172 1566 219 1594 καὶ
236 1567 255 1600 ἠ
270 1567 387 1601 ῥάϐδος
403 1569 421 1602 ἡ
439 1568 488 1594 ἐπὶ
502 1568 556 1595 τοῦ
571 1567 724 1602 τραχήλου
741 1567 850 1595 αὐτῶν.

78 1612 127 1645 Τὴν
146 1613 196 1647 τὰρ
217 1613 338 1648 ῥάϐδον
360 1613 420 1641 τῶν
440 1615 649 1642 ἀπαιτούντων
675 1615 853 1643 διεσκέδασε

76 1658 166 1691 ΚίῬιος
179 1659 218 1691 ὼς
235 1659 273 1693 τῇ
290 1659 388 1694 ἡμέρᾳ
403 1659 439 1694 τῇ
451 1660 499 1686 ἐπὶ
519 1660 649 1695 Μαδιάμ.

111 1704 271 1741 Ἐλευθέρους
296 1706 378 1737 ὄντας
401 1707 464 1737 τοὺς
488 1707 534 1732 ἐπὶ
557 1707 606 1742 τῆς
629 1707 699 1742 γῆς,
726 1707 774 1734 καὶ
792 1707 853 1734 κατ’

78 1750 155 1777 εἰκόνα
163 1751 210 1786 τὴν
223 1752 300 1780 θείαν
315 1750 345 1779 εὖ
363 1753 434 1788 μάλα
448 1754 659 1788 πεποιημένους,
676 1754 854 1788 ἐκτισμένους

80 1804 112 1826 τε,
123 1795 187 1823 καθά
200 1806 281 1833 φησιν
295 1798 310 1824 6
333 1798 468 1834 μακάριος
481 1799 595 1831 Παῦλος,
611 1800 657 1825 ἐπὶ
672 1799 763 1835 ἔργοις
782 1800 854 1834 ἀγα-

81 1838 134 1871 θοῑς,
152 1838 190 1872 οἷς
210 1842 417 1877 προητοίμασεν
439 1844 453 1869 6
473 1841 549 1875 Θεὸς,
565 1844 608 1870 ἵνα
623 1845 651 1870 ἐν
667 1844 759 1876 αὐτοῖς
773 1853 853 1880 περι-

83 1886 236 1922 πατήσωμεν,
258 1888 495 1925 πεπλεονέκτηκεν
517 1890 547 1916 οὐ
564 1890 680 1925 μετρίως
698 1891 711 1916 ὁ
726 1890 775 1924 τῆς
791 1890 854 1917 ἀνο-

84 1929 135 1963 μίας
150 1931 266 1968 εὑρετὴς,
285 1933 335 1959 καὶ
351 1933 401 1967 τῆς
416 1934 455 1965 εἰς
478 1933 543 1959 Θεὸν
559 1934 715 1968 ἀποστήσας
730 1934 852 1968 ἀγάπης,

84 1974 149 2006 ἰδίους
163 1977 306 2013 ἐποιήσατο
326 1978 528 2013 προσκυνητὰς,
548 1978 745 2012 δυσδιάφυκτον
762 1977 853 2008 αὐτοῖς

84 2021 219 2058 ὲπαρτήσας
242 2024 289 2050 τὸν
314 2025 365 2059 τῆς
390 2023 527 2058 ἁμαρτίας
550 2023 642 2057 ζυγόν.
674 2023 853 2058 Πεπραχότας

84 2067 157 2095 τοίνυν
173 2069 279 2101 ἀθλίως,
304 2070 352 2096 καὶ
383 2071 412 2096 ὲν
437 2069 542 2101 τούτοις
565 2070 644 2100 ὄντας
666 2071 722 2101 τοῖς
746 2070 852 2101 κακοῖς,

86 2113 183 2147 μάλιστα
199 2115 260 2146 τοὺς
274 2115 307 2147 ἐξ
322 2115 408 2142 ὲονῶν
419 2116 554 2151 ὲρρύσατο
567 2115 694 2151 Χριστὸς,
711 2115 758 2142 καὶ
772 2114 853 2141 πάλιν

86 2159 201 2195 ἀπέφηνεν
210 2160 380 2196 ἐλευθέρους.
399 2161 492 2198 Ταύτῃ
502 2161 542 2188 τοί
556 2169 638 2195 φησιν
647 2169 653 2175 ·
673 2170 681 2186 ι
694 2160 855 2196 Ἀφαιρεθή-

903 1573 927 1595 et
956 1570 1028 1603 virga
1049 1576 1107 1604 qua'
1124 1577 1203 1602 super
1220 1568 1316 1595 collum
1342 1568 1469 1601 ipsorum.
1491 1567 1595 1601 Virgam
1626 1567 1696 1594 enim

903 1621 1056 1643 exactor-um
1073 1616 1209 1650 άίηίμιιυίι
1226 1614 1367 1648 Dominus,
1384 1613 1452 1641 velut
1471 1614 1499 1640 in
1514 1614 1557 1640 die
1573 1612 1695 1640 Madiun.

939 1702 1006 1730 Cum
1021 1701 1098 1729 liberi
1114 1704 1205 1729 essent
1221 1701 1246 1728 iu
1263 1705 1348 1733 terra,
1361 1705 1388 1728 et
1408 1700 1441 1727 ad
1464 1699 1610 1734 imaginem
1625 1699 1695 1726 divi-

905 1755 968 1776 nam
988 1747 1170 1782 pulcherrime
1194 1747 1337 1780 fabricati,
1359 1747 1531 1780 conditique,
1551 1750 1581 1773 ut
1607 1746 1696 1780 inquit

903 1794 997 1820 beatus
1018 1792 1118 1820 Paulus
1128 1792 1163 1825 ",
1185 1793 1217 1819 ad
1241 1799 1325 1826 opera
1349 1791 1420 1818 bona
1445 1799 1505 1826 qua:
1531 1792 1695 1825 pra-paravit

903 1839 990 1871 Deus,
1009 1844 1036 1866 ut
1056 1839 1081 1866 iu
1102 1838 1154 1866 illis
1173 1837 1501 1873 ambularemusgiuvasit
1514 1844 1561 1864 eos
1576 1842 1602 1863 et
1623 1840 1695 1864 totos

903 1885 1024 1920 possedit
1037 1883 1189 1918 iniquitatis
1205 1884 1338 1914 inventor.
1350 1887 1377 1910 et
1393 1890 1407 1909 a
1423 1882 1556 1910 charitate
1569 1883 1594 1909 in
1610 1883 1693 1909 Deum

904 1938 1026 1962 aversos,
1044 1930 1152 1964 proprie
1167 1937 1230 1956 suos
1247 1930 1366 1956 cultores
1384 1929 1511 1960 reddidit,
1530 1935 1562 1956 ac
1579 1928 1695 1955 inevita-

905 1974 958 2002 bile
975 1975 1078 2009 peccati
1092 1974 1186 2009 jugum
1202 1974 1339 2009 imposuit.
1353 1974 1447 2008 Itaque
1460 1974 1559 2001 misere
1572 1979 1694 2008 agentes.

905 2020 1001 2055 hisque
1019 2021 1045 2047 in
1063 2021 1140 2047 malis
1157 2024 1278 2047 versatos
1292 2019 1407 2054 gentiles
1425 2019 1553 2051 maxime,
1567 2019 1695 2047 Christus

905 2068 1016 2103 eripuit,
1034 2072 1060 2094 et
1079 2067 1111 2093 de
1132 2066 1238 2100 integro
1259 2066 1285 2092 in
1306 2065 1459 2092 libertatem
1473 2065 1629 2092 vindicavit.
1653 2065 1695 2092 ld-

904 2114 977 2141 circo
991 2114 1045 2140 ait:
1059 2122 1067 2139 ι
1083 2112 1204 2140 Tolletur
1215 2113 1306 2147 jngum
1321 2112 1386 2145 ipsis
1400 2112 1565 2146 impositum,
1577 2115 1603 2138 et
1619 2111 1694 2146 virga

905 2168 965 2195 qua).
975 2165 1017 2187 est
1035 2160 1060 2186 in
1074 2159 1143 2186 collo
1159 2166 1263 2185 eorum.
1280 2167 1290 2184 ι
1306 2157 1416 2191 Virgam
1432 2163 1534 2190 autem,
1547 2157 1639 2187 credo,
1652 2157 1694 2184 (ti-

87 2211 148 2230 σεται
160 2205 173 2231 ὁ
185 2205 262 2240 ζυγὸς
276 2207 291 2232 6
310 2206 353 2232 ἐπ’
366 2205 456 2232 αὐτῶν
469 2206 605 2240 κείμενος,
629 2206 676 2232 καὶ
690 2206 706 2241 ἡ
723 2205 822 2241 ῥάϐδος
837 2205 852 2240 ἡ

918 2207 957 2240 :it,
974 2206 1015 2232 vel
1031 2210 1177 2239 sceptrum,
1196 2205 1247 2231 hoc
1262 2208 1313 2235 est,
1329 2211 1452 2237 regnum,
1472 2203 1573 2230 scilicet
1588 2202 1695 2229 Satanzc

87 2249 167 2277 ἱπὶτοῦ
178 2252 312 2288 τραχήλου
325 2251 425 2278 αὐτῶν.
441 2261 449 2278 ι
467 2251 578 2278 Ῥάϐδον
591 2252 619 2278 δὲ
631 2249 716 2286 οἶμαι,
732 2251 824 2286 φησὶν,
836 2249 853 2286 ἢ

88 2294 111 2320 τὸ
124 2297 256 2334 σκῆπτρον,
273 2298 347 2325 τοῦτ’
362 2298 428 2330 ἔστι,
445 2298 494 2333 τὴν
519 2297 669 2332 βασιλείαν,
683 2297 762 2332 δῆλον
772 2297 801 2324 δὲ
812 2297 854 2323 ὅτι

88 2340 126 2375 τὴν
136 2342 176 2369 τοῦ
190 2344 305 2377 Σατανᾶ,
319 2344 336 2379 ἢ
352 2345 421 2379 τάχα
444 2353 495 2370 που
514 2344 563 2379 τὴν
584 2344 717 2379 ἀνάγκην,
742 2344 789 2371 καὶ
805 2343 853 2378 τὴν

91 2387 154 2414 οἱονεὶ
164 2389 262 2426 πληγήν
276 2399 306 2417 τε
321 2391 369 2418 καὶ
386 2391 514 2425 μάστιγα.
534 2390 645 2426 Συνέχει
659 2391 713 2426 γὰρ
729 2391 802 2425 ἡμᾶς
813 2390 854 2422 εἰς

90 2431 114 2458 τὸ
123 2434 207 2462 οἰκεῖον
221 2435 328 2472 θέλημα
341 2436 371 2463 τὺ
384 2436 482 2472 μιαρὸν
500 2437 547 2463 καὶ
560 2436 673 2472 βέϐηλον
686 2436 740 2462 τῶν
758 2436 853 2470 δαιμο-

93 2476 141 2504 νίων
151 2479 178 2506 τὸ
193 2482 297 2517 στίφος,
312 2482 360 2509 καὶ
375 2481 389 2507 ὁ
409 2481 510 2508 τούτων
528 2482 679 2517 ἡγούμενος
692 2483 706 2508 6
721 2482 852 2515 Σατανᾶς,

94 2528 209 2562 μονονουχὶ
229 2529 321 2563 ράὃδῳ
343 2528 504 2556 καταπαίων
519 2531 579 2561 ταῖς
595 2529 649 2556 τῶν
663 2529 757 2556 παθῶν
775 2528 853 2555 δυνα-

96 2571 191 2605 στείαις,
206 2574 222 2601 ἃ.
237 2574 368 2610 ἐπιφέρει
388 2575 427 2610 τῷ
446 2575 494 2610 νῷ,
518 2576 564 2602 καὶ
590 2575 784 2607 καταϐιάζεται
803 2574 853 2610 τὴν

96 2616 184 2650 καρδίαν
194 2621 229 2652 εἰς
241 2621 271 2648 τὸ
286 2621 353 2656 δρᾷν
370 2621 470 2648 ἐθέλειν
483 2620 501 2648 ἃ
515 2621 552 2656 μὴ
570 2621 660 2657 Θέμις.
680 2622 852 2648 Ἀποσείσον-

98 2670 130 2688 ται
145 2665 229 2700 τοίνυν,
244 2669 324 2703 φησὶ,
341 2667 387 2694 τὸν
405 2668 437 2694 ὲκ
453 2667 608 2701 πλεονεξίας
621 2667 713 2702 ζυγὸν,
734 2668 780 2694 καὶ
799 2667 852 2702 μὴν

98 2707 132 2733 καὶ
146 2708 185 2744 τὴν
202 2712 305 2746 ράὃδον,
323 2713 357 2748 ἣν
373 2714 521 2749 ἐσχήκασιν
541 2713 584 2740 ἀεὶ
605 2714 675 2741 κατὰ
689 2713 735 2741 τοῦ
751 2715 852 2750 τραχή-

98 2751 142 2785 ἳω,
162 2756 273 2794 καθάπερ
299 2759 403 2786 οἰκέται
431 2761 490 2791 ταῖς
514 2759 559 2787 τοῦ
581 2761 710 2788 δεσπότου
735 2762 852 2796 πληγαῖς

125 2831 141 2845 ¹“
155 2832 235 2869 Ephcs.
250 2846 278 2869 ιι,
297 2839 335 2864 ΙΟ.

905 2260 937 2279 ac
953 2251 1155 2279 immundorum
1179 2250 1332 2284 spirituum,
1359 2249 1399 2276 vel
1418 2248 1487 2275 forte
1504 2248 1693 2275 necessitatem

905 2306 937 2326 ac
953 2298 1031 2325 veluti
1049 2298 1153 2332 pingant
1166 2301 1191 2323 et
1204 2295 1348 2330 ﬂagellum.
1359 2295 1471 2322 Cocrcet
1483 2295 1555 2321 enim
1571 2301 1630 2325 nos,
1647 2301 1693 2320 c0-

905 2346 997 2380 gitque
1012 2344 1044 2370 ad
1066 2350 1141 2370 suam
1164 2342 1327 2369 voluntatem
1345 2340 1504 2368 sceleratam
1522 2344 1548 2366 et
1563 2338 1693 2366 nefariam

906 2398 1001 2425 agmen
1026 2389 1237 2419 daemoniorum,
1259 2394 1407 2420 eorumque
1429 2385 1619 2420 antesignanus
1644 2384 1694 2410 Sa-

906 2442 1001 2469 tanas,
1023 2435 1167 2462 aﬂ‘ectuum
1195 2434 1308 2468 imperio
1330 2441 1379 2460 ccu
1403 2432 1478 2466 virga
1499 2431 1691 2465 propemodum

904 2483 1070 2513 verberans,
1095 2488 1162 2516 quos
1188 2480 1270 2506 menti
1294 2479 1424 2511 otluudit,
1446 2477 1620 2510 animumque
1645 2476 1693 2502 im-

906 2529 992 2562 pellit,
1005 2533 1034 2554 ut
1049 2535 1108 2562 qua:
1123 2535 1176 2553 non
1194 2526 1254 2553 licet
1267 2524 1332 2552 velit
1347 2524 1445 2551 facere.
1461 2523 1602 2550 Excutiunt
1616 2529 1691 2556 ergo,

906 2575 1011 2609 inquit,
1036 2574 1130 2608 jugum
1161 2571 1325 2607 tyrannidis,
1349 2575 1376 2597 et
1399 2569 1501 2605 virgam
1521 2576 1601 2603 quam
1623 2567 1692 2595 collo

907 2621 1107 2656 impendentem
1134 2626 1242 2653 semper
1268 2618 1437 2648 habuerunt,
1463 2615 1537 2643 velut
1559 2613 1691 2647 mancipia

907 2668 964 2695 heri
989 2667 1074 2702 plagis
1100 2665 1233 2700 subjecta.
1257 2663 1420 2691 Meutionem
1444 2669 1510 2688 vero
1534 2667 1628 2688 rursus
1650 2659 1691 2686 in—

908 2715 1017 2741 terserit
1039 2713 1161 2740 historite
1180 2719 1240 2746 qua:
1258 2711 1345 2746 posita
1363 2714 1405 2737 est
1424 2709 1450 2736 in
1468 2708 1538 2735 libro
1556 2706 1689 2734 iudicum.

908 2761 953 2788 Sic
970 2765 1059 2788 autent
1082 2766 1112 2787 se
1127 2758 1208 2786 habet
1223 2767 1229 2785 :
1248 2757 1315 2786 Cum
1332 2755 1538 2790 dereliquisscut
1558 2749 1690 2779 universi~
