  <div class='ocr_page' id='page_1' title='image "/cluster/home/n/w/nwhite01/storage/ocr_20150623/70/njp.32101077772737/168.png"; bbox 0 0 1887 3054; ppageno 0'>
   <div class='ocr_carea' id='block_1_1' title="bbox 49 175 87 201">
    <p class='ocr_par' dir='ltr' id='par_1_1' title="bbox 49 175 87 201">
     <span class='ocr_line' id='line_1_1' title="bbox 49 175 87 201; baseline 0 -1"><span class='ocrx_word' id='word_1_1' title='bbox 49 175 87 201; x_wconf 68' lang='lat' dir='ltr'><strong>2H</strong></span> 
     </span>
    </p>
   </div>
   <div class='ocr_carea' id='block_1_2' title="bbox 625 176 1684 206">
    <p class='ocr_par' dir='ltr' id='par_1_2' title="bbox 625 176 1684 206">
     <span class='ocr_line' id='line_1_2' title="bbox 625 176 1684 206; baseline 0.001 -1"><span class='ocrx_word' id='word_1_2' title='bbox 625 178 658 205; x_wconf 75' lang='lat' dir='ltr'><strong>IN</strong></span> <span class='ocrx_word' id='word_1_3' title='bbox 678 177 797 205; x_wconf 76' lang='lat' dir='ltr'><strong>[SAIAM</strong></span> <span class='ocrx_word' id='word_1_4' title='bbox 816 177 881 205; x_wconf 84' lang='lat' dir='ltr'><strong>LIB.</strong></span> <span class='ocrx_word' id='word_1_5' title='bbox 901 177 919 204; x_wconf 92' lang='lat' dir='ltr'><strong>I.</strong></span> <span class='ocrx_word' id='word_1_6' title='bbox 942 176 1045 206; x_wconf 76' lang='lat' dir='ltr'><strong>ORAT.</strong></span> <span class='ocrx_word' id='word_1_7' title='bbox 1067 177 1098 204; x_wconf 83' lang='lat' dir='ltr'><strong>V.</strong></span> <span class='ocrx_word' id='word_1_8' title='bbox 1630 181 1684 206; x_wconf 56' lang='grc' dir='ltr'><strong>Ἧι</strong></span> 
     </span>
    </p>
   </div>
   <div class='ocr_carea' id='block_1_3' title="bbox 49 218 857 273">
    <p class='ocr_par' dir='ltr' id='par_1_3' title="bbox 49 236 844 273">
     <span class='ocr_line' id='line_1_3' title="bbox 49 236 844 273; baseline 0.001 -11"><span class='ocrx_word' id='word_1_9' title='bbox 49 236 104 262; x_wconf 61' lang='grc' dir='ltr'>’.ἔω-ι</span> <span class='ocrx_word' id='word_1_10' title='bbox 119 236 261 272; x_wconf 69' lang='grc' dir='ltr'>χρησμοὺς</span> <span class='ocrx_word' id='word_1_11' title='bbox 284 237 416 273; x_wconf 78' lang='grc' dir='ltr'><strong>ἀγαπᾷν,</strong></span> <span class='ocrx_word' id='word_1_12' title='bbox 441 239 486 264; x_wconf 79' lang='grc' dir='ltr'>καὶ</span> <span class='ocrx_word' id='word_1_13' title='bbox 507 238 657 272; x_wconf 75' lang='grc' dir='ltr'>κενολόγοις</span> <span class='ocrx_word' id='word_1_14' title='bbox 673 239 729 265; x_wconf 77' lang='grc' dir='ltr'>τισὶ</span> <span class='ocrx_word' id='word_1_15' title='bbox 751 246 844 273; x_wconf 80' lang='grc' dir='ltr'>νεκρο-</span> 
     </span>
    </p>
   </div>
   <div class='ocr_carea' id='block_1_4' title="bbox 925 218 1682 273">
    <p class='ocr_par' dir='ltr' id='par_1_4' title="bbox 951 236 1682 272">
     <span class='ocr_line' id='line_1_4' title="bbox 951 236 1682 272; baseline -0.001 -8"><span class='ocrx_word' id='word_1_16' title='bbox 951 238 1102 272; x_wconf 85' lang='lat' dir='ltr'><strong>vaniloquis</strong></span> <span class='ocrx_word' id='word_1_17' title='bbox 1128 236 1290 272; x_wconf 85' lang='lat' dir='ltr'><strong>quibusdam</strong></span> <span class='ocrx_word' id='word_1_18' title='bbox 1326 236 1533 264; x_wconf 75' lang='lat' dir='ltr'><strong>necromanticis</strong></span> <span class='ocrx_word' id='word_1_19' title='bbox 1559 236 1682 263; x_wconf 63' lang='grc' dir='ltr'>ἌιΗιαλΓεη</span> 
     </span>
    </p>
   </div>
   <div class='ocr_carea' id='block_1_5' title="bbox 52 281 842 318">
    <p class='ocr_par' dir='ltr' id='par_1_5' title="bbox 52 281 842 318">
     <span class='ocr_line' id='line_1_5' title="bbox 52 281 842 318; baseline 0.006 -13"><span class='ocrx_word' id='word_1_20' title='bbox 52 281 155 314; x_wconf 71' lang='grc' dir='ltr'>μάντεσι</span> <span class='ocrx_word' id='word_1_21' title='bbox 177 281 366 315; x_wconf 77' lang='grc' dir='ltr'>προσκεῖσθαι</span> <span class='ocrx_word' id='word_1_22' title='bbox 389 283 486 317; x_wconf 80' lang='grc' dir='ltr'><strong>φιλεῖν,</strong></span> <span class='ocrx_word' id='word_1_23' title='bbox 510 283 535 310; x_wconf 79' lang='grc' dir='ltr'>οἶ</span> <span class='ocrx_word' id='word_1_24' title='bbox 554 283 662 317; x_wconf 84' lang='grc' dir='ltr'>λέγουσι</span> <span class='ocrx_word' id='word_1_25' title='bbox 679 283 728 318; x_wconf 88' lang='grc' dir='ltr'>μὲν</span> <span class='ocrx_word' id='word_1_26' title='bbox 744 282 842 318; x_wconf 81' lang='grc' dir='ltr'>ἀληθὲς</span> 
     </span>
    </p>
   </div>
   <div class='ocr_carea' id='block_1_6' title="bbox 51 326 843 365">
    <p class='ocr_par' dir='ltr' id='par_1_6' title="bbox 51 326 843 365">
     <span class='ocr_line' id='line_1_6' title="bbox 51 326 843 365; baseline 0.003 -13"><span class='ocrx_word' id='word_1_27' title='bbox 51 327 130 353; x_wconf 69' lang='grc' dir='ltr'>οὐδέν·</span> <span class='ocrx_word' id='word_1_28' title='bbox 156 326 356 362; x_wconf 73' lang='grc' dir='ltr'>ἀνερεύγονται</span> <span class='ocrx_word' id='word_1_29' title='bbox 383 328 412 355; x_wconf 87' lang='grc' dir='ltr'><strong>δὲ</strong></span> <span class='ocrx_word' id='word_1_30' title='bbox 441 329 534 365; x_wconf 85' lang='grc' dir='ltr'>ὥσπερ</span> <span class='ocrx_word' id='word_1_31' title='bbox 561 329 590 356; x_wconf 77' lang='grc' dir='ltr'><strong>τὸ</strong></span> <span class='ocrx_word' id='word_1_32' title='bbox 623 330 662 361; x_wconf 78' lang='grc' dir='ltr'><strong>εἰς</strong></span> <span class='ocrx_word' id='word_1_33' title='bbox 690 328 752 356; x_wconf 84' lang='grc' dir='ltr'><strong>νοῦν</strong></span> <span class='ocrx_word' id='word_1_34' title='bbox 776 326 843 365; x_wconf 84' lang='grc' dir='ltr'>ἧκον</span> 
     </span>
    </p>
   </div>
   <div class='ocr_carea' id='block_1_7' title="bbox 52 373 843 412">
    <p class='ocr_par' dir='ltr' id='par_1_7' title="bbox 52 373 843 412">
     <span class='ocr_line' id='line_1_7' title="bbox 52 373 843 412; baseline 0.001 -13"><span class='ocrx_word' id='word_1_35' title='bbox 52 373 147 404; x_wconf 67' lang='grc' dir='ltr'>ἁπλῶς.</span> <span class='ocrx_word' id='word_1_36' title='bbox 175 373 246 400; x_wconf 77' lang='grc' dir='ltr'>Ἀλλ’</span> <span class='ocrx_word' id='word_1_37' title='bbox 262 373 357 409; x_wconf 77' lang='grc' dir='ltr'>ὑμεῖς,</span> <span class='ocrx_word' id='word_1_38' title='bbox 372 374 449 410; x_wconf 77' lang='grc' dir='ltr'>φησὶ,</span> <span class='ocrx_word' id='word_1_39' title='bbox 462 374 513 402; x_wconf 70' lang='grc' dir='ltr'>κᾶν</span> <span class='ocrx_word' id='word_1_40' title='bbox 532 375 556 402; x_wconf 81' lang='grc' dir='ltr'><strong>εί</strong></span> <span class='ocrx_word' id='word_1_41' title='bbox 574 375 712 412; x_wconf 86' lang='grc' dir='ltr'>προσίοιτό</span> <span class='ocrx_word' id='word_1_42' title='bbox 728 383 781 407; x_wconf 87' lang='grc' dir='ltr'>τις,</span> <span class='ocrx_word' id='word_1_43' title='bbox 798 373 843 400; x_wconf 78' lang='grc' dir='ltr'>λέ-</span> 
     </span>
    </p>
   </div>
   <div class='ocr_carea' id='block_1_8' title="bbox 53 419 844 457">
    <p class='ocr_par' dir='ltr' id='par_1_8' title="bbox 53 419 844 457">
     <span class='ocr_line' id='line_1_8' title="bbox 53 419 844 457; baseline 0.003 -12"><span class='ocrx_word' id='word_1_44' title='bbox 53 426 112 453; x_wconf 82' lang='grc' dir='ltr'>γων·</span> <span class='ocrx_word' id='word_1_45' title='bbox 130 419 274 455; x_wconf 81' lang='grc' dir='ltr'>Ζητήσατε</span> <span class='ocrx_word' id='word_1_46' title='bbox 290 421 357 452; x_wconf 82' lang='grc' dir='ltr'>τοὺς</span> <span class='ocrx_word' id='word_1_47' title='bbox 375 421 429 447; x_wconf 79' lang='grc' dir='ltr'>ἀπὸ</span> <span class='ocrx_word' id='word_1_48' title='bbox 452 421 501 456; x_wconf 84' lang='grc' dir='ltr'>τῆς</span> <span class='ocrx_word' id='word_1_49' title='bbox 520 422 571 457; x_wconf 84' lang='grc' dir='ltr'>γῆς</span> <span class='ocrx_word' id='word_1_50' title='bbox 587 421 752 456; x_wconf 78' lang='grc' dir='ltr'><strong>φωνοῦντας,</strong></span> <span class='ocrx_word' id='word_1_51' title='bbox 771 420 844 447; x_wconf 83' lang='grc' dir='ltr'>τοῦτ’</span> 
     </span>
    </p>
   </div>
   <div class='ocr_carea' id='block_1_9' title="bbox 53 466 844 504">
    <p class='ocr_par' dir='ltr' id='par_1_9' title="bbox 53 466 844 504">
     <span class='ocr_line' id='line_1_9' title="bbox 53 466 844 504; baseline 0.005 -14"><span class='ocrx_word' id='word_1_52' title='bbox 53 466 114 495; x_wconf 75' lang='grc' dir='ltr'>εστι,</span> <span class='ocrx_word' id='word_1_53' title='bbox 132 466 196 498; x_wconf 77' lang='grc' dir='ltr'>τοῦς</span> <span class='ocrx_word' id='word_1_54' title='bbox 214 467 470 503; x_wconf 75' lang='grc' dir='ltr'><strong>προσποιουμένους</strong></span> <span class='ocrx_word' id='word_1_55' title='bbox 484 468 630 504; x_wconf 75' lang='grc' dir='ltr'>ἀναφέρειν</span> <span class='ocrx_word' id='word_1_56' title='bbox 644 467 708 500; x_wconf 75' lang='grc' dir='ltr'>τοὺς</span> <span class='ocrx_word' id='word_1_57' title='bbox 719 466 844 503; x_wconf 84' lang='grc' dir='ltr'>νεκρούς·</span> 
     </span>
    </p>
   </div>
   <div class='ocr_carea' id='block_1_10' title="bbox 53 510 845 548">
    <p class='ocr_par' dir='ltr' id='par_1_10' title="bbox 53 510 845 548">
     <span class='ocr_line' id='line_1_10' title="bbox 53 510 845 548; baseline 0.005 -12"><span class='ocrx_word' id='word_1_58' title='bbox 53 510 94 537; x_wconf 67' lang='lat' dir='ltr'><strong>iui.</strong></span> <span class='ocrx_word' id='word_1_59' title='bbox 117 510 215 546; x_wconf 82' lang='grc' dir='ltr'>ὥσπερ</span> <span class='ocrx_word' id='word_1_60' title='bbox 240 511 271 544; x_wconf 78' lang='grc' dir='ltr'>ἐξ</span> <span class='ocrx_word' id='word_1_61' title='bbox 293 512 357 548; x_wconf 81' lang='grc' dir='ltr'>ᾂδου</span> <span class='ocrx_word' id='word_1_62' title='bbox 375 513 510 540; x_wconf 86' lang='grc' dir='ltr'>ποιεῖσθαι</span> <span class='ocrx_word' id='word_1_63' title='bbox 531 513 581 545; x_wconf 84' lang='grc' dir='ltr'><strong>τὰς</strong></span> <span class='ocrx_word' id='word_1_64' title='bbox 604 513 743 548; x_wconf 83' lang='grc' dir='ltr'><strong>μαντείας·</strong></span> <span class='ocrx_word' id='word_1_65' title='bbox 760 513 845 548; x_wconf 73' lang='grc' dir='ltr'>ἤγουν</span> 
     </span>
    </p>
   </div>
   <div class='ocr_carea' id='block_1_11' title="bbox 54 557 846 596">
    <p class='ocr_par' dir='ltr' id='par_1_11' title="bbox 54 557 846 596">
     <span class='ocr_line' id='line_1_11' title="bbox 54 557 846 596; baseline 0.005 -14"><span class='ocrx_word' id='word_1_66' title='bbox 54 557 110 588; x_wconf 78' lang='grc' dir='ltr'>τοὺς</span> <span class='ocrx_word' id='word_1_67' title='bbox 138 557 390 594; x_wconf 74' lang='grc' dir='ltr'><strong>ἐγγαστριμύθους·</strong></span> <span class='ocrx_word' id='word_1_68' title='bbox 410 560 434 586; x_wconf 77' lang='grc' dir='ltr'>οἳ</span> <span class='ocrx_word' id='word_1_69' title='bbox 462 559 672 596; x_wconf 76' lang='grc' dir='ltr'>προσποιοῦνται</span> <span class='ocrx_word' id='word_1_70' title='bbox 697 559 746 595; x_wconf 83' lang='grc' dir='ltr'>μὲν</span> <span class='ocrx_word' id='word_1_71' title='bbox 767 558 846 590; x_wconf 79' lang='grc' dir='ltr'>θεούς</span> 
     </span>
    </p>
   </div>
   <div class='ocr_carea' id='block_1_12' title="bbox 55 602 846 641">
    <p class='ocr_par' dir='ltr' id='par_1_12' title="bbox 55 602 846 641">
     <span class='ocr_line' id='line_1_12' title="bbox 55 602 846 641; baseline 0.005 -13"><span class='ocrx_word' id='word_1_72' title='bbox 55 610 124 634; x_wconf 85' lang='grc' dir='ltr'>τινας</span> <span class='ocrx_word' id='word_1_73' title='bbox 135 602 209 638; x_wconf 76' lang='grc' dir='ltr'>ἔχειν</span> <span class='ocrx_word' id='word_1_74' title='bbox 221 603 262 635; x_wconf 79' lang='grc' dir='ltr'><strong>είς</strong></span> <span class='ocrx_word' id='word_1_75' title='bbox 276 603 326 639; x_wconf 79' lang='grc' dir='ltr'>τὴν</span> <span class='ocrx_word' id='word_1_76' title='bbox 339 604 452 637; x_wconf 81' lang='grc' dir='ltr'>κοιλίαν,</span> <span class='ocrx_word' id='word_1_77' title='bbox 468 604 539 631; x_wconf 77' lang='grc' dir='ltr'>οὕτω</span> <span class='ocrx_word' id='word_1_78' title='bbox 552 614 582 632; x_wconf 86' lang='grc' dir='ltr'><strong>τε</strong></span> <span class='ocrx_word' id='word_1_79' title='bbox 594 607 650 637; x_wconf 87' lang='grc' dir='ltr'>τοῖς</span> <span class='ocrx_word' id='word_1_80' title='bbox 657 604 799 641; x_wconf 78' lang='grc' dir='ltr'>προσιοῦσι</span> <span class='ocrx_word' id='word_1_81' title='bbox 811 604 846 632; x_wconf 85' lang='grc' dir='ltr'><strong>τὰ</strong></span> 
     </span>
    </p>
   </div>
   <div class='ocr_carea' id='block_1_13' title="bbox 55 647 844 687">
    <p class='ocr_par' dir='ltr' id='par_1_13' title="bbox 55 647 844 687">
     <span class='ocr_line' id='line_1_13' title="bbox 55 647 844 687; baseline 0.005 -14"><span class='ocrx_word' id='word_1_82' title='bbox 55 647 122 682; x_wconf 68' lang='grc' dir='ltr'>παρ’</span> <span class='ocrx_word' id='word_1_83' title='bbox 134 648 252 676; x_wconf 87' lang='grc' dir='ltr'>ἐκείνων</span> <span class='ocrx_word' id='word_1_84' title='bbox 277 649 378 682; x_wconf 79' lang='grc' dir='ltr'>λαλεῖν,</span> <span class='ocrx_word' id='word_1_85' title='bbox 397 650 433 685; x_wconf 84' lang='grc' dir='ltr'>μὴ</span> <span class='ocrx_word' id='word_1_86' title='bbox 446 651 590 686; x_wconf 82' lang='grc' dir='ltr'>προσίεσθε</span> <span class='ocrx_word' id='word_1_87' title='bbox 612 651 660 687; x_wconf 83' lang='grc' dir='ltr'>τὴν</span> <span class='ocrx_word' id='word_1_88' title='bbox 679 650 844 686; x_wconf 82' lang='grc' dir='ltr'>συμϐουλήν.</span> 
     </span>
    </p>
   </div>
   <div class='ocr_carea' id='block_1_14' title="bbox 54 692 847 730">
    <p class='ocr_par' dir='ltr' id='par_1_14' title="bbox 54 692 847 730">
     <span class='ocr_line' id='line_1_14' title="bbox 54 692 847 730; baseline 0.006 -12"><span class='ocrx_word' id='word_1_89' title='bbox 54 692 171 720; x_wconf 63' lang='grc' dir='ltr'>οωνοῦσι</span> <span class='ocrx_word' id='word_1_90' title='bbox 187 693 244 729; x_wconf 83' lang='grc' dir='ltr'><strong>γὰρ</strong></span> <span class='ocrx_word' id='word_1_91' title='bbox 258 694 312 721; x_wconf 75' lang='grc' dir='ltr'>ἀπὸ</span> <span class='ocrx_word' id='word_1_92' title='bbox 327 695 410 730; x_wconf 84' lang='grc' dir='ltr'>μόνης</span> <span class='ocrx_word' id='word_1_93' title='bbox 421 696 470 730; x_wconf 81' lang='grc' dir='ltr'>τῆς</span> <span class='ocrx_word' id='word_1_94' title='bbox 486 696 590 723; x_wconf 81' lang='grc' dir='ltr'>ἑαυτῶν</span> <span class='ocrx_word' id='word_1_95' title='bbox 603 696 716 729; x_wconf 83' lang='grc' dir='ltr'>κοιλίας,</span> <span class='ocrx_word' id='word_1_96' title='bbox 735 696 780 723; x_wconf 75' lang='grc' dir='ltr'><strong>καὶ</strong></span> <span class='ocrx_word' id='word_1_97' title='bbox 797 697 847 724; x_wconf 85' lang='grc' dir='ltr'>οὐκ</span> 
     </span>
    </p>
   </div>
   <div class='ocr_carea' id='block_1_15' title="bbox 56 739 847 778">
    <p class='ocr_par' dir='ltr' id='par_1_15' title="bbox 56 739 847 778">
     <span class='ocr_line' id='line_1_15' title="bbox 56 739 847 778; baseline 0.005 -13"><span class='ocrx_word' id='word_1_98' title='bbox 56 739 120 765; x_wconf 68' lang='grc' dir='ltr'>εἰσὶν</span> <span class='ocrx_word' id='word_1_99' title='bbox 135 739 215 771; x_wconf 77' lang='grc' dir='ltr'>ἔθνος</span> <span class='ocrx_word' id='word_1_100' title='bbox 230 740 350 773; x_wconf 79' lang='grc' dir='ltr'>συνετὸν,</span> <span class='ocrx_word' id='word_1_101' title='bbox 368 741 438 768; x_wconf 85' lang='grc' dir='ltr'>ὥστε</span> <span class='ocrx_word' id='word_1_102' title='bbox 455 742 502 768; x_wconf 68' lang='grc' dir='ltr'>καὶ</span> <span class='ocrx_word' id='word_1_103' title='bbox 516 741 685 778; x_wconf 63' lang='grc' dir='ltr'>ἀναζητῆσαι</span> <span class='ocrx_word' id='word_1_104' title='bbox 705 742 782 775; x_wconf 83' lang='grc' dir='ltr'>Θεὸν,</span> <span class='ocrx_word' id='word_1_105' title='bbox 800 743 847 770; x_wconf 77' lang='grc' dir='ltr'>καὶ</span> 
     </span>
    </p>
   </div>
   <div class='ocr_carea' id='block_1_16' title="bbox 57 785 848 823">
    <p class='ocr_par' dir='ltr' id='par_1_16' title="bbox 57 785 848 823">
     <span class='ocr_line' id='line_1_16' title="bbox 57 785 848 823; baseline 0.003 -11"><span class='ocrx_word' id='word_1_106' title='bbox 57 785 118 819; x_wconf 77' lang='grc' dir='ltr'>παρ’</span> <span class='ocrx_word' id='word_1_107' title='bbox 137 785 223 812; x_wconf 72' lang='grc' dir='ltr'>αὑτοῦ</span> <span class='ocrx_word' id='word_1_108' title='bbox 248 794 276 812; x_wconf 89' lang='grc' dir='ltr'><strong>τι</strong></span> <span class='ocrx_word' id='word_1_109' title='bbox 301 786 406 821; x_wconf 86' lang='grc' dir='ltr'>μαθεῖν.</span> <span class='ocrx_word' id='word_1_110' title='bbox 425 787 524 821; x_wconf 83' lang='grc' dir='ltr'>Λέγετε</span> <span class='ocrx_word' id='word_1_111' title='bbox 552 787 580 814; x_wconf 81' lang='grc' dir='ltr'><strong>δὲ</strong></span> <span class='ocrx_word' id='word_1_112' title='bbox 599 789 654 819; x_wconf 78' lang='grc' dir='ltr'>τοῖς</span> <span class='ocrx_word' id='word_1_113' title='bbox 668 788 759 815; x_wconf 61' lang='grc' dir='ltr'>ἐκεῖνα</span> <span class='ocrx_word' id='word_1_114' title='bbox 779 797 848 823; x_wconf 77' lang='grc' dir='ltr'>συμ-</span> 
     </span>
    </p>
   </div>
   <div class='ocr_carea' id='block_1_17' title="bbox 56 831 847 868">
    <p class='ocr_par' dir='ltr' id='par_1_17' title="bbox 56 831 847 868">
     <span class='ocr_line' id='line_1_17' title="bbox 56 831 847 868; baseline 0.005 -11"><span class='ocrx_word' id='word_1_115' title='bbox 56 831 226 858; x_wconf 76' lang='grc' dir='ltr'>ϐουλεύουσι·</span> <span class='ocrx_word' id='word_1_116' title='bbox 248 832 282 858; x_wconf 87' lang='grc' dir='ltr'>Τί</span> <span class='ocrx_word' id='word_1_117' title='bbox 296 832 441 867; x_wconf 79' lang='grc' dir='ltr'>ὲκζητοῦσι</span> <span class='ocrx_word' id='word_1_118' title='bbox 456 833 519 868; x_wconf 75' lang='grc' dir='ltr'>περὶ</span> <span class='ocrx_word' id='word_1_119' title='bbox 533 833 588 860; x_wconf 81' lang='grc' dir='ltr'><strong>τῶν</strong></span> <span class='ocrx_word' id='word_1_120' title='bbox 603 833 711 866; x_wconf 79' lang='grc' dir='ltr'>ζώντων</span> <span class='ocrx_word' id='word_1_121' title='bbox 725 834 788 866; x_wconf 84' lang='grc' dir='ltr'>τοὺς</span> <span class='ocrx_word' id='word_1_122' title='bbox 803 843 847 860; x_wconf 89' lang='grc' dir='ltr'>νε-</span> 
     </span>
    </p>
   </div>
   <div class='ocr_carea' id='block_1_18' title="bbox 57 876 846 914">
    <p class='ocr_par' dir='ltr' id='par_1_18' title="bbox 57 876 846 914">
     <span class='ocr_line' id='line_1_18' title="bbox 57 876 846 914; baseline 0.003 -12"><span class='ocrx_word' id='word_1_123' title='bbox 57 876 154 912; x_wconf 79' lang='grc' dir='ltr'>κρούς;</span> <span class='ocrx_word' id='word_1_124' title='bbox 171 878 238 914; x_wconf 76' lang='grc' dir='ltr'>ὁρᾷς</span> <span class='ocrx_word' id='word_1_125' title='bbox 255 878 329 909; x_wconf 81' lang='grc' dir='ltr'>ὅπως</span> <span class='ocrx_word' id='word_1_126' title='bbox 349 878 534 913; x_wconf 76' lang='grc' dir='ltr'>ἀπεργάζεται</span> <span class='ocrx_word' id='word_1_127' title='bbox 555 878 792 913; x_wconf 75' lang='grc' dir='ltr'>νουνεχεστάτουςς</span> <span class='ocrx_word' id='word_1_128' title='bbox 810 878 846 904; x_wconf 78' lang='grc' dir='ltr'><strong>Οὐ</strong></span> 
     </span>
    </p>
   </div>
   <div class='ocr_carea' id='block_1_19' title="bbox 896 282 1684 318">
    <p class='ocr_par' dir='ltr' id='par_1_19' title="bbox 896 282 1684 318">
     <span class='ocr_line' id='line_1_19' title="bbox 896 282 1684 318; baseline -0.005 -6"><span class='ocrx_word' id='word_1_129' title='bbox 896 291 985 317; x_wconf 88' lang='lat' dir='ltr'><strong>scere,</strong></span> <span class='ocrx_word' id='word_1_130' title='bbox 1004 284 1048 318; x_wconf 90' lang='lat' dir='ltr'><strong>qui</strong></span> <span class='ocrx_word' id='word_1_131' title='bbox 1064 283 1119 310; x_wconf 86' lang='lat' dir='ltr'><strong>veri</strong></span> <span class='ocrx_word' id='word_1_132' title='bbox 1135 283 1243 318; x_wconf 79' lang='lat' dir='ltr'><strong>quidem</strong></span> <span class='ocrx_word' id='word_1_133' title='bbox 1271 282 1337 310; x_wconf 86' lang='lat' dir='ltr'><strong>nihil</strong></span> <span class='ocrx_word' id='word_1_134' title='bbox 1350 282 1453 315; x_wconf 90' lang='lat' dir='ltr'><strong>dicunt,</strong></span> <span class='ocrx_word' id='word_1_135' title='bbox 1471 283 1518 309; x_wconf 89' lang='lat' dir='ltr'><strong>sed</strong></span> <span class='ocrx_word' id='word_1_136' title='bbox 1534 283 1607 309; x_wconf 78' lang='lat' dir='ltr'><strong>velut</strong></span> <span class='ocrx_word' id='word_1_137' title='bbox 1622 291 1684 309; x_wconf 85' lang='lat' dir='ltr'><strong>cru-</strong></span> 
     </span>
    </p>
   </div>
   <div class='ocr_carea' id='block_1_20' title="bbox 895 328 1682 364">
    <p class='ocr_par' dir='ltr' id='par_1_20' title="bbox 895 328 1682 364">
     <span class='ocr_line' id='line_1_20' title="bbox 895 328 1682 364; baseline -0.005 -7"><span class='ocrx_word' id='word_1_138' title='bbox 895 334 969 357; x_wconf 91' lang='lat' dir='ltr'><strong>ctant</strong></span> <span class='ocrx_word' id='word_1_139' title='bbox 984 329 1114 364; x_wconf 83' lang='lat' dir='ltr'><strong>quidquid</strong></span> <span class='ocrx_word' id='word_1_140' title='bbox 1132 333 1232 356; x_wconf 86' lang='lat' dir='ltr'><strong>temere</strong></span> <span class='ocrx_word' id='word_1_141' title='bbox 1249 329 1275 355; x_wconf 91' lang='lat' dir='ltr'><strong>in</strong></span> <span class='ocrx_word' id='word_1_142' title='bbox 1293 333 1409 356; x_wconf 86' lang='lat' dir='ltr'><strong>mentem</strong></span> <span class='ocrx_word' id='word_1_143' title='bbox 1428 328 1510 355; x_wconf 84' lang='lat' dir='ltr'><strong>venit.</strong></span> <span class='ocrx_word' id='word_1_144' title='bbox 1526 328 1607 362; x_wconf 80' lang='lat' dir='ltr'><strong>Atqui</strong></span> <span class='ocrx_word' id='word_1_145' title='bbox 1625 336 1682 359; x_wconf 70' lang='lat' dir='ltr'><strong>vos.</strong></span> 
     </span>
    </p>
   </div>
   <div class='ocr_carea' id='block_1_21' title="bbox 896 373 1684 410">
    <p class='ocr_par' dir='ltr' id='par_1_21' title="bbox 896 373 1684 410">
     <span class='ocr_line' id='line_1_21' title="bbox 896 373 1684 410; baseline -0.006 -7"><span class='ocrx_word' id='word_1_146' title='bbox 896 376 1002 410; x_wconf 90' lang='lat' dir='ltr'><strong>inquit,</strong></span> <span class='ocrx_word' id='word_1_147' title='bbox 1027 375 1134 402; x_wconf 86' lang='lat' dir='ltr'><strong>etiamsi</strong></span> <span class='ocrx_word' id='word_1_148' title='bbox 1160 375 1270 403; x_wconf 86' lang='lat' dir='ltr'><strong>accedat</strong></span> <span class='ocrx_word' id='word_1_149' title='bbox 1296 375 1366 408; x_wconf 88' lang='lat' dir='ltr'><strong>quis,</strong></span> <span class='ocrx_word' id='word_1_150' title='bbox 1390 381 1422 401; x_wconf 87' lang='lat' dir='ltr'><strong>ac</strong></span> <span class='ocrx_word' id='word_1_151' title='bbox 1437 374 1508 400; x_wconf 89' lang='lat' dir='ltr'><strong>dicat</strong></span> <span class='ocrx_word' id='word_1_152' title='bbox 1525 383 1530 400; x_wconf 91' lang='lat'><strong>:</strong></span> <span class='ocrx_word' id='word_1_153' title='bbox 1545 373 1684 400; x_wconf 70' lang='lat' dir='ltr'><strong>Consulite</strong></span> 
     </span>
    </p>
   </div>
   <div class='ocr_carea' id='block_1_22' title="bbox 895 419 1684 454">
    <p class='ocr_par' dir='ltr' id='par_1_22' title="bbox 895 419 1684 454">
     <span class='ocr_line' id='line_1_22' title="bbox 895 419 1684 454; baseline -0.004 -6"><span class='ocrx_word' id='word_1_154' title='bbox 895 426 971 449; x_wconf 87' lang='lat' dir='ltr'><strong>vates</strong></span> <span class='ocrx_word' id='word_1_155' title='bbox 995 420 1029 448; x_wconf 85' lang='lat' dir='ltr'><strong>de</strong></span> <span class='ocrx_word' id='word_1_156' title='bbox 1049 424 1121 447; x_wconf 86' lang='lat' dir='ltr'><strong>terra</strong></span> <span class='ocrx_word' id='word_1_157' title='bbox 1139 427 1231 447; x_wconf 85' lang='lat' dir='ltr'><strong>vocem</strong></span> <span class='ocrx_word' id='word_1_158' title='bbox 1243 420 1364 451; x_wconf 82' lang='lat' dir='ltr'><strong>edentes,</strong></span> <span class='ocrx_word' id='word_1_159' title='bbox 1382 419 1407 446; x_wconf 92' lang='lat' dir='ltr'><strong>id</strong></span> <span class='ocrx_word' id='word_1_160' title='bbox 1422 424 1474 452; x_wconf 88' lang='lat' dir='ltr'><strong>est,</strong></span> <span class='ocrx_word' id='word_1_161' title='bbox 1495 420 1540 454; x_wconf 89' lang='lat' dir='ltr'><strong>qui</strong></span> <span class='ocrx_word' id='word_1_162' title='bbox 1554 419 1684 446; x_wconf 73' lang='lat' dir='ltr'><strong>simulant</strong></span> 
     </span>
    </p>
   </div>
   <div class='ocr_carea' id='block_1_23' title="bbox 895 465 1686 498">
    <p class='ocr_par' dir='ltr' id='par_1_23' title="bbox 895 465 1686 498">
     <span class='ocr_line' id='line_1_23' title="bbox 895 465 1686 498; baseline -0.006 -3"><span class='ocrx_word' id='word_1_163' title='bbox 895 474 926 495; x_wconf 78' lang='lat' dir='ltr'><strong>se</strong></span> <span class='ocrx_word' id='word_1_164' title='bbox 951 471 1071 494; x_wconf 86' lang='lat' dir='ltr'><strong>mortuos</strong></span> <span class='ocrx_word' id='word_1_165' title='bbox 1096 466 1237 498; x_wconf 79' lang='lat' dir='ltr'><strong>reducere,</strong></span> <span class='ocrx_word' id='word_1_166' title='bbox 1261 470 1288 492; x_wconf 93' lang='lat' dir='ltr'><strong>et</strong></span> <span class='ocrx_word' id='word_1_167' title='bbox 1307 465 1380 492; x_wconf 88' lang='lat' dir='ltr'><strong>velut</strong></span> <span class='ocrx_word' id='word_1_168' title='bbox 1404 465 1542 492; x_wconf 76' lang='lat' dir='ltr'><strong>exinlcris</strong></span> <span class='ocrx_word' id='word_1_169' title='bbox 1563 465 1606 491; x_wconf 88' lang='lat' dir='ltr'><strong>edi</strong></span> <span class='ocrx_word' id='word_1_170' title='bbox 1623 472 1686 491; x_wconf 79' lang='lat' dir='ltr'><strong>oru-</strong></span> 
     </span>
    </p>
   </div>
   <div class='ocr_carea' id='block_1_24' title="bbox 896 512 1685 548">
    <p class='ocr_par' dir='ltr' id='par_1_24' title="bbox 896 512 1685 548">
     <span class='ocr_line' id='line_1_24' title="bbox 896 512 1685 548; baseline -0.004 -7"><span class='ocrx_word' id='word_1_171' title='bbox 896 514 974 547; x_wconf 87' lang='lat' dir='ltr'><strong>cula;</strong></span> <span class='ocrx_word' id='word_1_172' title='bbox 991 513 1049 541; x_wconf 87' lang='lat' dir='ltr'><strong>sive</strong></span> <span class='ocrx_word' id='word_1_173' title='bbox 1060 513 1256 548; x_wconf 88' lang='lat' dir='ltr'><strong>ventriloquos,</strong></span> <span class='ocrx_word' id='word_1_174' title='bbox 1269 513 1315 547; x_wconf 90' lang='lat' dir='ltr'><strong>qui</strong></span> <span class='ocrx_word' id='word_1_175' title='bbox 1329 512 1432 547; x_wconf 81' lang='lat' dir='ltr'><strong>ﬁngunt</strong></span> <span class='ocrx_word' id='word_1_176' title='bbox 1441 513 1504 539; x_wconf 88' lang='lat' dir='ltr'><strong>deos</strong></span> <span class='ocrx_word' id='word_1_177' title='bbox 1513 520 1542 539; x_wconf 88' lang='lat' dir='ltr'><strong>se</strong></span> <span class='ocrx_word' id='word_1_178' title='bbox 1553 514 1685 546; x_wconf 82' lang='lat' dir='ltr'><strong>quosdam</strong></span> 
     </span>
    </p>
   </div>
   <div class='ocr_carea' id='block_1_25' title="bbox 896 557 1685 591">
    <p class='ocr_par' dir='ltr' id='par_1_25' title="bbox 896 557 1685 591">
     <span class='ocr_line' id='line_1_25' title="bbox 896 557 1685 591; baseline -0.005 -4"><span class='ocrx_word' id='word_1_179' title='bbox 896 560 997 587; x_wconf 80' lang='lat' dir='ltr'><strong>habere</strong></span> <span class='ocrx_word' id='word_1_180' title='bbox 1020 559 1046 586; x_wconf 91' lang='lat' dir='ltr'><strong>in</strong></span> <span class='ocrx_word' id='word_1_181' title='bbox 1059 564 1165 591; x_wconf 84' lang='lat' dir='ltr'><strong>ventre,</strong></span> <span class='ocrx_word' id='word_1_182' title='bbox 1183 563 1210 585; x_wconf 89' lang='lat' dir='ltr'><strong>et</strong></span> <span class='ocrx_word' id='word_1_183' title='bbox 1231 559 1266 586; x_wconf 79' lang='lat' dir='ltr'><strong>ita</strong></span> <span class='ocrx_word' id='word_1_184' title='bbox 1284 558 1446 585; x_wconf 80' lang='lat' dir='ltr'><strong>adeuntibus</strong></span> <span class='ocrx_word' id='word_1_185' title='bbox 1463 559 1520 585; x_wconf 63' lang='lat' dir='ltr'><strong>haec</strong></span> <span class='ocrx_word' id='word_1_186' title='bbox 1537 558 1570 584; x_wconf 89' lang='lat' dir='ltr'><strong>ab</strong></span> <span class='ocrx_word' id='word_1_187' title='bbox 1588 557 1640 584; x_wconf 80' lang='lat' dir='ltr'><strong>illis</strong></span> <span class='ocrx_word' id='word_1_188' title='bbox 1656 565 1685 583; x_wconf 82' lang='lat' dir='ltr'><strong>se</strong></span> 
     </span>
    </p>
   </div>
   <div class='ocr_carea' id='block_1_26' title="bbox 898 604 1685 638">
    <p class='ocr_par' dir='ltr' id='par_1_26' title="bbox 898 604 1685 638">
     <span class='ocr_line' id='line_1_26' title="bbox 898 604 1685 638; baseline -0.004 -5"><span class='ocrx_word' id='word_1_189' title='bbox 898 605 1000 638; x_wconf 80' lang='lat' dir='ltr'><strong>dicere,</strong></span> <span class='ocrx_word' id='word_1_190' title='bbox 1014 605 1157 632; x_wconf 88' lang='lat' dir='ltr'><strong>consilium</strong></span> <span class='ocrx_word' id='word_1_191' title='bbox 1175 604 1256 632; x_wconf 92' lang='lat' dir='ltr'><strong>nolite</strong></span> <span class='ocrx_word' id='word_1_192' title='bbox 1273 605 1426 632; x_wconf 75' lang='lat' dir='ltr'><strong>admittere.</strong></span> <span class='ocrx_word' id='word_1_193' title='bbox 1441 604 1462 631; x_wconf 79' lang='grc' dir='ltr'><strong>Δ</strong></span> <span class='ocrx_word' id='word_1_194' title='bbox 1476 611 1525 631; x_wconf 88' lang='lat' dir='ltr'><strong>suo</strong></span> <span class='ocrx_word' id='word_1_195' title='bbox 1537 605 1608 631; x_wconf 88' lang='lat' dir='ltr'><strong>enim</strong></span> <span class='ocrx_word' id='word_1_196' title='bbox 1627 604 1685 631; x_wconf 85' lang='lat' dir='ltr'><strong>solo</strong></span> 
     </span>
    </p>
   </div>
   <div class='ocr_carea' id='block_1_27' title="bbox 897 649 1686 684">
    <p class='ocr_par' dir='ltr' id='par_1_27' title="bbox 897 649 1686 684">
     <span class='ocr_line' id='line_1_27' title="bbox 897 649 1686 684; baseline -0.003 -7"><span class='ocrx_word' id='word_1_197' title='bbox 897 655 994 677; x_wconf 89' lang='lat' dir='ltr'><strong>ventre</strong></span> <span class='ocrx_word' id='word_1_198' title='bbox 1009 650 1126 677; x_wconf 89' lang='lat' dir='ltr'><strong>sonitum</strong></span> <span class='ocrx_word' id='word_1_199' title='bbox 1143 650 1234 682; x_wconf 86' lang='lat' dir='ltr'><strong>edunt,</strong></span> <span class='ocrx_word' id='word_1_200' title='bbox 1252 657 1301 677; x_wconf 89' lang='lat' dir='ltr'><strong>nec</strong></span> <span class='ocrx_word' id='word_1_201' title='bbox 1316 653 1377 676; x_wconf 84' lang='lat' dir='ltr'><strong>sunt</strong></span> <span class='ocrx_word' id='word_1_202' title='bbox 1391 657 1456 683; x_wconf 85' lang='lat' dir='ltr'><strong>gens</strong></span> <span class='ocrx_word' id='word_1_203' title='bbox 1473 649 1637 684; x_wconf 67' lang='lat' dir='ltr'><strong>intelligens,</strong></span> <span class='ocrx_word' id='word_1_204' title='bbox 1657 653 1686 675; x_wconf 92' lang='lat' dir='ltr'><strong>ut</strong></span> 
     </span>
    </p>
   </div>
   <div class='ocr_carea' id='block_1_28' title="bbox 899 694 1682 728">
    <p class='ocr_par' dir='ltr' id='par_1_28' title="bbox 899 694 1682 728">
     <span class='ocr_line' id='line_1_28' title="bbox 899 694 1682 728; baseline -0.005 -5"><span class='ocrx_word' id='word_1_205' title='bbox 899 696 940 724; x_wconf 82' lang='lat' dir='ltr'><strong>vel</strong></span> <span class='ocrx_word' id='word_1_206' title='bbox 968 697 1050 724; x_wconf 90' lang='lat' dir='ltr'><strong>Deum</strong></span> <span class='ocrx_word' id='word_1_207' title='bbox 1072 695 1225 728; x_wconf 86' lang='lat' dir='ltr'><strong>consulant,</strong></span> <span class='ocrx_word' id='word_1_208' title='bbox 1248 695 1289 722; x_wconf 90' lang='lat' dir='ltr'><strong>vel</strong></span> <span class='ocrx_word' id='word_1_209' title='bbox 1306 695 1340 721; x_wconf 82' lang='lat' dir='ltr'><strong>ab</strong></span> <span class='ocrx_word' id='word_1_210' title='bbox 1357 694 1401 721; x_wconf 86' lang='lat' dir='ltr'><strong>illo</strong></span> <span class='ocrx_word' id='word_1_211' title='bbox 1417 694 1522 721; x_wconf 81' lang='lat' dir='ltr'><strong>discant</strong></span> <span class='ocrx_word' id='word_1_212' title='bbox 1535 694 1682 728; x_wconf 86' lang='lat' dir='ltr'><strong>quidpiam.</strong></span> 
     </span>
    </p>
   </div>
   <div class='ocr_carea' id='block_1_29' title="bbox 899 740 1687 776">
    <p class='ocr_par' dir='ltr' id='par_1_29' title="bbox 899 740 1687 776">
     <span class='ocr_line' id='line_1_29' title="bbox 899 740 1687 776; baseline -0.005 -8"><span class='ocrx_word' id='word_1_213' title='bbox 899 742 986 769; x_wconf 89' lang='lat' dir='ltr'><strong>Dicite</strong></span> <span class='ocrx_word' id='word_1_214' title='bbox 1011 749 1075 769; x_wconf 86' lang='lat' dir='ltr'><strong>vero</strong></span> <span class='ocrx_word' id='word_1_215' title='bbox 1098 741 1141 768; x_wconf 87' lang='lat' dir='ltr'><strong>his</strong></span> <span class='ocrx_word' id='word_1_216' title='bbox 1167 741 1213 776; x_wconf 90' lang='lat' dir='ltr'><strong>qui</strong></span> <span class='ocrx_word' id='word_1_217' title='bbox 1234 748 1264 767; x_wconf 88' lang='lat' dir='ltr'><strong>ea</strong></span> <span class='ocrx_word' id='word_1_218' title='bbox 1282 740 1448 767; x_wconf 90' lang='lat' dir='ltr'><strong>consulunt:</strong></span> <span class='ocrx_word' id='word_1_219' title='bbox 1469 740 1538 773; x_wconf 83' lang='lat' dir='ltr'><strong>Quid</strong></span> <span class='ocrx_word' id='word_1_220' title='bbox 1562 744 1687 774; x_wconf 71' lang='lat' dir='ltr'><strong>quan-unt</strong></span> 
     </span>
    </p>
   </div>
   <div class='ocr_carea' id='block_1_30' title="bbox 899 786 1686 822">
    <p class='ocr_par' dir='ltr' id='par_1_30' title="bbox 899 786 1686 822">
     <span class='ocr_line' id='line_1_30' title="bbox 899 786 1686 822; baseline -0.004 -7"><span class='ocrx_word' id='word_1_221' title='bbox 899 792 1020 816; x_wconf 88' lang='lat' dir='ltr'><strong>mortuos</strong></span> <span class='ocrx_word' id='word_1_222' title='bbox 1032 788 1064 815; x_wconf 89' lang='lat' dir='ltr'><strong>de</strong></span> <span class='ocrx_word' id='word_1_223' title='bbox 1079 787 1272 820; x_wconf 83' lang='lat' dir='ltr'><strong>vivis?viden‘,</strong></span> <span class='ocrx_word' id='word_1_224' title='bbox 1289 795 1342 821; x_wconf 78' lang='lat' dir='ltr'><strong>quo</strong></span> <span class='ocrx_word' id='word_1_225' title='bbox 1355 791 1434 822; x_wconf 88' lang='lat' dir='ltr'><strong>pacto</strong></span> <span class='ocrx_word' id='word_1_226' title='bbox 1448 794 1495 812; x_wconf 65' lang='lat' dir='ltr'><strong>eos</strong></span> <span class='ocrx_word' id='word_1_227' title='bbox 1513 786 1606 813; x_wconf 81' lang='lat' dir='ltr'><strong>reddat</strong></span> <span class='ocrx_word' id='word_1_228' title='bbox 1622 793 1686 820; x_wconf 83' lang='lat' dir='ltr'><strong>pru-</strong></span> 
     </span>
    </p>
   </div>
   <div class='ocr_carea' id='block_1_31' title="bbox 899 833 1687 868">
    <p class='ocr_par' dir='ltr' id='par_1_31' title="bbox 899 833 1687 868">
     <span class='ocr_line' id='line_1_31' title="bbox 899 833 1687 868; baseline -0.005 -6"><span class='ocrx_word' id='word_1_229' title='bbox 899 834 1098 862; x_wconf 86' lang='lat' dir='ltr'><strong>dentissimos?</strong></span> <span class='ocrx_word' id='word_1_230' title='bbox 1118 833 1175 861; x_wconf 82' lang='lat' dir='ltr'><strong>Non</strong></span> <span class='ocrx_word' id='word_1_231' title='bbox 1201 834 1272 860; x_wconf 90' lang='lat' dir='ltr'><strong>enim</strong></span> <span class='ocrx_word' id='word_1_232' title='bbox 1295 833 1381 860; x_wconf 90' lang='lat' dir='ltr'><strong>solum</strong></span> <span class='ocrx_word' id='word_1_233' title='bbox 1406 833 1558 868; x_wconf 68' lang='lat' dir='ltr'><strong>praecipita</strong></span> <span class='ocrx_word' id='word_1_234' title='bbox 1577 840 1687 866; x_wconf 72' lang='lat' dir='ltr'><strong>perver-</strong></span> 
     </span>
    </p>
   </div>
   <div class='ocr_carea' id='block_1_32' title="bbox 899 877 1687 910">
    <p class='ocr_par' dir='ltr' id='par_1_32' title="bbox 899 877 1687 910">
     <span class='ocr_line' id='line_1_32' title="bbox 899 877 1687 910; baseline -0.003 -6"><span class='ocrx_word' id='word_1_235' title='bbox 899 878 979 905; x_wconf 78' lang='lat' dir='ltr'><strong>sitate</strong></span> <span class='ocrx_word' id='word_1_236' title='bbox 1000 885 1048 905; x_wconf 89' lang='lat' dir='ltr'><strong>sua</strong></span> <span class='ocrx_word' id='word_1_237' title='bbox 1066 882 1093 904; x_wconf 92' lang='lat' dir='ltr'><strong>et</strong></span> <span class='ocrx_word' id='word_1_238' title='bbox 1107 877 1225 904; x_wconf 77' lang='lat' dir='ltr'><strong>amentia</strong></span> <span class='ocrx_word' id='word_1_239' title='bbox 1249 878 1393 909; x_wconf 85' lang='lat' dir='ltr'><strong>desistere,</strong></span> <span class='ocrx_word' id='word_1_240' title='bbox 1411 879 1458 905; x_wconf 89' lang='lat' dir='ltr'><strong>sed</strong></span> <span class='ocrx_word' id='word_1_241' title='bbox 1474 878 1556 904; x_wconf 82' lang='lat' dir='ltr'><strong>etiam</strong></span> <span class='ocrx_word' id='word_1_242' title='bbox 1569 877 1644 910; x_wconf 85' lang='lat' dir='ltr'><strong>jubet</strong></span> <span class='ocrx_word' id='word_1_243' title='bbox 1658 883 1687 903; x_wconf 88' lang='lat' dir='ltr'><strong>ut</strong></span> 
     </span>
    </p>
   </div>
   <div class='ocr_carea' id='block_1_33' title="bbox 57 922 857 959">
    <p class='ocr_par' dir='ltr' id='par_1_33' title="bbox 57 922 848 959">
     <span class='ocr_line' id='line_1_33' title="bbox 57 922 848 959; baseline 0.001 -10"><span class='ocrx_word' id='word_1_244' title='bbox 57 922 107 959; x_wconf 73' lang='grc' dir='ltr'><strong>γὰρ</strong></span> <span class='ocrx_word' id='word_1_245' title='bbox 125 923 209 957; x_wconf 83' lang='grc' dir='ltr'>μόνον</span> <span class='ocrx_word' id='word_1_246' title='bbox 231 923 383 959; x_wconf 81' lang='grc' dir='ltr'>ἀποφοιτᾷν</span> <span class='ocrx_word' id='word_1_247' title='bbox 398 924 535 951; x_wconf 78' lang='grc' dir='ltr'>ἐπιτάττει</span> <span class='ocrx_word' id='word_1_248' title='bbox 554 924 604 959; x_wconf 78' lang='grc' dir='ltr'>τῆς</span> <span class='ocrx_word' id='word_1_249' title='bbox 624 924 735 950; x_wconf 75' lang='grc' dir='ltr'>ἐκείνων</span> <span class='ocrx_word' id='word_1_250' title='bbox 758 924 848 951; x_wconf 85' lang='grc' dir='ltr'>σκαιό-</span> 
     </span>
    </p>
   </div>
   <div class='ocr_carea' id='block_1_34' title="bbox 925 922 1687 959">
    <p class='ocr_par' dir='ltr' id='par_1_34' title="bbox 930 922 1687 958">
     <span class='ocr_line' id='line_1_34' title="bbox 930 922 1687 958; baseline -0.003 -8"><span class='ocrx_word' id='word_1_251' title='bbox 930 932 942 950; x_wconf 89' lang='lat' dir='ltr'><strong>s</strong></span> <span class='ocrx_word' id='word_1_252' title='bbox 966 924 1012 958; x_wconf 88' lang='lat' dir='ltr'><strong>qui</strong></span> <span class='ocrx_word' id='word_1_253' title='bbox 1030 928 1133 956; x_wconf 82' lang='lat' dir='ltr'><strong>errant,</strong></span> <span class='ocrx_word' id='word_1_254' title='bbox 1153 924 1214 950; x_wconf 87' lang='lat' dir='ltr'><strong>boni</strong></span> <span class='ocrx_word' id='word_1_255' title='bbox 1245 923 1416 950; x_wconf 86' lang='lat' dir='ltr'><strong>consultores</strong></span> <span class='ocrx_word' id='word_1_256' title='bbox 1441 923 1567 950; x_wconf 82' lang='lat' dir='ltr'><strong>evadant.</strong></span> <span class='ocrx_word' id='word_1_257' title='bbox 1601 922 1687 949; x_wconf 71' lang='lat' dir='ltr'><strong>Dicite</strong></span> 
     </span>
    </p>
   </div>
   <div class='ocr_carea' id='block_1_35' title="bbox 58 969 848 1006">
    <p class='ocr_par' dir='ltr' id='par_1_35' title="bbox 58 969 848 1006">
     <span class='ocr_line' id='line_1_35' title="bbox 58 969 848 1006; baseline 0.003 -12"><span class='ocrx_word' id='word_1_258' title='bbox 58 977 135 1004; x_wconf 74' lang='grc' dir='ltr'>τητος</span> <span class='ocrx_word' id='word_1_259' title='bbox 152 969 200 995; x_wconf 72' lang='grc' dir='ltr'>καὶ</span> <span class='ocrx_word' id='word_1_260' title='bbox 216 969 438 1004; x_wconf 85' lang='grc' dir='ltr'>φρενοϐλαϐείας,</span> <span class='ocrx_word' id='word_1_261' title='bbox 454 970 521 997; x_wconf 70' lang='grc' dir='ltr'>ἀλλὰ</span> <span class='ocrx_word' id='word_1_262' title='bbox 543 970 598 1006; x_wconf 86' lang='grc' dir='ltr'><strong>γὰρ</strong></span> <span class='ocrx_word' id='word_1_263' title='bbox 614 970 660 996; x_wconf 71' lang='grc' dir='ltr'><strong>καὶ</strong></span> <span class='ocrx_word' id='word_1_264' title='bbox 680 970 848 1005; x_wconf 84' lang='grc' dir='ltr'>συμϐούλους</span> 
     </span>
    </p>
   </div>
   <div class='ocr_carea' id='block_1_36' title="bbox 58 1013 847 1050">
    <p class='ocr_par' dir='ltr' id='par_1_36' title="bbox 58 1013 847 1050">
     <span class='ocr_line' id='line_1_36' title="bbox 58 1013 847 1050; baseline 0.003 -10"><span class='ocrx_word' id='word_1_265' title='bbox 58 1013 185 1048; x_wconf 77' lang='grc' dir='ltr'>ἀγαθοὺς,</span> <span class='ocrx_word' id='word_1_266' title='bbox 211 1015 269 1046; x_wconf 86' lang='grc' dir='ltr'>τοῖς</span> <span class='ocrx_word' id='word_1_267' title='bbox 293 1014 511 1050; x_wconf 82' lang='grc' dir='ltr'>πεπλανημένοις</span> <span class='ocrx_word' id='word_1_268' title='bbox 532 1015 656 1049; x_wconf 84' lang='grc' dir='ltr'>γενέσθαι</span> <span class='ocrx_word' id='word_1_269' title='bbox 675 1015 847 1050; x_wconf 80' lang='grc' dir='ltr'>προστάττει.</span> 
     </span>
    </p>
   </div>
   <div class='ocr_carea' id='block_1_37' title="bbox 57 1059 848 1096">
    <p class='ocr_par' dir='ltr' id='par_1_37' title="bbox 57 1059 848 1096">
     <span class='ocr_line' id='line_1_37' title="bbox 57 1059 848 1096; baseline 0.003 -10"><span class='ocrx_word' id='word_1_270' title='bbox 57 1059 156 1094; x_wconf 76' lang='grc' dir='ltr'>Λέγε-τε</span> <span class='ocrx_word' id='word_1_271' title='bbox 168 1060 233 1096; x_wconf 83' lang='grc' dir='ltr'>γὰρ,</span> <span class='ocrx_word' id='word_1_272' title='bbox 245 1060 324 1095; x_wconf 80' lang='grc' dir='ltr'>φησί·</span> <span class='ocrx_word' id='word_1_273' title='bbox 339 1060 371 1087; x_wconf 86' lang='grc' dir='ltr'>Τί</span> <span class='ocrx_word' id='word_1_274' title='bbox 381 1060 524 1096; x_wconf 79' lang='grc' dir='ltr'>ἐκζητοῦσι</span> <span class='ocrx_word' id='word_1_275' title='bbox 536 1061 599 1096; x_wconf 73' lang='grc' dir='ltr'>περὶ</span> <span class='ocrx_word' id='word_1_276' title='bbox 607 1061 661 1088; x_wconf 89' lang='grc' dir='ltr'><strong>τῶν</strong></span> <span class='ocrx_word' id='word_1_277' title='bbox 669 1060 777 1094; x_wconf 80' lang='grc' dir='ltr'>ζώντων</span> <span class='ocrx_word' id='word_1_278' title='bbox 786 1062 848 1094; x_wconf 80' lang='grc' dir='ltr'>τοὺς</span> 
     </span>
    </p>
   </div>
   <div class='ocr_carea' id='block_1_38' title="bbox 58 1104 846 1143">
    <p class='ocr_par' dir='ltr' id='par_1_38' title="bbox 58 1104 846 1143">
     <span class='ocr_line' id='line_1_38' title="bbox 58 1104 846 1143; baseline 0.003 -11"><span class='ocrx_word' id='word_1_279' title='bbox 58 1104 186 1141; x_wconf 73' lang='grc' dir='ltr'>νεκρούςς</span> <span class='ocrx_word' id='word_1_280' title='bbox 211 1106 300 1137; x_wconf 80' lang='grc' dir='ltr'>κοινὸς</span> <span class='ocrx_word' id='word_1_281' title='bbox 323 1106 378 1141; x_wconf 82' lang='grc' dir='ltr'><strong>γὰρ</strong></span> <span class='ocrx_word' id='word_1_282' title='bbox 401 1107 447 1133; x_wconf 75' lang='grc' dir='ltr'>καὶ</span> <span class='ocrx_word' id='word_1_283' title='bbox 474 1106 642 1142; x_wconf 86' lang='grc' dir='ltr'>ἀνθρώπινος</span> <span class='ocrx_word' id='word_1_284' title='bbox 670 1107 684 1133; x_wconf 80' lang='grc' dir='ltr'>ὁ</span> <span class='ocrx_word' id='word_1_285' title='bbox 709 1106 846 1143; x_wconf 84' lang='grc' dir='ltr'>λογισμός.</span> 
     </span>
    </p>
   </div>
   <div class='ocr_carea' id='block_1_39' title="bbox 59 1151 849 1189">
    <p class='ocr_par' dir='ltr' id='par_1_39' title="bbox 59 1151 849 1189">
     <span class='ocr_line' id='line_1_39' title="bbox 59 1151 849 1189; baseline 0.001 -11"><span class='ocrx_word' id='word_1_286' title='bbox 59 1151 136 1178; x_wconf 74' lang='grc' dir='ltr'>Ποῖον</span> <span class='ocrx_word' id='word_1_287' title='bbox 155 1152 212 1187; x_wconf 80' lang='grc' dir='ltr'><strong>γὰρ</strong></span> <span class='ocrx_word' id='word_1_288' title='bbox 233 1151 268 1178; x_wconf 79' lang='grc' dir='ltr'><strong>ἃν</strong></span> <span class='ocrx_word' id='word_1_289' title='bbox 293 1151 349 1187; x_wconf 75' lang='grc' dir='ltr'>ἔχοι</span> <span class='ocrx_word' id='word_1_290' title='bbox 369 1151 446 1185; x_wconf 91' lang='grc' dir='ltr'>λόγον</span> <span class='ocrx_word' id='word_1_291' title='bbox 467 1152 496 1178; x_wconf 82' lang='grc' dir='ltr'><strong>τὺ</strong></span> <span class='ocrx_word' id='word_1_292' title='bbox 513 1152 643 1188; x_wconf 83' lang='grc' dir='ltr'>διερωτᾷν</span> <span class='ocrx_word' id='word_1_293' title='bbox 662 1153 765 1180; x_wconf 81' lang='grc' dir='ltr'>ἐθέλειν</span> <span class='ocrx_word' id='word_1_294' title='bbox 785 1154 849 1189; x_wconf 75' lang='grc' dir='ltr'>περὶ</span> 
     </span>
    </p>
   </div>
   <div class='ocr_carea' id='block_1_40' title="bbox 58 1196 848 1234">
    <p class='ocr_par' dir='ltr' id='par_1_40' title="bbox 58 1196 848 1234">
     <span class='ocr_line' id='line_1_40' title="bbox 58 1196 848 1234; baseline 0.004 -11"><span class='ocrx_word' id='word_1_295' title='bbox 58 1197 110 1224; x_wconf 85' lang='grc' dir='ltr'><strong>τῶν</strong></span> <span class='ocrx_word' id='word_1_296' title='bbox 133 1197 175 1224; x_wconf 83' lang='grc' dir='ltr'><strong>ἐτι</strong></span> <span class='ocrx_word' id='word_1_297' title='bbox 199 1196 309 1229; x_wconf 79' lang='grc' dir='ltr'>ζώντων</span> <span class='ocrx_word' id='word_1_298' title='bbox 323 1198 387 1229; x_wconf 86' lang='grc' dir='ltr'>τοὺς</span> <span class='ocrx_word' id='word_1_299' title='bbox 401 1198 429 1223; x_wconf 86' lang='grc' dir='ltr'>ὲν</span> <span class='ocrx_word' id='word_1_300' title='bbox 441 1199 474 1233; x_wconf 82' lang='grc' dir='ltr'><strong>τῇ</strong></span> <span class='ocrx_word' id='word_1_301' title='bbox 487 1199 521 1234; x_wconf 84' lang='grc' dir='ltr'>γῇ</span> <span class='ocrx_word' id='word_1_302' title='bbox 538 1199 690 1234; x_wconf 81' lang='grc' dir='ltr'>κειμένους,</span> <span class='ocrx_word' id='word_1_303' title='bbox 710 1199 725 1234; x_wconf 82' lang='grc' dir='ltr'>ἢ</span> <span class='ocrx_word' id='word_1_304' title='bbox 745 1200 773 1225; x_wconf 82' lang='grc' dir='ltr'><strong>ἐν</strong></span> <span class='ocrx_word' id='word_1_305' title='bbox 786 1199 848 1234; x_wconf 74' lang='grc' dir='ltr'>ᾅδου</span> 
     </span>
    </p>
   </div>
   <div class='ocr_carea' id='block_1_41' title="bbox 57 1242 847 1281">
    <p class='ocr_par' dir='ltr' id='par_1_41' title="bbox 57 1242 847 1281">
     <span class='ocr_line' id='line_1_41' title="bbox 57 1242 847 1281; baseline 0.001 -11"><span class='ocrx_word' id='word_1_306' title='bbox 57 1242 137 1278; x_wconf 72' lang='grc' dir='ltr'>τυχὸν</span> <span class='ocrx_word' id='word_1_307' title='bbox 151 1243 303 1278; x_wconf 78' lang='grc' dir='ltr'>γενομένας</span> <span class='ocrx_word' id='word_1_308' title='bbox 319 1243 422 1278; x_wconf 79' lang='grc' dir='ltr'><strong>ψυχά;;</strong></span> <span class='ocrx_word' id='word_1_309' title='bbox 439 1244 494 1270; x_wconf 76' lang='grc' dir='ltr'><strong>Καὶ</strong></span> <span class='ocrx_word' id='word_1_310' title='bbox 510 1244 570 1270; x_wconf 82' lang='grc' dir='ltr'>καθ’</span> <span class='ocrx_word' id='word_1_311' title='bbox 590 1244 682 1280; x_wconf 73' lang='grc' dir='ltr'>ἕτερον</span> <span class='ocrx_word' id='word_1_312' title='bbox 694 1245 721 1272; x_wconf 86' lang='grc' dir='ltr'><strong>δὲ</strong></span> <span class='ocrx_word' id='word_1_313' title='bbox 737 1246 847 1281; x_wconf 74' lang='grc' dir='ltr'>τρόπον,</span> 
     </span>
    </p>
   </div>
   <div class='ocr_carea' id='block_1_42' title="bbox 58 1289 849 1327">
    <p class='ocr_par' dir='ltr' id='par_1_42' title="bbox 58 1289 849 1327">
     <span class='ocr_line' id='line_1_42' title="bbox 58 1289 849 1327; baseline 0.005 -12"><span class='ocrx_word' id='word_1_314' title='bbox 58 1289 162 1324; x_wconf 77' lang='grc' dir='ltr'>ἀμαθὲς</span> <span class='ocrx_word' id='word_1_315' title='bbox 174 1289 315 1321; x_wconf 76' lang='grc' dir='ltr'>παντελῶς</span> <span class='ocrx_word' id='word_1_316' title='bbox 328 1291 550 1325; x_wconf 73' lang='grc' dir='ltr'>νεκυομαντείαις</span> <span class='ocrx_word' id='word_1_317' title='bbox 562 1292 716 1327; x_wconf 79' lang='grc' dir='ltr'>προσέχειν,</span> <span class='ocrx_word' id='word_1_318' title='bbox 731 1293 779 1319; x_wconf 83' lang='grc' dir='ltr'>καὶ</span> <span class='ocrx_word' id='word_1_319' title='bbox 789 1295 849 1325; x_wconf 86' lang='grc' dir='ltr'>ταῖς</span> 
     </span>
    </p>
   </div>
   <div class='ocr_carea' id='block_1_43' title="bbox 58 1335 848 1373">
    <p class='ocr_par' dir='ltr' id='par_1_43' title="bbox 58 1335 848 1373">
     <span class='ocr_line' id='line_1_43' title="bbox 58 1335 848 1373; baseline 0.004 -11"><span class='ocrx_word' id='word_1_320' title='bbox 58 1336 112 1363; x_wconf 80' lang='grc' dir='ltr'><strong>τῶν</strong></span> <span class='ocrx_word' id='word_1_321' title='bbox 133 1336 242 1372; x_wconf 86' lang='grc' dir='ltr'>γοητῶν</span> <span class='ocrx_word' id='word_1_322' title='bbox 261 1335 436 1370; x_wconf 79' lang='grc' dir='ltr'>ψευδοεπίαις</span> <span class='ocrx_word' id='word_1_323' title='bbox 455 1337 480 1363; x_wconf 77' lang='grc' dir='ltr'>οἶ</span> <span class='ocrx_word' id='word_1_324' title='bbox 495 1339 589 1372; x_wconf 83' lang='grc' dir='ltr'>νεκρδν</span> <span class='ocrx_word' id='word_1_325' title='bbox 607 1337 697 1373; x_wconf 77' lang='grc' dir='ltr'>ἔχουσι</span> <span class='ocrx_word' id='word_1_326' title='bbox 715 1338 761 1365; x_wconf 81' lang='grc' dir='ltr'><strong>τὸν</strong></span> <span class='ocrx_word' id='word_1_327' title='bbox 776 1339 848 1373; x_wconf 83' lang='grc' dir='ltr'>νοῦν,</span> 
     </span>
    </p>
   </div>
   <div class='ocr_carea' id='block_1_44' title="bbox 58 1378 849 1419">
    <p class='ocr_par' dir='ltr' id='par_1_44' title="bbox 58 1378 849 1419">
     <span class='ocr_line' id='line_1_44' title="bbox 58 1378 849 1419; baseline 0.006 -12"><span class='ocrx_word' id='word_1_328' title='bbox 58 1381 106 1408; x_wconf 75' lang='grc' dir='ltr'>καὶ</span> <span class='ocrx_word' id='word_1_329' title='bbox 115 1378 170 1408; x_wconf 72' lang='grc' dir='ltr'>οἷον</span> <span class='ocrx_word' id='word_1_330' title='bbox 185 1381 385 1417; x_wconf 79' lang='grc' dir='ltr'>ἁπεψυγμένην</span> <span class='ocrx_word' id='word_1_331' title='bbox 397 1382 517 1418; x_wconf 86' lang='grc' dir='ltr'>καρδίαν,</span> <span class='ocrx_word' id='word_1_332' title='bbox 534 1383 570 1410; x_wconf 80' lang='grc' dir='ltr'><strong>Οὐ</strong></span> <span class='ocrx_word' id='word_1_333' title='bbox 582 1383 637 1419; x_wconf 84' lang='grc' dir='ltr'><strong>γὰρ</strong></span> <span class='ocrx_word' id='word_1_334' title='bbox 653 1385 724 1411; x_wconf 82' lang='grc' dir='ltr'>ἴσασι</span> <span class='ocrx_word' id='word_1_335' title='bbox 734 1385 779 1411; x_wconf 77' lang='grc' dir='ltr'><strong>τὸν</strong></span> <span class='ocrx_word' id='word_1_336' title='bbox 794 1385 849 1412; x_wconf 86' lang='grc' dir='ltr'><strong>τῶν</strong></span> 
     </span>
    </p>
   </div>
   <div class='ocr_carea' id='block_1_45' title="bbox 57 1426 849 1463">
    <p class='ocr_par' dir='ltr' id='par_1_45' title="bbox 57 1426 849 1463">
     <span class='ocr_line' id='line_1_45' title="bbox 57 1426 849 1463; baseline 0.008 -11"><span class='ocrx_word' id='word_1_337' title='bbox 57 1426 125 1453; x_wconf 74' lang='grc' dir='ltr'>ὅλων</span> <span class='ocrx_word' id='word_1_338' title='bbox 138 1426 317 1462; x_wconf 79' lang='grc' dir='ltr'>δημιουργὸν,</span> <span class='ocrx_word' id='word_1_339' title='bbox 334 1427 384 1454; x_wconf 84' lang='grc' dir='ltr'>οὑκ</span> <span class='ocrx_word' id='word_1_340' title='bbox 395 1427 500 1463; x_wconf 73' lang='grc' dir='ltr'>ἔχουσιν</span> <span class='ocrx_word' id='word_1_341' title='bbox 517 1429 546 1456; x_wconf 79' lang='grc' dir='ltr'><strong>ἐν</strong></span> <span class='ocrx_word' id='word_1_342' title='bbox 557 1429 649 1462; x_wconf 78' lang='grc' dir='ltr'>αὐτοῖς</span> <span class='ocrx_word' id='word_1_343' title='bbox 659 1430 704 1456; x_wconf 80' lang='grc' dir='ltr'>τὸν</span> <span class='ocrx_word' id='word_1_344' title='bbox 718 1430 849 1462; x_wconf 80' lang='grc' dir='ltr'>ζωοποιὸν</span> 
     </span>
    </p>
   </div>
   <div class='ocr_carea' id='block_1_46' title="bbox 57 1472 848 1512">
    <p class='ocr_par' dir='ltr' id='par_1_46' title="bbox 57 1472 848 1512">
     <span class='ocr_line' id='line_1_46' title="bbox 57 1472 848 1512; baseline 0.006 -13"><span class='ocrx_word' id='word_1_345' title='bbox 57 1480 107 1499; x_wconf 75' lang='grc' dir='ltr'><strong>του</strong></span> <span class='ocrx_word' id='word_1_346' title='bbox 124 1472 192 1499; x_wconf 81' lang='grc' dir='ltr'>Θεοῦ</span> <span class='ocrx_word' id='word_1_347' title='bbox 207 1473 296 1507; x_wconf 80' lang='grc' dir='ltr'>λόγον.</span> <span class='ocrx_word' id='word_1_348' title='bbox 313 1473 374 1500; x_wconf 76' lang='grc' dir='ltr'><strong>Εἰσὶ</strong></span> <span class='ocrx_word' id='word_1_349' title='bbox 388 1473 415 1500; x_wconf 77' lang='grc' dir='ltr'>δὲ</span> <span class='ocrx_word' id='word_1_350' title='bbox 431 1474 499 1510; x_wconf 84' lang='grc' dir='ltr'>πρὸς</span> <span class='ocrx_word' id='word_1_351' title='bbox 512 1474 601 1508; x_wconf 89' lang='grc' dir='ltr'>τοῦτο,</span> <span class='ocrx_word' id='word_1_352' title='bbox 620 1476 667 1502; x_wconf 73' lang='grc' dir='ltr'>καὶ</span> <span class='ocrx_word' id='word_1_353' title='bbox 681 1478 785 1512; x_wconf 82' lang='grc' dir='ltr'>νεκρῶν</span> <span class='ocrx_word' id='word_1_354' title='bbox 801 1477 848 1512; x_wconf 78' lang='grc' dir='ltr'><strong>ἔρ-</strong></span> 
     </span>
    </p>
   </div>
   <div class='ocr_carea' id='block_1_47' title="bbox 56 1518 848 1555">
    <p class='ocr_par' dir='ltr' id='par_1_47' title="bbox 56 1518 848 1555">
     <span class='ocr_line' id='line_1_47' title="bbox 56 1518 848 1555; baseline 0.006 -10"><span class='ocrx_word' id='word_1_355' title='bbox 56 1527 115 1552; x_wconf 73' lang='grc' dir='ltr'><strong>γων</strong></span> <span class='ocrx_word' id='word_1_356' title='bbox 131 1519 306 1555; x_wconf 78' lang='grc' dir='ltr'>ἐπιμεληταί.</span> <span class='ocrx_word' id='word_1_357' title='bbox 325 1520 388 1552; x_wconf 82' lang='grc' dir='ltr'>Πῶς</span> <span class='ocrx_word' id='word_1_358' title='bbox 401 1518 446 1547; x_wconf 81' lang='grc' dir='ltr'>οὖν</span> <span class='ocrx_word' id='word_1_359' title='bbox 466 1521 490 1547; x_wconf 79' lang='grc' dir='ltr'>οἱ</span> <span class='ocrx_word' id='word_1_360' title='bbox 506 1519 616 1553; x_wconf 77' lang='grc' dir='ltr'>ζῶντες,</span> <span class='ocrx_word' id='word_1_361' title='bbox 631 1521 704 1548; x_wconf 84' lang='grc' dir='ltr'>τοῦτ’</span> <span class='ocrx_word' id='word_1_362' title='bbox 720 1523 803 1555; x_wconf 82' lang='grc' dir='ltr'>ἐστιν,</span> <span class='ocrx_word' id='word_1_363' title='bbox 823 1525 848 1550; x_wconf 84' lang='grc' dir='ltr'>οἱ</span> 
     </span>
    </p>
   </div>
   <div class='ocr_carea' id='block_1_48' title="bbox 58 1565 847 1602">
    <p class='ocr_par' dir='ltr' id='par_1_48' title="bbox 58 1565 847 1602">
     <span class='ocr_line' id='line_1_48' title="bbox 58 1565 847 1602; baseline 0.006 -11"><span class='ocrx_word' id='word_1_364' title='bbox 58 1565 108 1601; x_wconf 77' lang='grc' dir='ltr'>τὴν</span> <span class='ocrx_word' id='word_1_365' title='bbox 126 1565 231 1592; x_wconf 77' lang='grc' dir='ltr'>ἄνωθεν</span> <span class='ocrx_word' id='word_1_366' title='bbox 251 1566 359 1600; x_wconf 74' lang='grc' dir='ltr'>ἔχοντες</span> <span class='ocrx_word' id='word_1_367' title='bbox 378 1566 408 1593; x_wconf 84' lang='grc' dir='ltr'><strong>ἐν</strong></span> <span class='ocrx_word' id='word_1_368' title='bbox 428 1567 533 1598; x_wconf 79' lang='grc' dir='ltr'>ἑαυτοῖς</span> <span class='ocrx_word' id='word_1_369' title='bbox 546 1567 719 1602; x_wconf 73' lang='grc' dir='ltr'>ζωοποίησιν,</span> <span class='ocrx_word' id='word_1_370' title='bbox 735 1569 781 1595; x_wconf 82' lang='grc' dir='ltr'>καὶ</span> <span class='ocrx_word' id='word_1_371' title='bbox 801 1570 847 1597; x_wconf 74' lang='grc' dir='ltr'>τὸν</span> 
     </span>
    </p>
   </div>
   <div class='ocr_carea' id='block_1_49' title="bbox 58 1600 885 1650">
    <p class='ocr_par' dir='ltr' id='par_1_49' title="bbox 58 1600 885 1650">
     <span class='ocr_line' id='line_1_49' title="bbox 58 1600 885 1650; baseline 0.004 -12"><span class='ocrx_word' id='word_1_372' title='bbox 58 1611 147 1644; x_wconf 81' lang='grc' dir='ltr'>ζῶντα</span> <span class='ocrx_word' id='word_1_373' title='bbox 159 1611 208 1638; x_wconf 85' lang='grc' dir='ltr'><strong>τοῦ</strong></span> <span class='ocrx_word' id='word_1_374' title='bbox 225 1611 294 1639; x_wconf 85' lang='grc' dir='ltr'>Θεοῦ</span> <span class='ocrx_word' id='word_1_375' title='bbox 311 1612 398 1645; x_wconf 83' lang='grc' dir='ltr'>Λόγον</span> <span class='ocrx_word' id='word_1_376' title='bbox 410 1600 664 1648; x_wconf 72' lang='grc' dir='ltr'>ἐκπεπλουτηκότες</span> <span class='ocrx_word' id='word_1_377' title='bbox 678 1615 741 1650; x_wconf 77' lang='grc' dir='ltr'>περὶ</span> <span class='ocrx_word' id='word_1_378' title='bbox 758 1614 848 1641; x_wconf 81' lang='grc' dir='ltr'>αὐτῶν</span> <span class='ocrx_word' id='word_1_379' title='bbox 862 1600 885 1630; x_wconf 78' lang='lat' dir='ltr'>c</span> 
     </span>
    </p>
   </div>
   <div class='ocr_carea' id='block_1_50' title="bbox 59 1656 848 1695">
    <p class='ocr_par' dir='ltr' id='par_1_50' title="bbox 59 1656 848 1695">
     <span class='ocr_line' id='line_1_50' title="bbox 59 1656 848 1695; baseline 0.004 -12"><span class='ocrx_word' id='word_1_380' title='bbox 59 1657 182 1692; x_wconf 74' lang='grc' dir='ltr'>ἐρωτῶσι</span> <span class='ocrx_word' id='word_1_381' title='bbox 197 1656 262 1689; x_wconf 73' lang='grc' dir='ltr'>τοὺς</span> <span class='ocrx_word' id='word_1_382' title='bbox 275 1656 408 1692; x_wconf 87' lang='grc' dir='ltr'>νεκρούς;</span> <span class='ocrx_word' id='word_1_383' title='bbox 425 1657 518 1684; x_wconf 80' lang='grc' dir='ltr'>Ταῦτα</span> <span class='ocrx_word' id='word_1_384' title='bbox 539 1658 627 1686; x_wconf 81' lang='grc' dir='ltr'>τοίνυν</span> <span class='ocrx_word' id='word_1_385' title='bbox 647 1659 750 1694; x_wconf 80' lang='grc' dir='ltr'>λέγετε,</span> <span class='ocrx_word' id='word_1_386' title='bbox 771 1660 848 1695; x_wconf 78' lang='grc' dir='ltr'>φησὶ,</span> 
     </span>
    </p>
   </div>
   <div class='ocr_carea' id='block_1_51' title="bbox 59 1703 850 1739">
    <p class='ocr_par' dir='ltr' id='par_1_51' title="bbox 59 1703 850 1739">
     <span class='ocr_line' id='line_1_51' title="bbox 59 1703 850 1739; baseline 0.006 -10"><span class='ocrx_word' id='word_1_387' title='bbox 59 1703 252 1738; x_wconf 75' lang='grc' dir='ltr'>προστιθέντες</span> <span class='ocrx_word' id='word_1_388' title='bbox 276 1703 317 1730; x_wconf 82' lang='grc' dir='ltr'>ὅτι</span> <span class='ocrx_word' id='word_1_389' title='bbox 341 1703 422 1738; x_wconf 87' lang='grc' dir='ltr'>νόμον</span> <span class='ocrx_word' id='word_1_390' title='bbox 443 1705 483 1736; x_wconf 85' lang='grc' dir='ltr'><strong>είς</strong></span> <span class='ocrx_word' id='word_1_391' title='bbox 503 1704 626 1739; x_wconf 82' lang='grc' dir='ltr'>βοήθειαν</span> <span class='ocrx_word' id='word_1_392' title='bbox 645 1705 755 1739; x_wconf 77' lang='grc' dir='ltr'>ἔδωκεν,</span> <span class='ocrx_word' id='word_1_393' title='bbox 778 1707 850 1734; x_wconf 84' lang='grc' dir='ltr'>τοῦτ’</span> 
     </span>
    </p>
   </div>
   <div class='ocr_carea' id='block_1_52' title="bbox 59 1748 851 1788">
    <p class='ocr_par' dir='ltr' id='par_1_52' title="bbox 59 1748 851 1788">
     <span class='ocr_line' id='line_1_52' title="bbox 59 1748 851 1788; baseline 0.006 -13"><span class='ocrx_word' id='word_1_394' title='bbox 59 1748 126 1781; x_wconf 69' lang='grc' dir='ltr'>εστι,</span> <span class='ocrx_word' id='word_1_395' title='bbox 143 1749 191 1775; x_wconf 79' lang='grc' dir='ltr'>τὸν</span> <span class='ocrx_word' id='word_1_396' title='bbox 211 1749 400 1785; x_wconf 79' lang='grc' dir='ltr'>εὐαγγελικὸν,</span> <span class='ocrx_word' id='word_1_397' title='bbox 420 1749 453 1776; x_wconf 70' lang='grc' dir='ltr'><strong>ἵν’</strong></span> <span class='ocrx_word' id='word_1_398' title='bbox 472 1750 497 1776; x_wconf 78' lang='grc' dir='ltr'>οι</span> <span class='ocrx_word' id='word_1_399' title='bbox 516 1751 695 1786; x_wconf 81' lang='grc' dir='ltr'>προσέχοντες</span> <span class='ocrx_word' id='word_1_400' title='bbox 716 1752 790 1788; x_wconf 74' lang='grc' dir='ltr'>αὐτῷ</span> <span class='ocrx_word' id='word_1_401' title='bbox 807 1752 851 1780; x_wconf 81' lang='grc' dir='ltr'>λέ-</span> 
     </span>
    </p>
   </div>
   <div class='ocr_carea' id='block_1_53' title="bbox 60 1793 851 1834">
    <p class='ocr_par' dir='ltr' id='par_1_53' title="bbox 60 1793 851 1834">
     <span class='ocr_line' id='line_1_53' title="bbox 60 1793 851 1834; baseline 0.008 -14"><span class='ocrx_word' id='word_1_402' title='bbox 60 1802 155 1827; x_wconf 71' lang='grc' dir='ltr'>γωσινο</span> <span class='ocrx_word' id='word_1_403' title='bbox 171 1795 228 1830; x_wconf 75' lang='grc' dir='ltr'><strong>Οὐχ</strong></span> <span class='ocrx_word' id='word_1_404' title='bbox 242 1795 280 1826; x_wconf 82' lang='grc' dir='ltr'>ὡς</span> <span class='ocrx_word' id='word_1_405' title='bbox 296 1795 326 1821; x_wconf 86' lang='grc' dir='ltr'>τὸ</span> <span class='ocrx_word' id='word_1_406' title='bbox 341 1795 416 1830; x_wconf 79' lang='grc' dir='ltr'>ῥῆμα</span> <span class='ocrx_word' id='word_1_407' title='bbox 427 1795 514 1828; x_wconf 83' lang='grc' dir='ltr'>τοῦτο,</span> <span class='ocrx_word' id='word_1_408' title='bbox 527 1797 591 1832; x_wconf 69' lang='grc' dir='ltr'>περὶ</span> <span class='ocrx_word' id='word_1_409' title='bbox 600 1793 631 1823; x_wconf 76' lang='grc' dir='ltr'><strong>οὗ</strong></span> <span class='ocrx_word' id='word_1_410' title='bbox 648 1798 699 1824; x_wconf 84' lang='grc' dir='ltr'>οὐκ</span> <span class='ocrx_word' id='word_1_411' title='bbox 711 1798 768 1825; x_wconf 78' lang='grc' dir='ltr'>ἔστι</span> <span class='ocrx_word' id='word_1_412' title='bbox 777 1799 851 1834; x_wconf 87' lang='grc' dir='ltr'>δῶρα</span> 
     </span>
    </p>
   </div>
   <div class='ocr_carea' id='block_1_54' title="bbox 60 1839 852 1879">
    <p class='ocr_par' dir='ltr' id='par_1_54' title="bbox 60 1839 852 1879">
     <span class='ocr_line' id='line_1_54' title="bbox 60 1839 852 1879; baseline 0.008 -13"><span class='ocrx_word' id='word_1_413' title='bbox 60 1839 151 1867; x_wconf 82' lang='grc' dir='ltr'>δοῦναι</span> <span class='ocrx_word' id='word_1_414' title='bbox 166 1841 233 1876; x_wconf 80' lang='grc' dir='ltr'>περὶ</span> <span class='ocrx_word' id='word_1_415' title='bbox 247 1841 341 1867; x_wconf 84' lang='grc' dir='ltr'>αὑτοῦ.</span> <span class='ocrx_word' id='word_1_416' title='bbox 357 1841 479 1868; x_wconf 86' lang='grc' dir='ltr'>Πωλοῦσι</span> <span class='ocrx_word' id='word_1_417' title='bbox 493 1843 542 1878; x_wconf 86' lang='grc' dir='ltr'>μὲν</span> <span class='ocrx_word' id='word_1_418' title='bbox 557 1842 611 1879; x_wconf 88' lang='grc' dir='ltr'>γὰρ</span> <span class='ocrx_word' id='word_1_419' title='bbox 621 1843 652 1870; x_wconf 79' lang='grc' dir='ltr'>τὸ</span> <span class='ocrx_word' id='word_1_420' title='bbox 665 1844 770 1879; x_wconf 73' lang='grc' dir='ltr'>ψεῦδος,</span> <span class='ocrx_word' id='word_1_421' title='bbox 784 1846 808 1871; x_wconf 77' lang='grc' dir='ltr'>οἱ</span> <span class='ocrx_word' id='word_1_422' title='bbox 818 1845 852 1872; x_wconf 73' lang='grc' dir='ltr'><strong>τὰ</strong></span> 
     </span>
    </p>
   </div>
   <div class='ocr_carea' id='block_1_55' title="bbox 62 1886 852 1925">
    <p class='ocr_par' dir='ltr' id='par_1_55' title="bbox 62 1886 852 1925">
     <span class='ocr_line' id='line_1_55' title="bbox 62 1886 852 1925; baseline 0.008 -14"><span class='ocrx_word' id='word_1_423' title='bbox 62 1887 92 1912; x_wconf 75' lang='grc' dir='ltr'>ἑκ</span> <span class='ocrx_word' id='word_1_424' title='bbox 107 1886 194 1921; x_wconf 85' lang='grc' dir='ltr'>μόνης</span> <span class='ocrx_word' id='word_1_425' title='bbox 207 1886 259 1921; x_wconf 76' lang='grc' dir='ltr'>τῆς</span> <span class='ocrx_word' id='word_1_426' title='bbox 270 1886 375 1913; x_wconf 77' lang='grc' dir='ltr'>ἑαυτῶν</span> <span class='ocrx_word' id='word_1_427' title='bbox 390 1887 504 1922; x_wconf 82' lang='grc' dir='ltr'>καρδίας</span> <span class='ocrx_word' id='word_1_428' title='bbox 518 1887 669 1921; x_wconf 84' lang='grc' dir='ltr'>λαλοῦντες·</span> <span class='ocrx_word' id='word_1_429' title='bbox 682 1890 696 1916; x_wconf 76' lang='grc' dir='ltr'><strong>ὁ</strong></span> <span class='ocrx_word' id='word_1_430' title='bbox 713 1890 740 1916; x_wconf 88' lang='grc' dir='ltr'>δέ</span> <span class='ocrx_word' id='word_1_431' title='bbox 753 1899 784 1925; x_wconf 90' lang='grc' dir='ltr'><strong>γε</strong></span> <span class='ocrx_word' id='word_1_432' title='bbox 802 1899 852 1918; x_wconf 71' lang='grc' dir='ltr'>σωι</span> 
     </span>
    </p>
   </div>
   <div class='ocr_carea' id='block_1_56' title="bbox 61 1932 852 1970">
    <p class='ocr_par' dir='ltr' id='par_1_56' title="bbox 61 1932 852 1970">
     <span class='ocr_line' id='line_1_56' title="bbox 61 1932 852 1970; baseline 0.006 -11"><span class='ocrx_word' id='word_1_433' title='bbox 61 1935 153 1968; x_wconf 82' lang='grc' dir='ltr'>τήριος</span> <span class='ocrx_word' id='word_1_434' title='bbox 173 1934 224 1960; x_wconf 80' lang='grc' dir='ltr'>καὶ</span> <span class='ocrx_word' id='word_1_435' title='bbox 253 1933 356 1968; x_wconf 73' lang='grc' dir='ltr'>ἀληθὴς</span> <span class='ocrx_word' id='word_1_436' title='bbox 380 1932 427 1960; x_wconf 83' lang='grc' dir='ltr'><strong>τοῦ</strong></span> <span class='ocrx_word' id='word_1_437' title='bbox 445 1934 513 1961; x_wconf 80' lang='grc' dir='ltr'>Θεοῦ</span> <span class='ocrx_word' id='word_1_438' title='bbox 534 1935 624 1970; x_wconf 80' lang='grc' dir='ltr'>νόμος,</span> <span class='ocrx_word' id='word_1_439' title='bbox 644 1936 715 1963; x_wconf 82' lang='grc' dir='ltr'>τοῦτ’</span> <span class='ocrx_word' id='word_1_440' title='bbox 730 1936 798 1969; x_wconf 77' lang='grc' dir='ltr'>ἔστι,</span> <span class='ocrx_word' id='word_1_441' title='bbox 822 1937 852 1964; x_wconf 76' lang='grc' dir='ltr'><strong>τὺ</strong></span> 
     </span>
    </p>
   </div>
   <div class='ocr_carea' id='block_1_57' title="bbox 62 1978 853 2018">
    <p class='ocr_par' dir='ltr' id='par_1_57' title="bbox 62 1978 853 2018">
     <span class='ocr_line' id='line_1_57' title="bbox 62 1978 853 2018; baseline 0.005 -14"><span class='ocrx_word' id='word_1_442' title='bbox 62 1980 201 2014; x_wconf 70' lang='grc' dir='ltr'>θέσπισμα</span> <span class='ocrx_word' id='word_1_443' title='bbox 216 1978 246 2005; x_wconf 83' lang='grc' dir='ltr'><strong>τὸ</strong></span> <span class='ocrx_word' id='word_1_444' title='bbox 261 1978 447 2013; x_wconf 78' lang='grc' dir='ltr'>εὑαγγελικδν,</span> <span class='ocrx_word' id='word_1_445' title='bbox 462 1979 476 2005; x_wconf 81' lang='grc' dir='ltr'><strong>ὃ</strong></span> <span class='ocrx_word' id='word_1_446' title='bbox 487 1980 591 2007; x_wconf 83' lang='grc' dir='ltr'>δέδοται</span> <span class='ocrx_word' id='word_1_447' title='bbox 608 1981 677 2017; x_wconf 79' lang='grc' dir='ltr'>πρὸς</span> <span class='ocrx_word' id='word_1_448' title='bbox 693 1982 853 2018; x_wconf 80' lang='grc' dir='ltr'>ἐπικουρίαν</span> 
     </span>
    </p>
   </div>
   <div class='ocr_carea' id='block_1_58' title="bbox 62 2024 853 2065">
    <p class='ocr_par' dir='ltr' id='par_1_58' title="bbox 62 2024 853 2065">
     <span class='ocr_line' id='line_1_58' title="bbox 62 2024 853 2065; baseline 0.004 -13"><span class='ocrx_word' id='word_1_449' title='bbox 62 2024 115 2052; x_wconf 82' lang='grc' dir='ltr'><strong>τῶν</strong></span> <span class='ocrx_word' id='word_1_450' title='bbox 130 2025 177 2051; x_wconf 76' lang='grc' dir='ltr'>ἐπὶ</span> <span class='ocrx_word' id='word_1_451' title='bbox 192 2025 244 2060; x_wconf 85' lang='grc' dir='ltr'>τῆς</span> <span class='ocrx_word' id='word_1_452' title='bbox 261 2026 322 2060; x_wconf 81' lang='grc' dir='ltr'>γῆς,</span> <span class='ocrx_word' id='word_1_453' title='bbox 341 2024 391 2051; x_wconf 81' lang='grc' dir='ltr'>οὐκ</span> <span class='ocrx_word' id='word_1_454' title='bbox 412 2025 484 2063; x_wconf 62' lang='grc' dir='ltr'>ἐστιν</span> <span class='ocrx_word' id='word_1_455' title='bbox 506 2026 544 2059; x_wconf 85' lang='grc' dir='ltr'><strong>ὡς</strong></span> <span class='ocrx_word' id='word_1_456' title='bbox 557 2027 587 2054; x_wconf 78' lang='grc' dir='ltr'>τὸ</span> <span class='ocrx_word' id='word_1_457' title='bbox 602 2027 679 2063; x_wconf 80' lang='grc' dir='ltr'>ῥῆμα</span> <span class='ocrx_word' id='word_1_458' title='bbox 700 2028 788 2061; x_wconf 83' lang='grc' dir='ltr'>τοῦτο,</span> <span class='ocrx_word' id='word_1_459' title='bbox 807 2029 853 2065; x_wconf 82' lang='grc' dir='ltr'><strong>δη-</strong></span> 
     </span>
    </p>
   </div>
   <div class='ocr_carea' id='block_1_59' title="bbox 62 2070 854 2110">
    <p class='ocr_par' dir='ltr' id='par_1_59' title="bbox 62 2070 854 2110">
     <span class='ocr_line' id='line_1_59' title="bbox 62 2070 854 2110; baseline 0.008 -14"><span class='ocrx_word' id='word_1_460' title='bbox 62 2070 148 2097; x_wconf 87' lang='grc' dir='ltr'>λονότι</span> <span class='ocrx_word' id='word_1_461' title='bbox 160 2071 216 2098; x_wconf 85' lang='grc' dir='ltr'><strong>τῶν</strong></span> <span class='ocrx_word' id='word_1_462' title='bbox 231 2071 447 2107; x_wconf 65' lang='grc' dir='ltr'>ψευδομάντεσιν.</span> <span class='ocrx_word' id='word_1_463' title='bbox 469 2072 538 2100; x_wconf 81' lang='grc' dir='ltr'>Ἀλλ’</span> <span class='ocrx_word' id='word_1_464' title='bbox 548 2073 601 2100; x_wconf 77' lang='grc' dir='ltr'>οὐδ’</span> <span class='ocrx_word' id='word_1_465' title='bbox 610 2073 669 2100; x_wconf 79' lang='grc' dir='ltr'>ἐστι</span> <span class='ocrx_word' id='word_1_466' title='bbox 682 2073 755 2110; x_wconf 83' lang='grc' dir='ltr'>δῶρα</span> <span class='ocrx_word' id='word_1_467' title='bbox 763 2075 854 2102; x_wconf 82' lang='grc' dir='ltr'>δοῦναι</span> 
     </span>
    </p>
   </div>
   <div class='ocr_carea' id='block_1_60' title="bbox 64 2117 855 2157">
    <p class='ocr_par' dir='ltr' id='par_1_60' title="bbox 64 2117 855 2157">
     <span class='ocr_line' id='line_1_60' title="bbox 64 2117 855 2157; baseline 0.006 -14"><span class='ocrx_word' id='word_1_468' title='bbox 64 2117 126 2152; x_wconf 77' lang='grc' dir='ltr'>περὶ</span> <span class='ocrx_word' id='word_1_469' title='bbox 141 2118 238 2144; x_wconf 73' lang='grc' dir='ltr'>αὐτοῦ.</span> <span class='ocrx_word' id='word_1_470' title='bbox 256 2118 300 2150; x_wconf 84' lang='grc' dir='ltr'>Ὧς</span> <span class='ocrx_word' id='word_1_471' title='bbox 315 2119 370 2155; x_wconf 82' lang='grc' dir='ltr'><strong>γὰρ</strong></span> <span class='ocrx_word' id='word_1_472' title='bbox 384 2119 450 2155; x_wconf 70' lang='grc' dir='ltr'>ἔφην</span> <span class='ocrx_word' id='word_1_473' title='bbox 465 2120 567 2155; x_wconf 83' lang='grc' dir='ltr'>ἀρτίως</span> <span class='ocrx_word' id='word_1_474' title='bbox 578 2120 708 2147; x_wconf 85' lang='grc' dir='ltr'>ὠνοῦνται</span> <span class='ocrx_word' id='word_1_475' title='bbox 722 2129 794 2153; x_wconf 83' lang='grc' dir='ltr'>τινες</span> <span class='ocrx_word' id='word_1_476' title='bbox 809 2122 855 2157; x_wconf 82' lang='grc' dir='ltr'><strong>ἀρ-</strong></span> 
     </span>
    </p>
   </div>
   <div class='ocr_carea' id='block_1_61' title="bbox 63 2163 855 2201">
    <p class='ocr_par' dir='ltr' id='par_1_61' title="bbox 63 2163 855 2201">
     <span class='ocr_line' id='line_1_61' title="bbox 63 2163 855 2201; baseline 0.005 -12"><span class='ocrx_word' id='word_1_477' title='bbox 63 2163 168 2197; x_wconf 86' lang='grc' dir='ltr'>γυρίοις</span> <span class='ocrx_word' id='word_1_478' title='bbox 189 2163 240 2195; x_wconf 77' lang='grc' dir='ltr'><strong>τὰς</strong></span> <span class='ocrx_word' id='word_1_479' title='bbox 257 2164 312 2190; x_wconf 85' lang='grc' dir='ltr'><strong>τῶν</strong></span> <span class='ocrx_word' id='word_1_480' title='bbox 328 2165 435 2200; x_wconf 83' lang='grc' dir='ltr'>γοητῶν</span> <span class='ocrx_word' id='word_1_481' title='bbox 455 2165 639 2200; x_wconf 83' lang='grc' dir='ltr'>ψευδοεπείας.</span> <span class='ocrx_word' id='word_1_482' title='bbox 658 2165 804 2201; x_wconf 86' lang='grc' dir='ltr'>Πρόκειται</span> <span class='ocrx_word' id='word_1_483' title='bbox 826 2167 855 2193; x_wconf 79' lang='grc' dir='ltr'><strong>δὲ</strong></span> 
     </span>
    </p>
   </div>
   <div class='ocr_carea' id='block_1_62' title="bbox 63 2209 856 2248">
    <p class='ocr_par' dir='ltr' id='par_1_62' title="bbox 63 2209 856 2248">
     <span class='ocr_line' id='line_1_62' title="bbox 63 2209 856 2248; baseline 0.006 -13"><span class='ocrx_word' id='word_1_484' title='bbox 63 2211 118 2241; x_wconf 80' lang='grc' dir='ltr'>τοῖς</span> <span class='ocrx_word' id='word_1_485' title='bbox 135 2209 261 2237; x_wconf 77' lang='grc' dir='ltr'>ἐθέλουσι</span> <span class='ocrx_word' id='word_1_486' title='bbox 275 2210 306 2238; x_wconf 75' lang='grc' dir='ltr'>τὸ</span> <span class='ocrx_word' id='word_1_487' title='bbox 318 2211 442 2246; x_wconf 80' lang='grc' dir='ltr'>οὐράνιον</span> <span class='ocrx_word' id='word_1_488' title='bbox 456 2211 604 2248; x_wconf 81' lang='grc' dir='ltr'>θέσπισμα,</span> <span class='ocrx_word' id='word_1_489' title='bbox 619 2212 652 2239; x_wconf 84' lang='grc' dir='ltr'><strong>δι’</strong></span> <span class='ocrx_word' id='word_1_490' title='bbox 671 2209 702 2239; x_wconf 73' lang='grc' dir='ltr'><strong>οὗ</strong></span> <span class='ocrx_word' id='word_1_491' title='bbox 719 2213 787 2248; x_wconf 81' lang='grc' dir='ltr'>πρὸς</span> <span class='ocrx_word' id='word_1_492' title='bbox 801 2213 856 2240; x_wconf 81' lang='grc' dir='ltr'><strong>πᾶν</strong></span> 
     </span>
    </p>
   </div>
   <div class='ocr_carea' id='block_1_63' title="bbox 64 2255 894 2301">
    <p class='ocr_par' dir='ltr' id='par_1_63' title="bbox 64 2255 894 2301">
     <span class='ocr_line' id='line_1_63' title="bbox 64 2255 894 2301; baseline 0.007 -20"><span class='ocrx_word' id='word_1_493' title='bbox 64 2255 152 2301; x_wconf 69' lang='grc' dir='ltr'>ὁτιοῦν</span> <span class='ocrx_word' id='word_1_494' title='bbox 167 2255 223 2282; x_wconf 82' lang='grc' dir='ltr'><strong>τῶν</strong></span> <span class='ocrx_word' id='word_1_495' title='bbox 235 2256 344 2290; x_wconf 84' lang='grc' dir='ltr'>ἀγαθῶν</span> <span class='ocrx_word' id='word_1_496' title='bbox 358 2258 580 2294; x_wconf 81' lang='grc' dir='ltr'>πεποδηγήμεθα.</span> <span class='ocrx_word' id='word_1_497' title='bbox 592 2259 647 2286; x_wconf 76' lang='grc' dir='ltr'><strong>Καὶ</strong></span> <span class='ocrx_word' id='word_1_498' title='bbox 662 2259 714 2294; x_wconf 79' lang='grc' dir='ltr'>μὴν</span> <span class='ocrx_word' id='word_1_499' title='bbox 725 2259 773 2286; x_wconf 79' lang='grc' dir='ltr'>ὅσα</span> <span class='ocrx_word' id='word_1_500' title='bbox 787 2261 856 2295; x_wconf 84' lang='grc' dir='ltr'>χρῆν</span> <span class='ocrx_word' id='word_1_501' title='bbox 871 2270 894 2301; x_wconf 80' lang='lat' dir='ltr'><strong>D</strong></span> 
     </span>
    </p>
   </div>
   <div class='ocr_carea' id='block_1_64' title="bbox 64 2300 856 2339">
    <p class='ocr_par' dir='ltr' id='par_1_64' title="bbox 64 2300 856 2339">
     <span class='ocr_line' id='line_1_64' title="bbox 64 2300 856 2339; baseline 0.006 -13"><span class='ocrx_word' id='word_1_502' title='bbox 64 2300 117 2326; x_wconf 84' lang='grc' dir='ltr'><strong>τῶν</strong></span> <span class='ocrx_word' id='word_1_503' title='bbox 148 2301 303 2336; x_wconf 82' lang='grc' dir='ltr'>μελλόντων</span> <span class='ocrx_word' id='word_1_504' title='bbox 329 2301 456 2336; x_wconf 85' lang='grc' dir='ltr'>γενέσθαι</span> <span class='ocrx_word' id='word_1_505' title='bbox 483 2303 692 2339; x_wconf 80' lang='grc' dir='ltr'>μεμαθήκαμεν.</span> <span class='ocrx_word' id='word_1_506' title='bbox 717 2304 776 2331; x_wconf 90' lang='grc' dir='ltr'>Τίνι</span> <span class='ocrx_word' id='word_1_507' title='bbox 802 2304 856 2339; x_wconf 77' lang='grc' dir='ltr'><strong>γὰρ</strong></span> 
     </span>
    </p>
   </div>
   <div class='ocr_carea' id='block_1_65' title="bbox 64 2347 856 2385">
    <p class='ocr_par' dir='ltr' id='par_1_65' title="bbox 64 2347 856 2385">
     <span class='ocr_line' id='line_1_65' title="bbox 64 2347 856 2385; baseline 0.005 -13"><span class='ocrx_word' id='word_1_508' title='bbox 64 2347 228 2381; x_wconf 81' lang='grc' dir='ltr'>ἀσυμφανὲς</span> <span class='ocrx_word' id='word_1_509' title='bbox 251 2347 292 2374; x_wconf 61' lang='grc' dir='ltr'>ὃτι</span> <span class='ocrx_word' id='word_1_510' title='bbox 314 2349 478 2384; x_wconf 82' lang='grc' dir='ltr'>πράττουσιν</span> <span class='ocrx_word' id='word_1_511' title='bbox 496 2351 562 2385; x_wconf 80' lang='grc' dir='ltr'>ἡμῖν</span> <span class='ocrx_word' id='word_1_512' title='bbox 582 2349 616 2376; x_wconf 79' lang='grc' dir='ltr'>τὰ</span> <span class='ocrx_word' id='word_1_513' title='bbox 641 2349 740 2384; x_wconf 75' lang='grc' dir='ltr'>ἀγαθὰ,</span> <span class='ocrx_word' id='word_1_514' title='bbox 763 2350 810 2376; x_wconf 71' lang='grc' dir='ltr'>καὶ</span> <span class='ocrx_word' id='word_1_515' title='bbox 826 2350 856 2376; x_wconf 80' lang='grc' dir='ltr'>τὸ</span> 
     </span>
    </p>
   </div>
   <div class='ocr_carea' id='block_1_66' title="bbox 64 2393 856 2431">
    <p class='ocr_par' dir='ltr' id='par_1_66' title="bbox 64 2393 856 2431">
     <span class='ocr_line' id='line_1_66' title="bbox 64 2393 856 2431; baseline 0.008 -13"><span class='ocrx_word' id='word_1_516' title='bbox 64 2393 176 2426; x_wconf 81' lang='grc' dir='ltr'>γνήσιον</span> <span class='ocrx_word' id='word_1_517' title='bbox 201 2393 254 2428; x_wconf 81' lang='grc' dir='ltr'>τῆς</span> <span class='ocrx_word' id='word_1_518' title='bbox 276 2394 388 2429; x_wconf 79' lang='grc' dir='ltr'>ἀγάπης</span> <span class='ocrx_word' id='word_1_519' title='bbox 416 2395 529 2431; x_wconf 84' lang='grc' dir='ltr'>τηροῦσι</span> <span class='ocrx_word' id='word_1_520' title='bbox 555 2396 674 2431; x_wconf 83' lang='grc' dir='ltr'>Χριστῷ,</span> <span class='ocrx_word' id='word_1_521' title='bbox 694 2397 748 2423; x_wconf 80' lang='grc' dir='ltr'><strong>πᾶν</strong></span> <span class='ocrx_word' id='word_1_522' title='bbox 767 2397 856 2424; x_wconf 84' lang='grc' dir='ltr'>ὁτιοῦν</span> 
     </span>
    </p>
   </div>
   <div class='ocr_carea' id='block_1_67' title="bbox 65 2438 856 2479">
    <p class='ocr_par' dir='ltr' id='par_1_67' title="bbox 65 2438 856 2479">
     <span class='ocr_line' id='line_1_67' title="bbox 65 2438 856 2479; baseline 0.009 -16"><span class='ocrx_word' id='word_1_523' title='bbox 65 2438 142 2464; x_wconf 77' lang='grc' dir='ltr'>ἔσται</span> <span class='ocrx_word' id='word_1_524' title='bbox 162 2439 231 2465; x_wconf 84' lang='grc' dir='ltr'>κατ’</span> <span class='ocrx_word' id='word_1_525' title='bbox 242 2440 345 2475; x_wconf 71' lang='grc' dir='ltr'>εὐχήνς</span> <span class='ocrx_word' id='word_1_526' title='bbox 363 2441 522 2476; x_wconf 82' lang='grc' dir='ltr'>Μακαρίους</span> <span class='ocrx_word' id='word_1_527' title='bbox 540 2441 593 2477; x_wconf 87' lang='grc' dir='ltr'>γὰρ</span> <span class='ocrx_word' id='word_1_528' title='bbox 610 2443 811 2479; x_wconf 63' lang='grc' dir='ltr'>ἀποφαίνειςκαὶ</span> <span class='ocrx_word' id='word_1_529' title='bbox 828 2443 856 2469; x_wconf 84' lang='grc' dir='ltr'>ὲν</span> 
     </span>
    </p>
   </div>
   <div class='ocr_carea' id='block_1_68' title="bbox 65 2485 858 2524">
    <p class='ocr_par' dir='ltr' id='par_1_68' title="bbox 65 2485 858 2524">
     <span class='ocr_line' id='line_1_68' title="bbox 65 2485 858 2524; baseline 0.005 -13"><span class='ocrx_word' id='word_1_530' title='bbox 65 2485 132 2519; x_wconf 79' lang='grc' dir='ltr'>τῷδε</span> <span class='ocrx_word' id='word_1_531' title='bbox 149 2485 190 2520; x_wconf 83' lang='grc' dir='ltr'>τῷ</span> <span class='ocrx_word' id='word_1_532' title='bbox 209 2486 315 2521; x_wconf 83' lang='grc' dir='ltr'>κόσμῳ,</span> <span class='ocrx_word' id='word_1_533' title='bbox 334 2487 381 2513; x_wconf 76' lang='grc' dir='ltr'>καὶ</span> <span class='ocrx_word' id='word_1_534' title='bbox 404 2488 444 2519; x_wconf 75' lang='grc' dir='ltr'><strong>είς</strong></span> <span class='ocrx_word' id='word_1_535' title='bbox 459 2487 543 2515; x_wconf 76' lang='grc' dir='ltr'>αἰῶνα</span> <span class='ocrx_word' id='word_1_536' title='bbox 558 2487 603 2514; x_wconf 78' lang='grc' dir='ltr'>τὸν</span> <span class='ocrx_word' id='word_1_537' title='bbox 625 2488 765 2523; x_wconf 83' lang='grc' dir='ltr'>μέλλοντα.</span> <span class='ocrx_word' id='word_1_538' title='bbox 786 2489 858 2524; x_wconf 83' lang='grc' dir='ltr'>Πρό-</span> 
     </span>
    </p>
   </div>
   <div class='ocr_carea' id='block_1_69' title="bbox 66 2531 858 2568">
    <p class='ocr_par' dir='ltr' id='par_1_69' title="bbox 66 2531 858 2568">
     <span class='ocr_line' id='line_1_69' title="bbox 66 2531 858 2568; baseline 0.005 -12"><span class='ocrx_word' id='word_1_539' title='bbox 66 2538 152 2557; x_wconf 76' lang='grc' dir='ltr'>κειται</span> <span class='ocrx_word' id='word_1_540' title='bbox 168 2531 270 2564; x_wconf 85' lang='grc' dir='ltr'>τοίνυν,</span> <span class='ocrx_word' id='word_1_541' title='bbox 291 2531 425 2567; x_wconf 84' lang='grc' dir='ltr'>ἀργυρίου</span> <span class='ocrx_word' id='word_1_542' title='bbox 448 2540 477 2559; x_wconf 85' lang='grc' dir='ltr'><strong>τε</strong></span> <span class='ocrx_word' id='word_1_543' title='bbox 500 2533 571 2568; x_wconf 81' lang='grc' dir='ltr'>δίχα,</span> <span class='ocrx_word' id='word_1_544' title='bbox 587 2533 634 2560; x_wconf 69' lang='grc' dir='ltr'>καὶ</span> <span class='ocrx_word' id='word_1_545' title='bbox 655 2533 740 2568; x_wconf 84' lang='grc' dir='ltr'>δώρου</span> <span class='ocrx_word' id='word_1_546' title='bbox 758 2533 858 2564; x_wconf 81' lang='grc' dir='ltr'>παντὸς</span> 
     </span>
    </p>
   </div>
   <div class='ocr_carea' id='block_1_70' title="bbox 66 2576 880 2615">
    <p class='ocr_par' dir='ltr' id='par_1_70' title="bbox 66 2576 880 2615">
     <span class='ocr_line' id='line_1_70' title="bbox 66 2576 880 2615; baseline 0.005 -13"><span class='ocrx_word' id='word_1_547' title='bbox 66 2576 95 2602; x_wconf 78' lang='grc' dir='ltr'><strong>τὸ</strong></span> <span class='ocrx_word' id='word_1_548' title='bbox 111 2577 214 2603; x_wconf 80' lang='grc' dir='ltr'>εἰδέναι</span> <span class='ocrx_word' id='word_1_549' title='bbox 233 2579 290 2609; x_wconf 84' lang='grc' dir='ltr'>τοῖς</span> <span class='ocrx_word' id='word_1_550' title='bbox 310 2577 431 2604; x_wconf 78' lang='grc' dir='ltr'>ἐθέλουσι</span> <span class='ocrx_word' id='word_1_551' title='bbox 451 2578 497 2605; x_wconf 80' lang='grc' dir='ltr'><strong>τὸν</strong></span> <span class='ocrx_word' id='word_1_552' title='bbox 523 2579 633 2605; x_wconf 84' lang='grc' dir='ltr'>δοθέντα</span> <span class='ocrx_word' id='word_1_553' title='bbox 667 2579 742 2615; x_wconf 85' lang='grc' dir='ltr'>παρὰ</span> <span class='ocrx_word' id='word_1_554' title='bbox 762 2578 880 2615; x_wconf 78' lang='grc' dir='ltr'>Χριστοῦ</span> 
     </span>
    </p>
   </div>
   <div class='ocr_carea' id='block_1_71' title="bbox 68 2625 875 2662">
    <p class='ocr_par' dir='ltr' id='par_1_71' title="bbox 68 2625 875 2662">
     <span class='ocr_line' id='line_1_71' title="bbox 68 2625 875 2662; baseline 0.004 -11"><span class='ocrx_word' id='word_1_555' title='bbox 68 2625 158 2660; x_wconf 69' lang='grc' dir='ltr'>φωνῆς</span> <span class='ocrx_word' id='word_1_556' title='bbox 187 2625 298 2652; x_wconf 78' lang='grc' dir='ltr'>Ἡσαΐου</span> <span class='ocrx_word' id='word_1_557' title='bbox 344 2625 434 2660; x_wconf 76' lang='grc' dir='ltr'>σοφῶς</span> <span class='ocrx_word' id='word_1_558' title='bbox 459 2627 612 2661; x_wconf 76' lang='grc' dir='ltr'>είρημένοψ</span> <span class='ocrx_word' id='word_1_559' title='bbox 642 2635 652 2653; x_wconf 72' lang='grc' dir='ltr'><strong>ι</strong></span> <span class='ocrx_word' id='word_1_560' title='bbox 681 2627 714 2654; x_wconf 83' lang='grc' dir='ltr'><strong>οι</strong></span> <span class='ocrx_word' id='word_1_561' title='bbox 746 2627 875 2662; x_wconf 66' lang='grc' dir='ltr'>διψῶντες</span> 
     </span>
    </p>
   </div>
   <div class='ocr_carea' id='block_1_72' title="bbox 900 968 1688 1004">
    <p class='ocr_par' dir='ltr' id='par_1_72' title="bbox 900 968 1688 1004">
     <span class='ocr_line' id='line_1_72' title="bbox 900 968 1688 1004; baseline -0.003 -8"><span class='ocrx_word' id='word_1_562' title='bbox 900 970 971 996; x_wconf 86' lang='lat' dir='ltr'><strong>enim</strong></span> <span class='ocrx_word' id='word_1_563' title='bbox 988 990 994 1002; x_wconf 86' lang='lat'><strong>,</strong></span> <span class='ocrx_word' id='word_1_564' title='bbox 1025 969 1111 1004; x_wconf 82' lang='lat' dir='ltr'><strong>inquit</strong></span> <span class='ocrx_word' id='word_1_565' title='bbox 1126 977 1133 995; x_wconf 86' lang='lat'><strong>:</strong></span> <span class='ocrx_word' id='word_1_566' title='bbox 1160 969 1228 1002; x_wconf 86' lang='lat' dir='ltr'><strong>Quid</strong></span> <span class='ocrx_word' id='word_1_567' title='bbox 1254 973 1378 1003; x_wconf 64' lang='lat' dir='ltr'><strong>quaerunt</strong></span> <span class='ocrx_word' id='word_1_568' title='bbox 1396 968 1428 995; x_wconf 83' lang='lat' dir='ltr'><strong>de</strong></span> <span class='ocrx_word' id='word_1_569' title='bbox 1455 969 1524 996; x_wconf 87' lang='lat' dir='ltr'><strong>vivis</strong></span> <span class='ocrx_word' id='word_1_570' title='bbox 1541 973 1663 996; x_wconf 68' lang='lat' dir='ltr'><strong>mortuos</strong></span> <span class='ocrx_word' id='word_1_571' title='bbox 1675 968 1688 994; x_wconf 78' lang='lat'><strong>?</strong></span> 
     </span>
    </p>
   </div>
   <div class='ocr_carea' id='block_1_73' title="bbox 899 1015 1687 1048">
    <p class='ocr_par' dir='ltr' id='par_1_73' title="bbox 899 1015 1687 1048">
     <span class='ocr_line' id='line_1_73' title="bbox 899 1015 1687 1048; baseline -0.004 -4"><span class='ocrx_word' id='word_1_572' title='bbox 899 1016 1057 1045; x_wconf 86' lang='lat' dir='ltr'><strong>Communis</strong></span> <span class='ocrx_word' id='word_1_573' title='bbox 1081 1017 1152 1044; x_wconf 87' lang='lat' dir='ltr'><strong>enim</strong></span> <span class='ocrx_word' id='word_1_574' title='bbox 1179 1017 1235 1044; x_wconf 74' lang='lat' dir='ltr'><strong>htcc</strong></span> <span class='ocrx_word' id='word_1_575' title='bbox 1257 1021 1298 1043; x_wconf 89' lang='lat' dir='ltr'><strong>est</strong></span> <span class='ocrx_word' id='word_1_576' title='bbox 1324 1020 1350 1043; x_wconf 90' lang='lat' dir='ltr'><strong>et</strong></span> <span class='ocrx_word' id='word_1_577' title='bbox 1375 1017 1492 1043; x_wconf 84' lang='lat' dir='ltr'><strong>humana</strong></span> <span class='ocrx_word' id='word_1_578' title='bbox 1517 1015 1597 1042; x_wconf 89' lang='lat' dir='ltr'><strong>ratio.</strong></span> <span class='ocrx_word' id='word_1_579' title='bbox 1618 1015 1687 1048; x_wconf 84' lang='lat' dir='ltr'><strong>Quid</strong></span> 
     </span>
    </p>
   </div>
   <div class='ocr_carea' id='block_1_74' title="bbox 899 1060 1691 1096">
    <p class='ocr_par' dir='ltr' id='par_1_74' title="bbox 899 1060 1691 1096">
     <span class='ocr_line' id='line_1_74' title="bbox 899 1060 1691 1096; baseline -0.005 -8"><span class='ocrx_word' id='word_1_580' title='bbox 899 1062 972 1089; x_wconf 88' lang='lat' dir='ltr'><strong>enim</strong></span> <span class='ocrx_word' id='word_1_581' title='bbox 1000 1061 1114 1088; x_wconf 81' lang='lat' dir='ltr'><strong>rationis</strong></span> <span class='ocrx_word' id='word_1_582' title='bbox 1138 1061 1218 1088; x_wconf 88' lang='lat' dir='ltr'><strong>habet</strong></span> <span class='ocrx_word' id='word_1_583' title='bbox 1245 1061 1278 1088; x_wconf 88' lang='lat' dir='ltr'><strong>de</strong></span> <span class='ocrx_word' id='word_1_584' title='bbox 1304 1061 1345 1088; x_wconf 81' lang='lat' dir='ltr'><strong>his</strong></span> <span class='ocrx_word' id='word_1_585' title='bbox 1359 1061 1403 1096; x_wconf 87' lang='lat' dir='ltr'><strong>qui</strong></span> <span class='ocrx_word' id='word_1_586' title='bbox 1417 1061 1565 1088; x_wconf 85' lang='lat' dir='ltr'><strong>etiamnum</strong></span> <span class='ocrx_word' id='word_1_587' title='bbox 1583 1060 1691 1092; x_wconf 47' lang='lat' dir='ltr'><strong>vivunt,</strong></span> 
     </span>
    </p>
   </div>
   <div class='ocr_carea' id='block_1_75' title="bbox 901 1106 1687 1142">
    <p class='ocr_par' dir='ltr' id='par_1_75' title="bbox 901 1106 1687 1142">
     <span class='ocr_line' id='line_1_75' title="bbox 901 1106 1687 1142; baseline -0.003 -7"><span class='ocrx_word' id='word_1_588' title='bbox 901 1108 1024 1135; x_wconf 85' lang='lat' dir='ltr'><strong>homines</strong></span> <span class='ocrx_word' id='word_1_589' title='bbox 1051 1109 1076 1135; x_wconf 90' lang='lat' dir='ltr'><strong>in</strong></span> <span class='ocrx_word' id='word_1_590' title='bbox 1105 1113 1176 1135; x_wconf 91' lang='lat' dir='ltr'><strong>terra</strong></span> <span class='ocrx_word' id='word_1_591' title='bbox 1201 1107 1334 1142; x_wconf 82' lang='lat' dir='ltr'><strong>jacentes,</strong></span> <span class='ocrx_word' id='word_1_592' title='bbox 1355 1107 1397 1134; x_wconf 87' lang='lat' dir='ltr'><strong>vel</strong></span> <span class='ocrx_word' id='word_1_593' title='bbox 1415 1107 1521 1134; x_wconf 85' lang='lat' dir='ltr'><strong>animas</strong></span> <span class='ocrx_word' id='word_1_594' title='bbox 1544 1114 1604 1142; x_wconf 61' lang='lat' dir='ltr'><strong>quas</strong></span> <span class='ocrx_word' id='word_1_595' title='bbox 1618 1106 1687 1133; x_wconf 84' lang='lat' dir='ltr'><strong>forte</strong></span> 
     </span>
    </p>
   </div>
   <div class='ocr_carea' id='block_1_76' title="bbox 900 1151 1686 1188">
    <p class='ocr_par' dir='ltr' id='par_1_76' title="bbox 900 1151 1686 1188">
     <span class='ocr_line' id='line_1_76' title="bbox 900 1151 1686 1188; baseline -0.005 -8"><span class='ocrx_word' id='word_1_596' title='bbox 900 1159 964 1181; x_wconf 89' lang='lat' dir='ltr'><strong>sunt</strong></span> <span class='ocrx_word' id='word_1_597' title='bbox 977 1154 1047 1188; x_wconf 90' lang='lat' dir='ltr'><strong>apud</strong></span> <span class='ocrx_word' id='word_1_598' title='bbox 1066 1154 1168 1181; x_wconf 80' lang='lat' dir='ltr'><strong>inferos</strong></span> <span class='ocrx_word' id='word_1_599' title='bbox 1190 1153 1344 1180; x_wconf 77' lang='lat' dir='ltr'><strong>sciscitari?</strong></span> <span class='ocrx_word' id='word_1_600' title='bbox 1359 1153 1429 1186; x_wconf 87' lang='lat' dir='ltr'><strong>Quin</strong></span> <span class='ocrx_word' id='word_1_601' title='bbox 1445 1152 1498 1180; x_wconf 87' lang='lat' dir='ltr'><strong>alio</strong></span> <span class='ocrx_word' id='word_1_602' title='bbox 1512 1152 1592 1180; x_wconf 89' lang='lat' dir='ltr'><strong>etiam</strong></span> <span class='ocrx_word' id='word_1_603' title='bbox 1608 1151 1686 1179; x_wconf 78' lang='lat' dir='ltr'><strong>modo</strong></span> 
     </span>
    </p>
   </div>
   <div class='ocr_carea' id='block_1_77' title="bbox 901 1197 1686 1234">
    <p class='ocr_par' dir='ltr' id='par_1_77' title="bbox 901 1197 1686 1234">
     <span class='ocr_line' id='line_1_77' title="bbox 901 1197 1686 1234; baseline -0.005 -7"><span class='ocrx_word' id='word_1_604' title='bbox 901 1200 1031 1227; x_wconf 81' lang='lat' dir='ltr'><strong>insulsum</strong></span> <span class='ocrx_word' id='word_1_605' title='bbox 1059 1204 1087 1227; x_wconf 91' lang='lat' dir='ltr'><strong>et</strong></span> <span class='ocrx_word' id='word_1_606' title='bbox 1114 1199 1234 1234; x_wconf 88' lang='lat' dir='ltr'><strong>ineptum</strong></span> <span class='ocrx_word' id='word_1_607' title='bbox 1259 1205 1301 1227; x_wconf 83' lang='lat' dir='ltr'><strong>est</strong></span> <span class='ocrx_word' id='word_1_608' title='bbox 1327 1198 1531 1231; x_wconf 86' lang='lat' dir='ltr'><strong>necromantiis,</strong></span> <span class='ocrx_word' id='word_1_609' title='bbox 1558 1197 1686 1232; x_wconf 65' lang='lat' dir='ltr'><strong>falsiSquite</strong></span> 
     </span>
    </p>
   </div>
   <div class='ocr_carea' id='block_1_78' title="bbox 901 1245 1687 1281">
    <p class='ocr_par' dir='ltr' id='par_1_78' title="bbox 901 1245 1687 1281">
     <span class='ocr_line' id='line_1_78' title="bbox 901 1245 1687 1281; baseline -0.005 -7"><span class='ocrx_word' id='word_1_610' title='bbox 901 1246 1128 1281; x_wconf 61' lang='lat' dir='ltr'><strong>praestigiatorum</strong></span> <span class='ocrx_word' id='word_1_611' title='bbox 1159 1246 1267 1279; x_wconf 85' lang='lat' dir='ltr'><strong>verbis,</strong></span> <span class='ocrx_word' id='word_1_612' title='bbox 1297 1245 1342 1280; x_wconf 90' lang='lat' dir='ltr'><strong>qui</strong></span> <span class='ocrx_word' id='word_1_613' title='bbox 1367 1250 1485 1272; x_wconf 84' lang='lat' dir='ltr'><strong>mentem</strong></span> <span class='ocrx_word' id='word_1_614' title='bbox 1510 1249 1643 1272; x_wconf 88' lang='lat' dir='ltr'><strong>mortuam</strong></span> <span class='ocrx_word' id='word_1_615' title='bbox 1661 1249 1687 1271; x_wconf 88' lang='lat' dir='ltr'><strong>et</strong></span> 
     </span>
    </p>
   </div>
   <div class='ocr_carea' id='block_1_79' title="bbox 901 1290 1687 1327">
    <p class='ocr_par' dir='ltr' id='par_1_79' title="bbox 901 1290 1687 1327">
     <span class='ocr_line' id='line_1_79' title="bbox 901 1290 1687 1327; baseline -0.003 -8"><span class='ocrx_word' id='word_1_616' title='bbox 901 1293 1018 1319; x_wconf 88' lang='lat' dir='ltr'><strong>animum</strong></span> <span class='ocrx_word' id='word_1_617' title='bbox 1033 1292 1109 1327; x_wconf 85' lang='lat' dir='ltr'><strong>quasi</strong></span> <span class='ocrx_word' id='word_1_618' title='bbox 1124 1292 1285 1320; x_wconf 77' lang='lat' dir='ltr'><strong>exstinctum</strong></span> <span class='ocrx_word' id='word_1_619' title='bbox 1302 1292 1411 1324; x_wconf 82' lang='lat' dir='ltr'><strong>habent,</strong></span> <span class='ocrx_word' id='word_1_620' title='bbox 1422 1291 1570 1318; x_wconf 84' lang='lat' dir='ltr'><strong>attendere.</strong></span> <span class='ocrx_word' id='word_1_621' title='bbox 1583 1290 1687 1318; x_wconf 87' lang='lat' dir='ltr'><strong>Etenim</strong></span> 
     </span>
    </p>
   </div>
   <div class='ocr_carea' id='block_1_80' title="bbox 901 1336 1688 1372">
    <p class='ocr_par' dir='ltr' id='par_1_80' title="bbox 901 1336 1688 1372">
     <span class='ocr_line' id='line_1_80' title="bbox 901 1336 1688 1372; baseline -0.004 -7"><span class='ocrx_word' id='word_1_622' title='bbox 901 1337 1088 1365; x_wconf 79' lang='lat' dir='ltr'><strong>universitatis</strong></span> <span class='ocrx_word' id='word_1_623' title='bbox 1109 1337 1233 1372; x_wconf 80' lang='lat' dir='ltr'><strong>opiﬁcem</strong></span> <span class='ocrx_word' id='word_1_624' title='bbox 1260 1337 1394 1372; x_wconf 78' lang='lat' dir='ltr'><strong>ignorant,</strong></span> <span class='ocrx_word' id='word_1_625' title='bbox 1419 1344 1468 1363; x_wconf 88' lang='lat' dir='ltr'><strong>nec</strong></span> <span class='ocrx_word' id='word_1_626' title='bbox 1486 1336 1587 1363; x_wconf 85' lang='lat' dir='ltr'><strong>habent</strong></span> <span class='ocrx_word' id='word_1_627' title='bbox 1604 1336 1630 1362; x_wconf 93' lang='lat' dir='ltr'><strong>in</strong></span> <span class='ocrx_word' id='word_1_628' title='bbox 1644 1342 1688 1363; x_wconf 85' lang='lat' dir='ltr'><strong>se-</strong></span> 
     </span>
    </p>
   </div>
   <div class='ocr_carea' id='block_1_81' title="bbox 900 1382 1687 1418">
    <p class='ocr_par' dir='ltr' id='par_1_81' title="bbox 900 1382 1687 1418">
     <span class='ocr_line' id='line_1_81' title="bbox 900 1382 1687 1418; baseline -0.003 -8"><span class='ocrx_word' id='word_1_629' title='bbox 900 1383 966 1418; x_wconf 88' lang='lat' dir='ltr'><strong>ipsis</strong></span> <span class='ocrx_word' id='word_1_630' title='bbox 980 1383 1114 1410; x_wconf 88' lang='lat' dir='ltr'><strong>viventem</strong></span> <span class='ocrx_word' id='word_1_631' title='bbox 1132 1383 1176 1410; x_wconf 89' lang='lat' dir='ltr'><strong>Dei</strong></span> <span class='ocrx_word' id='word_1_632' title='bbox 1189 1390 1342 1410; x_wconf 83' lang='lat' dir='ltr'><strong>sermonem</strong></span> <span class='ocrx_word' id='word_1_633' title='bbox 1355 1390 1362 1409; x_wconf 86' lang='lat'><strong>:</strong></span> <span class='ocrx_word' id='word_1_634' title='bbox 1376 1382 1408 1409; x_wconf 90' lang='lat' dir='ltr'><strong>ad</strong></span> <span class='ocrx_word' id='word_1_635' title='bbox 1423 1382 1479 1409; x_wconf 62' lang='lat' dir='ltr'><strong>litae</strong></span> <span class='ocrx_word' id='word_1_636' title='bbox 1489 1386 1594 1409; x_wconf 91' lang='lat' dir='ltr'><strong>mortua</strong></span> <span class='ocrx_word' id='word_1_637' title='bbox 1606 1388 1687 1416; x_wconf 81' lang='lat' dir='ltr'><strong>opera</strong></span> 
     </span>
    </p>
   </div>
   <div class='ocr_carea' id='block_1_82' title="bbox 900 1428 1688 1463">
    <p class='ocr_par' dir='ltr' id='par_1_82' title="bbox 900 1428 1688 1463">
     <span class='ocr_line' id='line_1_82' title="bbox 900 1428 1688 1463; baseline -0.003 -7"><span class='ocrx_word' id='word_1_638' title='bbox 900 1434 1039 1457; x_wconf 81' lang='lat' dir='ltr'><strong>exercent.</strong></span> <span class='ocrx_word' id='word_1_639' title='bbox 1068 1428 1126 1462; x_wconf 88' lang='lat' dir='ltr'><strong>Quo</strong></span> <span class='ocrx_word' id='word_1_640' title='bbox 1141 1429 1219 1455; x_wconf 88' lang='lat' dir='ltr'><strong>tnodo</strong></span> <span class='ocrx_word' id='word_1_641' title='bbox 1234 1428 1316 1463; x_wconf 76' lang='lat' dir='ltr'><strong>igitur</strong></span> <span class='ocrx_word' id='word_1_642' title='bbox 1331 1428 1377 1462; x_wconf 89' lang='lat' dir='ltr'><strong>qui</strong></span> <span class='ocrx_word' id='word_1_643' title='bbox 1394 1428 1497 1459; x_wconf 72' lang='lat' dir='ltr'><strong>vivunt,</strong></span> <span class='ocrx_word' id='word_1_644' title='bbox 1513 1428 1563 1455; x_wconf 85' lang='lat' dir='ltr'><strong>hoc</strong></span> <span class='ocrx_word' id='word_1_645' title='bbox 1577 1431 1627 1459; x_wconf 90' lang='lat' dir='ltr'><strong>est,</strong></span> <span class='ocrx_word' id='word_1_646' title='bbox 1643 1429 1688 1461; x_wconf 85' lang='lat' dir='ltr'><strong>qui</strong></span> 
     </span>
    </p>
   </div>
   <div class='ocr_carea' id='block_1_83' title="bbox 901 1473 1688 1510">
    <p class='ocr_par' dir='ltr' id='par_1_83' title="bbox 901 1473 1688 1510">
     <span class='ocr_line' id='line_1_83' title="bbox 901 1473 1688 1510; baseline -0.005 -7"><span class='ocrx_word' id='word_1_647' title='bbox 901 1483 1049 1510; x_wconf 87' lang='lat' dir='ltr'><strong>supernam</strong></span> <span class='ocrx_word' id='word_1_648' title='bbox 1077 1476 1103 1502; x_wconf 94' lang='lat' dir='ltr'><strong>in</strong></span> <span class='ocrx_word' id='word_1_649' title='bbox 1131 1482 1161 1502; x_wconf 91' lang='lat' dir='ltr'><strong>se</strong></span> <span class='ocrx_word' id='word_1_650' title='bbox 1179 1475 1278 1502; x_wconf 88' lang='lat' dir='ltr'><strong>habent</strong></span> <span class='ocrx_word' id='word_1_651' title='bbox 1297 1475 1515 1506; x_wconf 84' lang='lat' dir='ltr'><strong>viviﬁcationem,</strong></span> <span class='ocrx_word' id='word_1_652' title='bbox 1530 1479 1557 1502; x_wconf 90' lang='lat' dir='ltr'><strong>et</strong></span> <span class='ocrx_word' id='word_1_653' title='bbox 1572 1474 1631 1501; x_wconf 86' lang='lat' dir='ltr'><strong>vivo</strong></span> <span class='ocrx_word' id='word_1_654' title='bbox 1643 1473 1688 1501; x_wconf 88' lang='lat' dir='ltr'><strong>Dei</strong></span> 
     </span>
    </p>
   </div>
   <div class='ocr_carea' id='block_1_84' title="bbox 900 1518 1689 1555">
    <p class='ocr_par' dir='ltr' id='par_1_84' title="bbox 900 1518 1689 1555">
     <span class='ocr_line' id='line_1_84' title="bbox 900 1518 1689 1555; baseline -0.004 -6"><span class='ocrx_word' id='word_1_655' title='bbox 900 1521 988 1549; x_wconf 80' lang='lat' dir='ltr'><strong>Verbo</strong></span> <span class='ocrx_word' id='word_1_656' title='bbox 1002 1521 1079 1548; x_wconf 85' lang='lat' dir='ltr'><strong>dilati</strong></span> <span class='ocrx_word' id='word_1_657' title='bbox 1097 1526 1170 1554; x_wconf 83' lang='lat' dir='ltr'><strong>sunt,</strong></span> <span class='ocrx_word' id='word_1_658' title='bbox 1187 1521 1219 1547; x_wconf 88' lang='lat' dir='ltr'><strong>de</strong></span> <span class='ocrx_word' id='word_1_659' title='bbox 1231 1520 1297 1555; x_wconf 89' lang='lat' dir='ltr'><strong>ipsis</strong></span> <span class='ocrx_word' id='word_1_660' title='bbox 1310 1525 1433 1547; x_wconf 87' lang='lat' dir='ltr'><strong>mortuos</strong></span> <span class='ocrx_word' id='word_1_661' title='bbox 1447 1519 1612 1546; x_wconf 75' lang='lat' dir='ltr'><strong>consulunt?</strong></span> <span class='ocrx_word' id='word_1_662' title='bbox 1624 1518 1689 1546; x_wconf 70' lang='lat' dir='ltr'><strong>Haec</strong></span> 
     </span>
    </p>
   </div>
   <div class='ocr_carea' id='block_1_85' title="bbox 900 1565 1688 1603">
    <p class='ocr_par' dir='ltr' id='par_1_85' title="bbox 900 1565 1688 1603">
     <span class='ocr_line' id='line_1_85' title="bbox 900 1565 1688 1603; baseline -0.003 -8"><span class='ocrx_word' id='word_1_663' title='bbox 900 1576 976 1603; x_wconf 70' lang='lat' dir='ltr'><strong>ergo,</strong></span> <span class='ocrx_word' id='word_1_664' title='bbox 1005 1567 1104 1602; x_wconf 86' lang='lat' dir='ltr'><strong>inquit,</strong></span> <span class='ocrx_word' id='word_1_665' title='bbox 1132 1567 1224 1599; x_wconf 87' lang='lat' dir='ltr'><strong>dicite,</strong></span> <span class='ocrx_word' id='word_1_666' title='bbox 1247 1566 1401 1594; x_wconf 86' lang='lat' dir='ltr'><strong>addentes:</strong></span> <span class='ocrx_word' id='word_1_667' title='bbox 1431 1565 1530 1601; x_wconf 79' lang='lat' dir='ltr'><strong>Legem</strong></span> <span class='ocrx_word' id='word_1_668' title='bbox 1558 1566 1584 1593; x_wconf 91' lang='lat' dir='ltr'><strong>in</strong></span> <span class='ocrx_word' id='word_1_669' title='bbox 1611 1566 1688 1601; x_wconf 84' lang='lat' dir='ltr'><strong>adju-</strong></span> 
     </span>
    </p>
   </div>
   <div class='ocr_carea' id='block_1_86' title="bbox 902 1610 1689 1646">
    <p class='ocr_par' dir='ltr' id='par_1_86' title="bbox 902 1610 1689 1646">
     <span class='ocr_line' id='line_1_86' title="bbox 902 1610 1689 1646; baseline -0.003 -6"><span class='ocrx_word' id='word_1_670' title='bbox 902 1618 1024 1641; x_wconf 90' lang='lat' dir='ltr'><strong>mentum</strong></span> <span class='ocrx_word' id='word_1_671' title='bbox 1041 1613 1129 1645; x_wconf 83' lang='lat' dir='ltr'><strong>dedit,</strong></span> <span class='ocrx_word' id='word_1_672' title='bbox 1155 1612 1181 1639; x_wconf 90' lang='lat' dir='ltr'><strong>id</strong></span> <span class='ocrx_word' id='word_1_673' title='bbox 1203 1617 1254 1644; x_wconf 77' lang='lat' dir='ltr'><strong>eSI,</strong></span> <span class='ocrx_word' id='word_1_674' title='bbox 1281 1611 1475 1646; x_wconf 76' lang='lat' dir='ltr'><strong>evangelicam,</strong></span> <span class='ocrx_word' id='word_1_675' title='bbox 1499 1610 1587 1645; x_wconf 87' lang='lat' dir='ltr'><strong>utqui</strong></span> <span class='ocrx_word' id='word_1_676' title='bbox 1607 1611 1631 1638; x_wconf 85' lang='lat' dir='ltr'><strong>ei</strong></span> <span class='ocrx_word' id='word_1_677' title='bbox 1647 1615 1689 1638; x_wconf 89' lang='lat' dir='ltr'><strong>at-</strong></span> 
     </span>
    </p>
   </div>
   <div class='ocr_carea' id='block_1_87' title="bbox 902 1656 1689 1691">
    <p class='ocr_par' dir='ltr' id='par_1_87' title="bbox 902 1656 1689 1691">
     <span class='ocr_line' id='line_1_87' title="bbox 902 1656 1689 1691; baseline -0.004 -5"><span class='ocrx_word' id='word_1_678' title='bbox 902 1660 1023 1690; x_wconf 73' lang='lat' dir='ltr'><strong>tendunt,</strong></span> <span class='ocrx_word' id='word_1_679' title='bbox 1037 1659 1126 1685; x_wconf 88' lang='lat' dir='ltr'><strong>dicant</strong></span> <span class='ocrx_word' id='word_1_680' title='bbox 1142 1657 1218 1685; x_wconf 85' lang='lat' dir='ltr'><strong>:Nun</strong></span> <span class='ocrx_word' id='word_1_681' title='bbox 1233 1658 1303 1684; x_wconf 90' lang='lat' dir='ltr'><strong>sicut</strong></span> <span class='ocrx_word' id='word_1_682' title='bbox 1317 1657 1428 1684; x_wconf 85' lang='lat' dir='ltr'><strong>verbum</strong></span> <span class='ocrx_word' id='word_1_683' title='bbox 1440 1656 1512 1684; x_wconf 84' lang='lat' dir='ltr'><strong>istud</strong></span> <span class='ocrx_word' id='word_1_684' title='bbox 1527 1657 1559 1683; x_wconf 85' lang='lat' dir='ltr'><strong>de</strong></span> <span class='ocrx_word' id='word_1_685' title='bbox 1571 1664 1623 1691; x_wconf 89' lang='lat' dir='ltr'><strong>quo</strong></span> <span class='ocrx_word' id='word_1_686' title='bbox 1636 1663 1689 1683; x_wconf 88' lang='lat' dir='ltr'><strong>non</strong></span> 
     </span>
    </p>
   </div>
   <div class='ocr_carea' id='block_1_88' title="bbox 901 1702 1689 1739">
    <p class='ocr_par' dir='ltr' id='par_1_88' title="bbox 901 1702 1689 1739">
     <span class='ocr_line' id='line_1_88' title="bbox 901 1702 1689 1739; baseline -0.006 -7"><span class='ocrx_word' id='word_1_687' title='bbox 901 1706 962 1732; x_wconf 87' lang='lat' dir='ltr'><strong>licet</strong></span> <span class='ocrx_word' id='word_1_688' title='bbox 975 1705 1042 1732; x_wconf 84' lang='lat' dir='ltr'><strong>dona</strong></span> <span class='ocrx_word' id='word_1_689' title='bbox 1055 1707 1120 1730; x_wconf 85' lang='lat' dir='ltr'><strong>dare</strong></span> <span class='ocrx_word' id='word_1_690' title='bbox 1135 1712 1183 1739; x_wconf 81' lang='lat' dir='ltr'><strong>pro</strong></span> <span class='ocrx_word' id='word_1_691' title='bbox 1198 1704 1265 1738; x_wconf 87' lang='lat' dir='ltr'><strong>ipso.</strong></span> <span class='ocrx_word' id='word_1_692' title='bbox 1281 1702 1332 1736; x_wconf 87' lang='lat' dir='ltr'><strong>Qui</strong></span> <span class='ocrx_word' id='word_1_693' title='bbox 1344 1710 1460 1737; x_wconf 90' lang='lat' dir='ltr'><strong>namque</strong></span> <span class='ocrx_word' id='word_1_694' title='bbox 1469 1709 1500 1730; x_wconf 82' lang='lat' dir='ltr'><strong>ex</strong></span> <span class='ocrx_word' id='word_1_695' title='bbox 1511 1709 1559 1729; x_wconf 89' lang='lat' dir='ltr'><strong>suo</strong></span> <span class='ocrx_word' id='word_1_696' title='bbox 1571 1702 1689 1736; x_wconf 84' lang='lat' dir='ltr'><strong>ipsorum</strong></span> 
     </span>
    </p>
   </div>
   <div class='ocr_carea' id='block_1_89' title="bbox 901 1747 1691 1785">
    <p class='ocr_par' dir='ltr' id='par_1_89' title="bbox 901 1747 1691 1785">
     <span class='ocr_line' id='line_1_89' title="bbox 901 1747 1691 1785; baseline -0.005 -7"><span class='ocrx_word' id='word_1_697' title='bbox 901 1752 981 1778; x_wconf 86' lang='lat' dir='ltr'><strong>corde</strong></span> <span class='ocrx_word' id='word_1_698' title='bbox 993 1750 1050 1777; x_wconf 85' lang='lat' dir='ltr'><strong>solo</strong></span> <span class='ocrx_word' id='word_1_699' title='bbox 1066 1751 1221 1785; x_wconf 82' lang='lat' dir='ltr'><strong>loquuntur,</strong></span> <span class='ocrx_word' id='word_1_700' title='bbox 1235 1750 1353 1776; x_wconf 86' lang='lat' dir='ltr'><strong>vendunt</strong></span> <span class='ocrx_word' id='word_1_701' title='bbox 1368 1749 1555 1776; x_wconf 79' lang='lat' dir='ltr'><strong>mendacium:</strong></span> <span class='ocrx_word' id='word_1_702' title='bbox 1576 1752 1604 1774; x_wconf 89' lang='lat' dir='ltr'><strong>at</strong></span> <span class='ocrx_word' id='word_1_703' title='bbox 1618 1747 1691 1775; x_wconf 86' lang='lat' dir='ltr'><strong>salu-</strong></span> 
     </span>
    </p>
   </div>
   <div class='ocr_carea' id='block_1_90' title="bbox 902 1793 1692 1829">
    <p class='ocr_par' dir='ltr' id='par_1_90' title="bbox 902 1793 1692 1829">
     <span class='ocr_line' id='line_1_90' title="bbox 902 1793 1692 1829; baseline -0.006 -5"><span class='ocrx_word' id='word_1_704' title='bbox 902 1797 967 1824; x_wconf 85' lang='lat' dir='ltr'><strong>taris</strong></span> <span class='ocrx_word' id='word_1_705' title='bbox 998 1801 1024 1824; x_wconf 77' lang='lat' dir='ltr'><strong>et</strong></span> <span class='ocrx_word' id='word_1_706' title='bbox 1047 1804 1110 1823; x_wconf 81' lang='lat' dir='ltr'><strong>vera</strong></span> <span class='ocrx_word' id='word_1_707' title='bbox 1124 1800 1164 1823; x_wconf 74' lang='lat' dir='ltr'><strong>est</strong></span> <span class='ocrx_word' id='word_1_708' title='bbox 1180 1796 1225 1823; x_wconf 87' lang='lat' dir='ltr'><strong>Dei</strong></span> <span class='ocrx_word' id='word_1_709' title='bbox 1240 1796 1292 1829; x_wconf 78' lang='lat' dir='ltr'><strong>lex,</strong></span> <span class='ocrx_word' id='word_1_710' title='bbox 1306 1796 1331 1822; x_wconf 92' lang='lat' dir='ltr'><strong>id</strong></span> <span class='ocrx_word' id='word_1_711' title='bbox 1344 1799 1397 1826; x_wconf 89' lang='lat' dir='ltr'><strong>est,</strong></span> <span class='ocrx_word' id='word_1_712' title='bbox 1408 1795 1546 1822; x_wconf 86' lang='lat' dir='ltr'><strong>oraculum</strong></span> <span class='ocrx_word' id='word_1_713' title='bbox 1556 1793 1692 1828; x_wconf 75' lang='lat' dir='ltr'><strong>evangeli-</strong></span> 
     </span>
    </p>
   </div>
   <div class='ocr_carea' id='block_1_91' title="bbox 901 1839 1689 1878">
    <p class='ocr_par' dir='ltr' id='par_1_91' title="bbox 901 1839 1689 1878">
     <span class='ocr_line' id='line_1_91' title="bbox 901 1839 1689 1878; baseline -0.005 -9"><span class='ocrx_word' id='word_1_714' title='bbox 901 1851 974 1874; x_wconf 73' lang='lat' dir='ltr'><strong>cum,</strong></span> <span class='ocrx_word' id='word_1_715' title='bbox 987 1842 1064 1878; x_wconf 65' lang='lat'><strong>147</strong></span> <span class='ocrx_word' id='word_1_716' title='bbox 1077 1843 1147 1876; x_wconf 89' lang='lat' dir='ltr'><strong>quod</strong></span> <span class='ocrx_word' id='word_1_717' title='bbox 1156 1842 1180 1868; x_wconf 89' lang='lat' dir='ltr'><strong>in</strong></span> <span class='ocrx_word' id='word_1_718' title='bbox 1190 1841 1370 1876; x_wconf 86' lang='lat' dir='ltr'><strong>adjutnentum</strong></span> <span class='ocrx_word' id='word_1_719' title='bbox 1381 1840 1532 1868; x_wconf 83' lang='lat' dir='ltr'><strong>mortalium</strong></span> <span class='ocrx_word' id='word_1_720' title='bbox 1541 1839 1689 1872; x_wconf 77' lang='lat' dir='ltr'><strong>confertur,</strong></span> 
     </span>
    </p>
   </div>
   <div class='ocr_carea' id='block_1_92' title="bbox 903 1886 1688 1919">
    <p class='ocr_par' dir='ltr' id='par_1_92' title="bbox 903 1886 1688 1919">
     <span class='ocr_line' id='line_1_92' title="bbox 903 1886 1688 1919; baseline -0.008 -2"><span class='ocrx_word' id='word_1_721' title='bbox 903 1899 955 1917; x_wconf 85' lang='lat' dir='ltr'><strong>non</strong></span> <span class='ocrx_word' id='word_1_722' title='bbox 984 1894 1024 1917; x_wconf 72' lang='lat' dir='ltr'><strong>est</strong></span> <span class='ocrx_word' id='word_1_723' title='bbox 1046 1889 1089 1916; x_wconf 89' lang='lat' dir='ltr'><strong>isti</strong></span> <span class='ocrx_word' id='word_1_724' title='bbox 1108 1888 1191 1915; x_wconf 86' lang='lat' dir='ltr'><strong>verbo</strong></span> <span class='ocrx_word' id='word_1_725' title='bbox 1207 1887 1306 1919; x_wconf 85' lang='lat' dir='ltr'><strong>simile,</strong></span> <span class='ocrx_word' id='word_1_726' title='bbox 1324 1887 1427 1914; x_wconf 83' lang='lat' dir='ltr'><strong>scilicet</strong></span> <span class='ocrx_word' id='word_1_727' title='bbox 1440 1886 1569 1913; x_wconf 76' lang='lat' dir='ltr'><strong>falsorum</strong></span> <span class='ocrx_word' id='word_1_728' title='bbox 1589 1889 1688 1912; x_wconf 84' lang='lat' dir='ltr'><strong>vatum.</strong></span> 
     </span>
    </p>
   </div>
   <div class='ocr_carea' id='block_1_93' title="bbox 903 1931 1692 1969">
    <p class='ocr_par' dir='ltr' id='par_1_93' title="bbox 903 1931 1692 1969">
     <span class='ocr_line' id='line_1_93' title="bbox 903 1931 1692 1969; baseline -0.009 -6"><span class='ocrx_word' id='word_1_729' title='bbox 903 1936 956 1963; x_wconf 83' lang='lat' dir='ltr'><strong>Sed</strong></span> <span class='ocrx_word' id='word_1_730' title='bbox 980 1942 1066 1969; x_wconf 86' lang='lat' dir='ltr'><strong>neque</strong></span> <span class='ocrx_word' id='word_1_731' title='bbox 1094 1934 1157 1961; x_wconf 85' lang='lat' dir='ltr'><strong>licet</strong></span> <span class='ocrx_word' id='word_1_732' title='bbox 1181 1934 1251 1961; x_wconf 86' lang='lat' dir='ltr'><strong>dona</strong></span> <span class='ocrx_word' id='word_1_733' title='bbox 1278 1933 1344 1960; x_wconf 89' lang='lat' dir='ltr'><strong>dare</strong></span> <span class='ocrx_word' id='word_1_734' title='bbox 1360 1940 1409 1967; x_wconf 89' lang='lat' dir='ltr'><strong>pro</strong></span> <span class='ocrx_word' id='word_1_735' title='bbox 1426 1931 1481 1959; x_wconf 89' lang='lat' dir='ltr'><strong>illo.</strong></span> <span class='ocrx_word' id='word_1_736' title='bbox 1498 1931 1648 1965; x_wconf 88' lang='lat' dir='ltr'><strong>Siquidem,</strong></span> <span class='ocrx_word' id='word_1_737' title='bbox 1661 1935 1692 1957; x_wconf 89' lang='lat' dir='ltr'><strong>ut</strong></span> 
     </span>
    </p>
   </div>
   <div class='ocr_carea' id='block_1_94' title="bbox 902 1976 1689 2017">
    <p class='ocr_par' dir='ltr' id='par_1_94' title="bbox 902 1976 1689 2017">
     <span class='ocr_line' id='line_1_94' title="bbox 902 1976 1689 2017; baseline -0.009 -8"><span class='ocrx_word' id='word_1_738' title='bbox 902 1982 956 2017; x_wconf 84' lang='lat' dir='ltr'><strong>jam</strong></span> <span class='ocrx_word' id='word_1_739' title='bbox 973 1982 1039 2014; x_wconf 68' lang='lat' dir='ltr'><strong>diri,</strong></span> <span class='ocrx_word' id='word_1_740' title='bbox 1067 1980 1178 2015; x_wconf 89' lang='lat' dir='ltr'><strong>quidam</strong></span> <span class='ocrx_word' id='word_1_741' title='bbox 1194 1984 1307 2015; x_wconf 75' lang='lat' dir='ltr'><strong>argento</strong></span> <span class='ocrx_word' id='word_1_742' title='bbox 1324 1979 1523 2006; x_wconf 86' lang='lat' dir='ltr'><strong>incantatorum</strong></span> <span class='ocrx_word' id='word_1_743' title='bbox 1540 1985 1607 2003; x_wconf 84' lang='lat' dir='ltr'><strong>vana</strong></span> <span class='ocrx_word' id='word_1_744' title='bbox 1623 1976 1689 2002; x_wconf 86' lang='lat' dir='ltr'><strong>vati-</strong></span> 
     </span>
    </p>
   </div>
   <div class='ocr_carea' id='block_1_95' title="bbox 904 2022 1693 2055">
    <p class='ocr_par' dir='ltr' id='par_1_95' title="bbox 904 2022 1693 2055">
     <span class='ocr_line' id='line_1_95' title="bbox 904 2022 1693 2055; baseline -0.009 -1"><span class='ocrx_word' id='word_1_745' title='bbox 904 2027 974 2055; x_wconf 85' lang='lat' dir='ltr'><strong>cinia</strong></span> <span class='ocrx_word' id='word_1_746' title='bbox 990 2031 1092 2054; x_wconf 87' lang='lat' dir='ltr'><strong>emunt.</strong></span> <span class='ocrx_word' id='word_1_747' title='bbox 1118 2025 1232 2052; x_wconf 52' lang='lat' dir='ltr'><strong>Praestat</strong></span> <span class='ocrx_word' id='word_1_748' title='bbox 1250 2029 1338 2052; x_wconf 84' lang='lat' dir='ltr'><strong>autem</strong></span> <span class='ocrx_word' id='word_1_749' title='bbox 1360 2023 1509 2051; x_wconf 80' lang='lat' dir='ltr'><strong>volentibus</strong></span> <span class='ocrx_word' id='word_1_750' title='bbox 1522 2022 1630 2049; x_wconf 74' lang='lat' dir='ltr'><strong>cmleste</strong></span> <span class='ocrx_word' id='word_1_751' title='bbox 1648 2028 1693 2047; x_wconf 80' lang='lat' dir='ltr'><strong>va-</strong></span> 
     </span>
    </p>
   </div>
   <div class='ocr_carea' id='block_1_96' title="bbox 906 2067 1689 2106">
    <p class='ocr_par' dir='ltr' id='par_1_96' title="bbox 906 2067 1689 2106">
     <span class='ocr_line' id='line_1_96' title="bbox 906 2067 1689 2106; baseline -0.009 -7"><span class='ocrx_word' id='word_1_752' title='bbox 906 2073 1038 2104; x_wconf 88' lang='lat' dir='ltr'><strong>ticinium,</strong></span> <span class='ocrx_word' id='word_1_753' title='bbox 1064 2079 1111 2106; x_wconf 79' lang='lat' dir='ltr'><strong>per</strong></span> <span class='ocrx_word' id='word_1_754' title='bbox 1132 2071 1203 2105; x_wconf 89' lang='lat' dir='ltr'><strong>quod</strong></span> <span class='ocrx_word' id='word_1_755' title='bbox 1221 2069 1254 2096; x_wconf 88' lang='lat' dir='ltr'><strong>ad</strong></span> <span class='ocrx_word' id='word_1_756' title='bbox 1273 2069 1361 2096; x_wconf 88' lang='lat' dir='ltr'><strong>omnia</strong></span> <span class='ocrx_word' id='word_1_757' title='bbox 1375 2069 1445 2096; x_wconf 90' lang='lat' dir='ltr'><strong>bona</strong></span> <span class='ocrx_word' id='word_1_758' title='bbox 1461 2067 1566 2094; x_wconf 89' lang='lat' dir='ltr'><strong>deducti</strong></span> <span class='ocrx_word' id='word_1_759' title='bbox 1584 2074 1689 2098; x_wconf 82' lang='lat' dir='ltr'><strong>sumus,</strong></span> 
     </span>
    </p>
   </div>
   <div class='ocr_carea' id='block_1_97' title="bbox 905 2108 1691 2153">
    <p class='ocr_par' dir='ltr' id='par_1_97' title="bbox 905 2108 1691 2153">
     <span class='ocr_line' id='line_1_97' title="bbox 905 2108 1691 2153; baseline -0.008 -9"><span class='ocrx_word' id='word_1_760' title='bbox 905 2119 968 2153; x_wconf 90' lang='lat' dir='ltr'><strong>quin</strong></span> <span class='ocrx_word' id='word_1_761' title='bbox 989 2118 1068 2144; x_wconf 83' lang='lat' dir='ltr'><strong>etiam</strong></span> <span class='ocrx_word' id='word_1_762' title='bbox 1088 2123 1148 2151; x_wconf 79' lang='lat' dir='ltr'><strong>quze</strong></span> <span class='ocrx_word' id='word_1_763' title='bbox 1163 2116 1249 2142; x_wconf 83' lang='lat' dir='ltr'><strong>httura</strong></span> <span class='ocrx_word' id='word_1_764' title='bbox 1265 2119 1339 2145; x_wconf 86' lang='lat' dir='ltr'><strong>sunt,</strong></span> <span class='ocrx_word' id='word_1_765' title='bbox 1357 2119 1383 2141; x_wconf 88' lang='lat' dir='ltr'><strong>et</strong></span> <span class='ocrx_word' id='word_1_766' title='bbox 1398 2108 1453 2141; x_wconf 80' lang='lat' dir='ltr'><strong>liei-i</strong></span> <span class='ocrx_word' id='word_1_767' title='bbox 1471 2113 1579 2144; x_wconf 87' lang='lat' dir='ltr'><strong>debent,</strong></span> <span class='ocrx_word' id='word_1_768' title='bbox 1595 2112 1691 2139; x_wconf 86' lang='lat' dir='ltr'><strong>didici-</strong></span> 
     </span>
    </p>
   </div>
   <div class='ocr_carea' id='block_1_98' title="bbox 906 2158 1690 2192">
    <p class='ocr_par' dir='ltr' id='par_1_98' title="bbox 906 2158 1690 2192">
     <span class='ocr_line' id='line_1_98' title="bbox 906 2158 1690 2192; baseline -0.008 -2"><span class='ocrx_word' id='word_1_769' title='bbox 906 2170 976 2190; x_wconf 89' lang='lat' dir='ltr'><strong>mus.</strong></span> <span class='ocrx_word' id='word_1_770' title='bbox 989 2163 1039 2190; x_wconf 87' lang='lat' dir='ltr'><strong>Cui</strong></span> <span class='ocrx_word' id='word_1_771' title='bbox 1051 2162 1121 2189; x_wconf 86' lang='lat' dir='ltr'><strong>enim</strong></span> <span class='ocrx_word' id='word_1_772' title='bbox 1131 2162 1275 2188; x_wconf 84' lang='lat' dir='ltr'><strong>obscurum</strong></span> <span class='ocrx_word' id='word_1_773' title='bbox 1287 2165 1337 2192; x_wconf 87' lang='lat' dir='ltr'><strong>est,</strong></span> <span class='ocrx_word' id='word_1_774' title='bbox 1349 2160 1425 2187; x_wconf 86' lang='lat' dir='ltr'><strong>nobis</strong></span> <span class='ocrx_word' id='word_1_775' title='bbox 1434 2159 1502 2186; x_wconf 91' lang='lat' dir='ltr'><strong>bona</strong></span> <span class='ocrx_word' id='word_1_776' title='bbox 1518 2158 1690 2190; x_wconf 77' lang='lat' dir='ltr'><strong>facientibus,</strong></span> 
     </span>
    </p>
   </div>
   <div class='ocr_carea' id='block_1_99' title="bbox 906 2205 1694 2237">
    <p class='ocr_par' dir='ltr' id='par_1_99' title="bbox 906 2205 1694 2237">
     <span class='ocr_line' id='line_1_99' title="bbox 906 2205 1694 2237; baseline -0.009 0"><span class='ocrx_word' id='word_1_777' title='bbox 906 2214 933 2237; x_wconf 89' lang='lat' dir='ltr'><strong>et</strong></span> <span class='ocrx_word' id='word_1_778' title='bbox 950 2210 1084 2237; x_wconf 89' lang='lat' dir='ltr'><strong>sinceram</strong></span> <span class='ocrx_word' id='word_1_779' title='bbox 1099 2209 1260 2235; x_wconf 89' lang='lat' dir='ltr'><strong>charitatem</strong></span> <span class='ocrx_word' id='word_1_780' title='bbox 1277 2207 1386 2235; x_wconf 83' lang='lat' dir='ltr'><strong>Christo</strong></span> <span class='ocrx_word' id='word_1_781' title='bbox 1406 2207 1591 2237; x_wconf 86' lang='lat' dir='ltr'><strong>servantibus,</strong></span> <span class='ocrx_word' id='word_1_782' title='bbox 1602 2205 1694 2232; x_wconf 85' lang='lat' dir='ltr'><strong>omnia</strong></span> 
     </span>
    </p>
   </div>
   <div class='ocr_carea' id='block_1_100' title="bbox 907 2251 1692 2287">
    <p class='ocr_par' dir='ltr' id='par_1_100' title="bbox 907 2251 1692 2287">
     <span class='ocr_line' id='line_1_100' title="bbox 907 2251 1692 2287; baseline -0.009 -4"><span class='ocrx_word' id='word_1_783' title='bbox 907 2255 965 2283; x_wconf 77' lang='lat' dir='ltr'><strong>fore</strong></span> <span class='ocrx_word' id='word_1_784' title='bbox 984 2263 1016 2283; x_wconf 80' lang='lat' dir='ltr'><strong>ex</strong></span> <span class='ocrx_word' id='word_1_785' title='bbox 1033 2256 1115 2282; x_wconf 84' lang='lat' dir='ltr'><strong>animi</strong></span> <span class='ocrx_word' id='word_1_786' title='bbox 1130 2254 1263 2282; x_wconf 85' lang='lat' dir='ltr'><strong>sententia</strong></span> <span class='ocrx_word' id='word_1_787' title='bbox 1279 2253 1291 2281; x_wconf 83' lang='lat'><strong>?</strong></span> <span class='ocrx_word' id='word_1_788' title='bbox 1313 2253 1410 2281; x_wconf 85' lang='lat' dir='ltr'><strong>Beatos</strong></span> <span class='ocrx_word' id='word_1_789' title='bbox 1429 2252 1561 2287; x_wconf 85' lang='lat' dir='ltr'><strong>siquidem</strong></span> <span class='ocrx_word' id='word_1_790' title='bbox 1574 2251 1692 2278; x_wconf 87' lang='lat' dir='ltr'><strong>ostendit</strong></span> 
     </span>
    </p>
   </div>
   <div class='ocr_carea' id='block_1_101' title="bbox 908 2296 1690 2334">
    <p class='ocr_par' dir='ltr' id='par_1_101' title="bbox 908 2296 1690 2334">
     <span class='ocr_line' id='line_1_101' title="bbox 908 2296 1690 2334; baseline -0.008 -6"><span class='ocrx_word' id='word_1_791' title='bbox 908 2305 936 2329; x_wconf 89' lang='lat' dir='ltr'><strong>et</strong></span> <span class='ocrx_word' id='word_1_792' title='bbox 960 2302 987 2328; x_wconf 88' lang='lat' dir='ltr'><strong>in</strong></span> <span class='ocrx_word' id='word_1_793' title='bbox 1006 2301 1057 2328; x_wconf 86' lang='lat' dir='ltr'><strong>hoc</strong></span> <span class='ocrx_word' id='word_1_794' title='bbox 1072 2301 1183 2334; x_wconf 90' lang='lat' dir='ltr'><strong>mundo,</strong></span> <span class='ocrx_word' id='word_1_795' title='bbox 1201 2305 1228 2328; x_wconf 88' lang='lat' dir='ltr'><strong>et</strong></span> <span class='ocrx_word' id='word_1_796' title='bbox 1245 2300 1271 2326; x_wconf 92' lang='lat' dir='ltr'><strong>in</strong></span> <span class='ocrx_word' id='word_1_797' title='bbox 1285 2299 1376 2326; x_wconf 83' lang='lat' dir='ltr'><strong>futuro</strong></span> <span class='ocrx_word' id='word_1_798' title='bbox 1391 2298 1500 2326; x_wconf 66' lang='lat' dir='ltr'><strong>saeculo.</strong></span> <span class='ocrx_word' id='word_1_799' title='bbox 1518 2297 1626 2324; x_wconf 81' lang='lat' dir='ltr'><strong>Prostat</strong></span> <span class='ocrx_word' id='word_1_800' title='bbox 1641 2296 1690 2323; x_wconf 86' lang='lat' dir='ltr'><strong>ita-</strong></span> 
     </span>
    </p>
   </div>
   <div class='ocr_carea' id='block_1_102' title="bbox 909 2342 1692 2382">
    <p class='ocr_par' dir='ltr' id='par_1_102' title="bbox 909 2342 1692 2382">
     <span class='ocr_line' id='line_1_102' title="bbox 909 2342 1692 2382; baseline -0.008 -9"><span class='ocrx_word' id='word_1_801' title='bbox 909 2353 961 2382; x_wconf 91' lang='lat' dir='ltr'><strong>que</strong></span> <span class='ocrx_word' id='word_1_802' title='bbox 986 2346 1088 2381; x_wconf 86' lang='lat' dir='ltr'><strong>absqne</strong></span> <span class='ocrx_word' id='word_1_803' title='bbox 1110 2350 1223 2380; x_wconf 82' lang='lat' dir='ltr'><strong>argento</strong></span> <span class='ocrx_word' id='word_1_804' title='bbox 1249 2349 1276 2372; x_wconf 90' lang='lat' dir='ltr'><strong>et</strong></span> <span class='ocrx_word' id='word_1_805' title='bbox 1299 2345 1371 2372; x_wconf 90' lang='lat' dir='ltr'><strong>omni</strong></span> <span class='ocrx_word' id='word_1_806' title='bbox 1399 2344 1480 2376; x_wconf 83' lang='lat' dir='ltr'><strong>dono,</strong></span> <span class='ocrx_word' id='word_1_807' title='bbox 1498 2342 1540 2370; x_wconf 86' lang='lat' dir='ltr'><strong>his</strong></span> <span class='ocrx_word' id='word_1_808' title='bbox 1558 2342 1603 2377; x_wconf 86' lang='lat' dir='ltr'><strong>qui</strong></span> <span class='ocrx_word' id='word_1_809' title='bbox 1620 2342 1692 2368; x_wconf 80' lang='lat' dir='ltr'><strong>scire</strong></span> 
     </span>
    </p>
   </div>
   <div class='ocr_carea' id='block_1_103' title="bbox 909 2383 1719 2425">
    <p class='ocr_par' dir='ltr' id='par_1_103' title="bbox 909 2383 1719 2425">
     <span class='ocr_line' id='line_1_103' title="bbox 909 2383 1719 2425; baseline -0.007 -5"><span class='ocrx_word' id='word_1_810' title='bbox 909 2393 1003 2420; x_wconf 83' lang='lat' dir='ltr'><strong>volunt</strong></span> <span class='ocrx_word' id='word_1_811' title='bbox 1019 2393 1110 2419; x_wconf 90' lang='lat' dir='ltr'><strong>datam</strong></span> <span class='ocrx_word' id='word_1_812' title='bbox 1124 2399 1184 2419; x_wconf 80' lang='lat' dir='ltr'><strong>esse</strong></span> <span class='ocrx_word' id='word_1_813' title='bbox 1199 2399 1213 2418; x_wconf 87' lang='lat' dir='ltr'><strong>a</strong></span> <span class='ocrx_word' id='word_1_814' title='bbox 1225 2391 1334 2419; x_wconf 89' lang='lat' dir='ltr'><strong>Christo</strong></span> <span class='ocrx_word' id='word_1_815' title='bbox 1351 2391 1436 2425; x_wconf 70' lang='lat' dir='ltr'><strong>legem</strong></span> <span class='ocrx_word' id='word_1_816' title='bbox 1449 2391 1477 2417; x_wconf 86' lang='lat' dir='ltr'><strong>in</strong></span> <span class='ocrx_word' id='word_1_817' title='bbox 1495 2389 1692 2424; x_wconf 80' lang='lat' dir='ltr'><strong>adjuinentum.</strong></span> <span class='ocrx_word' id='word_1_818' title='bbox 1718 2383 1719 2388; x_wconf 46' lang='grc'><strong>¹</strong></span> 
     </span>
    </p>
   </div>
   <div class='ocr_carea' id='block_1_104' title="bbox 908 2435 1693 2472">
    <p class='ocr_par' dir='ltr' id='par_1_104' title="bbox 908 2435 1693 2472">
     <span class='ocr_line' id='line_1_104' title="bbox 908 2435 1693 2472; baseline -0.006 -6"><span class='ocrx_word' id='word_1_819' title='bbox 908 2439 936 2466; x_wconf 91' lang='lat' dir='ltr'><strong>ld</strong></span> <span class='ocrx_word' id='word_1_820' title='bbox 953 2443 1041 2466; x_wconf 82' lang='lat' dir='ltr'><strong>autem</strong></span> <span class='ocrx_word' id='word_1_821' title='bbox 1063 2445 1129 2466; x_wconf 86' lang='lat' dir='ltr'><strong>voce</strong></span> <span class='ocrx_word' id='word_1_822' title='bbox 1152 2438 1227 2466; x_wconf 82' lang='lat' dir='ltr'><strong>Isaiae</strong></span> <span class='ocrx_word' id='word_1_823' title='bbox 1254 2437 1389 2472; x_wconf 84' lang='lat' dir='ltr'><strong>sapienter</strong></span> <span class='ocrx_word' id='word_1_824' title='bbox 1413 2436 1512 2464; x_wconf 87' lang='lat' dir='ltr'><strong>dictum</strong></span> <span class='ocrx_word' id='word_1_825' title='bbox 1530 2441 1571 2463; x_wconf 89' lang='lat' dir='ltr'><strong>est</strong></span> <span class='ocrx_word' id='word_1_826' title='bbox 1591 2445 1597 2462; x_wconf 88' lang='lat'><strong>:</strong></span> <span class='ocrx_word' id='word_1_827' title='bbox 1619 2444 1628 2461; x_wconf 77' lang='grc' dir='ltr'>ί</span> <span class='ocrx_word' id='word_1_828' title='bbox 1644 2435 1693 2468; x_wconf 88' lang='lat' dir='ltr'><strong>Qui</strong></span> 
     </span>
    </p>
   </div>
   <div class='ocr_carea' id='block_1_105' title="bbox 909 2482 1694 2518">
    <p class='ocr_par' dir='ltr' id='par_1_105' title="bbox 909 2482 1694 2518">
     <span class='ocr_line' id='line_1_105' title="bbox 909 2482 1694 2518; baseline -0.006 -5"><span class='ocrx_word' id='word_1_829' title='bbox 909 2485 1003 2517; x_wconf 86' lang='lat' dir='ltr'><strong>sitilis,</strong></span> <span class='ocrx_word' id='word_1_830' title='bbox 1032 2485 1122 2512; x_wconf 86' lang='lat' dir='ltr'><strong>venite</strong></span> <span class='ocrx_word' id='word_1_831' title='bbox 1150 2484 1184 2511; x_wconf 88' lang='lat' dir='ltr'><strong>ad</strong></span> <span class='ocrx_word' id='word_1_832' title='bbox 1211 2490 1325 2518; x_wconf 85' lang='lat' dir='ltr'><strong>aquam;</strong></span> <span class='ocrx_word' id='word_1_833' title='bbox 1354 2487 1381 2509; x_wconf 89' lang='lat' dir='ltr'><strong>et</strong></span> <span class='ocrx_word' id='word_1_834' title='bbox 1397 2482 1443 2516; x_wconf 89' lang='lat' dir='ltr'><strong>qui</strong></span> <span class='ocrx_word' id='word_1_835' title='bbox 1463 2489 1515 2509; x_wconf 93' lang='lat' dir='ltr'><strong>non</strong></span> <span class='ocrx_word' id='word_1_836' title='bbox 1530 2482 1636 2509; x_wconf 90' lang='lat' dir='ltr'><strong>habetis</strong></span> <span class='ocrx_word' id='word_1_837' title='bbox 1651 2489 1694 2508; x_wconf 88' lang='lat' dir='ltr'><strong>ar-</strong></span> 
     </span>
    </p>
   </div>
   <div class='ocr_carea' id='block_1_106' title="bbox 911 2527 1691 2567">
    <p class='ocr_par' dir='ltr' id='par_1_106' title="bbox 911 2527 1691 2567">
     <span class='ocr_line' id='line_1_106' title="bbox 911 2527 1691 2567; baseline -0.009 -8"><span class='ocrx_word' id='word_1_838' title='bbox 911 2536 1031 2567; x_wconf 81' lang='lat' dir='ltr'><strong>gentum,</strong></span> <span class='ocrx_word' id='word_1_839' title='bbox 1049 2535 1145 2558; x_wconf 86' lang='lat' dir='ltr'><strong>euntes</strong></span> <span class='ocrx_word' id='word_1_840' title='bbox 1157 2530 1240 2557; x_wconf 88' lang='lat' dir='ltr'><strong>emite</strong></span> <span class='ocrx_word' id='word_1_841' title='bbox 1254 2530 1356 2563; x_wconf 82' lang='lat' dir='ltr'><strong>absque</strong></span> <span class='ocrx_word' id='word_1_842' title='bbox 1367 2532 1478 2563; x_wconf 81' lang='lat' dir='ltr'><strong>argento</strong></span> <span class='ocrx_word' id='word_1_843' title='bbox 1494 2533 1520 2554; x_wconf 84' lang='lat' dir='ltr'><strong>et</strong></span> <span class='ocrx_word' id='word_1_844' title='bbox 1534 2527 1621 2561; x_wconf 89' lang='lat' dir='ltr'><strong>pretio</strong></span> <span class='ocrx_word' id='word_1_845' title='bbox 1632 2527 1665 2552; x_wconf 83' lang='grc'><strong>⁷⁸.</strong></span> <span class='ocrx_word' id='word_1_846' title='bbox 1683 2536 1691 2551; x_wconf 81' lang='grc' dir='ltr'><strong>ι</strong></span> 
     </span>
    </p>
   </div>
   <div class='ocr_carea' id='block_1_107' title="bbox 907 2573 1695 2614">
    <p class='ocr_par' dir='ltr' id='par_1_107' title="bbox 907 2573 1695 2614">
     <span class='ocr_line' id='line_1_107' title="bbox 907 2573 1695 2614; baseline -0.006 -9"><span class='ocrx_word' id='word_1_847' title='bbox 907 2578 988 2614; x_wconf 83' lang='grc' dir='ltr'>νόμον</span> <span class='ocrx_word' id='word_1_848' title='bbox 1020 2579 1059 2609; x_wconf 77' lang='grc' dir='ltr'><strong>είς</strong></span> <span class='ocrx_word' id='word_1_849' title='bbox 1087 2576 1255 2612; x_wconf 78' lang='grc' dir='ltr'>ἐπικουρίαν.</span> <span class='ocrx_word' id='word_1_850' title='bbox 1287 2575 1341 2602; x_wconf 70' lang='grc' dir='ltr'><strong>Καὶ</strong></span> <span class='ocrx_word' id='word_1_851' title='bbox 1364 2575 1441 2601; x_wconf 82' lang='grc' dir='ltr'>τοῦτο</span> <span class='ocrx_word' id='word_1_852' title='bbox 1461 2573 1495 2610; x_wconf 82' lang='grc' dir='ltr'>ἦν</span> <span class='ocrx_word' id='word_1_853' title='bbox 1515 2575 1578 2610; x_wconf 81' lang='grc' dir='ltr'>ἄρα,</span> <span class='ocrx_word' id='word_1_854' title='bbox 1600 2574 1629 2600; x_wconf 75' lang='grc' dir='ltr'>τὸ</span> <span class='ocrx_word' id='word_1_855' title='bbox 1652 2574 1695 2600; x_wconf 75' lang='grc' dir='ltr'>διὰ</span> 
     </span>
    </p>
   </div>
   <div class='ocr_carea' id='block_1_108' title="bbox 909 2621 1695 2662">
    <p class='ocr_par' dir='ltr' id='par_1_108' title="bbox 909 2621 1695 2662">
     <span class='ocr_line' id='line_1_108' title="bbox 909 2621 1695 2662; baseline -0.008 -9"><span class='ocrx_word' id='word_1_856' title='bbox 909 2625 1057 2662; x_wconf 74' lang='grc' dir='ltr'>πορεύεσθε</span> <span class='ocrx_word' id='word_1_857' title='bbox 1086 2625 1129 2660; x_wconf 82' lang='grc' dir='ltr'>ἐφ’</span> <span class='ocrx_word' id='word_1_858' title='bbox 1155 2624 1236 2660; x_wconf 81' lang='grc' dir='ltr'>ὕδωρ,</span> <span class='ocrx_word' id='word_1_859' title='bbox 1269 2625 1315 2651; x_wconf 82' lang='grc' dir='ltr'>καὶ</span> <span class='ocrx_word' id='word_1_860' title='bbox 1349 2624 1406 2650; x_wconf 79' lang='grc' dir='ltr'>ὅσοι</span> <span class='ocrx_word' id='word_1_861' title='bbox 1441 2623 1478 2658; x_wconf 84' lang='grc' dir='ltr'>μὴ</span> <span class='ocrx_word' id='word_1_862' title='bbox 1508 2622 1583 2658; x_wconf 72' lang='grc' dir='ltr'>ἔχετε</span> <span class='ocrx_word' id='word_1_863' title='bbox 1609 2621 1695 2657; x_wconf 78' lang='grc' dir='ltr'>ἀργύ-</span> 
     </span>
    </p>
   </div>
   <div class='ocr_carea' id='block_1_109' title="bbox 70 2670 993 2715">
    <p class='ocr_par' dir='ltr' id='par_1_109' title="bbox 70 2670 993 2715">
     <span class='ocr_line' id='line_1_109' title="bbox 70 2670 993 2715; baseline 0.002 -19"><span class='ocrx_word' id='word_1_864' title='bbox 70 2679 142 2705; x_wconf 85' lang='grc' dir='ltr'>ριον,</span> <span class='ocrx_word' id='word_1_865' title='bbox 175 2670 336 2705; x_wconf 84' lang='grc' dir='ltr'>βαδίσαντες</span> <span class='ocrx_word' id='word_1_866' title='bbox 366 2671 521 2706; x_wconf 84' lang='grc' dir='ltr'>ἀγοράσατε</span> <span class='ocrx_word' id='word_1_867' title='bbox 552 2671 616 2700; x_wconf 73' lang='grc' dir='ltr'>ἄνευ</span> <span class='ocrx_word' id='word_1_868' title='bbox 647 2673 780 2715; x_wconf 64' lang='grc' dir='ltr'>ᾁργυρίου</span> <span class='ocrx_word' id='word_1_869' title='bbox 814 2673 860 2700; x_wconf 77' lang='grc' dir='ltr'>καὶ</span> <span class='ocrx_word' id='word_1_870' title='bbox 879 2673 993 2708; x_wconf 78' lang='grc' dir='ltr'>τιμῆς.»</span> 
     </span>
    </p>
   </div>
   <div class='ocr_carea' id='block_1_110' title="bbox 101 2717 857 2755">
    <p class='ocr_par' dir='ltr' id='par_1_110' title="bbox 101 2717 857 2755">
     <span class='ocr_line' id='line_1_110' title="bbox 101 2717 857 2755; baseline 0.007 -12"><span class='ocrx_word' id='word_1_871' title='bbox 101 2717 155 2744; x_wconf 75' lang='grc' dir='ltr'><strong>Καὶ</strong></span> <span class='ocrx_word' id='word_1_872' title='bbox 174 2717 241 2750; x_wconf 82' lang='grc' dir='ltr'>ἥξει</span> <span class='ocrx_word' id='word_1_873' title='bbox 251 2718 298 2752; x_wconf 73' lang='grc' dir='ltr'><strong>ἐφ’</strong></span> <span class='ocrx_word' id='word_1_874' title='bbox 318 2717 399 2752; x_wconf 83' lang='grc' dir='ltr'>ὑμᾶς</span> <span class='ocrx_word' id='word_1_875' title='bbox 410 2718 529 2752; x_wconf 77' lang='grc' dir='ltr'>σκληρὰ</span> <span class='ocrx_word' id='word_1_876' title='bbox 544 2720 640 2755; x_wconf 78' lang='grc' dir='ltr'>λιμὸς,</span> <span class='ocrx_word' id='word_1_877' title='bbox 655 2720 703 2748; x_wconf 73' lang='grc' dir='ltr'>καὶ</span> <span class='ocrx_word' id='word_1_878' title='bbox 717 2721 802 2748; x_wconf 71' lang='grc' dir='ltr'>ἔσται</span> <span class='ocrx_word' id='word_1_879' title='bbox 817 2721 857 2754; x_wconf 88' lang='grc' dir='ltr'>ὡς</span> 
     </span>
    </p>
   </div>
   <div class='ocr_carea' id='block_1_111' title="bbox 70 2761 858 2800">
    <p class='ocr_par' dir='ltr' id='par_1_111' title="bbox 70 2761 858 2800">
     <span class='ocr_line' id='line_1_111' title="bbox 70 2761 858 2800; baseline 0.006 -12"><span class='ocrx_word' id='word_1_880' title='bbox 70 2761 106 2788; x_wconf 76' lang='grc' dir='ltr'>ἂν</span> <span class='ocrx_word' id='word_1_881' title='bbox 123 2763 304 2798; x_wconf 79' lang='grc' dir='ltr'>πεινάσητε,</span> <span class='ocrx_word' id='word_1_882' title='bbox 328 2763 565 2798; x_wconf 65' lang='grc' dir='ltr'>λυπηθήσεσθε,</span> <span class='ocrx_word' id='word_1_883' title='bbox 584 2765 632 2792; x_wconf 74' lang='grc' dir='ltr'>καὶ</span> <span class='ocrx_word' id='word_1_884' title='bbox 652 2765 751 2798; x_wconf 76' lang='grc' dir='ltr'>κακῶς</span> <span class='ocrx_word' id='word_1_885' title='bbox 765 2766 858 2800; x_wconf 67' lang='grc' dir='ltr'>ἐρεῖτε</span> 
     </span>
    </p>
   </div>
   <div class='ocr_carea' id='block_1_112' title="bbox 69 2807 865 2846">
    <p class='ocr_par' dir='ltr' id='par_1_112' title="bbox 69 2807 865 2846">
     <span class='ocr_line' id='line_1_112' title="bbox 69 2807 865 2846; baseline 0.006 -12"><span class='ocrx_word' id='word_1_886' title='bbox 69 2807 119 2834; x_wconf 56' lang='grc' dir='ltr'>τὸν·</span> <span class='ocrx_word' id='word_1_887' title='bbox 137 2807 269 2843; x_wconf 77' lang='grc' dir='ltr'>ἄρχοντα</span> <span class='ocrx_word' id='word_1_888' title='bbox 298 2809 349 2836; x_wconf 81' lang='grc' dir='ltr'>καὶ</span> <span class='ocrx_word' id='word_1_889' title='bbox 371 2809 408 2836; x_wconf 86' lang='grc' dir='ltr'>τὰ</span> <span class='ocrx_word' id='word_1_890' title='bbox 426 2810 541 2844; x_wconf 71' lang='grc' dir='ltr'>πάτρια.</span> <span class='ocrx_word' id='word_1_891' title='bbox 564 2810 615 2838; x_wconf 72' lang='grc' dir='ltr'><strong>Καὶ</strong></span> <span class='ocrx_word' id='word_1_892' title='bbox 638 2811 865 2846; x_wconf 65' lang='grc' dir='ltr'>ἀναᾶιέψοιταί</span> 
     </span>
    </p>
   </div>
   <div class='ocr_carea' id='block_1_113' title="bbox 104 2888 280 2922">
    <p class='ocr_par' dir='ltr' id='par_1_113' title="bbox 104 2888 280 2922">
     <span class='ocr_line' id='line_1_113' title="bbox 104 2888 280 2922; baseline 0.011 -6"><span class='ocrx_word' id='word_1_893' title='bbox 104 2888 182 2917; x_wconf 67' lang='lat' dir='ltr'><strong>&quot;lia.</strong></span> <span class='ocrx_word' id='word_1_894' title='bbox 196 2897 241 2922; x_wconf 70' lang='grc' dir='ltr'>ιιι,</span> <span class='ocrx_word' id='word_1_895' title='bbox 259 2891 280 2918; x_wconf 91' lang='lat' dir='ltr'><strong>l.</strong></span> 
     </span>
    </p>
   </div>
   <div class='ocr_carea' id='block_1_114' title="bbox 958 2715 1692 2759">
    <p class='ocr_par' dir='ltr' id='par_1_114' title="bbox 958 2715 1692 2759">
     <span class='ocr_line' id='line_1_114' title="bbox 958 2715 1692 2759; baseline -0.007 -13"><span class='ocrx_word' id='word_1_896' title='bbox 958 2718 1039 2746; x_wconf 64' lang='lat' dir='ltr'><strong>Vens.</strong></span> <span class='ocrx_word' id='word_1_897' title='bbox 1054 2717 1101 2751; x_wconf 67' lang='lat'><strong>21,</strong></span> <span class='ocrx_word' id='word_1_898' title='bbox 1118 2718 1163 2744; x_wconf 75' lang='lat'><strong>2&#39;2.</strong></span> <span class='ocrx_word' id='word_1_899' title='bbox 1185 2717 1218 2744; x_wconf 76' lang='lat' dir='ltr'><strong>Et</strong></span> <span class='ocrx_word' id='word_1_900' title='bbox 1235 2718 1340 2744; x_wconf 75' lang='lat' dir='ltr'><strong>invadet</strong></span> <span class='ocrx_word' id='word_1_901' title='bbox 1352 2725 1394 2743; x_wconf 77' lang='lat' dir='ltr'><strong>vos</strong></span> <span class='ocrx_word' id='word_1_902' title='bbox 1412 2717 1478 2743; x_wconf 83' lang='lat' dir='ltr'><strong>dura</strong></span> <span class='ocrx_word' id='word_1_903' title='bbox 1490 2715 1582 2759; x_wconf 69' lang='lat' dir='ltr'><strong>fames,</strong></span> <span class='ocrx_word' id='word_1_904' title='bbox 1597 2720 1619 2742; x_wconf 81' lang='lat' dir='ltr'><strong>et</strong></span> <span class='ocrx_word' id='word_1_905' title='bbox 1633 2715 1692 2745; x_wconf 82' lang='lat' dir='ltr'><strong>erit,</strong></span> 
     </span>
    </p>
   </div>
   <div class='ocr_carea' id='block_1_115' title="bbox 911 2760 1694 2797">
    <p class='ocr_par' dir='ltr' id='par_1_115' title="bbox 911 2760 1694 2797">
     <span class='ocr_line' id='line_1_115' title="bbox 911 2760 1694 2797; baseline -0.008 -5"><span class='ocrx_word' id='word_1_906' title='bbox 911 2770 938 2792; x_wconf 80' lang='lat' dir='ltr'><strong>ut</strong></span> <span class='ocrx_word' id='word_1_907' title='bbox 952 2765 1085 2797; x_wconf 70' lang='lat' dir='ltr'><strong>esurialis,</strong></span> <span class='ocrx_word' id='word_1_908' title='bbox 1096 2763 1323 2796; x_wconf 71' lang='lat' dir='ltr'><strong>contristabimini,</strong></span> <span class='ocrx_word' id='word_1_909' title='bbox 1344 2767 1367 2789; x_wconf 82' lang='lat' dir='ltr'><strong>et</strong></span> <span class='ocrx_word' id='word_1_910' title='bbox 1402 2762 1468 2788; x_wconf 80' lang='lat' dir='ltr'><strong>male</strong></span> <span class='ocrx_word' id='word_1_911' title='bbox 1482 2762 1573 2788; x_wconf 71' lang='lat' dir='ltr'><strong>dicetis</strong></span> <span class='ocrx_word' id='word_1_912' title='bbox 1584 2760 1694 2796; x_wconf 65' lang='lat' dir='ltr'><strong>principi</strong></span> 
     </span>
    </p>
   </div>
   <div class='ocr_carea' id='block_1_116' title="bbox 913 2809 1697 2846">
    <p class='ocr_par' dir='ltr' id='par_1_116' title="bbox 913 2809 1697 2846">
     <span class='ocr_line' id='line_1_116' title="bbox 913 2809 1697 2846; baseline -0.01 -6"><span class='ocrx_word' id='word_1_913' title='bbox 913 2811 1090 2846; x_wconf 68' lang='lat' dir='ltr'><strong>institutisque</strong></span> <span class='ocrx_word' id='word_1_914' title='bbox 1099 2810 1205 2846; x_wconf 73' lang='lat' dir='ltr'><strong>patriis.</strong></span> <span class='ocrx_word' id='word_1_915' title='bbox 1224 2809 1258 2837; x_wconf 85' lang='lat' dir='ltr'><strong>Et</strong></span> <span class='ocrx_word' id='word_1_916' title='bbox 1271 2809 1411 2837; x_wconf 71' lang='lat' dir='ltr'><strong>rusoicient</strong></span> <span class='ocrx_word' id='word_1_917' title='bbox 1430 2809 1455 2835; x_wconf 86' lang='lat' dir='ltr'><strong>in</strong></span> <span class='ocrx_word' id='word_1_918' title='bbox 1473 2809 1563 2835; x_wconf 70' lang='lat' dir='ltr'><strong>caelum</strong></span> <span class='ocrx_word' id='word_1_919' title='bbox 1581 2814 1697 2839; x_wconf 66' lang='lat' dir='ltr'><strong>sursum,</strong></span> 
     </span>
    </p>
   </div>
  </div>
