1887 3054
174 151 226 178 εει

669 155 698 181 S.
720 153 859 182 CYRILLI
881 154 1118 183 ALEXANDRINI
1138 154 1300 184 ARCHlEP.

1763 155 1822 181 ’ἓξ-8

175 211 302 239 salutaris
321 212 445 247 poculum
463 211 627 247 impartilur,
641 216 669 239 et
701 213 793 240 vinum
828 214 920 248 propin

1089 214 1187 250 τέχνην
1212 215 1236 241 οἱ
1257 215 1394 242 θεσπέσιοι
1422 214 1550 250 μαθηταί.
1573 213 1695 241 Ποιεῖται
1724 211 1821 239 τοίνυν

175 257 332 286 cxhilarans
351 266 398 286 cor
413 258 539 289 hominis,
556 258 776 292 praedicationem
793 259 919 287 videlicet
934 259 966 287 de

175 303 296 331 Christo.
311 303 376 335 Hoc,
398 303 494 338 inquit,
524 303 642 338 primum
659 303 734 338 bibe,
763 305 817 332 cito
828 305 920 338 facito,
940 305 967 333 id

176 356 228 383 est,
243 358 260 378 ο
274 350 348 386 regio
364 350 482 378 Zabnlon
501 357 532 378 ac
546 350 732 386 Nepbthalim,
755 351 884 386 suscipite
897 359 966 388 prm-

175 397 335 425 dicationem
355 396 512 424 salutarem.
527 396 579 424 Sed
599 397 682 425 facile
702 398 765 430 cito,
787 397 812 424 id
825 402 877 431 est,
897 398 965 425 citra

175 449 280 470 omnem
310 448 424 469 moram.
464 441 584 475 Celeres,
621 443 659 470 uti
696 444 831 476 dicebam,
858 443 967 471 fuerunt

176 488 310 523 discipuli,
326 493 352 516 et
368 488 446 516 valde
459 489 585 516 alacriter
600 489 634 516 ad
659 490 822 517 credendum
857 490 966 518 Christo

175 534 362 571 prosilierunt.
385 534 452 562 Nam
466 537 593 563 continuo
611 536 712 564 relictis
731 537 832 564 retibus
848 543 875 564 et
891 542 968 572 patre

175 589 235 615 suo,
249 581 336 608 secuti
352 586 436 614 sunt;
453 585 482 609 et
499 589 549 609 nec
561 581 638 617 longa
655 582 825 610 institutione
837 582 888 610 illis
899 590 966 618 opus

175 626 236 653 fuit.
261 626 514 654 Audieruntenint:
531 636 541 652 ι
571 626 664 655 Venite
678 632 740 662 post
754 635 806 661 me,
824 631 850 655 et
867 627 965 655 faciam

175 681 223 701 vos
238 674 387 708 piscatores
412 673 572 707 hominum;
588 678 615 701 ct
632 673 716 701 secuti
731 678 795 700 sunt
806 681 872 701 eum
899 673 934 701 ει.
953 683 962 699 ι

175 720 237 748 Pari
252 720 331 749 modo
345 724 373 748 et
385 725 497 748 caeteros
517 725 625 748 sanctos
640 719 775 754 apostolos
790 724 900 748 vocatos
925 721 965 748 in-

176 768 326 798 veniemus,
342 771 370 793 et
386 766 412 793 in
431 766 599 802 disciplinam
619 765 719 793 Christi
752 773 782 793 se
810 766 964 794 tradidisse.

176 811 278 840 Scribit
287 812 358 840 enim
365 811 483 839 Joannes
493 812 533 840 sic
545 812 577 839 de
584 811 727 839 Servatore
737 816 831 839 nostro
839 812 963 840 Christo:

179 869 188 885 ι
206 858 317 887 Postero
339 859 382 886 die
398 858 483 885 voluit
495 858 569 886 exire
590 858 616 885 in
636 857 786 892 Galilaeam,
811 864 838 886 et
865 859 966 894 reperit

177 905 338 939 Philippum;
356 908 383 931 ct
400 904 500 932 dicitei
518 903 606 937 Jesus,
629 903 750 939 Sequere
771 913 823 932 me.
839 904 905 932 Erat
918 913 966 932 au-
982 894 1003 921 Β

176 955 228 976 tem
244 949 383 984 Philippus
408 956 423 976 a
441 948 584 976 Bethsaida
615 948 725 978 civitate
744 949 859 977 Andreae
872 955 900 977 et
915 950 967 977 l'c-

176 995 220 1022 Iri.
240 995 349 1029 Reperit
362 994 501 1029 Philippus
515 994 721 1026 Nathanaelem,
738 999 765 1022 et
787 995 851 1022 dicit
865 996 908 1022 ei:
929 996 967 1023 De

176 1048 229 1074 quo
246 1040 356 1074 scripsit
372 1039 460 1067 Moses
472 1040 498 1067 in
519 1039 588 1074 lege,
607 1043 634 1066 et
649 1040 796 1074 prophettn,
812 1040 966 1067 invenimus

174 1085 266 1114 Jesum
297 1086 380 1113 lilium
410 1086 508 1121 Joseph
536 1085 705 1113 Nazarenum
727 1086 763 1113 ".
793 1095 803 1112 ι
829 1086 878 1114 Ubi
901 1094 967 1114 vero

175 1132 289 1160 accessit
309 1133 342 1160 ad
362 1132 466 1166 Jesum,
497 1140 529 1160 ac
560 1132 693 1160 dicentem
717 1133 826 1161 demum
843 1134 965 1161 audivit:

179 1189 188 1206 ι
207 1180 366 1215 Priusquam
390 1184 415 1207 te
428 1179 567 1215 Philippus
586 1184 706 1213 vocaret,
730 1188 791 1207 cum
819 1187 894 1208 esses
917 1181 967 1208 sub

175 1227 240 1259 ﬁcu,
256 1225 381 1253 videbant
397 1230 433 1258 te,
461 1235 470 1252 ι
487 1226 598 1253 credidit
615 1227 749 1261 protinus,
781 1231 808 1254 et
827 1227 965 1259 clamavit,

175 1273 268 1300 dicens
285 1281 292 1300 :
310 1281 319 1298 ι
339 1271 435 1305 Rabbi,
453 1275 480 1298 tn
495 1279 525 1299 es
538 1271 622 1300 Filius
644 1272 701 1306 Dei,
719 1277 746 1299 tu
764 1280 794 1300 es
813 1280 858 1300 rex
876 1273 966 1300 lsrae-

176 1318 209 1346 Iis
224 1318 257 1346 ".
278 1327 287 1344 ι
306 1318 409 1346 Rursus
424 1317 578 1351 Betltsaida,
592 1318 625 1346 de
639 1326 690 1354 qua
705 1319 844 1353 Philippus
867 1325 893 1347 et
913 1320 966 1347 Na-

176 1364 283 1398 tbanael
299 1364 405 1391 oriundi
421 1368 494 1396 sunt,
508 1364 648 1399 adjacebat
664 1365 731 1392 mari
747 1365 894 1393 Tiberiadi.
910 1365 966 1393 Me-

176 1411 254 1438 minit
268 1411 330 1438 item
352 1411 447 1438 beatus
461 1411 545 1438 David
554 1411 696 1438 electionis
713 1412 917 1446 discipulorum,
939 1417 963 1440 el

176 1457 284 1491 inquit:
303 1466 311 1483 ι
332 1457 388 1484 illic
405 1456 543 1492 Benjamin
558 1456 650 1491 junior
679 1457 705 1484 in
731 1463 852 1492 stupore,
867 1459 967 1494 princi-

177 1510 223 1535 pes
237 1503 315 1534 1ιιιιιιι,
331 1503 412 1531 duces
424 1510 530 1534 eorum,
544 1504 681 1538 principes
706 1504 839 1537 Zabulon,
865 1506 966 1540 princi-

177 1555 224 1580 pes
238 1546 409 1582 Nt-plnhalim
423 1547 548 1581 “.tQuod
565 1553 656 1576 autem
672 1549 756 1576 divini
766 1550 888 1585 discipuli
909 1551 966 1578 suis

178 1593 341 1628 temporibus
365 1601 417 1621 non
431 1594 479 1622 soli
489 1595 602 1622 vocandi
617 1601 718 1630 essent,
737 1597 782 1624 sed
797 1596 877 1624 etiam
899 1597 966 1624 mul-
980 1600 1001 1629 (ι

139 1656 140 1659 η
178 1638 264 1665 titudo
276 1638 408 1673 gentium,
430 1639 565 1675 designat,
581 1640 724 1674 inquiens:
748 1641 781 1668 Et
802 1641 898 1676 reliqui
912 1649 969 1668 ma-

179 1683 261 1710 ritimi
277 1683 347 1710 ultra
374 1684 530 1717 Jordanem,
557 1685 667 1713 Galilaaa
698 1687 828 1721 gentium,
855 1687 969 1722 populus

177 1729 223 1763 qui
239 1729 360 1757 ambulat
380 1730 406 1757 in
429 1731 559 1762 tenebris,
575 1731 661 1759 lucem
688 1733 754 1760 vidit
779 1740 915 1768 magnam;
942 1737 968 1761 et

177 1775 223 1808 qui
243 1774 371 1803 habitatis
392 1776 417 1802 in
436 1776 545 1810 regione
559 1785 589 1804 ac
603 1778 696 1805 umbra
714 1779 818 1811 mortis,
843 1778 887 1806 lux
906 1779 968 1806 illu-

179 1821 250 1849 cebit
265 1822 349 1849 vobis.
369 1822 611 1850 lncedebantenint
629 1823 684 1858 jam
696 1825 804 1858 perinde
819 1829 847 1851 ut
865 1831 968 1859 gentes,

177 1873 204 1894 ct
216 1869 499 1896 commemorabantur
523 1869 549 1896 in
580 1870 631 1897 hoc
660 1871 769 1903 mundo,
801 1875 926 1905 tanquam
943 1871 968 1898 in

179 1919 268 1946 nocte,
303 1921 332 1942 et
361 1915 387 1942 iu
419 1916 548 1949 tenebris,
591 1921 731 1951 propterea
774 1918 845 1951 quod
879 1918 968 1944 lumen

182 1961 259 1995 151
280 1968 351 1988 vera:
367 1961 412 1988 Dei
427 1962 592 1996 cognitionis
608 1963 632 1989 in
649 1963 740 1990 animo
754 1970 806 1990 non
829 1963 968 1994 baberent,

179 2007 227 2034 sed
249 2011 358 2034 ruerent
371 2007 446 2043 quasi
465 2008 491 2035 ill
508 2016 616 2036 omnem
637 2008 753 2041 foveam,
777 2014 804 2036 et
826 2009 852 2036 in
870 2010 968 2037 malum

180 2052 263 2080 voluti
291 2053 324 2080 ad
347 2054 469 2088 quemvis
494 2054 610 2089 lapidem
628 2054 818 2090 intpingerent.
843 2055 971 2082 Habitare

181 2107 245 2127 vero
259 2107 306 2128 eos
327 2101 354 2127 in
374 2101 485 2135 regione
498 2106 526 2129 et
544 2102 638 2128 umbra
657 2102 750 2129 mortis
768 2102 820 2135 ait,
842 2103 913 2136 quod
935 2102 972 2130 sit

182 2147 251 2179 apud
273 2154 336 2179 eos,
360 2151 424 2181 puta
445 2147 471 2174 in
497 2147 651 2182 regionibus
674 2155 783 2180 eorum,
805 2148 876 2175 aliud
904 2147 971 2175 nihil

181 2200 262 2226 quam
278 2193 334 2220 sola
350 2193 445 2221 nebula
469 2197 495 2220 et
512 2194 608 2228 caligo,
626 2194 723 2221 mentis
744 2194 868 2221 videlicet
884 2199 910 2220 ct
930 2194 972 2221 in-

183 2239 352 2274 telligentiae,
379 2240 480 2274 quique
500 2239 556 2266 sint
578 2239 662 2267 instar
684 2244 862 2272 mortuorum,
881 2240 970 2267 adhuc

184 2285 316 2312 viventes.
335 2285 485 2320 Corporum
501 2292 616 2320 namque
630 2285 723 2312 umbra
748 2287 859 2313 omnino
877 2294 970 2314 eorum
989 2274 1010 2301 Ῑ)

184 2332 284 2359 formas
302 2331 434 2364 imitatur,
450 2336 478 2359 et
496 2336 625 2365 quantum
646 2332 678 2358 ad
704 2332 795 2367 ﬁgura}
815 2333 971 2360 similitudi-

185 2385 246 2404 nem
264 2377 370 2406 attinet.
388 2377 460 2404 nulla
479 2377 584 2404 ratione
600 2377 746 2412 discrepat.
775 2378 855 2405 Deum
881 2383 970 2405 autent

186 2424 291 2452 nvscire
307 2424 352 2458 qui
376 2428 470 2450 natura
488 2427 530 2450 est
543 2428 570 2450 et.
587 2431 649 2450 vere
667 2424 746 2456 Dens,
764 2424 877 2451 imitatio
904 2432 972 2458 quo-

186 2469 331 2496 dammodo
355 2473 397 2495 est
416 2473 444 2496 et
465 2469 560 2495 untbra
581 2469 687 2497 mortis.
705 2469 835 2497 Caderutn
853 2469 904 2497 illis
922 2469 973 2496 hoc

187 2515 282 2542 morbo
300 2514 487 2542 laborantibus
515 2514 558 2541 lux
575 2522 670 2550 magna
692 2514 803 2547 affulsit,
828 2521 889 2550 post
912 2522 971 2542 cam

186 2569 267 2594 quant
283 2561 340 2594 ipse
356 2560 482 2588 Christus
497 2560 598 2593 intulit,
615 2561 754 2588 oraculum
769 2569 877 2597 quoque
889 2570 972 2589 evan-

187 2606 310 2641 gulicum.
330 2605 393 2634 lude
406 2605 456 2633 luit
477 2608 593 2633 maxima
609 2615 670 2641 pars
687 2608 775 2642 populi
796 2616 876 2643 quam
889 2609 973 2636 dedu-

188 2653 251 2680 xisti
269 2653 295 2680 in
309 2653 400 2680 laetitia
415 2657 470 2680 tua.
497 2652 579 2680 Multo
600 2653 671 2680 cnim
695 2653 784 2689 plures
802 2662 834 2681 ex
849 2656 974 2688 gentibus

188 2698 275 2725 vocati
295 2702 368 2729 sunt,
386 2702 481 2732 praeter
502 2705 548 2725 eos
569 2699 614 2732 qui
637 2706 669 2726 ex
689 2699 769 2727 Israel
790 2700 973 2728 crediderunt.

189 2744 289 2778 itaque,
303 2743 398 2778 inquit,
415 2743 499 2771 lucent
526 2744 592 2770 vidit
613 2752 748 2779 magnam,
773 2745 890 2772 maxima
913 2753 976 2780 pars

189 2790 277 2825 populi
287 2797 366 2825 quem
383 2789 515 2817 deduxisti
531 2790 556 2817 in
574 2790 674 2818 laetitia.
686 2791 763 2824 lllud,
777 2801 785 2816 ι
802 2791 951 2824 Deduxisti,
963 2801 972 2818 ι

224 2870 245 2886 ”¹¹
262 2869 355 2900 Matth.
372 2878 407 2904 tv,
426 2871 464 2900 l9.
504 2871 600 2899 “Joau
615 2879 633 2904 ι,
651 2871 695 2897 45-
704 2870 743 2897 ιδ.
782 2871 803 2886 ⁸³
819 2871 880 2898 ibid.
899 2870 989 2898 (7-49.

1017 260 1080 292 τοὺς
1092 259 1187 294 λόγους
1201 262 1216 288 ὀ
1224 261 1277 288 τῶν
1291 262 1360 288 ὅλων
1371 261 1437 294 Θεὸς
1445 261 1489 289 διὰ
1504 262 1596 297 φωνῆς
1607 261 1655 288 τοῦ
1669 261 1822 296 προφήτου

1018 305 1086 341 πρὸς
1101 307 1131 332 τὸ
1152 307 1249 342 παρὸν,
1262 307 1300 340 ὡς
1316 308 1383 344 πρός
1397 317 1428 334 τε
1446 308 1495 339 τὰς
1509 307 1601 343 χώρας
1617 307 1679 342 ἦτοι
1700 307 1752 337 τὰς
1768 306 1823 332 πό-

1017 351 1073 383 λεις
1094 352 1144 386 τῆς
1168 353 1252 387 φυλῆς
1269 353 1413 380 Ζαϐουλὼν
1432 355 1479 381 καὶ
1494 353 1667 389 Νεφθαλείμ,
1691 354 1720 381 αἴ
1744 361 1822 388 παρ-

1018 397 1121 424 έκειντο
1135 399 1168 434 τῇ
1184 399 1322 435 Τιϐεριάδι
1338 400 1421 437 λίμνῃ
1432 408 1439 415 ·
1457 401 1503 427 καὶ
1521 400 1662 435 μονονουχὶ
1680 401 1820 434 ποτήριον

1017 444 1111 475 αὐταῖς
1124 445 1171 471 τοῦ
1191 446 1324 481 σωτηρῐου
1338 447 1435 480 διδοὺς,
1449 448 1497 474 καὶ
1510 445 1581 474 οἶνον
1596 447 1745 482 προσάγων
1763 446 1818 472 τὸν

1017 490 1197 525 εὐφραίνοντα
1208 492 1321 527 καρδίαν
1337 492 1490 529 ἀνθρώπου,
1500 493 1531 520 τὸ
1542 494 1674 528 κήρυγμα
1687 492 1820 527 δηλονότι

1017 536 1048 562 τὸ
1070 537 1134 572 περὶ
1154 537 1284 572 Χριστοῦ.
1310 538 1395 565 Τοῦτο
1425 538 1532 574 πρῶτον
1556 540 1612 571 πίε,
1640 540 1718 574 φησι,
1743 539 1820 574 ταχὺ

1018 583 1101 614 ποίει,
1126 583 1198 610 τοῦτ’
1220 583 1304 616 ἐστιν,
1322 582 1344 611 ὦ
1373 584 1449 620 χώρα
1473 585 1616 612 Ζαϐουλὼν
1637 586 1686 612 καὶ
1705 585 1820 619 Νεφθα-

1018 629 1091 664 λεὶμ,
1103 629 1213 664 δέχεσθε
1227 630 1258 657 τὸ
1273 630 1405 666 κήρυγμα
1415 632 1446 658 τὸ
1463 633 1607 668 σωτήριον.
1617 631 1698 658 Ἀλλὰ
1709 632 1819 657 ποιεῖτε

1019 675 1098 709 ταχὺ,
1113 675 1185 701 τοῦτ’
1197 675 1255 702 ἔστι
1265 699 1271 708 ,
1290 676 1449 711 μελλησμοῦ
1465 677 1525 712 δίχα
1539 678 1652 708 παντός,
1673 677 1762 709 Ὀξεῖς
1773 676 1817 708 δὲ,

1020 720 1057 752 ὡς
1073 720 1152 755 ἔφην,
1166 722 1189 747 οἱ
1203 721 1336 757 μαθηταὶ,
1351 722 1398 748 καὶ
1411 722 1470 749 λίαν
1486 723 1603 757 ἑτοίμως
1622 723 1706 754 ἰόντες
1721 723 1769 748 ἐπὶ
1784 722 1819 748 τὸ

1020 767 1164 794 πιστεῦσαι
1178 768 1298 803 Χριστῷ.
1319 769 1518 804 Ἢκολοὺθησαν
1531 769 1585 805 γὰρ
1598 769 1678 800 εὐθὺς
1696 770 1819 804 ἀφέντες

1019 814 1053 840 τὰ
1067 814 1162 840 δίκτυα
1178 814 1225 840 καὶ
1240 815 1286 841 τὸν
1302 815 1419 850 πατέρα,
1439 817 1485 842 καὶ
1503 815 1700 850 μυσταγωγίας
1720 815 1818 846 αὐτοῖς

1019 859 1130 894 ἐδέησεν
1145 860 1175 886 οὑ
1192 861 1434 896 μακρᾶς.”Ηκουον
1448 862 1517 897 γάρ·
1531 871 1540 887 ι
1553 861 1635 888 Δεῦτε
1646 862 1735 887 ὀπίσω
1749 870 1816 896 μου,

1020 906 1066 932 καὶ
1090 906 1195 941 ποιήσω
1218 907 1290 941 ὑμᾶς
1315 907 1448 941 γενέσθαι,
1465 908 1550 940 ἁλιεῖς
1578 908 1743 943 ἀνθρώπων,
1766 908 1819 934 καὶ

1020 951 1206 987 ἠκολούθησαν
1225 952 1308 988 αὐτῷ.
1330 962 1339 979 ι
1371 954 1450 980 Κατὰ
1473 954 1519 980 τὸν
1545 952 1604 980 ἴσον
1632 954 1736 989 τρόπον
1767 953 1818 980 καὶ

1019 999 1129 1033 ἑτέρους
1143 999 1198 1026 τῶν
1219 999 1305 1033 ἁγίων
1321 1001 1478 1027 ἀποστόλων
1493 1001 1680 1036 κεκλημένους
1698 1001 1818 1035 εὑρήσο-

1020 1053 1080 1079 μεν,
1100 1046 1148 1072 καὶ
1166 1046 1351 1081 πεποιηκότας
1365 1047 1414 1081 τῆς
1427 1047 1472 1073 ἐπὶ
1487 1046 1599 1082 Χριστῷ
1616 1046 1818 1081 μυσταγωγίας

1017 1091 1062 1117 τὸν
1079 1091 1168 1126 λόγον.
1184 1093 1286 1128 Γράφει
1304 1094 1359 1129 γὰρ
1380 1095 1508 1129 Ἰωάννης
1530 1094 1579 1120 ὡδὶ
1601 1093 1665 1128 περὶ
1684 1093 1733 1119 τοῦ
1749 1093 1818 1119 πὰν-

1017 1147 1071 1165 των
1084 1139 1162 1174 ἡμῶν
1178 1139 1304 1175 Σωτῆρος
1324 1139 1442 1175 Χριστοῦ
1453 1148 1459 1154 '
1476 1151 1484 1165 ι
1504 1140 1543 1175 Τῇ
1560 1139 1692 1174 ἐπαύριον
1712 1139 1817 1174 ¹ἠθέλη-

1018 1192 1064 1210 σεν
1079 1183 1196 1217 ἐξελθεῖν
1212 1186 1252 1215 είς
1268 1185 1316 1220 τὴν
1332 1185 1476 1212 Γαλιλαίαν
1487 1193 1493 1200 ·
1509 1185 1555 1212 καὶ
1572 1185 1697 1220 εὑρίσκει
1718 1185 1818 1210 Φίλιπ-

1017 1238 1078 1261 πον,
1094 1230 1140 1256 καὶ
1157 1230 1229 1264 λέγει
1243 1231 1339 1266 αὐτῷό
1357 1231 1471 1267 Ἰησοῦς·
1487 1231 1641 1258 Ἀκολούθει
1655 1228 1776 1266 μοι.Ἧν
1788 1230 1818 1257 δὲ

1017 1276 1031 1301 ό
1054 1276 1188 1308 Φίλιππος
1215 1276 1269 1302 ἀπὸ
1286 1276 1425 1312 Βηθσαϊδὰ
1449 1277 1481 1303 ὲκ
1503 1277 1551 1312 τῆς
1572 1276 1664 1312 χώρας
1686 1276 1817 1311 Ἀνδρέου

1018 1322 1064 1349 καὶ
1090 1322 1205 1357 Πέτρου.
1228 1322 1358 1358 Εὐρίσκει
1380 1323 1513 1354 Φίλιππος
1533 1323 1578 1349 τὸν
1594 1322 1744 1357 Ναθαναὴλ
1769 1322 1818 1348 καὶ

1017 1368 1091 1403 λέγει
1110 1368 1200 1404 αὐτῷ·
1222 1369 1269 1395 Ὃν
1285 1369 1388 1404 ἔγραψε
1407 1369 1510 1403 Μωσῆς
1526 1370 1554 1395 ὲν
1572 1368 1611 1403 τῷ
1625 1369 1714 1403 νόμῳ,
1730 1368 1777 1394 καὶ
1791 1368 1818 1394 οἱ

1018 1415 1164 1450 προφῆται,
1185 1414 1344 1449 εὑρήκαμεν
1378 1413 1484 1449 Ἰησοῦν
1500 1414 1558 1441 υἱὸν
1576 1413 1623 1440 τοῦ
1647 1413 1751 1448 Ἰωσὴφ
1770 1413 1818 1440 τόν

1017 1461 1071 1487 ἀπὸ
1086 1460 1222 1496 Ναζαρέθ.
1239 1470 1248 1485 ι
1260 1459 1369 1496 Ἐπειδὴ
1381 1460 1408 1486 δὲ
1424 1460 1538 1495 ἀφίκετο
1553 1460 1621 1496 προς
1635 1460 1680 1486 τὸν
1697 1459 1816 1495 Ἰησοῦν,

1017 1505 1076 1534 alta.
1091 1506 1215 1540 λέγοντος
1227 1507 1338 1542 ἤκουσε·
1350 1517 1359 1532 ι
1373 1506 1428 1542 Πρὸ
1436 1506 1483 1533 τοῦ
1500 1515 1529 1532 σε
1544 1506 1676 1532 Φίλιππον
1690 1505 1818 1540 φωνῆσαι

1017 1554 1082 1581 ὄντα
1105 1555 1157 1581 ὑπὸ
1170 1554 1220 1589 τὴν
1246 1555 1331 1584 συκῆν
1355 1552 1423 1580 εἶδόν
1445 1563 1487 1585 σε,
1502 1563 1511 1579 ι
1533 1553 1701 1580 πεπίστευκε
1727 1561 1817 1587 παρα-

1018 1601 1122 1635 χρῆμα,
1138 1601 1184 1627 καὶ
1198 1601 1229 1636 δὴ
1243 1601 1290 1627 καὶ
1307 1600 1443 1636 ἀνέκραγε
1463 1599 1566 1633 λέγων·
1585 1609 1594 1623 ί
1613 1599 1703 1630 Ῥαϐι,
1719 1599 1751 1625 σὺ
1766 1596 1790 1624 εἴ
1802 1598 1818 1624 ὸ

1021 1647 1085 1678 Υἱὸς
1112 1647 1159 1674 τοῦ
1183 1647 1262 1680 Θεοῦ,
1287 1648 1318 1674 σὺ
1344 1645 1370 1674 εἴ
1393 1649 1406 1673 ὁ
1429 1647 1556 1682 βασιλεὺς
1579 1646 1628 1672 τοῦ
1660 1646 1781 1681 Ἰσραήλ.
1805 1654 1814 1671 ι

1020 1692 1157 1728 Βηθσαϊδὰ
1172 1693 1200 1719 δὲ
1213 1693 1293 1720 πάλιν
1309 1693 1338 1725 ἐξ
1362 1691 1396 1729 ἦς
1411 1693 1425 1718 ό
1438 1692 1571 1723 Φίλιππος
1591 1690 1625 1727 ἦν
1643 1691 1692 1718 καὶ
1708 1691 1758 1725 μέν
1775 1698 1817 1716 τοι.

1020 1738 1178 1774 Ναθαναὴλ,
1204 1738 1351 1774 παρέκειτο
1381 1740 1413 1774 τῇ
1448 1738 1570 1774 θαλάσσῃ
1596 1739 1627 1772 τῇ
1661 1735 1814 1772 Τιϐεριάδι.

1020 1785 1208 1820 Διαμὲμνηται
1231 1785 1259 1811 δὲ
1275 1785 1321 1810 καὶ
1342 1784 1356 1810 ὁ
1382 1784 1516 1819 μακάριος
1532 1783 1612 1810 Δαϐὶδ
1627 1784 1676 1818 τῆς
1695 1782 1752 1808 τῶν
1766 1790 1816 1817 μα-

1021 1830 1110 1866 θητῶν
1130 1831 1322 1866 ἀναρῥήσεως,
1347 1829 1393 1856 καί
1417 1838 1514 1865 φησιν·
1537 1839 1546 1855 ι
1569 1830 1641 1855 Ἐκεῖ
1667 1828 1815 1863 Βενιαμεὶν

1021 1875 1153 1911 νεώτερος
1173 1877 1202 1902 ἐν
1216 1876 1354 1908 ἐκστάσει,
1376 1875 1504 1911 ἄρχοντες
1522 1874 1607 1900 Ἰούδα
1619 1873 1756 1908 ἡγεμόνες
1767 1873 1815 1899 αὺ-

1020 1921 1085 1948 τῶν·
1102 1922 1230 1957 ἄρχοντες
1241 1921 1394 1953 Ζαϐουλὼν,
1410 1921 1539 1956 ἄρχοντες
1549 1919 1719 1954 Νεφθαλείμ.
1734 1928 1744 1944 ι
1755 1918 1815 1946 Ὀτι

1020 1967 1047 1994 δὲ
1071 1967 1182 2003 ἔμελλον
1203 1969 1233 1994 οὐ
1255 1968 1330 2002 μόνοι
1350 1967 1536 2002 κληθήσεσθαι
1556 1966 1628 1992 κατὰ
1651 1965 1770 2001 καιροῦς
1792 1965 1815 1990 οι

1022 2013 1162 2040 θεσπέσιοι
1184 2014 1315 2049 μαθηταὶ,
1330 2013 1399 2040 ἀλλὰ
1415 2013 1468 2048 γὰρ
1485 2013 1530 2039 καὶ
1543 2013 1571 2038 αἱ
1586 2012 1640 2038 τῶν
1655 2012 1744 2038 ἐθνῶν
1758 2011 1817 2045 ἀγέ-

1021 2060 1077 2092 λαι,
1095 2059 1266 2094 καταμηνύει
1284 2059 1449 2093 λέγων-Καὶ
1464 2060 1488 2085 οῐ
1507 2058 1596 2084 λοιποὶ
1620 2059 1644 2084 οἱ
1664 2057 1715 2092 τὴν
1728 2057 1817 2092 παρά-

1022 2105 1077 2132 λιον
1094 2105 1140 2132 καὶ
1162 2106 1249 2140 πέραν
1264 2105 1310 2131 τοῦ
1335 2104 1479 2140 Ἰορδάνου,
1504 2103 1634 2131 Γαλιλαία
1649 2103 1705 2130 τῶν
1720 2103 1814 2134 ἐθνῶν,

1021 2152 1035 2178 ὸ
1060 2151 1123 2182 λαὸς
1145 2152 1158 2178 ὁ
1175 2151 1357 2186 πορευόμενος
1375 2151 1405 2176 ὲν
1433 2150 1526 2177 σκότει
1545 2150 1602 2184 φῶς
1623 2149 1661 2175 ἴδε
1680 2149 1765 2183 μέγα.
1786 2148 1816 2175 οι

1022 2197 1210 2228 κατοικοῦντες
1224 2198 1252 2222 ὲν
1268 2196 1343 2232 χώρᾳ
1358 2197 1403 2222 καὶ
1421 2197 1485 2231 σκιᾷ
1499 2196 1627 2226 θανάτου,
1641 2195 1701 2230 φῶς
1714 2194 1816 2230 λάμψει

1027 2243 1068 2276 ἐφ’
1089 2243 1171 2277 ὑμᾶς.
1195 2241 1332 2274 Ἐϐάδιζον
1355 2241 1408 2277 γὰρ
1425 2241 1520 2276 ὥσπερ
1543 2242 1567 2267 οἱ
1591 2242 1620 2274 ἐξ
1645 2241 1744 2272 ἐθνῶν,
1772 2241 1818 2267 καὶ

1025 2289 1156 2324 διέτριϐον
1172 2290 1200 2314 ἐν
1213 2288 1280 2323 τῷδε
1298 2288 1336 2323 τῷ
1361 2288 1457 2323 κόσμῳ
1469 2296 1475 2302 '
1494 2288 1620 2323 καθάπερ
1643 2288 1668 2313 οὶ
1689 2289 1718 2313 ἐν
1742 2289 1818 2314 νυκτὶ

1026 2335 1072 2361 καὶ
1089 2336 1117 2360 ὲν
1134 2334 1232 2370 σκότῳ,
1247 2334 1291 2360 διά
1305 2343 1346 2360 τοι
1368 2334 1398 2360 τὸ
1410 2334 1467 2368 φῶς
1481 2334 1532 2360 οὐκ
1545 2334 1616 2369 ἔχειν
1630 2335 1671 2365 είς
1692 2334 1757 2361 νοῦν
1771 2335 1818 2369 τῆς

1026 2380 1140 2415 ἀληθοῦς
1156 2380 1330 2414 θεογνωσίας,
1353 2380 1463 2406 πίπτειν
1481 2381 1510 2406 δὲ
1523 2380 1618 2415 ὥσπερ
1632 2380 1706 2406 κατὰ
1721 2380 1817 2415 βόθρου

1027 2426 1141 2456 παντός·
1159 2425 1205 2451 καὶ
1223 2421 1268 2450 οἶὰ
1282 2433 1323 2456 τις
1340 2423 1406 2459 λίθῳ
1423 2426 1504 2451 παντὶ
1528 2425 1711 2460 προσπταίειν
1730 2424 1815 2459 κακῷ.

1027 2471 1171 2497 Κατοικεῖν
1181 2471 1209 2497 δὲ
1222 2471 1321 2502 αὐτοὺς
1335 2471 1363 2496 ὲν
1372 2470 1448 2506 χώρᾳ
1460 2471 1506 2497 καὶ
1521 2472 1585 2505 σκιᾷ
1594 2470 1712 2498 θανάτου
1725 2472 1814 2506 φησὶν,

1026 2515 1069 2541 διὰ
1085 2515 1115 2541 τὸ
1135 2513 1204 2542 εἶναι
1227 2517 1290 2551 παρ’
1308 2516 1399 2547 αὐτοῖς
1412 2537 1419 2547 ,
1438 2517 1521 2551 ἣγουν
1540 2518 1568 2543 ὲν
1585 2518 1646 2548 ταῖς
1663 2518 1756 2543 αὐτῶν
1771 2516 1817 2551 χὼ.

1028 2562 1200 2597 ραις,Ξ-;ερον
1214 2562 1298 2594 οὐδὲν,
1312 2562 1382 2598 πλὴν
1393 2563 1435 2589 ὅτι
1449 2564 1533 2598 μόνην
1546 2564 1630 2598 ἀχλὺν
1644 2564 1691 2590 καὶ
1711 2564 1816 2595 σκότον,

1027 2607 1071 2633 τὸν
1085 2608 1178 2642 νοητὸν
1194 2608 1323 2642 δηλονότι,
1340 2607 1408 2636 εἶναι
1422 2609 1449 2635 δὲ
1463 2609 1557 2645 ὥσπερ
1572 2610 1600 2635 ἐν
1617 2608 1749 2643 ὁμοιώσει
1766 2609 1816 2635 τῶν

1026 2653 1190 2684 τεθνεώτων.
1209 2655 1296 2682 καίτοι
1316 2655 1420 2687 ζῶντας
1437 2656 1487 2684 ἔτι.
1506 2657 1537 2683 Ἦ
1554 2657 1602 2692 μὲν
1624 2656 1680 2691 γὰρ
1700 2656 1756 2682 τῶν
1772 2665 1818 2682 σω-

1030 2699 1122 2735 μάτων
1150 2700 1212 2727 σκιὰ
1237 2703 1360 2735 μιμεῖται
1377 2702 1486 2734 πάντως
1511 2702 1599 2728 αὐτῶν
1623 2701 1659 2728 τὰ
1678 2703 1815 2736 σχήματα,

1029 2745 1211 2780 παραλλάττει
1224 2746 1252 2772 δὲ
1270 2747 1338 2778 ὅλως
1361 2747 1421 2774 κατ’
1432 2747 1527 2774 οὐδένα
1546 2748 1657 2783 τρόπον,
1673 2748 1738 2774 ὅσον
1753 2746 1816 2783 ἧκεν

1029 2793 1068 2824 εἰς
1085 2792 1234 2827 ἐμφέρειαν
1254 2793 1302 2828 τὴν
1319 2794 1356 2825 ὡς
1374 2795 1402 2821 ὲν
1419 2794 1539 2830 σχήματι
1564 2793 1653 2830 λέγω·
1670 2794 1717 2821 τὸν
1737 2794 1765 2820 δέ
1787 2801 1815 2827 γε

1029 2871 1050 2886 ⁸⁸
1065 2871 1105 2897 νε
1119 2870 1134 2896 Ι.
1146 2878 1228 2903 van,
1241 2871 1286 2898 28.
