1887 3054
48 113 105 142 ea)
667 119 700 148 ΙΝ
718 120 835 149 ISAIAM
855 123 873 150 L

942 125 962 152 Ι.
984 124 1088 153 ORAT.
1112 124 1142 154 ν.
1659 136 1711 160 250

49 171 122 197 θεὸν
137 170 199 196 οὐκ
211 169 316 197 εἰδέναι
334 172 383 198 τὶν
398 172 478 213 φύσει
494 175 540 201 καὶ
549 175 670 210 ἀληθῶς,
685 178 798 214 μίμημά
811 180 868 210 πώς

941 181 1041 209 ositum
1054 187 1096 210 est
1108 191 1156 217 pro
1167 182 1288 217 VocaSIi,
1302 188 1327 212 et
1339 185 1487 218 redemisti,
1502 187 1582 214 νιιιυιί
1594 190 1711 223 caplivo:

50 220 115 244 ἐστι
134 217 194 243 καὶ
209 217 275 243 σκιὰ
286 217 420 247 θανάτου.
440 220 520 247 Ἀ).λὰ
535 223 591 253 τοῖς
608 223 699 250 ἐκεῖνα
714 225 871 260 νενοσηκόςι

944 225 1022 252 iuboli
1046 227 1198 262 tyrannide.
1218 237 1227 254 ι
1243 228 1274 256 Hi
1289 229 1451 258 laetabuntur
1468 239 1559 258 coram
1585 217 1712 267 te,.quasi

52 263 304 314 ;G);A.£7t{AGIMPE,
318 264 391 299 μετὰ
405 265 434 291 τὸ
448 266 523 302 παρὰ
537 267 656 302 Χριστοῦ
676 269 809 304 δηλονότι,
826 271 873 297 καὶ

945 274 971 300 ui
988 274 1113 301 laetantur
1130 276 1155 302 in
1173 283 1270 308 messe,
1287 279 1513 310 quemadmodum
1532 279 1578 314 qui
1593 280 1712 308 ditidunt

52 310 83 335 τὸ
114 308 273 343 θέσπισμα
299 310 332 336 τὸ
361 311 551 345 εὐαγγελικόν.
580 314 702 341 Ἐκεῖθεν
724 315 820 350 γέγονε
845 316 873 343 τὺ

940 319 1018 351 polia.
1035 329 1044 345 ι
1068 319 1198 347 Bil‘ariam
1224 326 1313 348 autem
1333 323 1513 358 intelligemus
1537 325 1594 352 haec
1619 327 1712 353 verba.

55 355 196 381 τᾴεῖπον
216 355 265 381 τοῦ
285 355 366 388 λαοῦ,
393 357 422 383 ὃν
445 359 600 393 κατήγαγες
617 361 645 386 ὲν
663 362 695 396 τῇ
720 362 873 399 εὐφροσύνῃ

940 362 991 390 iam
1007 365 1028 391 si
1042 364 1125 392 diVini
1141 366 1264 400 discipuli
1282 367 1346 400 sint,
1367 369 1412 402 qui
1431 370 1555 396 lastantur
1571 369 1596 396 in
1613 378 1712 403 utesse,

56 409 118 426 σου.
135 400 261 432 [Ιλείους
276 402 333 438 γὰρ
350 402 411 429 λίαν
433 405 457 430 οἱ
470 404 498 437 ἐξ
516 405 600 431 ἐθνῶν
616 406 781 442 κεκλημένοι
799 408 873 444 παρὰ

943 414 951 435 ι
970 409 1092 436 dividunt
1115 411 1210 444 spolia,
1229 412 1290 438 dum
1311 400 1438 439 nimirum
1461 418 1554 448 gentes
1570 400 1712 449 colligunt;

58 447 125 477 τοὺς
152 447 368 480 πιστεύσαντας
389 448 420 481 ἐξ
448 451 567 486 Ἰσραήλ.
594 451 700 478 Οὐκοῦν
725 452 782 487 ςῶς
808 452 872 487 εἶδε,

942 454 1006 482 eluti
1031 454 1194 484 frumentum
1217 457 1244 484 in
1263 458 1388 485 horreum
1410 447 1584 493 dominicum,
1602 447 1711 488 etanti-

59 494 142 528 φησὶ,
162 494 254 529 μέγα,
281 495 312 522 τὺ
333 496 519 524 πλεῖστοντοῦ
535 498 610 532 λαοῦ,
634 499 648 525 ὅ
671 501 828 535 κατήγαγες
846 502 873 528 ὲν

944 509 1006 528 ιιιηη
1019 509 1139 529 errorem
1156 508 1305 538 amputant.
1323 505 1420 539 gaudio
1435 505 1587 533 alliciuntur
1602 507 1711 540 perinde

61 540 232 576 εὑφῳτόνῃ
248 550 308 568 σου.
322 542 358 568 Τὸ
376 543 404 569 δὲ
418 544 592 579 Κατήγαγες,
604 546 663 572 ἀντὶ
678 547 736 579 τοῦ,
762 548 873 574 Ἀνεκα-

942 553 956 572 c
978 545 994 572 ii
1012 546 1057 580 qui
1075 546 1101 572 in
1120 548 1193 581 agris
1215 551 1320 574 metunt
1335 558 1340 575 :
1355 553 1382 575 et
1400 548 1462 574 dum
1480 554 1606 583 tanquam
1621 555 1710 585 tyran-

62 585 152 618 ὶὲσω,
169 587 314 620 τέθεικεν,
332 590 379 615 καὶ
398 589 559 627 Ἐλυτρώσω
570 610 577 622 ,
592 591 719 628 καθάπερ
734 593 873 628 αἰχμαλώ-

945 592 982 617 ica
999 593 1022 618 vi
1037 592 1154 626 eripiunt
1171 602 1184 619 ει
1203 593 1302 620 Satana
1324 594 1461 626 seductos,
1477 600 1504 621 et
1520 602 1567 629 per
1586 595 1663 621 [idem
1678 595 1711 621 ad

63 640 131 662 τους
154 633 192 658 ἐκ
204 633 367 666 πλεονεξίας
379 635 536 671 διαϐολικῆς
547 638 758 672 γεγενημένους.
773 648 781 664 t
794 636 873 666 Οὗτοι

944 637 1050 664 ietatem
1072 639 1226 671 traducunt,
1242 641 1358 674 gaudent
1376 641 1452 674 quasi
1473 640 1519 676 qui
1541 641 1625 676 spolia
1644 641 1712 667 divi-

63 678 317 714 εὐφρανθήσονται
332 680 448 707 ἐνώπιόν
462 684 522 714 σου,
537 683 574 714 ὼς
584 684 609 709 οἱ
625 684 832 719 εὐφραινόμενοι
845 685 873 711 ἐν

940 687 1001 710 ηυηι.
1027 683 1133 710 Etenim
1156 684 1182 711 hi
1205 685 1280 718 illos,
1306 686 1342 712 illi
1369 687 1436 714 alios
1464 691 1667 721 pertnoverunt,
1686 691 1712 713 et

63 724 173 759 ἁμητῷ
185 734 192 739 ·
211 725 261 752 καὶ
280 726 310 752 ὃν
329 727 430 762 τρόπον
450 728 474 754 οἱ
491 727 675 764 διαιρούμενοι
693 729 724 756 τὰ
743 729 836 756 σκύλα.
861 739 871 756 ι

940 728 1040 763 iugulis
1058 730 1084 756 in
1100 729 1206 757 lucrum
1225 732 1323 758 cedunt
1338 732 1364 758 hi
1382 732 1426 765 qui
1444 733 1543 759 servati
1565 736 1637 762 sunt,
1652 736 1680 757 ut
1699 738 1714 757 e

62 772 220 807 Νοήσομεν
237 774 265 800 δὲ
283 774 344 810 διχῆ
366 775 420 802 τῶν
435 777 624 811 προκειμένων
637 777 686 813 τὴν
700 777 824 813 δήλωσιν.
842 779 873 805 EI

940 775 996 802 nello
1019 777 1104 810 spolia
1129 777 1286 804 victoribus.
1311 779 1358 805 Sin
1374 779 1406 805 de
1426 778 1467 805 his
1483 779 1526 812 qui
1543 778 1713 805 crediderunt

66 817 118 851 μὲν
135 818 195 854 γὰρ
213 818 270 845 εἷεν
283 820 307 846 οἱ
325 820 464 847 θεσπέσιοι
486 821 605 858 μαθηταὶ
624 823 648 849 οῑ
663 823 873 858 εὐφραινόμενοι

940 824 994 849 ςῑιιιι
1013 824 1083 850 dicat
1099 833 1105 851 :
1122 824 1313 858 intelligemus,
1331 832 1377 851 eos
1397 833 1456 851 cum
1475 825 1576 851 erroris
1595 830 1715 858 tempore

66 865 95 889 ὲν
112 864 232 900 ἀμητῷ,
256 866 305 892 καὶ
327 866 512 902 διαιρούμενοι
536 868 632 901 σκύλα,
647 869 736 904 φαμὲν
748 870 789 896 ὅτι
811 871 873 902 τοὺς

940 868 1027 894 ntllum
1046 868 1161 895 fructum
1176 867 1289 902 justitiaa
1306 869 1445 901 haberent,
1462 869 1512 895 hoc
1529 869 1670 895 credentes
1687 868 1712 895 in

67 909 96 941 ἐξ
108 909 201 936 ὲθνῶν
219 911 397 945 συλλέγοντες
413 913 538 950 καθάπερ
557 914 618 941 τινὰ
641 916 714 941 σῖτον
734 915 773 946 είς
799 916 871 942 ἀπο-

69 956 161 990 ὺὴκην
185 956 365 994 δεσποτικὴν,
390 959 439 985 καὶ
464 960 515 994 τῆς
539 960 655 995 ἀρχαίας
681 960 876 995 ἀποκείροντες

69 1000 191 1035 πλάνης,
218 1001 413 1038 εὐφραίνονται
438 1004 508 1031 κατὰ
530 1004 576 1032 τὸν
602 1003 660 1032 ῐσον
688 1005 788 1041 τρόπον
817 1007 873 1037 τοῖς

70 1046 180 1080 ἁμῶσιν
196 1048 228 1074 ὲν
244 1049 352 1084 ἀγροῖς.
368 1050 537 1084 ἁρπάζοντες
550 1051 578 1078 δὲ
593 1051 720 1087 καθάπερ
731 1052 763 1078 ὲκ
774 1059 874 1086 τυραν-

71 1094 150 1128 vuci‘lg
164 1094 329 1128 πλεονεξίας
342 1096 406 1127 τοὺς
420 1097 612 1132 ἠπατημένους
626 1098 679 1124 ὑπὸ
692 1097 739 1124 τοῦ
753 1097 871 1130 Σατανᾶ,

74 1140 119 1165 καὶ
148 1139 332 1174 μεθιστάντες
360 1141 404 1168 διὰ
433 1143 483 1178 τῆς
509 1143 626 1174 πίστεως
652 1144 692 1175 εἰς
721 1143 872 1174 εὺσέὃειαν,

924 913 1064 941 Christum
1080 914 1245 947 implevisse.
1260 913 1310 947 Qui
1325 915 1406 941 etiam
1420 914 1484 940 olim
1503 914 1598 941 vastati
1614 918 1641 940 et
1654 921 1713 940 cum

929 966 943 985 a
963 959 1101 986 daemoniis
1114 964 1168 985 tum
1187 967 1201 985 a
1217 959 1318 986 Satana
1337 959 1444 992 direpti,
1460 966 1506 985 eos
1520 959 1564 993 qui
1580 959 1712 992 quondam

927 1006 1089 1039 spoliabant,
1107 1005 1267 1037 diviserunt,
1294 1010 1321 1032 et
1337 1012 1429 1032 eorum
1446 1005 1546 1031 malitia
1562 1005 1715 1038 superiores

926 1051 1100 1079 exstiterunt.
1122 1051 1214 1085 Itaque
1234 1051 1320 1086 gavisi
1340 1056 1403 1078 sunt
1424 1055 1451 1078 et
1471 1051 1533 1085 ipsi,
1549 1051 1626 1077 sicuti
1650 1058 1712 1085 pm<

926 1097 1006 1131 pheta
1032 1097 1107 1129 dicit,
1146 1101 1271 1131 tauquam
1294 1097 1340 1132 qui
1364 1097 1490 1123 lzetantur
1510 1096 1538 1124 in
1565 1103 1662 1130 messe,
1689 1100 1716 1123 et

927 1143 1153 1176 quemadmodum
1168 1142 1194 1169 hi
1210 1143 1254 1176 qui
1269 1143 1392 1169 dividunt
1405 1143 1502 1177 spolia.

73 1185 217 1220 χαίρουσιν
233 1187 273 1218 ὡς
287 1188 311 1214 ol
332 1188 517 1224 διαιρούμενοι
533 1189 565 1216 τὰ
583 1189 677 1217 σκύλα.
696 1191 726 1216 Οἱ
743 1190 792 1225 μὲν
812 1190 867 1224 γὰρ
881 1187 1002 1221 τούτους,
1025 1189 1049 1215 οἰ
1065 1188 1093 1214 δὲ
1110 1188 1231 1220 ἐκείνους
1251 1188 1375 1216 ἔπειθον·
1391 1191 1438 1217 καὶ
1453 1190 1560 1224 ἑκάστῳ
1577 1187 1671 1224 κέρδος
1689 1188 1714 1214 οί

75 1233 256 1267 σεσωσμένοι,
273 1234 400 1270 καθάπερ
426 1237 482 1266 τοῖς
503 1235 657 1270 νενικηκόσι
680 1235 714 1262 τὰ
731 1236 762 1262 ἐκ
779 1235 826 1261 τοῦ
842 1234 960 1269 πολέμου
979 1233 1073 1261 σκύλα.
1097 1235 1129 1262 Ei
1151 1235 1179 1261 δὲ
1195 1235 1227 1270 δὴ
1247 1236 1381 1271 περὶτῶν
1401 1237 1623 1264 πεπιστευκότων
1642 1236 1715 1272 εἱρῆ-

77 1280 138 1306 aeut
161 1280 240 1314 λέγοι
268 1282 358 1315 ταυτὶ,
387 1283 568 1318 ἐννοήσωμεν,
591 1283 631 1310 ὅτι
650 1283 720 1310 κατὰ
741 1283 786 1310 τὸν
803 1283 850 1309 τοῦ
867 1281 1019 1309 πλανᾶσθαι
1036 1282 1143 1318 καιρὸν,
1163 1282 1268 1317 καρπὸν
1291 1284 1386 1310 οὐδένα
1408 1284 1579 1318 δικαιοσύνης
1598 1284 1715 1319 ἔχοντες,

77 1327 284 1362 πεπλουτήκασι
296 1329 391 1356 τοῦτον
410 1331 623 1362 πεπιστευκότες
639 1332 680 1362 εἰς
696 1330 823 1365 Χριστόν.
838 1329 921 1356 Ἀλλὰ
937 1329 984 1356 καὶ
1000 1328 1084 1356 πάλαι
1100 1329 1279 1364 πορθούμενοι
1297 1331 1344 1357 καὶ
1361 1330 1573 1366 διαρπαζόμενοι
1592 1330 1668 1365 παρά
1685 1337 1716 1356 τε

78 1371 128 1398 τῶν
142 1372 294 1408 δαιμονίων
308 1375 356 1402 καὶ
369 1375 416 1402 τοῦ
430 1376 546 1406 Σατανᾶ,
561 1377 720 1411 νενικήκασι
730 1375 773 1402 διὰ
786 1374 916 1411 Χριστοῦ,
931 1375 994 1405 τοὺς
1009 1374 1092 1401 πάλαι
1108 1374 1296 1408 σκυλεύοντας,
1312 1377 1358 1403 καὶ
1371 1377 1511 1412 κρείττους
1526 1376 1652 1410 γεγόνασι
1666 1375 1715 1410 τῆς

79 1419 190 1447 ἐκείνων
208 1421 382 1456 σκαιότητος.
403 1422 506 1449 Οὐκοῦν
520 1423 710 1459 εὐφραίνονται
721 1423 768 1449 καὶ
782 1422 868 1454 αὐτοὶ,
881 1421 954 1449 καθά
965 1429 1047 1456 φησιν
1061 1422 1075 1447 ὁ
1087 1422 1236 1457 προφήτης,
1249 1423 1287 1454 ὡς
1303 1423 1328 1450 οἰ
1345 1423 1552 1458 εὐφραινόμενοι
1565 1424 1594 1450 ὲν
1607 1421 1716 1458 ἁμητῷ,

80 1468 125 1494 καὶ
134 1467 164 1494 ὃν
174 1469 277 1503 τρόπον
291 1471 316 1496 οἱ
327 1469 510 1506 διαιρούμενοι
523 1471 618 1498 σκύλα.

114 1515 189 1541 Διότι
203 1514 438 1549 ἀφαιρεθήσεται
457 1518 473 1542 ὀ
488 1515 574 1552 ζυγὸς
591 1518 607 1544 ό
628 1517 674 1543 ἐπ’
692 1515 793 1543 αὐτῶν
806 1514 865 1542 κεί-

955 1514 1033 1550 152
1049 1514 1127 1542 Vens.
1141 1513 1167 1541 4.
1179 1513 1247 1546 Quia
1261 1513 1367 1541 tolletur
1375 1514 1468 1549 jugnm
1480 1514 1505 1547 ip
1520 1514 1542 1540 is
1552 1513 1716 1548 impositum,

79 1568 177 1595 μενος.
194 1560 244 1587 καὶ
262 1560 281 1593 ἡ
295 1560 408 1594 ῥάϐδος
425 1562 442 1595 ἡ
460 1561 509 1587 ἐπὶ
523 1561 577 1588 τοῦ
592 1561 744 1595 τραχήλου
761 1560 871 1588 αὐτῶν.

85 1607 142 1640 Τὴν
163 1607 219 1642 τὰρ
242 1607 358 1641 ῥάϐδον
381 1607 441 1634 τῶν
461 1608 669 1635 ἀπαιτούντων
696 1607 874 1636 διεσκέδασε

84 1653 186 1686 ΚίῬιος
201 1653 243 1685 ὡς
261 1652 298 1686 τῇ
314 1652 409 1686 ἡμέρᾳ
424 1652 460 1686 τῇ
473 1653 520 1679 ἐπὶ
541 1653 670 1688 Μαδιάμ.

123 1698 296 1734 Ἐλευθέρους
319 1699 399 1730 ὄντας
423 1700 486 1730 τοὺς
509 1700 555 1725 ἐπὶ
578 1700 627 1735 τῆς
650 1700 720 1735 γῆς,
747 1700 794 1726 καὶ
813 1700 874 1727 κατ’

86 1745 174 1772 εἰκόνα
183 1745 233 1780 τὴν
247 1745 323 1772 θείαν
337 1743 367 1772 εὖ
385 1745 455 1781 μάλα
469 1746 680 1781 πεποιημένους,
697 1746 875 1781 ἐκτισμένους

87 1800 124 1821 τε,
136 1789 208 1817 καθά
223 1799 306 1826 φησιν
318 1791 332 1817 ὁ
355 1792 489 1827 μακάριος
501 1791 616 1824 Παῦλος,
632 1792 678 1818 ἐπὶ
693 1792 784 1828 ἔργοις
803 1793 875 1826 ἀγα-

89 1835 150 1866 θοῖς,
169 1832 211 1867 οἷς
234 1835 438 1871 προητοίμασεν
460 1837 474 1862 ὁ
494 1834 570 1868 θεὸς,
587 1837 629 1863 ἵνα
644 1838 673 1863 ἐν
688 1837 780 1868 αὐτοῖς
794 1846 874 1874 περι-

89 1882 260 1916 πατήσωμεν,
283 1881 516 1918 πεπλεονέκτηκεν
538 1883 568 1909 οὺ
585 1883 701 1918 μετρίως
719 1883 732 1909 ὁ
747 1883 796 1917 τῆς
812 1883 875 1910 ἁνο-

91 1925 150 1960 μίας
166 1925 291 1961 εὑρετὴς,
309 1925 356 1952 καὶ
373 1925 422 1960 τῆς
437 1927 476 1958 εἰς
499 1926 564 1952 Θεὸν
581 1927 736 1961 ἀποστήσας
751 1926 873 1960 ἀγάπης,

91 1970 166 2002 ἰδίους
180 1972 328 2006 ἐποιήσατο
348 1971 549 2006 προσκυνητὰς,
570 1970 766 2005 δυσδιάφυκτον
782 1970 874 2002 αὐτοῖς

91 2017 242 2053 tum“;
266 2016 312 2043 τὸν
335 2018 386 2052 τῆς
411 2016 549 2052 ἁμαρτίας
571 2016 664 2050 ζυγόν,
695 2016 874 2051 Πεπραχότας

91 2064 174 2091 τοίνυν
192 2062 303 2094 ἀθλίως,
326 2063 373 2089 καὶ
405 2063 434 2089 ἐν
459 2062 563 2094 τούτοις
586 2063 665 2093 ὄντας
687 2063 743 2094 τοίς
767 2062 873 2093 κακοῖς,

94 2110 203 2145 μάλιστα
220 2109 285 2139 τοὺς
298 2108 328 2140 ἐξ
343 2108 428 2136 ὲονῶν
440 2108 576 2144 ἐρρύσατο
588 2108 715 2144 Χριστὸς,
732 2108 779 2135 καὶ
793 2107 874 2134 πάλιν

93 2156 222 2190 ἀπέφηνεν
232 2153 402 2189 ἐλευθέρους.
420 2153 514 2191 Ταύτῃ
523 2154 564 2180 τοί
577 2162 659 2188 φησιν
668 2162 674 2168 ·
694 2163 703 2179 ι
715 2153 876 2189 ’Λφαιρεθή-

93 2209 163 2227 σεται
176 2201 190 2227 ὁ
204 2199 286 2233 ζυγὸς
299 2200 313 2225 ό
331 2199 374 2225 ἐπ’
387 2198 477 2225 αὐτῶν
491 2199 627 2233 κείμενος,
650 2198 697 2225 κα)⁵
711 2199 728 2234 ή
744 2197 844 2233 ῥάϐδος
858 2197 875 2233 ἠ
894 2191 916 2219 Ῑ)

94 2245 185 2273 ἐπὶτοῦ
196 2245 332 2281 τραχήλου
346 2245 446 2271 αὐτῶν.
462 2255 471 2270 ι
489 2244 598 2271 Ῥάϐδον
613 2244 641 2271 δὲ
652 2242 737 2279 οἶμαι,
753 2242 874 2278 φησὶν,ἢ

94 2293 121 2319 τὸ
135 2292 280 2327 σκῆπτρον,
296 2291 368 2318 τοῦτ’
383 2291 450 2324 ἐστι,
467 2291 515 2326 τὴν
540 2290 691 2325 βασιλείαν,
704 2289 783 2325 δῆλον
793 2289 822 2316 δὲ
833 2289 875 2316 ὃτι

95 2339 139 2374 τὴν
149 2338 193 2364 τοῦ
207 2338 326 2370 Σατανᾶ,
340 2337 357 2372 ἢ
373 2338 442 2372 τάχα
466 2345 516 2363 που
535 2337 584 2372 τήν
605 2337 738 2371 ἀνάγκην,
763 2337 810 2363 καὶ
826 2336 875 2371 τὴν

96 2385 167 2411 οἱονεὶ
179 2385 284 2419 πληγήν
297 2392 327 2410 τε
343 2384 390 2411 καὶ
407 2383 536 2418 μάστιγα.
555 2383 666 2418 Συνέχει
680 2383 734 2418 γὰρ
750 2383 823 2417 ἡμᾶς
835 2383 876 2414 είς

97 2430 124 2457 τὸ
135 2431 226 2457 οἰκεῖον
241 2429 350 2465 θέλημα
362 2429 393 2456 τὺ
406 2429 503 2464 μιαρὸν
522 2430 568 2456 καὶ
581 2429 695 2464 βέϐηλον
708 2429 761 2455 τῶν
779 2429 874 2463 δαιμο-

98 2475 153 2502 νίων
163 2475 192 2502 τὸ
208 2475 318 2510 στίφος,
333 2475 382 2502 καὶ
397 2474 411 2500 ὁ
431 2474 532 2501 τούτων
549 2475 700 2510 ἡγούμενος
713 2475 727 2501 ὀ
742 2475 873 2507 Σατανᾶς,

101 2523 226 2557 μονονουχὶ
249 2522 343 2557 ῥάϐδῳ
364 2521 525 2549 καταπαίων
540 2523 601 2553 ταῖς
617 2522 671 2548 τῶν
685 2521 779 2548 παθῶν
796 2521 875 2548 δυνα-

101 2569 204 2600 στείαις,
222 2568 241 2595 ἃ.
257 2567 389 2603 ἐπιφέρει
409 2567 448 2602 τῷ
467 2568 516 2603 νῷ,
539 2568 586 2594 καὶ
611 2568 806 2600 καταϐιάζεται
825 2567 874 2602 τὴν

101 2614 196 2650 καρδίαν
208 2615 247 2645 είς
260 2614 292 2641 τὸ
306 2614 375 2649 δρᾷν
392 2613 491 2640 ἐθέλειν
504 2613 522 2640 ἂ
536 2613 574 2649 μὴ
592 2613 681 2649 θέμις.
702 2614 873 2640 Ἀποσείσον-

101 2671 137 2688 ται
153 2661 246 2694 τοίνυν,
262 2661 345 2696 φησὶ,
363 2659 409 2686 τὸν
427 2661 459 2687 ἐκ
474 2659 630 2693 πλεονεξίας
643 2660 735 2694 ζυγὸν,
756 2660 802 2686 καὶ
821 2659 873 2695 μὴν

102 2707 140 2733 καὶ
154 2705 196 2742 τὴν
215 2706 326 2742 ῥάϐδον,
345 2706 379 2740 ἣν
396 2707 542 2741 ἐσχήκασιν
563 2706 605 2732 ἀεὶ
627 2707 697 2733 κατὰ
711 2706 757 2733 τοῦ
773 2707 873 2742 τραχή·

102 2753 148 2784 Ξὺν,
170 2752 293 2787 καθάπερ
319 2751 425 2778 οἰκέται
453 2753 511 2784 ταῖς
535 2752 580 2779 τοῦ
603 2753 732 2780 δεσπότου
757 2755 874 2788 πληγαῖς

130 2832 147 2846 "
161 2831 250 2867 Ephcs.
267 2840 297 2863 ιι,
318 2831 357 2857 10.

924 1566 948 1588 et
977 1563 1049 1596 virga
1070 1569 1128 1596 qua'
1146 1569 1223 1594 super
1241 1560 1337 1586 collum
1363 1561 1491 1594 ipsorum.
1512 1559 1616 1593 Virgam
1646 1560 1716 1586 enim

924 1614 1076 1636 exactorum
1094 1609 1230 1642 dissipauit
1247 1607 1387 1640 Dominus,
1404 1606 1473 1634 velut
1492 1607 1520 1633 in
1534 1606 1577 1632 die
1593 1604 1716 1632 Madian.

961 1695 1027 1723 Cum
1042 1694 1119 1722 liberi
1135 1697 1226 1721 essem
1242 1694 1268 1720 in
1284 1698 1368 1726 terra,
1382 1697 1409 1720 et
1429 1692 1461 1719 ad
1485 1692 1631 1726 imaginem
1647 1691 1716 1718 divi~

926 1748 989 1768 nam
1009 1740 1191 1775 pulcherrime
1215 1739 1358 1772 fabricati,
1381 1739 1552 1773 conditique,
1572 1742 1602 1765 ut
1628 1738 1717 1772 inquit

924 1786 1018 1813 beatus
1039 1784 1138 1812 Paulus
1149 1785 1184 1818 ",
1206 1785 1238 1812 ad
1263 1792 1346 1818 opera
1370 1783 1441 1810 bona
1466 1791 1526 1818 qua:
1552 1784 1716 1817 praeparavit

924 1831 1011 1864 Deus.
1030 1836 1057 1858 ut
1077 1832 1102 1858 in
1123 1831 1175 1858 illis
1194 1829 1522 1865 ambularemusginvasit
1535 1837 1582 1856 eos
1597 1834 1623 1856 et
1644 1833 1716 1857 tutos

924 1877 1045 1912 possedit
1058 1876 1210 1911 iniquitatis
1225 1877 1359 1907 inventor.
1371 1879 1398 1902 et
1414 1882 1428 1901 a
1443 1875 1577 1902 charitate
1590 1875 1615 1901 in
1631 1875 1714 1902 Deum

924 1931 1046 1954 aversos,
1065 1922 1173 1957 proprie
1188 1929 1251 1949 suos
1268 1922 1386 1949 cultores
1405 1921 1532 1953 reddidit,
1551 1928 1583 1948 ac
1600 1921 1716 1947 inevita-

926 1967 979 1994 bile
996 1968 1099 2002 peccati
1113 1967 1207 2002 jugum
1223 1966 1361 2001 imposuit.
1374 1966 1468 2001 Itaque
1481 1966 1580 1993 tnisere
1593 1970 1715 2000 agentes,

926 2013 1022 2048 hisque
1040 2013 1066 2040 iu
1084 2014 1161 2040 malis
1178 2017 1299 2039 versatos
1313 2012 1428 2046 gentiles
1445 2012 1575 2043 maxime,
1589 2011 1716 2039 Christus

926 2060 1037 2095 eripuit,
1055 2060 1132 2087 etde
1153 2059 1258 2092 integro
1280 2059 1306 2085 in
1328 2058 1480 2085 libertatem
1495 2058 1650 2084 vindicavit.
1674 2057 1716 2084 ld~

925 2107 998 2134 circo
1012 2107 1066 2133 ait:
1080 2115 1088 2132 ι
1105 2105 1225 2132 Tolletur
1237 2105 1327 2139 jugmn
1342 2104 1407 2138 ipsis
1421 2104 1586 2138 impositum,
1599 2108 1624 2131 et
1640 2103 1716 2138 virga

926 2160 986 2188 qua!
997 2157 1038 2180 est
1056 2152 1081 2178 in
1096 2151 1164 2178 collo
1179 2158 1284 2178 eorum.
1301 2159 1311 2176 ι
1327 2149 1437 2184 Virgam
1453 2155 1555 2183 autem,
1569 2149 1660 2180 credo.
1674 2150 1716 2176 di-

929 2200 978 2232 cit,
995 2199 1036 2225 vel
1052 2203 1198 2231 sceptrum,
1217 2197 1268 2223 hoc
1283 2199 1334 2228 est,
1350 2203 1474 2230 regnum,
1493 2195 1594 2222 scilicet
1609 2194 1716 2221 Satanae

927 2253 958 2272 ac
974 2244 1176 2272 immundorutn
1200 2242 1353 2277 spirituum,
1380 2241 1421 2268 vel
1439 2240 1508 2267 forte
1525 2240 1714 2267 necessitatem

927 2299 958 2318 ac
974 2290 1052 2317 \‘eluti
1070 2290 1174 2325 plagam
1187 2293 1212 2316 et
1225 2287 1492 2322 llagellum.Coercet
1504 2288 1576 2313 enim
1592 2293 1651 2318 nos,
1667 2293 1715 2312 co-

926 2339 1018 2373 gitque
1034 2336 1065 2363 ad
1087 2343 1162 2363 suam
1185 2334 1348 2362 voluntatem
1366 2333 1526 2360 sceleratam
1543 2336 1570 2359 et
1585 2331 1714 2358 nefariam

927 2391 1023 2418 agmen
1047 2381 1258 2411 daemoniortnn,
1281 2386 1428 2413 eorumque
1451 2378 1641 2412 antesignanus
1666 2376 1715 2403 Sa-

928 2435 1022 2462 tanas,
1044 2427 1188 2455 aﬂ'ectuum
1215 2427 1329 2460 imperio
1352 2433 1400 2452 ceu
1425 2425 1500 2458 virga
1521 2423 1713 2458 propemodum

925 2475 1092 2506 verberans,
1117 2481 1184 2509 quos
1210 2473 1291 2499 menti
1315 2471 1445 2504 offundit,
1468 2470 1641 2503 animumque
1666 2469 1714 2495 int-

927 2522 1013 2554 pellit,
1027 2526 1056 2547 ut
1071 2528 1129 2554 quae
1145 2527 1197 2546 non
1215 2519 1276 2546 licet
1289 2517 1353 2544 velit
1368 2517 1467 2543 facere.
1482 2516 1624 2543 Excutiont
1637 2521 1712 2548 ergo,

927 2567 1033 2602 inquit,
1057 2566 1151 2601 jugum
1182 2564 1346 2599 tyrannidis,
1370 2568 1397 2590 et
1420 2562 1522 2597 virgam
1542 2568 1622 2595 qualn
1645 2559 1714 2587 collo

929 2613 1128 2648 impendentem
1156 2618 1263 2645 semper
1289 2610 1458 2640 habuerunt,
1485 2607 1558 2636 velut
1581 2606 1712 2639 mancipia

928 2661 986 2688 lteri
1010 2659 1096 2694 plagis
1121 2657 1254 2692 subjecta.
1279 2656 1441 2684 Meutionem
1466 2661 1531 2681 vero
1555 2660 1649 2680 rursus
1671 2651 1713 2678 in—

929 2707 1038 2734 terserit
1060 2705 1182 2733 historiae
1202 2711 1262 2739 qua:
1280 2703 1366 2738 posita
1384 2706 1426 2729 est
1446 2700 1472 2728 in
1490 2700 1559 2727 lihro
1578 2698 1710 2726 Judicum.

930 2753 974 2780 Sic
991 2757 1080 2780 autem
1104 2758 1133 2779 se
1149 2750 1229 2778 habet
1245 2759 1251 2777 :
1270 2749 1336 2778 Cum
1354 2747 1560 2782 dereliquissent
1581 2741 1712 2772 universi-
