1887 3054
71 169 116 198 137

639 169 672 197 IN
692 169 810 198 ISAIAM
830 169 894 197 LIB.
917 169 936 198 I.
955 169 1060 198 ORAT.
1083 171 1127 199 VI.

1647 171 1701 200 258

71 231 135 256 ἐστιν
149 228 164 262 ὴ
185 226 352 258 ἀνάστασις,
368 226 417 253 καὶ
427 227 445 262 ἡ
462 226 527 262 ζωὴ.
541 216 663 258 τίνοςΙᾶν
677 229 772 265 ἐδεήθη
791 229 857 265 πρὸς

932 229 1009 257 iebus
1032 230 1159 257 excitabo
1181 229 1247 258 illud
1269 231 1301 258 ".
1327 239 1336 256 ι
1362 230 1482 266 Regnum
1509 237 1574 258 vero
1599 231 1701 261 Christi

73 273 228 309 ζωοποίησιν
242 274 260 308 ὴ
280 273 354 308 {uti};
368 273 423 299 Καὶ
441 273 464 299 εί
474 273 508 299 τὰ
520 272 573 299 τῶν
588 273 688 309 ἐτέρων
700 275 859 312 ἐγηγερκὼς

71 322 156 357 ὁρᾶται
180 319 303 355 σώματα
317 319 429 353 δυνάμει
445 318 526 345 πάλιν
541 318 604 355 ἰδίᾳ,
621 319 681 351 πῶς
696 320 728 348 ἂν
744 322 792 348 οὐκ
811 322 859 348 άν-

73 368 158 403 έστησε
176 365 225 392 ml
243 365 300 400 πώ
313 373 343 399 γε
354 364 408 390 τῶν
418 364 504 392 ἄλλων
514 363 545 391 τὸ
563 364 628 392 ἴδιον
638 373 647 398 ;
659 366 766 398 Καίτοι,
780 367 857 402 φησὶ,

73 414 129 449 πρὸς
157 411 306 443 Ἰουδαίους
325 411 425 442 αὐτός·
449 419 458 436 ι
479 410 584 438 Λύσατε
603 412 648 438 τὸν
666 412 729 439 ναὸν
752 413 857 446 τοῦτον,

73 460 111 486 καὶ
123 459 149 485 ὲν
163 457 255 494 τρισὶν
273 457 393 494 ἡμέραις
405 457 493 493 ἐγερῶ
504 457 594 484 αὐτόν.
616 466 625 483 t
641 458 702 484 ’Ὁτι
714 458 767 494 γὰρ
778 459 857 485 ἀκλύ-

72 514 140 541 -ίητος
155 506 170 540 ἡ
195 503 326 539 βασιλεία
348 503 395 530 τοῦ
412 503 529 538 Χριστοῦ
548 503 594 530 καὶ
612 503 643 530 τὸ
661 505 858 540 ὲρηρεισμὲνον

72 553 159 587 ἔχουσα
173 550 218 577 διὰ
233 551 338 582 παντὸς
352 550 483 582 διδάσκει,
499 549 601 583 λέγων·
610 550 742 585 «Μεγάλη
756 552 772 586 ὴ
786 551 857 588 ἀρχὴ

72 597 154 630 αὑτοῦ,
179 597 299 632 καὶτῆς
329 597 441 632 εἰρήνης
464 595 546 623 αὑτοῦ
573 597 623 623 οὐκ
646 596 718 633 ἔστιν
744 597 826 632 ὃριον.
846 607 855 624 ι

72 643 147 680 Ἦρξε
169 643 224 679 γὰρ
240 643 338 670 οὐκέτι
365 643 449 678 μόνης
471 644 520 678 τῆς
543 643 683 675 Ἰουδαίας,
699 644 809 679 ἁπάσης
829 644 866 671 δὲ’

74 691 160 724 μᾶλλον
175 689 224 724 τῆς
248 690 297 715 ὑπ’
314 689 438 725 οὐρανόν.
461 691 517 717 Καὶ
536 690 612 721 τέλος
636 691 686 717 οὐκ
711 691 787 718 ἔσται
808 692 858 727 τῆς

73 736 128 770 παρ’
139 736 214 771 ἡμῶν
231 736 463 772 προσφερομένης
479 737 555 772 αὑτῴ
568 738 688 774 εἰρήνης.
710 738 857 775 Εἰρηνεύο-

75 791 117 817 μεν
128 782 179 818 γάρ
195 782 266 817 πρὸς
287 783 382 814 αὐτὸν,
404 783 477 818 αὑτῷ
493 785 708 820 προσκυνοῦμεν,
724 785 761 816 ὡς
779 785 856 820 ἔφην,

74 828 113 854 καὶ
127 827 157 853 δι’
177 828 260 854 αὐτοῦ
278 829 326 856 καὶ
348 830 377 855 ὲν
395 829 469 865 αὐτῷ
483 829 522 864 τῷ
540 830 600 865 Θεῷ
619 831 667 857 καὶ
683 831 780 866 Πατρί.
803 831 858 858 Καὶ

74 874 114 908 τὴν
127 873 171 900 τοῦ
185 874 308 909 πολέμου
326 874 453 910 πρόξενον
468 876 609 911 ἁμαρτίαν
618 877 649 902 ὲκ
663 877 745 911 μέσου
758 878 855 908 ποιεῖν,

914 275 1024 302 omnino
1052 275 1134 303 ﬁxum
1160 281 1187 304 et
1213 276 1319 303 ﬁrtttunt
1347 284 1408 304 esse
1435 277 1524 310 docet.
1550 285 1609 306 cum
1635 279 1700 306 ait:

916 329 925 346 ι
949 320 1060 356 Magnus
1079 322 1246 356 principatus
1264 322 1323 357 ejus
1336 343 1344 355 ,
1366 327 1393 349 et
1414 322 1488 356 pacis
1501 323 1559 356 ejus
1581 331 1635 350 non
1650 324 1703 351 erit

914 366 984 394 ﬁnis.
1007 377 1018 394 ›
1036 367 1092 394 Νοιι
1109 367 1179 394 enim
1196 367 1244 394 soli
1261 367 1378 401 Judazae,
1408 369 1454 396 sed
1476 370 1523 396 toti
1541 369 1600 396 orbi
1614 373 1702 396 terra-

912 421 972 440 rum
992 414 1145 448 itttperavit.
1175 413 1230 442 Nec
1252 415 1314 442 linis
1341 415 1392 442 erit
1407 415 1498 449 pacis,
1515 423 1574 449 qttze
1588 423 1603 442 ο
1624 415 1701 443 nobis

913 460 951 487 illi
969 459 1092 487 affertur.
1110 459 1207 487 Pacem
1225 461 1297 488 euint
1317 468 1378 495 erga
1393 469 1453 487 euut
1473 462 1601 488 habemus
1618 463 1702 488 :ado-

913 513 1006 532 ramus
1031 514 1103 538 eum,
1127 509 1155 531 ttt
1176 505 1243 538 dixi,
1274 506 1313 533 sic
1341 509 1369 533 et
1393 514 1441 541 per
1457 507 1543 539 illum,
1559 512 1587 534 et
1610 508 1636 534 itt
1655 507 1701 534 illo

913 551 996 579 Deum
1012 559 1044 578 ac
1068 551 1189 579 Patrem.
1209 551 1242 578 Et
1260 556 1400 585 peccatum
1428 553 1498 579 uttde
1521 553 1621 581 bellum
1637 562 1701 581 eon-

912 598 1004 625 ﬁatunt
1021 603 1046 625 et
1062 602 1151 625 ortum
1172 603 1224 631 est,
1245 599 1427 625 exterminare
1440 599 1578 626 debemus.
1589 600 1701 628 Venisse

912 651 1001 671 autem
1016 651 1076 670 eum
1097 644 1129 670 ad
1147 647 1252 677 gentem
1265 643 1419 671 Judaeorum
1433 645 1602 672 liberandum
1611 647 1699 678 docet.

912 697 972 717 cum
1005 690 1102 717 addit:
1127 698 1136 715 ι
1159 689 1246 724 Super
1277 690 1375 716 solium
1404 690 1533 724 Davidis,
1565 697 1592 718 et
1619 699 1701 725 super

912 742 1024 768 regnum
1043 733 1121 768 ejus,
1151 740 1179 761 ut
1203 736 1302 770 dirigat
1317 736 1396 768 illud,
1429 741 1457 763 et
1478 736 1652 764 adtttinistret
1673 738 1699 764 in

909 780 1027 815 justitia,
1045 785 1073 808 et
1095 780 1208 814 judicio,
1226 781 1252 807 in
1272 789 1379 808 omnem
1393 781 1519 815 deinceps
1532 783 1700 816 perpetuita-

913 831 977 854 tem.
996 835 1005 852 ι
1023 826 1166 861 Postquam
1181 832 1270 854 autent
1288 828 1356 854 satis
1371 827 1404 854 de
1427 826 1602 854 Etntnattuele
1619 830 1699 854 verba

914 873 991 900 ttobis
1018 872 1082 900 fecit
1110 874 1207 899 beatus
1231 873 1377 907 propheta,
1404 873 1580 900 humanitatis
1596 879 1701 909 tempus

75 920 270 952 σπουδάζοντες.
294 921 359 947 ’Ὁτι
390 921 418 947 δὲ
445 921 559 955 ἀφίκετο
583 921 613 948 τὺ
642 922 698 949 τῶν
723 922 857 949 Ἰουδαίων

930 919 1037 953 .tplicat,
1066 919 1158 945 dicens
1185 926 1218 944 ει
1246 918 1328 945 Zelus
1359 919 1465 946 Domini
1495 919 1613 946 Sabaoth
1638 921 1700 947 fecit

74 966 249 1002 ἐλευθερώσων
274 966 363 998 ἔθνος,
381 966 501 994 διδάσκει
522 967 674 1003 προτιθείς·
696 978 704 993 ι
728 963 789 995 Ἐπὶ
811 969 857 995 τὸν

75 1012 156 1048 θρόνον
171 1012 265 1044 Δαὸὶδ,
283 1012 334 1039 καὶ
348 1012 394 1039 ἐπὶ
404 1013 453 1048 τὴν
468 1012 608 1047 βασιλείαν
622 1012 705 1040 αὑτοῦ
718 1013 858 1048 κατορθῶ-

76 1068 112 1086 σαι
127 1059 207 1094 αὐτήν
219 1066 226 1073 ·
245 1059 295 1085 καὶ
316 1058 508 1086 ἀντιλαϐέσθαι
528 1059 613 1094 αὐτῆς
635 1059 663 1085 ὲν
688 1059 855 1095 δικαιοσύνῃ,

76 1104 113 1132 καὶ
126 1106 151 1131 ἐν
164 1105 291 1140 κρίματι,
309 1104 364 1131 ἀπὸ
378 1104 424 1130 τοῦ
445 1103 492 1131 νῦν
507 1105 554 1131 καὶ
574 1106 613 1136 εἰς
627 1104 673 1131 τὸν
688 1104 773 1131 αἰῶνα
791 1105 856 1139 χρό-

76 1159 121 1177 νον.
137 1160 146 1176 t
171 1150 283 1186 Ἐπειδὴ
299 1150 330 1177 δὲ
347 1149 530 1185 ἀποχρώντως
545 1151 612 1185 ἡμῖν
627 1150 672 1176 τὸν
689 1149 752 1185 περί
767 1157 798 1184 γε
809 1149 855 1175 τοῦ

80 1197 238 1232 Ἐμμανουὴλ
262 1197 416 1232 ἐποιήσατο
434 1196 512 1230 λόγον
532 1197 546 1223 ὁ
564 1197 699 1232 μακάριος
714 1197 857 1232 προφήτης

77 1245 115 1279 τῆς
124 1243 278 1279 ὲνανθρωπή
283 1252 356 1275 σεως
366 1243 411 1270 τὸν
420 1243 515 1279 καιρὸν
524 1243 678 1275 ἀποδίδωσι,
689 1243 785 1277 λέγων’
799 1253 807 1269 ι
828 1243 856 1269 '0

77 1290 142 1325 ζῆλος
155 1290 255 1326 Κυρίου
269 1289 386 1316 Σαϐαὼθ
398 1291 504 1325 ποιήσει
516 1289 611 1316 ταῦτα.
624 1299 633 1314 t
645 1290 723 1321 Ποῖος
736 1289 764 1316 δὲ
775 1290 857 1324 ζῆλος

77 1337 114 1363 tui
125 1336 167 1363 ἐπὶ
182 1336 251 1363 τίσιν
269 1337 423 1371 ἀναγκαῖον
438 1337 535 1363 εἰπεῖν.
564 1336 592 1362 '0
609 1335 658 1370 μὲν
669 1335 724 1371 γὰρ
742 1336 857 1371 Δράκων

78 1384 88 1409 ό
99 1383 243 1418 ἀποστάτης
256 1383 370 1418 ἥρπασε
384 1382 434 1418 τὴν
449 1381 494 1408 ὑπ’
507 1381 631 1416 οὐρανὸν,
653 1381 700 1408 καὶ
711 1382 766 1412 τοῖς
782 1381 856 1412 ίδίοις

78 1430 181 1464 ὑπέθηκε
197 1430 352 1465 σκήπτροις
371 1429 416 1456 τὸν
439 1427 498 1456 κατ’
514 1428 605 1455 εἰκόνα
623 1427 690 1454 Θεοῦ
711 1429 856 1463 γενόμενον

77 1476 211 1512 ἄνθρωπον.
228 1474 284 1503 Ἦν
301 1473 348 1502 οὖν
363 1475 418 1511 ἄρα
434 1475 515 1510 ζήλου
530 1475 631 1506 παντὸς
643 1473 718 1507 ἄξιον
735 1473 855 1509 ἀληθῶς,

78 1524 116 1550 καὶ
126 1521 276 1554 πλεονεξίας
298 1523 411 1557 ἁπάσης
425 1522 577 1556 ἀνάμεστον
590 1520 621 1547 τὸ
638 1521 701 1547 καθ’
712 1519 791 1556 ἡμῶν
808 1529 856 1554 γε-

79 1569 151 1602 γονὸς,
176 1567 349 1604 ἠλευθέρωσε
376 1567 467 1593 τοίνυν
481 1568 495 1593 ὁ
520 1566 600 1602 ζῆλος
616 1565 719 1601 Κυρίου
741 1565 854 1592 Σαϐαὼθ

909 964 976 991 haec.
994 973 1004 989 t
1021 964 1071 997 Qui
1097 969 1186 991 autem
1212 965 1304 997 zelus,
1322 970 1350 991 et
1366 973 1414 1000 pro
1432 965 1530 1000 quibtts
1546 967 1700 993 necessario

908 1010 1062 1037 dicendum.
1081 1009 1169 1037 Draco
1193 1010 1322 1037 nimirum
1355 1016 1476 1045 apostata
1497 1013 1590 1038 orbem
1614 1017 1700 1039 terra-

908 1064 966 1083 rum
981 1057 1077 1090 praedae
1099 1056 1202 1090 habuit,
1220 1061 1246 1084 et
1262 1057 1319 1083 suis
1342 1058 1455 1091 sceptris
1469 1057 1548 1092 157
1564 1058 1699 1085 hominem

909 1106 941 1131 ad
960 1103 1007 1130 Dei
1034 1103 1177 1138 imaginem
1193 1103 1295 1130 factum
1313 1103 1440 1137 subjecit.
1455 1104 1523 1131 Erat
1537 1104 1620 1138 igitur
1635 1111 1700 1131 vere

907 1151 979 1177 omni
997 1150 1056 1177 zelo
1069 1150 1228 1183 dignum,et
1240 1150 1314 1178 omni
1331 1151 1472 1185 tyrannide
1490 1151 1610 1185 plenum.
1627 1153 1700 1186 quod

908 1195 934 1222 itt
953 1202 1002 1221 nos
1023 1195 1124 1222 factum
1144 1200 1195 1222 est.
1217 1195 1356 1223 Liberavit
1374 1196 1456 1231 igitur
1477 1196 1552 1223 zelus
1591 1193 1697 1221 Domini

909 1240 1028 1268 Sabaoth
1045 1247 1139 1266 ontnes
1152 1245 1232 1267 terra:
1249 1240 1363 1267 incolas.
1381 1241 1466 1268 Aliter
1478 1247 1568 1268 autent
1583 1242 1623 1268 sit:
1638 1251 1644 1268 :
1657 1241 1698 1268 Al

907 1286 1107 1313 annulationettt
1119 1291 1301 1320 provocarunt
1315 1294 1376 1313 eum
1391 1286 1519 1314 Israelita:
1529 1288 1554 1314 itt
1569 1295 1621 1319 non
1635 1288 1697 1320 diis,

907 1333 977 1360 sicut
991 1333 1122 1366 scriptum
1137 1337 1189 1364 est,
1203 1337 1229 1359 et
1245 1332 1270 1358 itt
1281 1333 1448 1359 vanitatibus
1466 1333 1532 1366 suis,
1548 1338 1574 1360 et
1590 1335 1698 1360 tandem

907 1379 1108 1406 Emtnattuelem
1130 1379 1156 1406 in
1177 1386 1285 1405 crucem
1312 1380 1486 1413 subegerunt.
1511 1379 1626 1406 Accensi
1653 1387 1699 1406 au-

908 1430 960 1453 tem
972 1431 1034 1452 sunt
1047 1426 1096 1460 ipsi
1120 1425 1293 1452 aemulatione
1316 1425 1342 1452 in
1356 1425 1500 1460 gentibus,
1523 1426 1699 1461 quemadmo-

907 1471 970 1498 dum
989 1471 1048 1505 ipse
1056 1471 1120 1498 dicit
1135 1479 1142 1497 :
1156 1470 1193 1497 Illi
1205 1471 1237 1497 ad
1252 1471 1452 1498 aemulationem
1466 1472 1643 1499 incenderunt
1657 1479 1700 1499 me

907 1516 934 1543 in
946 1524 998 1543 non
1010 1516 1061 1543 diis
1073 1535 1080 1548 ,
1105 1517 1282 1543 irritaverunt
1299 1523 1341 1543 me
1359 1517 1385 1544 in
1403 1518 1482 1544 idolis
1495 1517 1564 1544 suis.
1581 1517 1637 1552 Ego
1651 1524 1699 1543 att-

908 1567 962 1590 tem
980 1563 1012 1589 ad
1026 1562 1229 1590 aemulationem
1246 1564 1400 1597 provocabo
1422 1570 1470 1591 eos
1488 1564 1514 1590 itt
1538 1571 1591 1591 non
1606 1566 1698 1598 gente,

78 1615 129 1646 τοὺς
143 1614 191 1641 ἀνὰ
203 1615 296 1641 πᾶσαν
312 1613 362 1649 τὴν
374 1613 436 1647 γῆν.
451 1612 506 1639 Καὶ
521 1613 584 1640 καθ’
595 1612 690 1646 ἓτερον
703 1611 732 1638 δὲ
745 1611 855 1646 τρόπον,

930 1618 935 1635 I
954 1613 1033 1644 gente
1047 1609 1130 1636 stulta
1148 1609 1262 1637 irritabo
1270 1617 1329 1637 eos.

79 1660 257 1695 παρεζήλωσαν
273 1659 357 1686 αὑτὸν
375 1659 400 1684 οἱ
419 1658 449 1690 ὲξ
472 1657 578 1694 Ἰσραὴλ
593 1658 636 1684 ἐπ’
650 1657 680 1683 οὺ
697 1657 768 1688 θεοῖς
783 1656 856 1684 καθὰ
874 1656 1039 1692 γέγραπται,
1074 1655 1121 1682 καὶ
1142 1656 1170 1681 ὲν
1185 1656 1242 1687 τοῖς
1273 1656 1399 1691 ματαίοις
1418 1656 1518 1689 αὐτῶν,
1543 1655 1590 1682 καὶ
1610 1655 1702 1681 τελευο

78 1705 162 1737 τῶν-τες
172 1705 348 1741 ἐσταύρωσαν
358 1703 405 1730 τδν
420 1702 603 1739 Ἐμμανουήλ.
617 1701 856 1737 Παρεζηλώθησαν
875 1701 904 1727 ὲν
921 1702 976 1732 τοῖς
1008 1700 1107 1732 ἔθνεσι,
1127 1700 1199 1727 καθά
1232 1709 1314 1735 φησιν
1334 1701 1431 1733 αὐτός·
1447 1701 1528 1727 Αὐτοὶ
1540 1701 1702 1736 παρεζήλω-

79 1753 119 1778 σὰν
132 1760 162 1787 με
174 1753 215 1778 ἐπ’
230 1753 261 1779 οὺ
280 1752 365 1783 θεοῖς.
383 1751 568 1787 Παρώργισάν
582 1759 616 1786 με
627 1751 656 1777 ἐν
667 1751 724 1781 τοῖς
737 1748 857 1781 εἰδώλοις
875 1749 975 1782 αὐτῶν,
1006 1748 1084 1782 κάγὼ
1115 1748 1307 1784 παραζηλώσω
1326 1749 1424 1781 αὐτοὺς
1438 1749 1481 1775 ἐπ’
1493 1749 1543 1775 οὐκ
1560 1748 1642 1780 ἔθνει,
1657 1748 1702 1780 ἐπ’

79 1797 137 1825 ἔθνει
150 1799 267 1834 ἀσυνέτῳ
282 1798 429 1834 παροργιῶ
440 1795 551 1828 αὐτούς.

379 1866 486 1894 ΛΟΓΟΣ
528 1866 575 1899 ς’.

109 1925 231 1953 Θάνατον
248 1924 414 1952 ἀπέστειλε
441 1923 549 1958 Κύριος
574 1922 624 1949 ἐπὶ
661 1922 776 1952 Ἰακὼϐ,
808 1921 857 1947 καὶ

80 1969 158 2006 ἦλθεν
173 1972 220 1998 ἐπὶ
243 1971 377 2005 Ἰσραὴλ,
397 1969 446 1997 καὶ
460 1968 604 2005 γνώσεται
617 1968 676 2002 πᾶς
689 1969 705 1995 ό
715 1968 790 2001 λαὸς
804 1966 857 1994 τοῦ

86 2017 202 2052 Ἐφριιῒμ,
216 2017 263 2044 καὶ
274 2015 474 2051 ἐγκαθήμενοι
487 2015 522 2042 ἐν
537 2014 694 2050 Σαμαρείᾳ,
707 2013 753 2047 ἐφ’
776 2013 857 2047 ὕϐρει

81 2063 119 2089 καὶ
135 2063 234 2098 ὑψηλῇ
248 2063 357 2097 καρδίᾳ
370 2062 511 2096 ,λέγοντες
527 2070 532 2076 ·
564 2061 688 2088 Πλίνθοι
706 2059 859 2087 πεπτώκα-

82 2117 131 2141 σιν,
144 2110 217 2137 ἀλλὰ
225 2110 313 2136 δεῦτε
325 2108 523 2142 λαξεύσωμεν
533 2107 650 2139 λίθους,
661 2106 709 2132 καὶ
719 2107 859 2140 κόψωμεν

82 2158 258 2192 συκαμίνους,
288 2156 340 2183 καὶ
375 2155 501 2189 κέδρους
535 2153 584 2180 καὶ
614 2151 859 2186 οἰκοδομήσωμεν

82 2203 181 2236 ἑαυτοῖς
195 2205 325 2238 πύργον.

1211 1855 1339 1885 ORATIO
1353 1855 1396 1883 VI.

946 1917 1011 1945 CAP.
1041 1915 1088 1948 IX,
1111 1921 1186 1942 Vens.
1215 1914 1290 1942 8-10.
1322 1913 1432 1941 Mortem
1448 1914 1556 1940 immisit
1581 1913 1651 1942 Deus
1672 1915 1701 1942 in

909 1961 1011 1994 Iacob,
1044 1967 1068 1988 σι
1100 1960 1195 1987 invasit
1218 1958 1322 1990 Israel,
1348 1958 1461 1993 sciatque
1479 1959 1563 1985 omnis
1588 1960 1701 1993 populus

911 2008 1050 2044 Epitraim,
1076 2011 1100 2034 et
1128 2005 1290 2033 considente:
1316 2005 1344 2031 in
1373 2001 1508 2035 Samaria.
1539 2005 1650 2038 superbe
1675 2011 1700 2032 at

911 2056 980 2083 elato
997 2054 1085 2081 animo
1108 2053 1222 2079 dicentes
1236 2059 1245 2078 :
1260 2051 1373 2086 Lapides
1386 2050 1545 2081 ceciderunt,
1560 2055 1588 2076 at
1607 2051 1700 2082 venite,

910 2103 1028 2129 dolemus
1040 2101 1140 2134 lapides
1150 2119 1157 2132 ,
1178 2103 1201 2126 et
1220 2099 1374 2125 excidemus
1385 2105 1536 2132 sycomoros
1553 2104 1577 2124 et
1590 2097 1699 2130 cedros,

909 2155 933 2178 et
947 2148 1106 2183 tediﬁcemu:
1120 2146 1193 2174 nobis
1209 2146 1275 2181 iplis
1291 2145 1398 2172 turrim.

109 2262 208 2297 Μακρὸς
226 2261 275 2296 μὲν
292 2260 391 2295 γέγονε
408 2258 448 2294 τῷ
472 2258 599 2293 προφήτῃ
619 2256 697 2290 λόγος
709 2253 728 2281 ’ὁ
744 2254 807 2290 περί
827 2262 857 2288 γε

948 2249 1055 2276 Prolixa
1076 2247 1184 2282 quidem
1210 2245 1261 2273 fuit
1282 2245 1420 2280 prophetae
1440 2243 1527 2271 oratio
1543 2243 1575 2270 de
1591 2243 1700 2271 Elllma~

82 2308 119 2334 τοῦ
147 2307 328 2343 Ἐμμανουὴλ,
361 2307 391 2334 δν
421 2305 586 2339 διαπεράνας
614 2303 749 2334 εὐπαλῶς,
777 2300 857 2328 πάλιν

82 2355 199 2380 ἐπάνεισιν
213 2356 257 2381 ἐπὶ
266 2355 301 2381 τὰ
312 2355 341 2380 ὲν
353 2354 450 2389 ἀρχαῖς
460 2361 467 2367 ·
478 2349 548 2387 ἦσαν
562 2350 589 2376 δὲ
603 2350 698 2376 ταυτί·
712 2347 858 2384 Ἐπῃτιᾶτο

81 2401 125 2435 γὰρ
136 2400 189 2427 λίαν
208 2401 253 2428 τδν
281 2399 403 2436 Ἰσραὴλ,
427 2398 466 2430 ὡς
487 2396 651 2424 ἀπειθοῦντά
665 2404 695 2421 τε
718 2394 859 2430 καὶνπαρ-

82 2445 206 2481 οτρύνοντα
226 2447 270 2473 τὸν
288 2446 334 2472 ἀεὶ
355 2445 494 2471 σεσωκότα
518 2444 596 2476 Θεὸν,
613 2442 714 2476 ταύτης
730 2449 760 2467 τε
775 2440 858 2466 ’ἑνεκα

83 2492 121 2526 τῆς
144 2492 235 2525 αἰτίας,
258 2494 318 2524 τοῖς
350 2491 474 2527 ἐσχάτοις
502 2491 596 2518 ἑαυτὸν
624 2489 729 2516 ὲνιέντα
752 2488 858 2518 κακοῖς·

84 2537 167 2571 ἔφασκε
189 2539 241 2574 γὰρ
265 2539 308 2565 ὅτι
336 2538 387 2564 οὐκ
418 2536 553 2571 ἠθέλησαν
575 2536 621 2562 τὸν
645 2535 726 2569 νόμον
755 2532 858 2568 Κυρίου

84 2583 178 2611 Σαθαώθ
190 2594 196 2600 ·
210 2585 277 2618 ἀλλὰ
289 2585 322 2610 τὸ
335 2583 424 2618 λόγιον
438 2582 485 2608 τοῦ
505 2581 583 2617 ἁγίου
607 2579 715 2617 Ἰσραὴλ
729 2578 859 2614 παρώξυ-

86 2637 131 2656 ναν.
146 2631 195 2657 Kal
207 2630 334 2666 ἐθυμώθη
349 2629 417 2664 ὀργῇ
435 2629 535 2664 Κύριος
551 2628 597 2655 ἐπὶ
611 2627 656 2654 τὸν
676 2626 738 2653 λαὸν
763 2624 856 2656 αὑτοῦ,

86 2675 122 2702 καὶ
136 2676 242 2703 ἐπέϐαλε
265 2677 315 2712 τὴν
330 2677 411 2711 χεῖρα
426 2675 507 2702 αὐτοῦ
523 2674 565 2700 ἐπ’
590 2673 696 2704 αὐτοὺς,
720 2672 766 2699 καὶ
789 2670 857 2697 ἐπά-

87 2721 151 2753 ταξεν
165 2723 267 2753 αὐτούς.
285 2722 344 2749 Καὶ
360 2720 521 2755 παρωξύνθη
538 2720 571 2746 τὰ
593 2720 653 2754 δρη,
675 2718 722 2744 καὶ
743 2715 859 2751 ἐγενήθη

87 2767 114 2792 τξι
125 2767 258 2803 θνησιμαῖα
276 2767 369 2795 αὐτῶν
385 2767 422 2798 ὡς
438 2767 543 2802 κοπρία
565 2766 594 2791 ὲν
609 2765 684 2800 μέσῳ
699 2762 770 2790 ὁδοῦ.
789 2762 858 2796 Ὄρη

86 2812 109 2838 δέ
124 2822 179 2848 φησι
192 2816 223 2841 τὰ
244 2813 454 2850 παρωξυμμένοι
468 2813 530 2845 τοὺς
542 2812 596 2838 τῶν
618 2809 768 2845 Ἀσσυρίων
787 2809 861 2844 βασι-

120 2888 213 2920 ⁵ἰ1ο.ιιι.
231 2903 258 2922 ιι.
281 2896 320 2922 19.

912 2295 990 2323 nnele
1015 2302 1066 2328 qtta
1098 2293 1168 2320 scite
1197 2291 1342 2318 admodum
1366 2289 1511 2322 confecta,
1544 2297 1638 2316 rursus
1666 2289 1700 2316 ad

909 2340 1044 2377 principia
1067 2339 1221 2366 revertitur.
1241 2337 1327 2364 Erant
1356 2341 1445 2362 autent
1474 2336 1530 2363 [nec
1549 2343 1557 2361 :
1575 2334 1701 2362 Graviter

912 2388 1043 2423 siquidem
1064 2385 1210 2413 accusabat
1226 2383 1361 2415 lsraelem,
1380 2386 1470 2416 utpote
1494 2381 1550 2408 Deo
1577 2380 1700 2407 immori-

913 2442 1006 2470 gerum
1023 2437 1050 2460 et
1066 2432 1099 2459 ad
1116 2430 1285 2458 iracundiam
1303 2429 1467 2456 excitantem
1483 2435 1544 2454 eum
1565 2426 1611 2461 qui
1626 2434 1699 2454 sent-

914 2487 963 2516 per
989 2481 1157 2507 servaverat,
1188 2481 1276 2510 eaque
1298 2473 1404 2500 ultimis
1421 2479 1482 2499 sese
1498 2471 1701 2516 calamitatibus

913 2515 1105 2556 inrolventem.
1133 2522 1243 2549 Dicebat
1267 2520 1339 2547 enim
1356 2519 1427 2546 nolle
1450 2526 1479 2546 se
1495 2518 1580 2552 legem
1594 2515 1700 2544 Domini

912 2573 1032 2601 Sabaoth
1051 2579 1058 2598 :
1073 2574 1101 2596 at
1116 2568 1256 2597 oraculum
1270 2566 1358 2594 sancti
1375 2564 1484 2592 Israelis
1492 2567 1699 2597 exasperatum.

912 2622 950 2648 Ac
964 2617 1149 2647 stomachatus
1167 2618 1209 2641 est
1222 2612 1355 2640 Dominus
1371 2610 1469 2646 populo
1497 2617 1556 2642 suo,
1572 2608 1700 2638 immisit-

913 2673 965 2701 que
988 2665 1041 2692 illis
1064 2668 1172 2689 manum
1192 2667 1285 2691 suam,
1304 2666 1335 2684 ac
1358 2656 1494 2692 percussit
1517 2662 1574 2686 eos,
1592 2658 1619 2681 et
1635 2660 1701 2680 exa-

913 2711 1015 2740 cerbati
1033 2714 1095 2737 sunt
1109 2713 1225 2738 montes,
1240 2710 1266 2733 et
1279 2705 1348 2732 facta
1363 2708 1426 2730 sunt
1443 2702 1595 2729 morticinia
1608 2706 1701 2727 eorum

914 2759 987 2786 velut
1013 2761 1119 2784 stercus
1134 2755 1159 2780 itt
1176 2753 1264 2779 ntedio
1282 2751 1340 2777 viae.
1356 2749 1463 2776 Montes
1476 2754 1541 2774 vero
1553 2746 1619 2773 dicit
1635 2751 1701 2770 exa-

915 2805 1051 2836 cerbatus,
1071 2809 1146 2836 reges
1161 2799 1334 2834 Assyriorum
1354 2807 1359 2824 ι
1377 2794 1486 2830 superbi
1508 2793 1580 2821 enim
1605 2794 1695 2818 erant,
