1887 3054
62 185 101 214 itii
630 179 664 208 IN
684 178 801 208 ISAIAM
823 178 887 206 LIB.
911 178 931 205 I.
952 178 1058 208 ORAT.
1077 180 1120 209 γι.

1638 178 1692 205 262

63 243 99 271 xz".
120 241 276 276 παρέῦησαν
304 240 351 276 τὴν
375 240 506 276 διαθήκην
518 240 609 273 αὑτοῦ,
632 241 720 268 πάντα
738 241 789 268 ὅσα

947 241 1131 269 tnacherimns
1159 241 1330 276 expeditione
1347 240 1415 268 facta
1445 244 1540 267 contra
1562 238 1692 266 Ilieroso~

61 288 167 316 ετείλατο
181 287 291 323 Μωσῆς
307 288 321 314 ὁ
335 287 428 319 δοῦλος
442 288 557 323 Κυρίου,
574 289 621 314 καὶ
641 289 691 314 οὐκ
712 288 844 323 ἥκουσαν,

61 335 99 361 καὶ
115 333 159 360 οὒκ
179 333 326 368 ἐποίησαν.
343 334 398 360 Καὶ
423 333 461 369 τῷ
474 333 765 369 τεσσαρεσκαιδεκάτη)
789 333 845 360 ἔτει

62 378 178 414 βασιλέως
215 377 353 413 Ἐζεκίου,
383 378 466 413 ἀνέϐη
493 379 689 414 Σενναχειρεὶμ
719 378 846 414 βασιλεὺς

65 423 201 458 Ἀσσυρίων
217 423 268 450 ἐπὶ
278 424 329 455 τὰς
342 424 434 455 πόλεις
444 424 494 459 τῆς
515 424 646 456 Ἰουδαίας
663 425 713 457 τὰς
733 425 845 460 ὀχυρὰς,

60 471 97 497 7.1".
112 468 257 496 συνέλαϐεν
283 470 380 501 αὐτάς.
409 471 464 497 Καὶ
488 471 568 497 ταυτὶ
587 471 635 506 μὲν
650 472 682 497 ἐκ
696 471 748 498 τῶν
766 471 846 507 ἱερῶν

60 516 232 550 Γραμμάτων.
267 516 332 542 Ὅτι
350 516 378 542 δὲ
408 517 568 551 πεπόροηκε
590 518 639 552 τὴν
660 517 817 552 Σαμάρειαν
833 518 848 544 ὀ

60 562 249 597 Σενναχειρεὶμ,
265 562 423 589 ἀναϐαίνων
438 562 507 589 κατὰ
521 563 575 589 τῶν
597 562 799 598 Ἰεροσολύμων,
818 563 848 596 ἐξ

59 605 88 633 ὧν
100 608 176 639 αὐτὸς
186 607 334 643 γέγραζεν
355 609 368 634 ὁ
393 609 527 644 μακάριος
545 609 658 641 Ἡσαΐας
672 610 685 635 ὁ
703 610 847 644 προφήτης

61 653 159 688 ἀκονητὶ
176 653 342 689 διοψὸμεθα.
362 653 583 690 Προσπεῳὼνηκε
601 654 654 690 γὰρ
667 653 754 686 οὕτως
788 654 848 681 Ῥα-

59 702 137 735 diu;
147 702 202 732 τοῖς
217 700 391 736 καθημένοις
411 702 440 728 ὲν
452 700 491 735 τῷ
505 701 601 736 τείχει·
624 700 666 736 Μὴ
689 700 762 736 ὑμᾶς
777 701 847 727 ἀπα-

60 749 122 775 τάτω
141 747 278 782 Ἐζεχίας,
293 747 398 781 λέγων·
419 748 447 774 '0
460 747 526 779 Θεὸς
542 747 619 782 ὑμῶν
637 747 749 783 ῥύσεται
763 747 846 782 ὑμᾶς.

60 794 98 828 Μὴ
110 793 258 828 ἐρρύσαντο
271 793 297 818 οἱ
314 792 372 819 θεοὶ
386 792 440 819 τῶν
457 792 543 819 ἐθνῶν
554 793 671 824 ἕκαστος
689 792 737 828 τὴν
751 791 848 819 ἑαυτοῦ

62 839 138 875 χώραν
155 839 186 864 ἐκ
208 838 307 874 χειρὲς
337 838 468 874 βασιλέως
489 838 657 874 Ἀτσυρίων;
673 837 728 864 Ποῦ
747 838 821 864 ἔστιν
837 839 850 864 ὁ

62 885 112 915 θεὸς
134 884 247 918 Ὀμάθα,
269 884 319 910 καὶ
344 884 447 918 ’Δρφὰθ
460 892 468 915 ;
483 885 530 910 καὶ
543 884 595 910 ποῦ
610 884 710 910 ἔστιν-ὁ
727 883 786 915 Θεὸς
799 883 850 918 τῆς

63 930 150 961 πόλεως
176 930 394 965 Σεπφαρουείμ;
425 929 462 965 μὴ
489 929 613 956 ἐδύναντο
642 929 727 956 σῶσαι
756 929 849 964 Σαμά-

65 982 127 1008 ρειαν
142 975 173 1000 ἐκ
193 974 288 1008 χειρός
308 982 377 1009 μου;
394 974 572 1009 Προανῄρηκε
602 973 691 1000 τοίνυν
719 973 768 1008 τὴν
791 974 851 1000 Σα-

66 1020 164 1054 μὰρειαν
175 1020 189 1045 ὁ
202 1019 405 1055 Σενναχειρεὶμ
422 1021 481 1051 ταῖς
497 1019 592 1051 ἄλλαις
613 1018 681 1054 ὁμοῦ
706 1019 799 1046 πόλεσι
820 1028 850 1046 τε

66 1065 231 1101 καὶχώραις·
261 1063 326 1093 εἶτα
356 1066 557 1102 πεπολιόρκηκε
585 1066 634 1101 τὴν
662 1066 849 1102 Ἰερουσαλήμ.

71 1112 165 1147 Ἐπειδὴ
182 1111 238 1147 γὰρ
253 1113 309 1147 τῆς
326 1112 400 1144 θείας
412 1112 620 1147 κατεφλυάρησε
638 1112 726 1146 δόξης,
738 1111 850 1147 ἐξῆλθεν

67 1156 164 1190 ἄγγελος
179 1156 256 1191 παρὰ
271 1157 389 1193 Κυρίου,
408 1157 453 1184 καὶ
470 1157 574 1183 ἀνεῖλεν
597 1157 628 1183 ὲκ
644 1156 694 1191 τῆς
710 1156 848 1191 παρεμὸοο

68 1203 106 1238 λῆς
119 1203 167 1229 τῶν
185 1203 344 1239 Ἀσσυρίων
362 1205 390 1230 ἐν
407 1205 455 1240 μιᾷ
475 1205 553 1231 νυκτὶ
580 1203 677 1231 ἑκατὸν
696 1205 743 1231 καὶ
761 1205 851 1240 ὀγδοή-

70 1259 137 1276 κοντα
164 1250 244 1276 πέντε
271 1250 408 1284 χιλιάδας.
439 1251 542 1278 Οὐκοῦν
569 1251 719 1287 ἐπειδήπερ
738 1251 851 1286 ἀφίκετο

71 1296 110 1330 μὲν
129 1296 195 1322 κατὰ
215 1296 272 1323 τῶν
298 1296 494 1332 Ἰεροσολύμων
515 1299 529 1324 ὁ
548 1298 752 1334 Σενναχειρεὶμ,
784 1306 852 1334 προ-

72 1343 143 1387 avsi);
159 1343 185 1369 δὲ
204 1343 253 1378 τὴν
279 1344 442 1378 Σαμάρειαν
472 1344 540 1371 θεοῦ
567 1345 733 1380 παραδόντος
757 1345 850 1380 αὐτὴν,

71 1389 140 1416 {eam
153 1389 182 1416 τὸ
198 1389 265 1425 ὃρᾷν
279 1390 390 1416 ἑλέσθαι
408 1390 442 1416 τὰ
460 1390 544 1426 χείρω
567 1391 621 1417 τῶν
642 1392 672 1418 ἐν
694 1392 751 1423 τοῖς
773 1391 852 1427 Ἰερο-

74 1435 190 1470 σολύμοις,
218 1436 380 1470 ἀναγκαίως
410 1437 496 1472 φησί·
521 1446 531 1463 ‹
558 1437 678 1465 Θάνατον
709 1438 852 1465 ἀπέστειλε

75 1482 157 1517 Κύριος
170 1483 216 1509 ἐπὶ
236 1482 350 1515 Ἰακὼϐ,
372 1483 418 1509 καὶ
435 1481 516 1519 ἦλθεν
536 1484 582 1510 ἐπὶ
609 1484 729 1520 Ἰσραήλ.
754 1495 763 1511 ι
782 1485 852 1511 Ἀλλ’

75 1528 244 1564 ὲμπὲπρησται
275 1529 329 1564 μὲν
353 1530 368 1565 ἡ
398 1530 540 1565 Σαμάρεια
567 1527 633 1566 ἐνῇ
660 1530 821 1566 κατῴκησεν
839 1531 852 1557 ὁ

898 287 979 323 Iyma,
997 295 1029 315 ex
1053 289 1095 315 his
1117 297 1177 323 quae
1194 289 1288 316 beatus
1304 288 1387 314 Isaias
1411 287 1541 322 propheta
1572 285 1692 319 scripsit,

898 334 971 362 nullo
987 335 1095 369 negotio
1111 334 1272 362 videbimus.
1293 333 1428 362 Clamavit
1445 332 1578 367 siquidem
1597 330 1694 365 [thap—

898 388 975 408 saces
997 380 1037 407 his
1057 380 1101 414 qui
1126 380 1256 407 sederunt
1287 381 1312 407 in
1339 379 1483 410 moenibus,
1504 378 1574 405 hunc
1594 377 1619 404 in
1636 383 1695 403 mo-

898 426 960 453 dum
980 433 986 451 :
1008 424 1045 452 Ne
1069 425 1145 452 vobis
1173 426 1293 459 imponat
1320 424 1459 456 Ezechias,
1480 423 1571 450 dicens
1595 431 1601 449 :
1621 421 1693 449 Deus

899 478 988 499 vester
1028 472 1125 506 eripiet
1157 478 1215 498 vos.
1232 470 1299 497 Nom
1328 471 1485 504 eripuerunt
1507 469 1542 495 dii
1571 468 1691 503 gentium

899 526 974 545 suam
995 519 1110 554 quisque
1130 517 1265 552 regionem
1286 523 1391 543 emanu
1410 515 1480 550 regis
1497 513 1692 549 Assyriorum?

900 565 951 593 Ubi
972 570 1014 592 est
1031 565 1097 591 deus
1125 563 1233 594 Amath,
1246 566 1273 589 et
1299 561 1440 596 Arphath?
1457 565 1484 588 et
1504 561 1547 588 ubi
1567 561 1632 587 deus
1651 560 1691 588 ci-

900 610 990 637 vitatis
1009 608 1189 643 Sepharaim?
1205 608 1274 634 Num
1295 606 1446 634 Samariam
1476 613 1491 633 a
1509 613 1588 632 manu
1631 613 1690 632 mea

900 655 1045 684 defendere
1066 654 1208 690 poterant?
1227 653 1331 681 Evertit
1357 653 1483 680 nimirmn
1511 657 1572 679 ante
1594 651 1692 678 Sama-

900 705 968 732 riam
998 702 1239 734 Setinacherimus,
1260 709 1320 728 cum
1350 698 1508 727 aliis'simul
1533 699 1644 726 urbibus
1666 702 1694 724 ct

901 750 1066 786 regionibus,
1092 757 1125 777 ac
1155 750 1263 777 demum
1285 747 1437 775 Jerusalem
1470 746 1584 773 obsedit.
1610 745 1694 772 Post-

901 804 982 832 quam
1008 796 1079 823 enitn
1098 796 1126 822 in
1147 795 1265 822 divinam
1298 794 1464 828 majestatem
1491 793 1548 819 haec
1580 791 1692 826 dicteria

898 841 1019 876 iecisset,
1037 847 1163 875 egressus
1195 847 1210 866 a
1241 838 1355 867 Domino
1388 837 1512 872 angelus,
1536 835 1635 863 occidit
1660 842 1693 861 ex

902 888 999 915 castris
1024 887 1197 922 Assyriorum
1228 893 1280 912 una
1318 890 1397 912 nocte
1427 888 1535 910 centutn
1563 887 1590 909 et
1617 885 1694 908 octo-

902 933 976 968 ginta
1004 931 1123 966 quinque
1145 931 1237 958 millia.
1252 930 1318 957 Cum
1336 930 1419 964 igitur
1436 928 1636 962 expeditionem
1656 926 1694 953 fe~

901 979 983 1005 cisset
1011 982 1104 1004 contra
1133 976 1318 1011 Hierosolyma
1339 974 1580 1005 Scnnacherimus,
1597 973 1694 1000 Sama-

902 1024 941 1051 ria
977 1024 1051 1058 prius
1092 1027 1236 1057 occupata,
1253 1022 1308 1049 Deo
1344 1022 1468 1048 tradente
1512 1027 1583 1051 eam,
1623 1019 1694 1053 quod

902 1070 1032 1105 nequiora
1048 1070 1088 1097 his
1117 1077 1176 1104 quac
1195 1068 1390 1103 Hierosolymis
1414 1066 1483 1094 facta
1511 1071 1585 1098 sunt,
1603 1070 1696 1100 patra-

902 1117 981 1148 verit,
998 1116 1154 1143 necessario
1173 1115 1256 1150 inquit
1273 1123 1280 1142 :
1296 1123 1305 1140 ι
1318 1114 1431 1141 Mortem
1455 1113 1547 1140 emisit
1571 1112 1642 1139 Dens
1667 1111 1694 1138 in

901 1163 995 1195 Jacob,
1011 1167 1038 1189 et
1068 1163 1168 1190 invasit
1196 1161 1288 1188 Israel.
1310 1170 1319 1187 ι
1338 1161 1372 1187 At
1398 1160 1508 1187 incensa
1535 1163 1576 1186 est
1599 1159 1696 1186 civitas

903 1209 1144 1240 Samaritanorum,
1165 1207 1191 1234 in
1222 1215 1275 1242 qua
1302 1207 1435 1233 habitavit
1473 1205 1568 1237 Israel,
1592 1205 1618 1231 id
1643 1209 1695 1236 est,

902 1255 996 1281 decem
1027 1255 1122 1286 tribus,
1138 1258 1164 1280 et
1190 1253 1310 1280 l'utiditus
1336 1252 1426 1286 periit.
1448 1251 1512 1278 Erat
1537 1258 1618 1285 porro
1649 1257 1694 1276 sa-

903 1299 1020 1334 pientizc,
1042 1299 1134 1331 credo,
1161 1303 1190 1325 ut
1213 1299 1338 1332 deinceps
1361 1297 1577 1328 considerarent,
1597 1295 1623 1323 hi
1648 1295 1695 1330 qui

903 1346 930 1374 in
954 1354 986 1374 ea
1019 1346 1105 1373 relicti
1126 1350 1215 1378 erant,
1245 1345 1327 1371 Deum
1355 1343 1578 1376 oilendere,esse
1606 1343 1695 1377 reipsa

903 1393 1091 1428 gravissimum
1102 1402 1108 1419 :
1120 1393 1180 1420 dein
1195 1392 1246 1419 hoc
1261 1391 1368 1426 cognito
1381 1395 1408 1417 et
1421 1394 1574 1424 perspecto,
1587 1389 1697 1424 placare

902 1438 1033 1466 oIIensum
1061 1438 1171 1465 omnino
1188 1442 1323 1472 oportere,
1338 1441 1363 1464 et
1382 1436 1575 1463 mutationibus
1597 1436 1622 1461 in
1640 1442 1698 1462 nte-

903 1484 955 1511 lins
982 1484 1116 1519 mitigare.
1145 1484 1221 1517 Quod
1253 1483 1279 1510 hi
1308 1491 1361 1510 non
1385 1481 1519 1512 fecerunt,
1552 1488 1641 1514 neque
1668 1480 1696 1506 in

904 1532 1022 1558 animum
1048 1532 1226 1564 induxerunt,
1250 1530 1320 1556 unde
1343 1533 1434 1556 tuente
1455 1527 1526 1562 capti
1555 1526 1698 1553 ambitiose

80 1575 179 1609 Ἰσραὴλ,
193 1575 265 1602 τοῦτ’
291 1574 379 1608 ἔστιν,
395 1576 423 1602 αἱ
444 1575 511 1603 δέκα
528 1575 621 1610 φυλαὶ,
645 1575 690 1602 καὶ
714 1575 825 1602 ἀπόλωλη

953 1582 1050 1611 terunt,
1066 1587 1074 1603 ι
1089 1576 1199 1604 Latet-es
1208 1576 1374 1606 ceciderunt,
1384 1575 1429 1602 sed
1439 1573 1538 1605 venite,
1548 1573 1698 1600 incidamus

75 1620 194 1653 ὁλοτελῶς.
210 1620 263 1648 Ἶιν
279 1622 312 1648 δὲ
335 1619 412 1656 οἶμαι
428 1622 509 1656 σοφὸν
528 1622 655 1657 ἐννοῆσαι
674 1621 767 1648 λοιπὸν
789 1623 852 1652 τοὺς

75 1667 271 1703 περιληφθέντας
311 1669 340 1695 ἐν
367 1669 446 1704 αὐτῇ,
464 1668 506 1694 ὃτι
529 1668 560 1694 τὸ
587 1668 768 1704 προσκρούειν
793 1667 853 1704 Θεῷ

75 1715 230 1750 παγχάλεπον
255 1715 388 1749 ἀληθῶς·
418 1714 479 1742 εἶτα
508 1715 588 1742 τοῦτο
608 1715 787 1750 διεγνωκότας
808 1716 854 1741 ὲκ-

78 1760 244 1794 μειλίσσεσθαι
258 1762 308 1787 τὸν
316 1760 504 1795 λελυπημένον
518 1761 618 1796 χρῆναι
630 1760 716 1795 δήπου
734 1760 852 1791 πάντως,

77 1807 115 1833 καὶ
125 1809 179 1839 ταῖς
191 1808 229 1839 εἰς
245 1807 277 1833 τὸ
295 1807 407 1842 ἄμεινον
428 1806 591 1842 μεταϐολαῖς
607 1806 854 1842 καταμαλθάσσειν

79 1855 303 1889 παρωτρυμμένον.
326 1854 358 1880 Οἱ
380 1854 408 1880 δὲ
427 1853 506 1880 τοῦτο
528 1854 575 1888 μὲν
598 1853 648 1880 οὐκ
674 1853 769 1888 ἔδρων,
794 1853 855 1879 οὐδὲ

80 1900 111 1931 εἱς
134 1900 189 1928 νοῦν
203 1900 323 1936 ἐδέχοντὸ
351 1899 451 1926 ποθεν·
468 1899 663 1935 ἁπονοούμενοι
688 1899 717 1926 δὲ
744 1899 792 1925 καὶ
815 1898 855 1925 ἔτι

82 1946 193 1982 μειζόνως
210 1947 342 1981 ἔφασκον
365 1955 375 1972 ι
391 1945 499 1973 Πλίνθοι
522 1945 708 1976 πεπτώκασιν,
729 1945 797 1972 ἀλλὰ
810 1946 856 1972 λα-

81 1989 200 2026 ξεῠοωμεν
219 1990 322 2023 λίθους,
353 1990 401 2018 καὶ
425 1991 552 2025 κάψωμεν
569 1991 736 2025 συκαμίνους
751 1991 798 2018 καὶ
813 1991 856 2018 κέ-

81 2035 154 2069 δρους,
165 2036 209 2063 καὶ
215 2037 552 2072 οἰκοδομήσωμενὲαυτοῖς
563 2036 679 2072 πύργον.
693 2045 702 2062 ι
718 2037 750 2062 Ὢ
758 2037 856 2072 πολλῆς

81 2081 191 2115 ἀμαθίας.
208 2082 269 2114 Πῶς
283 2082 340 2117 γὰρ
354 2082 402 2108 οὐκ
424 2081 477 2109 ἔδει
495 2081 594 2116 μᾶλλον
613 2083 711 2108 εἰπεῖν·
735 2083 856 2118 Προσκε-

82 2127 218 2163 κρούιαμεν
241 2128 271 2161 ἐξ
302 2127 434 2159 ἀϐουλίας
453 2128 492 2163 τῷ
516 2129 604 2155 πάντα
638 2127 755 2163 ἰσχύοντι
777 2127 856 2162 Θεῴ;

82 2174 191 2201 Ἥλωσάν
204 2183 232 2201 τε
247 2174 352 2210 ταύτης
368 2174 448 2200 ἕνεκα
461 2175 510 2209 τῆς
524 2174 624 2206 αἰτίας,
652 2175 679 2201 αἱ
704 2175 769 2210 παρ’
792 2174 857 2209 ἡμῖν

82 2221 157 2253 πέλεις
180 2230 209 2249 τε
236 2222 284 2248 καὶ
313 2220 417 2256 κῶμαι.
450 2221 542 2253 Δεῦτε,
571 2222 631 2252 ταῖς
657 2219 857 2255 μεταγνώσεσιν

905 1624 1016 1659 lapides,
1034 1624 1184 1651 incidamus
1203 1626 1369 1657 sycomoroe.
1387 1626 1413 1649 et
1425 1622 1533 1654 cedros,
1545 1625 1573 1647 et
1583 1619 1699 1647 aediﬁce-

905 1678 964 1698 tnns
980 1670 1057 1698 nobis
1075 1670 1138 1704 ipsis
1160 1669 1266 1696 turrim.
1286 1677 1295 1694 ι
1311 1667 1333 1695 Ο
1351 1674 1474 1702 magnam
1488 1665 1637 1694 inscitiam!
1657 1665 1698 1692 An

905 1725 958 1744 non
981 1717 1083 1751 aquius
1101 1715 1180 1751 160
1192 1719 1251 1742 erat
1273 1715 1374 1746 dicere,
1392 1713 1559 1741 Offendimus
1574 1719 1622 1747 per
1632 1711 1699 1739 stul-

906 1763 991 1790 titiam
1000 1767 1027 1790 et
1039 1761 1243 1796 incogitantiam
1256 1760 1467 1795 omnipotentem
1477 1758 1579 1786 Deum?
1592 1758 1698 1785 Vexata:

905 1813 968 1836 sunt
994 1809 1062 1834 hanc
1082 1806 1118 1834 ob
1136 1813 1245 1833 causam
1260 1805 1341 1833 urbes
1356 1809 1454 1832 nostrae
1472 1808 1499 1831 et
1515 1804 1566 1830 vici
1579 1812 1585 1830 :
1598 1803 1698 1835 venite,

907 1855 977 1882 hanc
999 1855 1066 1881 iram
1091 1851 1277 1888 resipiscentia
1294 1849 1493 1879 exoneremus?
1514 1851 1548 1877 At
1572 1849 1598 1876 hi
1617 1849 1698 1875 mitti-

907 1909 950 1928 me
976 1902 1069 1928 istlncc
1096 1900 1234 1931 dixerunt,
1251 1898 1297 1926 sed
1312 1897 1396 1925 divini
1435 1896 1527 1923 auxilii
1554 1895 1700 1923 securitate

907 1953 934 1976 et
962 1947 1088 1982 prmsidio
1109 1945 1304 1973 contumeliose
1326 1948 1491 1977 contempto,
1518 1942 1698 1969 dictitabant:

911 2004 920 2020 ι
939 1994 1051 2022 Urbium
1069 1992 1199 2020 Samaria:
1228 1991 1298 2018 muri
1320 1990 1452 2018 exstructi
1471 1993 1534 2016 sunt
1559 1996 1595 2016 ex-
1614 1988 1700 2015 latere

909 2041 1015 2068 vitioso.
1040 2040 1116 2072 Quod
1148 2040 1170 2066 si
1195 2046 1244 2066 nos
1282 2038 1385 2072 lapides
1415 2037 1556 2069 csedimus,
1570 2040 1596 2063 et
1627 2035 1698 2070 ligna

909 2087 1075 2120 incorrupta,
1090 2091 1258 2121 sycomoros,
1281 2084 1402 2118 inquam,
1418 2087 1445 2110 et
1460 2082 1556 2110 cedros
1585 2081 1698 2116 adapta-

908 2134 1039 2166 verimtts,
1061 2132 1212 2165 turrimque
1231 2129 1408 2162 erexerimus,
1430 2135 1482 2156 non
1502 2128 1641 2162 capiemnr
1666 2126 1700 2153 ab

909 2178 1042 2209 hostibus,
1058 2180 1085 2204 et
1108 2176 1198 2203 invicti
1223 2175 1403 2202 manebimus.
1423 2174 1475 2207 Qui
1496 2181 1570 2208 ergo,
1600 2172 1698 2208 inquit.

909 2225 967 2252 haec
993 2224 1108 2259 superbe
1119 2227 1145 2250 et
1165 2223 1235 2249 elato
1256 2222 1337 2248 corde
1365 2222 1466 2252 dicunt,
1488 2220 1585 2251 scient,
1599 2219 1624 2245 id
1646 2224 1699 2248 est.

81 2266 313 2302 ὰποφορτισὼμεθα
340 2267 389 2302 τὴν
412 2267 505 2302 ὀργήν.
534 2267 565 2293 Ol
585 2266 614 2292 δὲ
636 2267 715 2293 ταυτὶ
740 2266 790 2301 μὲν
810 2274 824 2292 ο

956 2275 1017 2297 cent
1037 2276 1141 2301 rursus,
1169 2275 1222 2302 quo
1251 2267 1360 2294 tandem
1397 2265 1492 2293 evadet
1531 2265 1581 2291 hoc
1622 2271 1699 2291 suum

83 2312 184 2346 ἔφασκον
199 2321 205 2327 ”
226 2313 451 2349 περιυϐρίζοντες
461 2312 490 2339 δὲ
503 2312 603 2348 μᾶλλον
626 2313 675 2348 τῆς
699 2312 860 2348 ἐπικουρίας

83 2359 122 2393 τῆς
136 2359 205 2395 παρὰ
218 2359 286 2386 Θεοῦ
309 2359 360 2394 τὴν
378 2359 528 2393 ἀσφάλειαν
546 2358 665 2393 ἔφασκον
689 2358 731 2384 ὅτι
756 2357 791 2384 τὰ
807 2357 862 2384 τῶν

85 2405 172 2432 πόλεων
184 2406 260 2442 τείχη
274 2406 330 2432 τῶν
343 2406 414 2432 κατὰ
424 2405 472 2440 τὴν
481 2405 638 2441 Μμάρειαν
653 2403 800 2439 πεποίηντο
812 2404 861 2439 μὲν

85 2452 111 2478 ἐκ
121 2452 219 2482 πλίνθου
229 2453 345 2491 σαθρᾶς.
364 2454 425 2480 Ἐὰν
437 2451 464 2480 δὲ
473 2453 563 2484 λίθους
570 2452 754 2487 λαξεύσωμεν,
764 2452 811 2479 καὶ
827 2451 861 2488 τᾲ

87 2499 179 2536 ἄσηπτα
190 2502 242 2528 τῶν
255 2501 362 2540 ξύλων,
378 2500 542 2534 συκαμίνους
553 2499 582 2526 δὲ
610 2499 737 2535 φημὶ,κα“ι
749 2499 860 2534 κέδρους

87 2546 230 2582 ἁρμόσωμεν
249 2547 344 2579 αὐτοῖς
357 2546 404 2573 καὶ
418 2546 615 2581 ἀναστήσωμεν
630 2545 744 2582 πύργον,
756 2546 861 2573 ἀνάλω-

89 2593 121 2619 τοί
136 2601 162 2620 τε
175 2594 288 2629 ἐσόμεθα
308 2595 365 2625 τοῖς
382 2592 499 2628 ἐχθροῖς,
520 2592 567 2619 καὶ
589 2591 738 2627 ἀπόρθητοι
766 2591 860 2626 μενοῦ-

91 2647 139 2672 μιν.
152 2641 180 2666 Οί
194 2640 281 2668 τοίνυν
297 2639 398 2672 ταῦτα,
424 2638 517 2674 φησὶν,
534 2639 578 2672 ἐφ’
593 2637 670 2674 ’ὑΰρει
692 2638 741 2664 καὶ
769 2636 859 2672 ὑψηλῇ

91 2685 171 2721 καρδίᾳ
180 2686 313 2720 λέγοντες,
337 2685 498 2720 γνώσονται,
517 2684 589 2711 τοῦτ’
603 2684 671 2716 ἐστι,
691 2684 859 2719 μαθήσονται

91 2728 164 2760 πάλιν,
183 2730 239 2757 ὅποι
261 2730 326 2758 ποτὶ
360 2728 490 2764 βαδιεῖται
505 2729 535 2755 τὸ
555 2729 668 2764 σκέμμα
692 2729 793 2761 αὐτοῖς.
812 2732 859 2756 καὶ

911 2318 1077 2349 institutum,
1093 2316 1201 2351 etquod
1219 2322 1313 2342 rursus
1329 2314 1353 2340 in
1368 2312 1512 2348 perniciem
1525 2311 1604 2338 cadet
1622 2317 1699 2337 suum

912 2364 1064 2392 consilium.
1085 2363 1228 2390 Sciendum
1244 2367 1333 2388 antem
1357 2363 1418 2394 post
1435 2357 1612 2384 vastationem
1633 2355 1702 2382 Sen-

912 2410 1073 2444 nacherimi,
1091 2408 1254 2444 temporibus
1261 2407 1395 2439 .Ieremiae,
1406 2403 1700 2432 Nabuchodonosorum

912 2456 1031 2484 Iudaeam
1061 2462 1230 2490 oppugnasse
1258 2458 1285 2480 et
1313 2452 1428 2487 cepisse,
1457 2457 1489 2477 ac
1511 2454 1634 2476 vastasse
1659 2452 1700 2474 to-

915 2511 968 2533 tatn
1000 2505 1161 2535 Samariam,
1187 2503 1326 2536 ipsamque
1343 2501 1410 2528 adeo
1433 2497 1594 2526 Jerusalem.
1619 2495 1701 2523 Proin

913 2553 1046 2588 propheta
1084 2551 1216 2579 Jeremias
1250 2549 1303 2576 ait:
1332 2558 1342 2574 ι
1361 2545 1518 2574 Maledictus
1545 2544 1590 2578 qui
1627 2549 1701 2578 spent

914 2595 995 2623 habet
1021 2596 1047 2623 in
1078 2595 1198 2628 homine,
1216 2598 1243 2622 et
1271 2593 1360 2620 ﬁrmat
1385 2598 1494 2619 carnem
1518 2588 1620 2616 brachii
1648 2588 1701 2619 sui,

913 2647 941 2670 et
960 2651 974 2670 a
993 2642 1107 2670 Domino
1125 2641 1238 2669 discedit
1255 2648 1302 2669 cor
1317 2640 1376 2675 ejus
1393 2638 1426 2666 ".
1450 2647 1460 2664 ι
1478 2635 1604 2664 Servabit
1629 2633 1701 2661 enim

914 2692 993 2712 nemo
1010 2691 1083 2718 eum,
1095 2683 1142 2719 qui
1169 2683 1266 2711 divina:
1286 2682 1333 2709 ira:
1346 2680 1480 2709 obnoxius
1494 2682 1535 2705 est
1548 2685 1555 2704 :
1574 2685 1583 2702 ι
1596 2675 1702 2702 Manum

913 2730 984 2758 enim
995 2730 1129 2758 excelsam
1141 2729 1204 2764 quis
1212 2733 1316 2756 avertet
1326 2727 1370 2754 "‘I
1388 2736 1398 2754 ›
1415 2725 1495 2754 sienti
1509 2723 1637 2757 scriptum
1649 2724 1700 2747 est.

92 2773 124 2800 δτι
146 2776 217 2804 πάλιν
240 2776 431 2811 ἐκτελευτήεει
461 2775 530 2811 πρὸς
561 2775 671 2812 ὄλεθρον
698 2776 715 2810 ἡ
748 2775 828 2811 βουλὴ
854 2777 955 2809 αὐτοῖς.
988 2776 1087 2803 ’ἰστέον
1101 2775 1130 2803 δὲ
1147 2776 1187 2802 ὃτι
1213 2774 1283 2810 μετὰ
1303 2773 1352 2809 τὴν
1376 2772 1508 2808 πόρθησιν
1533 2768 1578 2796 τοῦ
1602 2767 1702 2793 Σενναθ

93 2823 183 2857 χειρεὶμ
208 2824 234 2849 ἐν
257 2823 366 2860 καιροῖς
392 2822 545 2867 ξῐερεμῐου.
569 2822 744 2858 πεπολέμηκε
769 2823 820 2859 τὴν
845 2823 974 2852 Ἰουδαίαν
999 2824 1014 2850 6
1037 2822 1270 2859 Ναϐουχοδονόσορ
1286 2818 1341 2848 εἷλέ
1351 2829 1380 2848 τε
1396 2820 1485 2848 πᾶσαν
1503 2817 1573 2844 κατὰ
1592 2812 1701 2849 κράτος.

121 2911 240 2944 "Jcrem.
256 2924 322 2951 xm,
338 2915 365 2943 5.
404 2915 425 2930 "
441 2914 560 2948 Isa.1tv,
582 2915 628 2944 97.
