1887 3054
85 149 129 176 265
641 146 673 174 IN
693 145 810 174 ISAIAM
829 145 880 173 Lm

958 145 1060 173 οιιΑτ.
1082 144 1126 174 Vl.

1656 143 1707 171 266

87 207 264 243 Διμασκηνοί.
285 208 400 244 Ἐπειδὴ
424 209 451 234 δέ
469 216 534 242 φησι
557 207 621 242 περὶ
649 205 702 232 τῶν
730 205 873 241 Ἑλλήνων,

958 205 1073 233 udeliter
1085 209 1112 233 et
1139 204 1321 232 inhumaniter
1337 205 1465 239 impetum
1494 203 1520 231 in
1549 204 1657 232 Iudaeos
1672 205 1710 231 fe-

87 256 142 286 τοϋς
174 254 372 286 κατεσθίοντας
398 255 444 281 τὸν
474 252 581 288 Ἰσραὴλ
607 252 660 287 ὅλῳ
676 251 716 287 τῷ
750 252 873 286 στόματι.

89 301 167 328 ιπέον
186 302 228 327 ὅτι
244 301 331 336 ὠμῶς
346 310 376 327 τε
393 301 440 327 καὶ
453 298 644 334 ἀπανθρώπως
663 299 874 334 προσενήνεκται

85 349 138 378 τοῖς
154 346 294 378 Ἰουδαίοις
311 348 325 374 ὁ
347 348 492 382 Ἀντίοχος,
517 346 563 372 καὶ
589 345 790 380 ἀναριθμήτους
823 345 875 370 ἁπ-

85 393 193 418 έκτονεν
215 392 338 428 οἰκτρῶς
349 401 380 418 τε
398 383 451 419 καί
472 391 606 423 ἐλεεινῶς,
626 391 670 417 ὅτε
692 391 740 418 καὶ
755 390 875 426 ἧθλησαν

83 438 105 463 oi
120 437 291 469 Μακαϐαῖοι,
317 437 366 464 καὶ
387 437 422 463 τὰ
449 436 536 472 σεμνὰ
556 435 611 462 τῶν
636 436 740 471 ἀνδρῶν
765 436 875 462 ἐκείνων

84 483 243 518 πέπρακται
265 483 425 519 νικητήρια.
450 482 542 510 Ταῦτα
565 482 594 508 δὲ
623 481 754 517 Ἰώσηπος
776 482 877 516 ἱστορεῖ

81 530 110 556 ἔν
120 531 154 565 τῇ
169 531 238 565 περὶ
256 530 347 557 αὐτῶν
361 529 454 565 βίϐλῳ.
472 528 652 555 Κατεσθίουσί
663 537 695 562 γε
710 528 765 563 μὴν
779 527 875 563 Ἐλλήι-

80 583 135 602 νων
146 575 243 607 παῖδες
266 575 313 601 καὶ
323 575 424 610 ἑτέρως
437 575 482 601 τὴν
504 574 620 610 Ἰσραὴλ,
640 574 686 600 καὶ
705 574 779 605 ὅπως
791 575 876 600 εἰπεῖν

81 620 245 654 humi“.
272 621 304 646 Ol
318 620 367 655 μὲν
384 619 438 654 γὰρ
455 620 519 654 παρ’
536 620 627 650 αὐτοῖς
642 619 752 653 ποιηταὶ
770 619 816 645 καὶ
834 619 876 644 λο-

83 666 176 701 γάδες,
187 667 229 698 εἰς
240 666 325 701 ἄκρον
338 667 452 701 ἥκοντες
465 666 643 700 εὐγλωττίας,
657 667 704 692 καὶ
721 666 752 691 τό
764 673 796 700 γε
809 662 877 701 ἧκον

83 714 123 744 εἰς
137 712 247 747 λόγους,
260 712 343 739 δεινοί
365 721 395 739 τε
407 712 482 743 ὅντες
498 712 544 739 καὶ
558 712 645 746 σοφοὶ,
657 712 878 747 συναρπάζουσιν

83 759 139 785 ἔσθ’
163 759 210 785 ὅτε
236 758 282 785 τὸν
302 759 396 792 νοητὸν
418 757 535 793 Ἰσραὴλ,
552 757 625 784 τοῦτ’
642 758 710 788 ἐστι.
743 757 790 784 καὶ
816 757 878 784 νοῦν

82 805 193 839 ὁρῶντα
214 804 292 835 Θεὸν,
317 803 364 830 καὶ
387 803 513 831 ἀπατῶσι
531 804 593 834 τοὺς
610 803 661 839 ήδη
681 803 878 835 πιστεύσαντας

82 851 123 881 εὶς
133 849 264 885 Χριστὸν,
279 849 349 875 ὥστε
363 850 410 876 καὶ
436 849 541 877 ἑλέσθαι
556 850 604 876 σὺν
621 850 714 881 αὐτοῖς
737 851 768 884 τῇ
790 849 877 876 κτίσει

84 896 163 931 παρὰ
188 896 236 922 τὸν
262 895 393 922 κτίσαντα
413 896 584 930 προσκυνεῖν.
601 891 680 922 Οὗτοι
693 894 878 921 κατεσθίουσιν

85 943 137 976 ὅλῳ
160 941 201 977 τῷ
233 941 349 976 στόματι
374 941 420 967 τὸν
444 941 562 977 Ἰσραὴλ,
583 938 627 972 οἷς
652 941 682 967 οὐ
703 940 876 975 προσεκτέον,

88 987 174 1021 Λόγου
193 987 246 1024 μὲν
260 986 314 1022 γὰρ
331 986 492 1022 λαμπρότης
519 985 609 1022 ἔργοις
630 986 742 1020 ἀγαυοῖς
759 987 782 1012 εἱ
795 982 880 1021 ὁρῷτο

88 1033 248 1068 σύνδρομος,
263 1033 341 1059 ἔσται
353 1032 401 1059 καὶ
422 1032 512 1068 δεκτὴ,
531 1032 577 1058 καὶ
593 1032 743 1061 ἀνδάνουσα
756 1032 794 1067 τῷ
810 1031 879 1067 Θεῷ.

89 1079 159 1114 Ψιλὴ
172 1079 202 1104 δὲ
219 1079 265 1104 καὶ
282 1078 350 1114 μόνη
369 1078 396 1103 τί
417 1077 449 1103 ἃν
474 1078 565 1113 ἕτερον
589 1078 631 1112 εἴη
655 1077 758 1109 λοιπὸν,
778 1077 795 1112 ἢ
811 1077 881 1103 καθά

91 1132 171 1159 φησιν
200 1125 215 1150 ό
252 1123 409 1158 σοφώτατος
437 1124 556 1156 Παῦλος,
591 1135 600 1150 ι
615 1125 713 1160 χαλκὸς
742 1124 826 1160 ἠχῶν,
864 1125 880 1160 ἢ

91 1170 229 1205 κύμϐαλον
251 1170 403 1203 ἀλαλάζον;
421 1181 429 1196 ι

130 1217 196 1244 Ἐπὶ
211 1217 329 1249 τούτοις
346 1216 461 1244 ἅπασιν
476 1218 531 1243 οὐκ
549 1217 726 1251 ἀπεστράφη
745 1219 760 1244 d
776 1217 879 1251 θυμὸς.

94 1263 160 1290 ἀλλ’
185 1263 231 1289 ἐτι
254 1264 272 1296 ἡ
303 1263 368 1297 χεὶρ
389 1262 506 1296 ὑψηλή.
526 1263 582 1290 Kal
605 1265 622 1290 ό
647 1264 722 1295 λαὸς
746 1264 802 1290 οὐκ
826 1263 882 1289 ἀπ-

94 1308 227 1344 εστράφη
242 1309 298 1342 ἕως
312 1306 348 1336 οὗ
364 1308 493 1343 ἐπλήγη,
510 1308 560 1336 καὶ
571 1309 623 1335 τὸν
633 1310 741 1344 Κύριον
754 1310 809 1336 οὐκ
819 1309 882 1344 ἐζή-

95 1363 199 1389 τηρ-αν.

128 1402 236 1429 Σέσωκε
254 1402 303 1438 μὲν
327 1402 382 1438 γὰρ
398 1403 413 1429 ό
430 1403 483 1430 τῶν
503 1403 571 1430 ὅλων
595 1404 661 1435 Θεὸς
685 1404 732 1430 καὶ
753 1404 882 1440 πλημμε-

95 1448 189 1475 λοῦντα
211 1447 259 1474 τὸν
279 1448 396 1484 Ἰσραὴλ,
413 1449 460 1475 καὶ
474 1449 623 1485 δεδώρηται
643 1450 692 1485 τὴν
712 1450 882 1485 ἐπικουρίαν,

96 1495 161 1521 ὥστε
187 1494 235 1521 καὶ
255 1494 365 1529 μείζους
384 1494 510 1529 γενέσθαι
527 1495 582 1522 τῶν
596 1496 627 1522 ἐκ
645 1496 744 1531 Συρίας
762 1495 812 1530 τῆς
828 1495 884 1530 γεί-

96 1549 178 1573 τονος,
194 1540 244 1567 καὶ
260 1540 315 1567 τῶν
331 1541 378 1574 ἀφ’
395 1540 471 1575 ἡλίου
492 1540 612 1576 δυσμῶν,
627 1541 652 1567 οἳ
674 1541 820 1576 κατήσθιον
833 1541 882 1567 αὺ-
897 1559 918 1588 C

96 1587 138 1614 τὸν
147 1587 200 1622 ὅλῳ
214 1587 254 1622 τῷ
266 1586 391 1621 στόματι.
402 1585 475 1622 Πλὴν
485 1587 499 1612 ὁ
512 1586 554 1612 ἐπ’
566 1586 656 1618 αὐτοῖς
666 1585 752 1621 θυμὸς
768 1585 881 1622 Κυρίου,

96 1633 185 1668 ¹δέησιν,
199 1632 251 1659 οὐκ
267 1632 443 1667 ἀπεστράφη,
467 1631 540 1658 τοῦτ’
566 1631 651 1663 ἔστιν,
671 1631 702 1669 οὐ
724 1630 881 1667 κατέληξεν,

95 1678 182 1714 ὑψηλὴ
193 1678 222 1704 δὲ
235 1677 335 1713 μᾶλλον
350 1677 561 1713 ἀπομεμένηκεν
576 1678 592 1712 ἡ
606 1676 654 1704 τοῦ
671 1677 796 1709 παίοντας
811 1678 881 1714 χεὶρ,

95 1724 212 1759 ἑτοίμως
226 1723 325 1758 ἔχουσα
348 1723 469 1758 δηλονότι
494 1722 601 1757 πληγὰς
616 1723 707 1755 αὐτοῖς
725 1724 771 1750 καὶ
786 1724 883 1760 ἑτέρας

94 1770 265 1804 ἐπενεγκεῖν.
287 1769 337 1796 Διά
353 1768 433 1795 ποίαν
454 1769 560 1802 αίτίαν;
577 1769 614 1795 Οὐ
640 1768 694 1805 γὰρ
708 1770 883 1806 ἀπεστράφη,

94 1816 176 1852 φησὶν
192 1817 207 1843 ὁ
222 1815 295 1847 λαὸς,
317 1815 378 1842 οὐδὲ
396 1815 451 1841 τῶν
468 1815 541 1842 ἰδίων
554 1816 689 1850 ἀπέσχετο
703 1816 882 1851 πλημμελῶν.

91 1863 151 1891 Οὐκ
168 1862 320 1897 ὲξεζήτησε
332 1861 379 1888 τὸν
402 1860 514 1896 Κύρων,
531 1861 576 1888 διά
596 1869 627 1896 γε
650 1861 681 1888 τὺ
696 1861 836 1897 βούλεσθαι
850 1863 885 1889 τὰ

92 1910 168 1945 αῠτῳ
188 1908 324 1935 δοκοῦντα
342 1908 389 1934 καὶ
405 1907 469 1941 φίλα
491 1908 599 1943 φρονεῖν
612 1916 642 1934 τε
657 1908 704 1934 καὶ
723 1908 799 1944 δρᾷν.
828 1911 884 1936 Με-

91 1955 231 1990 μενήκασι
245 1953 275 1979 δὲ
291 1952 419 1988 τοιαύτην
437 1951 544 1987 ἔχοντες
557 1953 607 1988 τὴν
622 1952 744 1989 γνώμην,
759 1954 838 1991 ἄχρις
852 1954 885 1982 ἂν

87 2001 185 2032 αὐτοῖς
201 2001 219 2035 ἠ
237 1998 329 2034 ὑψηλή
352 2007 382 2025 τε
403 1998 450 2025 καὶ
466 1999 605 2035 παναλκὴς
622 2000 799 2036 ὲπενήνεκται
814 2001 884 2036 χείρ.

86 2047 160 2074 Ποία
177 2046 208 2072 δὲ
225 2045 309 2072 πάλιν
328 2046 345 2080 ἡ
371 2044 513 2080 μετέχεινα
538 2045 640 2081 πληγὴ,
657 2046 716 2077 πῶς
738 2045 886 2078 οὐκ-ἀξιον

85 2094 175 2125 ιίεῖνς
190 2093 355 2123 Τελευταῖος
371 2091 420 2126 μὲν
433 2091 498 2126 γὰρ,
515 2091 552 2124 ὡς
565 2091 645 2127 ἔφην,
660 2092 675 2118 ὁ
689 2092 887 2128 Ναὸουχοδονό-

84 2146 140 2174 cap
157 2135 217 2164 εἷλε
229 2137 281 2173 τὴν
301 2136 433 2163 Ἰουδαίαν
456 2138 557 2164 πᾶσαν.
570 2137 722 2173 Μετῴκησε
735 2137 763 2164 δὲ
780 2137 827 2164 καὶ
842 2138 888 2165 τὸν

89 2183 211 2220 Ἰσραὴλ
226 2184 269 2215 εἰς
285 2183 320 2209 τὰ
333 2182 384 2218 ὅρη
399 2182 513 2217 Περσῶν
527 2182 575 2209 καὶ
588 2183 698 2219 Μήδων.
721 2184 829 2220 Ἐπειδὴ
848 2184 886 2216 δὲ,

926 250 1007 281 cisse,
1029 255 1056 277 et
1084 249 1294 277 innumerabiles
1323 251 1450 277 miserum
1476 250 1501 277 in
1521 250 1630 277 modum
1658 255 1712 277 tru-

926 295 1029 323 cidasse
1042 303 1049 322 :
1064 296 1174 330 quando
1199 300 1226 322 et
1252 294 1397 323 Machabaai
1414 300 1561 329 certarunt,
1579 295 1714 323 illustres-

926 349 978 375 que
1004 341 1037 368 dc
1069 341 1121 368 illis
1145 341 1298 368 hominibus
1325 341 1466 369 celebratae
1489 347 1552 369 sunt
1580 342 1710 371 victoriae.
1740 355 1747 379 ς,

927 384 1073 412 Historiam
1096 385 1166 412 hanc
1202 385 1284 412 refert
1305 385 1439 420 Iosephus
1475 387 1501 414 in
1525 387 1594 415 libro
1630 394 1711 422 quem

926 431 959 458 de
977 439 1009 458 eo
1030 432 1206 467 conscripsit.
1226 432 1360 460 Devoraut
1378 437 1404 460 ct
1428 433 1480 460 alio
1509 434 1590 461 modo
1625 433 1713 462 Graeci

928 478 1066 511 lsraelem,
1105 478 1185 513 idque
1219 486 1272 513 quo
1305 484 1383 513 pacto
1414 479 1472 514 ﬂat,
1491 485 1532 508 est
1559 481 1712 508 dicendum.

928 523 994 550 Nam
1008 528 1095 558 poeta:
1116 531 1210 551 eorum
1226 530 1253 552 et
1275 529 1408 558 oratores,
1437 526 1470 552 ad
1497 533 1631 553 summurn
1658 527 1714 562 api-

929 576 988 596 cem
1016 569 1149 596 facundia:
1178 571 1378 604 pervenientes,
1407 575 1437 599 et
1456 571 1562 600 dicendi
1585 572 1713 600 facultate

928 621 1099 650 praestantes,
1114 623 1146 644 ac
1165 617 1215 644 viri
1236 617 1379 652 sapientes,
1396 618 1519 646 Israelem
1536 619 1713 653 spiritualem,

930 662 1009 697 162
1031 662 1056 689 id
1073 666 1127 695 est,
1144 666 1261 690 mentem
1287 663 1537 699 contemplatricem
1565 665 1623 698 Dei,
1647 665 1716 692 arri-

929 709 1016 743 piunt,
1033 712 1060 736 et
1075 715 1124 736 eos
1143 708 1190 743 qui
1203 709 1260 744 jam
1276 709 1303 736 in
1318 709 1456 737 Christum
1474 711 1656 744 crediderunt,
1671 719 1714 739 se-

929 755 1040 786 ducunt,
1057 759 1086 781 ut
1103 754 1197 782 malint
1212 762 1272 782 cum
1291 755 1357 790 ipsis
1376 759 1528 783 creaturam
1555 764 1610 791 pra:
1634 757 1715 785 Crea-

930 803 989 826 tore
1005 799 1127 826 adorare.
1153 798 1184 826 Hi
1202 804 1258 827 toto
1273 807 1320 826 ore
1343 799 1468 828 lsraelem
1491 800 1631 832 devorant,
1656 801 1716 836 qui—

930 845 981 872 bus
1000 851 1053 871 non
1068 850 1110 872 est
1129 845 1333 873 attendendum.
1365 846 1499 880 Splendor
1520 847 1592 874 enim
1615 848 1716 876 oratio-

930 891 974 918 nis
996 892 1017 918 si
1037 899 1098 918 eum
1125 892 1254 927 operibus
1276 892 1354 921 hortis
1380 894 1542 928 conjuncws
1567 894 1714 925 videretur.

929 941 1002 963 esset
1032 941 1141 970 accepta
1164 941 1192 963 et
1208 937 1262 965 Deo
1280 938 1389 972 placens
1409 939 1507 967 oratio.
1517 939 1594 967 Nuda
1612 943 1715 973 autem,

930 987 958 1009 et
981 983 1113 1015 solitaria,
1133 984 1198 1017 quid
1229 983 1301 1011 aliud
1331 991 1412 1018 porro
1433 985 1476 1016 sit,
1494 993 1586 1020 quam,
1613 991 1643 1014 ut
1673 994 1715 1013 sa-

931 1027 1116 1060 pientissimus
1129 1027 1226 1055 Paulus
1245 1028 1314 1054 ait"
1330 1038 1338 1055 :
1357 1038 1365 1054 ι
1386 1037 1423 1056 αδδ
1436 1037 1536 1058 sonans
1550 1030 1591 1057 vel
1613 1031 1718 1065 cymba-

931 1071 985 1098 lum
1016 1072 1150 1100 tinnicns?
1162 1082 1170 1098 ι

969 1215 1050 1242 Vens.
1068 1215 1111 1242 13.
1133 1214 1166 1242 In
1182 1215 1222 1242 his
1240 1216 1359 1242 omnibus
1379 1224 1430 1243 non
1447 1224 1553 1244 «verm
1569 1223 1604 1244 est
1632 1218 1719 1251 furor,

932 1263 977 1288 sed
985 1262 1130 1289 etiamnum
1142 1269 1237 1288 manus
1249 1262 1351 1289 excelsa
1363 1267 1399 1289 est
1412 1269 1421 1288 :
1435 1268 1458 1289 et
1469 1263 1580 1298 populus
1594 1272 1646 1290 mm
1662 1272 1720 1290 cou-

932 1316 1023 1335 cerstu
1038 1312 1087 1341 est,
1101 1308 1183 1335 donec
1194 1316 1331 1343 percussus
1342 1313 1389 1342 ut,
1417 1315 1441 1336 et
1456 1309 1597 1337 Dominum
1612 1319 1664 1338 non
1674 1319 1721 1338 ex-

932 1355 1103 1389 quisiverum.

967 1399 1035 1428 Nam
1061 1401 1179 1428 servavit
1196 1401 1381 1429 universitatis
1403 1402 1473 1430 Deus
1492 1402 1617 1431 lsraelem
1639 1405 1720 1432 etiam

934 1446 1146 1481 delinquentem,
1162 1453 1189 1475 et
1209 1447 1268 1474 tulit
1280 1448 1428 1482 suppetias,
1450 1449 1519 1479 adeo,
1532 1455 1562 1477 ut
1575 1450 1651 1486 Syris
1662 1451 1723 1479 lini-

935 1493 1007 1520 timis
1024 1499 1051 1519 et
1076 1493 1233 1521 hominibus
1258 1493 1470 1522 occidentalibus
1488 1494 1568 1523 fuerit
1587 1497 1721 1532 superior,

936 1542 980 1576 qui
995 1549 1055 1569 eum
1072 1547 1127 1569 toto
1142 1549 1189 1569 ore
1202 1542 1380 1571 devorarunl.
1395 1541 1507 1575 Verum,
1522 1541 1619 1577 inquit,
1637 1543 1663 1571 in
1681 1544 1724 1572 his

937 1586 1013 1614 furor
1029 1586 1134 1613 Domini
1158 1594 1211 1614 non
1233 1594 1346 1614 aversus
1370 1591 1422 1619 est,
1441 1587 1466 1614 id
1487 1592 1540 1621 est,
1562 1597 1614 1616 non
1632 1590 1722 1624 desiit,

940 1632 987 1660 sed
1000 1633 1106 1660 excelsa
1122 1633 1252 1659 remansit
1265 1631 1386 1660 lerientis
1414 1640 1520 1665 manus,
1539 1639 1630 1668 parata
1647 1636 1719 1663 vide-

937 1679 1001 1706 licet
1014 1679 1067 1706 illis
1081 1684 1107 1706 et
1122 1678 1214 1713 plagas
1229 1678 1296 1706 alias
1309 1679 1440 1714 inﬂigere.
1455 1679 1539 1712 Quam
1554 1682 1589 1708 ob
1598 1682 1726 1709 causam?

937 1725 996 1754 Non
1016 1726 1213 1760 enitti,.inquit,
1231 1733 1378 1753 conversus
1396 1731 1437 1753 est
1454 1728 1578 1761 populus.
1597 1736 1646 1756 nec
1662 1736 1725 1764 pec-

939 1779 1002 1800 care
1023 1771 1136 1799 destitit.
1161 1770 1218 1798 Nou
1235 1771 1359 1805 quaesivit
1376 1771 1527 1805 Dominum,
1545 1777 1574 1800 ut
1590 1781 1650 1808 quae
1673 1776 1724 1810 ipsi

938 1816 1054 1850 placent,
1071 1820 1099 1843 et
1119 1823 1180 1850 quae
1201 1821 1278 1851 grata
1305 1821 1366 1842 sunt
1386 1823 1417 1843 ea
1446 1817 1546 1844 sentire
1576 1819 1668 1852 velint,
1698 1826 1725 1846 et

940 1869 1021 1897 agere
1041 1871 1047 1888 :
1064 1861 1112 1890 sed
1129 1869 1163 1889 eo
1180 1862 1270 1889 animo
1295 1868 1400 1896 semper
1426 1862 1543 1896 fuerunt,
1574 1864 1659 1891 donec
1673 1865 1725 1892 illis

937 1908 1044 1936 excelsa
1072 1914 1099 1936 et
1125 1909 1158 1936 ad
1188 1909 1278 1936 omnia
1303 1909 1509 1936 instructissima
1537 1918 1631 1938 nans
1652 1910 1724 1938 illata

939 1958 989 1981 est.
1006 1953 1072 1986 Quae
1101 1961 1207 1981 rursum
1225 1953 1305 1981 fuerit
1321 1954 1379 1982 haec
1397 1954 1474 1990 plaga
1495 1955 1616 1988 ulterior,
1637 1963 1725 1983 annon

939 2007 1028 2034 operae
1039 2000 1153 2033 pretium
1169 2004 1211 2027 est
1227 2000 1337 2027 videre?
1353 1999 1503 2028 Novissime
1515 2001 1600 2034 enim,
1612 2007 1640 2028 ut
1653 2002 1725 2029 dice-

940 2046 1013 2078 bam,
1030 2045 1310 2074 Nabuchodonosorus
1324 2047 1395 2080 cepit
1417 2054 1524 2074 omuetn
1545 2046 1674 2079 Iudaeam.
1699 2052 1727 2074 ct

941 2096 1070 2126 praeterea
1094 2091 1254 2125 Samariam,
1277 2097 1303 2120 et
1321 2093 1443 2120 lsraelem
1461 2093 1487 2120 in
1504 2098 1608 2120 montes
1629 2092 1727 2121 Persa-

941 2145 1002 2164 rum
1028 2142 1055 2164 ει
1077 2137 1216 2164 Medorum
1247 2137 1396 2164 transtulit.
1428 2137 1581 2170 Catlerum,
1615 2143 1644 2165 ut
1669 2138 1725 2172 jam

942 2183 1009 2217 dixi,
1024 2183 1114 2217 elapso
1124 2183 1289 2218 captivitatis
1307 2188 1436 2218 tempore.
1446 2183 1472 2210 in
1487 2182 1606 2211 Judaeum
1626 2184 1727 2211 reducti

80 2230 126 2262 ὡς
142 2230 227 2265 ἔφην,
242 2228 294 2264 ἢδη
319 2229 535 2264 πεπερασμένων
554 2223 680 2264 τῶν’τῆς
701 2229 880 2265 αἰχμαλωσίας

958 2230 1134 2257 mbilaverunt
1147 2229 1351 2265 Hierosolymis,
1367 2237 1419 2264 non
1437 2230 1492 2265 jam
1510 2229 1536 2256 in
1548 2230 1614 2257 duas
1642 2230 1728 2257 tribus

79 2276 219 2312 καιρῶν,
234 2274 456 2309 ἀνεκομίσθησαν
476 2275 516 2306 είς
534 2274 585 2310 τὴν
604 2274 745 2307 Ἰουδαίαν,
763 2275 811 2303 καὶ
825 2285 891 2303 κατ-

78 2323 225 2358 ῳκήκασι
241 2321 292 2356 τὴν
309 2320 495 2356 Ἰερουσαλὴμ,
509 2320 601 2347 οὐκέτι
612 2320 786 2357 διῃρημένων
799 2322 838 2352 εις
845 2321 892 2348 δύο

79 2369 146 2396 τῶν
158 2367 269 2403 φυλῶν,
290 2367 348 2394 ἀλλ’
361 2368 401 2398 εις
424 2367 472 2393 ἕνα
493 2367 584 2393 λοιπὸν
605 2367 630 2393 οἱ
656 2367 756 2399 πάντες
780 2367 892 2402 βασιλέα

79 2412 291 2448 γεγενημένοι.
318 2411 403 2438 Τοῦτο
421 2412 476 2448 γὰρ
498 2410 532 2447 ἦν
551 2412 581 2438 τδ
599 2412 632 2438 δι’
653 2412 712 2444 ἑνὸς
735 2411 790 2439 τῶν
807 2413 891 2447 ἁγίων

81 2458 251 2495 προφητῶν
266 2457 422 2493 ειρημένον·
435 2467 444 2483 ι
460 2458 514 2484 Καὶ
529 2457 709 2493 ἀναϐήσονται
722 2459 754 2485 ἐκ
768 2459 816 2493 τῆς
830 2460 892 2494 γῆς,

83 2507 138 2532 καὶ
161 2505 296 2540 θήσονται
316 2504 422 2535 ἑαυτοῖς
435 2504 523 2539 ἀρχὴν
536 2503 611 2539 μίαν.
630 2513 639 2529 ι
652 2504 729 2531 Μετὰ
747 2504 837 2531 τοίνυν
862 2505 893 2531 τὸ

85 2553 124 2578 ὲκ
140 2552 196 2587 τῆς
210 2549 403 2585 αἰχμαλωσίας
415 2550 596 2584 ὑπονοατῆσαι
610 2548 770 2584 σύμπαντας
791 2550 831 2581 είς
844 2549 893 2584 τὴν

95 2597 251 2630 Ἰουδαίαν,
269 2596 493 2632 πεπολεμήκασιν
507 2597 599 2628 αὺτοῖς
615 2597 639 2622 οί
653 2596 707 2622 ἀπὸ
721 2597 831 2631 Συρίας,
846 2596 894 2622 καὶ

91 2646 118 2670 οἱ
140 2645 192 2679 ἀφ’
218 2643 297 2679 ἡλίου
324 2642 472 2674 ἀνατολῶν,
499 2642 569 2678 πλὴν
597 2642 726 2677 ἥττηνται
751 2642 798 2668 καὶ
818 2641 895 2668 αὐτοὶ

94 2690 320 2726 προασπίζοντος
333 2688 401 2715 Θεοῦ
422 2688 476 2715 τῶν
489 2688 711 2724 λελυτρωμινων.
727 2685 794 2714 Εἶτα
807 2687 895 2714 διατε-

95 2737 230 2764 τελέκασι
241 2736 288 2762 τὸν
307 2734 412 2771 μεταξὺ
427 2734 523 2770 καιρὸν
537 2734 618 2770 μέχρι
636 2733 686 2768 τῆς
707 2731 754 2760 τοῦ
768 2732 894 2769 Σωτῆρος

97 2784 180 2820 ἡμῶν
195 2781 384 2818 ἑπιδημίαςοὺ
399 2780 498 2813 ζῶντες
509 2780 614 2813 αἰσίως,
628 2779 690 2807 οὗτε
703 2780 756 2815 μὴν
769 2780 808 2810 εἰς
822 2779 896 2807 ἅπαν

137 2864 182 2890 ’⁷1
197 2864 262 2891 Cor.
275 2869 340 2894 xm,
362 2861 392 2887 1.
428 2860 450 2876 ’³
462 2859 531 2888 Osee
545 2868 565 2892 ι,
581 2860 622 2886 ll.

216 2911 366 2942 ΡΑτιιοι.
390 2907 444 2938 Gn.
466 2907 552 2937 LXX.

944 2275 1034 2308 divisi,
1056 2275 1103 2302 sed
1123 2275 1168 2302 uni
1189 2275 1315 2310 deinceps
1337 2282 1431 2302 omnes
1451 2276 1506 2309 regi
1521 2276 1630 2303 subditi.
1672 2275 1728 2303 Hoc

942 2322 1014 2348 enim
1025 2320 1058 2347 ub
1074 2328 1128 2348 uno
1144 2325 1297 2348 sanctorum
1315 2321 1506 2355 prophetarum
1525 2321 1624 2348 dictum
1645 2327 1703 2349 erat
1720 2332 1726 2348 :

946 2377 955 2393 ι
975 2366 1008 2394 Et
1020 2367 1167 2395 ascendent
1184 2371 1292 2399 eterra,
1304 2372 1331 2394 et
1346 2367 1510 2394 constituent
1526 2367 1576 2394 sibi
1595 2367 1730 2403 principa-

944 2417 1000 2439 tum
1014 2419 1096 2439 unum
1110 2412 1144 2439 ".
1161 2421 1170 2437 ι
1193 2411 1286 2447 Itaque
1305 2417 1446 2447 postquam
1459 2413 1546 2440 cuncti
1563 2420 1596 2440 ex
1616 2413 1729 2447 captivi-

943 2462 998 2484 tate
1017 2457 1041 2484 in
1057 2458 1176 2484 Judaeam
1196 2459 1342 2491 redierunt,
1364 2459 1463 2486 bellum
1486 2459 1513 2486 in
1530 2466 1578 2486 eos
1603 2466 1730 2494 suscepe-

945 2505 1077 2539 runt,qui
1098 2512 1112 2530 ιι
1141 2504 1230 2540 Syria,
1251 2509 1278 2532 et
1298 2505 1344 2539 qui
1366 2505 1400 2532 ab
1424 2509 1485 2532 ortu
1509 2504 1574 2533 solis
1589 2511 1729 2538 venerant,

945 2550 989 2584 qui
1007 2555 1094 2577 tamen
1110 2551 1208 2578 devicti
1229 2555 1302 2582 sunt,
1331 2550 1385 2578 Deo
1407 2550 1536 2578 liberatos
1558 2551 1635 2584 quasi
1656 2555 1733 2578 scuto

946 2599 1115 2631 protegente.
1144 2596 1276 2631 Deinceps
1302 2604 1367 2624 vero
1395 2601 1601 2631 perseverarunt
1630 2597 1731 2623 interea

947 2642 1084 2676 temporis,
1107 2649 1192 2677 usque
1216 2643 1249 2670 ad
1278 2643 1431 2670 Servatoris
1461 2642 1545 2669 nostri
1576 2642 1731 2671 adventum.

948 2694 1002 2713 non
1016 2687 1138 2714 viventes
1163 2694 1266 2720 sanCte,
1294 2695 1344 2715 nec
1366 2687 1476 2715 omnino
1501 2695 1515 2713 a
1543 2687 1664 2722 pristinis
1681 2685 1732 2712 illis

948 2733 1021 2760 vitiis
1042 2733 1209 2767 recedentes,
1233 2734 1279 2761 sed
1301 2741 1350 2761 nec
1377 2734 1484 2765 decore,
1513 2740 1563 2760 nec
1587 2731 1732 2759 secundum

949 2779 1034 2814 legem
1053 2785 1212 2814 versantes,
1240 2780 1371 2816 valdeque
1388 2779 1554 2815 negligentes
1578 2783 1605 2806 et
1626 2775 1733 2804 incurii.

1537 2904 1554 2934 9
