1887 3054
91 157 138 184 εει»

656 159 690 186 IN
708 160 824 188 ISAIAM
844 161 908 189 Lm.
930 162 950 189 l.
970 138 1075 189 ΟΗᾸΤ.
1096 161 1129 189 Ἥ

1671 159 1725 187 (ΞΠ)

92 225 214 257 λέγοντες
224 230 231 237 ·
252 231 262 248 ι
282 222 430 257 ’Ἄρχοντες
443 220 487 247 τοῦ
508 218 572 246 λαοῦ
587 219 634 246 καὶ
649 217 837 254 πρεσϐύτεροι,

982 220 1067 248 licium
1085 228 1226 254 vocamur,
1243 221 1379 255 quomodo
1399 221 1442 247 ille
1461 226 1583 248 servatus
1609 222 1654 253 sit,
1682 231 1727 248 uo-

94 270 170 305 ἡμεῖς
189 269 314 304 σήμερον
330 266 537 303 ἀνακρουόμεθα
554 266 599 292 ἐπὶ
615 265 759 300 εὐεργεσίᾳ
779 262 885 299 ἀνθρώ-

93 324 141 341 που
157 313 302 345 ἀσθενοῦς.
315 314 344 340 ἐν
361 313 412 340 τίνι
426 311 502 344 οὗτος
518 312 662 342 σέσωσται,
680 311 798 345 γνωστὸν
815 310 885 336 ἔστω

94 363 153 396 ὑμῖν
171 361 220 387 καὶ
236 361 320 387 παντὶ
342 359 381 395 τῷ
398 359 464 394 λαῷ,
488 360 528 385 ὅτι
553 360 580 385 ἐν
601 359 639 394 τῷ
656 359 767 392 ὀνόματι
798 356 883 392 Ἰησοῦ

94 406 206 443 Χριστοῦ
224 406 273 433 τοῦ
293 405 468 442 Ναζωραίου.
491 415 500 431 ι
518 402 596 432 Οὗτοι
613 405 667 440 γὰρ
690 406 714 431 οἱ
735 403 884 439 πρεσϐύτε-

95 463 141 489 ροι,
159 454 209 490 τὴν
236 454 285 480 τοῦ
311 454 415 489 κρίνειν
438 453 544 488 ἔχοντες
568 452 703 485 ἐξουσίαν,
728 453 778 478 οὐκ
800 451 885 486 ὁρθὰς

93 500 138 531 τὰς
155 500 198 534 ἐφ’
217 500 330 535 ἑκάστῳ
349 500 402 525 τῶν
425 499 490 535 παρ’
510 500 602 530 αὺτοῖς
625 499 792 534 κρινομένων
812 499 885 524 ἐποι-

93 547 165 572 οῦντο
180 545 300 581 ψήφους.
320 546 532 581 δωροδοκοῦντες
549 546 702 581 ἀπλήστως,
722 546 768 572 καὶ
782 544 815 571 τὰ
831 544 885 570 τῶν

94 592 226 619 πλουσίων
254 591 445 628 Θαυμάζοντες
466 591 619 626 πρόσωπα,
647 588 735 618 καίτοι
763 591 809 617 τοῦ
840 590 886 618 διὰ

94 638 211 670 Μωσέως
236 638 408 674 κεκραγότος
425 639 524 673 νόμουθ
550 647 558 663 ι
587 638 681 674 Κρῖμα
701 637 803 665 δίκαιον
825 638 885 672 κρί-

96 692 162 710 νατε’
185 693 194 709 ι
208 684 259 710 καὶ
276 684 318 715 τὺ,
333 693 342 709 ι
356 684 393 710 Οὺ
406 683 479 719 λήψῃ
498 683 643 719 πρόσωπον
655 684 684 709 ἐν
700 684 799 719 κρίσει,
819 693 826 709 t
843 692 885 710 τι-

95 730 181 761 ῦέντος
204 732 347 766 πανταχῆ.
377 730 453 765 Αὕτη
475 730 575 762 τοίνυν,
590 731 680 765 φησὶν,
700 731 716 766 ἡ
735 731 822 767 ἁρχή’
843 731 886 757 λε-

96 777 197 807 λογιστο
213 776 242 802 δὲ
264 777 314 803 καὶ
336 778 374 808 είς
391 777 522 813 κεφαλήν.
549 776 660 812 Κεφαλὴ
686 777 740 812 γὰρ
757 777 827 803 λαῶν
850 777 886 804 ἱε-

96 823 165 858 ρεὺς,
182 823 248 849 ὅταν
264 823 305 854 ὡς
322 823 364 857 ἐφ’
381 823 440 855 ἐνὸς
452 824 551 850 νοεῖται
568 822 703 858 σώματος.
717 823 886 859 Συναφαιρε-

96 869 221 904 θήσεσθαι
239 868 271 895 δὲ
292 869 331 904 τῷ
355 869 495 906 πρεσϐύτῃ
514 869 579 904 φησὶ
603 870 649 897 καὶ
674 870 816 905 προφήτην
840 870 887 896 καὶ

96 916 251 943 διδάσκοντα
268 916 369 950 ἄνομα.
387 916 440 942 Καὶ
455 915 549 942 τοῦτον
564 913 633 942 εἶναί
649 924 715 950 φησι
727 915 774 951 τὴν
793 915 884 951 οὐρὰν,

97 962 160 989 τοῦτ’
180 962 250 992 ἔστι,
267 961 300 988 τὺ
317 962 459 996 ἑπόμενον.
477 960 567 988 ἹΙσαν
588 962 636 997 μὲν
655 962 709 997 γάρ
728 970 799 993 τινες
812 962 887 998 παρὰ

97 1009 144 1039 τοῖς
160 1007 311 1041 Ἰουδαίοις,
331 1008 375 1034 τὸν
389 1007 433 1034 διὰ
453 1007 497 1034 τοῦ
516 1008 652 1042 πανσόφου
673 1008 792 1040 Μωσέως
816 1008 887 1044 διερ-

99 1054 256 1089 μηνεὺοντες
284 1055 377 1089 νόμονι
402 1055 488 1091 ἔδρων
504 1055 531 1081 δὲ
552 1054 632 1081 τοῦτο
650 1055 897 1089 διεστραμμένως,’

97 1102 147 1132 τοῖς
158 1100 202 1127 διὰ
217 1101 345 1133 Μωσέως
358 1101 447 1135 λόγοις
465 1101 611 1134 ἐπάγοντες
627 1101 678 1127 οὐκ
698 1100 784 1136 ὀροῶς
800 1109 888 1136 παρα-

98 1147 176 1179 δόσεις
191 1147 346 1182 ἀγράφους,
365 1147 521 1182 ἐντάλματα
534 1146 684 1182 ἀνθρώπων
698 1147 745 1173 καὶ
761 1146 888 1174 διδασκα-

99 1193 162 1224 λίας.
181 1190 265 1227 Οὗτοι
281 1194 331 1220 τὸν
351 1193 404 1220 τῶν
425 1194 560 1220 Ἰουδαίων
581 1193 769 1229 πεπλανήκασι
788 1194 885 1228 δῆμον,

100 1238 140 1264 καὶ
154 1237 256 1273 γαῦρον
281 1239 389 1274 ἐγεῖραι
414 1238 484 1265 κατὰ
507 1238 624 1274 Χριστοῦ
652 1239 820 1274 πεποιήκασι
842 1239 888 1265 τὸν

100 1285 201 1319 αὐχένα.
235 1284 351 1320 Ἐπειδὴ
374 1285 462 1311 τοίνυν
481 1284 588 1311 εἵποντο
605 1284 652 1310 καὶ
666 1281 737 1310 οὗτοι
755 1286 814 1316 ταῖς
835 1284 887 1311 τῶν

101 1330 187 1365 ἱερέων
199 1330 339 1365 γνώμαις,
357 1331 380 1357 οἳ
399 1331 444 1357 καὶ
460 1330 489 1356 ἐν
508 1331 582 1363 τάξει
605 1330 731 1357 τέθειντοι
739 1331 788 1366 τῆς
802 1340 887 1366 κεφα-

100 1372 152 1407 λῆς,
169 1373 252 1408 οὐρὰν
268 1373 415 1408 ὠνόμασεν
436 1375 544 1406 αὐτούς.
576 1374 621 1406 Ὠς
637 1375 692 1410 γὰρ
717 1375 796 1410 ἕσην,
824 1375 898 1402 Ξταν¹

101 1419 132 1450 ὡς
147 1419 186 1453 ἐφ’
202 1419 261 1451 ὲνὺς
276 1420 384 1455 νοῶμεν
402 1420 537 1455 σώματος,
552 1421 646 1448 ἕπεται
667 1421 775 1453 πάντως
791 1423 806 1457 ἡ
822 1422 888 1457 οὺρά

101 1466 129 1499 τῇ
143 1466 257 1501 κενςαλῇ.
281 1466 393 1501 Ἐπειδὴ
409 1466 436 1492 δὲ
458 1467 599 1502 προφήτας
615 1467 756 1503 ὠνόμασεν
779 1471 888 1501 αὐτοὺς,

101 1511 144 1546 οὐχ
162 1511 256 1545 ἁγίους
280 1510 355 1538 εἶναι
370 1513 417 1538 καὶ
434 1512 544 1547 ἀληθεῖς
569 1513 743 1549 λογιούμεθα,
770 1506 895 1549 Προστέί

102 1556 167 1583 Θεικε
189 1556 243 1592 γὰρ
267 1557 311 1589 τὸ,
330 1557 370 1583 ὅτι
389 1557 560 1584 διδάσκουσιν
585 1557 684 1597 ἄνομα.
710 1559 783 1596 Πλὴν
800 1561 889 1588 ἐκεῖνό

102 1611 194 1637 φαμεν·
203 1601 299 1630 Ἦσαν
318 1603 368 1638 μὲν
382 1602 435 1638 γὰρ
446 1604 474 1630 ὲν
487 1603 525 1638 τῷ
547 1603 654 1640 Ἰσραὴλ
668 1603 889 1641 ψευδοπροφῆται

942 273 996 293 ιιιιιι
1012 267 1047 293 sit
1063 267 1150 298 vobis,
1169 271 1196 294 et
1214 268 1261 294 ιοιί
1275 266 1383 302 populo,
1400 267 1470 302 quod
1489 268 1515 294 in
1536 267 1643 294 nomine
1666 266 1728 293 Jcsu

941 313 1059 340 Nazaraei
1075 314 1094 340 ‘.
1114 323 1122 338 ι
1139 313 1168 340 lli
1186 314 1256 340 cnim
1271 314 1402 346 seniores,
1422 322 1504 349 penes
1522 322 1590 349 quos
1604 313 1728 349 judican-

941 360 965 386 di
982 365 1100 394 potestas
1115 365 1182 391 erat,
1200 368 1251 387 tton
1267 366 1355 388 rectas
1372 362 1404 387 de
1426 361 1506 388 rebus
1528 360 1641 397 singulis
1663 360 1730 386 tule-

943 411 1006 433 runt
1028 406 1187 438 sentcntias,
1218 406 1361 434 insatiabili
1379 407 1525 442 cttpiditate
1551 414 1661 433 munera
1682 413 1729 432 ca-

941 453 1055 487 pientes.
1081 457 1107 479 et
1135 453 1319 487 proximorum
1339 453 1422 480 facies
1441 453 1617 483 admirantes.
1641 460 1729 487 quan-

942 499 1039 525 tumvis
1053 498 1093 526 lex
1113 507 1159 533 per
1176 499 1266 526 Mosen
1280 500 1409 527 clamaret
1427 510 1433 527 :
1451 510 1459 526 ‹
1475 499 1608 527 Judieium
1625 501 1727 535 justum

937 545 1057 577 julicatc
1073 547 1102 572 '2
1125 556 1132 570 ι
1155 551 1179 572 ct
1198 543 1296 580 ubique
1323 546 1471 573 inculcaret
1490 555 1496 572 :
1513 555 1521 571 ι
1539 545 1594 572 Νοιι
1614 547 1728 580 accipies

941 599 1084 626 personant
1118 593 1142 618 in
1167 592 1269 626 judicio
1287 592 1308 618 ³.
1334 601 1343 618 ι
1367 591 1422 618 lloc
1448 596 1490 619 est
1512 592 1603 626 igitur,
1632 593 1727 627 inquit,

941 637 1115 672 principium.
1131 637 1254 665 llabetur
1265 645 1328 664 vero
1344 638 1426 664 etiam
1441 643 1529 672 caput.
1548 638 1635 672 Caput
1656 638 1727 664 cnim

941 682 1029 716 populi
1053 676 1192 714 sacerdos,
1218 683 1325 717 quando
1351 683 1424 710 velut
1454 684 1480 710 itt
1499 691 1551 710 uno
1574 683 1729 718 intelligitur

939 735 1064 762 corpore.
1088 727 1271 755 Auferenduut
1298 735 1361 755 vero
1379 728 1417 756 ait
1443 736 1502 755 cutn
1525 737 1599 760 sene,
1619 734 1644 756 et
1666 736 1729 764 pro—

941 777 1048 810 phetam
1059 781 1085 803 et
1096 777 1237 803 docentem
1257 776 1350 810 iniqua
1370 783 1469 810 :quem
1494 776 1559 803 dicit
1584 783 1644 803 esse
1667 783 1730 803 catt-

941 821 1012 852 datn,
1027 821 1078 848 hoc
1093 826 1144 853 est,
1161 821 1186 848 id
1202 821 1272 855 quod
1287 821 1420 855 sequitur.
1440 821 1523 848 Erant
1537 821 1608 848 enim
1621 821 1728 855 quidam

941 866 1010 900 apud
1028 865 1134 894 Jutlzcos
1148 867 1193 902 qtti
1209 867 1293 901 legem
1306 875 1320 892 a
1339 866 1540 901 sapientissimo
1552 865 1624 893 Mose
1638 866 1727 893 datam

941 912 1188 945 interpretabantur
1213 912 1331 947 quidem,
1359 913 1405 939 scd
1438 920 1564 947 perverse
1583 912 1728 946 faciebant,

943 958 1067 985 Mosaicis
1087 959 1177 985 verbis
1197 958 1354 984 induccntrs
1370 958 1439 984 haud
1465 963 1537 985 recte
1570 957 1729 985 traditiones

942 1011 993 1030 non
1009 1005 1134 1039 scriptas,
1161 1006 1286 1032 mandata
1312 1004 1451 1031 hominum
1471 1009 1552 1038 atque
1582 1004 1728 1030 doctrinas.

945 1050 976 1077 Hi
993 1050 1131 1078 Judaicatn
1157 1051 1259 1085 plebem
1284 1052 1458 1085 dect-perunt,
1481 1056 1506 1076 et
1534 1055 1561 1076 ut
1585 1050 1730 1084 superbam

942 1096 1077 1124 cervicem
1113 1102 1206 1123 contra
1239 1096 1378 1124 Christum
1412 1096 1540 1131 erigeret,
1572 1095 1729 1122 cll'eceruut.

942 1142 1073 1176 Quoniam
1091 1143 1172 1178 igitur
1190 1144 1372 1177 sequebantur
1395 1142 1420 1169 lti
1438 1149 1544 1176 qttoqtte
1560 1143 1730 1169 sacerdotum

941 1190 1101 1221 sententias,
1120 1189 1165 1223 qui
1191 1189 1216 1215 itt
1243 1189 1336 1215 ordine
1355 1188 1468 1223 locoque
1488 1188 1584 1222 capitis
1608 1189 1730 1214 collocati

941 1241 1014 1268 sunt,
1031 1243 1078 1262 eos
1095 1235 1207 1261 caudam
1221 1234 1378 1261 nominavit.
1391 1233 1469 1264 Nam,
1484 1238 1511 1258 ιιι
1525 1233 1657 1264 dicebant,
1670 1241 1730 1259 cum

941 1281 973 1308 de
989 1290 1042 1308 uno
1067 1281 1241 1315 intelligimus
1267 1288 1389 1314 corpore,
1416 1280 1500 1306 cauda
1521 1287 1626 1313 semper
1651 1285 1732 1314 caput

941 1327 1126 1362 subsequitur.
1153 1326 1220 1354 Cum
1245 1331 1334 1353 autettt
1361 1325 1505 1360 prophetas
1531 1325 1646 1359 appellat
1672 1331 1730 1356 eos,

941 1374 1052 1401 tuinime
1072 1378 1182 1401 sanctos
1202 1381 1272 1406 esse,
1293 1377 1320 1399 et
1337 1380 1415 1399 veros
1441 1371 1602 1405 putabimus.
1625 1370 1731 1405 Adjecit

940 1420 1011 1448 ettim
1038 1428 1085 1447 eos
1106 1421 1202 1447 docere
1227 1420 1328 1453 iniqua.
1360 1419 1456 1445 Verum
1483 1418 1544 1444 illud
1574 1418 1691 1445 dicimus
1723 1427 1729 1442 :

941 1467 1025 1493 Erant
1052 1465 1177 1493 videlicet
1198 1465 1222 1491 itt
1246 1464 1328 1491 Israel
1353 1465 1594 1499 pseudopropltetaa
1617 1463 1731 1490 diversis

943 1513 1123 1547 temporibus,
1149 1516 1204 1538 tum
1232 1510 1334 1537 scilicet
1365 1518 1425 1536 cum
1452 1509 1533 1536 etiaut
1559 1514 1650 1535 essent
1674 1510 1731 1535 veri

941 1558 1087 1593 prophettc.
1116 1554 1180 1583 Post
1216 1555 1379 1590 captivitatis
1405 1559 1493 1582 autem
1518 1559 1643 1588 dempora
1675 1558 1730 1580 tuttt

942 1606 1026 1634 fuisse
1037 1605 1116 1638 alios,
1139 1611 1219 1631 nemo
1236 1603 1376 1630 commode
1399 1606 1426 1628 et
1448 1609 1511 1629 vere
1539 1601 1636 1628 dixerit
1658 1600 1730 1627 :nisi

104 1648 166 1675 κατὰ
181 1649 308 1684 καιροὺς,
326 1647 448 1684 δηλονότι
467 1648 529 1675 καθ’
546 1649 592 1680 οὓς
611 1647 682 1685 ἦσαν
696 1652 720 1677 οἱ
737 1652 807 1677 κατὰ
821 1652 849 1678 ὰ)

988 1657 1014 1680 te
1028 1652 1089 1686 quis
1105 1658 1151 1678 eos
1163 1651 1246 1681 dicat,
1263 1656 1331 1683 quos
1351 1647 1483 1676 Gantaliel
1505 1647 1572 1682 legis
1592 1648 1695 1680 doctor,
1706 1651 1733 1674 et

104 1693 171 1721 θειαν
185 1695 336 1729 προφῆται.
354 1693 430 1720 Μετὰ
450 1695 478 1721 δέ
499 1703 531 1729 γε
548 1695 610 1727 τοὺς
634 1696 682 1731 τῆς
701 1697 890 1732 αἰχμαλωσίας

103 1739 216 1773 καιροὺς,
237 1737 384 1774 ἀραρότως
405 1739 492 1766 εἰπεῖν
515 1740 564 1766 οὐκ
587 1740 619 1766 ἂν
643 1740 750 1768 δύναιτό
772 1751 825 1774 τις,
849 1743 890 1770 ὅτι

103 1782 221 1816 γεγόνασι
240 1784 303 1809 κατ’
321 1783 442 1816 ἐκείνους
465 1784 553 1820 ἕτεροί
575 1794 664 1818 τινες·
680 1788 704 1814 εί
720 1788 757 1824 μὴ
780 1788 833 1824 ἄρα
849 1798 890 1821 τις

104 1829 215 1861 ἐκείνους
234 1829 324 1863 λέγοι,
339 1826 375 1855 ὧν
392 1830 438 1856 καὶ
452 1830 633 1866 διαμέμνηται
653 1831 794 1868 Γαμαλιήλ
811 1843 889 1869 νομο-

104 1874 254 1907 διδάσκαλος
274 1876 325 1907 ὢν,
349 1877 396 1902 καὶ
414 1876 505 1911 τίμιος
525 1879 606 1904 παντὶ
627 1879 667 1914 τῷ
687 1879 751 1915 λαῷ,
770 1882 841 1908 κατά
859 1890 889 1916 γε

104 1921 130 1947 τὸ
143 1922 338 1957 γεγραμμένον
350 1922 378 1948 ἐν
392 1924 451 1954 ταῖς
468 1920 587 1958 Πράξεσι
600 1924 655 1951 τῶν
671 1926 757 1960 ἁγίων
772 1928 889 1954 ἀποστό-

104 1967 159 1994 λων.
197 1969 423 2004 Προσπεφώνηκε
452 1969 505 2006 γὰρ
536 1970 608 1998 οὕτω
635 1973 698 2007 περὶ
723 1973 776 2000 τῶν
805 1975 890 2008 ἁγίων

105 2014 252 2042 ἀποστόλων
279 2017 337 2047 τοῖς
353 2017 382 2042 ἐν
399 2016 437 2051 τῷ
459 2017 599 2053 συνεδρίῳ,
616 2018 721 2052 λέγων·
743 2029 752 2044 ι
778 2021 890 2056 ’Ἄνδρες

111 2059 278 2096 Ἰσραηλῖται,
303 2062 453 2103 προσέχετε
471 2064 578 2095 ἑαυτοῖς
598 2065 644 2091 ἐπὶ
661 2067 716 2097 τοῖς
735 2066 889 2102 ἀνθρώποις

105 2105 211 2138 τούτοις,
232 2107 259 2133 τί
277 2106 390 2141 μέλλετε
406 2108 547 2143 πράσσειν.
565 2109 622 2144 Πρὸ
644 2109 699 2145 γὰρ
718 2111 821 2139 τούτων
835 2112 889 2138 τῶν

106 2151 207 2186 ἡμερῶν
228 2153 329 2188 ἀνέστη
345 2153 445 2185 θευδᾶς
467 2154 552 2188 λέγων
569 2155 629 2182 τινὰ
645 2155 714 2183 εἶναι
730 2158 823 2184 ἑαυτὸν
840 2158 890 2193 μέ-

105 2205 161 2230 γαν,
178 2195 200 2232 ᾧ
224 2199 392 2235 προσεκλίθη
416 2200 519 2235 ἀνδρῶν
547 2202 662 2237 ἀριθμὸς
684 2203 750 2229 ὡσεὶ
762 2204 891 2239 τετρακο-

108 2243 183 2271 σίων⁶
205 2245 234 2277 ὃς
248 2245 382 2283 ἀνῃρέθη.
405 2247 460 2272 Καὶ
481 2247 581 2279 πάντες
609 2248 664 2274 Picto:
687 2249 794 2276 εἵποντο
817 2249 891 2284 αὑτῴ

107 2289 274 2326 διελύθησαν,
301 2292 348 2318 καὶ
371 2292 494 2325 ἐγένοντο
519 2293 558 2324 εἰς
583 2293 670 2320 οὐδέν.
698 2294 773 2320 Μετὰ
797 2294 891 2321 τοῦτον

943 1699 1021 1736 165
1039 1699 1082 1726 vir
1106 1698 1153 1725 toti
1180 1697 1278 1732 populo
1308 1695 1471 1723 venerabilis
1499 1695 1731 1724 commemoravit,

943 1745 1170 1781 quemadmodum
1186 1744 1315 1778 scriptum
1332 1748 1373 1769 est
1389 1742 1415 1768 itt
1436 1741 1511 1768 Actis
1537 1741 1731 1776 apostolorum.

943 1792 987 1818 Sic
1004 1790 1076 1818 enim
1099 1791 1130 1817 de
1145 1789 1248 1816 sanctis
1271 1787 1399 1821 apostolis
1430 1786 1524 1812 allatus
1546 1790 1588 1813 est
1613 1794 1660 1813 eos
1687 1786 1731 1819 qui

941 1838 1062 1865 erantin
1077 1835 1214 1864 concilio:
1235 1844 1243 1860 ι
1264 1833 1319 1860 Viri
1344 1833 1483 1863 lst‘aelitze,
1508 1842 1517 1858 ι
1544 1832 1638 1866 inquit.
1662 1841 1670 1857 ι
1692 1836 1732 1858 at-

943 1884 1045 1911 tendite
1065 1883 1141 1909 vobis
1159 1881 1236 1916 ipsis,
1249 1880 1312 1914 quid
1333 1880 1365 1906 de
1384 1878 1537 1905 hominibus
1557 1879 1598 1904 his
1613 1878 1673 1905 sitis
1688 1879 1728 1904 la-

942 1928 1022 1956 cturi.
1040 1927 1105 1954 Nam
1121 1931 1183 1954 ante
1195 1927 1245 1953 ltos
1263 1926 1321 1952 dies
1337 1929 1448 1951 exortus
1470 1929 1511 1951 est
1531 1923 1667 1954 Ttteudas,
1686 1925 1730 1957 qui

942 1974 1049 2002 dicebat
1067 1981 1095 2000 se
1111 1979 1171 1999 esse
1186 1971 1337 2005 quempiam
1365 1977 1503 2005 magnum,
1534 1969 1575 1996 ctti
1605 1977 1731 1996 numerus

945 2021 1083 2047 hominum
1100 2021 1163 2054 plus
1175 2019 1263 2045 minus
1278 2017 1537 2052 quadringentorum
1557 2016 1678 2042 adita-sit.
1701 2015 1732 2041 lit

945 2067 967 2094 is
980 2067 1102 2094 sublatus
1118 2069 1170 2098 est,
1189 2069 1216 2092 et
1238 2068 1371 2098 quotquot
1387 2064 1517 2097 parebant
1542 2062 1566 2089 ei
1589 2061 1681 2092 deleti,
1705 2066 1732 2088 et

943 2114 976 2140 ad
991 2113 1103 2140 nihilum
1124 2111 1226 2139 redacti
1241 2116 1314 2138 sunt.
1333 2109 1395 2136 Post
1410 2110 1481 2136 ltttnc
1495 2113 1605 2135 exortus
1626 2112 1668 2134 est
1685 2106 1732 2133 Ju-

944 2161 992 2187 das
1008 2158 1136 2187 Galilaaus
1160 2157 1326 2192 temporibus
1355 2154 1554 2189 descriptionis,
1580 2159 1607 2180 et
1634 2153 1732 2180 avertit

944 2205 1070 2241 popultun
1092 2208 1152 2239 post
1171 2210 1200 2230 se
1217 2211 1223 2229 :
1241 2203 1287 2229 sed
1307 2206 1334 2228 et
1359 2201 1380 2228 is
1404 2201 1494 2236 periit,
1514 2205 1542 2227 et
1567 2206 1661 2226 omnes
1686 2198 1731 2233 qui

944 2252 1075 2287 parebant
1086 2251 1122 2283 ei,
1139 2250 1254 2285 dispersi
1272 2252 1334 2275 smtt
1352 2247 1373 2274 λ,
1397 2257 1405 2273 ι
1430 2247 1614 2274 Auferendum
1642 2245 1732 2279 itaque

944 2299 1010 2326 dicit
1029 2303 1120 2333 caput,
1138 2301 1167 2324 et
1185 2287 1310 2332 caudam,
1332 2296 1408 2329 juxta
1427 2301 1489 2321 eum
1514 2299 1622 2320 sensum
1652 2299 1732 2326 quem

106 2335 198 2372 ἀνέστη
229 2336 333 2368 Ἰούδας
354 2337 369 2362 ὁ
389 2336 540 2369 Γαλιλαῖος,
562 2338 590 2363 ὲν
616 2339 676 2369 ταῖς
703 2338 820 2374 ἡμέραις
842 2347 851 2365 ’1

988 2354 1015 2373 ac
1035 2345 1210 2372 reddidimus.
1228 2343 1326 2370 Verum
1347 2342 1404 2368 fore
1430 2339 1506 2371 dicit,
1531 2339 1575 2373 qui
1597 2338 1668 2364 ltuttc
1688 2345 1733 2372 po-

107 2380 274 2418 ἀπογραφῆς,
299 2382 348 2409 καὶ
371 2382 511 2417 ἀπέστησε
534 2383 598 2409 λαὸν
623 2384 711 2410 ὀπίσω
725 2384 815 2411 αὑτοῦ.
835 2382 892 2411 Κὰ-

107 2428 186 2459 κείνος
214 2427 352 2459 ἀπώλετο,
381 2427 429 2455 καὶ
455 2428 554 2460 πάντες
579 2429 637 2455 ὅσοι
663 2430 801 2457 ἐπείθοντο
818 2430 892 2465 αὐτῷ

105 2471 358 2508 διεσκορπίσθησαν.
378 2483 387 2499 ›
405 2473 649 2510 Ἀφαιρεθήσεσθαι
661 2475 750 2501 τοίνυν
765 2477 832 2511 φησι
845 2485 892 2503 κε-

109 2518 187 2553 φαλὴν
215 2518 262 2546 καὶ
291 2519 393 2555 οὐρὰν,
417 2521 488 2547 κατά
508 2528 540 2554 γε
563 2520 612 2555 τὴν
639 2521 739 2555 ἀρτίως
758 2522 824 2557 ἡμῖν
834 2530 902 2559 προ-

107 2569 274 2596 αποδοθεῖσαν
300 2570 430 2597 διάνοιαν.
456 2571 528 2607 Πλὴν
549 2574 611 2604 τοὺς
633 2574 835 2608 μακαρίζοντας
845 2579 891 2606 τὸν

107 2623 163 2650 λαὶν
183 2624 278 2652 τοῦτον
299 2625 460 2658 πλανῶντας
482 2626 591 2655 ἔσεσθαί
619 2637 695 2664 φησι,
712 2629 759 2656 καὶ
780 2631 888 2658 πλανῶ-

109 2679 145 2697 σιν
161 2672 233 2704 ὅπως
252 2673 425 2700 καταπίωσιν
443 2674 551 2706 αὐτούς·
574 2676 598 2701 οἱ
616 2676 670 2711 γὰρ
685 2676 738 2703 τῶν
756 2677 889 2705 Ἰουδαίων

110 2717 254 2753 καθηγηταί.
275 2718 325 2755 τὴν
352 2718 428 2754 ἱεράν
452 2727 483 2745 τε
508 2720 554 2746 καὶ
578 2720 653 2747 θείαν
679 2723 889 2759 πεπιστευμένοι

110 2764 212 2799 σκηνὴν,
231 2765 280 2792 καὶ
294 2765 343 2796 τὰς
364 2765 434 2792 κατὰ
450 2765 548 2800 νόμους
564 2766 658 2799 θυσίας
675 2768 808 2794 ἐπιτελεῖν
830 2770 888 2795 ἐπι-

111 2811 272 2845 τεταγμένοι,
301 2811 473 2846 προῦτρεπον
496 2812 535 2843 εἰς
561 2812 728 2848 δωροφορίας
750 2815 814 2846 τοὺς
835 2814 889 2841 ὑπὸ

153 2886 161 2901 ¹
174 2886 232 2914 Act.
244 2885 368 2918 ιιι-,8-10.
406 2885 415 2899 ¹
430 2885 505 2911 Deut.
525 2893 544 2915 ι,
564 2885 605 2911 lli.
646 2884 655 2899 ³
670 2884 736 2912 ibid.
751 2884 790 2911 l7.

945 2393 1035 2429 pulum
1051 2391 1155 2418 felicem
1172 2390 1330 2425 prazdicent,
1354 2387 1525 2418 seducentes,
1553 2390 1582 2412 et
1607 2385 1734 2412 seductu—

945 2448 1000 2472 ros,
1019 2444 1047 2466 ut
1071 2437 1237 2465 absorbeant
1258 2443 1314 2462 eos.
1331 2433 1486 2461 Judaeorum
1507 2432 1579 2459 enim
1596 2438 1733 2465 proceres.

945 2487 1042 2521 quibus
1065 2491 1173 2512 sacrum
1204 2482 1376 2515 divinumque
1396 2478 1599 2506 tabernaculum
1620 2485 1733 2505 concrc-

945 2533 1030 2559 ditum
1048 2535 1101 2562 est,
1117 2534 1145 2556 et
1162 2527 1207 2563 qui
1224 2527 1257 2554 ad
1273 2525 1407 2553 sacriﬁcia
1419 2524 1495 2558 juxta
1510 2523 1595 2557 legem
1610 2522 1731 2549 facienda

945 2577 1085 2605 constituti
1096 2580 1182 2606 erant,
1197 2573 1324 2609 populum
1342 2571 1392 2599 sibi
1409 2570 1544 2598 subditum
1558 2570 1591 2597 ad
1600 2569 1730 2597 donorum

945 2621 1094 2648 oblationes
1107 2618 1330 2649 cohortabantur,
1352 2617 1446 2643 beatos
1461 2622 1508 2642 eos
1521 2614 1643 2642 dicentes
1660 2620 1728 2644 esse.

946 2668 968 2694 si
995 2666 1101 2694 abunde
1121 2670 1235 2700 utraque
1251 2671 1331 2690 manu
1355 2661 1501 2694 oﬂ'errent,
1530 2661 1610 2696 idque
1634 2661 1734 2686 acriter

947 2714 1116 2744 factitabant,
1137 2719 1191 2739 tton
1213 2710 1351 2745 religionis
1373 2716 1436 2744 erga
1464 2707 1547 2734 Deum
1574 2713 1637 2734 cura
1657 2706 1732 2737 tacti,

948 2760 994 2787 sed
1012 2767 1090 2787 suum
1105 2762 1237 2794 qumstnm
1254 2760 1418 2791 spectantes.
1432 2754 1487 2782 Hac
1502 2754 1617 2785 ratione,
1634 2752 1731 2786 inquit,

949 2807 1089 2838 seducunt,
1106 2810 1135 2832 ut
1150 2806 1311 2832 absorheant
1329 2810 1384 2831 eos.
1404 2802 1471 2829 Cum
1496 2801 1568 2828 enim
1587 2797 1732 2826 insatiabili

831 2885 841 2899 δ
855 2884 914 2911 Act.
930 2892 955 2916 v,
971 2883 1063 2910 55.57.
