1887 3054
145 105 199 134 27!

644 104 671 133 S.
693 103 829 132 CYRILLI
850 103 1086 131 ALEXANDRINI
1107 101 1267 131 ARCHIEP.

1731 103 1788 129 ἐἸᾶ

148 161 307 189 divitiarum
324 160 471 196 cupiditate
489 164 654 192 tenerentur,
680 164 709 186 ut
727 159 794 192 dixi,
816 167 868 186 non
890 159 935 186 do-

1029 159 1066 193 ῗρα
1091 158 1183 190 λαοὺς,
1215 157 1361 193 μακαρίους
1390 157 1487 189 αὐτοὺς
1504 156 1573 184 εἶναι
1596 157 1736 192 λέγοντες,
1761 160 1788 185 εί

148 208 391 244 cebantlpopulos,
408 207 480 242 quod
501 208 653 242 oportebat.
679 207 812 241 implendo
834 206 934 241 legem,

151 253 338 282 universitatis
354 252 437 279 Deum
455 252 562 287 placare
587 260 593 278 :
620 252 667 278 sed
693 251 868 279 hortabantur
890 258 938 285 po-

149 300 201 327 tius
216 305 243 326 ut
256 300 336 326 etiam
350 298 418 324 ultra
439 297 579 325 facultates
592 297 772 325 oblationibus
790 297 911 323 colerent
930 299 936 316 =

148 347 182 372 ob
200 352 318 379 eamque
342 351 451 370 causam
471 350 557 377 neque
585 343 635 377 ipsi
656 342 735 380 ﬁdem
759 341 939 370 Christianam

146 390 260 425 amplexi
273 395 344 423 sunt,
363 389 410 416 sed
428 389 510 416 veluti
522 388 613 416 clauso
634 396 715 423 regno
741 387 880 419 calorum,
907 395 941 414 ne

147 437 214 464 alios
249 436 358 471 quidem
398 443 430 463 eo
472 434 575 470 ingredi
612 434 800 470 permiserunt.
834 433 939 460 Etenim

147 481 269 517 legalium
292 482 385 507 utnhra
403 480 502 512 deleta,
528 487 554 507 et
577 480 729 514 evangeliea
750 479 938 514 prmdieatione

145 532 271 562 suscepta
288 528 413 555 sciebant
431 528 548 563 typicum
572 531 598 554 et
618 530 759 554 cruentum
775 524 876 552 cultqu
892 531 937 558 pe-

146 574 218 601 nitus
234 578 414 605 cessaturum,
438 577 465 600 et
481 573 589 600 invecto
606 571 679 599 cultu
709 570 836 605 spiritali,
867 570 936 597 desi-

145 625 205 646 tura
220 619 366 647 sacriﬁcia.
383 618 472 653 Atque
486 618 543 645 lucc
561 617 669 652 quidem
684 621 743 643 erat
764 615 935 650 inexplebilis

149 666 266 699 ipsorum
283 665 402 692 avaritiae
419 665 522 696 integra
537 664 652 690 eversio.

991 203 1154 240 προσάγοιεν
1177 202 1351 239 ἀμφιλαφῶς.
1376 202 1479 238 Ἐδρων
1505 202 1533 229 δὲ
1558 201 1637 229 τοῦτο
1663 203 1788 239 πικρῶς,

992 249 1022 275 οὑ
1037 249 1085 284 τῆς
1103 249 1142 281 είς
1159 249 1225 275 Θεὸν
1242 248 1331 280 αἰδοῦς
1349 248 1584 283 μεταποιούμενοι,
1599 248 1646 274 καὶ
1664 255 1788 283 πεφρον-

992 295 1108 327 τικότες,
1127 294 1183 321 ἀλλ’
1200 296 1239 326 είς
1251 295 1299 326 τὰς
1316 295 1390 328 σφῶν
1411 294 1500 321 αὐτῶν
1517 294 1634 329 ὁρῶντες
1653 293 1787 329 φιλοκερ-

991 341 1059 372 δίας.
1074 341 1166 375 Ταύτῃ
1182 343 1233 371 τοι,
1250 341 1327 376 φησι,
1349 340 1495 372 πλανῶοιν,
1511 341 1586 372 ὅπως
1610 341 1789 367 καταπίωσιν

992 385 1100 417 αὐτούς.
1139 385 1295 421 ’Δκόρεστοι
1326 386 1382 421 γὰρ
1409 385 1495 417 ὄντες,
1523 385 1560 416 ὡς
1584 385 1669 420 ἔφην,
1693 386 1734 416 είς
1755 386 1789 411 τὸ

994 431 1136 466 βούλεσθαι
1157 432 1292 461 πλουτεῖν,
1318 432 1367 467 οὐχ
1391 432 1431 458 ὃτι
1448 431 1592 466 προσήκει,
1613 431 1659 457 διὰ
1672 430 1721 457 τοῦ
1739 430 1790 457 τὸν

991 478 1073 513 νόμον
1091 478 1198 505 ἑλέσθαι
1213 478 1342 514 πληροῦν,
1355 477 1400 504 τὸν
1412 477 1466 503 τῶν
1477 477 1544 503 ὅλων
1561 477 1694 511 εὐφρᾶναι
1717 476 1788 502 Θεὸν

991 525 1127 552 ἐδίδασκον
1151 526 1214 557 τοὺς
1236 524 1334 556 λαούς·
1365 524 1534 559 προῦτρεπον
1558 523 1587 550 δὲ
1612 523 1715 558 μᾶλλον
1736 523 1787 549 καὶ

989 572 1048 602 ταῖς
1082 571 1151 606 ὑπὲρ
1185 571 1298 606 δύναμιν
1328 570 1540 606 καταγεραίρειν
1573 570 1787 605 προσαγωγαξ.

989 617 1098 652 Ταύτης
1110 617 1164 653 γὰρ
1177 617 1257 645 ἕνεκα
1268 617 1319 652 τῆς
1332 617 1431 648 αίτίας,
1446 616 1508 644 οὔτε
1520 616 1598 644 αὐτοὶ
1609 616 1789 652 προσήκαντο

988 663 1038 699 τὴν
1063 663 1156 690 πίστιν
1180 664 1230 700 τὴν
1254 665 1294 696 είς
1318 663 1451 699 Χριστὸν,
1473 663 1609 695 κλείοντες
1631 663 1660 690 δὲ
1686 662 1789 697 ὥσπερ

151 712 202 747 τὴν
213 711 350 747 βασιλείαν
375 710 428 737 τῶν
453 709 592 745 οὐρανῶν,
622 709 675 735 οὐδ’
705 708 813 743 ἑτέρους
841 706 970 734 εἰσελθεῖν
996 709 1238 745 συγκεχωρήκασιν
1260 709 1300 741 είς
1324 708 1419 745 αὑτήν.
1445 708 1564 744 ’ῌδεσαν
1589 707 1644 743 γὰρ
1665 708 1707 734 ὃτι
1734 706 1789 741 τῆς

149 757 220 784 κατὰ
249 757 330 792 νόμον
353 756 491 791 ἀργούσης
513 757 601 787 σκιᾶς,
626 756 672 781 καὶ
692 755 746 780 τῶν
763 754 947 788 εὐαγγελικῶν
965 755 1150 790 κηρυγμάτων
1164 755 1385 790 είσδεδεγμένων,
1402 755 1572 782 πεπαύσεται
1588 755 1698 786 πάντως
1716 755 1734 790 ἡ
1755 754 1788 780 ἐν

147 805 243 836 τύποις
271 805 319 832 καὶ
338 804 369 830 δι’
384 804 507 839 αίμόιτων
542 803 664 838 λατρεία,
681 803 830 838 ἁργήσουσι
850 802 879 829 δὲ
901 802 948 829 καὶ
970 802 1071 836 θυσίαι,
1094 803 1144 839 τῆς
1165 804 1195 830 ὲν
1217 803 1351 839 πνεύματι
1370 803 1494 840 λατρείας
1522 803 1784 838 εἰσκεκομισμένης.

150 852 237 879 Τοῦτο
259 851 289 878 δὲ
307 851 447 886 ἀναίρεσις
468 849 602 883 παντελὴς
625 849 675 884 τῆς
697 848 810 884 ἐνούσης
838 849 930 880 αὐτοῖς
943 850 1090 885 ἀκορέστου
1113 850 1293 886 φιλοκερδίας.

183 899 265 927 \‘Ens.
285 899 325 925 l7.
350 897 468 925 Proinde
493 897 633 931 juvenibus
652 903 742 923 eorum
754 904 805 922 non
821 895 935 923 delecta-

1029 899 1074 925 Διὰ
1089 898 1176 925 τοῦτο
1190 898 1240 925 ἐπὶ
1266 898 1337 931 τοὺς
1352 899 1534 932 νεανίσκους
1545 899 1644 933 αὐτῷν
1657 900 1714 926 οὐκ
1735 901 1788 927 εὑ-

146 945 312 978 όὶιιινύειιις,
325 949 348 971 et
361 943 520 978 pupillorum
538 943 663 976 ipsorum,
679 947 702 969 et
720 942 936 976 viduarumipso-

145 1001 202 1019 rum
225 1000 276 1018 non
302 989 476 1021 miserebiutr,
495 989 558 1023 quia
576 996 664 1015 omnes
675 987 758 1022 iniqui
780 993 804 1015 et
817 988 936 1022 improbi,

143 1043 168 1065 et
184 1045 261 1065 omne
273 1045 301 1064 oc
313 1036 429 1071 loquitur
444 1035 553 1069 injuste.

181 1082 297 1110 Deducit
336 1089 384 1107 nos
417 1081 566 1108 etiannum.
602 1080 659 1107 haec
687 1080 775 1106 oratio
807 1079 939 1114 exemplis

149 1129 313 1158 illustribus.
332 1128 364 1153 ad
380 1134 409 1153 ea
425 1134 484 1160 qua:
507 1133 616 1153 sensum
638 1125 718 1161 166
745 1125 889 1157 excedunt,
912 1129 938 1152 et

146 1175 196 1202 sub
211 1173 414 1208 intelligentiam
427 1172 558 1199 recidunt.
575 1170 690 1198 Iuvenes
704 1171 776 1198 enim
802 1171 845 1198 hic
861 1171 936 1203 dicit,

146 1226 199 1245 non
216 1224 323 1252 semper
343 1216 446 1243 viribus
465 1216 598 1250 corporis,
625 1219 671 1241 aut
692 1215 782 1243 carnis
797 1216 938 1250 pubertate

145 1264 285 1296 ﬂorentes,
315 1263 362 1289 sed
395 1262 505 1289 denotat
535 1261 626 1288 verius
659 1268 705 1288 eos
726 1261 771 1295 qui
798 1260 881 1287 animi
911 1265 938 1288 et

147 1309 238 1336 cordis
269 1307 352 1335 robur
384 1305 525 1340 spirituale
561 1305 674 1337 habent,
694 1310 723 1332 ut
744 1305 850 1340 possint
863 1304 939 1340 juve-

146 1355 195 1382 nili
212 1354 356 1381 alacritate
384 1357 455 1380 recte
470 1351 546 1379 obire
574 1358 616 1384 ea,
638 1350 708 1378 unde
727 1350 846 1378 illustres
876 1358 939 1377 eva-

149 1404 226 1432 dant,
248 1400 356 1436 Deoqne
386 1398 592 1433 spectatissimi,
623 1397 752 1432 omnique
769 1404 938 1432 generepra-

145 1447 239 1475 hitatis
252 1446 393 1474 cumulati.
411 1444 460 1477 Qui
475 1444 526 1471 hac
545 1448 608 1470 sunt
628 1442 795 1475 habitudine,
812 1449 858 1470 eos
873 1442 939 1468 allo-

147 1495 240 1529 quitur
255 1494 336 1521 etiam
367 1493 461 1518 beatus
489 1489 618 1520 Joannes,
643 1489 767 1524 inquiens
785 1497 793 1516 :
811 1498 821 1515 ι
843 1488 939 1516 Scribo

147 1540 234 1572 vobis,
261 1529 458 1570 adole'seenteg
483 1537 608 1571 quoniam
631 1535 716 1563 fortes
736 1535 812 1567 estis,
828 1539 855 1561 et
869 1534 937 1560 vici-

990 943 1193 978 φρανθήσεται
1208 946 1224 971 ὀ
1237 945 1318 978 Θεὸς,
1336 945 1384 972 καὶ
1403 945 1474 978 τοὺς
1494 945 1642 979 ὀρφανοὺς
1662 944 1766 972 αὐτῶν
1777 966 1785 975 .

990 988 1106 1021 καὶτὰς
1128 989 1224 1023 χήρας
1243 989 1342 1016 αὐτῶν
1361 991 1416 1017 οὐκ
1446 990 1579 1023 ἐλεήσει,
1603 990 1647 1017 ὅτι
1669 990 1788 1023 πάντες

988 1034 1093 1070 ἄνομοι
1105 1036 1154 1062 καί
1174 1036 1310 1070 πονηροί,
1326 1036 1376 1063 καί
1388 1035 1449 1063 πᾶν
1469 1036 1566 1070 στόμα
1579 1035 1670 1063 λαλεῖ
1681 1036 1785 1064 ἄδικα.

1029 1081 1176 1116 ’Δποιρέρει
1186 1081 1233 1108 καὶ
1243 1080 1290 1108 νῦν
1301 1082 1315 1108 ό
1326 1081 1404 1115 λόγος
1415 1081 1498 1116 ἡμᾶς,
1509 1082 1540 1107 ὲκ
1551 1081 1785 1116 παραδειγμάτων

989 1126 1129 1161 ἐμφανῶν,
1143 1127 1181 1158 είς
1198 1126 1232 1153 τὰ
1245 1126 1315 1162 ὑπὲρ
1327 1126 1453 1162 αἴσθησίν
1473 1135 1503 1153 τε
1529 1127 1576 1153 καὶ
1594 1126 1686 1161 νοητά.
1708 1127 1786 1152 Νεα-

989 1173 1098 1204 νίσκους
1110 1173 1163 1208 γὰρ
1187 1172 1280 1199 ἐνθάδε
1296 1173 1389 1208 φησὶν,
1404 1173 1463 1207 οὐχὶ
1484 1172 1569 1207 δήπου
1589 1172 1698 1204 πάντως
1718 1173 1785 1204 τοὺς

989 1217 1017 1243 ὲν
1035 1217 1169 1252 εὐρωστίᾳ
1197 1216 1331 1251 σώματος,
1346 1216 1406 1251 ἦτοι
1432 1217 1495 1247 τοὺς
1512 1218 1540 1242 ὲν
1562 1217 1663 1251 ἀκμαῖς
1688 1225 1718 1242 τε
1735 1216 1786 1242 καὶ

988 1262 1042 1298 ἥϐῃ
1067 1263 1196 1297 σαρκικῇ,
1224 1262 1350 1298 σημαίνει
1376 1262 1404 1288 δὲ
1430 1261 1530 1297 μᾶλλον
1559 1262 1622 1293 τοὺς
1648 1262 1728 1298 οἵπερ
1746 1262 1782 1288 ἂν

989 1308 1074 1343 ἔχοιεν
1088 1309 1128 1339 είς
1142 1307 1204 1334 νοῦν
1220 1309 1266 1334 καὶ
1279 1308 1394 1343 καρδίαν
1408 1309 1484 1343 ίσχὺν
1508 1309 1557 1344 τὴν
1582 1310 1785 1345 πνευματικὴν,

989 1351 1059 1379 ὥστε
1074 1352 1203 1379 δύνασθαι
1217 1352 1366 1388 κατορθοῦν
1381 1353 1428 1379 καὶ
1455 1353 1526 1388 μάλα
1542 1355 1672 1386 νεανικῶς
1687 1354 1722 1381 τὰ
1748 1355 1783 1380 δι’

989 1395 1027 1425 ῶν
1044 1398 1151 1424 ἔσονται
1172 1398 1304 1434 λαμπροὶ,
1331 1398 1379 1426 καὶ
1402 1399 1462 1434 Θεῷ
1489 1401 1707 1435 γνωριμώτατοι,
1735 1402 1784 1428 καὶ

990 1444 1098 1479 ἁπάσης
1126 1444 1275 1476 ἐπιεικείας
1289 1444 1412 1479 ἔμπλεοι.
1430 1446 1493 1477 Τοῖς
1513 1442 1563 1473 ὧδε
1584 1447 1634 1482 τὴν
1648 1447 1706 1479 ἕξιν
1724 1447 1783 1473 δια-

990 1490 1139 1526 κειμένοις,
1152 1491 1200 1517 καὶ
1217 1492 1231 1517 ὁ
1243 1491 1377 1526 μακάριος
1403 1491 1529 1528 Ἰωάννης
1551 1493 1783 1529 προσπεφώνηκε,

990 1537 1087 1570 λέγων·
1098 1545 1108 1562 ι
1123 1536 1223 1571 Γράφω
1234 1537 1308 1572 ὑμῖν,
1318 1537 1463 1569 νεανίσκοι,
1478 1539 1519 1565 ὅτι
1535 1539 1640 1574 ίσχυροί
1650 1540 1722 1571 ἐστε,
1737 1540 1786 1566 καὶ

154 1586 203 1612 slis
239 1583 337 1611 malum
352 1584 373 1610 ⁵.
393 1592 402 1608 ι
421 1583 553 1609 Caeterum
586 1586 648 1607 ante
673 1579 827 1607 Serratoris
852 1579 935 1606 nostri

1029 1582 1149 1616 ιικήκατε
1165 1581 1212 1607 τὸν
1227 1581 1355 1617 πονηρόν.
1381 1591 1391 1607 ι
1414 1582 1495 1609 Ἀλλὰ
1520 1583 1573 1618 πρὸ
1596 1583 1646 1618 μὲν
1668 1576 1717 1619 τῆς
1738 1583 1785 1610 τοῦ

152 1631 297 1658 adventum
320 1630 481 1656 exstiterunt
501 1627 609 1662 quidam
625 1626 708 1653 etiam
732 1625 801 1659 apud
815 1623 934 1655 Iudaeos,

149 1677 195 1711 qui
212 1684 254 1708 eo,
271 1682 349 1710 quem
368 1675 422 1708 iam
439 1673 506 1704 dixi,
539 1671 617 1698 modo
639 1670 746 1698 fortiter
776 1676 856 1704 agere
881 1674 938 1696 stu-

149 1722 265 1748 duerunt
281 1727 288 1746 :
307 1723 335 1745 et
353 1718 469 1744 tumulati
496 1716 564 1743 citra
596 1715 832 1750 reprehensionem
859 1722 937 1743 exse-

140 1765 250 1802 ~queltdi
287 1763 446 1795 voluntate,
481 1766 508 1789 et
548 1760 677 1796 legalium
715 1764 936 1787 ornamentorum

150 1812 301 1847 splendore.
315 1809 372 1837 Non
391 1813 470 1836 erant
485 1813 575 1835 autem
596 1815 610 1834 a
640 1807 694 1834 Deo
714 1806 816 1841 reiecti.
844 1807 938 1833 Adhuc

125 1858 220 1886 ‘euim
242 1862 350 1891 tempus
363 1860 423 1882 erat
443 1854 544 1881 umbra
576 1853 688 1888 legalis:
709 1857 804 1879 etcum
825 1860 939 1886 evange—

139 1904 201 1932 ‘lica
233 1910 265 1930 ac
293 1901 446 1932 Christiana
477 1900 529 1927 vita
552 1902 670 1926 nondum
699 1894 831 1934 patefacta
856 1903 938 1931 esset,

153 1951 211 1978 haec
225 1949 332 1981 quidem
349 1952 428 1974 erant
455 1955 565 1973 struuntu-
585 1945 681 1973 laudis.
701 1945 746 1972 Sic
758 1946 887 1980 scriptum
899 1949 940 1972 est

151 1997 184 2023 de
201 1995 332 2022 Zaeharia
362 1998 394 2020 iet
416 1991 554 2019 Elirzabeth
572 2001 578 2019 :
597 2001 605 2017 ι
621 1991 682 2018 Fuit
712 1991 804 2017 diebus
827 1990 940 2018 Herodis

156 2043 229 2078 regis
248 2040 348 2069 Iudicat
377 2039 504 2067 sacerdos
519 2039 640 2072 quidam,
660 2037 767 2064 nomine
781 2036 939 2069 Zacharias,

152 2096 184 2115 ex
199 2088 262 2116 avice
288 2087 367 2118 Abia,
395 2090 422 2112 et
440 2092 508 2111 uxor
525 2086 549 2111 ei
565 2092 579 2111 e
600 2083 705 2110 llliabus
718 2083 818 2115 Aaron,
839 2082 882 2109 cui
899 2090 942 2109 no-

153 2142 213 2162 men
228 2138 286 2161 erat
314 2132 464 2160 Elixabeth.
479 2130 562 2157 Erant
587 2137 650 2157 vero
668 2129 733 2163 justi
754 2129 834 2156 ambo
848 2135 941 2155 coram

142 2180 218 2211 'Deo,
235 2177 405 2205 ambulantes
438 2176 463 2203 in
492 2175 634 2209 praeceptis
655 2179 684 2201 et
701 2173 942 2208 justilleationibus

153 2225 259 2253 Domini
279 2224 338 2252 sine
366 2222 474 2258 querela
491 2221 510 2248 ‘.
531 2231 540 2246 ι
557 2221 597 2248 Ad
627 2221 700 2248 hunc
721 2221 829 2248 modum
860 2221 940 2248 etiam

992 1626 1117 1660 Σωτῆρος
1130 1626 1208 1661 ἡμῶν
1224 1626 1383 1662 ἐπιδημίας,
1394 1628 1523 1662 γεγόνασί
1541 1637 1622 1661 τινες,
1639 1629 1687 1656 καὶ
1707 1629 1784 1665 παρὰ

988 1674 1044 1704 τοῖς
1057 1672 1205 1704 Ἰουδαίοις,
1221 1673 1281 1700 καθ’
1293 1673 1322 1700 ὃν
1336 1674 1404 1710 ἔφην
1418 1675 1520 1710 ἀρτίως
1535 1676 1647 1711 τρόπον,
1663 1676 1786 1713 ἀνδρίζε-

992 1717 1055 1744 σθαι
1074 1717 1302 1753 μεμελετηκότες,
1319 1719 1363 1745 διὰ
1379 1719 1425 1746 τοῦ
1440 1720 1486 1746 καὶ
1499 1721 1660 1756 ἀμωμήτως
1675 1721 1784 1748 ἑλέσθαι

989 1763 1110 1799 πληροῦν
1123 1764 1170 1798 τὴν
1184 1764 1382 1800 παραδοθεῖσαν
1393 1765 1514 1801 ἐντολὴν,
1532 1767 1579 1792 καὶ
1590 1767 1646 1797 τοῖς
1660 1766 1732 1793 κατὰ
1745 1767 1787 1793 νό-

991 1819 1041 1846 μον
1051 1811 1208 1846 αὐχήμασιν
1220 1811 1383 1847 διαπρέπειν
1398 1811 1526 1839 δύνασθαι
1545 1812 1591 1839 καὶ
1614 1812 1685 1847 μάλα
1703 1812 1784 1839 πλου-

990 1856 1065 1887 σίως.
1085 1854 1176 1882 Ὶ-Ισαν
1189 1856 1218 1883 δὲ
1235 1857 1286 1883 οὐκ
1311 1857 1460 1893 ἀπόϐλητοι
1488 1858 1564 1893 παρὰ
1584 1858 1654 1893 Θεῷ.
1678 1859 1782 1894 Καιρὸς

989 1901 1044 1937 γὰρ
1062 1899 1096 1937 ἦν
1110 1902 1149 1928 ἔτι
1160 1901 1213 1938 ’τῆς
1225 1903 1254 1930 ὲν
1269 1903 1344 1939 νόμῳ
1361 1905 1451 1937 σκιᾶς,
1465 1905 1513 1931 καὶ
1537 1905 1585 1939 τῆς
1600 1905 1781 1940 εὐαγγελικῆς

990 1948 1036 1974 καὶ
1051 1949 1079 1975 ἐν
1094 1949 1204 1984 Χριστῷ
1223 1949 1360 1981 πολιτείας
1387 1949 1462 1976 οὔπω
1490 1952 1732 1986 πεφανερωμὲνης,
1749 1953 1778 1977 ἐν

991 1994 1113 2026 ἐπαίνοις
1123 1993 1156 2030 ἦν
1167 1996 1259 2022 ἐκεῖνα
1274 1996 1390 2028 πολλοῖς.
1401 1997 1478 2024 Οὕτω
1493 1997 1539 2024 καὶ
1550 1998 1706 2033 γέγραπται
1718 2000 1782 2034 περί

995 2049 1024 2067 τε
1042 2042 1178 2076 Ζαχαρίου
1204 2041 1250 2069 καὶ
1280 2042 1430 2074 Ἐλιζὰὄεθο
1455 2052 1465 2069 ι
1483 2043 1605 2077 Ἐγένετο
1629 2044 1657 2071 δὲ
1682 2045 1710 2070 ἐν
1724 2046 1784 2076 ταῖς

993 2086 1111 2121 ἡμέραις
1131 2086 1250 2122 Ἡρώδου
1267 2087 1314 2114 τοῦ
1336 2087 1468 2123 βασιλέως
1484 2089 1533 2124 τῆς
1552 2089 1681 2121 Ἰουδαίας
1696 2090 1784 2125 ἱερεύς

992 2140 1044 2163 τις,
1062 2132 1172 2167 ὀνόματι
1184 2133 1332 2169 Ζαχαρίας,
1346 2134 1376 2166 ἑξ
1388 2135 1541 2170 ἐφημερίας
1555 2135 1641 2166 ’Ᾱειᾶ,
1655 2135 1702 2161 καὶ
1716 2135 1784 2170 γυνὴ

996 2177 1080 2203 αὑτοῦ
1092 2178 1123 2203 ἐκ
1146 2178 1200 2204 τῶν
1216 2178 1374 2215 θυγατέρων
1391 2179 1507 2214 Ἀαρὼν,
1521 2181 1566 2206 καὶ
1585 2180 1614 2206 τὸ
1626 2181 1712 2215 ὄνομα
1735 2182 1783 2207 αὐ-

994 2222 1044 2258 τῆς
1063 2223 1216 2255 Ἐλιζάὸεθ.
1235 2222 1325 2251 Ἦσαν
1339 2224 1367 2251 δὲ
1384 2225 1483 2252 δίκαιοι
1497 2226 1646 2262 ἀμφότεροι
1666 2227 1784 2253 ἐναντίον

152 2271 239 2298 sancti
259 2269 396 2304 prophetae
418 2268 554 2300 vixerunt,
569 2267 674 2301 opinor.
690 2265 818 2299 Quinimo
837 2266 935 2293 divino:

1029 2269 1044 2297 ὗ
1058 2269 1138 2302 Θεοῦ,
1153 2271 1330 2306 πορευόμενοι
1346 2272 1375 2298 ὲν
1395 2273 1495 2304 πάσαις
1523 2274 1584 2305 ταῖς
1599 2261 1719 2305 ἐντολαῖς
1738 2275 1783 2300 καὶ

141 2316 268 2348 ’l‘aulus,
294 2315 356 2342 licet
385 2314 528 2341 manifeste
554 2313 628 2340 dicat
652 2319 681 2339 se
716 2312 799 2339 fuisse
826 2312 851 2339 in
878 2312 935 2347 legit

1029 2316 1162 2352 καιώμασι
1183 2316 1230 2343 τοῦ
1255 2318 1357 2353 Κυρίου
1385 2318 1534 2353 ἄμεμπτοι.
1551 2328 1559 2344 ι
1590 2319 1667 2345 Κατὰ
1692 2319 1783 2346 τοῦτον

151 2362 258 2397 iustitia
296 2360 491 2394 inculpatum,
529 2359 567 2385 ait
595 2364 683 2385 tamen
710 2366 717 2384 :
743 2366 753 2383 ι
771 2357 838 2391 Quae
876 2357 932 2385 mih

1029 2371 1073 2397 μαι
1088 2363 1229 2390 διαϐιῶναι
1249 2363 1294 2390 τὸν
1318 2363 1418 2398 τρόπον
1437 2365 1485 2390 καὶ
1508 2365 1606 2397 αὐτοὺς
1618 2366 1681 2397 τοὺς
1692 2366 1782 2399 ἁγίους

154 2409 229 2436 lucro
245 2411 335 2440 erant,
351 2407 408 2433 haec
430 2406 498 2432 duco
511 2409 620 2440 propter
628 2403 765 2431 Christum
781 2405 879 2431 damna
891 2405 911 2432 '.
931 2413 935 2430 ι

1029 2409 1145 2444 οφήτας,
1159 2410 1213 2436 Καὶ
1234 2410 1288 2445 μὴν
1310 2410 1359 2436 καὶ
1380 2412 1394 2437 ὁ
1421 2411 1564 2443 θεσπέσιος
1580 2411 1687 2443 Παῦλος
1698 2412 1784 2438 καίτοι

154 2453 248 2489 Ιιιιιιιιε
263 2457 326 2480 ante
343 2452 489 2479 adventqu
508 2451 627 2477 omnium
641 2455 764 2478 nostrum
791 2451 935 2478 Servatori:

1029 2462 1078 2488 γων
1093 2455 1253 2489 ἀναφανδὸν,
1268 2456 1309 2482 ὅτι
1334 2456 1429 2491 γέγονε
1451 2457 1522 2484 κατὰ
1543 2457 1718 2492 δικαιοσύνην
1737 2459 1785 2493 τὴν

144 2500 265 2531 ἰὶὴτὶειί,
285 2497 406 2526 nonnulli
441 2497 518 2523 laude
543 2496 627 2530 ipsius
655 2496 720 2531 legis
747 2497 895 2531 conspicui,
914 2502 935 2524 et

1038 2502 1113 2536 νόμῳ
1127 2501 1280 2536 ἄμεμπτος·
1301 2511 1311 2527 ι
1329 2501 1409 2529 Ἀλλὰ
1418 2502 1445 2528 τί
1456 2500 1491 2538 ἢν
1505 2511 1550 2538 μοι
1560 2503 1670 2539 κέρδοςς
1689 2503 1784 2535 ταῦτα,

146 2546 238 2572 fortes
252 2548 332 2570 erant
347 2547 375 2569 et
390 2541 533 2577 iuveniles.
547 2543 579 2568 At
595 2541 859 2576 postapparitionem
871 2541 935 2575 ejus.

1029 2546 1087 2581 γσὶν,
1104 2546 1211 2582 ἥγημαι
1224 2547 1268 2574 διὰ
1281 2547 1326 2574 τὸν
1341 2547 1458 2583 Χριστὸν
1472 2548 1598 2583 ζημίαν.»
1612 2547 1718 2574 Οὐκοῦν
1735 2547 1786 2583 πρὸ

148 2591 428 2626 ‘przedicatiouemque
435 2587 570 2623 Evangelii
582 2593 724 2616 cessarunt
739 2589 844 2624 legalta,
855 2594 935 2617 trans-

1032 2600 1046 2618 ν
1059 2592 1110 2627 τῆς
1126 2593 1272 2628 ἐπιδημίας
1288 2593 1334 2619 τοῦ
1359 2594 1467 2620 πάντων
1485 2594 1565 2629 ἡμῶν
1583 2595 1708 2630 Σωτῆρος
1720 2595 1785 2629 Χρι-

156 2639 205 2664 ινὶι
222 2637 314 2663 umbra
347 2636 373 2662 iu
402 2635 602 2667 veritatem,ac
629 2635 776 2669 spiritualis
808 2643 941 2670 verusque

154 2684 244 2711 cultus
260 2687 299 2710 est
319 2681 497 2709 introductus.
529 2681 619 2714 Quare
633 2689 686 2708 non
705 2681 853 2708 delectatur
869 2682 939 2708 Deus

155 2729 307 2758 Judarorum
329 2728 490 2765 juvenibus,
508 2729 533 2755 id
561 2733 613 2762 est,
636 2729 680 2762 qui
711 2728 825 2755 viriliter
850 2729 938 2756 adhuc

191 2808 200 2824 ⁵
216 2807 315 2835 Ηοιιη.
329 2815 358 2840 ιι,
376 2807 418 2834 15.
458 2807 542 2835 “Luc.
559 2815 577 2839 ι,
590 2806 616 2840 5,
630 2806 657 2834 6.
694 2807 703 2822 ⁷
722 2805 839 2840 Philipp.
857 2814 896 2837 Ill,
908 2807 934 2833 7.

995 2637 1076 2671 ατοῦ,
1107 2639 1162 2669 τοῖς
1185 2639 1255 2665 κατὰ
1289 2639 1370 2674 νόμον
1400 2640 1556 2675 αὐχήμασιν
1583 2639 1785 2674 εὺὼκιμοῦντές

992 2692 1075 2717 τινες,
1092 2684 1210 2720 ἀνδρεῖοί
1230 2692 1260 2710 τε
1286 2683 1366 2720 ἦσαν,
1390 2687 1437 2712 καὶ
1456 2686 1583 2713 νεανικοί.
1604 2686 1683 2712 Μετὰ
1699 2686 1728 2712 δὲ
1740 2686 1785 2721 τὴν

992 2729 1154 2764 ἐπιφάνειαν
1171 2729 1264 2763 αὐτοῦ,
1283 2732 1330 2759 καὶ
1340 2731 1371 2758 τὸ
1389 2733 1521 2768 κήρυγμα
1542 2732 1572 2758 τὸ
1591 2731 1784 2767 εὐαγγελικὶιν,
