1887 3054
69 181 116 210 173

629 182 665 210 ΙΝ
683 183 799 211 ΥΞᾹΙᾹΜ
819 183 881 211 LIB.
905 184 923 212 Ι.
942 183 1043 211 ΟΠΛΤ.
1069 183 1114 212 Vl‘.

1644 185 1698 212 27$

70 241 199 268 πέπαυται
219 240 254 267 τὰ
281 240 309 266 ἐν
325 241 408 276 νόμῳ,
442 240 633 278 μετεφοίτησεν
662 243 678 277 ὴ
706 242 768 270 σκιὰ
788 243 852 278 πρὸς

943 249 989 271 unt
1001 248 1129 278 suscepto
1153 243 1211 269 vita!
1226 241 1318 277 legalis
1336 242 1458 269 instituto
1473 249 1481 268 :
1501 249 1552 269 non
1571 246 1634 269 sunt
1646 250 1696 268 au-

71 287 205 323 ἁλὴθειαν,
238 288 444 323 εἰσκεκόμισται
471 288 498 314 δὲ
520 289 536 323 ἡ
566 289 595 315 ὲν
614 290 750 324 πνευματί
765 298 794 316 τε
810 290 856 316 καί

70 333 163 370 ἀληθὴς
178 333 303 369 λατρεία.
322 335 378 361 Οὺκ
396 333 442 362 οὖν
456 335 631 370 εὐφραίνεται
657 335 722 367 Θεὸς
735 337 781 363 ἐπὶ
800 338 857 368 τοῖς

71 380 118 407 τῶν
127 379 265 406 Ἰουδαίων
283 380 444 412 νεανίσκοις,
469 380 541 407 τοῦτ’
560 381 628 414 ἐστι,
649 382 706 413 τοῖς
734 381 856 418 ἀνδριζο-

73 426 155 460 μένοις
167 425 219 458 En,
235 425 282 453 διά
294 434 326 460 γε
337 426 384 452 τοῦ
402 425 452 462 ζῇν
464 426 572 454 ἑλέσθαι
587 427 720 463 νομίμως.
737 427 856 463 ’Λπαρά-

71 473 149 500 δεκτοι
172 472 201 499 δὲ
226 473 254 499 αί
280 472 315 499 δι’
335 473 458 508 αἱμάτων
479 473 582 504 θυσίαι,
598 473 644 500 καὶ
658 473 758 509 σαρκὸς
778 483 855 510 περι-

70 518 141 553 τομὴ,
158 517 322 553 βαπτισμῶν
346 518 463 554 διδαχαὶ,
491 519 538 546 καὶ
563 519 710 546 Σαϐϐάτων
735 520 854 555 ἀργεῖαι.

71 563 248 599 Δεδιδάγμεθα
266 564 305 595 δὲ,
316 563 353 596 ὡς
363 564 442 600 ἔφην,
455 565 506 600 τῆς
526 565 693 601 ἀνδανούσης
706 565 765 600 Θεῷ
778 565 854 592 πολι-

70 610 136 642 τείας
148 609 198 645 τὴν
212 610 283 636 ὁδόν.
303 610 464 646 Ἀπόόλητοι
476 611 507 647 δὴ
527 609 575 638 οὖν
593 611 640 638 καὶ
654 611 725 646 μάλα
742 612 855 644 εἰκότως

72 656 132 691 μετὰ
141 655 189 691 τὴν
200 655 350 691 κατάληξιν
360 657 409 691 τῆς
420 657 498 688 σκιᾶς
509 657 534 683 oi
544 657 604 683 κατ’
611 657 696 692 αὐτὴν
707 657 853 684 νεανίσκον

71 702 168 728 καὶτοῦ
180 702 420 738 κατοικτείρεσθαι
439 702 547 738 μακρὰν
561 703 674 738 ὀρφανοί
689 712 718 730 τε
739 703 784 730 καὶ
802 703 854 739 χῆ-

72 755 120 782 ραι.
137 747 288 782 Ὀρφανοὺς
302 747 330 774 δέ
347 757 424 783 φησι,
440 748 504 780 τοὺς
517 746 573 775 οἷον
597 749 770 784 ἀναστροφῆς
794 749 853 775 δεο-

73 794 160 828 μένους
177 793 228 828 τῆς
244 795 444 829 πνευματικῆς,
459 795 507 821 καὶ
535 794 723 829 παιδαγωγίας
745 795 795 830 τῆς
822 796 853 822 ἐκ

71 838 236 866 διδασκάλων.
260 839 357 875 Χήρας
385 848 415 866 τε
442 840 554 875 ὁμοίως,
576 840 664 875 ψυχὰς
679 837 750 867 εἷναί
763 849 854 875 φαμεν

72 885 113 916 τὰς
123 884 166 911 τοῦ
180 884 314 911 δύνασθαι
330 887 513 921 καρποφορεῖν
524 886 553 912 ὲν
569 885 657 921 ἐνδείᾳ
667 886 852 921 γεγενημένας

910 294 962 315 lem
981 291 1091 322 accepta
1120 292 1230 315 cruenta
1246 286 1394 319 sacrificia,
1425 291 1454 314 et
1475 287 1564 314 carnis
1579 286 1696 313 cireum-

908 333 985 366 cisio,
1009 333 1140 360 lotionum
1156 332 1288 360 doctrinae
1309 336 1337 360 et
1365 333 1546 360 Sabbatorum
1559 333 1623 360 otia.
1642 333 1696 360 Do-

908 387 1000 407 cemur
1013 383 1114 411 autem,
1142 383 1172 406 ut
1193 379 1259 411 dixi,
1286 379 1457 407 instituenda:
1471 380 1544 411 vitm,
1566 387 1625 414 qum
1641 378 1695 407 Dco

907 426 994 461 placet
1009 425 1091 453 viam.
1116 425 1254 460 Rejectitii
1270 430 1332 453 sunt
1351 433 1426 460 ergo,
1443 431 1470 453 et
1494 426 1602 460 quidem
1619 425 1696 452 vaide

908 472 1021 506 merito',
1043 472 1088 507 qui
1120 476 1179 507 post
1207 472 1386 500 cessationem
1420 473 1532 504 umbrae,
1560 479 1608 506 per
1635 479 1696 499 eam

903 517 1016 552 juvenes
1032 522 1104 546 sunt.
1122 518 1154 545 Et
1166 518 1243 553 longe
1256 523 1341 546 sunta
1360 518 1531 546 miseratione
1546 517 1640 552 pupilli
1668 522 1696 544 et

907 565 1003 592 viduae.
1021 565 1139 601 Pupillos
1165 569 1255 592 autem
1284 564 1363 600 167
1384 568 1472 597 vocat,
1492 564 1536 598 qui
1554 563 1627 590 velut
1645 563 1694 589 ali~

907 615 997 638 mento
1013 611 1133 645 indigem
1152 610 1285 645 spirituali
1296 630 1304 643 ,
1320 614 1347 637 et
1371 610 1540 637 institutione
1553 609 1692 644 magistro-

907 665 976 684 rum.
997 657 1099 685 Viduas
1125 656 1253 684 simililer
1277 656 1383 683 animas
1407 662 1468 682 csse
1488 655 1614 688 dicimus,
1636 662 1696 689 quae

909 711 969 730 cum
1001 703 1120 730 omnium
1160 703 1290 730 bonarum
1322 701 1523 736 disciplinarum
1577 705 1694 728 satorem

905 753 933 776 et
957 748 1186 783 suppeditatorem
1215 755 1268 775 non
1285 746 1422 780 habeant,
1451 746 1578 773 facultate
1603 746 1696 772 fructi-

905 794 1003 822 ﬁcandi
1019 794 1211 822 destituuntur.
1238 792 1315 826 Quod
1349 797 1439 819 autem
1471 799 1541 818 vene
1567 790 1695 818 doctrina:

903 845 1029 876 expertes
1058 841 1226 868 inveniemus
1248 839 1395 871 lsraelitas,
1422 844 1533 874 propter
1545 837 1695 865 debaccha-

904 887 1006 914 tionem
1021 887 1048 914 in
1060 887 1210 920 Christum,
1230 886 1340 913 laudare
1356 892 1435 912 nomo
1455 889 1554 920 potest.
1578 883 1695 911 Obtene-

71 932 107 958 διὰ
115 940 141 958 τε
154 931 184 957 τὸ
199 932 237 967 μὴ
250 931 325 967 ἔχειν
341 932 386 958 τὸν
399 933 527 959 ἁπάντων
551 933 647 964 αὑταῖς
668 932 722 960 τῶν
742 933 851 966 ἀγαθῶν

943 932 974 959 iti
1002 938 1065 959 sunt
1087 931 1159 958 enim
1191 931 1263 958 oculi
1288 939 1382 958 eorum
1409 937 1442 958 ne
1469 930 1590 962 videant,
1616 929 1692 964 juxta

75 977 227 1012 μαθημάτων
240 978 346 1014 σπορέα
368 986 397 1004 τε
415 979 462 1005 καὶ
483 979 610 1015 χορηγόν.
624 980 685 1006 ’Ότι
704 979 732 1006 δὲ
744 979 853 1006 παιδεύ-

74 1031 129 1054 σεως
138 1022 254 1057 ἀληθοῦς
266 1024 451 1059 ἡμοιρηκὸτας
459 1025 612 1060 εὑρήσομεν
621 1025 684 1057 τοὺς
692 1025 722 1058 ἐξ
733 1026 850 1062 Ἰσραὴλ,

73 1069 109 1095 διὰ
120 1077 148 1102 γε
174 1068 222 1104 τὴν
249 1070 293 1101 εις
311 1070 427 1105 Χριστὸν
450 1070 610 1106 παροινίαν,
638 1071 804 1098 ἐπαινέσειεν
821 1072 853 1098 ἂν

73 1113 156 1145 οὐδείς.
176 1114 394 1150 Ἐσκοτίσθησαν
408 1115 463 1151 γὰρ
485 1116 510 1142 οἱ
536 1115 670 1151 ὀφθαλμοὶ
692 1117 781 1143 αὐτῶν
805 1117 852 1143 τοῦ

77 1158 107 1193 μὴ
132 1157 248 1192 βλέπειν,
268 1159 341 1186 κατὰ
360 1160 409 1195 τὴν
424 1160 470 1187 τοῦ
497 1160 643 1195 ψάλλοντος
670 1164 772 1198 φωνήν.
799 1162 853 1189 Καὶ

76 1204 238 1240 συνεκάμφϐη
254 1205 291 1232 τὰ
318 1205 391 1232 νῶτα
407 1206 506 1234 αὐτῶν.
524 1207 580 1234 Καὶ
600 1207 678 1234 τοῦτο
693 1207 737 1234 διὰ
754 1208 853 1239 παντὸς

74 1249 104 1281 ὡς
119 1249 151 1285 μὴ
163 1249 294 1277 δύνασθαι
306 1251 340 1278 τὰ
355 1251 411 1278 ἄνω
430 1251 549 1287 βλέπειν,
565 1253 624 1279 ἀλλ’
641 1253 722 1279 οἱονεὶ
735 1254 852 1288 κεκυφό-

75 1304 123 1328 τας,
138 1297 190 1326 τοῖς
207 1297 316 1331 γηῖνοις
326 1297 515 1332 ὲνερηρεῐσθαι
535 1298 690 1333 πράγμασι.
709 1298 852 1324 Πείσονται

74 1340 186 1374 δὲτοῦτο,
200 1343 297 1377 φησιν,
322 1343 353 1369 οὺ
379 1343 477 1378 μάτην·
500 1343 557 1370 ἀλλ’
575 1344 616 1370 ὅτι
638 1344 738 1376 πάντες
753 1344 848 1380 ἄνομοι

77 1388 186 1421 γεγόνασι
202 1389 248 1415 καὶ
262 1389 388 1425 πονηροὶ,
400 1390 448 1416 καὶ
477 1391 531 1417 πᾶν
543 1390 629 1426 στὸμα
655 1390 733 1418 λαλεῖ
753 1392 851 1427 ἄνομα.

78 1433 128 1465 Πῶς
142 1433 192 1470 γὰρ
209 1435 259 1461 οὐκ
278 1435 387 1470 ἄνομοι,
400 1436 448 1463 καὶ
458 1436 569 1471 ἁπάσης
585 1436 696 1472 ἔμπλεοι
710 1438 851 1473 πονηρίας,

77 1479 208 1516 ἀθανάτῳ
228 1481 390 1516 περιϐαλεῖν
415 1482 615 1514 σπουδάσαντες
642 1483 688 1510 τὸν
718 1483 852 1510 καλοῦντα

77 1526 131 1560 πρὸς
145 1525 223 1561 ζωὴν,
240 1527 289 1553 τὸν
304 1527 354 1554 οὐκ
368 1527 455 1554 εἰδότα
470 1527 519 1564 τὴν
536 1529 684 1564 ἁμαρτίαν,
702 1529 790 1556 καίτοι
804 1530 850 1556 τοῦ

76 1571 144 1606 νόμον
168 1572 296 1607 λέγοντος
323 1573 427 1608 σαφῶς·
443 1584 452 1600 ι
473 1573 573 1602 ’Δοῶον
596 1577 644 1601 καὶ
670 1575 774 1602 δίκαιον
801 1576 852 1602 οὐκ

904 976 1050 1004 Psallentis
1065 984 1160 1004 vocem
1172 977 1195 1010 ',
1212 981 1239 1004 et
1254 976 1394 1004 incurvata
1420 980 1482 1003 sunt
1495 980 1569 1011 terga
1599 982 1692 1002 eorum

904 1022 1024 1055 omnino,
1043 1026 1072 1049 ut
1085 1029 1138 1050 non
1155 1026 1266 1057 possent
1281 1029 1362 1056 supra
1381 1022 1513 1056 aspicere,
1538 1022 1585 1049 sed
1610 1021 1692 1048 veluti

904 1067 1010 1095 incurvi
1039 1068 1155 1095 terrenis
1179 1068 1260 1095 rebus
1284 1067 1472 1103 aftigerentur.
1499 1069 1610 1096 Accidet
1629 1075 1695 1095 vero

906 1115 956 1141 hoc
972 1113 1036 1147 illis,
1053 1113 1150 1147 inquit,
1167 1121 1219 1140 non
1236 1113 1294 1141 sine
1313 1121 1394 1141 causa
1410 1123 1416 1141 :
1430 1114 1476 1141 sed
1490 1114 1553 1150 quia
1577 1121 1692 1145 omnes,

905 1160 1003 1194 inquit,
1026 1164 1054 1187 et
1077 1159 1141 1186 mali
1168 1159 1347 1192 exstiterunt,
1370 1165 1398 1186 et
1417 1167 1498 1187 omne
1521 1167 1552 1188 os
1576 1160 1694 1195 loquitur

904 1206 1005 1240 iniqua.
1039 1205 1089 1239 Qui
1112 1203 1193 1232 'enim
1227 1206 1352 1233 omnibus
1387 1206 1536 1233 sceleribus
1573 1205 1691 1240 cooperti

905 1261 957 1279 non
988 1253 1063 1285 sint,
1090 1253 1135 1286 qui
1161 1260 1222 1280 eum
1251 1253 1296 1287 qui
1326 1252 1440 1279 vocabat
1465 1253 1498 1279 ad
1526 1253 1621 1283 vitam,
1647 1252 1691 1286 qui

904 1299 1041 1326 nesciebat
1069 1303 1229 1333 peccalum,
1260 1298 1339 1325 morti
1374 1298 1478 1325 tradere
1513 1297 1693 1324 studuerunt?

903 1345 1031 1379 Quamvis
1062 1345 1104 1372 lex
1138 1344 1282 1372 manifesto
1311 1345 1384 1371 dicat
1406 1352 1412 1370 :
1438 1352 1447 1369 ι
1468 1343 1640 1370 lnnocentem
1665 1347 1692 1369 ct

900 1391 1003 1425 justum
1016 1399 1068 1418 non
1085 1390 1232 1418 interﬂcies
1244 1390 1265 1417 '.
1285 1400 1293 1415 ι
1322 1389 1418 1416 Annon
1440 1389 1521 1416 etiam
1534 1389 1621 1415 omnis
1639 1387 1691 1415 liu-

903 1445 953 1472 gua
966 1437 1118 1464 .ludznorum
1137 1437 1224 1463 locuta
1236 1440 1278 1463 est
1296 1435 1407 1471 iniqua?
1421 1435 1606 1462 acclamarunt
1619 1435 1697 1461 eniur

902 1483 1021 1515 Christo,
1047 1482 1167 1510 dicentes
1191 1481 1275 1509 Pilato
1297 1490 1303 1508 :
1324 1491 1333 1507 ι
1352 1480 1438 1514 Tolle,
1468 1481 1540 1514 tolle,
1564 1479 1692 1514 crucifige

903 1537 964 1556 eum
977 1529 1009 1554 ι’.
1028 1537 1037 1554 ι
1053 1527 1095 1561 Ει,
1108 1537 1117 1553 ι
1135 1527 1164 1555 Si
1179 1527 1251 1555 hunc
1265 1535 1316 1555 nou
1332 1528 1451 1561 occidas,
1467 1534 1519 1554 non
1536 1534 1566 1554 cs
1591 1526 1693 1553 anticus

903 1574 1021 1602 Czesaris
1035 1573 1079 1600 "‘.
1100 1583 1108 1599 ι

76 1620 234 1654 ἀποκτενεῖς;
253 1630 262 1647 ι
284 1621 349 1653 Πῶς
368 1622 399 1648 οὐ
419 1623 493 1648 πᾶσα
512 1621 623 1656 γλῶσσα
643 1623 698 1649 τῶν
722 1623 856 1650 Ἰουδαίων
875 1622 1022 1658 λελάληκεν
1048 1621 1144 1655 acum;
1162 1620 1411 1657 Κατεκεκράγεσαν
1427 1620 1480 1656 γὰρ
1501 1619 1548 1646 τοῦ
1574 1618 1699 1654 Χριστοῦ

78 1667 168 1703 Πιλάτῳ
179 1668 315 1703 λέγοντες·
334 1678 344 1694 ‹
355 1665 431 1703 Αἶρε,
443 1669 514 1705 αἶρε,
531 1669 688 1704 σταύρωσον
699 1669 790 1696 αὐτόν.
804 1678 812 1696 ι
828 1669 892 1702 Καὶ,
907 1680 915 1694 ι
940 1668 1004 1695 Ἐὰν
1018 1667 1054 1704 μὴ
1066 1667 1160 1694 τοῦτον
1176 1668 1349 1703 ἀποκτείνῃς,
1368 1667 1418 1693 οὐκ
1429 1664 1454 1693 εἴ
1470 1666 1545 1701 φίλος
1564 1665 1611 1693 τοῦ
1626 1665 1695 1692 Καί-

77 1723 153 1750 σαρος.
174 1724 183 1740 ι

111 1763 168 1789 Ἐπὶ
195 1763 271 1791 πᾶσι
301 1763 418 1796 τούτοις
438 1765 494 1791 οὐκ
514 1764 691 1800 ἀπεστράφη
708 1767 724 1792 ὁ
747 1764 850 1799 θυμὸς,

943 1760 1022 1788 Vsus.
1036 1759 1080 1794 19,
1095 1759 1140 1787 20.
1153 1759 1187 1787 In
1205 1759 1325 1786 omnibus
1336 1759 1376 1786 his
1385 1767 1436 1786 non
1448 1767 1552 1786 aversus
1561 1765 1598 1786 est
1608 1760 1693 1794 furor.

77 1807 135 1833 ἀλλ’
150 1808 190 1834 ἔτι
203 1809 223 1843 ἠ
239 1809 306 1843 χεὶρ
317 1808 436 1843 ὑψηλή.
459 1809 515 1836 Καὶ
531 1810 714 1844 καυθήσεται
734 1811 773 1838 ὡς
792 1810 852 1844 πῦρ

80 1853 94 1886 ή
115 1853 223 1888 ἀνομία,
249 1854 301 1882 καὶ
329 1855 370 1887 ὡς
397 1855 545 1889 ᾶτρωστις
568 1856 644 1891 ξηρὰ
664 1856 853 1891 ,βρωθήσεται

80 1898 127 1925 ὑπὸ
143 1900 242 1933 πυρός·
260 1900 313 1927 καὶ
325 1901 509 1934 καυθήσεται
532 1900 567 1928 ἐν
578 1901 640 1935 τοῖς
661 1901 770 1928 δάσεσι
799 1901 852 1928 τοῦ

79 1944 186 1979 δρυμοῦ,
203 1946 251 1974 καὶ
266 1947 532 1982 συγκαταφάγεται
546 1947 582 1974 τὰ
595 1949 697 1979 κύκλῳ
711 1946 770 1974 τῶν
781 1947 853 1979 ,βου-

79 1990 130 2017 νὼτ
149 1992 253 2020 πάντα·
286 1993 339 2021 διὰ
362 1993 459 2028 θυμὸν
475 1993 568 2029 ὀργῆς
597 1994 720 2028 Κυρίου,
748 1993 854 2029 συγκέ-

80 2045 190 2065 raverat
211 2039 231 2073 ἠ
259 2039 299 2074 τῆ
314 2039 383 2074 ὅλη,
401 2040 451 2068 καὶ
463 2040 550 2068 ἔσται
564 2041 581 2067 ὁ
593 2040 668 2074 λαὸς
681 2040 721 2073 ὼς
730 2040 788 2067 ὑπὸ
801 2047 854 2067 πυ-

78 2083 122 2116 ρὸς
145 2085 336 2121 κεκαυμένος,
353 2086 509 2121 ἄνθρωπος
523 2087 577 2114 τὸν
601 2086 737 2121 ἀδελφὸν
760 2087 853 2114 αὑτοῦ

81 2129 125 2156 οὐκ
133 2129 260 2165 ἐλεήσει,
276 2131 348 2159 ἀλλ’
358 2131 492 2159 ἐκκλινεῖ
512 2133 556 2166 εἰς
565 2132 601 2160 τὰ
617 2132 711 2165 δεξιὰ,
729 2132 773 2159 ὅτι
790 2140 854 2159 πει-

80 2172 152 2201 ram
165 2176 211 2202 καὶ
223 2176 349 2211 φάγεται
362 2176 397 2203 ἐκ
411 2176 472 2204 τῶν
483 2176 658 2216 ιξριστερῶν,
686 2176 735 2204 καὶ
760 2177 796 2204 οὐ
810 2176 853 2211 μὴ

82 2219 223 2256 ἐμπλησθῇ
253 2222 410 2256 ἄνθρωπος
437 2223 548 2251 ἐσθίων
584 2222 637 2256 τὰς
652 2222 767 2257 σάρκας
800 2223 854 2249 τοῦ

79 2265 224 2301 ,ϐραχίονος
243 2268 349 2297 αὐτοῦ.
379 2269 505 2305 Φάγεται
524 2269 580 2304 γὰρ
612 2268 784 2303 Μανασσῆς
800 2269 854 2296 τοῦ

86 2313 210 2350 Ἐφραῒμ,
237 2316 287 2344 καὶ
313 2316 436 2351 Ἐφρατμ
460 2316 514 2344 τοῦ
535 2316 700 2351 Μανασσῆ·
725 2316 770 2343 ὅτι
794 2316 855 2351 ἅμα

81 2360 303 2394 πολιορκήσουσι
322 2362 376 2389 τὸν
387 2362 513 2391 Ἰούδαν.

115 2405 296 2444 ’Δκμαζούσης
319 2407 360 2435 ἔτι
382 2408 434 2444 τῆς
448 2408 524 2440 θείας
545 2408 642 2445 ὀργῆς,
657 2409 854 2445 ὲπηρτημένης

904 1809 949 1835 sed
967 1807 1053 1834 adhuc
1066 1815 1158 1834 manus
1181 1806 1293 1834 excelsa.
1313 1805 1348 1833 Et
1359 1806 1530 1833 succendetur
1547 1805 1613 1833 velut
1626 1807 1693 1841 ignis

905 1855 1041 1889 iniquitas,
1059 1859 1082 1881 et
1101 1853 1168 1880 velut
1189 1853 1268 1880 herba
1296 1852 1373 1879 arida
1402 1851 1569 1879 devorabilur
1586 1853 1654 1887 igne,
1670 1858 1694 1879 et

904 1901 1076 1929 succendetur
1102 1901 1130 1927 in
1145 1901 1275 1928 densitate
1291 1899 1385 1932 saltus,
1409 1904 1432 1926 et
1449 1899 1582 1926 tleuarabit
1605 1900 1693 1926 omnia

906 1955 965 1983 qua:
979 1947 1079 1974 circum
1100 1946 1178 1973 colles
1191 1950 1262 1973 sunt.
1284 1945 1317 1972 In
1329 1946 1369 1972 ira
1386 1945 1485 1980 furoris
1507 1945 1610 1972 Domini
1624 1952 1694 1971 com-

906 1993 982 2020 busta
1007 1997 1045 2019 est
1067 1997 1137 2019 terra
1153 1992 1286 2023 universa,
1304 1995 1328 2017 et
1344 1990 1394 2017 erit
1408 1990 1519 2025 populus
1539 1991 1613 2024 quasi
1624 1998 1694 2017 com-

905 2040 997 2066 bustus
1013 2037 1045 2064 ab
1074 2038 1142 2072 igne.
1162 2036 1245 2063 Homo
1258 2036 1349 2071 fratris
1373 2036 1414 2062 sui
1439 2043 1491 2062 non
1515 2035 1691 2066 miserebitur,

904 2085 950 2112 sed
976 2084 1115 2112 declinabit
1131 2083 1165 2109 ad
1183 2083 1330 2114 dexteram,
1346 2083 1407 2116 quia
1421 2081 1517 2110 esuriat
1535 2088 1544 2107 :
1559 2086 1582 2108 et
1601 2089 1688 2108 come-

906 2132 948 2158 det
961 2140 977 2158 α
991 2130 1120 2161 sinistris,
1136 2134 1161 2156 et
1185 2137 1237 2156 non
1256 2129 1420 2156 saturabitur
1450 2128 1538 2159 homo,
1559 2126 1694 2154 comedens

906 2186 997 2205 carnes
1027 2177 1125 2203 brachii
1158 2177 1210 2203 sui.
1239 2175 1361 2203 Comedet
1383 2174 1520 2202 Mariane:
1555 2173 1693 2208 Ephraim,

906 2231 929 2251 et
952 2225 1077 2259 Ephraim
1100 2224 1261 2257 Manauem,
1278 2223 1402 2258 quoniam
1419 2221 1497 2248 sintut
1509 2221 1693 2258 oppngnabunt

906 2270 1016 2298 ludam.

943 2411 1055 2447 Vigente
1068 2411 1156 2440 adhuc
1164 2411 1252 2439 divina
1264 2411 1313 2445 ira,
1326 2415 1353 2438 et
1364 2410 1534 2446 impendente
1545 2408 1588 2437 illa
1602 2417 1692 2442 manu,
1705 2434 1709 2436 _

81 2450 103 2477 δὲ
112 2453 152 2479 καὶ
163 2454 245 2490 αὐτῆς
255 2454 307 2490 τῆς
320 2455 410 2491 χειρὸς
424 2456 475 2491 τῆς
490 2455 646 2491 ἔπαγούσης
669 2455 718 2491 τὴν
734 2456 852 2491 μάστιγα

943 2457 1039 2492 gellum
1064 2456 1250 2492 suppliciaque
1277 2455 1330 2484 illis
1364 2456 1505 2489 admovet,
1533 2455 1693 2491 singulaque

83 2497 173 2531 καὶτὰς
187 2500 278 2533 αἰκίας
301 2502 404 2534 αὐτοῖς,
418 2501 521 2529 ἕκαστα
539 2502 632 2537 σαφῶς
647 2501 702 2528 τῶν
714 2502 852 2538 συμϐησο-

85 2542 157 2575 μένων
184 2547 414 2583 προαναγορεύειν
443 2549 592 2584 πειρᾶται,
618 2548 853 2585 σωφρονεστέρους

84 2590 127 2621 τοῖς
139 2590 240 2627 δείμασι
269 2594 332 2625 τοὺς
347 2594 538 2630 ἀκροωμένους
565 2594 715 2622 ἀποτελῶν.
743 2594 852 2630 Ταύτης

85 2634 127 2669 γὰρ
138 2636 212 2665 ἕνεκα
237 2639 287 2674 τῆς
315 2640 406 2672 αἰτίας
435 2642 654 2677 προαναρῤήσεις
680 2641 735 2668 τῶν
757 2641 852 2668 δεινῶν

85 2679 183 2709 ἰποιεῑτο
194 2683 269 2717 Θεὸς,
285 2685 328 2712 ῐνα
344 2686 459 2718 δεδιότες
469 2687 500 2713 τὸ
513 2687 694 2723 προσκρούειν
708 2687 792 2723 αὐτῷ,
813 2686 851 2723 μὴ

87 2726 131 2757 τοῖς
145 2727 171 2760 ἐξ
183 2728 265 2765 ὀργῆς
288 2730 460 2767 ὑπενεχθεῖεν
479 2734 590 2766 κακοῖς,
616 2732 669 2765 ἔξω
697 2733 725 2760 δὲ
751 2733 851 2768 μᾶλλον

87 2770 243 2809 ἀποφέροιντο
266 2777 320 2804 τῶν
346 2777 450 2805 δεινῶν.
475 2778 666 2813 Καυθήσεσθαι
689 2778 779 2805 τοίνυν
801 2778 851 2814 τὴν

87 2816 183 2852 ἀνομίαν
199 2820 234 2854 ὡς
250 2822 315 2858 πῦρ.
341 2822 467 2858 Ἀνομίαν
489 2824 516 2851 δέ
540 2833 621 2861 φησιν
639 2824 688 2851 οὐκ
714 2824 778 2851 αὐτό
799 2832 849 2850 που

905 2512 966 2540 quae
996 2509 1129 2532 (uentura
1151 2508 1224 2537 sunt,
1249 2507 1362 2532 conatur
1388 2508 1449 2538 apte
1473 2507 1706 2537 pmmonstrarc,.

909 2549 1107 2577 moderatiores
1133 2547 1253 2576 efficiens
1277 2548 1417 2576 auditores
1442 2548 1599 2576 terroribus.
1619 2548 1694 2576 lianc

906 2595 989 2630 igitur
1003 2594 1038 2622 ob
1058 2602 1168 2622 causam
1197 2594 1403 2622 vaticinationes
1416 2595 1539 2628 gravium
1561 2594 1692 2621 malorum

904 2640 1019 2667 instituit
1051 2640 1130 2673 Deus,
1144 2644 1173 2667 ut
1185 2640 1310 2668 timentes
1321 2647 1384 2668 eum
1398 2640 1547 2673 oll‘endere,
1565 2641 1643 2667 malis
1658 2648 1691 2667 ex

905 2687 945 2713 ira
973 2686 1054 2714 illatis
1072 2694 1124 2713 non
1141 2687 1196 2713 sint
1207 2686 1329 2718 obnoxii,
1345 2686 1391 2714 sed
1411 2686 1499 2721 potius
1510 2687 1544 2713 ab
1561 2686 1613 2713 illis
1628 2692 1691 2719 gra-

905 2732 983 2759 vibus
997 2732 1155 2759 liberentur.
1169 2731 1202 2758 Et
1226 2732 1419 2764 succendctur,
1433 2732 1529 2767 inquit,
1551 2739 1614 2766 ergo
1642 2731 1690 2757 iui-

905 2778 993 2813 quitas
1019 2782 1048 2805 ut
1066 2778 1144 2812 ignis.
1174 2778 1342 2812 lniquitatcm
1374 2778 1456 2814 168
1477 2786 1539 2805 vero
1564 2776 1691 2812 appellat,

904 2832 956 2851 non
985 2831 1040 2850 rem
1065 2824 1149 2858 ipsam
1183 2823 1257 2857 (hoc
1285 2823 1378 2857 cnim,
1410 2823 1449 2851 ιρι
1475 2823 1620 2854 intellectu,
1646 2821 1692 2848 vel.

117 2896 198 2939 'Psal.
218 2908 311 2933 LXVIII,
324 2897 371 2928 24.
410 2902 418 2917 ’
436 2902 519 2930 Exod.
535 2910 611 2935 mu,
629 2901 654 2930 7.
695 2903 715 2918 ¹⁰
727 2902 803 2930 Jnan.
824 2909 877 2935 xix,
891 2901 930 2929 lii,
968 2902 1000 2917 ’θ’
1018 2899 1086 2928 ibid.
1104 2900 1146 2927 12.
