1872 3055
177 141 230 169 270

669 149 698 176 S.
718 150 855 179 CYRILLI
874 151 1109 181 ALEXANDRINI
1129 155 1288 183 ARCHIEP.

1754 160 1810 187 28‘!

179 206 207 228 ct
229 200 367 237 eriperent
386 203 430 238 jus
460 206 631 239 pauperibus,
648 214 678 234 ac
697 210 848 244 orplianum
878 210 918 238 vel

1064 222 1162 245 νοντες,
1174 213 1217 241 ἵνα
1228 215 1315 248 χήραν
1326 215 1449 246 ἀδικῶσι.
1461 217 1509 243 καί
1521 216 1668 253 ἀρπάζωσι
1681 217 1803 253 κρίματα

180 247 297 281 praedam
313 248 428 284 aliquam
441 250 572 279 ditescere
591 251 746 282 volentibus
763 254 841 283 facile
852 257 961 291 exposi-

181 296 236 318 tam
251 292 426 327 subiicerent.
441 295 488 327 At,
505 295 602 330 inquit,
618 297 673 331 isti,
687 299 751 333 quid
767 299 867 328 faciem
881 301 908 328 in
919 301 964 329 die

180 336 362 365 visitationis?
384 337 552 368 Visitationis
577 347 667 370 autem
699 344 769 372 diem
796 350 875 373 vocat
902 347 962 374 belli

181 386 296 416 tempus,
316 389 370 418 quo
386 384 504 419 inspexit
519 386 591 415 Deus
613 389 763 417 scribentes
782 391 962 426 iniquitatem,

179 430 207 453 et
215 431 296 472 recta
312 427 380 464 legis
391 429 493 464 judicia
511 432 714 468 detorquentes.
729 434 794 468 Quas
811 436 883 463 enim
899 444 964 472 opes

179 471 256 500 vobis
273 474 500 509 opitulabuntur?
518 478 616 514 inquit.
647 479 771 514 Quonam
797 488 877 518 pacto
900 471 964 511 con-

179 524 350 554 gregatarum
370 529 385 549 a
407 523 484 552 vobis
498 532 586 552 rerum
607 534 640 553 ex
661 529 772 556 avaritia
795 531 965 558 ceacervatio

178 565 301 598 juvabit?
317 566 445 602 lnjuriam
473 569 585 604 fecistis,
602 574 762 608 corrupistis
781 575 877 610 legent.
900 583 963 610 pros

181 611 310 641 culcastis
334 615 477 643 consilium
506 616 668 653 legislatoris
683 620 757 655 :jam
778 629 832 656 quo
856 623 964 651 tandem

180 657 321 686 evadatis?
335 660 398 695 quid
423 662 505 689 etiam
529 664 623 698 agetis,
649 669 696 692 aut
717 666 781 700 quid
804 666 962 702 loquentini,

181 709 235 736 quo
258 703 392 740 ell‘ugiatis
413 707 484 735 diem
520 709 703 739 visitationis?
721 711 836 741 Aﬂliclio
864 715 963 742 etenim

182 748 258 777 vobis
280 757 295 776 a
317 751 396 787 longe
409 754 508 781 veniet.
524 754 683 791 Pugnabam
698 758 799 792 quippe
811 757 896 787 Judaei
912 768 964 788 sa:-

182 801 330 841 pennmero
338 797 467 827 adversus
479 801 586 829 accolas
595 807 698 836 gentes,
712 803 844 833 ldumaaos
855 805 964 841 inquam

174 844 208 868 et
220 839 359 875 Elamitas,
374 848 401 871 et
414 843 552 880 Moabitas,
569 851 597 874 et
614 847 706 884 Syros,
724 853 751 877 et
767 850 812 885 qui
827 839 963 879 Philistini

182 887 308 916 dicuntur
323 898 330 917 :
345 891 490 927 evenitque
504 897 535 920 ut
553 894 646 922 multis
666 895 802 929 meliores,
816 897 888 924 ac'in
915 905 963 930 pu-
981 891 1000 918 Β

180 939 233 967 sua
249 934 403 968 superiores
423 936 588 974 viderentur.
605 938 659 966 Sed
683 947 767 972 nunc,
800 942 902 976 inquit,
924 941 963 969 af-

180 978 264 1006 ﬂictio
281 984 369 1007 vestra
394 982 488 1015 procul
513 983 612 1017 veniet,
635 984 712 1020 171
730 985 757 1013 id
778 990 830 1018 est,
846 994 898 1014 non
918 988 964 1014 ad-

181 1031 275 1052 versus
289 1024 419 1054 ldumams
429 1028 504 1055 vobis
523 1033 661 1056 certamen
672 1031 734 1063 erit,
755 1039 807 1058 non
822 1032 963 1060 adversum

181 1068 311 1098 Moabitas
336 1071 445 1105 bellum,
462 1073 510 1100 sed
530 1081 581 1102 nec
605 1075 737 1104 adversus
758 1077 827 1104 ullos
847 1077 963 1112 accolas,

180 1123 248 1150 quos
269 1116 413 1152 aliquando
435 1120 589 1155 subegistis,
610 1127 637 1148 et
662 1130 695 1149 ex
722 1123 814 1157 prwlio
835 1123 963 1158 majorem

181 1161 286 1191 laudem
304 1165 454 1198 consecuti,
464 1173 561 1194 corona
575 1168 741 1195 nobilissima
755 1169 870 1197 redimiti
886 1170 962 1197 estis:

180 1208 227 1235 sed
253 1216 326 1238 nunc
337 1211 414 1239 vobis
434 1211 544 1240 aﬂlictio
559 1214 651 1248 procul
677 1215 775 1242 veniet.
790 1215 901 1243 Videtur
915 1223 963 1243 au-

182 1260 235 1282 tem
259 1255 322 1283 hinc
335 1257 377 1284 vel
393 1258 566 1294 Assyriorum
589 1260 783 1295 incursionem,
803 1262 843 1289 vel
865 1261 965 1289 Roma-

181 1307 276 1328 norum
301 1302 483 1332 subindicare.
501 1304 567 1332 Nam
584 1310 612 1333 et
627 1306 654 1332 lii
674 1311 701 1333 et
718 1306 755 1333 illi
781 1314 796 1333 e
819 1305 965 1341 longinquo

182 1348 505 1378 veneruntJncumbente
522 1358 585 1378 vero
604 1351 760 1384 afﬂictione,
771 1352 816 1379 ubi
830 1352 965 1387 relinque-

181 1394 217 1420 tis
230 1398 347 1421 vestram
372 1395 496 1430 gloriam,
516 1402 546 1424 ut
561 1404 614 1424 non
635 1397 761 1425 incidatis
777 1399 804 1425 iu
826 1398 965 1426 obductio-

181 1442 262 1469 nem?
278 1441 409 1477 Fregistis
429 1442 514 1475 enim,
529 1443 626 1478 inquit,
644 1452 715 1479 saepe
727 1445 830 1476 hostes,
842 1449 870 1472 et
889 1445 965 1472 iuva-

181 1488 306 1515 dcntibus
334 1488 483 1521 restitistis,
496 1497 529 1516 ac
549 1489 630 1517 urbes
659 1495 686 1517 et
721 1491 845 1525 regiones
862 1496 966 1518 vestras

182 1535 384 1564 conservastis:
401 1544 474 1564 nunc
494 1544 585 1566 autem
599 1539 710 1574 gloriam
731 1539 809 1566 istam
824 1539 868 1567 ubi
882 1540 964 1567 relin-

182 1583 288 1617 quetis?
299 1583 409 1612 Cadetis
423 1585 495 1612 enim
512 1572 616 1618 omnes,
633 1586 803 1619 fortitudine,
817 1594 877 1622 qua:
894 1594 965 1621 saepe
978 1572 999 1600 α

182 1635 275 1657 contra
297 1630 366 1658 alios
387 1631 478 1665 valuit,
493 1632 566 1660 nullo
587 1633 665 1660 modo
689 1640 736 1661 vos
756 1633 878 1668 juvante.
896 1633 965 1667 Quid

183 1675 255 1701 enim
270 1674 374 1703 facietis
391 1680 420 1702 ut
436 1683 488 1703 non
500 1673 633 1705 'incidatis
649 1678 674 1704 in
690 1677 898 1705 abductionem?
910 1678 965 1705 Ab-

182 1721 335 1748 ductionem
353 1726 440 1754 vocat,
452 1722 552 1749 illatam
567 1723 630 1758 ipsis
643 1723 677 1750 ab
689 1724 729 1751 ira
741 1724 843 1756 divina.
853 1729 880 1752 et
893 1724 966 1752 belli-

183 1773 240 1793 cam
252 1766 443 1794 calamitatem.
454 1767 508 1795 Deo
519 1768 645 1795 nimirum
658 1768 799 1796 inducente
809 1769 967 1804 delinquen-

183 1812 254 1840 tibus
271 1813 444 1848 prenas,quis
455 1814 575 1842 avertet?
584 1808 635 1841 Aut
647 1822 699 1849 qua
712 1815 816 1843 ratione
827 1815 872 1850 qui
881 1823 967 1850 ptena:

182 1863 210 1885 et
229 1858 360 1893 supplicio
375 1859 485 1887 obnoxii
510 1864 588 1891 sunt,
607 1859 792 1894 juvabuntur?
815 1860 897 1888 nulla.
918 1860 966 1887 Et-

182 1906 253 1932 enim
266 1911 293 1932 et
308 1906 415 1934 divinus
429 1906 512 1934 David
528 1907 620 1941 psallit
636 1907 746 1934 dicens:
768 1916 776 1932 ι
792 1906 915 1940 Domine,
934 1915 967 1934 ne

186 1952 211 1978 in
228 1951 319 1979 furore
334 1955 494 1988 tuo'arguas
506 1960 558 1986 me,
576 1960 662 1987 neque
681 1953 706 1979 in
724 1953 763 1979 ira
780 1956 825 1979 tua
837 1953 968 1986 corripias

185 1999 269 2025 tite".
285 2009 294 2025 ι
313 1999 345 2026 Ει
362 2007 457 2027 rursus
473 2009 480 2025 :
502 2009 511 2024 ι
525 1998 564 2026 Tu
577 2007 607 2027 es
627 1999 765 2031 terribilis,
781 2004 808 2026 et
820 1999 880 2034 quis
899 1999 966 2026 resi-

183 2049 237 2072 stet
254 2045 322 2073 tibi?
337 2052 368 2072 ex
389 2049 452 2072 tunc
472 2045 512 2072 ira
534 2049 578 2072 tua
598 2044 631 2072 ".
646 2053 655 2070 ι
673 2045 822 2072 Amolietur
836 2044 967 2079 siquidem

183 2090 302 2118 divinam
322 2091 390 2117 iram
417 2097 505 2118 nemo.
521 2091 553 2117 At
575 2097 635 2117 eam
655 2091 732 2125 quasi
756 2089 859 2118 emollit
883 2090 969 2124 paeni-

184 2137 268 2164 tentia
287 2145 295 2163 :
314 2136 387 2169 imo,
411 2144 445 2164 ne
463 2137 598 2172 quatietur
623 2137 730 2172 quidem
754 2144 866 2172 prorsus
888 2136 970 2170 impe-

186 2182 268 2215 rium,
289 2183 311 2210 si
325 2183 386 2217 quis
409 2183 473 2210 velit
505 2188 578 2210 recte
607 2188 634 2210 et
650 2183 769 2219 legitime
783 2188 810 2210 et
821 2184 968 2211 secundum

185 2228 355 2255 oraculorum
371 2228 430 2264 ejus
441 2229 537 2263 placita
555 2228 655 2256 vivere.
851 2246 859 2253 ρ

1015 259 1150 294 πενήτων,
1166 260 1211 287 καὶ
1236 262 1292 292 τοῖς
1317 262 1350 287 ἐκ
1374 261 1529 295 πλεονεξίας
1543 264 1639 295 κακοῖς
1661 263 1826 298 ὑπᾶγωσιν’

1013 305 1141 340 ὀρφανὸν,
1159 306 1284 342 καθάπερ
1294 308 1354 334 τινὰ
1365 308 1504 343 προνομὴν
1517 309 1573 340 τοῖς
1587 308 1712 335 ἐθέλουσι
1723 309 1807 335 πλου-

1014 351 1069 376 τεῖν
1098 350 1214 385 ἑτοίμως
1236 351 1475 386 παρεῤῥιμμένην.
1503 351 1571 378 Ἀλλ’
1583 349 1668 385 οὖτοι,
1686 352 1764 387 φησὶ,
1780 353 1806 379 τί

1014 396 1171 430 ποιήσουσιν
1185 397 1214 422 ἐν
1230 398 1264 432 τῇ
1280 397 1371 432 ἡμέρᾳ
1385 398 1434 432 τῆς
1446 397 1614 432 ὲπισὶοπῆςς
1635 397 1808 432 Ἑπισκοτιῆς

1013 441 1043 467 δέ
1059 450 1140 476 φησιν
1163 441 1279 477 ἡμέραν,
1299 442 1344 469 τὸν
1364 442 1411 469 τοῦ
1434 442 1552 478 πολέμου
1573 443 1680 478 καιρὸν,
1696 443 1759 470 καθ’
1776 443 1807 469 ὂν

1015 487 1185 522 ἐπεσκέψατο
1196 487 1262 519 Θεὸς
1280 488 1343 520 τοὺς
1356 489 1511 523 γράφοντας
1532 488 1678 524 πονηρίαν,
1696 489 1745 515 καὶ
1769 489 1807 514 τὰ

1014 533 1081 569 όρθὰ
1104 533 1151 560 τοῦ
1167 533 1250 568 νόμου
1267 530 1390 569 κρίματα
1411 533 1630 570 διαστρέφοντας.
1653 534 1735 565 Ποῖος
1749 533 1807 569 γὰρ

1015 580 1079 615 ὑμῖν
1094 579 1207 611 πλοῦτος
1222 579 1360 614 βοηθήσει,
1376 579 1477 614 φησίν;
1498 580 1605 614 ὀνήσει
1618 579 1647 606 δὲ
1661 579 1734 606 κατὰ
1743 579 1807 606 τινα

1014 625 1113 660 τρόπον
1137 625 1192 651 τῶν
1220 626 1253 652 ἐκ
1279 624 1436 658 πλεονεξίας
1458 625 1522 660 ὑμῖν
1545 625 1761 660 συνειλεγμένων
1788 625 1806 659 ἡ

1014 671 1153 707 ἄθροισιςς
1176 671 1349 706 Ἡδικήσατε,
1364 671 1560 707 κατεφθείρατε
1571 671 1664 706 νόμον,
1679 672 1807 706 πεπατή-

1015 727 1081 745 κατε
1093 719 1140 745 τὸν
1159 717 1206 745 τοῦ
1223 717 1368 754 νομοθέτου
1383 718 1492 745 σκοπόν.
1507 715 1574 744 Εἶτα
1587 718 1648 744 ὅποι
1667 718 1734 745 ποτέ
1753 717 1806 752 βα-

1013 764 1123 797 sistatis;
1138 763 1164 791 τί
1184 763 1213 790 δὲ
1235 764 1281 790 καὶ
1297 763 1412 798 δρῶντες
1429 763 1445 798 ἢ
1466 763 1600 797 λέγοντες,
1625 762 1807 798 διαφεύξεσθε

1014 809 1064 845 τὴν
1085 809 1193 844 ἡμέραν
1219 809 1268 844 τῆς
1292 809 1459 844 ἐπισκοπῆς;
1493 809 1526 835 Ἦ
1549 808 1603 844 γὰρ
1627 808 1717 843 θλίψις
1740 809 1809 842 ὑμῖν

1017 857 1156 893 πόρρωθεν
1170 857 1239 892 ἥξει.
1249 857 1396 892 Ἐμάχοντο
1411 856 1460 892 μὲν
1472 856 1527 892 γὰρ
1539 856 1660 883 Ἰουδαῖοι
1674 855 1807 882 πλειστά-

1014 912 1058 935 κις
1071 903 1139 939 πρὸς
1152 902 1187 930 τὰ
1202 902 1328 938 περίοικα
1342 900 1396 929 τῶν
1412 901 1681 937 ὲθνῶν,Ἱδουμαίους
1690 900 1722 928 τὲ
1733 909 1808 935 φημι

1015 951 1062 977 καὶ
1082 949 1238 985 Ἑλαμίτας.
1264 949 1427 981 Μωαϐίτας,
1455 949 1503 975 καὶ
1525 947 1626 984 Σύρους
1639 967 1646 979 ,
1670 947 1721 973 καὶ
1741 946 1808 977 τοὺς

1016 995 1198 1030 καλουμένους
1212 995 1377 1030 Φιλιπιείμ·
1395 994 1534 1021 συνέϐαινε
1551 994 1580 1020 δὲ
1604 994 1650 1020 καὶ
1674 992 1808 1027 ἀμείνους

1014 1040 1128 1076 ὁρᾶσθαι
1154 1040 1259 1067 πολλῶν
1279 1040 1446 1076 κρατοῦντας
1462 1040 1490 1066 ἐν
1517 1039 1626 1075 μάχαις.
1649 1038 1732 1064 Ἀλλὰ
1745 1036 1807 1068 νῦν,

1016 1087 1109 1122 φησὶν,
1126 1087 1142 1121 ἡ
1157 1085 1246 1121 θλίψις
1255 1086 1320 1121 ὑμῖν
1335 1085 1476 1122 πόρρωθεν
1488 1084 1559 1120 ἧξεν
1574 1084 1646 1111 τοῦτ’
1664 1083 1751 1114 ἐστιν,
1765 1082 1808 1109 Οὐ

1016 1133 1084 1170 πρὸς
1102 1132 1267 1167 Ἰδουμαίους
1281 1133 1346 1167 ὑμῖν
1359 1132 1376 1167 ή
1393 1131 1481 1167 μάχη,
1502 1131 1532 1157 οὐ
1547 1130 1615 1166 πρὸς
1627 1128 1781 1160 Μωαϐίτας
1794 1130 1809 1154 ὁ

1015 1178 1148 1212 πόλεμος·
1166 1178 1223 1205 ἀλλ’
1239 1178 1299 1205 οὐδὲ
1311 1178 1379 1213 πρός
1394 1186 1470 1209 τινας
1485 1177 1541 1203 τῶν
1556 1176 1674 1213 ὁμόρων,
1692 1173 1731 1202 ὧν
1748 1174 1808 1201 ἐσθ’

1015 1225 1059 1250 ὅτε
1086 1225 1132 1251 καὶ
1148 1225 1350 1260 κεκρατήκατε,
1370 1224 1417 1250 καὶ
1427 1223 1477 1260 τὴν
1493 1223 1597 1258 ἀμείνω
1611 1222 1741 1256 λαχόντες
1753 1220 1809 1256 ψῆ-

1016 1278 1064 1304 φον
1078 1271 1107 1296 ὲν
1122 1270 1196 1305 μάχῃ
1209 1269 1255 1296 τὸν
1267 1270 1317 1305 τῆς
1332 1268 1457 1302 εὐκλείας
1471 1268 1637 1304 ἁνεδήσασθε
1652 1266 1787 1302 στέφανον
1799 1274 1806 1281 ·

1015 1316 1085 1343 ἀλλὰ
1097 1316 1145 1343 νῦν
1158 1316 1222 1351 ὑμῖν
1239 1317 1255 1351 ἡ
1275 1315 1362 1351 θλίψις
1379 1315 1521 1351 πόρρωθεν
1535 1314 1704 1350 ἣξει.¹Εοικε
1719 1313 1749 1339 δὲ
1760 1312 1808 1339 διὰ

1015 1362 1127 1394 τούτων,
1147 1363 1164 1398 ἢ
1178 1363 1232 1388 τῶν
1251 1362 1398 1397 Ἀσσυρίων
1412 1362 1462 1397 τὴν
1474 1361 1578 1396 ἔφοδον,
1592 1361 1677 1396 ἡγουν
1689 1360 1740 1395 τὴν
1751 1359 1808 1385 τῶν

1022 1408 1165 1444 Ῥωμαίων
1188 1408 1347 1444 ὑποδηλοῦν.
1370 1407 1513 1444 Πόρρωθεν
1531 1407 1585 1442 γὰρ
1601 1403 1676 1434 οὗτοί
1700 1414 1732 1432 τε
1757 1405 1809 1432 κά-

1016 1454 1109 1481 κεῖνοι.
1125 1453 1360 1488 Ἐπενηνεγμένης
1374 1453 1403 1479 δὲ
1417 1452 1468 1487 τῆς
1482 1452 1607 1487 θλίψεως,
1621 1451 1670 1478 ποῦ
1683 1450 1807 1485 καταλή-

1015 1499 1080 1534 ψετε
1093 1498 1142 1534 τὴν
1156 1498 1260 1525 ἑαυτῶν
1274 1498 1362 1531 δόξαν,
1377 1498 1424 1524 τοῦ
1439 1497 1477 1533 μὴ
1491 1497 1620 1532 ἐμπεσεῖν
1631 1497 1671 1528 εἰς
1682 1496 1732 1531 τὴν
1745 1497 1810 1522 ita.

1016 1546 1124 1582 γωγήν;
1138 1543 1360 1581 Κατηνδρίσασθε
1376 1544 1424 1579 μὲν
1436 1544 1491 1579 γὰρ
1507 1543 1644 1574 πολλάκις,
1664 1542 1745 1577 φησι,
1755 1541 1809 1568 τῶν

1016 1592 1133 1628 ἐχθρῶν,
1150 1592 1267 1624 καὶτοῖς
1279 1590 1399 1617 ἐπιοῦσιν
1418 1589 1641 1624 ἀντανιστάμενοι
1667 1587 1809 1614 σεσώκατε

1015 1638 1066 1670 τὰς
1079 1638 1143 1674 παρ’
1159 1638 1222 1673 ὑμῖν
1239 1637 1330 1668 πόλεις
1347 1645 1376 1663 τε
1390 1636 1437 1662 καὶ
1458 1635 1558 1671 χώρας.
1572 1634 1640 1661 Νυνὶ
1655 1634 1684 1660 δὲ
1696 1634 1748 1668 τὴν
1763 1634 1810 1660 ἐπὶ

1016 1683 1103 1718 τούτῳ
1117 1681 1196 1715 δόξαν
1223 1682 1274 1709 ποῦ
1287 1682 1473 1716 καταλήψετες
1488 1679 1614 1707 πεσεῖσθε
1626 1679 1682 1715 γὰρ
1696 1679 1809 1710 πάντες,

1017 1731 1076 1756 κατ’
1091 1730 1185 1756 οὐδένα
1207 1729 1307 1764 τρόπον
1322 1728 1478 1763 ὠφελούσης
1494 1727 1566 1762 ὑμᾶς
1589 1727 1637 1762 τῆς
1661 1726 1734 1752 κατὰ
1754 1725 1810 1751 τῶν

1017 1777 1118 1812 ἑτέρων
1136 1775 1288 1811 εὐανδρίας.
1304 1775 1335 1800 Τί
1347 1774 1402 1810 γὰρ
1420 1774 1545 1808 ποιήσετε
1558 1772 1606 1800 τοῦ
1623 1772 1660 1808 μὴ
1676 1772 1810 1807 ἐμπεσεῖν

1017 1823 1056 1854 είς
1067 1823 1230 1856 ὲπαγωγήν;
1250 1821 1411 1856 Ἐπαγωγὴν
1423 1820 1451 1846 δέ
1468 1828 1546 1855 φησι,
1554 1819 1603 1855 τὴν
1615 1819 1810 1853 ἐπενεχθεῖσαν

1017 1868 1108 1898 αὐτοῖς
1123 1866 1160 1898 ὡς
1174 1866 1228 1893 ἀπό
1243 1874 1275 1900 γε
1295 1866 1345 1900 τῆς
1357 1865 1431 1897 θείας
1446 1865 1541 1901 ὀργῆς,
1555 1865 1602 1891 καὶ
1627 1864 1678 1899 τὴν
1703 1864 1737 1889 ἐκ
1760 1861 1808 1888 τοῦ

1017 1913 1137 1948 πολέμου
1158 1912 1310 1948 συμφοράν.
1330 1911 1398 1938 Θεοῦ
1411 1911 1465 1946 γὰρ
1480 1911 1628 1945 ἐπάγοντος
1645 1911 1704 1942 τοῖς
1717 1909 1809 1944 πλημ-

1019 1958 1130 1994 μελοῦσι
1143 1959 1192 1990 τὰς
1205 1958 1284 1990 δίκας
1297 1957 1339 1990 τίς
1350 1957 1365 1983 ὁ
1378 1957 1572 1993 ἀποστρέψων;
1589 1956 1606 1992 ἦ
1618 1957 1695 1987 ποῖος
1708 1955 1742 1982 ἂν
1754 1957 1810 1986 τοῖς

1018 2004 1070 2031 ὑπὸ
1094 2003 1190 2039 ποινὴν
1212 2003 1259 2031 καὶ
1282 2003 1393 2031 κόλασιν
1414 2003 1590 2038 ἐπικουρήσει
1615 2002 1734 2037 τρόπος;
1760 2001 1810 2027 οὐκ

1018 2049 1090 2076 ἐστιν
1103 2048 1201 2081 οὐδείς.
1215 2048 1358 2084 Τοιγάρτοι
1374 2048 1420 2074 καὶ
1433 2048 1448 2074 ό
1461 2047 1605 2078 θεσπέσιος
1619 2046 1703 2073 Δαϐὶδ
1713 2046 1809 2080 ψάλλει

1019 2095 1065 2121 καὶ
1089 2102 1184 2129 φησιν·
1204 2103 1213 2119 ι
1227 2093 1324 2129 Κύριε,
1341 2092 1379 2128 μὴ
1401 2091 1440 2128 τῷ
1462 2091 1541 2127 θυμῷ
1563 2100 1610 2118 σου
1634 2090 1749 2125 ἐλέγξῃς
1764 2097 1808 2124 με.

1020 2138 1088 2173 μηδὲ
1105 2139 1138 2173 τῇ
1161 2138 1231 2173 ὀργῇ
1246 2146 1293 2164 σου
1308 2137 1455 2172 παιδεύσῃς
1469 2145 1513 2171 με.
1530 2146 1539 2162 ι
1559 2135 1614 2163 Καὶ
1627 2135 1711 2161 πάλιν
1721 2142 1727 2148 ·
1748 2143 1757 2159 ι
1773 2133 1809 2158 Συ

1019 2183 1133 2219 φοϐερὸς
1157 2181 1190 2214 εἷ,
1206 2183 1252 2210 καὶ
1274 2183 1317 2214 τίς
1339 2181 1529 2218 ἀντιστήσεταί
1545 2189 1604 2213 σοις
1623 2181 1691 2207 Ἀπὸ
1708 2179 1769 2206 τότε
1792 2178 1810 2212 ἠ

1019 2229 1087 2264 ὀργή
1116 2238 1173 2256 σου.
1192 2238 1200 2254 ι
1221 2228 1399 2264 ’Δποστρέψει
1423 2227 1472 2263 μὲν
1498 2225 1543 2254 οὖν
1564 2226 1652 2257 οὐδεὶς
1669 2226 1719 2260 τὴν
1737 2224 1810 2250 θείαν

185 2278 279 2312 ὀργήν.
295 2276 506 2313 Καταμαλάσσει
519 2276 547 2303 δὲ
558 2275 653 2311 ὥσπερ
664 2277 773 2312 αὑτὴνή
787 2277 966 2311 μετάγνωσιςο
988 2276 1088 2312 μᾶλλον
1113 2275 1141 2302 δὲ
1162 2275 1216 2302 οὐδ’
1250 2277 1284 2302 ἂν
1304 2275 1372 2307 ὅλως
1404 2274 1541 2301 σαλεύοιτο
1557 2274 1605 2309 τὴν
1618 2274 1719 2309 ἀρχὴν,
1738 2273 1762 2299 εί
1779 2271 1810 2306 δὴ

187 2323 260 2359 βιοῦν
280 2323 366 2350 ἐθέλοι
385 2331 426 2354 τις
443 2322 531 2358 ὀρθῶς
544 2323 591 2349 καὶ
607 2323 736 2358 ἐννόμως,
749 2322 796 2349 καὶ
813 2323 882 2349 κατά
896 2331 927 2356 γε
940 2321 970 2349 τὺ
988 2321 1082 2349 δοκοῦν
1095 2322 1149 2353 τοῖς
1166 2321 1231 2356 παρ’
1243 2319 1324 2347 αὑτοῦ
1339 2319 1530 2354 θεσπίσμασιν.

224 2369 303 2397 Vens.
317 2369 394 2396 5-H).
404 2368 438 2395 In
453 2368 570 2395 omnibus
589 2368 629 2395 Itis
643 2376 694 2395 non
709 2376 814 2396 aversus
829 2374 866 2396 est
881 2369 966 2404 furor.
984 2370 1007 2399 D

186 2417 232 2444 sed
241 2416 384 2443 etiamnum
403 2423 497 2441 manus
508 2414 619 2442 excelsa.
644 2413 687 2442 νω
698 2414 822 2450 Assyriis,
836 2415 908 2450 virga
926 2414 971 2449 fu-

188 2462 254 2489 roris
274 2463 335 2493 mei,
350 2466 373 2488 et
391 2461 430 2488 ira
445 2466 481 2488 est
501 2461 529 2487 in
541 2461 776 2488 manibus‘eorum.
795 2460 868 2487 Iram
887 2468 971 2488 meam

187 2510 213 2535 in
227 2512 327 2543 gentem
338 2507 453 2542 iniquam
471 2507 584 2540 mittam,
605 2511 629 2533 et
643 2506 738 2541 populo
756 2515 812 2533 meo
825 2507 926 2534 edicam
943 2511 971 2533 ut

187 2554 269 2587 faciat
284 2553 378 2586 spolia,
393 2557 416 2579 et
438 2553 542 2586 pradas
565 2557 636 2586 agat,
654 2557 677 2578 et
697 2553 826 2579 conculcet
845 2553 929 2582 urbes.
946 2556 970 2579 et

188 2599 288 2634 redigat
304 2606 348 2625 eas
367 2606 394 2624 ιη
411 2598 549 2631 pulverem.
569 2597 628 2632 Ipse
644 2603 730 2624 autem
750 2606 802 2624 non
816 2598 853 2624 sic
870 2598 970 2632 cogita-

187 2644 232 2676 rit,
244 2649 267 2671 et
285 2644 374 2670 animo
394 2652 443 2670 non
457 2644 493 2670 sic
508 2644 634 2678 reputavit
648 2650 656 2669 .‘
673 2643 717 2671 sed
731 2643 839 2670 mutabit
854 2644 971 2670 animum

188 2697 275 2721 suum,
292 2692 320 2714 ut
340 2689 418 2714 etiam
438 2688 570 2721 disperdat
589 2694 676 2723 gentes
697 2697 747 2715 mm
766 2696 874 2722 paucas.
895 2688 972 2721 Quod

189 2736 211 2761 si
221 2735 335 2763 dixerint
349 2735 386 2761 ei:
402 2733 440 2761 Ttt
448 2734 518 2762 solus
530 2743 555 2761 es
566 2736 702 2770 princeps;
713 2740 736 2762 et
748 2736 833 2762 (licet:
846 2734 906 2762 Non
917 2734 972 2769 cepi

190 2782 319 2816 regionem
329 2789 386 2815 qua:
403 2786 439 2808 est
450 2788 529 2815 supra
546 2781 715 2816 Babylonem,
726 2786 751 2808 et
765 2780 915 2815 Chalancm,
929 2781 972 2808 ubi

227 2860 247 2875 "
266 2859 336 2891 Psal.
357 2865 393 2891 vt,
415 2860 438 2886 l.
477 2859 497 2875 ”
513 2858 582 2886 i‘sal.
601 2866 679 2890 Lxxv,
697 2858 722 2885 8.

1061 2366 1125 2394 Ἐπὶ
1148 2367 1264 2399 τούτοις
1288 2364 1384 2393 πᾶσιν
1402 2367 1457 2393 οὐκ
1477 2365 1655 2399 ἀπεστράφη
1671 2367 1688 2392 ὁ
1705 2366 1809 2400 θυμὸς,

1022 2413 1089 2440 ἀλλ’
1105 2412 1149 2439 ἔτι
1169 2413 1188 2446 ἡ
1207 2411 1270 2446 χεὶρ
1291 2411 1406 2445 ὑψηλή.
1421 2411 1494 2438 Οὐαὶ
1513 2410 1693 2444 Ἀσσυρίοις,
1717 2411 1737 2444 ἡ
1759 2410 1811 2444 ﬁd-

1023 2459 1092 2492 ϐδος
1117 2459 1169 2486 τοῦ
1192 2458 1286 2493 θυμοῦ
1307 2467 1377 2493 μου,
1395 2458 1444 2485 καὶ
1463 2458 1482 2490 ὴ
1506 2457 1577 2492 ὀργή
1591 2457 1678 2484 ἑστιν
1693 2458 1729 2484 ἐν
1750 2458 1812 2489 ταῖς

1022 2505 1127 2540 χερσὶν
1142 2504 1251 2532 αὐτῶν.
1271 2504 1329 2537 Τὴν
1349 2504 1442 2539 ὀργήν
1456 2513 1515 2538 μου
1533 2505 1575 2536 εἰς
1592 2504 1680 2536 ἔθνος
1699 2503 1812 2538 ἄνομον

1022 2550 1190 2583 ἀποστελῶ,
1205 2549 1305 2582 καὶτῷ
1315 2549 1374 2584 ἐμῷ
1392 2549 1455 2582 λαῷ
1468 2548 1609 2580 συντάξω
1620 2548 1675 2575 τοῦ
1687 2548 1812 2582 ποιῆσαι

1025 2597 1125 2623 σκύλα
1139 2595 1187 2623 καὶ
1204 2595 1369 2630 προνομὴν,
1379 2594 1426 2621 καὶ
1441 2593 1621 2621 καταπατεῖν
1632 2593 1686 2625 τὰς
1698 2595 1810 2624 πόλεις,

1026 2643 1076 2670 καί
1102 2642 1194 2670 θεῖναι
1215 2641 1309 2674 αὑτὰς
1331 2641 1371 2674 ὼς
1393 2641 1557 2674 κονιορτόν.
1580 2638 1677 2671 Αὐτὸς
1701 2638 1736 2665 δὲ
1758 2640 1811 2672 οὐχ

1025 2689 1118 2720 οὕτως
1132 2687 1308 2721 ἐνεθυμήθη,
1326 2686 1374 2714 καί
1393 2686 1429 2720 τῇ
1442 2684 1528 2720 ψυχῇ
1545 2686 1602 2718 οὐχ
1616 2684 1713 2717 οὕτως
1729 2684 1812 2710 λελό-

1026 2742 1135 2768 γισται·
1153 2732 1233 2760 ἀλλὰ
1257 2732 1426 2764 ἀπαλλάξει
1449 2734 1464 2758 ὁ
1487 2732 1560 2764 νοῦς
1576 2730 1680 2762 αὑτοῦ,
1697 2729 1747 2756 καὶ
1762 2729 1812 2756 τεῦ

1025 2779 1236 2813 ἐξολοθρεῦσαι
1255 2779 1326 2813 ἔθνη
1350 2780 1404 2806 οὐκ
1429 2778 1524 2812 ὀλίγα.
1544 2777 1597 2805 Καὶ
1619 2777 1674 2803 ἐὰν
1689 2777 1813 2803 εἴπωσιν
