1872 3055
57 165 101 194 281

624 168 656 196 ΙΝ
678 166 793 196 18AM.“
815 166 877 194 LIB.

902 167 921 194 Ι.
942 167 1047 195 οιιετ.
1071 166 1113 195 Vl.
1630 162 1683 191 282

59 221 139 254 αὐτῷ,
157 222 198 249 Σὺ
217 222 316 256 μόνος
336 220 365 249 εἶ
376 223 484 258 ἄρχων.
502 224 550 251 καὶ
566 224 644 258 ἐρεῖ·
664 226 724 252 Οὐκ
737 225 846 251 ἔλαϐον

934 225 977 251 'ris
988 224 1120 258 aediﬁcata
1140 230 1188 251 est.
1205 223 1266 256 Cepi
1281 222 1417 253 Arabiam,
1434 226 1457 248 ει
1474 220 1644 252 Damascum,
1658 226 1682 247 et

60 268 108 302 τὴν
127 267 231 302 χώραν
248 268 306 302 τὴν
319 268 420 295 ἐπάνω
441 270 620 303 Βαϐυλῶνος
642 271 692 297 καὶ
710 270 844 303 Χαλάνη,

60 314 89 343 οὗ
110 316 126 341 ὀ
148 315 268 349 πύργος
288 315 615 350 ῲκοδομήθη.Ἔλασον
635 317 772 350 Ἀραϐίαν
797 316 848 343 καὶ

61 360 222 394 Δαμασκὸν,
246 361 297 387 καὶ
321 361 504 395 Σαμαρείαν;
530 363 584 388 Ὃν
605 363 716 396 τρόπον
737 363 847 395 ταύτας

61 407 170 439 ἔλαϐον,
185 406 237 432 καὶ
253 406 356 439 πάσας
371 407 424 440 τὰς
438 408 533 442 χώρας
545 408 692 442 λήψομαι.

90 450 231 486 Πανταχοῦ
256 452 308 486 τῆς
332 452 435 484 οἰκείας
458 452 537 487 δόξης
558 453 757 488 πεφροντικότα
780 453 847 480 θεὸν

63 497 217 532 εὑρήσομεν.
233 497 416 524 Χαλεπαίνειν
434 499 483 533 μὲν
503 498 557 534 γὰρ
573 499 597 525 εἰ
617 498 648 533 δή
662 507 739 530 τινας
754 498 846 533 βλέποι

63 544 235 578 καταφρονεῖν
260 544 436 579 ᾑρημένους,
459 544 506 570 καὶ
529 544 594 579 παρ’
612 544 687 570 οὐδὲν
711 543 847 570 ποιεῖσθαι

65 588 255 620 σπουδάζοντας
267 589 299 616 τὸ
308 586 382 622 αὗτῷ
396 588 502 622 δοκοῦν,
517 589 605 616 πάντα
616 589 644 616 δὲ
656 589 750 624 ὥσπερ
762 588 847 616 σείον-

66 644 104 666 τας
119 635 210 666 κάλον,
223 635 267 666 εἷς
277 643 310 669 γε
323 635 353 662 τὸ
366 635 421 662 δεῖν
436 635 584 661 ἀπονεῦσαι
596 634 662 669 πρὸς
677 635 711 661 τὰ
723 634 846 661 ἐκτοπώ-

66 680 316 715 τατα.11εριτρέπει
341 680 369 707 δὲ
392 680 455 712 τοὺς
479 680 614 712 τοιούτους
640 680 779 715 μονονουχὶ
799 680 847 706 καὶ

66 726 242 762 ἀνασειράζων
269 726 413 758 εὐσθενῶς,
435 727 476 757 ei;
498 726 529 752 τὸ
548 727 590 753 ὅτι
618 726 735 761 μάλιστα
753 726 846 752 τελοῦν

67 773 99 804 εἰς
109 773 197 807 ὕνησιν
208 772 315 803 αὐτοῖς.
330 771 408 798 Οὕτω
419 771 473 807 γάρ
486 771 537 798 πού
549 780 614 807 φησι
625 773 671 799 καὶ
684 773 698 798 ὁ
713 772 847 807 μακάριος

67 819 152 845 516(5-
171 828 180 844 ι
193 819 238 845 Ἐν
258 818 362 854 χαλινῷ
381 819 429 845 καὶ
444 819 473 844 ἐν
496 817 577 853 κηρῷ
591 817 639 849 τὰς
656 818 782 852 σιαγόνας
797 818 846 844 αὺ-

68 865 114 890 τῶν
126 864 220 898 ἄγξαις
235 864 293 890 τῶν
317 864 355 900 μὴ
374 863 537 898 ἐγγιζόντων
559 864 627 900 πρὸς
648 864 689 890 σέ.
706 863 804 890 Πολλαὶ
818 864 846 891 αἱ

70 910 187 944 μάστιγες
201 909 250 936 τοῦ
269 909 443 945 ἁμαρτωλοί
459 919 468 935 ι
492 909 631 945 Ἐηφέρει
647 909 675 936 δὲ
686 911 742 942 τοῖς
756 910 847 946 πλημ-

71 954 166 990 μελοῦσι
177 954 227 991 τὴν
242 955 366 987 κόλασιν,
378 953 434 983 οἷόν
446 964 505 982 τινα
518 956 615 990 ῥάϐδον
628 956 667 987 εις
678 957 773 991 χεῖρας
786 957 847 983 ἐπι-

69 1000 142 1032 διδοὺς
165 1000 215 1035 τὴν
244 1000 322 1027 ἰδίαν⁹
337 1000 424 1035 ὀργὴν
447 1000 576 1036 ἀνδράσιν
599 999 649 1027 οὐκ
669 1000 793 1034 ἀγαθοῖς,
814 1000 847 1027 ἶν’

70 1046 134 1073 αὐτοὶ
146 1045 268 1079 γένοιντο
281 1046 411 1073 κολασταὶ
428 1046 483 1073 τῶν
499 1046 684 1082 ὴσεὸηκότων.
700 1046 847 1082 Συμεαίνει

70 1091 92 1117 δὲ
105 1091 162 1122 τοὺς
175 1090 217 1122 είς
236 1090 321 1118 τοῦτο
333 1091 572 1126 παρειλημμένους
587 1091 721 1127 φρονῆσαί
735 1101 761 1118 τι
775 1091 848 1127 μέγα

72 1137 128 1163 ιατὰ
139 1136 193 1162 τῶν
212 1136 436 1172 κεκολασμένων,
456 1137 554 1173 μᾶλλον
568 1137 597 1164 δὲ
612 1138 681 1164 κατὰ
695 1137 742 1164 τοῦ
762 1146 848 1173 παρα-

72 1182 147 1213 δόντος
168 1182 279 1214 αὐτούς.
297 1182 335 1209 οὐ
352 1183 408 1218 γὰρ
428 1182 564 1210 ἐννοοῦσιν
585 1183 625 1210 ὅτι
645 1183 847 1218 κεκρατήκασιν

73 1227 147 1254 αὐτῶν
169 1227 283 1262 ἐφέντος
308 1227 386 1260 Θεοῦ,
405 1228 452 1254 καὶ
467 1228 557 1264 ψῆφον
567 1229 716 1263 ἐπάγοντος
729 1228 779 1264 τὴν
799 1228 847 1255 τοῦ

74 1274 156 1309 χρῆναι
181 1273 281 1301 παθεῖν
303 1273 418 1305 αὐτούς’
444 1274 545 1300 οἴονται
569 1273 599 1300 δέ
620 1274 661 1301 ὅτι
683 1274 730 1301 καί
751 1273 848 1306 σώζειν

74 1319 195 1351 ἐθέλοντος
209 1321 410 1356 κεκρατήκασι.
428 1319 579 1355 Μεθίστησι
593 1320 682 1347 τοίνυν
696 1320 739 1347 ἐπ’
749 1319 848 1352 αὐτοὺς

75 1365 114 1400 τὴν
123 1365 212 1401 ὀργὴν,
224 1366 274 1392 καὶ¹
289 1365 393 1401 σφόδρα
406 1365 528 1397 εἰκότως.
538 1365 645 1401 Ἐπειδὴ
657 1365 685 1393 δὲ
696 1366 752 1397 τοῖς
763 1366 847 1401 ὑπερ-

77 1410 172 1445 ηφάνοις
179 1411 382 1444 ἀντιτάττεται,
389 1411 527 1438 κατασείει
537 1411 585 1444 μὲν
595 1411 683 1438 αὐτῶν
693 1411 742 1447 τὴν
750 1411 846 1447 ὀφρὺν,

78 1458 166 1488 ποιναῖς
177 1456 205 1483 δὲ
219 1456 361 1488 ὑποτιθεὶς
377 1458 438 1488 ταῖς
451 1457 542 1488 αὐτοῖς
561 1454 741 1493 πρεπούσαις.
754 1457 848 1492 πειρᾶ-

77 1512 112 1530 ut
128 1503 310 1539 πληροφορεῖν
330 1503 372 1530 ὅτι
393 1503 430 1539 μὴ
453 1504 503 1539 τῆς
530 1503 621 1539 ίσχύος
643 1503 753 1530 ἐκείνων
768 1503 848 1540 ἔργον

78 1547 112 1584 ἦν,
126 1549 189 1576 ἀλλὰ
203 1549 260 1576 τῶν
277 1549 346 1584 παρ’
354 1549 436 1576 αὐτοῦ
450 1549 591 1585 νευμάτων
603 1549 635 1576 τὸ
648 1550 783 1585 κρατῆσαι
794 1549 849 1577 τῶν
865 1566 886 1595 C

77 1595 283 1631 κεκολασμένων.
301 1595 422 1622 Πέπονθέ
439 1604 465 1623 τι
479 1595 598 1622 τοιοῦτον
609 1596 624 1622 ὀ
634 1596 688 1623 τῶν
704 1596 852 1632 Ἀσσυρίων

80 1641 197 1676 βασιλεὺς.
207 1641 320 1677 Ἐπειδὴ
330 1641 385 1677 γὰρ
404 1640 459 1668 εἷλε
477 1641 526 1677 τὴν
543 1641 682 1673 Ἰουδαίαν,
695 1641 741 1668 καὶ
754 1641 854 1677 πεπόρ-

79 1687 136 1721 θηκε
156 1687 203 1719 τὰς
224 1687 331 1719 πόλεις,
354 1687 424 1722 μέγα
445 1687 616 1722 πεφρόντικεν
638 1687 680 1722 ἐφ’
693 1687 791 1722 ἐαυτῷ,
806 1687 853 1713 καὶ

80 1733 106 1768 δὴ
119 1733 160 1760 καὶ
170 1733 235 1768 ᾤετο
249 1734 303 1768 τῆς
314 1733 395 1768 ἁγίας
413 1733 548 1769 κρατῆσαι
561 1732 624 1768 γῆς,
641 1733 688 1760 καὶ
702 1733 777 1768 παρὰ
794 1733 854 1768 βού-

80 1779 146 1813 λησιν
163 1778 228 1806 Θεοῦ
244 1779 293 1806 τοῦ
309 1779 509 1815 προεστηκότος
521 1779 616 1813 αὐτῆς,
633 1779 680 1806 καὶ
693 1778 789 1812 σώζειν
801 1779 854 1805 ὺπ-

83 1823 252 1858 ισχνουμένου.
267 1823 378 1859 Ταύτης
394 1823 475 1850 ἕνεκα
495 1824 545 1859 τῆς
562 1824 651 1856 αἰτίας
671 1824 764 1860 φησιν,
778 1824 855 1851 οὔπω

85 1868 125 1903 μὲν
139 1869 327 1905 ἀπεστράφθαι
346 1869 391 1896 τὸν
408 1869 503 1905 θυμὸν,
517 1870 748 1906 ἐπενεχθήσεσθαι
764 1871 792 1898 δὲ
808 1872 855 1898 καὶ

89 1914 224 1951 Ἀσσυρίοις
241 1915 282 1950 τὸ,
297 1915 370 1943 οὐαί.
388 1916 442 1943 Καὶ
456 1915 522 1942 ποία
533 1915 574 1947 τίς
585 1916 658 1943 ἐστιν
672 1916 688 1952 ἡ
701 1915 778 1943 τοῦδε
790 1916 856 1952 πρό-

85 1970 167 1996 φασιςς
186 1962 218 1989 Ἦ
236 1962 286 1998 μὲν
301 1962 356 1997 γὰρ
374 1962 480 1998 ῥάϐδος,
501 1962 578 1997 φησὶ,
601 1961 652 1997 τῆς
667 1962 739 1997 ἐμῆς
760 1962 856 1998 ὀργῆς,

85 2007 109 2034 ἐν
126 2009 180 2040 ταῖς
199 2007 289 2035 αὐτῶν
312 2008 414 2035 δέδοται
432 2008 542 2045 χερσὶν,
556 2008 621 2043 παρ’
637 2008 706 2043 ἐμοῦ
724 2008 854 2044 δηλονότι,

85 2053 143 2080 ὥστε
153 2054 312 2081 κατακαίειν
323 2055 352 2081 ἐν
361 2054 427 2090 αὐτῇ
436 2054 499 2085 τοὺς
510 2054 550 2085 εἰς
556 2053 606 2089 ἐμὲ
616 2053 855 2090 δεδυσσεϐηκότας.

91 2098 150 2133 Ἐγὼ
172 2099 306 2133 συνέταξα
326 2100 435 2132 αὐτοῖς,
462 2099 531 2126 ὥστε
557 2101 669 2136 ποιῆσαι
694 2100 790 2132 σκύλα,
811 2101 857 2127 καὶ

87 2144 210 2181 προνομὴν
226 2145 273 2172 τὸν
286 2145 354 2181 ἐμὸν
370 2145 443 2177 λαὸν,
456 2146 502 2172 καὶ
516 2147 683 2173 καταπατεῖν
694 2146 744 2178 τὰς
754 2146 854 2179 πόλεις,

87 2190 126 2216 καὶ
138 2190 216 2218 θεῖναι
235 2191 321 2223 αὑτὰς
343 2191 383 2223 είς
407 2191 554 2227 κονιορτόν.
569 2192 601 2218 Ei
616 2187 724 2228 μὴ’γὰρ
740 2192 789 2228 τὴν
803 2191 857 2218 σώ-

89 2234 172 2266 ζουσαν
192 2237 334 2272 ἀπέστησα
353 2239 444 2273 χεῖρα.
460 2238 506 2265 καὶ
525 2238 644 2273 γυμνοὺς
660 2238 787 2273 ἀπέφηνα
810 2238 859 2273 τῆς
876 2231 896 2258 D

88 2281 124 2307 ἀεὶ
143 2282 186 2308 καὶ
212 2283 344 2318 συνήθους
368 2283 476 2315 αὐτοῖς,
500 2283 547 2310 καὶ
568 2284 632 2319 παρ’
646 2282 713 2318 ἐμοῦ
737 2282 858 2318 δοθείσης

89 2327 241 2363 ἐπικουρίας,
253 2328 309 2355 οὐδ’
325 2328 359 2355 ἂν
380 2328 489 2364 ἥλωσαν
510 2337 586 2362 ποτε,
603 2329 743 2364 κρείττους
757 2329 801 2355 ἀεὶ
813 2337 858 2363 γε-

90 2371 183 2404 γονότες
195 2372 229 2399 δι’
243 2372 311 2408 ἐμοῦ
324 2373 379 2400 τῶν
393 2373 506 2408 ἐχθρῶν,
518 2373 603 2405 Αὐτός
620 2382 651 2408 γε
665 2373 718 2410 μὴν
733 2374 747 2400 ό
762 2374 858 2401 Ἀσσύ-

93 2426 139 2452 ριος
159 2419 203 2454 οὐχ
222 2419 309 2450 οὕτως
333 2419 498 2455 ἐνεθυμήθη.
515 2419 562 2447 καὶ
577 2421 610 2455 τῇ
626 2420 699 2455 ψυχῇ
717 2420 770 2461 οὐχ
788 2421 859 2448 οὕτω

91 2464 237 2498 λελόγισται,
255 2466 314 2493 ἀλλ’
327 2466 389 2492 ὅσον
400 2463 467 2502 ἧκεν
479 2466 519 2497 εἰς
532 2466 577 2493 τὸν
591 2465 673 2493 αὐτοῦ
685 2466 756 2495 νοῦν.
773 2466 861 2494 ἀπαλ-

93 2510 171 2544 λάξει·
185 2512 256 2539 τοῦτ’
267 2512 351 2544 ἔστιν,
367 2512 520 2548 ὀλοθρεύσει
535 2513 596 2548 ἔθνη
607 2513 657 2540 οὐκ
674 2513 760 2547 ὀλίγα.
771 2513 862 2541 Οἴεται

94 2557 138 2591 γὰρ
157 2558 194 2583 ὃτι
215 2560 274 2590 ταῖς
296 2557 378 2585 αὐτοῦ
401 2557 547 2593 δυνάμεσιν
563 2558 793 2594 ἀνταναστήσεται
814 2559 863 2594 μὲν

95 2601 177 2633 οὐδεὶς,
199 2603 327 2638 κρατήσει
346 2610 378 2636 γε
404 2603 512 2633 πάντως
535 2603 663 2638 ἀμογητὶ,
692 2604 738 2630 καὶ
763 2603 863 2635 παντὸς

96 2645 173 2678 ἔθνους
184 2647 257 2674 ἔσται
268 2647 410 2683 δεσπότης,
422 2648 613 2683 ἀντεξάγοντος
627 2648 742 2680 οὐδενός.
757 2649 863 2684 ’Δπλη-

99 2700 149 2719 στον
163 2693 189 2720 δέ
209 2693 292 2726 οὕτως
310 2694 398 2729 ἔχοντι
413 2693 462 2729 τὴν
484 2694 584 2730 ψυχὴν,
601 2695 648 2721 καὶ
665 2694 709 2721 ἀεὶ
728 2694 782 2722 τῶν
795 2694 863 2722 ὅλων

101 2740 193 2773 κρατεῖν
207 2740 332 2767 ἐθέλοντι.
351 2739 401 2766 κᾶν
413 2741 436 2766 εἰ
451 2740 555 2776 προσίοι
565 2749 604 2771 τις
616 2740 701 2774 λέγων
710 2748 716 2755 ’
732 2741 767 2767 Σὺ
784 2741 863 2776 μόνος

101 2781 120 2810 εἴ
129 2784 219 2819 ἅρχων,
232 2785 302 2812 τοῦτ’
317 2785 400 2817 ἔστιν,
413 2783 466 2818 ἆρα
477 2785 577 2821 δυνήσῃ
591 2784 669 2819 μόνος
681 2785 790 2820 ἁπάσης
802 2793 863 2812 κατι

132 2861 150 2875 ”
164 2862 228 2889 l‘sal.
243 2871 316 2894 xxxi,
334 2866 358 2895 υ,
384 2863 424 2888 lit.
464 2863 484 2878 ¹⁷
506 2861 557 2889 Ιυι,
576 2871 612 2893 ιγ,
634 2862 659 2887 6,

897 269 1067 297 Samariam:
1084 269 1301 303 quemadmodum
1323 268 1377 301 cepi
1399 267 1458 298 has,
1476 266 1556 293 etiam
1575 270 1683 292 cunctas

897 317 1012 350 regiones
1029 315 1143 350 capiam.

934 454 1038 489 Ubique
1057 453 1139 480 Deum
1159 459 1213 479 sine
1236 451 1327 486 gloria:
1342 458 1434 478 curam
1457 450 1583 477 habuisse
1605 449 1682 476 inve-

898 500 1014 527 niemus.
1034 497 1140 525 Etenim
1155 496 1263 531 indigne
1279 495 1331 522 fert
1343 496 1399 528 jam
1416 503 1477 522 ctun
1489 495 1561 522 videt
1578 494 1682 528 aliquos

898 544 995 579 placita
1007 550 1053 571 sua
1067 547 1249 573 contemnere,
1265 541 1344 576 172
1360 548 1392 568 ac
1408 548 1455 575 pro
1469 539 1553 567 nihilo
1571 540 1680 572 ducere,

897 595 925 617 et
938 596 1046 616 onmem
1064 587 1154 614 funem
1171 577 1280 614 movere
1297 591 1326 613 ut
1350 587 1382 613 ad
1396 593 1475 613 omne
1493 593 1578 620 genus
1594 585 1682 619 turpia

898 635 997 664 tudinis
1022 633 1173 661 deﬂectant.
1193 633 1274 659 Tales
1303 637 1393 658 autem
1424 631 1468 658 ille
1491 630 1635 662 convertit,
1656 635 1682 657 et

898 686 1000 708 tantum
1016 687 1070 707 non
1098 678 1181 706 trahit
1201 678 1306 705 fortiter
1331 678 1364 704 ad
1388 677 1413 704 id
1433 677 1503 712 quod
1533 677 1559 703 in
1586 683 1681 703 eorum

897 726 1068 755 commodum
1086 725 1202 752 maxime
1222 724 1302 751 cedit.
1326 723 1371 750 Sic
1388 723 1458 750 enim
1478 723 1564 757 inquit
1589 722 1683 750 beatus

898 772 998 799 David:
1012 781 1022 798 ι
1033 771 1062 799 In
1077 777 1155 798 canto
1168 775 1195 797 et
1210 769 1287 797 freno
1299 768 1422 795 maxillas
1438 775 1531 795 eorum
1550 767 1684 794 constrin-

898 825 955 853 με,
972 818 1017 852 qui
1040 824 1093 844 non
1124 815 1342 851 appropinquant
1370 814 1403 841 ad
1428 818 1463 841 te.
1477 813 1560 840 Multa
1581 813 1683 847 “ago-lla

899 863 1050 898 peecatoris
1066 863 1098 889 ".
1116 871 1126 888 ι
1144 861 1226 889 Infert
1247 866 1336 888 autem
1353 859 1512 894 supplicium
1529 859 1569 885 his
1581 860 1625 892 qui
1636 858 1684 884 de-

901 909 1034 943 linquunt,
1061 908 1169 935 tradens
1186 907 1253 934 iram
1272 913 1348 934 suam
1369 905 1450 932 veluti
1468 905 1570 939 virgam
1588 911 1684 938 quam-

902 955 962 981 dam
977 954 1004 981 in
1023 960 1119 981 manus
1138 951 1277 980 hominum
1293 959 1344 978 non
1358 951 1499 982 bonorum,
1516 954 1544 976 ut
1562 949 1617 976 sint.
1632 949 1685 976 im-

900 1000 1004 1034 piorum
1016 998 1201 1032 castigatores.
1220 996 1356 1030 Contingit
1371 1000 1458 1022 autem
1472 1002 1518 1022 cos
1526 994 1571 1029 qui
1587 993 1620 1020 ad
1634 993 1687 1022 hoc

900 1045 1031 1080 assumpti
1049 1049 1124 1076 sunt,
1139 1043 1194 1070 alto
1210 1043 1335 1076 elatoque
1350 1048 1410 1068 esse
1425 1040 1518 1073 animo
1531 1044 1627 1067 contra
1639 1045 1687 1066 eos

901 1092 927 1120 in
941 1099 1010 1127 quos
1028 1089 1260 1121 animadvertitur,
1273 1088 1327 1115 imo
1350 1093 1412 1114 vero
1432 1086 1458 1112 in
1484 1092 1545 1112 eum
1569 1084 1614 1119 qui
1641 1090 1688 1110 eos

901 1136 1020 1165 tradidit.
1029 1135 1089 1164 Non
1105 1134 1176 1162 enim
1189 1132 1360 1161 considerant
1377 1132 1415 1163 hi.
1430 1130 1603 1166 permittente
1620 1129 1686 1161 Deo,

900 1188 927 1211 et
955 1181 1117 1211 sententiam
1143 1180 1246 1207 ferente
1272 1183 1300 1205 ut
1328 1181 1484 1212 paterentur
1509 1175 1564 1208 illi,
1587 1182 1618 1203 se
1638 1181 1688 1202 eos

900 1228 1047 1264 subegisse.
1067 1228 1103 1255 At
1118 1233 1184 1253 vero
1202 1225 1245 1252 isti
1267 1224 1347 1252 etiam
1369 1223 1428 1256 ipso
1451 1228 1560 1249 servare
1582 1219 1688 1247 volente

900 1282 930 1303 se
945 1274 1041 1302 vicisse
1052 1271 1227 1300 existimant.
1243 1269 1353 1297 Derivat
1368 1274 1432 1303 ergo
1447 1267 1517 1294 hanc
1532 1266 1598 1293 iram
1613 1266 1639 1293 in
1654 1265 1688 1292 il-

900 1321 953 1353 los,
967 1324 995 1347 et.
1008 1319 1070 1354 jure
1086 1317 1195 1352 quidem
1211 1315 1323 1350 optimo.
1341 1314 1408 1340 Dum
1421 1319 1487 1340 vero
1503 1311 1626 1346 superbis
1642 1318 1686 1338 re-

901 1367 973 1395 sistit
991 1365 1023 1397 ".
1037 1370 1184 1399 eorumque
1195 1361 1347 1397 superbiam
1361 1359 1496 1394 deprimit,
1509 1362 1536 1385 et
1551 1364 1612 1385 cum
1629 1364 1688 1391 poe-

901 1420 952 1441 nas
966 1412 1069 1447 irrogat
1087 1410 1153 1446 ipsis
1169 1409 1273 1443 dignas,
1291 1406 1396 1442 plenam
1411 1404 1490 1432 iidem
1507 1407 1629 1431 astruere
1640 1409 1688 1429 co-

902 1462 1053 1490 natur,non
1067 1454 1233 1484 fortitudinis
1245 1460 1338 1481 eorum
1352 1459 1429 1486 opus,
1448 1449 1496 1477 sed
1511 1449 1596 1484 ipsius
1607 1452 1688 1475 nutus

902 1509 930 1533 et
943 1503 1088 1532 voluntatis
1110 1501 1204 1533 fuisse,
1222 1504 1252 1527 ut
1267 1506 1315 1526 eos
1332 1497 1441 1533 punitos
1462 1497 1632 1530 superarent.
1648 1493 1690 1520 Si.

902 1550 966 1578 mile
984 1549 1110 1584 quiddam
1133 1545 1232 1574 accidit.
1248 1545 1304 1580 regi
1329 1542 1512 1579 Assyriorum.
1538 1540 1687 1574 Postquam

904 1595 976 1623 enim
996 1594 1115 1628 cepisset
1136 1591 1268 1622 Jndteam,
1291 1588 1423 1623 urbesque
1443 1589 1586 1619 vastasset,
1605 1585 1688 1612 altum

905 1638 974 1674 apud
993 1645 1023 1666 se
1038 1636 1136 1672 sapuit,
1153 1640 1180 1663 et
1191 1642 1256 1663 sane
1269 1633 1374 1668 putavit
1386 1639 1415 1659 se
1433 1636 1531 1659 terram
1551 1633 1686 1659 sanctam,

905 1689 1003 1719 praeter
1033 1683 1199 1710 voluntatem
1226 1679 1272 1707 Dei
1288 1679 1313 1706 ei
1337 1677 1515 1713 praesidentis,
1531 1681 1556 1703 et
1579 1681 1690 1703 servare

905 1729 1097 1766 promittentis,
1124 1727 1309 1755 subacturum.
1339 1724 1414 1751 Ilanc
1438 1723 1472 1750 ob
1490 1729 1596 1749 causmn
1613 1719 1689 1750 dicit,

906 1765 1023 1806 nondum
1040 1776 1158 1803 furorem
1171 1780 1248 1800 suum
1271 1777 1406 1802 aversum,
1424 1767 1471 1796 sed
1490 1766 1554 1794 illud
1584 1773 1622 1792 va:
1647 1765 1690 1792 in-

906 1823 1055 1852 ducendum
1068 1819 1240 1856 Assyriis.Et
1256 1825 1315 1853 quae
1330 1816 1439 1844 tandem
1451 1814 1530 1848 huius
1543 1813 1580 1840 rei
1595 1811 1690 1856 causa?

909 1871 986 1906 Virga
1006 1869 1089 1900 enim,
1115 1855 1161 1899 ait,
1177 1866 1225 1892 irae
1241 1871 1316 1895 mete,
1334 1862 1360 1889 iu
1382 1867 1477 1888 manus
1490 1866 1584 1886 eorum
1606 1855 1690 1883 tradi-

907 1902 989 1949 tur,'a
1003 1922 1045 1942 me
1071 1912 1206 1945 videlicet,
1233 1914 1262 1937 ut
1291 1909 1335 1936 illa
1369 1907 1449 1934 feriat
1480 1912 1527 1933 eos
1541 1903 1585 1938 qui
1603 1902 1630 1929 in
1647 1909 1690 1928 me

907 1947 1071 1997 impietatem
1089 1958 1174 1987 moliti
1189 1961 1262 1985 sunt.
1282 1955 1337 1990 Ego
1354 1952 1476 1981 mandavi
1492 1950 1544 1978 illis
1564 1954 1593 1976 ut
1606 1947 1689 1983 spolia

909 2009 1019 2041 faciant,
1034 2011 1063 2034 et.
1078 2005 1175 2041 praeda:
1191 2003 1308 2031 habeant
1324 2000 1449 2036 populum
1472 2004 1573 2028 meum,
1586 1999 1612 2022 et
1630 2001 1690 2029 pro-

907 2039 1016 2082 culcent
1025 2039 1118 2084 urbes,
1128 2053 1156 2078 et
1169 2049 1195 2076 in
1210 2048 1348 2084 pulverem
1363 2051 1409 2072 eas
1426 2043 1560 2077 redigant.
1577 2040 1604 2067 Si
1618 2039 1690 2067 enim

908 2105 1016 2127 manum
1036 2083 1210 2125 servatricem
1240 2101 1292 2121 nou
1323 2089 1521 2120 subduxissem,
1540 2091 1568 2113 et
1591 2083 1706 2113 auxilio'

908 2152 1015 2180 semper
1028 2148 1056 2171 et
1072 2142 1151 2171 solito
1171 2146 1199 2169 et
1220 2148 1235 2167 a
1256 2147 1297 2166 me
1313 2137 1412 2165 tradito
1431 2143 1483 2163 non
1504 2133 1692 2164 denudassetn,

908 2191 980 2227 capti
994 2198 1046 2218 non
1064 2189 1179 2217 fuissent
1191 2191 1377 2222 unquam,per
1390 2190 1433 2210 me
1448 2181 1600 2216 superiores
1620 2185 1693 2205 sent-

912 2223 958 2272 μοι·
972 2236 1035 2264 facti
1052 2235 1186 2263 hostibus.
1202 2233 1335 2260 Caeterum
1359 2230 1416 2264 ipse
1432 2226 1560 2262 Assyrius
1576 2232 1636 2272 nou
1654 2223 1694 2250 sic

911 2269 1050 2318 cogitavit,
1064 2287 1151 2315 neque
1167 2279 1207 2307 sic
1231 2278 1322 2306 animo
1340 2273 1484 2310 reputavit,
1497 2272 1545 2300 sed
1568 2269 1638 2305 quod
1660 2270 1694 2296 ad

911 2329 969 2364 ejus
980 2327 1089 2362 quidem
1105 2325 1225 2354 animout
1240 2327 1356 2359 spectat,
1371 2320 1494 2351 mutabit,
1507 2318 1533 2346 id
1553 2322 1605 2350 est,
1616 2323 1694 2344 ever-

912 2378 950 2401 tet
969 2378 1060 2408 gentes
1078 2379 1131 2400 non
1153 2378 1262 2406 paucas.
1281 2369 1358 2396 Putat
1377 2367 1447 2395 enim
1468 2364 1594 2392 resistere
1615 2367 1695 2397 posse

913 2420 1047 2447 neminem
1062 2417 1119 2445 suis
1132 2414 1245 2448 viribus,
1261 2415 1306 2442 sed
1319 2414 1420 2448 absque
1434 2411 1526 2438 labore
1541 2416 1572 2436 se
1583 2411 1695 2436 cunctas

913 2466 980 2493 adeo
994 2469 1088 2501 gentes
1102 2462 1306 2491 debellaturum.
1322 2460 1433 2494 foreqne
1450 2455 1600 2487 dominum,
1619 2453 1692 2481 nullo

912 2518 942 2539 se
953 2499 1112 2545 opponente.
1133 2508 1170 2535 Ita
1183 2509 1246 2533 dum
1268 2504 1346 2552 17a
1362 2501 1550 2552 inexplebilem
1575 2499 1694 2552 animum

913 2544 1001 2588 habet,
1019 2561 1047 2582 et
1070 2562 1159 2582 rerum
1177 2560 1281 2580 summa
1298 2544 1378 2586 potiri
1391 2549 1459 2581 vult,
1475 2547 1497 2575 si
1514 2545 1625 2573 accedat
1645 2544 1696 2571 ³ιί-

911 2603 974 2638 quis
988 2601 1080 2630 dicens
1095 2601 1139 2629 ei:
1155 2600 1194 2627 Tu
1212 2599 1285 2627 solus
1299 2605 1328 2625 es
1347 2597 1483 2632 princeps,
1507 2593 1534 2621 id
1547 2597 1600 2625 est,
1615 2599 1649 2618 an
1669 2595 1696 2618 ιιι

913 2637 998 2684 possis
1018 2648 1093 2675 solus
1106 2646 1262 2681 imperitare
1274 2644 1332 2672 orbi
1348 2641 1504 2671 terrarum?
1518 2639 1558 2667 Ad
1573 2639 1640 2671 haec,
1656 2637 1698 2684 in:

916 2696 984 2729 quit,
999 2695 1141 2728 superbam
1158 2700 1249 2720 vocem
1267 2691 1403 2719 emittens.
1419 2688 1491 2716 (licet
1506 2695 1514 2713 :
1531 2685 1624 2713 Nonne
1637 2681 1694 2717 cepi

917 2741 1052 2774 regionem
1070 2747 1130 2774 quae
1153 2743 1196 2766 est
1217 2745 1297 2772 Supra
1316 2735 1488 2771 Babylonem.
1500 2737 1528 2760 et
1546 2730 1694 2760 Chalanen,

916 2786 959 2812 ubi
979 2786 1061 2813 turris
1076 2785 1207 2813 :editicata
1233 2784 1293 2811 est?
1308 2782 1372 2816 Cepi
1393 2779 1533 2812 Arabiam,
1550 2781 1576 2805 et
1597 2775 1696 2802 Dama-
