1872 3055
193 151 245 180 281

687 156 715 185 S.
736 155 873 184 CYRILLI
893 157 1126 186 ALEXANDRINI
1148 158 1308 187 ARCHIEP.

1769 163 1828 191 288

193 208 345 246 telligentia
359 211 450 239 tollam
478 213 597 247 gentium
622 214 763 246 terminos,
785 219 813 243 et
831 215 913 244 robur
927 223 963 244 ea

1054 217 1183 252 ιθίστησιν
1199 218 1311 254 ἐναργῆ,
1335 218 1381 245 καί
1399 227 1492 254 φησιν.
1518 217 1585 246 Εῐπε
1606 220 1670 255 γάρ·
1694 220 1734 255 Τῇ
1749 216 1825 255 ίσχύῖ

192 261 251 281 rum
273 255 466 291 depraedabor,
488 262 516 285 et
539 258 689 286 deturbabo
717 260 797 288 urbes
823 261 969 290 habitatas.

190 297 309 326 Observa
323 300 403 335 igitur
414 302 548 335 quomodo
562 303 640 336 quasi
657 304 758 332 auxilio
774 313 894 340 superno
917 314 971 334 non

189 351 281 378 egens,
296 346 352 372 suis
373 346 458 381 ipsius
470 347 572 375 viribus
588 347 654 376 solis
673 350 798 378 incensus
822 352 869 384 sit,
892 352 970 386 quasi

190 391 280 418 omnia
297 398 358 426 quae
375 391 450 425 velit,
472 397 563 426 posset
588 393 680 422 facere
697 404 704 422 :
731 403 815 431 seque
831 396 900 424 adeo
926 405 970 424 sa-

190 435 306 469 pientem
331 437 388 464 fore
404 441 430 465 et
455 439 493 465 rei
519 438 647 467 militaris
669 441 812 474 scientem,
833 447 861 469 ut
884 442 918 470 ad
942 450 972 471 se

190 482 320 508 terminos
346 483 465 517 gentium
492 484 643 512 transferre
669 485 807 518 facillime,
832 491 859 514 et
877 494 972 515 earum

188 526 334 558 potentiam
352 527 534 563 perfringere,
549 534 576 556 et
599 530 761 565 depraedari,
778 536 805 558 et
822 532 902 560 urbes
922 533 973 560 im-

188 570 270 597 belles
287 571 462 606 desertasque
475 579 566 607 posset
579 580 745 604 concutere:
765 577 873 607 etiamsi
895 585 972 605 carn-

188 615 277 649 plures
291 622 318 643 et
339 617 547 648 innumerabiles
569 621 672 650 incolas
694 623 820 651 habeant.
841 624 894 652 Sed
918 633 970 652 non

188 662 231 689 hic
243 663 320 690 bazsit
335 663 393 697 ejus
405 656 569 700 arrogantia.
585 666 673 696 Jactat
688 670 759 696 enim
775 677 804 697 se
815 671 970 698 universum

187 707 280 735 orbem
297 713 432 738 terrarum
450 718 679 747 expugnaturum,
696 715 776 750 idque
792 715 928 748 facillime,
943 719 972 743 et

187 758 310 788 prompte
322 759 349 782 et
374 756 440 784 citra
456 765 571 793 pugnam
589 766 618 786 se
640 760 774 788 iacturum
793 761 923 795 decernit,
938 769 971 789 ac

188 800 339 832 constituit,
349 806 477 835 quantum
489 805 580 832 animo
588 806 695 839 quidem
708 811 824 841 reputat.
839 806 971 842 Compre-

187 845 302 872 lrendam
316 846 397 883 176
404 849 474 876 enim
488 853 572 876 totum
581 851 673 878 orbein
687 857 774 885 terras,
785 853 855 879 velut
864 853 968 885 nidum,

1024 263 1139 297 ποιήσω,
1169 264 1216 290 καὶ
1237 265 1270 299 τῇ
1294 264 1378 300 σοφίᾳ
1399 264 1450 300 τῆς
1477 266 1610 297 συνέσεως
1637 265 1735 299 ἀφελῶ
1759 266 1822 300 ὅρια

998 342 1007 344 ἡ
1023 307 1118 340 ἐθνῶν,
1140 303 1187 334 καὶ
1201 308 1251 343 τὴν
1269 309 1349 344 ίσχὺν
1360 309 1450 336 αὐτῶν
1467 309 1656 345 προνομεύσω,
1671 310 1720 337 καὶ
1737 310 1823 336 σείσω

1023 355 1114 387 πόλεις
1135 354 1359 390 κατοικουμένας.
1382 355 1477 391 ’Δθρει
1496 355 1527 390 δὴ
1544 353 1591 382 οὖν
1606 356 1691 387 ὅπως,
1714 355 1754 387 ὡς
1769 355 1822 390 τῆς

1023 400 1127 428 ἀνωθεν
1143 399 1302 435 ἐπικουρίας
1317 400 1346 426 οὑ
1359 399 1529 436 δεδεημένος,
1546 401 1607 432 ταῖς
1617 401 1716 427 ἑαυτοῦ
1734 401 1820 427 δυνά-

1024 453 1103 480 μεσιν
1125 445 1240 472 ἀνάπτει
1255 445 1349 480 μόναις
1365 445 1395 471 τὸ
1412 446 1502 473 πάντα
1514 445 1643 473 δύνασθαι
1661 446 1740 482 δρᾷν,
1754 447 1821 472 ὅσα·

1022 499 1075 526 περ
1088 491 1120 518 ἂν
1133 490 1262 525 βούλοιτο”
1280 490 1365 518 οἴεται
1377 491 1406 518 δὲ
1417 491 1457 518 ὅτι
1469 492 1516 518 καὶ
1536 491 1616 525 σοφὸς
1627 491 1715 522 οὕτως
1729 491 1820 523 ἐστὶν,

1022 537 1070 563 καὶ
1081 536 1270 571 στρατηγικὸς,
1285 537 1323 568 ὼς
1340 536 1387 563 καὶ
1399 536 1471 572 μάλα
1486 536 1584 572 ῥᾳδίως
1601 537 1644 570 ἐφ’
1656 536 1754 563 ἐαυτὸν
1770 536 1819 562 δύ-

1022 582 1120 609 νασθαι
1138 582 1268 617 μεθιστᾷν
1288 582 1321 608 τὰ
1342 582 1404 617 ὅρια
1418 581 1473 608 τῶν
1501 581 1596 615 ἐθνῶν,
1612 581 1816 617 διαρῤηγνῦναί

1020 637 1051 655 τε
1071 628 1161 655 αὐτῶν
1175 627 1223 663 τὴν
1239 629 1326 662 ἰσχὺν,
1343 628 1391 655 καὶ
1409 628 1437 654 ὲν
1453 629 1574 663 προνομῇ
1597 627 1746 658 ποιεῖσθαι,
1769 627 1819 653 καὶ

1020 673 1176 700 κατασείειν
1197 673 1298 706 πόλεις,
1312 674 1361 700 οὐκ
1379 673 1525 709 ἀνάνδρους
1547 673 1593 700 καὶ
1612 674 1817 709 ἠρημωμένας,

1020 719 1077 746 ἀλλ’
1104 720 1128 746 εί
1159 719 1206 746 καὶ
1232 719 1375 750 πλείστους
1404 720 1502 753 ὅσους,
1533 719 1581 746 καὶ
1609 719 1819 755 ἀναριθμήτους

1021 765 1106 800 ἔχοιεν
1125 765 1187 797 τοὺς
1209 765 1404 796 κατοικοῦντας
1431 766 1460 791 ἐν
1480 765 1583 796 αὑταῖς.
1602 765 1657 792 Καὶ
1678 765 1709 791 οὐ
1733 765 1818 800 μέχρι

1019 811 1122 838 τούτων
1143 812 1177 838 τά
1193 811 1243 846 τῆς
1256 811 1412 843 ἀλαζονείας
1427 810 1512 846 αὐτῷ.
1528 811 1740 846 Περιαυτίζεται
1759 811 1818 846 γὰρ

1020 857 1067 883 καὶ
1083 857 1191 892 ἀπάσης
1212 857 1253 883 ὃτι
1272 855 1473 892 καταδράξηται
1494 856 1543 891 τῆς
1559 856 1604 882 ὑπ’
1616 855 1742 891 οὐρανὸν,
1766 857 1817 882 καὶ

185 894 213 917 et
226 889 298 917 velut
310 893 438 921 derelicta
451 902 501 922 ova
515 895 619 929 tollam,
634 901 661 925 et
679 905 731 925 non
747 903 790 925 est
802 898 848 933 qui
860 898 963 934 eﬂ'ugial

1054 911 1077 929 ιν
1087 889 1215 935 εὐκόλως,
1229 901 1345 936 ἑτοίμως
1361 889 1393 928 τε
1410 889 1457 928 καὶ
1473 889 1573 936 ἀμαχεὶ
1587 889 1752 928 διατέθειται
1768 902 1818 928 καὶ

185 935 227 963 vel
242 937 350 964 resistat
364 938 440 967 mihi.
458 939 481 968 0
498 941 631 976 insignem
648 943 813 978 superbiam,
830 951 847 971 ο
866 946 970 980 cogita-

186 981 273 1009 tiones
285 983 380 1012 stultas
397 985 404 1012 l
420 987 497 1020 quasi
515 987 594 1015 unius
615 989 762 1023 passerculi
787 989 868 1018 nidus
884 995 969 1024 esset,

186 1029 312 1058 universa
335 1030 393 1058 haec
416 1032 552 1066 machina,
576 1034 612 1060 ita
633 1041 693 1062 earn
711 1035 888 1063 considerat:
911 1036 970 1064 ovis

186 1074 289 1104 relictis
306 1077 340 1104 ab
355 1077 449 1105 altrice
460 1085 521 1111 ave,
536 1079 619 1106 totius
633 1084 714 1107 terrae
730 1081 835 1108 incolas
848 1081 967 1117 confert,

185 1124 216 1147 ut
230 1120 306 1155 quasi
322 1121 405 1150 draco
427 1123 537 1150 invadat
556 1129 584 1151 et
605 1124 762 1158 absorbeat,
779 1126 890 1160 oditque
905 1134 972 1154 con-

185 1165 360 1200 tradicentes,
383 1168 492 1199 nedum,
515 1172 544 1196 ut
569 1168 610 1196 sic
638 1170 737 1203 dicam,
763 1174 913 1206 exspectat,
939 1176 971 1200 ut

184 1209 287 1238 obsessi
308 1219 399 1240 secum
416 1213 442 1240 in
459 1213 623 1249 colloquium
639 1216 757 1243 veniant.
772 1215 836 1245 Haec
856 1218 889 1245 ad
908 1225 971 1254 per-

184 1263 278 1283 sonam
305 1257 389 1292 ipsius
419 1257 527 1287 Satana
552 1267 660 1295 quoque
687 1261 785 1289 referri
811 1263 900 1292 decet.
924 1264 970 1292 Est

183 1303 256 1330 enim
277 1304 321 1332 ille
335 1309 412 1339 pater
425 1307 578 1341 superbire:
594 1313 724 1343 putatque
741 1316 771 1336 se
788 1310 880 1338 orbem
895 1318 970 1338 com-

183 1349 390 1383 prehensurum,
408 1352 481 1380 nullo
495 1356 730 1382 contraveniente.
746 1355 782 1382 At
797 1362 840 1382 res
852 1363 905 1383 non
930 1356 970 1383 sic

183 1393 291 1422 demum
313 1397 379 1430 abit,
404 1398 458 1425 imo
480 1400 571 1428 evenit
587 1399 624 1427 illi
652 1400 685 1427 ad
709 1405 860 1428 extremum
881 1401 970 1429 exitus

185 1447 275 1468 rerum
292 1442 370 1477 longe
383 1445 544 1473 contrarius.
558 1445 664 1474 Etenim
677 1447 839 1475 contradixit
856 1455 905 1482 pro
916 1454 967 1475 no-

183 1485 226 1514 bis
242 1486 375 1521 Christus,
390 1497 440 1517 nec
453 1492 618 1518 contradixit
632 1492 730 1525 solum,
750 1493 797 1520 sed
809 1498 837 1520 et
851 1500 899 1527 pro
913 1494 966 1520 vita

1019 949 1113 983 φρονεῖ
1125 948 1196 975 κατά
1209 956 1241 982 γε
1255 947 1285 973 τὸ
1297 947 1337 978 είς
1353 945 1414 973 νοῦν
1425 944 1492 982 ἧκον
1508 946 1594 982 αὐτῷ,
1610 946 1817 981 Καταλήψομαι

1018 993 1083 1029 γὰρ,
1101 993 1178 1028 φησι,
1196 993 1246 1028 τὴν
1261 992 1423 1028 οἰκουμένην
1439 993 1502 1028 ὅλην
1517 992 1555 1024 ὠς
1571 992 1691 1024 νοσσιὰν,
1711 993 1760 1019 καὶ
1776 992 1817 1023 ὡς

1018 1039 1252 1074 καταλελειμμένα
1269 1038 1311 1064 ibi
1323 1037 1393 1074 ἀρῶ,
1413 1038 1459 1064 καὶ
1473 1038 1522 1064 οὐκ
1533 1037 1605 1064 ἐστιν
1624 1037 1653 1069 ὃς
1669 1037 1816 1072 amasse-

1018 1085 1063 1112 ταί
1081 1093 1126 1120 με,
1143 1084 1160 1120 ἢ
1175 1084 1290 1121 ἀντείπῃ
1306 1092 1361 1119 μοι.
1381 1084 1414 1110 ’Ὠ
1428 1083 1517 1118 δεινῆς
1540 1083 1702 1118 ὑπεροψίας,
1728 1083 1752 1110 ὦ
1773 1083 1818 1110 λο-

1018 1130 1126 1166 γισμῶν
1150 1129 1303 1157 ἀσυνέτωνί
1331 1129 1374 1161 Ὠς
1398 1129 1457 1161 ἐνὸς
1481 1128 1622 1165 στρουθίον
1645 1129 1744 1156 καλιὰν
1761 1129 1816 1164 τὴν

1019 1175 1167 1211 σύμπασαν
1192 1175 1296 1210 βλέπιι,
1317 1174 1381 1206 ὠοῖς
1404 1174 1662 1210 καταλελειμμένοις
1687 1174 1742 1201 ὑπὸ
1761 1175 1815 1209 τῆς

1019 1219 1173 1256 θαλπούσης
1195 1219 1301 1256 ὄρνιθος
1321 1219 1485 1256 παρεικάζει
1505 1220 1569 1251 τοὺς
1584 1219 1636 1247 ἀνὰ
1655 1220 1748 1246 πᾶσαν
1761 1219 1815 1254 τὴν

1018 1266 1080 1301 γῆν,
1095 1265 1128 1292 ἵν’
1139 1265 1176 1296 ὡς
1189 1265 1296 1301 δράκων
1311 1263 1432 1291 ἐπελθὼν
1458 1265 1589 1301 καταπίῃ.
1605 1265 1689 1292 Μισεῖ
1698 1264 1728 1291 δὲ
1742 1264 1811 1295 τοὺς

1018 1311 1220 1346 ἀντιλέγοντας,
1236 1312 1284 1338 καὶ
1304 1311 1358 1338 οὐδ’
1371 1311 1433 1338 ὅσον
1453 1311 1540 1338 εἰπεῖν
1560 1312 1598 1343 είς
1617 1311 1714 1345 λόγους
1734 1310 1814 1346 ἥξειν

1017 1358 1092 1393 αὐτῷ
1107 1357 1246 1394 προσδοκᾷ
1259 1358 1321 1389 τοὺς
1339 1357 1596 1394 πολιορκουμένους.
1606 1357 1692 1383 Ταυτή⁵
1706 1357 1812 1392 πρέποι

1017 1403 1052 1432 ἂν
1061 1403 1107 1430 καὶ
1116 1403 1156 1435 εἰς
1165 1403 1197 1430 τὸ
1222 1403 1306 1430 αὑτοῦ
1320 1403 1464 1439 πρόσωπον
1477 1402 1621 1439 ἀναφέρειν
1631 1402 1679 1429 τοῦ
1692 1403 1810 1429 Σατανᾶ.

1018 1450 1074 1476 Καὶ
1086 1449 1139 1484 γάρ
1150 1449 1225 1476 ἐστιν
1239 1449 1321 1481 αὐτὸς
1333 1450 1348 1476 ὁ
1363 1449 1412 1485 τῆς
1426 1449 1616 1484 ὑπερηφανίας
1629 1449 1732 1484 πατήρ.
1748 1448 1813 1484 '9'!)-

1018 1494 1053 1530 θη
1064 1494 1093 1521 δὲ
1106 1495 1148 1521 ὅτι
1162 1494 1349 1530 καταλήψεται
1370 1494 1421 1530 τὴν
1441 1493 1602 1530 οἰκουμένην
1616 1494 1812 1529 ἀντιπράττον-

188 1531 310 1559 omnium
337 1533 362 1560 in
386 1538 521 1562 certamen
537 1537 686 1570 descendit,
700 1543 728 1565 et
746 1538 881 1566 exitialem
894 1538 963 1566 illum

1054 1549 1063 1572 ;
1076 1539 1194 1572 οὐδενός.
1221 1540 1289 1567 Ἀλλ’
1301 1540 1350 1576 οὐχ
1368 1539 1439 1567 οὕτω
1451 1540 1542 1567 ποθέν
1554 1539 1688 1575 ἐκϐέϐηκε
1701 1540 1813 1575 δὲμᾶλη

184 1577 259 1610 vicit,
283 1579 449 1615 pedibusque
472 1587 627 1609 sanctorum
642 1583 808 1610 substravit:
826 1592 886 1611 nam
901 1584 963 1611 dixil

1054 1595 1068 1612 ν
1091 1585 1165 1621 αὺτῷ
1190 1586 1257 1620 πρὸς
1283 1587 1336 1613 πᾶν
1356 1586 1509 1614 τούναντίον
1528 1586 1581 1613 τῶν
1595 1586 1767 1622 πραγμάτων
1781 1586 1814 1611 τὸ

184 1622 247 1650 cis:
268 1631 278 1648 ι
298 1623 366 1652 Ecce
387 1625 446 1653 dedi
467 1627 543 1654 vobis
566 1628 721 1655 facultatem
743 1629 864 1657 calcandi
887 1638 963 1664 super

1058 1640 1117 1667 ρας.
1146 1632 1304 1667 Ἀντείρηκε
1325 1632 1379 1667 γὰρ
1394 1632 1464 1668 ὑπὲρ
1483 1632 1561 1667 ἡμῶν
1581 1632 1595 1657 ὁ
1618 1631 1747 1667 Χριστός·
1765 1632 1813 1657 καὶ

185 1674 325 1703 serpentes
347 1676 374 1698 et
389 1673 554 1708 scorpiones,
573 1679 600 1702 et
619 1681 699 1709 supra
723 1681 832 1703 omnem
850 1681 963 1710 potesta-

1054 1686 1070 1704 κ
1102 1677 1246 1713 ἀντείρηκε
1273 1678 1369 1713 μόνον,
1394 1678 1462 1705 ἀλλά
1489 1677 1731 1714 καὶύπερήθλησε
1762 1677 1814 1712 τῆς

187 1720 239 1741 tcm
252 1715 351 1743 inimici
367 1717 400 1744 ³⁸.
422 1727 438 1751 ι,

1054 1722 1145 1749 πάντων
1176 1721 1259 1759 ζωῆς,
1282 1723 1407 1759 νενίκηκε
1433 1724 1478 1750 τὸν
1507 1723 1663 1759 ἀλητήριον,
1685 1723 1734 1750 καὶ
1757 1724 1811 1753 10L,-

184 1760 240 1787 τῶν
269 1759 354 1796 ἁγίων
385 1764 542 1801 ὑπέστρωσε
569 1766 657 1794 ποσίν.
685 1768 756 1804 Ἔφη
787 1768 841 1804 γὰρ
863 1769 955 1801 αὐτοῖς
969 1777 975 1785 ’
998 1777 1008 1795 t
1037 1769 1102 1796 Ἰδοὺ
1119 1769 1222 1797 δέδωκα
1241 1770 1307 1805 ὑμῖν
1344 1769 1468 1802 ἐξουσίαν
1490 1771 1584 1797 πατεῖν
1604 1770 1697 1797 ἐπάνω
1722 1769 1811 1803 ὕφεων

185 1807 232 1833 καὶ
260 1808 406 1843 σκορπίων,
436 1811 482 1838 καὶ
513 1812 558 1839 ἐπὶ
589 1813 678 1840 πᾶσαν
704 1814 754 1850 τὴν
782 1815 895 1851 δύναμιν
922 1816 969 1843 τοῦ
989 1815 1097 1852 ἐχθροῦ,
1117 1825 1126 1842 ι

221 1851 302 1882 Vrsas.
321 1854 365 1888 15,
391 1856 433 1884 l6.
452 1856 524 1884 Num
544 1858 702 1893 gloriabitur
721 1861 819 1888 securis
844 1862 900 1889 sine
919 1861 964 1889 illo

184 1899 228 1933 qui
243 1903 310 1926 secet
327 1902 376 1929 ea?
390 1911 452 1929 nam
466 1904 601 1932 attolletttr
616 1914 688 1933 terra
705 1907 761 1934 sine
779 1916 809 1935 eo
826 1908 870 1942 qui
884 1909 965 1935 trahit

183 1946 261 1972 eam!
276 1945 407 1974 Similiter
423 1949 447 1975 ei
464 1950 522 1985 quis
546 1950 665 1979 [erraverit
685 1953 784 1988 virgam
801 1954 839 1981 uel
851 1954 966 1989 lignum,

185 1999 269 2018 nonne
288 1992 350 2020 sic?
363 1993 415 2020 Sed
436 1996 532 2023 emittet
559 1997 687 2025 Dominus
707 1997 824 2026 Sabaoth
843 2000 870 2028 in
893 2005 967 2027 tuum

183 2035 307 2063 honorent
326 2037 509 2073 ignominiam,
529 2046 552 2068 et
577 2042 603 2069 in
616 2047 697 2076 tuam
712 2043 824 2078 gloriam
840 2045 907 2080 ignis
923 2053 966 2072 ar-

183 2081 246 2108 deae
258 2082 419 2112 intendetur.

217 2127 316 2162 Aperte
328 2130 464 2166 redarguit
476 2131 617 2168 Assyrium
632 2139 659 2161 et
675 2137 776 2162 temere
789 2135 922 2168 inﬂatum,
938 2140 965 2164 et

183 2180 295 2208 prorsus
316 2174 438 2211 ignarum
450 2178 520 2212 quod
539 2186 591 2205 non
608 2187 703 2207 manus
719 2180 778 2215 ejus
795 2188 863 2216 opus
877 2180 963 2209 fuerit

183 2267 264 2294 urbes
278 2275 385 2303 capere,
397 2269 444 2297 sed
456 2270 543 2304 potius
559 2270 696 2299 decretum
711 2280 877 2307 supremum,
894 2275 966 2309 quod

183 2312 217 2339 iis
240 2314 286 2348 qui
315 2315 521 2343 intolerabiliter
542 2321 605 2344 sunt
626 2318 712 2352 impii,
746 2326 795 2347 ceu
822 2320 965 2354 bipennem

183 2360 338 2392 quamdam,
362 2361 403 2388 vel
430 2361 556 2398 virgam,
580 2363 621 2390 vel
645 2364 747 2397 lignum
771 2365 863 2393 infert.
889 2366 963 2395 Cedo

183 2405 254 2432 cnim
273 2406 350 2440 mihi,
374 2407 472 2442 inquit,
493 2416 509 2436 ο
531 2409 717 2438 amentissime
731 2411 875 2439 omnium!
901 2420 964 2440 num

184 2451 288 2478 securis
301 2451 460 2486 gloriabitur
476 2454 534 2481 sine
550 2454 597 2482 illo
610 2456 657 2490 qui
682 2462 754 2484 secet
770 2457 821 2484 ea?
836 2457 965 2492 Bipennis

183 2497 255 2522 enim
270 2496 293 2524 si
309 2497 408 2531 optime
423 2504 578 2530 exacuatur,
593 2503 766 2529 accommoda
785 2507 827 2530 est
841 2504 874 2530 ad
891 2503 964 2539 ligna

185 2541 241 2575 agri
254 2541 430 2570 detondenda.
450 2543 516 2571 Num
532 2544 614 2580 igitur
639 2546 756 2575 laudabit
775 2549 846 2583 quis,
864 2549 965 2585 inquit,

184 2586 311 2619 securim,
330 2588 405 2621 quasi
421 2588 471 2616 hoc
488 2595 617 2624 prmstare
635 2592 737 2628 absque
753 2593 891 2623 incidente
901 2602 965 2622 cum

184 2638 215 2656 ca
230 2631 336 2660 valeat?
361 2632 441 2661 Serra
466 2643 513 2670 per
542 2644 572 2664 se
596 2637 661 2673 quid
686 2638 794 2672 eliiciet,
823 2640 875 2668 nisi
904 2641 965 2676 quis

186 2675 298 2703 traxerit
319 2676 403 2710 illam,
426 2686 458 2707 ac
476 2687 583 2709 rursum
601 2683 751 2718 depulerit?
773 2685 802 2712 Si
826 2693 889 2714 vero
905 2675 966 2720 quis

184 2725 279 2748 contra
291 2723 469 2760 quodcunque
492 2734 538 2754 seu
556 2728 669 2764 virgam,
683 2737 729 2757 seu
744 2730 847 2766 lignum
863 2731 964 2765 elevet,

186 2772 275 2793 annon
289 2774 395 2796 rursum
413 2770 451 2798 sic
463 2772 536 2800 crit?
549 2772 654 2802 Jacebit
670 2775 740 2803 enim
752 2776 826 2811 virga
838 2777 865 2805 in
879 2782 962 2811 terra,

221 2845 242 2860 ""
258 2844 312 2874 Luc
339 2855 363 2880 ι,
379 2848 417 2875 l9.

1054 1863 1101 1896 Μὴ
1115 1861 1336 1896 δοξασθήσεται
1358 1863 1449 1898 ἀξίνη
1469 1863 1542 1891 ἄνευ
1567 1862 1619 1890 τοῦ
1643 1863 1809 1895 κόπτοντος

1015 1908 1050 1935 ἐν
1062 1907 1138 1943 αὐτῇ
1148 1917 1156 1940 ;
1169 1909 1202 1936 Ἡ
1211 1909 1403 1943 ὑψωθήσεται
1415 1909 1508 1944 πρίων
1519 1909 1592 1936 ἄνευ
1603 1908 1656 1935 τοῦ
1665 1908 1809 1941 ἕλκοντος

1015 1954 1125 1986 αὑτόν;
1146 1955 1295 1987 Ὡσαύτως
1302 1954 1356 1981 ἐὰν
1367 1963 1412 1987 τις
1421 1954 1478 1989 ᾂρη
1485 1953 1597 1988 ῥάϐδον
1606 1953 1625 1988 ἢ
1634 1954 1741 1986 ξύλον·
1756 1955 1809 1988 οὐχ

1015 2000 1124 2033 οὕτως,
1141 2001 1210 2028 ἀλλ’
1233 2001 1398 2028 ἀποστελεῖ
1417 2001 1524 2035 Κύριος
1542 2000 1664 2027 Σαϐαὼθ
1689 2001 1734 2033 είς
1755 2000 1810 2033 τὴν

1015 2046 1078 2080 σὴν
1096 2046 1184 2081 τιμὴν
1202 2047 1333 2081 ἀτιμίαν,
1353 2047 1402 2074 καί
1417 2048 1461 2080 είς
1476 2047 1534 2081 τὴν
1554 2047 1617 2081 σὴν
1633 2046 1730 2079 δόξαν
1752 2046 1810 2080 πῦρ

1018 2093 1176 2126 καιόμενον
1191 2093 1384 2126 καυθήσεται.

1014 2157 1017 2160 -
1053 2138 1190 2173 Διελέγχει
1206 2139 1298 2173 σαφῶς
1314 2139 1360 2166 τὸν
1376 2138 1528 2175 Ἀσσύριον,
1549 2139 1609 2174 εικῆ
1620 2147 1650 2165 τε
1664 2139 1810 2173 ἀναφυσώ-

1020 2191 1110 2219 μενον,
1126 2185 1173 2210 καὶ¹
1188 2184 1342 2220 ὴγνοηκότα
1356 2184 1506 2217 παντελῶς,
1521 2184 1558 2216 ὡς
1570 2184 1673 2220 ἥκιστα
1698 2185 1750 2224 μὲν
1762 2184 1808 2219 τῆς

130 2241 133 2245 .
183 2219 334 2249 Samariam
359 2223 483 2258 perdere,
509 2229 536 2252 et
561 2232 613 2252 una
642 2233 703 2253 cum
727 2227 842 2259 eaalias
858 2235 963 2264 quoque

1054 2229 1101 2257 τοῦ
1123 2231 1213 2266 χειρὸς
1232 2219 1313 2266 ἔργον
1334 2231 1430 2266 γέγονε
1453 2231 1483 2258 τδ
1496 2231 1626 2257 ἀπολέσαι
1650 2230 1701 2266 τὴν
1715 2222 1809 2266 ’Σαμα-

1019 2284 1104 2310 ρειαν,
1118 2276 1187 2302 ἑλεῖν
1196 2277 1225 2303 δὲ
1236 2277 1284 2303 σὺν
1297 2278 1366 2313 αὐτῇ
1380 2277 1426 2303 καὶ
1435 2276 1484 2308 τὰς
1495 2276 1590 2311 ἐτέρας
1604 2276 1706 2308 πόλεις,
1720 2276 1808 2311 ψήφου

1017 2321 1045 2347 δὲ
1065 2321 1165 2356 μᾶλλον
1180 2323 1229 2358 τῆς
1247 2323 1349 2350 ἀνωθεν
1367 2322 1549 2359 ἐπιφερούσης
1566 2321 1655 2348 αὐτῶν
1670 2323 1730 2353 τοῖς
1745 2323 1810 2356 ἁφό-

1019 2374 1090 2401 ρητα
1119 2367 1344 2402 δεδυσσεὸηκὸσι,
1376 2367 1503 2402 καθάπερ
1531 2367 1592 2394 τινὰ
1627 2367 1760 2400 πέλεκυν,
1793 2367 1808 2401 ἢ

1019 2411 1115 2446 ράσδον
1127 2412 1143 2447 ἤ
1160 2411 1246 2444 ξύλον.
1258 2413 1325 2440 Είπέ
1337 2413 1390 2448 γάρ
1401 2421 1457 2448 μοι,
1469 2412 1561 2448 φησὶν,
1572 2409 1595 2439 ὧ
1606 2413 1718 2439 πάντων
1733 2413 1809 2439 ἀνού-

1019 2465 1109 2490 στατε,
1134 2459 1171 2493 μὴ
1195 2458 1273 2493 ἀξίνη
1296 2458 1491 2494 δοξασθήσεται
1513 2459 1576 2484 ἄνευ
1596 2457 1644 2484 τοῦ
1661 2459 1808 2490 κόπτοντος

1019 2502 1048 2529 ἐν
1064 2501 1142 2537 αὐτῇ.
1156 2502 1274 2534 Πέλεκυς
1287 2503 1335 2537 μέν
1350 2502 1404 2537 γὰρ
1418 2503 1516 2539 ἀρίστα
1530 2502 1698 2538 τεθηγμένος
1713 2503 1762 2529 καὶ
1773 2511 1809 2528 το-

1021 2548 1069 2583 pb;
1084 2548 1242 2584 ἐπιτηδείως
1261 2548 1293 2574 ἂν
1306 2548 1361 2584 ἔχοι
1379 2549 1446 2583 πρὸς
1462 2548 1493 2574 τὸ
1508 2548 1668 2583 ἀποκείρειν
1680 2547 1808 2574 δύνασθαι

1019 2594 1052 2620 τὰ
1064 2595 1092 2620 ἐν
1105 2594 1199 2630 ἀγροῖς
1213 2594 1287 2626 ξύλα.
1299 2593 1362 2629 ’Λρ“
1378 2593 1424 2622 οὖν
1435 2594 1578 2622 ἐπαινέσαι
1588 2603 1630 2626 τις
1642 2594 1694 2630 τὴν
1704 2595 1806 2629 ἀξίνην.

1018 2640 1056 2671 ὡς
1078 2639 1157 2667 τοῦτο
1184 2641 1250 2676 δρᾷν
1276 2641 1435 2676 δυναμένην,
1462 2641 1522 2677 δίχα
1541 2641 1590 2668 τοῦ
1614 2640 1764 2671 κόπτοντος
1781 2642 1808 2667 ὲν

1019 2687 1087 2722 αὐτῇ
1101 2696 1107 2720 ;
1131 2688 1287 2722 Ἐνεργήσει
1303 2688 1331 2714 δὲ
1344 2688 1369 2714 τί
1383 2688 1443 2715 καθ’
1463 2688 1558 2715 ἑαυτὸν
1580 2688 1594 2714 ὁ
1610 2688 1711 2724 πρίων,
1729 2688 1754 2714 εί
1771 2687 1805 2723 μή

1017 2741 1060 2765 τις
1075 2733 1179 2760 ἐλκοιτό
1192 2741 1221 2760 τε
1238 2733 1329 2767 αὑτὸν,
1351 2734 1399 2761 καὶ
1420 2735 1587 2770 κατωθήσειε
1610 2734 1711 2767 πάλης
1726 2734 1757 2760 Εἰ
1780 2733 1806 2760 δὲ

1017 2779 1048 2814 δή
1068 2787 1108 2811 τις
1122 2779 1182 2806 καθ’
1195 2778 1282 2807 ὁτιοῦν
1302 2780 1318 2815 ἢ
1337 2780 1444 2815 ῥάϐδον,
1458 2780 1474 2815 ἢ
1493 2780 1580 2814 ξύλον·
1596 2778 1642 2816 ἄρ’
1655 2780 1706 2815 οὐχ
1722 2779 1804 2811 οὕτως
