1872 3055
44 155 84 183 εις,
595 147 629 174 lN
648 146 766 175 lSAlAM
787 147 828 176 LII

916 146 1021 176 ORAT.
1041 145 1088 175 Vi.

1603 139 1656 169 I90

43 215 106 240 Inst
126 209 224 244 πάλιν;
246 210 379 237 Κείσεται
405 209 453 245 μὲν
476 208 530 244 γὰρ
550 209 566 244 ὴ
584 209 681 244 ῥάϐδος
700 208 740 240 εις
760 209 821 244 γῆν,

919 207 1020 241 lignum
1040 203 1220 240 projiclelur:
1235 206 1262 230 at
1278 201 1300 230 si
1315 201 1376 236 quis
1394 199 1539 235 acceperit.
1557 203 1585 227 et
1608 206 1655 234 ap-

43 260 154 296 ιρῤιπιαι
178 257 207 284 δὲ
232 257 284 284 καὶ
297 258 327 284 τὸ
341 256 427 289 ξύλον,
442 256 498 282 ἀλλ’
513 255 540 282 εἰ
552 263 594 287 τις
609 254 699 282 λαϐὼν
725 254 822 288 ἐπάγοι

44 307 97 335 τισὶ,
111 305 168 330 τότε
181 304 214 339 δὴ
230 303 342 334 πάντως
354 303 394 334 εἰς
410 302 490 337 ἔργον
506 302 566 336 ἥξει
579 301 614 328 τὰ
628 301 662 328 δι’
677 300 776 327 αὐτῶν.
790 300 823 327 Τί

43 349 222 383 τοίνυν,φησὶ.
235 349 412 384 πεφρόντικας
432 347 538 383 ὑψηλά;
563 347 596 373 Τί
619 346 648 373 δὲ
672 347 721 381 τὴν
738 347 824 381 ὀφρὺν

46 395 168 429 ἀνασπᾷς;
189 393 250 420 Οτει
271 394 314 420 ὃτι
332 393 385 428 ἰδίᾳ
404 393 517 428 δυνάμει
538 393 721 428 κατώρθωκας
744 391 824 424 αὐτὸς

47 440 69 466 τὸ
83 439 146 465 ἑλεῖν
164 438 215 470 τὰς
233 438 339 470 πόλεις,
354 440 382 465 ὲν
397 438 511 473 οὐρανοῦ
536 437 611 469 τάξει
635 436 825 473 παραληφθεὶς

48 484 108 519 παρὰ
119 483 165 517 τῆς
179 483 276 510 ἐκεῖνα
289 483 418 518 ποιούσης
429 484 530 519 χειρὸς,
545 483 667 518 δηλονότι
680 483 728 518 τῆς
739 483 824 514 Gelae;

48 532 77 558 οὐ
91 530 121 565 σὴ
131 529 282 564 τοιγαροῦν
296 529 313 564 ἡ
321 527 395 561 δόξα·
407 528 476 556 Θεοῦ
489 529 518 556 δὲ
533 528 632 565 μᾶλλον
644 528 691 556 τοῦ
700 528 825 564 καθάπερ

49 575 98 602 τινὰ
110 574 235 606 πέλεκυν,
257 574 275 609 ἢ
295 573 402 609 ράὃδον,
418 573 435 608 ἢ
450 573 527 607 ξύλον
548 574 598 608 τὴν
613 573 662 609 σὴν
677 572 826 607 ιπάγοντος

48 621 160 656 ὠμότητα
168 621 226 650 τοῖς
238 619 316 654 αὐτῷ
326 619 584 655 προσκεκρουκόσιν.
599 620 668 655 Ἐσῃ
679 619 767 646 τοίνυν
777 619 826 654 οὐχ

50 666 117 698 οὕτω,
129 666 218 701 φησὶν,
235 665 276 697 ὡς
284 665 376 701 ᾠήθης
390 665 481 697 αὑτός.
495 665 565 692 Οὔτε
581 665 634 702 μὴν
647 667 677 692 ὲν
684 666 826 701 ταυτότητι

49 713 114 747 δόξης
124 712 273 746 διαμενείς,
292 711 350 738 ἀλλ’
365 711 425 738 oud}
437 712 497 743 ταῖς
514 711 601 743 οὕτως
616 712 714 747 άσραῖς
727 712 827 739 ὲνσπα-

51 758 159 792 ταλὴσεις
181 757 290 791 τιμαῖς.
307 757 344 782 Οὐ
363 757 395 792 τῇ
412 756 485 791 ἰσχύϊ
499 757 633 791 ποιήσεις,
653 756 713 783 οὐδὲ
734 757 767 792 τῇ
786 764 828 783 σο-

50 804 90 838 φίᾳ
104 803 148 837 τῆς
164 802 303 834 συνέσεως
319 802 428 837 ἀφελεῖς
441 803 503 837 ὅρια
517 801 613 830 ἐθνῶν.
629 803 666 829 Οὺ
682 802 826 838 καταλήψῃ

51 849 91 885 τὴν
101 848 259 883 οἰκουμένην
285 849 324 880 ὡς
345 849 386 875 ὠά
407 848 652 884 καταλελειμμένα.
675 848 744 875 Ἀλλ’
759 849 827 876 dm-

874 252 1023 287 plicaveril,
1043 255 1106 277 tunc
1121 250 1233 277 omnino
1249 256 1280 276 ea
1303 255 1363 284 quae
1387 254 1435 282 per
1454 246 1498 273 illa
1525 246 1603 277 (inut,
1626 246 1654 272 in

873 304 941 332 opus
962 296 1080 324 venient.
1102 295 1171 328 Quid
1192 302 1270 329 ergo,
1294 294 1390 329 inquit,
1413 292 1466 320 alta
1486 291 1577 326 sapis?
1594 291 1658 325 quid

873 343 1048 377 supercilium
1070 341 1166 368 tollis?
1184 340 1379 368 Exsistimasne
1399 343 1442 366 tua
1465 339 1492 365 vi
1511 339 1561 365 hoc
1579 336 1658 372 177

875 388 1044 424 perfunctum
1056 394 1118 415 esse
1133 392 1169 420 te,
1184 391 1213 414 ut
1225 393 1338 421 caperes
1349 385 1441 417 urbes,
1455 391 1516 412 cum
1531 388 1659 418 tanquam

874 435 1082 462 instrumentum
1110 439 1125 459 a
1146 440 1226 459 manu
1249 432 1376 459 nimirum
1397 430 1497 463 divina,
1519 437 1580 464 qua:
1604 429 1661 456 haec

875 481 941 508 iacit
963 480 1099 507 adhibitus
1121 478 1227 506 fueris?
1251 485 1304 505 non
1329 478 1411 512 igitur
1427 482 1473 504 tua
1493 475 1587 511 gloria,
1613 475 1660 502 sed

876 528 922 555 Dei
948 526 1048 562 potius,
1070 525 1132 560 quia
1160 529 1205 551 tua
1235 523 1396 551 crudelitate
1419 527 1547 556 tanquam
1570 523 1660 549 securi

875 570 999 604 quapiam
1032 575 1079 596 seu
1106 568 1194 603 virga,
1217 575 1265 595 seu
1294 567 1375 602 ligno,
1400 566 1529 593 adversus
1552 572 1599 593 eos
1613 565 1660 600 qui

877 616 963 651 ipsum
976 614 1146 642 oﬁenderant
1163 621 1229 642 usus
1241 617 1292 640 est.
1309 612 1366 639 Non
1380 613 1462 647 igitur
1478 611 1543 644 eris,
1563 611 1612 644 ait,
1624 611 1660 638 ita

876 662 914 688 uti
932 661 990 696 ipse
1002 660 1125 695 cogitas:
1139 667 1191 687 nec
1207 659 1331 686 eumdem
1346 658 1439 693 gloriae
1455 662 1575 684 tenorem
1592 657 1662 684 reti-

876 706 962 738 nebis,
973 705 1020 733 sed
1035 712 1125 740 neque
1139 710 1194 732 tam
1216 703 1340 731 delicatis
1360 702 1510 730 honoribus
1525 702 1660 735 lascivies,

877 759 927 779 nec
941 751 968 778 in
984 751 1144 778 fortitudine
1161 750 1315 782 l‘acies,nec
1328 749 1461 784 sapientia
1475 748 1662 783 intelligentia:

876 796 953 824 tolles
972 796 1089 832 gentium
1106 795 1247 828 terminos,
1271 802 1322 822 non
1348 794 1440 829 capies
1457 794 1551 822 orbem
1574 798 1663 821 terra.

876 850 936 871 rum
950 847 980 870 ut
992 850 1043 870 ova
1061 842 1167 875 relicta,
1191 841 1237 869 sed
1253 841 1340 868 mittet
1359 840 1488 868 Dominus
1505 840 1622 868 Sabaoth
1634 840 1661 867 in

53 895 126 921 στελιῖ
142 893 242 929 Κύριος
263 893 380 920 Σαϐαὼθ
406 894 446 925 είς
466 893 515 928 τὴν
536 893 586 928 σὴν
606 892 688 928 τιμὴν
701 893 825 928 ἀτιμίαν,

917 896 952 915 tm
968 888 1061 920 decus.
1077 888 1204 920 dedecus,
1216 891 1244 914 et
1257 887 1284 914 in
1304 886 1418 921 gloriam
1432 890 1506 913 tuam
1531 885 1602 921 ignis
1619 893 1662 913 ar-

54 940 91 966 καὶ
107 939 144 970 εις
164 937 213 974 τὴν
235 937 288 973 σὴν
309 938 387 971 δόξαν
408 937 464 973 πῦρ
485 937 630 972 καιόμενον
650 937 824 973 καυθήσεται.

54 983 126 1018 Τιμὴν
138 983 165 1009 δὲ
179 982 264 1009 αὑτοῦ
287 990 364 1017 φησι,
379 981 430 1018 τὴν
449 981 495 1008 ὑπ’
509 981 584 1017 αὺτῷ
606 981 776 1016 πράττουσαν
797 990 826 1008 τε

54 1030 91 1056 καὶ
101 1028 282 1064 ὑποκειμένην
301 1028 440 1063 στρατιάν.
457 1027 593 1063 Ἐπ“αὺτῇ
605 1028 658 1063 γὰρ
675 1027 826 1059 δεδόξαστο.

56 1074 102 1109 Πῦρ
112 1072 154 1100 οὖν
168 1073 228 1108 ἡξει
245 1073 310 1100 κατ’
329 1073 425 1108 αὐτῆς,
445 1071 522 1107 φησι,
536 1072 583 1098 καὶ
602 1072 764 1106 καταφλέξει
777 1073 828 1107 τὴν

56 1119 94 1155 σὴν
103 1120 188 1155 τιμήν.
208 1119 278 1146 Τίνα
295 1119 324 1146 δὲ
338 1119 437 1155 τρόπον
453 1117 590 1145 καὶτοῦτο
600 1119 705 1154 γέγονε.
719 1119 828 1155 διατρα-

56 1168 88 1192 vol
101 1166 183 1198 πάλιν,
201 1167 249 1193 καὶ
263 1166 316 1192 οὐκ
331 1167 371 1197 εἰς
384 1166 502 1202 μακράν.

82 1213 129 1239 Kal
150 1212 234 1239 ἔσται
261 1213 297 1239 τὸ
324 1211 386 1246 φῶς
407 1211 447 1245 τῷ
467 1213 586 1248 Ἰσραὴλ
610 1215 653 1246 εὶς
679 1212 749 1246 πῦρ,
779 1212 829 1239 καί

57 1258 155 1292 ἁγιάσει
170 1258 266 1285 αὑτὸν
285 1258 321 1284 ἐν
335 1258 405 1292 πιφὶ
421 1259 576 1294 καιομένῳ,
592 1259 641 1285 καὶ
654 1259 776 1292 φάγεται
789 1258 829 1290 ὠς

57 1305 146 1338 χόρτον
156 1303 212 1338 τὴν
222 1304 316 1338 ὕλην.
333 1303 371 1338 Τῇ
382 1304 477 1339 ἡμέρᾳ
489 1305 590 1338 ἐκείνῃ
604 1303 829 1336 ἀποσϐεσθήσε-

57 1358 94 1376 ται
113 1350 145 1376 τὰ
164 1349 227 1384 ὄρη,
255 1350 308 1376 καὶ
331 1351 358 1377 οἱ
378 1350 498 1383 βουνοὶ,
526 1351 575 1377 atal
599 1351 626 1377 οὶ
637 1350 752 1384 δρυμοί.
772 1349 829 1376 Καὶ

58 1395 236 1430 strength-stat
253 1395 315 1423 ἀπὸ
331 1395 435 1431 ψυχῆς
448 1396 504 1430 ἕως
521 1395 652 1430 σαρκῶν.
669 1395 725 1423 Kal
742 1396 828 1422 ἔσται

59 1442 186 1477 desum
202 1442 243 1476 ὼς
256 1442 378 1477 φεύγων
396 1442 455 1470 ἀπὸ
470 1442 582 1477 φλογὸς
596 1441 764 1476 καιομένης·
778 1441 828 1469 και

59 1487 79 1512 οι
99 1486 341 1521 καταλειφθέντες
358 1487 415 1513 ἀπ’
435 1485 534 1513 αὐτῶν·
551 1486 674 1514 ἔσονται
694 1486 827 1521 ἀριθμὸς,

60 1523 99 1559 ad
107 1531 216 1559 παιδίον
225 1532 336 1567 γράψει
348 1532 468 1565 αὐτούς.

878 934 946 962 dens
962 934 1136 962 accendetur.
1153 933 1240 961 Decus
1252 937 1340 959 autem
1351 931 1409 966 ejus
1422 931 1488 959 dicit
1499 932 1660 964 exercitum,

879 981 924 1016 qui
952 980 1002 1007 sub
1027 980 1086 1014 ipso
1112 979 1245 1007 merebat.
1271 978 1335 1005 Inde
1357 978 1428 1005 enim
1452 977 1584 1012 gloriatus
1609 983 1660 1005 est.

880 1027 950 1062 Ignis
970 1033 1046 1061 ergo.
1069 1025 1166 1060 inquit,
1193 1024 1302 1052 invadet
1321 1023 1408 1055 illum,
1434 1027 1564 1057 tuumque
1581 1023 1663 1050 decus

879 1073 1013 1100 amburet.
1043 1071 1274 1106 Quemadmodum
1304 1070 1386 1105 igitur
1415 1069 1467 1096 hoc
1491 1069 1593 1096 factum
1617 1068 1663 1101 sit.

880 1127 974 1146 rursus
985 1119 1125 1154 explanat,
1144 1124 1194 1145 nec
1208 1116 1235 1144 id
1248 1116 1362 1151 prolixe.

916 1205 998 1233 Vsus.
1018 1205 1111 1233 17-19.
1129 1204 1164 1232 Et
1190 1205 1239 1232 erit
1264 1205 1311 1232 tua:
1338 1204 1448 1233 lsraelis
1471 1214 1518 1240 pro
1541 1206 1612 1240 igne,
1638 1211 1664 1233 et

879 1251 1053 1287 sancti/icabit
1087 1260 1146 1279 eum
1168 1252 1228 1286 igne
1249 1252 1364 1284 ardenti,
1381 1258 1404 1278 et
1420 1252 1476 1278 edet
1489 1252 1555 1278 sicut
1576 1252 1665 1285 fenum

879 1299 981 1326 siluam.
1006 1298 1053 1325 Die
1070 1298 1117 1325 illa
1138 1296 1336 1333 exstingueutur
1357 1303 1468 1331 montes,
1489 1303 1513 1324 et
1537 1299 1627 1330 colles,
1641 1303 1664 1324 et

879 1345 975 1377 saltus,
997 1349 1020 1371 et
1044 1344 1175 1371 devarubit
1197 1344 1228 1370 ab
1243 1345 1333 1370 anima
1352 1352 1433 1379 usque
1447 1353 1548 1371 carnes.
1565 1343 1600 1370 Et
1615 1345 1664 1371 erit

881 1390 984 1425 fugiens
999 1389 1068 1417 velut
1084 1389 1188 1424 fugiens
1208 1399 1224 1416 a
1239 1391 1347 1424 ﬂamma
1371 1391 1491 1417 ardente.
1521 1390 1555 1417 Et
1572 1399 1665 1424 super-

879 1437 954 1465 stites
966 1444 999 1464 ex
1010 1436 1066 1464 illis
1082 1441 1157 1463 erunt
1175 1444 1309 1468 numerus,
1330 1441 1354 1464 et
1367 1437 1490 1470 parvulus
1503 1437 1596 1464 scribet
1609 1445 1662 1464 eos.

85 1561 356 1614 Δυσέφικτον-σφόδρα
368 1579 399 1605 τὸ
410 1561 564 1614 είρημένον,
577 1578 625 1605 καὶ
634 1579 651 1614 ἡ
667 1578 717 1614 τῆς
729 1578 827 1612 λέξεως

916 1578 998 1606 Valde
1026 1578 1172 1606 obscurum
1193 1584 1235 1606 est
1259 1577 1331 1613 quod
1353 1577 1471 1611 dicitur,
1497 1583 1524 1605 et
1536 1577 1668 1605 orationis

60 1623 160 1659 συνθήκη
181 1624 230 1660 τὴν
252 1624 383 1651 ἀπόδοσιν
405 1624 461 1659 ἔχει
482 1624 708 1661 δυσχερεστάτην.
735 1625 827 1660 Σαφη-

59 1668 183 1704 νιοῦμενδὲ
196 1670 340 1702 πάλιν,τὸν
354 1669 383 1697 ἔν
393 1678 425 1705 γε
439 1671 496 1702 τοῖς
506 1669 696 1705 προκειμένοις
708 1670 827 1706 κρυπτό-

61 1721 125 1749 μενον
145 1714 214 1748 νοῦν,
230 1715 324 1742 ἐκεῖνα
339 1715 544 1751 προειρηκότες·
560 1712 623 1742 Elis
639 1715 688 1751 μὲν
708 1716 762 1751 γὰρ
778 1715 828 1751 τὴν

60 1759 193 1795 ὺμάρειαν
211 1762 226 1788 6
246 1760 449 1796 Σαλαμανασὰρ
467 1761 481 1787 6
497 1760 552 1788 τῶν
576 1760 726 1796 Ἀσσυρίων
751 1760 827 1796 βασι-

60 1804 119 1838 λεὺς,
131 1806 269 1833 ἀπέστειλε
286 1806 315 1833 δὲ
331 1806 469 1842 Ῥαψάκην
480 1806 512 1833 ὲκ
525 1807 624 1842 Λαχεῖς
635 1807 676 1838 είς
692 1806 828 1841 Ἰερουσα-

62 1849 113 1885 λὴμ,
124 1850 150 1882 ὃς
162 1851 252 1883 ἐλθὼν,
270 1851 317 1877 καὶ
330 1850 513 1886 πολιορκήσας
527 1851 612 1886 αὐτὴν
626 1850 828 1886 προσλελάληκε

62 1897 105 1926 τοῖς
123 1896 147 1922 ὲν
164 1896 201 1931 τῷ
219 1896 306 1931 τείχει
324 1895 359 1922 τὰ
380 1895 456 1929 παρὰ
470 1895 517 1921 τοῦ
539 1896 714 1931 πεπομφότος
734 1895 827 1926 αὐτὸν,

63 1941 192 1976 προσετίθει
206 1941 234 1968 δὲ
247 1941 354 1974 τούτοις
366 1941 415 1973 τὰς
430 1941 500 1968 κατὰ
521 1940 567 1968 τοῦ
585 1940 652 1967 Θεοῦ
670 1941 828 1976 δυσφημίας

62 1987 142 2021 λέγων,
165 1991 205 2018 ὅτι
220 1989 259 2015 Οὐ
279 1988 318 2024 μὴ
336 1988 445 2024 ῥύσεται
460 1988 475 2014 6
490 1987 556 2019 Θεὸς
578 1987 627 2023 τὴν
651 1987 830 2023 Ἰερουσαλὴμ

64 2034 88 2059 ἐκ
98 2034 177 2069 χειρὸς
190 2035 323 2070 βασιλέως
335 2034 494 2070 ’Δσσνρίων,
507 2034 579 2070 Πρὸς
593 2033 625 2069 δὴ
639 2033 673 2060 τὰ
685 2033 774 2060 τοιάδε
786 2033 829 2059 δε-

63 2079 219 2115 δυσφορηκὼς
241 2081 255 2107 ό
280 2080 406 2116 βασιλεὺς
435 2080 561 2112 Ἐζεκίας
590 2079 640 2112 τὰς
672 2079 740 2115 πρὸς
763 2078 829 2105 Θεὸν

66 2125 162 2152 ἐποιεῖτο
173 2126 247 2158 λιτὰς
257 2126 356 2161 λέγων·
370 2126 547 2157 Είσάκουσον,
561 2124 658 2160 Κύριε,
677 2124 828 2159 εῐσὸλεψον,

66 2171 143 2206 Κύριε,
155 2173 198 2199 καὶ
210 2173 248 2200 ῐδε
260 2173 322 2204 τοὺς
330 2172 425 2207 λόγους
440 2172 589 2207 Ῥαψάκου,
601 2171 647 2204 οὓς
656 2170 829 2204 ἐξαπέστειλε

880 1629 1016 1653 structura
1052 1631 1161 1652 sensum
1197 1623 1275 1651 ali'ert
1302 1624 1438 1651 intellectu
1469 1623 1665 1651 difﬁcillimum.

880 1669 1081 1705 Expiicabimus
1105 1674 1194 1698 autent
1223 1677 1316 1697 rursus
1338 1677 1447 1696 sensum
1469 1669 1495 1696 in
1521 1669 1563 1696 his
1576 1669 1667 1697 verbis

881 1715 1021 1749 latentem,
1043 1715 1108 1742 illud
1133 1715 1261 1750 pralati:
1284 1715 1362 1750 Cepit
1385 1715 1512 1742 nimirum
1527 1715 1669 1742 Salmana-

880 1769 959 1790 sarus
981 1769 1027 1789 rex
1054 1761 1228 1796 Assyriorum
1241 1761 1403 1794 Samariam,
1419 1761 1570 1796 legavitque
1584 1768 1599 1788 e
1613 1760 1668 1787 La-

880 1808 945 1835 ches
974 1807 1122 1842 Rapsacem
1149 1806 1322 1835 Jerusalem:
1347 1809 1394 1841 qui
1416 1814 1477 1834 cum
1501 1806 1667 1840 advenisset,

880 1861 994 1888 eamque
1016 1854 1157 1881 obsidione
1180 1853 1322 1886 cinxisset,
1340 1860 1388 1881 eos
1403 1852 1538 1887 quierant
1553 1852 1580 1879 in
1598 1858 1668 1879 inua-

882 1899 962 1926 nibus
981 1898 1080 1926 atratus
1091 1903 1147 1930 est,
1163 1906 1223 1933 quae
1241 1899 1275 1926 ab
1292 1904 1324 1925 eo
1339 1897 1488 1932 qui-ipsum
1504 1897 1577 1924 misit
1589 1904 1668 1924 acce-

881 1950 969 1980 perat.
989 1945 1094 1978 Quibus
1108 1944 1232 1979 adjunxit
1247 1944 1430 1978 blasphemias
1453 1948 1482 1971 et
1492 1943 1619 1971 convicia
1640 1943 1667 1970 in

882 1990 987 2018 Deum:
1013 1989 1071 2017 Non
1103 1989 1246 2022 liberabit,
1274 1989 1371 2024 inquit,
1397 1989 1466 2016 Deus
1487 1987 1635 2016 Jerusalem
1651 1997 1668 2016 e

882 2044 962 2063 manu
985 2037 1057 2072 regis
1076 2036 1260 2072 Assyriorum.
1285 2035 1350 2068 Quae
1365 2035 1459 2070 iniquo
1473 2034 1562 2062 ferens
1577 2035 1668 2062 animo

882 2080 1012 2108 Ezechias
1036 2089 1082 2109 rex
1099 2100 1107 2114 ,
1135 2081 1204 2109 l‘usis
1228 2081 1261 2108 ad
1290 2082 1372 2108 Deum
1396 2080 1534 2116 precibus,
1556 2080 1666 2116 inquit:

883 2127 997 2161 Exaudi,
1012 2127 1133 2160 Domine,
1153 2127 1256 2162 aspice,
1288 2127 1411 2159 Domine,
1435 2131 1463 2154 et
1486 2127 1668 2162 contemplare

882 2173 965 2200 verba
992 2171 1142 2207 Rapsacis,
1172 2179 1233 2207 quae
1257 2172 1349 2199 emisit
1376 2180 1421 2199 rex
1437 2172 1623 2208 Assyriorum,
1640 2177 1669 2199 ut

67 2215 171 2250 βασιλεὺς
188 2219 348 2255 Ἀσσυρίων,
365 2217 504 2250 ὀνειδίζειν
523 2217 589 2244 Θεὸν
605 2217 704 2250 ζῶντα.
727 2217 828 2252 Ἑπηγ-

918 2219 992 2246 obris
1020 2217 1103 2245 Deum
1130 2218 1264 2245 viventem
1290 2218 1479 2245 insectaretur.
1505 2218 1668 2253 Repromisit

67 2262 156 2295 γέλλετο
164 2264 190 2291 δὲ
202 2265 267 2297 Θεὸς
285 2264 335 2300 τὴν
349 2264 485 2300 σωτηρίαν
500 2264 601 2295 αὐτοῖς.
616 2264 671 2290 Καὶ
680 2263 711 2298 δὴ
727 2263 774 2290 καὶ
784 2263 829 2296 ἐξ·

67 2307 131 2340 ἦλθεν
144 2309 252 2343 ἄγγελος
263 2309 378 2344 Κυρίου,
394 2309 442 2335 καὶ
463 2308 567 2336 ἀνεῖλεν
586 2309 614 2335 ἐν
631 2309 680 2344 μιᾷ,
698 2307 776 2335 νυκτὶ
798 2310 830 2335 ὲκ

67 2351 106 2386 τῆς
123 2354 290 2390 παρεμὸὁλῆς
305 2355 360 2381 τῶν
380 2354 529 2389 ’Δσσυρίων
549 2353 646 2380 ἑκατὸν
666 2353 830 2388 ὀγδοήκοντα

69 2398 132 2425 πέντε
150 2400 275 2434 χιλιάδας.
298 2397 335 2427 Ob
350 2400 385 2436 δὴ
407 2401 559 2435 γεγονότος,
588 2399 717 2427 ἐὸἁλλετο
743 2400 793 2434 μὲν
807 2400 829 2434 ~6

69 2443 188 2480 Ἀσσύριος
211 2446 340 2482 ἀφορήτῳ
354 2445 471 2480 δείματι.
491 2446 623 2478 Ἀκούσας
649 2446 678 2472 δὲ
700 2446 830 2480 ἀγγελίαν

69 2487 100 2513 δτι
110 2488 225 2524 Σαρσαθὰ
240 2490 366 2526 βασιλεὺς
380 2490 517 2517 Αἰθιόπων
528 2490 623 2526 ἐξῆλθε
635 2490 706 2517 κατὰ
719 2491 768 2526 τῆς
783 2490 834 2526 γῆς

71 2533 136 2560 αὑτοῦ
152 2536 196 2563 σὺν
214 2537 314 2572 ὀλίγοις
331 2536 470 2568 παντελῶς
491 2537 547 2568 τοῖς
570 2536 832 2572 περιλελειμμένοις,

71 2577 139 2614 ᾤχετο
156 2582 250 2616 φυγάς.
271 2582 357 2609 Τοῦτο
385 2582 432 2609 καὶ
459 2581 507 2608 νῦν
532 2582 546 2608 ό
573 2583 741 2617 προφητικὸς
768 2583 834 2617 ἡμῖν

72 2626 250 2661 αἰνιγματωδῶς
261 2628 431 2664 διερμηνεύει
446 2628 532 2662 λόγος.
544 2627 602 2659 Φῶς
613 2628 663 2663 μὲν
675 2628 728 2663 γὰρ
740 2627 834 2662 γέγονε

72 2670 102 2704 τῷ
126 2672 221 2709 Ἰσραὴλ
250 2675 265 2700 6
287 2674 341 2701 τῶν
370 2674 437 2700 ὅλων
463 2673 527 2704 Θεὸς
558 2673 603 2699 τὸν
633 2673 833 2707 καταφωτίζειν

76 2715 178 2751 ἰσχύοντα
189 2719 373 2756 διορισάμενος
392 2720 484 2754 νόμον.
505 2719 583 2746 Ἀλλὰ
601 2719 690 2753 τοῦτο,
711 2720 788 2755 φησὶ,
803 2719 833 2745 τὸ

75 2761 119 2794 φῶς
130 2764 157 2790 τὸ
167 2765 284 2801 ὑπάρξαν
298 2765 337 2801 τῷ
350 2765 468 2801 Ἰσραὴλ,
483 2765 514 2791 οὑ
527 2764 584 2799 φῶς
604 2765 680 2791 ἔσται
697 2766 753 2796 τοῖς
772 2765 833 2791 Ἀσ-

77 2808 157 2842 συρίων
170 2812 374 2848 στρατεύμασιν,
397 2811 455 2838 ἀλλ’
470 2811 509 2843 εις
529 2811 585 2847 πῦρ
601 2811 753 2847 ὀλοθρεῦον.
768 2811 831 2837 Ὅτι

75 2852 96 2879 ἃ
110 2854 194 2884 οίκεῖον
212 2858 284 2890 αὑτῷ
302 2858 350 2886 καὶ
368 2856 574 2890 ἀνατεθειμένον
599 2858 705 2891 ἡγεῖται
727 2856 791 2884 λαὸν
819 2858 833 2884 6

883 2272 948 2292 vero
969 2264 1041 2292 Deus
1060 2264 1173 2291 salutem
1192 2263 1245 2290 illis
1261 2272 1267 2291 :
1292 2271 1471 2298 egressusque
1485 2263 1568 2291 exivit
1585 2271 1668 2298 ange-

883 2310 926 2338 lus
946 2310 1065 2343 Domini,
1077 2314 1106 2337 et
1119 2318 1172 2337 una
1186 2314 1264 2337 nocte
1277 2317 1292 2336 e
1306 2310 1405 2337 castris
1418 2310 1590 2344 Assyriorum
1604 2316 1669 2336 cen—

885 2361 941 2382 tum
956 2354 1092 2390 octoginta
1108 2355 1228 2389 quinque
1245 2354 1328 2381 millia
1341 2354 1500 2381 interemit:
1518 2361 1572 2388 quo
1586 2354 1666 2386 facto,

884 2400 953 2428 ictus
978 2405 1020 2428 est
1043 2399 1171 2435 Assyrius
1198 2399 1298 2434 ingenti
1324 2399 1431 2427 timore.
1461 2399 1579 2434 Accepto
1605 2406 1668 2427 vero

884 2447 978 2474 nuntio
993 2446 1122 2474 Sarsatha
1141 2453 1231 2481 regem
1262 2444 1423 2480 Ethiopum
1450 2448 1545 2472 contra
1569 2449 1668 2472 terram

882 2500 958 2520 suam
979 2491 1062 2527 178
1084 2491 1285 2526 expeditionem
1306 2491 1405 2522 facere,
1423 2497 1484 2518 cum
1501 2491 1595 2525 paucis
1611 2498 1665 2518 om-

883 2538 948 2565 nino
968 2538 1071 2565 relictis
1099 2537 1164 2564 abiit
1188 2537 1328 2572 profugus.
1344 2535 1401 2564 Hoc
1420 2543 1493 2563 nunc
1513 2536 1668 2572 prophetica

883 2583 961 2610 nobis
983 2583 1178 2617 interpretatur
1196 2579 1294 2610 oratio.
1316 2581 1374 2609 Lux
1397 2582 1469 2610 enim
1485 2581 1576 2609 lsraeli
1599 2582 1669 2609 Deus

885 2628 1069 2656 universitatis
1094 2627 1208 2660 exstitit,
1232 2627 1278 2662 qui
1304 2627 1377 2654 solus
1397 2627 1483 2662 legem
1497 2627 1670 2662 quaeillumi-

885 2681 951 2702 nare
980 2679 1068 2708 potest
1091 2673 1241 2700 constituit.
1268 2671 1322 2699 Sed
1347 2673 1415 2706 haec,
1438 2673 1536 2708 inquit,
1553 2672 1597 2699 lux
1609 2680 1669 2707 qua:

885 2719 991 2746 exsistit
1007 2717 1111 2749 Israeli,
1124 2725 1176 2745 non
1191 2718 1244 2745 erit
1260 2717 1304 2744 lux
1320 2718 1492 2753 Assyriorum
1509 2718 1604 2751 copiis,
1621 2720 1668 2744 sed

886 2773 934 2799 pro
956 2764 1018 2800 igne
1035 2764 1090 2792 erit
1111 2763 1224 2791 exitiali.
1243 2762 1319 2796 Quod
1341 2768 1432 2791 autem
1447 2762 1669 2798 Hierosolymita—

884 2817 934 2838 nos
947 2809 1086 2844 proprium
1100 2808 1153 2836 sibi
1172 2815 1205 2835 ac
1215 2813 1401 2835 consecratum
1418 2807 1545 2842 populum
1560 2807 1668 2834 univer-

887 2856 978 2885 sitatis
994 2855 1064 2883 Deus
1085 2854 1243 2887 existimet,
1260 2861 1308 2889 per
1323 2853 1413 2888 ignem
1435 2853 1574 2881 ardentem
1597 2853 1667 2880 inter
