1872 3055
177 163 233 192 295

674 157 702 184 S.
723 154 862 184 CYRILLI
884 150 1117 181 ALEXANDIUNI
1137 150 1294 179 AliCHIEP.

1758 146 1812 175 “£96

182 219 298 248 ricordia
308 219 433 254 dignetur
444 216 580 244 hominem
597 214 762 249 morigerum
777 217 804 240 et
814 219 921 247 sequaci

1072 210 1097 236 σὰ
1113 209 1173 244 Θεῷ
1193 210 1281 243 λόγος.
1297 207 1376 239 σώζει
1392 215 1423 241 γε
1435 206 1488 242 μὴν
1499 207 1545 233 καὶ
1570 205 1678 241 φειδοῦς
1702 203 1811 238 ἀπάσης

181 267 257 294 hisce
281 266 373 293 verbis
396 263 473 291 nobis
488 261 669 297 pulcherrime
686 260 814 287 ostendit.
830 257 968 286 Profectus

181 315 223 338 est
237 309 374 344 siquidem
388 307 516 342 Assyrius
529 306 555 332 in
569 312 675 332 omnem
691 308 798 340 gentem
816 302 967 334 Judaicam,

182 362 215 381 at:
230 354 257 381 in
272 353 364 380 animo
382 351 476 379 habuit
496 349 596 377 nemini
617 356 739 384 parcere,
755 348 801 376 sed
816 347 968 374 universam

183 403 317 438 regionem
337 400 462 435 stirpitus
476 398 643 428 exscindere,
662 397 867 430 hominibusque
881 394 971 422 deser-

182 453 236 476 tam
261 452 288 474 et
310 446 406 474 incolis
428 452 540 472 vacuam
563 443 686 470 reddere.
703 442 736 469 Et
750 441 847 469 delevit
861 439 968 475 quidem

183 492 354 525 Samariam,
376 494 405 519 et
425 497 479 517 una
502 488 574 524 cepit
594 487 693 515 ludam
708 486 789 514 urbes
804 486 968 513 innumeras.

184 538 308 566 Servavit
320 542 411 564 autem
432 535 596 563 mirabiliter
616 531 888 566 lllerosolymitauos.
904 529 970 563 Quae

182 589 225 613 est
238 585 330 618 itaque
343 583 426 618 hujus
441 582 510 609 ratio
525 580 639 612 ?Certe,
658 579 756 614 inquit,
768 577 898 612 quoniam
911 583 971 603 om-

184 631 227 657 nis
248 629 335 657 israei
351 628 491 664 impietate
513 633 542 654 se
557 633 609 652 non
629 621 907 656 commaculavit,‘sed
922 621 972 648 ali-

184 679 250 709 quot
278 673 443 702 exstiterunt
473 671 551 707 181
579 669 625 704 qni
651 668 731 703 impie
753 666 927 702 peccantibus
944 666 970 693 in

186 720 269 747 Deum
289 719 497 754 indignarentur
515 725 522 744 :
549 715 652 743 idcirco
667 718 760 742 sancta
776 717 805 740 et
821 712 970 747 justissima

185 765 321 793 sententia
347 763 410 795 fuit,
434 769 494 797 quae
521 762 548 788 in
564 761 637 788 solos
654 763 797 794 peccantes
808 755 972 792 ptenamde—

185 815 321 839 cerneret.
346 808 445 837 Verum
466 812 556 834 autent
573 813 634 833 esse
649 805 700 832 hoc
713 803 824 831 verbum
844 801 916 829 nullo
931 801 971 828 la-

185 858 250 885 bore
266 855 416 883 videbimus
427 862 459 882 ex
477 854 519 881 his
530 860 590 888 qua:
606 852 707 886 scripta
728 855 791 877 sunt
813 848 884 884 apud
904 847 972 875 Eze-

1019 255 1090 288 ὰξιοί
1112 255 1157 282 τὸν
1184 254 1296 288 εὑπε.οἦ
1321 253 1367 279 καὶ
1381 253 1498 288 εὐήνιον,
1513 252 1556 278 διὰ
1569 251 1673 277 τούτων
1696 250 1764 285 ἡμῖν
1783 247 1811 276 εὖ

1021 302 1093 336 μάλα
1106 300 1260 335 καταδηλοῖ.
1280 299 1403 333 ’Λφῖκται
1419 298 1468 333 μὲν
1482 297 1536 332 γὰρ
1551 298 1565 323 ὁ
1582 296 1726 331 ’Δσσύριος
1741 296 1813 321 κατά

1020 346 1120 377 παντὸς
1138 345 1186 372 τοῦ
1207 344 1343 371 Ἰουδαίων
1357 343 1450 374 ἔθνους
1461 351 1468 358 ·
1485 343 1531 369 καὶ
1549 342 1648 373 σκοπὸς
1674 339 1708 376 ἦν
1725 341 1812 375 αὐτῷ.

1021 391 1166 427 φείσασθαι
1192 392 1242 426 μὲν
1265 390 1382 422 οὐδενὸς,
1407 389 1492 425 ἄρδην
1510 388 1539 415 δὲ
1557 390 1645 415 πᾶσαν
1663 388 1813 422 ἀποκεῖραι

1020 440 1070 475 τὴν
1087 439 1187 474 χώραν,
1204 438 1251 464 καὶ
1274 437 1420 472 κένανδρον
1435 435 1585 471 ἀποφῆναι,
1600 435 1647 462 καὶ
1663 434 1718 461 τῶν
1742 434 1814 461 ἐνοι-

1020 485 1139 512 κούντων
1154 484 1267 520 ἔρημον.
1283 483 1338 510 Καὶ
1352 482 1504 517 ὠλόθρευσε
1517 481 1567 517 μὲν
1581 482 1631 516 τὴν
1641 479 1813 515 Σαμάραιαν,

1021 530 1155 565 συνεξεῖλε
1180 531 1209 558 δὲ
1229 530 1299 566 αὐτῇ
1313 530 1363 564 τῆς
1384 527 1514 560 Ἰουδαίας
1535 528 1585 554 οὐκ
1610 526 1815 562 εὐαριθμήτους

1021 577 1128 609 πόλεις·
1145 577 1248 603 σέσωκε
1271 575 1301 602 δὲ
1325 573 1486 610 παραδόξως
1512 573 1579 605 Θεὸς
1613 572 1676 605 τοὺς
1702 573 1734 599 ἑν
1755 572 1814 603 τοίς

1027 622 1230 659 Ἰεροσολύμοις.
1253 621 1302 653 Τίς
1324 618 1370 647 οὖν
1389 621 1404 647 ὁ
1425 619 1504 647 τοῦδε
1518 619 1612 654 λόγος;
1632 617 1694 650 Ναὶ,
1713 617 1810 653 φησὶν.

1022 669 1115 704 ἐπειδὴ
1131 668 1186 704 γὰρ
1200 668 1250 702 οὐχ
1266 667 1339 698 ἆπας
1361 665 1556 701 δεδυσσέδηκεν
1574 666 1589 691 ό
1610 663 1730 700 Ἰσραὴλ,
1753 663 1815 690 ἀλλ’

1020 713 1091 750 ἦσαν
1106 714 1175 749 τάχα
1192 713 1243 740 πού
1258 721 1341 745 τινες,
1358 713 1382 739 oi
1400 711 1448 738 καὶ
1471 710 1666 746 δυσφοροῦντες
1680 710 1754 744 ἄγαν
1767 709 1815 735 ἐπὶ

1022 761 1077 790 τοῖς
1090 758 1265 785 δυσσεὸοὖσιν
1279 758 1318 789 εἰς
1334 757 1410 789 Θεδν,
1425 756 1554 792 ταύτῃτοι
1573 756 1685 790 γέγονεν
1702 755 1766 782 ὁσία
1784 763 1813 781 τε

1022 807 1069 833 καὶ
1084 805 1242 840 δικαιοτάτη
1263 804 1364 839 ψῆφος,
1385 803 1456 830 κατὰ
1474 803 1562 838 μόνων
1583 803 1687 837 ἄγουσα
1700 801 1751 837 τὴν
1775 801 1814 827 δί-

1023 859 1075 886 κην
1087 849 1141 877 τῶν
1153 850 1362 886 ἡμαρτηκότων.
1380 849 1439 876 ὀτι
1452 848 1481 875 δέ
1496 849 1569 876 ἐστιν
1584 847 1686 883 ἀληθὴς
1700 848 1715 873 ὁ
1733 846 1814 880 λόγος

184 902 298 930 chielem
322 900 495 936 prophetam.
512 899 586 925 Dixit
602 898 674 925 enim
691 895 875 924 lsraelitarum
892 901 923 929 qu

1072 897 1138 932 ινητὶ
1155 895 1374 931 καταθρήσομεν,
1399 895 1446 921 καὶ
1459 893 1497 926 ὡς
1509 894 1563 921 ἀπὸ
1577 902 1608 928 γε
1621 893 1675 920 τῶν
1689 900 1811 928 γεγραμ-

184 949 245 975 dam
258 948 331 975 visos
341 953 403 974 esse
417 945 500 973 solem
514 946 595 971 adora
601 952 639 975 re,
649 943 731 970 Deum
742 947 831 968 autem
840 941 972 968 dicentem

185 994 218 1021 de
241 993 310 1027 ipsis
330 991 441 1019 audisse
459 1001 465 1018 :
490 999 500 1015 ‹
519 990 628 1020 Vidisti,
652 988 687 1015 lili
711 987 838 1017 hominis,
854 984 974 1019 nunquid

185 1046 281 1074 parum
308 1037 358 1064 fuit
383 1036 472 1064 domui
496 1034 588 1066 Israel,
613 1038 642 1060 ut
675 1032 797 1059 lacerent
819 1029 974 1065 iniquitates

187 1091 257 1119 quas
285 1086 428 1118 patrarunt
446 1081 513 1109 hic?
528 1081 591 1116 quia
609 1079 789 1114 impleverunt
809 1083 907 1104 terram
923 1075 975 1102 ini-

186 1132 307 1166 quitate,
334 1133 361 1156 et
388 1127 512 1156 conversi
537 1131 600 1154 sunt
621 1130 650 1152 ut
673 1125 706 1151 ad
723 1124 790 1151 iram
806 1122 976 1150 concitarent

188 1183 232 1208 me
258 1176 292 1202 ⁸³.
308 1184 318 1201 ι
338 1173 403 1201 Dein
426 1173 485 1206 ait,
511 1172 655 1207 quemdam
670 1170 757 1198 visum
781 1175 843 1196 esse
863 1166 974 1194 talarem

187 1226 290 1249 vestem
315 1220 458 1247 habentem
482 1223 509 1246 et
528 1217 706 1248 succinctum,
723 1214 768 1243 cui
789 1209 976 1242 dixituniver-

187 1267 277 1295 sitatis
312 1267 401 1294 Deus:
430 1273 441 1291 ε
458 1264 575 1300 Peragra
603 1263 722 1290 mediam
747 1260 919 1291 Jerusalem,
949 1263 977 1286 et

188 1313 297 1348 signato
317 1312 420 1338 frontes
446 1310 566 1338 virorum
590 1309 754 1344 gementium
781 1311 808 1334 et
829 1305 975 1334 dolentium

190 1366 273 1394 super
302 1357 410 1385 cunctis
435 1356 625 1391 iniquitatibus
651 1362 712 1390 quae
741 1354 807 1381 liunt
836 1353 864 1381 in
886 1351 976 1380 medio

188 1404 282 1438 ipsius.
301 1403 334 1430 Et
352 1403 406 1430 illis
424 1403 493 1429 dixit
518 1402 644 1429 audiente
669 1408 733 1428 me:
751 1399 790 1427 Ite
802 1400 829 1427 ln
840 1399 976 1427 civitatem

188 1454 250 1484 post
266 1456 326 1476 eum
339 1469 346 1481 ,
364 1454 390 1476 et
408 1449 514 1481 caedite,
530 1456 580 1475 nec
591 1447 755 1482 comparcite
768 1446 853 1474 oculis
868 1445 976 1478 vestris,

189 1503 240 1523 nec
265 1495 443 1523 miseremini.
465 1495 622 1526 Seniorem,
634 1494 781 1528 juniorem,
794 1492 937 1526 virginem,
952 1495 979 1518 ct

191 1541 317 1569 infantes
332 1547 359 1568 et
383 1541 509 1568 mulieres
536 1540 679 1568 interﬁcite
704 1539 737 1567 ad
757 1538 977 1566 internecionem.

194 1587 248 1616 Sed
263 1587 387 1622 quisquis
404 1587 510 1621 sigmnn
523 1586 615 1617 habet,
630 1586 662 1612 ad
670 1592 731 1612 eum
742 1592 775 1612 ne
784 1584 904 1611 accedite
912 1583 945 1610 ".
965 1594 975 1610 ι
991 1570 1013 1600 (ἶ

195 1632 319 1661 Observa
336 1633 417 1668 igitur
431 1639 485 1667 quo
500 1635 579 1666 pacto
591 1630 716 1665 obsignet
730 1629 803 1657 Deus
815 1636 863 1656 sua
881 1629 978 1664 gratia,

192 1686 218 1707 et
240 1680 314 1715 pium
341 1684 370 1706 et
383 1683 517 1711 sanctum,
530 1682 558 1705 et
575 1684 605 1705 ea
626 1680 736 1712 propter
752 1684 811 1710 qua:
826 1676 917 1703 cretcri
932 1683 980 1702 au-

193 1727 258 1754 dent
286 1733 347 1752 eum
364 1724 514 1756 olfendere,
540 1723 659 1759 graviter
675 1723 805 1750 ferentem
823 1726 851 1749 et
868 1722 980 1750 commi-

196 1777 344 1798 serantem.
372 1770 480 1804 Quare,
506 1771 614 1804 inquit,
642 1769 749 1797 etiamsi
775 1775 919 1796 numerosa
944 1767 981 1795 sit

193 1816 377 1844 lsraelitarum
405 1817 560 1848 multitudo,
573 1817 641 1843 adeo
659 1820 689 1843 ut
702 1823 791 1843 arente
805 1815 832 1842 in
844 1814 981 1842 littoribus

195 1862 289 1895 positae
311 1861 462 1896 comparari
479 1867 560 1896 posse
582 1859 725 1887 videantur
738 1878 746 1891 ,
763 1859 884 1893 reliquiae
899 1857 980 1885 salvat

194 1912 285 1936 erunt.
298 1907 373 1941 Quod
387 1915 454 1934 sane
466 1906 576 1941 contigit
594 1906 716 1934 Ezechias
732 1905 908 1940 temporibus.
927 1903 980 1931 De-

193 1954 247 1982 leta
264 1958 306 1980 est
321 1953 404 1985 enim,
419 1952 457 1980 uti
468 1952 525 1979 dixi
537 1973 544 1985 ,
561 1951 697 1984 Samaria,
710 1954 738 1978 et
756 1958 806 1977 una
827 1949 980 1984 complures

193 1999 294 2026 Judara:
307 1999 388 2025 urbes
403 2002 499 2032 capta}.
515 1996 627 2024 Factum
641 2001 684 2024 est
700 1996 781 2023 etiam
797 1996 847 2022 hoc
865 1995 979 2022 extremi

195 2044 287 2071 seculi
309 2043 485 2078 temporibus,
503 2042 648 2077 Uuigenito
661 2041 736 2068 nobis
751 2041 778 2068 in
793 2048 875 2068 carne
886 2040 979 2067 illuce-

194 2095 297 2118 scente.
316 2089 392 2117 Tunc
406 2089 500 2120 etiam,
517 2093 579 2114 tunc
597 2088 708 2114 verbum
724 2086 871 2114 concidens
887 2086 913 2112 in
934 2085 979 2120 ju-

194 2136 280 2168 stitia,
294 2135 405 2162 verbum
417 2134 554 2161 concisum
569 2140 616 2160 seu
629 2132 816 2160 abbreviatqu
831 2131 895 2159 fecit
907 2132 976 2158 Deus

195 2182 222 2209 in
250 2186 305 2208 toto
320 2181 385 2207 orbe
401 2184 490 2207 terrae.
513 2178 567 2206 Lex
585 2179 657 2206 enitn
672 2185 720 2213 per
739 2177 839 2205 Mosen
857 2178 919 2204 data
932 2184 980 2212 per

1025 943 1114 979 μένων
1127 943 1155 969 ἐν
1169 941 1208 977 τῷ
1224 943 1351 977 προφήτῃ
1371 939 1510 975 Ἰεζεκιήλ.
1532 940 1604 975 Ἔφη
1630 939 1680 974 μὲν
1703 939 1760 974 γὰρ
1772 947 1815 965 τε·

1024 988 1136 1016 θεᾶσθαι
1163 987 1239 1019 τινὰς
1265 987 1320 1014 τῶν
1345 985 1375 1018 ἐξ
1404 985 1512 1021 Ἰσραὴλ
1531 985 1753 1021 προσκυνοῦντας
1776 984 1816 1019 τῷ

1024 1035 1102 1070 ἡλίῳ,
1116 1033 1184 1060 Θεοῦ
1198 1033 1226 1060 δὲ
1243 1032 1370 1067 λέγοντος
1382 1032 1497 1059 ἀκοῦσαι
1510 1031 1575 1066 περὶ
1587 1030 1676 1057 αὐτῶν
1687 1038 1694 1046 ·
1715 1040 1726 1056 ι
1746 1030 1815 1057 Ἑώ-

1026 1088 1122 1115 ρακας,
1147 1079 1188 1105 υίὲ
1210 1077 1364 1113 ἀνθρώπου,
1385 1075 1422 1112 μὴ
1447 1076 1545 1112 μικρὸν
1565 1075 1605 1112 τῷ
1617 1076 1685 1111 οίκῳ
1705 1075 1816 1112 Ἰσραὴλ

1024 1125 1071 1152 τοῦ
1087 1125 1173 1151 ποιεῖν
1193 1123 1242 1155 τὰς
1260 1122 1386 1158 ἀνομίας,
1413 1121 1445 1154 ἃς
1461 1123 1642 1158 πεποιήκασιν
1662 1118 1714 1148 ὧδε
1728 1132 1735 1153 ;
1749 1121 1817 1148 διότι

1025 1171 1145 1207 ἔπλησαν
1174 1169 1224 1205 τὴν
1248 1170 1300 1204 γῆν
1327 1169 1451 1204 ἀνομίας.
1485 1168 1540 1195 Καὶ
1567 1168 1741 1204 ἐπέστρεψαν
1769 1168 1816 1194 τοῦ

1026 1217 1191 1254 παροργίσαι
1209 1224 1253 1252 με.
1280 1225 1290 1241 ι
1307 1213 1374 1242 Εἷτᾶ
1395 1223 1478 1250 φησιν
1501 1214 1586 1250 ἄνδρα
1605 1213 1751 1241 τεθεᾶσθαι
1769 1221 1817 1239 πο-

1025 1264 1095 1300 δήρη
1122 1254 1157 1290 τέ
1177 1263 1273 1298 ἔχοντα
1292 1263 1338 1290 καὶ
1353 1261 1552 1297 διεζωσμένον·
1575 1260 1623 1288 καὶ
1648 1260 1718 1296 πρὸς
1736 1259 1818 1286 αὑτὸν

1026 1310 1114 1336 εἰπεῖν
1128 1309 1174 1335 τὸν
1188 1309 1242 1336 τῶν
1257 1308 1326 1336 ὂλων
1334 1308 1409 1335 Θεόν·
1423 1317 1431 1334 t
1445 1305 1536 1334 Δίελθε
1553 1306 1638 1342 μέσην
1651 1306 1700 1341 τὴν
1719 1304 1814 1340 Ἰερου-

1027 1355 1130 1392 σαλὴμ,
1154 1356 1201 1383 καὶ
1214 1355 1257 1387 δὸς
1279 1355 1309 1382 τὺ
1323 1355 1435 1390 σημεῖον
1457 1354 1503 1380 ἐπὶ
1521 1354 1555 1380 τὰ
1574 1353 1688 1389 μέτωπα
1702 1352 1757 1378 τῶν
1771 1352 1818 1378 ἀν-

1026 1403 1097 1439 δρῶν
1112 1402 1166 1429 τῶν
1182 1400 1444 1434 καταστεγαζόντων,
1459 1400 1570 1427 καὶτῶν
1580 1399 1817 1434 κατωδυνωμὲνων

1029 1449 1075 1476 ἐπὶ
1090 1449 1190 1480 πάσαις
1209 1449 1270 1480 ταῖς
1288 1447 1423 1483 ἀνομίαις,
1436 1447 1495 1478 ταῖς
1511 1445 1667 1481 γινομέναις
1690 1445 1721 1470 ἐν
1743 1444 1818 1479 μέσῳ

1029 1495 1124 1531 αὐτῆς.
1142 1495 1197 1522 Καὶ
1209 1493 1314 1526 τούτοις
1329 1491 1405 1520 εἶπεν
1423 1492 1567 1524 ἀκούοντός
1582 1500 1632 1526 μου
1643 1500 1649 1506 ·
1663 1490 1817 1526 Πορεύεσθε

1030 1541 1070 1572 εἰς
1085 1540 1143 1575 ητὴν
1167 1539 1243 1566 πόλιν
1265 1539 1353 1566 ὀπίσω
1376 1538 1469 1570 αὐτοῦ,
1485 1538 1532 1564 καὶ
1561 1537 1687 1568 κόπτετε,
1707 1537 1756 1562 καὶ
1783 1539 1818 1571 μὴ

1030 1586 1154 1622 φείδεσθε
1180 1587 1236 1618 τοῖς
1259 1585 1407 1621 ὀφθαλμοῖς
1422 1585 1508 1621 ὑμῶν.
1529 1585 1583 1611 Καὶ
1610 1583 1647 1619 μὴ
1677 1583 1817 1618 ἐλεήσητε,

1030 1633 1215 1670 πρεσδύτερον
1229 1633 1276 1660 καὶ
1287 1633 1439 1663 νεανίσκον,
1455 1633 1502 1659 καὶ
1516 1631 1647 1666 παρθένον
1662 1631 1712 1656 καὶ
1726 1630 1818 1665 νήπια.

1030 1680 1075 1707 καὶ
1099 1681 1231 1714 γυναῖκας
1258 1679 1437 1706 ἀποκτείνατε
1465 1679 1504 1710 εἰς
1527 1677 1673 1712 ὲξάλειψιν.
1703 1676 1768 1702 Ἐπὶ
1794 1675 1818 1701 δὲ

1030 1727 1132 1758 πάντας
1155 1727 1198 1761 ἐφ’
1214 1725 1262 1758 οὖς
1287 1727 1346 1753 ὲστι
1369 1725 1400 1752 τὸ
1424 1725 1546 1761 σημεῖον,
1576 1723 1613 1760 μὴ
1637 1723 1782 1758 ὲγγίσητε.
1810 1732 1818 1746 ι

1032 1774 1125 1809 ’Δθρει
1142 1773 1175 1808 δὴ
1199 1770 1246 1799 οὖν
1268 1773 1342 1804 ὅπως
1366 1770 1581 1807 κατασφραγίζει
1601 1769 1667 1801 Θεὸς
1694 1770 1728 1804 τῇ
1757 1769 1820 1803 παρ’

1029 1819 1127 1847 ἑαυτοῦ
1141 1819 1232 1855 χάριτι
1251 1819 1297 1845 τὸν
1318 1817 1418 1854 εὐσεϐῆ
1444 1826 1474 1844 τε
1498 1817 1545 1843 καὶ
1568 1812 1690 1851 γνήοτιον.
1709 1815 1767 1842 Καὶ
1781 1816 1820 1848 ἐφ’

1029 1864 1070 1898 οἷς
1095 1866 1128 1893 ἃν
1151 1866 1240 1901 ἕτεροι
1265 1863 1445 1901 προσκρούειν
1465 1862 1655 1898 ἀποτολμῶσιν
1673 1862 1760 1894 αὐτῷ,
1776 1870 1821 1896 χα-

1029 1912 1190 1939 λεπαίνοντά
1209 1920 1240 1938 τε
1253 1912 1300 1938 καὶ
1316 1910 1531 1946 κατοιμώζοντα.
1550 1908 1654 1936 Οὐκοῦν
1675 1908 1728 1934 κᾶν
1750 1908 1819 1934 εί....

1029 1959 1083 1984 τῶν
1100 1957 1130 1990 ἐξ
1150 1957 1258 1993 Ἰσραὴλ
1273 1957 1390 1992 ὑπάρχοι
1401 1956 1516 1992 πληθὺς,
1533 1955 1580 1982 καὶ
1590 1954 1716 1990 ψάμμοις
1730 1962 1819 1988 παρε-

1029 2003 1140 2036 κάζοιτο
1155 2004 1214 2035 ταῖς
1230 2004 1258 2029 ὲν
1277 2003 1349 2038 ὴῖὸσι
1365 2002 1515 2037 κειμέναις,
1530 2001 1560 2027 τὸ
1574 1999 1753 2035 κατάλειμμα
1772 2007 1820 2024 σω-

1029 2049 1151 2084 θήσεται.
1170 2049 1224 2076 Καὶ
1243 2048 1399 2083 συμϐέσηκε
1417 2049 1466 2083 μὲν
1481 2046 1561 2073 τοῦτο
1576 2046 1646 2073 κατὰ
1662 2046 1729 2076 τοὺς
1749 2043 1820 2076 Ἐζε-

1029 2095 1088 2129 χίου
1115 2094 1238 2129 καιρούς.
1264 2093 1379 2120 Διόλωλε
1391 2093 1455 2129 γὰρ,
1475 2093 1513 2124 ὡς
1527 2092 1606 2128 ἔφην,
1625 2092 1642 2127 ἡ
1667 2090 1820 2125 Σαμάρεια,

1029 2139 1076 2167 καὶ
1106 2140 1230 2167 πλεῖσται
1256 2140 1306 2175 τῆς
1338 2139 1465 2170 Ἰουδαίας
1496 2138 1693 2174 συνεξῄρηνται
1718 2136 1820 2167 πόλεις.

1029 2186 1189 2222 Πέπρακται
1214 2185 1243 2212 δὲ
1266 2185 1345 2213 τοῦτο
1377 2186 1425 2212 καὶ
1446 2185 1474 2211 ὲν
1498 2184 1622 2219 ἐσχάτοις
1647 2182 1696 2210 τοῦ
1722 2182 1822 2209 αἰῶνα

198 2228 292 2262 longas
313 2226 441 2260 ambages
453 2225 536 2256 venit,
551 2229 579 2252 ct
598 2229 723 2252 contorto
737 2225 852 2258 quodam
865 2223 937 2250 circu

1086 2233 1151 2267 ροίς,
1181 2231 1382 2266 ἐπιλάμψαντος
1405 2231 1471 2266 ἡμῖν
1495 2229 1541 2256 τοῦ
1555 2227 1727 2263 Μονογενοῢς
1757 2226 1823 2262 μετά

196 2274 269 2308 quod
293 2272 357 2299 utile
381 2276 439 2298 erat
466 2271 603 2303 indicavit,
627 2278 673 2305 per
690 2271 802 2304 auigma
817 2275 844 2297 et
858 2270 980 2297 umbram

196 2319 241 2344 vix
267 2317 435 2344 subinnuens
465 2315 537 2350 quod
563 2316 596 2342 ad
621 2323 698 2343 usum
725 2315 980 2351 atquejutilitatem

196 2363 323 2397 pertinet.
337 2361 471 2389 Salutaris
485 2365 574 2388 autent
593 2366 620 2388 et
632 2361 785 2396 evangelica
796 2362 884 2389 oratio
905 2361 983 2389 nobis

196 2406 288 2434 brevis
313 2411 376 2439 est,
403 2411 431 2433 et
451 2405 532 2433 veluti
548 2406 657 2433 concisa
670 2413 702 2433 ac
717 2411 868 2440 contracta,
883 2407 982 2434 nudam

197 2452 301 2480 habens
324 2452 477 2484 veritatem,
489 2456 518 2479 et
530 2451 592 2478 vita
604 2452 674 2478 viam
686 2451 792 2486 plenam
805 2453 981 2486 constituens,

197 2505 252 2526 non
277 2498 405 2532 impedita
433 2498 618 2531 facultatibus,
635 2505 687 2526 non
704 2498 827 2527 obscuris
841 2501 983 2535 przconils

197 2543 334 2570 obvolata.
359 2543 478 2578 Simplex
497 2544 580 2577 enim,
604 2544 641 2571 uti
656 2544 789 2577 dicebam,
804 2551 846 2573 est
862 2546 984 2573 veritatis

200 2590 346 2625 negotium.
368 2588 488 2617 Servata:
511 2595 574 2618 sunt
591 2597 672 2624 porro
688 2590 808 2626 reliquias
821 2591 937 2624 Israelis,
957 2592 983 2619 id

198 2641 250 2669 est,
280 2635 325 2670 qui
354 2635 407 2663 ﬁde
434 2636 492 2671 ejus
512 2637 708 2671 apparitionem
736 2637 886 2670 coluerunt,
901 2638 981 2673 182

200 2689 262 2708 cum
278 2681 420 2709 multitudo
437 2682 488 2709 alia
505 2687 682 2709 averteretur.
697 2682 763 2709 Nam
779 2683 804 2710 in
822 2683 909 2718 ipsum
927 2685 983 2711 uni-

201 2733 341 2754 versorum
351 2727 524 2755 Servatorem
535 2732 563 2754 et
576 2727 720 2755 Dominum
735 2728 891 2756 debacchati
908 2733 982 2762 sunt,

200 2780 260 2799 cum
277 2777 341 2799 ante
357 2773 502 2808 prophetas
526 2773 755 2807 obtruncassent,
780 2779 807 2801 et
832 2774 878 2809 qui
906 2774 983 2802 missi

237 2854 259 2869 "
279 2853 376 2881 Ezech.
395 2862 453 2889 vni,
470 2855 513 2883 Π.
535 2856 575 2892 α¹³
591 2855 690 2884 Ezech.
709 2863 748 2889 ix,
766 2855 825 2883 4-6.

1031 2278 1142 2314 σαρκός.
1160 2278 1227 2305 Τότε
1250 2278 1304 2314 γὰρ
1320 2278 1380 2304 τότε
1397 2277 1443 2303 καὶ
1459 2276 1536 2310 λόγον
1562 2274 1719 2309 συντέμνων
1741 2274 1771 2299 ἔν
1787 2273 1824 2299 δι-

1031 2323 1161 2360 καιοσύνῃ
1178 2323 1327 2359 πεποίηκεν
1342 2324 1356 2349 ὁ
1371 2322 1437 2353 Θεὸς
1457 2322 1487 2348 ὲν
1500 2322 1532 2356 τῇ
1547 2320 1695 2355 οἰκουμένῃ
1708 2319 1769 2355 ὅλῃ.
1796 2318 1823 2343 ’0

1033 2368 1082 2402 μὲν
1096 2368 1150 2403 γὰρ
1171 2368 1252 2403 νόμος
1276 2368 1290 2393 ό
1306 2367 1350 2393 διὰ
1371 2366 1494 2397 Μωσέως
1519 2365 1561 2392 διὰ
1589 2364 1698 2392 κύκλων
1714 2364 1823 2399 ἔρχεται

1034 2414 1158 2450 μακρῶν,
1185 2415 1232 2441 καὶ
1248 2413 1395 2449 περισκελῆ
1412 2414 1528 2439 ποιεῖται
1543 2411 1589 2438 τοῦ
1612 2411 1753 2447 χρησίμου
1777 2410 1823 2445 τὴν

1033 2459 1159 2494 δήλωσιν,
1177 2459 1210 2485 δι’
1225 2459 1386 2494 αἰνίγματος
1407 2459 1454 2486 καὶ
1471 2459 1549 2490 σκιᾶς
1574 2457 1734 2492 ὑποφαίνων
1751 2457 1823 2492 μόλις

1034 2503 1064 2530 τὸ
1077 2503 1169 2530 τελοῦν
1181 2505 1220 2536 είς
1233 2503 1334 2539 δνησιν.
1357 2505 1386 2531 '0
1397 2504 1425 2531 δέ
1439 2513 1470 2539 γε
1488 2504 1619 2540 σωτήριός
1635 2511 1665 2530 τε
1678 2504 1727 2530 καὶ
1743 2503 1823 2536 εὐαγ-

1034 2549 1143 2583 γελικδς
1161 2550 1226 2585 ἡμῖν
1240 2549 1318 2584 λόγος
1337 2549 1440 2586 βραχύς
1455 2550 1484 2576 τέ
1498 2552 1571 2577 ἔστιν
1587 2550 1634 2576 καὶ
1652 2546 1710 2576 οἷον
1732 2557 1822 2575 συντε-

1035 2594 1185 2630 τμημένος,
1197 2595 1256 2630 ἦτοι
1267 2596 1409 2631 σύντομος,
1421 2596 1529 2631 γυμνὴν
1542 2595 1611 2631 ἔχων
1620 2595 1672 2630 τὴν
1684 2595 1823 2630 ἀλήθειαν,

1037 2641 1146 2677 καὶτῆς
1162 2641 1233 2677 ζωῆς
1250 2642 1299 2678 τὴν
1321 2642 1379 2669 όδδν
1394 2643 1496 2678 ἐναργῆ
1518 2642 1659 2674 καθιστὰς,
1680 2642 1712 2668 οὑ
1731 2641 1824 2676 δυσχε-

1038 2687 1098 2723 ρίας
1124 2688 1246 2724 ἐνούσης,
1263 2690 1312 2716 οὐκ
1332 2690 1464 2725 ἀσαφείας
1485 2690 1557 2722 τινὸς
1577 2691 1634 2721 τοῖς
1651 2688 1824 2725 κηρύγμασιν

1037 2734 1263 2770 ἐπενηνεγμένης.
1291 2735 1406 2763 ’Δπλοῦν
1416 2736 1481 2772 γὰρ,
1497 2736 1535 2768 ὡς
1547 2735 1624 2771 ἔφην,
1637 2736 1688 2771 τῆς
1699 2736 1824 2771 ἀληθιιας

1037 2780 1067 2806 τὸ
1085 2780 1189 2816 χρῆμα.
1206 2781 1342 2808 Σέσωσται
1356 2782 1384 2809 δὲ
1398 2782 1444 2809 καὶ
1463 2782 1523 2809 τότε
1538 2781 1569 2808 τὸ
1589 2781 1769 2817 κατάλειμμα
1781 2778 1824 2808 τοῦ
