1872 3055
198 124 258 165 '507

698 137 727 165 S.
747 136 882 165 CYRILLI
902 137 1136 165 ALEXANDRINI
1158 137 1314 166 ARCHIEP.

1797 133 1852 162 308

208 193 339 222 Dominus
353 193 483 226 Sabaoth.
503 194 676 223 conturbabit
694 195 826 230 gloriosos
838 203 899 224 cum
916 196 947 224 fni

1111 205 1132 222 τα
1147 197 1191 222 καὶ
1209 196 1257 223 νῦν
1272 197 1287 222 6
1303 195 1356 221 τῶν
1376 194 1444 221 ὅλων
1459 194 1537 228 Θεὸς,
1549 195 1596 222 τὸν
1609 195 1673 230 περὶ
1695 194 1756 229 τῆς
1774 193 1850 219 κατά

209 240 314 268 tudine.
330 250 340 267 ι
357 240 396 267 Ad
416 240 561 268 novitatem
579 241 640 268 vitae
654 241 827 276 evangelica,
841 249 873 269 ac
887 242 987 270 Christi

209 286 379 321 mysterium,
391 291 534 314 revocatet
547 286 678 315 reformat
690 291 769 315 terra
787 287 899 320 incolas,
913 294 990 315 ever-

206 333 245 361 sis
257 332 384 359 nimirum
394 331 512 366 antiquis
522 332 630 364 ritibus,
648 332 822 367 moribusque
831 333 990 360 umbraticis

207 381 234 404 et
249 377 346 411 typicis
355 377 477 405 obtinere
496 377 548 405 vim
562 385 639 405 suum
665 378 781 412 amplius
801 385 852 405 non
878 377 990 405 valenti-

206 424 265 450 bus.
292 422 345 450 Sed
361 423 492 451 adventus
510 423 551 451 sui
571 423 595 450 in
617 424 690 452 hunc
713 425 841 452 mundum
865 424 909 452 hic
930 432 991 452 sco-

205 475 255 502 pus
273 467 333 501 fuit,
347 469 474 504 venitque
489 468 694 505 praedicaturus,
713 474 740 496 et
758 475 823 497 ante
837 470 904 497 alios
920 469 991 497 Isra-

204 513 287 545 talLtis,
299 513 370 547 quod
391 521 453 548 qua
477 521 562 553 usque
587 514 620 541 ad
653 515 858 543 restaurationis
885 520 991 552 tempus

205 558 327 586 instituta
342 564 436 593 erant,
457 559 482 586 id
498 563 550 591 est,
568 560 610 587 les
629 560 656 587 in
676 560 764 588 littera
783 561 880 596 posita,
905 569 938 590 ea
957 563 992 591 de

205 608 304 632 castero
316 604 395 638 tollit,
410 606 501 632 animo
513 605 642 638 ﬁdelium,
655 606 694 633 uti
723 606 856 639 dixeram,
872 607 905 634 ad
931 615 989 635 me-

204 649 299 676 liorem
318 655 345 678 et
359 649 508 685 spiritalem
523 650 584 678 vitae
599 650 795 678 institutionem
809 651 988 680 transforma<

206 695 243 719 to.
260 691 333 719 Nova
347 692 418 720 enim
433 693 460 720 in
473 692 581 720 Christo
605 694 706 721 omnia.
722 693 755 721 Et
779 694 801 722 si
818 702 882 723 vero
910 696 990 724 dece-

204 738 252 764 bat
264 738 290 765 ei
301 738 486 773 obtemperare
506 746 560 774 prae
581 739 686 768 caeteris
710 739 828 768 Judaicre
848 749 991 777 synagogas

143 785 147 794 '
205 783 348 816 primores,
367 788 394 811 et
411 784 456 818 qui
469 784 613 812 sacerdotii
629 785 779 814 honoribus
800 785 872 814 haud
885 787 988 815 medio-

206 828 288 855 criter
307 828 522 857 insolescebant:
541 829 568 857 bi
594 834 682 858 tamen
696 838 712 859 ο
741 833 878 860 contrario
902 840 989 867 repu-

205 874 489 910 gnabantjuveniliter
497 883 529 903 ac
540 876 703 910 petulanter,
721 878 882 906 resistebant
896 879 989 914 impie,
1008 870 1028 898 Β

205 924 232 946 ct
246 919 332 955 legem
357 928 372 948 a
394 920 469 949 Mosa
485 922 684 958 sapientissimo
703 924 899 959 promulgatam
917 932 991 953 sem-

207 966 289 1000 pcrin
308 973 354 994 ore
363 966 494 994 habentes
504 986 511 1000 ,
531 969 691 1003 mysterium
704 969 912 1004 dispensationis
927 970 991 998 Uni-

206 1012 289 1047 geniti
306 1012 333 1039 in
347 1020 440 1047 carne,
453 1019 583 1049 quantum
608 1015 635 1043 in
646 1023 677 1043 se
689 1019 749 1044 erat
767 1016 873 1044 irritum
900 1017 991 1046 facere

207 1058 351 1087 \olcbant:
368 1059 414 1088 scd
433 1067 515 1095 penes
528 1068 575 1089 eos
586 1069 640 1089 non
658 1066 716 1089 erat
731 1062 783 1090 hoc
799 1067 938 1097 praestare,
963 1068 991 1091 at

208 1104 327 1132 omnium
344 1103 480 1133 Servatori
495 1110 522 1133 et
536 1105 591 1134 Deo
608 1113 688 1133 suum
709 1107 885 1142 supercilium
906 1115 990 1143 oppo-

207 1155 313 1182 nentes,
330 1151 391 1179 mali
409 1151 479 1179 male
493 1152 641 1187 perierunt,
657 1152 755 1187 partim
774 1153 843 1181 alter
872 1154 899 1181 in
927 1154 993 1182 alte-

208 1203 267 1223 tum
277 1197 449 1231 assultatttes,
465 1202 492 1225 et
509 1198 568 1233 lege
590 1198 653 1226 belli
683 1199 842 1228 insidiantes
855 1219 862 1232 ,
891 1200 990 1235 partim

208 1241 234 1268 in
252 1241 434 1271 Rmuanorum
459 1250 556 1271 manus
570 1243 729 1277 incidentes.
746 1244 792 1280 qui
807 1245 896 1279 ipsum
923 1246 989 1274 adeo

209 1288 336 1323 templum
349 1289 536 1318 incenderunt.
551 1290 620 1319 Ecce
644 1291 725 1326 igitur
751 1291 909 1319 Dominator
937 1292 990 1319 Du~

208 1334 296 1362 minus
310 1334 429 1363 Sabaoth
446 1336 618 1364 conturbabit
644 1336 777 1372 gloriosos
792 1344 853 1365 eum
881 1336 991 1364 fortitu-

207 1380 279 1408 dine.
305 1380 444 1408 Dominum
478 1381 596 1409 Sabaoth
620 1384 825 1411 conturbantetn
851 1383 989 1416 nominat;

208 1426 377 1454 auditoribus
398 1431 529 1454 terrorem
549 1427 699 1461 incutiens,
717 1435 751 1456 ne
773 1428 835 1463 quis
849 1427 918 1455 forte
934 1427 992 1455 exi-

209 1471 301 1498 stimet
313 1472 470 1500 debiliorem
481 1472 540 1500 fore
555 1473 652 1507 ipsum,
669 1473 710 1501 vel
723 1474 805 1501 etiam
819 1474 906 1502 minas
917 1474 994 1501 adhi-

209 1517 301 1545 buisse
315 1516 478 1552 ineﬁicaces,
492 1523 519 1546 et
534 1526 594 1553 quae
607 1519 717 1547 omnino
731 1520 766 1547 ad
781 1520 862 1547 tinem
881 1527 934 1548 non
949 1528 993 1548 οδ-
1006 1537 1030 1567 ο

211 1566 271 1590 sent
284 1568 462 1598 perventum.
480 1564 548 1598 Quid
570 1565 642 1593 enim
668 1564 789 1593 ineﬂicax
810 1573 858 1594 seu
892 1566 993 1601 imper-

211 1609 312 1636 fectum
327 1610 379 1639 erit
392 1618 486 1640 eorum
509 1619 569 1646 quae
583 1619 597 1638 a
611 1611 726 1639 Domino
741 1612 872 1645 Sabaoth,
886 1613 938 1641 hoc
953 1617 995 1640 cst

211 1655 394 1688 exercituum,
406 1656 590 1691 suscipiuntur
602 1656 614 1683 l
627 1657 875 1692 Conquassaturum
889 1665 918 1686 se
930 1657 996 1686 dicit

211 1701 297 1729 clatos
308 1702 443 1736 superbia.
457 1701 528 1730 Celsi
552 1703 624 1730 enim
643 1707 671 1730 ct
702 1702 764 1730 elati
787 1710 850 1730 vere
869 1703 995 1738 superbia

211 1753 299 1779 erant,
309 1747 355 1782 qui
374 1755 426 1775 non
439 1749 521 1777 modo
532 1749 678 1784 prophetas
692 1754 801 1778 sanctos
812 1749 990 1781 trucidarunt.

211 1799 238 1821 et
268 1795 350 1830 190
370 1795 519 1824 rectissime
542 1795 746 1824 consulentibus
770 1795 938 1831 impudenter
954 1796 997 1823 di-

212 1845 292 1868 cunt:
313 1849 324 1867 (
341 1841 402 1868 Alia
419 1841 496 1869 nobis
520 1841 672 1876 loquimini,
685 1846 718 1869 et
737 1842 893 1869 annuntiate
919 1841 996 1870 nobis

213 1887 294 1914 alium
317 1888 561 1920 erroreut“;iscd
577 1887 659 1915 etiam
694 1887 721 1914 in
746 1888 832 1922 ipsum
856 1887 996 1914 Christum

214 1933 331 1968 linguam
347 1938 491 1967 exacuunt,
512 1939 539 1962 et
551 1941 652 1961 cornua
668 1934 694 1961 in
706 1934 821 1961 sublime
835 1933 940 1967 tollunt,
958 1939 997 1968 et,

215 1985 242 2006 ut
258 1980 388 2015 scriptum
413 1985 464 2013 cst,
491 1984 585 2008 contra
611 1979 694 2007 Deum
719 1979 864 2016 loquuntur
889 1979 997 2014 injusti-

214 2028 279 2055 tiatn
297 2028 329 2055 ".
346 2029 380 2054 At
395 2028 434 2059 hi,
450 2028 548 2063 inquit,
563 2027 709 2057 reddentur
724 2027 849 2060 Immites,
863 2031 890 2055 et
902 2027 999 2056 cadent

214 2074 312 2108 gladio.
343 2074 504 2102 interierunt
532 2074 644 2106 etettitu,
673 2078 702 2100 ut
719 2073 852 2105 dicebam,
875 2073 916 2102 vel
936 2080 997 2100 cum

215 2120 285 2148 Deus
319 2120 554 2148 vehementissima
597 2120 636 2147 ira
675 2118 786 2152 inﬂicta,
816 2119 890 2146 velut
918 2125 999 2147 acuto

214 2166 305 2200 gladio
320 2173 366 2193 cos
379 2170 560 2197 consumeret,
581 2165 715 2192 sacerdoti
733 2165 849 2200 insignia
863 2164 996 2198 auferret,

1042 241 1130 274 σάρκα
1144 241 1297 274 γεννήσεως
1314 239 1361 266 τοῦ
1376 239 1545 272 Μονογενοῦς
1564 239 1720 274 εἰσκομίζει
1751 238 1849 272 λόγον,

1041 286 1088 312 καὶ
1102 285 1297 321 προαναφαίνει
1309 285 1341 311 τὺ
1352 285 1499 320 μυστήριον
1508 284 1552 311 διὰ
1565 287 1657 320 φωνῆς
1671 283 1850 320 προφητῶν,

1041 331 1084 358 ἵνα
1097 331 1152 358 τῶν
1166 331 1337 366 πραγμάτων
1356 331 1397 362 είς
1412 329 1498 364 πέρας
1519 329 1725 365 ἐκϐεϐηκότων,
1751 329 1850 363 ἀναμ-

1041 377 1150 412 φίλογον
1165 377 1269 412 δέχοιτο
1291 377 1366 412 παρά
1381 377 1489 404 πάντων
1501 376 1550 411 τὴν
1570 377 1670 403 πίστιν.
1688 376 1726 403 Τί
1752 375 1850 402 τοίνυν

1041 422 1140 457 φησίν·
1160 431 1169 448 ι
1193 423 1259 449 Ἰδοὺ
1272 422 1304 457 δὴ
1321 423 1335 449 ὁ
1354 421 1492 457 Δεσπότης
1505 421 1606 456 Κύριος
1621 421 1758 453 Σαὸαὼθ,
1782 429 1851 447 συν-

1039 468 1152 504 ταράξει
1162 468 1225 500 τοὺς
1241 467 1362 500 ἐνδόξους
1375 467 1444 502 μετά
1462 467 1571 502 ίσχύος;
1593 476 1603 493 ι
1623 468 1670 498 Εἰς
1682 467 1850 499 καινότητα

1041 513 1114 548 ζωῆς
1130 513 1310 549 εὐαγγελικῆς
1334 513 1365 540 τὸ
1381 513 1428 540 τοῦ
1449 512 1567 549 Χριστοῦ
1593 514 1752 549 μυστήριον
1780 512 1851 538 ἀνα-

1043 560 1143 596 μορφοῖ
1157 560 1220 592 τοὺς
1235 559 1280 586 ἐπὶ
1296 561 1345 595 τῆς
1359 559 1422 594 γῆς,
1444 558 1691 594 ἀνατετραμμένων
1712 557 1849 593 δηλονότι

1041 605 1096 632 τῶν
1109 605 1293 641 ἀρχαιοτέρων
1307 605 1387 636 ἐθῶν.
1404 605 1451 632 καὶ
1468 605 1522 632 τῶν
1544 606 1573 632 ἐν
1596 606 1686 636 σκιαῖς
1718 604 1775 630 καὶ
1798 603 1848 630 τύ-

1043 660 1114 683 ποις,
1131 652 1182 678 οὐκ
1198 651 1314 686 ἑχόντων
1329 651 1369 677 ἔτι
1389 650 1421 677 τὸ
1438 650 1569 678 δύνασθαι
1588 651 1710 686 κρατεῖν.
1736 649 1816 676 ’Λ).λ“
1834 650 1848 676 6

1043 697 1093 733 μὲν
1106 698 1156 733 τῆς
1168 697 1285 732 ἀφίξεως
1295 697 1345 732 τῆς
1356 697 1395 729 εἰς
1409 697 1483 725 τόνδε
1497 697 1542 724 τὸν
1557 697 1660 732 κόσμον
1672 696 1757 730 αὐτῷ
1785 704 1848 722 σκο-

1042 743 1093 775 πὸς
1107 743 1219 777 γέγονεν
1243 743 1345 775 οὑτοσὶ,
1373 743 1421 769 καὶ
1438 742 1610 778 διακηρύξων
1637 743 1771 776 ἀφῖκται,
1800 741 1846 768 καί

1042 788 1095 824 πρό
1108 797 1139 822 γε
1155 787 1210 815 τῶν
1223 787 1311 815 ἄλλων
1321 788 1377 820 τοῖς
1388 787 1418 820 ἐξ
1435 787 1554 823 Ἰσραὴλ,
1569 787 1611 814 ὅτι
1624 786 1658 814 τὰ
1677 787 1769 822 μέχρι
1782 794 1846 813 και-

1044 832 1091 868 ροῦ
1108 832 1279 868 διορθώσεως
1298 832 1468 867 ἐπικείμενα,
1489 833 1637 864 τουτέστιν,
1657 833 1673 859 ὁ
1688 832 1721 858 ἐν
1747 830 1845 866 γράμ-

1043 886 1109 913 μασι
1121 878 1212 913 νόμος,
1234 877 1360 913 καταίρει
1375 876 1467 903 λοιπὸν
1483 876 1525 907 είς
1542 875 1628 908 τέλος,
1646 875 1845 911 μεταπλαττο-

1046 923 1141 959 μένης,
1169 923 1207 955 ὡς
1231 923 1309 958 ἔφην,
1331 924 1371 954 είς
1391 922 1425 949 τὰ
1447 922 1551 957 ἀμείνω
1572 922 1620 948 καὶ
1642 921 1844 957 πνευματικὴν

1042 971 1180 998 πολιτείαν
1195 971 1245 1006 τῆς
1260 969 1314 997 τῶν
1334 969 1515 996 πιστευόντων
1533 968 1662 1000 διανοίας.
1676 968 1773 995 Καινὰ
1787 968 1842 1004 γάρ

1041 1017 1130 1044 πάντα
1149 1016 1183 1043 τὰ
1206 1016 1236 1042 ἐν
1257 1015 1377 1051 Χριστῷ.
1406 1014 1487 1042 Ἀλλὰ
1506 1014 1596 1041 καίτοι
1617 1014 1843 1042 καταπείθεσθαι

1040 1061 1098 1089 δέον
1109 1060 1192 1096 αὐτῷ,
1210 1060 1258 1087 καὶ
1271 1060 1323 1095 πρό
1343 1068 1375 1094 γε
1389 1059 1442 1086 τῶν
1461 1059 1548 1087 ἄλλων
1562 1059 1612 1095 τῆς
1620 1060 1760 1088 Ἰουδαίων
1777 1069 1841 1087 συν-

1041 1107 1152 1142 αγωγῆς
1168 1106 1232 1138 τοὺς
1250 1105 1463 1141 προεστηκότας,
1480 1105 1528 1132 καὶ
1542 1107 1598 1136 τοῖς
1617 1105 1668 1140 τῆς
1683 1105 1842 1142 ἱερωσύνης

1042 1153 1198 1188 αὐχήμασιν
1215 1152 1246 1178 οὐ
1265 1151 1384 1187 μετρίως
1408 1151 1616 1186 κομπάζοντας,
1633 1152 1666 1178 ἐκ
1679 1151 1738 1178 τῶν
1758 1153 1839 1178 ἀναν-

1041 1198 1107 1225 τίων
1126 1196 1307 1232 ἀντεφέροντο
1332 1195 1475 1228 νεανικῶς,
1499 1196 1683 1231 ἀντέπραττον
1703 1196 1839 1230 ἀφοσίως,

1043 1242 1091 1270 καὶ
1104 1242 1150 1269 τὸν
1163 1241 1207 1269 διὰ
1222 1241 1270 1269 τοῦ
1288 1241 1427 1275 πανσόφου
1444 1241 1565 1274 Μωσέως
1575 1242 1619 1268 ἀεὶ
1631 1241 1780 1274 λαλοῦντες
1798 1242 1839 1269 νό-

1044 1300 1104 1327 μον,
1118 1291 1258 1327 ἄπρακτον
1276 1290 1436 1325 ἀποφαίνειν
1452 1289 1548 1326 ἤθελον
1561 1290 1592 1317 τό
1606 1299 1638 1325 γε
1650 1289 1722 1327 ἧκον
1736 1291 1778 1322 εις
1790 1291 1839 1316 αὑ-

1041 1338 1104 1369 τοὺς
1119 1337 1168 1373 τῆς
1187 1336 1255 1372 μετά
1267 1336 1368 1372 σαρκὸς
1382 1337 1538 1372 οἰκονομίας
1554 1336 1600 1364 τοῦ
1616 1336 1790 1370 Μονογενοῦς
1808 1337 1837 1362 τὸ

1044 1384 1204 1419 μυστήριον.
1213 1382 1282 1409 ’Δλλ⁴
1291 1380 1325 1418 ἦν
1335 1382 1481 1417 ἀνέφικτον
1491 1382 1580 1414 αὐτοῖς
1590 1382 1671 1408 τοῦτο
1682 1382 1762 1418 δρᾷν,
1775 1383 1837 1409 ἀντ-

1043 1430 1184 1464 εξάγοντες
1197 1428 1224 1455 δὲ
1245 1428 1284 1464 τῷ
1310 1428 1420 1455 πάντων
1436 1428 1543 1464 Σωτῆρι
1559 1428 1606 1454 καὶ
1621 1427 1682 1462 Θεῷ
1692 1428 1725 1454 τὸ
1738 1429 1836 1454 οἰκεῖον

1044 1475 1160 1510 θέλημα.
1175 1475 1255 1502 κακοὶ
1272 1474 1365 1506 κακῶς
1382 1473 1534 1506 διολώλασι,
1551 1473 1629 1500 τοῦτο
1645 1474 1694 1508 μὲν
1711 1474 1836 1509 ἀλλήλοις

1044 1522 1231 1558 ἐπιφυόμενοι,
1245 1521 1292 1549 καὶ
1305 1521 1351 1548 τὸν
1371 1521 1490 1555 πολέμου
1506 1520 1586 1556 νόμον
1602 1519 1833 1551 ἐπιϐουλεύοντες,

1044 1568 1123 1595 τοῦτο
1136 1568 1163 1594 δὲ
1179 1568 1239 1599 ταῖς
1258 1566 1401 1602 Ῥωμαίων
1425 1566 1618 1601 περιπεσόντες
1632 1564 1738 1600 χερσὶν,
1751 1565 1778 1590 οἳ
1792 1564 1836 1590 καὶ

1045 1614 1126 1642 αὑτὸν
1146 1613 1298 1649 ινέπρησαν
1317 1613 1362 1639 τὸν
1385 1613 1457 1639 ναόν.
1477 1612 1542 1638 Ἰδοὺ
1555 1611 1645 1638 τοίνυν
1664 1612 1678 1638 ὸ
1696 1611 1835 1645 Δεσπότης

1045 1660 1148 1695 Κύριος
1180 1658 1293 1686 Σαδαὼθ
1327 1656 1490 1694 συνταράξει
1523 1657 1586 1689 τοὺς
1610 1656 1737 1690 ἐνδόξους
1771 1655 1835 1692 μετά

1047 1705 1147 1741 ίσχύος.
1169 1704 1271 1739 Κύριον
1283 1703 1395 1731 Σαϐαὼθ
1410 1703 1536 1740 ὀνομάζει
1548 1703 1592 1729 τδν
1605 1702 1833 1738 συπαράστοντα,

1046 1749 1208 1777 καταπτοῶν
1230 1751 1287 1782 τοῖς
1298 1750 1408 1785 δείμασι
1429 1750 1492 1782 τοὺς
1517 1748 1721 1784 ἀκροωμένους,
1741 1748 1786 1775 ἴνα
1801 1748 1833 1783 μή

1046 1805 1088 1828 τις
1103 1796 1193 1831 οἴηται
1215 1796 1285 1831 τάχα
1307 1804 1371 1829 που,
1394 1796 1441 1823 καὶ
1457 1795 1615 1831 ἀσθενήσειν
1640 1795 1734 1828 αὐτὸν,
1750 1795 1768 1830 ἦ
1793 1795 1835 1821 καὶ

1047 1842 1188 1877 ἀνηνύτοις
1206 1843 1334 1874 ἀπειλαῖς
1357 1842 1508 1878 κεχρῆσθαι
1530 1841 1638 1878 μᾶλλον,
1656 1841 1705 1868 καὶ
1731 1841 1792 1876 οὺχὶ
1806 1841 1833 1875 δὴ

1047 1888 1156 1920 πάντως
1179 1888 1380 1923 ἐκϐησομέναις
1401 1888 1441 1919 είς
1458 1887 1554 1923 πέρας.
1575 1887 1608 1914 Τί
1627 1886 1684 1922 γὰρ
1707 1887 1835 1922 ἀνήνυτον

1047 1934 1125 1962 ἔσται
1147 1935 1202 1961 τῶν
1229 1935 1448 1970 ἐγχειρουμένων
1473 1934 1549 1969 παρά
1575 1934 1680 1968 Κυρίου
1706 1932 1832 1964 Σαῦαὼ0;

1048 1980 1282 2017 Συντριὸήσεσθαι
1307 1981 1335 2007 δέ
1352 1989 1419 2016 φησι
1446 1980 1511 2012 τοὺς
1538 1979 1658 2015 ὑψηλοὺς
1683 1981 1718 2014 τῇ
1751 1979 1832 2014 ὕϐρει.

1055 2027 1166 2062 ’Υψηλοὶ
1175 2027 1229 2062 γὰρ
1245 2027 1329 2058 ὅντως
1342 2028 1374 2062 τῇ
1388 2026 1465 2062 ὕϐρει
1479 2025 1631 2060 γεγόνασιν,
1646 2026 1677 2052 οὐ
1695 2026 1834 2061 προφήτας

1049 2071 1142 2106 ἁγίους
1154 2072 1364 2103 ἀποκτείναντες
1381 2072 1472 2107 μόνον,
1487 2073 1533 2099 καὶ
1545 2073 1602 2103 τοῖς
1621 2071 1757 2098 κάλλιστα
1771 2079 1833 2105 συμ-

1049 2117 1221 2145 ϐουλεύουσιν
1235 2117 1332 2153 ἀνέδην
1343 2117 1468 2151 λέγοντες
1478 2126 1485 2132 ·
1504 2127 1513 2144 ι
1537 2117 1621 2144 ’Λλλα
1639 2117 1708 2152 ἡμῖν
1723 2117 1832 2149 λαλεῖτε,

1049 2164 1097 2190 καὶ
1112 2163 1292 2198 ἁναγγὲλλετε
1308 2164 1372 2198 ἡμῖν
1385 2163 1482 2199 ἑτέραν
1498 2163 1641 2198 πλάνησιν,
1662 2172 1672 2188 ι
1698 2162 1770 2189 ἀλλά
1787 2162 1833 2196 γὰρ

213 2212 302 2241 cilicio
322 2213 487 2248 gubernandi
518 2212 646 2246 populum
676 2211 825 2243 abdicaret,
848 2211 890 2238 vel
915 2211 952 2238 eti

1092 2209 1182 2245 ιαὺτῷ
1196 2210 1246 2245 τὴν
1263 2209 1385 2244 γλῶτταν
1404 2210 1581 2245 ὲπιθήγοντες
1595 2209 1635 2244 τῷ
1654 2209 1777 2244 Χριστῷ,
1795 2209 1831 2234 καὶ

213 2259 266 2286 alio
281 2259 360 2286 modo
373 2259 432 2287 illos
444 2258 654 2292 casurosgladio
665 2258 714 2289 ait,
724 2257 851 2285 nimirum
868 2257 996 2290 hostium,

213 2307 439 2340 quemadmodum
456 2305 536 2333 modo
546 2304 612 2332 dixi.
640 2304 692 2332 Sed
709 2308 736 2331 et
754 2302 883 2336 Libanus,
899 2303 996 2338 inquit,

214 2360 275 2380 cum
301 2352 416 2379 excelsis
430 2355 548 2379 corruet.
569 2350 700 2378 Libanum
731 2350 757 2377 in
779 2349 835 2382 his,
863 2349 943 2377 sicuti
958 2353 999 2377 est

215 2397 364 2431 probabile,
382 2396 500 2431 appellat
518 2395 657 2430 templum,
675 2395 746 2430 quod
763 2395 923 2423 subversum
957 2399 998 2422 est

214 2447 242 2469 rt
257 2442 406 2474 incensum,
419 2441 569 2476 ceciditque
582 2440 662 2468 simul
676 2448 737 2468 cum
749 2440 792 2468 his
804 2441 849 2475 qui
866 2441 918 2468 alto
935 2445 999 2468 sunt

215 2488 369 2522 supercilio.
383 2487 513 2515 Fastuosa
534 2487 606 2514 enim
634 2492 712 2515 erant
735 2494 798 2514 vcre
828 2487 999 2515 sacerdotum

216 2534 354 2565 examina,
375 2539 401 2561 et
417 2533 474 2568 ipse
489 2541 550 2561 cum
570 2533 622 2560 illis
639 2533 731 2565 lsrael,
751 2533 795 2567 qui
810 2533 999 2560 universorum

216 2581 388 2608 Scrvatoretn
404 2584 431 2606 et
443 2579 647 2614 liedemptorem
660 2579 790 2607 dedecore
801 2579 999 2613 conspurcavit.

217 2625 387 2654 Inveniemus
402 2625 483 2652 etiam
500 2625 586 2660 ipsam
610 2624 759 2652 Jerusalem
775 2624 902 2659 appellari
917 2623 999 2651 Liba-

216 2680 290 2699 num.
307 2670 411 2698 Etenim
430 2670 558 2705 pr0pheta
583 2670 729 2698 Zacharias
756 2670 1000 2697 alicuhidixitci":

219 2716 332 2752 «Aperi,
347 2716 458 2750 Libane,
472 2721 564 2752 portas
579 2721 648 2750 tuas,
658 2721 685 2744 et
701 2717 810 2744 devoret
827 2715 895 2750 ignis
907 2715 1003 2742 cedrus

217 2771 283 2796 tW-IS-
312 2765 403 2793 Ploret
426 2764 517 2799 pinus,
543 2763 642 2798 quippe
656 2761 752 2790 cecidit
763 2760 1003 2795 ccdrus;plorate.

223 2842 242 2857 "
257 2841 308 2869 [δη.
327 2849 388 2875 xxx,
403 2841 444 2868 l0.
485 2841 505 2857 "
520 2840 592 2869 Psal.
609 2848 700 2873 Lutv,
715 2840 742 2866 6.
782 2839 802 2854 ’³
819 2838 932 2866 Zichar.
953 2845 988 2870 χι,
1005 2837 1027 2863 l.

1048 2255 1078 2282 τὸ
1091 2255 1175 2291 κέρας
1192 2256 1241 2290 μὲν
1265 2256 1304 2286 είς
1331 2254 1397 2290 ὕψος
1416 2255 1588 2289 ἐπαίροντες,
1605 2254 1716 2282 ἀδικίαν
1739 2255 1769 2281 δὲ
1795 2254 1833 2280 λα-

1048 2300 1157 2333 λοῦντες
1173 2300 1242 2328 κατὰ
1259 2301 1306 2327 τοῦ
1321 2300 1400 2333 Θεοῦ,
1413 2300 1485 2328 κατὰ
1501 2301 1532 2327 τ³ι
1543 2300 1750 2336 γεγραμμένον.
1770 2299 1831 2326 Ἀλλ’

1047 2344 1119 2373 οὗτοι
1130 2346 1388 2381 ταπεινωθήσονται,
1401 2345 1479 2381 φησὶ,
1489 2346 1538 2372 καὶ
1547 2345 1695 2372 πεσοῦνται
1707 2345 1829 2381 μαχαίρᾳ.

1048 2393 1194 2420 Διολώλασι
1207 2392 1272 2428 γὰρ,
1290 2392 1327 2424 ὡς
1343 2392 1422 2427 ἔφην,
1444 2391 1522 2418 τοῦτο
1541 2391 1590 2426 μὲν
1603 2392 1768 2427 τομωτάτην
1783 2392 1832 2418 ἑπι-

1048 2439 1176 2474 φέροντος
1199 2439 1290 2470 αὐτοῖς
1303 2438 1352 2474 τὴν
1374 2438 1469 2474 ὀργὴν,
1485 2438 1534 2464 καὶ
1550 2434 1606 2465 οἷον
1626 2437 1702 2473 ὀξείᾳ
1720 2437 1831 2473 μαχαίρᾳ
1848 2462 1852 2473 ,

1048 2484 1219 2516 δαπανῶντος
1235 2484 1334 2516 αὐτοὺς
1351 2484 1398 2511 τοῦ
1411 2484 1490 2516 θεοῦ,
1509 2484 1623 2510 καὶτῶν
1637 2484 1688 2518 τῆς
1705 2482 1831 2510 δικαιοσᾶ-

1048 2539 1097 2566 νης
1118 2531 1311 2566 ἀποκείροντος
1325 2530 1502 2566 αὐχημάτων,
1523 2530 1571 2556 καὶ
1594 2529 1642 2556 τοῦ
1659 2529 1830 2564 καθηγεῖσθαι
1845 2524 1848 2555 ζ

1049 2576 1121 2603 λαῶν
1138 2576 1358 2612 ἀποπέμποντος.
1377 2577 1462 2611 ἦγονν
1478 2577 1526 2603 καὶ
1544 2576 1606 2602 καθ’
1619 2575 1716 2611 ἓτερον
1731 2575 1830 2611 τρόπον,

1055 2623 1176 2658 μαχαίρᾳ
1193 2622 1334 2649 πεσεῖσθαί
1350 2631 1433 2658 φησιν
1448 2622 1557 2654 αὐτοὺς,
1627 2621 1684 2647 τῶν
1707 2621 1830 2656 πολεμίων

1053 2669 1184 2704 δηλονότι,
1200 2668 1326 2704 καθάπερ
1342 2668 1409 2703 ἔφην
1433 2668 1544 2703 ἀρτίως.
1567 2667 1646 2694 Ἀλλά
1664 2667 1714 2693 καὶ
1733 2668 1748 2693 6
1764 2667 1831 2694 Λίσο-

1054 2723 1118 2747 νος,
1146 2715 1232 2750 φησὶ,
1264 2715 1311 2740 σὺν
1341 2715 1396 2744 τοῖς
1424 2713 1535 2749 ὑψηλοῖς
1560 2714 1698 2740 πεσεῖται.
1729 2714 1830 2740 Λίϐανον

1057 2762 1084 2787 ὲν
1108 2760 1211 2791 τούτοις
1238 2761 1307 2786 κατά
1333 2768 1363 2794 γε
1391 2760 1420 2786 τὸ
1443 2759 1516 2791 εἰκὸς
1543 2758 1671 2794 ὀνομάζει
1692 2759 1740 2786 τὸν
1764 2759 1829 2789 νεὼν,
