1872 3055
198 155 251 183 5H

691 153 720 182 8.
742 153 878 182 CYRILLI
898 152 1134 181 ALEXANDRINI
1151 153 1312 182 ARCHIEP.

1788 154 1837 181 512

199 215 323 243 continet
340 222 372 243 ac
390 219 544 248 conservat,
565 218 592 242 et
611 214 682 249 quod
697 215 834 242 iniirmum
851 221 903 246 est,
918 215 938 241 fa

1096 213 1117 240 ἄν
1132 213 1182 240 πού
1202 222 1268 248 φησι
1282 215 1327 241 τὸν
1340 214 1416 240 Υίόν·
1437 223 1446 239 ι
1468 213 1498 240 '0
1511 213 1605 249 θρόνος
1621 221 1670 240 σου
1683 215 1697 241 ό
1709 213 1782 245 Θεὸς
1799 214 1835 245 είς

199 262 370 289 consistere:
389 262 445 288 sive
470 262 611 288 hutnanam
638 264 781 292 natttram,
804 268 862 295 quae
888 265 992 287 tantum

200 315 256 335 non
278 312 458 342 conquassata
479 311 532 340 est,
553 311 580 334 et
609 307 739 334 aerumnis
760 310 787 333 et
802 306 993 334 aﬂlictiottibus

200 354 311 384 obruta,
338 357 365 379 et
390 351 588 387 quodammodo
614 351 756 379 iuebriata.
787 352 884 379 Cantat
912 352 993 386 igitur

200 400 294 426 beatus
311 398 404 430 David,
419 398 554 425 communi
570 398 690 425 omnium
707 404 822 432 persoua
837 398 888 425 sibi
906 398 992 431 impo~

200 446 249 471 sila
265 453 272 470 :
287 453 296 469 ι
314 444 394 478 Virga
406 448 460 476 tua,
474 448 501 471 et
515 443 626 470 baculus
635 448 708 475 tuus.
722 444 777 476 ipsa
792 451 836 470 tne
852 443 990 470 cousolata

200 495 261 516 sunt
274 489 306 516 ³⁸.
327 498 336 515 t
354 489 503 516 Conﬁrmat
517 490 590 516 enim
610 489 699 524 justos
715 489 794 519 Deus,
812 489 990 523 quemadmo-

199 534 261 560 dum
275 534 406 568 scriptum
421 540 462 561 est
474 540 518 562 τοι
533 539 644 562 vocatus
655 538 697 560 est
711 540 776 560 voce
787 534 987 568 prophetarum,

199 580 315 608 baculus
344 580 500 616 gloriosus,
526 581 601 615 virga
628 580 706 616 192
733 580 939 615 magniﬁcentia:
955 580 987 608 ".

199 624 280 659 Virga
295 627 377 652 etiam
392 626 482 657 aliter,
496 626 558 659 quia
582 626 667 652 hortus
687 630 779 660 pastor
792 630 849 657 est,
870 626 986 652 animam

198 677 274 696 suam
291 676 394 704 ponens
415 677 464 705 pro
476 670 571 697 ovibus
585 669 617 696 ⁵⁵.
633 669 738 696 Dictum
759 675 800 698 est
817 669 902 704 igitur
925 670 948 697 ei
974 678 988 697 a

197 714 324 748 quopiam
350 721 508 741 sanctorum
531 714 747 748 prophetarum:
770 723 779 739 ι
797 713 881 742 Pasce
906 722 988 749 popu-

198 759 253 786 lum
273 764 347 786 tuum
369 760 396 787 in
412 760 503 795 virga,
522 760 620 787 tribum
636 764 720 792 tuam,
733 767 800 788 oves
823 760 989 788 luereditatis

198 806 289 833 tum".
300 804 365 831 »δίη
373 809 461 833 autem
475 805 602 840 cuiquam
620 805 735 839 videtur,
749 806 813 840 quia
832 806 915 841 judex
937 811 987 838 est,

197 855 224 876 et
252 850 340 877 reddit
364 850 477 885 singulis
503 858 552 885 pro
581 850 685 877 ratione
712 857 824 885 operum
855 857 984 882 suorum,

1042 259 1087 285 τὸν
1103 259 1198 291 αἰῶνα,
1218 260 1314 294 ῥάσδος
1329 259 1474 295 εὐθύτητος
1487 260 1503 294 ἡ
1519 259 1616 294 ῥάϐδος
1630 261 1682 295 τῆς
1695 259 1836 294 βασιλείας

1043 312 1100 331 σου.
1121 304 1250 336 »Ῥάδδος
1266 305 1293 331 δὲ
1310 305 1356 331 καὶ
1371 305 1483 340 ἑτέρως,
1503 304 1540 336 ὡς
1553 304 1586 331 ἂν
1601 304 1671 339 ἔχων
1686 304 1724 330 τὰ
1736 305 1833 335 πάντα,

1041 350 1087 377 καὶ
1103 351 1143 382 είς
1159 350 1190 376 τὸ
1203 348 1232 376 εὖ
1247 347 1316 377 εἶναι
1334 349 1465 384 συνέχων,
1481 350 1642 376 συνεστᾶναί
1657 358 1688 376 τε
1703 349 1795 375 ποιῶν
1809 350 1837 376 τὸ

1043 395 1205 431 ὴσθενηκὸς,
1226 396 1285 431 ήτοι
1313 395 1362 431 τὴν
1391 395 1535 431 ἀνθρώπου
1564 395 1655 429 φύσιν,
1688 397 1836 430 μονονουχὶ

1040 442 1268 477 κατασειομένην,
1292 443 1339 469 καὶ
1356 441 1508 477 μεθύουσαν
1530 442 1583 468 ὑπὸ
1605 441 1714 469 παθῶν.
1731 442 1835 469 Ψάλλει

1039 487 1104 521 γοῦν
1119 489 1133 514 ὁ
1147 488 1283 523 μακάριος
1301 487 1400 519 Δαϐὶδ,
1424 487 1453 514 τὸ
1473 487 1562 514 κοινὸν
1590 488 1724 515 ἁπάντων
1750 487 1835 521 πρόσ-

1039 542 1112 560 ωπον
1122 533 1212 569 ἑαυτῷ
1220 534 1352 569 περιθεὶς,
1365 544 1373 560 ι
1385 534 1416 560 Ἦ
1426 534 1521 569 ῥάὸδος
1534 543 1591 566 σου,
1605 535 1652 560 καὶ
1664 535 1680 569 ή
1695 533 1834 568 βακτηρία

1040 588 1098 612 σου,
1109 577 1187 607 αὗταί
1203 589 1236 615 με
1250 580 1451 615 παρεκάλεσαν.
1469 589 1479 605 ›
1490 579 1684 615 ’Υποστηρίζει
1698 579 1757 613 γὰρ
1772 580 1834 610 τοὺς

1038 625 1161 657 δικαίους
1171 626 1185 651 ὁ
1200 626 1302 661 Κύριος
1318 626 1388 652 κατὰ
1402 625 1432 652 τὸ
1444 626 1635 661 γεγραμμένον
1647 634 1653 640 ·
1671 625 1833 660 ὠνόμασται

1038 672 1066 699 δὲ
1086 672 1129 698 διὰ
1149 672 1240 707 φωνῆς
1255 671 1402 707 προφητῶν
1425 671 1562 706 βακτηρία
1589 671 1718 706 εὐκλεὴς,
1735 670 1833 706 ῥάϐδος

1040 717 1238 753 μεγαλοσύνης·
1263 717 1360 753 ῥάϐδος
1381 716 1410 743 δὲ
1430 717 1476 744 καὶ
1499 717 1610 752 ἑτέρως,
1633 717 1754 751 ἐπείπερ
1776 716 1832 742 ἐστὶ

1039 763 1143 798 ποιμὴν
1162 762 1273 797 ἀγαθὸς,
1288 763 1338 798 τὴν
1357 763 1446 798 ψυχήν
1462 762 1560 789 ἑαυτοῦ
1577 762 1663 794 τιθεὶς
1683 761 1759 796 ὑπὲρ
1775 761 1828 787 τῶν

1039 808 1194 843 προϐάτων.
1218 808 1332 843 Εἴρηται
1347 807 1413 842 γοῦν
1438 809 1507 843 πρὸς
1529 808 1610 835 αὑτὸν
1631 808 1666 834 δι’
1692 807 1756 838 ἐνὸς
1779 807 1831 833 τῶν

1040 853 1125 887 ἁγίων
1149 852 1313 888 προφητῶν·
1334 862 1343 878 ι
1361 852 1491 887 Ποίμαινε
1506 852 1570 879 λαόν
1595 861 1641 878 σου
1666 852 1696 878 ὲν
1727 852 1828 887 ῥάσὸῳ,

198 894 298 922 idcirco
317 902 377 922 eum
399 900 426 921 et
450 895 624 923 meritissimo
639 895 772 923 nominari
794 896 914 930 virgam,
933 904 937 922 ι

1092 899 1124 934 ήν
1150 883 1215 932 seu;
1235 883 1359 934 πρόϐατα
1381 883 1566 934 κληρονομίας
1588 906 1646 924 σου.
1665 907 1675 923 t
1695 883 1733 924 Εί
1751 897 1781 924 δέ

196 941 338 976 intelliget.
353 941 420 968 Nam
435 941 535 969 dictutn
550 946 592 968 est.
604 941 640 975 ei,
655 940 754 969 lsraele
771 941 796 968 in
813 941 886 969 illum
895 941 992 970 debac-

197 986 308 1019 chante,
327 991 354 1014 et
373 986 537 1021 impotenter
556 986 588 1013 ad
611 986 819 1014 inobedieutiam
836 988 983 1023 prolapso:

201 1042 210 1059 I
227 1032 327 1060 Pasces
336 1040 383 1060 eos
398 1033 424 1060 in
444 1033 518 1068 virga
537 1032 638 1066 ferrea,
652 1038 679 1060 et
696 1038 724 1060 ut
735 1041 799 1061 vasa
819 1034 891 1068 ﬁguli
910 1042 985 1062 com-

198 1079 302 1106 ntiuues
314 1086 362 1106 eos
373 1078 407 1106 “.
422 1087 433 1104 ›
445 1078 490 1106 Sic
505 1078 583 1106 nobis
595 1078 668 1106 illum
678 1078 870 1112 sapientissimi
886 1078 985 1114 Moysis

197 1126 239 1152 lex
268 1125 402 1159 designat.
432 1124 587 1152 Assumitur
617 1125 688 1152 enim
716 1125 743 1152 in
769 1130 860 1160 typum
884 1125 985 1152 Christi

197 1170 279 1197 etiam
292 1171 366 1205 virga
378 1170 493 1198 Aarouis
504 1178 563 1205 quae
573 1170 673 1203 ﬂoruit,
685 1174 713 1197 et
727 1170 753 1197 in
766 1170 865 1198 Sancta
876 1174 986 1198 sancto-

196 1224 256 1243 rum
276 1216 349 1244 illata
367 1220 418 1244 est.
437 1215 617 1243 Eﬂloruerunt
640 1217 711 1244 enim
733 1216 895 1251 juglandes:
920 1216 984 1251 quid

195 1267 285 1288 autem
319 1269 409 1289 causa
420 1262 472 1294 sit,
501 1266 528 1289 et
554 1268 615 1296 qua;
643 1262 799 1289 umbrarum
830 1262 983 1295 sententia,

193 1308 336 1335 dicendum
347 1308 518 1341 est.Quidatn
529 1308 600 1335 enim
609 1307 803 1342 physiologiam
813 1308 985 1343 rationesque

194 1355 335 1382 naturales
351 1355 501 1389 attingunt,
517 1359 544 1381 et
559 1354 694 1381 aiIirmant
708 1354 808 1389 virgam
825 1361 857 1381 ex
875 1354 984 1389 juglan-

194 1402 292 1434 dibus,
321 1401 344 1428 si
368 1401 449 1435 capiti
477 1400 591 1435 alicujus
623 1406 790 1435 apponatur,
819 1401 984 1435 vigilantiam

194 1447 355 1473 naturaliter
365 1446 479 1474 elﬁcere.
500 1446 591 1481 Itaque
600 1454 661 1473 cunt
673 1445 809 1478 Christus,
824 1446 903 1473 sicuti
920 1447 985 1474 dicit

194 1492 225 1518 Β.
241 1492 340 1519 Paulus
354 1492 388 1525 “,
403 1493 489 1526 gratia
506 1492 553 1519 Dei
567 1499 615 1526 pro
630 1492 757 1519 omnibus
768 1497 882 1519 mortem
894 1497 985 1526 gusta-

195 1543 272 1564 turus
286 1541 368 1570 esset,
381 1541 409 1564 et
424 1537 561 1572 paulisper
580 1537 662 1565 veluti
681 1538 785 1565 uictans
803 1542 931 1573 tanquam
949 1545 980 1565 ex
995 1553 1016 1582 ρ

195 1590 290 1610 smuno
306 1583 438 1610 excitatus
455 1587 527 1610 esset
540 1583 647 1616 iterum,
670 1587 698 1610 et
714 1587 801 1611 morte
824 1584 981 1611 conculcata

195 1628 322 1655 divinitus
338 1628 490 1662 revixisset,
508 1628 571 1655 hinc
591 1628 675 1662 virgze
693 1628 859 1664 iuglandium
875 1637 983 1664 compa-

195 1679 283 1700 ratur.
299 1673 354 1700 llac
367 1673 458 1700 divina
475 1678 503 1701 et
524 1673 684 1708 intelligibili
705 1675 777 1709 virga
794 1674 899 1710 Moyses
919 1682 982 1710 ope-

196 1725 270 1746 ratus
283 1724 325 1747 est
342 1719 471 1746 miracula
485 1741 491 1752 ,
516 1720 577 1746 dum
597 1719 724 1747 lsraelem
748 1721 879 1748 servitute
900 1720 983 1756 Egy-

194 1765 280 1799 ptiaca
292 1766 396 1797 eximit,
414 1766 528 1799 ideoque
549 1773 609 1792 eam
633 1766 734 1798 virgam
751 1766 799 1793 Dei
822 1767 982 1794 nominavit.

194 1812 258 1838 Erat
270 1811 369 1847 quippe
390 1811 414 1838 ei
430 1812 502 1846 virga
516 1811 634 1844 virtutis,
657 1812 728 1839 sicut
747 1812 878 1847 scriptum
894 1818 935 1840 est
947 1813 982 1840 δ’.

193 1859 259 1884 Cum
280 1858 362 1893 igitur
376 1859 505 1893 propheta
526 1858 697 1893 aznigmatice
724 1863 750 1885 et
768 1859 865 1886 tectius
881 1864 984 1894 myste-

194 1904 261 1929 rium
274 1902 374 1930 Christi
388 1903 563 1935 subinnuetts,
573 1910 589 1931 e
602 1903 686 1937 stirpe
697 1902 780 1931 Jessae
789 1904 891 1939 virgam
905 1904 983 1932 nobis

194 1949 296 1976 exoriri
313 1949 388 1981 dicil',
414 1954 476 1976 tunc
491 1949 610 1984 quidem,
627 1954 691 1976 tuttc
708 1950 791 1976 animi
807 1950 891 1977 octtlis
909 1950 982 1977 illurn

195 1995 362 2028 unigenitum
375 1995 420 2022 Dei
433 1995 601 2027 Sermonem,
611 1995 684 2022 illum
696 2003 745 2030 per
754 2003 832 2030 quem
844 1996 943 2029 omnia,
954 2000 983 2023 et

194 2042 281 2075 inquo
290 2045 354 2068 sunt
362 2042 464 2073 omnia,
471 2046 498 2068 et
507 2042 684 2074 incarnatum,
691 2046 718 2069 et
726 2041 860 2069 hominem
870 2041 981 2075 laetum,

193 2091 221 2113 et
242 2088 275 2113 ad
293 2087 472 2114 voluntariam
488 2087 698 2114 exinanitioncm
721 2094 751 2114 se
776 2087 983 2121 domitlentem,

194 2137 221 2159 et
234 2137 342 2166 propter
354 2140 403 2159 nos
419 2132 587 2159 nativitatem
603 2132 811 2166 dispensationis
833 2141 889 2160 suae
901 2140 982 2161 causa

195 2179 369 2211 subeuntem,
393 2178 470 2211 juxta
488 2185 608 2210 carnem,
625 2178 733 2213 inquam
745 2199 752 2211 ,
770 2184 797 2206 et
812 2187 845 2206 ex
869 2180 983 2207 muliere

1034 944 1124 977 δοκεῖ,
1150 944 1198 970 καὶ
1230 944 1345 979 ἐπείπερ
1376 944 1435 970 ἐστὶ
1461 943 1574 979 κριτὴς,
1604 943 1652 970 καὶ
1684 943 1830 975 ἀποδιδοὺς

1034 989 1142 1025 ἑκάστῳ
1159 989 1230 1016 κατὰ
1244 989 1277 1017 τά
1301 989 1368 1024 ἔργα
1389 988 1482 1020 αὑτοῦ,
1496 988 1582 1024 ταύτῃ
1606 997 1658 1020 τοι,
1686 988 1737 1015 καὶ
1758 988 1830 1023 μάλα

1036 1035 1150 1067 εἰκότως
1171 1034 1350 1070 ὀνομάζεσθαι
1364 1034 1472 1070 ῥάϐδον,
1485 1035 1576 1069 νοήσει
1593 1033 1697 1066 καλῶς,
1714 1034 1828 1069 Εἴρηται

1035 1080 1089 1116 γὰρ
1118 1080 1186 1115 πρὸς
1214 1080 1314 1113 αὑτὸν,
1341 1079 1594 1115 ὲμπαροινήσαντός
1618 1087 1647 1105 τε
1678 1078 1756 1113 αὐτῷ
1785 1078 1828 1105 τοῦ

1045 1125 1164 1161 Ἰσραὴλ,
1178 1126 1225 1153 καὶ
1241 1125 1369 1161 ἀκρατῶς
1383 1125 1594 1157 ἀπονενευκότος
1608 1125 1649 1156 είς
1662 1124 1826 1151 ἀπείθειαν·

1039 1181 1048 1197 ι
1067 1173 1212 1207 Ποιμανεῖς
1227 1172 1325 1203 αὐτοὺς
1338 1172 1367 1198 ὲν
1386 1171 1476 1207 ῥάϐδῳ
1494 1170 1608 1206 σιδηρᾷ,
1623 1171 1672 1197 καὶ
1685 1170 1727 1201 ὡς
1745 1170 1828 1204 σκεύη

1035 1217 1178 1252 κεραμέως
1204 1217 1360 1252 συντρίψεις
1385 1217 1495 1248 αὐτούς.
1515 1225 1524 1242 ι
1542 1215 1636 1248 Οὕτως
1656 1216 1726 1251 ήμῖν
1746 1215 1827 1242 αὑτὸν

1035 1264 1083 1289 καὶ
1107 1264 1121 1289 6
1143 1262 1191 1289 τοῦ
1215 1262 1356 1297 πανσόφου
1377 1262 1499 1293 Μωσέως
1512 1261 1718 1297 κατασημαίνει
1735 1261 1827 1296 νόμος

1035 1308 1279 1344 παραλαμῦάνεται
1306 1308 1360 1344 γὰρ
1391 1309 1433 1340 εὶς
1462 1308 1548 1335 τύπον
1583 1307 1705 1343 Χριστοῦ
1731 1307 1780 1334 καὶ
1810 1307 1828 1342 ή

1035 1357 1133 1392 ῥάϐδος
1154 1356 1256 1390 Ἀαρὼν
1273 1357 1287 1390 η
1305 1355 1494 1390 βλαστήσασα,
1512 1355 1558 1382 καὶ
1573 1356 1613 1387 είς
1625 1355 1661 1382 τὰ
1673 1355 1763 1389 Ἅγια
1777 1355 1829 1381 τῶν

1036 1402 1121 1435 ἁγίων
1138 1400 1379 1436 είσκεκομισμένη,
1402 1400 1549 1435 Ἐξήνθησε
1573 1400 1627 1436 γὰρ
1652 1400 1759 1436 κάρυα,
1782 1400 1828 1426 καὶ

1035 1448 1061 1474 τί
1078 1448 1108 1483 δὴ
1123 1447 1152 1473 τὺ
1168 1448 1262 1482 χρῆμα
1276 1447 1330 1473 τῶν
1344 1447 1372 1473 ὲν
1390 1446 1480 1477 σκιαῖς
1494 1446 1615 1477 ἐννοιῶν,
1629 1447 1721 1472 εἰπεῖν
1742 1446 1827 1478 ἀναγ-

1037 1495 1121 1519 καῖον.
1138 1493 1286 1517 "Amata-.1:
1304 1492 1352 1526 μὲν
1365 1490 1419 1526 γὰρ
1445 1490 1619 1524 φυσιολογίας
1633 1490 1718 1522 τινὲς1
1732 1490 1782 1516 καὶ
1798 1490 1828 1524 δὴ

1036 1538 1082 1565 καί
1105 1542 1174 1573 φησι·
1186 1537 1236 1572 τὴν
1259 1537 1389 1571 καρυτνην
1405 1536 1513 1571 ῥάὸδον,
1535 1537 1561 1561 εί
1584 1536 1654 1571 πρὸς
1671 1536 1706 1570 τῇ
1722 1534 1826 1569 κεφαλῇ

1034 1584 1122 1611 κέοιτό
1136 1592 1227 1613 τινων,
1244 1582 1378 1613 ἀνυπνίας
1396 1580 1465 1608 εἶναι
1489 1581 1611 1615 φυσικῶς
1626 1581 1825 1616 ὲμποιητικήν.

1032 1627 1136 1655 Οὐκοῦν
1158 1627 1306 1662 ἐπειδήπερ
1329 1626 1441 1662 ἔμελλεν
1464 1628 1478 1654 ό
1500 1626 1637 1661 Χριστὸς,
1656 1626 1752 1661 χάριτι
1780 1625 1827 1661 μὲν

1031 1673 1110 1706 Θεοῦ,
1129 1672 1200 1700 καθὰ
1215 1680 1298 1707 φησιν
1320 1673 1335 1698 ὸ
1360 1673 1495 1707 μακάριος
1511 1671 1625 1703 Παῦλος,
1642 1672 1715 1707 ὑπὲρ
1728 1671 1828 1702 παντὸς

1031 1719 1181 1754 γεύσασθαι
1197 1719 1323 1751 Θανάτου,
1341 1718 1429 1754 βραχὺ
1452 1719 1482 1745 δὲ
1504 1718 1599 1754 ὥσπερ
1623 1718 1825 1750 άπονυστάξας,

1032 1765 1159 1800 καθάπερ
1174 1764 1204 1797 ἑξ
1218 1765 1303 1791 ὕπνου
1326 1764 1499 1800 διεγερθῆναι
1517 1764 1608 1795 πάλιν,
1631 1764 1784 1791 ἀναὸιῶναί
1800 1772 1826 1790 τε

1032 1811 1201 1848 θεοπρεπῶς,
1218 1812 1411 1847 πεπατημένου
1424 1811 1551 1838 Θανάτου.
1569 1810 1664 1847 Ταύτῃ
1680 1819 1722 1837 τοι
1738 1809 1826 1845 passu

1033 1859 1148 1894 καρυῖνῃ
1164 1858 1372 1893 παρεικάζεται.
1395 1857 1444 1884 Διὰ
1459 1857 1561 1893 ταύτης
1581 1865 1610 1883 τε
1632 1857 1683 1892 τῆς
1702 1856 1778 1887 θείας
1798 1864 1825 1881 τε

1032 1906 1080 1931 καὶ
1090 1904 1189 1940 νοητῆς
1205 1903 1303 1939 ῥάϐδου
1332 1903 1611 1938 τεθαυματούργηκεν
1626 1903 1641 1929 ὁ
1654 1902 1771 1936 Μωσῆς,
1780 1901 1826 1935 τῆς

1032 1953 1061 1977 ὲν
1094 1950 1223 1985 Αἰγύπτῳ
1252 1950 1375 1981 δουλείας
1410 1949 1589 1976 ἀπαλλάττων
1626 1948 1674 1974 τὸν
1707 1947 1826 1982 Ἰσραήλ.

1038 1996 1149 2023 Ῥάὸδον
1159 1995 1224 2030 γοῦν
1235 1996 1321 2030 αὐτὴν
1333 1995 1459 2030 ὠνόμαζε
1472 1994 1551 2021 Θεοῦ.
1567 1992 1665 2028 Γέγονε
1681 1994 1739 2028 γάρ
1753 1993 1825 2027 αὐτῷ

1034 2041 1133 2076 ῥάϐδος
1147 2041 1298 2076 δυνάμεως,
1313 2040 1384 2067 κατὰ
1399 2040 1429 2066 τὸ
1442 2039 1648 2074 γεγραμμένον.
1667 2038 1758 2066 Ὅταν
1775 2038 1827 2064 τοί-

1032 2095 1080 2113 νυν
1093 2088 1108 2113 ὁ
1121 2087 1265 2122 προφήτης
1276 2085 1484 2121 αίνιγματωδῶς
1497 2085 1527 2112 τὸ
1536 2085 1657 2120 Χριστοῦ
1673 2085 1824 2120 μυστήριον

1033 2132 1200 2167 ὑποφαίνων,
1221 2132 1253 2158 ὲκ
1274 2132 1325 2167 τῆς
1345 2132 1444 2158 Ἰεσσαὶ
1468 2131 1547 2167 ῥίζης
1567 2131 1616 2166 τὴν
1640 2131 1740 2166 ῥάόδον
1764 2131 1826 2166 ἡμῖν

1033 2178 1202 2213 ἀναφανῆναι
1224 2178 1303 2213 λέγῃ,
1326 2177 1388 2204 τότε
1411 2177 1453 2211 δὴ,
1479 2177 1540 2204 τότε
1557 2178 1613 2208 τοῖς
1634 2178 1686 2212 τῆς
1710 2177 1826 2207 διανοίας

194 2225 389 2260 contemplans,
411 2224 476 2252 dicit
491 2231 551 2251 cum
564 2224 693 2258 propheta
709 2233 715 2250 :
731 2233 740 2249 ‹
758 2224 878 2258 Domine,
892 2232 933 2251 aut

1085 2232 1154 2250 ιασιν
1183 2223 1265 2250 αὑτὸν
1284 2223 1415 2258 μονογενῆ
1429 2223 1475 2249 τοῦ
1489 2222 1556 2249 Θεοῦ
1574 2222 1675 2256 Λόγου,
1690 2222 1738 2248 τὸν
1754 2222 1786 2248 δι’
1797 2219 1824 2249 οὖ

193 2278 286 2298 vocem
311 2275 401 2302 tuatn,
422 2274 450 2297 et
473 2270 616 2303 perlitnui,
643 2269 755 2303 cognovi
778 2277 860 2303 opera
884 2275 939 2302 ttta,
956 2274 983 2297 et

193 2316 329 2350 obstupui.
347 2325 356 2341 ι
377 2314 454 2350 Virga
470 2314 560 2349 itaque
575 2317 684 2349 propter
701 2321 797 2341 causas
813 2321 881 2348 quas
902 2315 981 2341 modo

192 2362 477 2393 commemoravimus,
500 2366 612 2388 vocatus
625 2364 676 2387 est.
693 2359 757 2387 Flos
780 2367 844 2388 vero
862 2368 980 2393 rursum,

193 2409 320 2443 quoniam
336 2408 453 2435 hominis
472 2411 567 2434 natura
590 2406 615 2433 in
641 2406 686 2433 illo
699 2405 732 2432 ad
750 2405 979 2440 incorruptionem

193 2461 221 2480 et
233 2454 266 2480 ad
281 2453 425 2480 novitatem
441 2452 656 2480 conversationis
670 2452 832 2486 evangelica:
847 2451 978 2479 reﬂoruit.

194 2499 278 2526 Aliter
291 2499 373 2526 etiam
393 2498 443 2526 llos
462 2504 569 2533 propter
592 2506 703 2525 suavem
731 2498 904 2533 lragrantiant
930 2499 980 2526 sub

186 2543 398 2578 intelligentiam
423 2544 567 2571 cadentem
595 2543 757 2578 appellatur.
785 2552 795 2569 ι
814 2543 869 2577 Ego
890 2544 979 2575 enim,

195 2589 296 2623 inquit,
318 2588 367 2615 ﬂos
390 2589 496 2623 campi,
523 2589 601 2624 193
624 2589 708 2615 lilittnt
730 2588 891 2616 convallium
913 2588 946 2615 “.
968 2598 977 2615 I

193 2637 257 2663 Erat
271 2642 337 2662 sane
353 2639 380 2662 et
402 2634 480 2661 nobis
499 2635 579 2661 veluti
603 2635 670 2662 odor
687 2634 795 2669 quidam
816 2635 980 2670 cognitionis

194 2679 240 2706 Dei
262 2683 290 2706 ct
314 2677 414 2705 l'atris.
439 2677 571 2704 Nimirum
587 2678 693 2705 divinus
709 2678 807 2706 Paulus
824 2679 849 2705 in
863 2679 976 2713 epistola

194 2725 279 2753 ιιιιὶῑς
296 2733 306 2750 ι
325 2723 379 2752 Deo
405 2728 494 2750 autem
514 2723 599 2758 gratia
613 2743 620 2756 ,
644 2724 690 2759 qui
709 2732 814 2759 semper
833 2725 979 2761 triumphat

230 2815 251 2829 "‘
267 2814 335 2841 l‘sal.
353 2822 419 2845 vvit,
433 2813 459 2841 4.
498 2813 518 2828 ³⁷
536 2812 635 2839 Jercm.
655 2821 745 2847 xum,
765 2814 806 2841 l7.
845 2817 865 2831 ³⁸
878 2816 954 2843 Junii.
970 2825 982 2844 κ

195 2852 216 2870 ιι
234 2850 302 2878 l‘sul.
316 2857 372 2884 δικ,
387 2849 414 2876 2.
454 2848 475 2864 ⁸³
489 2848 566 2876 Cant.
585 2856 613 2881 ιι,
632 2849 654 2875 l.

1030 2270 1064 2296 τὰ
1078 2270 1178 2301 πάντα,
1192 2269 1239 2296 καὶ
1254 2270 1283 2296 ἐν
1298 2266 1320 2303 ᾧ
1334 2270 1369 2295 τὰ
1384 2269 1483 2302 πάντα,
1508 2268 1722 2303 σεσαρκωμένον
1736 2276 1766 2293 τε
1783 2267 1825 2293 καὶ

1030 2316 1280 2352 ὲνανθρωπήσαντα
1297 2315 1418 2350 θεωρῶν,
1448 2315 1495 2341 καὶ
1521 2315 1562 2346 είς
1586 2314 1714 2340 ἑκούσιον
1733 2313 1825 2339 ἑαυτὸν

1030 2362 1149 2389 καθέντα
1184 2362 1310 2393 κένωσιν,
1335 2362 1383 2389 καὶ
1411 2361 1460 2397 τὴν
1487 2361 1521 2387 δι’
1545 2362 1619 2395 ἡμᾶς
1649 2360 1825 2395 οἰκονομικὴν

1033 2408 1186 2435 ἀνατλάντα
1211 2408 1349 2443 γέννησιν,
1369 2408 1440 2442 φημὶ
1455 2406 1487 2442 δὴ
1503 2406 1552 2441 τὴν
1569 2405 1641 2432 κατὰ
1661 2406 1754 2441 σάρκα
1780 2405 1824 2431 καὶ

1031 2454 1063 2480 ἐκ
1077 2454 1215 2488 γυναικὸς,
1231 2453 1299 2489 ὁμοῦ
1314 2453 1353 2488 τῷ
1367 2453 1494 2489 προφήτῃ
1514 2452 1603 2486 λέγει·
1624 2461 1634 2476 ι
1659 2452 1758 2487 Κύριε,
1775 2453 1823 2477 εἱσ-

1033 2501 1140 2534 ακήκοα
1151 2499 1200 2535 τὴν
1213 2500 1298 2534 ἀκοήν
1312 2507 1370 2529 σου.
1388 2499 1434 2525 καὶ
1447 2498 1598 2533 ἐφοϐήθην·
1618 2498 1772 2532 κατενόησα
1792 2496 1824 2522 τὰ

1031 2544 1109 2579 ἔργα,
1124 2545 1170 2571 καὶ
1183 2544 1304 2578 ἐξέστην.
1324 2553 1332 2569 I
1353 2543 1464 2574 Ῥάῧόος
1481 2542 1512 2577 δὴ
1535 2540 1581 2568 οὖν
1597 2542 1755 2576 ὠνόμασται
1769 2541 1823 2566 δ;ά-
1838 2551 1840 2560 ι

1032 2599 1072 2617 τοι
1097 2591 1147 2622 τὰς
1166 2590 1268 2626 ἀρτίως
1294 2591 1358 2625 ἡμῖν
1380 2589 1529 2624 εἰρημένας
1550 2588 1650 2618 αἰτίας.
1678 2587 1774 2617 ’Ἄνθος
1798 2586 1823 2612 δὲ

1032 2635 1115 2662 πάλιν
1125 2643 1132 2649 ·
1147 2634 1261 2661 άνέθαλε
1271 2635 1326 2670 γὰρ
1338 2635 1354 2670 ἡ
1365 2634 1510 2669 ἀνθρώπου
1525 2633 1606 2667 φύσις
1620 2634 1649 2659 ἐν
1669 2631 1745 2666 αὐτῷ
1757 2631 1823 2665 πρὸς

1031 2681 1197 2716 ἀφθαρσίαν,
1223 2681 1270 2707 καὶ
1286 2682 1327 2712 εὶς
1345 2680 1427 2715 ζωὴν,
1451 2680 1498 2706 καὶ
1514 2681 1554 2708 είς
1569 2678 1720 2713 καινότητα
1748 2677 1821 2703 πολι-

1031 2727 1107 2758 τείας
1125 2725 1306 2761 εὑαγγελικῆς
1320 2734 1326 2742 ·
1352 2725 1432 2756 ἄνθος
1453 2724 1481 2751 δὲ
1501 2724 1549 2750 καὶ
1572 2723 1685 2758 ἑτέρως,
1707 2723 1751 2748 διὰ
1773 2722 1822 2757 -ιὴν

989 2838 994 2849 ,
1012 2817 1051 2844 l3.
1092 2817 1112 2833 ³³
1129 2817 1208 2844 Miclt.
1223 2824 1270 2849 VII,
1290 2817 1329 2844 li.
1363 2816 1383 2832 "°
1400 2815 1470 2846 Paul.
1485 2823 1514 2847 tl,
1532 2815 1557 2843 9.
1592 2815 1610 2830 "
1632 2814 1713 2841 Hebr.
1730 2821 1760 2846 tt,
1779 2813 1820 2839 ill.
