1872 3055
72 125 119 154 513

639 131 673 158 IN
692 131 811 160 iSAiAM
831 132 896 160 LIB.
919 134 952 162 li.
973 134 1093 163 TOMUS
1113 135 1134 162 I.

1647 135 1698 162 ΞΗ

73 185 165 225 νοητὴν
181 186 330 222 εὐοσμίαν.
355 198 365 214 ι
384 189 453 224 Ἐγὼ
467 190 531 226 γὰρ,
550 201 559 217 ι
578 191 671 227 φησὶν,
689 201 697 218 ι
713 192 793 225 ἄνθος
808 202 812 210 ’

977 195 1002 222 iu
1019 195 1138 228 Clu-isto,
1158 199 1185 223 et
1201 195 1311 223 adorent
1337 194 1439 223 notitia:
1465 202 1519 222 sua:
1544 195 1699 222 manifestat

74 230 170 262 πεδίου,
188 232 290 267 κρίνον
303 234 356 261 τῶν
371 235 511 264 κοιλάδων.
531 246 541 263 ι
565 237 663 272 Γέγονε
679 239 708 265 δὲ
728 239 776 266 καὶ
792 241 859 274 ἡμῖν

73 277 137 312 ὀσμή
153 287 195 309 τις
208 278 309 315 ὥσπερ
322 280 373 315 τῆς
387 282 512 315 γνώσεως
523 282 570 309 τοῦ
587 282 654 309 Θεοῦ
670 283 719 310 καὶ
738 284 857 320 Πατρός.

74 323 123 349 Καὶ
138 323 205 356 γοῦν
225 325 240 350 ό
257 323 403 358 θεσπέσιος
417 326 521 359 Παῦλος
539 327 701 361 ἐπιστέλλει,
715 328 763 355 καί
776 337 858 364 φησισ

77 379 84 394 ι
99 368 141 402 Τῷ
157 368 219 404 Θεῷ
235 370 329 405 χάρις,
347 372 385 406 τῷ
401 371 514 399 πάντοτε
533 372 726 408 θριαμϐεύοντι
743 375 817 409 ἡμᾶς
829 375 859 401 ὲν

73 413 107 448 τῷ
119 414 241 449 Χριστῷ,
260 416 311 442 καὶ
334 417 384 452 τὴν
401 417 487 453 ὀσμὴν
507 418 556 453 τῆς
571 419 698 453 γνώσεως
712 421 792 447 αὑτοῦ
807 430 859 455 φα-

74 459 188 494 νεροῦντι
209 461 244 487 δι’
262 462 342 496 ἡμῶν
359 463 387 489 ὲν
409 465 489 490 παντὶ
503 465 588 500 τόπῳ,
600 466 640 492 ὅτι
656 466 774 501 Χριστοῦ
791 467 857 496 εὐω-

73 505 111 531 δία
123 506 219 540 ἐσμὲν,
242 507 284 542 τῷ
305 508 363 543 Θεῷ
383 510 413 536 ὲν
433 511 489 541 τοῖς
502 510 675 546 σωζομένοις,
691 513 738 538 καὶ
753 513 782 538 ὲν
801 513 857 544 τοῖς

74 551 265 586 ἀπολλυμένοις
278 561 286 568 θ
306 551 346 585 οἷς
369 555 418 589 μὲν
440 555 510 591 ὀσμὴ
531 556 647 583 θανάτου
666 558 706 588 είς
728 557 854 591 θάνατον,

72 593 106 626 οἷς
121 596 148 622 δὲ
163 597 236 632 ὀσμὴ
252 599 329 633 ζωῆς
353 601 392 631 εις
408 599 490 636 ζωήν.
509 610 517 626 ι
537 601 628 638 Ταύτῃ
643 603 677 636 τῇ
699 603 788 638 ράὗδῳ
805 612 856 639 φη-

75 642 119 672 σὶν,
131 642 187 676 ἦτοι
207 642 248 677 τῷ
261 643 338 670 ἄνθει
352 645 391 680 τῷ
403 647 435 672 ἐκ
448 647 499 682 τῆς
511 647 589 683 ῥίζης
603 644 705 674 ’Ἰεσσαὶ
723 650 856 685 τεχθησο-

74 686 148 721 μένῳ,
167 688 240 714 κατὰ
259 690 373 724 καιροὺς
389 691 628 719 ὲπαναπαύσεσθαι
643 694 757 729 Πνεῦμα
782 695 850 722 Θεοῦ

75 731 163 764 πολλὰς
177 733 239 767 ἔχον
252 734 305 765 τὰς
318 735 466 770 ἐνεργείας.
478 737 590 772 Πνεῦμα
601 739 655 774 γὰρ
670 740 736 766 αὐτὸ
757 740 855 776 βουλῆς

74 779 113 803 καὶ
128 779 263 811 συνέσεως
280 781 418 816 ὀνομάζει,
432 783 560 817 γνώσεώς
575 794 604 811 τε
625 787 672 812 καὶ
688 787 794 820 σοφίας,
811 788 854 813 εὑ-

75 824 171 855 σεόεῐας
186 825 234 851 καὶ
253 827 340 860 φόϐου
354 827 431 855 Θεοῦ.
448 829 540 865 Φαμὲν
553 831 591 862 δὲ,
605 831 646 858 ὅτι
659 833 709 867 τῆς
721 841 854 868 προφητι-

912 247 959 274 per
976 248 1023 267 nos
1037 241 1062 267 in
1074 243 1145 267 omni
1159 241 1226 273 loco,
1239 242 1302 276 quia
1315 241 1415 269 Christi
1429 241 1515 268 bonus
1528 240 1594 268 odor
1606 248 1700 268 sumus

909 285 965 312 Deo
980 286 1006 313 in
1021 286 1055 313 iis
1065 287 1110 321 qui
1128 287 1194 314 salvi
1211 287 1288 319 iiunt,
1305 291 1331 314 et
1349 287 1375 314 in
1389 287 1422 314 iis
1432 287 1478 321 qui
1490 291 1619 320 pereunt;
1640 286 1700 312 aliis

910 332 1017 366 quidem
1041 332 1109 359 odor
1133 333 1265 359 ntortisin
1285 337 1425 364 mortem,
1453 332 1516 358 aliis
1541 338 1605 358 vero
1632 330 1699 358 odor

910 377 971 404 vitae
985 377 1010 403 in
1026 377 1108 404 vitam
1121 377 1154 403 “.
1170 386 1179 402 ι
1200 377 1303 404 Idcirco
1319 377 1344 404 in
1358 377 1409 404 hac
1426 377 1513 411 virga.
1534 384 1580 403 seu
1603 377 1628 403 in
1647 377 1698 403 hoc

910 423 1033 457 germine
1049 430 1081 449 ex
1098 423 1180 456 stirpe
1194 422 1287 455 Jessm,
1304 423 1360 449 suis
1378 423 1542 456 temporibus
1556 423 1696 456 acquietu-

909 475 967 494 rum
979 467 1018 494 ait
1033 467 1163 502 Spiritum
1181 468 1238 500 Dei,
1258 468 1348 495 multis
1366 468 1510 495 virtutibus
1539 473 1566 495 et
1594 468 1697 495 viribus

909 513 1064 548 pollentem.
1084 514 1214 548 Spiritum
1235 514 1306 541 enim
1327 515 1415 547 ipsum
1439 514 1562 541 nominat
1577 513 1695 545 consilii,

908 564 935 586 et
960 559 1159 594 intelligentiae,
1186 565 1212 586 et
1238 559 1414 594 cognitionis,
1441 564 1467 586 et
1494 559 1648 593 sapientiae,
1670 564 1697 585 et

909 604 1084 636 fortitudinis,
1096 609 1123 630 et
1139 604 1285 639 religionis,
1300 609 1327 631 et
1343 604 1448 631 timoris
1461 605 1507 631 Dei
1524 604 1558 630 “.
1577 604 1695 631 Dicimus

906 653 995 675 autem
1013 649 1172 683 prophetam
1196 649 1222 675 in
1248 649 1299 676 hoc
1321 649 1456 683 praeconio
1477 656 1526 675 suo
1551 648 1694 675 artiﬁcium

907 694 946 721 sic
973 698 1156 728 temperasse,
1181 699 1208 721 ut
1238 702 1289 721 non
1321 694 1458 721 hominem
1487 701 1590 721 merum
1618 693 1695 719 nobis

909 740 1019 767 inducat
1033 740 1137 770 Jesnm.
1152 741 1213 767 dein
1228 740 1328 774 Spiritu
1341 739 1471 771 afﬂatum,
1484 744 1511 766 et
1521 740 1596 774 quasi
1611 738 1694 765 nostri

905 785 1008 812 ordinis
1030 792 1061 811 ac
1084 785 1248 812 conditionis
1271 787 1359 816 esset,
1383 783 1575 810 charismatum
1590 782 1695 809 divino-

907 837 964 857 rum
991 830 1148 865 participem
1172 830 1288 863 i'actum,
1311 829 1359 857 sed
1386 829 1475 863 potius
1503 828 1549 855 Dei
1576 827 1694 854 Verbum

74 870 117 902 κῆς
129 870 272 906 εὐτεχνίας
292 872 323 898 τὸ
337 873 467 909 κήρυγμα
478 864 527 902 οῦκ
542 864 764 913 ἄνθρωπον-ἡμίν

954 884 1050 903 nanam
1073 881 1197 903 naturam
1215 876 1394 910 assumpsisse
1418 875 1549 907 declarat,
1570 874 1693 901 cumula-

75 915 212 949 εἰσκομίζει
233 916 283 942 τὸν
313 918 436 952 Ἰησοῦν,
462 919 520 947 εἶτα
544 922 676 956 γεγονότα
699 932 853 959 πνευματο-

75 959 154 993 φόρον,
177 960 224 985 καὶ
243 960 284 992 ὡς
311 962 339 988 ὲν
364 962 439 995 τάξει
453 965 488 999 τῇ
504 965 565 992 καθ’
585 967 657 1001 ἡμᾶς
673 968 852 1003 χαρισμάτων

73 1003 118 1028 τῶν
130 1005 202 1039 παρὰ
218 1005 291 1032 Θεοῦ
305 1008 435 1041 γεγονότα
459 1010 582 1045 μέτοχον,
604 1013 852 1049 ὲνανθρωπήσαντα

74 1049 96 1095 ίὲ
108 1050 200 1083 μᾶλλον
222 1052 270 1078 τὸν
284 1053 332 1079 τοῦ
345 1054 412 1081 Θεοῦ
426 1055 512 1090 Λόγον
524 1057 677 1093 καταδηλοτ,
693 1059 784 1095 πλήρη
803 1061 852 1095 μὲν

74 1094 128 1120 ὅντα
139 1096 239 1128 παντὸς
250 1097 369 1132 ἀγαθοῦ,
379 1099 410 1126 τό
421 1108 453 1135 γε
468 1098 536 1137 ἧκον
546 1103 586 1134 είς
599 1103 649 1139 τὴν
660 1094 744 1131 αὐτοῦ
759 1104 850 1140 φύσιν,

75 1142 246 1176 οἰκειουμένου
266 1144 298 1170 δὲ
312 1144 381 1180 μετὰ
394 1146 444 1181 τῆς
458 1147 668 1184 ἀνθρωπότητος
692 1151 739 1176 καὶ
754 1151 788 1177 τὰ
802 1152 851 1178 αὐ-

75 1188 124 1222 τῆς-
139 1188 214 1215 Ἶδιον
231 1189 290 1225 γὰρ
304 1190 521 1227 ἁνθρωπόηιητος,
537 1194 567 1220 τὸ
582 1195 686 1222 οἴκοθεν
700 1196 750 1230 μὲν
766 1196 849 1232 ἔχειν,

76 1235 114 1260 καὶ
134 1235 168 1266 ὼς
193 1235 223 1267 ἐξ
249 1235 321 1268 ιδίας
345 1237 453 1271 φύσεως
469 1239 524 1265 τῶν
545 1239 647 1266 ἄνωθεν
672 1242 849 1277 χαρισμάτων

74 1279 148 1305 οὖδέιν
162 1289 171 1305 ι
187 1280 219 1306 Τί
235 1281 294 1317 γὰρ
312 1282 394 1317 ἔχεις,
411 1282 425 1309 ὃ
439 1284 488 1310 οὺκ
501 1284 614 1318 ἕλαόες;
632 1295 641 1311 ι
655 1286 762 1322 είρηται
781 1287 849 1322 πρὸς

77 1326 156 1360 αὐτὴν,
176 1327 377 1355 κατα-πλουτεῖν
398 1328 426 1355 δὲ
439 1329 540 1364 μᾶλλον
555 1330 654 1364 ἔξωθέν
677 1341 707 1358 τε
728 1333 776 1359 καὶ
795 1334 848 1359 £11:-

75 1370 161 1402 ακτῶς,
183 1371 258 1406 παρὰ
276 1371 345 1399 Θεοῦ
363 1373 500 1409 δηλονότι,
521 1375 556 1401 τὰ
575 1375 644 1411 ὑπὲρ
662 1376 742 1412 φύσιν
767 1377 847 1405 ίδίαν.

78 1414 138 1441 Ἔδει
164 1416 252 1444 τοίνυν
284 1418 402 1446 καθέντα
432 1420 501 1455 πρὸς
531 1421 646 1448 κένωσιν
679 1423 775 1451 ἑαυτὸν
801 1423 848 1451 τὸν

77 1462 190 1497 μονογενῆ
209 1463 256 1489 τοῦ
277 1463 346 1490 Θεοῦ
364 1465 460 1500 Λόγον,
483 1466 513 1493 τὸ
529 1467 561 1494 ὲκ
576 1467 626 1503 τῆς
649 1468 791 1501 κενώσεως
809 1471 846 1506 μὴ

77 1508 249 1541 παραιτεῖσθαι
267 1511 484 1547 σμικροπρεπὲς,
501 1513 548 1539 καὶ
570 1514 660 1549 πλήρη
677 1514 747 1541 κατὰ
765 1515 846 1549 φύσιν

76 1552 128 1578 ὗντα
141 1553 262 1588 δέχεσθαι
274 1556 321 1583 διὰ
333 1557 363 1583 τὸ
376 1557 556 1593 ἀνθρώπινον,
566 1560 615 1593 οὐχ
629 1560 717 1595 ἑαυτῷ
732 1561 841 1596 μᾶλλον,

77 1598 122 1624 ἀλλ’
134 1599 196 1633 ἡμῖν
213 1602 270 1632 τοῖς
289 1602 320 1628 ἑν
336 1602 425 1639 ἐνδείᾳ.
446 1604 546 1636 παντὸς
561 1605 674 1639 ἀγαθοῦ.
694 1606 776 1633 Ὥστε
791 1607 844 1634 κᾶν

76 1644 96 1669 εἰ
105 1643 200 1678 λέγοιτό
212 1655 276 1673 ποτε
290 1647 321 1674 τὸ
334 1648 445 1683 Πνεῦμα
460 1649 561 1682 λαϐεῖν,
577 1650 664 1677 καίτοι
677 1651 792 1687 χορηγὸς
806 1652 843 1678 ὢν

76 1689 143 1721 αὐτος
159 1691 203 1718 τοῦ
220 1692 298 1726 ἁγίου
316 1694 481 1730 Πνεύματος,
499 1696 546 1722 καὶ
567 1697 617 1723 οὐκ
641 1698 673 1723 ὲκ
689 1698 788 1733 μέτρου
804 1699 843 1725 δι-

77 1734 136 1767 δοὺς,
154 1737 207 1763 ἀλλ’
221 1738 259 1770 ὡς
273 1738 304 1770 ἐξ
330 1739 394 1766 ἰδίου
414 1741 597 1777 πληρώματος
617 1743 753 1778 διανέμων
777 1744 843 1771 αὐτὸ

77 1782 122 1812 τοῖς
141 1782 230 1817 ἀξίοις,
255 1784 312 1811 τῶν
334 1785 383 1821 τῆς
399 1787 540 1819 κενώσεως
564 1789 670 1824 μέτρων
690 1789 801 1816 νοείσθω
814 1790 843 1817 τὸ

79 1824 164 1870 λαϐεῖν,
176 1829 291 1856 κατευθὺ
305 1830 359 1866 γὰρ
373 1831 442 1858 οὕτω
451 1833 499 1867 τῆς
509 1832 637 1868 ἀληθείας
647 1833 759 1869 ἥξομεν.
770 1835 843 1870 Πλὴν

79 1869 151 1898 ἐκεῖνο
172 1873 246 1909 ἄθρει
259 1882 267 1890 ⁸
287 1884 297 1900 ‹
317 1875 515 1903 Ἀναπαύσεται
529 1877 584 1913 γὰρ
595 1878 638 1904 ἐπ’
649 1879 730 1906 αὑτὸν
740 1901 747 1912 ,
764 1869 841 1915 φησί,

79 1915 174 1951 Πνεῦμα
186 1919 231 1946 τοῦ
249 1919 328 1948 Θεοῦ.
351 1930 360 1946 ι
380 1922 489 1948 Δέδοται
505 1923 560 1958 γὰρ
588 1923 617 1949 ὲν
633 1924 730 1959 ἀρχαῖς
745 1927 779 1961 τῇ
797 1926 843 1952 τοῦ

79 1962 160 1994 γένους
176 1965 252 1999 ἡμῶν
266 1967 392 2002 ἀπαρχῇ,
406 1968 538 2001 τουτέστι,
549 1968 587 2004 τῷ
604 1969 698 2005 Ἀδὰμ,
715 1970 782 1997 ἀλλὰ
797 1971 843 2005 γέ-

79 2015 130 2040 γονε
150 2010 264 2045 ῥᾴθυμος
288 2013 352 2047 περὶ
364 2014 412 2048 τὴν
432 2014 548 2049 τήρησιν
560 2015 610 2049 τῆς
625 2014 747 2051 δοθείσης
768 2017 843 2052 αὐτῷ

81 2053 180 2090 ἐντολῆς,
187 2065 220 2083 κα
225 2066 254 2093 τη
259 2059 359 2094 μέλησε
370 2060 424 2086 τῶν
433 2061 686 2095 προστεταγμένων,
696 2063 842 2090 κατεὸιϐά-

82 2099 121 2134 σθη
129 2103 189 2136 πρὸς
197 2103 343 2139 ἁμαρτίαν,
350 2105 399 2140 οὐχ
407 2103 484 2140 εῦρεν
493 2106 644 2133 ἀνάπαυσιν
652 2108 680 2134 ὲν
688 2107 842 2143 ἀνθρώποις

81 2146 104 2172 τὸ
120 2148 226 2183 πνεῦμα.
243 2160 252 2176 ‹
269 2151 371 2183 Πάντες
386 2151 440 2188 γὰρ
455 2151 603 2185 ἐξέκλιναν,
620 2152 677 2188 ἅμα
693 2154 843 2189 ἡχρειὼθη-

83 2198 129 2222 σαν,
143 2193 188 2220 οὐκ
199 2192 231 2228 ἦν
244 2195 258 2220 ὁ
276 2195 359 2222 ποιῶν
373 2196 552 2231 χρηστότητα,
570 2196 620 2223 οὐκ
633 2195 667 2232 ἦν
677 2197 728 2229 ἕως
746 2198 815 2229 ἑνός.
830 2208 839 2224 ι

82 2234 135 2263 Εἶτα
146 2239 249 2272 γέγονεν
260 2241 403 2277 ἄνθρωπος
416 2242 430 2267 ὁ
445 2243 592 2277 μονογενὴς
602 2243 648 2269 τοῦ
664 2243 731 2269 Θεοῦ
744 2244 840 2278 Λόγος,

84 2283 154 2310 καίτοι
176 2285 204 2312 τὸ
220 2285 286 2313 εἶναι
310 2287 376 2319 Θεὸς
396 2288 426 2314 οὐ
450 2288 551 2323 μεθείς.
572 2289 680 2324 Ἐπειδὴ
702 2289 730 2316 δὲ
753 2290 842 2317 καίτοι

83 2323 182 2360 γεγονῐλς
199 2331 258 2357 καθ’
278 2333 366 2367 ἡμᾶς,
381 2332 516 2363 ἀνάλωτος
532 2330 566 2367 ἦν
583 2323 740 2367 ἁμαρτίαις,
758 2333 842 2360 ἐπαν-

85 2372 199 2400 ιπαᾶσατο
210 2377 239 2411 τῇ
251 2377 393 2412 ἀνθρώπου
409 2376 487 2411 φύσει
501 2378 530 2403 τὸ
543 2377 653 2412 Πνεῦμα
667 2378 697 2404 τὸ
709 2379 793 2412 ἅγιον,
806 2378 844 2410 ὡς

85 2417 106 2441 ἐν
119 2419 182 2454 αὐτῷ
200 2423 244 2447 καὶ
266 2421 377 2457 πρώτῳ,
401 2423 446 2449 καὶ
459 2422 496 2454 ὡς
513 2423 542 2448 ὲν
557 2423 666 2458 ἀπαρχῇ
685 2423 732 2450 τοῦ
747 2424 843 2458 γένους

86 2463 186 2500 δευτέρᾳ,
202 2467 242 2493 ἴνα
257 2468 304 2494 καὶ
317 2469 382 2503 ἡμῖν
402 2469 621 2504 ὲπαναπαύηται,
638 2470 684 2496 καὶ
704 2470 772 2505 μένῃ
786 2470 841 2497 λοι-

87 2507 127 2534 πὸν
146 2512 198 2540 ταῖς
217 2512 269 2539 τῶν
288 2514 469 2541 πιστευόντων
482 2515 612 2546 διανοίαις
626 2515 839 2551 ἐμφιλοχωροῦν.

88 2552 150 2580 θ’ὺτω
166 2556 215 2592 γάρ
232 2566 282 2585 που
299 2557 346 2586 καὶ
365 2559 379 2585 ὁ
401 2559 542 2591 θεσπέσιος
561 2560 685 2595 Ἰωάννης
698 2561 842 2588 τεθεᾶσθαί

90 2606 154 2632 φησιν
173 2602 198 2635 ἐξ
224 2604 338 2639 οὐρανοῦ
367 2606 569 2641 καταφοιτῆσαν
599 2606 628 2632 τὸ
658 2607 770 2642 Πνεῦμα
795 2608 841 2634 ἐπὶ

90 2642 193 2677 Χριστόν,
222 2649 326 2685 Ὥσπερ
360 2650 573 2686 συγκληρονόμοι
604 2651 755 2687 γεγόναμεν
788 2653 844 2680 τῶν

92 2688 272 2725 Ψδμδεὸηκότων
290 2693 329 2728 τῷ
345 2694 545 2730 πρωοπλάστῳ
564 2696 666 2726 κακῶν.
683 2696 768 2729 οὕτως
784 2698 844 2724 ἐσό-

93 2732 146 2764 μεθα
176 2736 274 2774 μέτοχοι
303 2738 358 2765 τῶν
386 2740 577 2776 ὑπαρχθέντων
606 2743 784 2776 οἰκονομικῶς
809 2745 841 2778 τῇ

858 2217 879 2244 D

123 2809 166 2838 “ii
184 2815 237 2843 Cor.
252 2824 282 2848 ιι,
302 2816 343 2848 Η,
363 2817 399 2844 i6.

441 2819 457 2833 "’
478 2817 527 2845 ira.
546 2827 582 2852 xi,
596 2820 622 2845 L’.

908 927 964 948 tum
991 921 1069 949 bonis
1092 921 1218 949 omnibus
1237 921 1389 956 (quatenus
1410 921 1443 948 ad
1461 920 1545 955 ipsius
1568 925 1691 947 naturam

902 967 1052 1002 pertinent)
1062 975 1094 995 ac
1103 967 1185 994 etiam
1195 974 1247 994 una
1259 974 1319 993 cum
1331 966 1498 993 humanitate
1511 974 1570 1000 qua:
1586 965 1619 992 ad
1631 972 1692 992 eam

902 1017 1036 1048 spectant,
1055 1012 1186 1040 velutsua
1198 1019 1229 1039 ac
1241 1012 1350 1048 propria
1374 1012 1426 1039 sibi
1451 1011 1603 1038 vindicans.
1621 1009 1692 1037 Pro-

902 1059 988 1093 prium
1006 1065 1123 1093 namque
1135 1058 1310 1085 humanitatis
1326 1062 1376 1088 est,
1394 1065 1426 1085 ex
1447 1065 1476 1085 se
1494 1062 1521 1084 et
1535 1064 1566 1084 ex
1582 1057 1691 1091 propria

901 1103 976 1138 qttasi
1000 1108 1095 1130 natura
1122 1102 1190 1130 nihil
1216 1110 1395 1138 supernorum
1425 1104 1557 1130 donorum
1588 1102 1688 1129 habere

901 1149 1022 1184 (dictum
1038 1149 1109 1176 enim
1125 1153 1167 1176 est
1185 1148 1209 1176 ei
1227 1157 1234 1176 :
1249 1156 1261 1175 c
1275 1148 1344 1181 Quid
1359 1149 1431 1176 enim
1453 1148 1535 1176 habes
1549 1147 1619 1182 quod
1637 1154 1689 1174 non

899 1194 1049 1229 accepisti?
1069 1203 1078 1220 ι
1089 1193 1110 1228 ),
1125 1199 1153 1220 at
1170 1193 1291 1221 exterius
1308 1194 1393 1228 magis
1406 1198 1433 1220 et
1446 1192 1553 1220 aliunde
1575 1191 1689 1220 adsciti-

901 1239 957 1272 tiis,
971 1239 1097 1266 nitnirunt
1106 1246 1121 1266 a
1133 1238 1198 1271 Deo.
1212 1238 1370 1274 locupletari
1382 1239 1470 1270 donis.
1482 1245 1541 1273 qua!
1553 1238 1688 1272 propriam

899 1290 1024 1313 naturam
1039 1290 1178 1320 superant.
1191 1285 1339 1319 Oportebat
1360 1285 1444 1318 igitur
1456 1284 1623 1319 unigenitum
1641 1283 1686 1311 Dei

899 1331 1057 1360 Sermonem
1072 1331 1117 1366 qui
1138 1338 1169 1359 se
1186 1330 1336 1358 exinanivit
1354 1335 1382 1357 et
1403 1329 1522 1361 demisit.
1548 1329 1619 1356 illius
1638 1336 1688 1356 ex-

901 1377 1061 1405 inanitionis
1079 1377 1257 1404 humilitatem
1280 1383 1333 1404 non
1353 1383 1495 1408 recusare,
1512 1375 1558 1403 sed
1579 1379 1688 1410 propter

899 1421 1093 1449 humanitatem
1113 1421 1269 1456 suscipere,
1288 1429 1340 1448 non
1357 1428 1405 1447 sua
1421 1427 1513 1453 causa,
1533 1420 1579 1448 sed
1596 1425 1686 1447 nostra

898 1467 997 1502 potius,
1013 1467 1058 1502 qui
1074 1467 1194 1494 otnnium
1207 1467 1339 1494 bonorum
1354 1467 1507 1493 iaboranms
1525 1466 1684 1499 indigentia.

898 1513 990 1548 itaque
1014 1513 1078 1540 licet
1103 1513 1236 1540 interdum
1263 1513 1369 1540 dicatur
1394 1512 1522 1547 Spiritum
1551 1512 1686 1546 accipere,

897 1566 957 1586 cum
973 1558 1007 1586 sit
1029 1563 1116 1585 tamen
1134 1558 1192 1594 ipse
1216 1558 1435 1585 subministrator
1457 1557 1544 1584 sancti
1560 1557 1687 1592 Spiritus,

895 1608 922 1631 et
938 1612 990 1631 non
1008 1612 1042 1633 ex
1066 1611 1192 1632 mensura
1214 1603 1268 1636 det,
1285 1604 1331 1630 sed
1355 1603 1437 1630 veittti
1457 1603 1490 1630 de
1507 1602 1614 1637 propria
1631 1601 1688 1637 ple-

896 1649 1018 1676 nitudine
1033 1649 1096 1676 illud
1118 1649 1205 1683 dignis
1222 1648 1376 1682 impartiat,
1407 1648 1459 1675 hoc
1483 1654 1532 1681 pro
1556 1654 1681 1673 mensura

896 1700 923 1723 et
941 1695 1049 1722 modulo
1077 1694 1270 1722 exinanitit-nis
1291 1693 1461 1728 intelligatur
1483 1693 1605 1727 accipere
1622 1701 1630 1719 :
1647 1692 1686 1719 sic

895 1739 967 1768 enim
996 1743 1068 1767 recta
1094 1739 1128 1766 ad
1157 1746 1248 1766 verum
1274 1738 1473 1773 perveniemus.
1502 1737 1599 1765 Verum
1622 1737 1686 1764 illud

896 1786 962 1813 mihi
977 1790 1087 1820 specta:
1103 1793 1113 1810 ι
1127 1785 1287 1820 Requiescet
1303 1784 1374 1812 enim
1386 1791 1466 1818 super
1478 1783 1577 1818 ipsum,
1588 1782 1685 1817 inquit,

896 1831 1014 1866 Spiritus
1041 1830 1098 1857 Dei.
1117 1839 1126 1856 ι
1141 1829 1161 1857 Λ
1176 1829 1308 1865 principio
1331 1829 1404 1856 enim
1429 1829 1520 1854 datmn
1542 1832 1584 1855 est
1599 1827 1684 1855 nostri

896 1876 1003 1911 generis
1019 1875 1158 1910 primitiis,
1170 1875 1195 1902 id
1206 1879 1256 1906 est,
1271 1874 1385 1906 Adamn,
1404 1881 1497 1901 verum
1516 1873 1541 1900 in
1557 1873 1686 1900 observa-

897 1922 968 1949 tione
983 1921 1111 1953 mandati,
1127 1920 1197 1955 quod
1212 1920 1340 1948 traditum
1352 1923 1410 1947 erat
1436 1919 1512 1953 piger
1537 1923 1564 1945 et
1586 1917 1685 1944 remis-

896 1976 951 2001 sus,
965 1967 1039 2002 jussu
1053 1967 1221 2002 posthabuit,
1232 1973 1264 1993 ac
1280 1966 1418 1993 demersus
1429 1964 1507 1992 estin
1522 1968 1662 2000 peccatum
1673 1982 1682 1996 ,

896 2021 946 2041 nec
959 2013 1061 2040 invenit
1077 2012 1102 2039 in
1120 2011 1274 2039 hominibus
1288 2010 1438 2045 requietem
1454 2009 1574 2044 spiritus.
1593 2017 1602 2035 ι
1621 2007 1686 2035 0m-

896 2067 967 2086 nes:
984 2059 1082 2086 etettim
1105 2066 1114 2084 ι
1139 2057 1352 2090 declinaverunt,
1377 2054 1458 2082 simul
1485 2054 1592 2082 inutiles
1620 2053 1684 2081 iacti

897 2112 970 2139 sunt,
987 2113 1039 2133 non
1057 2110 1116 2133 erat
1139 2106 1184 2140 qui
1203 2103 1283 2140 195
1301 2103 1402 2130 iaceret
1423 2103 1533 2134 bonum,
1551 2109 1602 2129 non
1625 2106 1686 2128 erat

896 2161 982 2188 usque
995 2153 1027 2181 ad
1039 2160 1119 2180 unum
1131 2152 1164 2178 ".
1178 2161 1187 2178 ι
1205 2152 1267 2179 Post
1281 2151 1367 2178 iactus
1376 2154 1417 2177 est
1426 2149 1505 2176 homo
1517 2147 1684 2182 unigenitum

896 2199 942 2227 Dei
955 2198 1085 2232 Verbum,
1101 2198 1164 2226 licet
1186 2197 1258 2225 Deus
1272 2204 1332 2224 esse
1357 2204 1410 2224 non
1434 2196 1570 2223 desineret
1584 2202 1590 2221 :
1605 2201 1683 2220 cunt-

893 2253 946 2281 que
965 2245 1061 2272 similis
1085 2244 1163 2272 nobis
1191 2247 1280 2276 esset.
1302 2242 1423 2269 irretitus
1450 2245 1537 2268 tamen
1567 2240 1685 2275 peccatis

893 2299 946 2318 non
970 2295 1027 2323 est,
1057 2290 1229 2325 Spiritusque
1253 2293 1363 2316 sanctus
1388 2288 1414 2314 in
1444 2286 1560 2314 hominis
1588 2290 1685 2312 natura

893 2337 1003 2369 insedit,
1019 2337 1092 2363 velut
1109 2337 1134 2362 in
1160 2337 1217 2371 ipso
1244 2335 1331 2370 primo
1355 2339 1383 2361 et
1405 2333 1483 2368 quasi
1509 2333 1534 2359 in
1557 2331 1684 2360 secundis

897 2382 1025 2417 primitiis
1051 2381 1168 2417 generis,
1185 2385 1212 2407 ut
1227 2385 1253 2407 et
1268 2381 1293 2407 in
1315 2379 1394 2406 nobis
1410 2378 1537 2412 deinceps
1552 2377 1681 2411 conquie-

894 2432 983 2455 sceret
998 2435 1029 2454 ac
1044 2431 1176 2459 maneret,
1193 2431 1219 2452 et
1238 2425 1263 2452 in
1289 2424 1458 2453 credentium
1473 2423 1604 2450 mentibus
1621 2429 1681 2449 cum

895 2472 1030 2507 voluptate
1054 2472 1197 2499 habitaret.
1222 2470 1266 2498 Sic
1291 2469 1361 2496 enim
1385 2473 1413 2496 et
1437 2468 1544 2496 divinus
1565 2466 1682 2494 Joannes

895 2519 993 2546 vidisse
1012 2519 1050 2545 ait
1073 2525 1103 2545 se
1125 2517 1330 2545 descendentem
1361 2516 1393 2542 de
1416 2515 1483 2542 caelo
1508 2513 1637 2548 Spiritum
1654 2512 1679 2538 in

893 2562 1041 2591 Christum.
1068 2563 1102 2590 Ut
1122 2563 1193 2590 enim
1216 2566 1355 2589 consortes
1374 2566 1494 2591 eramus,
1509 2563 1538 2585 et
1560 2558 1680 2585 hzeredes

897 2609 1024 2636 maiorum
1040 2617 1099 2643 quae
1128 2607 1295 2643 prolopiasto
1316 2606 1486 2641 primumque
1504 2604 1612 2632 condito
1632 2603 1680 2630 ho-

892 2654 957 2680 mmi
977 2654 1153 2682 acciderunt:
1170 2654 1210 2681 sic
1226 2653 1307 2680 etiam
1328 2659 1422 2679 eorum
1435 2657 1494 2685 quae
1507 2657 1556 2685 per
1572 2649 1679 2683 dispen-

891 2700 1022 2726 sationem
1037 2699 1201 2726 exstiterunt
1230 2698 1356 2726 secundis
1372 2696 1456 2724 nostri
1470 2695 1576 2731 generis
1591 2692 1678 2729 primi-

893 2745 947 2776 tiis,
968 2745 993 2772 id
1011 2751 1060 2777 est,
1075 2745 1194 2775 Christo,
1211 2745 1312 2771 erimus
1328 2743 1482 2778 participes.
1499 2741 1574 2775 Quod
1589 2743 1676 2766 autem

662 2820 681 2835 "~“
697 2820 775 2848 Rom.
795 2829 834 2855 ιιι,
854 2822 894 2848 i2.
