1872 3055
61 126 111 154 511

636 129 670 156 IN
690 130 806 158 lSAlAM
827 131 891 158 LIB.
913 132 944 161 ll.
967 134 1087 162 ΤοΜυὸ
1107 135 1126 162 l.

1649 133 1699 162 518

62 185 139 212 τοῦτο
153 184 281 214 διειπεῖν
293 188 451 222 ἀναγκαῖον.
468 187 591 214 Πλεῖστοι
605 188 655 223 μὲν
669 188 723 223 γὰρ
743 189 800 215 ὅσοι

966 199 1053 218 norem
1083 192 1242 227 impertinnt
1269 193 1331 222 licet
1357 195 1446 222 minus
1480 194 1558 222 bonis
1586 196 1705 223 moribus

64 231 122 260 καθ’
137 232 218 268 ἡμᾶς
230 234 300 264 τοὺς
314 234 435 260 ἐπαινεῖν
447 233 589 265 ἐθέλοντας
599 234 703 267 ἀξιοῦσι
716 235 808 271 τιμῆς,
821 237 868 262 καὶ

65 279 86 304 εί
109 279 146 313 μή
177 286 260 309 τινες
284 275 339 305 εἷεν
364 277 461 312 ἀγαθοὶ
481 278 545 310 τοὺς
565 278 692 314 τρόπους,
722 279 817 315 μισθὸν
838 280 866 307 δὲ

66 324 156 358 ὥσπερ
172 323 228 358 τῆς
254 323 400 354 κολακείας
413 324 505 355 αὐτοῖς
520 324 687 359 ἀπονέμουσι
711 324 742 351 τὸ
763 326 809 352 καὶ
824 326 867 352 οε-

69 369 197 404 ριπεὺειν
220 369 284 395 ἐσθ’
298 370 352 402 ὅτε,
374 369 421 396 καὶ
447 369 511 401 τοὺς
537 369 582 396 ὑπ’
606 369 706 402 αὐτοὺς
739 371 866 405 ἐλέγχους

68 415 276 443 συστέλλουσιν,
307 415 378 442 Ἀλλ’
390 415 420 442 οὐ
431 414 511 442 τοῦτο
526 415 676 450 δεδρακότα
702 416 804 443 κατίδοι
825 425 866 448 τις

68 463 97 489 ἂν
123 462 169 488 τὸν
193 461 305 496 Κύριον
334 461 380 488 καὶ
403 460 469 487 Θεὸν
496 461 575 496 ἡμῶν
603 461 707 496 Ἰησοῦν
737 462 864 497 Χριστόν.

67 508 210 543 Τοιγάρτοι
234 507 285 534 οιαὶ
300 508 362 539 τοὺς
380 508 559 542 χρηστοετυεῖν
585 507 749 543 ᾑρημένους,
764 508 794 535 οὺ
812 509 865 543 μὴν

68 555 103 581 ἔτι
114 554 162 580 καὶ
182 553 311 587 ἀγαθοὺς
338 554 419 584 δντας
443 553 515 580 κατὰ
548 553 686 589 ἀλήθειαν,
717 554 865 589 ἀποτόμοις

918 237 1054 270 praeditis,
1077 238 1171 273 eisque
1200 240 1352 266 mercedem
1381 239 1454 266 velut
1474 239 1639 267 adulationis
1659 241 1706 267 tri-

918 281 1013 314 buunt,
1030 287 1058 309 ut
1079 282 1211 310 interdum
1229 284 1310 311 etiam
1328 284 1418 312 colant
1445 292 1494 312 eos
1506 290 1533 312 et
1548 285 1704 317 observent,

918 333 950 353 ac
964 328 1188 361 reprehensiones
1199 330 1380 364 supprimunt.
1396 329 1495 358 Verum
1512 331 1654 358 Dominum
1674 339 1705 357 ac
1735 350 1737 352 -

918 370 1000 398 Deum
1013 378 1134 400 nostrum
1149 374 1240 402 Jesum
1260 374 1396 403 Christum
1413 376 1464 403 hoc
1487 376 1612 403 factitare
1626 383 1705 403 nemo
1730 367 1736 376 ’

917 417 1024 446 viderit.
1036 418 1085 452 Qui
1099 420 1170 446 enim
1192 420 1288 448 blande
1311 421 1404 448 volunt
1429 422 1519 457 loqui,
1537 429 1624 457 neque
1641 429 1704 449 Vere
1734 446 1738 455 ι

916 462 978 490 boui
992 469 1065 496 sunt,
1091 465 1141 492 hos
1154 466 1339 494 acerbissimis
1354 468 1612 501 reprehensionibus
1634 475 1700 495 cou-
1733 464 1738 469 ¹

917 509 996 536 vertit
1008 517 1093 543 saepe,
1114 515 1143 537 ιιι
1156 511 1238 538 vitam
1254 512 1338 538 velint
1363 513 1505 540 instituere
1522 513 1700 540 moderatius.

914 555 1095 581 Accesscrunt
1117 556 1188 582 enim
1205 556 1354 590 aliquando
1367 557 1476 591 quidam
1498 556 1654 590 llerodiani,
1673 562 1702 584 ut

67 601 184 635 ἐλέγχοις
197 599 319 635 μεθίστη
342 599 473 630 πολλάκις
495 599 541 625 Eni
562 607 594 633 γε
619 600 650 626 τὺ
666 599 740 634 βιοῦν
757 599 806 626 tte

959 605 1045 627 :antur
1061 607 1069 626 :
1082 605 1159 628 erant
1172 607 1260 628 autem
1273 602 1299 628 bi
1317 602 1522 636 publicanorum
1536 609 1677 630 exactores
1692 612 1698 630 :

70 645 303 681 σωφρονέστερον.
322 644 479 681 Προοῄεσαν
498 645 547 680 μὲν
557 645 611 681 γάρ
624 653 689 672 ποτε
707 645 756 672 τῶν
770 646 809 672 καῖ

961 646 1018 673 dolo
1029 646 1055 673 in
1074 646 1146 673 illum
1161 647 1268 682 egregie
1292 648 1428 675 instructo
1445 648 1595 676 dicebant:
1615 658 1624 674 ι
1644 649 1700 676 Ma-

69 691 151 726 μένων
182 690 364 726 Ἦρωδιανῶν
389 699 471 722 τινες,
494 690 649 726 πράκτορες
666 691 695 717 δὲ
717 687 789 718 οὗτοι

959 698 1006 725 ter,
1021 692 1120 720 scimus
1136 697 1161 719 te
1176 693 1245 719 viam
1263 693 1308 719 Dei
1330 693 1356 720 in
1370 693 1482 720 veritate
1502 694 1599 722 docere
1611 700 1637 722 et
1647 703 1698 722 non

68 737 165 767 ὶωνῶν,
185 734 251 763 εἶτα
263 736 342 763 δόλον
355 736 429 771 αὐτῷ
445 736 543 771 πικρὸν
559 735 709 770 ὰρτίοντες,
722 736 807 771 εφασκ

961 745 973 764 e
990 737 1038 764 tibi
1059 744 1152 764 curam
1173 737 1205 764 de
1221 737 1326 771 aliquo;
1347 746 1400 765 non
1416 738 1489 764 enim
1508 738 1620 773 respicis
1643 746 1700 772 per-

70 793 78 807 ι
107 781 273 814 Διδάσκαλε,
305 779 417 816 οἴδαμεν
439 782 480 808 ὅτι
504 781 553 817 τὴν
575 782 635 809 ὁδὸν
659 782 707 809 τοῦ
737 782 805 809 Θεοῦ

958 790 1006 810 iam
1032 783 1197 810 hominum:
1221 783 1319 810 licetne
1344 791 1456 811 censum
1483 784 1547 811 dare
1578 784 1697 818 Caesari,

70 827 175 864 ἀληθείᾳ
191 827 345 860 διδάσκεις,
362 827 408 854 καὶ
421 827 452 854 οὺ
466 827 541 863 μέλει
556 836 597 854 σοι
611 828 675 863 περὶ
689 828 804 860 οὐδενός.

960 828 1021 856 ton?
1036 828 1139 862 Quibus
1154 828 1218 856 ille:
1238 828 1308 862 Quid
1327 836 1369 856 nte
1392 830 1511 862 teutatis,
1530 830 1699 864 hypocrita?

71 859 117 909 γὰρ
141 859 255 908 βλέπεις
271 875 313 906 εἰς
330 859 475 909 πρόσωπον
489 859 654 908 ἀνθρώταον..
675 859 810 907 Ἐξεστιγδ

959 874 1048 902 endite
1060 874 1124 901 mihi
1136 875 1268 902 numisma
1286 881 1383 902 census
1395 875 1430 901 ⁸⁸.
1451 884 1461 902 ι
1479 875 1601 903 Observa
1615 876 1698 911 igitur

70 928 109 946 ναι
130 919 232 954 φόρους
251 920 387 954 Καίσαρι,
402 919 419 954 ἢ
432 917 479 951 οὗ;
498 919 586 951 Αὐτὸς
615 919 644 946 δὲ
671 919 740 956 πρὸς
761 921 860 954 ταῦτα,

74 966 98 992 fi
114 973 146 1000 με
159 965 322 1001 πειράζετε,
334 964 480 1000 ὑποκριταί
494 973 502 998 ;
518 965 668 997 ἐπιδείξατε
684 974 729 1001 μοι
745 966 775 992 τὸ
784 966 861 1002 νόμι-

72 1019 121 1046 σμα
138 1010 185 1037 τοῦ
208 1011 327 1046 κήνσου.
349 1020 359 1036 ι
386 1010 481 1045 Ἀθρει
505 1009 537 1047 δὴ
559 1010 606 1038 οὖν
625 1012 700 1044 ὅπως
729 1012 861 1048 διελέγχει

72 1055 276 1087 κολακεύοντας,
301 1056 348 1082 καὶ
360 1055 610 1091 χρηστολογοῦντας
625 1057 793 1085 ἀποσείεται.
816 1059 861 1085 Δι-

72 1103 159 1138 ήλεγξε
172 1101 212 1133 δὲ,
227 1101 280 1128 καὶ
292 1102 324 1128 οὐ
337 1102 407 1128 κατά
421 1110 454 1136 γε
465 1102 514 1137 τὴν
528 1102 623 1129 λαλιὰν
638 1102 727 1129 αὐτῶν
737 1111 744 1119 ο
764 1103 790 1129 οἱ
810 1103 861 1138 μὲν

73 1149 119 1184 γὰρ
140 1148 320 1183 προσεδόκων
339 1147 583 1183 ἐπαινεθήσεσθαι,
600 1148 669 1186 τάχα
693 1156 745 1174 που
769 1157 860 1176 κατει-

75 1195 244 1231 ρωνευόμενοι
263 1194 327 1230 μὲν,
352 1193 422 1229 πλὴν
446 1193 535 1228 εὐφυᾶ
554 1193 601 1220 καὶ
631 1194 860 1231 στωμυλεστάτην

73 1239 272 1274 ἐπιτηδεύοντες
299 1238 349 1274 τὴν
378 1237 581 1274 κομψολογίαν,
613 1240 628 1265 ὁ
656 1239 686 1265 δὲ
719 1239 860 1275 ἀδοκήτως

74 1284 245 1320 τειράζοντας
276 1285 326 1311 καὶ
343 1283 493 1319 ὑποκριτὰς
509 1283 610 1310 ἐκάλει.
629 1284 734 1312 Οὐκοῦν
746 1285 777 1311 οὐ
789 1285 861 1313 κατὰ

75 1331 115 1367 τὴν
128 1331 204 1363 δόξαν
215 1331 318 1366 κρινεῖ,
329 1330 480 1362 τουτέστιν,
489 1330 520 1356 οὐ
535 1330 771 1366 προσωπολήπτης
783 1331 859 1358 ἔσται

74 1377 201 1412 δικαστὴς,
219 1376 285 1403 οὔτε
299 1376 353 1412 μὴν
368 1375 473 1410 ἐλέγξει
485 1376 556 1402 κατὰ
571 1376 620 1411 τὴν
631 1376 737 1403 λαλιάν.
752 1377 791 1404 οὐ
805 1377 860 1413 γὰρ

76 1423 197 1456 ἀνέξεται,
213 1423 293 1457 φησὶ,
312 1422 369 1448 τῶν
391 1421 487 1448 ἀνόσια
510 1422 559 1457 μὲν
576 1423 683 1457 φρονεῖν
701 1422 858 1458 ᾑρημένων,

76 1471 235 1504 προσωπεῖον
250 1469 281 1495 δὲ
295 1468 392 1503 ὥσπερ
420 1468 526 1503 ἀπάτης
550 1469 597 1495 καὶ
613 1467 689 1495 δόλου
706 1469 860 1502 περιτιθέν-

911 928 964 956 quo
979 926 1058 956 pacto
1073 922 1218 957 redarguat
1238 922 1379 957 palpantes
1389 942 1396 955 ,
1421 927 1449 949 et
1463 922 1635 951 blandientes
1655 931 1700 951 re~

911 967 1001 1000 pellat.
1029 967 1159 1002 Coarguit
1190 974 1304 1000 autem,
1335 968 1417 1002 idque
1432 976 1486 996 non
1509 977 1541 996 ex
1572 977 1699 998 sermOne

910 1012 1028 1047 ipsorum
1046 1022 1053 1040 :
1075 1013 1155 1048 196
1168 1021 1231 1041 nam
1249 1014 1274 1041 hi
1292 1015 1436 1048 sperabant
1451 1022 1482 1042 se
1497 1015 1634 1042 laudatum
1654 1016 1697 1048 iri,

910 1066 972 1086 cum
992 1058 1187 1087 cavillarentur
1209 1060 1329 1094 quidem,
1348 1059 1394 1087 sed
1413 1060 1559 1095 ingenuum
1575 1066 1603 1088 et
1620 1061 1698 1088 blan-

910 1105 972 1132 dum
990 1105 1122 1133 orationis
1148 1106 1266 1141 leporem
1283 1106 1442 1134 adhibentes
1455 1126 1462 1138 .
1479 1106 1523 1134 hie
1544 1111 1634 1134 autem
1649 1114 1697 1134 eos

912 1156 1062 1179 tentatores
1083 1156 1110 1179 et
1126 1153 1284 1187 hypocritas
1312 1152 1346 1180 de
1368 1151 1516 1187 improviso
1537 1153 1695 1180 nominavit.

907 1196 1000 1231 Itaque
1014 1205 1068 1224 non
1085 1197 1218 1232 iudicabit
1236 1205 1269 1226 ex
1279 1198 1416 1233 opinione,
1435 1198 1463 1225 id
1478 1202 1530 1231 est,
1548 1206 1602 1226 non
1617 1206 1698 1226 acce-

908 1248 998 1278 ptator
1014 1244 1066 1271 erit
1082 1250 1261 1279 personarum
1274 1243 1368 1278 judex,
1387 1251 1475 1278 neque
1495 1244 1639 1278 redarguet
1662 1251 1697 1271 ex

909 1296 1033 1316 sermone
1053 1297 1061 1316 :
1080 1288 1137 1316 Non
1156 1288 1240 1320 enim,
1266 1288 1377 1322 inquit,
1406 1288 1557 1316 adhaerebit
1582 1289 1624 1316 his
1651 1289 1697 1324 qui

910 1334 993 1368 inpie
1018 1333 1109 1361 affecti
1130 1338 1204 1366 sunt,
1221 1334 1322 1369 quique
1339 1334 1459 1368 leporem
1484 1334 1616 1361 orationis
1638 1339 1697 1362 tan-

909 1386 990 1414 quam
1012 1378 1201 1407 fraudulentia:
1223 1386 1255 1406 ac
1278 1379 1404 1406 versutia:
1420 1386 1562 1414 personam
1579 1379 1630 1407 sibi
1651 1387 1697 1407 as-

908 1428 1028 1452 sumunt.
1045 1423 1121 1457 Quod
1136 1423 1237 1451 diserte
1251 1423 1315 1451 dicit
1330 1433 1337 1451 ε
1356 1433 1366 1450 ι
1388 1424 1445 1451 Non
1458 1424 1547 1452 omnis
1567 1424 1613 1458 qui
1632 1424 1698 1452 dicit

909 1468 988 1500 mihi,
1002 1467 1126 1500 Domine.
1152 1467 1264 1495 Domine
1278 1486 1287 1500 ,
1312 1468 1425 1495 intrabit
1443 1468 1469 1494 in
1486 1475 1598 1502 regnum
1614 1468 1698 1496 celo-

77 1524 121 1542 τιον
132 1516 235 1546 ἑαυτοῖς
249 1515 302 1550 τὴν
317 1513 510 1549 κομψολογίαν.
525 1514 547 1539 Τ
548 1513 611 1540 οὖτό
624 1513 665 1540 τοί
683 1522 766 1549 φησιν
780 1515 816 1541 ὲνι

957 1521 982 1546 n,
995 1514 1041 1541 sed
1057 1515 1102 1549 qui
1119 1514 1186 1541 facit
1196 1513 1467 1541 voluntatemPatris
1484 1514 1535 1540 mei
1553 1513 1598 1547 qni
1616 1518 1656 1541 est
1671 1514 1696 1540 in

76 1562 138 1595 γὼς·
157 1570 165 1586 ι
182 1561 219 1587 Οΰ
237 1562 294 1592 πᾶς
306 1562 322 1587 ὁ
337 1560 425 1594 λέγων
441 1568 498 1594 μοι,
517 1559 613 1594 Κύριε,
629 1558 726 1595 Κύριε,
740 1560 858 1587 εἰσελεύ-

78 1616 144 1634 σεται
157 1607 194 1638 είς
208 1606 258 1642 τὴν
271 1605 411 1641 βασιλείαν
432 1604 488 1632 τῶν
510 1605 644 1640 οὐρανῶν,
669 1605 726 1632 ἀλλ’
743 1607 757 1632 ὁ
771 1605 858 1633 ποιῶν

77 1653 102 1679 τὸ
112 1653 211 1688 θέλημα
225 1652 274 1679 τοῦ
290 1652 400 1687 Πατρός
423 1660 473 1687 μου
494 1650 541 1678 τοῦ
565 1652 594 1677 ὲν
609 1652 665 1682 τοῖς
687 1651 821 1687 οὐρανοῖς.
845 1661 855 1678 ι

79 1700 126 1727 Καὶ
140 1700 234 1726 πάλιν·
253 1709 263 1726 ι
280 1699 378 1726 Πολλοὶ
394 1697 484 1734 ὲροῦσί
499 1707 543 1733 μοι
555 1698 584 1724 ἐν
601 1697 691 1733 ἐκείνη
704 1699 738 1732 τῇ
756 1698 858 1734 ἡμέρᾳ,

78 1747 106 1779 τῇ
117 1745 162 1778 τῆς
180 1745 298 1780 κρίσεως
309 1743 451 1780 δηλονότι·
467 1743 563 1778 Κύριε,
576 1742 673 1778 Κύριε,
700 1743 730 1770 οὐ
753 1743 792 1778 τῷ
819 1743 859 1778 σῷ

79 1791 179 1826 ὀνόματι
211 1790 469 1826 προεφητεύσαμεν,
508 1790 556 1816 καὶ
596 1789 727 1823 δυνάμεις
758 1789 859 1821 πολλὰς

80 1838 251 1872 ὲποιήσαμεν;
275 1836 358 1864 Ἀλλὰ
371 1836 441 1869 τότε,
454 1837 546 1871 φησὶν,
563 1835 619 1871 ἐρῶ
631 1836 722 1867 αὐτοῖς
731 1844 737 1851 ·
760 1835 857 1871 Ἀμὴν,

79 1884 141 1917 λέγω
153 1885 225 1919 ὑμῖν,
251 1883 384 1910 οὐδέποτε
411 1883 496 1916 ἔγνων
518 1882 599 1918 ὑμᾶς.
618 1891 627 1907 ι
647 1882 679 1908 Τί
699 1881 727 1908 δὲ
750 1881 782 1916 δὴ
804 1882 858 1917 ἄρα

81 1928 245 1962 πρὺςτούτοις
259 1928 273 1954 ὁ
288 1926 538 1962 ἀπροσωπόλητιτος
552 1925 696 1961 ἐργάζεται
711 1925 858 1960 δικαστής;

81 1973 164 2008 Κρινεῖ
178 1972 301 2008 ταπεινῷ
314 1972 415 2007 κρίσιν,
426 1971 574 2003 τουτέστιν,
587 1971 617 1997 οὐ
630 1970 787 2006 περιόψεταί
797 1979 858 1997 τινα

81 2019 126 2045 τῶν
133 2019 271 2051 ταπεινῶν,
283 2018 341 2045 ἀλλ’
358 2017 441 2053 ὀρθὴν
456 2017 504 2044 κα)⁸
513 2016 664 2052 ἀμώμητον
672 2017 715 2043 ἐπ’
723 2016 797 2051 αὐτῷ
808 2017 858 2052 τὴν

82 2064 160 2100 κρίσιν
171 2065 278 2098 ἐξοίσει.
307 2063 460 2098 Ἐξελέγξει
473 2064 501 2090 δὲ
518 2063 619 2098 ὁμοίως
634 2063 698 2094 τοὺς
714 2063 858 2093 ταπεινοὺς

82 2110 122 2145 τῆς
134 2111 196 2146 γῆς·
211 2111 308 2146 ὥσπερ
319 2109 375 2145 γὰρ
391 2109 421 2136 οὐ
437 2109 468 2135 τὸ
482 2108 529 2135 τοῦ
545 2108 672 2134 πλουσίου
687 2107 859 2134 πλεονεκτεῖν

82 2155 203 2188 ἐθέλοντος
229 2155 389 2192 ὲρυθριὰσει
413 2155 569 2191 πρόσωπον,
586 2154 661 2186 μλλὰ
682 2154 789 2181 δικαίαν
812 2155 858 2180 ἐπὶ

909 1559 986 1587 ςωιίε
1000 1559 1050 1586 δ’.»
1064 1559 1098 1586 Ει
1111 1566 1206 1586 rursus
1222 1568 1228 1587 :
1248 1567 1258 1584 ι
1277 1558 1352 1586 Multi
1367 1559 1457 1586 dicent
1472 1558 1537 1585 mihi
1553 1558 1597 1585 illo
1611 1558 1665 1590 die,
1685 1567 1695 1584 ι
1740 1563 1745 1575 ν

906 1604 1000 1640 iudicii
1024 1604 1164 1637 nimirum,
1182 1614 1192 1631 ι
1216 1603 1340 1637 Domine,
1355 1604 1478 1636 Domine,
1497 1611 1587 1632 nonne
1604 1604 1631 1631 in
1651 1612 1700 1631 no—

909 1652 981 1679 mine
1009 1656 1055 1678 tuo
1084 1651 1318 1686 prophetavimus,
1336 1654 1363 1678 et
1380 1650 1493 1677 virtutes
1512 1649 1611 1677 multas
1628 1657 1699 1684 pra:-

908 1696 1111 1725 stitimus?Sed
1141 1701 1226 1729 tunc,
1254 1695 1366 1730 inquit,
1391 1695 1479 1722 dicam
1504 1695 1582 1722 illis:
1612 1695 1698 1722 Amen

909 1744 969 1771 dico
993 1743 1093 1770 vobis:
1112 1749 1249 1776 nunquam
1274 1741 1335 1769 novi
1359 1748 1406 1768 vos
1419 1741 1453 1768 ".
1481 1750 1492 1767 ι
1523 1741 1593 1774 Quid
1616 1748 1699 1775 porro

909 1789 964 1824 agit
979 1787 1061 1823 judex
1077 1788 1122 1815 hic
1145 1795 1161 1814 a
1180 1794 1355 1822 personarum
1371 1786 1556 1821 acceptations
1569 1786 1700 1813 alienus?

908 1833 1045 1862 Judieabit
1077 1833 1172 1861 humili
1197 1833 1348 1868 judicium,
1372 1832 1398 1860 id
1414 1837 1470 1864 est,
1491 1840 1543 1859 non
1563 1832 1697 1866 despiciet

909 1887 1072 1915 quemquam
1100 1880 1245 1911 humilem,
1261 1883 1289 1906 at
1304 1883 1408 1906 rectum
1429 1882 1457 1906 et
1484 1878 1648 1911 inculpatum
1665 1878 1699 1905 de

907 1934 940 1954 eo
956 1925 1087 1960 judicium
1113 1926 1243 1959 proferet.
1266 1924 1398 1952 Similiter
1424 1925 1506 1952 etiam
1527 1928 1623 1959 arguet
1645 1924 1698 1951 hu-

910 1973 987 2000 miles
995 1977 1075 1999 terra:
1087 1979 1094 1998 :
1112 1971 1341 2006 quemadmodum
1349 1970 1422 1998 enim
1437 1977 1581 2005 personam
1590 1969 1695 2003 divitis,

909 2025 1005 2053 rapere
1028 2025 1060 2045 ae
1086 2017 1206 2052 spoliare
1234 2016 1371 2050 volentis,
1395 2025 1449 2044 non
1473 2017 1624 2049 verebitur,
1651 2017 1698 2044 sed

908 2064 1010 2100 justum
1027 2064 1060 2092 de
1076 2063 1169 2092 humili
1190 2063 1328 2091 exercebit
1350 2063 1482 2097 judicium
1499 2072 1506 2090 :
1522 2063 1571 2095 ita,
1593 2063 1697 2097 inquit,

909 2111 931 2138 si
947 2111 1008 2144 quis
1038 2117 1133 2137 eorum
1169 2109 1214 2143 qui
1239 2110 1266 2136 in
1290 2109 1363 2136 tenui
1390 2108 1500 2136 fortuna
1521 2113 1549 2136 et
1568 2109 1700 2144 angustiis

910 2164 1000 2183 rerum
1018 2155 1051 2183 ad
1067 2155 1148 2182 vitam
1165 2154 1381 2182 necessariarum
1401 2153 1564 2181 constitutus
1579 2159 1631 2185 est,
1643 2161 1696 2182 .ex-

83 2201 114 2236 τῷ
137 2202 251 2237 ταπεινῷ
271 2203 414 2237 ποιήσεται
440 2201 531 2236 κρίσιν
548 2207 555 2215 ·
573 2199 646 2226 οὕτω
673 2198 723 2226 κᾶν
744 2199 770 2226 εἴ
791 2208 822 2226 τιη

976 2201 1048 2235 leges
1066 2199 1173 2227 divinas
1198 2202 1339 2234 evagetur,
1358 2202 1385 2226 et
1411 2198 1550 2232 iniustitia:
1583 2197 1699 2225 crimine

83 2247 147 2282 φησι,
161 2248 213 2274 τῶν
226 2249 255 2274 ὲν
268 2247 364 2282 ὑφέσει
380 2246 426 2274 καὶ
437 2246 659 2282 σμικροπρεπείᾳ
672 2248 706 2282 τῇ
720 2246 791 2274 κατὰ
809 2255 822 2273 τ

956 2246 1042 2274 virtus
1062 2254 1094 2274 ac
1119 2245 1282 2273 constrictus
1304 2249 1439 2277 teneatur,
1460 2245 1543 2271 etiam
1574 2243 1596 2271 is
1617 2251 1695 2271 coar-

85 2293 140 2327 βίον.
159 2293 208 2327 ἔξω
229 2294 285 2320 τῶν
309 2293 390 2320 Θείων
411 2293 519 2328 φέροιτο
542 2292 640 2327 νόμων,
667 2293 715 2319 καὶ
735 2293 790 2323 τοῖς
805 2292 855 2326 τῆς

84 2339 176 2371 ἀδικίας
197 2340 368 2375 ἐγκλήμασιν
380 2339 475 2366 ἑαυτὸν
490 2338 574 2369 ἀνιεὶς
589 2338 738 2372 ἁλίσκοιτο,
762 2338 856 2373 φησιν,

86 2384 259 2420 ἐλεγχθήσεται
300 2386 348 2412 καὶ
386 2381 473 2416 οὗτος.
506 2385 666 2420 Γέγραπται
699 2384 775 2420 γὰρ,
817 2383 858 2410 ὅτι

91 2439 98 2455 ι
110 2432 206 2467 Πένητα
216 2432 265 2458 οὐκ
278 2432 399 2467 ὲλεήσεις
416 2432 444 2457 ὲν
456 2431 556 2466 κρίσει.
570 2440 579 2457 ›
591 2430 697 2466 Ὠσπερ
706 2430 760 2465 γὰρ
770 2430 816 2456 τὸν
828 2429 857 2456 ὲν

89 2476 189 2512 πλούτῳ,
214 2478 259 2505 καὶ
276 2479 409 2513 ὑπεροχῇ,
424 2477 472 2504 καὶ
498 2477 590 2512 μέντοι
616 2477 663 2503 καὶ
687 2475 856 2507 δυναστείαις

88 2523 128 2550 οὐκ
140 2524 282 2557 ἀπαλλάξει
295 2525 351 2552 τῶν
372 2524 543 2560 αἰτιαμάτων
552 2523 582 2550 τὸ
595 2523 756 2558 περιφανὲς,
771 2523 795 2549 εί
812 2522 858 2548 ἐπί

91 2577 135 2595 τισι
145 2569 194 2596 τῶν
209 2571 328 2597 ἐκτόπων
346 2569 595 2604 καταγινώσκοιτο,
617 2568 704 2601 οὕτως
717 2568 767 2595 οὐκ
782 2568 859 2595 ἑλευο

92 2613 189 2650 οερώσει
205 2617 250 2643 τοῦ
265 2615 336 2643 εἶναι
355 2616 471 2651 πονηρδν
485 2616 517 2642 τὺ
531 2617 560 2642 ὲν
583 2616 677 2649 ὑφέσει
692 2615 739 2641 καὶ
759 2622 858 2640 ταπει-

93 2661 168 2695 νότητι
178 2661 391 2698 ομικροπρεπὲς,
402 2661 463 2688 οὔτε
477 2661 531 2697 μὴν
545 2660 696 2693 ἀπαλλάξει
712 2659 759 2687 τοῦ
776 2659 857 2686 κολά-

94 2705 170 2737 ζεςῢαι
188 2707 238 2734 δεῖν
262 2707 307 2735 τὸν
320 2708 356 2742 τῇ
372 2707 489 2742 πτωχείᾳ
507 2706 734 2741 κατηχϐισμένον,
751 2706 798 2732 καὶ
811 2705 857 2731 τὸν

97 2751 211 2779 ἀπευκτὸν
229 2754 277 2781 καὶ
292 2752 447 2789 τρισάθλιον
477 2753 626 2788 ἅμείὅοντα
647 2752 714 2788 βίον.
735 2752 858 2778 [1003m-

904 2297 1011 2329 guetur.
1028 2292 1166 2328 Scriptum
1182 2291 1254 2319 enim
1268 2295 1309 2318 est
1327 2299 1333 2317 :
1357 2299 1367 2315 ι
1389 2289 1538 2324 Pauperem
1556 2296 1609 2316 non
1641 2288 1694 2315 mi-

904 2339 1038 2367 sereberis
1065 2338 1091 2365 in
1114 2337 1216 2372 judicio
1230 2336 1263 2363 δι.
1295 2345 1305 2362 ι
1337 2335 1571 2369 Quemadmodum
1596 2334 1699 2361 etenim

907 2385 1026 2417 divitiis,
1041 2389 1069 2412 et
1093 2383 1235 2418 dignitate,
1258 2387 1286 2410 et
1316 2382 1470 2417 principatu
1488 2386 1596 2408 auctum
1616 2387 1697 2407 orna-

909 2436 1019 2466 tumque
1058 2429 1168 2457 claritas
1203 2433 1231 2456 et
1266 2427 1414 2462 amplitudo
1449 2426 1611 2454 criminibus
1643 2432 1699 2452 non

909 2476 1048 2509 absolvet,
1075 2476 1098 2502 si
1113 2482 1175 2502 reus
1190 2479 1316 2510 peractus
1334 2474 1369 2501 sit
1391 2471 1526 2500 lmdorum
1540 2471 1675 2499 scelerum
1689 2480 1696 2498 :

908 2523 948 2550 sic
964 2523 1077 2557 abjectte
1093 2521 1210 2549 fortuna:
1226 2524 1253 2549 et.
1280 2519 1390 2548 humilis
1413 2519 1549 2546 hominem
1578 2517 1700 2553 parvitas

909 2568 967 2596 haec
982 2575 997 2595 a
1012 2568 1084 2595 malo
1097 2575 1152 2595 non
1174 2566 1334 2598 vindicabit,
1352 2572 1403 2593 nec
1420 2573 1434 2592 a
1450 2564 1583 2600 supplicio
1608 2563 1701 2599 prohi-

910 2613 984 2641 bebit
1008 2613 1168 2641 del'cndetve
1183 2621 1244 2640 cum
1258 2613 1303 2648 qui
1321 2611 1497 2639 mendicitate
1513 2614 1644 2646 gravatur
1669 2613 1696 2637 et

910 2658 1082 2694 opprimitur,
1100 2663 1128 2686 et
1142 2658 1335 2693 quisordidam
1364 2664 1396 2685 ac
1412 2662 1452 2684 ter
1468 2657 1596 2683 miseram
1614 2655 1698 2682 vitam

913 2704 1081 2733 transmittit.
1099 2704 1227 2741 Adjungit
1242 2708 1372 2739 praterea
1398 2703 1440 2731 his
1456 2707 1484 2730 et
1501 2701 1553 2729 alia
1574 2700 1697 2735 quamam

912 2751 1009 2778 divina:
1032 2749 1199 2779 excellentiae
1215 2758 1332 2786 genera,
1354 2757 1414 2784 qutc
1434 2749 1499 2776 dicit
1527 2747 1554 2776 in
1575 2744 1696 2774 omnium

125 2829 242 2859 “Matth.
256 2839 323 2866 nn,
345 2831 434 2859 lli-“ll.
473 2832 493 2848 ⁸³
516 2831 610 2859 Matth.
625 2838 671 2864 ιιι,
693 2829 737 2858 ‘21.
775 2829 796 2845 ⁸⁵
815 2828 861 2857 ιιι

583 2831 610 2859 Ιι.
625 2838 671 2864 \‘ll,
693 2829 737 2858 ‘21.
775 2829 796 2845 ⁸⁵
815 2828 880 2857 ιιιιι.
896 2837 962 2862 uti,
979 2829 1024 2856 ‘25.
1059 2829 1085 2866 _"
1100 2827 1184 2855 Exod.
1202 2835 1279 2860 nm.
1294 2827 1320 2854 5.
