1872 3055
68 172 112 200 3‘21

625 165 658 194 IN
678 164 797 194 ISAIAM
815 165 879 193 LIB.

899 164 933 194 ll.
954 165 1074 194 TOMUS
1096 165 1116 194 I.

1638 167 1690 194 3E2

99 229 164 264 Πρὸς
182 229 239 260 τοῖς
254 228 304 263 ἥδη
323 226 541 262 προειρημένοις,
555 210 635 261 ¹μέγα
650 226 697 252 καὶ⁸
712 226 838 261 ὲξαίρετο·

951 226 976 253 ιιι
991 233 1023 254 ea
1037 235 1096 260 qua:
1109 225 1164 261 jam
1179 227 1254 261 prius
1271 231 1484 255 commemorata
1499 231 1577 260 sunt,
1593 227 1690 254 addere

69 276 109 304 ut
120 273 195 301 τοῦτο
209 275 334 309 σημεῖον,
351 273 397 299 καὶ
413 273 462 308 τῆς
483 272 529 299 τοῦ
552 273 677 307 Σωτῆρος
687 271 764 307 ἡμῶν
789 272 850 297 ἑπι-

69 321 157 355 δημίας
192 319 244 345 οὐκ
285 318 458 353 ἀθαύμαστον
483 318 655 352 ἀποτέλεσμα
677 317 735 352 δοίη
754 325 794 348 τις
817 316 851 343 ἂν

70 364 138 395 εἶναι,
153 365 198 391 καὶ
212 363 285 399 μάλα
299 364 420 395 εἰκότως.
438 364 506 399 Πρὶν
522 363 572 398 μὲν
585 363 639 398 γὰρ
649 363 776 396 γενέσθαι
788 362 848 388 καθ’

71 413 133 446 ἡμᾶς
146 411 291 445 ἄνθρωπον
301 409 348 436 τὸν
365 410 495 444 μονογενῆ
513 409 561 435 τοῦ
574 408 641 435 Θεοῦ
658 409 758 442 Λόγον·
787 408 851 443 πρὶν

45 484 48 491 γ
71 456 235 483 ἐπιλαϐέσθαι
261 455 418 490 σπέρματος
455 454 590 490 Ἀϐραὰμ,
621 453 787 488 ὁμοιωθῆναί
821 462 852 480 τε

71 502 130 528 κατὰ
143 501 230 527 πάντα
244 501 302 532 τοῖς
318 500 452 534 ἀίελφοῖς,
471 500 542 526 καθὰ
557 500 723 535 γέγραπται,
738 499 851 534 σύμπαν

71 548 95 574 τὸ
105 547 145 573 ἐπὶ
158 547 208 580 γῆς
220 546 310 579 γένος,
332 546 403 580 φημὶ
428 545 459 579 δὴ
480 546 510 571 τὺ
534 545 712 581 ἀνθρώπινον,
728 546 767 576 εἰς
788 545 851 580 ἔθνη

71 593 168 628 διῄρητο
186 591 244 622 δύο,
268 591 309 622 εἷς
325 599 354 617 τε
367 591 422 617 τῶν
444 590 588 622 Ἰουδαίων,
605 590 652 616 καὶ
672 590 726 616 τῶν
742 591 775 625 τῇ
795 590 852 616 κτί-

73 648 106 665 σει
116 638 333 674 λελατρευκὸτων
347 636 423 672 παρὰ
441 636 486 662 τὸν
507 636 647 662 κτίσαντα.
664 636 717 662 Καὶ
733 635 853 669 γνωστὸς

74 686 114 720 μὲν
126 682 157 719 ἦν
173 683 202 709 ἐν
216 685 251 718 τῇ
271 682 386 717 Ἰουδαίᾳ
403 683 418 708 ὁ
431 681 496 713 Θεός
510 689 517 696 ο
534 681 618 713 πολὺς
632 681 660 707 δὲ
677 681 723 708 καὶ
740 681 854 712 ἄπλετος

73 730 174 757 εἰδώλων
190 729 275 763 ὲσμὺς
299 728 375 763 παρὰ
389 727 443 754 τῶν
465 727 568 762 ἐτέρων
588 727 786 763 ὲθρησκεύετο⁶
808 728 856 754 καὶ

79 776 105 801 τὸ
130 774 233 808 ἑκάστῳ
258 773 355 799 δοκοῦν
389 774 422 807 τῇ
447 772 494 799 τοῦ
519 771 587 798 Θεοῦ
619 773 681 808 δόξῃ
710 773 855 807 τετῖμητο’

77 830 85 845 ι
101 820 195 850 Πάντες
209 819 266 854 γὰρ
284 818 432 850 ὲξέκλιναν,
450 817 508 852 ἅμα
522 817 722 853 ὴχρειώθησαν,
745 818 792 843 καὶ
806 817 856 842 οὐκ

73 864 219 901 ἦνόποιῶν
239 863 424 898 χρηστότητα,
450 862 500 888 οὐκ
526 860 560 897 ἦν
587 862 638 893 ἕως
655 862 724 894 ἑνός.
752 871 761 888 ι
787 861 856 887 Ἀλλ’

79 911 184 938 Ἰουδαῖοι
197 909 246 945 μὲν
265 909 310 935 διὰ
321 909 370 944 τῆς
384 908 431 934 τοῦ
443 909 527 942 νόμου
549 907 746 941 παιδαγωγίας,
774 907 855 933 οἱονεί
871 903 892 932 Β

75 965 124 987 πως
138 954 350 989 ἐξημερούμενοι
369 953 417 979 καὶ
431 954 485 984 τοῖς
498 953 546 987 τῆς
558 952 729 986 δικαιοσύνης
744 951 854 987 τρόποις

74 1000 293 1034 τιθασσευόμενοι,
327 998 384 1034 βίον
406 999 586 1033 τετιμήκασιν
621 997 854 1032 ἁνθρωποπρεπῆ·

75 1047 96 1074 οῖ
108 1055 136 1081 γε
155 1045 205 1081 μὴν
221 1045 323 1080 ἕτεροι,
348 1043 420 1070 τοῦτ’
443 1044 526 1074 ἔστιν,
544 1044 569 1069 oi
585 1044 640 1074 τοῖς
655 1042 768 1077 ἀψύχοις
782 1042 857 1068 εἰδώ-

75 1094 121 1124 λοις
131 1091 316 1126 λατρεύοντες,
340 1091 386 1116 τὸν
408 1089 539 1124 ῑθυντῆρα
569 1088 651 1124 νόμον
676 1089 726 1114 οὐκ
750 1088 856 1123 ἔχοντες

76 1138 144 1166 δεινοί
157 1145 187 1163 τε
198 1135 271 1172 ἦσαν
285 1136 334 1167 τὰς
351 1135 474 1170 γνώμας,
490 1134 581 1169 ἄγριοί
596 1142 626 1160 τε
651 1134 699 1160 καὶ
718 1134 856 1169 ἁρπακτι-

77 1185 112 1211 xei
133 1185 233 1218 ἕτοιμοι
254 1183 325 1217 πρὸς
339 1181 506 1213 πλεονεξίας,
524 1180 653 1216 ὁρμητίαι
677 1180 745 1214 πρὸς
762 1179 857 1214 ἡδονὰς

76 1230 115 1257 ναὶ
128 1230 174 1261 τὰς
187 1229 259 1262 ἄγαν
273 1227 418 1259 ἐκτύπους,
445 1227 493 1253 καὶ
517 1226 584 1261 πρὸς
605 1226 659 1252 πᾶν
688 1225 744 1251 τῶν
767 1225 857 1260 αίσχί-

78 1285 136 1302 mw
157 1275 245 1302 ὁτιοῦν
275 1273 493 1310 προαλέστατοιν
517 1269 555 1298 ὦν
575 1272 589 1298 ό
615 1271 665 1307 μέν
681 1279 723 1302 τις
737 1268 771 1306 ἦν
784 1270 858 1306 λύκῳ

77 1321 242 1359 προσεοικὼς,
259 1322 276 1347 ὁ
292 1320 321 1346 δὲ
333 1319 483 1355 παρδάλεσι
501 1317 703 1353 παραπλήσιος,
718 1317 763 1343 διά
784 1325 813 1342 τε
828 1316 859 1342 τὸ

78 1369 202 1399 πλείσταις
224 1367 304 1398 ὅσαις
316 1366 365 1393 καὶ
387 1364 539 1392 πολυειδέσι
553 1362 648 1389 παθῶν
663 1363 803 1398 διαφοραῖς
813 1370 859 1397 μο-

78 1413 170 1447 νονουχὶ
182 1410 360 1446 κατεσείχθαι
369 1410 418 1441 τὰς
431 1408 531 1445 φρένας
544 1416 551 1423 '
563 1408 612 1434 ὁδὲ
622 1407 667 1433 ὲπί
679 1415 720 1433 τοι
729 1406 778 1442 τὴν
788 1405 857 1440 γνώ-

81 1469 125 1496 μην
135 1460 243 1494 ἄσχετος
249 1456 298 1494 ἦν,
308 1457 358 1492 τὴν
370 1456 430 1483 καθ’
440 1453 478 1482 ὧν
486 1455 572 1482 ἕλοιτο
580 1453 735 1486 πλεονεξίαν
743 1452 860 1489 ἀμογητὶ

79 1505 215 1541 κατορθῶν,
228 1505 286 1536 τοῖς
299 1503 406 1534 λέουσιν
423 1501 586 1535 εἰκασμένος
600 1500 713 1527 διετέλει
730 1500 800 1526 κατὰ
814 1499 861 1526 τὸν

81 1551 138 1586 βίον.
157 1550 234 1577 Ἀλλὰ
246 1551 306 1582 τοῖς
321 1549 407 1580 οὓτως
418 1547 524 1583 ἀγρίοις
541 1547 621 1583 ἧθεσίι
639 1555 669 1572 τε
688 1546 735 1573 καὶ
750 1545 862 1581 τρόποις

80 1597 294 1632 ἑντεθραμμένοι,
323 1593 442 1630 Χριστοῦ
473 1593 706 1628 μεταπλάττοντος
727 1592 767 1623 είς
792 1592 862 1627 ἡμε-

82 1644 191 1678 ρωτάτην
213 1651 243 1669 τε
272 1642 323 1667 καὶ
354 1640 435 1674 ἁγίαν
464 1639 548 1674 ζωὴν,
571 1638 721 1672 κατέληξαν
738 1637 786 1672 μὲν
812 1636 863 1672 τῆς

81 1689 181 1725 ἐνούσης
207 1689 302 1720 αὐτοῖς
317 1687 469 1723 ὠμότητοςο
482 1685 647 1720 τετιμήκασι
669 1684 698 1710 δὲ
723 1683 770 1710 καὶ
787 1683 864 1710 αὐτοὶ

81 1736 119 1763 τὴν
130 1734 279 1770 ἀνθρώποις
297 1733 436 1769 πρέποντα
450 1732 506 1766 βίον
516 1731 561 1758 τὸν
575 1732 604 1758 ὲν
620 1731 753 1767 πραότητι
767 1731 864 1766 δηλον-

82 1783 125 1809 ότι.
137 1780 337 1808 Πεπιστεύκασι
351 1779 406 1814 γὰρ
425 1778 530 1812 λέγοντι
547 1778 586 1812 τῷ
605 1777 723 1812 Χριστῷ-
740 1786 749 1802 ι
763 1777 794 1802 Ἀ
801 1784 863 1810 ρατε

83 1829 120 1855 τὺν
133 1827 208 1861 ζυγόν
224 1835 276 1862 μου
293 1825 336 1860 ἐφ’
359 1825 443 1860 ὑμᾶς,
472 1823 520 1850 καὶ
535 1823 637 1858 μάθετε
663 1823 709 1850 ἀπ’
727 1822 804 1858 ἐμοῦ,
824 1823 864 1850 ὃτι

83 1874 158 1909 πρᾶός
172 1874 228 1908 εἰμι
244 1873 294 1899 καὶ
311 1871 438 1901 ταπεινὸς
461 1871 496 1905 τῇ
524 1869 633 1905 καρδίᾳ,
664 1869 710 1895 καὶ
734 1869 865 1904 εὑρήσετε

84 1920 223 1946 ἀνάπαυσιν
234 1919 298 1950 ταῖς
310 1917 410 1953 ψυχαῖς
437 1916 524 1951 ὑμῶν.
540 1925 549 1942 ι
576 1915 659 1950 Ὀμοῦ
676 1915 819 1951 τοιγαροῦν
832 1916 864 1950 τῇ

84 1965 163 1991 πίστει
188 1964 374 2000 κεκερδήκασι
393 1961 503 1996 καὶτῆς
520 1962 636 1997 ἀρχαίας
660 1961 800 1997 ὠμότητος
815 1962 865 1996 τὴν

85 2011 231 2046 ἀπεμπολὴν
242 2031 249 2042 ,
267 2011 317 2037 καὶ
331 2010 362 2036 τὸ
381 2007 449 2036 εἶναι
469 2009 582 2045 χρηστοί
598 2017 627 2034 τε
644 2009 692 2034 καὶ
714 2009 806 2044 πρᾶοι,
820 2008 866 2034 καὶ

85 2057 111 2083 τὺ
125 2059 174 2089 τοῖς
184 2058 273 2091 ἁγίοις
306 2056 407 2091 ἀναμὶξ
424 2055 622 2082 πολιτεύεσθαι.
640 2054 866 2090 Κεχρηματίκασι

85 2102 132 2137 γὰρ
147 2103 191 2129 καὶ
206 2102 286 2129 αὐτοὶ
301 2101 466 2136 σύμ-πολῖται
476 2100 529 2126 τῶν
541 2101 626 2134 ἁγίων
643 2100 691 2126 καὶ
714 2101 808 2126 οἰκεῖοι
819 2099 866 2126 τοῦ

86 2147 154 2173 (θεοῖν
167 2148 244 2174 τοῦτο
260 2145 340 2182 οἶμαι
354 2146 529 2182 πολυτρόπως
547 2147 614 2181 ἡμῖν
632 2146 678 2172 τὸν
701 2145 867 2181 προφητικὸν

87 2194 110 2220 ὲν
131 2195 232 2226 τούτοις
262 2192 470 2220 ὐπαινίττεσθαι
495 2192 584 2226 λόγον.
607 2191 868 2227 Συμϐοσκηθήσεται

86 2240 141 2275 γὰρ,
157 2241 230 2274 φησι,
243 2239 326 2271 λύκος
345 2238 414 2274 μετὰ
427 2238 516 2273 ἀρνὸς,
531 2238 579 2264 καὶ
603 2237 735 2272 πάρδαλις
747 2245 864 2263 συνανα-
881 2239 902 2266 D

87 2285 208 2311 παύσεται
223 2285 322 2321 ἐρίφῳ,
335 2283 408 2311 τοῦτ’
420 2283 539 2314 ἔστι,διὰ
549 2283 666 2318 Χριστοῦ
681 2282 865 2317 συναφθήσον-

87 2339 125 2357 ται
136 2331 167 2357 τὰ
181 2332 263 2367 ἄγρια
288 2331 345 2360 τοῖς
373 2329 496 2364 ἡμέροις,
521 2328 554 2354 τὰ
573 2329 632 2355 κατ’
651 2328 745 2354 οὐδένα
766 2329 866 2363 τρόπον

89 2376 140 2411 ίερὲι
150 2378 202 2407 τοῖς
223 2377 305 2412 ἱεροῖς
329 2375 377 2402 καὶ
400 2375 497 2409 ἁγίοις.
517 2375 598 2400 Ὀσον
612 2373 666 2409 γὰρ
691 2371 758 2410 ἧκεν
782 2375 821 2405 είς
836 2373 866 2400 τὸ

89 2422 276 2449 πεπαιδεῦσθαι
294 2422 368 2457 νόμῳ
385 2421 430 2447 τὸν
454 2420 562 2456 Ἰσραὴλ
579 2420 625 2446 καὶ
641 2421 703 2451 τοὺς
719 2420 768 2455 τῆς
781 2421 866 2446 ἐπιει-

56 2456 76 2507 ςῖ
89 2468 155 2499 itala;
169 2468 265 2494 εἰδέναι
279 2467 408 2503 τρόπους,
423 2466 528 2501 ἦμερῆς
538 2475 566 2492 τε
577 2465 621 2493 καὶ
643 2467 730 2501 πρᾶος
745 2464 789 2500 ἦν,
799 2465 867 2500 ὁμοῦ

89 2521 114 2539 τε
127 2514 169 2540 καὶ
190 2514 273 2549 ἱερὸς,
290 2513 338 2539 καὶ
367 2510 422 2538 οἷον
447 2511 576 2547 προϐάτῳ
592 2511 639 2538 καὶ
654 2512 712 2545 αἰγὶ
726 2511 869 2546 παραπλή-

91 2567 148 2591 σιος·
165 2560 223 2594 ἱερὰ
236 2559 264 2585 δὲ
281 2560 365 2594 ἄμφω
381 2557 428 2584 καὶ
443 2557 550 2593 καθαρὰ
563 2557 597 2583 τὰ
613 2557 681 2588 ζῶα,
694 2557 741 2583 καὶ
757 2557 825 2592 πρός
837 2565 869 2590 γε

91 2603 166 2639 τούτῳ
178 2605 208 2630 τὸ
219 2603 348 2630 nemo?”
361 2603 426 2638 παρ’
441 2603 525 2638 αὐτῆς
547 2603 662 2637 λαχόντα
677 2602 725 2637 τῆς
747 2602 864 2636 φύσεως.

92 2648 167 2680 Λύκος
178 2649 205 2675 δὲ
217 2650 265 2676 καὶ
282 2648 426 2684 πάρδαλις,
451 2649 496 2675 καὶ
524 2647 614 2684 μέντοι
626 2648 672 2674 καὶ
692 2647 770 2678 λέων,
784 2647 868 2683 ᾶγριά

93 2702 116 2720 τε
129 2695 254 2728 φυσικῶς,
263 2694 410 2729 ἀσύμϐατά
419 2703 447 2720 τε
458 2695 514 2725 τοῖς
525 2693 625 2725 ἄλλοις·
636 2694 693 2720 ἀλλ’
716 2695 745 2720 ἐν
759 2693 869 2729 Χριστῷ

93 2741 216 2767 καὶτοῦτο
231 2740 420 2776 κατώρθωται.
435 2740 639 2775 Συνηνέχθησαν
659 2740 713 2775 γὰρ
730 2739 865 2774 ἀλλήλοις,

99 2785 207 2813 ἰουδαῐοί
221 2795 250 2813 τε
264 2787 313 2813 καὶ
330 2785 470 2822 Ἕλληνες,
489 2787 582 2822 κοινὴν
603 2785 697 2822 ὥσπερ
711 2785 866 2822 ποιούμενοι

875 1571 898 1602 C

123 2863 142 2878 ⁸⁴
157 2864 224 2891 Psal.
246 2872 304 2898 xui,
323 2863 351 2890 5.
390 2863 411 2879 "
426 2863 517 2891 Matth.
534 2871 573 2896 ιι,
590 2863 635 2890 29.

902 272 1003 307 poteris
1022 277 1047 299 et
1068 273 1132 300 illud
1156 281 1282 307 maguum
1314 278 1341 300 et
1363 273 1491 300 eximium
1514 273 1635 307 signum,
1663 277 1692 300 et

902 319 1046 346 mirificum
1075 318 1230 346 Servatoris
1257 319 1341 345 nostri
1367 320 1499 345 adventus
1529 318 1653 344 cllcctum
1682 325 1690 344 :

903 364 985 398 idque
1007 364 1084 391 valde
1107 365 1214 392 merito.
1231 364 1390 399 Priusquam
1416 364 1488 390 enim
1513 363 1593 390 homo
1615 363 1691 390 ﬁeret

903 410 1000 436 similis
1015 410 1091 437 nobis
1106 411 1271 444 unigenitum
1288 411 1334 437 Dci
1350 409 1478 441 Verbum,
1492 411 1648 444 priusquam
1662 417 1692 436 se

904 455 1051 482 Ahrahami
1071 456 1166 482 semini
1186 456 1332 488 insereret,
1350 460 1375 483 et
1394 464 1441 490 per
1457 456 1545 482 omnia
1563 456 1691 482 fratribus

903 501 1000 527 similis
1017 506 1103 532 esset,
1119 501 1345 534 qnetuadmmlum
1365 502 1495 535 scriptum
1511 506 1566 529 est.
1583 500 1691 527 univer-

903 554 961 574 sum
977 554 1063 581 genus
1079 547 1103 573 in
1122 551 1203 578 terra,
1221 547 1368 573 humanum
1386 547 1456 578 dico,
1474 547 1499 572 iu
1515 547 1582 572 duas
1596 551 1691 580 gerulos

905 593 1019 619 divisum
1045 598 1100 623 est,
1123 597 1176 618 ltun
1205 592 1231 619 in
1254 591 1424 623 Judarortun,
1445 598 1499 618 tum
1525 600 1617 618 eorum
1645 599 1690 626 qui

904 643 1056 665 creaturam
1072 645 1153 672 supra
1168 638 1324 664 Creatorem
1340 638 1489 666 coluerunt.
1505 637 1586 664 Notus
1600 644 1690 664 autem

905 689 964 711 erat
978 684 1002 710 iu
1014 683 1106 710 Judu'a
1120 684 1198 714 Deus,
1209 683 1400 717 copiosumque
1412 687 1439 710 et
1451 684 1544 717 ingens
1557 683 1688 710 idolorum

905 737 999 764 agmen
1023 729 1056 755 ab
1079 729 1139 755 aliis
1161 729 1335 761 adorabatur,
1353 729 1452 763 Deique
1478 729 1613 762 llttlji‘slzlli
1644 737 1692 764 pro

906 775 1034 810 cujusque
1051 774 1180 801 arbitratu
1193 776 1277 804 honor
1288 776 1467 803 tribuebatur.
1482 785 1490 801 ι
1506 774 1606 802 Omnes
1620 776 1691 802 enim

907 820 1088 852 tlecliuaruut,
1105 821 1184 847 simul
1202 821 1309 848 inutiles
1326 821 1388 848 facti
1407 827 1479 853 sunt,
1495 830 1544 849 nec
1563 827 1632 852 erat,
1647 822 1692 856 qui

909 866 1008 894 {areret
1024 867 1181 898 bonitatem,
1192 874 1244 893 nou
1259 872 1317 893 erat
1334 875 1418 901 usque
1433 868 1467 894 ad
1483 875 1564 893 unum
1574 867 1606 892 ".
1620 877 1628 892 ι
1640 867 1692 893 Sed

905 910 989 938 Judaei
1006 911 1071 945 legis
1085 911 1237 946 pmdagogia
1253 911 1326 937 velut
1342 911 1528 944 mansuefacti,
1544 917 1571 938 et
1582 911 1694 946 justitiaa

906 958 1026 984 moribus
1036 956 1242 987 cicurati,vitam
1253 956 1393 983 coluerunt
1403 957 1555 984 hominibus
1565 958 1692 990 dignam:

907 1002 945 1030 illi
960 1009 1023 1029 vero
1037 1002 1098 1033 alii,
1115 1002 1140 1028 id
1154 1007 1211 1035 est,
1226 1002 1270 1036 qui
1287 1002 1413 1028 inanimis
1428 1002 1580 1028 simulacris
1595 1003 1696 1029 servie-

906 1053 983 1078 runt,
1003 1048 1142 1074 ret-tricem
1169 1047 1254 1082 legem
1276 1055 1328 1074 non
1352 1048 1496 1079 habentes,
1514 1053 1603 1074 mente
1625 1055 1694 1075 sacra

907 1093 1010 1129 pra-diti
1026 1093 1197 1125 exstiterunt,
1212 1099 1239 1120 ct
1253 1098 1383 1128 agrestes,
1399 1098 1425 1120 et
1440 1101 1561 1127 rapaces,
1577 1093 1696 1120 avaritiae

907 1139 1021 1171 addicti,
1038 1139 1195 1173 impeluosi,
1211 1143 1237 1165 et
1259 1139 1335 1173 proni
1359 1139 1391 1165 ad
1416 1139 1581 1173 voluptates.
1596 1147 1696 1174 easque

909 1185 1091 1218 turpissimus,
1104 1190 1130 1211 et
1144 1185 1176 1211 ad
1191 1185 1281 1211 omnia
1297 1185 1444 1212 lautissima
1459 1187 1620 1220 praccipites,
1633 1194 1697 1220 quo-

909 1239 968 1258 rum
987 1231 1058 1258 alius
1076 1232 1137 1265 lupo
1152 1232 1279 1260 assimilis
1297 1236 1371 1264 erat,
1394 1232 1461 1259 alius
1479 1233 1568 1267 pardis
1592 1234 1696 1260 vicinus

909 1282 936 1305 et
952 1278 1099 1305 conformis
1111 1298 1118 1309 .
1136 1283 1277 1312 propterea
1292 1279 1361 1313 quod
1385 1284 1500 1306 mentem
1527 1279 1649 1312 plurimis
1671 1283 1698 1306 et

911 1323 994 1350 rariis
1010 1323 1268 1358 Perturbatiouibus,
1282 1328 1309 1350 et
1323 1324 1463 1351 aﬂ‘ectibus
1477 1329 1595 1351 notatam
1613 1325 1697 1352 habe-

911 1374 951 1396 ret
965 1378 971 1395 :
986 1369 1054 1396 alius
1064 1376 1128 1396 vero
1139 1369 1229 1396 animo
1242 1369 1375 1404 impotens
1395 1375 1423 1397 et
1433 1369 1541 1397 eﬂ'reuis
1554 1371 1698 1403 rapacitate
1738 1366 1740 1368 ’

911 1414 992 1442 facile
1008 1422 1183 1449 persequens,
1197 1415 1223 1441 in
1239 1415 1291 1442 vita
1309 1415 1430 1442 leonibus
1442 1416 1567 1442 assimilis
1583 1417 1696 1443 exstitit.

912 1459 1014 1488 Verum
1029 1461 1054 1488 hi
1067 1461 1134 1488 adeo
1156 1460 1275 1488 eﬂ'cratis
1285 1465 1312 1488 ct
1323 1461 1441 1488 moribus
1452 1467 1477 1488 et
1490 1462 1606 1488 motibus
1619 1461 1699 1489 innu-

913 1506 983 1538 triti,
995 1505 1104 1534 Christo
1118 1513 1165 1533 eos
1180 1507 1212 1533 ad
1228 1505 1471 1533 mansuetissimam
1497 1514 1529 1534 ac
1544 1506 1624 1542 199
1635 1514 1698 1534 san-

913 1558 983 1580 ctam
997 1553 1078 1580 vitam
1096 1553 1316 1585 trausformante,
1327 1552 1488 1580 crudelitate
1502 1561 1550 1580 sua
1565 1553 1657 1580 relicta
1672 1557 1700 1582 et

914 1598 1013 1633 reiecta
1024 1617 1031 1630 ,
1048 1598 1131 1625 vitam
1153 1598 1307 1626 hominibus
1329 1599 1553 1631 convenientem,
1572 1599 1700 1628 nimirum

913 1652 973 1680 quae
997 1651 1057 1671 cum
1085 1644 1291 1672 mansuetudine
1314 1644 1457 1679 conjuncta
1480 1645 1702 1677 esset,excolue-

914 1697 987 1719 runt.
1001 1690 1179 1719 Crediderunt
1200 1691 1270 1718 enim
1293 1690 1404 1718 Christo
1425 1690 1521 1718 dicenti
1545 1699 1551 1717 :
1576 1700 1585 1716 ι
1605 1690 1702 1719 Tollite

911 1737 1005 1774 jugum
1024 1745 1112 1764 meum
1129 1744 1209 1771 super
1224 1745 1287 1770 vos,
1301 1742 1330 1764 et
1346 1737 1439 1764 discite
1457 1745 1471 1763 a
1490 1745 1531 1764 me
1548 1737 1610 1772 quia
1630 1737 1702 1764 ruitis

914 1791 973 1811 sum
994 1787 1021 1810 et
1048 1782 1157 1809 lmmilis
1177 1783 1272 1815 conlo,
1306 1788 1333 1809 et
1351 1783 1491 1810 invenietis
1507 1783 1624 1816 requiem
1645 1783 1703 1809 aui-

915 1829 1010 1856 mabus
1026 1829 1122 1855 vestris
1133 1828 1167 1855 ".
1185 1837 1194 1854 ›
1218 1828 1310 1862 Itaque
1332 1836 1384 1855 una
1406 1836 1467 1855 cum
1491 1829 1542 1855 [ide
1563 1828 1703 1867 lucriface-

915 1880 977 1902 runt
995 1879 1022 1902 et
1039 1874 1138 1901 Veteris
1156 1873 1332 1901 immanitatis
1351 1873 1540 1905 abolitionem,
1555 1879 1579 1900 et
1597 1878 1625 1900 nt
1640 1874 1702 1900 boui

916 1926 1024 1952 essent,
1041 1925 1067 1947 et
1085 1925 1114 1946 ut
1131 1927 1181 1946 una
1199 1927 1259 1946 cum
1277 1920 1380 1947 sanctis
1393 1924 1578 1947 versarentur.
1596 1918 1704 1946 Nuucu-

916 1967 970 2001 pati
995 1971 1059 1993 sunt
1080 1966 1151 1993 enim
1178 1966 1303 1994 concires
1327 1971 1499 1998 sanctorum,
1514 1971 1538 1992 el
1565 1966 1703 1993 domestici

917 2012 975 2039 Dei.
1003 2012 1058 2039 lloc
1087 2012 1164 2039 nobis
1192 2012 1311 2039 arbitror
1339 2012 1524 2046 propheticum
1553 2019 1704 2039 sermonem

918 2058 991 2086 hisce
1008 2058 1098 2086 verbis
1117 2058 1190 2085 varie
1207 2059 1364 2085 subnotare.
1380 2058 1543 2091 Compascet
1558 2057 1646 2090 enim,
1662 2057 1705 2084 in-

917 2105 985 2138 quitI
1001 2105 1079 2138 lupus
1095 2112 1155 2131 cum
1173 2111 1252 2139 agno,
1268 2109 1293 2131 et
1308 2104 1406 2138 pardus
1422 2104 1563 2130 accubahit
1578 2103 1665 2135 haedo,
1679 2103 1706 2130 id

918 2153 969 2181 est,
983 2150 1107 2184 contigua
1123 2153 1202 2176 erunt
1225 2153 1250 2175 ct
1265 2148 1407 2183 conjuncta
1422 2156 1468 2183 per
1483 2147 1620 2176 Christum
1636 2155 1706 2175 saera

919 2201 979 2220 cum
996 2194 1160 2226 mansuetis,
1172 2197 1200 2221 et
1216 2202 1276 2229 qua:
1294 2193 1368 2221 nullo
1384 2194 1463 2221 modo
1481 2201 1573 2225 sacra,
1586 2201 1646 2220 cum
1664 2201 1708 2220 sa-

917 2240 971 2266 cris
984 2244 1010 2266 et
1032 2240 1143 2267 sanctis.
1159 2239 1223 2266 Nam
1240 2239 1322 2267 Israel
1350 2244 1482 2273 quatenus
1496 2239 1553 2273 lege
1568 2239 1707 2266 institutus

919 2289 1000 2317 esset,
1010 2290 1036 2312 et
1045 2285 1205 2320 probitatem
1220 2292 1324 2312 morum
1341 2284 1475 2319 cognitam
1485 2289 1707 2318 perspectamque

919 2330 1030 2358 haberet
1040 2351 1047 2363 .
1061 2331 1180 2366 placidus
1191 2335 1266 2362 erat,
1278 2335 1306 2357 et
1320 2330 1392 2357 mitis
1407 2330 1486 2356 simul
1502 2334 1529 2356 et
1544 2333 1667 2362 sanctus,
1681 2334 1708 2356 et

919 2377 994 2411 quasi
1006 2376 1049 2403 ovi
1066 2380 1093 2403 et
1105 2383 1192 2410 capra:
1206 2376 1355 2403 consimilis
1369 2384 1375 2402 :
1393 2375 1472 2402 ambo
1484 2374 1614 2408 siquidem
1629 2381 1706 2401 sacra

919 2426 982 2449 sunt
1005 2426 1031 2449 et
1045 2422 1141 2449 munda
1158 2421 1297 2453 animalia,
1309 2426 1335 2448 et
1351 2425 1479 2455 praeterea
1494 2420 1528 2447 ab
1544 2420 1599 2454 ipsa
1614 2423 1706 2446 natura

920 2468 953 2495 ad
978 2467 1209 2495 mansuetudinem
1225 2467 1322 2494 ellicta.
1336 2466 1427 2501 Lupus
1444 2471 1549 2498 autem,
1565 2465 1663 2500 pardus
1682 2469 1709 2491 et

922 2515 978 2546 leo,
996 2512 1124 2540 immania
1139 2519 1201 2540 sunt
1218 2511 1388 2545 naturaliter,
1401 2519 1452 2538 nec
1467 2511 1538 2538 inter
1552 2517 1581 2537 sc
1597 2517 1709 2544 congre-

923 2559 1020 2594 gabilia
1043 2568 1050 2586 :
1069 2563 1096 2586 at
1114 2559 1139 2586 in
1158 2559 1267 2586 Christo
1289 2558 1339 2585 hoc
1359 2564 1466 2592 quoque
1487 2555 1635 2591 perfectura
1657 2560 1707 2582 est.

917 2604 1069 2632 Consociati
1111 2610 1174 2632 sunt
1200 2606 1272 2632 cuiut
1299 2606 1370 2632 inter
1395 2612 1425 2631 se
1453 2609 1547 2630 tnutuo
1571 2601 1655 2629 Judaii
1682 2606 1710 2629 et

918 2650 1021 2683 Graeci,
1037 2658 1207 2678 communem
1222 2651 1301 2678 veluti
1317 2651 1455 2686 capientes
1471 2650 1578 2681 cibum,
1593 2654 1709 2682 evange-

921 2695 1001 2722 licam
1021 2700 1048 2723 et
1063 2697 1237 2731 apostolicam
1252 2696 1357 2724 scilicet
1373 2696 1603 2731 praedicationem,
1622 2699 1648 2720 et
1664 2692 1707 2719 nni

919 2741 1022 2776 pastori
1042 2741 1161 2769 omnium
1183 2742 1296 2777 principi
1315 2742 1414 2769 subditi
1433 2742 1478 2776 qui
1497 2748 1607 2775 pascere
1624 2739 1708 2770 novit,

920 2787 989 2814 sicut
1011 2787 1076 2815 dicit
1097 2787 1243 2823 propheta,
1262 2787 1288 2814 iu
1311 2787 1418 2823 pascuis
1439 2786 1532 2818 bonis,
1546 2790 1577 2812 οι
1599 2785 1627 2812 in
1649 2783 1709 2811 loco
