1872 3055
155 137 210 165 325

651 133 680 161 5,
701 130 837 160 ΕΥΒΙΙΛΛ
858 129 1092 158 ALEXANDRINI
1112 129 1268 157 ABClllEP.

1730 126 1785 153 εει

158 194 316 230 pra-pingui.
339 193 394 222 Sed
419 191 534 224 vitulus,
554 190 656 225 inquit,
676 194 704 217 et
727 194 835 222 taurus,
852 193 879 215 et

1046 188 1107 223 φὴν,
1126 188 1156 214 τὸ
1166 186 1341 221 εὐαγγελικόν
1357 193 1386 212 τε
1412 185 1458 212 καὶ
1473 184 1650 212 άποστολικὺν
1660 183 1785 218 δηλονότι

158 241 239 268 simul
262 243 415 275 pascentur.
433 238 544 265 Videtur
565 241 654 264 autem
676 236 788 262 vitulum
808 235 943 268 appellare

158 285 289 312 novilium
317 289 344 310 et
375 286 510 310 recentem
541 281 710 309 credentium
743 280 880 315 populum,
916 279 943 306 in

159 331 268 357 Christo
287 329 390 356 scilicet
405 331 610 363 puerascentem
633 335 641 354 :
660 331 766 354 taurum
785 330 874 353 autem
891 325 945 353 l'or-

162 375 241 402 tussis
258 373 398 406 lsraelem,
412 373 485 400 velut
500 377 672 400 veteranum.
686 371 754 398 Cum
775 371 847 398 enim
868 374 946 397 tener

160 419 195 444 sit
216 417 332 449 vitulus,
348 421 442 446 taurus
464 417 538 452 prior
560 421 601 444 est
620 421 646 443 et
666 416 797 443 maturior
816 420 944 450 tempore.

162 463 208 490 Vel
233 470 281 497 per
304 463 416 490 vitulum
441 463 564 498 designat
585 470 645 490 ettm
671 462 716 497 qui
741 461 893 496 cognitiOne
919 465 947 487 et

159 508 259 535 virtute
282 509 392 535 eminet.
409 507 492 540 Quale
516 511 558 534 est
581 508 652 542 quod
677 506 776 534 dicitur
802 515 809 532 :
832 505 947 532 Pusilios

160 562 220 582 cum
239 554 357 589 magnis,
371 558 398 581 et
413 553 534 581 seniores
552 561 612 580 cum
627 553 771 587 juvenibus
787 551 947 579 benedicen-

161 600 226 631 dos,
240 599 316 633 juxta
333 606 428 626 vocem
446 598 596 633 psallentis.
613 598 692 626 Novit
710 605 773 625 vero
791 602 819 625 et
836 597 947 631 sapien-

162 645 285 672 tissimus
312 643 430 671 Joannes
455 643 552 670 mentis
571 648 598 670 et
615 643 697 670 anitni
717 647 823 670 aetatem
855 642 945 669 talem.

163 690 264 717 Seribit
283 690 366 725 igitur
383 694 410 716 et
427 689 562 724 patribus,
577 693 604 716 et
621 688 754 724 parvulis,
770 692 797 715 et
815 691 946 722 praeterea

162 735 243 770 200
270 734 496 766 adolescentibus,
523 741 694 767 comparans,
719 733 846 765 arbitror,
873 740 948 760 men-

162 787 252 806 suram
269 779 399 813 cujusque
416 779 530 810 mentis,
544 782 571 805 et
585 778 686 804 notitiae
703 783 731 805 et
746 777 842 805 divina:
857 777 948 812 cogni-

164 825 244 852 tionis
260 832 403 859 corporum
420 824 555 851 aetatibus.
569 822 719 850 Pascentur
734 823 834 857 itaque,
849 822 946 857 inquit,

163 870 241 898 simul
265 874 291 897 et
305 877 358 896 uno
374 869 400 896 in
416 869 485 901 loco,
497 868 606 900 vitulus,
617 875 644 896 et
659 871 764 901 taurus,
775 868 867 896 clleo.
880 868 948 895 Tutn

162 914 302 942 commode
318 914 399 941 vitulo
418 919 444 942 et
476 919 552 941 tauro
569 914 673 941 leonem
691 914 826 949 adjungit,
844 919 873 941 ut
891 922 951 941 rur—

163 969 210 989 sus
227 960 395 995 aenigmatice
407 963 435 987 et
449 959 563 987 obscure
580 959 765 994 subinteiligas
780 959 832 986 lide
848 959 949 993 iustiﬁ-

164 1010 250 1038 catos,
259 1009 287 1032 et
302 1010 409 1039 sceptro
421 1004 521 1032 Christi
533 1004 653 1031 omnium
665 1009 787 1032 nostrum
800 1003 951 1032 Servatoris

164 1051 317 1085 subjectos,
354 1057 406 1078 non
432 1057 466 1077 ex
490 1049 555 1077 solis
580 1057 641 1077 esse
662 1049 768 1076 mundis
789 1054 815 1076 et
836 1050 950 1083 sanctis,

164 1102 260 1130 nempe
268 1102 301 1122 ex
312 1094 423 1129 placidis
435 1099 462 1122 et
478 1094 597 1126 mitibus,
611 1093 638 1121 id
650 1098 700 1126 est,
713 1100 744 1120 ex
755 1093 812 1128 lege
824 1101 952 1121 mansue-

167 1140 260 1173 factis,
277 1141 325 1167 sed
341 1140 423 1168 etiam
439 1147 473 1167 ex
492 1140 661 1175 agrestibus,
676 1139 802 1167 videlicet
817 1146 848 1168 ex
866 1140 952 1174 genti-

167 1185 231 1220 bus,
251 1185 452 1221 congiutinante
479 1189 506 1213 et
543 1185 578 1213 ad
604 1185 775 1213 concordiam
801 1185 952 1213 animorum

165 1237 343 1266 componente
354 1239 402 1260 eos
413 1235 534 1259 nostrum
545 1230 665 1258 omniutn
679 1230 823 1258 Servatore
834 1231 952 1264 Christo,

165 1284 191 1305 et
211 1281 309 1305 bonum
335 1277 397 1305 inde
417 1276 499 1304 etiam
522 1277 549 1303 in
572 1276 641 1303 ﬁlios
663 1275 790 1308 ﬁliorum,
808 1276 835 1303 id
853 1281 904 1308 est,
920 1283 953 1303 ex

168 1324 234 1359 ipsis
263 1328 340 1350 natos
371 1322 579 1350 transmittente.
604 1321 670 1349 Nam
686 1322 738 1349 huc
762 1322 843 1349 etiam
857 1330 955 1357 propa-

165 1374 243 1403 gatur
254 1377 268 1395 a
281 1369 359 1396 nobis
370 1376 421 1403 pax
433 1367 545 1401 Christi,
555 1373 581 1395 et
593 1367 781 1395 consensionis
792 1368 953 1401 animorum,

164 1420 192 1442 et
206 1415 266 1442 ﬁdei
282 1415 392 1441 bonum.
408 1413 480 1441 istuc
494 1415 578 1446 enim,
592 1418 667 1449 puto,
680 1413 798 1441 ostendit
813 1420 874 1440 cum
888 1413 955 1446 adji-

165 1461 202 1488 cit
218 1469 226 1487 :
244 1459 330 1487 Simul
346 1460 427 1487 catuli
444 1466 538 1486 eorum
553 1463 644 1492 erunt,
660 1464 688 1486 et
702 1459 755 1492 leo,
769 1464 796 1487 et
811 1460 860 1487 bos
875 1459 955 1487 simul

166 1510 312 1532 vescentur
336 1503 435 1538 paleis,
457 1503 556 1538 inquit.
578 1503 698 1531 Observa
722 1504 793 1539 quod
815 1504 881 1532 dicit
901 1512 953 1532 non

167 1552 233 1577 mite
248 1551 274 1577 in
288 1550 444 1577 alimentum
456 1549 522 1577 leris
535 1549 674 1582 usitatum,
684 1550 731 1577 sed
745 1550 771 1577 in
786 1550 859 1578 mitis
871 1551 956 1578 nutri-

168 1597 267 1623 tionem
291 1596 377 1622 ferum
401 1596 564 1629 demigrare.
586 1594 738 1623 Carnivora
758 1597 856 1648 quippe
878 1597 957 1631 plane

168 1646 233 1669 sunt
249 1648 330 1668 ursus
347 1645 374 1669 et
390 1641 431 1668 leo
449 1649 456 1668 :
473 1641 521 1669 bos
539 1645 627 1668 autem
647 1646 674 1669 et
689 1641 790 1669 vituiu‘s
801 1662 808 1676 ,
824 1646 851 1670 et
867 1643 958 1670 haedus

169 1695 221 1714 non
244 1687 297 1720 ita,
314 1687 360 1714 sed
385 1687 484 1714 herbas
508 1692 623 1722 carpunt
642 1687 775 1722 ejusmodi
799 1688 955 1716 animantia.

169 1732 250 1766 Atqui
271 1740 286 1759 a
302 1733 438 1759 consuetis
454 1739 486 1759 ac
500 1732 604 1764 solitis,
617 1732 718 1767 inquit,
732 1732 865 1761 silvestria
882 1741 957 1761 rece~

170 1778 245 1810 dent,
257 1782 284 1805 et
301 1777 390 1812 potius
404 1777 438 1805 ad
453 1777 555 1805 cibaria
573 1782 774 1806 mansuetorum
792 1780 956 1812 transibunt,

170 1828 198 1851 et
213 1823 256 1850 illa
272 1830 417 1851 vescentur
433 1824 522 1858 palea.
538 1823 629 1858 Typus
645 1829 735 1850 autem
753 1824 881 1852 doctrina
898 1833 958 1860 pos-

172 1870 209 1897 sit
234 1876 294 1898 esse
312 1870 370 1896 haec
391 1869 489 1904 pastio.
504 1868 552 1896 Est
569 1869 649 1904 igitur
666 1869 883 1905 intelligendum,
898 1876 961 1899 ante

172 1916 250 1943 iidem
266 1915 293 1942 in
311 1915 447 1942 Christum
470 1919 563 1951 gentes
595 1915 731 1950 improbos
748 1916 876 1944 habuisse
893 1925 960 1951 prae-

171 1965 314 1996 ceptores,
336 1961 478 1996 pecuinam
505 1961 558 1988 illis
584 1962 724 1989 tradentes
747 1962 912 1995 doctrinam,
935 1967 961 1990 et

173 2015 254 2041 porro
285 2007 448 2039 suadentes,
483 2006 686 2041 corruptissima
719 2011 746 2034 et
781 2009 961 2043 perditissima

173 2052 336 2080 consectari.
352 2052 387 2079 At
400 2051 447 2078 ubi
461 2050 494 2078 ad
508 2050 670 2087 agnitionem
686 2051 743 2084 Dei,
758 2052 803 2086 qui
818 2060 881 2079 vere
894 2053 964 2080 Deus

175 2102 226 2130 est,
251 2097 338 2125 vocali
364 2101 441 2130 sunt,
465 2101 520 2124 tum
546 2096 626 2123 simul
649 2103 663 2123 a
689 2097 802 2131 pristino
823 2104 916 2124 errore
937 2102 965 2125 et

175 2142 306 2170 doctrinis
319 2142 346 2169 in
359 2143 457 2177 quibus
471 2142 582 2170 enutriti
598 2146 625 2169 et
646 2142 751 2168 educati
762 2146 835 2175 sunt,
846 2143 966 2171 descive-

994 234 1136 268 κήρυγμα,
1149 233 1195 259 καὶ
1210 232 1255 267 ὑφ’
1269 232 1310 258 ἑνὶ
1324 231 1465 265 γεγονότες
1477 230 1516 265 τῷ
1531 230 1641 257 πάντων
1656 230 1789 265 ἀρχιποι-

995 278 1082 314 μένει,
1091 279 1129 314 τῷ
1141 278 1304 313 κατανέμειν
1318 276 1409 309 εὒδότι,
1421 275 1494 303 καθά
1506 284 1587 311 φησιν
1600 277 1613 302 ό
1627 275 1787 310 προφήτης,

994 324 1023 350 ὲν
1038 325 1106 359 νομῇ
1121 323 1222 359 ἀγαθῇ,
1239 323 1285 349 καὶ
1295 324 1324 349 ἐν
1340 322 1415 357 τόπῳ
1428 321 1510 348 πίονι.
1523 321 1602 348 Ἀλλὰ
1616 321 1664 348 καὶ
1681 321 1790 356 μοσχά-

996 378 1063 405 ριον,
1078 370 1155 404 φησὶ,
1175 369 1221 396 καὶ
1237 368 1335 404 ταῦρος
1346 368 1394 394 καὶ
1405 367 1472 394 λέων
1485 368 1542 402 ἅμα
1557 366 1788 402 βοσκηθήσονται.

997 417 1089 442 Ἔοικε
1099 416 1127 442 δὲ
1139 415 1286 451 μοσχάριον
1302 414 1457 445 ἀποκαλεῖν,
1473 413 1519 439 τὸν
1530 413 1651 447 άρτιφυᾶ
1662 413 1711 438 καὶ
1727 411 1791 437 νέον

995 463 1051 491 τῶν
1066 463 1269 489 πιστευσάντων
1281 461 1353 493 λαὸν,
1371 459 1443 487 τοῦτ’
1469 459 1537 491 ἔστι,
1559 459 1605 486 τὸν
1630 459 1659 485 ὲν
1674 456 1791 493 Χριστῷ

996 509 1171 544 νηπιάζονταο
1199 507 1300 542 ταῦρον
1324 507 1352 534 δὲ
1374 506 1445 541 τάχα
1472 514 1522 532 που
1548 505 1594 531 τὸν
1615 504 1726 539 Ἰσραὴλ
1751 504 1791 531 ὡς

996 554 1181 591 πρεσϐυγενῆ.
1198 552 1317 586 Νεογνοῦ
1342 551 1396 587 γὰρ
1420 552 1520 587 μόσχου
1535 550 1705 585 πρωτερεύει
1718 548 1788 575 ταῦ-

998 609 1044 637 ρος
1057 600 1128 626 κατὰ
1149 599 1195 626 τδν
1205 598 1310 634 χρόνον.
1328 597 1430 631 Ἤγουν
1450 595 1493 623 διὰ
1520 595 1620 630 μόσχου
1638 593 1792 628 καταδηλοί

996 646 1043 672 τὸν
1058 645 1096 676 ὡς
1108 645 1136 671 ὲν
1146 643 1245 678 γνώσει
1259 651 1288 669 τε
1307 642 1433 669 καὶκατὰ
1460 641 1561 676 ἀρετὴν
1576 639 1789 675 ὑπερκείμενον.

1003 690 1108 718 Ὀποῖόν
1122 691 1180 716 ἐστι
1196 689 1227 716 τὸ
1237 687 1467 723 εὐλογηθήσετθαι
1483 686 1573 720 λέγειν
1587 685 1664 720 παρὰ
1685 684 1790 719 Κυρίου

997 738 1061 768 τοὺς
1076 736 1208 772 σμικροὺς
1225 735 1294 770 μετὰ
1320 734 1375 761 τῶν
1393 733 1528 769 μεγάλων,
1557 731 1604 758 καὶ
1631 729 1791 767 πρεσϐύτας

1000 782 1071 818 μετὰ
1085 782 1140 808 τῶν
1155 781 1305 816 νεωτέρων,
1325 779 1395 806 κατὰ
1418 778 1467 814 τὴν
1484 776 1531 804 τοῦ
1556 776 1709 812 ψάλλοντος
1733 783 1790 808 φω-

998 828 1058 863 νήν.
1071 825 1148 854 Οἶδεν
1166 827 1195 854 δὲ
1208 827 1255 853 καὶ
1266 826 1280 852 ὁ
1298 825 1451 859 σοφώτατος
1467 823 1593 858 Ἰωάννης
1621 821 1668 849 νοῦ
1680 821 1730 848 καὶ
1743 820 1792 854 ψυ-

1000 872 1050 907 χῆς
1065 871 1172 906 ἡλικίαν
1186 870 1324 905 τοιαύτην.
1340 869 1444 904 Γράφει
1467 866 1532 901 γοῦν
1544 866 1592 893 καὶ
1605 866 1729 900 πατράσι
1746 864 1793 890 καὶ

1000 917 1126 948 παιδίοις,
1134 917 1181 943 καὶ
1194 916 1261 951 πρός
1268 923 1300 950 γε
1312 914 1401 949 τούτῳ
1411 914 1458 940 καὶ
1470 912 1637 943 νεανίσκοις,
1647 911 1691 942 τδ,
1703 908 1791 944 οἶμαι,

999 964 1049 999 τῆς
1064 962 1179 989 ἑκάστου
1194 961 1313 992 διανοίας
1337 960 1368 986 τὸ
1393 959 1501 994 μέτρον,
1510 958 1573 993 -ἧτοι
1594 957 1731 987 συνέσεως
1748 956 1793 982 καὶ

1001 1008 1176 1043 θεογνωσίας,
1196 1009 1255 1039 ταῖς
1271 1006 1324 1033 τῶν
1342 1006 1475 1040 σωμάτων
1500 1005 1618 1039 ἡλικίαις
1639 1003 1791 1037 ἀφομοιῶν.

1001 1053 1223 1090 Βοσκηθήσονται
1236 1052 1336 1083 τοίνυν,
1353 1054 1447 1087 φησιν,
1457 1051 1516 1086 ἅμα
1529 1050 1578 1077 καὶ
1592 1048 1664 1076 κατὰ
1679 1048 1791 1079 ταύτὸν,

1004 1099 1151 1135 μοσχάριον
1165 1098 1212 1125 καὶ
1221 1097 1330 1131 ταῦρος,
1345 1097 1392 1124 καὶ
1402 1096 1480 1123 λέων.
1497 1095 1655 1122 Ἀναπλέκει
1670 1094 1701 1120 δὲ
1713 1094 1793 1120 πάλιν

1002 1145 1145 1181 χρησίμως
1171 1143 1312 1179 μοσχαρίῳ
1338 1151 1368 1169 τε
1395 1142 1441 1170 καὶ
1458 1141 1551 1176 ταύρῳ
1563 1141 1608 1167 τὸν
1625 1140 1732 1171 λέοντα,
1750 1139 1793 1165 ἵνα

1003 1190 1084 1217 πάλιν
1113 1187 1318 1224 αἰνιγματωδῶς
1345 1188 1438 1222 ὲννοῇς
1462 1187 1524 1218 τοὺς
1551 1186 1580 1213 ἐν
1608 1185 1700 1212 πίστει
1726 1184 1793 1211 δεδι-

1004 1234 1183 1269 καιωμένους,
1199 1234 1245 1261 καὶ
1261 1233 1313 1261 ὑπὸ
1337 1233 1465 1268 σκῆπτρα
1489 1232 1635 1266 γεγονότας
1659 1230 1708 1257 τοῦ
1727 1230 1793 1257 πάν-

1003 1289 1058 1307 των
1072 1280 1151 1315 ἡμῶν
1165 1279 1291 1315 Σωτῆρος
1304 1278 1423 1314 Χριστοῦ
1445 1278 1495 1305 οὐκ
1510 1279 1543 1304 ὲκ
1564 1277 1652 1312 μόνων
1665 1275 1735 1303 εῖναι
1746 1284 1794 1302 χα-

1005 1325 1094 1360 οαρῶν
1106 1333 1136 1351 τε
1149 1325 1196 1352 καὶ
1211 1324 1302 1360 ἱερῶν,
1315 1324 1399 1359 ἧγουν
1415 1323 1445 1355 ἐξ
1456 1323 1566 1358 ἡμέρων
1581 1330 1610 1349 τε
1628 1321 1676 1348 καὶ
1688 1320 1792 1356 πράων,

1004 1370 1076 1397 τοῦτ’
1094 1369 1162 1402 ἐστι,
1190 1369 1244 1396 τῶν
1268 1368 1312 1395 διὰ
1339 1368 1386 1395 τοῦ
1415 1367 1498 1403 νόμου
1524 1366 1793 1401 τετιθασσευμένων.

1004 1416 1072 1443 ἀλλὰ
1084 1415 1137 1450 γὰρ
1151 1414 1198 1443 καὶ
1210 1415 1242 1441 ὲκ
1254 1414 1309 1441 τῶν
1320 1414 1433 1449 ἀγρίων,
1444 1413 1522 1448 δῆλον
1532 1413 1561 1439 δὲ
1573 1413 1614 1439 ὅτι
1627 1412 1682 1439 τῶν
1697 1412 1793 1444 ὲῦνῶν,

1007 1461 1177 1496 συνείροντος
1194 1462 1234 1492 εἰς
1248 1460 1399 1496 όμοψυχίαν
1413 1460 1511 1491 αὐτοὺς
1526 1458 1573 1486 τοῦ
1592 1459 1705 1485 πάντων
1717 1457 1793 1493 ἡμῶν

968 1521 989 1551 c
1007 1508 1132 1542 Σωτῆρος
1146 1506 1276 1542 Χριστοῦ,
1302 1505 1534 1541 παραπέμποντος
1557 1513 1587 1531 τε
1610 1504 1641 1530 τὺ
1669 1502 1793 1530 ἐντεῦθεν

1007 1553 1109 1587 ἀγαθὸν
1125 1552 1173 1579 καὶ
1184 1553 1224 1584 εἰς
1251 1552 1355 1578 παίδων
1371 1551 1479 1582 παῖδας,
1499 1551 1558 1586 ἤτοι
1572 1550 1635 1581 τοὺς
1650 1549 1679 1581 ἐξ
1695 1548 1793 1575 αὐτῶν.

1013 1598 1178 1625 Ἐκτείνεται
1198 1597 1253 1632 γὰρ
1268 1598 1308 1629 εις
1323 1597 1403 1632 δεῦρο
1425 1597 1473 1623 καὶ
1499 1597 1563 1633 παρ’
1579 1597 1643 1631 ἡμῖν
1665 1597 1682 1631 ἡ
1701 1595 1794 1630 είρὴνη

1008 1643 1137 1679 Χριστοῦ,
1153 1644 1201 1673 καὶ
1215 1643 1246 1670 τὸ
1260 1644 1292 1670 ὲκ
1301 1643 1350 1678 τῆς
1359 1642 1509 1677 όμοψυχίας
1525 1650 1554 1668 τε
1566 1641 1634 1676 ὁμοῦ
1656 1641 1706 1667 καὶ
1731 1641 1796 1674 ὁμο-

1009 1690 1116 1721 πιστίας
1129 1690 1241 1724 ἀγαθόν.
1254 1689 1338 1716 Τοῦτο
1350 1688 1404 1724 γὰρ
1414 1709 1422 1721 ,
1440 1686 1526 1723 οἶμαι,
1540 1687 1615 1722 δηλοί
1629 1686 1796 1722 προστιθεὶς.

1008 1736 1049 1762 ὅτι
1076 1735 1134 1771 άμα
1160 1735 1194 1762 τὰ
1214 1735 1308 1762 παιδία
1333 1734 1423 1761 αὐτῶν
1446 1733 1563 1766 ἔσονται,
1587 1734 1635 1760 καὶ
1659 1732 1729 1759 λέων
1752 1731 1797 1758 καὶ

1010 1781 1074 1816 βοῦς
1089 1780 1147 1816 ἅμα
1164 1780 1296 1815 φάγονται
1313 1780 1410 1815 ἄχυρα,
1426 1779 1519 1814 φησιν.
1552 1778 1734 1814 Ἐπιτήρησον
1758 1777 1797 1803 ὅτι

1009 1827 1040 1853 οὐ
1053 1826 1083 1853 τὸ
1096 1826 1199 1862 ἥμερον
1218 1826 1257 1857 είς
1267 1825 1316 1860 τὴν
1329 1826 1386 1856 τοῖς
1405 1825 1511 1860 ἀγρίοις
1528 1823 1738 1858 κατειθισμένην
1752 1831 1798 1857 με·

1009 1872 1168 1907 ταφοίτησιν
1184 1871 1236 1907 ἔφη
1249 1870 1354 1906 τροφὴν
1366 1891 1374 1902 ,
1397 1870 1453 1897 ἀλλ’
1469 1870 1507 1902 εἰς
1519 1870 1569 1904 τὴν
1588 1869 1636 1896 τοῦ
1652 1869 1757 1905 ἡμέρου
1769 1868 1798 1895 τὺ

1011 1916 1106 1951 ἄγριον
1121 1924 1128 1932 ”
1146 1915 1300 1952 σαρκοϐόρα
1324 1914 1373 1950 μὲν
1391 1915 1445 1951 γὰρ
1461 1914 1683 1950 ὁμολογουμένως
1700 1914 1798 1949 ἄρκτος

1011 1963 1059 1990 καὶ
1071 1962 1149 1995 λέων,
1167 1961 1229 1997 βοῦς
1239 1962 1268 1988 δὲ
1279 1961 1326 1989 καὶ
1341 1961 1452 1996 μόσχος,
1469 1961 1552 1996 ἡγουν
1576 1960 1670 1996 ἔριφος
1685 1959 1779 1986 οὐκέτι
1789 1967 1796 1974 ·

1015 2008 1145 2044 ποηφαγῆ
1157 2008 1184 2035 δὲ
1202 2007 1302 2043 μᾶλλον
1316 2007 1349 2034 τὰ
1362 2006 1449 2033 τοιάδε
1462 2006 1516 2033 τῶν
1529 2005 1616 2039 ζώων.
1639 2004 1722 2032 Ἀλλὰ
1747 2004 1798 2031 τῶν

1013 2054 1042 2080 ὲν
1057 2054 1124 2086 ἔθει,
1140 2054 1231 2088 φησὶν,
1247 2053 1277 2080 τὸ
1288 2053 1382 2088 άγριον
1392 2053 1585 2087 ἀποστήσεται.
1603 2050 1798 2086 Μεταχωρήσει

1014 2100 1042 2127 δὲ
1055 2100 1154 2134 μᾶλλον
1166 2099 1212 2126 ἐπὶ
1232 2099 1280 2135 τὴν
1293 2099 1347 2125 τῶν
1366 2098 1477 2134 ἡμέρων
1494 2097 1605 2133 τροφὴν,
1627 2096 1799 2131 άχυροφαγή-

1017 2153 1058 2171 σει
1073 2145 1126 2180 γάρ
1143 2145 1190 2171 καὶ
1207 2144 1285 2171 αὑτά.
1312 2144 1367 2170 Καὶ
1386 2143 1470 2174 τύπος
1485 2143 1518 2170 ἂν
1533 2143 1575 2177 εἴη
1596 2141 1769 2176 διδαγμάτων
1784 2141 1799 2175 ὴ

176 2194 252 2221 runt,
264 2188 386 2215 ﬂoridum
402 2192 430 2216 et
443 2188 546 2216 deliciis
560 2187 711 2215 alliuentem
725 2193 831 2222 pastum
848 2196 914 2216 evan

1060 2194 1112 2227 ιφή.
1127 2191 1204 2217 Ἐστι
1220 2190 1309 2218 τοίνυν
1322 2190 1432 2221 ἐννοεῖν,
1440 2190 1480 2216 ὅτι
1495 2188 1547 2224 πρὸ
1561 2189 1610 2224 μὲν
1623 2187 1673 2222 τῆς
1686 2187 1799 2217 πίστεως

177 2233 290 2260 licarum
304 2233 507 2260 institutionum
520 2232 599 2260 simul
612 2238 672 2258 cum
683 2231 809 2259 Israelitis
819 2238 962 2262 sectantes.

176 2278 320 2310 Caeterum,
335 2277 432 2311 inquit,
449 2277 531 2304 etiam
547 2283 615 2311 puer
628 2277 756 2310 parvulus
769 2277 850 2305 ducet
864 2286 922 2313 eos,
936 2279 963 2307 id

177 2327 235 2355 est,
250 2324 387 2357 magistris
410 2322 588 2357 subjicieutur
608 2329 751 2356 puerorum
772 2323 963 2353 formaloribus

179 2377 232 2396 non
256 2369 354 2396 acerba
382 2373 473 2395 mente
498 2367 625 2400 vitiisque
649 2367 737 2395 dedita
759 2370 893 2403 praeditis,
916 2371 963 2398 sed

179 2414 268 2449 potius
282 2413 466 2448 simplicibus,
481 2417 509 2439 et
523 2412 549 2438 in
568 2412 669 2439 malitia
686 2413 847 2447 infantibus,
860 2415 966 2442 animo-

181 2467 235 2494 que
258 2458 440 2495 sapientibus,
457 2458 551 2493 quaies
578 2459 689 2486 omnino
714 2463 776 2486 sunt
799 2459 963 2493 Christiani,

182 2506 300 2532 divinum
331 2504 460 2531 habentes
492 2504 647 2532 thesaurum
676 2505 755 2541 201
784 2506 810 2533 in
843 2509 968 2534 testaceis

183 2549 312 2582 vasculis,
326 2553 352 2576 et
365 2550 445 2576 corde
460 2550 636 2583 perversitate
650 2558 681 2578 ac
698 2552 869 2586 improbitate
883 2553 966 2580 libero

184 2595 303 2630 praediti,
318 2601 349 2621 ac
365 2602 449 2629 nuper
463 2595 532 2622 natis
546 2596 666 2630 puerulis
683 2597 752 2624 nulla
769 2598 795 2625 in
813 2606 840 2625 re
856 2599 967 2626 infcrio-

183 2649 237 2667 rcs.
251 2640 330 2667 Tales
347 2640 418 2666 enitn
434 2640 491 2676 ipse
506 2641 634 2669 Servator
647 2642 742 2677 dignos
757 2650 817 2671 esse
833 2645 869 2671 ait
885 2653 968 2681 regno

183 2685 312 2712 caelorum
331 2694 338 2712 :
358 2694 367 2711 ι
384 2685 470 2714 Sinite
486 2686 568 2719 enim,
584 2687 678 2722 inquit,
694 2696 802 2723 ptteros,
818 2695 845 2717 et
860 2698 892 2717 ne
906 2699 969 2726 pro—

184 2731 276 2758 hibetc
293 2731 352 2758 illos
366 2731 460 2759 venire
479 2732 512 2759 ad
531 2739 588 2765 me,
606 2733 697 2760 laiittm
713 2739 754 2761 est
766 2735 836 2762 enim
856 2744 965 2770 regnum

185 2777 370 2811 maiorum”.
394 2787 404 2804 ι
430 2777 505 2811 Quod
531 2784 636 2813 autem,
661 2780 726 2808 licet
752 2781 966 2809 innocentiSsimi

221 2836 244 2851 ιο
261 2835 353 2864 Mulli].
372 2845 428 2872 m,
444 2839 485 2868 ιιι.

1016 2238 1065 2272 τῆς
1081 2237 1121 2268 εις
1133 2236 1250 2272 Χριστὸν
1277 2235 1311 2262 τά
1326 2235 1390 2270 ἔθνη
1406 2234 1540 2270 πονηροὺς
1553 2234 1602 2269 μὲν
1615 2234 1750 2268 ἐσχήκασι
1763 2232 1799 2258 δι-

1015 2282 1185 2314 δασκάλους,
1212 2280 1395 2318 θηριοπρεπὲς
1431 2280 1523 2311 αὐτοῖς
1548 2279 1750 2314 παρατιθέντας
1773 2277 1800 2304 τὸ

1018 2328 1142 2363 μάθημα,
1158 2327 1205 2354 καὶ
1220 2327 1254 2353 τά
1270 2326 1374 2361 φθορᾶς
1385 2334 1415 2352 τε
1430 2325 1478 2352 καὶ
1493 2324 1630 2356 ἀπωλείας
1641 2323 1712 2359 ἔργα
1723 2324 1800 2358 τιμᾷν

1016 2373 1221 2404 άναπείθοντας.
1242 2371 1349 2407 Ἐπειδὴ
1366 2371 1394 2398 δὲ
1407 2370 1554 2405 κέκληνται
1570 2369 1637 2405 πρὸς
1655 2369 1801 2403 ἐπίγνωσιν

1016 2419 1064 2445 τοῦ
1080 2419 1140 2445 κατ’
1153 2417 1281 2454 ἀλήθειαν
1296 2417 1371 2448 ὄντος
1383 2416 1460 2448 Θεοῦ.
1476 2415 1544 2451 ὁμοῦ
1554 2416 1587 2450 τῇ
1602 2414 1706 2451 ἀρχαίᾳ
1718 2414 1800 2450 πλάνῃ

1018 2464 1129 2492 καὶτῶν
1141 2463 1298 2499 συντρόφων
1309 2463 1399 2494 αὐτοῖς
1410 2461 1612 2497 ἀπηλλάττοντο
1625 2461 1800 2495 μαθημάτων.

1018 2510 1067 2545 τὴν
1077 2509 1177 2544 εὐανθῆ
1205 2517 1236 2536 τε
1265 2508 1311 2535 καὶ
1340 2507 1535 2543 εὐδιάθρυπτον
1551 2506 1606 2533 τῶν
1621 2504 1801 2539 εὐαγγελικῶν

1019 2556 1210 2591 παιδευμάτων
1222 2554 1290 2590 ὁμοῦ
1301 2556 1357 2586 τοῖς
1372 2554 1403 2586 ἐξ
1424 2553 1532 2590 Ἰσραὴλ
1547 2552 1680 2588 τιμῶντες
1692 2551 1801 2587 τροφήν.

1025 2601 1105 2628 Ἀλλὰ
1123 2601 1169 2627 καὶ
1183 2600 1299 2632 παιδίον,
1318 2599 1396 2634 φησὶδ
1414 2598 1512 2634 μικρὸν
1523 2599 1582 2630 άξει
1599 2598 1709 2630 αὐτοὺς,
1734 2595 1801 2623 τοῦτ’

1018 2647 1101 2677 ἐστιν,
1114 2646 1166 2673 ὑπὸ
1189 2645 1358 2677 διδασκάλοις
1381 2644 1488 2671 ἔσονται
1508 2643 1693 2677 παιδαγωγοῖς
1717 2643 1746 2668 οὺ
1761 2650 1801 2668 πι-

1018 2693 1083 2728 κρὸν
1098 2701 1128 2719 τε
1143 2693 1189 2719 καὶ
1201 2691 1413 2726 φιλοκάλουργον
1440 2690 1532 2725 ἔχουσι
1556 2688 1631 2722 νοῦν,
1661 2688 1755 2719 άπλοίς
1778 2687 1802 2713 δὲ

1021 2738 1119 2774 μᾶλλον
1132 2738 1179 2764 καὶ
1189 2737 1351 2773 νηπιάζουσι
1366 2737 1413 2772 μὲν
1433 2737 1461 2762 ὲν
1488 2735 1584 2770 κακίᾳ.
1601 2735 1692 2769 σοφοῖς
1716 2734 1745 2760 δὲ
1759 2733 1802 2763 τὰς

1021 2783 1133 2818 φρένας.
1153 2783 1275 2810 Tmoth
1293 2783 1322 2809 δὲ
1338 2782 1438 2813 πάντες
1456 2781 1480 2808 οἱ
1498 2781 1527 2807 ὲν
1540 2780 1651 2816 Χριστῷ
1675 2779 1721 2806 τὸν
1737 2779 1802 2805 θεῖον
