1872 3055
61 172 106 200 325

614 167 647 195 IN
669 168 784 196 lSAlAM
803 169 867 198 LIB.
889 170 919 197 ll.
940 169 1057 199 TOMUS
1076 172 1096 199 l.
1616 175 1667 201 5‘26

61 230 157 263 ἔχοντες
177 225 314 260 θησαυρὸν
330 225 360 252 ἐν
380 225 550 260 ὀστρακίνοις
571 225 705 258 σκεύεσιν,
717 226 763 252 καὶ
775 226 837 252 δυσ-

914 232 979 254 irent
993 232 1019 255 et
1034 228 1231 263 simplicissima
1247 234 1346 262 mente,
1356 229 1585 266 inexpugnabiles,
1597 231 1671 259 inde-

61 272 162 309 τροπίας
177 271 227 306 μὲν
239 271 286 297 καὶ
303 270 472 305 φαυλότητος
487 269 631 305 ἐλευθέραν
655 270 762 305 ἔχοντες
786 270 836 305 τὴν

60 318 172 353 καρδίαν,
191 316 342 352 ἀρτιγενῶν
359 324 388 342 τε
409 315 522 342 παιδίων
544 316 603 342 κατ’
617 316 694 343 οὐδὲν
706 316 836 343 ἀποδέον-

46 360 109 396 ’τες.
135 364 202 394 Τοὺς
226 363 280 398 γὰρ
295 362 432 394 τοιούτους
448 363 496 389 καὶ
518 363 598 395 αὐτὸς
610 363 625 388 6
637 363 732 398 Σωτὴρ
745 363 836 395 ἀξίους

62 407 122 435 cluat
138 416 202 442 φησι
219 407 271 441 τῆς
295 406 433 441 βασιλείας
455 407 510 433 τῶν
529 406 659 442 οὒρανῶψ
675 417 685 433 ι
705 408 810 441 ’Λφίετε
823 417 833 433 ι

63 455 117 489 γὰρ,
133 452 208 488 φησὶ,
227 461 237 478 ι
251 453 284 478 τὰ
294 453 397 484 παιδία,
418 453 465 479 καὶ
483 452 522 488 μὴ
541 453 659 480 κωλύετε
673 453 742 480 αὑτὰ
760 454 837 489 ἔρχε-

64 500 117 526 σθαι
127 499 193 534 πρὸς
207 498 252 533 μέ·
267 497 323 524 τῶν
336 497 390 533 γὰρ
401 497 503 524 τούτων
524 499 626 534 ὲστὶνὴ
644 499 767 534 βασιλεία
783 500 837 526 τῶν

63 544 203 580 οὐρανῶν.»
231 543 294 570 ’Ότι
309 543 338 570 δὲ
360 544 406 570 καὶ
431 544 478 570 ἐπὶ
507 543 638 578 πλείστην
669 543 757 578 ἔχοιεν
786 545 837 578 τὴν

63 590 167 617 ἀκακίαν
187 589 228 620 εις
252 587 335 620 νοῦν,
361 589 505 624 ἀχείρωτοι
523 598 552 616 τε
576 589 624 616 καὶ
649 589 774 624 ἄληπτοι,
790 590 838 616 καὶ

63 636 177 664 ἁπάντων
190 634 297 661 ἔσονται
313 635 448 670 δειμάτων
462 635 602 670 ἀμείνους,
618 635 784 670 ὑπεμφαίνει
795 635 838 662 λέ-

64 690 120 717 των·
134 690 143 707 ι
159 681 213 707 Καὶ
226 680 335 707 παιδίον
347 680 441 716 νήπιον
455 681 502 707 ἐπὶ
516 680 640 716 τρώγλην
650 681 781 713 ἀσπίδων,
791 682 838 708 καὶ

64 729 103 755 ἐπὶ
115 728 204 762 κοίτην
218 727 340 761 ἐγγόνων
354 726 474 754 ἀσπίδων
487 727 536 762 τὴν
552 729 630 762 χεῖρα
642 727 776 759 ὲπιὸαλεῖ,
792 727 838 754 καὶ

65 775 89 800 οὐ
101 773 134 808 μὴ
146 773 376 806 κακοποιήσωσιν,
388 772 443 799 οὐδ’
455 772 487 798 οὐ
509 772 546 808 μὴ
560 773 690 800 δύνωνται
706 772 838 800 ἀπολέσαι

65 820 145 846 οὐδένα
158 819 202 845 ἐπὶ
213 819 244 845 τὸ
259 818 322 853 ὅρος
339 819 370 845 τὸ
381 819 458 852 ἆγιόν
474 827 536 854 μου.
547 828 557 845 s
571 819 701 854 Τρώγλας
716 819 745 846 δδ
761 817 838 854 οἶμαι

66 867 102 892 καὶ
117 866 202 896 κοίτας
232 865 365 897 ἀσπίδων,
392 865 409 901 ἢ
438 866 472 892 τὰ
496 865 602 900 πονηρά
625 866 680 892 τῶν
692 866 839 901 δαιμονίων

886 271 1098 305 prehensibiles,
1128 273 1306 308 omnibusque
1337 274 1487 302 terroribus
1517 275 1671 310 superiores
1695 284 1712 298 ι’

886 317 970 344 futuri
986 322 1058 350 sunt,
1075 318 1227 346 subindicat
1254 319 1346 347 dicens
1364 329 1371 346 :
1391 329 1400 346 ι
1420 320 1452 347 Et
1464 329 1529 356 puer
1545 323 1672 356 parvulus

886 363 913 390 in
929 362 1060 390 foramina
1079 364 1212 398 aspidurn,
1226 369 1254 391 et
1271 365 1296 391 in
1314 365 1402 392 cubile
1417 365 1529 393 luatuum
1548 366 1672 401 aspidum

886 415 996 434 manum
1011 407 1149 440 immittet,
1165 414 1214 436 nec
1229 409 1336 442 ladem,
1351 418 1438 446 neque
1446 416 1671 447 poteruntqnem-

885 460 966 487 quam
988 455 1101 488 perdere
1123 454 1150 481 in
1174 460 1264 482 monte
1284 461 1379 483 sancto
1404 465 1473 484 meo.
1494 467 1503 483 ι
1529 458 1670 486 Foramina

885 502 976 525 autem
990 504 1018 526 et
1034 499 1130 526 cubilia
1146 500 1280 534 aspidnm,
1292 501 1384 533 credo,
1397 503 1460 530 dicit
1474 504 1557 531 malas
1573 505 1672 531 damm-

886 544 992 571 niorum
1015 549 1132 578 turmas,
1152 545 1194 572 vel
1215 546 1358 580 impiorum
1378 547 1565 576 haereticorum
1589 550 1673 577 lustra

886 596 919 616 ac
933 588 1054 621 latibttla,
1071 590 1200 617 ecclesias
1211 592 1282 618 enim
1296 591 1388 618 dicere
1402 600 1455 619 non
1470 593 1552 627 luhct,
1566 595 1592 621 in
1606 603 1672 630 quas

886 642 1072 669 saepenumero
1099 643 1193 663 manus
1219 637 1410 670 imminentes,
1435 639 1480 673 qui
1508 639 1534 666 in
1563 640 1672 668 Christo

887 679 1004 707 infantes
1026 685 1104 712 sunt,
1124 681 1202 709 facile
1225 687 1356 716 superant
1380 684 1446 710 nihil
1469 692 1580 719 prorsus
1605 687 1671 714 hesi.

887 725 1009 752 Christus
1024 726 1155 761 siquidem
1169 735 1216 755 eos
1233 729 1366 762 vindicat,
1382 734 1408 756 et
1425 731 1540 758 sinistrte
1565 732 1672 759 illorum

887 771 1076 804 pcrversitatis
1102 779 1208 800 morsus
1236 774 1373 808 reprimit,
1394 775 1523 810 virusque
1551 778 1672 805 int-ilius:

888 818 979 844 edicit.
998 818 1051 845 Nec
1073 820 1144 846 enim
1167 824 1310 854 poterunt,
1328 821 1432 856 inquit,
1447 823 1559 856 perdere
1581 831 1673 858 quent-

886 871 969 897 quam
985 864 1010 891 in
1028 869 1117 892 monte
1132 871 1226 892 sancto
1243 873 1312 893 meo.
1329 866 1457 894 Sanctum
1476 871 1592 895 montem
1610 869 1674 896 dicit

65 912 176 946 ὀνομάζει
193 911 291 946 στίφη,
311 911 396 946 ἤγουν
415 911 465 942 τὰς
485 911 540 938 τῶν
557 912 671 938 ἀνοσίων
692 911 837 947 αίρετικῶν

914 909 1053 941 celesiam,
1070 915 1210 945 propterea
1233 912 1303 946 quod
1329 912 1354 939 in
1378 913 1432 940 alto
1455 913 1546 948 gloriae
1567 914 1675 950 fastigio

66 957 111 984 οἷον
124 956 206 987 οἰκίας
221 964 251 982 τε
268 957 317 983 καὶ
332 956 502 988 καταδύσεις·
523 957 567 984 ἵνα
591 957 629 993 μὴ
651 957 775 993 λέγωμεν
793 959 839 984 ὲκ-

66 1003 174 1038 κὶησίας·
197 1000 243 1034 αἷς
261 1003 314 1038 τὴν
338 1004 417 1037 χεῖρα
441 1003 600 1035 πλειστάκις
620 1004 797 1040 ἐπιφέροντες
813 1006 839 1032 οῑ

67 1049 198 1085 ἐνΧριο-τῷ
217 1049 400 1084 νηπιάζοντες
426 1049 619 1084 περιγίνονται
645 1050 754 1086 ῥᾳδίως,
778 1053 838 1078 κατ’

68 1096 148 1122 οὐδένα
173 1095 276 1130 τρόπον
306 1094 478 1129 ἀδικούμενοι
492 1102 500 1109 '
515 1095 631 1131 Χριστὸς
654 1096 708 1131 γάρ
735 1097 808 1123 ἐστιν
825 1098 840 1123 ὁ

69 1141 198 1176 ὲπαμύνων
214 1141 319 1172 αὐτοῖς,
330 1139 437 1174 καὶτῆς
452 1140 564 1167 ἐκείνων
578 1141 738 1176 σκαιότητος
748 1142 841 1175 ἀφανί-

70 1188 113 1219 ζων
133 1186 165 1212 τὰ
179 1186 309 1221 δήγματα
319 1206 327 1218 ,
351 1185 491 1221 ἄπρακτόν
502 1194 532 1212 τε
550 1185 596 1213 τὸν
618 1186 655 1213 ῑὸν
671 1187 837 1222 ἀποφαίνων.

70 1233 102 1259 06
113 1232 161 1266 γὰρ
172 1233 208 1267 μὴ
218 1231 363 1262 δύνωνται,
393 1232 486 1267 φησὶν,
515 1232 646 1259 ἀπολέσαι
666 1233 727 1260 τινὰ
750 1233 795 1260 ἐπὶ
811 1233 841 1260 τδ

71 1277 121 1312 Bp»;
135 1277 162 1303 τὸ
175 1276 250 1310 ἀγιόν
268 1284 331 1311 μου.
346 1276 440 1310 Ἅγιον
453 1276 482 1302 δὲ
502 1276 565 1311 δρος
577 1277 644 1313 φησὶ
655 1278 703 1312 τὴν
725 1278 837 1314 Ἐκκλη-

72 1325 131 1355 σὶαν,
143 1323 184 1350 διὰ
197 1323 228 1350 τδ
241 1322 313 1357 ὗψοῦ
326 1321 464 1349 τεθεῖσθαι
475 1322 507 1348 τό
522 1331 553 1357 γε
563 1320 632 1358 ἧκον
647 1324 686 1355 είς
695 1323 784 1356 δόξαν,
792 1323 840 1350 καὶ

72 1369 115 1395 τῶν
126 1370 152 1394 ὲν
165 1368 231 1403 αὐτῇ
246 1366 392 1402 δογμάτων
406 1367 436 1394 τὸ
448 1367 612 1402 ἐπῃρμένον.
633 1367 778 1402 Χοαμαλδν
786 1367 840 1403 γὰρ

72 1414 134 1441 οῦδὲν
145 1415 171 1440 ὲν
185 1414 262 1449 ἡμῖν.
278 1413 318 1439 Οὐ
334 1413 388 1448 γὰρ
413 1412 478 1444 ἴσως
495 1414 529 1448 τῇ
544 1413 631 1439 κτίσει
643 1413 683 1448 τῷ
696 1413 798 1448 κτίστῃ
811 1412 842 1440 τδ

75 1460 141 1491 σέὗαις
167 1460 299 1486 ἀνάπτειν
321 1458 459 1494 ὴῦίσμεθα
480 1458 556 1494 παρὰ
575 1458 621 1485 τὸν
648 1458 767 1494 κτίστην
795 1459 842 1486 καὶ

74 1505 184 1541 Ποιητῆν·
197 1505 259 1532 οὔτε
276 1505 331 1540 μὴν
352 1506 397 1531 τὸν
418 1504 472 1531 τῶν
497 1505 566 1531 ὅλων
587 1505 752 1540 δημιουργὸν
776 1505 842 1531 Θεὸν

73 1552 143 1586 Λόγον
156 1551 204 1586 τῆς
224 1551 302 1586 αὐτῷ
329 1550 487 1586 πρεπούσης
511 1550 731 1585 καταῦιϐἀζομεν
751 1551 839 1585 δόξης,

891 954 1020 982 collocata
1037 956 1088 987 sit,
1101 961 1128 983 et
1142 960 1251 991 propter
1266 957 1418 992 dogmatum
1436 959 1462 985 in
1479 967 1509 986 ea
1525 960 1674 987 sublimita-

892 1004 956 1027 tem.
973 1000 1077 1028 llumile
1098 1002 1170 1029 cnim
1193 1003 1258 1029 nihil
1279 1008 1320 1031 est
1343 1004 1369 1031 in
1393 1005 1480 1032 nobis.
1495 1004 1551 1032 Non
1576 1007 1674 1033 etenim

891 1050 1023 1073 creaturae
1047 1053 1127 1081 supra
1152 1047 1308 1075 Creatorem
1341 1049 1539 1076 venerationem
1569 1049 1676 1077 deferre

892 1091 1023 1124 solemus,
1038 1099 1087 1120 nec
1108 1093 1228 1120 ontnium
1250 1093 1374 1128 opiﬁcem
1396 1093 1479 1122 Deum
1506 1093 1620 1122 Verbum
1644 1096 1676 1123 dc

891 1137 976 1173 gloria
993 1137 1083 1165 debita
1099 1138 1285 1172 deturbamus,
1302 1147 1351 1166 nec
1365 1147 1427 1166 eutn
1443 1141 1576 1168 creaturis
1590 1148 1676 1168 annn—

893 1190 1039 1211 meramus.
1067 1183 1205 1218 Repletam
1235 1185 1296 1212 dein
1327 1185 1366 1212 ait
1393 1186 1543 1214 universam
1575 1191 1675 1214 terram

891 1229 1045 1263 cognitione
1056 1229 1170 1262 Dominl,
1181 1235 1254 1257 tanta
1269 1230 1397 1265 religione
1409 1238 1471 1266 erga
1484 1239 1543 1259 eum
1557 1232 1676 1266 plenam,

891 1275 1001 1309 quantis
1024 1276 1130 1302 scilicet
1156 1276 1232 1311 aquis
1261 1277 1410 1311 spatiosum
1434 1282 1462 1305 et
1485 1278 1576 1305 laxum
1600 1287 1675 1306 mare

892 1322 1023 1356 operitur.
1037 1321 1114 1355 Quod
1128 1329 1221 1350 verum
1237 1330 1297 1351 esse
1314 1331 1329 1350 a
1347 1323 1442 1358 quovis
1458 1324 1571 1358 pcrspivi
1589 1329 1676 1359 potest

893 1372 921 1395 et
938 1367 1061 1402 intelligi.
1086 1368 1137 1396 Ubi
1154 1369 1228 1396 enim
1247 1373 1275 1397 et
1299 1370 1368 1403 apud
1390 1376 1458 1404 quos
1478 1369 1604 1398 Christus
1622 1378 1675 1397 non

895 1413 1068 1440 nominatur?
1082 1414 1113 1441 Et
1128 1414 1198 1448 quod
1214 1421 1298 1449 genus
1313 1415 1450 1441 hominum
1464 1415 1500 1442 illi
1517 1423 1568 1442 nou
1586 1416 1677 1450 part-1?

892 1458 997 1486 Fleclet
1011 1459 1111 1486 etenim
1129 1467 1158 1487 se
1177 1459 1213 1486 illi
1231 1467 1311 1487 omne
1329 1467 1415 1495 genu,
1432 1465 1458 1488 et
1480 1462 1569 1488 omnis
1587 1462 1676 1497 lingua

894 1505 931 1533 illi
946 1505 1131 1537 conﬁtebitur,
1146 1507 1371 1540 quemadmodum
1387 1507 1516 1542 scriptum
1530 1513 1571 1535 est
1586 1517 1592 1535 :
1610 1508 1677 1542 Quia

895 1550 1025 1579 Dominus
1039 1550 1117 1578 Jesus
1128 1551 1252 1578 Christus
1265 1552 1291 1578 in
1307 1551 1392 1587 gloria
1408 1552 1454 1580 Dei
1472 1553 1559 1580 Patris
1571 1553 1605 1581 ‘°.

75 1597 285 1633 σονιιριθμοῦντες
297 1596 379 1624 αὑτὸν
392 1598 449 1628 τοῖς
463 1597 619 1632 κτίσμασιν,
652 1596 858 1632 Ἐμπεπλῆσθαί
877 1597 906 1624 τέ
919 1606 986 1632 φησι
1015 1597 1065 1633 τὴν
1081 1597 1226 1633 σύμπασαν
1245 1599 1293 1624 τοῦ
1306 1598 1407 1633 γνῶναι
1425 1599 1469 1626 τὺν
1483 1599 1594 1635 Κύριον,
1607 1600 1678 1626 οὕτω

74 1643 168 1673 τεεῖναι
181 1645 271 1681 πλήρη
291 1645 342 1681 τῆς
370 1646 411 1677 εις
440 1645 522 1673 αὑτὸν
552 1645 703 1678 εὐσεόείας,
736 1645 862 1682 καθάπερ
895 1646 992 1680 ἀμέλει
1016 1645 1064 1672 καλ⁸
1084 1647 1101 1681 ἠ
1126 1646 1240 1673 πλατεῖά
1261 1655 1289 1673 τε
1312 1647 1360 1673 καὶ
1376 1646 1531 1682 εὐρύχωρος
1556 1647 1679 1676 θάλασσα

76 1692 148 1727 μεστὴ
162 1691 213 1718 τῶν
235 1691 311 1718 ἰδίων
334 1690 437 1718 ὑδάτων
463 1691 548 1719 ἐστίν.
576 1691 640 1718 Ἰδοι
662 1691 684 1718 δ’
696 1691 728 1717 ἀν
738 1699 781 1723 τις
792 1692 839 1718 καὶ
857 1691 936 1718 τοῦτο
948 1691 1058 1727 ἀληθές.
1087 1691 1141 1718 Ποῦ
1154 1692 1208 1728 γὰρ
1223 1692 1291 1723 ὅλως
1314 1693 1330 1728 ἢ
1351 1693 1426 1730 παρὰ
1438 1694 1507 1719 τίσιν
1516 1694 1565 1721 οὐκ
1579 1695 1679 1730 ὀνομά-

76 1739 138 1771 ζεται
151 1740 263 1775 Χριστός
277 1747 286 1772 ;
305 1739 323 1774 ἢ
336 1740 411 1765 ποῖον
424 1739 574 1774 ἀνθρώπων
589 1739 668 1772 γένος
681 1739 730 1774 οὐχ
740 1739 936 1766 ὐποπίπτωκεν
947 1740 1075 1775 ;Κάμψει
1093 1739 1147 1776 γὰρ
1157 1740 1230 1775 αὐτῷ
1249 1741 1303 1767 πᾶν
1321 1741 1397 1775 γόνυ,
1415 1742 1462 1768 καὶ
1483 1743 1557 1769 πᾶσα
1570 1743 1679 1777 γλῶσσα

77 1786 285 1821 ἐξομολογήσεται
317 1783 390 1820 αὐτῷ
415 1784 486 1811 κατά
516 1784 547 1811 τὸ
567 1785 770 1820 γεγραμμένον,
797 1785 841 1812 ὅτι
857 1785 959 1821 Κύριος
983 1785 1084 1820 Ἰησοῦς
1096 1785 1211 1821 Χριστὸς
1224 1786 1264 1817 εις
1281 1786 1359 1819 δόξαν
1375 1786 1442 1812 Θεοῦ
1458 1787 1573 1822 Πατρός.

105 1833 152 1859 Καὶ
174 1832 256 1859 ἔσται
288 1832 324 1858 ἐν
350 1830 390 1865 τῇ
416 1831 510 1866 ἡμέρᾳ
538 1832 639 1866 ἐκείνῃ
664 1832 684 1865 ’ἠ
709 1831 776 1866 ρῐζὶι
793 1832 842 1859 τοῦ

933 1832 1013 1860 Vsus.
1033 1832 1076 1860 10.
1092 1832 1125 1859 Et
1139 1833 1187 1860 erit
1202 1835 1229 1860 in
1245 1834 1286 1860 die
1305 1833 1351 1860 illa
1379 1833 1458 1860 radix
1472 1833 1564 1869 leum,
1582 1839 1607 1862 et
1633 1836 1679 1870 qui

82 1878 180 1905 Ἰεσσαί
199 1877 248 1904 καὶ
273 1878 292 1904 ὁ
323 1877 521 1911 ἀνιστάμενος
543 1876 646 1912 ἄρχειν
669 1877 778 1909 ἐθνῶν,
798 1877 844 1904 ἐπ’

79 1923 144 1955 αὐτῷ
155 1913 392 1956 ὲλπιοῦσινβκαὶ
412 1921 499 1949 ἔσται
521 1922 541 1956 ἡ
560 1922 732 1955 ἀνάπαυσις
753 1922 845 1950 αὐτοῦ

80 1968 145 2002 τιμή-

113 2014 268 2050 Ἀναλάμπει
284 2014 355 2041 κατὰ
371 2013 456 2050 βραχὺ
474 2014 529 2041 τῶν
552 2013 680 2050 ἀμυδρῶς
696 2015 848 2050 εἰρημένων

81 2061 94 2095 ἡ
106 2060 204 2096 Θεωρία,
218 2062 265 2088 καὶ
292 2061 365 2096 ἅπερ
379 2061 431 2096 ἔφη
444 2061 479 2087 δι’
494 2061 672 2095 αίνιγμάτων,
689 2061 775 2087 ταῦτα
791 2061 847 2091 τοῖς

82 2106 277 2142 φιλακροάμοσιν
290 2105 321 2133 εὖ
335 2106 405 2141 μάλα
427 2107 573 2141 διατρανοῖ.
589 2106 656 2133 Τίνα
678 2105 733 2142 γὰρ
748 2107 848 2142 τρόπον

83 2152 263 2187 βοοκηθήσεται
283 2153 333 2188 μὲν
349 2153 363 2178 6
380 2152 461 2183 λύκος
482 2151 549 2186 μετὰ
566 2151 656 2187 ἀρνὸς,
676 2151 848 2178 συναναπαύ-

84 2198 180 2225 σεταιδὲ
197 2198 282 2233 ἐρίφῳ
298 2197 439 2233 πάρδαλις,
461 2198 508 2223 καὶ
533 2196 695 2232 μοσχάριον,
710 2198 757 2224 καὶ
775 2196 846 2232 βοῦς,

83 2245 120 2270 καὶ
135 2244 199 2271 λέων
225 2244 283 2279 ἁμα
298 2244 429 2278 φάγονται
447 2243 547 2278 ἄχυρα,
563 2243 628 2270 πότε
640 2243 667 2270 δὲ
687 2243 755 2274 ὅλως
772 2243 847 2269 ἐσται

83 2290 156 2320 ταυτὶ,
170 2290 214 2316 καὶ
228 2290 299 2322 τίνες
313 2290 337 2316 οἱ
351 2289 418 2316 ποτὲ
435 2289 485 2324 μὲν
503 2289 573 2324 ὠμοὶ
586 2289 632 2315 καὶ
654 2289 777 2324 ἀπηνεῖς,
793 2287 850 2314 ὲσό-

86 2343 147 2368 μενοι
161 2335 187 2362 δὲ
206 2335 272 2370 μετὰ
287 2335 368 2362 τοῦτο
381 2334 504 2361 τιθασσοἱ
526 2343 555 2360 τε
571 2334 617 2360 καὶ
632 2335 723 2370 πρᾶοι,
745 2334 848 2360 ἔσονται

84 2378 180 2411 eam»;
190 2379 289 2415 ἀναμὶξ
307 2380 363 2411 τοῖς
373 2378 486 2414 ἡμέροις
499 2387 529 2405 τε
542 2378 589 2405 καὶ
605 2379 686 2413 ἱεροῖς
702 2378 746 2412 ὑφ’
758 2378 797 2404 ἑνὶ
811 2378 849 2413 τῷ

85 2423 176 2451 πάντων
200 2424 375 2460 ἀρχιποιμένι
401 2423 626 2459 νεμηθησόμενοι,
645 2423 850 2450 καταλευκαίνει

85 2468 166 2502 λέγων’
182 2470 235 2496 Καὶ
253 2469 330 2496 ἔσται
348 2470 366 2505 ἡ
385 2468 447 2505 ῥίζα
460 2469 509 2496 τοῦ
526 2469 638 2496 Ἰεσσαί.
664 2469 759 2496 Ἔσται
773 2469 802 2496 δὲ
823 2469 849 2496 τί

895 1878 1050 1913 consurgit,
1076 1882 1105 1905 ut
1121 1879 1155 1905 ait
1177 1879 1295 1912 princeps
1313 1879 1448 1914 gentium,
1471 1879 1498 1906 in
1514 1879 1570 1913 ipso
1590 1886 1679 1914 gentes

895 1925 1047 1960 sperabunt,
1063 1925 1110 1952 erit
1123 1926 1221 1959 requies
1234 1925 1289 1960 ejus
1302 1925 1395 1951 honor.

934 2014 1028 2042 Elucet
1041 2014 1171 2049 paulatim
1201 2022 1295 2042 eorum
1322 2022 1381 2049 qua:
1392 2015 1508 2043 obscure
1524 2016 1594 2044 dicta
1614 2023 1678 2045 sunt

897 2052 1081 2094 intelligentia,
1099 2065 1126 2087 et
1138 2067 1198 2095 qum
1210 2067 1258 2095 per
1271 2060 1416 2096 aenigmata
1433 2061 1513 2094 dixit,
1531 2062 1575 2090 hic
1588 2067 1677 2090 auen-

899 2105 933 2132 lis
962 2105 1131 2132 auditoribus
1158 2105 1260 2140 optime
1289 2105 1426 2140 explanat.
1448 2104 1515 2133 Nam
1544 2108 1680 2142 quomodo

897 2154 1052 2184 compascet
1069 2150 1147 2184 lupus
1161 2158 1222 2178 cum
1242 2158 1322 2186 agno,
1337 2151 1418 2187 202
1434 2155 1462 2179 et
1480 2153 1579 2186 pardus
1602 2153 1679 2180 haedo

898 2195 1050 2228 aceubabit,
1068 2200 1094 2222 et
1108 2195 1205 2223 vitulus
1219 2215 1227 2228 ,
1242 2200 1270 2223 et
1288 2195 1346 2228 bos,
1363 2200 1391 2223 et
1409 2196 1452 2223 leo
1465 2196 1545 2224 simul
1564 2204 1679 2225 vescen-

900 2246 944 2267 tur
961 2240 1054 2275 paleis,
1073 2242 1180 2275 quando
1198 2249 1260 2268 vere
1275 2242 1331 2269 base
1346 2241 1458 2268 omnino
1476 2242 1550 2275 lient,
1576 2248 1603 2270 et
1617 2244 1680 2277 qui-

900 2294 961 2313 nam
985 2286 1048 2313 olim
1067 2286 1200 2319 crudeles,
1229 2287 1356 2321 deinceps
1382 2286 1497 2314 evadent
1524 2288 1631 2314 cicures
1652 2293 1680 2316 et

900 2333 990 2365 miles,
1008 2337 1035 2360 et
1051 2340 1104 2367 quo
1118 2337 1197 2367 pacto
1212 2332 1323 2366 placidis
1347 2336 1374 2358 et
1401 2332 1504 2359 sanctis
1532 2332 1680 2366 permisce-

900 2378 1009 2411 buntur,
1028 2378 1078 2405 sub
1086 2385 1140 2405 uno
1152 2385 1258 2406 summo
1274 2377 1393 2405 onmium
1407 2382 1514 2412 pastore
1528 2384 1679 2412 pascentes,

900 2423 1015 2451 candide
1031 2427 1057 2451 et
1070 2428 1163 2458 aperte
1177 2423 1305 2456 declarat,
1317 2431 1378 2451 cutn
1394 2423 1433 2451 ait
1449 2430 1456 2449 :
1476 2423 1511 2450 Et
1523 2424 1577 2451 erit
1603 2424 1679 2451 radix

899 2467 995 2496 Jessm.
1022 2469 1055 2496 At
1072 2469 1137 2504 quid
1152 2469 1205 2496 erit
1219 2474 1246 2497 et
1262 2469 1288 2496 in
1307 2469 1428 2504 quibus?
1449 2468 1483 2497 Ut
1494 2469 1621 2504 princeps
1633 2470 1679 2501 sit,

45 2547 49 2551 .
87 2515 124 2540 καὶ
136 2515 177 2541 ἐπὶ
188 2515 270 2547 τίσιν;
286 2515 368 2542 Ὥστε
382 2514 525 2550 κατάρξαι,
542 2514 621 2551 φησὶ,
632 2514 685 2541 τῶν
696 2515 789 2547 ἐθνῶν,
806 2523 838 2549 γε

914 2514 1000 2549 nquit,
1016 2515 1182 2549 gentium,et
1196 2519 1296 2549 utspcs
1308 2515 1342 2542 sit
1356 2523 1430 2550 spem
1442 2523 1495 2543 non
1507 2516 1679 2548 habentibus,

86 2559 164 2586 νέσθαι
179 2560 206 2587 δὲ
221 2562 267 2587 καὶ
281 2561 321 2592 εἰς
336 2560 431 2587 ἐλπίδα
452 2561 509 2592 τοῖς
535 2561 585 2587 οὐκ
610 2559 716 2595 ἔχουσιν
741 2559 848 2592 ἐλπίδα,

87 2605 164 2637 αὐτοῖς
174 2606 200 2632 δὲ
212 2606 331 2642 δηλονότι
339 2607 398 2638 τοῖς
410 2606 524 2639 ἔθνεσιν,
543 2604 584 2637 οἷς
599 2606 646 2632 καὶ
659 2606 673 2632 6
695 2606 849 2640 σοφώτατος

88 2649 176 2682 Παῦλος
190 2651 339 2678 ἐπιστέλλει
353 2652 450 2686 λέγων·
481 2660 490 2677 ι
506 2651 552 2678 Διὺ
578 2651 760 2687 μνημονεύετε
771 2653 850 2687 ὑμεῖς

88 2694 116 2719 τΞι
125 2695 190 2730 ἔθνη,
202 2696 226 2722 ul
237 2696 376 2732 λεγόμενοι
388 2695 554 2732 ἀκροϐυστία
570 2696 622 2723 ὑπὸ
638 2697 688 2731 τῆς
701 2696 849 2731 λεγομένης

90 2739 112 2764 ἐν
131 2742 204 2776 σαρκὶ
230 2743 379 2778 περιτομῆς
402 2743 607 2777 χειροποιήτου,
633 2742 673 2768 ὅτι
691 2739 739 2777 ἦτε
761 2743 790 2768 ὲν
810 2742 850 2777 τῷ

91 2785 163 2819 καιρῷ
177 2786 267 2821 ἐκείνῳ
280 2787 362 2822 χωρὶς
383 2786 512 2822 Χριστοῦ,
527 2786 777 2822 ἀπηλλοτριωμένοι
801 2786 848 2813 τοῦ

80 2896 84 2910 ἰ
119 2860 138 2876 ⁸⁸
151 2859 256 2898 Philipp.
270 2870 300 2896 tt,
312 2863 354 2898 l0,
368 2864 409 2891 Il.

901 2559 966 2594 ipsis
991 2560 1118 2587 videlicet
1152 2561 1298 2595 gentibus,
1336 2561 1435 2595 quibus
1464 2561 1681 2596 sapientissimus

901 2604 1000 2632 Paulus
1025 2605 1119 2632 scribit
1144 2606 1259 2633 dicens:
1282 2615 1291 2631 ι
1316 2605 1430 2640 Propter
1453 2607 1523 2641 quod
1549 2614 1681 2634 memores

901 2655 988 2679 estote
1010 2659 1058 2679 vos
1078 2657 1182 2687 gentes,
1209 2653 1255 2688 qui
1270 2653 1432 2680 dicebamini
1461 2653 1621 2687 praeputium
1648 2653 1682 2679 ab

901 2704 931 2724 ea
952 2704 1011 2731 quae
1040 2698 1138 2725 dicitur
1159 2698 1330 2726 circumcisio
1348 2698 1373 2724 in
1392 2705 1483 2730 carne,
1501 2697 1653 2724 Inanul'acta
1672 2704 1681 2722 :

899 2742 970 2775 quod
986 2742 1069 2769 cratis
1084 2743 1109 2769 in
1125 2746 1245 2777 tempore
1260 2743 1306 2770 illo
1336 2743 1394 2770 sine
1416 2743 1541 2775 Christo,
1568 2740 1682 2768 alienati

901 2787 934 2814 ab
944 2786 1038 2822 Israel,
1055 2794 1082 2817 et
1096 2789 1217 2823 hospites
1231 2793 1464 2820 testamentorum,
1488 2784 1684 2821 promissionis
