1872 3055
195 148 250 177 ΞΞῚ

696 147 724 175 S.
745 147 882 176 CYRlLLl
902 147 1140 176 ALEXANDNNI
1160 149 1321 178 AliClllEP.

1780 149 1838 176 328

197 218 272 244 spem
300 217 352 238 non
387 210 527 243 habentes,
541 214 568 237 et
585 209 645 237 sine
675 208 729 237 Deo
743 210 769 237 iu
795 209 847 237 hoc
869 210 969 238 mundo

1060 211 1153 246 πραὴλ,
1173 211 1221 238 καὶ
1244 211 1313 243 ξένοι
1330 211 1384 237 τῶν
1407 209 1554 245 διαθηκῶν,
1584 210 1634 245 τῆς
1658 208 1837 243 ἐπαγγελίας

197 255 272 283 Nunc
286 261 374 284 autem
393 257 418 283 in
433 256 543 283 Christo
555 255 619 283 Jesu
628 263 675 284 vos
686 257 731 291 qui
745 256 888 291 aliquando
901 258 984 285 eratis

199 302 286 337 longe,
307 302 370 330 facti
387 302 453 330 estis
480 309 563 336 prope
583 302 609 329 in
631 303 763 338 sanguine
785 303 886 331 Christi
908 305 942 332 “.
970 313 980 330 ι

199 348 297 375 Verum
312 348 363 375 etsi
376 352 455 375 erant
479 348 538 383 spei
555 354 692 384 expertes,
707 354 735 376 et
762 349 845 376 Deum
862 358 916 377 non
931 350 982 377 ha-

196 393 292 420 bentes
322 393 348 420 in
381 393 481 421 mundo
511 394 725 429 (procubuerunt
752 396 823 422 enim
853 395 983 430 operibus

195 446 305 466 suarum
322 439 475 473 manuum),
490 444 578 467 tamen
603 441 691 467 vocati
707 445 769 468 sttnt
786 448 834 475 per
853 442 932 469 [idem
947 441 982 469 ad

194 484 358 518 agnitionem
374 485 485 517 Christi,
512 486 580 513 etei
608 486 723 521 subjecti
741 491 815 520 sunt,
842 492 869 515 et
895 487 979 515 Deum

194 522 346 556 habuerunt
369 530 518 558 naturalem
530 535 558 558 et
574 539 678 564 verum,
702 536 730 559 et
747 533 803 567 spei
819 538 978 560 sanctorum

193 580 272 602 erant
286 580 437 604 consortes.
454 577 511 603 Erit
532 581 640 610 autem,
669 577 769 612 inquit,
792 578 900 612 requies
923 578 982 613 ejus

193 620 290 648 honor.
310 621 457 655 Dupliciter
481 622 616 657 intelliges
643 623 714 658 quod
739 624 846 651 dicitur.
873 623 982 659 Siquis

191 669 263 694 enim
280 668 372 695 mallet
388 668 536 702 requietem
552 669 596 696 hic
605 668 707 696 Christi
722 673 836 697 mortem
855 670 881 697 in
896 677 981 697 carne

192 713 358 747 signiﬁcare,
389 721 469 747 quam
493 719 604 749 propter
629 721 678 741 nos
707 715 837 742 sustinuit
864 715 978 748 volens,

192 765 246 784 non
267 762 395 792 tanquam
423 763 538 785 mortem
565 758 705 786 sustinens
735 758 801 794 (vita
823 760 895 786 enim
920 763 980 787 erat

192 803 318 836 natura),
340 803 388 830 sed
412 803 485 830 velut
510 803 655 838 quiescere
682 811 793 831 carnem
818 804 921 832 faciens
943 805 978 833 ad

192 852 316 882 tempus:
339 848 390 875 hoc
418 848 455 875 illi
474 847 549 875 aliud
578 848 644 875 nihil
671 853 732 876 erat
764 856 846 884 qualn
875 850 976 877 honor.

183 891 362 931 ,Gloriﬁeatus
390 898 432 920 est
450 893 521 920 enim
538 892 659 920 omnium
678 883 803 921 Salvator
830 898 858 921 et
885 894 979 922 Domi-
993 883 1014 911 Β

190 946 242 965 nus
257 943 350 966 noster
360 938 439 966 Jesns
457 939 592 973 Christus,
609 947 672 967 cum
692 947 785 967 necem
812 947 861 975 pro
877 941 976 969 mundo

190 984 328 1017 subiisset,
341 990 369 1011 et
385 992 434 1019 pro
450 985 569 1012 omnium
587 985 640 1012 vita
657 986 843 1013 voluntariam
860 991 976 1014 mortem

189 1034 262 1055 esset
283 1036 437 1064 perpessus.
453 1029 558 1057 All‘atus
578 1029 706 1057 nimirum
731 1033 772 1058 est
798 1030 905 1058 Patrem
919 1039 977 1059 cte-

190 1075 287 1102 lestem
322 1075 355 1102 ad
386 1076 608 1110 pretiosissimam
637 1083 745 1104 crucem
777 1077 974 1111 profecturus:

193 1130 202 1146 ι
222 1121 313 1155 Pater,
330 1121 451 1156 gloritica
477 1127 552 1149 tuum
581 1122 692 1155 Filium,
719 1128 748 1150 ut
769 1128 796 1151 et
814 1124 900 1151 Filius
914 1128 976 1152 tuus

189 1167 323 1201 gloriﬁcet
338 1172 362 1195 te
379 1168 401 1183 ⁶¹
419 1177 427 1200 ;
444 1177 453 1194 ι
469 1173 496 1195 et
510 1176 605 1196 rursus
622 1178 651 1196 τε
665 1169 741 1197 Nunc
756 1169 921 1205 gloriﬁcatus
934 1175 977 1198 est

193 1213 276 1240 Filius
291 1213 418 1246 hominis,
434 1219 461 1241 et
473 1214 543 1242 Deus
568 1214 734 1250 gloriﬁcatus
750 1220 792 1243 est
816 1216 842 1243 in
863 1223 896 1244 eo
909 1216 942 1243 “.
962 1225 972 1243 ι

191 1257 330 1290 Quatenus
355 1258 426 1285 enim
460 1259 493 1286 ad
516 1259 734 1294 cruciﬁgenlium
755 1260 920 1289 dementiam
949 1266 977 1290 et

190 1304 287 1338 impios
301 1308 328 1331 et
339 1304 463 1332 crudeles
478 1310 591 1333 conatus
608 1305 740 1334 attinebat
757 1326 766 1339 ,
784 1306 873 1337 labem
892 1307 930 1335 illi
947 1313 976 1336 et

191 1347 370 1382 ignominiam
389 1349 507 1382 aspersit
522 1349 632 1384 passio;
659 1350 791 1385 putabant
816 1351 889 1379 enim
907 1352 976 1380 forte

189 1392 305 1421 invitum
317 1401 379 1421 eum
393 1401 453 1422 esse
470 1403 592 1430 passum.
610 1396 646 1423 At
661 1397 705 1424 ubi
723 1397 833 1430 revixit,
856 1397 974 1433 spoliato

190 1437 309 1470 inferno,
325 1442 354 1465 et
370 1443 456 1466 morte
470 1447 500 1467 se
518 1440 687 1474 superiorem
702 1441 752 1469 hac
767 1448 797 1469 re
813 1443 976 1478 ostendens,

190 1483 286 1510 honori
300 1483 324 1510 ei
345 1487 372 1511 et
389 1484 481 1519 gloriae
494 1485 574 1520 hujus
591 1486 631 1513 rei
642 1492 768 1514 eventum
787 1487 872 1516 fuisse
894 1497 972 1517 eom-

190 1528 337 1563 periemus.
359 1529 418 1556 Erit
433 1530 536 1566 itaque,
558 1531 662 1566 inquit,
685 1533 738 1560 hoc
765 1534 847 1562 modo
867 1535 976 1570 requies
989 1549 1010 1578 ε

189 1571 225 1603 ei,
247 1571 344 1598 honor.
364 1572 392 1599 Si
411 1580 475 1600 vero
491 1574 552 1608 quis
564 1574 645 1610 203
666 1576 747 1604 aliter
769 1577 812 1605 his
834 1585 976 1607 commen-

190 1617 337 1645 tationibus
353 1618 470 1652 adjicere
486 1619 566 1652 velit,
591 1621 632 1648 sic
643 1621 778 1650 dictorum
800 1630 910 1651 sensum
927 1632 972 1652 ac-

192 1663 273 1697 ('ipiel
290 1672 296 1689 :
312 1663 367 1690 Non
384 1666 455 1691 enim
468 1665 494 1692 in
508 1666 593 1694 solam
612 1674 686 1703 spem
698 1669 752 1697 erit
764 1671 890 1705 gentibus
902 1671 969 1699 Ser-

191 1711 281 1740 vator,
309 1709 356 1736 sed
381 1710 599 1739 manifestabitur
622 1714 705 1742 etiam
729 1719 801 1744 stato
824 1721 974 1752 temporum

191 1751 339 1786 curriculo,
367 1753 425 1782 sive
449 1761 583 1792 resurget,
614 1765 669 1786 non
697 1764 727 1787 ut
746 1759 862 1795 imperet
880 1751 974 1790 solum

191 1798 256 1830 illis,
284 1799 332 1826 sed
365 1800 446 1827 etiam
475 1803 623 1837 requietem
654 1812 714 1840 qua:
740 1805 834 1840 gloriae
857 1808 923 1842 ipsis
948 1814 975 1837 ct

191 1843 288 1871 honori
311 1845 357 1878 sit,
381 1845 503 1874 donabit.
530 1847 684 1884 Hospitium
706 1852 778 1878 enim
804 1858 911 1887 gratum
937 1854 974 1881 illi

190 1893 233 1915 est
251 1894 407 1918 sanctorum
420 1899 507 1925 mens,
537 1897 565 1920 et
589 1900 777 1922 commoratur
792 1904 853 1924 cum
872 1897 972 1932 dignis,

176 1936 216 1961 ὀι
232 1936 398 1970 conquiescit
408 1944 470 1964 cum
493 1938 636 1968 animabus
659 1941 747 1968 sacris
771 1942 860 1976 ipsum
878 1943 970 1970 colen-

191 1980 269 2008 tium.
298 1981 374 2015 Quod
389 1983 434 2018 qui
459 1985 600 2012 consecuti
616 1991 690 2020 sunt,
708 1987 751 2014 his
765 1987 861 2015 honori
884 1994 927 2016 est
947 1994 974 2017 ct

190 2027 292 2062 glorias.
318 2028 388 2062 Quid
413 2031 484 2058 enim
506 2039 566 2059 cum
595 2034 646 2061 hac
672 2034 812 2063 nobilitate
835 2040 862 2063 et
888 2036 973 2072 gloria

190 2074 383 2102 conferendum
409 2082 461 2110 est,
493 2077 578 2106 Deum
606 2080 709 2108 habere
731 2081 915 2110 diversantem
947 2087 974 2111 et

190 2118 216 2145 in
236 2120 317 2147 corde
338 2121 529 2151 habitantem?
546 2124 604 2151 Erit
620 2126 722 2160 itaque,
747 2127 827 2154 modo
847 2128 973 2161 velimus,

189 2166 271 2192 etiam
301 2167 351 2194 hac
377 2168 482 2196 ratione
507 2170 533 2197 in
560 2171 638 2198 nobis
662 2172 770 2206 requies
789 2173 848 2207 ejus
862 2174 971 2203 honor:

1033 256 1128 283 ἐλπίδα
1155 256 1192 292 μὴ
1212 257 1322 291 ἔχοντες
1344 256 1390 283 καὶ
1404 255 1478 283 ἄθεοι
1494 257 1522 282 ἐν
1536 255 1576 291 τῷ
1589 256 1699 291 κόσμῳ.
1714 255 1789 282 Νυνὶ
1806 255 1836 280 δὲ

1033 303 1057 328 οἱ
1070 302 1134 329 ποτὲ
1148 302 1224 333 ὄντες
1236 302 1356 337 μακρὰν,
1371 301 1519 336 ἐγενήθητε
1534 301 1617 336 ἐγγὺς
1633 302 1663 327 ὲν
1676 300 1717 336 τῷ
1731 300 1834 335 αἵματι

1033 347 1079 373 τοῦ
1096 347 1225 382 Χριστοῦ.
1239 357 1248 373 ι
1268 347 1338 374 Ἀλλ’
1362 348 1386 374 εί
1405 348 1452 374 καὶ
1472 346 1542 382 ἦσαν
1567 347 1673 378 ἐλπίδος
1689 346 1767 381 δίχα,
1786 346 1835 371 καὶ

1032 392 1099 419 Θεὸν
1116 393 1166 419 οὐκ
1175 393 1272 428 ἔχοντα
1287 394 1357 420 κατά
1381 393 1427 420 τὸν
1453 393 1564 428 κόσμον·
1583 393 1833 428 προσκεκυνὴκασι

1033 438 1087 473 γὰρ
1102 440 1158 470 τοῖς
1172 439 1264 474 ἔργοις
1278 439 1332 465 τῶν
1356 439 1428 465 ἰδίων
1450 439 1559 474 χειρῶν·
1581 438 1638 465 ἀλλ’
1653 436 1701 464 οὖν
1724 436 1832 470 κεκλη-

1034 484 1102 519 μένα
1121 484 1165 511 διὰ
1192 484 1242 519 τῆς
1258 485 1375 516 πίστεως
1392 486 1431 516 είς
1452 485 1599 518 ἐπίγνωσιν
1622 483 1669 510 τοῦ
1692 481 1830 518 Χριστοῦ,

1032 530 1079 556 καὶ
1088 529 1133 556 ὑπ’
1147 529 1221 564 αὑτῷ
1234 529 1378 561 τέθεινται,
1393 529 1440 556 καὶ
1461 529 1528 555 Θεὸν
1542 529 1676 563 ἐσχήκασι
1687 527 1733 553 τὸν
1745 525 1831 559 φύσει

1031 575 1079 601 καὶ
1101 574 1224 609 ἀληθῶς,
1252 575 1299 601 καὶ
1319 575 1370 609 τῆς
1381 574 1436 600 τῶν
1460 574 1545 608 ἁγίων
1564 573 1672 604 ἐλπίδος
1693 571 1830 606 γεγόνασι

1031 620 1164 647 κοινωνοί.
1179 621 1276 647 Ἔσται
1291 619 1331 652 δὲ,
1344 620 1437 655 φησὶν,
1452 621 1468 655 ἡ
1482 620 1635 650 ἀνάπαυσις
1648 618 1734 644 αὑτοῦ
1747 617 1828 651 τιμή.

1031 666 1097 701 Διχῆ
1116 666 1223 701 νοήσεις
1249 665 1281 692 τὸ
1307 666 1460 701 εἰρημένον.
1478 665 1509 692 El
1527 665 1577 700 μὲν
1599 664 1654 700 γάρ
1666 673 1711 695 τις
1736 663 1828 689 ἕλοιτο

1029 712 1080 747 τὴν
1095 712 1250 739 ἀνάπαυσιν
1265 712 1294 738 ὲν
1306 711 1411 743 τούτοις
1432 711 1583 747 ὑποδηλοῦν
1611 711 1658 737 τὸν
1682 711 1712 737 ἐν
1741 709 1828 744 σαρκὶ

1030 756 1145 784 Θάνατον
1159 756 1206 783 τοῦ
1229 757 1360 792 Χριστοῦ,
1376 756 1406 782 ὃν
1430 756 1462 782 δι’
1478 757 1551 791 ἡμᾶς
1577 755 1726 790 ὑπέμεινεν
1741 753 1826 784 ἑκὼν,

1029 803 1077 837 οὐχ
1088 802 1126 834 ὡς
1144 802 1255 829 θάνατον
1274 802 1427 837 ὑπομένων,
1451 802 1507 836 ζωὴ
1524 801 1578 836 γὰρ
1593 799 1627 836 ἦν
1639 801 1712 827 κατά
1729 799 1824 834 φύσιν,

1029 848 1086 875 ἀλλ’
1096 846 1151 875 οἷον
1166 848 1303 884 ¹ι’λρεμῆλσαι
1318 848 1404 883 βραχὺ
1415 847 1466 883 τὴν
1479 848 1567 883 σάρκα
1580 847 1675 874 ποιῶν·
1699 846 1772 880 τιμὴ
1792 845 1821 870 τὸ

1028 893 1133 929 χρῆμα,
1147 894 1195 921 καὶ
1219 894 1311 929 ἓτερον
1322 894 1409 921 οὐδέν.
1419 893 1579 926 Δεδόξασται
1591 892 1645 927 γὰρ
1657 893 1673 918 ό
1681 891 1738 918 τῶν
1751 891 1822 917 ὅλων

1026 940 1123 975 Σωτὴρ
1147 940 1194 967 καὶ
1225 939 1327 974 Κύριος
1349 940 1427 975 ἡμῶν
1444 938 1550 974 Ἰησοῦς
1578 939 1592 964 ό
1614 937 1745 973 Χριστὸς,
1771 937 1821 970 τὴν

1027 987 1097 1022 ὑπέρ
1109 995 1140 1021 γε
1157 985 1203 1013 τοῦ
1219 987 1324 1022 κόσμου
1337 986 1442 1022 σφαγὴν
1453 986 1611 1021 ὑπομείνας,
1625 984 1673 1012 καὶ
1688 983 1761 1017 ὑπὲρ
1771 982 1820 1017 τῆς

1026 1031 1154 1058 ἀπάντων
1169 1031 1243 1066 ζωῆς
1258 1031 1400 1066 ἐθελοντὴς
1425 1031 1542 1061 ἀνατλὰς
1557 1030 1603 1056 τὸν
1620 1029 1749 1056 θάνατον.
1769 1026 1822 1053 Καὶ

1025 1077 1091 1112 γοῦν
1101 1077 1202 1111 ἔφασκε
1219 1077 1287 1112 πρὸς
1308 1077 1354 1104 τὸν
1377 1077 1406 1103 ὲν
1427 1076 1550 1112 οὐρανοῖς
1576 1075 1697 1110 Πατέρα,
1719 1073 1824 1109 μέλλων

1026 1123 1072 1149 ἐπὶ
1086 1123 1132 1149 τὸν
1147 1122 1239 1157 τίμιον
1255 1123 1324 1150 ἰέναι
1358 1123 1484 1158 σταυρόν·
1503 1131 1512 1147 ι
1530 1122 1630 1157 Πάτερ,
1643 1120 1758 1153 δόξασόν
1774 1128 1822 1145 σου

1026 1169 1072 1195 τὸν
1088 1169 1163 1202 Υίὸν,
1178 1169 1222 1196 ίνα
1233 1168 1280 1196 καὶ
1294 1170 1309 1195 ό
1320 1169 1383 1201 Υἱός
1401 1178 1448 1196 σου
1464 1168 1563 1205 δοξάσῃ
1579 1177 1635 1195 σεδ
1657 1168 1713 1194 Καὶ
1728 1166 1819 1193 πάλιν·

1029 1223 1039 1240 t
1052 1215 1110 1241 Νῦν
1127 1214 1258 1250 ἐδοξάσθη
1269 1215 1283 1241 ὁ
1292 1215 1356 1247 Υἱὸς
1371 1215 1418 1242 τοῦ
1430 1214 1586 1250 ἀνθρώπου,
1598 1214 1643 1240 καὶ
1654 1214 1669 1240 ό
1681 1213 1748 1244 Θεὸς
1765 1212 1821 1238 ἐδο-

1026 1260 1111 1296 ξάσθη
1123 1261 1152 1287 ὲν
1167 1261 1252 1296 αὐτῷ.
1267 1270 1276 1286 ι
1293 1261 1376 1288 Ὅσον
1399 1261 1449 1296 μὲν
1465 1260 1519 1296 γὰρ
1543 1257 1610 1296 ἧκεν
1634 1260 1675 1290 εἰς
1692 1258 1742 1293 τήν
1767 1258 1820 1284 τῶν

1027 1306 1242 1341 παυρωσάντων
1261 1306 1401 1338 ἀπόνοιαν,
1425 1306 1472 1333 καὶ
1486 1306 1516 1332 τὸ
1532 1305 1638 1332 ἀνόσιόν
1653 1313 1682 1330 τε
1700 1304 1749 1330 καὶ
1766 1305 1819 1330 ἁπ-

1026 1351 1108 1387 αχοὲς
1122 1352 1286 1387 ἐγχείρημα,
1306 1352 1400 1387 μῶμος
1414 1350 1448 1387 ἦν
1464 1352 1538 1387 αὑτῷ
1554 1352 1601 1378 καὶ
1613 1350 1706 1382 ἀδοξία
1722 1351 1754 1376 τὸ
1768 1349 1819 1376 πά-

1026 1397 1083 1429 θος.
1102 1397 1196 1433 ᾬοντο
1208 1398 1262 1433 γὰρ
1277 1397 1343 1430 ῐσως
1358 1398 1404 1424 καὶ
1419 1398 1468 1433 οὑχ
1479 1397 1576 1425 ἑκόντα
1587 1397 1694 1424 παθεῖν.
1708 1395 1818 1430 Ἐπειδὴ

1025 1443 1054 1470 δὲ
1068 1444 1169 1471 ἀνεϐίω
1182 1444 1331 1475 σκυλεύσας
1340 1444 1386 1471 τδν
1397 1444 1474 1480 ᾅδην,
1485 1445 1532 1471 καὶ
1541 1445 1583 1471 ὅτι
1595 1444 1712 1471 θανάτου
1727 1443 1817 1478 κρείτ-

1025 1498 1080 1516 των
1096 1489 1169 1516 ἐστὶν
1189 1489 1223 1516 δι’
1245 1489 1330 1516 αὑτοῦ
1345 1489 1392 1516 τοῦ
1408 1491 1571 1525 πράγματος
1597 1490 1754 1525 ἀποφήνας,
1779 1490 1817 1520 εἰς

1026 1536 1108 1570 τιμὴν
1123 1534 1197 1570 αὑτῷ
1211 1535 1258 1562 καὶ
1274 1535 1353 1567 δόξαν
1369 1536 1571 1563 ὲκτελευτῶσαν
1598 1536 1754 1571 εὑρήσομεν
1769 1537 1817 1570 τὴν

1025 1579 1073 1606 τοῦ
1088 1580 1251 1616 πράγματος
1268 1580 1391 1609 ἒκὸασιν.
1407 1582 1504 1608 Ἔσται
1521 1581 1622 1613 τοίνυν,
1639 1582 1719 1616 φησὶ,
1748 1582 1817 1608 κατὰ

1025 1624 1121 1652 τοῦτον
1141 1625 1187 1652 τδν
1201 1625 1331 1661 τρόπονή
1350 1626 1504 1658 ἀνάπαυσις
1526 1626 1609 1654 αὑτοῦ
1641 1626 1723 1661 τιμή.
1740 1627 1771 1652 Εἰ
1791 1626 1818 1652 δὲ

1025 1671 1058 1707 δὴ
1077 1671 1125 1698 καὶ
1137 1671 1238 1707 ἑτέρως
1252 1672 1308 1703 τοῖς
1324 1671 1485 1707 θεωρήμασι
1507 1671 1670 1708 προσϐαλεῖν
1696 1671 1817 1706 βούλοιτό

1025 1725 1079 1749 τις,
1100 1717 1237 1750 ἐκδέξεται
1252 1718 1363 1744 τοιῶσδε
1378 1718 1432 1746 τῶν
1459 1718 1611 1753 εἰρημένων
1628 1718 1677 1753 τὴν
1690 1717 1817 1751 δύναμιν.

1025 1763 1063 1789 Οὑ
1074 1763 1128 1799 γὰρ
1144 1764 1185 1794 εἰς
1202 1763 1296 1790 ἐλπίδα
1324 1764 1408 1799 μόνην
1435 1764 1511 1790 ἔσται
1525 1765 1581 1795 τοῖς
1601 1763 1734 1790 ἑθνεσινὸ
1750 1764 1816 1799 Χρι-

1026 1808 1333 1844 στὸς,ἀναδειχοήσεται
1359 1809 1387 1836 δὲ
1413 1810 1485 1836 κατὰ
1511 1809 1634 1845 καιροὺς,
1652 1809 1736 1844 ἤγουν
1752 1809 1815 1835 ἀνα-

1026 1854 1155 1889 στήσεται
1174 1854 1204 1880 οὑ
1222 1855 1290 1890 πρὸς
1304 1854 1334 1881 τὸ
1364 1855 1498 1891 κατάρξαι
1515 1856 1595 1890 μόνον
1618 1855 1722 1887 αὐτῶν,
1749 1854 1814 1882 ἀλλά

1024 1899 1078 1934 γὰρ
1094 1900 1133 1930 εἰς
1147 1899 1231 1935 τιμὴν
1244 1900 1290 1926 καὶ
1305 1900 1383 1932 δόξαν
1402 1901 1493 1932 αὑτοῖς
1511 1902 1648 1936 χαριεῖται
1663 1901 1713 1935 τὴν
1723 1902 1753 1928 ὲν
1768 1901 1816 1927 αὑ-

1024 1947 1080 1977 τοῖς
1099 1946 1263 1974 ἀνάπαυσιν.
1290 1947 1470 1982 Ἐνδιαίτημα
1497 1947 1546 1983 μὲν
1562 1948 1618 1983 γὰρ
1643 1948 1719 1983 αὑτῷ
1739 1948 1813 1982 φίλον

1023 1990 1078 2016 τῶν
1093 1991 1178 2025 ἁγίων
1199 1992 1214 2018 ὁ
1237 1992 1310 2024 νοῦς,
1327 1993 1498 2025 ἐναυλίζεται
1521 1993 1548 2019 δὲ
1576 1994 1633 2025 τοῖς
1655 1993 1754 2026 ἀξίοις,
1770 1993 1814 2020 καὶ

1023 2034 1193 2062 ἀναπαύεται
1209 2036 1308 2071 ψυχαῖς
1325 2037 1413 2073 ἱεραῖς
1427 2037 1481 2064 τῶν
1499 2037 1654 2073 σεϐομένων
1667 2038 1814 2069 αὑτὸν,καὶ

1023 2081 1079 2111 τοῖς
1094 2080 1206 2108 λαϐοῦσι
1236 2082 1266 2108 τὸ
1286 2083 1380 2118 χρῆμα
1396 2084 1463 2119 τιμή
1485 2083 1514 2110 τέ
1535 2084 1593 2110 ἐστι
1618 2085 1666 2110 καὶ
1693 2084 1769 2117 δόξα.
1782 2084 1812 2110 Τί

1023 2126 1076 2161 γὰρ
1089 2126 1122 2153 ἂν
1151 2126 1257 2161 γένοιτο
1281 2129 1437 2156 ίσοστατοῦν
1461 2130 1502 2161 είς
1525 2129 1649 2161 εὐκλείας
1672 2130 1751 2164 λόγον
1767 2130 1811 2156 τοῦ

1023 2171 1089 2198 Θεὸν
1116 2172 1189 2207 ἔχειν
1211 2174 1404 2209 ἐνηυλισμένον
1429 2175 1477 2201 καὶ
1502 2175 1658 2203 ἐνοικοῦντα
1671 2177 1811 2211 καρδίαις

193 2219 202 2234 ι
223 2210 250 2237 Si
265 2212 336 2239 enim
351 2214 424 2246 quis,
444 2213 546 2249 inquit,
575 2216 665 2243 audiet
689 2225 844 2246 sermonem
867 2227 968 2252 meum,

1060 2225 1119 2244 σται
1135 2218 1225 2245 τοίνυν
1242 2220 1289 2246 καὶ
1313 2220 1385 2246 κατὰ
1403 2220 1497 2247 τοῦτον
1507 2221 1552 2248 τὸν
1567 2221 1668 2256 τρόπον
1680 2223 1696 2257 ἡ
1710 2223 1740 2249 ἑν
1751 2224 1811 2258 ἡμῖν

189 2255 283 2290 diliget
294 2264 356 2284 eum
371 2257 453 2285 Pater
469 2267 557 2293 meus,
573 2265 601 2288 et
631 2261 664 2288 ad
680 2268 741 2290 eum
766 2263 921 2297 veniemus,
945 2270 973 2292 et

190 2298 216 2325 in
231 2306 263 2326 eo
280 2301 451 2329 manebimus
470 2303 504 2330 “.
522 2313 531 2329 ι

225 2429 307 2456 Vens.
330 2430 372 2457 Η.
391 2430 424 2457 Et
437 2433 487 2459 erit
504 2433 545 2460 die
556 2433 614 2468 illa,
633 2441 720 2471 perget
739 2436 864 2465 Dominus
883 2445 970 2467 osten-

189 2473 249 2500 dere
265 2483 370 2501 manum
381 2484 466 2509 suam,
480 2478 514 2504 ad
526 2481 704 2509 wmulandum
717 2485 850 2511 residuum
866 2488 966 2520 populi,

188 2521 258 2553 quod
272 2520 389 2546 relictum
406 2522 486 2556 fuerit
501 2527 534 2550 ab
562 2525 688 2561 Assyriis,
706 2534 730 2555 et
748 2529 779 2556 ab
800 2530 928 2567 Egyplo,
945 2537 970 2559 et

189 2564 348 2599 Babylonia,
377 2572 400 2594 et
413 2567 573 2604 δᾸΞιΙιὶορὶα,
597 2578 620 2598 et
646 2574 678 2600 ab
708 2580 768 2602 ortu
787 2564 876 2610 solis:
891 2564 925 2604 eti
938 2579 970 2605 ab

188 2611 297 2637 Arabia.

225 2697 300 2748 Diem
316 2699 408 2748 itaque
423 2704 542 2732 nominat
565 2708 694 2742 propheta
721 2710 764 2738 hic
786 2715 893 2746 tempus
915 2721 969 2748 quo

189 2742 289 2771 Christi
305 2745 435 2775 adventus
454 2749 514 2783 fuit,
530 2757 557 2779 et
572 2753 776 2789 dispensatione
803 2742 863 2785 cum
886 2742 968 2786 carne

1022 2262 1174 2296 ἀνάπαυσις
1184 2264 1266 2291 αὑτοῦ
1277 2267 1332 2297 τοῖς
1344 2266 1416 2298 ἆπαξ
1428 2265 1547 2293 ἐθέλουσι
1562 2268 1641 2303 τιμή·
1661 2277 1670 2293 ι
1683 2267 1746 2295 Ἐὰν
1760 2269 1809 2304 γάρ

1022 2316 1062 2338 τις
1078 2308 1208 2345 ἀκούσῃ.)
1232 2312 1309 2346 φησι,
1339 2320 1348 2336 ι
1362 2311 1416 2338 τῶν
1436 2311 1522 2346 λόγων
1536 2321 1599 2348 μου,
1611 2313 1753 2349 ἀγαπήσει
1765 2315 1809 2341 αὑ-

1023 2353 1067 2379 τὸν
1086 2355 1100 2380 ό
1114 2355 1209 2391 Πατήρ
1227 2365 1288 2391 μου,
1308 2357 1355 2383 καὶ
1371 2357 1439 2393 πρὸς
1462 2358 1544 2385 αὑτὸν
1561 2354 1741 2394 ἐλευσόμεθα,
1768 2362 1809 2387 καί

1023 2397 1051 2423 ὲν
1065 2398 1139 2434 αὐτῷ
1152 2400 1348 2436 καταλύσομεν.
1363 2411 1373 2427 ›

1057 2444 1112 2471 Καὶ
1126 2445 1211 2472 ἔσται
1223 2446 1258 2473 ἐν
1276 2447 1369 2482 ἡμέρᾳ
1389 2448 1503 2482 ἐκείνῃ,
1522 2451 1693 2484 προσθήσει
1708 2453 1810 2485 Κύριος

1023 2489 1076 2516 τοῦ
1099 2489 1193 2523 δεῖξαι
1220 2492 1277 2526 τὴν
1302 2494 1386 2528 χεῖρα
1410 2495 1521 2527 αὑτοῦ,
1549 2496 1602 2522 τοῦ
1627 2496 1760 2529 ζηλῶσαι
1780 2498 1808 2524 τὸ

1024 2537 1221 2572 καταλειφθὲν
1237 2539 1406 2567 ὑπόλοιπον
1420 2541 1472 2568 τοῦ
1482 2542 1571 2575 λαοῦ,
1587 2542 1602 2569 ὃ
1615 2543 1670 2570 ἐὰν
1679 2546 1810 2571 καταλει-

1022 2580 1085 2615 φθῇ
1102 2581 1160 2608 ἀπὸ
1181 2583 1240 2609 τῶν
1253 2584 1426 2619 Ἀσσυρίων,
1442 2586 1490 2613 καὶ
1511 2587 1570 2614 ἀπὸ
1590 2589 1754 2623 Αἰγύπτου,
1765 2590 1808 2615 καὶ

1025 2626 1216 2660 Βαϐυλωνίας
1237 2629 1286 2655 καὶ
1309 2631 1475 2664 Αἰθιοπίας,
1496 2633 1546 2659 καί
1563 2633 1623 2660 ἀπὸ
1640 2635 1806 2669 Ἐλαμιτῶη

1024 2670 1070 2696 καὶ
1087 2671 1145 2697 ἀπὸ
1160 2671 1249 2705 ἡλίου
1264 2674 1431 2707 ἀνατολῶν,
1445 2677 1495 2703 καὶ
1508 2677 1542 2709 ἐξ
1561 2678 1702 2712 Ἀραϐίας.

1064 2715 1184 2751 Ἡμέραν
1199 2717 1247 2752 μὲν
1258 2716 1304 2745 οὖν
1319 2721 1333 2745 ὁ
1347 2722 1490 2756 προφήτης
1502 2722 1530 2748 ὲν
1542 2722 1647 2755 τούτοις
1661 2724 1708 2750 τὸν
1720 2725 1809 2760 καιρὸν

1021 2759 1159 2796 ὀνομάζει,
1176 2763 1235 2790 καθ’
1255 2764 1284 2791 ὃν
1310 2766 1327 2800 ὴ
1352 2767 1471 2801 Χριστοῦ
1485 2768 1580 2802 γέγονε
1602 2771 1753 2804 παρουσία,
1767 2759 1806 2798 καὶ

229 2818 248 2834 ⁶¹
266 2820 361 2857 Ephes.
378 2833 407 2858 II,
425 2827 467 2860 ll,
490 2829 532 2856 12.
571 2831 593 2847 ⁶²
608 2831 684 2859 Joan.
701 2842 765 2865 xvn.
787 2837 812 2861 l.
851 2836 871 2852 "
886 2835 963 2864 Joan.
982 2846 1039 2869 xm.
1057 2839 1102 2867 Il.
1137 2841 1158 2856 “
1175 2840 1251 2869 Joan.
1272 2851 1326 2876 ιη’,
1346 2844 1390 2872 23.
