1872 3055
81 112 128 142 3H

644 115 676 144 lN
693 114 810 145 'lSAIMl
829 116 894 144 LIB.
919 116 949 144 ll.
969 113 1086 144 TOHUS
1104 116 1126 144 l.

1664 104 1718 145 Sis

84 174 131 207 τῆς
143 172 268 204 διανοίας
289 173 411 209 δμμασιν
423 173 577 210 ἀναϐλέψῃς
599 173 666 210 πρὸς
681 174 711 202 τδ
725 175 798 210 φῶς·
815 175 878 202 ὅταν

964 174 1062 206 exeris,
1081 182 1141 201 cuin
1153 174 1347 209 contemplatus
1361 173 1445 201 fueris
1459 178 1577 202 voeamts
1591 174 1716 209 gloriarm

85 219 139 256 ἴδῃς
154 219 201 246 τοῦ
218 219 390 256 κεκληκότος
409 220 459 256 τὴν
475 220 565 254 δόξαν,
581 223 627 248 καὶ
644 222 684 254 εἰς
697 222 822 257 αἴσθησιν
837 222 880 248 ὲν-

86 265 172 300 εχθῇς,
191 265 222 298 ἐξ
238 265 310 292 οἵων
331 266 371 297 εἰς
395 263 439 292 οἶα
463 266 696 303 μετακεχώρηκας
709 268 859 303 πράγματα
871 276 878 283 ·

86 310 129 337 καὶ
144 310 185 337 ὅτι
200 309 300 345 πικρῷ
317 310 440 346 τυράννῳ
456 311 682 347 κατεζευγμένος,
700 312 752 346 ἔξω
771 313 820 348 μὲν
831 314 880 349 τῆς

87 355 186 381 ἐκείνου
208 354 332 390 γέγονας
355 356 510 389 πλεονεξίας
520 376 528 389 ,
547 357 702 394 ὐπέδραμες
715 359 743 385 δὲ
757 358 881 394 τὴνμὲπιι

88 401 192 437 κουρίαν
219 401 271 428 τοῦ
299 402 387 429 πάντα
408 403 544 439 ἰσχύοντος
556 403 622 431 Θεοῦ
638 404 685 431 καὶ
703 403 880 438 διασώζοντος

87 449 144 479 τοὺς
162 447 345 480 ἀπολωλότας
357 457 364 465 ο
386 449 446 476 τότε
461 449 503 484 δὴ,
517 450 578 476 τότε
592 450 698 486 σεαυτῷ
714 450 746 486 δὴ
759 450 819 477 λίαν
833 450 881 478 καὶ

87 493 153 528 μάλα
175 493 295 526 εἰκότως
322 495 536 531 ἐπιγαννύμενος
562 497 749 532 ἀναφωνήσεις
771 496 858 531 λέγων
871 505 879 513 ’

89 541 230 576 Ι-ῖύλογὴσω
243 550 288 573 σε,
301 542 472 578 Κύριε,διότι
482 543 619 579 ὠργίσθης
629 552 684 579 μοι,
692 544 738 570 καὶ
745 543 880 580 ἀπέστρε-

85 587 133 621 cla;
148 587 191 614 τὸν
215 587 308 623 θυμόν
328 597 376 616 σου
390 587 438 616 ἀπ’
452 589 530 625 ἐμοῦ,
546 590 594 616 καὶ
607 589 726 626 ὴλέησάς
746 598 791 626 με.
799 590 878 617 Ἀνα-

88 633 222 668 κομίζουσι
244 634 274 660 δὲ
300 634 336 661 τὰ
351 636 524 671 χαριστήρια,
542 635 588 663 καὶ
609 635 758 663 ἀνάπτουσι
774 636 822 667 τὰς
838 638 880 662 δο·

89 680 213 714 ξολογίας,
226 681 279 716 οὐχ
292 681 335 708 ὅτι
347 681 489 716 γεγόνασιν
505 681 558 708 ὑπὸ
573 682 647 708 θείαν
659 682 755 717 ὀργὴν,
771 681 827 708 ἀλλ’
837 682 878 708 ὅτι

89 726 221 760 γεγονότες
237 726 381 761 ἠλέηνται.
391 727 528 762 Ὡργίσθαι
538 727 565 754 δέ
579 736 668 762 φαμεν
682 728 736 758 τοῖς
747 727 780 754 τὰ
791 727 879 754 τοιάδε

89 772 189 806 λέγουσι
210 772 258 798 τδν
279 773 336 799 τῶν
350 773 419 800 ὅλων
435 773 511 806 Θεὸν,
525 773 604 808 δῆλον
617 774 658 800 ὅτι
671 774 727 805 τοῖς
739 773 880 800 εἰδωλολάι

90 827 171 854 τραις.
187 818 237 845 Διὰ
261 819 345 846 ποίαν
365 819 474 853 αἱτίαν;
497 819 601 852 Παῦλος
617 821 684 856 ἡμῖν
703 820 717 846 ὁ
735 819 878 852 Θεσπέσιος

930 224 956 248 ct
967 221 1000 247 ad
1015 221 1185 248 sentiendum
1200 221 1312 249 redieris
1321 228 1353 249 ex
1367 219 1490 255 qualibus
1506 221 1532 247 in
1547 227 1662 256 quantas
1674 229 1717 247 res

932 267 1069 299 transisti,
1088 272 1170 302 atque
1192 272 1220 295 ut
1241 272 1269 295 et
1288 267 1322 295 ab
1341 269 1439 294 acerbo
1457 273 1571 302 tyranno
1591 266 1717 302 subjuga—

931 316 983 344 tus,
1000 314 1033 340 ab
1047 312 1106 348 eius
1125 314 1266 348 tyrannide
1279 313 1346 341 liber
1377 313 1463 339 luctus
1478 321 1517 345 cs,
1550 317 1578 340 et
1607 313 1640 340 ad
1670 313 1715 340 Dei

929 362 1025 384 cuncta
1047 359 1173 392 potentis,
1185 359 1230 394 qui
1253 360 1372 394 perditos
1385 365 1539 392 conservat,
1554 367 1631 394 opem
1651 367 1717 386 con-

930 403 1029 438 l'ugeris
1041 413 1048 432 :
1062 409 1125 432 tunc
1137 405 1256 439 quidem,
1269 410 1332 432 tunc
1347 407 1416 440 apud
1432 411 1456 433 te
1475 405 1586 432 multmn
1602 411 1629 432 et
1650 413 1716 433 sane

931 449 1102 476 meritissian
1114 450 1245 484 glorians,
1261 450 1423 477 acclamabis
1433 451 1543 478 dicens:
1555 451 1714 478 Benedicain

931 500 965 526 te,
979 496 1041 530 quia
1058 496 1142 523 iratus
1157 503 1188 523 es
1202 496 1278 529 mihi,
1297 501 1324 523 et
1335 497 1458 524 avertisti
1475 497 1596 525 furorem
1610 503 1684 524 tuum
1701 507 1714 524 κ

931 549 983 573 me,
997 546 1024 568 et
1048 542 1173 569 misertus
1185 547 1216 569 es
1241 543 1302 569 mei.
1318 541 1440 570 ()ﬂ'erunt
1454 547 1543 570 autem
1565 544 1713 578 gratiarum

931 586 1042 619 hostias,
1058 594 1089 614 ac
1111 586 1221 620 gloriam
1242 587 1371 619 tribuunt,
1385 596 1437 615 non
1458 588 1528 623 quod
1554 589 1600 616 ira:
1618 589 1714 616 divina-

929 631 1135 665 subjicerentur,
1151 632 1197 659 scd
1214 640 1275 659 cum
1288 632 1400 665 subjecti
1415 640 1442 660 et
1458 634 1566 661 obnoxii
1583 635 1709 666 l'uisscnl,

929 677 1143 705 misericordiam
1162 679 1300 706 consecuti
1327 684 1399 706 sunt.
1422 680 1502 707 irasci
1517 680 1631 708 dicimus
1651 682 1713 708 ltlll't

929 722 1099 758 loquentibus
1119 724 1303 752 universitatis
1328 725 1424 756 Deum,
1446 725 1572 753 videlicet
1602 727 1713 753 εῑιηηιςι-

929 775 1035 795 crorum
1056 768 1215 797 cultoribus.
1233 770 1318 802 Quam
1335 771 1370 797 ob
1388 771 1519 798 causam?
1536 771 1635 799 Paulus
1647 772 1715 798 divi-

929 819 979 840 nus
993 813 1070 841 nobis
1084 815 1197 848 aperiet,
1207 814 1316 842 dicens:
1331 824 1340 840 ι
1355 815 1420 842 Cum
1432 823 1461 843 se
1471 815 1592 843 dicerent
1606 816 1713 851 sapien-

91 866 208 900 σαφηνιεῖ
216 865 379 901 γεγραφώς·
396 875 404 891 t
415 866 566 898 Φάσκοντες
579 863 649 894 εἶναι
665 867 741 901 σοφοὶ
758 865 879 901 ἐμωράν-

964 866 1052 890 resse,
1075 859 1198 887 infatunti
1222 865 1295 894 sunt,
1318 865 1345 888 et
1367 865 1508 888 nmtarunt
1531 862 1645 897 gloriam
1675 863 1713 889 in-

92 910 178 945 θησαν.
194 910 251 936 Καὶ
269 910 423 946 ἠλλάξαντο
437 910 485 946 τὴν
496 911 574 944 δόξαν
591 911 636 937 τοῦ
649 911 786 946 ἀφθάρτου
799 910 877 943 Θεοῦ,

91 955 117 980 ὲν
128 953 280 989 ὁμοιώματι
298 955 402 986 εἰκόνος
417 954 537 990 φθαρτοῦ
553 955 707 991 ἀνθρώπου,
727 955 774 982 καὶ
788 963 878 982 πετει-

94 999 139 1026 νῶν
149 999 195 1026 καὶ
203 1000 343 1036 ἑρπετῶν,
351 1001 397 1028 καὶ
404 1001 586 1037 τετραπόδων.
602 1001 695 1038 Ταύτῃ
713 1009 764 1034 τοι,
780 1011 789 1027 ι
801 1001 878 1036 φησὶ,

94 1053 104 1070 α
114 1045 268 1080 παρέδωκεν
285 1046 386 1078 αὐτοὺς
397 1048 413 1074 ὸ
423 1047 488 1079 Θεὸς
502 1048 542 1079 εἰς
555 1046 682 1082 ἀδόκιμον
696 1047 769 1080 νοῦν,
781 1047 829 1074 καὶ
840 1047 880 1079 εἰς

95 1090 159 1127 πάθη
175 1092 289 1127 ἀτιμίας
315 1095 402 1120 ποιεῖν
417 1093 452 1121 τὰ
476 1094 513 1129 μὴ
531 1094 695 1130 καθήκοντα.
712 1103 720 1119 ι
735 1094 765 1120 0i
782 1093 835 1130 γὰρ
847 1093 879 1130 δὴ

95 1136 138 1170 τὴν
155 1136 230 1164 θείαν
251 1139 503 1174 παρασημήναντες
517 1139 606 1173 δόξαν,
625 1139 671 1166 καὶ
688 1139 735 1174 τῆς
750 1139 880 1166 ἀνωτάτω

95 1181 192 1215 φύσεως
206 1182 237 1208 τὸ
253 1182 394 1220 ἐξαίρετον
407 1183 503 1216 κάλλος
514 1186 572 1216 τοῖς
584 1184 671 1219 οὕτως
683 1186 800 1221 οἰκτροῖς
815 1186 880 1212 ἀνα-

97 1226 178 1258 θέντες
200 1228 345 1263 κτίσμασι,
369 1229 426 1262 πῶς
451 1230 481 1256 οὐ
506 1230 608 1266 σφόδρα
631 1230 744 1262 εἰκότως
765 1231 821 1262 τοῖς
848 1231 880 1257 ὲκ

96 1272 162 1305 θείας
183 1273 268 1310 ὀργῆς
289 1276 439 1311 κινήμασιν
462 1275 632 1311 ὑπενεχθείεν
647 1276 696 1309 ἄν;
719 1276 826 1313 Ἐπειδὴ
840 1277 879 1310 δὲ,

100 1319 181 1353 φησὶν,
198 1319 376 1356 ἁπέστρεψας
391 1321 436 1348 τὸν
457 1321 542 1358 θυμόν
562 1331 620 1355 σου,
634 1322 751 1358 ὴλέησάς
775 1332 808 1358 με
824 1323 881 1359 (κέ-

101 1363 193 1400 κλημαι
215 1366 271 1402 γὰρ
295 1367 335 1399 εἰς
357 1367 505 1402 ἐπίγνωσιν
518 1368 562 1394 διὰ
577 1369 703 1402 πίστεως,
715 1370 744 1395 οὐ
766 1370 835 1396 κατὰ
847 1369 881 1396 τὰ

100 1410 158 1446 ἔργα
167 1411 184 1438 ἃ
195 1413 365 1449 ἐποιήσαμεν
376 1415 466 1449 ἡμεῖς,
479 1415 550 1442 καθὰ
559 1415 723 1450 γέγραπται,
734 1415 800 1442 ἀλλὰ
812 1415 881 1442 κατὰ

99 1457 125 1483 τὸ
143 1457 205 1485 πολὺ
218 1458 305 1486 αὑτοῦ
320 1459 415 1496 ἒλεοςγ
432 1460 516 1497 ταύτῃ
531 1469 582 1493 τοι,
593 1461 684 1497 φησιν,
701 1462 741 1494 εἰς
756 1461 881 1497 αἴσθησιν

102 1503 143 1537 τῆς
160 1505 365 1541 μεγαλοδωρίας
381 1507 571 1542 ὲνηνεγμένος,
582 1507 771 1543 ἀκατάληκτον
794 1516 879 1544 προσ-

100 1549 157 1576 οίσω
172 1558 209 1577 σοι
222 1551 273 1587 τὴν
292 1551 457 1586 δοξολογίαν,
471 1552 518 1579 καὶ
532 1553 564 1588 δὴ
579 1553 626 1579 καὶ
640 1553 704 1589 ἐρᾶν
714 1553 779 1580 Ἰδοὺ
790 1554 804 1580 ὁ
815 1553 880 1586 Θεός

104 1603 157 1629 μου,
171 1596 264 1633 Σωτήρ
280 1606 333 1632 μου
349 1598 459 1633 Κύριος,
479 1599 616 1631 πεποιθὼς
634 1599 731 1634 ἔσομαι
747 1599 790 1626 ἔπ’
807 1599 881 1635 αὐτῷ

103 1640 143 1667 καὶ
158 1642 314 1678 σωθήσομαι
338 1644 367 1670 ἐν
394 1644 478 1681 αὐτῷ.
499 1644 587 1672 Πάλαι
607 1645 656 1681 μὲν
678 1645 732 1681 γὰρ
746 1645 835 1679 ξύλοις
850 1653 880 1672 τε

105 1687 145 1713 καὶ
158 1687 236 1720 λίθοις
250 1690 477 1724 προσπίπτοντες,
489 1692 536 1719 καὶ
547 1693 603 1723 τοῖς
613 1692 785 1727 ἀναισθήτοις
796 1692 880 1726 ἀγάλ-

105 1741 161 1766 μασι
167 1735 390 1771 προσκομίςοντες
401 1736 505 1770 θυσίας,
517 1737 650 1769 σώζεσθαι
665 1737 699 1766 δι’
709 1738 798 1764 αὐτῶν
813 1746 881 1773 παρ-

106 1778 215 1807 εκάλουν.
231 1780 343 1817 Ἔπειδὴ
361 1782 390 1809 δὲ
411 1782 476 1809 Θεὸν
498 1782 652 1817 ἐγνώκασιν
672 1783 717 1810 τὸν
741 1783 878 1820 ἀληθινὴν,

104 1825 158 1857 τοὺς
166 1825 353 1865 ψευδωνύμους
371 1829 576 1865 παρωσάμενοι,
593 1830 675 1856 αὐτόν
689 1838 720 1857 τε
736 1830 783 1857 καὶ
801 1830 880 1865 μόνον

107 1873 314 1901 καταδεικνύουσι
337 1874 473 1909 λέγοντες·
495 1875 559 1902 Ἰδοὺ
582 1876 596 1902 ὸ
620 1875 686 1907 Θεός
710 1884 762 1911 μου
784 1876 880 1912 Σωτήρ

107 1927 151 1953 μου
173 1920 281 1956 Κύριος,
301 1921 359 1948 Οὐκ
375 1921 421 1948 ἐπὶ
438 1921 527 1954 ξύλοις
549 1921 589 1948 ἔτι
610 1921 657 1949 καὶ
680 1921 764 1954 λίθοις
783 1921 880 1957 ἔσομαι

108 1966 239 1999 πεποιθὼς,
265 1967 358 2002 φησὶν,
375 1966 432 1994 ἀλλ’
451 1967 495 1995 ἐπ’
510 1967 583 2004 αὐτῷ
597 1968 644 1995 καὶ
668 1968 752 2004 μόνῳ,
777 1969 824 1996 καὶ
845 1968 879 1996 δι’

108 2011 179 2038 αὑτοῦ
202 2013 369 2049 σωθήσομαι.
384 2013 445 2041 Κᾶν
467 2014 482 2040 ό
506 2013 589 2041 πάλαι
609 2015 810 2050 πλεονεκτήσας
833 2015 880 2042 καὶ

110 2059 268 2093 συναρπάσας
289 2060 330 2091 εἰς
350 2058 453 2095 πλάνην
464 2079 473 2092 ,
490 2059 673 2096 προσέρχεται
687 2060 767 2088 πάλιν
782 2060 879 2096 πειρά-

111 2103 153 2134 ζων
166 2105 208 2131 καὶ
225 2105 385 2141 μαχόμενος,
402 2106 524 2141 Νικῆσω,
540 2105 632 2141 φησὶν,
649 2107 689 2134 ὅτι
713 2107 730 2142 ἡ
751 2106 815 2139 δόξα
828 2115 879 2142 μου

111 2150 149 2176 ui.
160 2151 175 2186 ὴ
186 2153 282 2184 «ivssi;
296 2162 347 2188 μου
366 2153 476 2189 Κύριος.
485 2154 566 2188 Ὁρᾷς
580 2154 654 2185 ὅπως
670 2152 822 2188 ἐγνώκασιν
836 2154 878 2181 ὅτι

112 2198 226 2232 σωτήριον
239 2200 333 2235 χρῆμα
349 2199 379 2226 τὸ
392 2199 553 2235 δοξολογεῖνς
570 2209 579 2226 t
596 2200 681 2227 Θῦσον
696 2210 705 2227 ο
720 2201 786 2236 γὰρ,
800 2201 878 2236 φησὶ,
895 2201 917 2229 Ι)

114 2250 122 2266 ι
132 2243 164 2277 τῷ
172 2243 225 2280 Θεῷ
236 2246 329 2272 θυσίαν
341 2246 480 2279 αἰνέσεως,
489 2246 536 2273 καὶ
546 2247 645 2279 ἀπόδος
657 2247 821 2282 τῷὟψίστῳ
829 2248 879 2280 τὰς

111 2288 179 2323 εὐχάς
192 2299 243 2318 σου.
256 2301 265 2318 ι
283 2292 347 2325 Καὶ,
362 2301 371 2318 ι
383 2291 569 2324 Ἐπικαλέσεις
581 2301 614 2328 με
623 2293 651 2319 ἐν
663 2293 754 2329 ἡμέρᾳ.
763 2293 878 2329 θλίψεώ-

113 2340 160 2366 σου,
171 2336 213 2362 καὶ
224 2337 365 2373 ἑξελοῦμαί
381 2346 422 2370 σε,
436 2338 484 2365 καὶ
498 2338 620 2371 δοξάσεις
636 2347 680 2374 με.
698 2348 708 2365 ι

141 2381 188 2408 Kal
209 2383 377 2418 ἀντλήσατε
393 2384 471 2420 ὕδωρ
484 2386 548 2420 μετ’
563 2385 755 2420 εὐφροσύνης
771 2385 806 2413 ἐκ
822 2385 881 2413 τῶν

114 2426 201 2461 κητῶν
213 2430 262 2458 τοῦ
277 2432 438 2465 Σωτηρίου.

143 2474 268 2512 Φιλότιμος
281 2479 295 2505 ὀ
308 2478 458 2513 κεκληκὼς,
474 2477 582 2513 ἕτοιμος
596 2478 636 2510 εἰς
652 2477 785 2505 ἀντίδοσιν
796 2478 810 2504 ό
824 2477 881 2505 δια-

117 2518 191 2553 σώσας
204 2522 275 2556 Θεὸς,
291 2524 431 2560 εὐεργετεῖ
450 2525 513 2557 τοὺς
535 2523 735 2559 ἑπεγνωκότας,
753 2524 835 2556 θείοις
851 2533 881 2551 τε

118 2564 156 2591 καὶ
168 2571 349 2602 πνευματικοῖς
369 2569 562 2605 κατευφραίνει
580 2569 714 2601 πλουσίως
727 2569 790 2601 τοὺς
807 2569 880 2603 ὄρεος

119 2609 241 2646 λογοῦντας
261 2615 451 2652 αὑτόν,”Αθρει
466 2615 521 2652 γὰρ
533 2617 607 2648 ὅπως
621 2616 645 2642 oi
662 2615 710 2651 μὲν
724 2615 880 2651 ὡμολόγουν

120 2655 301 2692 linea-iaci
320 2663 335 2689 ὁ
356 2663 422 2695 Θεός
443 2672 505 2698 μου,
521 2663 617 2699 Σωτήρ
637 2671 688 2698 μου
704 2663 817 2698 Κύριος,
831 2669 880 2689 πε-

121 2703 202 2736 ποιθὼς
215 2707 307 2744 ἔσομαι
329 2709 372 2735 ἐπ’
395 2709 478 2744 αὐτῷ’
494 2710 508 2736 ὁ
526 2710 554 2736 δὲ
569 2709 750 2745 παραχρῆμα,
766 2709 813 2736 καὶ
827 2716 880 2744 πη-

124 2747 163 2780 iis
181 2751 260 2786 αὐτοῖς
286 2754 333 2781 καὶ
351 2754 423 2790 ὕδωρ
448 2755 644 2790 ἐπαγγέλλεται
657 2755 879 2791 σωτήριον.Ἔδει

151 2827 246 2859 "lium.
264 2841 282 2866 ι,
294 2832 330 2860 22
342 2841 401 2869 sqq.
440 2835 462 2851 ⁸*
475 2834 528 2862 Tit.
545 2843 584 2868 tit,
603 2834 627 2864 5.

929 905 1110 939 corruptibilis
1137 905 1182 933 Dei
1213 905 1241 940 iu
1266 906 1471 934 similitudinem
1499 908 1624 943 imaginis
1654 916 1714 935 cor-

931 950 1064 985 ruptibilis
1087 951 1213 984 hominis,
1229 956 1256 980 et
1273 952 1433 985 voiatiiium,
1451 957 1479 980 et
1499 954 1713 988 quadrupedum,

934 1000 961 1022 e1.
983 996 1128 1030 reptilium.
1155 996 1311 1032 Propterea,
1342 1007 1352 1024 ι
1384 998 1482 1033 inquit,
1509 999 1640 1026 (tradidit
1667 1007 1714 1027 eos

932 1041 1001 1069 Deus
1014 1042 1039 1069 in
1054 1043 1197 1077 reprobum
1213 1049 1366 1077 sensuin,et
1381 1045 1407 1072 in
1418 1044 1581 1080 cupiditates
1597 1045 1713 1079 ignomi-

931 1087 1033 1120 niosas,
1055 1093 1084 1115 ut
1106 1089 1207 1117 faciant
1227 1096 1287 1124 quae
1310 1098 1362 1117 non
1379 1091 1518 1118 decent".
1535 1099 1544 1117 ι
1567 1091 1617 1124 Qui
1642 1091 1714 1118 enim

931 1133 1048 1160 divinant
1063 1135 1248 1162 adulterarum
1272 1135 1395 1172 gloriam,
1413 1140 1440 1164 et
1453 1144 1587 1172 supremae
1611 1143 1715 1164 naturrc

931 1180 1106 1207 excellentem
1120 1180 1347 1215 pulchritudinem
1369 1183 1438 1210 adeo
1459 1182 1566 1210 miseris
1582 1184 1715 1210 creaturis

931 1226 1121 1259 attribuerunt,
1135 1235 1224 1255 annon
1234 1227 1387 1261 iustissime
1402 1228 1498 1256 divina:
1512 1229 1560 1256 irae
1577 1229 1714 1257 SCVt‘rilall

932 1271 1148 1305 subjicerentur?
1174 1273 1241 1300 Cum
1263 1274 1422 1306 autem,ait,
1451 1275 1572 1302 avertisti
1596 1275 1714 1303 furorem

930 1322 1017 1350 tuum,
1049 1318 1175 1346 misertus
1201 1327 1230 1347 es
1259 1320 1310 1347 ntei
1338 1320 1436 1355 (vocati
1464 1320 1536 1347 enim
1557 1328 1651 1348 smnus
1679 1323 1713 1348 ad

932 1362 1095 1396 agnitionem
1112 1371 1160 1399 per
1173 1364 1251 1391 lidcm
1269 1371 1277 1391 :
1303 1373 1355 1392 non
1371 1372 1404 1392 ex
1422 1365 1549 1398 operibus
1566 1373 1627 1400 qua:
1651 1366 1714 1393 feci-

933 1416 991 1435 mus
1003 1416 1062 1441 nos.
1079 1410 1149 1437 sicut
1165 1411 1293 1444 scriptum
1315 1416 1359 1438 est
1373 1410 1407 1443 ",
1421 1411 1502 1446 212
1518 1411 1564 1438 sed
1584 1419 1617 1438 cx
1632 1411 1713 1438 muttn

932 1453 990 1488 ejus
1006 1454 1213 1490 misericordia),
1226 1454 1338 1488 idcirco,
1351 1455 1448 1490 inquit,
1465 1456 1498 1483 ad
1511 1455 1714 1491 intelligentiam

934 1504 985 1527 tua:
1005 1500 1209 1536 magniﬁccntiae
1231 1502 1388 1536 perductus,
1404 1501 1512 1528 assidue
1533 1501 1650 1528 tribuam
1667 1502 1713 1528 tibi

931 1545 1042 1580 gloriam
1058 1551 1085 1573 et
1097 1546 1198 1580 laudes,
1210 1552 1236 1574 el
1252 1547 1341 1574 dicam
1356 1554 1364 1573 :
1380 1547 1448 1574 Ecce
1467 1547 1537 1574 Deus
1551 1554 1637 1579 incus,
1651 1547 1714 1574 Scr-

932 1597 1008 1619 vator
1026 1600 1102 1620 meus
1128 1592 1268 1625 Dominus,
1286 1592 1417 1620 corilidaiu
1441 1592 1478 1626 ei,
1497 1597 1525 1620 et
1540 1592 1630 1620 salvus
1657 1601 1713 1620 cro.

931 1637 1070 1671 Quondam
1093 1639 1165 1666 enim
1183 1638 1263 1672 lignis
1280 1639 1466 1674 lapidibusque
1483 1640 1672 1675 procidcutcs,
1690 1647 1713 1666 Ct

931 1683 1094 1718 imaginibus
1124 1691 1207 1711 sensu
1228 1685 1384 1711 carentibus
1403 1684 1550 1712 oﬂ‘ercntes
1571 1684 1715 1715 sacriﬁcia.

930 1728 1032 1755 servari
1057 1735 1106 1762 per
1129 1728 1174 1755 illa
1200 1729 1341 1763 rogabant.
1354 1729 1389 1756 At
1404 1734 1557 1765 postquam,
1575 1729 1630 1756 Deu
1645 1737 1710 1756 veru

931 1774 1034 1809 agnito,
1051 1774 1118 1802 falso
1130 1775 1283 1802 nominatos
1298 1776 1488 1811 proﬂigarunt,
1504 1776 1614 1803 illumet
1625 1776 1712 1802 solum

931 1821 1129 1854 demonstrant,
1146 1820 1287 1849 dicentes:
1306 1822 1374 1850 Ecce
1390 1822 1461 1850 Deus
1483 1829 1567 1855 meus,
1584 1821 1714 1849 Servator

930 1873 1005 1893 meus
1021 1864 1160 1892 Dominus.
1170 1865 1228 1893 Non
1244 1866 1299 1901 jam
1319 1865 1409 1900 lignis,
1422 1873 1474 1893 non
1488 1865 1621 1900 lapidibus
1635 1865 1714 1892 lidatn

930 1910 1054 1946 amplius,
1074 1910 1170 1945 inquit,
1184 1911 1230 1938 sed
1256 1911 1281 1938 in
1306 1919 1349 1944 eo,
1364 1911 1513 1946 etquidem
1533 1911 1600 1942 solo,
1621 1916 1648 1937 ct
1666 1918 1715 1944 per

931 1957 1019 1992 ipsum
1048 1957 1188 1985 servabor.
1206 1957 1238 1984 Et
1255 1957 1317 1984 licet
1345 1957 1392 1992 qui
1417 1957 1482 1984 olim
1506 1956 1631 1991 spoliavit
1646 1961 1674 1983 et
1688 1956 1713 1983 in

930 2010 1049 2031 errorem
1067 2003 1194 2037 abripuit,
1204 2011 1297 2031 rursus
1308 2003 1411 2031 accedit
1426 2007 1530 2031 tentans
1539 2007 1566 2030 et
1577 2010 1698 2037 pugnans
1708 2022 1714 2034 ,

932 2048 1045 2077 Vincam
1063 2054 1165 2083 tamen,
1178 2050 1276 2085 inquit,
1296 2050 1360 2084 quia
1378 2050 1465 2085 gloria
1480 2057 1538 2077 mea
1556 2055 1583 2076 et
1597 2049 1715 2076 laudatio

932 2103 990 2123 mea
1018 2095 1159 2123 Dominus.
1176 2094 1272 2123 Viden‘
1291 2096 1427 2131 quomodo
1453 2095 1577 2123 noverint
1596 2095 1715 2122 salutare

930 2149 1000 2174 esse,
1013 2141 1104 2169 laudes
1115 2149 1213 2169 canere
1220 2149 1253 2169 ac
1266 2141 1435 2176 gloriﬁcare?
1447 2151 1456 2167 ι
1467 2141 1597 2169 Sacriﬁca
1609 2149 1619 2166 ι
1631 2141 1714 2171 enim,

932 2186 1028 2221 inquit,
1045 2195 1055 2212 ι
1075 2186 1129 2214 Deo
1147 2187 1310 2215 sacriﬁcium
1327 2187 1425 2220 laudis,
1438 2191 1466 2214 et
1482 2187 1563 2215 redde
1575 2186 1715 2214 Altissimo

932 2238 992 2260 vota
1009 2238 1053 2260 tua
1067 2233 1107 2266 ";
1127 2242 1137 2259 ι
1155 2237 1183 2261 et
1198 2244 1204 2262 :
1218 2242 1230 2260 ε
1243 2233 1382 2261 Invocabis
1406 2241 1448 2260 me
1461 2233 1487 2260 in
1505 2233 1550 2260 die
1564 2232 1716 2261 aﬂiictionis

933 2283 996 2312 tuae,
1014 2283 1042 2306 et
1057 2279 1172 2314 eripiam
1185 2282 1223 2311 te,
1238 2283 1267 2307 et
1279 2277 1444 2313 gloriﬁcahis
1457 2284 1500 2305 me
1513 2277 1547 2304 ⁶².
1562 2285 1572 2303 ι

965 2388 1046 2417 Vens.
1063 2389 1089 2417 5.
1106 2387 1139 2416 Et
1150 2388 1253 2416 haurite
1264 2397 1360 2424 aquam
1370 2397 1429 2416 cum
1443 2387 1537 2416 laziilia
1556 2387 1587 2415 de
1600 2387 1715 2422 [antibus

931 2435 1076 2464 Saluturis.
1710 2471 1715 2475 '

964 2480 1105 2509 GloriOsus
1123 2479 1167 2508 ille
1192 2481 1237 2516 qui
1253 2479 1369 2513 vocavit,
1396 2483 1536 2516 promptus
1562 2483 1590 2507 et
1607 2483 1717 2514 paratus

930 2525 963 2552 ad
978 2525 1235 2559 remunerationem,
1244 2525 1290 2561 qui
1302 2525 1475 2553 conservavit
1487 2525 1570 2557 Deus,
1581 2524 1718 2553 benefacit

932 2571 1152 2607 agnoscentibus,
1180 2576 1208 2599 et
1223 2565 1307 2607 gloria
1333 2571 1493 2599 decorantes
1509 2571 1597 2605 ipsum
1619 2570 1717 2598 divini».

932 2623 1014 2653 atque
1029 2617 1195 2652 spiritalibus
1212 2618 1289 2645 donis
1311 2617 1414 2644 ali'atim
1428 2617 1572 2645 exhilarat.
1591 2617 1717 2644 Contem-

933 2663 1008 2698 plare
1033 2663 1145 2694 etenim,
1162 2670 1215 2697 quo
1240 2667 1320 2698 pacto
1346 2663 1372 2691 hi
1395 2663 1505 2698 quidem
1519 2662 1717 2690 conﬁtebantur

933 2709 1054 2737 dicentes
1070 2717 1076 2736 :
1093 2707 1162 2736 Ecce
1176 2709 1247 2736 Deus
1269 2717 1355 2742 meus,
1368 2709 1499 2736 Servator
1524 2715 1600 2736 meus
1629 2708 1716 2735 Domi-

934 2764 994 2790 nus,
1009 2755 1141 2782 conlidam
1159 2754 1194 2782 ei.
1223 2754 1269 2783 ille
1284 2755 1427 2784 confestim
1448 2759 1475 2783 et
1497 2753 1586 2782 fontes
1601 2753 1677 2789 ipsis,
1691 2757 1718 2779 ct

668 2835 688 2851 ³¹
706 2833 778 2862 Psal.
793 2841 866 2866 xm,
888 2833 932 2861 H.
970 2833 991 2849 ⁸¹
1005 2833 1070 2861 ibid.
1088 2833 1129 2860 l5.
