1885 3053
86 155 129 184 881

85 211 306 248 τήκασινὲχθρῶν,
314 211 403 247 δεινὴν
415 212 460 239 καὶ
467 211 630 248 δυσάντητον
644 215 774 250 ἐσχήκασι
783 217 862 252 χεῖρα

84 257 262 292 καὶδιαὸόητον
268 257 314 284 ἐπὶ
320 257 404 293 τούτῳ
413 258 462 293 τὴν
470 258 662 292 δόξανέυπλον
672 261 699 287 δὲ
708 258 741 296 ἦν
749 261 840 294 αὐτοῖς
848 263 862 288 6

82 305 129 332 τῶν
136 304 199 331 ὅλων
206 303 279 336 Θεὸς,
296 305 309 330 6
322 304 397 334 ἱστὰς
413 304 462 339 μὲν
470 304 516 332 τοῦ
529 305 603 340 ἡλίου
619 306 666 333 καὶ
683 307 796 342 σελήνης
805 307 862 343 δρό-

83 359 135 386 μον⁷
150 349 217 376 κατά
235 357 264 383 γε
285 350 334 384 τῆς
348 349 471 382 Γαϐαὼν,
491 351 617 386 ἐπαφιεὶς
632 351 658 378 δὲ
670 352 789 387 χαλάζας
804 354 861 385 τοῖς

81 396 228 430 ἀλλοφύλοις
245 395 273 427 ἐξ
292 395 406 430 οὖροινοῦ
422 396 467 422 καὶ
483 397 522 427 εἰς
540 397 614 432 λῆξιν
627 398 717 434 πάσης
736 399 862 431 εὐκλείας

81 443 121 468 τὸν
136 442 230 468 οἰκεῖον
247 440 418 473 ἀναϐιϐάζων
431 441 504 469 λαόν.
527 442 574 474 Τίς
600 443 701 474 τοίνυν,
718 444 796 479 φησὶ,
814 443 860 471 τὸν

81 487 209 521 διαϐόητον
242 486 360 522 Ἰσραὴλ,
388 487 434 513 τὴν
460 487 640 522 ἀξιοζήλωτον
677 488 785 521 Ἰακὼϐ,
812 489 859 515 τὸν

81 532 204 559 ἀνάλωτον
218 531 335 566 ἐχθροῖς,
352 531 397 558 τὸν
417 532 529 568 εὐσθενῆ
547 541 576 558 τε
591 533 637 558 καὶ
659 533 859 568 μαχιμώτατον,

82 578 122 604 καὶ
139 578 176 604 ἀεὶ
191 578 268 612 νικᾷν
295 577 409 604 εἰωθότα
433 577 550 604 δέδωκεν
569 578 609 609 εἰς
629 578 796 614 διαρπαγὴν,
813 579 861 605 καὶ

81 625 130 654 τοῖς
146 622 355 657 προνομεύουσι-η
381 623 443 655 Πῶς
465 623 614 659 ἠσθένησεν
634 625 648 650 ὁ
670 625 796 651 νικᾶσθαι
823 625 860 661 μὴ

82 668 164 699 εὶδώς;
182 667 244 699 Πῶς
261 668 410 703 ὑπηνέχθη.
432 670 479 695 καὶ
496 669 606 703 γέγονεν
627 670 681 696 ὑπὸ
708 670 790 702 πόδας
807 670 860 698 τῶν

80 713 272 747 ἀνθεστηκότων
283 714 297 739 6
313 714 394 740 πᾶσιν
410 713 488 748 ὑψοῦ,
505 715 553 741 καὶ
576 714 728 750 ἄθραυστον
749 717 857 742 ἀνατεί-

81 767 125 785 νων
136 759 162 785 τὸ
178 758 280 792 κέρας;
314 760 422 794 Ἐπειδὴ
438 759 466 785 δὲ
488 758 522 796 ἦν
541 761 689 795 ἀναγκαῖον
713 762 776 794 τοὺς
800 762 859 797 μετ’

81 805 185 836 ἐκείνους
205 805 280 839 ἡμᾶς
297 804 332 841 μὴ
348 805 481 840 ἀγνοῆσαι
498 806 546 838 τὰς
564 807 653 838 αἰτίας
672 807 719 833 τοῦ
739 809 859 844 παραδε-

80 851 160 877 δόσθαι
184 851 228 877 τὸν
250 851 322 878 οὕτω
354 851 492 886 λαμπρὸν,
520 853 565 879 καὶ
590 854 758 889 ἐξῃρημένον
785 855 859 887 λαὸν,

655 156 688 183 ΙΝ
708 156 825 185 ISAIAM
845 158 908 187 LIB.
931 159 973 188 IV.
995 159 1097 187 OllAT.
1120 160 1140 189 Ι.

1645 162 1695 190 89.2

914 220 994 248 bilem
1025 229 1132 249 manum
1168 221 1329 254 habuerunt,
1354 224 1380 248 et
1405 219 1606 248 celeberrimam
1634 220 1696 248 inde

912 267 1024 301 gloriam
1039 266 1175 295 consecuti
1202 266 1320 294 fuerunt.
1339 265 1419 292 Arma
1435 273 1498 293 vero
1512 273 1604 293 eorum
1636 269 1696 292 erat

912 313 1098 340 universorum
1119 312 1189 339 Deus
1211 320 1218 338 :
1239 311 1283 346 qui
1313 311 1340 338 in
1365 311 1474 338 Gabaon
1498 319 1608 339 cursum
1630 311 1695 338 solis

912 357 1026 385 sistebat
1040 362 1066 384 et
1080 358 1198 389 lume,et
1224 357 1257 383 de
1278 356 1346 384 calo
1361 357 1506 392 grandines
1526 356 1552 384 in
1569 357 1696 392 alienige-

912 412 960 431 nas
977 404 1094 436 demisit,
1108 408 1136 431 et
1157 411 1234 430 suum
1266 402 1389 437 populum
1404 402 1430 429 in
1452 403 1540 431 omnis
1558 403 1696 438 dignitatis

911 455 1010 477 sortem
1028 451 1117 477 evexit
1135 449 1167 477 ⁸⁵.
1194 449 1274 485 Ergo,
1294 449 1391 484 inquit,
1407 448 1469 482 quis
1484 448 1610 475 lsraelem
1623 448 1695 475 cele—

910 493 1105 527 bratissimum,
1116 493 1245 522 Jacobum
1257 494 1438 522 aemulandum
1451 498 1477 520 et
1495 493 1694 524 admirandum,

911 539 1033 567 hostibus
1057 540 1282 574 insuperabilcm,
1314 544 1524 574 praepotentem,
1550 543 1577 566 et
1613 538 1696 566 bella-

911 585 1058 617 cissimum,
1078 590 1106 612 et
1121 593 1227 619 semper
1246 585 1354 613 vincere
1380 585 1498 618 solitum,
1517 584 1543 611 in
1568 584 1696 619 direptio-

911 637 971 658 nem
1000 630 1083 663 dedit,
1114 635 1141 657 et
1170 631 1386 666 depraedantibus
1409 630 1530 664 obiecit?
1555 629 1696 663 Quomodo

911 680 1065 703 attenuatus
1088 681 1139 708 est,
1166 677 1211 710 qui
1239 675 1310 703 vinci
1342 683 1394 703 non
1422 675 1541 710 poterat?
1558 675 1697 708 Quomodo

910 720 1069 756 subiugatus
1082 726 1108 748 et
1121 721 1260 755 subjectus
1275 720 1490 748 adversariorum
1508 720 1631 754 pedibus,
1650 718 1697 753 qui

910 769 1004 791 contra
1018 772 1112 791 ontnes
1124 764 1259 792 excelsum
1273 769 1301 792 et
1316 764 1511 792 invulnerabile
1525 771 1609 791 cornu
1633 763 1697 790 effe-

911 811 1004 837 rebat?
1019 810 1084 844 Quia
1107 815 1195 838 autem
1215 811 1395 838 necessarium
1416 815 1473 838 crat
1498 817 1560 842 nos,
1576 810 1620 844 qui
1638 809 1696 836 illos

909 856 994 883 secuti
1021 864 1123 887 sumus.
1142 863 1247 889 causas,
1264 864 1311 883 cur
1336 856 1448 892 populus
1461 856 1528 883 adeo
1544 855 1656 882 illustris
1670 860 1696 882 et.

81 897 217 932 ἐπήνεγκεν
244 897 412 930 ἀναγκαίως
442 898 508 933 Οὐχὶ
529 899 542 925 6
563 900 628 931 Θεὸς
701 900 858 935 ἡμάρτοσαν

912 902 1012 929 electus
1031 902 1144 930 traditus
1161 902 1251 934 fuerit,
1265 911 1315 929 non
1326 903 1460 937 ignorare,
1476 901 1583 929 induxit
1602 908 1696 928 neces-

80 943 153 978 αὺτῴ,
165 943 209 969 καὶ
218 943 269 970 οὐκ
280 943 422 972 ἐϐούλοντο
432 947 491 977 ταῖς
503 946 571 977 ὁδοῖς
588 946 670 972 αὑτοῦ
684 946 859 982 πορεύεσθαι,

80 990 132 1016 οὐδὲ
155 990 263 1016 ἀκούειν
280 989 325 1017 τοῦ
342 991 423 1026 νόμον
439 991 539 1023 moro-3;
562 992 594 1018 Ἡ
612 991 640 1018 δὲ
657 992 702 1018 ἐπὶ
722 993 779 1024 τοῖς
803 993 859 1026 ἁμ-

81 1035 332 1072 φιλόγοιςὲρώτησις
345 1037 489 1072 ὁμολογίαν
507 1037 563 1072 ἔχει
579 1037 654 1072 σαφῆ
671 1037 717 1064 τοῦ
734 1038 860 1073 πράγμα-

79 1090 128 1112 τος.
139 1082 200 1113 Θεὸς
216 1081 271 1117 γάρ
289 1090 339 1108 που
353 1082 461 1114 παντως
474 1083 488 1108 6
501 1082 563 1114 δοὺς
578 1083 670 1116 αὐτὸν,
686 1084 733 1110 καὶ
745 1084 793 1119 τὴν
804 1084 860 1115 τοῖς

79 1127 236 1163 ἐγκλήμασιν
251 1128 409 1164 πρέπουσαν
427 1129 583 1164 ἐπαρτήσας
608 1129 702 1164 ὀργήν.
727 1129 860 1165 Ταύτῃτοι

80 1174 159 1200 τοίνυν
182 1174 346 1209 κατίσχυσεν
370 1175 467 1207 αὐτοὺς
493 1175 620 1210 πόλεμος.
656 1175 801 1211 Ἀσύνηθες
831 1176 860 1203 δὲ

80 1219 149 1246 τοῦτο
159 1221 211 1251 τοῖς
222 1220 252 1254 ἐξ
273 1221 390 1256 Ἰσραὴλ,
405 1222 448 1248 ἀεὶ
460 1221 513 1258 γὰρ
527 1222 711 1258 κεκρατήκασι
729 1222 859 1250 συνασπί-

80 1265 161 1297 ζοντος
181 1266 257 1293 Θεοῦ.
286 1267 392 1302 Ἐπειδὴ
412 1267 439 1294 δὲ
466 1269 506 1299 εἰς
522 1269 584 1299 τοὺς
599 1268 688 1300 θείους
703 1268 786 1295 αὐτοῦ
809 1278 858 1296 πε-

81 1312 246 1347 παρῳνήκαςι
268 1313 384 1347 νόμους,
405 1313 502 1349 ἔρημοι
525 1314 668 1348 γεγόνασιν
694 1314 858 1350 αὐχημάτων

81 1357 127 1383 τῶν
141 1358 228 1385 πάλαι.
243 1358 422 1385 Πεπτώκασιν
433 1360 473 1391 εἰς
482 1359 511 1386 τὸ
523 1360 648 1395 ἀδρανὲς,
664 1360 859 1396 κατεκομίσθη-

81 1412 124 1430 σαν
139 1404 175 1436 εἰς
188 1405 217 1431 τὸ
234 1400 351 1435 ἄναλκες
363 1413 369 1420 ·
385 1406 476 1441 κύκλῳ
491 1406 632 1440 γεγόνασιν
648 1407 735 1434 αὐτῶν
751 1407 775 1434 οἱ
791 1415 858 1442 συμ-

81 1449 221 1483 ᾳλέγοντες,
239 1450 287 1476 καὶ
304 1448 358 1477 οἷόν
368 1460 420 1478 τινι
439 1451 504 1486 πυρὶ
519 1451 690 1483 δαπανῶντες
704 1452 803 1481 αὐτοὺς
819 1452 857 1487 τῷ

82 1495 179 1528 μεγέθει
193 1496 246 1523 τῶν
261 1497 493 1533 ἐπενηνεγμένων,
512 1498 595 1533 ἤγουν
610 1499 857 1534 καταπιμπράντες

79 1539 160 1566 αὐτῶν
171 1541 218 1572 τὰς
236 1541 338 1573 πόλεις,
353 1542 423 1569 κατά
437 1543 466 1569 τὸ
481 1542 594 1579 ἑτέρωθί
608 1552 657 1570 που
674 1544 766 1577 σαφῶς
782 1545 853 1579 εἰρη-

911 949 1003 975 sario:
1029 947 1122 976 Nonne
1154 948 1233 980 Deus,
1250 948 1291 975 cui
1306 953 1469 983 peccarunt,
1494 951 1521 975 et
1539 955 1591 974 non
1605 947 1697 974 volue-

912 999 974 1021 runt
989 994 1039 1021 viis
1051 995 1108 1029 ejus
1123 995 1237 1031 ytgredi,
1247 1002 1331 1030 neque
1341 994 1427 1029 legem
1442 994 1500 1029 ejus
1511 993 1615 1021 audire?
1634 992 1696 1019 il:cc

912 1041 938 1067 in
955 1041 1090 1074 ambiguis
1105 1040 1188 1068 rebus
1205 1040 1391 1075 interrogatio,
1404 1041 1441 1067 rei
1462 1038 1632 1067 manifestam
1649 1039 1696 1065 lia-

909 1086 954 1114 bet
979 1086 1058 1122 557
1089 1086 1296 1114 confessionem.
1317 1086 1387 1114 Deus
1405 1085 1478 1113 enim
1493 1089 1552 1113 erat
1575 1085 1696 1116 omnino,

910 1132 956 1166 qui
973 1132 1046 1159 dedit
1065 1139 1138 1165 eum,
1153 1137 1180 1160 et
1196 1131 1473 1167 quisceleribusiram
1489 1131 1595 1166 dignam
1611 1130 1697 1157 inlen-

909 1179 985 1206 tavit.
1000 1178 1068 1205 Hinc
1081 1178 1172 1213 itaque
1201 1178 1259 1206 illos
1284 1178 1381 1206 bellum
1407 1177 1550 1212 oppressit.
1579 1176 1696 1211 Eratque

910 1224 1099 1252 boclsraelitis
1114 1225 1249 1252 insuetum
1269 1233 1275 1251 :
1297 1225 1382 1259 utqui
1412 1231 1518 1258 settiper
1541 1224 1596 1251 Dco
1605 1229 1695 1259 prote-

909 1275 998 1306 gente,
1014 1272 1168 1305 superiores
1182 1271 1330 1298 evaserint.
1351 1270 1385 1296 At
1401 1270 1446 1297 ubi
1463 1270 1491 1296 in
1511 1270 1615 1297 divinas
1634 1269 1692 1303 ejus

909 1316 981 1351 leges
989 1316 1142 1343 debacchati
1150 1320 1221 1348 sunt,
1229 1315 1361 1343 veteribus
1375 1316 1540 1342 ornamentis
1551 1315 1650 1342 deserti
1667 1319 1695 1342 ct

909 1362 1028 1390 destituti
1047 1367 1119 1394 sunt,
1136 1362 1168 1389 ad
1184 1362 1367 1396 impotentiam
1383 1361 1583 1393 reciderunt,ad
1600 1360 1695 1388 imbel-

908 1407 958 1433 lem
967 1406 1134 1443 timiditatem
1141 1406 1246 1434 deducti
1253 1406 1503 1440 sunt,circtnncirca
1512 1411 1587 1433 erant
1595 1406 1639 1440 qui
1650 1413 1696 1433 eos

908 1450 1231 1482 comburerent,etvelntl
1248 1450 1308 1485 igne
1325 1450 1545 1485 quodam,rerum
1554 1457 1613 1484 quae
1626 1447 1695 1476 infe-

908 1499 1035 1526 rebantur
1046 1496 1491 1532 magnitudine,consumerent,vel
1503 1503 1595 1524 earum
1605 1495 1697 1523 civita-

909 1543 1368 1578 lcsincenderent.quemadmodum
1378 1542 1439 1570 alibi
1449 1543 1522 1570 ctare
1530 1542 1629 1582 dictum
1640 1546 1695 1569 est:

82 1586 165 1620 μένον·
195 1587 226 1614 Αἰ
255 1587 346 1619 πόλεις
371 1588 447 1623 ὑμῶν
478 1589 667 1623 πυρίκαυστοι.
706 1589 779 1625 Πλὴν
813 1591 859 1616 οὐκ

913 1589 1043 1617 Civitates
1057 1595 1153 1617 vestrae
1165 1589 1217 1624 igni
1233 1589 1348 1616 incensa:
1365 1593 1438 1616 sunt.
1455 1587 1554 1616 Verum
1573 1581 1627 1615 non
1653 1594 1698 1614 co-

80 1630 200 1664 ἔγνωσαν,
228 1632 322 1668 φησὶν,
347 1633 461 1664 ἕκαστος
487 1634 588 1665 αὐτῶν,
615 1634 675 1660 οὐδὲ
700 1634 792 1660 ἔθεντο
815 1634 862 1661 ἐπὶ

81 1678 159 1714 ψυχήν
170 1687 176 1694 ·
193 1678 372 1713 ἀναισθησίας
390 1681 417 1706 ἐν
430 1679 533 1710 τούτοις
551 1679 714 1714 ὑπομένουσι
741 1680 860 1715 γραφήν.

82 1725 176 1759 Ἀρτιοι
190 1725 239 1760 μὲν
251 1725 305 1761 γὰρ
320 1726 359 1757 είς
374 1726 480 1752 σύνεσιν
491 1724 546 1752 εἶεν
559 1726 591 1752 ἂν
602 1726 627 1752 οἱ
641 1726 670 1752 τὸ
684 1726 863 1762 προσκρούειν

81 1768 133 1803 Θεῷ
148 1770 371 1806 παραιτούμενοι,
386 1770 434 1797 καὶ
447 1770 494 1797 τοῦ
509 1771 604 1798 παθεῖν
625 1780 650 1797 τι
667 1771 720 1798 τῶν
735 1771 764 1804 ἐξ
778 1772 862 1807 ὀργῆς

80 1813 127 1846 ἔξω
140 1814 270 1847 τείνοντες
283 1815 361 1849 πόδα,
379 1816 422 1843 διά
435 1824 467 1850 γε
478 1816 508 1842 τὸ
523 1817 657 1852 τρυφερὸν
669 1817 779 1852 ὑπέχειν
789 1817 863 1852 αὐτῷ

80 1859 120 1886 τὸν
135 1860 241 1896 αὐχένα.
264 1862 299 1888 Οἵ
310 1870 342 1896 γε
366 1863 431 1900 μὴν,
449 1863 496 1889 καλ¹
521 1863 549 1889 ὲν
566 1863 640 1899 αὐτῷ
662 1864 804 1898 γεγονότες
821 1855 860 1899 rt?)

81 1905 168 1932 παθεῖν
191 1906 220 1939 ἐξ
242 1907 423 1943 ἀνθρωπίνων
444 1907 644 1943 ὀλισθημάτων,
669 1910 693 1935 εί
721 1909 758 1944 μὴ
772 1910 863 1936 αἰσθά-

81 1959 157 1978 νοιντο
169 1952 222 1979 τῶν
233 1954 469 1989 ἐπενηνεγμένων,
489 1955 599 1990 ἁπάσης
622 1955 654 1981 ἃν
677 1953 731 1982 εἷεν
755 1956 862 1987 ἐλπίδος

81 1997 210 2032 ἁγαθῆςοὶ
222 1998 318 2024 τοιοίδε
334 1999 453 2034 μακράν.
471 2000 567 2026 ’Ότιδὲ
585 1999 633 2026 καὶ
651 2001 707 2031 τοῖς
731 2000 863 2032 τοιούτοις

82 2043 239 2078 ἐγκλήμασιν
253 2044 340 2080 ἔνοχοι
350 2045 492 2080 γεγόνασιν
503 2046 528 2072 ol
545 2045 573 2079 ἐξ
594 2045 863 2082 Ἰσραὴλ,καταθρὴ-

82 2097 120 2115 σαι
138 2098 177 2121 τις
199 2089 232 2117 ἂν
254 2089 386 2126 Ἰερεμίου
416 2091 541 2126 λέγοντος
563 2092 629 2128 πρὸς
647 2092 693 2118 τὸν
718 2091 772 2119 τῶν
794 2092 862 2119 ὅλων

80 2133 157 2161 Θεόν·
183 2144 192 2160 ι
207 2135 305 2171 Κύριε,
325 2137 348 2162 οἱ
365 2136 498 2172 ὀφθαλμοί
514 2145 562 2163 σου
577 2137 617 2168 εἰς
630 2137 732 2169 πίστιν,
748 2137 862 2172 ἐμαστί-

79 2189 162 2214 γωσας
177 2182 287 2214 αὐτοὺς,
298 2181 346 2209 καὶ
356 2182 406 2209 οὐκ
420 2182 555 2218 ἠθέλησαν
573 2181 698 2214 δέξασθαι
709 2182 859 2210 παιδείαν.»

80 2227 241 2263 Μεμνήμεθα
263 2229 305 2255 ὅτι
331 2227 399 2263 μετὰ
420 2228 449 2254 τὸ
472 2227 574 2255 ἁλῶναι
596 2228 646 2263 τὴν
671 2228 859 2264 Ἰερουσαλὴμ,

80 2273 288 2309 ἀποκομισθῆναι
305 2274 333 2300 δὲ
348 2273 396 2300 καὶ
411 2273 581 2308 αἰχμάλωτον
593 2273 639 2300 τὸν
665 2273 784 2309 Ἰσραὴλ,
803 2275 859 2306 τοῖς

81 2319 321 2355 περιλελειμμένοις
337 2321 350 2346 6
365 2320 508 2355 προφήτης
535 2319 669 2355 Ἱερεμίας
694 2321 857 2356 προσελάλει

80 2363 110 2390 τὰ
133 2365 194 2400 περὶ
211 2365 280 2392 Θεοῦ
297 2365 421 2399 λέγοντος
443 2365 480 2400 μὴ
496 2365 636 2392 κατελθεῖν
652 2366 692 2398 εἰς
708 2365 856 2400 Αἴγυπτον.

80 2406 140 2435 Ι-ὶῐτα
164 2410 231 2444 πρὸς
263 2410 353 2436 αὐτῶν
381 2410 409 2436 αι
440 2411 567 2443 γυναῖκες
591 2410 701 2445 ἀναίδην
728 2411 857 2445 ἔφασκον,

82 2453 172 2487 μᾶλλον
190 2455 217 2482 δὲ
230 2455 283 2481 οὐδ’
297 2456 335 2486 εἰς
357 2454 482 2490 αἴσθησιν
498 2454 677 2490 ὲνηνεγμέναι
692 2455 742 2490 τῆς
762 2456 856 2491 ὀργῆς,

80 2499 116 2525 ὅτι
154 2500 209 2527 Οὐκ
233 2501 377 2528 ἀπέστειλέ
393 2509 422 2527 σε
445 2500 558 2535 Κύριος.
590 2501 804 2536 [Ιροσεπήγαγον
829 2502 858 2528 δὲ

80 2543 176 2575 τούτοις
189 2545 222 2570 τὰ
237 2544 267 2577 ἐξ
282 2545 400 2580 ἀκράτου
426 2544 647 2579 φρενοϐλαϐείας,
662 2545 771 2581 Ἐπειδὴ
791 2545 857 2580 γὰρ,

81 2586 201 2619 ἔφασκον,
209 2588 378 2623 διελείπομεν
391 2588 500 2614 θύουσαι
511 2589 544 2623 τῇ
555 2588 669 2622 βασιλίδι
677 2588 723 2614 τοῦ
732 2587 856 2623 οὐρανοῦ,

81 2632 186 2668 ἐπῆλθεν
209 2635 252 2667 ἐφ’
280 2635 354 2670 ἡμᾶς
374 2635 462 2661 πάντα
478 2635 512 2661 τὰ
531 2634 604 2660 κακὰ
623 2633 717 2660 ταῦτα.
748 2634 857 2670 umet;

80 2674 121 2702 οὖν
133 2678 185 2714 ἄρα
197 2679 227 2705 τὸ
244 2679 398 2714 εἰρημένον,
414 2679 455 2705 ὅτι
473 2680 529 2705 Οὐκ
545 2678 666 2712 ἔγνωσαν
681 2678 794 2710 ἕκαστος
809 2679 857 2705 αὖ.

913 1639 1073 1669 gnoverunt,
1086 1635 1184 1670 inquit,
1198 1635 1242 1661 ulli
1258 1642 1289 1662 ex
1301 1634 1363 1668 illis,
1378 1642 1426 1662 nec
1440 1634 1558 1662 animum
1570 1634 1698 1661 adhibue-

913 1685 975 1707 runt
994 1689 1000 1706 :
1016 1680 1113 1714 quibus
1134 1680 1300 1715 stupiditatis
1320 1680 1379 1707 dica
1403 1680 1476 1707 hisce
1494 1679 1584 1707 verbis
1598 1679 1698 1707 scribi-

914 1729 967 1752 tnr.
982 1725 1086 1752 Etenim
1098 1725 1252 1759 cognitione
1265 1725 1377 1752 oerfecti
1401 1729 1429 1752 et
1440 1724 1555 1752 absoluti
1565 1731 1624 1752 esse
1636 1731 1697 1758 pos-

913 1775 984 1803 sent,
1001 1771 1022 1798 si
1037 1770 1119 1798 Deum
1136 1770 1272 1798 offendere
1298 1772 1514 1806 supersederent,
1529 1775 1555 1798 et
1569 1778 1582 1797 a
1595 1771 1697 1805 suppli-

913 1816 955 1844 cio
972 1824 1003 1844 ac
1019 1816 1057 1844 ira
1081 1817 1173 1851 procul
1193 1817 1269 1852 quasi
1290 1817 1382 1852 pedem
1398 1817 1583 1849 removissent,
1598 1816 1621 1843 si
1635 1823 1696 1844 cer-

914 1863 1000 1890 vicem
1021 1862 1045 1890 ei
1063 1867 1182 1889 teneram
1198 1867 1223 1889 et
1236 1862 1350 1889 ﬂexilem
1365 1862 1549 1897 praebuissent.
1571 1862 1620 1895 Qui
1632 1868 1696 1889 vero

914 1913 1021 1943 propter
1035 1908 1166 1936 humanos
1193 1908 1281 1944 lapsus
1295 1907 1443 1943 patiuntur,
1459 1907 1482 1934 si
1512 1915 1543 1935 ea
1556 1914 1615 1941 qua:
1629 1906 1697 1934 infe-

913 1958 1009 1981 runtur
1027 1961 1079 1980 non
1103 1953 1230 1985 sentiant,
1250 1953 1276 1980 hi
1302 1953 1335 1980 ab
1357 1953 1430 1980 omni
1447 1960 1495 1988 spe
1521 1953 1590 1980 bona
1602 1951 1696 1987 procul

913 1998 1020 2025 absunt.
1037 1998 1132 2026 Fuisse
1159 2002 1248 2025 autem
1272 1997 1409 2025 lsraelitas
1433 1997 1532 2025 talibus
1545 1997 1696 2032 implicatos

913 2044 1010 2077 noxiis,
1029 2044 1121 2072 videre
1148 2044 1210 2072 licet
1223 2051 1257 2071 ex
1284 2043 1413 2076 Jercmia,
1429 2045 1474 2078 qui
1497 2043 1594 2071 aﬂ'atur
1612 2043 1694 2071 Deum

913 2089 1101 2117 universorum
1121 2098 1128 2117 :
1151 2099 1160 2115 ι
1179 2089 1301 2122 Domine.
1319 2089 1388 2116 oculi
1405 2089 1441 2116 tui
1465 2089 1499 2117 ad
1532 2089 1622 2121 ﬁdem,
1649 2088 1695 2116 lla-

913 2135 1016 2170 gcllasti
1030 2142 1087 2170 eos,
1103 2140 1130 2162 at
1147 2135 1289 2162 noluerunt
1305 2135 1440 2170 suscipere
1455 2135 1623 2169 disciplinam
1638 2135 1672 2161 “.
1683 2145 1692 2161 ι

913 2179 1097 2212 Meminimus,
1122 2185 1262 2215 postquam
1293 2185 1371 2215 capta
1391 2185 1464 2208 esset
1491 2178 1650 2211 Jerusalem,
1667 2185 1695 2208 ct

913 2225 995 2254 lsrael
1027 2226 1148 2261 captivus
1171 2231 1243 2253 esset
1277 2225 1419 2258 abductus,
1447 2226 1488 2253 bis
1524 2226 1571 2260 qni
1599 2225 1694 2260 reliqui

911 2277 999 2304 erant,
1039 2273 1156 2299 locutnnt
1184 2280 1244 2300 esse
1276 2272 1421 2300 Jeremiam
1447 2272 1615 2307 prophetam,
1635 2279 1695 2306 qua:

913 2317 983 2344 Deus
994 2317 1110 2351 dixerat,
1129 2325 1162 2344 ne
1176 2318 1370 2346 descenderent
1387 2317 1413 2345 in
1426 2317 1580 2353 Egyptum.
1595 2318 1694 2346 Deinde

913 2363 1082 2397 impmlenter
1099 2364 1235 2396 mulieres,
1263 2364 1318 2392 imo
1337 2364 1409 2391 nullo
1422 2365 1479 2399 ejus
1495 2364 1542 2393 ira:
1558 2371 1638 2392 sensu
1655 2369 1694 2391 ta-

912 2411 972 2439 ctae,
993 2408 1016 2434 ei
1037 2408 1184 2439 dixerunt:
1201 2408 1258 2436 Non
1287 2409 1359 2437 misit
1382 2414 1407 2436 te
1429 2409 1575 2439 Doruinus:
1600 2414 1627 2436 et
1642 2409 1693 2436 alia

913 2453 954 2479 bis
968 2452 1146 2486 exitnpotenti
1160 2455 1261 2481 insania
1274 2455 1437 2488 adjecerunt.
1453 2455 1597 2490 Postquam
1609 2455 1692 2488 enim,

912 2497 1046 2531 dixerunt,
1060 2499 1212 2526 destitimus
1246 2499 1398 2527 sacriﬁcare
1424 2500 1522 2535 regina:
1543 2501 1616 2533 cmli,
1636 2501 1693 2528 [HEC

911 2543 1000 2570 omnia
1014 2543 1083 2570 mala
1105 2543 1131 2570 in
1151 2551 1200 2571 nos
1220 2549 1360 2573 venerunt.
1393 2545 1508 2573 Proinde
1530 2553 1622 2573 verum
1651 2553 1693 2574 est

911 2588 981 2622 quod
997 2589 1095 2616 dicitur
1109 2598 1117 2618 ι
1134 2589 1192 2617 Non
1219 2597 1402 2625 cognoverunt
1418 2591 1463 2619 ulli
1479 2599 1510 2619 ex
1530 2592 1592 2625 illis,
1607 2599 1693 2627 neque

911 2635 1029 2662 animum
1046 2637 1236 2668 adhibuerunt,
1250 2646 1310 2664 cum
1328 2638 1425 2665 bellum
1443 2639 1501 2666 illos
1511 2643 1691 2673 oppresserat,

911 2684 937 2707 et
948 2681 1066 2716 undique
1080 2682 1249 2717 cingentibus
1261 2691 1320 2716 eos,
1336 2684 1381 2718 qui
1391 2685 1607 2712 contbussernnt.

81 2723 138 2757 τῶν,
157 2725 217 2752 οὐδὲ
239 2725 331 2752 ἔθεντο
355 2726 400 2752 ἐπὶ
425 2725 523 2761 ψυχὴν,
536 2725 748 2761 κατισχύσαντος
770 2725 858 2753 αὐτῶν
877 2727 923 2755 ’τοῦ
957 2728 1084 2764 πολέμου,
1100 2730 1146 2756 καὶ
1177 2729 1231 2757 τῶν
1244 2730 1335 2766 κύκλῳ
1356 2733 1536 2767 περιεχόντων
1557 2732 1691 2766 καταφλε-

82 2771 175 2803 γάντων
185 2772 323 2804 παντελῶς
334 2773 441 2804 αὐτούς.

113 2860 202 2889 “.los.
225 2872 252 2896 κ,
283 2863 323 2890 12.
363 2863 383 2878 ⁸⁵
403 2863 456 2890 Jer.
473 2871 497 2896 ν,
528 2863 553 2890 5.
