  <div class='ocr_page' id='page_1' title='image "/cluster/home/n/w/nwhite01/storage/ocr_20150623/70/njp.32101077772737/552.png"; bbox 0 0 1885 3053; ppageno 0'>
   <div class='ocr_carea' id='block_1_1' title="bbox 73 161 128 190">
    <p class='ocr_par' dir='ltr' id='par_1_1' title="bbox 73 161 128 190">
     <span class='ocr_line' id='line_1_1' title="bbox 73 161 128 190; baseline 0 -1"><span class='ocrx_word' id='word_1_1' title='bbox 73 161 128 190; x_wconf 77' lang='lat' dir='ltr'><strong>E39</strong></span> 
     </span>
    </p>
   </div>
   <div class='ocr_carea' id='block_1_2' title="bbox 666 164 1148 196">
    <p class='ocr_par' dir='ltr' id='par_1_2' title="bbox 666 164 1148 196">
     <span class='ocr_line' id='line_1_2' title="bbox 666 164 1148 196; baseline 0.004 -4"><span class='ocrx_word' id='word_1_2' title='bbox 666 164 699 192; x_wconf 76' lang='grc' dir='ltr'><strong>ΙΝ</strong></span> <span class='ocrx_word' id='word_1_3' title='bbox 718 164 832 193; x_wconf 78' lang='lat' dir='ltr'><strong>ISAIAM</strong></span> <span class='ocrx_word' id='word_1_4' title='bbox 853 166 915 195; x_wconf 77' lang='lat' dir='ltr'><strong>LIB.</strong></span> <span class='ocrx_word' id='word_1_5' title='bbox 938 167 981 196; x_wconf 88' lang='lat' dir='ltr'><strong>IV.</strong></span> <span class='ocrx_word' id='word_1_6' title='bbox 1003 167 1107 195; x_wconf 77' lang='lat' dir='ltr'><strong>ORAT.</strong></span> <span class='ocrx_word' id='word_1_7' title='bbox 1128 167 1148 194; x_wconf 85' lang='grc' dir='ltr'><strong>Ι.</strong></span> 
     </span>
    </p>
   </div>
   <div class='ocr_carea' id='block_1_3' title="bbox 1659 166 1711 193">
    <p class='ocr_par' dir='ltr' id='par_1_3' title="bbox 1659 166 1711 193">
     <span class='ocr_line' id='line_1_3' title="bbox 1659 166 1711 193; baseline -0.019 0"><span class='ocrx_word' id='word_1_8' title='bbox 1659 166 1711 193; x_wconf 73' lang='grc'><strong>800</strong></span> 
     </span>
    </p>
   </div>
   <div class='ocr_carea' id='block_1_4' title="bbox 71 220 873 261">
    <p class='ocr_par' dir='ltr' id='par_1_4' title="bbox 71 220 873 259">
     <span class='ocr_line' id='line_1_4' title="bbox 71 220 873 259; baseline 0.01 -14"><span class='ocrx_word' id='word_1_9' title='bbox 71 220 121 245; x_wconf 79' lang='grc' dir='ltr'><strong>καὶ</strong></span> <span class='ocrx_word' id='word_1_10' title='bbox 152 221 209 255; x_wconf 75' lang='grc' dir='ltr'>τῆς</span> <span class='ocrx_word' id='word_1_11' title='bbox 245 221 311 256; x_wconf 73' lang='grc' dir='ltr'>πρὸς</span> <span class='ocrx_word' id='word_1_12' title='bbox 349 223 429 249; x_wconf 78' lang='grc' dir='ltr'>αὑτὸν</span> <span class='ocrx_word' id='word_1_13' title='bbox 466 224 643 259; x_wconf 79' lang='grc' dir='ltr'>οἰκειότητος,</span> <span class='ocrx_word' id='word_1_14' title='bbox 665 225 756 258; x_wconf 79' lang='grc' dir='ltr'>ἀξίους</span> <span class='ocrx_word' id='word_1_15' title='bbox 792 226 873 257; x_wconf 72' lang='grc' dir='ltr'>ὄντας</span> 
     </span>
    </p>
   </div>
   <div class='ocr_carea' id='block_1_5' title="bbox 928 220 1710 261">
    <p class='ocr_par' dir='ltr' id='par_1_5' title="bbox 928 224 1710 261">
     <span class='ocr_line' id='line_1_5' title="bbox 928 224 1710 261; baseline -0.004 -8"><span class='ocrx_word' id='word_1_16' title='bbox 928 234 985 254; x_wconf 88' lang='lat' dir='ltr'><strong>cum</strong></span> <span class='ocrx_word' id='word_1_17' title='bbox 1002 227 1060 260; x_wconf 90' lang='lat' dir='ltr'><strong>ipso</strong></span> <span class='ocrx_word' id='word_1_18' title='bbox 1077 227 1172 261; x_wconf 84' lang='lat' dir='ltr'><strong>dignos</strong></span> <span class='ocrx_word' id='word_1_19' title='bbox 1186 226 1313 256; x_wconf 75' lang='lat' dir='ltr'><strong>efficeret.</strong></span> <span class='ocrx_word' id='word_1_20' title='bbox 1334 230 1360 253; x_wconf 88' lang='lat' dir='ltr'><strong>et</strong></span> <span class='ocrx_word' id='word_1_21' title='bbox 1378 225 1413 252; x_wconf 86' lang='lat' dir='ltr'><strong>ita</strong></span> <span class='ocrx_word' id='word_1_22' title='bbox 1436 232 1484 260; x_wconf 91' lang='lat' dir='ltr'><strong>per</strong></span> <span class='ocrx_word' id='word_1_23' title='bbox 1511 224 1628 260; x_wconf 83' lang='lat' dir='ltr'><strong>seipsttm</strong></span> <span class='ocrx_word' id='word_1_24' title='bbox 1655 225 1710 251; x_wconf 89' lang='lat' dir='ltr'><strong>Deo</strong></span> 
     </span>
    </p>
   </div>
   <div class='ocr_carea' id='block_1_6' title="bbox 72 266 873 308">
    <p class='ocr_par' dir='ltr' id='par_1_6' title="bbox 72 266 873 308">
     <span class='ocr_line' id='line_1_6' title="bbox 72 266 873 308; baseline 0.01 -17"><span class='ocrx_word' id='word_1_25' title='bbox 72 266 210 301; x_wconf 80' lang='grc' dir='ltr'><strong>ἀποφήνῃ</strong></span> <span class='ocrx_word' id='word_1_26' title='bbox 227 267 327 299; x_wconf 76' lang='grc' dir='ltr'>λοιπὸν,</span> <span class='ocrx_word' id='word_1_27' title='bbox 341 268 412 295; x_wconf 66' lang='grc' dir='ltr'>οὕτω</span> <span class='ocrx_word' id='word_1_28' title='bbox 420 278 449 295; x_wconf 79' lang='grc' dir='ltr'><strong>τε</strong></span> <span class='ocrx_word' id='word_1_29' title='bbox 465 270 570 305; x_wconf 69' lang='grc' dir='ltr'>συνάψῃ</span> <span class='ocrx_word' id='word_1_30' title='bbox 587 271 620 297; x_wconf 77' lang='grc' dir='ltr'><strong>δι’</strong></span> <span class='ocrx_word' id='word_1_31' title='bbox 636 272 732 298; x_wconf 81' lang='grc' dir='ltr'>ἑαυτοῦ</span> <span class='ocrx_word' id='word_1_32' title='bbox 749 272 789 307; x_wconf 88' lang='grc' dir='ltr'><strong>τῷ</strong></span> <span class='ocrx_word' id='word_1_33' title='bbox 803 273 873 308; x_wconf 82' lang='grc' dir='ltr'>Θεῷ,</span> 
     </span>
    </p>
   </div>
   <div class='ocr_carea' id='block_1_7' title="bbox 71 311 876 352">
    <p class='ocr_par' dir='ltr' id='par_1_7' title="bbox 71 311 876 352">
     <span class='ocr_line' id='line_1_7' title="bbox 71 311 876 352; baseline 0.011 -16"><span class='ocrx_word' id='word_1_34' title='bbox 71 311 120 337; x_wconf 72' lang='grc' dir='ltr'>καὶ</span> <span class='ocrx_word' id='word_1_35' title='bbox 141 311 249 347; x_wconf 86' lang='grc' dir='ltr'>Πατρί.</span> <span class='ocrx_word' id='word_1_36' title='bbox 272 313 333 340; x_wconf 85' lang='grc' dir='ltr'><strong>Ὅτι</strong></span> <span class='ocrx_word' id='word_1_37' title='bbox 351 314 405 350; x_wconf 81' lang='grc' dir='ltr'>γὰρ</span> <span class='ocrx_word' id='word_1_38' title='bbox 422 316 470 341; x_wconf 78' lang='grc' dir='ltr'>καὶ</span> <span class='ocrx_word' id='word_1_39' title='bbox 485 316 588 350; x_wconf 83' lang='grc' dir='ltr'>ταύτης</span> <span class='ocrx_word' id='word_1_40' title='bbox 606 317 686 343; x_wconf 78' lang='grc' dir='ltr'>ἓνεκα</span> <span class='ocrx_word' id='word_1_41' title='bbox 712 318 761 352; x_wconf 80' lang='grc' dir='ltr'><strong>τῆς</strong></span> <span class='ocrx_word' id='word_1_42' title='bbox 787 317 876 349; x_wconf 63' lang='grc' dir='ltr'>αἰτίας</span> 
     </span>
    </p>
   </div>
   <div class='ocr_carea' id='block_1_8' title="bbox 73 356 874 397">
    <p class='ocr_par' dir='ltr' id='par_1_8' title="bbox 73 356 874 397">
     <span class='ocr_line' id='line_1_8' title="bbox 73 356 874 397; baseline 0.009 -13"><span class='ocrx_word' id='word_1_43' title='bbox 73 358 294 394; x_wconf 74' lang='grc' dir='ltr'>ὲνηνθριὶιπησεν</span> <span class='ocrx_word' id='word_1_44' title='bbox 320 361 334 386; x_wconf 99' lang='lat'><strong>6</strong></span> <span class='ocrx_word' id='word_1_45' title='bbox 349 362 476 396; x_wconf 78' lang='grc' dir='ltr'>Χριστὸς,</span> <span class='ocrx_word' id='word_1_46' title='bbox 491 363 607 397; x_wconf 79' lang='grc' dir='ltr'>χαλεπὸν</span> <span class='ocrx_word' id='word_1_47' title='bbox 617 363 691 390; x_wconf 70' lang='grc' dir='ltr'><strong>οὐδὲν</strong></span> <span class='ocrx_word' id='word_1_48' title='bbox 708 364 827 391; x_wconf 78' lang='grc' dir='ltr'><strong>κατιδεῖν</strong></span> <span class='ocrx_word' id='word_1_49' title='bbox 841 356 874 391; x_wconf 71' lang='grc' dir='ltr'><strong>δι’</strong></span> 
     </span>
    </p>
   </div>
   <div class='ocr_carea' id='block_1_9' title="bbox 73 404 875 445">
    <p class='ocr_par' dir='ltr' id='par_1_9' title="bbox 73 404 875 445">
     <span class='ocr_line' id='line_1_9' title="bbox 73 404 875 445; baseline 0.009 -16"><span class='ocrx_word' id='word_1_50' title='bbox 73 404 162 437; x_wconf 80' lang='grc' dir='ltr'><strong>ἁγίων</strong></span> <span class='ocrx_word' id='word_1_51' title='bbox 189 405 378 439; x_wconf 76' lang='grc' dir='ltr'>εὑαγγελικῶν</span> <span class='ocrx_word' id='word_1_52' title='bbox 401 407 584 443; x_wconf 81' lang='grc' dir='ltr'>Γραμμάτων.</span> <span class='ocrx_word' id='word_1_53' title='bbox 620 409 731 435; x_wconf 72' lang='grc' dir='ltr'>Ἀνεϐίω</span> <span class='ocrx_word' id='word_1_54' title='bbox 749 409 798 444; x_wconf 79' lang='grc' dir='ltr'>μὲν</span> <span class='ocrx_word' id='word_1_55' title='bbox 821 409 875 445; x_wconf 84' lang='grc' dir='ltr'>γὰρ</span> 
     </span>
    </p>
   </div>
   <div class='ocr_carea' id='block_1_10' title="bbox 73 449 874 490">
    <p class='ocr_par' dir='ltr' id='par_1_10' title="bbox 73 449 874 490">
     <span class='ocr_line' id='line_1_10' title="bbox 73 449 874 490; baseline 0.007 -14"><span class='ocrx_word' id='word_1_56' title='bbox 73 449 242 484; x_wconf 74' lang='grc' dir='ltr'><strong>παραδόξως</strong></span> <span class='ocrx_word' id='word_1_57' title='bbox 253 452 267 478; x_wconf 87' lang='grc' dir='ltr'><strong><em>ὁ</em></strong></span> <span class='ocrx_word' id='word_1_58' title='bbox 278 451 400 487; x_wconf 73' lang='grc' dir='ltr'>Λάζαρος</span> <span class='ocrx_word' id='word_1_59' title='bbox 407 453 439 479; x_wconf 75' lang='grc' dir='ltr'>ἐκ</span> <span class='ocrx_word' id='word_1_60' title='bbox 454 454 567 488; x_wconf 81' lang='grc' dir='ltr'><strong>νεκρῶν⁸</strong></span> <span class='ocrx_word' id='word_1_61' title='bbox 581 455 597 490; x_wconf 82' lang='grc' dir='ltr'>ἡ</span> <span class='ocrx_word' id='word_1_62' title='bbox 612 454 639 480; x_wconf 83' lang='grc' dir='ltr'><em>δέ</em></span> <span class='ocrx_word' id='word_1_63' title='bbox 653 463 685 488; x_wconf 89' lang='grc' dir='ltr'><strong>γε</strong></span> <span class='ocrx_word' id='word_1_64' title='bbox 696 454 748 481; x_wconf 78' lang='grc' dir='ltr'>τῶν</span> <span class='ocrx_word' id='word_1_65' title='bbox 760 455 874 483; x_wconf 80' lang='grc' dir='ltr'><strong>ἀνοσίων</strong></span> 
     </span>
    </p>
   </div>
   <div class='ocr_carea' id='block_1_11' title="bbox 80 495 874 536">
    <p class='ocr_par' dir='ltr' id='par_1_11' title="bbox 80 495 874 536">
     <span class='ocr_line' id='line_1_11' title="bbox 80 495 874 536; baseline 0.008 -15"><span class='ocrx_word' id='word_1_66' title='bbox 80 495 222 522; x_wconf 83' lang='grc' dir='ltr'>Ἰουδαίων</span> <span class='ocrx_word' id='word_1_67' title='bbox 243 497 357 532; x_wconf 82' lang='grc' dir='ltr'>πληθὺς,</span> <span class='ocrx_word' id='word_1_68' title='bbox 377 498 435 533; x_wconf 78' lang='grc' dir='ltr'>ἦτοι</span> <span class='ocrx_word' id='word_1_69' title='bbox 455 499 484 525; x_wconf 78' lang='grc' dir='ltr'>τὺ</span> <span class='ocrx_word' id='word_1_70' title='bbox 500 499 554 526; x_wconf 82' lang='grc' dir='ltr'>τῶν</span> <span class='ocrx_word' id='word_1_71' title='bbox 566 501 723 536; x_wconf 78' lang='grc' dir='ltr'><strong>Φαρισαίων</strong></span> <span class='ocrx_word' id='word_1_72' title='bbox 748 501 874 536; x_wconf 81' lang='grc' dir='ltr'>θεομισὲς</span> 
     </span>
    </p>
   </div>
   <div class='ocr_carea' id='block_1_12' title="bbox 75 542 874 579">
    <p class='ocr_par' dir='ltr' id='par_1_12' title="bbox 75 542 874 579">
     <span class='ocr_line' id='line_1_12' title="bbox 75 542 874 579; baseline 0.008 -12"><span class='ocrx_word' id='word_1_73' title='bbox 75 542 275 577; x_wconf 71' lang='grc' dir='ltr'>ἐργαστήριον,</span> <span class='ocrx_word' id='word_1_74' title='bbox 292 543 452 578; x_wconf 77' lang='grc' dir='ltr'>συνήδρευον</span> <span class='ocrx_word' id='word_1_75' title='bbox 468 552 497 570; x_wconf 86' lang='grc' dir='ltr'><strong>τε</strong></span> <span class='ocrx_word' id='word_1_76' title='bbox 513 545 559 570; x_wconf 74' lang='grc' dir='ltr'><strong>καὶ</strong></span> <span class='ocrx_word' id='word_1_77' title='bbox 575 544 703 579; x_wconf 70' lang='grc' dir='ltr'>ἔφασκον·</span> <span class='ocrx_word' id='word_1_78' title='bbox 722 555 731 571; x_wconf 82' lang='grc' dir='ltr'><strong>ι</strong></span> <span class='ocrx_word' id='word_1_79' title='bbox 743 546 874 572; x_wconf 85' lang='grc' dir='ltr'>Τίποιοῦ-</span> 
     </span>
    </p>
   </div>
   <div class='ocr_carea' id='block_1_13' title="bbox 77 586 873 625">
    <p class='ocr_par' dir='ltr' id='par_1_13' title="bbox 77 586 873 625">
     <span class='ocr_line' id='line_1_13' title="bbox 77 586 873 625; baseline 0.005 -13"><span class='ocrx_word' id='word_1_80' title='bbox 77 595 145 622; x_wconf 84' lang='grc' dir='ltr'>μεν;</span> <span class='ocrx_word' id='word_1_81' title='bbox 160 587 204 613; x_wconf 76' lang='grc' dir='ltr'>ὅτι</span> <span class='ocrx_word' id='word_1_82' title='bbox 219 589 234 614; x_wconf 90' lang='lat'><strong>6</strong></span> <span class='ocrx_word' id='word_1_83' title='bbox 245 587 385 623; x_wconf 82' lang='grc' dir='ltr'>ἄνθρωπος</span> <span class='ocrx_word' id='word_1_84' title='bbox 400 586 476 620; x_wconf 74' lang='grc' dir='ltr'>οὗτος</span> <span class='ocrx_word' id='word_1_85' title='bbox 491 589 575 616; x_wconf 74' lang='grc' dir='ltr'>πολλὰ</span> <span class='ocrx_word' id='word_1_86' title='bbox 594 592 666 616; x_wconf 76' lang='grc' dir='ltr'>ποιεῖ</span> <span class='ocrx_word' id='word_1_87' title='bbox 683 592 791 625; x_wconf 86' lang='grc' dir='ltr'>σημεῖα.</span> <span class='ocrx_word' id='word_1_88' title='bbox 810 591 873 617; x_wconf 79' lang='grc' dir='ltr'>Ἐὰν</span> 
     </span>
    </p>
   </div>
   <div class='ocr_carea' id='block_1_14' title="bbox 76 633 873 671">
    <p class='ocr_par' dir='ltr' id='par_1_14' title="bbox 76 633 873 671">
     <span class='ocr_line' id='line_1_14' title="bbox 76 633 873 671; baseline 0.005 -12"><span class='ocrx_word' id='word_1_89' title='bbox 76 633 192 668; x_wconf 75' lang='grc' dir='ltr'>ἀφῶμεν</span> <span class='ocrx_word' id='word_1_90' title='bbox 218 634 301 660; x_wconf 73' lang='grc' dir='ltr'>αὑτὸν</span> <span class='ocrx_word' id='word_1_91' title='bbox 323 634 419 667; x_wconf 74' lang='grc' dir='ltr'>οὓτως,</span> <span class='ocrx_word' id='word_1_92' title='bbox 442 635 595 662; x_wconf 78' lang='grc' dir='ltr'><strong>ἐλεύσονται</strong></span> <span class='ocrx_word' id='word_1_93' title='bbox 619 637 644 662; x_wconf 88' lang='grc' dir='ltr'>οἱ</span> <span class='ocrx_word' id='word_1_94' title='bbox 671 637 810 671; x_wconf 84' lang='grc' dir='ltr'>Ῥωμαῖοι,</span> <span class='ocrx_word' id='word_1_95' title='bbox 825 637 873 663; x_wconf 79' lang='grc' dir='ltr'><strong>καὶ</strong></span> 
     </span>
    </p>
   </div>
   <div class='ocr_carea' id='block_1_15' title="bbox 77 678 873 716">
    <p class='ocr_par' dir='ltr' id='par_1_15' title="bbox 77 678 873 716">
     <span class='ocr_line' id='line_1_15' title="bbox 77 678 873 716; baseline 0.006 -12"><span class='ocrx_word' id='word_1_96' title='bbox 77 678 192 712; x_wconf 83' lang='grc' dir='ltr'>ἀροῦσιν</span> <span class='ocrx_word' id='word_1_97' title='bbox 210 679 292 714; x_wconf 83' lang='grc' dir='ltr'><strong>ἡμῶν</strong></span> <span class='ocrx_word' id='word_1_98' title='bbox 306 680 336 706; x_wconf 80' lang='grc' dir='ltr'>τὸ</span> <span class='ocrx_word' id='word_1_99' title='bbox 351 680 436 712; x_wconf 73' lang='grc' dir='ltr'>ἔθνος,</span> <span class='ocrx_word' id='word_1_100' title='bbox 456 681 502 707; x_wconf 75' lang='grc' dir='ltr'><strong>καὶ</strong></span> <span class='ocrx_word' id='word_1_101' title='bbox 517 681 564 716; x_wconf 84' lang='grc' dir='ltr'>τὴν</span> <span class='ocrx_word' id='word_1_102' title='bbox 580 681 680 716; x_wconf 85' lang='grc' dir='ltr'>χώραν.</span> <span class='ocrx_word' id='word_1_103' title='bbox 707 680 753 713; x_wconf 74' lang='grc' dir='ltr'><strong>Εἲς</strong></span> <span class='ocrx_word' id='word_1_104' title='bbox 779 683 808 708; x_wconf 83' lang='grc' dir='ltr'><strong>δέ</strong></span> <span class='ocrx_word' id='word_1_105' title='bbox 832 692 873 715; x_wconf 81' lang='grc' dir='ltr'><strong>τις</strong></span> 
     </span>
    </p>
   </div>
   <div class='ocr_carea' id='block_1_16' title="bbox 78 723 871 761">
    <p class='ocr_par' dir='ltr' id='par_1_16' title="bbox 78 723 871 761">
     <span class='ocr_line' id='line_1_16' title="bbox 78 723 871 761; baseline 0.005 -11"><span class='ocrx_word' id='word_1_106' title='bbox 78 723 106 756; x_wconf 74' lang='grc' dir='ltr'>ἐξ</span> <span class='ocrx_word' id='word_1_107' title='bbox 120 724 214 750; x_wconf 75' lang='grc' dir='ltr'>αὐτῶν</span> <span class='ocrx_word' id='word_1_108' title='bbox 228 725 355 759; x_wconf 81' lang='grc' dir='ltr'><strong>Καϊάφας</strong></span> <span class='ocrx_word' id='word_1_109' title='bbox 367 724 443 752; x_wconf 80' lang='grc' dir='ltr'>εἶπεν</span> <span class='ocrx_word' id='word_1_110' title='bbox 467 726 557 757; x_wconf 86' lang='grc' dir='ltr'>αὐτοῖς</span> <span class='ocrx_word' id='word_1_111' title='bbox 570 734 577 740; x_wconf 91' lang='grc'><strong>·</strong></span> <span class='ocrx_word' id='word_1_112' title='bbox 600 727 694 761; x_wconf 84' lang='grc' dir='ltr'><strong>Ὑμεῖς</strong></span> <span class='ocrx_word' id='word_1_113' title='bbox 716 727 765 753; x_wconf 79' lang='grc' dir='ltr'>οὐκ</span> <span class='ocrx_word' id='word_1_114' title='bbox 782 727 871 754; x_wconf 72' lang='grc' dir='ltr'>οἴδατε</span> 
     </span>
    </p>
   </div>
   <div class='ocr_carea' id='block_1_17' title="bbox 78 769 870 809">
    <p class='ocr_par' dir='ltr' id='par_1_17' title="bbox 78 769 870 809">
     <span class='ocr_line' id='line_1_17' title="bbox 78 769 870 809; baseline 0.005 -14"><span class='ocrx_word' id='word_1_115' title='bbox 78 769 163 801; x_wconf 72' lang='grc' dir='ltr'>οὐδὲν,</span> <span class='ocrx_word' id='word_1_116' title='bbox 178 769 220 796; x_wconf 77' lang='grc' dir='ltr'><strong>ὅτι</strong></span> <span class='ocrx_word' id='word_1_117' title='bbox 235 770 369 805; x_wconf 77' lang='grc' dir='ltr'><strong>συμφέρει</strong></span> <span class='ocrx_word' id='word_1_118' title='bbox 383 772 449 806; x_wconf 82' lang='grc' dir='ltr'>ἡμῖν</span> <span class='ocrx_word' id='word_1_119' title='bbox 464 772 507 798; x_wconf 79' lang='grc' dir='ltr'>ἵνα</span> <span class='ocrx_word' id='word_1_120' title='bbox 528 769 569 803; x_wconf 73' lang='grc' dir='ltr'>εἷς</span> <span class='ocrx_word' id='word_1_121' title='bbox 591 771 733 807; x_wconf 79' lang='grc' dir='ltr'>ἄνθρωπος</span> <span class='ocrx_word' id='word_1_122' title='bbox 748 773 870 809; x_wconf 79' lang='grc' dir='ltr'>ἀποθάνῃ</span> 
     </span>
    </p>
   </div>
   <div class='ocr_carea' id='block_1_18' title="bbox 79 815 867 853">
    <p class='ocr_par' dir='ltr' id='par_1_18' title="bbox 79 815 867 853">
     <span class='ocr_line' id='line_1_18' title="bbox 79 815 867 853; baseline 0.005 -12"><span class='ocrx_word' id='word_1_123' title='bbox 79 816 147 851; x_wconf 79' lang='grc' dir='ltr'>ὑπὲρ</span> <span class='ocrx_word' id='word_1_124' title='bbox 160 815 211 842; x_wconf 85' lang='grc' dir='ltr'><strong>τοῦ</strong></span> <span class='ocrx_word' id='word_1_125' title='bbox 245 816 320 849; x_wconf 86' lang='grc' dir='ltr'>λαοῦ,</span> <span class='ocrx_word' id='word_1_126' title='bbox 339 817 385 843; x_wconf 77' lang='grc' dir='ltr'>καὶ</span> <span class='ocrx_word' id='word_1_127' title='bbox 411 817 447 853; x_wconf 83' lang='grc' dir='ltr'>μὴ</span> <span class='ocrx_word' id='word_1_128' title='bbox 471 817 530 844; x_wconf 82' lang='grc' dir='ltr'>ὅλον</span> <span class='ocrx_word' id='word_1_129' title='bbox 551 817 581 844; x_wconf 75' lang='grc' dir='ltr'>τὸ</span> <span class='ocrx_word' id='word_1_130' title='bbox 605 817 681 849; x_wconf 77' lang='grc' dir='ltr'>ἔθνος</span> <span class='ocrx_word' id='word_1_131' title='bbox 700 818 843 853; x_wconf 74' lang='grc' dir='ltr'>ἀπόληται.</span> <span class='ocrx_word' id='word_1_132' title='bbox 858 827 867 844; x_wconf 76' lang='grc' dir='ltr'><strong>ι</strong></span> 
     </span>
    </p>
   </div>
   <div class='ocr_carea' id='block_1_19' title="bbox 79 860 869 899">
    <p class='ocr_par' dir='ltr' id='par_1_19' title="bbox 79 860 869 899">
     <span class='ocr_line' id='line_1_19' title="bbox 79 860 869 899; baseline 0.005 -12"><span class='ocrx_word' id='word_1_133' title='bbox 79 860 144 888; x_wconf 81' lang='grc' dir='ltr'>Εἶτα</span> <span class='ocrx_word' id='word_1_134' title='bbox 158 861 269 894; x_wconf 77' lang='grc' dir='ltr'><strong>τούτοις</strong></span> <span class='ocrx_word' id='word_1_135' title='bbox 287 863 426 898; x_wconf 79' lang='grc' dir='ltr'><strong>ἐπήγαγεν</strong></span> <span class='ocrx_word' id='word_1_136' title='bbox 443 863 524 894; x_wconf 78' lang='grc' dir='ltr'>εὐθὺς</span> <span class='ocrx_word' id='word_1_137' title='bbox 547 864 561 890; x_wconf 90' lang='lat'><strong>6</strong></span> <span class='ocrx_word' id='word_1_138' title='bbox 584 863 726 896; x_wconf 79' lang='grc' dir='ltr'><strong>θεσπέσιος</strong></span> <span class='ocrx_word' id='word_1_139' title='bbox 752 865 869 899; x_wconf 83' lang='grc' dir='ltr'>εὐαγγε-</span> 
     </span>
    </p>
   </div>
   <div class='ocr_carea' id='block_1_20' title="bbox 79 898 906 945">
    <p class='ocr_par' dir='ltr' id='par_1_20' title="bbox 79 898 906 945">
     <span class='ocr_line' id='line_1_20' title="bbox 79 898 906 945; baseline 0.006 -13"><span class='ocrx_word' id='word_1_140' title='bbox 79 907 172 941; x_wconf 78' lang='grc' dir='ltr'>λιστής</span> <span class='ocrx_word' id='word_1_141' title='bbox 184 916 191 922; x_wconf 89' lang='grc'><strong>·</strong></span> <span class='ocrx_word' id='word_1_142' title='bbox 210 917 220 932; x_wconf 78' lang='grc' dir='ltr'>σ</span> <span class='ocrx_word' id='word_1_143' title='bbox 234 908 326 934; x_wconf 86' lang='grc' dir='ltr'>Ταῦτα</span> <span class='ocrx_word' id='word_1_144' title='bbox 340 909 368 934; x_wconf 81' lang='grc' dir='ltr'><strong>δὲ</strong></span> <span class='ocrx_word' id='word_1_145' title='bbox 383 909 430 942; x_wconf 83' lang='grc' dir='ltr'><strong>ἀφ’</strong></span> <span class='ocrx_word' id='word_1_146' title='bbox 441 909 537 936; x_wconf 79' lang='grc' dir='ltr'>ἑαυτοῦ</span> <span class='ocrx_word' id='word_1_147' title='bbox 549 910 598 936; x_wconf 80' lang='grc' dir='ltr'>οὐκ</span> <span class='ocrx_word' id='word_1_148' title='bbox 608 907 693 941; x_wconf 75' lang='grc' dir='ltr'>εἶπεν,</span> <span class='ocrx_word' id='word_1_149' title='bbox 710 910 767 936; x_wconf 81' lang='grc' dir='ltr'>ἀλλ’</span> <span class='ocrx_word' id='word_1_150' title='bbox 778 898 870 945; x_wconf 78' lang='grc' dir='ltr'>ἀρχιε-</span> <span class='ocrx_word' id='word_1_151' title='bbox 887 898 906 925; x_wconf 74' lang='grc' dir='ltr'><strong><em>Β</em></strong></span> 
     </span>
    </p>
   </div>
   <div class='ocr_carea' id='block_1_21' title="bbox 83 953 869 991">
    <p class='ocr_par' dir='ltr' id='par_1_21' title="bbox 83 953 869 991">
     <span class='ocr_line' id='line_1_21' title="bbox 83 953 869 991; baseline 0.005 -12"><span class='ocrx_word' id='word_1_152' title='bbox 83 954 144 987; x_wconf 60' lang='lat' dir='ltr'><strong>psit;</strong></span> <span class='ocrx_word' id='word_1_153' title='bbox 170 953 210 979; x_wconf 84' lang='grc' dir='ltr'><strong>ὢν</strong></span> <span class='ocrx_word' id='word_1_154' title='bbox 238 953 286 980; x_wconf 87' lang='grc' dir='ltr'><strong>τοῦ</strong></span> <span class='ocrx_word' id='word_1_155' title='bbox 308 954 433 980; x_wconf 77' lang='grc' dir='ltr'><strong>ἐνιαυτοῦ</strong></span> <span class='ocrx_word' id='word_1_156' title='bbox 464 955 569 982; x_wconf 79' lang='grc' dir='ltr'>ἐκείνου</span> <span class='ocrx_word' id='word_1_157' title='bbox 593 956 807 991; x_wconf 77' lang='grc' dir='ltr'><strong>προεφήτευσεν,</strong></span> <span class='ocrx_word' id='word_1_158' title='bbox 829 957 869 983; x_wconf 80' lang='grc' dir='ltr'>ὅτι</span> 
     </span>
    </p>
   </div>
   <div class='ocr_carea' id='block_1_22' title="bbox 80 999 870 1036">
    <p class='ocr_par' dir='ltr' id='par_1_22' title="bbox 80 999 870 1036">
     <span class='ocr_line' id='line_1_22' title="bbox 80 999 870 1036; baseline 0.005 -12"><span class='ocrx_word' id='word_1_159' title='bbox 80 999 190 1033; x_wconf 75' lang='grc' dir='ltr'>ἔμελλεν</span> <span class='ocrx_word' id='word_1_160' title='bbox 208 1000 224 1026; x_wconf 81' lang='lat'><strong>6</strong></span> <span class='ocrx_word' id='word_1_161' title='bbox 246 999 349 1034; x_wconf 78' lang='grc' dir='ltr'>Ἰησοῦς</span> <span class='ocrx_word' id='word_1_162' title='bbox 364 1001 546 1036; x_wconf 79' lang='grc' dir='ltr'><strong>ἀποθνήσκειν</strong></span> <span class='ocrx_word' id='word_1_163' title='bbox 560 1002 628 1036; x_wconf 77' lang='grc' dir='ltr'>ὑπὲρ</span> <span class='ocrx_word' id='word_1_164' title='bbox 645 1001 690 1028; x_wconf 82' lang='grc' dir='ltr'><strong>τοῦ</strong></span> <span class='ocrx_word' id='word_1_165' title='bbox 705 1001 807 1033; x_wconf 81' lang='grc' dir='ltr'>ἔθνους,</span> <span class='ocrx_word' id='word_1_166' title='bbox 824 1002 870 1028; x_wconf 70' lang='grc' dir='ltr'><strong>καὶ</strong></span> 
     </span>
    </p>
   </div>
   <div class='ocr_carea' id='block_1_23' title="bbox 81 1044 870 1080">
    <p class='ocr_par' dir='ltr' id='par_1_23' title="bbox 81 1044 870 1080">
     <span class='ocr_line' id='line_1_23' title="bbox 81 1044 870 1080; baseline 0.005 -11"><span class='ocrx_word' id='word_1_167' title='bbox 81 1044 127 1078; x_wconf 77' lang='grc' dir='ltr'><strong>οὐχ</strong></span> <span class='ocrx_word' id='word_1_168' title='bbox 143 1044 216 1078; x_wconf 85' lang='grc' dir='ltr'>ὑπὲρ</span> <span class='ocrx_word' id='word_1_169' title='bbox 237 1044 285 1070; x_wconf 87' lang='grc' dir='ltr'><strong>τοῦ</strong></span> <span class='ocrx_word' id='word_1_170' title='bbox 306 1044 399 1077; x_wconf 76' lang='grc' dir='ltr'>ἔθνους</span> <span class='ocrx_word' id='word_1_171' title='bbox 419 1046 509 1080; x_wconf 84' lang='grc' dir='ltr'>μόνον,</span> <span class='ocrx_word' id='word_1_172' title='bbox 529 1046 586 1072; x_wconf 81' lang='grc' dir='ltr'>ἀλλ’</span> <span class='ocrx_word' id='word_1_173' title='bbox 604 1046 646 1073; x_wconf 82' lang='grc' dir='ltr'><strong>ἵνα</strong></span> <span class='ocrx_word' id='word_1_174' title='bbox 668 1046 763 1073; x_wconf 75' lang='grc' dir='ltr'>καὶτὰ</span> <span class='ocrx_word' id='word_1_175' title='bbox 787 1047 870 1073; x_wconf 80' lang='grc' dir='ltr'>τέκνα</span> 
     </span>
    </p>
   </div>
   <div class='ocr_carea' id='block_1_24' title="bbox 81 1089 870 1127">
    <p class='ocr_par' dir='ltr' id='par_1_24' title="bbox 81 1089 870 1127">
     <span class='ocr_line' id='line_1_24' title="bbox 81 1089 870 1127; baseline 0.004 -12"><span class='ocrx_word' id='word_1_176' title='bbox 81 1089 124 1116; x_wconf 86' lang='grc' dir='ltr'><strong>τοῦ</strong></span> <span class='ocrx_word' id='word_1_177' title='bbox 139 1089 208 1116; x_wconf 83' lang='grc' dir='ltr'>Θεοῦ</span> <span class='ocrx_word' id='word_1_178' title='bbox 223 1091 428 1126; x_wconf 75' lang='grc' dir='ltr'>ἐσκορπισμένα</span> <span class='ocrx_word' id='word_1_179' title='bbox 443 1092 582 1127; x_wconf 78' lang='grc' dir='ltr'>συναγάγῃ</span> <span class='ocrx_word' id='word_1_180' title='bbox 602 1093 642 1124; x_wconf 80' lang='grc' dir='ltr'>εἰς</span> <span class='ocrx_word' id='word_1_181' title='bbox 650 1092 705 1118; x_wconf 71' lang='grc' dir='ltr'><strong>ἓν.»</strong></span> <span class='ocrx_word' id='word_1_182' title='bbox 723 1092 803 1118; x_wconf 80' lang='grc' dir='ltr'>Ὅσον</span> <span class='ocrx_word' id='word_1_183' title='bbox 822 1093 870 1127; x_wconf 83' lang='grc' dir='ltr'><strong>μὲν</strong></span> 
     </span>
    </p>
   </div>
   <div class='ocr_carea' id='block_1_25' title="bbox 84 1133 868 1173">
    <p class='ocr_par' dir='ltr' id='par_1_25' title="bbox 84 1133 868 1173">
     <span class='ocr_line' id='line_1_25' title="bbox 84 1133 868 1173; baseline 0.003 -12"><span class='ocrx_word' id='word_1_184' title='bbox 84 1136 135 1171; x_wconf 72' lang='grc' dir='ltr'><strong>γὰρ</strong></span> <span class='ocrx_word' id='word_1_185' title='bbox 147 1133 216 1170; x_wconf 78' lang='grc' dir='ltr'>ἧκεν</span> <span class='ocrx_word' id='word_1_186' title='bbox 229 1136 271 1167; x_wconf 83' lang='grc' dir='ltr'><strong>είς</strong></span> <span class='ocrx_word' id='word_1_187' title='bbox 287 1136 335 1171; x_wconf 85' lang='grc' dir='ltr'>τὴν</span> <span class='ocrx_word' id='word_1_188' title='bbox 358 1137 387 1162; x_wconf 80' lang='grc' dir='ltr'>ἐν</span> <span class='ocrx_word' id='word_1_189' title='bbox 412 1137 509 1172; x_wconf 76' lang='grc' dir='ltr'>ἀρχαῖς</span> <span class='ocrx_word' id='word_1_190' title='bbox 526 1137 572 1164; x_wconf 87' lang='grc' dir='ltr'><strong>τοῦ</strong></span> <span class='ocrx_word' id='word_1_191' title='bbox 594 1137 737 1173; x_wconf 83' lang='grc' dir='ltr'>ἀνθρώπου</span> <span class='ocrx_word' id='word_1_192' title='bbox 751 1138 868 1173; x_wconf 79' lang='grc' dir='ltr'><strong>ποίησιν,</strong></span> 
     </span>
    </p>
   </div>
   <div class='ocr_carea' id='block_1_26' title="bbox 84 1182 871 1218">
    <p class='ocr_par' dir='ltr' id='par_1_26' title="bbox 84 1182 871 1218">
     <span class='ocr_line' id='line_1_26' title="bbox 84 1182 871 1218; baseline 0.003 -10"><span class='ocrx_word' id='word_1_193' title='bbox 84 1183 127 1208; x_wconf 72' lang='grc' dir='ltr'>καὶ</span> <span class='ocrx_word' id='word_1_194' title='bbox 149 1182 195 1208; x_wconf 81' lang='grc' dir='ltr'><strong>τὸν</strong></span> <span class='ocrx_word' id='word_1_195' title='bbox 221 1182 267 1209; x_wconf 78' lang='grc' dir='ltr'><strong>ἐπ’</strong></span> <span class='ocrx_word' id='word_1_196' title='bbox 291 1182 366 1218; x_wconf 81' lang='grc' dir='ltr'>αὑτῷ</span> <span class='ocrx_word' id='word_1_197' title='bbox 392 1184 492 1210; x_wconf 81' lang='grc' dir='ltr'>σκοπὸν</span> <span class='ocrx_word' id='word_1_198' title='bbox 519 1183 566 1210; x_wconf 85' lang='grc' dir='ltr'><strong>τοῦ</strong></span> <span class='ocrx_word' id='word_1_199' title='bbox 591 1185 803 1218; x_wconf 76' lang='grc' dir='ltr'>παρενεγκόντος</span> <span class='ocrx_word' id='word_1_200' title='bbox 831 1186 871 1216; x_wconf 84' lang='grc' dir='ltr'>εἰς</span> 
     </span>
    </p>
   </div>
   <div class='ocr_carea' id='block_1_27' title="bbox 85 1227 870 1265">
    <p class='ocr_par' dir='ltr' id='par_1_27' title="bbox 85 1227 870 1265">
     <span class='ocr_line' id='line_1_27' title="bbox 85 1227 870 1265; baseline 0.005 -12"><span class='ocrx_word' id='word_1_201' title='bbox 85 1227 212 1263; x_wconf 74' lang='grc' dir='ltr'>ὓπαρξιν,</span> <span class='ocrx_word' id='word_1_202' title='bbox 234 1228 443 1261; x_wconf 79' lang='grc' dir='ltr'>τέκναᾶπαντες</span> <span class='ocrx_word' id='word_1_203' title='bbox 467 1227 538 1265; x_wconf 85' lang='grc' dir='ltr'>ἦσαν</span> <span class='ocrx_word' id='word_1_204' title='bbox 562 1230 656 1257; x_wconf 83' lang='grc' dir='ltr'>αὐτοῦ.</span> <span class='ocrx_word' id='word_1_205' title='bbox 680 1231 870 1257; x_wconf 81' lang='grc' dir='ltr'>Κατεσκέδασε</span> 
     </span>
    </p>
   </div>
   <div class='ocr_carea' id='block_1_28' title="bbox 84 1273 870 1311">
    <p class='ocr_par' dir='ltr' id='par_1_28' title="bbox 84 1273 870 1311">
     <span class='ocr_line' id='line_1_28' title="bbox 84 1273 870 1311; baseline 0.005 -12"><span class='ocrx_word' id='word_1_206' title='bbox 84 1273 116 1303; x_wconf 83' lang='grc' dir='ltr'><strong>δ’.</strong></span> <span class='ocrx_word' id='word_1_207' title='bbox 135 1274 173 1305; x_wconf 83' lang='grc' dir='ltr'><strong>ὡς</strong></span> <span class='ocrx_word' id='word_1_208' title='bbox 199 1273 281 1309; x_wconf 77' lang='grc' dir='ltr'>ἔφην,</span> <span class='ocrx_word' id='word_1_209' title='bbox 304 1274 426 1306; x_wconf 74' lang='grc' dir='ltr'>ἅπαντας</span> <span class='ocrx_word' id='word_1_210' title='bbox 453 1276 467 1301; x_wconf 87' lang='lat'><strong>6</strong></span> <span class='ocrx_word' id='word_1_211' title='bbox 490 1277 614 1308; x_wconf 75' lang='grc' dir='ltr'><strong>Σατανᾶς</strong></span> <span class='ocrx_word' id='word_1_212' title='bbox 637 1278 676 1308; x_wconf 83' lang='grc' dir='ltr'><strong>εἰς</strong></span> <span class='ocrx_word' id='word_1_213' title='bbox 703 1276 870 1311; x_wconf 72' lang='grc' dir='ltr'><strong>πολύτροπον</strong></span> 
     </span>
    </p>
   </div>
   <div class='ocr_carea' id='block_1_29' title="bbox 86 1320 871 1358">
    <p class='ocr_par' dir='ltr' id='par_1_29' title="bbox 86 1320 871 1358">
     <span class='ocr_line' id='line_1_29' title="bbox 86 1320 871 1358; baseline 0.005 -13"><span class='ocrx_word' id='word_1_214' title='bbox 86 1320 229 1354; x_wconf 72' lang='grc' dir='ltr'><strong>ἁμαρτίαν,</strong></span> <span class='ocrx_word' id='word_1_215' title='bbox 254 1320 457 1356; x_wconf 74' lang='grc' dir='ltr'>ἀπεϐουκόλησὲ</span> <span class='ocrx_word' id='word_1_216' title='bbox 479 1330 508 1348; x_wconf 78' lang='grc' dir='ltr'><strong>τε</strong></span> <span class='ocrx_word' id='word_1_217' title='bbox 521 1322 572 1357; x_wconf 80' lang='grc' dir='ltr'><strong>τῆς</strong></span> <span class='ocrx_word' id='word_1_218' title='bbox 596 1323 663 1358; x_wconf 76' lang='grc' dir='ltr'>πρὸς</span> <span class='ocrx_word' id='word_1_219' title='bbox 679 1323 759 1349; x_wconf 78' lang='grc' dir='ltr'>αὑτὸν</span> <span class='ocrx_word' id='word_1_220' title='bbox 773 1324 871 1349; x_wconf 79' lang='grc' dir='ltr'>οἰκειό-</span> 
     </span>
    </p>
   </div>
   <div class='ocr_carea' id='block_1_30' title="bbox 86 1365 870 1404">
    <p class='ocr_par' dir='ltr' id='par_1_30' title="bbox 86 1365 870 1404">
     <span class='ocr_line' id='line_1_30' title="bbox 86 1365 870 1404; baseline 0.006 -14"><span class='ocrx_word' id='word_1_221' title='bbox 86 1373 160 1399; x_wconf 81' lang='grc' dir='ltr'>τητος</span> <span class='ocrx_word' id='word_1_222' title='bbox 174 1365 348 1399; x_wconf 85' lang='grc' dir='ltr'>κατενεγκὼν</span> <span class='ocrx_word' id='word_1_223' title='bbox 369 1367 409 1398; x_wconf 80' lang='grc' dir='ltr'>εἰς</span> <span class='ocrx_word' id='word_1_224' title='bbox 425 1367 558 1402; x_wconf 78' lang='grc' dir='ltr'><strong>πλάνησιν</strong></span> <span class='ocrx_word' id='word_1_225' title='bbox 578 1377 583 1383; x_wconf 93' lang='grc'>·</span> <span class='ocrx_word' id='word_1_226' title='bbox 601 1368 670 1404; x_wconf 84' lang='grc' dir='ltr'>πλὴν</span> <span class='ocrx_word' id='word_1_227' title='bbox 694 1369 870 1404; x_wconf 80' lang='grc' dir='ltr'>συνεκόμισεν</span> 
     </span>
    </p>
   </div>
   <div class='ocr_carea' id='block_1_31' title="bbox 87 1410 869 1449">
    <p class='ocr_par' dir='ltr' id='par_1_31' title="bbox 87 1410 869 1449">
     <span class='ocr_line' id='line_1_31' title="bbox 87 1410 869 1449; baseline 0.005 -12"><span class='ocrx_word' id='word_1_228' title='bbox 87 1410 204 1442; x_wconf 72' lang='grc' dir='ltr'>ἅπαντας</span> <span class='ocrx_word' id='word_1_229' title='bbox 217 1413 231 1438; x_wconf 84' lang='grc' dir='ltr'>ὁ</span> <span class='ocrx_word' id='word_1_230' title='bbox 247 1412 372 1446; x_wconf 74' lang='grc' dir='ltr'>Χριστός.</span> <span class='ocrx_word' id='word_1_231' title='bbox 389 1410 473 1439; x_wconf 85' lang='grc' dir='ltr'>Ἦλθε</span> <span class='ocrx_word' id='word_1_232' title='bbox 486 1413 539 1449; x_wconf 77' lang='grc' dir='ltr'><strong>γὰρ</strong></span> <span class='ocrx_word' id='word_1_233' title='bbox 552 1413 667 1449; x_wconf 82' lang='grc' dir='ltr'>ζητῆσαι</span> <span class='ocrx_word' id='word_1_234' title='bbox 681 1414 710 1440; x_wconf 80' lang='grc' dir='ltr'><strong>τὸ</strong></span> <span class='ocrx_word' id='word_1_235' title='bbox 722 1414 869 1445; x_wconf 77' lang='grc' dir='ltr'>ἀπολωλός.</span> 
     </span>
    </p>
   </div>
   <div class='ocr_carea' id='block_1_32' title="bbox 88 1457 868 1496">
    <p class='ocr_par' dir='ltr' id='par_1_32' title="bbox 88 1457 868 1496">
     <span class='ocr_line' id='line_1_32' title="bbox 88 1457 868 1496; baseline 0.005 -13"><span class='ocrx_word' id='word_1_236' title='bbox 88 1457 167 1484; x_wconf 84' lang='grc' dir='ltr'>Τοῦτό</span> <span class='ocrx_word' id='word_1_237' title='bbox 190 1466 232 1484; x_wconf 86' lang='grc' dir='ltr'><strong>τοι</strong></span> <span class='ocrx_word' id='word_1_238' title='bbox 254 1459 302 1485; x_wconf 74' lang='grc' dir='ltr'>καὶ</span> <span class='ocrx_word' id='word_1_239' title='bbox 325 1458 368 1485; x_wconf 74' lang='grc' dir='ltr'>διὰ</span> <span class='ocrx_word' id='word_1_240' title='bbox 392 1459 446 1486; x_wconf 86' lang='grc' dir='ltr'><strong>τῶν</strong></span> <span class='ocrx_word' id='word_1_241' title='bbox 475 1460 663 1495; x_wconf 82' lang='grc' dir='ltr'>προκειμένων</span> <span class='ocrx_word' id='word_1_242' title='bbox 696 1461 868 1496; x_wconf 83' lang='grc' dir='ltr'>σημαίνεται.</span> 
     </span>
    </p>
   </div>
   <div class='ocr_carea' id='block_1_33' title="bbox 93 1503 872 1540">
    <p class='ocr_par' dir='ltr' id='par_1_33' title="bbox 93 1503 872 1540">
     <span class='ocr_line' id='line_1_33' title="bbox 93 1503 872 1540; baseline 0.004 -10"><span class='ocrx_word' id='word_1_243' title='bbox 93 1503 278 1539; x_wconf 84' lang='grc' dir='ltr'>Ὑπισχνείται</span> <span class='ocrx_word' id='word_1_244' title='bbox 290 1504 344 1540; x_wconf 78' lang='grc' dir='ltr'>γὰρ</span> <span class='ocrx_word' id='word_1_245' title='bbox 355 1506 388 1540; x_wconf 82' lang='grc' dir='ltr'>τῇ</span> <span class='ocrx_word' id='word_1_246' title='bbox 400 1505 429 1538; x_wconf 79' lang='grc' dir='ltr'>ἐξ</span> <span class='ocrx_word' id='word_1_247' title='bbox 443 1505 529 1532; x_wconf 80' lang='grc' dir='ltr'>ἐθνῶν</span> <span class='ocrx_word' id='word_1_248' title='bbox 552 1514 582 1532; x_wconf 84' lang='grc' dir='ltr'><strong>τε</strong></span> <span class='ocrx_word' id='word_1_249' title='bbox 596 1506 643 1532; x_wconf 70' lang='grc' dir='ltr'><strong>καὶ</strong></span> <span class='ocrx_word' id='word_1_250' title='bbox 664 1506 798 1533; x_wconf 82' lang='grc' dir='ltr'><strong>Ἰουδαίων</strong></span> <span class='ocrx_word' id='word_1_251' title='bbox 813 1515 872 1533; x_wconf 83' lang='grc' dir='ltr'>συν·</span> 
     </span>
    </p>
   </div>
   <div class='ocr_carea' id='block_1_34' title="bbox 89 1550 870 1587">
    <p class='ocr_par' dir='ltr' id='par_1_34' title="bbox 89 1550 870 1587">
     <span class='ocr_line' id='line_1_34' title="bbox 89 1550 870 1587; baseline 0.003 -11"><span class='ocrx_word' id='word_1_252' title='bbox 89 1550 261 1586; x_wconf 83' lang='grc' dir='ltr'>εγηγερμένῃ</span> <span class='ocrx_word' id='word_1_253' title='bbox 273 1552 427 1585; x_wconf 82' lang='grc' dir='ltr'><strong>συναγωγῇ,</strong></span> <span class='ocrx_word' id='word_1_254' title='bbox 439 1551 520 1586; x_wconf 78' lang='grc' dir='ltr'>ἧγουν</span> <span class='ocrx_word' id='word_1_255' title='bbox 540 1551 681 1587; x_wconf 81' lang='grc' dir='ltr'>ἐκκλησίᾳ,</span> <span class='ocrx_word' id='word_1_256' title='bbox 696 1553 870 1587; x_wconf 77' lang='grc' dir='ltr'>συγκομίζειν</span> 
     </span>
    </p>
   </div>
   <div class='ocr_carea' id='block_1_35' title="bbox 88 1594 872 1632">
    <p class='ocr_par' dir='ltr' id='par_1_35' title="bbox 88 1594 872 1632">
     <span class='ocr_line' id='line_1_35' title="bbox 88 1594 872 1632; baseline 0.005 -12"><span class='ocrx_word' id='word_1_257' title='bbox 88 1594 203 1625; x_wconf 74' lang='grc' dir='ltr'>ἅπαντας</span> <span class='ocrx_word' id='word_1_258' title='bbox 220 1595 285 1626; x_wconf 76' lang='grc' dir='ltr'>τοὺς</span> <span class='ocrx_word' id='word_1_259' title='bbox 299 1595 327 1628; x_wconf 76' lang='grc' dir='ltr'>ἐξ</span> <span class='ocrx_word' id='word_1_260' title='bbox 341 1595 406 1629; x_wconf 69' lang='grc' dir='ltr'>ἠοῦς</span> <span class='ocrx_word' id='word_1_261' title='bbox 420 1597 460 1628; x_wconf 81' lang='grc' dir='ltr'>εἰς</span> <span class='ocrx_word' id='word_1_262' title='bbox 475 1596 561 1629; x_wconf 80' lang='grc' dir='ltr'>δύσιν,</span> <span class='ocrx_word' id='word_1_263' title='bbox 581 1597 628 1622; x_wconf 64' lang='grc' dir='ltr'>καὶ</span> <span class='ocrx_word' id='word_1_264' title='bbox 652 1597 683 1623; x_wconf 84' lang='grc' dir='ltr'>ἐκ</span> <span class='ocrx_word' id='word_1_265' title='bbox 702 1597 802 1632; x_wconf 73' lang='grc' dir='ltr'>Βορῤἄ,</span> <span class='ocrx_word' id='word_1_266' title='bbox 825 1598 872 1624; x_wconf 78' lang='grc' dir='ltr'><strong>καὶ</strong></span> 
     </span>
    </p>
   </div>
   <div class='ocr_carea' id='block_1_36' title="bbox 90 1640 871 1678">
    <p class='ocr_par' dir='ltr' id='par_1_36' title="bbox 90 1640 871 1678">
     <span class='ocr_line' id='line_1_36' title="bbox 90 1640 871 1678; baseline 0.005 -12"><span class='ocrx_word' id='word_1_267' title='bbox 90 1640 174 1672; x_wconf 74' lang='grc' dir='ltr'>Λιὸδς,</span> <span class='ocrx_word' id='word_1_268' title='bbox 187 1641 247 1676; x_wconf 77' lang='grc' dir='ltr'>ἦτοι</span> <span class='ocrx_word' id='word_1_269' title='bbox 263 1642 360 1673; x_wconf 83' lang='grc' dir='ltr'>Νότου,</span> <span class='ocrx_word' id='word_1_270' title='bbox 374 1642 417 1669; x_wconf 80' lang='grc' dir='ltr'>ἵνα</span> <span class='ocrx_word' id='word_1_271' title='bbox 432 1642 555 1669; x_wconf 75' lang='grc' dir='ltr'>ἐντεῦθεν</span> <span class='ocrx_word' id='word_1_272' title='bbox 569 1643 662 1678; x_wconf 79' lang='grc' dir='ltr'>ὲννοῇς</span> <span class='ocrx_word' id='word_1_273' title='bbox 683 1643 713 1669; x_wconf 76' lang='grc' dir='ltr'><strong>τὸ</strong></span> <span class='ocrx_word' id='word_1_274' title='bbox 727 1644 759 1669; x_wconf 83' lang='grc' dir='ltr'>ὲκ</span> <span class='ocrx_word' id='word_1_275' title='bbox 772 1644 871 1675; x_wconf 82' lang='grc' dir='ltr'>παντὸς</span> 
     </span>
    </p>
   </div>
   <div class='ocr_carea' id='block_1_37' title="bbox 89 1685 871 1723">
    <p class='ocr_par' dir='ltr' id='par_1_37' title="bbox 89 1685 871 1723">
     <span class='ocr_line' id='line_1_37' title="bbox 89 1685 871 1723; baseline 0.004 -11"><span class='ocrx_word' id='word_1_276' title='bbox 89 1685 214 1721; x_wconf 78' lang='grc' dir='ltr'>κλίματος</span> <span class='ocrx_word' id='word_1_277' title='bbox 241 1688 293 1722; x_wconf 79' lang='grc' dir='ltr'>τῆς</span> <span class='ocrx_word' id='word_1_278' title='bbox 317 1687 361 1714; x_wconf 77' lang='grc' dir='ltr'><strong>ὑπ’</strong></span> <span class='ocrx_word' id='word_1_279' title='bbox 386 1688 509 1723; x_wconf 73' lang='grc' dir='ltr'>οὐρανόν.</span> <span class='ocrx_word' id='word_1_280' title='bbox 543 1688 612 1719; x_wconf 79' lang='grc' dir='ltr'><strong>Ἠὼς</strong></span> <span class='ocrx_word' id='word_1_281' title='bbox 637 1688 691 1723; x_wconf 85' lang='grc' dir='ltr'>γὰρ</span> <span class='ocrx_word' id='word_1_282' title='bbox 718 1689 764 1715; x_wconf 83' lang='grc' dir='ltr'>καὶ</span> <span class='ocrx_word' id='word_1_283' title='bbox 784 1689 871 1721; x_wconf 85' lang='grc' dir='ltr'>δύσις,</span> 
     </span>
    </p>
   </div>
   <div class='ocr_carea' id='block_1_38' title="bbox 92 1731 872 1769">
    <p class='ocr_par' dir='ltr' id='par_1_38' title="bbox 92 1731 872 1769">
     <span class='ocr_line' id='line_1_38' title="bbox 92 1731 872 1769; baseline 0.004 -11"><span class='ocrx_word' id='word_1_284' title='bbox 92 1731 194 1767; x_wconf 68' lang='grc' dir='ltr'>βορρᾶς,</span> <span class='ocrx_word' id='word_1_285' title='bbox 209 1734 260 1760; x_wconf 81' lang='grc' dir='ltr'>καὶ</span> <span class='ocrx_word' id='word_1_286' title='bbox 274 1733 369 1766; x_wconf 77' lang='grc' dir='ltr'>Νότος,</span> <span class='ocrx_word' id='word_1_287' title='bbox 384 1734 458 1760; x_wconf 76' lang='grc' dir='ltr'>τουτὶ</span> <span class='ocrx_word' id='word_1_288' title='bbox 468 1734 499 1769; x_wconf 83' lang='grc' dir='ltr'><strong>δή</strong></span> <span class='ocrx_word' id='word_1_289' title='bbox 513 1742 563 1760; x_wconf 90' lang='grc' dir='ltr'><strong>που</strong></span> <span class='ocrx_word' id='word_1_290' title='bbox 576 1734 685 1766; x_wconf 82' lang='grc' dir='ltr'>πάντως</span> <span class='ocrx_word' id='word_1_291' title='bbox 702 1735 769 1769; x_wconf 85' lang='grc' dir='ltr'>ἡμῖν</span> <span class='ocrx_word' id='word_1_292' title='bbox 785 1735 872 1769; x_wconf 87' lang='grc' dir='ltr'>ὑπεμ-</span> 
     </span>
    </p>
   </div>
   <div class='ocr_carea' id='block_1_39' title="bbox 91 1779 871 1815">
    <p class='ocr_par' dir='ltr' id='par_1_39' title="bbox 91 1779 871 1815">
     <span class='ocr_line' id='line_1_39' title="bbox 91 1779 871 1815; baseline 0.003 -11"><span class='ocrx_word' id='word_1_293' title='bbox 91 1779 192 1812; x_wconf 81' lang='grc' dir='ltr'>φήνειεν</span> <span class='ocrx_word' id='word_1_294' title='bbox 203 1779 247 1806; x_wconf 84' lang='grc' dir='ltr'><strong>ἄν·</strong></span> <span class='ocrx_word' id='word_1_295' title='bbox 265 1779 361 1813; x_wconf 78' lang='grc' dir='ltr'>λέγων·</span> <span class='ocrx_word' id='word_1_296' title='bbox 378 1780 445 1814; x_wconf 80' lang='grc' dir='ltr'>Ἀγε</span> <span class='ocrx_word' id='word_1_297' title='bbox 457 1780 519 1815; x_wconf 79' lang='grc' dir='ltr'>μὴν,</span> <span class='ocrx_word' id='word_1_298' title='bbox 535 1779 573 1815; x_wconf 86' lang='grc' dir='ltr'>τῷ</span> <span class='ocrx_word' id='word_1_299' title='bbox 588 1780 687 1815; x_wconf 66' lang='grc' dir='ltr'><strong>Βορρᾷ,</strong></span> <span class='ocrx_word' id='word_1_300' title='bbox 701 1779 740 1814; x_wconf 85' lang='grc' dir='ltr'>τῷ</span> <span class='ocrx_word' id='word_1_301' title='bbox 756 1779 783 1806; x_wconf 77' lang='grc' dir='ltr'><strong>δὲ</strong></span> <span class='ocrx_word' id='word_1_302' title='bbox 797 1780 871 1810; x_wconf 76' lang='grc' dir='ltr'><strong>Λιῦὶ,</strong></span> 
     </span>
    </p>
   </div>
   <div class='ocr_carea' id='block_1_40' title="bbox 91 1824 873 1860">
    <p class='ocr_par' dir='ltr' id='par_1_40' title="bbox 91 1824 873 1860">
     <span class='ocr_line' id='line_1_40' title="bbox 91 1824 873 1860; baseline 0.003 -10"><span class='ocrx_word' id='word_1_303' title='bbox 91 1824 131 1860; x_wconf 80' lang='grc' dir='ltr'><strong>Μὴ</strong></span> <span class='ocrx_word' id='word_1_304' title='bbox 147 1824 242 1857; x_wconf 88' lang='grc' dir='ltr'>κώλυε,</span> <span class='ocrx_word' id='word_1_305' title='bbox 268 1825 359 1852; x_wconf 79' lang='grc' dir='ltr'>δίδωσί</span> <span class='ocrx_word' id='word_1_306' title='bbox 372 1834 429 1857; x_wconf 78' lang='grc' dir='ltr'><strong>πως</strong></span> <span class='ocrx_word' id='word_1_307' title='bbox 444 1825 543 1852; x_wconf 74' lang='grc' dir='ltr'>ἐννοεῖν</span> <span class='ocrx_word' id='word_1_308' title='bbox 555 1846 562 1858; x_wconf 93' lang='grc'><strong>,</strong></span> <span class='ocrx_word' id='word_1_309' title='bbox 579 1826 619 1851; x_wconf 80' lang='grc' dir='ltr'>ὅτι</span> <span class='ocrx_word' id='word_1_310' title='bbox 633 1825 685 1852; x_wconf 80' lang='grc' dir='ltr'>τῶν</span> <span class='ocrx_word' id='word_1_311' title='bbox 705 1825 808 1860; x_wconf 78' lang='grc' dir='ltr'>ἀγρίων</span> <span class='ocrx_word' id='word_1_312' title='bbox 828 1825 873 1852; x_wconf 73' lang='grc' dir='ltr'>καὶ</span> 
     </span>
    </p>
   </div>
   <div class='ocr_carea' id='block_1_41' title="bbox 92 1870 873 1906">
    <p class='ocr_par' dir='ltr' id='par_1_41' title="bbox 92 1870 873 1906">
     <span class='ocr_line' id='line_1_41' title="bbox 92 1870 873 1906; baseline 0 -9"><span class='ocrx_word' id='word_1_313' title='bbox 92 1870 207 1906; x_wconf 74' lang='grc' dir='ltr'>πονηρῶν</span> <span class='ocrx_word' id='word_1_314' title='bbox 222 1871 386 1906; x_wconf 80' lang='grc' dir='ltr'>πνευμάτων</span> <span class='ocrx_word' id='word_1_315' title='bbox 395 1871 445 1906; x_wconf 83' lang='grc' dir='ltr'>τὴν</span> <span class='ocrx_word' id='word_1_316' title='bbox 458 1871 611 1898; x_wconf 79' lang='grc' dir='ltr'>ἀντίστασιν</span> <span class='ocrx_word' id='word_1_317' title='bbox 628 1872 678 1898; x_wconf 78' lang='grc' dir='ltr'><strong>οὐκ</strong></span> <span class='ocrx_word' id='word_1_318' title='bbox 696 1872 727 1906; x_wconf 78' lang='grc' dir='ltr'><strong>ἐᾷ</strong></span> <span class='ocrx_word' id='word_1_319' title='bbox 741 1872 796 1903; x_wconf 82' lang='grc' dir='ltr'>τοῖς</span> <span class='ocrx_word' id='word_1_320' title='bbox 805 1871 873 1906; x_wconf 78' lang='grc' dir='ltr'>πρὸς</span> 
     </span>
    </p>
   </div>
   <div class='ocr_carea' id='block_1_42' title="bbox 93 1916 872 1952">
    <p class='ocr_par' dir='ltr' id='par_1_42' title="bbox 93 1916 872 1952">
     <span class='ocr_line' id='line_1_42' title="bbox 93 1916 872 1952; baseline 0.001 -10"><span class='ocrx_word' id='word_1_321' title='bbox 93 1916 166 1943; x_wconf 76' lang='grc' dir='ltr'>αὐτὸν</span> <span class='ocrx_word' id='word_1_322' title='bbox 179 1916 264 1944; x_wconf 78' lang='grc' dir='ltr'>ἰοῦσιν</span> <span class='ocrx_word' id='word_1_323' title='bbox 282 1917 475 1952; x_wconf 81' lang='grc' dir='ltr'>ἀντιφέρεσθαι</span> <span class='ocrx_word' id='word_1_324' title='bbox 494 1917 606 1952; x_wconf 77' lang='grc' dir='ltr'>νοητῶς.</span> <span class='ocrx_word' id='word_1_325' title='bbox 627 1917 707 1944; x_wconf 66' lang='lat' dir='ltr'><strong>mea</strong></span> <span class='ocrx_word' id='word_1_326' title='bbox 722 1916 770 1943; x_wconf 77' lang='grc' dir='ltr'>καὶ</span> <span class='ocrx_word' id='word_1_327' title='bbox 789 1917 872 1943; x_wconf 82' lang='grc' dir='ltr'>πάλαι</span> 
     </span>
    </p>
   </div>
   <div class='ocr_carea' id='block_1_43' title="bbox 93 1960 873 1999">
    <p class='ocr_par' dir='ltr' id='par_1_43' title="bbox 93 1960 873 1999">
     <span class='ocr_line' id='line_1_43' title="bbox 93 1960 873 1999; baseline 0 -11"><span class='ocrx_word' id='word_1_328' title='bbox 93 1960 133 1989; x_wconf 77' lang='grc' dir='ltr'>οἷὰ</span> <span class='ocrx_word' id='word_1_329' title='bbox 146 1971 184 1995; x_wconf 88' lang='grc' dir='ltr'><strong>τις</strong></span> <span class='ocrx_word' id='word_1_330' title='bbox 195 1963 325 1999; x_wconf 75' lang='grc' dir='ltr'>τύραννος</span> <span class='ocrx_word' id='word_1_331' title='bbox 341 1963 415 1998; x_wconf 78' lang='grc' dir='ltr'>ὠμός</span> <span class='ocrx_word' id='word_1_332' title='bbox 427 1972 456 1989; x_wconf 84' lang='grc' dir='ltr'><strong>τε</strong></span> <span class='ocrx_word' id='word_1_333' title='bbox 470 1963 516 1989; x_wconf 73' lang='grc' dir='ltr'><strong>καὶ</strong></span> <span class='ocrx_word' id='word_1_334' title='bbox 529 1962 635 1994; x_wconf 78' lang='grc' dir='ltr'>ἀλαζὼν</span> <span class='ocrx_word' id='word_1_335' title='bbox 655 1962 805 1997; x_wconf 81' lang='grc' dir='ltr'>κατεφύετο</span> <span class='ocrx_word' id='word_1_336' title='bbox 819 1961 873 1988; x_wconf 88' lang='grc' dir='ltr'>τῶν</span> 
     </span>
    </p>
   </div>
   <div class='ocr_carea' id='block_1_44' title="bbox 94 2009 868 2045">
    <p class='ocr_par' dir='ltr' id='par_1_44' title="bbox 94 2009 868 2045">
     <span class='ocr_line' id='line_1_44' title="bbox 94 2009 868 2045; baseline -0.001 -10"><span class='ocrx_word' id='word_1_337' title='bbox 94 2009 134 2035; x_wconf 70' lang='grc' dir='ltr'><strong>ἐπὶ</strong></span> <span class='ocrx_word' id='word_1_338' title='bbox 147 2010 196 2044; x_wconf 81' lang='grc' dir='ltr'>γῆς</span> <span class='ocrx_word' id='word_1_339' title='bbox 209 2011 224 2036; x_wconf 87' lang='lat'><strong>6</strong></span> <span class='ocrx_word' id='word_1_340' title='bbox 237 2010 383 2045; x_wconf 83' lang='grc' dir='ltr'>ἁλητήριος</span> <span class='ocrx_word' id='word_1_341' title='bbox 401 2010 520 2040; x_wconf 79' lang='grc' dir='ltr'>Σατανᾶς</span> <span class='ocrx_word' id='word_1_342' title='bbox 540 2009 607 2044; x_wconf 84' lang='grc' dir='ltr'>ὁμοῦ</span> <span class='ocrx_word' id='word_1_343' title='bbox 636 2009 692 2040; x_wconf 83' lang='grc' dir='ltr'>τοῖς</span> <span class='ocrx_word' id='word_1_344' title='bbox 714 2009 788 2040; x_wconf 74' lang='grc' dir='ltr'>ἰδίοις</span> <span class='ocrx_word' id='word_1_345' title='bbox 816 2009 868 2034; x_wconf 83' lang='grc' dir='ltr'><strong>ὐπ-</strong></span> 
     </span>
    </p>
   </div>
   <div class='ocr_carea' id='block_1_45' title="bbox 95 2054 873 2090">
    <p class='ocr_par' dir='ltr' id='par_1_45' title="bbox 95 2054 873 2090">
     <span class='ocr_line' id='line_1_45' title="bbox 95 2054 873 2090; baseline -0.001 -9"><span class='ocrx_word' id='word_1_346' title='bbox 95 2057 241 2088; x_wconf 85' lang='grc' dir='ltr'>ασπισταῖς,</span> <span class='ocrx_word' id='word_1_347' title='bbox 254 2056 304 2082; x_wconf 85' lang='grc' dir='ltr'>οὐκ</span> <span class='ocrx_word' id='word_1_348' title='bbox 323 2056 375 2082; x_wconf 73' lang='grc' dir='ltr'><strong>ἑῶν</strong></span> <span class='ocrx_word' id='word_1_349' title='bbox 392 2055 539 2090; x_wconf 70' lang='grc' dir='ltr'>ἀναϐλέψαι</span> <span class='ocrx_word' id='word_1_350' title='bbox 556 2055 623 2090; x_wconf 82' lang='grc' dir='ltr'>πρὸς</span> <span class='ocrx_word' id='word_1_351' title='bbox 642 2054 780 2089; x_wconf 84' lang='grc' dir='ltr'>ἀλήθειαν,</span> <span class='ocrx_word' id='word_1_352' title='bbox 790 2054 873 2089; x_wconf 75' lang='grc' dir='ltr'>ἤγουν</span> 
     </span>
    </p>
   </div>
   <div class='ocr_carea' id='block_1_46' title="bbox 97 2099 874 2137">
    <p class='ocr_par' dir='ltr' id='par_1_46' title="bbox 97 2099 874 2137">
     <span class='ocr_line' id='line_1_46' title="bbox 97 2099 874 2137; baseline -0.004 -9"><span class='ocrx_word' id='word_1_353' title='bbox 97 2101 157 2128; x_wconf 74' lang='grc' dir='ltr'>ἱέναι</span> <span class='ocrx_word' id='word_1_354' title='bbox 179 2102 246 2137; x_wconf 73' lang='grc' dir='ltr'>πρὸς</span> <span class='ocrx_word' id='word_1_355' title='bbox 273 2101 339 2128; x_wconf 74' lang='grc' dir='ltr'><strong>Θεὸν</strong></span> <span class='ocrx_word' id='word_1_356' title='bbox 363 2101 396 2128; x_wconf 76' lang='grc' dir='ltr'>δι’</span> <span class='ocrx_word' id='word_1_357' title='bbox 415 2101 593 2136; x_wconf 73' lang='grc' dir='ltr'>ἐπιστροφῆς.</span> <span class='ocrx_word' id='word_1_358' title='bbox 619 2100 758 2126; x_wconf 79' lang='grc' dir='ltr'>Πέπαυται</span> <span class='ocrx_word' id='word_1_359' title='bbox 779 2099 807 2125; x_wconf 82' lang='grc' dir='ltr'><strong>δὲ</strong></span> <span class='ocrx_word' id='word_1_360' title='bbox 827 2099 874 2125; x_wconf 80' lang='grc' dir='ltr'><strong>καὶ</strong></span> 
     </span>
    </p>
   </div>
   <div class='ocr_carea' id='block_1_47' title="bbox 95 2145 873 2184">
    <p class='ocr_par' dir='ltr' id='par_1_47' title="bbox 95 2145 873 2184">
     <span class='ocr_line' id='line_1_47' title="bbox 95 2145 873 2184; baseline -0.005 -9"><span class='ocrx_word' id='word_1_361' title='bbox 95 2147 165 2174; x_wconf 76' lang='grc' dir='ltr'>τοῦτο</span> <span class='ocrx_word' id='word_1_362' title='bbox 178 2148 219 2175; x_wconf 73' lang='grc' dir='ltr'><strong>διὰ</strong></span> <span class='ocrx_word' id='word_1_363' title='bbox 229 2148 357 2184; x_wconf 78' lang='grc' dir='ltr'>Χριστοῦ,</span> <span class='ocrx_word' id='word_1_364' title='bbox 369 2147 603 2178; x_wconf 79' lang='grc' dir='ltr'>καταλειαίνοντος</span> <span class='ocrx_word' id='word_1_365' title='bbox 616 2147 664 2181; x_wconf 80' lang='grc' dir='ltr'><strong>μὲν</strong></span> <span class='ocrx_word' id='word_1_366' title='bbox 673 2147 729 2177; x_wconf 83' lang='grc' dir='ltr'>τοῖς</span> <span class='ocrx_word' id='word_1_367' title='bbox 738 2145 820 2181; x_wconf 84' lang='grc' dir='ltr'>κεκλη</span> <span class='ocrx_word' id='word_1_368' title='bbox 825 2145 873 2180; x_wconf 82' lang='grc' dir='ltr'><strong>μέ-</strong></span> 
     </span>
    </p>
   </div>
   <div class='ocr_carea' id='block_1_48' title="bbox 95 2192 873 2230">
    <p class='ocr_par' dir='ltr' id='par_1_48' title="bbox 95 2192 873 2230">
     <span class='ocr_line' id='line_1_48' title="bbox 95 2192 873 2230; baseline -0.004 -10"><span class='ocrx_word' id='word_1_369' title='bbox 95 2202 145 2225; x_wconf 82' lang='grc' dir='ltr'>νοις</span> <span class='ocrx_word' id='word_1_370' title='bbox 156 2194 201 2230; x_wconf 80' lang='grc' dir='ltr'><strong>τὴν</strong></span> <span class='ocrx_word' id='word_1_371' title='bbox 214 2196 254 2226; x_wconf 83' lang='grc' dir='ltr'><strong>εἰς</strong></span> <span class='ocrx_word' id='word_1_372' title='bbox 272 2195 408 2230; x_wconf 80' lang='grc' dir='ltr'>σωτηρίαν</span> <span class='ocrx_word' id='word_1_373' title='bbox 427 2194 496 2226; x_wconf 77' lang='grc' dir='ltr'>ὁδὸν,</span> <span class='ocrx_word' id='word_1_374' title='bbox 518 2193 591 2220; x_wconf 81' lang='grc' dir='ltr'>ἅπαν</span> <span class='ocrx_word' id='word_1_375' title='bbox 607 2193 636 2219; x_wconf 82' lang='grc' dir='ltr'>δὲ</span> <span class='ocrx_word' id='word_1_376' title='bbox 653 2193 683 2219; x_wconf 72' lang='grc' dir='ltr'>τὸ</span> <span class='ocrx_word' id='word_1_377' title='bbox 702 2192 778 2227; x_wconf 77' lang='grc' dir='ltr'>παρὰ</span> <span class='ocrx_word' id='word_1_378' title='bbox 790 2192 873 2224; x_wconf 74' lang='grc' dir='ltr'>πόδας</span> 
     </span>
    </p>
   </div>
   <div class='ocr_carea' id='block_1_49' title="bbox 927 271 1709 308">
    <p class='ocr_par' dir='ltr' id='par_1_49' title="bbox 927 271 1709 308">
     <span class='ocr_line' id='line_1_49' title="bbox 927 271 1709 308; baseline -0.004 -9"><span class='ocrx_word' id='word_1_379' title='bbox 927 280 959 300; x_wconf 89' lang='lat' dir='ltr'><strong>ac</strong></span> <span class='ocrx_word' id='word_1_380' title='bbox 973 272 1046 300; x_wconf 83' lang='lat' dir='ltr'><strong>Patri</strong></span> <span class='ocrx_word' id='word_1_381' title='bbox 1060 273 1245 308; x_wconf 82' lang='lat' dir='ltr'><strong>conjungeret.</strong></span> <span class='ocrx_word' id='word_1_382' title='bbox 1259 271 1325 299; x_wconf 84' lang='lat' dir='ltr'><strong>Nam</strong></span> <span class='ocrx_word' id='word_1_383' title='bbox 1342 272 1479 299; x_wconf 74' lang='lat' dir='ltr'><strong>Christum</strong></span> <span class='ocrx_word' id='word_1_384' title='bbox 1496 271 1547 298; x_wconf 88' lang='lat' dir='ltr'><strong>hac</strong></span> <span class='ocrx_word' id='word_1_385' title='bbox 1571 271 1604 297; x_wconf 89' lang='lat' dir='ltr'><strong>de</strong></span> <span class='ocrx_word' id='word_1_386' title='bbox 1628 277 1709 297; x_wconf 86' lang='lat' dir='ltr'><strong>causa</strong></span> 
     </span>
    </p>
   </div>
   <div class='ocr_carea' id='block_1_50' title="bbox 927 316 1708 351">
    <p class='ocr_par' dir='ltr' id='par_1_50' title="bbox 927 316 1708 351">
     <span class='ocr_line' id='line_1_50' title="bbox 927 316 1708 351; baseline -0.004 -6"><span class='ocrx_word' id='word_1_387' title='bbox 927 318 1062 345; x_wconf 79' lang='lat' dir='ltr'><strong>hominem</strong></span> <span class='ocrx_word' id='word_1_388' title='bbox 1081 319 1179 346; x_wconf 79' lang='lat' dir='ltr'><strong>factum</strong></span> <span class='ocrx_word' id='word_1_389' title='bbox 1207 326 1277 351; x_wconf 82' lang='lat' dir='ltr'><strong>esse,</strong></span> <span class='ocrx_word' id='word_1_390' title='bbox 1306 325 1338 345; x_wconf 77' lang='lat' dir='ltr'><strong>ex</strong></span> <span class='ocrx_word' id='word_1_391' title='bbox 1363 317 1544 344; x_wconf 67' lang='lat' dir='ltr'><strong>sacrosanctis</strong></span> <span class='ocrx_word' id='word_1_392' title='bbox 1570 316 1708 350; x_wconf 77' lang='lat' dir='ltr'><strong>Evangelii</strong></span> 
     </span>
    </p>
   </div>
   <div class='ocr_carea' id='block_1_51' title="bbox 927 362 1707 398">
    <p class='ocr_par' dir='ltr' id='par_1_51' title="bbox 927 362 1707 398">
     <span class='ocr_line' id='line_1_51' title="bbox 927 362 1707 398; baseline -0.003 -8"><span class='ocrx_word' id='word_1_393' title='bbox 927 363 1034 396; x_wconf 83' lang='lat' dir='ltr'><strong>litteris,</strong></span> <span class='ocrx_word' id='word_1_394' title='bbox 1050 364 1202 398; x_wconf 81' lang='lat' dir='ltr'><strong>perspicere</strong></span> <span class='ocrx_word' id='word_1_395' title='bbox 1218 371 1270 391; x_wconf 86' lang='lat' dir='ltr'><strong>non</strong></span> <span class='ocrx_word' id='word_1_396' title='bbox 1293 369 1335 391; x_wconf 89' lang='lat' dir='ltr'><strong>est</strong></span> <span class='ocrx_word' id='word_1_397' title='bbox 1363 363 1479 390; x_wconf 77' lang='lat' dir='ltr'><strong>diliicile.</strong></span> <span class='ocrx_word' id='word_1_398' title='bbox 1504 362 1611 389; x_wconf 80' lang='lat' dir='ltr'><strong>Reviin</strong></span> <span class='ocrx_word' id='word_1_399' title='bbox 1636 363 1707 389; x_wconf 86' lang='lat' dir='ltr'><strong>enim</strong></span> 
     </span>
    </p>
   </div>
   <div class='ocr_carea' id='block_1_52' title="bbox 926 408 1708 443">
    <p class='ocr_par' dir='ltr' id='par_1_52' title="bbox 926 408 1708 443">
     <span class='ocr_line' id='line_1_52' title="bbox 926 408 1708 443; baseline -0.001 -9"><span class='ocrx_word' id='word_1_400' title='bbox 926 409 1083 435; x_wconf 76' lang='lat' dir='ltr'><strong>mirabiliter</strong></span> <span class='ocrx_word' id='word_1_401' title='bbox 1106 414 1132 435; x_wconf 89' lang='lat' dir='ltr'><strong>et</strong></span> <span class='ocrx_word' id='word_1_402' title='bbox 1151 416 1231 443; x_wconf 89' lang='lat' dir='ltr'><strong>supra</strong></span> <span class='ocrx_word' id='word_1_403' title='bbox 1244 409 1362 436; x_wconf 92' lang='lat' dir='ltr'><strong>omnium</strong></span> <span class='ocrx_word' id='word_1_404' title='bbox 1379 408 1531 443; x_wconf 88' lang='lat' dir='ltr'><strong>opinionem</strong></span> <span class='ocrx_word' id='word_1_405' title='bbox 1546 408 1675 440; x_wconf 75' lang='lat' dir='ltr'><strong>Lazarus,</strong></span> <span class='ocrx_word' id='word_1_406' title='bbox 1692 415 1708 434; x_wconf 77' lang='grc' dir='ltr'>ο</span> 
     </span>
    </p>
   </div>
   <div class='ocr_carea' id='block_1_53' title="bbox 926 453 1708 488">
    <p class='ocr_par' dir='ltr' id='par_1_53' title="bbox 926 453 1708 488">
     <span class='ocr_line' id='line_1_53' title="bbox 926 453 1708 488; baseline -0.003 -8"><span class='ocrx_word' id='word_1_407' title='bbox 926 454 1048 481; x_wconf 91' lang='lat' dir='ltr'><strong>mortuis.</strong></span> <span class='ocrx_word' id='word_1_408' title='bbox 1065 454 1204 481; x_wconf 82' lang='lat' dir='ltr'><strong>Multitudo</strong></span> <span class='ocrx_word' id='word_1_409' title='bbox 1221 458 1309 481; x_wconf 78' lang='lat' dir='ltr'><strong>autent</strong></span> <span class='ocrx_word' id='word_1_410' title='bbox 1326 453 1478 481; x_wconf 66' lang='lat' dir='ltr'><strong>Iuda-orum</strong></span> <span class='ocrx_word' id='word_1_411' title='bbox 1504 453 1657 488; x_wconf 82' lang='lat' dir='ltr'><strong>impiorum,</strong></span> <span class='ocrx_word' id='word_1_412' title='bbox 1681 456 1708 479; x_wconf 88' lang='lat' dir='ltr'><strong>et</strong></span> 
     </span>
    </p>
   </div>
   <div class='ocr_carea' id='block_1_54' title="bbox 924 498 1707 532">
    <p class='ocr_par' dir='ltr' id='par_1_54' title="bbox 924 498 1707 532">
     <span class='ocr_line' id='line_1_54' title="bbox 924 498 1707 532; baseline -0.003 -6"><span class='ocrx_word' id='word_1_413' title='bbox 924 500 1124 527; x_wconf 69' lang='lat' dir='ltr'><strong>Pharisaeorum</strong></span> <span class='ocrx_word' id='word_1_414' title='bbox 1143 501 1227 527; x_wconf 85' lang='lat' dir='ltr'><strong>invisa</strong></span> <span class='ocrx_word' id='word_1_415' title='bbox 1246 500 1300 527; x_wconf 90' lang='lat' dir='ltr'><strong>Deo</strong></span> <span class='ocrx_word' id='word_1_416' title='bbox 1314 500 1433 532; x_wconf 84' lang='lat' dir='ltr'><strong>oilicina,</strong></span> <span class='ocrx_word' id='word_1_417' title='bbox 1459 503 1552 526; x_wconf 85' lang='lat' dir='ltr'><strong>coacto</strong></span> <span class='ocrx_word' id='word_1_418' title='bbox 1582 498 1707 530; x_wconf 88' lang='lat' dir='ltr'><strong>concilio,</strong></span> 
     </span>
    </p>
   </div>
   <div class='ocr_carea' id='block_1_55' title="bbox 924 543 1707 579">
    <p class='ocr_par' dir='ltr' id='par_1_55' title="bbox 924 543 1707 579">
     <span class='ocr_line' id='line_1_55' title="bbox 924 543 1707 579; baseline -0.005 -7"><span class='ocrx_word' id='word_1_419' title='bbox 924 546 1048 572; x_wconf 75' lang='lat' dir='ltr'><strong>dicebant</strong></span> <span class='ocrx_word' id='word_1_420' title='bbox 1073 554 1080 572; x_wconf 91' lang='lat'><strong>:</strong></span> <span class='ocrx_word' id='word_1_421' title='bbox 1102 554 1111 570; x_wconf 82' lang='grc' dir='ltr'><strong>ι</strong></span> <span class='ocrx_word' id='word_1_422' title='bbox 1132 544 1201 578; x_wconf 82' lang='lat' dir='ltr'><strong>Quid</strong></span> <span class='ocrx_word' id='word_1_423' title='bbox 1229 545 1349 579; x_wconf 77' lang='lat' dir='ltr'><strong>agimus?</strong></span> <span class='ocrx_word' id='word_1_424' title='bbox 1372 553 1433 571; x_wconf 78' lang='lat' dir='ltr'><strong>nam</strong></span> <span class='ocrx_word' id='word_1_425' title='bbox 1459 545 1501 570; x_wconf 92' lang='lat' dir='ltr'><strong>hic</strong></span> <span class='ocrx_word' id='word_1_426' title='bbox 1517 544 1596 570; x_wconf 88' lang='lat' dir='ltr'><strong>homo</strong></span> <span class='ocrx_word' id='word_1_427' title='bbox 1624 543 1707 569; x_wconf 82' lang='lat' dir='ltr'><strong>multa</strong></span> 
     </span>
    </p>
   </div>
   <div class='ocr_carea' id='block_1_56' title="bbox 924 589 1709 626">
    <p class='ocr_par' dir='ltr' id='par_1_56' title="bbox 924 589 1709 626">
     <span class='ocr_line' id='line_1_56' title="bbox 924 589 1709 626; baseline -0.005 -8"><span class='ocrx_word' id='word_1_428' title='bbox 924 592 1001 626; x_wconf 76' lang='lat' dir='ltr'><strong>signa</strong></span> <span class='ocrx_word' id='word_1_429' title='bbox 1017 592 1082 618; x_wconf 92' lang='lat' dir='ltr'><strong>edit.</strong></span> <span class='ocrx_word' id='word_1_430' title='bbox 1097 592 1126 618; x_wconf 89' lang='lat' dir='ltr'><strong>Si</strong></span> <span class='ocrx_word' id='word_1_431' title='bbox 1142 599 1202 618; x_wconf 89' lang='lat' dir='ltr'><strong>eum</strong></span> <span class='ocrx_word' id='word_1_432' title='bbox 1218 592 1257 618; x_wconf 88' lang='lat' dir='ltr'><strong>sic</strong></span> <span class='ocrx_word' id='word_1_433' title='bbox 1276 591 1399 623; x_wconf 87' lang='lat' dir='ltr'><strong>sinimus,</strong></span> <span class='ocrx_word' id='word_1_434' title='bbox 1417 590 1524 617; x_wconf 75' lang='lat' dir='ltr'><strong>venient</strong></span> <span class='ocrx_word' id='word_1_435' title='bbox 1540 589 1663 621; x_wconf 79' lang='lat' dir='ltr'><strong>Romani,</strong></span> <span class='ocrx_word' id='word_1_436' title='bbox 1681 593 1709 615; x_wconf 88' lang='lat' dir='ltr'><strong>et</strong></span> 
     </span>
    </p>
   </div>
   <div class='ocr_carea' id='block_1_57' title="bbox 924 634 1707 671">
    <p class='ocr_par' dir='ltr' id='par_1_57' title="bbox 924 634 1707 671">
     <span class='ocr_line' id='line_1_57' title="bbox 924 634 1707 671; baseline -0.004 -9"><span class='ocrx_word' id='word_1_437' title='bbox 924 637 1016 663; x_wconf 88' lang='lat' dir='ltr'><strong>tollent</strong></span> <span class='ocrx_word' id='word_1_438' title='bbox 1034 640 1140 671; x_wconf 80' lang='lat' dir='ltr'><strong>gentem</strong></span> <span class='ocrx_word' id='word_1_439' title='bbox 1156 641 1273 662; x_wconf 85' lang='lat' dir='ltr'><strong>nostram</strong></span> <span class='ocrx_word' id='word_1_440' title='bbox 1287 641 1313 661; x_wconf 86' lang='lat' dir='ltr'><strong>et</strong></span> <span class='ocrx_word' id='word_1_441' title='bbox 1329 635 1424 662; x_wconf 88' lang='lat' dir='ltr'><strong>locttm.</strong></span> <span class='ocrx_word' id='word_1_442' title='bbox 1449 635 1516 663; x_wconf 89' lang='lat' dir='ltr'><strong>Tum</strong></span> <span class='ocrx_word' id='word_1_443' title='bbox 1532 641 1625 660; x_wconf 90' lang='lat' dir='ltr'><strong>eorum</strong></span> <span class='ocrx_word' id='word_1_444' title='bbox 1645 634 1707 667; x_wconf 87' lang='lat' dir='ltr'><strong>qui-</strong></span> 
     </span>
    </p>
   </div>
   <div class='ocr_carea' id='block_1_58' title="bbox 923 679 1709 716">
    <p class='ocr_par' dir='ltr' id='par_1_58' title="bbox 923 679 1709 716">
     <span class='ocr_line' id='line_1_58' title="bbox 923 679 1709 716; baseline -0.006 -8"><span class='ocrx_word' id='word_1_445' title='bbox 923 681 994 714; x_wconf 87' lang='lat' dir='ltr'><strong>dam,</strong></span> <span class='ocrx_word' id='word_1_446' title='bbox 1015 681 1143 716; x_wconf 84' lang='lat' dir='ltr'><strong>Caipbas,</strong></span> <span class='ocrx_word' id='word_1_447' title='bbox 1169 681 1236 708; x_wconf 81' lang='lat' dir='ltr'><strong>dixit</strong></span> <span class='ocrx_word' id='word_1_448' title='bbox 1250 681 1289 708; x_wconf 89' lang='lat' dir='ltr'><strong>eis</strong></span> <span class='ocrx_word' id='word_1_449' title='bbox 1316 690 1322 708; x_wconf 92' lang='lat'><strong>:</strong></span> <span class='ocrx_word' id='word_1_450' title='bbox 1343 680 1396 707; x_wconf 84' lang='lat' dir='ltr'><strong>Vos</strong></span> <span class='ocrx_word' id='word_1_451' title='bbox 1419 679 1484 706; x_wconf 88' lang='lat' dir='ltr'><strong>nihil</strong></span> <span class='ocrx_word' id='word_1_452' title='bbox 1512 679 1597 711; x_wconf 81' lang='lat' dir='ltr'><strong>scitis,</strong></span> <span class='ocrx_word' id='word_1_453' title='bbox 1622 685 1709 712; x_wconf 84' lang='lat' dir='ltr'><strong>neque</strong></span> 
     </span>
    </p>
   </div>
   <div class='ocr_carea' id='block_1_59' title="bbox 921 723 1706 762">
    <p class='ocr_par' dir='ltr' id='par_1_59' title="bbox 921 723 1706 762">
     <span class='ocr_line' id='line_1_59' title="bbox 921 723 1706 762; baseline -0.005 -8"><span class='ocrx_word' id='word_1_454' title='bbox 921 728 1059 762; x_wconf 58' lang='lat' dir='ltr'><strong>cogitatis,</strong></span> <span class='ocrx_word' id='word_1_455' title='bbox 1073 727 1269 755; x_wconf 79' lang='lat' dir='ltr'><strong>conducibilius</strong></span> <span class='ocrx_word' id='word_1_456' title='bbox 1284 734 1344 753; x_wconf 83' lang='lat' dir='ltr'><strong>esse</strong></span> <span class='ocrx_word' id='word_1_457' title='bbox 1361 725 1448 756; x_wconf 90' lang='lat' dir='ltr'><strong>nobis,</strong></span> <span class='ocrx_word' id='word_1_458' title='bbox 1465 732 1546 751; x_wconf 92' lang='lat' dir='ltr'><strong>unum</strong></span> <span class='ocrx_word' id='word_1_459' title='bbox 1573 723 1706 750; x_wconf 85' lang='lat' dir='ltr'><strong>hominem</strong></span> 
     </span>
    </p>
   </div>
   <div class='ocr_carea' id='block_1_60' title="bbox 923 768 1706 807">
    <p class='ocr_par' dir='ltr' id='par_1_60' title="bbox 923 768 1706 807">
     <span class='ocr_line' id='line_1_60' title="bbox 923 768 1706 807; baseline -0.006 -8"><span class='ocrx_word' id='word_1_460' title='bbox 923 773 988 799; x_wconf 89' lang='lat' dir='ltr'><strong>mori</strong></span> <span class='ocrx_word' id='word_1_461' title='bbox 1006 781 1054 807; x_wconf 92' lang='lat' dir='ltr'><strong>pro</strong></span> <span class='ocrx_word' id='word_1_462' title='bbox 1067 772 1174 807; x_wconf 81' lang='lat' dir='ltr'><strong>populo,</strong></span> <span class='ocrx_word' id='word_1_463' title='bbox 1187 779 1267 806; x_wconf 89' lang='lat' dir='ltr'><strong>quam</strong></span> <span class='ocrx_word' id='word_1_464' title='bbox 1284 775 1366 798; x_wconf 87' lang='lat' dir='ltr'><strong>totam</strong></span> <span class='ocrx_word' id='word_1_465' title='bbox 1389 774 1494 805; x_wconf 78' lang='lat' dir='ltr'><strong>gentem</strong></span> <span class='ocrx_word' id='word_1_466' title='bbox 1518 769 1606 803; x_wconf 87' lang='lat' dir='ltr'><strong>perire</strong></span> <span class='ocrx_word' id='word_1_467' title='bbox 1630 768 1662 795; x_wconf 81' lang='lat'><strong>&#39;°.</strong></span> <span class='ocrx_word' id='word_1_468' title='bbox 1696 777 1706 794; x_wconf 73' lang='grc' dir='ltr'><strong>ι</strong></span> 
     </span>
    </p>
   </div>
   <div class='ocr_carea' id='block_1_61' title="bbox 921 813 1708 850">
    <p class='ocr_par' dir='ltr' id='par_1_61' title="bbox 921 813 1708 850">
     <span class='ocr_line' id='line_1_61' title="bbox 921 813 1708 850; baseline -0.005 -7"><span class='ocrx_word' id='word_1_469' title='bbox 921 817 1023 850; x_wconf 85' lang='lat' dir='ltr'><strong>Quibus</strong></span> <span class='ocrx_word' id='word_1_470' title='bbox 1038 826 1098 845; x_wconf 81' lang='lat' dir='ltr'><strong>mox</strong></span> <span class='ocrx_word' id='word_1_471' title='bbox 1115 818 1251 844; x_wconf 73' lang='lat' dir='ltr'><strong>subnectit</strong></span> <span class='ocrx_word' id='word_1_472' title='bbox 1274 817 1379 843; x_wconf 89' lang='lat' dir='ltr'><strong>divinus</strong></span> <span class='ocrx_word' id='word_1_473' title='bbox 1403 814 1567 849; x_wconf 76' lang='lat' dir='ltr'><strong>evangelista</strong></span> <span class='ocrx_word' id='word_1_474' title='bbox 1587 822 1593 840; x_wconf 89' lang='lat'>:</span> <span class='ocrx_word' id='word_1_475' title='bbox 1615 822 1624 838; x_wconf 78' lang='grc' dir='ltr'><strong>ι</strong></span> <span class='ocrx_word' id='word_1_476' title='bbox 1647 813 1708 840; x_wconf 69' lang='lat' dir='ltr'><strong>Hmc</strong></span> 
     </span>
    </p>
   </div>
   <div class='ocr_carea' id='block_1_62' title="bbox 921 859 1708 897">
    <p class='ocr_par' dir='ltr' id='par_1_62' title="bbox 921 859 1708 897">
     <span class='ocr_line' id='line_1_62' title="bbox 921 859 1708 897; baseline -0.005 -7"><span class='ocrx_word' id='word_1_477' title='bbox 921 868 1010 890; x_wconf 82' lang='lat' dir='ltr'><strong>autent</strong></span> <span class='ocrx_word' id='word_1_478' title='bbox 1027 871 1059 890; x_wconf 77' lang='lat' dir='ltr'><strong>ex</strong></span> <span class='ocrx_word' id='word_1_479' title='bbox 1076 863 1220 897; x_wconf 85' lang='lat' dir='ltr'><strong>semetipso</strong></span> <span class='ocrx_word' id='word_1_480' title='bbox 1236 870 1288 889; x_wconf 92' lang='lat' dir='ltr'><strong>non</strong></span> <span class='ocrx_word' id='word_1_481' title='bbox 1305 862 1383 894; x_wconf 82' lang='lat' dir='ltr'><strong>dixit,</strong></span> <span class='ocrx_word' id='word_1_482' title='bbox 1401 862 1447 888; x_wconf 83' lang='lat' dir='ltr'><strong>sed</strong></span> <span class='ocrx_word' id='word_1_483' title='bbox 1465 860 1535 894; x_wconf 87' lang='lat' dir='ltr'><strong>quod</strong></span> <span class='ocrx_word' id='word_1_484' title='bbox 1556 864 1627 887; x_wconf 88' lang='lat' dir='ltr'><strong>esset</strong></span> <span class='ocrx_word' id='word_1_485' title='bbox 1649 859 1708 893; x_wconf 88' lang='lat' dir='ltr'><strong>cjus</strong></span> 
     </span>
    </p>
   </div>
   <div class='ocr_carea' id='block_1_63' title="bbox 924 905 1707 943">
    <p class='ocr_par' dir='ltr' id='par_1_63' title="bbox 924 905 1707 943">
     <span class='ocr_line' id='line_1_63' title="bbox 924 905 1707 943; baseline -0.008 -7"><span class='ocrx_word' id='word_1_486' title='bbox 924 910 985 936; x_wconf 85' lang='lat' dir='ltr'><strong>anni</strong></span> <span class='ocrx_word' id='word_1_487' title='bbox 1004 909 1133 943; x_wconf 83' lang='lat' dir='ltr'><strong>pontifex,</strong></span> <span class='ocrx_word' id='word_1_488' title='bbox 1148 908 1227 943; x_wconf 74' lang='lat'><strong>562</strong></span> <span class='ocrx_word' id='word_1_489' title='bbox 1249 908 1418 942; x_wconf 73' lang='lat' dir='ltr'><strong>prophetarit</strong></span> <span class='ocrx_word' id='word_1_490' title='bbox 1437 905 1528 934; x_wconf 86' lang='lat' dir='ltr'><strong>Jesum</strong></span> <span class='ocrx_word' id='word_1_491' title='bbox 1547 906 1707 932; x_wconf 88' lang='lat' dir='ltr'><strong>tnoriturum</strong></span> 
     </span>
    </p>
   </div>
   <div class='ocr_carea' id='block_1_64' title="bbox 923 951 1709 990">
    <p class='ocr_par' dir='ltr' id='par_1_64' title="bbox 923 951 1709 990">
     <span class='ocr_line' id='line_1_64' title="bbox 923 951 1709 990; baseline -0.008 -8"><span class='ocrx_word' id='word_1_492' title='bbox 923 963 982 983; x_wconf 81' lang='lat' dir='ltr'><strong>esse</strong></span> <span class='ocrx_word' id='word_1_493' title='bbox 995 963 1044 990; x_wconf 90' lang='lat' dir='ltr'><strong>pro</strong></span> <span class='ocrx_word' id='word_1_494' title='bbox 1057 959 1145 989; x_wconf 77' lang='lat' dir='ltr'><strong>gente,</strong></span> <span class='ocrx_word' id='word_1_495' title='bbox 1161 961 1210 981; x_wconf 87' lang='lat' dir='ltr'><strong>nec</strong></span> <span class='ocrx_word' id='word_1_496' title='bbox 1224 954 1309 980; x_wconf 88' lang='lat' dir='ltr'><strong>solum</strong></span> <span class='ocrx_word' id='word_1_497' title='bbox 1323 960 1371 988; x_wconf 83' lang='lat' dir='ltr'><strong>pro</strong></span> <span class='ocrx_word' id='word_1_498' title='bbox 1394 956 1483 987; x_wconf 78' lang='lat' dir='ltr'><strong>gente,</strong></span> <span class='ocrx_word' id='word_1_499' title='bbox 1509 951 1554 978; x_wconf 93' lang='lat' dir='ltr'><strong>sed</strong></span> <span class='ocrx_word' id='word_1_500' title='bbox 1574 951 1654 977; x_wconf 87' lang='lat' dir='ltr'><strong>etiam</strong></span> <span class='ocrx_word' id='word_1_501' title='bbox 1679 953 1709 976; x_wconf 85' lang='lat' dir='ltr'><strong>ut.</strong></span> 
     </span>
    </p>
   </div>
   <div class='ocr_carea' id='block_1_65' title="bbox 924 995 1707 1034">
    <p class='ocr_par' dir='ltr' id='par_1_65' title="bbox 924 995 1707 1034">
     <span class='ocr_line' id='line_1_65' title="bbox 924 995 1707 1034; baseline -0.009 -6"><span class='ocrx_word' id='word_1_502' title='bbox 924 1001 992 1028; x_wconf 80' lang='lat' dir='ltr'><strong>ﬁlios</strong></span> <span class='ocrx_word' id='word_1_503' title='bbox 1015 1000 1060 1027; x_wconf 88' lang='lat' dir='ltr'><strong>Dei</strong></span> <span class='ocrx_word' id='word_1_504' title='bbox 1086 1000 1221 1034; x_wconf 89' lang='lat' dir='ltr'><strong>dispersos</strong></span> <span class='ocrx_word' id='word_1_505' title='bbox 1249 999 1275 1026; x_wconf 91' lang='lat' dir='ltr'><strong>in</strong></span> <span class='ocrx_word' id='word_1_506' title='bbox 1303 1006 1383 1025; x_wconf 91' lang='lat' dir='ltr'><strong>unum</strong></span> <span class='ocrx_word' id='word_1_507' title='bbox 1406 1000 1592 1031; x_wconf 73' lang='lat' dir='ltr'><strong>congregaret.</strong></span> <span class='ocrx_word' id='word_1_508' title='bbox 1612 1005 1621 1022; x_wconf 80' lang='grc' dir='ltr'><strong>ι</strong></span> <span class='ocrx_word' id='word_1_509' title='bbox 1641 995 1707 1022; x_wconf 84' lang='lat' dir='ltr'><strong>Nam</strong></span> 
     </span>
    </p>
   </div>
   <div class='ocr_carea' id='block_1_66' title="bbox 923 1040 1709 1081">
    <p class='ocr_par' dir='ltr' id='par_1_66' title="bbox 923 1040 1709 1081">
     <span class='ocr_line' id='line_1_66' title="bbox 923 1040 1709 1081; baseline -0.006 -10"><span class='ocrx_word' id='word_1_510' title='bbox 923 1051 1052 1081; x_wconf 83' lang='lat' dir='ltr'><strong>quantum</strong></span> <span class='ocrx_word' id='word_1_511' title='bbox 1073 1046 1106 1073; x_wconf 83' lang='lat' dir='ltr'><strong>ad</strong></span> <span class='ocrx_word' id='word_1_512' title='bbox 1134 1046 1248 1080; x_wconf 85' lang='lat' dir='ltr'><strong>primam</strong></span> <span class='ocrx_word' id='word_1_513' title='bbox 1275 1044 1391 1072; x_wconf 86' lang='lat' dir='ltr'><strong>hominis</strong></span> <span class='ocrx_word' id='word_1_514' title='bbox 1414 1043 1589 1074; x_wconf 82' lang='lat' dir='ltr'><strong>creationem,</strong></span> <span class='ocrx_word' id='word_1_515' title='bbox 1620 1045 1648 1067; x_wconf 88' lang='lat' dir='ltr'><strong>et</strong></span> <span class='ocrx_word' id='word_1_516' title='bbox 1674 1040 1709 1067; x_wconf 87' lang='lat' dir='ltr'><strong>ad</strong></span> 
     </span>
    </p>
   </div>
   <div class='ocr_carea' id='block_1_67' title="bbox 923 1086 1707 1126">
    <p class='ocr_par' dir='ltr' id='par_1_67' title="bbox 923 1086 1707 1126">
     <span class='ocr_line' id='line_1_67' title="bbox 923 1086 1707 1126; baseline -0.01 -6"><span class='ocrx_word' id='word_1_517' title='bbox 923 1093 1064 1120; x_wconf 87' lang='lat' dir='ltr'><strong>consilium</strong></span> <span class='ocrx_word' id='word_1_518' title='bbox 1082 1093 1138 1126; x_wconf 84' lang='lat' dir='ltr'><strong>ejus</strong></span> <span class='ocrx_word' id='word_1_519' title='bbox 1152 1091 1198 1126; x_wconf 89' lang='lat' dir='ltr'><strong>qui</strong></span> <span class='ocrx_word' id='word_1_520' title='bbox 1226 1090 1360 1125; x_wconf 88' lang='lat' dir='ltr'><strong>produxit,</strong></span> <span class='ocrx_word' id='word_1_521' title='bbox 1389 1090 1494 1121; x_wconf 84' lang='lat' dir='ltr'><strong>attinet,</strong></span> <span class='ocrx_word' id='word_1_522' title='bbox 1527 1095 1621 1115; x_wconf 85' lang='lat' dir='ltr'><strong>omnes</strong></span> <span class='ocrx_word' id='word_1_523' title='bbox 1649 1086 1707 1121; x_wconf 76' lang='lat' dir='ltr'><strong>ejus</strong></span> 
     </span>
    </p>
   </div>
   <div class='ocr_carea' id='block_1_68' title="bbox 925 1134 1707 1170">
    <p class='ocr_par' dir='ltr' id='par_1_68' title="bbox 925 1134 1707 1170">
     <span class='ocr_line' id='line_1_68' title="bbox 925 1134 1707 1170; baseline -0.009 -4"><span class='ocrx_word' id='word_1_524' title='bbox 925 1140 970 1166; x_wconf 81' lang='lat' dir='ltr'><strong>lilii</strong></span> <span class='ocrx_word' id='word_1_525' title='bbox 987 1144 1075 1166; x_wconf 85' lang='lat' dir='ltr'><strong>erant.</strong></span> <span class='ocrx_word' id='word_1_526' title='bbox 1089 1139 1153 1170; x_wconf 80' lang='lat' dir='ltr'><strong>Sed,</strong></span> <span class='ocrx_word' id='word_1_527' title='bbox 1167 1138 1205 1165; x_wconf 88' lang='lat' dir='ltr'><strong>uti</strong></span> <span class='ocrx_word' id='word_1_528' title='bbox 1218 1137 1285 1169; x_wconf 83' lang='lat' dir='ltr'><strong>dixi,</strong></span> <span class='ocrx_word' id='word_1_529' title='bbox 1302 1137 1418 1164; x_wconf 83' lang='lat' dir='ltr'><strong>Satanas</strong></span> <span class='ocrx_word' id='word_1_530' title='bbox 1441 1143 1537 1163; x_wconf 89' lang='lat' dir='ltr'><strong>omnes</strong></span> <span class='ocrx_word' id='word_1_531' title='bbox 1556 1134 1707 1168; x_wconf 83' lang='lat' dir='ltr'><strong>dissipavit,</strong></span> 
     </span>
    </p>
   </div>
   <div class='ocr_carea' id='block_1_69' title="bbox 923 1180 1709 1219">
    <p class='ocr_par' dir='ltr' id='par_1_69' title="bbox 923 1180 1709 1219">
     <span class='ocr_line' id='line_1_69' title="bbox 923 1180 1709 1219; baseline -0.008 -7"><span class='ocrx_word' id='word_1_532' title='bbox 923 1191 951 1213; x_wconf 90' lang='lat' dir='ltr'><strong>et</strong></span> <span class='ocrx_word' id='word_1_533' title='bbox 968 1185 993 1212; x_wconf 92' lang='lat' dir='ltr'><strong>in</strong></span> <span class='ocrx_word' id='word_1_534' title='bbox 1010 1185 1084 1211; x_wconf 86' lang='lat' dir='ltr'><strong>varia</strong></span> <span class='ocrx_word' id='word_1_535' title='bbox 1100 1190 1210 1219; x_wconf 84' lang='lat' dir='ltr'><strong>peccata</strong></span> <span class='ocrx_word' id='word_1_536' title='bbox 1229 1184 1416 1219; x_wconf 67' lang='lat' dir='ltr'><strong>praecipitavit,</strong></span> <span class='ocrx_word' id='word_1_537' title='bbox 1440 1187 1466 1211; x_wconf 82' lang='lat' dir='ltr'><strong>et</strong></span> <span class='ocrx_word' id='word_1_538' title='bbox 1480 1190 1494 1209; x_wconf 85' lang='lat' dir='ltr'><strong>a</strong></span> <span class='ocrx_word' id='word_1_539' title='bbox 1519 1180 1709 1216; x_wconf 83' lang='lat' dir='ltr'><strong>conjunctione</strong></span> 
     </span>
    </p>
   </div>
   <div class='ocr_carea' id='block_1_70' title="bbox 923 1227 1706 1266">
    <p class='ocr_par' dir='ltr' id='par_1_70' title="bbox 923 1227 1706 1266">
     <span class='ocr_line' id='line_1_70' title="bbox 923 1227 1706 1266; baseline -0.009 -7"><span class='ocrx_word' id='word_1_540' title='bbox 923 1239 983 1266; x_wconf 66' lang='lat' dir='ltr'><strong>quae</strong></span> <span class='ocrx_word' id='word_1_541' title='bbox 1002 1239 1063 1259; x_wconf 82' lang='lat' dir='ltr'><strong>cuin</strong></span> <span class='ocrx_word' id='word_1_542' title='bbox 1081 1231 1125 1258; x_wconf 88' lang='lat' dir='ltr'><strong>illo</strong></span> <span class='ocrx_word' id='word_1_543' title='bbox 1140 1237 1208 1263; x_wconf 86' lang='lat' dir='ltr'><strong>erat,</strong></span> <span class='ocrx_word' id='word_1_544' title='bbox 1222 1231 1355 1257; x_wconf 74' lang='lat' dir='ltr'><strong>abstraxit</strong></span> <span class='ocrx_word' id='word_1_545' title='bbox 1382 1229 1408 1256; x_wconf 91' lang='lat' dir='ltr'><strong>iu</strong></span> <span class='ocrx_word' id='word_1_546' title='bbox 1425 1235 1543 1256; x_wconf 88' lang='lat' dir='ltr'><strong>errorem</strong></span> <span class='ocrx_word' id='word_1_547' title='bbox 1567 1227 1706 1254; x_wconf 90' lang='lat' dir='ltr'><strong>abductos.</strong></span> 
     </span>
    </p>
   </div>
   <div class='ocr_carea' id='block_1_71' title="bbox 924 1272 1707 1304">
    <p class='ocr_par' dir='ltr' id='par_1_71' title="bbox 924 1272 1707 1304">
     <span class='ocr_line' id='line_1_71' title="bbox 924 1272 1707 1304; baseline -0.008 0"><span class='ocrx_word' id='word_1_548' title='bbox 924 1277 1023 1304; x_wconf 62' lang='lat' dir='ltr'><strong>Verum</strong></span> <span class='ocrx_word' id='word_1_549' title='bbox 1041 1277 1147 1304; x_wconf 83' lang='lat' dir='ltr'><strong>reduxit</strong></span> <span class='ocrx_word' id='word_1_550' title='bbox 1163 1276 1241 1304; x_wconf 88' lang='lat' dir='ltr'><strong>simul</strong></span> <span class='ocrx_word' id='word_1_551' title='bbox 1261 1283 1355 1303; x_wconf 87' lang='lat' dir='ltr'><strong>omnes</strong></span> <span class='ocrx_word' id='word_1_552' title='bbox 1373 1274 1508 1302; x_wconf 85' lang='lat' dir='ltr'><strong>Christus.</strong></span> <span class='ocrx_word' id='word_1_553' title='bbox 1534 1273 1612 1301; x_wconf 80' lang='lat' dir='ltr'><strong>Venit</strong></span> <span class='ocrx_word' id='word_1_554' title='bbox 1636 1272 1707 1299; x_wconf 86' lang='lat' dir='ltr'><strong>enim</strong></span> 
     </span>
    </p>
   </div>
   <div class='ocr_carea' id='block_1_72' title="bbox 923 1318 1707 1357">
    <p class='ocr_par' dir='ltr' id='par_1_72' title="bbox 923 1318 1707 1357">
     <span class='ocr_line' id='line_1_72' title="bbox 923 1318 1707 1357; baseline -0.006 -9"><span class='ocrx_word' id='word_1_555' title='bbox 923 1323 1066 1357; x_wconf 67' lang='lat' dir='ltr'><strong>quaisitum</strong></span> <span class='ocrx_word' id='word_1_556' title='bbox 1093 1322 1118 1349; x_wconf 89' lang='lat' dir='ltr'><strong>id</strong></span> <span class='ocrx_word' id='word_1_557' title='bbox 1138 1322 1207 1356; x_wconf 88' lang='lat' dir='ltr'><strong>quod</strong></span> <span class='ocrx_word' id='word_1_558' title='bbox 1223 1321 1349 1356; x_wconf 81' lang='lat' dir='ltr'><strong>perierat.</strong></span> <span class='ocrx_word' id='word_1_559' title='bbox 1365 1320 1422 1347; x_wconf 81' lang='lat' dir='ltr'><strong>Hoc</strong></span> <span class='ocrx_word' id='word_1_560' title='bbox 1438 1319 1526 1346; x_wconf 87' lang='lat' dir='ltr'><strong>verbis</strong></span> <span class='ocrx_word' id='word_1_561' title='bbox 1541 1319 1614 1345; x_wconf 80' lang='lat' dir='ltr'><strong>hisce</strong></span> <span class='ocrx_word' id='word_1_562' title='bbox 1626 1318 1707 1344; x_wconf 85' lang='lat' dir='ltr'><strong>etiam</strong></span> 
     </span>
    </p>
   </div>
   <div class='ocr_carea' id='block_1_73' title="bbox 924 1363 1708 1403">
    <p class='ocr_par' dir='ltr' id='par_1_73' title="bbox 924 1363 1708 1403">
     <span class='ocr_line' id='line_1_73' title="bbox 924 1363 1708 1403; baseline -0.008 -7"><span class='ocrx_word' id='word_1_563' title='bbox 924 1369 1101 1403; x_wconf 81' lang='lat' dir='ltr'><strong>signiﬁcatur.</strong></span> <span class='ocrx_word' id='word_1_564' title='bbox 1118 1367 1260 1395; x_wconf 83' lang='lat' dir='ltr'><strong>Pollicetur</strong></span> <span class='ocrx_word' id='word_1_565' title='bbox 1275 1367 1346 1394; x_wconf 87' lang='lat' dir='ltr'><strong>enim</strong></span> <span class='ocrx_word' id='word_1_566' title='bbox 1355 1366 1503 1402; x_wconf 67' lang='lat' dir='ltr'><strong>Synagogaa</strong></span> <span class='ocrx_word' id='word_1_567' title='bbox 1519 1372 1565 1392; x_wconf 89' lang='lat' dir='ltr'><strong>seu</strong></span> <span class='ocrx_word' id='word_1_568' title='bbox 1577 1363 1708 1391; x_wconf 75' lang='lat' dir='ltr'><strong>Ecclesiae</strong></span> 
     </span>
    </p>
   </div>
   <div class='ocr_carea' id='block_1_74' title="bbox 923 1410 1708 1449">
    <p class='ocr_par' dir='ltr' id='par_1_74' title="bbox 923 1410 1708 1449">
     <span class='ocr_line' id='line_1_74' title="bbox 923 1410 1708 1449; baseline -0.008 -8"><span class='ocrx_word' id='word_1_569' title='bbox 923 1421 955 1441; x_wconf 76' lang='lat' dir='ltr'><strong>ex</strong></span> <span class='ocrx_word' id='word_1_570' title='bbox 968 1415 1093 1449; x_wconf 78' lang='lat' dir='ltr'><strong>gentibus</strong></span> <span class='ocrx_word' id='word_1_571' title='bbox 1105 1418 1132 1441; x_wconf 83' lang='lat' dir='ltr'><strong>et</strong></span> <span class='ocrx_word' id='word_1_572' title='bbox 1147 1413 1245 1440; x_wconf 67' lang='lat' dir='ltr'><strong>Jutlteis</strong></span> <span class='ocrx_word' id='word_1_573' title='bbox 1259 1418 1368 1445; x_wconf 63' lang='lat' dir='ltr'><strong>coactae,</strong></span> <span class='ocrx_word' id='word_1_574' title='bbox 1389 1420 1417 1439; x_wconf 91' lang='lat' dir='ltr'><strong>se</strong></span> <span class='ocrx_word' id='word_1_575' title='bbox 1436 1418 1530 1438; x_wconf 89' lang='lat' dir='ltr'><strong>omnes</strong></span> <span class='ocrx_word' id='word_1_576' title='bbox 1548 1410 1581 1437; x_wconf 87' lang='lat' dir='ltr'><strong>ab</strong></span> <span class='ocrx_word' id='word_1_577' title='bbox 1602 1410 1708 1437; x_wconf 80' lang='lat' dir='ltr'><strong>oriente</strong></span> 
     </span>
    </p>
   </div>
   <div class='ocr_carea' id='block_1_75' title="bbox 923 1455 1708 1493">
    <p class='ocr_par' dir='ltr' id='par_1_75' title="bbox 923 1455 1708 1493">
     <span class='ocr_line' id='line_1_75' title="bbox 923 1455 1708 1493; baseline -0.008 -6"><span class='ocrx_word' id='word_1_578' title='bbox 923 1461 957 1487; x_wconf 82' lang='lat' dir='ltr'><strong>ad</strong></span> <span class='ocrx_word' id='word_1_579' title='bbox 970 1460 1152 1492; x_wconf 86' lang='lat' dir='ltr'><strong>occidentem,</strong></span> <span class='ocrx_word' id='word_1_580' title='bbox 1173 1464 1199 1487; x_wconf 90' lang='lat' dir='ltr'><strong>et</strong></span> <span class='ocrx_word' id='word_1_581' title='bbox 1216 1459 1250 1485; x_wconf 84' lang='lat' dir='ltr'><strong>ab</strong></span> <span class='ocrx_word' id='word_1_582' title='bbox 1264 1458 1396 1493; x_wconf 84' lang='lat' dir='ltr'><strong>Aquilone</strong></span> <span class='ocrx_word' id='word_1_583' title='bbox 1415 1465 1446 1484; x_wconf 89' lang='lat' dir='ltr'><strong>ac</strong></span> <span class='ocrx_word' id='word_1_584' title='bbox 1458 1457 1548 1484; x_wconf 85' lang='lat' dir='ltr'><strong>Al‘rico</strong></span> <span class='ocrx_word' id='word_1_585' title='bbox 1558 1476 1565 1488; x_wconf 90' lang='lat'><strong>,</strong></span> <span class='ocrx_word' id='word_1_586' title='bbox 1583 1455 1639 1483; x_wconf 87' lang='lat' dir='ltr'><strong>sive</strong></span> <span class='ocrx_word' id='word_1_587' title='bbox 1652 1456 1708 1481; x_wconf 83' lang='lat' dir='ltr'><strong>Au-</strong></span> 
     </span>
    </p>
   </div>
   <div class='ocr_carea' id='block_1_76' title="bbox 924 1501 1707 1538">
    <p class='ocr_par' dir='ltr' id='par_1_76' title="bbox 924 1501 1707 1538">
     <span class='ocr_line' id='line_1_76' title="bbox 924 1501 1707 1538; baseline -0.009 -5"><span class='ocrx_word' id='word_1_588' title='bbox 924 1510 992 1538; x_wconf 91' lang='lat' dir='ltr'><strong>stro,</strong></span> <span class='ocrx_word' id='word_1_589' title='bbox 1008 1506 1194 1536; x_wconf 87' lang='lat' dir='ltr'><strong>colleclurum,</strong></span> <span class='ocrx_word' id='word_1_590' title='bbox 1208 1509 1237 1531; x_wconf 92' lang='lat' dir='ltr'><strong>ut</strong></span> <span class='ocrx_word' id='word_1_591' title='bbox 1259 1504 1321 1531; x_wconf 89' lang='lat' dir='ltr'><strong>imle</strong></span> <span class='ocrx_word' id='word_1_592' title='bbox 1343 1511 1424 1530; x_wconf 87' lang='lat' dir='ltr'><strong>omne</strong></span> <span class='ocrx_word' id='word_1_593' title='bbox 1436 1503 1515 1530; x_wconf 84' lang='lat' dir='ltr'><strong>clima</strong></span> <span class='ocrx_word' id='word_1_594' title='bbox 1543 1510 1575 1529; x_wconf 85' lang='lat' dir='ltr'><strong>ac</strong></span> <span class='ocrx_word' id='word_1_595' title='bbox 1603 1501 1707 1535; x_wconf 76' lang='lat' dir='ltr'><strong>plagam</strong></span> 
     </span>
    </p>
   </div>
   <div class='ocr_carea' id='block_1_77' title="bbox 925 1547 1710 1583">
    <p class='ocr_par' dir='ltr' id='par_1_77' title="bbox 925 1547 1710 1583">
     <span class='ocr_line' id='line_1_77' title="bbox 925 1547 1710 1583; baseline -0.005 -6"><span class='ocrx_word' id='word_1_596' title='bbox 925 1551 1016 1577; x_wconf 89' lang='lat' dir='ltr'><strong>mundi</strong></span> <span class='ocrx_word' id='word_1_597' title='bbox 1031 1551 1175 1583; x_wconf 77' lang='lat' dir='ltr'><strong>intelligas.</strong></span> <span class='ocrx_word' id='word_1_598' title='bbox 1194 1549 1290 1577; x_wconf 88' lang='lat' dir='ltr'><strong>Oriens</strong></span> <span class='ocrx_word' id='word_1_599' title='bbox 1306 1550 1376 1577; x_wconf 89' lang='lat' dir='ltr'><strong>enim</strong></span> <span class='ocrx_word' id='word_1_600' title='bbox 1391 1553 1418 1575; x_wconf 89' lang='lat' dir='ltr'><strong>et</strong></span> <span class='ocrx_word' id='word_1_601' title='bbox 1433 1556 1554 1580; x_wconf 84' lang='lat' dir='ltr'><strong>occasus,</strong></span> <span class='ocrx_word' id='word_1_602' title='bbox 1572 1547 1668 1582; x_wconf 78' lang='lat' dir='ltr'><strong>Aquilo</strong></span> <span class='ocrx_word' id='word_1_603' title='bbox 1681 1551 1710 1573; x_wconf 88' lang='lat' dir='ltr'><strong>et</strong></span> 
     </span>
    </p>
   </div>
   <div class='ocr_carea' id='block_1_78' title="bbox 922 1592 1710 1627">
    <p class='ocr_par' dir='ltr' id='par_1_78' title="bbox 922 1592 1710 1627">
     <span class='ocr_line' id='line_1_78' title="bbox 922 1592 1710 1627; baseline -0.003 -7"><span class='ocrx_word' id='word_1_604' title='bbox 922 1594 1032 1627; x_wconf 81' lang='lat' dir='ltr'><strong>Auster,</strong></span> <span class='ocrx_word' id='word_1_605' title='bbox 1057 1595 1082 1621; x_wconf 92' lang='lat' dir='ltr'><strong>id</strong></span> <span class='ocrx_word' id='word_1_606' title='bbox 1102 1595 1212 1621; x_wconf 88' lang='lat' dir='ltr'><strong>omnino</strong></span> <span class='ocrx_word' id='word_1_607' title='bbox 1238 1594 1315 1621; x_wconf 89' lang='lat' dir='ltr'><strong>nobis</strong></span> <span class='ocrx_word' id='word_1_608' title='bbox 1341 1593 1522 1621; x_wconf 87' lang='lat' dir='ltr'><strong>subiudieant.</strong></span> <span class='ocrx_word' id='word_1_609' title='bbox 1548 1592 1615 1619; x_wconf 88' lang='lat' dir='ltr'><strong>Cum</strong></span> <span class='ocrx_word' id='word_1_610' title='bbox 1644 1592 1710 1618; x_wconf 85' lang='lat' dir='ltr'><strong>dicit</strong></span> 
     </span>
    </p>
   </div>
   <div class='ocr_carea' id='block_1_79' title="bbox 922 1637 1707 1674">
    <p class='ocr_par' dir='ltr' id='par_1_79' title="bbox 922 1637 1707 1674">
     <span class='ocr_line' id='line_1_79' title="bbox 922 1637 1707 1674; baseline -0.005 -7"><span class='ocrx_word' id='word_1_611' title='bbox 922 1640 1004 1672; x_wconf 84' lang='lat' dir='ltr'><strong>enim,</strong></span> <span class='ocrx_word' id='word_1_612' title='bbox 1020 1639 1145 1674; x_wconf 80' lang='lat' dir='ltr'><strong>Aquiloni</strong></span> <span class='ocrx_word' id='word_1_613' title='bbox 1159 1649 1166 1667; x_wconf 86' lang='lat'>:</span> <span class='ocrx_word' id='word_1_614' title='bbox 1183 1640 1287 1671; x_wconf 84' lang='lat' dir='ltr'><strong>Ducito,</strong></span> <span class='ocrx_word' id='word_1_615' title='bbox 1302 1643 1329 1666; x_wconf 89' lang='lat' dir='ltr'><strong>et</strong></span> <span class='ocrx_word' id='word_1_616' title='bbox 1344 1639 1436 1666; x_wconf 76' lang='lat' dir='ltr'><strong>Africo</strong></span> <span class='ocrx_word' id='word_1_617' title='bbox 1453 1648 1458 1666; x_wconf 92' lang='lat'>:</span> <span class='ocrx_word' id='word_1_618' title='bbox 1474 1637 1512 1665; x_wconf 83' lang='lat' dir='ltr'><strong>Ne</strong></span> <span class='ocrx_word' id='word_1_619' title='bbox 1534 1638 1675 1672; x_wconf 80' lang='lat' dir='ltr'><strong>prohibeto</strong></span> <span class='ocrx_word' id='word_1_620' title='bbox 1701 1645 1707 1664; x_wconf 93' lang='lat'><strong>:</strong></span> 
     </span>
    </p>
   </div>
   <div class='ocr_carea' id='block_1_80' title="bbox 923 1683 1735 1720">
    <p class='ocr_par' dir='ltr' id='par_1_80' title="bbox 923 1683 1735 1720">
     <span class='ocr_line' id='line_1_80' title="bbox 923 1683 1735 1720; baseline -0.005 -7"><span class='ocrx_word' id='word_1_621' title='bbox 923 1686 969 1713; x_wconf 84' lang='lat' dir='ltr'><strong>dat</strong></span> <span class='ocrx_word' id='word_1_622' title='bbox 990 1686 1140 1720; x_wconf 76' lang='lat' dir='ltr'><strong>intelligere</strong></span> <span class='ocrx_word' id='word_1_623' title='bbox 1161 1693 1260 1713; x_wconf 86' lang='lat' dir='ltr'><strong>senon</strong></span> <span class='ocrx_word' id='word_1_624' title='bbox 1286 1685 1441 1720; x_wconf 86' lang='lat' dir='ltr'><strong>permittere</strong></span> <span class='ocrx_word' id='word_1_625' title='bbox 1464 1688 1492 1711; x_wconf 86' lang='lat' dir='ltr'><strong>ut</strong></span> <span class='ocrx_word' id='word_1_626' title='bbox 1519 1684 1565 1710; x_wconf 83' lang='lat' dir='ltr'><strong>l‘eri</strong></span> <span class='ocrx_word' id='word_1_627' title='bbox 1593 1688 1619 1711; x_wconf 87' lang='lat' dir='ltr'><strong>et</strong></span> <span class='ocrx_word' id='word_1_628' title='bbox 1647 1683 1708 1709; x_wconf 82' lang='lat' dir='ltr'><strong>ntali</strong></span> <span class='ocrx_word' id='word_1_629' title='bbox 1732 1687 1735 1690; x_wconf 94' lang='lat'>&#39;</span> 
     </span>
    </p>
   </div>
   <div class='ocr_carea' id='block_1_81' title="bbox 925 1729 1708 1767">
    <p class='ocr_par' dir='ltr' id='par_1_81' title="bbox 925 1729 1708 1767">
     <span class='ocr_line' id='line_1_81' title="bbox 925 1729 1708 1767; baseline -0.006 -7"><span class='ocrx_word' id='word_1_630' title='bbox 925 1733 1036 1767; x_wconf 90' lang='lat' dir='ltr'><strong>spiritus</strong></span> <span class='ocrx_word' id='word_1_631' title='bbox 1063 1733 1095 1760; x_wconf 83' lang='lat' dir='ltr'><strong>ad</strong></span> <span class='ocrx_word' id='word_1_632' title='bbox 1108 1740 1138 1760; x_wconf 86' lang='lat' dir='ltr'><strong>se</strong></span> <span class='ocrx_word' id='word_1_633' title='bbox 1152 1732 1324 1759; x_wconf 86' lang='lat' dir='ltr'><strong>venientibus</strong></span> <span class='ocrx_word' id='word_1_634' title='bbox 1344 1731 1472 1757; x_wconf 87' lang='lat' dir='ltr'><strong>resistant</strong></span> <span class='ocrx_word' id='word_1_635' title='bbox 1486 1729 1708 1763; x_wconf 70' lang='lat' dir='ltr'><strong>iutelligthihter:</strong></span> 
     </span>
    </p>
   </div>
   <div class='ocr_carea' id='block_1_82' title="bbox 923 1776 1708 1813">
    <p class='ocr_par' dir='ltr' id='par_1_82' title="bbox 923 1776 1708 1813">
     <span class='ocr_line' id='line_1_82' title="bbox 923 1776 1708 1813; baseline -0.004 -9"><span class='ocrx_word' id='word_1_636' title='bbox 923 1778 1149 1813; x_wconf 85' lang='lat' dir='ltr'><strong>quemadmodum</strong></span> <span class='ocrx_word' id='word_1_637' title='bbox 1175 1783 1202 1805; x_wconf 91' lang='lat' dir='ltr'><strong>et</strong></span> <span class='ocrx_word' id='word_1_638' title='bbox 1228 1777 1291 1804; x_wconf 90' lang='lat' dir='ltr'><strong>olim</strong></span> <span class='ocrx_word' id='word_1_639' title='bbox 1323 1778 1472 1804; x_wconf 87' lang='lat' dir='ltr'><strong>sceleratus</strong></span> <span class='ocrx_word' id='word_1_640' title='bbox 1492 1776 1617 1809; x_wconf 78' lang='lat' dir='ltr'><strong>Satanas,</strong></span> <span class='ocrx_word' id='word_1_641' title='bbox 1647 1783 1708 1802; x_wconf 89' lang='lat' dir='ltr'><strong>cum</strong></span> 
     </span>
    </p>
   </div>
   <div class='ocr_carea' id='block_1_83' title="bbox 923 1822 1708 1858">
    <p class='ocr_par' dir='ltr' id='par_1_83' title="bbox 923 1822 1708 1858">
     <span class='ocr_line' id='line_1_83' title="bbox 923 1822 1708 1858; baseline -0.005 -8"><span class='ocrx_word' id='word_1_642' title='bbox 923 1824 980 1851; x_wconf 86' lang='lat' dir='ltr'><strong>suis</strong></span> <span class='ocrx_word' id='word_1_643' title='bbox 995 1823 1247 1858; x_wconf 75' lang='lat' dir='ltr'><strong>propugnatoribus,</strong></span> <span class='ocrx_word' id='word_1_644' title='bbox 1266 1830 1314 1850; x_wconf 91' lang='lat' dir='ltr'><strong>ceu</strong></span> <span class='ocrx_word' id='word_1_645' title='bbox 1335 1827 1465 1858; x_wconf 85' lang='lat' dir='ltr'><strong>tyrannus</strong></span> <span class='ocrx_word' id='word_1_646' title='bbox 1484 1822 1591 1856; x_wconf 88' lang='lat' dir='ltr'><strong>quidam</strong></span> <span class='ocrx_word' id='word_1_647' title='bbox 1621 1828 1708 1848; x_wconf 68' lang='lat' dir='ltr'><strong>saevus</strong></span> 
     </span>
    </p>
   </div>
   <div class='ocr_carea' id='block_1_84' title="bbox 923 1867 1706 1903">
    <p class='ocr_par' dir='ltr' id='par_1_84' title="bbox 923 1867 1706 1903">
     <span class='ocr_line' id='line_1_84' title="bbox 923 1867 1706 1903; baseline -0.005 -7"><span class='ocrx_word' id='word_1_648' title='bbox 923 1874 951 1896; x_wconf 87' lang='lat' dir='ltr'><strong>et</strong></span> <span class='ocrx_word' id='word_1_649' title='bbox 963 1869 1103 1903; x_wconf 88' lang='lat' dir='ltr'><strong>superbus,</strong></span> <span class='ocrx_word' id='word_1_650' title='bbox 1135 1869 1162 1895; x_wconf 88' lang='lat' dir='ltr'><strong>in</strong></span> <span class='ocrx_word' id='word_1_651' title='bbox 1188 1872 1266 1895; x_wconf 72' lang='lat' dir='ltr'><strong>terra:</strong></span> <span class='ocrx_word' id='word_1_652' title='bbox 1291 1867 1393 1895; x_wconf 84' lang='lat' dir='ltr'><strong>incolas</strong></span> <span class='ocrx_word' id='word_1_653' title='bbox 1416 1872 1554 1902; x_wconf 80' lang='lat' dir='ltr'><strong>grassatus</strong></span> <span class='ocrx_word' id='word_1_654' title='bbox 1577 1871 1628 1897; x_wconf 89' lang='lat' dir='ltr'><strong>est,</strong></span> <span class='ocrx_word' id='word_1_655' title='bbox 1652 1873 1706 1892; x_wconf 88' lang='lat' dir='ltr'><strong>non</strong></span> 
     </span>
    </p>
   </div>
   <div class='ocr_carea' id='block_1_85' title="bbox 923 1912 1710 1949">
    <p class='ocr_par' dir='ltr' id='par_1_85' title="bbox 923 1912 1710 1949">
     <span class='ocr_line' id='line_1_85' title="bbox 923 1912 1710 1949; baseline -0.005 -8"><span class='ocrx_word' id='word_1_656' title='bbox 923 1914 1082 1949; x_wconf 84' lang='lat' dir='ltr'><strong>permittens</strong></span> <span class='ocrx_word' id='word_1_657' title='bbox 1094 1922 1140 1941; x_wconf 89' lang='lat' dir='ltr'><strong>eos</strong></span> <span class='ocrx_word' id='word_1_658' title='bbox 1154 1914 1250 1941; x_wconf 71' lang='lat' dir='ltr'><strong>intueri</strong></span> <span class='ocrx_word' id='word_1_659' title='bbox 1267 1914 1418 1946; x_wconf 83' lang='lat' dir='ltr'><strong>veritatem,</strong></span> <span class='ocrx_word' id='word_1_660' title='bbox 1439 1913 1480 1940; x_wconf 88' lang='lat' dir='ltr'><strong>vel</strong></span> <span class='ocrx_word' id='word_1_661' title='bbox 1501 1913 1533 1940; x_wconf 85' lang='lat' dir='ltr'><strong>ad</strong></span> <span class='ocrx_word' id='word_1_662' title='bbox 1556 1912 1640 1939; x_wconf 89' lang='lat' dir='ltr'><strong>Deum</strong></span> <span class='ocrx_word' id='word_1_663' title='bbox 1661 1919 1710 1946; x_wconf 86' lang='lat' dir='ltr'><strong>per</strong></span> 
     </span>
    </p>
   </div>
   <div class='ocr_carea' id='block_1_86' title="bbox 924 1958 1708 1992">
    <p class='ocr_par' dir='ltr' id='par_1_86' title="bbox 924 1958 1708 1992">
     <span class='ocr_line' id='line_1_86' title="bbox 924 1958 1708 1992; baseline -0.004 -6"><span class='ocrx_word' id='word_1_664' title='bbox 924 1960 1128 1987; x_wconf 75' lang='lat' dir='ltr'><strong>conversionem</strong></span> <span class='ocrx_word' id='word_1_665' title='bbox 1144 1960 1282 1987; x_wconf 81' lang='lat' dir='ltr'><strong>accedere.</strong></span> <span class='ocrx_word' id='word_1_666' title='bbox 1307 1959 1359 1986; x_wconf 82' lang='lat' dir='ltr'><strong>Sed</strong></span> <span class='ocrx_word' id='word_1_667' title='bbox 1377 1963 1403 1986; x_wconf 90' lang='lat' dir='ltr'><strong>et</strong></span> <span class='ocrx_word' id='word_1_668' title='bbox 1427 1959 1477 1986; x_wconf 87' lang='lat' dir='ltr'><strong>hoc</strong></span> <span class='ocrx_word' id='word_1_669' title='bbox 1501 1966 1548 1992; x_wconf 87' lang='lat' dir='ltr'><strong>per</strong></span> <span class='ocrx_word' id='word_1_670' title='bbox 1572 1958 1708 1985; x_wconf 90' lang='lat' dir='ltr'><strong>Christum</strong></span> 
     </span>
    </p>
   </div>
   <div class='ocr_carea' id='block_1_87' title="bbox 925 2004 1708 2041">
    <p class='ocr_par' dir='ltr' id='par_1_87' title="bbox 925 2004 1708 2041">
     <span class='ocr_line' id='line_1_87' title="bbox 925 2004 1708 2041; baseline -0.005 -7"><span class='ocrx_word' id='word_1_671' title='bbox 925 2007 1052 2034; x_wconf 87' lang='lat' dir='ltr'><strong>abolitum</strong></span> <span class='ocrx_word' id='word_1_672' title='bbox 1067 2010 1119 2038; x_wconf 89' lang='lat' dir='ltr'><strong>est,</strong></span> <span class='ocrx_word' id='word_1_673' title='bbox 1136 2007 1181 2041; x_wconf 86' lang='lat' dir='ltr'><strong>qui</strong></span> <span class='ocrx_word' id='word_1_674' title='bbox 1198 2005 1350 2041; x_wconf 85' lang='lat' dir='ltr'><strong>complanat</strong></span> <span class='ocrx_word' id='word_1_675' title='bbox 1373 2005 1444 2032; x_wconf 84' lang='lat' dir='ltr'><strong>viam</strong></span> <span class='ocrx_word' id='word_1_676' title='bbox 1475 2005 1569 2032; x_wconf 88' lang='lat' dir='ltr'><strong>salutis</strong></span> <span class='ocrx_word' id='word_1_677' title='bbox 1604 2004 1645 2031; x_wconf 85' lang='lat' dir='ltr'><strong>Itis</strong></span> <span class='ocrx_word' id='word_1_678' title='bbox 1663 2004 1708 2038; x_wconf 90' lang='lat' dir='ltr'><strong>qui</strong></span> 
     </span>
    </p>
   </div>
   <div class='ocr_carea' id='block_1_88' title="bbox 924 2049 1708 2086">
    <p class='ocr_par' dir='ltr' id='par_1_88' title="bbox 924 2049 1708 2086">
     <span class='ocr_line' id='line_1_88' title="bbox 924 2049 1708 2086; baseline -0.004 -7"><span class='ocrx_word' id='word_1_679' title='bbox 924 2053 1010 2080; x_wconf 84' lang='lat' dir='ltr'><strong>vocati</strong></span> <span class='ocrx_word' id='word_1_680' title='bbox 1025 2057 1096 2085; x_wconf 83' lang='lat' dir='ltr'><strong>sunt,</strong></span> <span class='ocrx_word' id='word_1_681' title='bbox 1113 2057 1140 2079; x_wconf 92' lang='lat' dir='ltr'><strong>et</strong></span> <span class='ocrx_word' id='word_1_682' title='bbox 1154 2059 1233 2079; x_wconf 80' lang='lat' dir='ltr'><strong>Omne</strong></span> <span class='ocrx_word' id='word_1_683' title='bbox 1246 2051 1412 2079; x_wconf 84' lang='lat' dir='ltr'><strong>obstaculum</strong></span> <span class='ocrx_word' id='word_1_684' title='bbox 1430 2056 1492 2078; x_wconf 84' lang='lat' dir='ltr'><strong>ante</strong></span> <span class='ocrx_word' id='word_1_685' title='bbox 1505 2051 1586 2086; x_wconf 86' lang='lat' dir='ltr'><strong>pedes</strong></span> <span class='ocrx_word' id='word_1_686' title='bbox 1602 2049 1708 2084; x_wconf 82' lang='lat' dir='ltr'><strong>jacons,</strong></span> 
     </span>
    </p>
   </div>
   <div class='ocr_carea' id='block_1_89' title="bbox 925 2096 1710 2134">
    <p class='ocr_par' dir='ltr' id='par_1_89' title="bbox 925 2096 1710 2134">
     <span class='ocr_line' id='line_1_89' title="bbox 925 2096 1710 2134; baseline -0.004 -8"><span class='ocrx_word' id='word_1_687' title='bbox 925 2099 1002 2134; x_wconf 85' lang='lat' dir='ltr'><strong>quasi</strong></span> <span class='ocrx_word' id='word_1_688' title='bbox 1019 2106 1034 2126; x_wconf 84' lang='lat' dir='ltr'><strong>e</strong></span> <span class='ocrx_word' id='word_1_689' title='bbox 1052 2099 1139 2126; x_wconf 86' lang='lat' dir='ltr'><strong>medio</strong></span> <span class='ocrx_word' id='word_1_690' title='bbox 1157 2098 1302 2125; x_wconf 89' lang='lat' dir='ltr'><strong>tollendum</strong></span> <span class='ocrx_word' id='word_1_691' title='bbox 1321 2103 1407 2126; x_wconf 86' lang='lat' dir='ltr'><strong>curat.</strong></span> <span class='ocrx_word' id='word_1_692' title='bbox 1424 2097 1489 2125; x_wconf 84' lang='lat' dir='ltr'><strong>Culll</strong></span> <span class='ocrx_word' id='word_1_693' title='bbox 1507 2096 1625 2124; x_wconf 84' lang='lat' dir='ltr'><strong>nominat</strong></span> <span class='ocrx_word' id='word_1_694' title='bbox 1642 2096 1710 2123; x_wconf 81' lang='lat' dir='ltr'><strong>ﬁlios</strong></span> 
     </span>
    </p>
   </div>
   <div class='ocr_carea' id='block_1_90' title="bbox 925 2142 1710 2179">
    <p class='ocr_par' dir='ltr' id='par_1_90' title="bbox 925 2142 1710 2179">
     <span class='ocr_line' id='line_1_90' title="bbox 925 2142 1710 2179; baseline -0.004 -8"><span class='ocrx_word' id='word_1_695' title='bbox 925 2150 951 2172; x_wconf 88' lang='lat' dir='ltr'><strong>et</strong></span> <span class='ocrx_word' id='word_1_696' title='bbox 965 2145 1043 2177; x_wconf 79' lang='lat' dir='ltr'><strong>ﬁlias,</strong></span> <span class='ocrx_word' id='word_1_697' title='bbox 1055 2145 1108 2178; x_wconf 77' lang='lat' dir='ltr'><strong>.qui</strong></span> <span class='ocrx_word' id='word_1_698' title='bbox 1128 2153 1142 2171; x_wconf 77' lang='grc' dir='ltr'><strong>ιι</strong></span> <span class='ocrx_word' id='word_1_699' title='bbox 1173 2149 1289 2178; x_wconf 84' lang='lat' dir='ltr'><strong>quatuor</strong></span> <span class='ocrx_word' id='word_1_700' title='bbox 1315 2145 1401 2179; x_wconf 77' lang='lat' dir='ltr'><strong>plagis</strong></span> <span class='ocrx_word' id='word_1_701' title='bbox 1429 2148 1553 2176; x_wconf 77' lang='lat' dir='ltr'><strong>currunt,</strong></span> <span class='ocrx_word' id='word_1_702' title='bbox 1580 2142 1710 2169; x_wconf 83' lang='lat' dir='ltr'><strong>adventus</strong></span> 
     </span>
    </p>
   </div>
   <div class='ocr_carea' id='block_1_91' title="bbox 925 2189 1711 2225">
    <p class='ocr_par' dir='ltr' id='par_1_91' title="bbox 925 2189 1711 2225">
     <span class='ocr_line' id='line_1_91' title="bbox 925 2189 1711 2225; baseline -0.005 -8"><span class='ocrx_word' id='word_1_703' title='bbox 925 2191 1024 2218; x_wconf 91' lang='lat' dir='ltr'><strong>Christi</strong></span> <span class='ocrx_word' id='word_1_704' title='bbox 1039 2195 1142 2225; x_wconf 86' lang='lat' dir='ltr'><strong>tempus</strong></span> <span class='ocrx_word' id='word_1_705' title='bbox 1157 2190 1319 2222; x_wconf 76' lang='lat' dir='ltr'><strong>manifestat,</strong></span> <span class='ocrx_word' id='word_1_706' title='bbox 1335 2197 1389 2225; x_wconf 90' lang='lat' dir='ltr'><strong>quo</strong></span> <span class='ocrx_word' id='word_1_707' title='bbox 1408 2190 1469 2216; x_wconf 86' lang='lat' dir='ltr'><strong>data</strong></span> <span class='ocrx_word' id='word_1_708' title='bbox 1483 2194 1526 2216; x_wconf 90' lang='lat' dir='ltr'><strong>est</strong></span> <span class='ocrx_word' id='word_1_709' title='bbox 1540 2194 1617 2216; x_wconf 70' lang='lat' dir='ltr'><strong>terrm</strong></span> <span class='ocrx_word' id='word_1_710' title='bbox 1637 2189 1711 2214; x_wconf 92' lang='lat' dir='ltr'><strong>inco-</strong></span> 
     </span>
    </p>
   </div>
   <div class='ocr_carea' id='block_1_92' title="bbox 97 2232 873 2275">
    <p class='ocr_par' dir='ltr' id='par_1_92' title="bbox 97 2236 869 2275">
     <span class='ocr_line' id='line_1_92' title="bbox 97 2236 869 2275; baseline -0.003 -10"><span class='ocrx_word' id='word_1_711' title='bbox 97 2239 220 2274; x_wconf 80' lang='grc' dir='ltr'>κείμενον,</span> <span class='ocrx_word' id='word_1_712' title='bbox 236 2239 291 2267; x_wconf 74' lang='grc' dir='ltr'>οἷον</span> <span class='ocrx_word' id='word_1_713' title='bbox 310 2242 342 2267; x_wconf 85' lang='grc' dir='ltr'>ὲκ</span> <span class='ocrx_word' id='word_1_714' title='bbox 359 2240 440 2275; x_wconf 71' lang='grc' dir='ltr'>μέσου</span> <span class='ocrx_word' id='word_1_715' title='bbox 458 2237 585 2274; x_wconf 78' lang='grc' dir='ltr'>γενέσθαι</span> <span class='ocrx_word' id='word_1_716' title='bbox 605 2236 869 2273; x_wconf 75' lang='grc' dir='ltr'>παρασκευάζοντος.</span> 
     </span>
    </p>
   </div>
   <div class='ocr_carea' id='block_1_93' title="bbox 928 2232 1709 2275">
    <p class='ocr_par' dir='ltr' id='par_1_93' title="bbox 928 2232 1709 2270">
     <span class='ocr_line' id='line_1_93' title="bbox 928 2232 1709 2270; baseline -0.005 -7"><span class='ocrx_word' id='word_1_717' title='bbox 928 2237 958 2263; x_wconf 92' lang='lat' dir='ltr'><strong>lis</strong></span> <span class='ocrx_word' id='word_1_718' title='bbox 971 2235 1122 2270; x_wconf 84' lang='lat' dir='ltr'><strong>adoptionis</strong></span> <span class='ocrx_word' id='word_1_719' title='bbox 1144 2236 1230 2269; x_wconf 75' lang='lat' dir='ltr'><strong>gratia</strong></span> <span class='ocrx_word' id='word_1_720' title='bbox 1252 2242 1299 2270; x_wconf 87' lang='lat' dir='ltr'><strong>per</strong></span> <span class='ocrx_word' id='word_1_721' title='bbox 1323 2234 1564 2261; x_wconf 81' lang='lat' dir='ltr'><strong>sanctiﬁcationem</strong></span> <span class='ocrx_word' id='word_1_722' title='bbox 1589 2233 1616 2259; x_wconf 93' lang='lat' dir='ltr'><strong>in</strong></span> <span class='ocrx_word' id='word_1_723' title='bbox 1648 2232 1709 2266; x_wconf 83' lang='lat' dir='ltr'><strong>Spi-</strong></span> 
     </span>
    </p>
   </div>
   <div class='ocr_carea' id='block_1_94' title="bbox 103 2282 876 2320">
    <p class='ocr_par' dir='ltr' id='par_1_94' title="bbox 103 2282 876 2320">
     <span class='ocr_line' id='line_1_94' title="bbox 103 2282 876 2320; baseline -0.003 -9"><span class='ocrx_word' id='word_1_724' title='bbox 103 2285 246 2320; x_wconf 83' lang='grc' dir='ltr'>Ὀνομάζων</span> <span class='ocrx_word' id='word_1_725' title='bbox 258 2286 286 2312; x_wconf 85' lang='grc' dir='ltr'>δὲ</span> <span class='ocrx_word' id='word_1_726' title='bbox 301 2286 386 2318; x_wconf 77' lang='grc' dir='ltr'>υἱοὺς,</span> <span class='ocrx_word' id='word_1_727' title='bbox 400 2285 448 2312; x_wconf 78' lang='grc' dir='ltr'><strong>καὶ</strong></span> <span class='ocrx_word' id='word_1_728' title='bbox 460 2284 611 2319; x_wconf 82' lang='grc' dir='ltr'>θυγατέρας</span> <span class='ocrx_word' id='word_1_729' title='bbox 623 2284 655 2310; x_wconf 80' lang='grc' dir='ltr'>ὲκ</span> <span class='ocrx_word' id='word_1_730' title='bbox 669 2283 724 2308; x_wconf 85' lang='grc' dir='ltr'>τῶν</span> <span class='ocrx_word' id='word_1_731' title='bbox 735 2282 876 2318; x_wconf 75' lang='grc' dir='ltr'>τεσσάρων</span> 
     </span>
    </p>
   </div>
   <div class='ocr_carea' id='block_1_95' title="bbox 103 2327 878 2365">
    <p class='ocr_par' dir='ltr' id='par_1_95' title="bbox 103 2327 878 2365">
     <span class='ocr_line' id='line_1_95' title="bbox 103 2327 878 2365; baseline -0.003 -10"><span class='ocrx_word' id='word_1_732' title='bbox 103 2330 235 2364; x_wconf 71' lang='grc' dir='ltr'>τρέχοντας</span> <span class='ocrx_word' id='word_1_733' title='bbox 250 2330 401 2365; x_wconf 82' lang='grc' dir='ltr'>κλιμάτων,</span> <span class='ocrx_word' id='word_1_734' title='bbox 414 2330 464 2365; x_wconf 84' lang='grc' dir='ltr'>τῆς</span> <span class='ocrx_word' id='word_1_735' title='bbox 476 2328 592 2364; x_wconf 76' lang='grc' dir='ltr'>Χριστοῦ</span> <span class='ocrx_word' id='word_1_736' title='bbox 608 2328 758 2364; x_wconf 82' lang='grc' dir='ltr'>παρουσίας</span> <span class='ocrx_word' id='word_1_737' title='bbox 769 2327 878 2362; x_wconf 74' lang='grc' dir='ltr'>ἐμφανῆ</span> 
     </span>
    </p>
   </div>
   <div class='ocr_carea' id='block_1_96' title="bbox 101 2374 876 2411">
    <p class='ocr_par' dir='ltr' id='par_1_96' title="bbox 101 2374 876 2411">
     <span class='ocr_line' id='line_1_96' title="bbox 101 2374 876 2411; baseline -0.003 -10"><span class='ocrx_word' id='word_1_738' title='bbox 101 2375 231 2411; x_wconf 70' lang='grc' dir='ltr'>καθίστησι</span> <span class='ocrx_word' id='word_1_739' title='bbox 245 2377 290 2403; x_wconf 60' lang='grc' dir='ltr'>τὴν</span> <span class='ocrx_word' id='word_1_740' title='bbox 306 2376 412 2411; x_wconf 75' lang='grc' dir='ltr'>καιρὸν,</span> <span class='ocrx_word' id='word_1_741' title='bbox 430 2375 491 2402; x_wconf 78' lang='grc' dir='ltr'>καθ’</span> <span class='ocrx_word' id='word_1_742' title='bbox 507 2375 536 2402; x_wconf 81' lang='grc' dir='ltr'>ὃν</span> <span class='ocrx_word' id='word_1_743' title='bbox 555 2374 659 2401; x_wconf 84' lang='grc' dir='ltr'>δέδοται</span> <span class='ocrx_word' id='word_1_744' title='bbox 683 2375 740 2405; x_wconf 84' lang='grc' dir='ltr'>τοῖς</span> <span class='ocrx_word' id='word_1_745' title='bbox 765 2374 812 2400; x_wconf 77' lang='grc' dir='ltr'>ἐπὶ</span> <span class='ocrx_word' id='word_1_746' title='bbox 828 2374 876 2407; x_wconf 84' lang='grc' dir='ltr'>τῆς</span> 
     </span>
    </p>
   </div>
   <div class='ocr_carea' id='block_1_97' title="bbox 52 2418 875 2456">
    <p class='ocr_par' dir='ltr' id='par_1_97' title="bbox 52 2418 875 2456">
     <span class='ocr_line' id='line_1_97' title="bbox 52 2418 875 2456; baseline -0.005 -8"><span class='ocrx_word' id='word_1_747' title='bbox 52 2421 56 2426; x_wconf 87' lang='grc'><em>”</em></span> <span class='ocrx_word' id='word_1_748' title='bbox 100 2420 144 2455; x_wconf 78' lang='grc' dir='ltr'>τῆς</span> <span class='ocrx_word' id='word_1_749' title='bbox 157 2421 202 2454; x_wconf 78' lang='grc' dir='ltr'>τῆς</span> <span class='ocrx_word' id='word_1_750' title='bbox 213 2422 372 2456; x_wconf 79' lang='grc' dir='ltr'>υίοθεσίαςή</span> <span class='ocrx_word' id='word_1_751' title='bbox 387 2421 467 2456; x_wconf 75' lang='grc' dir='ltr'>χάρις</span> <span class='ocrx_word' id='word_1_752' title='bbox 479 2420 512 2446; x_wconf 80' lang='grc' dir='ltr'>δι’</span> <span class='ocrx_word' id='word_1_753' title='bbox 528 2418 664 2454; x_wconf 81' lang='grc' dir='ltr'>ἁγιασμοῦ</span> <span class='ocrx_word' id='word_1_754' title='bbox 679 2419 708 2444; x_wconf 85' lang='grc' dir='ltr'>ὲν</span> <span class='ocrx_word' id='word_1_755' title='bbox 724 2419 875 2452; x_wconf 84' lang='grc' dir='ltr'>Πνεύματι.</span> 
     </span>
    </p>
   </div>
   <div class='ocr_carea' id='block_1_98' title="bbox 101 2464 873 2500">
    <p class='ocr_par' dir='ltr' id='par_1_98' title="bbox 101 2464 873 2500">
     <span class='ocr_line' id='line_1_98' title="bbox 101 2464 873 2500; baseline -0.004 -8"><span class='ocrx_word' id='word_1_756' title='bbox 101 2466 155 2492; x_wconf 85' lang='grc' dir='ltr'>Ὀτι</span> <span class='ocrx_word' id='word_1_757' title='bbox 172 2467 200 2493; x_wconf 77' lang='grc' dir='ltr'><strong>δὲ</strong></span> <span class='ocrx_word' id='word_1_758' title='bbox 213 2467 262 2495; x_wconf 66' lang='grc' dir='ltr'>οὒκ</span> <span class='ocrx_word' id='word_1_759' title='bbox 273 2468 366 2499; x_wconf 82' lang='grc' dir='ltr'>ἔθνους</span> <span class='ocrx_word' id='word_1_760' title='bbox 387 2467 456 2498; x_wconf 78' lang='grc' dir='ltr'>ἑνὸς,</span> <span class='ocrx_word' id='word_1_761' title='bbox 477 2466 552 2500; x_wconf 83' lang='grc' dir='ltr'>κοινὴ</span> <span class='ocrx_word' id='word_1_762' title='bbox 573 2465 602 2491; x_wconf 80' lang='grc' dir='ltr'><strong>δὲ</strong></span> <span class='ocrx_word' id='word_1_763' title='bbox 621 2465 669 2491; x_wconf 76' lang='grc' dir='ltr'>καὶ</span> <span class='ocrx_word' id='word_1_764' title='bbox 692 2464 740 2499; x_wconf 86' lang='grc' dir='ltr'><strong>μία</strong></span> <span class='ocrx_word' id='word_1_765' title='bbox 765 2464 873 2490; x_wconf 78' lang='grc' dir='ltr'>πάντων</span> 
     </span>
    </p>
   </div>
   <div class='ocr_carea' id='block_1_99' title="bbox 102 2509 872 2548">
    <p class='ocr_par' dir='ltr' id='par_1_99' title="bbox 102 2509 872 2548">
     <span class='ocr_line' id='line_1_99' title="bbox 102 2509 872 2548; baseline -0.004 -11"><span class='ocrx_word' id='word_1_766' title='bbox 102 2511 223 2548; x_wconf 77' lang='grc' dir='ltr'>γέγονενὴ</span> <span class='ocrx_word' id='word_1_767' title='bbox 234 2513 338 2548; x_wconf 81' lang='grc' dir='ltr'>κλῆσις,</span> <span class='ocrx_word' id='word_1_768' title='bbox 355 2512 490 2546; x_wconf 65' lang='grc' dir='ltr'>ὑπέφηνεν</span> <span class='ocrx_word' id='word_1_769' title='bbox 501 2509 594 2541; x_wconf 81' lang='grc' dir='ltr'>εἰπὼν,</span> <span class='ocrx_word' id='word_1_770' title='bbox 607 2509 724 2541; x_wconf 81' lang='grc' dir='ltr'>Πάντας,</span> <span class='ocrx_word' id='word_1_771' title='bbox 742 2509 799 2535; x_wconf 83' lang='grc' dir='ltr'>ὅσοι</span> <span class='ocrx_word' id='word_1_772' title='bbox 811 2510 872 2535; x_wconf 83' lang='grc' dir='ltr'>ἐπι-</span> 
     </span>
    </p>
   </div>
   <div class='ocr_carea' id='block_1_100' title="bbox 101 2554 877 2593">
    <p class='ocr_par' dir='ltr' id='par_1_100' title="bbox 101 2554 877 2593">
     <span class='ocr_line' id='line_1_100' title="bbox 101 2554 877 2593; baseline -0.004 -11"><span class='ocrx_word' id='word_1_773' title='bbox 101 2555 237 2592; x_wconf 80' lang='grc' dir='ltr'>κέκληνται</span> <span class='ocrx_word' id='word_1_774' title='bbox 249 2558 288 2593; x_wconf 82' lang='grc' dir='ltr'>τῷ</span> <span class='ocrx_word' id='word_1_775' title='bbox 308 2556 420 2592; x_wconf 80' lang='grc' dir='ltr'>ὀνόματί</span> <span class='ocrx_word' id='word_1_776' title='bbox 442 2564 503 2591; x_wconf 86' lang='grc' dir='ltr'>μου.</span> <span class='ocrx_word' id='word_1_777' title='bbox 530 2554 717 2590; x_wconf 78' lang='grc' dir='ltr'>Ὠνομάσμεθα</span> <span class='ocrx_word' id='word_1_778' title='bbox 735 2554 789 2589; x_wconf 86' lang='grc' dir='ltr'>γὰρ</span> <span class='ocrx_word' id='word_1_779' title='bbox 811 2555 877 2588; x_wconf 86' lang='grc' dir='ltr'>Χρι-</span> 
     </span>
    </p>
   </div>
   <div class='ocr_carea' id='block_1_101' title="bbox 104 2599 878 2640">
    <p class='ocr_par' dir='ltr' id='par_1_101' title="bbox 104 2599 878 2640">
     <span class='ocr_line' id='line_1_101' title="bbox 104 2599 878 2640; baseline -0.001 -14"><span class='ocrx_word' id='word_1_780' title='bbox 104 2603 204 2634; x_wconf 79' lang='grc' dir='ltr'>στιανοὶ,</span> <span class='ocrx_word' id='word_1_781' title='bbox 224 2604 281 2640; x_wconf 72' lang='grc' dir='ltr'>ἦτοι</span> <span class='ocrx_word' id='word_1_782' title='bbox 292 2604 355 2635; x_wconf 70' lang='grc' dir='ltr'>λαὸς</span> <span class='ocrx_word' id='word_1_783' title='bbox 370 2601 448 2629; x_wconf 85' lang='grc' dir='ltr'>Θεοῦ.</span> <span class='ocrx_word' id='word_1_784' title='bbox 465 2601 542 2628; x_wconf 73' lang='grc' dir='ltr'>Οὕτω</span> <span class='ocrx_word' id='word_1_785' title='bbox 565 2601 612 2636; x_wconf 80' lang='grc' dir='ltr'><strong>(ἀρ</strong></span> <span class='ocrx_word' id='word_1_786' title='bbox 624 2609 673 2626; x_wconf 90' lang='grc' dir='ltr'><strong>που</strong></span> <span class='ocrx_word' id='word_1_787' title='bbox 696 2600 764 2626; x_wconf 82' lang='grc' dir='ltr'><strong>καὶὸ</strong></span> <span class='ocrx_word' id='word_1_788' title='bbox 776 2599 878 2635; x_wconf 80' lang='grc' dir='ltr'>Πέτρος</span> 
     </span>
    </p>
   </div>
   <div class='ocr_carea' id='block_1_102' title="bbox 103 2645 877 2684">
    <p class='ocr_par' dir='ltr' id='par_1_102' title="bbox 103 2645 877 2684">
     <span class='ocr_line' id='line_1_102' title="bbox 103 2645 877 2684; baseline -0.008 -8"><span class='ocrx_word' id='word_1_789' title='bbox 103 2648 151 2678; x_wconf 80' lang='grc' dir='ltr'>τοῖς</span> <span class='ocrx_word' id='word_1_790' title='bbox 172 2648 345 2684; x_wconf 78' lang='grc' dir='ltr'>κεκλημένοις</span> <span class='ocrx_word' id='word_1_791' title='bbox 370 2648 413 2675; x_wconf 77' lang='grc' dir='ltr'><strong>διὰ</strong></span> <span class='ocrx_word' id='word_1_792' title='bbox 435 2647 484 2682; x_wconf 85' lang='grc' dir='ltr'><strong>τῆς</strong></span> <span class='ocrx_word' id='word_1_793' title='bbox 509 2646 628 2677; x_wconf 78' lang='grc' dir='ltr'>πίστεως</span> <span class='ocrx_word' id='word_1_794' title='bbox 655 2645 805 2671; x_wconf 81' lang='grc' dir='ltr'>ἐπιστέλλει</span> <span class='ocrx_word' id='word_1_795' title='bbox 830 2645 877 2671; x_wconf 80' lang='grc' dir='ltr'><strong>καί</strong></span> 
     </span>
    </p>
   </div>
   <div class='ocr_carea' id='block_1_103' title="bbox 106 2690 878 2730">
    <p class='ocr_par' dir='ltr' id='par_1_103' title="bbox 106 2690 878 2730">
     <span class='ocr_line' id='line_1_103' title="bbox 106 2690 878 2730; baseline 0.003 -15"><span class='ocrx_word' id='word_1_796' title='bbox 106 2699 191 2726; x_wconf 73' lang='grc' dir='ltr'>φησιν·</span> <span class='ocrx_word' id='word_1_797' title='bbox 215 2703 224 2720; x_wconf 67' lang='grc' dir='ltr'>ε</span> <span class='ocrx_word' id='word_1_798' title='bbox 243 2694 335 2730; x_wconf 77' lang='grc' dir='ltr'>Ὑμεῖς</span> <span class='ocrx_word' id='word_1_799' title='bbox 348 2694 386 2725; x_wconf 69' lang='grc' dir='ltr'><strong>δὲ,</strong></span> <span class='ocrx_word' id='word_1_800' title='bbox 401 2693 477 2727; x_wconf 75' lang='grc' dir='ltr'>γένος</span> <span class='ocrx_word' id='word_1_801' title='bbox 496 2691 632 2722; x_wconf 79' lang='grc' dir='ltr'>ἐκλεκτὸν,</span> <span class='ocrx_word' id='word_1_802' title='bbox 655 2690 787 2724; x_wconf 81' lang='grc' dir='ltr'>βασίλειον</span> <span class='ocrx_word' id='word_1_803' title='bbox 803 2691 878 2725; x_wconf 76' lang='grc' dir='ltr'><strong>ἱερὰ-</strong></span> 
     </span>
    </p>
   </div>
   <div class='ocr_carea' id='block_1_104' title="bbox 928 2279 1709 2314">
    <p class='ocr_par' dir='ltr' id='par_1_104' title="bbox 928 2279 1709 2314">
     <span class='ocr_line' id='line_1_104' title="bbox 928 2279 1709 2314; baseline -0.006 -6"><span class='ocrx_word' id='word_1_804' title='bbox 928 2282 991 2308; x_wconf 88' lang='lat' dir='ltr'><strong>ritu.</strong></span> <span class='ocrx_word' id='word_1_805' title='bbox 1009 2280 1066 2308; x_wconf 81' lang='lat' dir='ltr'><strong>Non</strong></span> <span class='ocrx_word' id='word_1_806' title='bbox 1083 2288 1142 2308; x_wconf 90' lang='lat' dir='ltr'><strong>esse</strong></span> <span class='ocrx_word' id='word_1_807' title='bbox 1157 2285 1245 2307; x_wconf 81' lang='lat' dir='ltr'><strong>autem</strong></span> <span class='ocrx_word' id='word_1_808' title='bbox 1263 2280 1342 2307; x_wconf 87' lang='lat' dir='ltr'><strong>unius</strong></span> <span class='ocrx_word' id='word_1_809' title='bbox 1358 2279 1456 2314; x_wconf 77' lang='lat' dir='ltr'><strong>gentis,</strong></span> <span class='ocrx_word' id='word_1_810' title='bbox 1468 2279 1515 2305; x_wconf 85' lang='lat' dir='ltr'><strong>sed</strong></span> <span class='ocrx_word' id='word_1_811' title='bbox 1529 2284 1709 2309; x_wconf 86' lang='lat' dir='ltr'><strong>communem,</strong></span> 
     </span>
    </p>
   </div>
   <div class='ocr_carea' id='block_1_105' title="bbox 927 2323 1709 2357">
    <p class='ocr_par' dir='ltr' id='par_1_105' title="bbox 927 2323 1709 2357">
     <span class='ocr_line' id='line_1_105' title="bbox 927 2323 1709 2357; baseline -0.009 -3"><span class='ocrx_word' id='word_1_812' title='bbox 927 2332 954 2354; x_wconf 87' lang='lat' dir='ltr'><strong>et</strong></span> <span class='ocrx_word' id='word_1_813' title='bbox 971 2334 1052 2353; x_wconf 88' lang='lat' dir='ltr'><strong>unam</strong></span> <span class='ocrx_word' id='word_1_814' title='bbox 1076 2326 1196 2353; x_wconf 91' lang='lat' dir='ltr'><strong>ontnium</strong></span> <span class='ocrx_word' id='word_1_815' title='bbox 1223 2325 1401 2357; x_wconf 91' lang='lat' dir='ltr'><strong>vocationem,</strong></span> <span class='ocrx_word' id='word_1_816' title='bbox 1431 2323 1622 2354; x_wconf 88' lang='lat' dir='ltr'><strong>subindicavit,</strong></span> <span class='ocrx_word' id='word_1_817' title='bbox 1649 2330 1709 2349; x_wconf 89' lang='lat' dir='ltr'><strong>cutn</strong></span> 
     </span>
    </p>
   </div>
   <div class='ocr_carea' id='block_1_106' title="bbox 928 2367 1711 2406">
    <p class='ocr_par' dir='ltr' id='par_1_106' title="bbox 928 2367 1711 2406">
     <span class='ocr_line' id='line_1_106' title="bbox 928 2367 1711 2406; baseline -0.006 -7"><span class='ocrx_word' id='word_1_818' title='bbox 928 2373 1018 2399; x_wconf 83' lang='lat' dir='ltr'><strong>dixit:</strong></span> <span class='ocrx_word' id='word_1_819' title='bbox 1035 2372 1171 2406; x_wconf 85' lang='lat' dir='ltr'><strong>Quotquot</strong></span> <span class='ocrx_word' id='word_1_820' title='bbox 1195 2371 1283 2398; x_wconf 85' lang='lat' dir='ltr'><strong>vocati</strong></span> <span class='ocrx_word' id='word_1_821' title='bbox 1310 2375 1373 2398; x_wconf 88' lang='lat' dir='ltr'><strong>sunt</strong></span> <span class='ocrx_word' id='word_1_822' title='bbox 1393 2370 1500 2397; x_wconf 91' lang='lat' dir='ltr'><strong>nomine</strong></span> <span class='ocrx_word' id='word_1_823' title='bbox 1523 2376 1592 2395; x_wconf 87' lang='lat' dir='ltr'><strong>meo.</strong></span> <span class='ocrx_word' id='word_1_824' title='bbox 1619 2367 1711 2395; x_wconf 81' lang='lat' dir='ltr'><strong>Nomi-</strong></span> 
     </span>
    </p>
   </div>
   <div class='ocr_carea' id='block_1_107' title="bbox 928 2414 1710 2451">
    <p class='ocr_par' dir='ltr' id='par_1_107' title="bbox 928 2414 1710 2451">
     <span class='ocr_line' id='line_1_107' title="bbox 928 2414 1710 2451; baseline -0.005 -7"><span class='ocrx_word' id='word_1_825' title='bbox 928 2426 1024 2444; x_wconf 82' lang='lat' dir='ltr'><strong>natuur</strong></span> <span class='ocrx_word' id='word_1_826' title='bbox 1038 2418 1108 2444; x_wconf 85' lang='lat' dir='ltr'><strong>enim</strong></span> <span class='ocrx_word' id='word_1_827' title='bbox 1126 2417 1284 2448; x_wconf 79' lang='lat' dir='ltr'><strong>Christiani,</strong></span> <span class='ocrx_word' id='word_1_828' title='bbox 1300 2425 1345 2444; x_wconf 83' lang='lat' dir='ltr'><strong>seu</strong></span> <span class='ocrx_word' id='word_1_829' title='bbox 1364 2417 1477 2451; x_wconf 90' lang='lat' dir='ltr'><strong>populus</strong></span> <span class='ocrx_word' id='word_1_830' title='bbox 1497 2415 1554 2443; x_wconf 85' lang='lat' dir='ltr'><strong>Dei.</strong></span> <span class='ocrx_word' id='word_1_831' title='bbox 1579 2414 1624 2442; x_wconf 90' lang='lat' dir='ltr'><strong>Sic</strong></span> <span class='ocrx_word' id='word_1_832' title='bbox 1640 2414 1710 2441; x_wconf 85' lang='lat' dir='ltr'><strong>enim</strong></span> 
     </span>
    </p>
   </div>
   <div class='ocr_carea' id='block_1_108' title="bbox 929 2462 1713 2503">
    <p class='ocr_par' dir='ltr' id='par_1_108' title="bbox 929 2462 1713 2503">
     <span class='ocr_line' id='line_1_108' title="bbox 929 2462 1713 2503; baseline -0.006 -12"><span class='ocrx_word' id='word_1_833' title='bbox 929 2469 954 2491; x_wconf 90' lang='lat' dir='ltr'><strong>et</strong></span> <span class='ocrx_word' id='word_1_834' title='bbox 968 2464 1074 2496; x_wconf 87' lang='lat' dir='ltr'><strong>Petrus,</strong></span> <span class='ocrx_word' id='word_1_835' title='bbox 1095 2465 1183 2503; x_wconf 39' lang='lat' dir='ltr'><strong>missa.</strong></span> <span class='ocrx_word' id='word_1_836' title='bbox 1201 2464 1312 2498; x_wconf 84' lang='lat' dir='ltr'><strong>epistola</strong></span> <span class='ocrx_word' id='word_1_837' title='bbox 1339 2464 1371 2490; x_wconf 89' lang='lat' dir='ltr'><strong>ad</strong></span> <span class='ocrx_word' id='word_1_838' title='bbox 1395 2471 1441 2490; x_wconf 86' lang='lat' dir='ltr'><strong>eos</strong></span> <span class='ocrx_word' id='word_1_839' title='bbox 1463 2462 1508 2496; x_wconf 89' lang='lat' dir='ltr'><strong>qui</strong></span> <span class='ocrx_word' id='word_1_840' title='bbox 1539 2462 1625 2488; x_wconf 85' lang='lat' dir='ltr'><strong>vocati</strong></span> <span class='ocrx_word' id='word_1_841' title='bbox 1650 2463 1713 2487; x_wconf 91' lang='lat' dir='ltr'><strong>sunt</strong></span> 
     </span>
    </p>
   </div>
   <div class='ocr_carea' id='block_1_109' title="bbox 929 2506 1711 2545">
    <p class='ocr_par' dir='ltr' id='par_1_109' title="bbox 929 2506 1711 2545">
     <span class='ocr_line' id='line_1_109' title="bbox 929 2506 1711 2545; baseline -0.008 -8"><span class='ocrx_word' id='word_1_842' title='bbox 929 2518 976 2545; x_wconf 87' lang='lat' dir='ltr'><strong>per</strong></span> <span class='ocrx_word' id='word_1_843' title='bbox 991 2510 1086 2541; x_wconf 81' lang='lat' dir='ltr'><strong>tidem,</strong></span> <span class='ocrx_word' id='word_1_844' title='bbox 1110 2510 1221 2544; x_wconf 86' lang='lat' dir='ltr'><strong>inquit:</strong></span> <span class='ocrx_word' id='word_1_845' title='bbox 1243 2519 1252 2535; x_wconf 81' lang='grc' dir='ltr'><strong>ι</strong></span> <span class='ocrx_word' id='word_1_846' title='bbox 1277 2508 1331 2537; x_wconf 82' lang='lat' dir='ltr'><strong>Vos</strong></span> <span class='ocrx_word' id='word_1_847' title='bbox 1359 2513 1447 2536; x_wconf 85' lang='lat' dir='ltr'><strong>autem</strong></span> <span class='ocrx_word' id='word_1_848' title='bbox 1478 2514 1561 2541; x_wconf 73' lang='lat' dir='ltr'><strong>genus</strong></span> <span class='ocrx_word' id='word_1_849' title='bbox 1585 2506 1711 2537; x_wconf 79' lang='lat' dir='ltr'><strong>electum,</strong></span> 
     </span>
    </p>
   </div>
   <div class='ocr_carea' id='block_1_110' title="bbox 929 2551 1712 2591">
    <p class='ocr_par' dir='ltr' id='par_1_110' title="bbox 929 2551 1712 2591">
     <span class='ocr_line' id='line_1_110' title="bbox 929 2551 1712 2591; baseline -0.006 -8"><span class='ocrx_word' id='word_1_850' title='bbox 929 2556 1018 2591; x_wconf 80' lang='lat' dir='ltr'><strong>regale</strong></span> <span class='ocrx_word' id='word_1_851' title='bbox 1033 2557 1224 2588; x_wconf 83' lang='lat' dir='ltr'><strong>sacerdotium,</strong></span> <span class='ocrx_word' id='word_1_852' title='bbox 1248 2564 1312 2590; x_wconf 76' lang='lat' dir='ltr'><strong>gens</strong></span> <span class='ocrx_word' id='word_1_853' title='bbox 1327 2561 1430 2586; x_wconf 82' lang='lat' dir='ltr'><strong>sancta,</strong></span> <span class='ocrx_word' id='word_1_854' title='bbox 1456 2554 1568 2588; x_wconf 85' lang='lat' dir='ltr'><strong>populus</strong></span> <span class='ocrx_word' id='word_1_855' title='bbox 1595 2551 1712 2586; x_wconf 81' lang='lat' dir='ltr'><strong>acquisi-</strong></span> 
     </span>
    </p>
   </div>
   <div class='ocr_carea' id='block_1_111' title="bbox 930 2597 1713 2636">
    <p class='ocr_par' dir='ltr' id='par_1_111' title="bbox 930 2597 1713 2636">
     <span class='ocr_line' id='line_1_111' title="bbox 930 2597 1713 2636; baseline -0.008 -8"><span class='ocrx_word' id='word_1_856' title='bbox 930 2606 982 2633; x_wconf 89' lang='lat' dir='ltr'><strong>tus,</strong></span> <span class='ocrx_word' id='word_1_857' title='bbox 999 2607 1027 2628; x_wconf 93' lang='lat' dir='ltr'><strong>ut</strong></span> <span class='ocrx_word' id='word_1_858' title='bbox 1044 2602 1156 2628; x_wconf 85' lang='lat' dir='ltr'><strong>virtutes</strong></span> <span class='ocrx_word' id='word_1_859' title='bbox 1169 2601 1319 2636; x_wconf 86' lang='lat' dir='ltr'><strong>praedicetis</strong></span> <span class='ocrx_word' id='word_1_860' title='bbox 1333 2600 1400 2635; x_wconf 87' lang='lat' dir='ltr'><strong>ejus,</strong></span> <span class='ocrx_word' id='word_1_861' title='bbox 1419 2599 1465 2634; x_wconf 86' lang='lat' dir='ltr'><strong>qui</strong></span> <span class='ocrx_word' id='word_1_862' title='bbox 1489 2606 1504 2625; x_wconf 89' lang='lat' dir='ltr'><strong>e</strong></span> <span class='ocrx_word' id='word_1_863' title='bbox 1529 2597 1645 2625; x_wconf 86' lang='lat' dir='ltr'><strong>tenebris</strong></span> <span class='ocrx_word' id='word_1_864' title='bbox 1667 2604 1713 2623; x_wconf 91' lang='lat' dir='ltr'><strong>vos</strong></span> 
     </span>
    </p>
   </div>
   <div class='ocr_carea' id='block_1_112' title="bbox 930 2642 1713 2678">
    <p class='ocr_par' dir='ltr' id='par_1_112' title="bbox 930 2642 1713 2678">
     <span class='ocr_line' id='line_1_112' title="bbox 930 2642 1713 2678; baseline -0.008 -5"><span class='ocrx_word' id='word_1_865' title='bbox 930 2647 963 2674; x_wconf 84' lang='lat' dir='ltr'><strong>ad</strong></span> <span class='ocrx_word' id='word_1_866' title='bbox 979 2654 1054 2674; x_wconf 88' lang='lat' dir='ltr'><strong>sttant</strong></span> <span class='ocrx_word' id='word_1_867' title='bbox 1070 2647 1156 2673; x_wconf 87' lang='lat' dir='ltr'><strong>lttceut</strong></span> <span class='ocrx_word' id='word_1_868' title='bbox 1173 2645 1356 2673; x_wconf 85' lang='lat' dir='ltr'><strong>admirabilem</strong></span> <span class='ocrx_word' id='word_1_869' title='bbox 1369 2645 1475 2672; x_wconf 78' lang='lat' dir='ltr'><strong>vocavit</strong></span> <span class='ocrx_word' id='word_1_870' title='bbox 1493 2653 1500 2671; x_wconf 91' lang='lat'><strong>:</strong></span> <span class='ocrx_word' id='word_1_871' title='bbox 1517 2644 1561 2678; x_wconf 85' lang='lat' dir='ltr'><strong>qui</strong></span> <span class='ocrx_word' id='word_1_872' title='bbox 1579 2642 1713 2676; x_wconf 87' lang='lat' dir='ltr'><strong>quondant</strong></span> 
     </span>
    </p>
   </div>
   <div class='ocr_carea' id='block_1_113' title="bbox 931 2687 1676 2725">
    <p class='ocr_par' dir='ltr' id='par_1_113' title="bbox 931 2687 1676 2725">
     <span class='ocr_line' id='line_1_113' title="bbox 931 2687 1676 2725; baseline -0.007 -8"><span class='ocrx_word' id='word_1_873' title='bbox 931 2698 983 2717; x_wconf 91' lang='lat' dir='ltr'><strong>non</strong></span> <span class='ocrx_word' id='word_1_874' title='bbox 997 2691 1120 2725; x_wconf 87' lang='lat' dir='ltr'><strong>populus,</strong></span> <span class='ocrx_word' id='word_1_875' title='bbox 1137 2698 1208 2717; x_wconf 90' lang='lat' dir='ltr'><strong>nunc</strong></span> <span class='ocrx_word' id='word_1_876' title='bbox 1220 2695 1309 2717; x_wconf 83' lang='lat' dir='ltr'><strong>autem</strong></span> <span class='ocrx_word' id='word_1_877' title='bbox 1322 2690 1434 2725; x_wconf 88' lang='lat' dir='ltr'><strong>popultts</strong></span> <span class='ocrx_word' id='word_1_878' title='bbox 1452 2690 1477 2716; x_wconf 87' lang='lat' dir='ltr'><strong>itt</strong></span> <span class='ocrx_word' id='word_1_879' title='bbox 1491 2689 1603 2716; x_wconf 88' lang='lat' dir='ltr'><strong>Domino</strong></span> <span class='ocrx_word' id='word_1_880' title='bbox 1616 2687 1648 2712; x_wconf 87' lang='grc'><strong>¹¹.</strong></span> <span class='ocrx_word' id='word_1_881' title='bbox 1667 2695 1676 2711; x_wconf 75' lang='grc' dir='ltr'><strong>ι</strong></span> 
     </span>
    </p>
   </div>
   <div class='ocr_carea' id='block_1_114' title="bbox 106 2733 1714 2776">
    <p class='ocr_par' dir='ltr' id='par_1_114' title="bbox 106 2733 1714 2776">
     <span class='ocr_line' id='line_1_114' title="bbox 106 2733 1714 2776; baseline -0.002 -12"><span class='ocrx_word' id='word_1_882' title='bbox 106 2747 202 2774; x_wconf 82' lang='grc' dir='ltr'>τευμα·</span> <span class='ocrx_word' id='word_1_883' title='bbox 223 2742 294 2775; x_wconf 79' lang='grc' dir='ltr'>ἔθνος</span> <span class='ocrx_word' id='word_1_884' title='bbox 310 2742 398 2776; x_wconf 72' lang='grc' dir='ltr'>ἅγιον,</span> <span class='ocrx_word' id='word_1_885' title='bbox 419 2741 481 2772; x_wconf 81' lang='grc' dir='ltr'>λαὺς</span> <span class='ocrx_word' id='word_1_886' title='bbox 501 2741 541 2772; x_wconf 86' lang='grc' dir='ltr'>εἰς</span> <span class='ocrx_word' id='word_1_887' title='bbox 561 2739 744 2774; x_wconf 79' lang='grc' dir='ltr'>περιποίησιν,</span> <span class='ocrx_word' id='word_1_888' title='bbox 767 2738 810 2764; x_wconf 79' lang='grc' dir='ltr'><strong>ἵνα</strong></span> <span class='ocrx_word' id='word_1_889' title='bbox 828 2738 877 2771; x_wconf 84' lang='grc' dir='ltr'>τὰς</span> <span class='ocrx_word' id='word_1_890' title='bbox 896 2739 996 2774; x_wconf 85' lang='grc' dir='ltr'>ἀρετὰς</span> <span class='ocrx_word' id='word_1_891' title='bbox 1013 2738 1187 2773; x_wconf 77' lang='grc' dir='ltr'>ἐξαγγείλητε</span> <span class='ocrx_word' id='word_1_892' title='bbox 1221 2738 1268 2765; x_wconf 84' lang='grc' dir='ltr'><strong>τοῦ</strong></span> <span class='ocrx_word' id='word_1_893' title='bbox 1284 2738 1316 2764; x_wconf 82' lang='grc' dir='ltr'>ἐκ</span> <span class='ocrx_word' id='word_1_894' title='bbox 1334 2737 1444 2768; x_wconf 75' lang='grc' dir='ltr'>σκότους</span> <span class='ocrx_word' id='word_1_895' title='bbox 1473 2736 1546 2770; x_wconf 74' lang='grc' dir='ltr'>ὑμᾶς</span> <span class='ocrx_word' id='word_1_896' title='bbox 1570 2733 1714 2764; x_wconf 84' lang='grc' dir='ltr'>καλοῦντος</span> 
     </span>
    </p>
   </div>
   <div class='ocr_carea' id='block_1_115' title="bbox 109 2785 1215 2825">
    <p class='ocr_par' dir='ltr' id='par_1_115' title="bbox 109 2785 1215 2825">
     <span class='ocr_line' id='line_1_115' title="bbox 109 2785 1215 2825; baseline -0.001 -14"><span class='ocrx_word' id='word_1_897' title='bbox 109 2785 150 2812; x_wconf 72' lang='grc' dir='ltr'><strong>ἐπὶ</strong></span> <span class='ocrx_word' id='word_1_898' title='bbox 163 2787 190 2814; x_wconf 73' lang='grc' dir='ltr'>τὸ</span> <span class='ocrx_word' id='word_1_899' title='bbox 207 2788 356 2825; x_wconf 76' lang='grc' dir='ltr'>θαυμαστὸν</span> <span class='ocrx_word' id='word_1_900' title='bbox 377 2788 460 2816; x_wconf 83' lang='grc' dir='ltr'>αὑτοῦ</span> <span class='ocrx_word' id='word_1_901' title='bbox 478 2787 545 2822; x_wconf 79' lang='grc' dir='ltr'>φῶς,</span> <span class='ocrx_word' id='word_1_902' title='bbox 564 2787 592 2813; x_wconf 82' lang='grc' dir='ltr'><strong>οἵ</strong></span> <span class='ocrx_word' id='word_1_903' title='bbox 611 2794 675 2813; x_wconf 90' lang='grc' dir='ltr'>ποτε</span> <span class='ocrx_word' id='word_1_904' title='bbox 694 2786 724 2812; x_wconf 72' lang='grc' dir='ltr'>οὐ</span> <span class='ocrx_word' id='word_1_905' title='bbox 740 2785 814 2819; x_wconf 76' lang='grc' dir='ltr'>λαὸς,</span> <span class='ocrx_word' id='word_1_906' title='bbox 837 2785 885 2812; x_wconf 90' lang='grc' dir='ltr'><strong>νῦν</strong></span> <span class='ocrx_word' id='word_1_907' title='bbox 903 2785 931 2812; x_wconf 85' lang='grc' dir='ltr'><strong>δὲ</strong></span> <span class='ocrx_word' id='word_1_908' title='bbox 949 2786 1012 2818; x_wconf 76' lang='grc' dir='ltr'>λαὸς</span> <span class='ocrx_word' id='word_1_909' title='bbox 1029 2786 1057 2812; x_wconf 79' lang='grc' dir='ltr'>ὲν</span> <span class='ocrx_word' id='word_1_910' title='bbox 1077 2785 1182 2821; x_wconf 79' lang='grc' dir='ltr'>Κυρίῳ.</span> <span class='ocrx_word' id='word_1_911' title='bbox 1206 2794 1215 2811; x_wconf 77' lang='grc' dir='ltr'><strong>ι</strong></span> 
     </span>
    </p>
   </div>
   <div class='ocr_carea' id='block_1_116' title="bbox 141 2874 662 2912">
    <p class='ocr_par' dir='ltr' id='par_1_116' title="bbox 141 2874 662 2912">
     <span class='ocr_line' id='line_1_116' title="bbox 141 2874 662 2912; baseline -0.002 -9"><span class='ocrx_word' id='word_1_912' title='bbox 141 2875 159 2890; x_wconf 65' lang='grc'><strong>⁵⁰</strong></span> <span class='ocrx_word' id='word_1_913' title='bbox 176 2875 247 2906; x_wconf 76' lang='lat' dir='ltr'><strong>Joan.</strong></span> <span class='ocrx_word' id='word_1_914' title='bbox 259 2885 296 2912; x_wconf 71' lang='grc' dir='ltr'><strong>ιι,</strong></span> <span class='ocrx_word' id='word_1_915' title='bbox 312 2877 355 2905; x_wconf 80' lang='lat' dir='ltr'><strong>5t).</strong></span> <span class='ocrx_word' id='word_1_916' title='bbox 394 2878 414 2894; x_wconf 86' lang='lat'><strong>&quot;</strong></span> <span class='ocrx_word' id='word_1_917' title='bbox 427 2876 517 2904; x_wconf 85' lang='lat' dir='ltr'><strong>lPetr.</strong></span> <span class='ocrx_word' id='word_1_918' title='bbox 529 2884 561 2910; x_wconf 89' lang='lat' dir='ltr'><strong>tt,</strong></span> <span class='ocrx_word' id='word_1_919' title='bbox 577 2874 662 2911; x_wconf 86' lang='lat' dir='ltr'><strong>9,_l0.</strong></span> 
     </span>
    </p>
   </div>
  </div>
