1885 3053
59 150 108 177 $97

637 152 669 179 IN
691 153 806 181 13AM.“
831 155 895 184 LIB.
918 156 962 186 IV.
983 158 1087 190 ORAT.
1109 161 1128 188 ἰ.

1633 168 1684 197 893

92 209 304 243 Μαρτυρήσατε,
318 208 410 242 φησιν,
428 207 468 234 ὅτι
491 207 546 242 ἐγὼ
572 210 651 244 μόνος
669 211 682 236 ὁ
697 212 752 238 τῶν
775 212 823 238 ὂλιι.

931 214 1027 243 Testes
1051 222 1147 250 estote,
1167 218 1262 254 inquit,
1280 221 1350 256 quod
1375 229 1425 257 ego
1445 223 1518 252 solus
1543 226 1682 253 universo-

58 254 131 286 (θεὸς,
141 253 249 284 οὐδενὸς
267 253 319 288 πρὸ
332 253 399 288 ἐμοῦ
413 254 566 287 γεγονότος,
575 253 636 280 οὔτε
650 255 703 290 μὴν
713 257 844 290 ἐσομένου

57 301 113 335 μετ’
129 299 192 334 ὲμέ.
214 299 300 330 Μόνος
328 299 388 334 γάρ,
407 300 464 332 εἰμι
482 301 495 326 ὸ
511 300 603 332 σώζων
618 300 684 334 ἐγὼ,
703 302 750 327 καὶ
766 302 844 329 τοῦτο

57 349 117 382 ὑμῖν
129 346 249 373 ἔκπαλαι
265 346 469 382 προσήγγελκα,
496 346 542 372 καὶ
559 346 588 372 τὸ
605 347 718 382 λαληθὲν
740 349 842 383 ἤγαγον

57 395 93 426 εἰς
112 394 211 429 πέρας.
229 394 350 419 Διέσωσα
372 393 425 428 γὰρ
446 393 474 418 ὲν
494 392 621 428 Χριστῷ·
645 393 779 426 ὼνείδισσ,
796 395 842 421 καὶ

56 439 102 466 οὐκ
121 437 155 474 ῆν
180 439 210 464 ἐν
235 439 297 473 ὑμῖν
323 437 707 473 ἀλλότριος.Ἐπελανθὰνοντο
723 439 772 474 μὲν
789 439 840 475 γὰρ

56 485 122 512 κατὰ
138 484 253 520 καιροὺς
273 484 297 510 οἱ
311 484 341 515 ἐξ
356 484 464 518 Ἰσραὴλ
479 484 533 510 τῶν
546 484 624 519 ἱερῶν
637 485 838 520 Θεσπισμάτων,

56 531 106 557 τῶν
117 530 161 556 διά
177 531 211 564 γέ
228 539 299 565 φημι
314 529 360 556 τοῦ
376 530 513 564 πανσόφου
529 530 661 563 Μωσέως,
675 532 721 557 καὶ
734 531 841 567 φιλήδο-

57 585 93 603 νοι
109 576 207 611 μᾶλλον
224 574 293 611 ἦσαν
306 576 472 611 οῖ’φιλὸθεοι.
491 575 557 603 Εἶτα
573 576 707 612 ῥᾳθυμίας
722 577 839 612 πραττό-

58 631 128 657 μενοι
144 622 252 655 λόγους,
268 621 488 648 κατεκινδὺνευον
503 621 558 648 ἐσθ’
573 622 617 648 ὅτε
640 622 775 657 πολεμίων
792 623 840 649 αὺ-

57 671 107 700 τοῖς
127 667 451 703 ὲπαφιεμένων.Ἀλλ’ὲν
473 668 512 703 τῷ
536 668 585 703 τῆς
608 668 724 703 Θλίψεως
751 669 839 704 καιρῷ

57 715 96 741 τὸν
113 715 155 741 ἀεὶ
172 714 294 746 σώζοντα
319 714 411 741 καλεῖν
433 714 592 749 ἐπεχείρουν
614 715 654 746 εἰς
667 715 836 750 ἐπικουρίαν.

57 761 106 788 Καὶ
126 759 205 786 τοῦτο
228 760 318 792 αὐτοῖς
330 759 465 793 ὼνείδισα,
480 759 523 786 διὰ
537 760 586 795 τῆς
599 760 731 796 Ἰερεμίου
746 760 838 795 φωνῆς

56 806 148 840 λέγων·
163 815 173 831 ‹
186 806 242 833 Καὶ
253 807 282 832 ἐν
292 806 331 841 τῷ
344 805 432 841 καιρῷ
445 805 498 833 τῶν
509 806 600 833 κακῶν
614 806 702 833 αὐτῶν
718 807 835 842 ἐροῦσιν·

62 852 179 883 Ἀνάστα,
196 852 245 878 καὶ
262 852 347 879 σῶσον
363 853 445 887 ἡμᾶς.
459 852 514 878 Καὶ
529 852 581 878 ποῦ
595 853 664 879 εἰσιν
673 853 697 878 ol
710 852 765 879 θεοί
778 861 835 884 σου,

896 259 953 287 ruifi
973 262 1058 295 Deus,
1074 271 1123 292 nec
1140 265 1192 292 l'uit
1208 268 1351 302 quisquam
1369 275 1465 304 praeter
1482 279 1540 303 me,
1557 279 1605 299 nec
1623 277 1683 306 post

895 314 936 333 mc
955 307 1058 336 futurus
1075 315 1127 337 est.
1146 311 1227 339 Solus
1244 314 1315 340 enim
1334 322 1393 342 sum
1415 324 1464 351 ego
1481 318 1525 351 qui
1543 325 1636 351 servo,
1655 324 1682 346 et

898 353 949 380 hoc
964 354 1039 382 vobis
1051 355 1106 390 jam
1122 358 1184 384 olim
1198 361 1384 392 praznuntiavi,
1397 363 1502 396 etquod
1515 364 1614 390 dictum
1626 369 1678 395 est,

892 399 925 425 ad
941 400 1020 427 linem
1036 404 1158 436 perduxi.
1177 404 1287 432 Servavi
1306 409 1377 433 enim
1397 407 1421 434 in
1441 408 1564 440 Christo,
1580 417 1678 444 expro-

892 446 984 480 bravi,
1002 453 1029 474 et
1055 457 1108 475 non
1135 455 1193 477 eral
1215 451 1241 478 iu
1268 453 1342 480 vobis
1368 454 1483 481 alienus.
1501 454 1582 482 Obliti
1607 456 1678 483 enim

892 497 970 518 erant
989 493 1021 519 ad
1043 499 1151 529 tempus
1170 496 1298 533 Israelita:
1316 506 1453 525 sacrorum
1472 501 1676 534 vaticiniorum,

891 543 961 570 qum,
978 538 1098 572 inquam,
1116 547 1165 574 per
1178 542 1405 575 sapientissimum
1422 544 1528 579 Moysen
1543 552 1603 573 sunt
1617 555 1679 580 pro-

890 580 960 614 dita;
985 587 1011 609 et
1036 586 1179 619 voluptatis
1205 589 1368 616 amantiores
1392 595 1487 621 erant,
1512 599 1590 625 quam
1618 592 1676 618 Dei.

890 626 991 656 Deinde
1013 630 1058 656 otii
1081 632 1121 657 sui
1145 639 1238 666 pcenas
1259 634 1367 666 clames,
1387 635 1536 668 interdum,
1556 638 1677 665 hostibus

890 671 962 706 ipsos
977 673 1177 710 iuvadentibus,
1194 677 1336 712 periclitati
1352 684 1423 706 sunt.
1443 680 1538 708 Verum
1554 681 1676 709 aﬂlictio-

889 717 931 744 nis
954 722 1089 753 tempore,
1106 721 1164 755 ejus
1185 723 1230 757 qui
1254 730 1362 759 semper
1382 731 1487 758 servat,
1504 728 1592 754 conati
1612 734 1675 755 sunt

888 764 1018 792 auxilium
1044 767 1197 801 implorare.
1217 768 1285 802 lloc,
1321 770 1424 805 inquit,
1442 772 1494 800 illis
1513 775 1673 808 exprobrari

889 817 952 836 voce
964 809 1102 844 Jeremiae,
1119 813 1211 841 dicens
1226 824 1232 841 :
1250 824 1259 840 ‹
1277 815 1308 843 Ει
1323 820 1444 851 tempore
1461 819 1591 845 malorum
1607 827 1671 846 suo-

889 864 945 882 rum
960 857 1051 885 dicent
1064 866 1073 885 ε
1089 860 1184 894 Surge,
1199 866 1226 888 et
1239 869 1315 888 serva
1332 871 1388 890 nos.
1408 864 1439 891 Et
1454 865 1497 891 ubi
1515 871 1575 892 sunt
1590 866 1671 903 567

55 899 96 930 οὓς
110 899 239 933 ἐποίησας
253 898 376 933 σεαυτῷ;
394 898 425 924 Εἰ
441 898 649 933 ἀναστήσονται,
661 898 708 924 καὶ
719 897 823 924 σώσουσ

896 901 922 928 lii
941 903 994 934 tui,
1014 912 1081 938 quos
1098 905 1184 933 fecisti
1203 908 1249 934 tibi
1268 908 1336 941 ipsi?
1358 908 1510 944 Surgentue
1530 917 1557 938 et
1573 897 1668 940 sevrtTa:

56 954 82 972 σε
103 946 129 971 ὲν
151 945 241 981 καιρῷ
259 946 308 981 τῆς
324 945 471 976 κακώσεως
494 953 550 978 σου;
566 954 576 970 ι
593 945 697 971 Οὐκοῦν
708 945 834 972 ὼνείδισα

56 991 203 1021 πλειστάκις
219 991 283 1025 ὑμῖν
295 987 351 1021 τοῖς
366 990 395 1023 eg
410 990 525 1025 αἵματος
550 990 668 1026 Ἰσραὴλ,
686 990 732 1016 καὶ
746 998 833 1024 μεμα-

56 1036 146 1071 Θήκατε
155 1036 198 1062 διὰ
212 1036 321 1071 πείρας,
335 1037 375 1062 ὅτι
387 1036 437 1062 οὐκ
447 1034 481 1071 ἦν
494 1037 523 1062 ὲν
535 1036 598 1071 ὑμῖν
609 1035 683 1067 Θεὸς,
695 1036 832 1071 ἀλλότριος

56 1082 173 1117 δηλονότι.
200 1082 310 1108 Σέσωκε
334 1081 388 1116 γὰρ
413 1081 485 1116 ὑμᾶς
511 1081 623 1108 ἐκείνων
647 1081 744 1112 οὐδείς.
767 1081 832 1116 Εἰμὶ

55 1128 186 1164 τοιγαροῦν
200 1127 279 1163 μόνος
292 1129 306 1154 ὁ
322 1127 416 1160 σώζων
430 1127 495 1162 ἐγώ.
512 1127 557 1153 Διὸ
575 1127 607 1163 δὴ
629 1128 829 1162 μαρτυρήσατε,

55 1175 123 1209 κάγὼ
138 1175 165 1201 δὲ
179 1174 286 1210 μάρτυς
304 1173 423 1208 ἐμαυτοῦ
441 1174 601 1208 γενήσομαι,
615 1172 688 1206 λέγει
702 1173 802 1209 Κύριος
817 1174 830 1199 ὁ

55 1221 224 1254 Θεός.Ἥγουν
243 1221 301 1246 κατ’
319 1221 422 1246 ἐκεῖνο·
442 1229 450 1245 ι
465 1220 522 1251 Πᾶς
542 1218 587 1246 οὗν
608 1220 681 1251 ὅστις
698 1220 831 1255 ὁμολογή-

57 1276 117 1294 σειεν
131 1267 162 1293 ἂν
176 1267 237 1301 ἐμοὶ
255 1266 407 1302 ἔμπροσθεν
422 1266 474 1292 τῶν
494 1266 654 1302 ἀνθρώπων,
671 1267 830 1302 ὁμολογήσω

55 1313 122 1348 κάγὼ
143 1315 171 1339 ἑν
190 1313 276 1348 αὐτῷ.
292 1323 301 1338 ι
317 1314 518 1348 Μαρτυρήσατε
538 1313 569 1348 δὴ
586 1311 632 1340 οὖν
648 1314 689 1339 ὅτι
703 1313 758 1348 ἐγὼ
771 1314 830 1349 εἰμὶ

55 1359 89 1384 ἔτι
112 1358 156 1384 ἀπ’
170 1359 270 1393 ἀρχῆς,
288 1358 359 1384 τοῦτ’
374 1358 457 1389 ἐστιν,
477 1359 491 1384 ὸ
512 1358 559 1384 ἀπ’
575 1358 663 1393 ἀρχῆς
685 1358 724 1389 εἰς
749 1358 829 1393 δεῦρο

54 1405 259 1441 προαπαγγέλων
283 1413 313 1430 τε
335 1403 369 1430 τὰ
390 1403 515 1438 ἐσόμενα,
535 1404 582 1430 καὶ
600 1404 695 1436 σώζειν
716 1405 828 1439 ἀκονητὶ

54 1451 186 1486 δυνάμενος
214 1451 278 1481 τοὺς
297 1451 346 1485 τὴν
362 1450 430 1484 πρὸς
454 1451 504 1485 ἐμὲ
526 1449 658 1484 διψῶντας
681 1450 826 1476 οἰκείωσιν.

53 1496 139 1528 Σώζων
153 1496 180 1522 δὲ
193 1495 293 1528 οὕτως,
306 1495 343 1527 ὡς
359 1495 488 1522 δύνασθαι
504 1495 644 1526 παντελῶς
664 1495 759 1521 οὐδένα
774 1495 827 1522 τῶν

54 1543 117 1578 ἐμῶν
138 1543 289 1578 ἐξαρπάσαι
311 1542 410 1578 χειρῶν
432 1541 478 1568 τὸν
501 1540 574 1573 ἅπαξ
596 1541 824 1577 προειλημμένον.

885 946 951 974 bunt
964 952 998 980 te,
1012 953 1131 984 tempore
1145 951 1295 980 alllictionis
1309 959 1359 981 tua:
1370 955 1430 982 ‘5‘?
1445 965 1454 981 ι
1470 956 1560 991 Itaque
1574 965 1671 992 expro-

883 991 959 1020 bravi
978 1001 1049 1028 sepe
1070 996 1155 1028 vobis.
1180 998 1224 1031 qui
1247 999 1312 1026 estis
1333 1007 1365 1026 ex
1387 1002 1516 1035 sanguine
1537 1001 1628 1035 Israel,
1643 1009 1672 1030 et

884 1047 932 1066 usu
954 1040 1085 1069 didicistis
1106 1047 1133 1070 et
1153 1044 1334 1078 experientia,
1354 1054 1405 1072 non
1428 1046 1509 1075 fuisse
1533 1048 1602 1075 inter
1624 1057 1670 1076 vos

884 1085 978 1119 Deum,
992 1086 1106 1114 alienum
1126 1089 1260 1117 videlicet.
1277 1090 1401 1117 Servavit
1420 1093 1489 1119 enim
1510 1101 1556 1121 vos
1575 1102 1669 1122 eorum

882 1131 979 1159 nullus.
995 1132 1061 1160 Sum
1078 1134 1161 1168 igitur
1176 1135 1249 1162 solus
1263 1143 1313 1171 ego
1328 1143 1460 1165 servator.
1475 1139 1561 1172 Quare
1578 1142 1669 1168 testiﬁ-

882 1178 990 1209 camini,
1005 1183 1031 1204 et
1053 1186 1102 1213 ego
1125 1181 1202 1207 testis
1222 1181 1286 1208 milii
1311 1182 1359 1216 ipsi
1381 1191 1437 1215 ero,
1451 1183 1517 1210 dit‘il
1539 1184 1668 1214 Dominus

881 1222 960 1249 Deus.
973 1223 1105 1251 Nimirum
1121 1225 1196 1258 juxta
1215 1226 1277 1253 illud
1297 1236 1303 1254 :
1326 1237 1335 1253 ι
1357 1228 1483 1263 Quisquis
1500 1238 1565 1265 ergo
1581 1233 1667 1259 conli-

882 1267 979 1295 tebitur
991 1277 1032 1297 me
1047 1278 1136 1297 coram
1151 1272 1315 1305 hominibus,
1328 1275 1477 1302 conﬁtebor
1490 1283 1517 1303 et
1529 1286 1578 1311 ego
1593 1279 1665 1305 ίΙΙιιιιι

880 1321 971 1341 coram
986 1314 1066 1342 Patre
1082 1325 1141 1343 meo
1154 1318 1198 1352 qui
1214 1323 1254 1345 cst
1268 1319 1292 1346 in
1309 1321 1384 1347 cmlis
1396 1321 1429 1348 ".
1445 1330 1453 1347 ι
1471 1321 1665 1352 Testilicamiui

880 1360 969 1394 igitur,
983 1362 1052 1395 quod
1067 1370 1117 1397 ego
1133 1363 1222 1390 futura
1237 1368 1422 1399 praenuntient,
1434 1368 1467 1394 ab
1480 1369 1555 1396 initio
1567 1370 1635 1397 littcu
1645 1384 1666 1397 ,-

879 1400 949 1441 que,
969 1412 995 1434 et
1020 1415 1128 1436 servare
1156 1417 1251 1443 queam
1276 1412 1342 1438 citra
1370 1413 1520 1447 pulverem,
1546 1423 1592 1443 eos
1618 1418 1663 1451 qui

879 1460 965 1479 meam
987 1453 1196 1483 familiaritatem
1217 1463 1244 1484 et
1266 1460 1429 1487 consortium
1450 1461 1553 1488 sitiunt.
1573 1463 1603 1489 Et
1627 1463 1662 1490 ita

879 1505 968 1530 servo,
984 1504 1013 1526 ut
1030 1507 1108 1527 nemo
1126 1509 1241 1536 unquam
1261 1505 1346 1537 possit
1360 1512 1374 1532 ε
1392 1506 1514 1533 manibus
1529 1509 1596 1535 meis
1609 1510 1663 1536 eri-

878 1552 957 1578 pere,
972 1553 1050 1580 quem
1071 1547 1154 1574 semel
1176 1554 1237 1575 aute
1259 1550 1315 1583 cepi
1335 1556 1363 1577 et
1385 1553 1523 1586 occupavi.
1542 1553 1598 1581 Non
1621 1561 1663 1583 est

55 1588 102 1614 Οὐκ
115 1588 168 1614 ἐστι
184 1588 239 1622 γὰρ
257 1588 270 1613 ὸ
283 1588 314 1625 ex
328 1587 382 1613 τῶν
401 1587 499 1622 χειρῶν
518 1595 579 1622 μου,
596 1587 688 1622 φησὶν,
703 1587 823 1634 ἐξαιρού-

896 1591 963 1623 uim,
980 1591 1081 1626 inquit,
1094 1594 1139 1628 qui
1158 1595 1190 1621 de
1207 1596 1330 1624 manibus
1348 1598 1414 1625 meis
1429 1604 1517 1628 eruat.
1536 1601 1661 1634 Faciant,

56 1641 134 1668 μενος.
149 1634 267 1669 Ποιήσω,
284 1633 329 1659 καὶ
350 1632 391 1665 τίς
404 1633 570 1668 ἀποστρέψει
584 1633 664 1666 αὑτός
684 1633 825 1666 Πεποίηκα

53 1681 99 1714 γὰρ
113 1679 158 1715 τὴν
170 1679 223 1706 τῶν
238 1679 322 1706 ἐθνῶν
336 1679 440 1714 κλῆσιν,
456 1679 546 1714 φησιν,
559 1679 628 1714 ἤτοι,
644 1678 752 1704 σέσωκα
763 1679 825 1710 τοὺς

54 1727 243 1762 πλανωμένους.
260 1726 313 1752 Καὶ
325 1726 367 1756 τίς
380 1725 460 1752 τοῦτο
477 1725 633 1760 μεταὸαλεῖ,
645 1725 728 1761 ἤγουν
742 1733 824 1759 μετα-

55 1774 134 1808 στήσει
150 1773 215 1808 πρὸς
230 1773 262 1799 τὸ
279 1773 316 1809 μὴ
339 1772 423 1804 οὕτως
436 1771 581 1807 ἕχειν.”οτι
594 1772 647 1806 γὰρ
661 1773 692 1797 ἐκ
711 1771 761 1806 τῆς
777 1770 823 1797 τοῦ

54 1818 110 1844 Θεοῦ
125 1819 211 1854 χειρὸς
227 1818 313 1850 οὐδεὶς
328 1817 446 1853 ἁρπάσει
470 1817 533 1848 τοὺς
559 1818 623 1852 παρ’
635 1816 718 1844 αὐτοῦ
738 1825 821 1843 σεσω-

54 1865 164 1898 σμένους,
178 1864 343 1890 πιστώσεται
359 1863 443 1897 λέγων
457 1863 557 1894 αὐτὸςό
569 1863 690 1898 Σωτήρ-ι
703 1863 743 1890 Τὰ
754 1863 822 1899 πρό-

54 1912 122 1944 ϐατα,
132 1911 164 1937 τὰ
173 1911 228 1946 ἐμὰ
235 1911 284 1946 τῆς
295 1910 387 1944 φωνῆς
401 1919 451 1945 μου
460 1909 598 1942 ἀκούουσι,
611 1909 688 1944 κάγὼ
697 1909 822 1944 γινώσκω

54 1957 121 1989 αὐτὰ,
132 1958 176 1983 καὶ
188 1956 363 1983 ἀκολουθοῦσι
377 1963 431 1990 μοι·
447 1955 525 1990 κάγὼ
538 1955 634 1990 δίδωμι
646 1956 737 1987 αὐτοῖς
749 1956 821 1990 ζωὴν

53 2003 156 2036 αἰώνιον,
171 2004 217 2030 καὶ
231 2005 261 2030 οὐ
278 2004 314 2039 μὴ
333 2003 486 2029 ἀπόλωνται
500 2003 542 2034 ei;
557 2002 603 2030 τὸν
616 2002 712 2034 αιῶνα,
730 2003 778 2029 καὶ
788 2003 818 2029 οὐ

55 2050 84 2084 μὴ
100 2049 203 2085 ἁρπάσῃ
218 2058 261 2081 τις
282 2050 351 2076 αὐτὰ
376 2050 407 2076 ἐκ
431 2049 479 2084 τῆς
502 2049 592 2084 χειρός
610 2049 708 2083 μου.’0
726 2050 819 2085 Πατήρ

55 2103 106 2128 μου,
121 2095 148 2127 ὃς
159 2095 259 2122 δέδωκὲ
274 2103 330 2130 μοι,
346 2095 454 2122 πάντων
472 2094 572 2130 μείζων
591 2095 658 2128 ἐστὶ,
676 2095 722 2122 καὶ
733 2095 820 2127 οὐδεὶς

53 2141 148 2167 δύναται
165 2141 296 2176 ἁρπάζειν
310 2142 342 2167 ἐκ
355 2141 404 2177 τῆς
425 2141 515 2175 χειρὸς
533 2141 580 2167 τοῦ
603 2140 709 2175 Πατρός
725 2149 786 2175 μου.
804 2150 814 2167 ι

53 2185 118 2213 Τοῦτ’
142 2187 211 2214 ἐστιν
229 2187 352 2222 ἐναργῶς
367 2186 397 2213 τὺ
409 2186 611 2222 γεγραμμένον·
629 2195 638 2212 ι
651 2187 707 2213 Οὐκ
717 2187 788 2214 ἐστιν
804 2189 818 2214 ὁ

53 2233 79 2258 ὲκ
90 2232 137 2259 τῶν
152 2233 249 2268 χειρῶν
263 2242 314 2269 μου
328 2232 530 2268 ἐξαιρούμενος.
548 2242 556 2257 ι

83 2278 172 2312 οὕτως
191 2279 273 2314 λέγει
297 2279 405 2313 Κύριος
428 2279 445 2305 ὀ
468 2278 542 2310 Θεὸς
569 2279 586 2305 ό
613 2279 815 2313 λυτρούμενος

53 2323 126 2358 ὑμᾶς,
140 2327 155 2352 d
169 2325 250 2360 ἄτιος
270 2325 404 2359 Ἰσραήλ·
418 2326 540 2351 Ἕνεκεν
558 2325 642 2359 ὑμῶν
659 2324 816 2352 ἀποστελῶ

52 2372 88 2402 εἰς
99 2372 269 2404 Βαϐυλῶνα,
293 2373 341 2399 καὶ
357 2370 486 2406 ἐπεγερῶ
502 2371 617 2404 πάντας
638 2373 814 2406 φεύγοντας,

53 2418 93 2443 καὶ
107 2419 239 2447 Χαλδαῖοι
255 2419 290 2445 ἐν
307 2419 424 2450 πλοίοις
438 2417 628 2451 δεθήσονται.

81 2465 124 2490 Διὰ
148 2465 199 2491 τῶν
232 2465 331 2501 ἀρτίως
360 2465 425 2500 ἡμῖν
452 2464 604 2500 εἰρημένων
637 2464 687 2490 οὐκ
715 2464 816 2499 ἀγεννῆ

54 2512 195 2546 παραίνεσιν
209 2514 344 2548 ἐξυφήνας
358 2515 413 2544 τοῖς
431 2512 460 2544 ἐξ
481 2511 564 2538 ἐθνῶν
579 2511 758 2546 κεκλημένοις
776 2512 816 2543 εἰς

54 2558 180 2591 ἐπίγνωσιν
189 2559 279 2591 αὐτοῦ,
293 2559 338 2586 καὶ
353 2559 484 2590 διαδείξας
499 2559 540 2584 ὅτι
552 2558 640 2593 μόνως
652 2557 708 2592 ἕχει
721 2557 775 2583 τῶν
786 2565 815 2583 τε

54 2602 77 2628 ἒν
89 2603 185 2639 ἀρχαῖς,
194 2606 240 2631 καὶ
249 2605 292 2631 διὰ
308 2605 402 2639 μέσου,
412 2605 459 2631 καὶ
474 2604 636 2630 τελευταίων
648 2603 696 2638 τὴν
704 2603 814 2637 γνῶσιν,

53 2649 91 2674 καὶ
110 2650 157 2685 μὴν
167 2651 206 2676 ὅτι
221 2652 285 2685 παρ’
301 2651 380 2677 αὑτὸν
395 2651 487 2686 ἔτερος
501 2650 586 2681 οὐδείς
603 2651 660 2676 ἐστι
676 2649 814 2681 παντελῶς

53 2694 196 2723 ὀδιασῶσαι
218 2697 382 2732 δυνάμενος,
403 2698 450 2724 καὶ
475 2697 585 2733 βεϐαίαν
603 2698 631 2724 ἐν
655 2697 746 2727 αὐτοῖς
768 2695 813 2722 διὰ

53 2737 138 2764 τούτων
150 2740 286 2775 ὲνιδρύσας
297 2741 346 2776 τὴν
361 2741 464 2774 πίστιν,
483 2741 627 2777 μεθίστησι
639 2740 702 2772 τοὺς
715 2741 810 2775 λόγους

54 2779 93 2807 ἰπὶ
110 2784 166 2816 τοὺς
181 2785 207 2819 ἐξ
227 2782 341 2822 αἵματος
359 2787 478 2822 Ἰσραὴλ,
495 2788 544 2814 καὶ
567 2787 694 2822 πειρᾶται
711 2786 812 2821 πληρο-

831 2262 853 2289 D

878 1639 905 1662 et
916 1636 976 1670 quis
989 1641 1092 1665 avertet
1105 1639 1186 1666 illud?
1199 1640 1279 1668 Eﬂeci
1294 1644 1376 1676 enim,
1388 1641 1660 1676 inquit,‘\'ocationcm

876 1683 1013 1716 gentium,
1040 1689 1095 1716 aut,
1125 1687 1228 1712 servavi
1244 1693 1376 1715 errantes.
1402 1690 1434 1716 Et
1458 1691 1580 1724 quisnam
1611 1693 1660 1719 hoc

875 1728 1004 1755 mutabit?
1022 1733 1068 1756 aut
1084 1730 1239 1764 transferet,
1255 1737 1283 1759 ut
1301 1733 1336 1759 ita
1353 1741 1383 1760 se
1399 1742 1450 1762 non
1464 1736 1578 1763 habeat?
1593 1737 1659 1764 Nam

875 1774 946 1808 quod
965 1783 1043 1802 nemo
1065 1777 1149 1811 rapiet
1166 1785 1181 1804 e
1198 1777 1244 1804 Dei
1264 1779 1387 1806 manibus
1405 1788 1467 1813 eos,
1486 1782 1531 1815 qui
1550 1783 1583 1809 ab
1602 1783 1659 1818 ipso

874 1820 973 1846 servati
997 1825 1075 1853 sunt,
1096 1821 1267 1849 conﬁrmabit
1292 1823 1347 1856 ipse
1368 1824 1512 1858 Servator,
1534 1827 1626 1855 dicens
1650 1837 1657 1855 :

876 1873 886 1890 ι
904 1865 974 1892 Oves
990 1873 1055 1892 mean
1070 1874 1160 1893 vocem
1177 1875 1263 1894 meam
1279 1869 1398 1900 audiunt,
1414 1875 1441 1897 et
1455 1878 1505 1905 ego
1522 1880 1657 1907 cognosco

873 1918 929 1943 eas,
942 1916 968 1938 et
982 1917 1130 1946 sequuntur
1143 1921 1194 1945 me,
1207 1917 1234 1940 et
1248 1921 1297 1948 ego
1312 1915 1346 1942 do
1361 1916 1412 1943 illis
1423 1917 1505 1944 vitam
1517 1924 1656 1952 αξιοι-ηοω,

873 1964 923 1983 nec
940 1957 1065 1990 peribunt
1081 1958 1106 1984 iu
1123 1963 1254 1986 aeternum
1265 1979 1272 1991 ,
1287 1967 1337 1987 nec
1353 1962 1493 1996 quisquam
1510 1965 1596 1998 rapiet
1611 1974 1657 1993 eas

872 2001 905 2028 de
919 2009 1000 2028 manu
1018 2010 1086 2029 mea.
1104 2002 1184 2031 Pater
1199 2012 1283 2037 meus,
1296 2007 1341 2040 qui
1358 2007 1432 2034 dedit
1446 2009 1520 2040 mihi,
1537 2011 1655 2037 omnium

871 2050 1005 2077 maximus
1018 2055 1069 2083 est,
1085 2056 1111 2078 et
1126 2059 1204 2079 nemo
1219 2057 1306 2087 potest
1321 2061 1415 2088 rapere
1428 2055 1461 2082 de
1476 2064 1554 2083 manu
1569 2057 1657 2085 Patris

870 2096 933 2122 mei.
952 2105 961 2121 ι
980 2096 1006 2122 ld
1026 2097 1104 2131 plane
1121 2100 1261 2133 estLquod
1278 2100 1407 2135 scriptum
1426 2106 1488 2129 est:
1509 2111 1518 2128 ι
1539 2103 1596 2130 Νοιι
1614 2109 1655 2132 est

870 2142 915 2176 qui
932 2150 964 2170 ex
982 2143 1106 2171 manibus
1122 2145 1189 2172 meis
1203 2149 1280 2172 eruat
1293 2145 1326 2172 ‘°.
1345 2155 1354 2171 ι

909 2287 984 2307 νειιε.
997 2282 1040 2308 Η.
1056 2281 1100 2308 Sic
1114 2282 1175 2309 dicit
1190 2282 1315 2310 Dominus
1331 2283 1409 2316 Deus,
1422 2286 1466 2319 qui
1482 2286 1583 2313 redimit
1597 2295 1650 2319 vos.

866 2332 971 2353 sanctus
989 2326 1072 2353 Israel
1086 2335 1094 2354 :
1109 2327 1217 2362 Propter
1231 2335 1274 2354 vos
1291 2329 1391 2355 "titiam
1410 2330 1435 2355 in
1453 2329 1651 2365 Bubylonem,et

866 2373 995 2402 suscitabo
1015 2380 1119 2401 cunctos
1136 2375 1274 2409 fugientes,
1295 2380 1317 2402 el
1336 2374 1453 2402 Cltnlda'i
1470 2377 1577 2403 navibus
1595 2379 1652 2404 uin-

866 2419 975 2446 cientur.

902 2465 967 2491 Cum
984 2472 1016 2491 ex
1034 2465 1085 2492 illis
1098 2473 1157 2500 quae
1172 2466 1250 2493 modo
1263 2466 1334 2493 dicta
1350 2471 1422 2499 sunt,
1439 2467 1509 2494 haud
1525 2475 1649 2495 enervem

865 2511 1079 2538 erltortationetu
1093 2513 1284 2545 contexuisset,
1297 2513 1330 2538 ad
1346 2520 1402 2544 eos,
1418 2513 1462 2547 qui
1478 2521 1510 2540 ex
1526 2514 1650 2548 gentibus

866 2556 952 2583 vocati
967 2561 1053 2590 erant,
1077 2558 1110 2584 ad
1135 2557 1219 2592 ipsius
1243 2558 1422 2592 agnitionem,
1438 2562 1464 2584 et
1487 2559 1651 2586 declarasset

866 2603 951 2630 solum
969 2603 1067 2630 habere
1082 2611 1110 2630 se
1124 2605 1256 2635 omnium,
1269 2609 1296 2631 et
1308 2612 1367 2638 qua:
1379 2608 1442 2631 ante
1456 2605 1559 2631 initium
1572 2606 1648 2637 liunt,

865 2654 892 2676 et
910 2650 934 2676 iu
953 2649 1039 2676 medio
1056 2653 1081 2676 et
1100 2649 1125 2676 in
1144 2649 1211 2682 tino,
1229 2650 1349 2676 notitiam
1370 2658 1377 2676 :
1395 2658 1445 2676 nec
1460 2657 1520 2677 esse
1540 2651 1649 2677 omnino

864 2696 945 2722 alium
962 2703 1134 2729 quemquam,
1149 2696 1193 2729 qui
1212 2703 1322 2722 servare
1337 2701 1436 2730 posset,
1452 2701 1476 2722 et
1496 2696 1600 2722 ﬁrmam
1618 2704 1649 2722 ac
1692 2703 1696 2706 '

865 2741 978 2768 solidam
995 2742 1020 2768 in
1039 2741 1089 2768 illis
1105 2749 1154 2774 per
1170 2742 1225 2768 haec
1242 2742 1319 2769 [idem
1337 2742 1512 2769 constabilire
1532 2751 1539 2768 :
1560 2747 1649 2767 trans-

865 2788 916 2815 fert
933 2788 1082 2816 orationem
1101 2788 1133 2815 ad
1152 2789 1280 2824 sanguine
1297 2788 1442 2816 Israelitico
1463 2788 1607 2820 oriundos,
1622 2791 1647 2813 et

82 2872 110 2889 "'
124 2873 174 2903 δεῖ.
189 2884 216 2911 ιι,
231 2877 276 2913 ὶῚ,
290 2878 334 2906 ⁸18.
373 2879 395 2895 ⁸⁸
410 2879 502 2908 Matth.
525 2887 550 2912 χ,
564 2879 608 2906 5‘2.
647 2879 668 2894 "°
688 2877 763 2906 Joan.
781 2887 804 2912 Χ,
829 2879 918 2905 lii-l8.
