1885 3053
191 141 245 169 905

684 135 714 164 8.
734 133 873 164 CYRILLI
894 133 1128 162 ALEXANDRINI
1149 133 1309 162 ARCHIEP.

1776 136 1822 163 θοι

193 204 336 232 noverunt,
353 203 392 226 cst
408 198 452 233 qui
467 197 593 232 ambigat.
613 196 683 224 Deus
700 197 771 224 enim
787 200 893 228 natura,
906 200 933 222 et
947 203 978 222 ex

1048 204 1063 221 κ
1086 194 1153 220 ε)εοῦ
1174 193 1282 228 Πατρὸς
1300 193 1460 228 ἀναλάμψας
1480 195 1494 221 ὁ
1515 195 1683 231 Μονογενὴς,
1700 195 1822 223 καθίκετο
1848 196 1854 199 ’

195 247 249 272 Ι)οο
274 245 363 275 Patre,
395 250 456 270 cum
484 242 613 277 illuxisset
641 241 815 276 Unigenitus,
838 240 986 267 exinanivil

192 298 232 322 se,
251 289 417 324 formamque
427 289 496 316 servi
513 288 638 322 sumpsit,
652 293 681 315 ut
697 296 711 314 ιι
727 286 826 314 diaboli
845 286 987 321 tyrannide

193 337 321 363 liberaret
345 343 392 362 eos
419 335 464 369 qui
479 335 503 362 ei
528 333 713 368 subjacebaut,
743 333 853 367 suisque
869 331 986 366 sceptris

193 383 346 416 subiiceret.
372 381 464 416 Itaque
497 381 547 408 hoc
580 381 686 415 quidem
707 380 766 407 loco
792 379 915 406 meminit
931 379 988 406 haec

192 427 292 460 oratio,
310 427 388 461 quasi
409 427 580 462 particularis
601 425 795 460 redemptionis
812 432 872 460 quae
897 425 986 451 futura

193 478 264 500 esset
285 480 333 501 suo
362 477 496 508 tempore,
526 480 587 507 quae
613 472 679 499 solis
712 471 824 498 Iudaico
857 471 987 506 sanguine

193 519 260 545 ortis
290 518 352 544 data
371 521 421 550 est,
441 522 468 545 et
483 517 626 552 generalis,
643 524 690 551 per
710 516 847 543 Christum
871 517 985 548 scilicet,

194 572 241 598 per
260 572 340 598 quam
363 563 480 591 servavit
494 563 564 591 Deus
582 567 610 590 et
626 562 707 589 Pater
722 566 807 589 totum
824 562 919 590 orbem
941 561 986 588 ba-

192 609 344 637 bilabilem.

232 655 311 682 Vens.
342 656 385 689 16,
411 655 453 683 l7.
478 655 524 683 Sic
548 655 613 682 dicit
634 655 763 683 Dominus
787 663 796 682 :
822 655 875 688 Qui
896 655 984 681 datin

193 702 262 728 mari
273 701 352 734 viam,
365 702 423 728 etin
437 709 507 736 aqua
533 701 673 728 vehementi
687 701 817 732 umitum,
831 702 877 734 qui
897 700 985 727 educit

194 755 287 773 currus
311 751 334 774 et
357 754 470 781 equum,
495 751 518 772 et
549 746 746 772 multitudinem
774 747 916 772 robustam.
933 744 985 772 Sed

194 793 367 825 dormierunt,
380 797 404 819 et
420 800 470 819 non
482 796 627 826 resurgant,
644 792 766 818 exstincti
779 796 839 818 sunt
856 797 882 818 ut
901 791 983 818 linum

194 838 363 865 exstinctum.

241 883 313 910 Bona
327 883 449 915 etutilia,
471 882 521 910 etsi
548 883 673 909 dicantur
684 890 756 918 saepe
772 890 787 910 a
805 882 860 910 Deo
885 887 912 910 et
940 883 987 910 ho-

196 930 324 962 minibus,
338 934 425 955 tamen
439 929 550 956 molesta
565 929 733 962 sapientibus
741 929 812 956 nullo
827 929 905 956 modo
914 934 986 971 sunt,

196 976 242 1002 sed
260 975 292 1002 ad
315 975 427 1002 salutem
452 975 540 1009 potius
568 975 731 1002 necessaria.
747 974 815 1001 lline
830 975 930 1001 l‘aulus
943 982 988 1002 sa-

195 1020 380 1055 pientissimus
401 1020 496 1047 scribit
507 1011 722 1054 quibusdamper
731 1020 885 1055 epistolam:
912 1029 922 1046 ι
936 1021 987 1047 Ea-

195 1066 255 1094 dem
267 1067 356 1093 dicere
371 1066 457 1098 vobis,
475 1066 659 1100 mihiquidem
675 1073 727 1093 non
747 1073 828 1101 grave
840 1071 891 1098 est,
909 1066 985 1094 vobis

197 1118 284 1138 autem
297 1116 382 1138 lutum
395 1111 431 1140 ⁸³,
444 1120 454 1137 ι
468 1111 600 1144 Quoniam
611 1111 682 1138 ettim
694 1111 808 1138 humana
823 1118 907 1144 mens,
923 1111 987 1138 insi-

196 1157 240 1192 gni
253 1158 368 1192 quadam
383 1157 505 1184 socordia
522 1156 711 1191 corrumpitur,
728 1157 763 1183 ita
778 1156 890 1192 ut571
899 1165 985 1192 quan—

197 1204 283 1237 doque
302 1203 328 1229 in
347 1203 507 1230 oblivionem
525 1203 614 1229 reniat
629 1210 722 1229 eorum
746 1210 805 1237 quae
819 1211 834 1229 ιι
852 1204 906 1230 Deo
926 1203 985 1230 uni-

197 1249 294 1282 cuique
321 1249 382 1276 data
415 1253 478 1275 sunt
493 1258 499 1275 z
516 1249 615 1275 idcirco
639 1249 730 1275 divina
758 1249 847 1276 oratio
871 1249 985 1276 subinde

197 1301 288 1321 eorum
308 1293 465 1321 memoriam
494 1294 572 1321 nobis
596 1293 715 1328 refricat,
734 1301 784 1322 nec
801 1295 866 1322 sinit
883 1294 984 1330 frigere

197 1340 330 1373 socordia,
367 1339 413 1367 sed
439 1339 548 1374 pietatis
578 1346 679 1372 amore,
703 1345 731 1367 et
754 1341 842 1368 studio
866 1342 985 1368 omnium

199 1386 330 1413 bonorum
360 1386 494 1413 accendit.
527 1385 608 1420 Ergo,
629 1393 688 1412 cum
716 1386 869 1421 redemptus
893 1387 987 1414 fuisset

197 1431 288 1464 lsrael,
301 1431 422 1466 plurimis
440 1439 472 1458 ac
487 1431 688 1459 incredibilibus
703 1431 842 1460 beneficiis
860 1433 884 1459 ei
917 1440 986 1467 prm-

198 1477 280 1510 stitis,
301 1477 399 1504 deinde
418 1484 481 1503 vero
501 1484 594 1504 eorum
608 1477 694 1508 obliti,
709 1477 797 1504 aversi
825 1478 937 1505 fuissent
953 1478 985 1505 ad

1040 241 1088 276 μὲν
1099 240 1139 272 είς
1162 241 1289 272 κένωσιν,
1305 239 1384 266 ἔλαϐε
1400 240 1428 267 δὲ
1447 240 1540 268 δούλου
1566 243 1687 278 μορφὴν,
1715 242 1760 268 ἵνα
1778 243 1822 276 τῆς

1036 285 1082 312 τοῦ
1104 285 1228 312 δια66λου
1249 285 1407 321 τυραννίδος
1424 286 1581 319 ἀπαλλάξας
1601 288 1664 319 τοὺς
1691 289 1740 314 ὑπ’
1756 289 1823 323 αὐτῷ

1038 329 1191 364 κειμένους,
1204 331 1260 362 τοῖς
1273 330 1349 362 ἰδίοις
1363 331 1493 366 ὑπαγάγῃ
1510 333 1670 367 σκήπτροις.
1682 332 1824 367 Μέμνηται

1037 376 1068 411 δὴ
1079 373 1126 402 οὖν
1140 377 1154 402 ό
1171 376 1249 410 λόγος
1263 377 1291 402 ὲν
1303 376 1418 409 τούτοις,
1433 377 1471 408 ὡς
1486 378 1620 413 ἐσομένης
1631 379 1703 406 κατὰ
1714 377 1824 413 καιρὸδς

1037 421 1197 457 λυτρὼσεως
1213 431 1245 456 με
1250 423 1336 457 ρικῆς,
1350 422 1366 458 ἢ
1384 423 1474 457 μόνοις
1485 423 1587 450 δέδοται
1601 425 1658 455 τοῖς
1672 424 1703 456 ἐξ
1713 425 1824 459 αἵματος
1869 426 1870 431 ¹

1043 468 1161 503 Ἰσραὴλ,
1179 469 1224 495 καὶ
1237 468 1362 500 καθόλου,
1374 468 1421 495 καὶ
1439 469 1635 505 γενικωτάτης,
1651 470 1698 497 διὰ
1709 471 1823 505 Χριστοῦ

1035 513 1165 548 δηλονότι,
1177 514 1211 540 δι’
1223 511 1257 550 ἦς
1269 514 1387 541 σέσωκεν
1398 515 1412 541 ὁ
1423 514 1489 547 Θεὸς
1512 516 1559 542 καὶ
1578 515 1675 551 Πατὴρ
1697 517 1765 547 τοὺς
1778 516 1825 543 ἀνά

1037 560 1126 587 πᾶσαν
1143 561 1192 595 τὴν
1205 562 1375 596 οἰκουμένην.

1072 649 1154 676 Οὕτω
1163 649 1244 682 λέγει
1258 649 1375 682 Κύριος·
1392 649 1423 675 '0
1431 648 1533 682 διδοὺς
1540 649 1575 676 ἐν
1585 650 1732 685 θαλάσσῃ
1745 649 1822 682 ὁδὸν,

1035 696 1083 723 καί
1097 696 1132 722 ἐν
1146 695 1233 722 ὕδατι
1247 694 1362 730 ἰσχυρῷ
1378 696 1487 729 τρίϐον,
1500 697 1516 722 ὁ
1534 696 1690 731 ἐξαγαγὼν
1700 697 1822 731 ἅρματα,

1035 742 1085 769 καί
1114 741 1209 768 ἵππον
1224 741 1274 767 καὶ
1294 740 1388 775 ὄχλον
1407 743 1541 776 ἰσχυρόν.
1564 743 1646 769 Ἀλλ’
1668 742 1823 777 ἐκοιμήθη-

1035 795 1105 820 σαν,
1133 786 1183 814 καὶ
1204 787 1260 814 οὐκ
1286 786 1531 821 ἀναστήσονται,
1562 788 1760 822 ὲσόἑσθησαν
1787 789 1823 821 ὡς

1037 833 1125 861 ,πῖνον
1137 832 1333 867 ἐσϐεσμένον.

1002 867 1023 894 Β
1075 879 1115 905 Τὰ
1132 878 1237 914 χρηστὰ
1253 878 1299 904 καὶ
1320 877 1478 914 ὀνησιφόρα,
1495 879 1546 905 κᾶν
1561 879 1723 911 πλειστάκις
1738 879 1823 906 λαλεῖς

1039 933 1083 952 ται
1105 925 1182 960 παρά
1202 933 1232 951 τε
1251 924 1318 951 Θεοῦ
1342 924 1389 951 καὶ
1407 923 1568 959 ἀνθρώπων,
1593 924 1701 960 ὀχληρὰ
1720 926 1768 960 μὲν
1781 926 1823 952 οὐ·

1040 971 1132 1007 δαμῶς
1145 970 1201 998 εἶεν
1217 971 1249 998 ἂν
1263 973 1320 1002 τοῖς
1336 971 1507 1006 ἀρτίφροσιν,
1525 972 1664 1005 ἀναγκαῖα
1678 971 1707 997 δὲ
1729 972 1822 1006 μᾶλλον

1038 1019 1077 1049 εἰς
1103 1017 1250 1053 σωτηρίαν.
1277 1017 1411 1052 Ταύτῃτοι
1436 1018 1483 1044 καὶ
1511 1018 1525 1044 ὁ
1547 1018 1684 1051 πάνσοεξος
1722 1017 1822 1049 Παῦλος

1038 1063 1191 1089 ἐπιστέλλει
1205 1063 1275 1089 τισί·
1291 1072 1299 1087 ι
1314 1062 1353 1088 Τά
1365 1062 1434 1088 αὐτὰ
1446 1062 1534 1096 λέγειν
1548 1063 1623 1098 ὑμῖν,
1635 1064 1700 1098 ἐμοὶ
1716 1063 1765 1098 μὲν
1778 1063 1822 1089 οὑκ

1038 1109 1164 1144 ὀκνηρὸν,
1176 1109 1240 1144 ὑμῖν
1251 1108 1279 1135 δὲ
1297 1108 1426 1143 ἀσφαλές.
1447 1118 1456 1134 ι
1479 1108 1589 1144 Ἐπειδὴ
1605 1108 1661 1144 γὰρ
1678 1109 1710 1135 ἐκ
1728 1109 1822 1143 πολλῆς

1038 1154 1107 1188 ἄγαν
1117 1154 1253 1190 ῥᾳθυμίας
1264 1155 1278 1180 ὀ
1286 1154 1454 1189 ἀνθρώπινος
1465 1154 1526 1186 νοῦς
1537 1153 1753 1189 καταφθείρεται
1762 1155 1823 1189 πρὸς

1038 1200 1125 1236 λήθην
1137 1200 1192 1226 ἔσθ’
1209 1201 1253 1226 ὅτε
1266 1200 1320 1227 τῶν
1333 1200 1525 1235 δεδωρημένων
1537 1201 1644 1235 ἑκάστῳ
1660 1200 1738 1235 παρὰ
1749 1200 1821 1231 Θεοῦ,

1037 1246 1081 1273 διὰ
1097 1246 1175 1272 τοῦτο
1194 1245 1262 1282 πρὸς
1283 1246 1434 1280 ἀνάμνησιν
1457 1245 1547 1272 αὐτῶν
1569 1246 1733 1278 ἀναϐιϐάζει
1754 1246 1823 1272 πλει-

1038 1292 1136 1327 σταχοῦ
1151 1292 1221 1323 θεῖος
1238 1292 1310 1327 ἡμᾶς
1324 1291 1412 1326 λόγος,
1428 1292 1479 1318 οὐκ
1491 1291 1542 1318 ὲῶν
1553 1291 1669 1318 εἰσάπαν
1682 1291 1824 1326 ἀποψύχε-

1038 1339 1099 1366 σθαι
1120 1339 1188 1374 πρὸς
1210 1338 1240 1365 τὸ
1257 1339 1391 1374 ῥᾴθυμον,
1411 1337 1598 1373 ἀναζωπυρῶν
1616 1338 1645 1364 δὲ
1670 1338 1771 1373 μᾶλλον
1789 1338 1824 1368 εἰς

1038 1384 1186 1418 φιλοθείαν,
1211 1383 1259 1411 καὶ
1278 1385 1318 1415 εἰς
1342 1384 1442 1415 παντὸς
1466 1383 1559 1417 ἔφεσιν
1582 1383 1698 1418 ἀγαθοῦ.
1724 1383 1824 1410 Οὖκοῦν

1036 1430 1186 1465 ἐπειδήπερ
1214 1429 1381 1465 λελύτρωται
1408 1430 1422 1456 ὁ
1449 1429 1566 1465 Ἰσραὴλ,
1593 1429 1732 1456 πλείστων
1760 1430 1825 1456 ὅτων

1038 1476 1108 1511 ὑπὲρ
1127 1476 1211 1502 αὑτοῦ
1233 1475 1391 1511 παραδόξως
1411 1476 1623 1511 τετελεσμένων,
1645 1473 1710 1502 εἶτα
1726 1476 1826 1502 τούτων

198 1523 384 1555 defectionem.
402 1527 429 1550 et
446 1524 478 1550 ad
504 1530 550 1550 eos
566 1523 775 1550 declinavissent
801 1524 845 1558 qui
870 1523 905 1551 dii
932 1531 983 1551 nun

1046 1522 1282 1557 ιμνημονήσαντες
1296 1522 1445 1557 ἐτράποντο
1456 1522 1524 1557 πρὸς
1538 1522 1701 1554 ἀπόστασιν,
1713 1523 1762 1549 καὶ
1775 1524 1827 1554 τοῖς

199 1573 301 1595 erant:
325 1569 479 1595 necessario
500 1568 568 1596 Deus
585 1569 679 1604 redigit
708 1570 761 1597 illis
777 1570 802 1596 in
829 1571 986 1597 memoriam

192 1621 274 1640 suam
288 1614 433 1648 potentiam
450 1615 541 1641 dicens
552 1615 658 1642 dedisse
674 1622 703 1642 se
717 1616 787 1642 viam
814 1615 839 1642 in
867 1616 946 1647 mari,
961 1621 988 1643 et

200 1661 227 1686 in
257 1667 326 1694 aqua
364 1660 514 1686 vehementi
546 1660 681 1687 semitam.
713 1659 889 1694 Trajecerunt
916 1661 987 1688 enim

201 1704 317 1731 medium
333 1711 417 1737 mare,
433 1712 493 1731 cum
509 1712 524 1731 e
537 1704 647 1739 regione
661 1704 849 1740 Egyptiorum
875 1706 987 1740 proﬁci-

201 1755 362 1781 scerentur,
393 1755 417 1776 et
435 1750 548 1784 pedibus
572 1750 715 1778 Jordanem
750 1751 923 1779 transierunt.
953 1752 990 1788 ‘Et

201 1794 270 1821 hanc
296 1802 356 1821 esse
374 1794 488 1821 dicimus
511 1794 538 1821 in
560 1801 629 1828 aqua
663 1795 817 1822 vehementi
847 1796 986 1823 semitam.

201 1838 266 1871 Quae
291 1839 440 1866 admiratus
461 1839 567 1868 divinus
585 1839 667 1867 David
690 1840 800 1874 psallit:
820 1850 829 1867 ι
851 1841 920 1873 Quid
947 1845 989 1868 est

203 1885 263 1918 tibi,
281 1892 364 1918 mare,
382 1886 452 1920 quod
471 1885 580 1920 fugisti?
604 1886 692 1923 Etltu,
705 1885 840 1918 Jordanis,
851 1887 912 1920 quia
922 1894 988 1914 eon-

202 1937 294 1957 versus
303 1938 332 1957 es
343 1935 489 1957 retrorsum
499 1930 554 1957 "'2
569 1939 578 1956 ι
599 1930 630 1956 Et
643 1931 739 1957 iterum
754 1931 787 1957 de
804 1931 875 1958 Deo:
889 1940 898 1957 ‹
914 1931 988 1959 Con-

203 1982 312 2002 vertens
335 1983 410 2002 mare
436 1975 462 2002 in
477 1975 590 2007 aridam,
624 1983 671 2010 per
699 1975 808 2002 ﬂuvium
836 1977 989 2005 transibunt

203 2022 269 2055 pede
280 2021 314 2048 “.
337 2030 347 2046 ›
374 2022 466 2055 Itaque
496 2021 569 2047 dedit
589 2021 617 2047 in
637 2021 704 2047 mari
721 2021 802 2054 viam,
819 2027 845 2049 et
871 2022 897 2049 in
918 2030 986 2057 aqua

205 2068 354 2094 vehementi
383 2067 518 2098 semitam,
543 2072 569 2094 et
586 2074 681 2094 currus
694 2073 720 2094 el
738 2075 834 2102 equunt
850 2073 877 2095 et
895 2069 987 2096 multi-

206 2113 325 2139 tudinem
338 2113 434 2138 fortem
460 2112 560 2139 eduxit.
578 2111 684 2138 Pharao
721 2113 792 2139 enim
829 2119 988 2148 persecutus

205 2164 246 2185 est
272 2158 418 2185 Israelitico
448 2158 579 2191 sanguine
604 2162 696 2191 ortos,
724 2159 848 2186 curribus
864 2164 890 2186 et
912 2161 988 2194 equis

206 2214 280 2238 usus,
309 2211 337 2232 et
364 2205 478 2231 terriﬁca
505 2212 584 2232 manu
603 2205 822 2233 subsidiarioruut
845 2207 957 2235 militum
978 2217 985 2235 :
1003 2202 1024 2229 Ῐ)

205 2252 278 2286 atqui
294 2251 368 2278 nullo
384 2251 463 2277 modo
479 2249 602 2283 injuriam
617 2250 681 2278 fecit
698 2252 853 2286 redemptis.
867 2253 989 2280 Dormie—

207 2302 268 2324 runt
289 2296 370 2328 enim.
387 2301 413 2323 et
436 2305 488 2323 non
506 2301 655 2330 resurgent,
672 2297 767 2331 inquit,
794 2297 840 2324 sed
862 2299 988 2326 exstincti

207 2347 280 2375 sunt,
291 2348 319 2368 ut
334 2342 415 2369 tinttm
424 2343 596 2369 exstinctum.
609 2342 673 2368 Nam
684 2342 819 2376 praefoeati
831 2349 893 2371 sunt
902 2345 989 2378 aquis,

207 2395 235 2417 et
249 2389 329 2416 simul
345 2397 405 2416 cum
432 2389 508 2423 equis
522 2389 670 2423 perierunt,
684 2393 712 2416 et.
724 2393 752 2415 ut
766 2389 849 2416 linum
863 2391 933 2424 quod
950 2391 990 2417 l'a-

207 2435 259 2463 cile
273 2434 449 2465 comburitur,
469 2434 507 2461 ira
523 2434 613 2461 divina
628 2435 780 2468 consumpti
795 2439 867 2467 sunt,
885 2439 910 2462 et
938 2442 985 2462 ex-

208 2480 298 2508 stincti
315 2480 373 2507 sine
389 2479 489 2511 labore,
501 2479 527 2506 id
546 2484 599 2511 est.
614 2487 639 2506 tn
665 2479 778 2506 nihilum
809 2480 945 2512 abierunt,
966 2486 993 2507 et

209 2527 290 2554 veluti
307 2526 333 2552 in
358 2526 463 2553 cineres
486 2525 587 2552 redacti
613 2529 687 2552 sunt.
721 2524 814 2552 Linum
843 2526 914 2553 enim
932 2526 992 2560 igne

209 2571 287 2599 facile
311 2571 490 2602 consumitur,
524 2575 552 2597 et
589 2571 679 2596 statim
711 2575 853 2604 antequam
884 2578 991 2598 manum

210 2618 333 2648 verteris.
352 2616 542 2651 exstinguitur,
569 2620 596 2642 et
610 2616 744 2642 flammam
772 2616 841 2650 parit
866 2615 993 2642 tenuissi-

210 2671 291 2691 mam.
317 2663 345 2690 Si
372 2663 433 2697 quis
460 2667 549 2689 autem
568 2661 639 2688 dicat
656 2671 661 2688 :
682 2661 748 2688 Cum
765 2661 889 2695 princeps
912 2665 989 2690 terra:

209 2711 388 2746 Egyptian,
410 2716 458 2736 sua
484 2714 577 2742 sponte
603 2708 629 2735 in
652 2707 777 2735 lsraelem
809 2707 987 2734 incursionem

209 2756 300 2788 faciat,
322 2754 455 2790 quomodo
472 2753 528 2789 ipse
547 2753 734 2781 universorum
759 2753 840 2785 Deus,
853 2760 937 2786 equos
961 2757 989 2780 et

245 2844 267 2860 “
279 2842 376 2876 Philip.
390 2850 430 2875 ιιι,
447 2841 472 2871 i.
511 2842 542 2857 ⁸⁸⁴
557 2841 627 2869 Psal.
644 2849 683 2874 ιι,
696 2841 722 2868 5.
762 2840 784 2859 ⁸⁸
797 2839 866 2866 Psal.
882 2846 943 2872 va,
960 2838 985 2868 6.

1039 1569 1090 1594 οὐκ
1113 1566 1172 1594 οὖσι
1197 1568 1268 1599 θεοῖς
1292 1567 1532 1602 οροσνενεύκασιν,
1550 1568 1712 1602 ἀναγκαίως
1733 1569 1827 1600 αὐτοὺς

1039 1613 1108 1648 πρὸς
1131 1613 1282 1647 ἀνάμνησιν
1307 1614 1356 1648 τῆς
1376 1611 1473 1638 ἑαυτοῦ
1497 1612 1638 1647 δυνάμεως
1665 1612 1829 1648 ἀνακομίζει

1039 1658 1115 1689 Θεὸς,
1131 1658 1276 1684 δεδωκέναι
1289 1658 1375 1692 λέγων
1386 1658 1444 1684 ὁδὸν
1461 1659 1490 1685 ἐν
1502 1657 1634 1693 θαλάσσῃ,
1648 1659 1697 1684 καὶ
1713 1659 1745 1684 ὲν
1757 1658 1828 1685 ὕδατι

1041 1704 1144 1739 ἰσχυρῷ
1178 1705 1281 1739 τρίϐον.
1307 1704 1522 1740 Διεὸιϐάσθησαν
1546 1704 1599 1739 γὰρ
1623 1704 1671 1731 διὰ
1693 1705 1828 1739 θαλάσσης

1041 1750 1127 1786 μέσης
1147 1751 1197 1786 τῆς
1216 1750 1372 1784 Αἰγυπτίων
1392 1750 1554 1785 ἀπαίροντες
1575 1750 1679 1785 χώρας,
1701 1751 1827 1785 διέϐησαν

1039 1797 1067 1823 δὲ
1085 1797 1131 1823 καὶ
1153 1797 1213 1823 ποδὶ
1234 1797 1280 1823 τὸν
1297 1795 1440 1832 Ἰορδάνην.
1461 1796 1516 1822 Καὶ
1530 1796 1633 1831 ταύτην
1653 1794 1725 1823 εἶναι
1742 1805 1827 1831 φαμεν

1039 1842 1088 1877 τὴν
1102 1843 1130 1868 ὲν
1148 1841 1224 1868 ὕδατι
1242 1841 1346 1878 ισχυρῷ
1364 1842 1467 1876 τρίϐον.
1484 1842 1518 1868 Ἃ
1531 1842 1563 1877 δὴ
1585 1842 1632 1868 καὶ
1649 1841 1796 1877 θαυμάτας
1814 1843 1826 1868 ὁ

1041 1888 1179 1919 θεσπέσια,
1193 1888 1287 1922 ψάλλει
1299 1888 1396 1915 Δαϐίδ·
1418 1897 1426 1913 ι
1447 1888 1479 1913 Τί
1495 1887 1552 1914 ἐστί
1571 1896 1623 1920 σοι,
1638 1888 1776 1920 θάλασσα,
1790 1889 1825 1914 ὅτι

1040 1934 1141 1968 ἔφυγες
1151 1942 1158 1965 ;
1171 1934 1271 1965 καὶσὺ,
1281 1933 1413 1968 Ἰορδάνη,
1421 1934 1462 1959 ὅτι
1470 1933 1610 1968 ὲστράφης
1620 1933 1660 1964 εἰς
1672 1933 1823 1966 rientem)

1040 1979 1095 2006 Καὶ
1111 1979 1190 2005 πάλιν
1204 1980 1266 2014 περὶ
1280 1978 1346 2005 Θεοῦ
1363 1979 1448 2013 λέγων
1460 1986 1466 1993 ·
1487 1987 1497 2004 ε
1521 1978 1549 2005 Ὁ
1566 1979 1765 2014 μεταστρέφων
1782 1980 1824 2014 τὴν

1039 2024 1177 2051 θάλασσαν
1193 2025 1232 2056 εἰς
1252 2024 1347 2059 ξηρὰν,
1370 2025 1397 2050 ἐν
1410 2024 1524 2059 ποταμῷ
1535 2024 1721 2051 διελεύοονται
1739 2025 1821 2050 ποδί.»

1040 2070 1144 2097 Οὐκοῦν
1162 2071 1277 2097 δέδωκεν
1290 2072 1318 2096 ὲν
1331 2070 1451 2107 θαλάττῃ
1464 2071 1586 2103 damma
1599 2072 1629 2097 ὲν
1640 2071 1719 2098 ὕδατι
1730 2071 1824 2105 ἰοχυρῴ

1039 2117 1141 2152 τρίϐον.
1181 2116 1313 2152 Ἐξήγαγε
1329 2116 1368 2148 δὲ,
1399 2117 1445 2143 κοιλ⁸
1466 2117 1586 2152 ἅρματα,
1605 2117 1653 2142 καὶ
1672 2117 1766 2149 ῖππον,
1783 2117 1823 2142 καὶ

1040 2163 1119 2198 ὄχλον
1134 2163 1252 2198 ἰσχυρόν.
1271 2161 1421 2195 Κατεδίωξε
1440 2163 1488 2196 μὲν
1505 2162 1558 2197 γὰρ
1571 2163 1584 2188 ὁ
1600 2162 1703 2197 Φαραὼ
1720 2162 1781 2193 τοὺς
1798 2161 1824 2193 ἐξ

1041 2208 1157 2242 αἵματος
1174 2206 1280 2243 Ἰσραὴλ
1303 2207 1332 2232 ὲν
1348 2206 1452 2241 ἅρμασί
1467 2215 1495 2232 τε
1510 2207 1556 2233 καὶ
1575 2207 1681 2238 ἵπποις,
1702 2207 1749 2233 καὶ
1762 2207 1820 2233 δυε-

1041 2254 1148 2289 αντήτῳ
1185 2252 1324 2288 χρώμενος
1357 2253 1390 2287 τῇ
1421 2252 1474 2278 τῶν
1499 2253 1722 2284 συνασπιζόντων
1748 2253 1823 2288 χειρὶ,

1043 2299 1112 2333 πλὴν
1134 2299 1194 2325 κατ’
1212 2298 1307 2324 οὐδένα
1330 2298 1429 2333 τρόπον
1444 2298 1580 2333 νενίκηκε,
1608 2299 1692 2334 ῆτουν
1717 2299 1822 2334 ἠδίκησε

1042 2345 1104 2376 τοὺς
1131 2344 1362 2379 λελυτρωμένους.
1381 2344 1601 2380 Ἐκοιμήθηκσαν
1621 2344 1686 2380 γὰρ,
1707 2345 1754 2370 καὶ
1781 2345 1824 2370 οὐκ

1042 2390 1256 2425 ἀναστήσονται,
1286 2392 1377 2424 φησιν,
1404 2390 1460 2417 ἀλλ’
1490 2390 1660 2425 ὲσόέσθηταν
1694 2391 1734 2422 ὡς
1761 2392 1824 2416 λῖ-ιον
1858 2388 1862 2389 7

1042 2435 1215 2471 ἐοὸεσμένον.
1226 2435 1462 2471 Ἐναπεπνίγησαν
1475 2436 1530 2471 γὰρ
1543 2437 1599 2467 τοῖς
1617 2435 1726 2468 ὕδασιν,
1739 2436 1824 2466 ἵπποις

1041 2489 1071 2507 τε
1088 2481 1156 2516 ὁμοῦ
1168 2482 1215 2508 καὶ
1229 2481 1380 2514 διολώλασι,
1398 2482 1444 2508 καὶ
1463 2482 1500 2513 ὡς
1515 2482 1746 2518 εὐκατάπρηστον
1761 2483 1825 2509 λίνον

1043 2526 1094 2552 ὑπὸ
1110 2526 1185 2556 θείας
1198 2527 1282 2562 ὀργῆς
1303 2527 1513 2561 ὁεδαπάνηνται,
1537 2527 1583 2554 καὶ
1606 2528 1825 2562 κατεσϐέσθησαν
1848 2552 1853 2555 ,

1043 2572 1173 2607 ἀμογητὶ,
1186 2572 1260 2598 τοῦτ’
1277 2572 1345 2604 ἔστι,
1359 2574 1550 2608 κεχωρήκασιν
1563 2574 1604 2604 εἰς
1621 2574 1653 2600 τὸ
1671 2574 1766 2609 μηδὲν,
1783 2574 1824 2600 καὶ

1041 2614 1096 2644 οἷον
1121 2618 1370 2654 άποτετέφρωνται.
1396 2620 1432 2646 Τὸ
1445 2620 1499 2656 γάρ
1513 2628 1554 2646 τοι
1577 2619 1650 2649 λῖνον
1685 2621 1751 2655 πυρὶ
1782 2620 1824 2655 μὲν

1043 2664 1151 2698 ἕτοιμον
1168 2665 1207 2696 εἰς
1221 2666 1385 2701 ἀφανισμὸν,
1400 2666 1541 2692 σῆέννυται
1553 2666 1582 2693 δὲ
1597 2667 1645 2693 καὶ
1663 2667 1753 2702 χειρὸς
1764 2667 1823 2701 ἀφῇ,

1043 2709 1089 2735 καὶ
1103 2710 1304 2746 ἁδρανεστάτην
1322 2711 1411 2738 manu
1427 2712 1523 2746 φλόγα.
1540 2712 1571 2738 Εἰ
1589 2712 1619 2738 δὲ
1641 2711 1674 2747 δή
1692 2721 1732 2744 τις
1749 2712 1823 2745 λέγοι.

1043 2754 1096 2780 Τοῦ
1113 2755 1161 2790 τῆς
1185 2756 1341 2790 Αἰγυπτίων
1371 2758 1531 2793 ἐξάρχοντος
1556 2758 1609 2794 γῆς
1632 2758 1686 2794 ἰδίᾳ
1710 2758 1822 2795 βουλήσει
