1885 3053
83 150 142 178 9υῦ

672 149 705 177 IN
727 149 843 177 ISAIAM
864 150 930 178 LIB.
950 149 994 179 IV.
1017 151 1121 180 ORAT.
1143 151 1161 180 Ι.

82 206 301 241 κατατρέχοντες
315 207 362 234 τοῦ
383 206 500 244 Ἰσραὴλ,
520 207 578 239 πῶς
602 208 683 240 αὐτὸς
705 210 719 235 6
733 208 787 235 τῶν
805 209 858 235 ὄλω

953 219 1021 239 trrus
1046 216 1072 238 ct
1089 213 1238 240 exercitum
1257 212 1314 248 ejus
1329 213 1428 240 dicitur
1445 212 1583 240 educeret
1597 212 1720 248 Respon-

80 251 153 284 Θεὸς
177 253 318 287 ἐξαγαγεῖν
339 253 447 287 λέγεται
470 254 534 286 τοὺς
560 253 670 286 ἵππους,
692 255 738 280 καὶ
754 254 876 290 ἅρματα,

61 289 131 335 "xui.
143 299 191 325 τὸν
200 299 245 324 ὑπ’
259 299 371 326 ἐκείνων
386 299 519 334 στρατόν;
535 300 626 334 Φαμὲν
640 300 680 327 ὅτι
691 300 799 336 εἴρηται
810 300 877 335 πρὸς

60 348 64 359 ’
83 343 189 379 Φαραὼ
206 344 282 380 παρὰ
293 344 341 371 τοῦ
361 345 415 371 τῶν
437 345 505 372 ὅλων
522 345 686 381 κρατοῦντος
700 346 784 373 Θεοῦ·
803 356 811 372 ι
830 347 877 377 Εἰς

77 390 147 416 αὐτὸ
159 390 238 416 τοῦτο
253 389 383 426 ἐξήγειρά
399 399 440 423 σε,
455 391 530 423 ὃπως
545 391 707 428 ἐνδείξωμαι
726 393 755 419 έν
770 392 810 419 σοι
827 392 876 427 τὴν

76 435 198 471 δύναμίν
224 445 290 472 μου,
309 438 357 464 καὶ
374 437 449 469 ὅπως
485 438 616 474 διαγγελῇ
639 439 668 465 τὸ
683 438 769 473 ὖνομά
786 447 836 474 μου
847 439 875 465 ὲν

76 482 157 517 πάσῃ
172 484 204 518 τῇ
219 483 265 518 γῇ.
282 493 292 508 ι
309 483 362 510 Καὶ
385 484 467 511 ταυτὶ
493 484 546 520 μὴν
563 484 685 520 εἰρήσθω
703 484 785 511 πάλιν
804 485 875 510 ἱστο-

79 528 177 563 ρικῶς.
199 529 291 564 Φαμὲν
310 529 338 556 δὲ
352 529 393 556 ὅτι
408 530 472 562 τοὺς
492 528 522 557 εὖ
546 530 621 565 βιοῦν
639 530 806 566 ᾑρημένους,
829 530 875 556 καὶ

77 574 127 610 τὴν
143 575 199 601 ὑπὸ
212 575 252 610 τῷ
265 575 381 612 διαϐόλῳ
400 575 522 603 δουλείαν
535 577 783 612 παραιτουμένους,
805 577 874 603 ἁπο-

77 621 232 654 φοιτῶντάς
248 630 279 647 τε
296 622 349 648 τῶν
367 622 431 657 περ).
442 622 495 656 γῆν
511 622 736 657 σπουδασμάτων,
752 621 798 648 καὶ
817 619 873 649 οἷον

78 667 210 702 ἀπαίρειν
224 667 366 700 ἐθέλοντας
379 668 469 704 πάσης
482 667 666 704 ἀκαθαρσίας,
681 667 775 695 διώκει
790 668 840 703 μὲν
855 669 870 695 ὁ

77 714 209 748 πονηρὸς,
223 714 304 746 σώζει
321 714 349 741 δὲ
366 715 528 751 παραδόξως
546 715 630 748 Θεὸς,
649 715 765 751 βάσιμον
781 715 872 747 αὐτοῖς

78 761 239 794 ἀποφαίνων
261 760 309 787 τοῦ
338 760 473 796 παρόντος
498 761 556 797 βίου
585 761 632 788 τὸν
657 761 797 793 κλύδωνα,
826 761 872 788 καὶ

77 807 212 842 ἀφράοτῳ
235 806 348 842 δυνάμει
367 807 533 840 διαϐιϐάζων
548 807 665 840 αὐτοὺς,
686 807 734 834 καὶ
751 808 807 838 τοῖς
823 806 870 834 τοῦ

75 853 211 888 παρέντος
233 853 290 888 βίου
313 855 515 889 περισπασμοτς
534 854 584 880 οὐκ
610 853 697 888 ἐφιεὶς
711 853 870 885 ἐπικλύζειν

929 258 1025 285 demus
1054 258 1155 285 dictum
1172 265 1232 286 esse
1248 258 1379 285 Pharaoni
1407 258 1441 285 ab
1459 257 1647 285 universorum
1671 260 1720 285 do-

929 302 1063 330 miuatore
1077 303 1134 331 Deo
1149 313 1156 332 :
1174 314 1184 330 ι
1201 304 1231 331 in
1247 304 1297 331 hoc
1314 305 1399 340 ipsum
1413 304 1528 331 excitavi
1542 308 1578 335 te.
1591 308 1619 331 ut
1632 308 1720 331 osten-

928 348 1020 376 derent
1053 351 1080 376 in
1111 354 1136 377 le
1153 351 1300 386 potentiam
1329 358 1427 383 meam,
1445 355 1468 377 et
1493 355 1523 377 ut
1543 350 1719 378 annuntietur

928 402 1025 422 nomen
1054 402 1143 422 meum
1174 396 1201 422 in
1227 395 1353 423 universa
1375 400 1444 422 terra
1466 396 1499 423 ⁸⁸.
1524 404 1534 422 ι
1555 395 1643 430 Atque
1670 395 1720 422 hue

927 437 1035 471 quidem
1061 438 1164 465 dictum
1182 439 1216 465 sit
1243 438 1381 465 historice.
1404 437 1526 465 Dicimus
1547 443 1649 472 autem,
1672 439 1718 472 qui

926 488 999 509 recte
1017 483 1099 509 vitam
1134 483 1274 511 instituere
1294 483 1416 518 cupiunt,
1432 489 1458 510 et
1471 484 1628 511 servitutem
1659 483 1719 510 dia-

926 528 979 556 boli
1001 528 1128 563 effugere,
1155 533 1183 556 et.
1210 537 1225 556 ιι
1245 531 1359 557 terrenis
1388 530 1485 557 studiis
1515 531 1652 563 recedere,
1687 537 1720 556 ac

925 575 970 609 qui
988 575 1082 602 volunt
1096 576 1172 609 quasi
1187 575 1379 611 subducerese
1397 576 1431 603 ab
1449 576 1527 603 omni
1549 576 1716 611 impuritate,

925 620 1007 656 572
1023 629 1069 648 eos
1085 621 1231 656 malignum
1253 622 1392 656 persequi,
1415 622 1461 650 sed
1477 622 1559 649 Deum
1586 622 1718 650 mirabili-

925 673 966 696 ter
979 673 1136 701 servare,et
1153 667 1333 703 inexplicabili
1350 669 1479 703 potentia,
1502 676 1550 703 per
1567 668 1646 703 hujus
1655 669 1716 697 vita

923 714 1126 741 ﬂuctuationem
1149 715 1320 741 cotntuodum
1339 714 1483 742 transitum
1507 719 1534 742 cl.
1559 715 1635 750 quasi
1652 722 1715 750 per-

923 759 1063 788 meabilem
1083 760 1136 787 illis
1165 761 1289 792 reddere,
1317 767 1366 788 nec
1380 760 1471 788 sinere
1495 767 1542 787 eos
1561 761 1641 795 hujus
1655 761 1716 788 vita

923 805 995 833 curis
1024 806 1159 841 immergi,
1190 807 1238 834 sed
1263 806 1381 840 edicere,
1403 812 1432 834 ut
1457 807 1612 834 carnalibus
1635 809 1713 842 quasi

922 851 1048 880 ﬂuctibus
1065 853 1218 888 superiores
1236 853 1362 885 evadant,
1391 861 1423 881 ac
1440 853 1524 881 veluti
1540 860 1615 881 mare
1629 853 1714 888 quod-

75 898 194 931 αὐτοὺς,
212 897 270 925 ἀλλ’
289 899 417 925 ἐπέκεινα
437 898 577 935 σαρκικῶν
593 898 726 934 κυμάτων
745 899 860 934 γενέσθα

953 906 996 930 tm,
1012 898 1052 925 sic
1069 898 1234 926 tentationes
1260 899 1334 926 varie
1359 899 1509 927 incidentes
1534 899 1714 934 tranquillam

75 943 312 979 παρασκευάζων,
333 944 476 980 ἐξημερῶν
493 945 521 971 δὲ
541 944 637 980 ὥσπερ
653 945 714 972 τινὰ
732 945 869 972 θάλασσαν

74 989 168 1021 αὐτοῖς
187 990 248 1021 τοὺς
265 990 443 1025 πολυτρόπως
462 990 664 1026 συμϐαίνοντας
679 990 867 1027 πειρασμούς·

74 1036 119 1063 ἵνα
136 1036 280 1070 ίσχύσειαν
295 1037 324 1064 ἐν
347 1037 381 1072 γῇ
399 1037 544 1072 γεγονότες
558 1037 666 1073 ἐρήμῳ,
685 1037 759 1064 τοῦτ’
781 1037 866 1070 ἐστιν,

73 1083 102 1108 ἐν
122 1083 292 1110 καταστάσει
313 1083 359 1110 νοῦ
383 1083 492 1119 καθαρᾷ
508 1084 556 1110 καὶ
581 1083 694 1120 σχολαία
709 1085 807 1118 φαγεῖν
821 1083 868 1109 τδν

73 1128 155 1163 ἄρτον
174 1128 220 1155 τὸν
243 1127 273 1161 ἐξ
292 1127 424 1164 οὐρανοῦ,
448 1129 495 1155 καὶ
516 1130 589 1156 πιεῖν
606 1129 679 1164 ὕδωρ
694 1130 726 1156 ἐκ
743 1130 865 1164 πέτρας,

74 1174 143 1200 τοῦτ’
163 1174 248 1206 ἔστιν,
263 1175 292 1201 ἐν
308 1174 414 1210 μεθέξει
430 1175 559 1207 γενέσθαι
586 1175 717 1210 Χριστοῦ,
739 1175 866 1202 διαϐιϐα-

922 952 954 972 ac
977 944 1073 972 sedare
1089 952 1099 972 ι
1115 950 1145 972 ιιι
1161 952 1223 972 cum
1242 945 1268 972 in
1291 945 1341 973 hac
1353 949 1428 973 terra
1452 951 1515 973 sunt
1531 951 1658 981 tanquam
1686 946 1713 973 in

922 990 1041 1023 deserto,
1061 991 1088 1018 id
1101 995 1153 1024 est,
1171 991 1197 1018 in
1214 996 1286 1019 stalu
1296 993 1378 1019 animi
1392 999 1460 1027 puro
1490 997 1518 1020 et
1536 993 1640 1027 quieto,
1664 999 1712 1027 pa-

922 1043 982 1063 nem
1012 1036 1152 1063 caelestem
1179 1036 1270 1070 edere,
1295 1040 1323 1063 et
1351 1044 1449 1071 aquam
1473 1037 1505 1064 de
1525 1043 1601 1072 petra
1617 1036 1714 1064 bibere

921 1083 1039 1116 valeant,
1054 1082 1081 1110 id
1095 1087 1146 1115 est,
1161 1082 1263 1110 Christi
1287 1084 1440 1118 participes
1455 1090 1526 1115 esse,
1549 1088 1577 1110 et
1597 1083 1714 1110 transire

921 1127 1078 1160 Jordanem,
1095 1129 1190 1162 sicque
1214 1127 1240 1155 in
1258 1132 1356 1156 terram
1382 1129 1571 1164 promissionis
1590 1128 1712 1163 perduci.

922 1173 960 1201 Ita
975 1174 1124 1209 spiritualis
1139 1175 1255 1202 omnino
1267 1175 1339 1209 quod
1355 1175 1426 1209 dico,
1444 1175 1584 1210 intelliget.

75 1222 170 1257 σῦἦναι
195 1230 224 1248 τε
238 1221 284 1248 τὸν
303 1223 448 1259 Ἰορδάνην,
471 1223 543 1249 οὕτω
561 1231 591 1250 τε
607 1224 648 1256 είς
671 1223 730 1259 τὴν
742 1224 794 1259 γῆν
818 1223 869 1258 τῆς
901 1222 1069 1257 ἐπαγγελίας
1101 1222 1207 1256 ἐλάσαι,
1224 1223 1335 1258 συνήσει
1351 1223 1460 1254 πάντως
1473 1223 1487 1249 ὸ
1502 1221 1687 1257 πνευματικὸς
1698 1222 1713 1249 δ

74 1277 155 1304 φημι-

107 1315 156 1349 Μὴ
174 1316 379 1350 μνημονεύετε
396 1317 431 1344 τὰ
448 1317 558 1352 πρῶτα,
577 1319 627 1345 και
650 1318 686 1345 τὰ
700 1318 808 1353 ἀρχαῖα
823 1317 867 1353 μὴ

75 1361 300 1396 συλλογίζεσθε,
314 1363 388 1390 Ἰδοὺ
405 1362 479 1390 ποιῶ
495 1363 593 1397 καινὰ,
612 1363 631 1391 ἁ
646 1363 705 1391 νῦν
718 1365 866 1397 ἀνατελεῐ,

73 1407 122 1433 καί
131 1407 297 1441 γνώσεσθε.
313 1409 367 1435 Καὶ
379 1409 496 1444 ποιήσω
510 1410 546 1436 ἐν
558 1409 596 1444 τῇ
609 1409 707 1444 ἐρήμῳ
722 1410 804 1442 ὁδὸν,
818 1411 868 1438 καί

73 1453 106 1478 ἐν
121 1452 159 1487 τῇ
173 1453 294 1488 ἀνύδρῳ
313 1455 476 1489 ποταμούς.
488 1454 662 1491 Ε’ὺλογήσει
678 1464 716 1491 με
730 1456 766 1484 τὰ
781 1457 868 1491 θηρία

73 1498 124 1525 τοῦ
147 1499 253 1538 ἀγροῦ,
277 1499 426 1535 σειρῆνες,
445 1501 494 1528 καί
519 1501 678 1536 θυγατέρες
699 1503 864 1537 στρουθῶν,

74 1543 116 1571 ὅτι
127 1544 243 1572 δέδωκα
252 1545 287 1572 ἐν
297 1545 334 1580 τῇ
348 1547 446 1581 ἐρήμῳ
460 1547 548 1582 ὕδωρ,
559 1548 607 1575 καί
618 1550 770 1584 ποταμοὺς
781 1550 816 1578 ἐν
828 1550 866 1586 τῇ

73 1591 200 1625 ἀνύδρῳ,
212 1593 333 1619 ποτισθα(
350 1592 383 1620 τὸ
397 1594 485 1628 γένος
499 1603 559 1629 μου
579 1595 612 1621 τὸ
623 1595 776 1628 ἐκλεκτὸν,
788 1598 867 1624 λαόν

72 1644 127 1671 μου
139 1637 176 1664 ὃν·
192 1639 461 1674 περιεποιησάμην,
475 1640 528 1672 τὰς
542 1641 649 1675 ἀρετάς
661 1649 721 1676 μου
734 1642 783 1669 καί
794 1650 864 1670 κατ-

74 1682 225 1717 ορθώματα
236 1684 415 1718 διηγεῖσθαι.

107 1728 214 1765 Ὠσπερ
228 1731 257 1756 ἐν
282 1732 339 1762 τοῖς
358 1732 454 1759 ἁνόπιν
473 1731 560 1768 βραχὺ
581 1735 698 1770 μερικὴν
715 1733 798 1762 οὖσαν
814 1735 864 1772 τὴν

74 1774 202 1810 ἐσομένην
227 1775 361 1811 λύτρωσιν
383 1779 442 1810 τοῖς
465 1778 494 1812 ἐξ
519 1779 636 1815 Ἰσραὴλ,
651 1781 794 1816 παρετίθει
814 1781 865 1817 μὲν

74 1820 111 1851 ei;
128 1821 231 1855 γνῶσιν
253 1823 355 1856 αὐτοῖς,
375 1823 550 1857 ἀναϐιϐάζων
566 1826 594 1852 δέ
615 1826 670 1852 τῶν
694 1827 864 1863 πραγμάτων

73 1866 120 1902 τὴν
133 1868 273 1904 ἀφήγησιν
296 1870 342 1897 ἐπὶ
365 1870 396 1897 τδ
418 1871 541 1906 ἄμεινον,
557 1873 731 1909 άσυγκρίτως
752 1874 801 1910 τῆς
820 1874 863 1902 διὰ

74 1911 189 1947 Χριστοῦ
213 1916 351 1951 σωτηρίας
374 1917 494 1944 ἐποιεῖτο
512 1917 561 1953 τὴν
584 1919 706 1955 μνήμην,
726 1918 863 1954 ἀναδεῖξαι

74 1957 156 1992 λέγων
170 1960 249 1995 ήμῶν
265 1961 378 1996 βασιλέα
395 1963 442 1990 τὸν
455 1964 576 2000 Ἰσραήλ·
592 1965 664 1993 οὕτω
676 1966 791 1993 κάνθάδε
803 1967 863 1993 δια-

76 2005 260 2038 μνημονεύσας
281 2007 426 2043 χρησίμως
439 2008 489 2044 τῆς
505 2018 533 2036 τε
562 2009 695 2047 Ἐρυθρᾶς
712 2011 861 2047 θαλάσσης,

75 2051 117 2076 καὶ
130 2051 184 2078 τῶν
202 2053 333 2087 Ἰορδάνου
348 2055 487 2090 ναμάτων,
500 2056 547 2082 καὶ
558 2056 604 2083 τοῦ
617 2057 796 2094 διαϐιϐασμοῦ
809 2058 863 2085 τῶν

75 2095 102 2127 ἐξ
123 2095 240 2133 Ἰσραὴλ,
260 2097 342 2125 πάλιν
360 2099 498 2127 ἐπάνεισιν
513 2101 559 2127 ἐπὶ
573 2101 603 2127 τὸ
615 2101 734 2137 Χριστοῦ
757 2103 862 2138 μυστή-

76 2151 137 2177 ριον.
152 2143 203 2170 Διὰ
214 2143 294 2171 τοῦτό
306 2153 382 2179 φησι·
391 2145 437 2181 Μὴ
451 2147 634 2182 μνημονεύετε
647 2148 681 2175 τὰ
696 2148 803 2183 πρῶτα,
815 2150 861 2176 καὶ

74 2187 105 2238 τά
116 2188 219 2238 ἀρχαῖα
231 2189 268 2224 μὴ
282 2189 484 2238 συλλογίζεσθεῖ
618 2192 673 2218 τῶν
685 2193 859 2229 ἁσυγκρίτως
877 2211 898 2238 D

75 2232 274 2268 ὑπερκειμένων
293 2235 455 2271 ἐπεισφορὰ,
477 2236 547 2273 λήθῃ
563 2237 671 2264 δίδωσιν
691 2238 748 2265 ἐσθ’
766 2240 811 2266 ὅτε
830 2240 861 2266 τὸ

75 2278 189 2312 ἔλαττον,
207 2280 254 2307 καὶ
272 2280 306 2307 τὰ
321 2281 434 2317 λαμπρὰ
451 2282 506 2309 τῶν
522 2284 694 2319 πραγμάτων
716 2285 861 2321 ἀπαμϐλύ-

74 2325 142 2352 νουσι
168 2334 228 2359 πως
249 2326 285 2353 τὰ
311 2327 348 2363 μὴ
368 2327 455 2360 οὕτως
475 2328 571 2364 ἔχοντα
596 2329 668 2357 κατὰ
693 2330 784 2364 φύσιν,
808 2331 859 2358 κᾶν

75 2372 222 2408 προτερεύῃ
238 2373 309 2400 κατὰ
325 2372 371 2400 τὸν
390 2373 494 2408 χρόνον.
510 2375 636 2402 Τοιοῦτόν
651 2384 678 2402 τι
699 2377 746 2403 καὶ
759 2378 773 2404 ὁ
790 2377 858 2404 πάν-

75 2425 149 2451 meo;
165 2418 281 2450 Παῦλος,
300 2418 340 2445 ὅτι
360 2428 370 2444 ι
384 2419 442 2445 Νῦν
455 2420 504 2454 μὲν
518 2420 688 2456 γινώσκομεν
703 2422 734 2449 ἐκ
746 2422 857 2459 μέρους·

74 2462 132 2489 ὅταν
143 2464 170 2491 δὲ
184 2464 249 2500 ἔλθῃ
262 2464 293 2491 τὸ
309 2464 419 2495 τέλειον.
435 2466 465 2492 τδ
482 2467 515 2492 ὲκ
531 2466 632 2502 μέρους
648 2468 858 2504 καταργηθήσε-

74 2515 124 2536 ται.
140 2518 148 2533 ι
165 2509 279 2543 Μεγάλα
291 2509 340 2544 μὲι
353 2509 407 2545 γὰρ
419 2510 466 2536 καὶ
478 2509 559 2544 λόγου
573 2510 672 2543 παντὸς
685 2512 813 2539 ἐπέκεινα
824 2513 858 2540 τὰ

74 2555 247 2591 τετελεσμένα
264 2555 338 2590 παρᾶ
352 2554 421 2582 Θεοῦ
441 2555 484 2583 διὰ
499 2555 545 2582 τοῦ
567 2557 704 2591 πανσόφου
722 2558 855 2591 Μωσέως,

75 2600 210 2637 ὑπερφερῆ
225 2602 253 2629 δὲ
269 2604 315 2629 καὶ
327 2603 495 2638 ἀνεστηκότα
509 2603 543 2629 τὰ
554 2602 598 2629 διὰ
610 2603 659 2639 τῆς
673 2604 718 2630 τοῦ
731 2605 857 2640 Σωτῆρος

74 2647 144 2681 ἡμῶν
158 2648 248 2683 ἰσχύος
260 2656 290 2674 τε
305 2649 351 2675 καὶ
364 2648 511 2684 ὑπεροχῆς.
527 2648 666 2676 Σέσωσται
686 2649 741 2684 γὰρ
756 2650 789 2676 δι’
810 2650 858 2676 αὐ-

74 2691 125 2722 τοῦ,
141 2693 186 2720 καὶ
201 2694 266 2729 παρ’
282 2693 365 2721 αὐτοῦ
379 2694 433 2721 τῶν
448 2695 501 2722 ἀνὰ
517 2695 607 2721 πᾶσαν
623 2697 672 2731 τὴν
695 2696 857 2731 οἰκουμένην

74 2737 150 2764 ἐθνῶν
165 2740 182 2776 ή
197 2739 311 2774 πληθύς.
326 2741 376 2768 Διὰ
385 2741 464 2768 τοῦτο
479 2743 631 2778 μονονουχὶ,
652 2743 698 2769 καὶ
713 2742 858 2770 ἐπιλανθάς

75 2783 161 2811 mea:
176 2785 281 2813 κελεύει
294 2785 348 2814 τῶν
359 2786 486 2824 πρώτων.
506 2788 685 2824 Προαερεῑται
703 2787 751 2825 lal.
771 2797 855 2824 προσ-

107 2873 127 2889 ⁶⁶
140 2874 222 2905 Exod.
235 2884 273 2909 rx,
286 2875 330 2906 l6.
367 2877 390 2893 “
400 2876 411 2904 l
422 2877 483 2906 Cor.
496 2876 611 2911 1111,12.

186 2921 323 2955 Parma.
344 2923 398 2958 Gn.
424 2924 514 2958 LXX.

955 1316 1039 1344 Vens.
1058 1314 1152 1344 18-21.
1172 1315 1213 1342 Ne
1226 1315 1397 1342 memineritis
1411 1315 1541 1348 priorum,
1565 1320 1590 1343 et
1603 1321 1712 1350 antth

923 1371 954 1389 ne
972 1362 1129 1397 recogitetis.
1156 1359 1225 1388 Ecce
1252 1361 1323 1396 [acia
1341 1369 1416 1393 ηοιια,
1433 1369 1491 1396 quia
1505 1362 1669 1395 exorientur,
1687 1368 1712 1389 et

920 1408 1077 1443 cognoscetis
1092 1415 1122 1434 ea
1133 1415 1144 1440 ;
1163 1411 1187 1434 et
1200 1407 1297 1441 [nciam
1314 1407 1341 1433 in
1360 1407 1463 1434 deserto
1477 1407 1555 1440 viam,
1567 1412 1592 1434 et
1607 1408 1634 1435 in
1654 1408 1711 1436 loco

918 1453 963 1480 ubi
984 1461 1054 1488 aqua
1079 1460 1130 1479 non
1162 1457 1212 1484 est,
1242 1452 1364 1487 ﬂumina.
1391 1451 1604 1480 Laudabunlmc
1621 1454 1710 1480 bestim

920 1500 977 1534 agri
991 1520 999 1532 ,
1019 1500 1127 1530 sirenas,
1141 1502 1165 1525 ει
1176 1498 1240 1533 [ilia
1263 1498 1452 1532 slrulltionum,
1466 1498 1535 1534 quod
1551 1499 1666 1526 dederim
1681 1499 1710 1526 in

919 1545 1022 1571 deserto
1034 1553 1141 1580 aquam,
1154 1549 1177 1572 et
1196 1545 1308 1580 ﬂumina
1321 1545 1350 1571 in
1366 1545 1442 1579 aquis
1457 1549 1571 1577 carente,
1581 1550 1607 1571 ut
1618 1549 1709 1580 potum

918 1591 976 1618 dem
997 1591 1085 1626 generi
1101 1599 1158 1617 meo
1181 1591 1274 1624 electo,
1300 1590 1447 1626 populoque
1471 1597 1550 1626 quem
1571 1591 1708 1627 acquisiui,

918 1641 946 1664 ut
960 1637 1068 1664 virtutes
1084 1644 1155 1664 nteas
1175 1641 1276 1665 narret.

952 1735 1184 1769 Quemadmodum
1224 1735 1251 1763 in
1293 1736 1479 1771 superioribus
1516 1737 1708 1772 particularum

915 1782 1128 1816 redemptionem
1172 1781 1302 1810 lsraelitis
1340 1781 1458 1810 futuram
1492 1783 1707 1818 cognoscendam

914 1828 1064 1863 proposuit,
1080 1832 1107 1856 et
1133 1835 1224 1855 rerum
1238 1829 1423 1856 narrationem
1438 1828 1471 1856 ad
1487 1829 1707 1866 incomparabili-

915 1877 957 1900 ter
984 1873 1085 1907 majora
1107 1873 1273 1909 provehens,
1300 1874 1393 1904 salutis
1410 1882 1459 1910 per
1482 1874 1620 1904 Christum
1643 1876 1708 1905 fecit

915 1919 1095 1953 mentionem,
1124 1920 1218 1948 dicens
1244 1927 1275 1949 se
1288 1919 1449 1948 ostendisse
1475 1928 1566 1956 regem
1582 1927 1707 1950 nostrum

913 1964 1054 1998 lsraelem.
1075 1966 1133 1994 sive
1152 1971 1242 1993 ortum
1261 1967 1395 2002 sanguine
1408 1966 1517 1996 lsraelis
1536 1977 1544 1998 :
1561 1968 1601 1996 sic
1623 1968 1705 1997 etiam

913 2011 958 2039 hic
976 2019 1038 2038 cum
1054 2017 1206 2047 opportune
1218 2018 1461 2042 commemorasset
1482 2022 1557 2042 mare
1571 2014 1704 2047 Rubrum,

913 2062 941 2084 οι
973 2059 1061 2086 undas
1083 2057 1222 2092 Jordanis,
1248 2065 1276 2087 et
1288 2061 1433 2088 transitum
1450 2057 1634 2090 lsraelitarum
1651 2071 1658 2090 :
1673 2063 1707 2090 de

912 2103 1020 2140 integro
1037 2105 1070 2132 ad
1086 2104 1187 2133 Christi
1202 2107 1363 2142 mysterium
1379 2108 1537 2136 revertitur.
1557 2107 1704 2145 Propterea

912 2150 1020 2185 inquit:
1036 2149 1074 2177 Ne
1089 2151 1269 2179 memineritis
1282 2153 1414 2188 priorum,
1446 2158 1473 2182 et
1486 2154 1597 2189 antiqua
1614 2162 1648 2183 ne
1660 2162 1706 2182 re-

912 2197 1021 2233 putetis.
1040 2196 1128 2224 Illatio
1153 2197 1225 2225 enim
1251 2206 1341 2226 rerum
1366 2199 1614 2235 incomparabiliter
1637 2201 1705 2230 emi-

913 2243 1049 2275 nentium.
1063 2243 1198 2271 interdum
1213 2242 1260 2271 dat
1273 2244 1403 2273 oblivioni
1420 2246 1447 2274 id
1456 2247 1527 2282 qttod
1541 2252 1582 2275 est
1596 2248 1702 2276 minus:

913 2293 940 2316 et
959 2295 1003 2316 res
1015 2288 1146 2322 illustres,
1160 2297 1191 2317 ea
1205 2297 1265 2325 qua:
1282 2298 1315 2318 ex
1331 2295 1426 2319 natura
1443 2300 1492 2320 sua
1508 2293 1543 2320 ita
1557 2301 1610 2321 non
1628 2300 1703 2326 sunt.

911 2334 1040 2363 hebetant
1055 2336 1253 2371 quodammodo
1265 2341 1293 2365 et
1311 2337 1469 2371 obscurant,
1488 2339 1594 2367 etiamsi
1612 2340 1703 2375 priora

911 2380 965 2408 sint
978 2385 1109 2416 tempore.
1131 2379 1197 2409 Tale
1212 2383 1339 2417 quiddam
1355 2384 1440 2411 etiam
1466 2384 1568 2412 Paulus
1595 2386 1704 2420 saplen—
1719 2401 1724 2416 ο

911 2425 1031 2454 tissimus
1061 2427 1167 2454 tradit:
1188 2436 1197 2454 ι
1219 2427 1296 2456 Nunc
1326 2429 1515 2463 cognoscimus
1541 2438 1574 2458 ex
1603 2437 1702 2466 parte:

910 2472 1019 2505 quando
1040 2478 1104 2500 vero
1118 2473 1225 2501 venerit
1252 2475 1324 2508 quod
1341 2481 1383 2502 est
1401 2476 1564 2510 perfectum,
1582 2477 1654 2511 quod
1668 2484 1701 2505 ex

911 2522 988 2552 parte
1017 2522 1057 2545 est
1085 2518 1235 2547 abolebitur
1253 2520 1286 2548 “.
1308 2530 1318 2547 ι
1343 2522 1437 2554 Magna
1472 2517 1544 2549 enim
1571 2528 1647 2556 sunt,
1675 2527 1703 2550 ct

911 2562 1012 2597 majora
1031 2571 1111 2598 quam
1139 2573 1199 2600 quin
1223 2566 1275 2594 ulla
1291 2568 1415 2595 oratione
1434 2568 1562 2604 explicari
1582 2573 1701 2603 queant,

911 2617 970 2644 quae
984 2615 1046 2636 sunt
1055 2618 1068 2636 a
1081 2608 1138 2638 Deo
1145 2619 1193 2646 per
1201 2611 1311 2648 Moysen
1320 2615 1549 2650 sapientissimum
1558 2615 1679 2643 exhibita
1692 2623 1699 2643 :

912 2654 959 2681 sed
993 2656 1130 2683 excellunt
1155 2661 1183 2684 et
1214 2664 1352 2686 antestant
1383 2667 1443 2695 qua:
1475 2660 1634 2688 fortitudine
1674 2667 1702 2689 et

911 2701 1067 2734 praestantia
1092 2701 1246 2730 Servatoris
1273 2705 1360 2738 nostri
1375 2711 1440 2733 sunt
1466 2707 1596 2741 praestita.
1618 2706 1698 2741 573

912 2744 963 2772 Per
980 2745 1055 2774 illum
1078 2748 1149 2774 enim
1167 2754 1194 2775 et
1216 2750 1250 2776 ab
1266 2749 1322 2784 illo,
1350 2752 1470 2786 gentium
1488 2751 1631 2779 multitudo
1650 2759 1699 2787 per

913 2791 1072 2820 universum
1093 2793 1186 2822 orbem
1212 2795 1387 2824 habitabilem
1410 2804 1519 2826 servata
1544 2802 1596 2826 est.
1629 2796 1698 2824 Pro-
1730 2816 1732 2818 -

1481 2927 1519 2957 29
