1885 3053
205 178 255 206 ΞἚΟἹ

717 171 746 200 S.
767 170 903 200 CYRILLI
923 170 1158 199 ALEXAMJRINI
1179 170 1311 200 AClllEP.

1786 170 1838 198 9C8

202 241 296 272 ptcrca
307 234 386 270 jubet
397 238 498 262 tantum
521 241 574 261 non
587 232 707 262 oblivisci
722 233 853 269 priorum,
869 238 896 261 et
916 233 942 261 in

1093 232 1202 269 ῐδεσθαι]
1231 233 1259 260 δὲ
1286 233 1386 269 μᾶλλον
1414 233 1460 261 τὸν
1485 234 1546 262 νοῦν
1571 233 1628 266 τοῖς
1657 230 1837 268 ἁσυγκρξτως

202 282 237 310 lis
256 281 354 317 potius,
369 279 687 314 qumiucomparabiliter
708 279 838 312 eminent,
868 283 895 306 et
931 279 989 306 illu-

203 333 286 355 strem
305 327 403 353 habent
427 325 553 359 gloriam,
583 330 698 352 mentem
721 324 847 358 deﬁgere.
880 324 989 352 Faciam

203 381 279 408 ergo,
306 372 408 406 inquit,
430 371 456 398 in
476 371 584 398 deserto
606 372 688 398 viam.
705 369 863 406 lntclligitur
879 370 922 398 hic
941 370 990 397 de-

202 425 316 452 sertum,
333 419 409 445 arida
429 419 564 452 quondam
577 423 604 444 et
619 417 797 449 infructuosa,
813 421 840 444 et
855 416 927 444 velut
940 424 989 451 pa-

202 474 266 494 rens
280 465 431 500 spinarum,
447 464 588 492 multitudo
607 465 738 499 gentium,
756 471 789 491 eo
813 463 885 498 quod
906 463 941 490 sit
963 462 990 489 in

201 520 232 538 ea
259 511 347 538 nullus
369 511 480 538 omnino
508 510 579 544 pius,
606 514 634 536 et
653 509 791 544 probatus,
813 513 840 535 et
855 508 902 543 qui
916 513 990 535 certo

202 559 278 585 novit
307 558 375 584 bene
404 563 494 589 egere.
514 555 579 582 Nam
599 555 680 582 sicuti
705 554 810 582 Psaltes
823 555 861 581 ait
878 563 884 581 :
904 562 913 577 ι
927 553 992 581 0m-

202 612 250 632 nes
271 604 488 632 declinaverunt,
514 601 593 628 simul
623 601 733 628 inutiles
758 601 822 628 lacti
846 604 927 628 sunt:
942 607 992 627 nec

201 656 261 678 erat
276 651 302 677 in
317 650 369 676 illis
393 649 440 684 qui
457 647 561 675 faceret
577 647 738 679 bonitatem,
756 654 811 674 non
831 651 890 674 erat
906 653 991 681 usque

201 697 234 724 ad
249 704 331 722 unmn
345 695 378 722 ".
398 704 408 721 ι
429 694 458 721 In
484 694 535 721 hoc
567 693 648 727 igitur
670 693 775 720 deserto
793 693 918 728 apparuit
936 692 989 724 via,

202 747 263 774 qua:
275 738 431 772 gradientes
446 737 518 769 illac,
532 737 565 763 ad
582 736 628 764 Dei
645 737 826 771 cognitionem
840 744 941 768 veram,
956 737 990 763 ad

202 789 323 813 sanctam
347 790 374 811 et
394 790 487 818 puratn
510 783 602 815 vitam,
623 783 655 809 ad
675 790 782 810 onmem
803 783 922 809 omnium
948 789 991 809 re-

204 840 262 858 rum
282 832 412 859 bonarum
434 829 574 857 scientiam
599 829 717 856 deducit.
733 828 809 855 Hanc
830 829 899 855 viam
929 836 991 856 esse

203 879 330 910 dicimus,
349 877 390 904 vel
408 876 526 903 divinam
546 881 574 903 et
593 875 777 910 evangelicum
801 879 828 902 et
844 874 989 902 salutarem

1041 279 1258 314 ὑπερκειμένας,
1280 279 1328 306 καὶ
1351 279 1480 314 λαμπρὰν
1505 279 1596 314 έχουσι
1615 278 1708 311 δόξαν.
1725 278 1838 312 Ποιήσω

1039 324 1141 356 τοίνυν,
1151 324 1244 359 φησὶν,
1259 324 1288 350 ἐν
1300 325 1332 359 τῇ
1344 325 1438 360 ἐρήμῳ
1451 325 1520 351 ὀδόν.
1530 325 1645 351 Νοεῖταὶ
1659 333 1693 358 γε
1703 324 1759 359 μὴν
1773 323 1838 359 ἕρη-

1041 379 1090 406 μος
1103 371 1132 397 έν
1145 370 1260 402 τούτοις,
1273 371 1289 406 ἠ
1307 370 1389 397 πάλαι
1403 371 1474 406 ξηρά
1488 371 1535 397 καὶ
1546 371 1672 406 ἄκαρπος
1682 370 1739 396 τῶν
1751 369 1838 396 ἐθνῶν

1040 415 1155 451 πληθὺς,
1172 416 1219 442 καὶ
1233 413 1289 443 οἷον
1301 416 1490 447 ἀκανθοτόκος,
1506 415 1550 442 διὰ
1563 417 1593 442 τὸ
1609 413 1680 442 εἶναι
1693 415 1838 446 παντελῶς

1040 463 1070 489 ὲν
1096 462 1164 498 αὐτῇ
1194 462 1296 498 μηδένα
1321 462 1366 488 τὸν
1393 462 1501 498 εὐσεϐῆ,
1531 463 1578 489 καὶ
1604 462 1762 497 εὐδόκιμον,
1787 461 1836 486 καὶ

1041 508 1218 543 ἀγαθοεργεῖν
1231 508 1321 535 εἰδότα
1335 508 1434 542 σοφῶς.
1456 508 1500 540 Ὠς
1514 508 1567 543 γὰρ
1583 509 1597 534 ὁ
1609 507 1720 542 ψάλλων
1743 507 1811 541 φησὶ
1826 513 1833 519 ·

1044 565 1053 580 ι
1063 555 1166 586 Πάντες
1178 554 1329 587 ἐξέκλιναν,
1340 555 1398 589 ἅμα
1414 553 1615 590 ὴχρειώθησαν,
1630 554 1678 580 καὶ
1693 554 1744 580 οὐκ
1759 551 1793 587 ἧν
1806 554 1834 578 ἐν

1040 601 1132 632 αὐτοῖς
1157 601 1171 627 ὁ
1195 600 1280 627 ποιῶν
1293 601 1474 635 χρηστότητα,
1488 601 1538 627 οὐκ
1552 598 1586 635 ἦν
1602 600 1654 631 ἕως
1671 600 1742 631 ἐνὸς.
1760 609 1769 624 ι
1788 598 1834 625 Ἐν

1040 647 1125 682 ταύτῃ
1148 647 1180 682 δὴ
1199 645 1246 673 οὖν
1272 648 1304 682 τῇ
1324 647 1420 682 ἐρήμῳ
1439 646 1558 681 πέφηνεν
1579 646 1637 677 ὁδὸς
1655 646 1834 682 ἀποφέροντα

1039 693 1102 725 τοὺς
1129 693 1162 719 δι’
1186 693 1275 729 αὐτῆς
1305 693 1468 728 ἐρχομένους
1498 693 1566 727 πρὸς
1594 692 1763 727 θεογνωσίαν
1783 693 1834 727 τήν

1040 739 1137 774 ἀληθῆ,
1149 740 1196 766 καὶ
1208 740 1246 771 εις
1261 739 1341 774 ἁγίαν
1357 739 1404 766 καὶ
1416 738 1548 773 ἀϐέϐηλον
1564 738 1648 774 ζωὴν,
1660 740 1710 765 καὶ
1724 740 1765 770 εἰς
1780 741 1833 766 πᾶ-

1041 793 1091 812 σαν
1108 786 1263 821 ἐπιστήμην
1277 785 1380 820 ἀγαθοῦ
1394 785 1493 817 παντὸς
1510 786 1684 821 πράγματος.
1699 786 1790 820 Φαμὲν
1806 787 1832 812 δὲ

1040 829 1108 858 εἶναι
1124 831 1226 867 ταύτην
1246 831 1294 867 τὴν
1311 832 1380 863 ὁδὸν,
1394 832 1410 867 ἦ
1424 831 1454 858 τὸ
1466 831 1538 858 θεῖόν
1554 840 1583 858 τε
1596 832 1642 858 καὶ
1655 832 1723 866 star;
1730 834 1832 865 τελικὸν

1041 878 1087 904 καὶ
1110 878 1243 914 σωτήριον
1269 877 1410 912 κήρυγμα,
1432 877 1449 912 ἢ
1471 878 1540 913 τάχα
1554 886 1605 903 που
1626 879 1674 904 καὶ
1693 878 1774 904 αὐτὴν
1789 879 1832 904 τὸν

204 924 432 959 praadieationem,
446 922 488 950 vel
501 921 568 949 forte
581 921 726 955 ipsnmmet
745 920 894 948 Christum.
906 921 946 948 Au

1087 923 1168 950 ιστόν.
1193 923 1363 959 Ἀκηκόαμεν
1384 922 1438 958 γὰρ
1454 922 1535 950 αὐτοῦ
1555 923 1682 956 λέγοντος
1700 924 1831 958 ἐναργῶς·

204 971 291 998 vitnus
307 970 378 997 enim
394 971 481 1003 ipsum
498 967 649 995 luculenter
661 968 795 994 dicentem
813 976 820 994 :
840 975 850 992 ι
866 966 919 1001 Ego
930 974 989 994 sutn

203 1018 246 1044 via
257 1016 290 1044 ⁸⁸,
305 1025 314 1042 ι
335 1015 390 1043 Nec
405 1014 492 1042 solum
507 1013 534 1040 in
549 1013 657 1040 deserto
674 1012 715 1038 via
737 1012 800 1045 fuit,
816 1013 863 1040 sed
888 1013 989 1040 ostensi

203 1067 267 1090 sunt
291 1066 320 1089 et
337 1061 431 1093 ﬂuvii,
446 1061 491 1094 qui
509 1059 586 1087 undis
614 1058 828 1093 iutelligibilibus
849 1062 876 1085 et
900 1059 991 1085 animo

203 1109 315 1136 utilibus
332 1115 380 1134 eos
394 1107 440 1142 qui
460 1107 486 1133 in
502 1113 534 1133 eo
550 1105 672 1138 fuerunt,
688 1109 821 1139 poterant
842 1104 988 1132 inebriare.

204 1154 278 1188 Quos
289 1153 405 1181 dicimus
417 1159 488 1187 esse,
504 1151 722 1186 evangelicorum
737 1155 764 1178 ot
779 1151 989 1185 apostolieorum

205 1199 394 1227 vaticiniorum
425 1198 591 1224 ministros:
613 1203 728 1231 quorum
759 1195 880 1222 meminit
908 1196 989 1223 etiam

204 1246 314 1272 divinus
331 1243 424 1274 David,
450 1242 574 1277 inquiens
591 1249 599 1269 ί
617 1250 626 1267 ι
640 1240 800 1268 Extulerunt
815 1238 924 1267 ﬂumina
941 1247 989 1268 vo-

203 1299 249 1319 ccs
263 1299 326 1318 suas
337 1291 370 1315 ".
391 1298 401 1315 ι
420 1288 454 1316 Ut
467 1288 538 1315 enim
553 1288 650 1315 iterum
667 1287 737 1315 idem
753 1288 817 1315 dicit
835 1297 842 1315 :
864 1298 873 1313 ι
891 1287 919 1315 In
931 1295 989 1315 om-

204 1345 264 1365 nem
281 1342 380 1364 terrant
407 1335 492 1363 exivit
519 1341 602 1362 sonus
628 1341 734 1365 eorum,
752 1338 779 1360 et
792 1333 818 1360 in
835 1335 902 1361 lines
914 1333 990 1362 orbis

204 1389 284 1411 terra:
306 1382 387 1409 verba
413 1381 550 1408 eorum".
570 1389 579 1405 ι
597 1379 699 1406 Praater
723 1378 820 1406 ﬂuvios
839 1378 894 1414 jam
912 1385 989 1406 com-

196 1434 367 1457 .memoratos
388 1427 498 1462 intelligi
517 1426 598 1453 etiam
628 1430 741 1460 possunt
773 1425 800 1452 bi
826 1425 872 1460 qui
899 1425 988 1460 populi

202 1476 328 1502 ductores
345 1473 467 1505 fuerunt,
481 1477 508 1499 et
520 1472 565 1507 qui
582 1477 653 1499 recte
672 1475 700 1499 et
725 1471 860 1505 inculpate
886 1476 988 1506 myste-

203 1522 242 1548 ria
264 1521 373 1548 tradere
391 1523 502 1552 norunt,
518 1523 545 1546 ct
566 1518 612 1553 qui
632 1517 740 1553 pietatis
762 1517 932 1545 sermonibus
954 1518 989 1544 ir-

205 1575 298 1603 rogare
321 1566 481 1594 accedentes
500 1565 533 1593 ad
561 1565 698 1592 Christum
718 1571 765 1598 per
790 1564 869 1591 Iidem
893 1569 988 1599 potue-

204 1617 274 1640 runt.
294 1612 379 1647 Aquis
400 1617 538 1640 carentem
557 1611 678 1637 nominat
698 1610 817 1646 gentium
834 1609 988 1637 multitudi-

203 1667 275 1686 nem.
293 1659 350 1686 Non
367 1659 440 1685 enim
463 1657 533 1692 apud
551 1664 597 1683 eos
610 1661 689 1683 erant
709 1657 835 1683 doctores
851 1656 986 1688 veritatis,

201 1712 229 1734 et
254 1707 300 1742 qui
326 1706 459 1733 salutares
482 1705 567 1732 undas
597 1704 736 1731 haberent.
760 1703 839 1736 Nam,
855 1703 930 1739 juxta
955 1703 986 1730 Β.

201 1753 275 1780 Pauli
287 1760 379 1780 vocem
394 1761 423 1779 ει
434 1751 500 1779 Cum
516 1751 706 1786 proﬁterentur
719 1758 748 1778 se
762 1758 821 1778 esse
839 1751 988 1785 sapientes,

201 1799 274 1826 stulti
302 1798 366 1826 facti
387 1803 461 1831 sunt,
485 1802 513 1825 ct
534 1802 705 1824 mutaverunt
728 1797 842 1832 gloriam
861 1797 986 1824 incorru-

200 1844 303 1879 ptibilis
319 1844 378 1878 Dei,
403 1844 429 1871 in
447 1843 650 1870 similitudinem
667 1843 793 1877 imaginis
806 1843 988 1879 corruptibilis

200 1891 330 1923 hominis,
359 1895 386 1917 et
413 1889 572 1922 volatilium,
596 1894 623 1916 et
648 1889 860 1923 quadrupedum,
886 1894 913 1916 et
934 1897 988 1916 ser-

202 1936 366 1972 pentium".
383 1945 392 1960 ι
412 1934 558 1962 Monstrata
575 1934 650 1970 ergo,
684 1934 781 1968 inquit,
811 1935 865 1967 via,
896 1935 922 1962 in
939 1937 987 1963 de-

199 1987 292 2015 serto,
322 1985 350 2009 et
375 1981 435 2009 loco
460 1982 539 2017 aquis
563 1985 672 2008 carente
706 1980 818 2007 ﬂumina
846 1982 985 2016 capiente,

199 2028 345 2056 laudabunt
359 2036 402 2054 me
422 2027 513 2055 bestia‘
528 2027 596 2061 agri,
613 2028 729 2059 Sirenes,
743 2031 770 2053 et
781 2027 842 2054 ﬁlia:
855 2027 986 2055 struthio-

200 2082 275 2106 num,
303 2073 373 2108 quod
392 2073 512 2100 dederim
537 2072 563 2098 in
582 2071 690 2098 deserto
704 2079 814 2106 aquam,
830 2077 857 2099 et
875 2072 985 2099 llumina

199 2119 228 2146 in
251 2123 321 2146 terra
340 2118 418 2153 aquis
441 2122 560 2149 carente,
580 2121 607 2143 ut
621 2117 682 2144 dem
704 2123 797 2152 potum
817 2119 909 2153 generi
927 2126 985 2146 meo

197 2166 295 2199 electo,
319 2163 417 2199 populo
442 2170 501 2190 meo
532 2170 610 2197 quem
643 2164 785 2198 acquisivi,
814 2169 844 2191 ut
871 2164 985 2192 virtutes

198 2220 274 2239 meas
293 2215 396 2238 narret.
414 2209 509 2236 Bestiae
531 2209 587 2242 agri
597 2209 726 2237 denotare
749 2211 872 2238 videntur
902 2210 985 2246 574

198 2257 321 2284 homines
335 2263 388 2290 pra:
409 2255 505 2290 insigni
529 2255 638 2282 inscitia
655 2255 781 2283 eﬂ'eratos
802 2255 982 2291 quodanuno-
1001 2269 1022 2295 ο

197 2305 242 2334 do,
261 2307 287 2329 et
308 2302 428 2329 viventes
445 2308 520 2328 more
546 2301 655 2336 agresti.
679 2301 809 2328 Vixerunt
831 2307 920 2328 autem
944 2303 984 2329 sic

197 2352 300 2381 gentes.
315 2347 435 2378 Sirenas,
449 2353 479 2374 et
492 2346 563 2374 lilias
578 2347 762 2374 slrulltionum
777 2347 842 2374 dicit
859 2355 917 2380 eos,
936 2348 982 2383 qui

196 2394 268 2428 apud
295 2394 355 2421 illos
381 2398 475 2421 ornate
503 2394 574 2428 loqui
607 2399 717 2427 norunt,
746 2398 772 2421 et
800 2395 846 2429 qui
882 2395 981 2422 eximia

196 2438 328 2466 facultate
351 2439 455 2466 dicendi
473 2443 536 2466 sunt
555 2439 669 2473 praediti.
689 2436 762 2466 Solet
777 2444 866 2466 autem
885 2441 983 2466 divini-

198 2490 242 2512 tus
268 2484 398 2519 inspirata
426 2484 579 2519 Scriptura,
600 2484 705 2511 sirenas
726 2492 833 2518 vocare,
854 2492 980 2519 paSSeres

197 2530 336 2563 stridulos,
354 2535 380 2558 et
396 2530 442 2565 qui
460 2530 620 2557 tnelodicum
643 2530 771 2565 quiddam
801 2536 829 2557 et
855 2539 980 2558 numero-

196 2585 254 2604 sum
269 2576 390 2604 Solebant
415 2584 551 2604 resonare.
579 2576 712 2610 Ejusmodi
734 2580 810 2603 erant
824 2576 980 2604 Graecorum

195 2622 394 2657 superstitionis
406 2623 543 2654 doctores,
563 2627 589 2649 et
605 2628 699 2657 poene,
714 2627 742 2650 et
757 2628 891 2650 oratores.
909 2622 981 2651 inest

194 2670 266 2695 enim
288 2668 340 2696 illis
352 2669 481 2700 suavitas,
499 2674 525 2696 et
538 2673 660 2702 ornatus,
680 2674 811 2704 quantum
827 2669 860 2696 ad
876 2670 980 2697 oratio-

195 2723 255 2742 nem
270 2716 376 2748 altinel,
389 2715 456 2742 nihil
468 2722 532 2742 vero
545 2715 642 2742 docent
660 2715 852 2743 necessarium.
867 2714 919 2742 Sed
939 2715 978 2748 hi,

194 2760 291 2793 inquit,
301 2769 394 2788 onines
403 2760 578 2788 celebrabant
591 2768 644 2793 me,
653 2765 682 2786 ut
695 2760 740 2794 qui
754 2759 872 2787 dederim
881 2768 978 2795 aquam

192 2806 396 2842 intelligibilem,
412 2812 438 2834 et
462 2806 487 2833 in
511 2806 570 2833 loco
593 2807 637 2841 qui
666 2812 738 2833 caret
760 2806 848 2841 aquis,
866 2805 977 2833 ﬂumina

225 2897 248 2915 *τ
260 2897 403 2929 Βοιικιιι,
415 2895 442 2923 5.
479 2896 500 2911 ⁸⁸
512 2895 589 2923 Joan.
605 2903 659 2928 xiv,
672 2895 696 2922 6.
737 2896 758 2911 "
770 2895 838 2922 [δεδι.
854 2902 918 2927 xcn,
932 2895 958 2922 3.

997 2895 1020 2910 "°
1033 2893 1103 2921 Psal.
1118 2901 1195 2926 xvm,
1209 2893 1234 2919 ὅ.

1043 979 1052 994 ι
1073 969 1143 1003 Ἐγώ
1157 969 1215 1004 εἰμι
1231 970 1246 1004 ἡ
1260 969 1327 1000 ὁδός.
1353 977 1362 994 ι
1385 969 1455 996 Ἀλλ’
1468 968 1517 1004 οὐχ
1542 969 1601 1001 ὁδὸς
1625 969 1694 1004 μόνη
1723 970 1832 1003 γέγονεν

1041 1016 1070 1042 ὲν
1094 1017 1126 1050 τῇ
1147 1015 1251 1050 ἐρήμῳ,
1272 1014 1463 1049 ἀνεδείχθησαν
1477 1015 1505 1041 δὲ
1521 1015 1568 1041 καὶ
1581 1015 1710 1049 ποταμοὶ,
1728 1017 1832 1049 νοητοῖς

1041 1062 1088 1088 καὶ
1100 1061 1271 1096 ψυχωφελέσι
1294 1061 1397 1095 νάμασι
1419 1060 1638 1096 καταμεθὺσκειν
1652 1061 1753 1092 εἰδότες
1772 1061 1833 1092 τοὺς

1040 1108 1069 1134 ὲν
1087 1107 1165 1142 αὐτῇ.
1182 1107 1274 1142 Φαμὲν
1289 1106 1316 1133 δὲ
1331 1104 1399 1132 εἶναι
1415 1107 1459 1133 καὶ
1475 1107 1586 1138 τούτους
1604 1107 1667 1139 τοὺς
1683 1108 1737 1133 τῶν
1753 1107 1832 1141 εὐαγ-

1040 1153 1156 1188 γελικῶν
1172 1161 1202 1179 τε
1227 1153 1273 1180 καὶ
1293 1152 1480 1179 ἅποστολικῶν
1502 1153 1699 1188 θεσπισμάτων
1725 1153 1832 1188 ἱερουρ-

1040 1200 1117 1234 γοὺς,
1136 1195 1174 1225 ὧν
1195 1199 1242 1225 καὶ
1261 1200 1275 1225 ὁ
1289 1198 1431 1229 θεσπέσιος
1449 1197 1531 1224 Δαϐὶδ
1549 1198 1763 1232 διαμνημονεύει
1787 1198 1832 1224 λέ-

1039 1255 1096 1280 γων
1109 1253 1116 1260 ·
1137 1255 1147 1271 ι
1159 1245 1280 1280 Ἐπῆραν
1292 1246 1317 1271 οἱ
1332 1245 1447 1279 ποταμοὶ
1463 1245 1554 1278 φωνὰς
1571 1245 1672 1271 αὐτῶν.
1688 1254 1698 1270 ι
1720 1245 1765 1276 Ὠς
1777 1245 1832 1280 γὰρ

1040 1291 1119 1322 αὐτός
1130 1299 1182 1318 που
1196 1290 1275 1317 πάλιν
1288 1291 1380 1325 φησίν-
1393 1299 1403 1316 (
1420 1291 1465 1321 Εἰς
1476 1291 1566 1317 πᾶσαν
1576 1290 1625 1326 τὴν
1636 1291 1688 1325 γῆν
1699 1291 1809 1326 ἐξῆλθεν
1818 1292 1833 1317 ὁ

1040 1337 1157 1373 φθόγγος
1172 1336 1272 1369 αὐτῶν,
1284 1337 1331 1363 καὶ
1343 1337 1382 1368 εἰς
1394 1337 1428 1362 τὰ
1442 1337 1549 1372 πέρατα
1562 1338 1611 1372 τῆς
1623 1337 1786 1372 οἰκουμένης
1798 1338 1833 1363 τὰ

1041 1384 1151 1419 ῥήματα
1167 1383 1265 1410 αὐτῶν.
1286 1392 1295 1408 ι
1315 1383 1386 1418 Πρὸς
1399 1383 1425 1409 δέ
1439 1391 1471 1416 γε
1491 1384 1546 1415 τοῖς
1559 1383 1770 1418 ὼνομασμένοις
1784 1392 1834 1409 πο-

1039 1431 1135 1465 ταμοῖς
1149 1429 1270 1465 νοηθεῖεν
1287 1429 1319 1456 ἂν
1334 1430 1380 1456 καὶ
1397 1430 1421 1455 ol
1436 1429 1507 1456 λαῶν
1521 1429 1677 1465 ἡγούμενοι,
1694 1430 1740 1456 καὶ
1752 1438 1834 1465 μυστ-

1039 1477 1155 1510 αγωγεῖν
1180 1475 1279 1507 ειδότες
1295 1475 1383 1511 ὀρθῶς
1404 1483 1434 1501 τε
1455 1475 1503 1502 καὶ
1525 1476 1696 1511 ἀμωμήτως,
1718 1477 1833 1507 καὶτοῖς

1040 1524 1079 1554 εἰς
1091 1522 1230 1549 εὐσέϐειαν
1245 1522 1332 1556 λόγοις
1349 1521 1492 1557 κατάρδειν
1510 1522 1654 1556 δυνάμενοι
1670 1522 1735 1553 τοὺς
1747 1530 1832 1557 προσ-

1040 1570 1128 1601 ιόντας
1141 1568 1251 1604 Χριστῷ
1264 1568 1307 1595 διὰ
1321 1568 1369 1604 τῆς
1379 1569 1507 1598 πίστεως.
1521 1568 1653 1602 Ἀνυδρον
1668 1568 1697 1594 δὲ
1713 1569 1764 1603 τὴν
1778 1569 1833 1594 τῶν

1039 1616 1124 1643 ἐθνῶν
1139 1615 1266 1651 ὀνομάζει
1283 1615 1396 1650 πληθύν.
1415 1615 1452 1641 Οὐ
1469 1613 1522 1650 γὰρ
1542 1612 1576 1650 ἦν
1594 1616 1660 1649 παρ’
1677 1615 1770 1646 αὐτοῖς
1792 1615 1830 1641 δι-

1037 1661 1169 1693 δάσκαλος
1185 1661 1323 1697 ἀληθείας,
1346 1661 1393 1687 καὶ
1416 1659 1588 1696 σωτηριῶδες
1607 1660 1679 1695 ἔχων
1700 1661 1730 1687 τὸ
1747 1661 1828 1695 νᾶμα.

1041 1718 1050 1734 ι
1066 1708 1216 1740 Φάσκοντες
1235 1708 1287 1743 γὰρ
1309 1706 1376 1734 εἶναι
1395 1708 1479 1742 σοφοὶ,
1503 1707 1716 1744 ἐμωράνθησαν,
1734 1718 1743 1732 ι
1761 1709 1829 1735 κατὰ

1037 1754 1085 1789 τὴν
1094 1754 1139 1780 τοῦ
1153 1755 1287 1789 μακαρίου
1299 1755 1344 1780 καὶ
1359 1754 1503 1780 θεσπεσίου
1515 1754 1621 1781 Παύλου
1637 1756 1744 1790 φωνήν·
1756 1764 1766 1780 ι
1778 1756 1830 1782 Καὶ

1037 1799 1155 1835 ήλλαξαν
1168 1800 1216 1835 τὴν
1230 1799 1307 1831 δόξαν
1322 1799 1366 1826 τοῦ
1384 1799 1523 1835 ἀφθάρτου
1538 1799 1619 1832 Θεοῦ,
1632 1801 1662 1826 ὲν
1679 1800 1829 1836 ὁμοιώματι

1037 1845 1140 1877 εἰκόνος
1156 1845 1276 1880 φθαρτοῦ
1292 1845 1446 1880 ἀνθρώπου,
1459 1846 1507 1872 καὶ
1519 1846 1662 1877 πετεινῶν,
1679 1847 1729 1872 καὶ
1742 1855 1830 1882 τετρα-

1038 1891 1136 1923 πόδων,
1161 1892 1207 1918 καὶ
1229 1891 1361 1926 ἑρπετῶν.
1380 1900 1390 1917 ο
1420 1891 1638 1927 Ἀναδειχθείσης
1654 1893 1748 1918 τοίνυν
1761 1893 1829 1925 ὁδοῦ,

1038 1938 1129 1972 φησὶν,
1139 1939 1168 1964 ἐν
1176 1939 1279 1973 ἐρήμῳ,
1294 1939 1340 1964 καὶ
1348 1938 1482 1972 λαϐούσης
1490 1939 1539 1973 τῆς
1551 1938 1667 1972 ἀνύδρου
1680 1940 1828 1973 ποταμοὺς,

1036 1983 1178 2018 commeat
1197 1992 1230 2019 με
1247 1984 1281 2009 τὰ
1296 1984 1377 2018 θηρία
1392 1983 1438 2010 τοῦ
1453 1983 1549 2019 ἀγροῦ.
1569 1985 1708 2019 σειρῆνες,
1726 1985 1775 2010 καὶ
1786 1984 1829 2010 θυ-

1037 2028 1151 2062 γατέρες
1164 2027 1312 2062 στρουθῶν,
1327 2028 1368 2054 ὅτι
1381 2027 1469 2054 ἔδωκα
1486 2028 1514 2053 ὲν
1526 2029 1558 2062 τῇ
1574 2029 1674 2063 ἐρήμῳ
1686 2028 1769 2064 ὕδωρ.
1786 2029 1829 2055 καὶ

1038 2074 1175 2108 ποταμοὺς
1192 2074 1220 2099 ὲν
1241 2075 1275 2109 γῇ
1298 2073 1414 2109 ἀνύδρῳ,
1439 2073 1548 2100 ποτῐσαι
1564 2074 1643 2108 γένος
1661 2083 1714 2109 μου
1734 2075 1765 2100 τὸ
1787 2076 1830 2101 ὲκ-

1036 2116 1139 2149 λεκτὸν,
1157 2117 1221 2144 λαὸν
1236 2117 1264 2144 ὃν
1285 2118 1521 2153 περιεποιησάμην
1536 2119 1586 2149 τὰς
1601 2118 1705 2153 ἀρετάς
1725 2128 1776 2153 μου
1791 2119 1830 2145 δι‹

1035 2163 1173 2197 ηγεῐσθαι·
1188 2164 1234 2189 καὶ
1248 2163 1329 2198 θηρία
1350 2164 1398 2199 μὲν
1412 2163 1498 2199 ἀγροῦ
1512 2163 1609 2198 δηλοῦν
1627 2164 1702 2190 ἔοικε
1721 2165 1786 2196 τοὺς
1801 2165 1830 2190 ἐκ

1037 2208 1136 2242 πολλῆς
1151 2209 1220 2242 ἄγαν
1233 2209 1351 2243 ἀμαθίας
1362 2209 1578 2244 ὲκθηριωθέντας
1592 2209 1695 2245 τρόπον
1708 2211 1770 2236 τινὰ
1786 2211 1830 2236 καὶ

1037 2255 1141 2288 ζῶντας
1159 2256 1272 2291 ἀγρίως.
1287 2256 1355 2291 ’Έζη
1371 2255 1399 2282 δὲ
1418 2256 1505 2287 οὕτως
1516 2256 1551 2282 τὰ
1561 2256 1637 2290 ἔθνη.
1655 2257 1791 2292 Σειρῆνας
1804 2257 1829 2283 δὲ

1036 2302 1083 2328 καὶ
1100 2301 1198 2334 θυγατὲ
1205 2310 1252 2336 ρας
1270 2301 1406 2336 στρουθῶν
1422 2302 1484 2332 τοὺς
1498 2301 1642 2336 εὐστομεῖν
1658 2303 1725 2338 παρ’
1740 2303 1830 2334 αὐτοῖς

1035 2348 1138 2378 εἰδότας
1155 2347 1231 2382 φησὶ,
1246 2347 1292 2373 καὶ
1304 2347 1508 2382 ἐξησκημένους
1525 2347 1555 2373 τὸ
1572 2346 1733 2379 καλλιεπές.
1753 2348 1829 2377 Ἐθος

1033 2393 1061 2419 δὲ
1074 2395 1107 2428 τῇ
1121 2392 1291 2427 θεοπνεύστῳ
1306 2392 1400 2427 Γραφῇ
1419 2391 1547 2427 σειρῆνας
1561 2392 1712 2419 ἀποκαλεῖν
1730 2394 1766 2420 τὰ
1779 2393 1829 2420 τῶν

1035 2439 1182 2475 στρουθίων
1211 2438 1363 2469 λαλίστατα,
1385 2439 1432 2464 καὶ
1448 2439 1566 2473 ἐμμελές
1583 2447 1610 2465 τι
1630 2439 1680 2465 καὶ
1693 2439 1829 2474 εΰρυθμον

1032 2485 1182 2518 ἀναφωνεῖν
1206 2483 1332 2510 εἰωθότα.
1357 2483 1487 2517 Γεγόνασι
1509 2483 1538 2509 δέ
1558 2492 1616 2515 πως
1633 2484 1753 2510 τοιοῦτοι
1777 2483 1828 2510 ιιᾷν

1040 2530 1172 2565 Ἑλλήνων
1186 2529 1393 2564 δεισιδαιμονίας
1404 2530 1427 2555 οἱ
1438 2529 1602 2562 διδάσκαλοι,
1611 2529 1727 2564 ποιηταί
1741 2538 1770 2556 τε
1784 2530 1826 2555 καὶ

1033 2575 1206 2611 λογογράφοι.
1225 2576 1332 2601 Ἕνεσιῖι
1354 2575 1408 2610 γὰρ
1431 2575 1522 2606 αὐτοῖς
1544 2575 1573 2600 th
1592 2574 1641 2610 ἡδύ
1662 2583 1694 2600 τε
1718 2575 1765 2601 καὶ
1783 2574 1825 2600 εὖ-

1034 2630 1149 2656 κομπον,
1158 2621 1187 2647 τά
1197 2629 1228 2655 γε
1243 2619 1309 2656 ἧκον
1321 2621 1360 2651 εἱς
1371 2620 1476 2654 λόγους.
1487 2619 1648 2646 Διδάσκουσί
1661 2628 1695 2654 γε
1711 2621 1765 2655 μὴν
1775 2620 1824 2646 τῶν

1034 2667 1189 2701 ἀναγκαίων
1216 2667 1302 2693 οὐδέν.
1324 2666 1393 2692 Ἀλλ’
1407 2663 1480 2693 οὗτοι
1496 2665 1596 2697 πάντες
1619 2665 1822 2702 δοξολογήσουσξ

1035 2722 1078 2748 με,
1104 2714 1196 2748 φησιν,
1224 2713 1261 2745 ὡς
1285 2713 1357 2749 ὕδωρ
1378 2712 1457 2739 δόντα
1478 2710 1508 2738 τὸ
1527 2711 1634 2746 νοητὸν,
1653 2712 1702 2738 καὶ
1721 2711 1822 2746 ἀνύδρῳ

1032 2758 1156 2792 δείξαντα
1185 2757 1403 2794 ποταμούς.”1να
1422 2759 1453 2784 τὸ
1472 2757 1599 2784 ἐκλεκτόν
1622 2766 1675 2792 μου
1696 2757 1823 2784 ποτιτιισι

1033 2805 1124 2840 γένος·
1141 2805 1187 2832 καὶ
1204 2806 1279 2830 ποῖον
1296 2803 1374 2830 τοῦτό
1388 2802 1501 2837 ὲστιν,ἢ
1517 2802 1616 2828 ἐκεῖνοί
1637 2810 1690 2828 που
1707 2802 1819 2832 πάντως,

1274 2893 1294 2908 ⁷⁸
1311 2892 1333 2919 Β.
1345 2901 1390 2920 ml.
1404 2899 1422 2923 l,
1436 2891 1480 2919 Ξῖ),
