1885 3053
160 121 208 148 ﬁli

666 118 694 144 S.
716 115 855 145 CYRlLLl
873 113 1107 144 ALEXANDRINI
1127 113 1286 142 ARClllEP.

1735 114 1791 142 0!!

158 180 316 215 prophetam
336 179 436 208 dictum
451 183 492 206 est
506 177 558 205 illis
575 185 582 204 :
602 187 610 203 ι
630 176 848 204 llulocautomata
877 183 939 204 cum

1046 175 1154 211 ἐκτήσω
1177 183 1222 210 μοι
1241 173 1374 210 ἀργυρίου
1396 175 1533 213 θυμῳιμα,
1548 174 1607 201 ἀλλ’
1620 173 1684 200 οὐδὲ
1705 174 1790 210 στέαρ

160 224 255 253 hostiis
277 225 375 252 vestris
389 224 515 258 colligite,
530 227 557 250 et
578 222 651 250 edite
672 229 777 250 carnes.
797 221 863 256 Quia
890 229 943 249 tton

159 272 266 299 locutus
279 278 337 298 sum
355 270 474 304 patribus
491 268 604 301 vestris,
619 268 651 295 dc
669 268 834 295 holocaustis
852 273 879 295 et
897 268 944 295 ho-

158 316 217 343 stiis
235 316 278 343 dic
293 315 349 347 illa,
366 322 417 348 qua
439 314 518 341 eduxi
532 321 580 341 eos
596 321 611 340 e
625 317 696 340 terra
708 312 815 346 ,Ευριὶ
826 313 859 339 ⁷³.
875 322 883 337 ι
899 312 943 339 Di-

159 362 197 388 xit
211 366 299 388 autctn
317 366 344 388 et
362 360 425 387 alibi
440 360 537 387 iterum
559 359 629 386 idem
646 358 775 393 propheta
793 358 941 386 Jeremias;

159 416 168 432 ι
190 405 259 439 Quid
282 406 347 433 mihi
370 406 431 433 thus
455 405 488 432 tie
511 405 582 432 Saba
608 404 728 436 ail'ertis,
746 409 777 431 et.
800 404 943 431 cinnamo-

157 459 229 478 mum
249 451 282 478 de
313 455 382 478 terra
405 449 569 484 longinqua?
599 448 760 476 llolocausta
778 453 866 476 vestra
889 456 942 476 non

156 501 220 524 sunt
249 501 370 531 accepta,
387 501 415 523 ct
441 495 557 523 victima:
582 499 756 527 vestraernon
786 494 944 528 placuerunt

158 540 267 570 mihi“.
284 551 293 566 ›
310 541 378 574 Quiu
393 546 419 568 et
433 547 498 568 voce
515 538 667 566 Psalmistae
683 547 689 565 :
707 547 717 563 ι
736 537 793 564 Non
813 537 942 572 accipiam

158 589 191 614 de
211 588 290 614 domo
308 592 352 613 tua
377 586 486 618 vitulos,
503 591 589 619 neque
612 584 644 610 de
662 583 787 618 gregibus
809 583 863 609 tuis
887 582 944 609 hir-

160 634 249 660 cos".
265 642 273 659 ι
288 632 410 660 Deci-arat
422 637 511 658 autem
528 629 660 662 abiectum
673 636 733 656 esse
744 629 823 664 plane
835 628 943 656 umbra-

159 676 231 706 tilem
249 678 361 709 cultum.
376 677 438 704 dum
456 684 503 703 eos
520 675 628 702 abducit
643 683 658 702 a
674 675 752 710 typis,
770 679 796 701 et
813 674 846 701 ad
862 674 944 710 justi-

149 724 308 751 ‘licationem
335 730 382 757 per
405 721 543 748 Christum
568 719 685 752 adducit,
705 721 836 754 docetque
860 727 941 747 evan-

157 769 249 804 gelica:
279 767 494 796 conversationis
524 774 616 794 curam
643 766 842 800 suscipiendam
869 773 941 798 eSse,

158 822 206 849 per
228 821 308 848 quam
331 813 415 840 solum
441 813 479 844 lit,
499 817 527 838 ut
551 811 685 846 possimus
706 811 762 838 Deo
779 811 895 845 placere,
917 816 944 839 et

157 867 220 887 vere
232 858 499 894 irrepreheusibilem
521 865 552 884 ac
580 857 717 884 sincerum
733 857 845 890 eullutn,
861 856 943 892 spiri-

157 906 256 932 tualetn
279 904 414 936 videlicet,
444 903 571 930 retinere.
593 911 606 930 ι
625 901 696 930 Deus
719 903 830 936 etenim,
845 903 942 938 inquit,

155 956 198 980 est
223 951 346 986 spiritus,
367 955 393 977 et
420 950 465 985 qui
493 949 605 976 adorant
637 956 710 982 eum,
737 949 763 976 in
791 949 886 984 spiritu
915 953 943 978 et

156 998 272 1025 veritate
286 998 399 1024 adorare
419 1000 525 1030 oportet
537 996 571 1022 ⁷⁸.
589 1005 598 1020 ι

993 221 1048 249 τῶν
1063 220 1163 248 Θυσιῶν
1180 229 1226 248 σου
1240 220 1411 256 ἐπεθύμησα.
1430 221 1522 247 Ἔοικε
1536 219 1625 255 τούτῳ
1638 219 1670 246 τὸ
1683 219 1717 245 δι’
1731 219 1791 246 ἑτέ-

995 276 1042 304 ρου
1055 267 1195 303 προφήτου
1211 267 1280 302 πρὸς
1300 266 1398 298 αὐτοὺς
1412 265 1569 302 εἰρημένον*
1588 275 1598 291 ε
1618 265 1661 292 Τὰ
1674 265 1791 292 ὁλοκαυ-

994 313 1109 348 τώματα
1124 312 1213 340 αὐτῶν
1228 312 1304 347 ὑμῶν
1320 312 1388 347 μετὰ
1401 312 1454 339 τῶν
1466 312 1568 339 θυσιῶν
1581 311 1661 347 ὑμῶν
1677 312 1791 346 συνάγε-

994 367 1033 390 τε,
1054 358 1102 385 καὶ
1128 358 1230 393 φάγετε
1256 358 1337 394 κρέα,
1362 359 1403 385 ὅτι
1426 359 1476 385 οὐκ
1499 357 1619 394 ὲλάλησα
1637 357 1709 393 πρὸς
1723 358 1790 389 τοὺς

994 404 1114 440 πατέρας
1131 404 1218 439 ὑμῶν,
1233 404 1297 440 περὶ
1310 404 1552 439 ὁλοκαυτωμάτων,
1567 403 1616 430 καὶ
1629 402 1744 432 θυσιῶν,
1758 403 1790 428 ὲν

994 451 1085 486 ἡμέρᾳ
1131 451 1268 486 ἀνήγαγον
1287 450 1385 482 αὐτοὺς
1407 451 1438 477 ἐκ
1455 450 1506 485 γῆς
1522 450 1671 484 Αἰγύπτου.
1685 458 1694 475 ι
1714 449 1788 483 Ἔφη

993 504 1045 522 που
1059 496 1107 522 καὶ
1125 495 1238 531 ἑτέρωθι
1253 495 1334 523 πάλιν
1352 497 1367 522 ό
1379 495 1460 527 αὐτὸς
1479 497 1623 531 προφήτης
1637 495 1788 531 Ἱερεμίαςο

997 551 1006 567 α
1020 541 1077 568 Ἰνα
1087 541 1114 568 τί
1129 549 1174 576 μοι
1194 541 1302 568 λίϐανον
1323 542 1355 568 ἐκ
1375 541 1450 568 Σασᾶ
1473 542 1580 577 φέρετε,
1598 542 1646 568 καὶ
1665 541 1789 575 κινάμω-

995 596 1044 623 μον
1058 589 1090 614 ἐκ
1103 588 1156 622 γῆς
1169 587 1323 623 μακρόθεν;
1346 587 1388 614 Τὰ
1400 587 1618 622 ὁλοκαυτώματα
1637 587 1717 622 ὑμῶν
1735 587 1789 613 οὐκ

994 634 1048 660 εἰσὶ
1058 633 1150 663 δεκτὰ,
1163 634 1212 660 καὶ
1223 634 1251 659 αί
1266 632 1358 660 θυσίαι
1370 633 1446 668 ὑμῶν
1468 633 1517 668 οὐχ
1530 632 1630 668 ἤδυνάν
1644 640 1688 667 με.
1705 641 1714 657 ι
1731 631 1788 658 Καὶ

996 679 1059 715 μὴν,
1076 679 1123 706 καὶ
1140 679 1184 706 διὰ
1202 679 1251 714 τῆς
1273 679 1321 706 τοῦ
1335 679 1483 713 ψάλλοντος
1507 679 1609 713 φωνῆς⁴
1629 687 1638 703 ι
1656 678 1695 704 Οὐ
1713 677 1787 711 δέξη-

995 734 1044 761 μαι
1059 727 1091 753 ἐκ
1104 725 1151 752 τοῦ
1164 726 1238 753 οἴκου
1253 734 1301 752 σου
1315 725 1443 761 μόσχους,
1460 725 1522 751 οὺδί
1539 726 1570 751 ὲκ
1580 725 1636 751 τῶν
1651 724 1787 759 ποιμνίων

995 779 1042 797 σου
1063 770 1207 806 χιμάρους.
1227 779 1238 797 ι
1262 770 1427 806 ’Δπόὁλητον
1451 770 1480 796 δὲ
1506 771 1623 796 ποιεῖται
1646 768 1787 803 πανταχοῦ

994 817 1043 851 τὴν
1060 817 1088 842 ὲν
1104 817 1193 848 σκιαῖς
1204 815 1341 852 λατρείαν,
1356 817 1473 851 ἀφιστὰς
1489 815 1540 851 μὲν
1554 815 1654 846 αὐτοὺς
1666 814 1722 841 τῶν
1738 813 1787 839 τύ-

994 871 1064 894 πων,
1088 862 1258 889 συνελαύνων
1285 862 1314 888 δὲ
1338 861 1434 898 ὥσπερ
1458 863 1497 893 εἰς
1519 861 1661 888 δικαίωσιν
1686 860 1737 895 τὴν
1756 860 1789 886 ιν

997 908 1118 945 Χριστῷ,
1135 908 1182 935 καὶ
1198 909 1246 943 τῆς
1268 907 1449 942 εὐαγγελικῆς
1469 907 1607 938 πολιτείας
1632 906 1789 941 μεταποιεῖ-

998 952 1060 978 σθαι
1074 952 1219 983 διδάσκων,
1229 951 1263 978 δι’
1275 949 1308 987 ἧς
1324 953 1357 979 ἂν
1369 951 1472 986 γένοιτό
1488 960 1517 977 τε
1534 952 1580 978 καὶ
1596 951 1683 986 μόνης
1695 949 1726 976 τὸ
1743 949 1789 975 εὑ-

995 999 1122 1033 αρεστεῖν
1142 997 1272 1024 δύνασθαι
1295 996 1334 1032 τῷ
1354 997 1423 1032 Θεῷ,
1439 997 1486 1023 καὶ
1499 996 1529 1023 τὸ
1542 996 1658 1031 ἄμωμον
1678 993 1788 1030 ἀληθῶς

157 1045 204 1072 καὶ
219 1043 364 1078 εἱλικρινὲς
394 1043 433 1074 είς
458 1041 599 1077 λατρείαν,
617 1040 696 1076 δῆλον
719 1040 748 1067 δὲ
781 1041 822 1068 ὅτι
855 1041 904 1076 τὴν
930 1043 1129 1078 πνευματικήν.
1149 1042 1286 1077 ιΠνεῦμα
1311 1041 1376 1076 γὰρ,
1400 1042 1492 1076 φησιν,
1515 1041 1530 1067 ό
1550 1041 1628 1074 Θεὸς,
1650 1040 1699 1067 καὶ
1723 1039 1789 1071 τοὺς

157 1089 377 1126 προσκυνοῦντας
401 1086 474 1122 αὑτῷ
493 1088 522 1114 ὲν
544 1086 678 1122 πνεύματι
702 1085 750 1113 καὶ
771 1085 885 1122 ἀληθείᾳ
905 1086 946 1113 δεῖ
964 1088 1137 1122 προσκυνεῖν.
1153 1095 1162 1112 ι

194 1135 276 1170 576
296 1133 376 1160 Vsus.
392 1131 437 1165 9.5,
450 1131 494 1158 26.
515 1130 569 1166 Ego
588 1139 656 1162 sum,
670 1138 715 1165 ego
730 1139 788 1157 sum
812 1131 856 1165 qui
871 1130 943 1158 deleo

157 1183 308 1217 iniquitates
329 1184 386 1206 tuas
401 1187 446 1205 im:
463 1177 614 1204 meminero.
633 1176 672 1202 Tu
698 1180 785 1203 autem
802 1181 940 1208 memenlo,

154 1234 181 1256 ει
209 1228 368 1263 iudicentur.
401 1224 448 1252 Dic
483 1229 510 1250 tu
537 1224 688 1258 iniquitates
718 1227 777 1250 tua;
801 1224 885 1258 prior,
911 1227 944 1249 ut

153 1271 322 1308 justiﬁceris.

193 1317 296 1344 Rursus
322 1319 424 1351 specta,
441 1315 525 1342 Deum
547 1313 638 1341 virtuti
659 1313 754 1347 legalis
781 1311 881 1345 cultus,
901 1311 942 1339 fa-

158 1363 285 1390 cultatem
313 1361 446 1389 liberandi
465 1361 498 1388 ah
524 1360 603 1388 insita
625 1359 744 1395 ipsorutn
769 1359 942 1394 impuritate.

159 1415 215 1435 non
247 1407 384 1434 tribuisse.
406 1405 462 1433 Nec
487 1406 560 1433 enim
581 1405 639 1432 fieri
666 1409 765 1440 potest,
786 1409 815 1431 ut
836 1403 944 1438 sanguis

158 1459 298 1480 taurorum
321 1457 348 1480 et
375 1453 511 1480 hircorum
536 1457 646 1487 peccata
669 1451 792 1482 auferat.
809 1455 835 1478 et
855 1450 882 1478 in
902 1450 944 1477 his

157 1499 251 1525 umbra
267 1497 333 1533 legis
347 1502 390 1525 est
405 1497 516 1524 inutilis.
534 1497 640 1524 Etenim
660 1505 694 1524 ex
717 1498 775 1531 lege
802 1503 880 1523 nemo
895 1495 942 1530 ju-

1039 1130 1112 1166 Ἐγώ
1128 1132 1198 1166 εἰμι,
1212 1130 1269 1166 ἐγώ
1286 1132 1344 1165 ειμι
1358 1131 1375 1157 ό
1395 1130 1564 1165 ἐξαλείφων
1588 1130 1642 1163 τὰς
1659 1130 1789 1165 ἀνομίας

997 1185 1067 1209 σου,
1089 1177 1139 1204 καί
1162 1178 1199 1204 οὺ
1218 1177 1262 1212 μὴ
1275 1176 1500 1212 μνησθήσομαι.
1517 1176 1559 1203 Σὺ
1582 1176 1618 1202 δὲ
1633 1176 1789 1211 μνήσθητι

997 1224 1047 1251 καὶ
1059 1224 1214 1259 κριθῶμεν.
1230 1223 1304 1258 Λέγε
1318 1223 1359 1250 σὺ
1375 1223 1428 1256 τὰς
1442 1223 1567 1257 ἀνομίας
1582 1229 1642 1250 σου
1658 1222 1787 1256 πρῶτος,

996 1270 1046 1297 ἶνα
1058 1269 1226 1304 δικαιωθῇς.

1036 1315 1132 1351 Ἀθρει
1151 1315 1183 1351 δή
1199 1324 1244 1350 μοι
1262 1314 1352 1347 πάλιν,
1375 1314 1412 1346 ὡς
1422 1314 1452 1341 οὐ
1469 1316 1502 1350 τῇ
1521 1314 1635 1349 δυνάμει
1649 1314 1702 1349 τῆς
1718 1313 1788 1340 κατὰ

998 1361 1079 1396 νόμον
1101 1361 1227 1398 λατρείας
1254 1361 1422 1395 ἐκνενέμηκε
1452 1360 1517 1392 Θεὸς
1547 1361 1578 1387 τὺ
1603 1360 1788 1387 ἀπαλλάττειν

997 1407 1124 1434 δύνασθαι
1136 1407 1212 1439 τινὰς
1224 1407 1273 1442 τῆς
1293 1407 1406 1442 ἐνούσης
1419 1406 1508 1437 αὐτοῖς
1520 1406 1702 1442 ἀκαθαρσίας.
1712 1405 1789 1433 ’Δὸὐο

997 1463 1075 1482 νατον
1092 1453 1143 1490 γὰρ
1162 1450 1231 1488 αἷμα
1246 1453 1353 1488 ταύρων
1370 1453 1416 1480 καὶ
1431 1453 1539 1488 τράγων
1554 1453 1682 1487 ἀφαιρεῖν
1699 1453 1790 1487 ἀμαρο

996 1500 1067 1532 τίας,
1099 1499 1145 1526 καὶ
1159 1499 1288 1535 ἀνόνητος
1314 1499 1344 1525 ὲν
1369 1499 1472 1530 τούτοις
1491 1499 1507 1533 ή
1527 1497 1573 1524 τοῦ
1603 1498 1687 1532 νόμου
1712 1497 1788 1524 σκιά.

160 1543 301 1576 stilicatur,
321 1543 399 1578 juxta
425 1543 508 1570 divini
524 1541 597 1570 Pauli
626 1550 730 1569 vocem.
752 1542 853 1569 Scribit
873 1541 942 1568 enim

1028 1543 1152 1572 καιοῦται
1167 1545 1222 1581 γὰρ
1237 1545 1324 1576 οὐδεὶς
1336 1545 1365 1571 ὲν
1381 1545 1455 1579 νόμῳ
1474 1543 1544 1570 κατὰ
1562 1543 1610 1578 τὴν
1623 1542 1672 1568 τοῦ
1689 1543 1790 1568 θεσπε-

156 1590 185 1617 io
203 1590 320 1625 Epistola
334 1590 366 1617 tle
379 1597 409 1616 se
426 1593 453 1616 et
466 1589 526 1616 aliis
555 1589 684 1624 apostolis
701 1596 747 1616 seu
767 1587 942 1616 credentibus

1025 1599 1056 1617 ου
1085 1590 1192 1618 Παύλου
1215 1591 1318 1625 φωνήν.
1344 1589 1511 1616 Ἑπιστέλλει
1536 1588 1612 1623 γοῦν,
1645 1588 1694 1615 καί
1721 1597 1788 1623 φησι

157 1642 191 1662 ex
206 1635 433 1664 circumcisione:
461 1643 471 1659 ‹
490 1633 554 1666 Nos,
568 1632 668 1667 inquit,
686 1637 782 1660 natura
801 1631 897 1665 Judaei,
914 1636 941 1659 et

1025 1637 1061 1673 ερί
1079 1646 1109 1664 τε
1132 1637 1226 1669 αὑτοῦ,
1251 1638 1299 1664 καὶ
1325 1637 1379 1663 τῶν
1400 1636 1486 1664 ἄλλων
1510 1635 1678 1667 ἀποστόλων.
1703 1635 1788 1670 ἤγουν

158 1688 211 1707 ηοη
241 1687 274 1706 ex
307 1680 431 1715 gentibus
455 1682 623 1714 peccatores,
650 1679 768 1705 scientes
797 1685 850 1705 non
863 1677 942 1713 justi-

1025 1683 1049 1708 ὅν
1066 1683 1289 1709 πεπιστευκότων
1314 1683 1345 1708 ἑκ
1368 1682 1538 1716 περιτομῆς¹
1557 1692 1565 1707 ι
1586 1682 1684 1716 Ἡμεῖς
1707 1681 1787 1716 φύσει

157 1725 232 1753 ficari
247 1726 384 1753 hominem
401 1732 432 1752 ex
447 1725 573 1759 operibus
586 1724 662 1759 legis,
676 1725 721 1751 sed
734 1723 854 1751 ﬁdelesu
867 1723 946 1750 Chri-

157 1772 212 1800 sti:
230 1779 278 1799 nos
299 1779 415 1807 quoque,
434 1771 554 1806 inquam,
579 1771 606 1797 in
619 1769 711 1798 Jesum
731 1769 868 1797 Christum
885 1775 944 1797 cre-

157 1817 285 1848 didimus,
298 1821 327 1843 ut
341 1823 388 1851 per
405 1816 478 1843 illum
489 1815 751 1851 justiﬁearentur'".
769 1824 778 1841 ›
798 1814 837 1842 Ne
853 1814 945 1849 itaque

158 1869 245 1897 putes,
267 1862 363 1897 inquit,
383 1866 408 1889 te
430 1869 548 1897 unquam
566 1869 646 1896 posse
668 1861 787 1888 victimis
812 1864 838 1887 et
863 1861 944 1888 fumis

157 1909 271 1937 liberum
287 1913 313 1935 te
330 1916 345 1935 a
365 1908 520 1935 vitiositatis
545 1908 659 1935 crimine
686 1907 810 1935 ellicere:
832 1911 860 1934 at.
875 1907 944 1934 scito

157 1955 256 1990 potius,
280 1955 350 1989 quod
369 1962 419 1990 ego
442 1955 493 1981 sim
521 1955 566 1989 qui
595 1954 670 1981 deleo
689 1954 844 1989 iniquitates
872 1958 942 1985 tuas,

155 2006 184 2029 et
203 2010 255 2029 non
269 2001 426 2029 meminero.
448 2000 590 2028 Justiiicati
613 2001 684 2027 enim
703 2007 805 2031 sumus,
833 2006 885 2026 non
909 2006 944 2026 ex

156 2048 415 2083 nperibusjnstitize.
432 2054 491 2081 quas
505 2046 619 2073 fecimus
646 2052 706 2075 nos.
731 2046 778 2072 sed
807 2051 839 2072 ex
861 2044 942 2071 multa

157 2093 340 2120 misericordia
357 2091 427 2124 ejus,
449 2090 494 2124 qui
516 2089 637 2117 oblivisci
666 2089 751 2116 voluit
786 2093 941 2117 nostrorum

157 2139 330 2165 delictorum.
350 2135 408 2163 lloc
438 2135 511 2161 enim
526 2134 612 2161 solum
625 2133 706 2161 etiam
736 2139 826 2161 servat
864 2139 942 2162 terra:

156 2183 270 2215 incolas,
285 2181 330 2217 qui
346 2185 463 2208 mentem
479 2180 613 2206 inlirmam
630 2179 740 2212 habent,
764 2184 790 2207 et
806 2179 838 2207 ad
852 2179 941 2207 omnia

155 2236 217 2265 qua:
232 2228 257 2255 in
273 2227 331 2262 lege
348 2230 522 2259 accusantur,
537 2223 614 2252 facile
623 2232 777 2259 sequacem.
793 2225 940 2251 Admodum

154 2274 238 2306 enim,
259 2273 356 2307 inquit,
379 2270 507 2306 proclivis
520 2275 562 2298 est
581 2278 659 2298 mens
676 2271 794 2297 hominis
812 2270 846 2296 ab
873 2271 939 2296 ado-

154 2319 285 2348 lescentia
298 2319 332 2346 ad
354 2318 432 2345 mala.
448 2316 515 2344 lline
529 2317 677 2351 justissima
697 2318 730 2344 de
757 2324 839 2344 causa
873 2317 941 2342 divi-

155 2375 206 2394 nus
223 2366 305 2394 David
319 2367 496 2392 humanorum
513 2363 634 2398 lapsuum
650 2363 782 2395 meminit,
801 2364 940 2397 inquiens:

157 2422 166 2438 ι
185 2412 212 2439 Si
229 2411 384 2445 iniquitates
396 2410 592 2441 observaveris,
608 2409 731 2441 Domine,
768 2408 829 2444 quis
854 2409 942 2436 subsi-

137 2449 223 2491 islet?
236 2457 302 2490 Quin
315 2456 384 2492 apud
402 2461 426 2483 te
436 2456 593 2491 propitiatio
606 2455 687 2484 est".
704 2464 712 2480 ι
727 2454 939 2482 Miscricordiam

153 2505 236 2538 igitur
252 2503 323 2537 capit
341 2502 411 2530 Deus
433 2502 632 2534 universorum,
665 2506 692 2529 et
716 2502 857 2536 auspicato
875 2507 939 2528 nutu

153 2555 179 2576 ct
194 2549 284 2577 divina
302 2549 436 2577 oblivione
450 2556 524 2580 usus,
542 2557 556 2575 a
567 2549 644 2583 culpa
664 2547 760 2575 liberat
774 2553 801 2575 et
829 2547 939 2575 ollensis

153 2603 208 2626 eos,
229 2594 274 2628 qui
289 2593 485 2628 deprehensiet
502 2592 618 2620 convicti
647 2597 721 2618 sunt.
757 2591 853 2618 Verum
885 2599 937 2618 non

995 1682 1049 1708 τῶν
1066 1683 1289 1709 πεπιστευκότων
1314 1683 1345 1708 ἑκ
1368 1682 1520 1718 περιτομῆς
1532 1690 1538 1696 ”

1002 1730 1135 1763 Ἰουδαῖοι,
1159 1730 1207 1756 καὶ
1218 1730 1267 1756 οὐκ
1284 1730 1312 1763 ἐξ
1329 1729 1414 1756 ἐθνῶν
1433 1728 1590 1764 ἁμαρτωλοί
1603 1737 1609 1743 ·
1629 1728 1732 1760 ειδότες
1757 1728 1787 1755 δὲ

995 1775 1035 1802 ὅτι
1051 1776 1082 1802 οὺ
1093 1775 1243 1802 δικαιοῦται
1258 1775 1398 1810 ἄνθρωπος
1417 1775 1446 1807 εξ
1468 1775 1557 1810 ἔργων
1570 1774 1666 1809 νόμου,
1685 1774 1733 1801 ἐὰν
1748 1773 1785 1810 μὴ

995 1821 1039 1848 διὰ
1053 1821 1171 1853 πίστεως
1192 1821 1278 1857 Ἰησοῦ
1291 1821 1420 1857 Χριστοῦ·
1438 1822 1484 1848 καὶ
1506 1822 1586 1856 ἡμεῖς
1604 1821 1645 1852 είς
1666 1819 1786 1855 Χριστὸν

1002 1867 1104 1902 Ἰησοῦν
1127 1866 1338 1902 ἐπιστεύσαμεν,
1358 1867 1402 1894 ἵνα
1415 1866 1604 1901 δικαιωθῶμεν
1625 1866 1656 1892 ὲν
1670 1865 1756 1900 αὐτῷ.
1771 1874 1783 1892 ι

994 1913 1041 1949 Μὴ
1061 1914 1160 1946 τοίνυν,
1182 1914 1274 1949 φησὶν,
1288 1913 1381 1949 οἰηθῇς
1398 1913 1435 1945 ὡς
1463 1913 1564 1949 δυνήσῃ
1587 1912 1653 1939 ποτὲ
1676 1911 1732 1938 τῶν
1753 1912 1785 1938 ὲκ

995 1959 1161 1995 φαυλότητος
1178 1960 1358 1995 ἐγκλημάτων
1372 1959 1512 1994 ἐλεύθερον
1527 1958 1668 1992 ἀποφῆναι
1687 1957 1784 1985 σαυτὸν

993 2005 1038 2032 διὰ
1057 2005 1150 2037 θυσίας
1173 2005 1222 2033 καί⁵
1242 2005 1362 2033 καπνῶν.
1382 2005 1451 2032 Ἰσθι
1474 2005 1503 2032 δὲ
1531 2004 1632 2040 μᾶλλον
1656 2005 1699 2031 ὃτι
1729 2002 1783 2037 ἐγώ

994 2051 1052 2085 ειμι
1070 2051 1084 2077 ό
1099 2050 1248 2085 ἐξαλείφων
1263 2051 1312 2082 τὰς
1330 2051 1445 2086 ἀνομίας
1466 2058 1524 2083 σου,
1546 2050 1594 2076 καὶ
1606 2049 1636 2076 οὒ
1660 2049 1699 2084 μὴ
1716 2058 1783 2084 μνημ-

994 2096 1140 2132 σθήσομαι.
1158 2097 1365 2132 Δεδικαιώμεθα
1379 2097 1433 2132 γὰρ
1453 2097 1505 2122 οὐκ
1525 2095 1556 2128 ἐξ
1575 2095 1665 2131 ἔργων
1679 2095 1782 2122 δικαιορ

994 2139 1086 2175 σύνης,
1097 2140 1115 2167 ἃ
1130 2140 1296 2176 ἐποιήσαμεν
1311 2142 1400 2176 ἡμεῖς,
1417 2140 1484 2167 ἀλλὰ
1499 2140 1570 2166 κατὰ
1581 2140 1612 2166 τὸ
1627 2140 1696 2166 πολὺ
1710 2139 1782 2170 ἕλεος

993 2185 1073 2212 αὑτοῦ
1090 2188 1257 2222 ἀμνημονεῖν
1274 2186 1411 2218 ὲοέλοντος
1429 2187 1483 2212 τῶν
1496 2186 1636 2221 ἡμετέρων
1653 2185 1782 2219 αίτιαμά-

957 2249 980 2276 D
992 2240 1057 2258 των.
1088 2231 1173 2263 Σώζει
1195 2232 1249 2267 γὰρ
1264 2230 1342 2258 τοῦτο
1359 2233 1406 2258 καὶ
1425 2232 1504 2266 μόνον
1518 2231 1581 2262 τοὺς
1595 2231 1641 2257 ἐπὶ
1654 2231 1705 2265 τῆς
1720 2231 1780 2265 γῆς,

991 2276 1107 2312 ἀδρανῆ,
1131 2277 1178 2303 καὶ
1198 2277 1436 2313 εὐπαρακόμιστον
1462 2277 1512 2312 τὴν
1530 2276 1649 2303 διάνοιαν
1670 2276 1781 2311 ἔχοντας

992 2321 1060 2355 πρὸς
1072 2322 1125 2347 πᾶν
1144 2321 1233 2348 ὁτιοῦν
1247 2321 1301 2348 τῶν
1311 2322 1344 2348 ὲκ
1357 2322 1441 2356 νόμου
1456 2320 1687 2355 διαϐεϐλημένων.
1710 2320 1781 2346 Ἐπι-

993 2366 1082 2401 μελῶς
1096 2366 1161 2403 γὰρ,
1178 2367 1272 2403 φησὶν,
1283 2368 1404 2402 ἔγκειται
1419 2369 1435 2403 ή
1452 2367 1557 2394 διάνοια
1570 2364 1624 2394 τοῦ¹
1635 2367 1779 2402 ἀνθρώπου

991 2412 1038 2438 ἐπὶ
1056 2412 1091 2439 τὰ
1113 2413 1218 2449 πονηρὰ
1240 2414 1272 2440 ἐκ
1290 2413 1423 2449 νεότητος.
1441 2413 1533 2448 Ταύτῃ
1552 2421 1604 2445 τοι,
1632 2413 1680 2439 καὶ
1708 2412 1779 2447 μάλα

991 2459 1103 2490 εἰκότως
1117 2461 1131 2486 ὁ
1149 2459 1290 2492 Θεσπέσιος
1310 2459 1393 2486 Δαΰὶδ
1407 2459 1462 2486 τῶν
1477 2459 1657 2495 ἀνθρωπίνων
1672 2459 1779 2494 ὀλισθη-

992 2505 1085 2539 μάτων
1107 2505 1293 2541 διαμέμνηται
1317 2506 1420 2540 λέγων·
1448 2516 1458 2532 ι
1480 2506 1542 2532 Ἐὰν
1555 2506 1671 2540 ἀνομίας
1691 2513 1779 2540 παρα.

989 2552 1124 2588 τηρήσῃς,
1150 2552 1248 2587 Κύριε,
1268 2552 1309 2583 τίς
1323 2553 1522 2587 ὑποστήσεταις
1544 2552 1584 2578 ὅτι
1607 2552 1684 2586 παρὰ
1701 2551 1743 2578 σοὶ
1764 2552 1778 2578 ό

991 2597 1103 2632 ἱλασμός
1127 2597 1195 2625 ἔστι.
1208 2607 1217 2624 ι
1247 2598 1437 2632 Κατοικτείρει
1465 2598 1515 2633 μὲν
1531 2593 1577 2624 οὖν
1601 2598 1616 2623 ὁ
1636 2596 1692 2623 τῶν
1713 2596 1778 2624 ὅλων

152 2641 218 2668 sinit
236 2639 449 2667 misericordiam
465 2643 636 2670 consecutos,
649 2637 802 2665 iniserentis
819 2637 934 2672 gratiam

1027 2643 1065 2674 ὸς,
1079 2643 1127 2669 καὶ
1148 2643 1180 2678 δὴ
1203 2644 1250 2670 καὶ
1273 2644 1371 2675 αἰσίοις
1398 2643 1514 2679 νεύμασι
1539 2643 1587 2669 καὶ
1611 2642 1778 2677 ἀμνηστίαις

151 2687 222 2713 scire
236 2685 320 2721 ipsos.
346 2685 377 2713 Et
391 2684 504 2720 perutile
524 2683 573 2711 hoc
588 2691 620 2710 ac
638 2683 738 2711 sanctis
752 2691 824 2711 cum
851 2682 934 2711 fuisse

1025 2685 1128 2722 ώμενος
1143 2688 1204 2719 ταῖς
1221 2687 1411 2722 θεοπρεπέσιν,
1428 2687 1480 2720 ἔξω
1494 2687 1601 2722 τίθησιν
1619 2686 1723 2719 αίτίας.
1733 2687 1779 2714 uel.

185 2785 209 2800 "
219 2784 275 2811 Jer.
288 2792 336 2816 vn,
347 2784 376 2811 2i
385 2805 392 2817 ,
407 2784 452 2811 ‘22.

149 2826 242 2851 cum,
255 2819 283 2851 3,
296 2819 322 2846 6.

509 2783 532 2799 ⁷⁸
544 2782 599 2812 Jer.
612 2791 647 2815 vt,
660 2783 704 2810 ‘20.
761 2785 784 2800 ⁷⁸
796 2784 865 2812 Psal.
880 2792 941 2813 xm

1051 2788 1073 2803 ⁷⁸
1085 2787 1161 2815 Joan.
1182 2796 1218 2820 tv,
1231 2787 1276 2815 2L
1333 2789 1372 2805 ⁷⁸·
1387 2788 1446 2815 Gal.
1478 2789 1563 2821 11,15,
1581 2789 1621 2815 l6.
1671 2790 1694 2806 "'
1708 2790 1767 2824 Psal
