1885 3053
152 167 203 198 ωδ

660 170 691 200 8.
711 170 848 200 CYRILLI
867 171 1101 201 ALEXANDBINI
1120 173 1281 210 ARCIIIEP.

1731 178 1784 206 ἐκ

147 227 246 262 inquit,
260 227 344 261 quiin
362 227 421 256 loco
433 231 540 263 patrum
554 233 617 257 sunt
628 231 721 266 positi,
737 237 765 260 et
784 233 830 268 qui
859 241 928 269 prac-

1033 234 1072 262 ὼν
1083 234 1140 266 τοῖς
1153 233 1314 270 ἠσεϐηκόσι.
1332 234 1448 269 Οὐκοῦν,
1472 236 1497 263 oi
1515 236 1545 264 ἒν
1557 237 1635 270 τάξει
1649 235 1786 271 πατέρων

149 274 257 301 fuerunt
271 273 357 306 vobis,
373 273 447 308 impii
466 273 574 302 fuerunt
591 274 617 302 in
633 283 686 303 me.
707 276 773 304 Cum
793 278 877 311 dicit,
900 280 929 306 lu

148 327 202 352 me,
224 321 340 347 ostendit
354 320 410 348 haec
436 328 495 356 qute
522 321 637 356 turpiter
649 327 676 350 et
691 323 772 358 impie
790 325 930 360 designata

146 370 220 397 sunt,
233 373 287 392 non
303 366 329 392 in
346 374 428 393 unum
442 366 559 402 aliquem
579 373 679 396 nostra:
695 370 775 397 sortis
793 370 938 407 hominem,

146 411 215 438 facta
227 418 298 444 esse,
315 412 362 439 sed
377 417 469 440 contra
485 413 571 448 ipsam
584 414 751 448 majestatem
767 415 878 452 Dei,qui
890 422 932 445 est

143 464 223 492 supra
235 459 335 485 omnia.
352 457 430 491 Puta,
444 467 503 486 cum
518 460 670 493 proximum
684 463 744 496 quis
756 463 852 497 injuria
865 463 931 490 affe-

144 504 221 535 ccril,
233 504 273 530 vel
284 504 405 539 avaritia,
413 510 440 533 et
454 506 606 539 insolentia,
619 508 723 536 autalio
734 509 812 536 modo
820 510 933 537 circum-

144 549 273 576 veniens:
289 556 382 584 peccat
398 552 517 586 quidem,
533 561 625 581 verum
662 554 688 581 in
715 553 850 582 hominem
877 564 933 584 sua

146 599 252 622 uaturm
269 595 397 629 similem,
416 602 442 624 et
459 606 511 625 non
541 599 567 626 in
583 599 678 627 Deum.
698 599 748 634 Qui
767 606 856 628 autem
874 601 932 628 cul-

144 645 200 666 tum
221 641 336 675 repellit,
351 647 378 670 et
399 643 590 672 diemoniorum
607 645 932 681 deceptionibusseipsum

145 688 265 721 exponit,
283 692 309 715 et
333 689 428 716 adorat
444 689 497 722 illa,
513 695 611 718 contra
628 691 711 719 Deum
728 699 757 719 se
772 693 893 727 opponit,
906 697 934 720 et

145 736 275 765 quantum
293 733 318 760 in
335 733 393 768 ipso
405 739 457 767 est,
472 735 546 762 illum
562 743 577 764 e
596 736 708 764 sedibus
724 737 873 764 divinitatis
887 737 933 765 de-

146 776 229 810 pellit,
250 782 276 804 et
292 784 419 807 excutere
434 785 547 807 conatur
559 788 572 807 a
588 782 766 816 praerogativa
797 788 825 810 et
848 784 932 818 gloria

146 831 206 856 quac
223 824 273 858 ipsi
288 830 315 852 et
331 825 380 852 soli
396 826 529 862 congruit.
564 825 691 855 Israelitte
717 836 781 857 vero
819 829 934 858 diversis

148 869 314 904 temporibus
338 869 389 898 hoc
404 870 573 899 factitarunt.
590 871 656 899 Nam
675 874 754 902 idolis
766 876 932 908 servierunt,

981 279 1114 315 κείμενοι,
1127 279 1204 314 φησὶ,
1212 280 1310 307 καίτοι
1323 279 1452 316 λαχόντες
1462 281 1556 318 ἄρχειν
1571 282 1660 318 ὑμῶν,
1674 283 1784 318 ἡνόμη-

983 333 1032 351 σαν
1052 325 1091 356 είς
1107 324 1167 359 ἐμὲ.
1182 324 1219 351 Τὸ
1235 324 1273 356 δὲ,
1293 326 1332 357 εἰς
1351 325 1412 361 ἐμὲ,
1425 326 1523 360 λέγων,
1537 327 1724 354 διαδείκνυσιν
1741 327 1783 353 ὃτι

981 370 1032 397 οὐκ
1045 371 1084 402 εὶς
1098 370 1145 397 ἕνα
1156 370 1210 397 τῶν
1224 370 1285 397 καθ’
1303 372 1377 406 ἡμᾶς
1395 371 1553 407 πέπρακται
1568 373 1603 399 τὰ
1619 373 1688 407 παρ’
1706 372 1783 399 ὲκεί-

982 426 1036 443 νων
1051 417 1174 448 ἐκτόπως
1191 426 1220 444 τε
1238 417 1285 444 καὶ
1304 417 1420 450 ἀνοσίως
1433 419 1706 454 πεπλημμελημένα,
1722 418 1781 445 ἀλλ’

983 463 1022 494 εις
1049 462 1133 498 αὐτὴν
1157 463 1207 498 τὴν
1233 463 1313 495 δόξαν
1335 463 1382 490 τοῦ
1407 464 1517 492 πάντων
1537 465 1667 492 ἐπέκεινα
1697 464 1780 490 Θεοῦ.

983 505 1046 536 Οἷόν
1057 509 1083 535 τί
1108 517 1196 544 φημι·
1209 509 1273 536 ὅταν
1292 510 1343 545 μὲν
1355 510 1409 546 γάρ
1423 519 1466 543 τις
1487 511 1602 546 ἀδικήσῃ
1625 511 1703 542 τινὰς
1724 510 1781 536 τῶν

983 554 1077 586 πέλας,
1093 555 1109 590 ἢ
1124 554 1267 590 πλεονεξίᾳ
1279 555 1326 582 καὶ
1342 555 1420 592 ὕϐρει
1435 555 1600 592 περιϐαλὼν,
1615 556 1702 591 {now
1716 554 1782 582 καθ’

983 601 1075 636 ἔτερόν
1091 609 1150 627 τινα
1164 601 1274 636 τρόπον,
1292 601 1448 638 πλημμελεῖ
1460 602 1519 638 μὲν,
1530 601 1600 638 πλὴν
1615 602 1657 633 είς
1673 601 1782 636 ᾶνθρο»

984 655 1034 673 πον
1048 645 1168 682 amona,
1181 648 1228 674 καὶ
1242 646 1300 674 οὔτι
1318 656 1369 674 που
1387 647 1456 684 πρὸς
1471 648 1547 675 Θεόν.
1570 648 1598 675 '0
1622 648 1651 674 δέ
1673 655 1707 681 γε
1731 647 1782 682 τὴν

985 693 1029 719 ὑπ’
1044 692 1119 728 αὐτῷ
1133 693 1261 729 λατρείαν
1273 693 1465 728 διωθούμενος,
1475 694 1524 721 καὶ
1542 695 1601 726 ταῖς
1609 693 1666 720 τῶν
1679 693 1781 727 δαιμο-

984 739 1047 766 νίων
1055 739 1173 770 ἀπάταις
1185 739 1281 767 ἑαυτὸν
1292 739 1402 771 ὑποθεὶς
1411 740 1459 766 καὶ
1469 740 1663 775 προσκυνήσας
1674 739 1780 769 αὐτοῖς.

984 786 1106 820 ἀνταίρει
1121 785 1192 812 κατὰ
1205 784 1286 817 Θεοῦ,
1301 786 1347 813 καὶ
1370 785 1401 812 τό
1420 794 1451 819 γε
1465 783 1533 821 ἧκον
1555 786 1595 817 είς
1617 785 1704 811 αὐτὸν
1726 784 1786 811 τῶν

984 829 1034 865 τῆς
1049 829 1175 864 θεότητος
1189 830 1270 859 αὑτὸν
1279 829 1402 865 ἐξίστησι
1417 830 1524 863 θώκων,
1535 830 1584 857 xa‘t
1597 829 1787 856 ἀτωσαλεύειν

985 875 1113 911 πειρᾶται
1128 875 1178 910 τῆς
1188 874 1264 911 αὐτῷ
1277 875 1324 902 καὶ⁸
1340 875 1413 910 μόνῳ
1425 875 1583 911 πρεπούσης
1594 875 1737 910 ὑπεροχῆς
1751 882 1782 901 τι

147 920 174 941 et
188 922 248 942 cum
267 917 448 948 sacrosanctis
459 918 578 945 oraculis
596 919 654 946 vale
669 920 814 953 dixissent.
833 929 929 955 puram

1044 921 1133 956 δόξης.
1148 921 1311 956 Πεπράχασι
1333 921 1362 948 δὲ
1383 921 1464 948 τοῦτο
1478 921 1550 948 κατὰ
1569 922 1685 957 καιροὺς
1705 921 1732 948 οι
1751 921 1787 954 ἕξ

149 965 176 988 et
193 963 336 996 superbam
350 963 376 990 in
391 964 475 992 Deum
496 967 629 993 cervicem
649 967 792 994 voluerunt
818 967 933 1002 erigere.

147 1008 261 1035 Accusat
279 1008 361 1043 igitur
375 1016 432 1041 eos,
451 1014 479 1037 et
499 1010 558 1038 ait:
583 1010 744 1039 Sacerdotes
776 1020 827 1039 non
860 1013 935 1040 dixe-

150 1057 211 1080 ruut
225 1063 231 1080 :
244 1054 294 1082 Ubi
308 1059 350 1082 est
367 1055 513 1083 Dominus?
542 1056 574 1084 Et
600 1058 757 1092 profitentes
778 1059 863 1093 legem
882 1067 936 1087 non

148 1106 335 1135 cognoverunt
348 1109 390 1129 me
403 1111 410 1133 ;
424 1106 450 1130 et
465 1103 603 1137 prophetis
618 1104 698 1139 impie
712 1108 829 1139 agebant
842 1105 868 1132 in
882 1113 935 1133 me.

150 1146 182 1173 Et
196 1154 306 1174 rursus:
324 1146 413 1181 Quare
428 1149 568 1183 loquimini
589 1150 676 1177 mihi?
693 1150 793 1178 Omnes
808 1158 856 1179 vos
885 1151 942 1178 ini-1

149 1201 202 1228 que
219 1194 323 1229 egistis,
341 1199 367 1222 et
381 1202 476 1222 omnes
489 1203 538 1222 vos
550 1196 632 1230 impie
649 1188 743 1232 egistis
764 1197 790 1224 in
804 1205 856 1230 me,
872 1197 938 1225 dicit

151 1237 281 1266 Dominus
298 1239 480 1274 Omnipotens.
497 1239 654 1268 Polluerunt
670 1242 851 1277 ergo,inquit.
863 1243 938 1278 prin-

149 1283 223 1318 cipes
240 1285 323 1313 vestri
347 1289 441 1312 sancta
458 1293 528 1314 mea.
553 1286 618 1314 Ausi
641 1292 705 1315 sunt
728 1287 801 1315 enim
828 1295 880 1315 non
910 1288 937 1316 in

150 1330 299 1357 Jerusalem
316 1330 403 1358 solum
423 1332 574 1359 dmnionum
594 1333 733 1362 columnas
761 1334 877 1368 erigere,
891 1335 938 1361 sed

149 1382 176 1405 et
187 1377 213 1404 iu
233 1378 293 1411 ipso
314 1378 413 1412 templo
430 1378 522 1407 divino
546 1378 598 1406 hoc
615 1380 697 1415 impie
723 1379 820 1408 fecisse
841 1381 937 1415 depre-

151 1423 226 1451 hensi
245 1428 317 1451 sunt.
333 1423 406 1451 Dixit
421 1424 503 1458 igitur
520 1425 706 1452 universorum
724 1424 794 1453 Deus
808 1425 842 1453 de
856 1433 938 1461 syna-

150 1477 217 1504 goga
232 1469 407 1497 Iudaeorum:
425 1470 502 1504 Quod
519 1470 650 1506 ﬂagitium
669 1471 851 1499 abominabile
862 1479 940 1499 com-

152 1516 225 1544 misit
238 1515 337 1546 dilecta
358 1517 385 1545 iu
401 1516 482 1543 domo
502 1517 574 1544 mea?
587 1516 816 1545 abominationem
835 1518 938 1550 dicens,

152 1562 184 1591 ad
200 1562 245 1589 Dei
260 1562 375 1589 formam
392 1561 553 1591 fabricatam
570 1567 689 1590 statuam
703 1567 730 1590 et
743 1563 803 1590 loco
824 1563 872 1590 Dei
898 1563 940 1591 fa-

153 1608 283 1637 bricatam
301 1608 446 1643 imaginem
462 1608 495 1636 ⁸³.
524 1608 749 1636 Contaminantur
774 1609 856 1636 etiam
878 1617 941 1637 san-

152 1660 195 1682 cta
209 1654 262 1682 alio
278 1655 366 1688 modo,
377 1655 398 1682 si
415 1654 582 1690 contemptui
597 1654 750 1683 habeantur
762 1655 797 1682 ab
807 1655 942 1690 aliquibus

153 1707 184 1727 ea
204 1707 263 1735 qua:
279 1700 304 1727 in
320 1700 436 1735 gloriam
455 1699 503 1726 Dei
520 1703 677 1728 reverenter
708 1704 736 1728 et
761 1704 856 1731 sancte
883 1700 942 1728 fieri

150 1746 290 1779 jubentur,
313 1750 341 1773 et
357 1745 379 1773 si
400 1745 446 1780 qui
473 1745 624 1773 divinarum
654 1745 712 1780 ejus
729 1745 816 1780 legum
850 1749 942 1774 trans-

154 1791 322 1824 gressionem
363 1790 440 1819 nihili
479 1790 589 1818 faciant.
619 1790 712 1825 Itaque
743 1791 816 1825 quia,
844 1790 942 1825 inquit,

155 1837 247 1866 patres
276 1833 360 1860 vestri
390 1832 464 1866 impii
491 1833 518 1860 in
549 1840 593 1860 me
624 1832 746 1866 fuerunt,
763 1836 790 1860 et
808 1832 944 1867 principes

155 1884 250 1906 sancta
265 1886 323 1906 mea
339 1879 569 1912 contaminarunt,
591 1878 651 1906 ideo
668 1877 727 1906 dedi
758 1878 891 1911 hostibus,
916 1882 945 1906 ut

155 1927 270 1959 perdant
299 1923 392 1957 Iacob,
419 1928 446 1952 et
471 1928 580 1959 propter
607 1924 682 1957 haec,
714 1923 825 1951 infamia
853 1923 943 1951 notavi

156 1971 282 1999 lsraelem
289 1991 295 1998 .

192 2111 257 2138 Cn.
275 2108 367 2138 XLIV.
395 2107 475 2136 Vsus.
490 2107 515 2134 Ι.
549 2106 625 2133 Nunc
645 2114 704 2133 vero
727 2106 800 2140 audi,
821 2114 886 2141 puer
911 2107 946 2133 uti

158 2157 251 2189 ὅποι),
270 2161 293 2183 et
307 2154 394 2182 Israel
408 2162 483 2190 quem
497 2153 572 2189 elegi.

193 2203 259 2231 Cum
277 2201 423 2236 primatum
438 2198 532 2226 fecerit
547 2198 722 2232 mentionem,
735 2202 762 2225 et
776 2197 860 2233 579
887 2198 943 2226 cri-

992 967 1108 1003 Ἰσραήλ.
1128 966 1331 1002 Λελατρεύκασι
1346 967 1395 1002 μὲν
1408 967 1463 1003 γὰρ
1476 967 1607 1000 εἰδώλοις,
1622 968 1672 995 καὶ
1684 968 1718 1003 δὴ
1737 969 1781 995 καὶ

985 1012 1123 1050 ἐρρῶσθαι
1138 1013 1292 1049 φράσαντες
1306 1015 1362 1045 τοίς
1376 1014 1458 1048 ῑεροῖς
1476 1012 1784 1049 θεσπίσμασι,ωιληρίν

985 1061 1032 1088 καὶ
1050 1059 1188 1096 ἀγέρωχον
1201 1059 1352 1086 ἁνατείνειν
1367 1059 1462 1094 ἤθελον
1475 1059 1516 1094 τῷ
1529 1059 1590 1095 Θεῷ
1601 1059 1648 1086 τὸν
1665 1058 1782 1094 αὐχένα.

985 1106 1111 1132 Διτιᾶται
1123 1105 1187 1138 γοῦν
1200 1106 1309 1137 αὐτοὺς,
1319 1105 1366 1132 καί
1377 1113 1459 1140 φησιν
1468 1113 1474 1121 ·
1487 1106 1615 1142 Οίγιερεῐς
1628 1105 1681 1132 οὐκ
1691 1103 1782 1137 εἶπαν,

986 1151 1042 1179 Ποῦ
1056 1151 1113 1178 ἔστι
1129 1150 1250 1186 Κύριος;
1268 1151 1322 1177 Καὶ
1339 1151 1363 1177 οἱ
1380 1151 1554 1186 ἀντεχόμενοι
1568 1151 1617 1177 τοῦ
1631 1150 1718 1185 νόμου
1733 1150 1785 1179 οὐκ

986 1195 1136 1231 ἠπίσταντό
1153 1204 1198 1231 με,
1215 1195 1262 1222 καὶ
1276 1196 1301 1224 οἱ
1316 1196 1455 1231 προφῆται
1466 1194 1583 1230 ἠσέϐουν
1597 1196 1638 1227 είς
1651 1194 1713 1230 ἐμέ.
1728 1195 1783 1221 Καὶ

987 1241 1068 1269 πάλιν
1079 1250 1086 1256 ·
1107 1242 1164 1269 Ἵνα
1177 1242 1204 1268 τί
1216 1242 1322 1269 λαλεῖτε
1338 1243 1407 1278 πρός
1422 1250 1471 1277 μες
1493 1242 1597 1274 Πάντες
1619 1242 1700 1276 ὑμεῖς
1719 1242 1783 1276 ἠνο-

989 1289 1105 1324 μήσατε,
1121 1288 1168 1314 καὶ
1185 1288 1285 1320 πάντες
1304 1288 1383 1323 ὑμεῖς
1398 1288 1554 1323 ἠσεϐήσατε
1571 1289 1613 1319 εἰς
1627 1287 1690 1323 ἐμὲ,
1709 1286 1783 1320 λέγει

987 1334 1090 1369 Κύριος
1103 1333 1311 1370 παντοκράτωρ.
1335 1334 1465 1368 Ἐμίαναν
1486 1333 1576 1360 τοίνυν
1592 1333 1618 1359 oi
1640 1333 1783 1368 ἄρχοντας,

988 1380 1065 1416 φησὶ,
1083 1379 1118 1406 τὰ
1131 1379 1197 1413 ἅγιά
1212 1388 1274 1414 μου.
1287 1379 1477 1414 Τετολμήκασι
1488 1378 1543 1414 γὰρ
1556 1379 1607 1405 οὐκ
1623 1379 1657 1406 ἐν,
1666 1379 1737 1413 μόνῃ
1750 1378 1783 1413 τῇ

995 1425 1174 1464 Ἰερουσαλὴμ
1186 1424 1235 1456 τὰς
1250 1425 1304 1451 τῶν
1318 1424 1463 1460 δαιμονίων
1474 1426 1581 1460 ἐγεῖραι
1593 1424 1705 1459 στήλας,
1716 1423 1791 1450 ἀλλὰ

989 1471 1043 1506 γὰρ
1059 1470 1106 1497 καὶ
1130 1470 1159 1496 ὲν
1182 1469 1258 1504 αὐτῷ
1277 1468 1318 1504 τῷ
1341 1469 1407 1504 θείῳ
1430 1468 1487 1504 ναῷ
1503 1467 1584 1495 τοῦτο
1611 1467 1791 1502 πεπραχότεε

989 1517 1104 1549 ἀνοσίως
1121 1516 1210 1543 ἁλοῐεν
1222 1515 1265 1544 ἄν.
1282 1516 1355 1551 Ἔφη
1369 1515 1436 1549 γοῦν
1452 1515 1466 1542 ὁ
1481 1515 1536 1542 τῶν
1549 1514 1619 1541 ὅλων
1633 1514 1702 1545 Θεὸς
1722 1513 1784 1547 περὶ

990 1564 1040 1599 τῆς
1058 1563 1193 1590 Ἰουδαίων
1204 1562 1384 1597 συναγωγῆς·
1410 1562 1442 1588 Τί
1458 1562 1475 1596 ὴ
1497 1561 1667 1596 ἠγαπημένη
1695 1561 1725 1586 ἐν
1746 1558 1787 1593 τῷ

994 1600 1062 1644 οῐκιρ
1083 1618 1132 1645 μου
1150 1608 1263 1643 ἐποίησε
1281 1607 1433 1643 βδέλυγμα;
1450 1607 1589 1642 βδέλυγμα
1603 1607 1691 1640 λέγων
1705 1606 1736 1632 τὸ
1747 1606 1788 1641 είς

993 1655 1078 1681 τύπον
1097 1654 1164 1680 Θεοῦ
1189 1653 1454 1688 τετεχνουργημένον
1478 1652 1588 1688 ἄγαλμα
1612 1652 1659 1680 καὶ
1682 1651 1786 1681 εἰκόνα.

993 1699 1152 1728 Μιαίνονται
1181 1699 1210 1726 δὲ
1234 1699 1268 1726 τὰ
1299 1699 1366 1733 ἆγια
1388 1698 1435 1726 καὶ
1459 1698 1522 1725 καθ’
1554 1698 1649 1732 ἕτερον
1674 1697 1784 1732 τρόπον,

995 1747 1019 1773 ει
1046 1745 1258 1782 καταφρονοῖντο
1283 1745 1352 1780 πρός
1372 1753 1453 1772 τινων
1473 1744 1508 1770 τὰ
1530 1745 1570 1775 είς
1604 1743 1685 1776 δόξαν
1718 1741 1786 1768 Θεοῦ

996 1792 1102 1824 σεπτῶς
1117 1792 1164 1818 καὶ
1181 1791 1266 1825 ἁγίως
1281 1790 1464 1817 ἐπιτελεῖσθαι
1485 1789 1726 1826 προστεταγμένα,
1744 1789 1787 1814 καὶ

995 1839 1062 1873 παρ’
1075 1837 1151 1864 οὐδὲν
1170 1837 1279 1873 ἡγοῖντό
1291 1845 1363 1868 τινες
1381 1837 1435 1863 τῶν
1448 1836 1528 1863 θείων
1542 1835 1626 1862 αὑτοῦ
1641 1835 1724 1869 νόμον
1739 1834 1788 1869 ⁴τὴν

995 1883 1162 1919 παράὸασιν.
1198 1882 1302 1913 Οὐκοῦν
1333 1882 1482 1917 ἐπειδήπερ
1506 1883 1530 1908 oi.
1554 1880 1673 1916 πατέρες
1699 1879 1786 1914 ὑμῶν,

996 1931 1089 1965 φησὶν.
1106 1929 1247 1964 ήνόμησαν
1261 1929 1301 1960 είς
1315 1929 1375 1963 ἐμὲ,
1390 1927 1505 1963 ἐμίαναν
1517 1928 1544 1955 δὲ
1556 1927 1603 1954 κα)⁵
1616 1928 1641 1954 οἰ
1655 1927 1787 1962 ’ἄρχοντες

996 1974 1029 2001 τὰ
1042 1973 1108 2008 ἆγιὰ
1129 1983 1191 2009 μου,
1216 1973 1296 2000 τοῦτο
1308 1973 1412 2000 δέδωκα
1428 1975 1484 2006 τοῖς
1506 1973 1613 2009 ἐχθροῖς
1630 1973 1702 2010 ὥστε
1723 1974 1788 1999 ἁπο-

996 2020 1073 2047 λέσαι
1106 2019 1151 2046 τδν
1175 2018 1285 2051 Ἰακὼϐ,
1314 2019 1360 2046 καὶ
1383 2019 1503 2052 ὀνείδεσι
1530 2021 1588 2052 τοῖς
1614 2019 1662 2046 ἐπὶ
1686 2019 1787 2046 τούτων

998 2064 1183 2101 περιϐέϐληκα
1199 2064 1244 2091 τὸν
1263 2063 1378 2099 Ἰσραήλ.

1032 2111 1096 2139 Νῦν
1106 2111 1141 2138 δὲ
1153 2110 1298 2138 ἄκουσον.
1313 2110 1384 2143 παῖς
1393 2119 1454 2145 μου
1475 2110 1583 2144 Ἰακὼϐ,
1595 2110 1646 2138 καὶ
1665 2108 1788 2144 Ἰσραὴλ

999 2157 1036 2185 ὃν·
1053 2156 1250 2194 ἐξελεξάμην.

1035 2203 1278 2239 Διαμνημονεύσας
1301 2203 1354 2229 τῶν
1382 2202 1509 2238 πρώτων,
1543 2202 1590 2229 καὶ
1621 2203 1673 2234 τὰς
1703 2201 1791 2236 αἰτίας

160 2251 231 2279 mina
253 2248 355 2284 optime
379 2245 548 2281 explicuerit,
565 2246 600 2273 ob
629 2252 688 2279 qua:
715 2245 830 2272 traditus
850 2249 891 2272 est
917 2245 939 2272 in

1044 2249 1116 2286 μάλα
1128 2249 1284 2285 διειρηκὼς,
1297 2249 1339 2284 ἐφ’
1350 2247 1390 2281 οἷς
1403 2249 1509 2276 δέδοται
1527 2249 1595 2284 πρὸς
1608 2248 1749 2275 ἀπώλειάν
1761 2256 1791 2275 τε

159 2297 298 2325 interitum
320 2298 348 2321 et
375 2293 548 2328 opprobrium
578 2292 697 2320 defector
717 2291 800 2320 Israel
824 2300 832 2318 :
853 2298 948 2319 rursus

159 2343 213 2372 illis
227 2340 362 2378 prainittit
377 2340 510 2368 malorum
535 2339 710 2371 oblivionem,
742 2342 768 2365 et
796 2338 949 2366 instaurare

159 2389 216 2416 vult
228 2396 259 2416 ac
276 2393 406 2414 revocare
421 2393 467 2412 eos
480 2386 512 2412 ad
541 2385 687 2420 perfectam
712 2388 739 2411 et
760 2383 948 2418 inculpabilem

159 2432 354 2464 obedientiam.
373 2430 560 2458 Prartermisso
571 2434 661 2456 autem
678 2429 750 2456 velut
770 2429 948 2464 ignoratiouis
961 2448 969 2455 .

154 2486 292 2515 tempore,
313 2485 366 2513 quo
381 2477 466 2512 legem
484 2475 596 2508 habens,
609 2474 693 2502 Deum
710 2482 763 2502 non
781 2482 874 2502 amare
900 2475 948 2502 de-

156 2525 395 2559 prchendebatur:
414 2531 508 2550 rursus
529 2522 600 2549 aliud
618 2521 669 2549 iliis
686 2526 791 2556 tempus
818 2521 946 2556 praeﬂuit,

160 2580 221 2600 cum
235 2571 330 2606 inquit,
341 2569 437 2597 Nunc:
454 2568 495 2596 cui
511 2568 599 2595 simile
615 2571 655 2594 est
669 2574 675 2592 :
696 2576 705 2593 (
719 2567 803 2594 Hodie
817 2566 840 2593 si
854 2574 947 2594 vocem

160 2618 219 2653 ejus
239 2616 390 2650 audieritis,
409 2622 443 2642 ne
459 2613 600 2642 obdurctis
613 2612 694 2640 corda
710 2617 799 2640 vestra
819 2612 889 2639 sicut
921 2612 947 2638 in

160 2661 410 2695 cxaccrbatione“.
431 2669 440 2686 ι
463 2659 529 2687 Nam
550 2664 682 2694 tempore,
699 2659 796 2694 inquit,
810 2658 866 2692 jam
883 2665 948 2693 prae-

161 2711 253 2744 tcritu,
270 2708 430 2744 gravissime
451 2707 477 2734 in
507 2711 533 2732 te
556 2710 583 2732 et
609 2705 717 2740 quidem
743 2712 851 2739 semper
875 2708 949 2739 iuste

163 2756 307 2784 clamatum
323 2758 373 2782 est.
393 2752 498 2780 Etenim
513 2751 630 2786 tcipsum
644 2750 669 2777 in
694 2751 857 2785 apostasiam
885 2757 950 2785 pra:-

162 2802 296 2838 cipitasti,
310 2808 362 2829 non
376 2798 550 2827 mediocriter
566 2796 714 2830 offendisti,
733 2798 858 2833 magistra
890 2796 950 2831 lege

201 2889 287 2923 "let.
300 2897 339 2923 xi,
354 2889 395 2920 17.
434 2888 456 2903 υ
471 2886 541 2914 Psal.
553 2893 625 2919 xciv,
638 2885 664 2914 8.

999 2297 1047 2324 ml.
1067 2296 1218 2331 ὀνειδισμὸν
1240 2296 1254 2321 ἁ
1274 2296 1430 2330 ἀποστάτης
1449 2295 1575 2331 Ἰσραήλ”
1598 2295 1680 2322 πάλιν
1701 2295 1790 2325 αὐτοῖς

1001 2342 1204 2378 ἀμνησικακίαν
1215 2342 1423 2377 ἐπαγγέλλεται,
1435 2341 1482 2369 καὶ
1494 2341 1680 2373 ἀνακαινίζειν
1693 2339 1790 2376 βούλε-

1000 2399 1046 2418 ται
1062 2389 1131 2425 πρὸς
1149 2388 1259 2424 ὁλοτελῆ
1279 2390 1326 2417 καὶ
1341 2389 1492 2425 ἀμώμητον
1509 2387 1665 2415 εὐπείθειαν
1681 2386 1789 2417 αὐτούς.

1001 2436 1104 2472 Παρεὶς
1128 2436 1157 2462 δὲ
1179 2435 1274 2471 ὥσπερ
1302 2435 1348 2463 τὸν
1372 2435 1423 2470 τῆς
1444 2434 1566 2471 ἀμαθίας
1587 2434 1685 2469 καιρὸν
1700 2453 1708 2466 ,
1732 2432 1789 2460 καθ’

1001 2483 1031 2509 ὃν
1052 2483 1066 2509 ό
1090 2481 1214 2517 φιλόθεος
1237 2481 1367 2516 γεγονὼς,
1389 2483 1404 2509 ὁ
1427 2481 1510 2516 νόμον
1526 2481 1596 2516 ῑχων
1618 2479 1788 2515 πεφώραται.

1003 2528 1084 2554 πάλιν
1105 2527 1197 2563 ἕτερον
1211 2527 1302 2559 αὐτοῖς
1316 2527 1401 2562 ὁρίζει
1417 2527 1523 2563 καιρὸν,
1539 2526 1586 2553 τὸν
1608 2525 1667 2553 Νῦν
1688 2525 1792 2560 λέγων·¹

1003 2572 1119 2599 ἑοικέναι
1137 2571 1224 2608 τούτῳ
1238 2572 1310 2608 φημὶ
1326 2572 1368 2604 τὸ.
1387 2581 1397 2598 ι
1412 2573 1536 2607 Σήμερον
1556 2571 1604 2598 ἐὰν
1624 2571 1677 2606 τῆς
1702 2570 1792 2606 φωνῆς

1002 2616 1087 2644 αὐτοῦ
1104 2616 1249 2652 ἀκούσητε,
1271 2617 1310 2652 μὴ
1329 2616 1500 2652 σκληρύνητε
1516 2616 1565 2648 τὰς
1585 2616 1704 2651 καρδίας
1718 2616 1790 2652 ὑμῶν

1003 2662 1040 2694 ὡς
1055 2662 1083 2688 ἐν
1098 2661 1137 2697 τῷ
1155 2662 1392 2698 παραπικρασμῷ.
1406 2672 1415 2689 ι
1435 2663 1515 2690 Κατὰ
1535 2663 1585 2698 μὲν
1604 2662 1659 2698 γὰρ
1679 2662 1726 2689 τὸν
1744 2662 1788 2697 ἠδη

1004 2707 1188 2742 παρῳχηκότα
1215 2707 1321 2743 καιρὸν,
1341 2709 1419 2744 φησὶ,
1445 2708 1558 2742 πλείστη
1593 2716 1624 2735 τε
1651 2708 1703 2742 ὅση
1726 2707 1790 2735 κατὰ

1006 2752 1052 2779 σοῦ
1077 2752 1174 2787 γέγονε
1204 2754 1251 2780 καὶ
1273 2753 1365 2784 δικαία
1392 2763 1443 2782 που
1473 2754 1580 2786 πάντως
1608 2755 1624 2790 ἡ
1651 2754 1789 2788 καταῦοή’

1007 2799 1120 2826 σεαυτὸν
1134 2799 1187 2835 γὰρ
1201 2799 1326 2835 καθῆκας
1339 2802 1380 2833 είς
1393 2801 1552 2833 ἀπόστασιν,
1568 2800 1791 2836 προσκέκρουγας
