1885 3053
63 135 111 161 917

615 132 649 160 ΙΝ
668 130 786 160 lSAlAM
804 130 870 159 LIB.
884 130 930 160 IV.
945 130 1048 160 ORAT.
1069 132 1099 159 ll.

1628 135 1683 163 919‘

61 190 90 218 οὐ
106 190 226 225 μετρίως
240 189 449 225 παρωθούμενος
459 189 504 216 τὸν
515 189 739 227 παιδαγωγοῦντα
750 189 842 224 νόμον,
859 201 867 219 Α

916 189 1016 224 epulsa,
1033 194 1059 217 et
1076 197 1221 217 conversus
1237 191 1269 217 ad
1283 197 1343 225 qua
1358 198 1409 218 non
1431 195 1491 218 erat
1521 191 1625 218 licitum
1654 197 1682 219 et

61 235 232 271 τραπόμενος
245 235 273 262 δὲ
292 235 361 271 πρὸς
372 235 391 262 ἃ.
406 235 442 271 μὴ
460 235 549 270 θέμις,
565 236 612 262 καὶ
630 236 685 267 τοῖς
698 236 748 271 τῆς
765 236 846 262 ἀπει-

63 281 135 313 θείας
151 280 305 316 ἐγκλήμασι
320 281 433 307 σεαυτὸν
452 281 542 312 ἐνιείς.
564 281 633 307 Ἀλλ’
647 282 737 307 ἐκεῖνα
752 280 848 315 παρεί-

63 326 126 358 σθω,
148 325 227 360 φησί.
243 325 300 352 Νῦν
314 325 441 356 ἄκουσον,
455 324 526 352 τοῦτ’
542 324 610 356 ἐστι,
627 324 717 356 Κάθες
730 324 760 351 τὸ
781 323 849 359 φρό-

63 379 134 406 νημα
157 370 189 397 τὸ
211 369 362 405 ὐπέροφρν.
379 369 465 396 Γνῶθι
488 369 535 395 τὸν
557 369 670 396 σεαυτοῦ
689 369 826 402 Δεσπότην
842 377 849 383 -

64 415 160 443 ὓπελθε
182 416 228 442 τὸν
241 417 291 451 τῆς
303 415 459 446 εὐπειθείας
477 414 570 449 ζυγὸν,
588 415 716 450 ἐννοήσας
731 415 771 440 ὅτι
786 415 850 445 παῖς

64 461 224 497 ὠνομάσθης
241 461 316 495 ὲμός.
335 460 521 496 Ἑποιησάμην
541 460 570 487 δέ
586 469 615 487 σε
633 460 679 487 καὶ
692 459 840 486 ἁπόλεκτον

65 509 94 534 ὲκ
105 507 226 538 πάντων,
242 506 362 541 δηλονότι
385 506 439 532 τῶν
456 505 541 532 ἐθνῶν
560 506 614 532 τῶν
634 505 717 532 ὄντων
735 506 782 532 ἐπὶ
801 505 850 540 τῆς

65 554 120 589 γῆς.
140 554 208 579 ”οτε
222 552 276 588 γὰρ
289 552 442 588 διεμέριζεν
460 553 480 579 ὁ.
494 552 625 586 ’Ύψιστος
648 552 723 587 ἔθνη,
738 553 776 583 ὡς
796 552 852 579 διέ-

67 607 175 633 σπειρεν
190 599 266 630 υἱοὺς
281 598 374 633 Ἀδὰμ,
390 597 505 633 ἔστησεν
518 599 578 634 ὅρια
589 597 674 625 ἐθνῶν
687 598 758 625 κατὰ
788 599 852 633 ἀρι-

66 645 130 680 θμὸν
144 644 272 678 ἀγγέλων
297 643 375 671 Θεοῦ.
403 644 534 680 Ἐγενήθη
558 644 623 676 λαὸς
647 644 749 679 Κυρίου
774 644 853 679 μερὶς

67 685 156 722 αὺτοῦ,
175 689 322 724 σχοίνισμα
340 689 522 724 κληρονομίας
543 689 625 715 αὐτοῦ
651 689 768 724 Ἰσραήλ.
796 689 855 716 Ἐν-

68 736 159 771 τρέπει
183 735 216 770 δὴ
241 734 298 767 οὖν,
322 736 369 761 καὶ
392 732 449 762 οἷον
476 735 581 771 ἐλέγχει
605 735 855 770 παρανομήσαντας

69 781 112 808 καὶ
124 780 366 816 προσκρούσαντας
381 779 411 806 οὐ
427 780 545 815 μετρίως
554 781 618 812 τοὺς
630 781 659 807 ὲν
667 779 742 812 τάξει
751 779 855 807 τέκνων

69 827 212 861 γεγονότας
237 826 324 865 «iisti»,
344 827 392 854 καὶ
415 826 445 854 ὲν
468 828 502 862 τῇ
524 826 578 854 τῶν
592 826 750 854 ἀπολέκτων
770 825 854 862 μοίρᾳ

71 873 221 909 κειμένους.

378 941 488 985 ᾼΟΓΟΣ
504 941 542 968 Β¹.

104 1008 202 1042 οὕτως
221 1009 302 1044 ,λέγει
315 1009 422 1047 Κύριος
437 1010 454 1036 ό
469 1008 543 1042 Θεὸς
557 1010 574 1036 ὁ
587 1008 718 1042 ποιήσας
739 1015 786 1041 σε,
806 1007 857 1036 καῖ

73 1056 88 1083 ὁ
101 1054 223 1089 Way
236 1063 273 1082 σε
286 1056 321 1082 ἐκ
335 1056 462 1088 κοιλίας,
482 1055 542 1082 Ἔτι
552 1055 705 1090 βοηθήσῃ.

111 1145 279 1180 Ἐγκαλέσας
299 1146 355 1178 τοῖς
372 1146 401 1179 ἐξ
422 1145 530 1181 Ἰσραὴλ
549 1145 600 1180 τὴν
628 1144 789 1178 ἀπόστασιν,
809 1144 858 1171 καὶ

73 1190 102 1217 τὺ
109 1190 293 1225 ἀποφοιτῆσαι
308 1191 357 1226 μὲν
372 1191 422 1226 τῆς
436 1190 503 1226 πρὸς
518 1189 599 1216 αὑτὸν
609 1190 728 1225 ἀγάπης.
747 1189 858 1220 ἑαυτοὺς

74 1236 100 1265 δὲ
113 1238 277 1272 προσνεῖμαι
292 1237 347 1268 τοῖς
367 1236 416 1263 οὐκ
435 1234 494 1263 οὖσι
511 1235 591 1267 Θεοῖς·
608 1235 659 1271 ἔφη
683 1235 747 1270 γὰρ,
767 1235 807 1261 ὅτι
827 1234 859 1260 οι

76 1281 187 1317 πατέρες
205 1281 294 1317 ὑμῶν,
310 1281 357 1308 καὶ
375 1281 400 1307 οἰ
421 1280 550 1317 ἄρχοντες
567 1279 644 1315 ὑμῶν
665 1279 806 1314 ἡνόμησαν
819 1278 859 1310 εἰς

77 1327 132 1362 ἐμὲ.
145 1327 192 1358 καὶ
213 1326 330 1361 ὲμίαναν
354 1327 380 1352 oi.
397 1326 526 1361 ἄρχοντες
540 1326 574 1352 τὰ
597 1325 661 1359 ἅγιά
678 1333 738 1360 μου·
758 1325 861 1350 οἰκονο-

79 1371 214 1408 μικώτατα
229 1372 292 1399 λίαν
313 1371 459 1399 καὶταῦτα
474 1371 600 1406 ἐπιφέρει
613 1379 619 1386 ’
634 1371 683 1397 οὐκ
696 1371 728 1406 ἐᾷ
742 1370 795 1405 γὰρ
810 1369 861 1396 ἀπ-

77 1417 213 1453 ενεχθῆναι
228 1417 296 1452 πρὸς
312 1417 472 1448 ἀπόστασιν,
486 1417 527 1452 ἦτ’
546 1415 592 1443 οὖν
608 1415 762 1449 ἀπόγνωσιν
772 1435 779 1446 ,
799 1413 861 1441 οὔτε

79 1463 128 1498 μὴν
140 1463 189 1498 τῆς
200 1464 241 1495 είς
254 1463 334 1490 αὐτὸν
350 1462 456 1494 ἐλπίδος
467 1462 583 1489 είσάπαν
598 1460 764 1488 ἀπολισθεῖν.
783 1459 862 1494 Ἡμε-

80 1509 173 1544 ρότητα
196 1509 224 1535 δὲ
244 1509 332 1535 πάλιν.
347 1509 439 1539 αὐτοῖς
461 1507 668 1542 ἐπαγγέλλεται,
684 1506 731 1533 καὶ
753 1505 796 1532 διὰ
811 1506 862 1540 τῆς
875 1523 896 1552 C

80 1555 204 1589 συνήθους
228 1555 378 1581 ἀνακτᾶται
403 1553 616 1588 φιλανθρωπίας,
636 1553 681 1578 καὶ
703 1550 861 1586 ἀνακομίζει

80 1599 142 1635 πρὸς
158 1600 339 1635 μετάγνωσιν.
359 1599 415 1626 Καὶ
435 1599 543 1626 δίδωσιν
559 1599 657 1625 ὲννοείν
669 1617 677 1629 ,
692 1598 732 1624 ὅτι
751 1597 788 1632 μὴ
803 1597 862 1623 εἰσ-

82 1647 150 1673 άπαν
163 1646 328 1682 ἀπεστράφη
339 1647 401 1677 τοὺς
415 1645 623 1681 ἡμαρτηκότας,
636 1643 697 1671 οὗτε
716 1644 769 1679 μὴν
785 1643 863 1678 ὁλόῤ-

83 1692 150 1726 ριζος
176 1693 189 1718 ό
210 1691 319 1727 Ἰσραὴλ
342 1691 494 1724 ἀπολεῖται,
518 1690 749 1725 κατοικτείραντος
769 1687 863 1721 αὑτοῦ,

83 1738 125 1764 καὶ
137 1739 191 1769 τοῖς
205 1738 247 1769 είς
261 1737 341 1764 αὑτὸν
360 1737 515 1763 πιστεύουσι
530 1737 579 1772 τὴν
596 1737 644 1771 τῆς
659 1734 795 1771 σωτηρίας
806 1734 865 1761 ὁδὸν

84 1780 111 1809 εὖ
125 1782 195 1817 μάλα
217 1782 455 1813 καταλεαίνοντος·
471 1782 566 1808 ἑαυτὸν
577 1782 606 1808 δὲ
619 1781 707 1814 λέγων
720 1779 822 1815 Κύριόν
835 1787 865 1806 τε

85 1828 129 1854 καὶ
140 1827 216 1859 Θεὸν,
234 1828 385 1863 ποιήσαντα
402 1826 448 1853 καὶ
461 1826 600 1853 πλάσαντα
612 1826 644 1852 ἐκ
654 1824 768 1857 κοιλίας,
780 1825 867 1859 ὑπεμ-

87 1875 185 1908 φαίνειν
200 1875 300 1906 ἔοικεν,
314 1874 356 1900 ὃτι
379 1875 426 1900 καὶ
442 1873 612 1905 πεπλάνηται
628 1871 658 1898 τὸ
679 1872 726 1906 τῆς
742 1871 867 1905 θεότητος

86 1920 165 1955 ὄνομα
175 1920 298 1955 περιθεὶς
311 1919 423 1954 ἑτέροις,
434 1919 480 1945 καὶ
494 1918 544 1953 τὴν
558 1918 607 1953 τῆς
621 1917 779 1952 κυριότητος
789 1916 867 1948 δόξαν

86 1966 186 2001 ἁνάψας
202 1966 325 1997 ἁὸούλως
338 1966 393 1997 τοῖς
407 1966 457 1992 οὑκ
471 1963 529 1991 οὖσι
541 1964 621 1994 θεοῖς.
638 1963 698 1989 Ὀτι
717 1962 746 2002 δὲ
762 1962 809 1988 καὶ
819 1961 868 1988 οὐκ

87 2012 151 2046 ἔγνω
164 2012 209 2038 τὸν
222 2011 352 2047 Ποιητὴν,
363 2011 465 2038 καὶτὸν
481 2009 684 2046 παρενεγκόντα
699 2008 766 2043 πρὸς
781 2007 869 2043 ὓπαρ-

89 2058 125 2091 ξιν
141 2059 190 2085 οὐκ
205 2058 271 2085 ὄντα
287 2057 351 2084 ποτε
367 2058 412 2084 τὸν
429 2057 475 2083 ἐπὶ
488 2056 537 2092 τῆς
551 2056 601 2091 γῆς
612 2055 763 2091 ἄνθρωπον,
781 2054 869 2088 ὑπεμ-

89 2104 173 2137 φαίνει
189 2104 282 2136 πάλιν,
303 2103 425 2138 πλάστην
442 2111 471 2130 τε
488 2103 534 2129 καὶ
560 2101 674 2136 ποιητὴν
691 2100 785 2126 ἑαυτὸν
800 2097 869 2125 εἷναι

89 2150 331 2185 διαϐεϐαιούμενος,
360 2150 408 2176 καὶ
430 2146 484 2176 οἷον
507 2147 669 2183 ἀχαριστίας
697 2146 870 2182 γραφόμενος

869 857 891 886 Β

900 235 1089 262 inobedientite
1105 236 1208 263 crimen
1221 235 1373 263 incurrens.
1401 235 1453 264 Sed
1480 236 1547 270 hmo,
1584 237 1681 272 inquit,

900 280 981 307 missa
998 281 1072 308 tiant.
1094 281 1169 308 Nunc
1181 282 1253 314 audi,
1278 282 1303 309 id
1320 285 1369 315 est,
1403 282 1524 316 deprime
1556 281 1683 311 affectum

901 324 973 352 httnc
985 325 1200 360 superciliosum,
1216 334 1296 354 nosce
1304 326 1445 354 Dominum
1461 329 1697 359 tunm.obedien--

902 370 1053 405 tizejngum
1067 372 1137 404 subi,
1154 373 1286 407 cogitans,
1312 377 1338 400 te
1369 381 1456 400 meum
1480 382 1592 408 puerum
1624 381 1685 402 esse

904 416 1083 444 nominatum.
1100 417 1133 444 Et
1150 418 1229 453 selegi
1248 424 1272 445 te
1293 426 1325 446 ex
1342 420 1477 451 omnibus,
1493 421 1596 447 scilicet
1626 428 1685 454 gena

903 462 976 489 tibus
989 462 1014 489 in
1033 467 1104 489 terra
1122 463 1290 498 degentibus.
1309 465 1423 497 Quando
1452 466 1523 492 enim
1550 466 1683 492 diridcbnt

903 510 997 539 gentes
1016 507 1184 541 Altissimus,
1204 514 1232 536 et
1244 510 1416 544 dispergebat
1431 510 1499 538 filios
1514 511 1588 544 Adae,
1619 519 1683 538 con-

903 552 991 579 stituit
1007 552 1074 580 tines
1089 554 1218 588 gentium,
1234 562 1282 589 pro
1304 563 1415 582 numero
1440 556 1594 590 angelorum
1614 556 1660 585 Dei
1678 566 1685 584 :

904 596 1170 633 factusestpopulus
1202 599 1305 627 Domini
1333 601 1420 635 portio
1452 601 1518 635 ejus,
1550 601 1687 628 funiculus

905 642 1070 671 haereditatis
1085 644 1153 679 ejus,
1168 644 1261 672 Israel.
1293 645 1428 672 Ruborem
1461 647 1556 673 incutit
1587 644 1687 680 itaque,

905 692 933 717 et
948 689 1119 724 velutarguit
1135 697 1182 718 eos
1196 691 1241 725 qui
1268 692 1436 725 prtevarirati
1469 696 1542 724 sunt,
1565 696 1593 719 et
1619 693 1687 719 haud

906 741 1002 769 parum
1015 735 1195 768 offenderant,
1224 744 1284 764 cum
1300 737 1325 763 in
1342 736 1400 764 loco
1417 736 1532 764 tiliorutu
1547 737 1570 765 ei
1585 743 1687 772 essent,

906 784 934 808 et
951 781 976 808 in
991 789 1102 808 numero
1126 789 1157 809 ac
1170 786 1244 809 εοιιο
1258 782 1416 810 electorum.

1215 940 1344 969 ORATIO
1359 940 1390 970 ll.

944 1005 1024 1034 Vnus.
1036 1005 1064 1034 2.
1091 1005 1137 1033 Sic
1150 1006 1186 1032 ait
1208 1006 1336 1034 Dominus
1364 1006 1444 1039 Deut,
1457 1006 1502 1042 qui
1532 1006 1590 1041 fecit
1609 1011 1642 1039 te,
1666 1011 1695 1034 et

906 1052 952 1088 qui
982 1052 1103 1087 formavit
1134 1057 1158 1080 te
1184 1053 1217 1080 de
1241 1057 1352 1081 ventre:
1369 1052 1464 1079 Adhuc
1482 1053 1589 1079 habebis
1615 1053 1692 1079 auri-

907 1098 983 1126 lium.

942 1145 1009 1172 Cum
1026 1145 1164 1173 Israelita:
1179 1145 1324 1180 apostasia.-
1340 1145 1546 1179 insimulaverit,
1572 1150 1599 1173 et
1624 1146 1697 1180 quod:

909 1199 924 1219 a
938 1191 1081 1218 dilectione
1098 1199 1160 1226 erga
1179 1192 1264 1226 ipsum
1280 1192 1459 1224 recesserint,
1476 1199 1559 1226 seque
1579 1198 1630 1217 non
1644 1192 1697 1219 diis

910 1237 1073 1270 nddixerint;
1093 1244 1153 1264 nam
1177 1237 1260 1264 dixit:
1286 1237 1381 1265 Patres
1407 1238 1489 1264 vestri
1503 1241 1531 1264 et
1561 1237 1698 1272 principes

909 1282 993 1309 vestri
1007 1283 1087 1316 impie
1098 1286 1210 1316 egerunt
1225 1281 1251 1308 in
1269 1289 1322 1313 me,
1341 1285 1368 1309 et
1382 1282 1538 1316 polluerunt
1558 1282 1698 1315 principes

911 1332 1004 1355 Sancta
1022 1335 1080 1354 mea
1106 1336 1112 1354 :
1139 1326 1337 1361 appositissime
1346 1326 1402 1354 haec
1421 1334 1527 1362 quoque
1539 1327 1634 1360 infert;
1648 1334 1699 1353 nec

911 1373 983 1401 enim
1005 1373 1068 1399 sinit
1086 1380 1134 1400 eos
1146 1374 1179 1400 ad
1194 1373 1409 1408 desperationem
1441 1374 1534 1407 redigi,
1548 1378 1592 1399 aut
1624 1373 1697 1399 ontni

913 1419 939 1446 in
954 1418 1028 1446 illum
1042 1426 1089 1453 spe
1104 1419 1229 1446 excidere
1241 1427 1248 1446 :
1259 1419 1306 1446 sed
1315 1419 1403 1446 denuo
1414 1418 1621 1453 placabilitatem
1638 1426 1700 1453 pro-

913 1464 1006 1496 mittit,
1019 1468 1047 1490 et
1061 1471 1110 1498 pro
1122 1468 1250 1492 consueta
1276 1463 1358 1499 580
1390 1464 1557 1491 humanitate
1583 1467 1697 1496 recreat,

913 1514 939 1537 et
963 1510 997 1537 ad
1013 1509 1225 1544 resipiscentiam
1240 1510 1353 1537 reducit.
1372 1509 1405 1536 Et
1437 1510 1588 1537 subindicat
1603 1517 1654 1537 non
1669 1510 1695 1536 in

915 1560 998 1583 totum
1012 1563 1041 1582 se
1067 1559 1218 1582 aversatum
1234 1561 1293 1582 esse
1317 1561 1364 1582 eos
1396 1554 1440 1588 qui
1460 1559 1616 1588 peccnrunt,
1650 1561 1700 1581 nec

914 1601 1034 1629 funditus
1051 1601 1183 1628 interiisse
1195 1600 1329 1633 lsraelem,
1345 1600 1401 1634 ipso
1429 1599 1647 1631 eommis’erante,
1673 1605 1702 1626 et

915 1647 1085 1675 credentibus
1104 1647 1130 1673 in
1148 1647 1233 1680 ipsum
1251 1645 1320 1672 viam
1340 1645 1434 1672 salutis
1449 1645 1608 1680 perpulchre
1624 1652 1700 1672 com-

915 1692 1051 1727 planante.
1069 1691 1193 1725 Seipsum
1218 1697 1281 1717 vero
1308 1690 1450 1716 Dotninum
1477 1698 1508 1717 ac
1528 1690 1610 1716 Deum
1639 1697 1700 1716 cum

916 1739 991 1770 dicit,
1005 1737 1145 1764 facientem
1161 1741 1187 1763 et
1200 1736 1359 1763 formantem
1374 1736 1406 1762 de
1422 1741 1526 1767 ventre,
1554 1736 1700 1762 subiunue-

917 1792 947 1811 re
961 1784 1076 1816 videtnr,
1104 1789 1211 1810 errasse
1230 1781 1302 1808 illum
1335 1789 1396 1808 cum
1425 1788 1522 1808 nomen
1554 1781 1702 1807 divinitatis

918 1830 977 1857 aliis
992 1829 1156 1861 attribuerit,
1172 1833 1198 1855 et
1214 1827 1406 1855 dominationis
1437 1827 1548 1861 gloriam
1585 1826 1704 1853 inconsi-

918 1875 1010 1902 derate
1024 1874 1057 1901 ad
1073 1881 1125 1900 non
1144 1874 1207 1900 deos
1222 1873 1399 1900 transtulerit.
1428 1872 1503 1905 Quod
1533 1876 1622 1898 autem
1651 1879 1704 1898 non

918 1920 1161 1952 noriteﬂectorem,
1177 1925 1204 1946 et
1221 1927 1282 1946 eum
1296 1919 1340 1953 qui
1353 1926 1404 1945 non
1416 1919 1550 1945 hominem
1561 1917 1704 1950 aliquando

919 1966 946 1993 in
959 1971 1040 1998 terra,
1056 1964 1180 1999 produxit
1196 1970 1225 1991 ut
1238 1969 1320 1997 esset,
1337 1972 1430 1991 rursus
1442 1964 1581 1991 subinuuit
1597 1985 1605 1996 ,
1640 1970 1704 1990 cum

919 2018 948 2039 se
962 2011 1134 2038 formatorem
1148 2015 1175 2036 et
1186 2009 1339 2037 eﬂectorem
1354 2016 1414 2036 esse
1429 2009 1554 2041 affirmat,
1581 2013 1608 2035 et
1643 2015 1704 2035 cum

921 2057 1007 2084 dicam
1023 2056 1221 2090 ingrutitudiuis
1240 2056 1313 2083 velut
1325 2056 1420 2083 scribit
1438 2055 1500 2088 illis,
1519 2055 1564 2089 qui
1583 2062 1597 2081 a
1614 2055 1704 2081 chari-

921 2107 976 2130 tate
989 2110 1053 2136 erga
1075 2103 1161 2136 ipsum
1183 2103 1347 2129 resiliernnt.
1373 2102 1420 2129 Est
1447 2101 1518 2128 enim
1546 2100 1708 2128 absurdissi-

920 2155 1006 2178 mum,
1035 2147 1186 2173 carnalibns
1209 2147 1367 2180 parentibus
1400 2153 1520 2173 summos
1548 2146 1664 2172 honores
1692 2153 1706 2171 ιι

89 2197 147 2227 τοὺς
161 2196 209 2231 τῆς
222 2196 263 2227 εἰς
276 2195 356 2222 αὑτὸν
371 2195 480 2229 ἀγάπης
496 2194 734 2229 ἀποπηδήσαντας.
750 2192 805 2218 Καὶ
818 2191 867 2227 γάρ

925 2193 1001 2219 ttobis
1014 2192 1146 2224 exhiberi,
1156 2191 1214 2226 lege
1229 2191 1319 2218 divina
1335 2191 1417 2218 etiam
1440 2191 1489 2218 ltoc
1502 2190 1704 2225 prmscribente,

91 2241 144 2267 ἔστι
159 2241 212 2267 τῶν
225 2240 343 2272 ἀτόπων,
359 2241 415 2270 τοῖς
440 2239 489 2274 μὲν
506 2238 576 2264 κατὰ
596 2238 684 2271 σάρκα
700 2236 808 2271 γονεῦσι
824 2235 874 2266 τὰς

92 2287 216 2313 ἀνωτάτω
235 2287 318 2321 τιμὰς
333 2284 533 2321 προσφέρεσθαι
548 2285 613 2319 παρ’
628 2283 716 2318 ἡμῶν,
733 2282 816 2317 νόμου
827 2281 873 2308 τοῦ

93 2331 159 2358 θείου
173 2333 218 2358 καὶ
237 2331 318 2358 τοῦτο
332 2331 520 2366 βραῦεύοντος,
533 2330 578 2356 τὸν
591 2329 619 2356 δέ
633 2337 664 2364 γε
683 2328 736 2355 τῶν
748 2329 815 2355 ὅλων
827 2337 875 2362 γε-

93 2377 254 2412 νεσιουργδν,
283 2376 320 2412 μὴ
344 2377 403 2411 οὐχ).
416 2376 448 2410 δὴ
474 2375 571 2410 μᾶλλον
585 2375 696 2401 ἐκείνων
720 2375 779 2404 ταῖς
800 2372 874 2408 αὐτῴ

94 2423 256 2459 πρεπούσαις
267 2422 415 2456 εὐφημίαις
426 2420 671 2456 καταγεραίρεσθαι
686 2420 732 2447 καὶ
744 2419 874 2454 τιμᾶσθαι

93 2468 158 2503 πρὸς
171 2468 248 2503 ἡμῶν
267 2467 309 2494 διὰ
325 2468 374 2502 τῆς
393 2467 507 2493 είσάπαν
529 2466 678 2500 ὑποταγῆς.
699 2465 825 2492 Τοιοῦτόν
848 2464 874 2491 τί

95 2521 157 2548 φησι
170 2514 216 2539 καὶ
239 2512 273 2539 δι’
295 2512 353 2544 ἐνὸς
368 2512 422 2538 τῶν
441 2512 526 2546 ἁγίων
549 2511 709 2546 προφητῶνσ
726 2521 736 2537 ι
754 2511 818 2543 Υἱὸς
831 2511 874 2538 δο-

96 2558 167 2590 ξάζει
179 2559 224 2584 τὸν
236 2558 352 2594 πατέρα,
368 2558 415 2584 καὶ
431 2557 522 2589 δοῦλος
539 2557 585 2583 τὸν
604 2556 685 2584 αὑτοῦ
702 2556 806 2593 κύριον.
823 2557 877 2583 Καὶ

97 2604 119 2629 εί
139 2604 231 2638 πατὴρ
251 2604 308 2639 ειμι
329 2603 393 2638 ἐγὼ,
410 2602 461 2629 ποῦ
484 2603 556 2629 ἐστιν
573 2603 589 2638 ὴ
606 2602 668 2636 δόξα
694 2610 762 2637 μου;
786 2601 833 2629 καὶ
856 2603 880 2629 ει

98 2648 186 2684 κύριός
210 2650 267 2684 είμι
287 2649 353 2683 ἐγὼ,
374 2648 425 2675 ποῦ
438 2648 510 2675 ἔστιν
528 2650 541 2675 ὁ
558 2648 639 2683 φόϐος
656 2657 722 2684 μου;
740 2648 813 2683 λέγει
824 2648 881 2674 Κύ-

101 2701 152 2728 ριος
164 2696 369 2732 παντοκράτωρ.
386 2705 396 2722 ι
417 2695 461 2722 Ἐν
473 2695 563 2732 ταυτῷ
574 2695 627 2731 γάρ
639 2696 707 2727 ἐστι,
723 2695 769 2722 καὶ
781 2695 881 2730 Κύριος

102 2740 148 2775 μὲν
160 2740 196 2773 ὡς
209 2741 262 2768 ὑπὸ
276 2742 346 2776 ζυγὰ
363 2742 410 2769 καὶ
422 2741 540 2768 δουλείαν
556 2742 619 2777 ὅλην
639 2741 707 2777 ἔχων
722 2742 770 2776 τὴν
782 2741 879 2767 κτίσιν.

136 2829 157 2845 ⁸⁵
167 2828 227 2857 Hal.
253 2837 273 2863 t,
285 2829 311 2857 6.

925 2243 952 2266 et
964 2239 1150 2265 universorum
1162 2236 1348 2268 Conditorem,
1363 2244 1414 2263 non
1433 2236 1520 2263 multo
1533 2236 1613 2262 etiam
1624 2235 1708 2270 "iugis

924 2290 1004 2318 quam
1021 2283 1090 2315 illos,
1104 2282 1154 2309 sibi
1180 2282 1402 2309 convenientibus
1427 2281 1549 2308 decorari
1575 2281 1707 2311 laudibus,

925 2337 957 2356 ac
967 2329 1093 2356 honorari
1108 2336 1122 2354 a
1146 2328 1223 2354 nobis
1250 2327 1429 2354 submissione
1455 2331 1482 2353 et
1504 2326 1656 2353 obedientiu
1684 2326 1712 2350 in

925 2375 1060 2402 omnibus.
1080 2373 1236 2407 Cujusmodi
1249 2377 1290 2400 est
1302 2373 1395 2405 etiam,
1415 2372 1485 2406 quod
1499 2379 1545 2406 per
1565 2371 1709 2405 quemdam

925 2428 940 2447 e
954 2421 1057 2447 sanctis
1073 2420 1208 2454 prophetis
1225 2419 1289 2445 dicit
1305 2427 1313 2446 :
1327 2428 1336 2444 ι
1354 2417 1437 2447 Filius
1450 2418 1581 2452 glorificnl
1594 2422 1710 2450 patrem,

923 2470 950 2492 et
963 2472 1056 2492 servus
1069 2465 1205 2492 dominum
1226 2472 1313 2491 suum.
1330 2464 1362 2491 Et
1381 2463 1402 2490 si
1419 2468 1495 2497 pater
1508 2470 1557 2497 ego
1571 2470 1640 2492 sum,
1667 2462 1711 2488 ubi

928 2515 970 2538 est
983 2510 1068 2545 gloria
1088 2510 1166 2538 mea?
1181 2510 1215 2536 Et
1233 2510 1255 2537 si
1278 2509 1403 2536 dominus
1427 2516 1496 2540 sum,
1515 2508 1558 2534 ubi
1578 2512 1620 2534 est
1632 2507 1713 2534 timor

931 2555 1108 2583 meus?dicit
1131 2554 1261 2582 Dominus
1288 2554 1458 2589 omnipotens
1485 2553 1518 2580 ".
1538 2562 1548 2579 ι
1582 2553 1713 2580 Similiter

928 2603 1000 2630 enim
1011 2609 1052 2629 est
1067 2606 1094 2629 et
1112 2601 1255 2634 Dominus,
1273 2602 1371 2635 quippe
1386 2601 1430 2635 qni
1447 2600 1598 2627 universam
1609 2604 1715 2627 creatu-

930 2655 986 2675 ram
1003 2647 1125 2682 subjugo
1139 2648 1306 2674 etservitute
1329 2647 1436 2674 habent.
1468 2646 1541 2673 Dixit
1573 2645 1644 2672 enim
1676 2644 1714 2671 illi

930 2694 1037 2721 divinus
1051 2694 1172 2721 Psaltes:
1192 2702 1201 2718 (
1228 2692 1323 2720 Omnia
1351 2696 1396 2719 tua
1414 2701 1422 2720 ε
1441 2702 1450 2718 ι
1467 2697 1494 2719 et
1517 2692 1592 2722 item,
1621 2691 1712 2724 Pater,

931 2745 1023 2775 utpote
1043 2740 1171 2768 formator
1182 2743 1208 2766 et
1229 2739 1317 2771 lictor,
1343 2742 1368 2765 et
1395 2737 1519 2766 essentia:
1546 2739 1712 2771 procreatos.
