1885 3053
636 178 668 206 ΙΝ
690 177 805 207 lSAlAM
821 179 884 209 LIB‘.
905 180 947 209 IV.
968 180 1072 210 ORAT.
1094 183 1124 210 ll.

1637 184 1692 212 9-23

64 232 229 269 Διατρανῶν
241 233 269 260 δι
280 233 333 261 τῶν
344 233 497 270 είρημένων
509 234 558 270 τὴν
570 234 683 271 δύναμιν
694 237 709 262 ὁ
722 236 808 264 πάνσο

945 246 969 266 ιε
980 236 1062 266 ﬂuent
1079 247 1155 274 aquae
1171 240 1241 267 vitae.
1258 250 1268 266 ι
1295 240 1437 276 Explicans
1454 244 1542 268 autem
1558 240 1689 267 dictorum

65 279 269 314 εὐαγγελιστὴς
286 280 435 316 ἐπήνεγκεν
446 280 527 313 εὐθύς
537 289 543 296 ·
560 290 568 306 ι
582 281 667 307 Τοῦτο
681 281 709 308 δὲ
723 280 784 308 εἷπε
795 283 858 318 περὶ

64 323 118 349 τοῦ
137 323 293 359 Πνεύματος
307 324 322 350 ὃ
336 324 448 360 ἔμελλον
470 325 619 361 λαμϐάνειν
634 327 660 352 οἱ
685 326 858 359 πιστεύοντες

65 368 110 400 ek
129 369 380 397 αὑτόν.›Ζωοποιδν
398 371 447 406 μὲν
462 371 516 407 γὰρ
531 371 561 398 τὸ
574 371 646 408 ὕδωρ
661 373 783 405 certant
794 373 858 399 ἁνα-

65 413 180 447 manus;
205 415 273 450 πρὸς
296 415 409 451 αὔξησιν
427 417 499 449 φυτά
514 426 544 443 τε
558 418 605 444 καὶ
621 418 744 453 χόρτους,
759 419 858 453 ἀπομι-

67 461 166 495 μεῖται
179 460 208 487 δέ
225 470 282 493 πως
304 462 349 489 τοῦ
370 463 449 497 ἁγίου
467 463 624 499 Πνεῦματος
643 465 692 499 τὴν
706 465 856 499 ἐνέργειαν,

65 505 102 532 δι’
117 503 150 532 οὗ
164 505 198 533 τὰ
213 507 302 534 πάντα
325 508 473 544 συνέστηκε
490 510 557 544 πρὸς
570 510 600 536 τὸ
614 508 643 536 εὖ
662 508 732 536 εἶναι
746 510 858 546 διακρα-

64 550 201 586 τούμενα,
214 552 261 579 καὶ
280 553 328 588 τὴν
341 554 380 586 είς
402 556 454 581 πᾶν
469 554 557 582 ὁτιοῦν
575 555 629 582 τῶν
643 555 754 589 ἀγαθῶν
770 555 858 581 ἐπίδο-

67 604 112 623 σιν
131 598 243 633 ἠνοητὴ
271 599 358 631 κτίσις
379 600 570 633 καταπλουτεῖ,
586 601 633 628 καὶ
652 598 708 627 οἷον
733 600 858 636 ἀναπηδᾷ

67 642 141 677 πρδς
162 642 277 678 αὔξησιν
304 644 380 672 ἰοῦσα
403 646 452 681 τὴν
474 647 671 682 πνευματικήν.
690 647 750 672 ’Ὁτι
769 645 796 672 δὲ
810 646 858 682 τὴν

66 687 118 714 τοῦ
145 688 225 722 ἁγίου
248 689 406 724 Πνεύματος
427 690 557 723 ζωοποιὺν
579 691 694 727 δύναμιν
712 691 758 718 καὶ
782 691 859 726 ἐνέρ-

66 742 160 768 γειαν,
172 735 225 770 τὴν
240 735 273 762 δι’
288 736 370 763 αὐτοῦ
389 738 561 773 παράκλησιν
575 738 672 773 νοητὴν
693 738 859 773 ὑπεμφαίνε;

66 780 99 807 τὸ
115 782 173 813 τοῖς
193 781 226 808 δι’
245 782 361 818 ἀνύδρου
379 783 531 819 βαδίζουσιν
550 783 767 819 ἐπαγγέλλεσθαι
787 783 860 820 ὕδωρ

68 827 200 862 σαφηνιεϊ
213 827 243 854 τὸ
253 829 361 864 ἐφεξῆς.
383 830 520 865 Ἐπιθὴσω
529 830 594 866 γὰρ,
614 831 690 865 φησὶ,
707 830 737 857 τὺ
748 830 862 865 Πνεῦμα

67 881 122 907 μου
138 873 186 900 ἐπὶ
196 873 226 900 τὸ
238 874 347 910 σπέρμα
361 883 418 907 σου,
435 876 482 902 καὶ
496 876 545 908 τὰς
566 876 690 910 εὐλογίας
704 884 753 911 μου
768 876 814 902 ἐπὶ
826 876 860 902 τὰ

909 285 962 312 vim
975 286 1190 320 sapientissimus
1204 287 1380 322 evangelista,
1394 295 1455 316 mox
1469 286 1568 321 adjecit
1581 295 1587 313 :
1608 295 1617 312 ι
1635 284 1691 312 lioc

909 335 997 358 autem
1015 332 1080 359 dixit
1100 332 1132 359 de
1152 331 1251 366 Spiritu
1268 341 1347 367 quem
1371 333 1507 368 accepturi
1532 335 1610 360 erant
1631 339 1693 358 cre-

909 377 1003 405 dentes
1019 378 1044 405 in
1062 377 1194 412 ipsum".
1206 388 1215 404 ι
1229 377 1340 406 Viviﬁca
1356 379 1427 406 enim
1449 387 1492 406 res
1511 383 1552 406 est
1567 385 1649 412 aqua,
1666 381 1693 403 et

909 423 1015 456 plantas
1040 431 1071 450 ac
1092 424 1212 458 gramina
1241 424 1304 452 facit
1326 432 1471 460 augescere
1491 434 1499 452 :
1521 424 1691 459 etquodam-

908 468 988 495 modo
1003 469 1123 496 imitatur
1137 470 1221 497 sancti
1236 470 1354 505 Spiritus
1374 471 1510 505 energiam
1525 479 1531 497 :
1549 478 1595 504 per
1612 475 1691 503 quem

908 514 997 541 omnia
1028 515 1215 548 constiterunt,
1232 516 1420 549 etbcnesunt,
1450 520 1476 543 et
1489 516 1639 546 ﬁrmantur,
1665 518 1693 540 ct

909 559 1217 594 intelligibiliscreatura
1232 561 1349 588 omnium
1377 561 1458 596 582
1484 561 1615 588 bonorum
1647 567 1692 586 ac-

909 605 1030 632 cessione
1046 606 1233 641 locupletatur,
1247 611 1275 634 et
1290 607 1362 634 velut
1376 607 1462 634 assilit
1476 611 1503 633 et
1525 606 1648 634 ascendit
1659 604 1693 632 ad

909 650 1048 684 spirituale
1058 652 1264 679 incrementum.
1275 652 1351 686 Quod
1361 657 1448 679 autem
1459 651 1576 685 Spiritus
1584 656 1694 678 sanctus

909 695 1045 723 viviﬁcam
1059 696 1114 724 vim
1127 699 1344 732 etenergiam.ac
1358 697 1532 731 intelligentia
1540 701 1692 730 perceptam

910 742 968 776 ejus
977 742 1189 770 consolationem
1203 743 1347 778 signiﬁcet,
1361 751 1421 770 cum
1435 742 1567 776 promittit
1580 748 1693 775 aquam,

911 787 961 814 iter
971 795 1019 822 per
1033 788 1120 816 locum
1137 796 1207 823 aqua
1223 794 1359 816 carentem
1380 788 1554 818 facientibus,
1569 787 1594 813 id
1623 785 1695 820 quod

911 832 1042 867 sequitur,
1057 833 1215 861 declarabit.
1233 833 1334 861 Ponam
1349 834 1431 866 enim,
1453 833 1551 867 inquit,
1564 831 1695 864 Spiritum

912 885 999 904 meum
1018 885 1098 913 super
1113 887 1205 907 semen
1227 884 1314 912 tuum,
1347 884 1374 907 et
1400 878 1602 906 benedictioncs
1622 882 1695 903 meas

65 918 153 946 τέκνα
169 927 232 946 σου.
243 920 357 957 Σπέρμα
369 920 397 947 δὲ
411 921 457 948 καὶ
467 921 549 948 τέκνα
568 921 622 948 τῶν
637 921 723 956 ἁγίων
743 923 809 949 arma

952 929 994 949 Jer
1003 921 1074 950 ﬁlios
1091 927 1161 950 tuos.
1181 923 1279 951 Semen
1296 928 1391 951 autem.
1409 928 1437 952 et.
1450 924 1519 950 ﬁlios
1540 927 1696 949 sanctorum

64 964 122 992 λων
147 964 219 993 εἶναί
242 976 332 1003 φαμεν
353 969 416 1001 τοὺς
437 968 471 996 δι’
497 968 587 996 αὐτῶν
614 968 800 1004 κεκλημένους
820 969 860 1000 είς

65 1011 220 1046 δπίγνωσιν
233 1012 372 1048 ἀληθείας,
390 1013 438 1041 καὶ¹
458 1015 498 1046 είς
514 1014 693 1050 ἁναγέννησιν
713 1014 763 1049 τὴν
776 1022 860 1040 msu—

66 1057 202 1092 ματικὴν,
220 1058 254 1094 ἢν
277 1059 327 1085 οὐκ
341 1059 374 1086 ὲκ
395 1061 499 1096 σπορᾶς
519 1061 644 1096 φθαρτῆς
661 1060 773 1092 τούτους
794 1060 860 1087 ἁνα-

65 1102 213 1136 γεννῶσιν,
229 1103 298 1131 ἀλλὰ
312 1104 356 1132 διὰ
368 1104 451 1140 λόγου.
463 1106 565 1138 ζῶντος
579 1105 645 1132 Θεοῦ
661 1105 707 1133 καὶ
723 1106 859 1141 μένοντος,

65 1149 116 1175 καὶ
132 1149 169 1175 δι’
182 1149 265 1176 αὐτοῦ
281 1150 328 1177 τοῦ
347 1151 425 1185 ἁγίου
443 1151 599 1187 Πνεύματος
619 1151 773 1187 ἐνεργείας,
786 1151 861 1178 Ἐπι-

65 1194 175 1222 στέλλει
191 1195 257 1230 γοῦν
280 1197 294 1223 6
310 1196 452 1230 θεσπέσιος
467 1197 573 1230 Παῦλος
591 1199 646 1229 τοῖς
657 1197 691 1224 δι’
712 1197 794 1224 αὐτοῦ
815 1205 860 1223 κε-

65 1239 229 1274 κλημιὲνοις⁴
239 1241 285 1267 καί
294 1250 359 1277 φησι
369 1249 376 1256 ·
393 1250 404 1268 ‹
417 1242 476 1269 Κᾶν
485 1242 538 1278 γὰρ
548 1242 660 1278 μυρίους
669 1241 860 1276 παιδαγωγοὺς

65 1284 150 1321 ἔχητε
162 1286 192 1313 ὲν
202 1286 322 1322 Χριστῷ,
334 1287 390 1314 ἀλλ’
401 1288 432 1314 οὐ
445 1288 563 1320 πολλοὺς,
571 1287 701 1322 πατέρας.
717 1296 727 1313 ι
749 1287 793 1313 Ἐν
804 1286 859 1322 γὰρ

65 1333 183 1368 Χριστῷ
202 1333 288 1369 Ἰησοῦ
306 1333 350 1361 διὰ
371 1333 418 1361 τοῦ
436 1334 601 1369 Εὐαγγελίου
617 1333 672 1368 ἐγὼ
686 1333 757 1368 ὑμᾶς
779 1332 859 1366 ἐγέν-

65 1387 149 1414 νησα.
169 1379 329 1416 Εὑρήσομεν
342 1380 369 1406 δὲ
390 1380 528 1416 πανταχοῦ
544 1380 626 1407 τέκνα
647 1379 781 1407 καλοῦντα
797 1378 860 1410 τοὺς

65 1425 108 1456 είς
123 1425 206 1452 αὑτὸν
218 1426 252 1452 δι’
268 1426 356 1452 αὐτῶν
370 1426 580 1458 πιστεύσαντας.
603 1425 740 1460 Ἐπιθήσω
759 1424 863 1458 τοῐνυν,

66 1471 149 1505 φησὶ,
166 1471 197 1498 τὸ
220 1472 334 1506 Πνεῦμά
353 1481 403 1507 μου
418 1473 464 1498 ἐπὶ
485 1472 515 1499 τὸ
540 1471 651 1507 σπέρμα
671 1480 730 1503 σου,
747 1471 797 1498 καὶ.
810 1470 862 1502 τὰς

66 1517 197 1551 εὐλογίας
221 1526 271 1553 μου
285 1518 331 1544 ἐπὶ
346 1518 379 1545 τὰ
396 1519 479 1545 τέκνα
494 1526 552 1545 σου.
570 1517 702 1552 Εὑλογίας
725 1517 753 1543 δέ
769 1525 862 1551 φαμεν

65 1562 118 1594 τὰς
132 1564 166 1590 ἐκ
185 1562 253 1590 Θεοῦ
269 1565 324 1594 τοῖς
339 1564 425 1598 ἁγίοις
443 1555 659 1599 χορηγουμένας,
672 1562 725 1589 τῶν
740 1569 860 1596 πνευμαο

66 1608 155 1635 τιχῶν
166 1609 344 1645 χαρισμάτων
360 1611 391 1636 τὸ
407 1610 553 1641 πολυειδές.
569 1607 604 1645 ᾯ
623 1611 672 1645 μὲν
690 1609 743 1644 γὰρ
759 1609 860 1635 δίδοται
875 1599 897 1627 c

66 1654 150 1688 λόγος
165 1655 269 1689 σοφίας,
290 1656 375 1692 ἑτέρῳ
393 1656 421 1683 δὲ
434 1657 513 1691 λόγος
530 1656 667 1691 γνώσεως,
682 1656 729 1682 καὶ
744 1655 777 1682 τὰ
799 1654 861 1681 τού-

67 1708 127 1733 τοις
144 1700 275 1736 ἑπόμενα.
301 1702 404 1737 Γράφει
419 1703 447 1729 δέ
467 1711 518 1730 που
549 1702 595 1729 καὶ
607 1704 621 1730 ὁ
635 1702 773 1734 πάνσοφος
787 1702 861 1728 Παῦλ-

67 1745 126 1778 λος,
139 1746 181 1772 ὃτι
192 1747 342 1779 εἘχαστος
353 1748 429 1783 ὑμῶν
443 1748 507 1776 ἴδιον
521 1747 644 1784 χάρισμα
657 1747 712 1783 ἔχει
722 1748 753 1774 ὲκ
763 1746 858 1773 Θεοῦ.»

68 1789 138 1818 Elea
167 1793 274 1825 ποίαςις
304 1794 338 1820 ἂν
361 1794 466 1828 γένοιτο
487 1794 542 1821 τῶν
566 1794 696 1828 εὐλογιῶν
716 1795 732 1828 ὴ
756 1793 860 1828 ὄνησις,

70 1837 222 1872 διεσάφησε
245 1839 410 1875 προστιθεὶς.
425 1840 466 1866 ὅτι
493 1839 682 1867 Ἀνατελοῦσιν
707 1839 744 1870 ὡς
764 1839 861 1874 χόρτος

69 1884 125 1911 ἀνὰ
142 1884 224 1920 μέσον
241 1885 345 1917 ὓδατος,
360 1886 407 1913 καὶ
421 1886 458 1918 ὡς
473 1886 531 1912 ίτὲα
544 1886 590 1912 ἐπὶ
606 1885 763 1921 παραρρέον
777 1884 860 1919 ὕδωρ.

70 1931 141 1959 Πόαι
158 1931 205 1959 καὶ
222 1931 304 1965 φυτὰ,
328 1932 398 1967 ειπερ
416 1933 445 1959 ἐν
461 1932 559 1968 χώροις
573 1929 628 1958 εἷεν
643 1931 777 1966 ἀνύδροις,
795 1930 861 1966 βρα-

68 1977 139 2009 δέως
157 1977 206 2013 μὲν
220 1978 289 2011 ὅλως
299 1979 413 2014 ἀνίσχει,
427 1979 570 2013 ἀνίσχοντα
584 1977 612 2004 δὲ
624 1977 795 2012 παραχρῆμα
810 1984 861 2011 μα-

71 2023 207 2060 ραίνεται.
222 2023 328 2058 Εὐανθῆ
351 2024 379 2051 δὲ
396 2024 456 2051 λίαν
474 2024 509 2051 τὰ
532 2021 629 2059 οἷσπερ
645 2023 678 2050 ἂν
695 2022 862 2057 παρακέοιτο
876 2033 881 2038 ν

70 2069 202 2105 ναμάτων
217 2069 305 2104 χύσις,
321 2069 368 2097 καὶ
384 2070 487 2097 ὑδάτων
500 2069 571 2105 φορὰ
585 2068 736 2103 συνέχουσα
753 2067 821 2102 πρὸς
832 2067 862 2093 to

70 2117 133 2152 ζῇν,
145 2115 270 2146 ἀειθαλὲς
282 2115 310 2141 δὲ
333 2115 416 2150 φυτὸν
427 2116 475 2150 τῆς
495 2115 567 2146 ἰτέας
587 2114 618 2141 τδ
636 2114 742 2149 χρῆμα,
760 2114 862 2148 πηγαῖς

70 2171 101 2190 τε
117 2163 164 2190 καὶ
178 2163 311 2198 ποταμοῖς
324 2162 367 2189 ἀεὶ
381 2161 590 2197 παραπεφυκός.
608 2159 863 2195 Ἐκμεμεθυσμένοι

70 2211 104 2246 δὴ
114 2208 172 2242 οὖν,
185 2210 262 2245 φησὶ,
274 2210 331 2240 τοῖς
342 2209 447 2244 νοητοῖς
455 2207 571 2242 νάμασιν
578 2207 604 2234 οἱ
612 2206 698 2234 ταῦτα
707 2206 844 2233 καταπλου
853 2219 861 2225 -

70 2258 214 2292 τήσαντες,
241 2255 455 2291 ὁμολογήσωσιν
480 2254 520 2280 ὅτι
543 2254 623 2289 μόνον
638 2253 725 2280 ἴσασιν
739 2252 800 2287 ἐμὲ,
812 2251 860 2278 καὶ

71 2303 138 2331 Θεὸν
154 2302 353 2338 ἐπιγράφονται
369 2301 414 2328 τὸν
428 2300 583 2327 καλέσαντα
596 2299 705 2331 αὐτούς.
716 2298 810 2332 Λέγων
820 2298 861 2330 δὲ,

71 2352 112 2379 δτι
125 2348 202 2381 οὗτος
215 2350 282 2385 ὲρεῑ,
295 2349 336 2375 ὃτι
349 2347 403 2375 Τοῦ
416 2347 484 2374 Θεοῦ
497 2347 564 2382 εἰμὶ,
577 2347 624 2373 καὶ
635 2343 712 2377 οὗτος
724 2345 860 2381 βοήσεται,

72 2397 118 2424 καὶ
131 2396 225 2431 ἕτερος
242 2393 399 2429 ἐπιγράφει,
413 2393 462 2427 τὴν
479 2392 532 2419 τῶν
549 2393 593 2419 ἐπ’
605 2392 695 2420 αὐτῶν
711 2391 861 2427 τρεχόντων

71 2443 115 2470 διὰ
131 2442 250 2472 πίστεως
264 2441 315 2475 τῆς
334 2441 363 2467 ὲν
386 2439 497 2475 Χριστῷ
520 2437 720 2473 κατασημαίνει
743 2436 858 2471 πληθύν.

67 2489 109 2525 ⁸οὐ
123 2487 179 2522 γὰρ
190 2486 353 2522 κεκλήσεται
363 2485 441 2517 λαὸς,
450 2485 544 2512 ἁπασα
555 2484 584 2511 δὲ
596 2484 695 2519 μᾶλλον
708 2482 762 2510 τῶν
774 2481 863 2509 ἐθνῶν.

71 2535 88 2569 ἡ
101 2533 244 2568 πληθὺς,ή
262 2532 331 2559 κατὰ
347 2540 379 2566 γε
394 2530 442 2567 τὴν
455 2531 579 2566 ὑφὴλιον,
589 2530 636 2557 καὶ
652 2529 751 2560 πάντες
765 2527 860 2564 ὁμολο-

72 2579 211 2614 γήσουσιν,
228 2577 270 2604 ὅτι
281 2577 409 2612 γεγόνασι
427 2577 474 2604 τοῦ
489 2576 568 2608 Θεοῦ,
585 2576 632 2603 καὶ
645 2575 725 2602 αὐτὸν
739 2574 858 2609 ἐπιγρά-

71 2624 165 2657 ψονται
191 2622 318 2658 Σωτῆρα,
341 2622 389 2650 καὶ
413 2622 571 2657 Λυτρωτὴν,
588 2622 634 2648 καὶ
659 2619 860 2656 χρηματίζουσι

73 2668 162 2696 λοιπὸν
181 2669 228 2695 ἐπὶ
243 2668 281 2703 τῷ
295 2669 407 2703 ὀνόματι
423 2667 534 2699 Ἰακὼϐ,
546 2667 616 2694 τοῦτ’
630 2667 714 2698 ἐστιν,
731 2667 771 2692 ὅτι
785 2665 861 2701 σχοί-

72 2724 165 2750 νισμα,
196 2715 244 2741 καὶ
265 2714 364 2749 κλῆρός
383 2715 436 2740 εισι
457 2713 504 2740 τοῦ
525 2713 603 2740 Θεοῦ.
631 2712 763 2748 Ἐγενήθη
791 2710 857 2746 γὰρ,

71 2761 147 2796 φησι,
162 2760 228 2791 λαὸς
245 2759 348 2796 Κυρίου
365 2759 442 2795 μερὶς
455 2759 549 2790 αὐτοῦ,
571 2759 716 2794 σχοίνισμα
730 2757 858 2793 κληρονο-

73 2807 135 2843 μίας
150 2805 235 2833 αὑτοῦ
252 2805 370 2841 Ἰσραήλ.
388 2804 562 2840 Καυχὼμεθα
581 2804 608 2831 δὲ
625 2804 648 2830 οἱ
665 2803 858 2834 πιστεύσαντες

105 2896 124 2913 *⁵
139 2896 220 2924 Joan.
237 2905 284 2928 vn,
296 2896 339 2923 39.

378 2895 421 2922 ’Ἰ
438 2894 606 2928 Cor.t\',15.
645 2894 665 2909 ⁸⁵
680 2894 687 2921 Ι
702 2893 763 2921 Cor.
778 2901 825 2927 vn,
839 2893 867 2921 7.

912 967 1092 1001 apostolorum
1107 975 1168 996 esse
1179 968 1293 996 dicimus
1311 977 1357 997 eos
1373 969 1418 1003 qui
1444 976 1492 1004 per
1520 968 1591 1003 ipsos
1607 965 1696 993 vocati

911 1016 974 1039 sunt
989 1013 1022 1039 ad
1035 1014 1199 1047 agnitionem
1213 1015 1346 1049 veritatis,
1364 1020 1390 1042 et
1408 1015 1440 1042 ad
1465 1014 1697 1050 regenerationem

911 1056 1078 1092 spiritualem
1092 1069 1099 1086 :
1120 1068 1188 1093 quos
1203 1068 1255 1088 non
1267 1068 1300 1088 ex
1314 1062 1419 1089 semine
1438 1065 1565 1094 corrupto
1582 1066 1697 1094 regene—

912 1109 983 1138 Γ³ηῑν
999 1106 1045 1132 56d
1063 1113 1110 1140 per
1122 1107 1232 1135 verbum
1246 1107 1363 1135 viventis
1387 1111 1414 1134 et
1430 1107 1564 1134 manentis
1580 1106 1637 1137 Dei,
1669 1109 1698 1132 et

912 1158 959 1185 per
976 1150 1092 1186 Spiritus
1104 1153 1189 1180 sancti
1202 1153 1349 1188 euergiam.
1363 1153 1463 1181 Scribit
1476 1160 1542 1188 ergo
1553 1152 1578 1179 in
1591 1151 1698 1185 Episto-

912 1195 936 1222 la
950 1196 1057 1224 divinus
1079 1196 1180 1225 Paulus
1192 1198 1235 1226 bis
1253 1199 1299 1233 qni
1312 1199 1398 1226 vocati
1411 1203 1472 1226 sunt
1485 1206 1533 1233 per
1554 1198 1652 1233 ipsum,
1669 1201 1699 1223 et

912 1241 971 1269 ait:
993 1252 1002 1268 ι
1017 1241 1082 1270 Nam
1100 1243 1206 1271 etiamsi
1224 1244 1380 1272 innumeros
1405 1244 1565 1280 paedagogos
1588 1242 1697 1270 habetis

912 1288 939 1316 in
954 1288 1072 1323 Christo,
1088 1293 1177 1317 tamen
1204 1297 1256 1318 non
1282 1290 1382 1318 ttlultOl
1404 1290 1510 1318 habetis
1539 1295 1640 1325 patres.
1652 1287 1699 1315 Si—

912 1333 1019 1367 quidem
1047 1335 1073 1362 in
1101 1334 1209 1362 Christo
1231 1334 1293 1362 .lesu
1311 1343 1360 1370 per
1384 1335 1558 1369 Evangelium
1581 1341 1631 1368 ego
1649 1339 1699 1361 vos

911 1380 989 1412 genui
999 1379 1031 1407 ".
1047 1389 1056 1406 ι
1073 1380 1242 1415 Semperque
1257 1381 1425 1408 inveniemus
1440 1388 1501 1408 cum
1517 1379 1561 1414 qui
1573 1378 1701 1406 credide.

912 1431 974 1452 runt
990 1425 1016 1454 in
1031 1426 1105 1453 illum
1119 1433 1167 1461 per
1181 1427 1262 1461 ipsos.
1280 1434 1378 1454 vocare
1390 1426 1471 1454 ﬁlios.
1483 1425 1583 1452 Ponam
1595 1425 1702 1458 itaque.

912 1469 1007 1503 inquit,
1024 1470 1151 1504 Spiritum
1169 1479 1256 1498 meum
1276 1478 1358 1505 super
1372 1478 1464 1499 Semen
1475 1475 1560 1502 tuum,
1576 1475 1603 1496 et
1616 1468 1698 1496 bene-

911 1515 1042 1543 dictioues
1053 1524 1127 1544 meas
1140 1525 1220 1550 super
1247 1517 1315 1544 ﬁlios
1332 1521 1401 1545 tuos.
1427 1515 1630 1544 Benedictioncs
1649 1522 1699 1542 au-

913 1566 964 1588 tem
980 1562 1081 1589 sanctis
1092 1570 1106 1588 a
1124 1562 1182 1589 Deo
1195 1563 1416 1590 subministratas
1442 1562 1619 1596 appellamus,
1645 1560 1700 1594 spl-

914 1607 1049 1634 rilualiunt
1073 1608 1205 1635 donorum
1228 1609 1398 1636 varietatem.
1426 1607 1494 1635 lluic
1520 1608 1591 1634 enim
1620 1607 1702 1634 datus

913 1658 953 1681 est
967 1662 1056 1681 sermo
1072 1655 1221 1688 sapientia.
1234 1655 1311 1682 alteri
1335 1662 1424 1682 sermo
1436 1654 1567 1686 scientiae,
1593 1658 1621 1680 et
1640 1660 1700 1687 qua

913 1704 1073 1733 sequuntur.
1089 1699 1190 1728 Scribit
1203 1701 1336 1735 siquidem
1354 1700 1571 1735 sapientissimus
1585 1699 1701 1726 Paulus;

915 1754 923 1770 ι
937 1745 1128 1780 Unusquisque
1146 1750 1267 1773 nostrum
1295 1746 1394 1774 donum
1413 1747 1549 1781 proprium
1579 1745 1660 1772 habet
1683 1752 1699 1772 a

913 1789 968 1818 Deo
981 1791 1014 1817 ".
1033 1800 1042 1816 ›
1059 1791 1170 1823 Deinde,
1189 1799 1312 1826 quamam
1329 1793 1364 1819 sit
1381 1792 1597 1820 benedictionum
1625 1791 1700 1818 utili-

913 1840 964 1868 tas,
978 1835 1137 1870 declaravit,
1154 1845 1214 1865 cum
1233 1837 1325 1872 adjicit
1340 1847 1348 1866 :
1363 1838 1527 1865 Exorientur
1545 1843 1574 1865 ut
1588 1845 1698 1873 gramen

913 1880 938 1907 in
953 1881 1041 1908 medio
1069 1889 1156 1916 aqua.
1182 1887 1253 1910 etut
1278 1883 1346 1910 salix
1375 1883 1450 1917 juxta
1475 1883 1705 1918 praeterﬂuentem.

913 1932 1022 1960 aquam.
1037 1926 1133 1954 Herba:
1163 1927 1235 1954 enim
1249 1931 1275 1954 et
1297 1928 1404 1962 plantae,
1427 1936 1486 1963 quae
1501 1929 1602 1955 suntin
1633 1928 1700 1956 locis

913 1979 981 2006 aqua
996 1973 1162 2006 carentibus,
1175 1973 1245 2001 lente
1264 1975 1374 2002 omnino
1385 1979 1520 2008 crescunt,
1528 1979 1555 2002 et
1565 1983 1624 2002 cum
1638 1982 1700 2002 cre-

912 2017 1009 2050 verint,
1031 2019 1122 2046 statim
1151 2025 1347 2048 emarcescunt.
1381 2021 1435 2049 Sed
1461 2022 1562 2056 optime
1584 2011 1698 2053 .ﬁorent,

911 2070 971 2098 qua;
982 2064 1127 2092 rivulorum
1151 2065 1250 2099 ﬂuxus,
1271 2071 1299 2094 et
1323 2075 1454 2102 aquarum
1484 2075 1582 2094 cursus
1611 2067 1696 2100 alluit,

912 2110 957 2144 qui
976 2110 1057 2138 vitam
1074 2118 1226 2140 conservat:
1240 2120 1400 2148 semperque
1413 2114 1484 2141 viret
1495 2114 1584 2149 planta
1597 2113 1698 2148 salicis,

912 2153 1031 2182 fontibus
1046 2162 1077 2182 ac
1092 2155 1247 2184 ﬂuminibus
1274 2165 1380 2192 semper
1406 2159 1566 2187 adnascens.
1593 2158 1700 2192 lrrigati

911 2207 987 2233 ergo,
1002 2201 1100 2235 inquit,
1116 2203 1210 2230 rivulis
1221 2203 1272 2231 sub
1290 2204 1496 2238 intelligentiam
1529 2205 1698 2236 cadentibus,

912 2246 956 2279 qui
971 2246 1013 2274 his
1032 2247 1110 2275 dilati
1129 2254 1190 2276 sunt
1209 2250 1416 2283 conﬁtebuntur,
1443 2251 1514 2285 quod
1540 2259 1583 2278 mo
1612 2251 1699 2278 solutn

912 2291 1008 2324 sciant,
1022 2298 1047 2320 et
1056 2293 1138 2321 Deum
1153 2295 1351 2334 nuneupabuttt,
1366 2296 1411 2331 qui
1426 2303 1472 2323 eos
1483 2296 1600 2323 vocavit.
1614 2296 1683 2322 Cum
1693 2310 1700 2314 -

911 2344 963 2371 que
977 2338 1030 2365 ait:
1045 2337 1095 2366 Hic
1108 2339 1187 2367 dicet:
1200 2339 1245 2367 Dei
1259 2347 1328 2372 sum,
1343 2345 1369 2367 et
1381 2340 1423 2367 ille
1439 2339 1576 2370 clamabit.
1593 2344 1618 2365 et
1632 2338 1700 2365 alius

911 2382 1021 2413 scribet.
1034 2385 1232 2412 multitudinem
1249 2386 1282 2413 ad
1299 2394 1360 2413 cum
1374 2394 1422 2420 per
1442 2385 1519 2412 ﬁdem
1536 2385 1562 2412 iu
1590 2385 1700 2412 Christo

910 2435 942 2454 cu
949 2430 1077 2457 rrentimn
1091 2431 1211 2459 denotat.
1224 2431 1280 2459 Non
1290 2432 1360 2459 enim
1371 2432 1509 2459 vocabitur
1522 2431 1619 2466 aliquis
1631 2438 1699 2458 unus

909 2474 1033 2508 populus,
1050 2478 1097 2504 sed
1110 2477 1198 2505 omnis
1213 2478 1300 2512 potius
1321 2485 1381 2512 qua;
1398 2477 1448 2505 sub
1462 2477 1518 2504 sole
1543 2481 1586 2504 est
1609 2475 1700 2503 multi-

914 2523 976 2549 tudo
988 2522 1119 2558 gentium,
1142 2528 1169 2550 et
1191 2530 1285 2550 omnes
1310 2523 1521 2553 conﬁtebuntur,
1542 2521 1614 2556 quod
1645 2520 1700 2547 sint

912 2568 970 2600 Dei,
988 2568 1108 2603 ctipsum
1122 2569 1314 2602 nuncupabunt
1331 2569 1504 2595 Servatorem
1521 2571 1550 2594 et
1583 2565 1699 2594 Redem-

911 2618 1016 2649 ptorem
1031 2634 1040 2647 ,
1059 2618 1086 2641 et
1106 2613 1309 2650 appellabuntur
1332 2614 1457 2648 deinceps
1484 2613 1591 2640 nomine
1616 2611 1699 2639 Jacob

913 2660 1110 2696 (thuodnam
1126 2665 1184 2688 erat
1205 2667 1300 2688 nomen
1316 2659 1464 2687 Jacobmis?
1478 2659 1570 2686 Portio
1587 2663 1613 2686 et
1628 2659 1700 2686 luni-

913 2707 1000 2741 cuius,
1008 2712 1036 2735 et
1046 2715 1106 2735 sors
1119 2706 1337 2735 Dei.Asceudent
1348 2714 1412 2741 ergo
1425 2706 1577 2738 credentes,
1589 2709 1615 2733 ct
1629 2705 1699 2732 scri-

912 2753 976 2781 bent
990 2753 1016 2781 in
1030 2753 1136 2782 nomine
1150 2753 1242 2790 Jacob)
1258 2752 1370 2789 {Desunt
1381 2751 1481 2779 inclusa
1495 2754 1570 2779 verba
1587 2751 1613 2777 iu
1624 2749 1698 2777 Grie-

913 2809 942 2828 co
955 2800 1043 2836 cod.]:
1058 2801 1085 2830 id
1094 2801 1174 2836 583
1187 2805 1236 2833 est,
1247 2800 1316 2834 quod
1327 2800 1380 2827 sint
1393 2798 1526 2827 funiculus
1539 2802 1631 2825 ctsors
1639 2795 1697 2823 οτι
