1883 3055
167 150 221 178 923

656 149 686 176 s.
704 139 841 176 cranju
861 144 1096 174 ALEXANDRINI
1116 141 1277 173 ARCHIEP.

1744 133 1802 164 οτι

168 208 267 236 Factus
278 211 318 235 est
329 208 410 239 enim,
428 207 524 242 inquit,
538 206 652 241 populus
665 206 768 233 Domini
789 213 848 233 sors
883 204 951 239 ejus,

1040 203 1054 229 :i.
1067 202 1105 238 τῷ
1118 201 1244 236 γενέσθαι
1260 199 1328 227 Θεοῦ
1343 199 1453 236 κλῆρος,
1471 198 1518 226 καὶ
1531 195 1611 232 μερὶς
1627 194 1676 223 τοῦ
1690 194 1802 221 πάντων

169 252 304 280 funiculus
314 252 477 279 ha-reditatis
495 252 562 285 ejus,
575 250 667 279 Israel.
679 250 834 278 Gloriemur
862 249 954 283 itaque

169 299 214 332 qui
226 299 369 330 credimus,
382 297 451 330 quod
466 297 550 323 simus
566 304 624 324 sors
638 297 694 324 Dei.
720 301 747 323 et
772 295 871 323 Christi
897 302 955 322 om-

171 344 242 369 nium
259 348 377 369 nostrum
390 342 542 369 SerVatoris
557 343 653 376 portio.

208 387 285 414 Vens.
300 387 327 418 ϐ,
340 387 365 412 '.'.
378 387 422 413 Sic
440 388 475 414 ait
500 387 626 413 Dominus
651 387 719 413 Deus
733 395 778 413 rea:
791 385 886 417 Israel,
910 386 955 420 qui

170 432 285 458 liberavi!
315 434 410 464 ipsum.
430 432 498 459 Deus
513 432 647 459 Sabaoth:
665 431 718 467 Ego
741 433 892 465 primus,“
908 439 955 465 ego

170 484 225 511 pos!
247 479 302 504 Ιιατ
314 498 322 509 ,
343 485 438 511 prwter
455 487 496 506 me
519 487 570 505 mm
586 484 622 505 est
641 479 728 506 Deus.
748 478 812 512 Quis
831 483 867 504 est
888 486 955 512 qua-

170 522 202 548 lis
228 531 274 556 ego
292 525 370 549 sunt!
389 522 453 556 Stet,
467 529 545 554 vocet,
561 528 586 550 et
600 529 674 558 paret
689 524 764 555 mihi,
790 532 821 550 es:
832 531 884 558 quo
902 523 953 558 feci

170 567 298 594 hominem
324 569 350 594 in
375 574 511 596 (uernum.
538 569 572 596 Et
604 575 711 596 ventura
737 575 876 604 antequam
911 578 954 596 ve-

171 614 243 640 niant
260 617 415 642 unnunticut
432 616 512 643 vobis.
533 615 575 643 Ne
590 616 798 648 abscondamini,
813 621 836 643 et
850 624 955 644 atmun-

170 659 234 686 tiavi
249 661 329 687 vobis.

206 749 371 784 Cognitionis
396 751 422 777 in
456 750 575 782 Christo,
593 758 653 777 cum
682 758 715 778 ex
743 751 784 778 his
816 758 876 786 qna:
896 750 953 786 jam

170 794 238 822 lecta
262 799 323 822 sunt
340 796 501 823 mentionem
521 795 646 827 fecisset.
667 803 818 824 sermonem
835 798 868 824 ad
881 797 953 824 aliud

170 841 306 874 quidpiam
336 842 516 868 necessarium
542 834 693 870 convertit.
720 841 786 875 Quia
806 843 878 870 enim
905 851 954 878 pro

171 890 306 920 tempore,
323 887 428 914 divinus
450 888 579 922 propheta
605 887 688 915 lsaias
711 888 793 916 hosce
823 890 898 917 nobis
920 890 953 916 de

169 931 320 959 istiusmodi
335 932 413 959 rebus
424 934 575 967 composuit
590 941 737 966 sermones,
747 935 952 970 regnabatapud

169 985 216 1005 eos
241 977 286 1005 Dei
304 978 400 1010 hostis,
415 983 446 1005 ut
470 979 646 1007 intolerandis
670 981 742 1007 vitiis
764 980 842 1015 plena
864 985 954 1008 essent

168 1023 269 1050 omnia.
298 1024 362 1050 Erat
392 1024 465 1051 enim
497 1025 594 1059 cuique
618 1025 684 1053 deus
713 1030 739 1053 et
762 1026 878 1061 religio,
906 1034 953 1054 sua

169 1068 250 1095 libido
267 1069 464 1096 :necessariam
502 1070 710 1098 admonitionem
739 1071 842 1099 inducit
868 1071 951 1106 Deus,

170 1114 316 1148 aptissimis
338 1115 503 1149 argumentis
532 1114 696 1142 involutam:
718 1123 733 1143 a
752 1116 825 1143 cultu
851 1117 951 1145 multo-

168 1167 229 1186 rum
252 1159 401 1193 numiuum,
422 1164 450 1187 et
468 1161 550 1193 vitiis,
564 1169 623 1195 qua:
644 1162 705 1189 inde
722 1163 855 1196 oriuntur,
870 1168 956 1191 trans-

169 1203 267 1238 ferens,
295 1210 319 1232 et
340 1213 387 1240 per
410 1206 622 1240 resipiscentiam
647 1208 680 1234 ad
704 1208 867 1242 agnitionem
882 1209 953 1236 veri-

169 1250 233 1276 tatis
253 1251 409 1283 exhortans,
428 1256 455 1278 et
472 1259 526 1279 sua“:
541 1253 626 1287 ipsius
654 1253 746 1287 gloriae
767 1258 794 1281 et
815 1255 955 1290 incompa-

169 1295 261 1322 rabilis
274 1296 398 1329 potentia:
411 1297 544 1325 refricans
562 1300 730 1335 memoriam.
749 1298 818 1326 Hinc
832 1299 870 1326 ait
887 1307 894 1326 :
909 1299 954 1328 Sic

169 1340 233 1368 dicit
260 1340 386 1369 Dominus
408 1350 454 1369 rex
472 1341 563 1376 lsrael,
584 1344 629 1378 qui
658 1343 783 1372 liberavit
799 1344 953 1377 eum,Deus

169 1381 296 1413 Sabaoth.
307 1386 383 1414 Scire
404 1388 475 1414 enim
503 1388 558 1416 vult
593 1395 651 1421 eos,
675 1397 705 1417 se
731 1389 813 1416 Deum
840 1397 900 1418 esse
928 1394 956 1418 et

168 1431 310 1459 Dominum
333 1433 511 1465 exercituum,
526 1439 553 1461 et
569 1439 599 1461 ut
612 1434 720 1461 videant
731 1435 803 1462 velut
818 1435 851 1463 ab
866 1437 956 1463 ebrle-

170 1483 225 1506 tate
255 1479 430 1513 respiranlcs,
442 1487 472 1507 se
489 1488 503 1506 a
521 1481 662 1515 tyrannide
677 1481 877 1517 Egypliorum,
899 1482 955 1511 Deo

169 1525 236 1552 mira
261 1530 399 1559 operante,
420 1529 446 1552 et
469 1526 594 1560 potentiae
625 1534 692 1559 suae,
715 1532 742 1554 et
771 1528 955 1561 amplitudinis

1005 249 1082 285 ἡμῶν
1099 248 1225 284 Σωτῆρος
1245 246 1332 283 Ἰησοῦ
1349 244 1478 282 xorem-3.

1042 383 1122 410 οὕτω
1145 383 1226 418 λέγει
1251 381 1358 414 Κύριος
1382 380 1398 406 ὁ
1425 378 1496 410 Θεὸς
1520 378 1537 403 ὀ
1562 374 1717 408 βασιλεὺς
1745 373 1801 401 τοῦ

1011 430 1145 464 Ἰσραὴλ,
1159 431 1175 456 ὁ
1188 427 1359 463 ῥυσάμενος
1376 425 1469 451 αὑτὸν
1481 423 1551 454 Θεὸς
1565 420 1689 449 Σαϐαὼθ
1701 428 1708 434 ·
1724 418 1802 451 Ἐγὼ

1005 476 1128 512 πρῶτος.
1143 475 1192 502 καὶ
1207 473 1264 508 ἐγὼ
1275 473 1349 508 μετὰ
1363 471 1464 497 ταῦτα·
1479 469 1563 501 πλὴν
1572 467 1647 502 ἐμοῦ
1662 467 1718 493 οὐκ
1734 465 1801 512 ἔστι

1006 509 1088 555 Oeric.
1105 521 1153 554 Τίς
1164 520 1265 554 ὥσπερ
1280 517 1355 552 ard):
1369 518 1481 550 Στήτω,
1495 515 1542 541 καί
1561 512 1732 541 καλεσάτω,
1751 509 1800 536 καί

1005 567 1187 603 ἑτοιμασάτω
1195 575 1258 600 μοι.
1269 564 1318 598 ἀφ’
1333 561 1368 591 οὗ
1380 563 1511 594 ἐποίησα
1523 560 1684 594 ἄνθρωπον
1692 558 1737 589 εις
1747 557 1803 582 τύν

1005 615 1106 642 αἰῶνα.
1116 613 1169 640 Kal
1189 613 1226 640 τὰ
1241 611 1425 645 ἐπερχόμενα
1437 607 1493 642 πρὸ
1508 606 1561 633 τοῦ
1579 604 1683 632 ἐλθεῖν
1700 603 1801 635 ἀναγ-

1004 657 1189 694 τειλὰτωσαν
1199 656 1280 692 ὑμῖν.
1288 655 1335 689 Μὴ
1348 652 1631 689 παρακαλύπτεσθε,
1641 648 1692 675 καὶ
1704 647 1802 682 ἀπήγ-

1004 706 1088 740 γειλα
1101 703 1180 738 ὑμῖν.

1039 750 1095 784 Τῆς
1120 750 1148 775 ὲν
1170 747 1280 784 Χριστῷ
1306 746 1433 781 γνώσεως
1460 743 1503 770 διὰ
1527 742 1582 769 τῶν
1604 741 1711 776 ἀρτίως
1732 739 1799 774 ἡμῖν

1004 793 1182 828 ἀναγνώσεων
1213 792 1398 827 ποιησάμενος
1425 789 1546 824 μνήμην,
1576 785 1722 821 μεθίστησι
1754 784 1800 810 τὸν

1004 840 1083 874 λόγον
1111 840 1154 874 ἐφ’
1176 838 1269 874 ἕτερόν
1292 846 1319 863 τι
1343 835 1396 862 τῶν
1422 833 1590 867 ἀναγκαίων.
1607 829 1718 863 Ἐπειδὴ
1745 828 1799 863 γὰρ

1005 886 1066 913 κατ’
1082 886 1170 912 ἐκεῖνο
1193 882 1305 919 καιροῦ.
1324 881 1384 908 καθ’
1404 881 1434 907 ὃν
1455 880 1469 906 ὁ
1491 878 1634 909 θεσπέσιος
1655 875 1801 911 προφήτης

1013 931 1126 962 Ἡσαΐας
1140 930 1203 961 τοὺς
1226 929 1291 964 περὶ
1309 927 1362 954 τῶν
1379 925 1507 953 τοιούτων
1518 925 1584 959 ἡμῖν
1608 921 1744 949 συνετίθει
1757 919 1801 946 λό-

1007 986 1082 1013 γους,
1111 974 1296 1011 βασιλεύοντος
1326 973 1389 1008 παρ’
1405 972 1495 1002 αὐτοῖς
1520 968 1682 1004 θεομισοῦς,
1699 966 1748 993 καὶ
1772 965 1801 992 ἐν

1007 1011 1154 1058 ἀφορήτοις
1168 1021 1280 1055 γέγονεν
1298 1019 1489 1053 ὀλισθήμασιν.
1502 1014 1557 1042 Ἦν
1573 1014 1630 1049 γὰρ
1648 1013 1758 1046 ἑκάστῳ
1771 1011 1802 1037 τδ

1007 1067 1102 1094 δοκοῦν
1120 1066 1180 1098 θεδς
1203 1065 1249 1092 καὶ
1264 1063 1360 1095 σέϐας·
1384 1061 1536 1096 ἀναγκαίαν
1553 1060 1645 1090 αὐτοῖς
1660 1058 1711 1094 τὴν
1732 1065 1803 1091 παρ-

1007 1112 1109 1138 αίνεσιν
1123 1110 1317 1145 εὐφυεστάτοις
1332 1107 1454 1144 ἐλέγχοις
1471 1104 1702 1141 ἐγκεκλωσμένην
1720 1104 1803 1129 ποιεῖ-

1007 1167 1052 1184 ται
1069 1157 1150 1189 Θεός·
1177 1156 1308 1192 μεθιστὰς
1327 1155 1374 1190 μὲν
1396 1153 1493 1184 αὐτοὺς
1509 1153 1557 1188 τῆς
1576 1149 1732 1181 πολυθεῖας,
1755 1149 1803 1175 καὶ

1007 1201 1062 1228 τῶν
1085 1202 1113 1228 ὲν
1126 1200 1231 1232 τούτοις
1248 1199 1474 1236 ἀρρωστημάτων
1485 1207 1491 1213 -
1516 1195 1759 1231 προσκαλούμενος
1774 1194 1803 1220 δὲ

1007 1246 1050 1273 διὰ
1071 1246 1266 1282 μεταγνώσεως
1292 1246 1332 1276 είς
1353 1244 1500 1278 ἐπίγνωσιν
1525 1242 1666 1278 ἀληθείας,
1686 1241 1733 1267 καὶ
1754 1240 1805 1274 τῆς

1008 1292 1090 1319 αὐτοῦ
1102 1292 1192 1327 δόξης,
1211 1292 1258 1318 καὶ
1278 1290 1443 1326 ἀσυγκρίτου
1460 1289 1602 1324 δυνάμεως
1625 1285 1804 1318 ἁνακομέξων

1007 1338 1048 1370 εἷς
1062 1338 1224 1373 ἀνάμνησιν.
1235 1337 1326 1372 Ταύτῃ
1343 1345 1383 1362 τοι
1397 1336 1489 1371 φησιν·
1502 1333 1662 1367 Οὖτωλέγει
1673 1332 1778 1367 Κύριος
1788 1331 1807 1358 6

1009 1381 1136 1418 βασιλεὺς
1152 1383 1198 1409 τοῦ
1227 1381 1345 1417 Ἰσραὴλ,
1361 1382 1375 1408 ὁ
1392 1380 1544 1417 ῥυσάμενος
1561 1379 1644 1406 αὖτὸν
1668 1378 1736 1408 Θεὸς
1750 1376 1806 1403 Xa-

1008 1427 1092 1454 σαώθ.
1106 1427 1167 1453 Ὀτι
1183 1426 1238 1461 γὰρ
1254 1426 1320 1457 Θεός
1332 1426 1391 1451 ἔστι
1406 1425 1453 1452 καὶ
1466 1423 1519 1450 τῶν
1532 1423 1676 1457 δυνάμεων
1690 1421 1806 1456 Κάριος,

1007 1471 1108 1499 ειδέναι
1122 1471 1258 1506 βούλεται,
1278 1471 1326 1497 καὶ
1343 1470 1468 1505 καθάπερ
1483 1469 1516 1495 ὲκ
1540 1467 1626 1503 μέθης
1643 1465 1805 1499 ἀνενεγκόν-

1007 1527 1056 1549 τας
1083 1518 1219 1550 ίδεῐν,δτι
1245 1516 1290 1543 καὶ
1312 1516 1362 1551 τῆς
1384 1514 1539 1549 Αἰγυπτίων
1570 1511 1730 1544 πλεονεξίας
1762 1509 1807 1542 ὲξ-

169 1570 380 1604 magnitndinem
395 1577 551 1603 exserente,
570 1571 652 1600 fuisse
669 1557 879 1601 liberatos.Nam
894 1574 954 1609 quid

1040 1573 1143 1599 ιηνται,
1162 1562 1435 1598 θαυματουργοῦντος
1452 1559 1547 1591 αὑτοῦ,
1560 1560 1607 1586 καὶ
1624 1560 1676 1593 τῆς
1691 1557 1806 1591 ἐνούσης

169 1614 269 1642 factum
286 1619 326 1642 est
347 1623 399 1642 non
422 1615 560 1642 mirabile?
573 1616 637 1650 Qua:
649 1617 726 1651 plaga
755 1625 807 1645 non
825 1623 867 1645 est
883 1618 957 1646 inlli-

169 1664 212 1687 cta
232 1659 274 1686 bis
301 1660 346 1694 qui
366 1667 412 1687 eos
434 1660 610 1687 invaserunt?
635 1661 729 1689 Nonne
756 1662 955 1696 inexplicabilis

170 1706 295 1741 potentiae
310 1705 394 1739 ipsius
429 1710 521 1739 aperta
546 1705 738 1734 demonstratio
762 1715 822 1735 esse
848 1709 956 1743 poterit,

170 1758 245 1778 mare
271 1751 386 1779 divisum
407 1759 478 1784 esse,
494 1759 586 1786 aquas,
601 1757 726 1788 tanquam
749 1761 855 1781 murum
869 1775 877 1788 ,
890 1754 958 1783 lixas

169 1804 201 1825 ac
228 1797 319 1824 ﬁrmas
339 1797 511 1830 constitisse,
525 1801 551 1824 et
569 1796 704 1832 fugientes
726 1799 844 1826 medium
866 1804 957 1831 trans-

170 1843 209 1871 ire
231 1843 286 1870 ?Et
301 1851 364 1878 quae
379 1843 484 1871 tandem
507 1844 534 1871 in
560 1844 668 1872 deserto
688 1845 852 1873 exstiterunt
875 1846 957 1873 mira-

169 1890 248 1917 cula?
264 1889 359 1917 Nonne
370 1889 422 1917 illis
437 1897 532 1924 panem
546 1889 652 1918 ccelitus
675 1890 770 1918 dedit?
790 1890 885 1918 Nonne
908 1900 957 1928 pe-

170 1940 238 1963 tram
265 1935 381 1970 disrupit
416 1935 442 1962 in
473 1934 724 1968 deserto,et‘illis
763 1939 891 1971 tanquam
929 1937 956 1964 in

169 1982 266 2017 abysso
294 1982 388 2014 multa,
406 1981 531 2016 potavit?
554 1981 588 2009 Et
615 1989 704 2010 nonne
730 1989 814 2017 aquas
846 1981 957 2017 perinde

170 2028 244 2062 quasi
259 2028 366 2055 ﬂumina
383 2028 492 2055 deduxit
503 2028 514 2054 7
526 2035 614 2055 nonne
627 2027 753 2056 .lordanis
770 2028 863 2056 rivulis
881 2028 956 2056 velut

169 2074 275 2102 frenum
303 2073 435 2108 quoddam
465 2073 601 2107 apposuit,
617 2073 654 2099 ita
685 2078 714 2100 ut
734 2074 845 2108 pedibus
862 2082 956 2102 eorum

170 2121 312 2148 transitum
338 2119 494 2154 paraverit?
521 2117 680 2146 Necessario
696 2119 796 2154 itaque.
816 2128 867 2148 non
896 2121 958 2148 sim-

169 2167 286 2202 pliciter,
305 2166 347 2193 his
364 2165 455 2193 verbis
475 2164 616 2191 Dominum
637 2172 696 2192 sese
711 2171 738 2193 et
762 2165 844 2193 Deum
866 2166 957 2201 appel-

170 2212 217 2246 lat,
232 2212 278 2240 sed
302 2211 424 2245 adiunxit
449 2218 549 2245 porro,
575 2211 620 2245 qui
650 2210 774 2238 liberavit
809 2212 913 2246 ipsum:
930 2212 956 2238 in

170 2258 327 2285 memoriam
351 2255 432 2291 584
452 2256 591 2288 reducens.
606 2260 634 2282 ut
661 2256 735 2288 dixi,
760 2256 956 2283 incredibiliter

170 2304 204 2332 ab
220 2304 278 2338 ipso
299 2307 426 2337 przestna.
444 2302 518 2328 Scito
534 2302 624 2336 igitur,
640 2302 678 2328 ait
693 2310 699 2328 ε
716 2301 787 2336 quod
805 2309 855 2336 ego
887 2300 957 2329 Deus

168 2351 288 2385 primus,
312 2353 339 2375 et
355 2355 404 2382 ego
431 2352 491 2382 post
519 2347 586 2380 haec,
606 2353 632 2375 et
652 2353 748 2382 praeter
774 2355 816 2374 me
838 2354 889 2374 non
916 2351 957 2374 est

169 2395 248 2422 Deus.
269 2394 338 2421 Dens
361 2394 430 2421 enim
450 2398 490 2420 est
505 2393 666 2428 principium
684 2393 882 2424 universorum,
897 2392 954 2426 ipse

169 2440 226 2468 sine
250 2440 392 2475 principio,
409 2444 436 2466 et
459 2439 549 2466 omnia
573 2440 607 2466 ab
632 2439 690 2474 ipso
716 2443 805 2465 ortum
837 2438 953 2471 habent;

168 2492 244 2513 ortus
276 2490 365 2513 autem
387 2486 444 2520 ipse
466 2489 507 2513 cst
531 2489 559 2513 et
590 2485 697 2520 genitus
720 2492 734 2511 a
763 2485 889 2512 nemine:
907 2485 954 2512 sed

169 2536 209 2559 est
235 2532 280 2566 qui
308 2536 365 2564 est,
386 2536 413 2559 et
444 2531 489 2566 qni
517 2531 622 2559 futurus
651 2535 701 2558 est.
733 2530 790 2558 lloc
817 2530 888 2558 enim
915 2534 962 2563 est

169 2585 267 2606 nomen
281 2577 316 2610 ei,
332 2582 358 2604 et
373 2582 574 2604 monumentum
589 2580 730 2608 mternum,
743 2576 769 2603 in
787 2583 872 2603 atrum
888 2583 956 2603 sem-

168 2624 311 2658 piternum.
330 2623 420 2658 Neque
441 2631 506 2657 ergo
521 2629 585 2651 ante
602 2623 676 2650 illum
700 2622 769 2650 alius
798 2627 856 2649 erat
886 2621 967 2651 Deus.

169 2677 255 2704 neque
280 2669 332 2697 erit
350 2673 448 2704 praeter
472 2669 569 2701 ipsum.
583 2667 672 2703 Longe
694 2673 782 2695 autem
812 2666 955 2694 utilissima

168 2721 210 2744 est
233 2715 289 2744 haec
313 2716 465 2744 exhortatio
495 2715 547 2747 his,
567 2715 612 2750 qui
649 2718 780 2749 negarunt
809 2713 908 2748 ipsum,
929 2717 956 2740 et

168 2762 214 2796 qui
242 2769 273 2790 ex
300 2763 397 2797 insigni
420 2761 602 2796 imprudentia
631 2760 696 2795 lapsi
727 2764 791 2789 sunt
819 2759 846 2787 in
882 2759 954 2787 hanc

168 2805 320 2840 Opinionem
336 2805 481 2833 multorum
507 2805 660 2832 numinum.
679 2804 756 2838 Quod
787 2811 849 2832 vero
866 2803 954 2831 nullus

170 2851 206 2883 sit
222 2851 246 2881 ei
271 2852 379 2885 similis,
399 2851 442 2879 vel
466 2850 535 2879 alius
551 2851 584 2879 ab
611 2850 669 2886 ipso
703 2851 737 2879 sit
764 2849 956 2882 numerandus.

1011 1609 1087 1644 αὺτῷ
1106 1609 1261 1643 δυνάμεως,
1278 1608 1326 1634 καὶ
1351 1606 1487 1642 ὑπεροχῆς
1504 1605 1535 1632 τὸ
1551 1604 1666 1640 μέγεθος
1690 1602 1806 1638 ἐμφανί-

1011 1654 1116 1686 ζοντος.
1130 1653 1164 1679 Τί
1178 1653 1233 1689 γὰρ
1257 1653 1287 1679 οὐ
1305 1652 1461 1688 πέπρακται
1481 1651 1536 1677 τῶν
1551 1647 1805 1684 τεθαυμασμένων;

1010 1700 1078 1726 Ποία
1099 1699 1127 1726 δὲ
1149 1701 1207 1731 τοῖς
1234 1697 1442 1725 πλεονεκτοῦσιν
1465 1697 1565 1727 αὐτοὺς
1594 1696 1645 1721 οὐκ
1667 1693 1807 1728 ἐπηνέχθη

1011 1745 1120 1780 πληγή;
1136 1745 1171 1771 Ἢ
1185 1743 1243 1776 πῶς
1255 1743 1312 1778 ⁴⁴τῆς
1326 1743 1467 1778 ἁφρόιστου
1481 1741 1623 1776 δυνάμεως
1646 1739 1729 1767 αὐτοῦ
1756 1739 1807 1764 οὐκ

1010 1790 1044 1817 ἂν
1055 1791 1160 1825 γένοιτο
1174 1790 1263 1824 σαφὴς
1274 1788 1423 1821 ἀπόδειξις,
1437 1787 1467 1814 τὸ
1484 1786 1626 1820 διαστῆναι
1641 1785 1693 1820 μὲν
1709 1784 1808 1811 θάλασς

1012 1843 1072 1869 σαν,
1092 1835 1214 1870 παγῆναι
1233 1835 1262 1862 δὲ
1275 1835 1322 1861 καὶ
1335 1834 1402 1860 ὡσεὶ
1420 1835 1510 1868 τεῖχος
1533 1832 1568 1859 τὰ
1584 1831 1680 1862 ὕδατα,
1699 1831 1747 1857 καὶ
1762 1829 1806 1856 διὰ

1013 1883 1104 1919 μέσων
1121 1882 1190 1908 ἰέναι
1205 1881 1269 1912 τοὺς
1282 1880 1449 1915 φεύγοντας;
1470 1879 1502 1905 Τί
1513 1879 1542 1905 δὲ
1555 1878 1587 1913 δὴ
1601 1878 1635 1903 τὰ
1655 1878 1684 1903 ὲν
1699 1877 1731 1911 τῇ
1747 1876 1807 1911 ἐρή-

1012 1934 1056 1964 μῳ
1067 1927 1137 1964 μετὰ
1149 1927 1230 1954 τοῦτο
1243 1926 1439 1962 θαυματουργή
1445 1933 1518 1960 ματα
1528 1933 1535 1957 ;
1551 1925 1608 1950 Οὐκ
1619 1924 1704 1959 ἄρτον
1715 1922 1807 1952 αὐτοῖς

1011 1974 1094 2000 Εδωκε
1110 1973 1156 1999 τὸν
1169 1972 1200 2004 ἐξ
1210 1971 1326 2007 οὐρανοῦ
1337 1980 1343 2003 ;
1358 1971 1395 1997 Οὐ
1404 1969 1530 2006 διέρρηξε
1541 1969 1646 2004 πέτραν
1654 1969 1684 1994 ὲν
1697 1968 1803 2003 ἐρήμῳ,

1011 2020 1058 2047 καὶ
1077 2019 1201 2046 ἐπότισεν
1221 2018 1319 2050 αὐτοὺς
1338 2017 1376 2048 ὼς
1393 2018 1422 2043 ὲν
1439 2017 1549 2051 ἁὸύσσῳ
1563 2015 1647 2050 πολλῇ
1661 2022 1669 2046 ;
1683 2014 1730 2041 καὶ
1744 2022 1807 2040 κατ-

1011 2067 1116 2102 ήγαγεν
1134 2065 1171 2096 ὠς
1185 2063 1323 2099 ποταμοὺς
1338 2063 1435 2094 ﬁdem;
1452 2062 1482 2088 οὑ
1497 2063 1552 2093 τοῖς
1568 2061 1705 2097 Ἰορδάνου
1720 2059 1805 2094 -νάμα-

1012 2120 1054 2138 σιν
1068 2108 1113 2138 οἷά
1123 2118 1183 2137 τινα.
1195 2109 1301 2145 χαλινὸν
1314 2108 1428 2140 ἐπιθεὶς,
1445 2108 1506 2134 ποδὶ
1523 2108 1716 2143 παρεσκεύασε
1739 2113 1806 2140 παρ-

1011 2157 1116 2188 ελθεῖν;
1146 2155 1315 2190 Ἀναγκαίως
1336 2155 1437 2187 τοίνυν,
1463 2154 1513 2189 οὐχ
1534 2153 1628 2184 ἁπλῶς
1649 2151 1753 2188 Κύριόν
1776 2159 1805 2177 τε

1012 2204 1060 2231 καὶ
1075 2202 1141 2229 Θεὸν
1154 2202 1183 2228 ὲν
1200 2201 1305 2232 τούτοις
1327 2199 1421 2226 ἑαυτὸν
1436 2200 1587 2227 ἀποκαλεῖ·
1607 2198 1803 2234 προσεισήγαγε

973 2249 995 2277 ι)
1008 2253 1047 2286 δὲ,
1061 2254 1102 2280 ὅτι
1115 2253 1168 2279 Καὶ
1179 2253 1329 2288 ῥυσάμενος
1349 2249 1429 2277 αὑτὸν
1440 2270 1446 2281 ,
1466 2249 1506 2280 είς
1529 2247 1682 2282 ἀνάμνησιν
1705 2247 1800 2273 ἀνακο-

1011 2299 1108 2335 μίζων,
1131 2299 1168 2330 ὡς
1188 2298 1268 2334 ἔφην,
1287 2297 1342 2324 τῶν
1365 2296 1399 2323 δι’
1419 2295 1500 2322 αὑτὸν
1518 2292 1678 2329 παραδόξως
1699 2291 1802 2318 τετελε-

1009 2345 1127 2381 σμένων.
1140 2345 1210 2371 Ἴσοι
1231 2344 1264 2379 δὴ
1281 2341 1338 2375 οὖν,
1356 2342 1448 2377 φησὶν,
1464 2342 1504 2368 ὃτι
1523 2339 1594 2373 Ἐγὼ
1609 2338 1676 2369 Θεὸς
1686 2338 1801 2374 πρῶτος,

1008 2391 1056 2418 καὶ
1076 2390 1132 2425 ἐγὼ
1149 2389 1220 2426 μετὰ
1238 2388 1337 2421 ταῦτα,
1360 2387 1408 2415 και
1426 2386 1496 2422 πλὴν
1515 2385 1583 2420 ἐμοῦ
1606 2385 1657 2411 οὐκ
1674 2382 1710 2419 ἧν
1730 2384 1801 2415 Θεός.

1016 2436 1100 2472 Ἀρχὴ
1120 2436 1175 2472 γὰρ
1186 2436 1239 2462 τῶν
1262 2435 1330 2461 ὅλων
1348 2434 1414 2465 Θεὺς
1430 2453 1438 2460 .
1464 2432 1583 2466 ἄναρχος
1596 2430 1634 2457 ὢν
1650 2431 1745 2461 αὐτὸς,
1761 2430 1803 2456 καὶ

1011 2482 1076 2518 παρ’
1092 2481 1175 2509 αὐτοῦ
1189 2481 1279 2509 πάντα
1289 2479 1417 2516 παρήχθη
1435 2478 1640 2514 προςγένεσιν·
1657 2477 1743 2508 αὐτὸς
1758 2476 1802 2510 μὲν

1011 2525 1057 2554 οὖν
1072 2527 1183 2561 γέγονεν
1199 2527 1244 2553 ὐπ’
1257 2526 1375 2557 οὐδενὸς.
1390 2524 1447 2552 ἀλλ’
1463 2524 1535 2551 ἐστιν
1548 2522 1587 2549 ὢν
1603 2530 1632 2549 τε
1654 2522 1702 2548 καὶ
1716 2522 1804 2556 ἐσόμε-

1011 2581 1064 2605 νος.
1078 2573 1164 2600 Τοῦτο
1175 2573 1231 2609 γὰρ
1246 2572 1332 2608 δνομα
1345 2571 1431 2607 αὐτῷ,
1445 2570 1494 2597 καὶ
1509 2569 1683 2605 μνημόσυνον
1699 2566 1802 2594 αἰώνιον

1011 2618 1112 2653 γενεῶν
1123 2620 1241 2653 γενεαῖς.
1256 2617 1324 2644 Οὔτε
1347 2617 1436 2644 τοίνυν
1452 2616 1505 2651 πρὸ
1522 2614 1606 2642 αὑτοῦ
1621 2614 1690 2645 Θεὸς
1714 2613 1803 2646 ἕτερος

1010 2663 1055 2701 ἢν,
1077 2665 1139 2692 οὔτε
1157 2674 1199 2697 τις
1215 2665 1292 2691 ἔσται
1307 2665 1365 2699 μετ’
1381 2662 1471 2689 αὐτόν.
1488 2659 1536 2693 Εἷς
1553 2661 1607 2696 γὰρ
1625 2660 1708 2694 φύσει
1729 2657 1800 2688 Θεὸς.

1012 2711 1059 2738 καὶ
1070 2711 1164 2746 ἕτερος
1183 2711 1249 2746 παρ’
1266 2709 1346 2736 αὑτὸν
1362 2708 1459 2740 οὐδείς.
1476 2706 1684 2742 Χρησιμωτάτη
1703 2704 1732 2731 δὲ
1748 2703 1802 2729 λίαν

1009 2757 1025 2791 ἡ
1039 2757 1200 2792 παραίνεσις
1215 2757 1271 2787 τοῖς
1283 2754 1483 2791 ἀρνησαμένοις
1499 2752 1591 2784 αὐτὸν,
1604 2752 1652 2778 καὶ
1664 2752 1697 2777 ὲκ
1705 2748 1801 2782 πολλῆς

1008 2803 1077 2837 ἄγαν
1092 2803 1237 2834 ἀσυνεσίας
1254 2800 1435 2836 ὠλισθηκόσιν
1453 2800 1493 2831 εἴς
1509 2807 1541 2834 γε
1555 2798 1586 2824 τὸ
1600 2797 1706 2824 alcatim.
1727 2795 1800 2826 θεοὺς

1004 2847 1074 2878 εἶναι
1093 2848 1216 2882 πολλοὺς.
1234 2849 1295 2875 Ὅτι
1314 2847 1342 2875 δὲ
1366 2847 1426 2874 κατ’
1443 2846 1524 2873 αὑτὸν
1542 2844 1630 2875 οὐδεὶς
1648 2843 1734 2879 ἤγουν
1750 2842 1798 2869 ἓτε-
