1883 3055
84 115 143 170 9δέ

672 138 704 165 IN
721 137 838 166 lSAlAM
858 138 923 167 LIB.
939 139 982 168 iV.
1000 139 1104 168 ORAT.
1119 137 1154 168 ll.

1664 136 1717 171 935

81 199 168 234 οἴκῳ,
191 197 264 225 τοῦτ’
287 197 360 225 ἐστιν
388 198 418 225 ἔν
441 198 499 234 ναῷ
521 197 553 225 τὸ
577 197 654 230 ξύλον
669 197 683 223 ὂ
705 196 832 231 ἐξέκοψεν
849 198 881 224 ὲκ

973 205 1047 231 num,
1063 198 1136 232 quod
1154 197 1186 224 de
1202 195 1268 224 silva
1283 196 1395 224 excidit.
1417 196 1455 224 Ex
1476 196 1574 232 quibus
1599 201 1719 227 ostendit

82 242 135 270 τοῦ
151 242 265 278 δρυμοῦ.
283 242 499 271 Καταδείκνυσιν
514 242 543 268 ἐν
554 241 658 272 τούτοις
668 241 731 272 τοὺς
747 241 879 268 θεοποιεῖν

82 287 232 319 ειωθίτας,
246 287 306 314 οὔτε
317 288 365 323 τὴν
379 287 445 323 ὓλην
458 287 626 322 ἠγνοηκότας
640 286 670 318 ἐξ
680 283 713 322 ἦς
723 287 879 320 γεγόνασιν,

83 334 133 360 ἵνα
153 334 191 368 μὴ
205 333 302 367 λέγωσι
321 334 407 364 τινὰς,
426 333 497 359 κατὰ
518 332 549 358 τὸ
583 332 715 366 Ἐλλήνων
741 331 810 363 ἔθος,
828 331 880 358 διῖ-

84 381 159 414 πετῆ
175 388 205 406 τε
219 380 265 406 καὶ
278 380 421 413 αὐτόγονα.
435 379 517 414 ἤγουν
532 378 713 412 αὐτολόχευτα
726 378 760 404 τὰ
781 378 810 403 ἐν
829 385 879 412 ση-

83 427 147 456 κοῖς
165 425 371 459 ἀνατεθειμένα.
389 425 450 450 Ὂτι
464 424 492 450 δὲ
503 424 552 458 τῆς
563 423 610 449 τοῦ
621 422 689 449 Θεοῦ
700 422 880 458 δημιουργίας

85 470 332 504 παρασημαινουει
352 469 396 494 τὸν
417 467 528 500 σκοπὸν,
542 467 775 502 διελέγχει¹λέγων
791 475 878 500 πεφυ-

82 515 201 540 τεῦσθαι
232 515 260 540 ἐν
286 513 381 549 δρυμῷ
408 514 438 539 τὸ
461 513 547 546 ξύλον.
570 513 753 547 ἐκτετρὼρθαι
784 513 812 539 δὲ
834 512 880 539 καὶ

82 560 177 587 ὑετῶν
191 561 345 595 χορηγίαις,
365 560 406 586 ἶνα
453 559 607 594 ἀνθρώπως
621 560 660 590 εις
676 558 775 585 καῦσιν
785 566 792 574 ο
806 558 841 585 τὰ
852 558 881 584 δὲ

84 606 131 637 εἰς
147 606 246 632 καῦσιν
259 606 389 640 γεγονότα
404 604 689 636 θεοποιοῦντες,αὑτο“ι
703 603 789 638 πυρὸς
807 605 881 629 ὲσον-

84 652 231 686 ταιτροφὴ
250 652 298 677 σὺν
311 651 414 682 αὐτοῖς.
432 651 583 684 Μονονουχὶ
597 650 817 684 καταπλήττεται
837 649 879 675 λέ-

86 698 206 731 γων,ὅτι
219 697 249 723 τὸ
265 698 350 732 ἥμισυ
363 696 531 723 κατέκαυσεν
547 697 575 722 ὲν
592 697 669 731 πυρὶ,
681 697 728 722 καὶ
742 697 801 727 ταῖς
816 696 881 722 ἑαυ-

87 742 138 769 τοῦ
149 742 319 776 δεδαπάνηκε
332 743 447 776 χρείαις.
461 741 546 768 Τοῦτο
560 741 609 777 μὲν
625 742 771 776 ὀψοποιῶν,
784 741 829 767 καὶ
842 742 881 773 εις

87 789 176 825 ἄρτου
199 789 280 823 πέψιν
296 790 330 816 τὰ
342 789 396 815 τῶν
410 789 478 815 Θεῶν
492 789 636 824 δεχόμενος
655 789 736 824 μέρη.
758 787 825 815 Εἶτα
842 789 882 820 εἰς

87 835 171 862 τοῦτο
184 836 325 862 πέπτωκεν
337 836 483 866 ἀσυνεσίας
502 837 540 866 ὡς
558 835 597 870 τῷ
611 835 659 870 τῆς
674 834 768 870 χρείας
786 834 882 868 λειψά-

931 251 977 270 eos
991 243 1036 278 qui
1053 243 1118 270 deos
1143 243 1245 277 fingere
1267 242 1365 274 solent,
1395 250 1428 269 ne
1455 243 1594 270 materiam
1609 245 1719 279 quidem

931 290 1001 316 unde
1013 289 1110 315 ﬁerent
1132 289 1308 323 ignoravisse,
1333 294 1367 314 ne
1380 294 1491 322 possent
1513 289 1594 322 aliqui
1619 290 1718 323 dicere,

928 335 1006 370 juxta
1033 335 1135 362 (ἐπιτηρεῖ
1163 335 1280 362 nationis
1308 335 1476 369 Opinionem,
1497 343 1557 369 qute
1577 336 1602 362 in
1632 337 1719 370 adytis

931 386 1008 408 erant
1026 382 1144 415 reposita
1158 387 1190 406 ac
1215 381 1347 410 dedicata.
1372 387 1386 406 a
1401 379 1466 407 Jove
1493 382 1609 414 delapsa.
1629 388 1656 408 et
1671 390 1720 408 sua

932 433 1028 462 sponte
1045 432 1121 458 nata,
1134 432 1162 454 et
1175 434 1209 454 ex
1222 435 1250 453 se
1265 427 1354 461 genita
1371 426 1463 454 fuisse.
1477 428 1552 460 Quod
1576 434 1665 454 autem
1679 430 1723 455 (ii-'

932 474 1000 500 vitim
1017 473 1166 501 crcationis
1183 473 1334 500 institutum
1362 473 1523 504 adulterent,
1545 475 1642 508 arguit,
1658 483 1721 500 cum

931 520 968 546 ait
983 527 990 545 :
1005 519 1118 554 Lignum
1136 519 1162 546 in
1180 520 1247 546 silva
1274 519 1432 553 plantatuni,
1450 524 1476 546 et
1504 519 1652 553 pluviarum
1669 521 1719 546 ini-

932 566 1043 592 nistcrio
1063 573 1095 592 ac
1107 572 1158 599 ope
1171 565 1330 596 enutritnm,
1349 570 1377 591 ut
1389 565 1541 592 hominibus
1555 568 1588 591 ait
1609 568 1720 592 tOlllilll-

932 612 1047 638 stionem
1062 611 1186 637 serviret.
1196 611 1246 643 Qtii
1261 616 1348 637 autem
1366 618 1397 637 ex
1411 611 1451 637 his
1465 619 1523 645 qna-
1540 613 1719 638 (fOlllbltatlulli

933 656 1071 683 destinata
1085 660 1175 687 erant,
1191 656 1254 682 deos
1275 655 1389 686 faciunt,
1409 655 1460 690 ipsi
1484 656 1564 682 simul
1585 665 1645 682 cuni
1667 658 1719 682 illis

933 702 1003 736 ignis
1021 702 1178 728 alimentum
1194 705 1283 727 erunt.
1297 700 1431 727 Praeterea
1449 706 1549 727 tantum
1563 710 1615 727 non
1634 703 1719 727 admi-

933 748 1038 774 ratione
1050 747 1279 781 percellitur,cum
1294 747 1358 772 dicit
1377 754 1384 772 :
1401 746 1548 772 Diniidinui
1569 750 1718 773 Culllllusail

933 792 1001 827 igni,
1015 797 1043 820 et
1057 791 1091 818 ad
1109 799 1173 818 suos
1183 799 1247 818 usus
1260 792 1415 824 assumpsit.
1435 791 1502 817 Hinc
1517 791 1637 817 edulium
1657 801 1720 818 coti-

934 838 1000 870 ﬁcil,
1019 843 1045 864 et
1056 844 1139 871 panes
1160 837 1245 868 coxit,
1264 844 1324 863 cum
1341 837 1467 871 ιςςηιὶιω»
1482 843 1582 863 sortem
1599 845 1719 871 Cupiens.

87 891 130 917 νῳ
139 883 311 917 προσκυνεῖν,
329 880 528 916 προσεύχεσθαι
543 888 572 906 τε
583 880 630 906 καὶ
647 880 752 914 λέγειν·
776 879 882 913 ἘξεΛοῦ

970 884 1037 910 ainde
1053 890 1086 910 eo
1105 882 1266 916 insipientia:
1288 883 1394 914 recidit,
1407 888 1436 908 ut
1454 876 1494 908 sui
1512 891 1575 909 usus
1595 885 1722 917 reliquias

82 937 126 963 με
144 929 185 954 ὅτι
202 928 261 960 θεός
279 936 330 962 μου
350 925 374 953 εἰ
397 927 439 953 σύ.
461 927 560 958 Σποδὸς
578 924 625 952 οὖν
645 926 700 962 ἄρα
722 927 768 953 καὶ
787 926 879 961 ἕτερον

80 974 179 1001 ῡὺδὲν.
193 975 210 1008 ἡ
228 973 325 1008 καρδία
335 972 435 1001 αὐτῶν,
454 972 501 998 καὶ
513 972 712 1007 πεπλάνηνται,
730 973 777 999 καὶ
792 972 881 1004 οὐδεὶς

81 1020 124 1045 ἂν
139 1019 257 1051 ἐξέλοιτο
268 1018 317 1050 τὰς
334 1018 388 1044 τῶν
403 1019 442 1049 εἰς
455 1017 532 1044 τοῦτο
545 1018 682 1045 πεσόντων
697 1018 795 1053 ψυχὰς,
811 1018 881 1053 πλὴν

81 1066 133 1093 ’ὅτι
149 1066 240 1100 μόνος,
251 1064 330 1099 εἴπερ
341 1064 437 1096 ἕλοιτο,
445 1063 520 1095 Θεὸς,
530 1063 614 1089 ποιῶν
626 1064 724 1096 πάντα,
735 1064 782 1090 καὶ
797 1072 881 1098 μετα-

87 1111 244 1143 σκευάςων,
260 1111 306 1137 καὶ
319 1110 443 1144 φωτίζων
453 1110 482 1135 τὸ
492 1109 694 1143 ὲσκοτισμένον,
704 1111 750 1135 καὶ
759 1109 883 1145 ἐπιστρέ-

88 1166 150 1191 φων
166 1158 197 1183 τὸ
215 1155 431 1190 πεπλανημένον.
449 1155 518 1180 Ἀλλ’
530 1155 618 1181 ἔνεστι
637 1155 686 1190 μὲν
699 1155 729 1181 τὸ
745 1156 882 1190 ἀνωφελὲς

86 1205 140 1228 καὶ
161 1202 276 1236 μάταιον
290 1203 346 1232 τοῖς
361 1201 552 1236 χειροτμήτοις
572 1200 654 1232 θεοῖς,
679 1201 728 1235 ὕλη
754 1201 807 1236 γάρ
830 1204 882 1228 εἰσι

87 1249 174 1284 κωφὴ
190 1249 237 1274 καὶ
261 1247 432 1282 ἀναίσθητος.
459 1247 542 1273 Ἴδετε
561 1247 600 1279 δὲ,
619 1247 691 1273 τοῦτ’
709 1247 777 1280 ἐστι,
799 1257 883 1275 κατα-

86 1295 221 1330 νοήσατε,
254 1293 301 1320 καὶ
314 1293 364 1320 οὐκ
378 1294 467 1328 ἐρεῖτε
478 1293 519 1319 ὅτι
534 1293 631 1327 ψεῦδος
643 1294 671 1320 ὲν
681 1295 715 1328 τῇ
731 1293 806 1329 δεξιᾷ
819 1303 880 1329 μου.

84 1340 188 1366 ,Πάντα
206 1339 257 1373 μὲν
272 1339 326 1373 γὰρ
338 1339 379 1364 ἐπ’
394 1339 520 1369 ἐκείνοις,
540 1338 633 1373 φησιν,
655 1338 809 1373 ἐψευσμένα
825 1339 883 1366 ὀνό-

91 1386 169 1421 ματά
183 1393 213 1410 τε
236 1385 282 1410 καὶ
296 1383 368 1416 δόξα,
390 1383 433 1409 Ἑν
448 1383 475 1410 δὲ
494 1385 527 1418 τῇ
549 1384 602 1419 ἐμῇ
614 1383 698 1418 δεξιᾷ,
714 1383 785 1410 τοῦτ’
799 1384 883 1416 ἐστιν,

88 1433 121 1459 ὲν
140 1431 180 1466 τῷ
192 1430 250 1465 Υἱῷ
260 1438 266 1444 ⁸
282 1429 357 1461 δεξιὰ
367 1429 422 1464 γὰρ
434 1429 479 1455 τοῦ
495 1430 601 1465 ΙΙατρὸς
619 1430 633 1455 ό
651 1430 714 1461 Υἱὸς
728 1429 884 1464 ὠνόμασται

90 1476 233 1510 πανταχῢῦ
263 1475 337 1509 παρᾶ
359 1476 391 1510 τῇ
416 1474 586 1510 θεοπνεύστῳ
610 1475 723 1516 Γραεεῇ·
745 1477 821 1504 οὐδὲν
851 1476 884 1504 ἂν

88 1523 220 1558 εὑρεθείη
236 1522 266 1548 τὸ
284 1522 461 1557 ἐψευσμένον,
477 1521 546 1548 ἀλλὰ
561 1521 608 1547 καὶ
621 1522 646 1547 εί
659 1529 688 1547 τε
703 1522 768 1554 Θεὸς
782 1523 883 1558 ὀνομά-

89 1569 257 1602 ζοιτο,⁹Θεός
282 1569 354 1594 ἐστιν
380 1563 525 1602 ’ἀληθινός
551 1567 597 1593 καὶ
622 1565 676 1592 εἴτε
697 1567 808 1602 Κύριος,
834 1568 884 1594 οὐκ

90 1613 300 1648 εισκεκριμένον
317 1608 373 1647 Eia
387 1613 418 1639 τὸ
429 1613 534 1648 χρῆμα,
555 1612 634 1646 φύσει
651 1613 679 1639 δὲ
703 1613 802 1648 μᾶλλόν
826 1613 884 1640 ἐστι

91 1660 149 1686 τῶν
169 1659 236 1685 olori
257 1659 390 1693 δεσπότης
402 1667 408 1673 ·
434 1658 485 1684 κᾶν
504 1659 528 1684 εἰ
554 1658 690 1692 βασιλεὺς,
707 1658 758 1684 κᾶν
776 1659 800 1685 εἰ
815 1658 882 1693 φῶς,

91 1705 146 1732 κᾶν
163 1705 220 1739 ζωὴ
237 1705 416 1739 καὶδύναμις,
435 1704 485 1730 κᾶν
501 1704 665 1739 δημιουργὸς
674 1724 688 1736 ,,
699 1704 787 1731 πάντα
799 1705 885 1732 ταῦτά

91 1749 170 1773 ἐστιν
182 1748 212 1774 οὐ
229 1747 468 1782 κατεψευσμένωςσ
483 1747 513 1773 οὐ
530 1748 587 1783 γάρ
606 1748 664 1773 ἐστι
680 1748 802 1783 γενητὸς,
821 1749 885 1775 ἐπέ-

90 1802 174 1820 κεινα
194 1794 222 1819 δὲ
234 1793 354 1828 φυσικῶς
365 1793 465 1823 παντὸς
482 1794 567 1819 νοοῖτο
584 1792 617 1819 ἂν
642 1792 688 1819 τοῦ
706 1793 883 1828 παρηγμένου

91 1839 166 1874 πρὸς
183 1840 295 1873 γένεσιν,
312 1839 377 1869 Θεὸς
396 1839 526 1874 ὑπάρχων
546 1839 578 1865 ἐκ
595 1838 673 1871 Θεοῦ,
685 1839 732 1865 καὶ
746 1839 803 1873 φῶς
820 1839 884 1875 ἁλη-

91 1881 170 1908 θινὸν
195 1882 226 1908 ἐκ
249 1882 335 1915 φωτὸς
357 1881 494 1916 ἀληθινοῦ.

131 1927 291 1962 Μνήσυητι
310 1926 412 1959 ταῦτα,
422 1926 526 1954 Ἰακὼϐ
539 1926 588 1953 καὶ
604 1926 738 1961 Ἰσραὴλ,
754 1926 799 1953 ὅτι
815 1926 884 1960 παῖς

87 1983 154 2010 μου
165 1972 194 2000 εἴ
201 1975 250 2000 σύ¹
265 1973 387 2000 ἕπλασά
400 1982 436 2000 σε
445 1972 535 1999 παῖδά
542 1982 601 2008 μου
611 1982 617 1988 ·
630 1973 739 2005 καὶσὺ,
748 1973 884 2008 Ἰσραὴλ,

88 2019 136 2054 μὴ
154 2019 356 2045 ἐπιλανθίὶνου
365 2027 437 2054 μου.
458 2019 530 2046 Ἰδοὺ
543 2019 598 2053 γὰρ
614 2019 769 2053 ἀπήλειψα
783 2019 822 2051 ὡς
834 2028 884 2046 νε-

91 2064 196 2099 ρέλην
206 2065 258 2096 τὰς
269 2065 395 2099 ἀνομίας
407 2071 475 2097 σου,
488 2064 538 2091 καί
549 2065 588 2097 ὡς
602 2065 717 2100 γνόφων
731 2064 784 2097 τὰς
797 2065 886 2099 ἀμαρ-

90 2111 162 2143 τίας
173 2118 241 2137 σου.
251 2109 461 2144 Ἐπιστράφηθι
473 2111 548 2144 πρός
559 2118 608 2144 με,
628 2110 680 2137 καί
694 2110 886 2145 λυτρώσομαι

89 2164 142 2184 σε.

131 2203 207 2238 Ἔφη
223 2211 274 2229 που
288 2202 418 2238 Χριστός”
434 2202 464 2229 '0
477 2202 554 2233 εἰδὼς
565 2202 596 2229 τὸ
608 2201 713 2238 θέλημα
728 2202 773 2230 τοῦ
787 2203 884 2238 κυρίου

91 2250 177 2277 αὑτοῦ
194 2250 240 2276 καὶ
265 2251 302 2285 μὴ
317 2251 432 2286 ποιήσας
454 2250 601 2286 δαρήσεται
617 2251 734 2282 πολλάς·
764 2252 777 2278 ὁ
801 2251 830 2277 δὲ
844 2251 882 2287 μὴ

92 2294 183 2326 εἰδὼς,
199 2296 245 2322 ναὶ
269 2295 306 2331 μὴ
325 2296 450 2331 ποιήσας,
476 2296 624 2332 δαρήσεται
643 2296 745 2330 ὀλίγας.
767 2297 842 2323 Ὀσία
853 2297 882 2323 δὲ

91 2339 204 2371 πάντως
222 2341 238 2375 ἡ
260 2340 301 2374 ἐφ’
316 2341 438 2376 ἐκατέρῳ
457 2341 601 2377 πράγματι
625 2341 725 2376 ψῆφος.
749 2342 810 2373 Τοῖς
832 2335 882 2377 μὲν

91 2385 150 2420 γὰρ
163 2387 213 2412 οὐκ
234 2385 315 2413 εἰδόσι
330 2386 361 2413 τὸ
384 2387 491 2422 θέλημα
511 2387 541 2413 τὸ
557 2387 727 2420 δεσποτικὸν,
749 2385 808 2414 εἶτα
825 2388 882 2415 δια-

91 2431 233 2462 πταίουσι,
248 2432 361 2462 καὶτοῖς
376 2432 425 2466 τῆς
448 2431 629 2466 παραϐάσεως
646 2432 805 2467 αἰτιάμασιν
825 2432 881 2459 ὲνι-

91 2476 241 2511 σχημένοις
258 2477 387 2512 συγγνοίη
402 2486 443 2509 τις
454 2477 486 2504 ἂν
498 2477 528 2503 τὸ
547 2478 584 2513 μὴ
597 2478 757 2512 ἐγνωκέναι,
771 2479 882 2514 δεχόμε-

91 2529 139 2552 νος
154 2521 194 2552 εἰς
209 2521 283 2547 ἐλὲυυ
295 2522 440 2556 πρόφασιν.
457 2522 518 2553 Τοῖς
529 2530 560 2556 γε
571 2521 624 2557 μὴν
639 2523 667 2549 ὲν
680 2522 780 2558 εἰδήσει
794 2523 882 2558 νόμων

91 2567 123 2593 τὸ
138 2566 269 2602 ῥᾳθυμεῖν
279 2567 426 2603 ᾑρημένοις
438 2569 610 2603 προσγένοιτο
619 2568 651 2595 ἂν
659 2570 687 2595 ἐν
698 2568 759 2604 δίκῃ
767 2569 796 2595 τὸ
804 2568 884 2595 κολά-

92 2612 190 2645 ζεσθαι
212 2613 278 2639 δεῖν.
306 2612 480 2644 Ὑπτιώσεως
505 2613 559 2648 γὰρ
586 2614 717 2648 ἐναργοῦς
740 2613 775 2640 τὰ
794 2614 883 2640 αἰτιά-

91 2666 180 2693 ματα.
194 2658 252 2684 Ἵνα
265 2657 354 2684 τοίνυν
365 2658 461 2684 ἑαυτοῦ
473 2658 578 2692 γένοιτο
592 2658 722 2694 κρείττων
735 2660 749 2685 ὁ
765 2659 884 2694 Ἰσραὴλ,

89 2703 230 2734 πλείστοις
249 2703 298 2739 μὲν
319 2704 392 2735 ὅσοις
411 2703 491 2735 ἁλοὺς
509 2704 679 2738 αἰτιάμασιν,
701 2704 838 2739 ἀμνηστίᾳ
851 2704 880 2730 δὲ

92 2750 126 2784 τῇ
145 2749 222 2784 παρὰ
237 2748 305 2776 Θεοῦ
320 2749 484 2785 τιμώμενος,
507 2749 661 2786 μεμνῆσθαι
677 2750 878 2786 προστέτακται

129 2838 154 2854 ³⁵
166 2833 232 2866 Luc.
246 2847 294 2872 XII,
307 2839 353 2871 47,
365 2839 407 2881 48,

931 931 1026 957 adoret
1038 934 1065 956 et
1078 933 1149 961 oret,
1162 934 1190 955 ct
1206 928 1279 954 dicat
1296 937 1302 955 :
1323 929 1402 962 Eripe
1419 936 1470 958 me.
1486 930 1547 962 quia
1565 931 1630 955 deus
1647 937 1725 956 n-eus

930 983 960 1002 es
981 981 1018 1002 tu.
1034 975 1109 1002 Cinis
1127 975 1240 1009 proinde
1262 978 1314 1005 est,
1336 978 1364 1000 et
1380 979 1506 1007 praetcrea
1523 974 1598 1006 nihil,
1612 983 1658 1001 ι’οΓ
1675 982 1722 1001 eo-

932 1029 1002 1051 rum.
1016 1026 1044 1048 et
1057 1021 1161 1055 decepti
1186 1024 1258 1051 sunt,
1274 1027 1323 1045 net-
1338 1020 1480 1053 quisquam
1504 1021 1603 1054 poterit
1618 1021 1721 1047 animas

931 1073 1037 1099 eorum,
1058 1067 1104 1101 qui
1122 1066 1173 1092 huc
1193 1065 1309 1099 prolapsi
1327 1070 1390 1092 sunt
1403 1072 1527 1098 eripere:
1544 1071 1723 1099 primm-qnam

932 1112 1046 1144 solus,si
1059 1112 1168 1146 quidem
1182 1111 1345 1142 veht,Deus,
1355 1112 1399 1144 qui
1411 1110 1476 1136 facit
1487 1112 1576 1137 omnia
1591 1117 1618 1138 et
1636 1117 1721 1137 trans-

919 1158 1018 1192 -ponit,
1040 1158 1111 1191 quod
1142 1161 1182 1183 est
1209 1156 1416 1183 obtenebratum
1447 1156 1577 1185 illustrat,
1598 1161 1626 1182 et
1648 1157 1721 1190 quod

933 1202 1049 1233 erravit,
1072 1202 1215 1228 convertit.
1233 1201 1366 1227 Cancrum
1390 1200 1432 1227 his
1458 1201 1509 1227 diis
1537 1209 1616 1227 inanu
1643 1202 1723 1228 tactis

934 1248 1005 1275 nulla
1021 1249 1089 1275 inest
1103 1248 1215 1280 utilitas,
1233 1246 1314 1282 590
1328 1248 1374 1274 sed
1386 1248 1490 1273 vanitas
1506 1258 1512 1274 ;
1526 1249 1624 1281 quippe
1639 1253 1722 1275 muto-

935 1293 975 1320 ria
993 1298 1057 1319 sunt
1072 1295 1152 1319 surda
1170 1298 1197 1318 et
1219 1293 1365 1318 insciis-aia.
1385 1291 1486 1322 Videte.
1502 1293 1527 1317 id
1556 1297 1607 1323 est,
1623 1292 1721 1319 intelli-

934 1338 1105 1373 gite.Etnon
1125 1338 1221 1365 dicetis
1246 1346 1254 1364 :
1284 1337 1452 1364 Mendacium
1478 1338 1503 1364 in
1531 1338 1626 1364 dextra
1651 1344 1721 1364 mea.

934 1383 1030 1410 Omnia
1045 1385 1116 1410 enim
1136 1384 1162 1410 in
1178 1384 1231 1410 illis
1242 1388 1305 1409 sunt
1320 1382 1396 1415 falsa,
1413 1388 1440 1410 et
1457 1384 1566 1409 nomina
1582 1391 1608 1410 et
1624 1383 1720 1417 gloria.

934 1429 970 1456 At
984 1429 1011 1455 iti
1029 1431 1122 1456 dextra
1139 1436 1210 1460 mea,
1223 1429 1248 1455 id
1261 1432 1314 1459 est,
1330 1429 1355 1454 in
1373 1428 1441 1455 Filio
1465 1430 1538 1463 (nam
1565 1436 1672 1463 semper
1692 1429 1720 1455 in

936 1473 1077 1508 Scriptura
1092 1474 1220 1501 divinitus
1233 1475 1375 1509 inspirata,
1388 1474 1473 1501 Fil.us
1490 1474 1644 1501 nominatur
1654 1475 1721 1501 dex-

937 1525 993 1547 tera
1020 1520 1139 1555 Patris),
1157 1521 1223 1547 nihil
1240 1520 1371 1547 mendacii
1394 1520 1507 1547 inveniri
1531 1526 1621 1554 potest
1640 1529 1647 1547 :
1673 1521 1721 1547 sed

935 1567 993 1594 sive
1009 1567 1115 1594 dicatur
1136 1568 1217 1598 Deus,
1232 1573 1270 1594 est
1292 1567 1361 1594 Deus
1379 1574 1457 1593 vertis
1474 1575 1481 1593 :
1497 1567 1554 1593 sive
1578 1566 1721 1600 Dominus,

935 1621 989 1640 non
1001 1612 1071 1640 falso
1084 1618 1131 1640 aut
1146 1613 1238 1639 furtim
1264 1612 1317 1639 huc
1340 1619 1369 1639 se
1383 1613 1511 1645 insinuat,
1535 1618 1560 1639 at
1579 1618 1620 1639 est
1635 1614 1722 1647 potius

935 1664 1031 1686 natura
1048 1660 1128 1686 herus
1147 1660 1332 1685 universorum
1350 1666 1357 1686 :
1378 1660 1434 1685 sive
1452 1666 1510 1690 rex,
1523 1659 1579 1685 sive
1595 1659 1652 1688 luit.
1665 1659 1722 1686 sive

935 1705 1001 1736 vita,
1012 1705 1068 1732 sive
1082 1706 1212 1739 potentia,
1224 1705 1283 1731 sive
1298 1705 1396 1737 opil’ex,
1407 1704 1496 1730 omnia
1509 1704 1565 1731 haec
1576 1713 1628 1731 non
1642 1712 1724 1738 vane,

936 1758 989 1777 non
1005 1750 1074 1777 falso
1087 1751 1204 1778 exsistit.
1221 1750 1277 1777 Non
1293 1750 1364 1776 enim
1379 1749 1485 1784 genitus
1497 1755 1538 1777 est
1550 1750 1720 1783 naturaliter,

934 1795 981 1823 sed
1002 1803 1081 1830 supra
1097 1796 1187 1822 omnia
1204 1802 1265 1822 esse
1280 1795 1447 1829 ἰιιιυιιιςιιιιτ,
1463 1803 1522 1830 qua:
1547 1797 1636 1831 genita
1660 1802 1722 1824 sunt

933 1844 971 1868 ac'
984 1842 1126 1875 producta,
1137 1841 1206 1868 Deus
1215 1842 1389 1868 exsistensex
1401 1841 1467 1874 Deo,
1478 1847 1506 1869 et
1519 1850 1612 1870 verum
1630 1843 1724 1871 lumen

933 1886 968 1914 de
979 1895 1041 1914 vero
1057 1887 1167 1913 lumine.

971 1930 1055 1959 Vens.
1074 1932 1119 1964 τι,
1137 1931 1182 1957 22.
1199 1930 1329 1958 Memento
1354 1931 1459 1964 horum,
1472 1931 1598 1960 lacob‘et
1626 1932 1720 1967 Ιιταει,

933 1979 995 2013 quia
1006 1987 1071 2013 puer
1089 1987 1161 2006 metu
1176 1987 1201 2005 el
1215 1986 1253 2011 tu,
1271 1979 1381 2013 formavi
1397 1984 1421 2007 te
1439 1989 1548 2014 puerum
1572 1989 1657 2008 meum
1672 1989 1682 2009 .'
1695 1986 1723 2008 ιι

934 2029 973 2057 tu,
990 2024 1089 2056 Israel,
1102 2033 1132 2052 ne
1148 2025 1308 2052 obliviscaris
1318 2027 1376 2052 nm".
1392 2025 1459 2053 Ecce
1473 2027 1541 2053 enim
1557 2027 1638 2054 delet-1'
1653 2027 1721 2054 velut

934 2070 1026 2097 nubent
1047 2071 1198 2105 iniquitates
1214 2078 1282 2102 tuas,
1307 2076 1331 2097 et
1358 2071 1426 2097 t-elttl
1446 2072 1584 2106 caliginem
1614 2076 1721 2106 peccata

934 2121 991 2143 tua.
1011 2116 1147 2143 Reuertere
1159 2117 1192 2143 ad
1206 2124 1256 2150 me,
1269 2121 1292 2143 et
1307 2116 1433 2145 redimam
1448 2122 1484 2143 te.

970 2205 1095 2232 Christus
1109 2205 1194 2232 dixit:
1208 2203 1258 2237 Qui
1276 2204 1349 2231 novit
1361 2204 1528 2231 voluntatem
1551 2205 1652 2233 domini
1667 2207 1723 2240 sui,

936 2256 1029 2279 etnon
1046 2250 1122 2283 facit,
1138 2250 1277 2284 vapulabit
1294 2250 1405 2283 multis;
1422 2251 1466 2284 qui
1483 2256 1572 2278 autetn
1597 2260 1649 2280 non
1672 2261 1721 2280 no-

937 2296 986 2328 vit,
1003 2303 1053 2323 uec
1080 2295 1154 2327 facit,
1170 2295 1306 2330 vapulabit
1326 2296 1418 2330 paucis
1431 2295 1465 2322 ".
1487 2295 1586 2323 Sancta
1612 2299 1724 2326 omnino

937 2345 980 2368 est
1004 2341 1029 2367 in
1050 2340 1155 2368 utravis
1183 2347 1213 2366 re
1241 2340 1387 2367 sententia.
1404 2340 1453 2372 Qui
1470 2341 1542 2367 enim
1558 2341 1721 2369 voluntatem

936 2387 1048 2414 herilem
1062 2393 1113 2413 non
1126 2391 1236 2419 norunt,
1247 2393 1423 2421 peccantque.
1434 2387 1487 2418 his,
1497 2387 1558 2414 licet
1572 2392 1722 2423 transgres-

936 2433 1021 2460 si0nis
1045 2432 1151 2460 crimini
1173 2433 1265 2460 aliiues
1289 2433 1355 2466 sint,
1380 2436 1466 2467 putest
1483 2434 1544 2468 quis
1570 2434 1722 2468 ignoscere,

934 2485 1043 2506 sumens
1058 2478 1237 2513 ignorantiam
1263 2479 1295 2506 ad
1318 2479 1488 2506 occasionem
1517 2479 1720 2508 misericordiae.

935 2523 988 2551 Sed
1003 2525 1047 2559 qui
1061 2532 1121 2552 eum
1137 2525 1210 2559 leges
1227 2525 1339 2557 scirent,
1359 2529 1515 2560 torpescere
1534 2525 1646 2558 malunt,
1660 2525 1724 2560 jure

935 2570 963 2597 in
981 2577 1026 2597 eos
1040 2570 1274 2598 animadvertitur.
1287 2570 1448 2605 Supinitatis
1466 2572 1539 2598 enim
1560 2574 1662 2599 crimen
1680 2576 1722 2599 est

936 2615 1185 2648 niaiiifestum.Quo
1199 2617 1279 2651 igitur
1290 2617 1385 2644 melior
1401 2617 1500 2651 seipso
1516 2617 1614 2644 evadat
1625 2617 1720 2649 lsrael,

937 2668 999 2688 cum
1020 2661 1194 2696 plurimorum
1220 2662 1363 2688 criminum
1393 2662 1532 2690 convictus
1558 2662 1656 2694 fuerit,
1683 2662 1721 2689 ita

935 2708 1065 2735 tamenin
1081 2709 1166 2742 pretio
1191 2714 1217 2736 et
1244 2708 1346 2736 honore
1360 2709 1430 2742 apud
1450 2709 1533 2736 Deum
1556 2709 1672 2741 habitus,
1693 2710 1722 2736 ut

933 2752 1056 2781 oblivisci
1077 2754 1193 2782 noluerit
1216 2764 1222 2782 :
1245 2754 1355 2789 jubetur
1384 2762 1439 2781 suae
1466 2755 1598 2782 socordia:
1627 2751 1720 2780 metui.
