1883 3055
177 151 231 180 955

177 206 262 238 nisse.
276 210 303 233 ct
315 205 383 240 ejus,
404 204 448 240 qui
466 199 514 239 pro
530 211 576 232 sua
596 204 777 238 placabilitate
792 211 833 232 cst
853 206 965 233 comiiii-
979 212 1002 238 Α

178 257 293 281 seratas.
310 251 421 284 Horum,
448 251 545 284 inquit,
565 256 710 280 memento.
723 250 817 278 Iacob.
843 251 875 278 Et
891 258 964 285 qua:—

178 306 239 325 nam
254 303 317 325 sunt
331 297 394 324 illa?
411 297 536 330 Quaejam
548 303 629 330 supra
644 297 716 323 dicta
741 302 815 328 sunt,
841 301 867 323 et
892 297 963 330 quod

178 345 249 371 ﬁlius
265 351 340 370 meus
351 348 379 369 tu
395 343 442 369 sis.
457 342 490 369 lit
505 341 617 369 formavi
632 347 656 368 te
668 349 778 376 puerum
791 349 888 368 meum.
907 341 964 368 Ma—

178 389 354 416 iiifestissimo
377 389 545 415 demonstrat
569 388 610 414 his
637 388 738 419 verbis,
772 386 897 414 lsraelein
911 395 963 414 non

175 435 296 462 caruisse
309 435 520 469 picdagogis,sed
536 434 586 469 legi
601 438 628 461 ct
642 433 705 468 iugo
719 433 854 460 subditum
870 433 962 465 fuisse,

175 487 202 509 ct
216 482 368 515 complures
385 481 533 508 inonitores
548 481 674 508 imbuisse
689 489 696 507 :
719 487 787 515 puer
815 481 904 514 itaque
915 480 965 507 fuit

175 529 203 554 in
223 529 283 560 hoc,
300 532 327 554 et
343 528 376 553 ad
394 527 444 554 hoc
473 527 614 553 formatus.
640 526 761 559 Quonam
773 526 869 560 pacto?
884 526 965 553 Dice-

176 580 235 599 mus
254 577 282 599 ut
297 579 449 606 possumus.
463 572 606 599 Formatur
613 572 685 600 enim
698 572 780 600 homo
794 572 962 607 simpliciter,

176 626 272 653 nempe
294 618 326 645 de
346 622 428 651 terra,
457 617 683 652 quemadmodum
698 621 724 644 et
751 617 854 652 primus
866 623 964 651 parens

175 665 271 691 Adam.
294 663 414 697 Siinipsit
442 663 526 693 enim,
555 663 652 697 inquit,
681 663 750 689 Deus
764 662 900 696 pulverem
930 660 964 688 de

177 713 262 741 terra,
276 713 303 736 et
319 709 398 743 591
424 708 550 736 formavit
577 708 724 735 hominem.
740 706 831 741 Serpit
855 706 961 739 deinde,

175 761 278 791 etpost
301 756 372 782 hunc
406 755 514 781 modum
545 753 692 781 creatiouis
721 752 892 787 progreditur
930 752 963 778 ad

176 803 256 835 hanc,
269 810 321 837 qua
337 809 385 829 nos
398 808 491 828 sumus
506 800 621 834 przediti,
641 799 768 826 formam.
783 798 890 825 Etenim
905 798 962 825 for-

177 854 266 876 matur
278 847 462 882 unusquisque
479 846 505 872 iu
523 851 599 873 utero
614 845 711 872 matris
724 852 789 877 suae,
806 849 834 871 et
846 844 903 871 hazc
919 844 962 871 via

175 900 256 923 terra:
268 894 371 921 incolas
385 893 458 920 ducit
468 900 510 923 eo.
523 897 552 918 ut
582 891 637 918 sint
661 891 786 918 essentia
807 890 961 925 participes.
979 878 1001 907 Β

175 941 319 970 Formatur
336 940 399 966 item
423 940 449 966 in
470 939 554 965 lilium
581 937 640 970 Dei,
663 937 868 972 intelligibiliter
883 937 967 964 infor-

175 992 276 1019 matus,
289 987 439 1014 divinarum
465 985 553 1020 legum
585 984 710 1015 scientia,
727 984 759 1010 ad
776 984 894 1018 speciem
911 982 967 1010 elli-

175 1034 299 1068 gienique
311 1031 499 1062 excellentem,
516 1037 578 1065 quae
603 1030 731 1056 virtutum
743 1032 839 1056 ornatu
860 1028 887 1055 iu
906 1028 966 1056 ani-

174 1078 375 1106 mishoiniuuni
392 1077 505 1103 inhaeret
517 1084 548 1102 ac
563 1074 672 1102 insidet.
697 1075 760 1101 Η.υο
786 1080 878 1101 autem
906 1073 966 1108 pul-

175 1125 302 1152 chriiudo
318 1124 428 1158 intelligi
445 1127 533 1157 potest
544 1121 870 1156 spiritualis.Formantur
885 1120 966 1148 etiam

175 1170 249 1198 velut
281 1170 306 1197 in
332 1170 448 1201 Christo,
467 1175 513 1203 per
528 1168 614 1195 sancti
650 1167 767 1202 Spiritus
785 1167 967 1202 participatio-

176 1223 248 1247 nem,
269 1215 302 1242 ail
320 1215 406 1248 ipsius
419 1214 546 1247 speciem.
565 1212 668 1239 Scribit
690 1211 824 1246 siquidem
838 1212 871 1239 ad
889 1212 968 1240 Gala-

176 1267 218 1289 tas
235 1261 343 1288 divinus
359 1259 458 1286 Paulus
474 1267 481 1285 :
501 1268 510 1284 ι
530 1257 701 1293 Filioli,quos
715 1258 814 1285 iterum
831 1259 966 1292 parturio,

175 1310 262 1337 donec
275 1308 406 1335 formetur
419 1305 546 1333 Christus
574 1305 600 1332 in
623 1304 700 1332 vobis
727 1305 761 1331 ".
782 1313 791 1330 ι
822 1304 968 1332 Formatur

175 1360 265 1382 autem
282 1353 309 1380 in
325 1353 403 1380 nobis
416 1351 551 1384 Christus,
565 1356 660 1378 sancto
675 1350 778 1385 Spiritu
802 1351 880 1378 nobis
895 1351 965 1378 divi-

175 1408 237 1428 nam
249 1399 393 1434 quamdam
420 1397 546 1427 formam.
567 1404 614 1431 per
631 1397 870 1424 sanctificationem
885 1401 914 1424 et
921 1396 967 1431 ju-

174 1447 277 1475 stitiam
301 1445 421 1473 indente.
451 1443 496 1470 Sic
522 1443 608 1475 enim,
622 1443 662 1470 sic
689 1444 716 1470 iii
739 1444 838 1471 animis
865 1445 966 1472 nostris

174 1492 271 1524 elucet,
283 1492 427 1518 character
456 1489 615 1516 substantia:
631 1488 678 1515 Dei
694 1496 726 1516 ac
744 1488 857 1517 Patris:
874 1490 965 1517 refor-

174 1543 275 1570 mante,
290 1541 318 1563 ut
334 1535 401 1568 dixi,
417 1539 511 1562 sancto
527 1533 643 1568 Spiritu,
653 1542 702 1561 nos
713 1542 761 1570 per
774 1535 966 1565 sanctiﬁcatio-
979 1551 1001 1581 α

173 1590 235 1610 nem
255 1582 281 1609 iii
298 1582 396 1616 ipsum.
424 1582 517 1615 Itaque
550 1588 659 1608 rursum
689 1580 758 1607 dixit
778 1581 967 1608 sanctissimus

174 1628 276 1655 Paulus
295 1636 302 1653 :
319 1636 329 1653 ι
359 1627 398 1655 Ne
423 1627 580 1655 conformes
605 1627 666 1654 sitis
694 1626 794 1654 sarculo
817 1627 890 1659 huic,
918 1627 967 1654 sed

176 1674 407 1709 transiiguremini
425 1674 523 1700 mentis
539 1677 635 1700 vestrae
661 1673 846 1704 renovatione,
857 1679 886 1699 ut
901 1679 966 1707 pro-

174 1721 247 1748 betis
269 1727 327 1752 vos,
339 1727 399 1755 quae
410 1719 446 1747 sit
459 1719 585 1747 voluntas
600 1719 647 1746 Dei
659 1719 740 1751 bona,
769 1723 797 1746 et
810 1724 921 1753 accepta
939 1723 966 1746 et

173 1765 294 1801 perfecta
304 1765 338 1792 ".
353 1774 363 1791 ι
380 1765 450 1798 Quin
466 1769 494 1792 et
505 1765 626 1792 velamen
639 1764 705 1792 dicit
716 1764 867 1799 appositum
883 1764 966 1791 fuisse

173 1811 328 1838 Judaaoruin
348 1811 486 1843 cordibus,
501 1818 550 1838 nos
564 1815 654 1837 autent
670 1816 766 1837 omnes
777 1810 884 1837 detecta
896 1809 967 1837 facie

175 1857 288 1892 gloriam
300 1856 406 1884 Domini
419 1856 601 1891 speculantes,
634 1857 661 1883 in
688 1857 813 1884 eamdem
835 1855 967 1884 transfor-

175 1905 244 1931 mari
265 1904 419 1939 iniaginem,
447 1910 463 1930 a
486 1903 573 1938 gloria
592 1903 619 1930 in
636 1902 761 1937 gloriam,
792 1906 921 1937 tanquam
950 1909 966 1929 ε

174 1950 279 1978 Domini
296 1949 440 1985 Spiritu".
455 1948 617 1977 Formamur
633 1949 714 1984 igitur
738 1949 764 1976 in
790 1956 889 1983 pueros
907 1948 963 1975 Dei.

174 1995 307 2028 Quoniam
322 2001 412 2024 autem
439 1996 514 2031 pueri
539 2002 638 2022 nomen
662 2002 806 2023 commune
820 2000 880 2028 est;
898 1994 967 2022 acci-

175 2042 247 2076 pitur
261 2042 334 2069 enim
353 2047 409 2069 tum
434 2042 468 2069 de
491 2041 595 2073 servis,
617 2045 674 2068 tum
698 2041 732 2068 de
759 2040 832 2074 ﬁliis,
849 2040 966 2068 dicimus

174 2087 320 2114 convenire
340 2087 466 2114 formatis
488 2087 515 2113 in
539 2086 609 2121 lege,
637 2092 666 2114 ut
696 2087 786 2122 potius
819 2087 846 2115 in
872 2095 965 2116 servos

176 2132 336 2160 formentur.
369 2133 488 2167 Spiritus
517 2134 589 2161 enim
619 2134 758 2162 servitutis
791 2139 851 2162 erat
884 2141 966 2170 super

176 2178 275 2212 Israel,
308 2183 335 2206 et
365 2186 460 2205 eorum
492 2179 617 2206 socordia
656 2179 710 2207 illis
738 2187 792 2208 non
822 2184 882 2208 erat
913 2180 964 2207 im-

177 2227 296 2260 punita:
323 2226 423 2259 quippe
443 2232 510 2259 quos
537 2225 579 2252 lea
606 2230 636 2252 ut
670 2233 763 2254 servos
790 2227 905 2261 punivit.
936 2226 964 2253 Si
982 2228 1003 2255 D

176 2272 238 2306 quis
251 2276 341 2298 autem
358 2270 489 2298 formetur
503 2271 529 2298 iii
545 2271 665 2305 Christo,
681 2272 709 2298 in
737 2272 822 2299 filium
841 2272 887 2300 Dei
911 2272 967 2300 for-

177 2323 276 2348 matur,
297 2317 348 2348 his,
361 2324 429 2349 quos
454 2317 510 2352 jam
538 2318 666 2351 diximus,
687 2319 786 2347 modis.
811 2318 967 2347 Meminisse

177 2364 268 2398 itaque
283 2367 390 2397 oportet
403 2364 483 2390 etiam
501 2364 677 2392 humanitatis
693 2365 752 2400 ejus
766 2365 811 2399 qui
821 2365 964 2399 jnstilicai,

177 2409 287 2442 etquod
318 2410 402 2436 simus
422 2410 448 2436 in
476 2409 592 2437 filiorum
625 2411 810 2446 adoptionem,
837 2414 964 2447 atquein

177 2455 290 2490 gloriam
306 2454 423 2486 formati,
436 2463 467 2482 ac
481 2461 608 2491 tanquam
623 2456 696 2484 Patri
718 2458 782 2490 Deo,
797 2465 891 2485 eorum
907 2466 967 2493 qua:

178 2501 205 2528 in
216 2509 265 2528 nos
280 2500 349 2528 facta
361 2506 424 2528 sunt
439 2502 472 2529 ab
483 2502 550 2536 ipso,
574 2505 650 2538 quasi
674 2504 747 2531 vices
773 2505 963 2539 rependentes.

178 2546 237 2580 Quo
252 2551 340 2573 autem
355 2553 434 2581 pacto
444 2553 517 2576 recte
531 2550 581 2576 hoc
592 2549 650 2582 fiat,
665 2550 753 2582 docet,
771 2558 832 2578 cuni
854 2551 940 2586 inquit
957 2560 964 2578 :

179 2592 211 2620 Et
229 2597 267 2625 to,
294 2593 385 2626 Israel,
398 2601 432 2620 ne
448 2594 485 2620 sis
515 2594 616 2621 oblitus
635 2595 697 2623 mei.
719 2595 847 2624 Oblivisci
875 2603 964 2625 autem

179 2637 240 2671 quis
253 2639 350 2672 poterit
365 2639 421 2671 Dei,
435 2647 495 2666 cum
510 2639 637 2673 pietatem
654 2649 713 2675 qua!
742 2649 805 2676 erga
832 2643 906 2670 illiiiii
924 2650 967 2671 est

178 2684 338 2717 contemnit,
352 2689 470 2712 autcum
486 2693 596 2720 prorsus
622 2689 734 2715 recedit.
749 2689 825 2721 Quod
836 2690 966 2718 Israelita:

178 2729 346 2763 factitarunt,
363 2739 424 2758 cum
440 2739 494 2758 non
507 2732 572 2759 deos
586 2733 713 2760 colebant
727 2742 735 2761 :
755 2735 859 2763 faciunt
873 2737 967 2764 etiam-

179 2780 243 2801 num
261 2776 381 2810 quidam.
398 2784 458 2804 cum
481 2779 652 2806 retrocedimt
669 2787 684 2806 a
715 2780 796 2816 592
822 2782 884 2816 ﬁde,
898 2791 968 2818 quo-

214 2870 238 2888 ⁸⁸
249 2872 308 2901 Gal.
321 2881 357 2908 tv,
372 2873 412 2901 l9.
451 2875 473 2890 "
486 2875 565 2904 Rom.
585 2884 634 2905 an.
646 2877 672 2905 2.
711 2878 734 2895 ’⁷
748 2878 770 2908 ll
785 2878 848 2909 Cor.
870 2889 910 2917 ni,
926 2882 967 2911 Η.

666 148 694 178 S.
716 149 853 178 CYRILLI
872 148 1107 177 ALEXANDRINI
1127 149 1287 178 ARCHlEP.

1742 120 1748 125 .
1765 145 1818 175 9313

1017 205 1066 240 τῆς
1086 205 1183 233 ἑαυτοῦ
1204 206 1351 241 ῥᾳθυμίας,
1373 206 1420 233 καὶ
1438 206 1486 241 τῆς
1507 205 1553 232 τοῦ
1578 202 1817 238 χατοικτείροντσί

1016 251 1194 286 ἡμερότητος.
1212 251 1354 288 Μνήσθητι
1382 252 1436 286 γὰρ
1460 251 1556 284 ταῦτα,
1573 251 1673 286 φησὶν,
1703 248 1817 276 Ὶακώῦ.

1016 298 1070 324 Καὶ
1083 299 1146 324 ποῖα
1158 298 1259 329 uitat;
1270 298 1291 324 Τ
1293 299 1310 325 ἀ
1320 307 1348 325 τε
1361 299 1412 334 ἠδη
1426 298 1625 334 προειρημένα,
1635 298 1684 323 καὶ
1697 296 1739 322 ὅτι
1751 296 1818 326 παῖς

1017 352 1068 379 μου
1085 342 1110 370 εἴ
1126 344 1169 371 σύ.
1200 345 1255 371 Καὶ
1277 344 1383 372 ἔπλασά
1405 353 1435 371 σε
1459 345 1543 372 παῖδά
1558 353 1622 380 μου.
1639 342 1818 371 Διαδείκνυσι

1015 390 1043 417 δὲ
1060 391 1105 417 καὶ
1124 391 1196 426 μάλα
1225 391 1319 425 σαφῶς
1344 392 1373 418 ὲν
1392 391 1508 423 τούτοις,
1524 391 1565 417 ὅτι
1582 389 1638 426 [οὗ]
1657 389 1819 425 μεμένηκεν

1015 437 1242 474 ἀπαιδαγώγητος
1261 439 1275 465 ὁ
1301 438 1420 475 Ἰσραὴλ,
1434 438 1493 465 ἀλλ’
1508 436 1542 474 ἧν
1566 438 1620 464 ὑπὸ
1646 437 1732 473 νόμον
1764 437 1817 462 καὶ

1015 482 1097 516 ζυγὰ,
1121 484 1168 510 καὶ
1192 483 1335 515 πλείστους
1354 483 1423 518 ἔχων
1449 484 1513 514 τοὺς
1534 481 1671 509 νουθετεῖν
1691 481 1815 512 εἰδότας·

1015 529 1079 559 παῖς
1095 526 1141 555 οὖν
1152 528 1205 564 ἄρα
1219 529 1289 556 κατὰ
1305 529 1384 555 τοῦτο
1397 529 1443 555 καὶ
1457 528 1648 563 πεπλασμένος
1665 527 1706 559 είς
1720 526 1814 553 τοῦτο.

1015 574 1081 601 Τίνα
1098 575 1126 601 δὲ
1140 575 1250 610 τρόπον,
1271 575 1387 611 ἐροῦμεν
1404 576 1441 607 ὡς
1458 575 1507 602 ἔνι.
1522 575 1672 602 Πλάττεται
1690 574 1742 608 μὲν
1759 573 1816 606 γάρ

1014 629 1056 652 τις
1069 620 1211 655 ἄνθρωπος
1228 621 1331 653 ἁπλῶς,
1345 621 1471 656 καθάπερ
1486 621 1582 656 ἀμέλει
1598 620 1648 646 καὶ
1669 621 1685 646 6
1702 619 1815 653 προπά-

1013 675 1071 702 τωρ
1090 667 1174 702 Ἀδὰμ
1189 668 1222 694 ἐκ
1240 667 1302 702 γῆς.
1325 667 1422 694 Ἐλαϐε
1439 667 1504 702 γὰρ,
1522 667 1614 701 φησιν,
1632 667 1646 692 6
1667 666 1735 696 Θεὸς
1748 664 1815 700 χοῦν

1013 713 1068 740 ἀπὸ
1085 714 1134 749 τῆς
1152 714 1214 749 γῆς,
1231 714 1278 740 καὶ
1293 713 1394 741 ἔπλασε
1410 713 1456 739 τὸν
1480 713 1635 748 ἄνθρωπον.
1665 711 1768 747 Ἔρπει
1784 710 1813 736 εδ

1014 758 1086 785 κατά
1100 766 1132 792 γε
1157 758 1206 785 τὸν
1218 759 1268 793 τῆς
1281 758 1461 794 δημιουργίας
1475 758 1586 792 τρόπον,
1604 757 1653 784 καὶ
1673 757 1713 787 είς
1732 755 1814 791 δεῦρο

1013 804 1048 830 τὰ
1065 804 1126 831 καθ’
1143 805 1225 840 ἡμᾶς.
1240 805 1389 832 Πλάττεται
1404 805 1458 840 γὰρ
1469 804 1585 835 ἕκαστος
1602 804 1633 830 ὲν
1644 803 1746 838 γαστρὶ
1762 801 1814 837 τῆς

1015 850 1114 877 ἑαυτοῦ
1132 851 1245 887 μητρὸς,
1259 852 1307 878 καὶ
1319 851 1378 883 ὁδὸς
1388 851 1458 887 αὕτη
1478 850 1546 886 πρὸς
1561 849 1591 876 τὸ
1604 848 1676 876 εἶναι
1691 849 1815 884 φέρουσα

1016 897 1079 928 τοὺς
1093 896 1139 922 ἐπὶ
1153 897 1203 932 τῆς
1219 897 1282 932 γῆς.
1305 896 1456 923 Πλάττεται
1471 896 1500 923 δὲ
1515 896 1563 922 καὶ
1579 897 1619 927 είς
1641 895 1725 921 παῖδα
1743 894 1813 921 Θεοῦ

1016 942 1252 978 διαμορφούμενος
1267 943 1370 978 νοητῶς
1385 944 1418 978 τῇ
1437 943 1491 970 τῶν
1511 942 1591 969 θείων
1603 942 1707 977 είδήσει
1721 941 1814 976 νόμων

1018 989 1087 1024 πρὸς
1104 987 1175 1021 εἶδος
1194 989 1344 1026 ἐξαίρετον,
1361 990 1391 1016 τὸ
1410 991 1442 1016 ὲκ
1460 989 1511 1024 τῆς
1526 989 1581 1015 τῶν
1607 988 1716 1024 ἀρετῶν
1733 988 1814 1014 εὐκο-

1018 1035 1099 1070 σμίας
1109 1037 1170 1068 ταῖς
1179 1036 1233 1063 τῶν
1243 1036 1290 1063 ἀνθ
1294 1036 1392 1072 ρώπων
1402 1037 1480 1064 ὲπισυ
1485 1034 1596 1071 μϐαἰνον
1605 1035 1716 1070 ψυχαῖς.
1727 1034 1814 1061 Τοῦτο

1017 1081 1115 1113 κάλλος
1131 1082 1164 1108 ἂν
1176 1083 1261 1108 νοοῖτο
1278 1083 1308 1109 τὸ
1321 1082 1515 1118 πνευματικόν.
1538 1082 1707 1109 Πλάττονται
1723 1081 1753 1107 δὲ
1766 1081 1814 1107 καὶ

1015 1125 1072 1154 οἷον
1093 1128 1123 1155 ὲν
1150 1128 1261 1163 Χριστῷ
1283 1128 1326 1155 διὰ
1348 1128 1466 1164 μετοχῆς
1482 1128 1529 1155 τοῦ
1546 1128 1625 1162 ἁγίου
1652 1127 1814 1163 Πνεῦμα-τος

1017 1174 1057 1205 είς
1074 1171 1143 1205 εἶδος
1163 1174 1194 1199 τὸ
1207 1174 1276 1209 πρὸς
1290 1173 1381 1201 αὐτόν.
1400 1174 1504 1209 Γράφει
1526 1173 1591 1207 γοῦν
1614 1173 1752 1204 Γαλάταις
1765 1173 1814 1199 καὶ

1017 1219 1032 1245 6
1040 1219 1183 1251 θεσπέσιος
1193 1218 1298 1251 Παῦλος
1307 1227 1314 1234 ·
1333 1227 1342 1245 t
1354 1219 1463 1250 Τεκνία,
1471 1218 1517 1250 οὓς
1531 1218 1611 1245 πάλιν
1623 1218 1721 1250 ὠδίνω,
1734 1217 1813 1253 ἄχρις

1017 1263 1047 1293 οὗ
1061 1265 1192 1302 μορφωθῇ
1206 1265 1321 1301 Χριστὸς
1333 1266 1362 1291 ὲν
1377 1266 1451 1301 ὑμῖν.
1470 1275 1479 1291 ι
1498 1264 1660 1301 Μορφοῦταὶ
1673 1273 1706 1298 γε
1715 1263 1770 1298 μὴν
1782 1263 1813 1289 ιν

1018 1313 1084 1348 ἡμῖν
1100 1314 1115 1339 6
1127 1313 1255 1348 Χριστὸς,
1270 1311 1386 1343 ὲνιέντος
1405 1313 1471 1347 ἡμῖν
1484 1311 1532 1338 τοῦ
1550 1311 1630 1346 ἁγίου
1650 1311 1813 1345 Πνεῦματος

1018 1360 1094 1387 θείαν
1110 1359 1171 1386 τινὰ
1190 1359 1340 1394 μόρφωσιν,
1359 1359 1392 1385 δι’
1408 1359 1543 1394 ἁγιασμοῦ
1561 1359 1610 1385 καὶ
1624 1357 1812 1393 δικαιοσύνης.

1019 1405 1096 1432 Οὕτω
1109 1405 1174 1440 γὰρ,
1189 1404 1261 1431 οὕτω
1274 1405 1333 1436 ταῖς
1351 1403 1499 1439 ἡμετέραις
1521 1403 1661 1438 ἐμπρέπει
1680 1402 1781 1437 ψυχαῖς
1797 1401 1815 1428 6

1018 1451 1161 1487 χαρακτὴρ
1179 1452 1230 1486 τῆς
1251 1450 1425 1481 ὑποστάσεως
1448 1449 1495 1476 τοῦ
1518 1449 1586 1475 Θεοῦ
1613 1449 1662 1475 καὶ
1693 1447 1813 1482 Πατρὺς.

1018 1497 1240 1533 ἀναμορφοῦντος
1255 1498 1339 1533 ἡμᾶς,
1354 1497 1392 1529 ὡς
1405 1496 1483 1532 ἔφην,
1495 1496 1542 1522 τοῦ
1558 1495 1639 1530 ἁγίου
1651 1494 1815 1529 Πνεὺματος

1017 1544 1051 1570 δι’
1069 1543 1205 1579 ἁγιασμοῦ
1215 1545 1283 1580 πρὸς
1298 1543 1389 1570 αὐτόν.
1409 1543 1481 1578 Ἔφη
1498 1542 1564 1576 γοῦν
1577 1542 1626 1569 καὶ
1637 1543 1650 1568 6
1665 1541 1815 1577 ἱερώτατος

1020 1589 1102 1616 πάλιν
1120 1589 1226 1621 Παῦλος
1238 1598 1244 1605 ·
1265 1599 1274 1615 ι
1291 1589 1338 1625 Μὴ
1352 1588 1588 1625 συσχηματίζεσθε
1601 1587 1640 1623 τῷ
1654 1587 1734 1614 αἰῶνι
1750 1587 1816 1613 τού-

1018 1643 1066 1671 τῳ,
1088 1635 1159 1663 ἀλλὰ
1185 1634 1394 1670 ἀναμορφοῦσθε
1422 1636 1455 1670 τῇ
1475 1633 1658 1661 ἀνακαινώσει
1679 1632 1727 1660 τοῦ
1752 1633 1815 1664 νοὸς

1019 1681 1106 1717 ὑμῶν,
1118 1681 1158 1712 είς
1172 1680 1203 1707 τὸ
1216 1680 1375 1716 δοκιμάζειν
1394 1681 1467 1716 ὑμᾶς
1476 1681 1502 1706 τί
1515 1680 1545 1707 τὸ
1563 1680 1670 1715 θέλημα
1683 1679 1732 1707 τοῦ
1744 1679 1815 1705 Θεοῦ

1017 1728 1049 1754 τὺ
1071 1727 1181 1762 ἀγαθόν.
1198 1737 1208 1754 ι
1229 1727 1285 1754 Καὶ
1307 1727 1455 1762 εὐάρεστον
1483 1727 1531 1754 καὶ
1556 1727 1660 1754 τέλειον
1692 1726 1740 1753 καὶ
1762 1725 1815 1753 κά-

1017 1774 1113 1811 λυμμα
1131 1775 1180 1811 μὲν
1193 1775 1253 1807 ταῖς
1271 1774 1406 1801 Ἰουδαίων
1422 1774 1545 1810 καρδίαις
1557 1773 1698 1800 τεθεῖσθαί
1715 1781 1814 1809 φησιν.

1017 1823 1091 1858 ἡμᾶς
1119 1822 1147 1849 δὲ
1176 1822 1278 1853 πάντας
1311 1820 1566 1856 ἀνακεκαλυμμένῳ
1591 1819 1734 1855 προσώπῳ
1763 1819 1816 1854 τὴν

1017 1869 1096 1901 δόξαν
1111 1868 1215 1904 Κυρίου
1237 1867 1521 1903 κατοπτριζομένους,
1541 1865 1592 1902 τὴν
1615 1865 1702 1901 αὐτὴν
1719 1865 1815 1893 είκὸνα

1019 1914 1264 1950 μεταμορφοῦσθαι
1285 1914 1339 1941 ἀπὸ
1360 1913 1440 1949 δόξης
1451 1914 1491 1945 είς
1502 1912 1594 1946 δόξαν,
1613 1912 1744 1948 καθάπερ
1758 1912 1816 1939 ἀπὸ

1017 1961 1121 1996 Κυρίου
1149 1960 1317 1996 Πνεύματος.
1338 1959 1516 1995 Πλαττόμεθα
1541 1959 1574 1995 δὴ
1595 1957 1643 1987 οὗν
1665 1960 1706 1991 είς
1729 1959 1816 1986 παῖδα.

1017 2006 1096 2033 Θεοῦ.
1131 2007 1238 2042 Ἐπειδὴ
1260 2006 1288 2033 δὲ
1307 2006 1338 2033 τὸ
1358 2006 1405 2033 τοῦ
1431 2006 1526 2038 παιδὸς
1543 2005 1629 2042 ὄνομα
1646 2006 1737 2033 κοινόν
1755 2004 1816 2037 πῶς

1018 2054 1093 2079 ἔστι·
1126 2052 1293 2087 λαμϐάνεται
1318 2053 1372 2089 γὰρ
1394 2052 1440 2079 ὲπί
1462 2061 1492 2079 τι
1519 2052 1636 2079 οἰκετῶν
1659 2051 1708 2079 καὶ
1734 2052 1814 2084 υίῶν,

1018 2098 1118 2133 φαμὲν,
1133 2099 1174 2125 ὅτι
1188 2099 1287 2134 πρέποι
1303 2098 1336 2125 ἂν
1354 2099 1413 2130 τοῖς
1432 2099 1460 2125 ὲν
1477 2097 1553 2133 νόμῳ
1570 2097 1770 2133 πλαττομένοις
1783 2097 1816 2123 τὸ

1017 2145 1056 2177 είς
1090 2145 1198 2176 οἰκέτας
1226 2144 1391 2172 πλάττεσθαι
1419 2143 1529 2179 μᾶλλον.
1556 2143 1671 2179 Πνεῦμα
1701 2143 1756 2179 γὰρ
1779 2141 1815 2178 ἦν

1018 2190 1138 2222 δουλείας
1152 2190 1198 2216 ἐπὶ
1216 2190 1262 2217 τὸν
1281 2189 1399 2226 Ἰσραὴλ,
1416 2191 1464 2216 καὶ
1481 2187 1515 2224 ἦν
1532 2190 1623 2220 αὐτοῖς
1638 2189 1668 2215 τὸ
1680 2189 1815 2225 ῥᾳθυμεῖν

1017 2236 1068 2263 οὐκ
1079 2235 1205 2271 ἀζήμιον·
1225 2236 1336 2268 ἐκόλαζε
1349 2235 1404 2272 γὰρ
1427 2235 1465 2267 ὠς
1477 2235 1587 2266 οἰκέτας
1601 2236 1615 2262 6
1628 2235 1721 2271 νόμος.
1742 2235 1772 2261 Εί
1785 2235 1815 2262 δὲ

1018 2283 1048 2308 ὲν
1068 2282 1179 2320 Χριστῷ
1196 2281 1340 2308 πλάττοιτό
1357 2290 1410 2314 τις,
1422 2282 1462 2313 είς
1487 2281 1546 2308 υίον
1564 2281 1712 2308 πλάττεται
1734 2280 1814 2312 Θεοῦ,

1019 2328 1090 2354 κατά
1105 2336 1137 2362 γε
1150 2328 1213 2359 τοὺς
1228 2327 1328 2363 ἀρτίως
1351 2328 1514 2363 είρημένους
1529 2328 1658 2363 τρόπους.
1678 2327 1740 2363 Χρὴ
1757 2336 1814 2354 toto

1018 2374 1121 2410 γαροῦν
1150 2374 1304 2410 μεμνῆσθαι
1327 2374 1373 2400 καὶ
1390 2374 1439 2408 τῆς
1460 2374 1507 2400 τοῦ
1528 2373 1698 2405 δικαιοῦντος
1720 2374 1814 2408 φιλαν-

1019 2420 1158 2455 θρωπίας,
1181 2420 1229 2447 καὶ
1254 2420 1294 2447 ὅτι
1317 2420 1499 2455 πεπλάσμεθα
1529 2419 1599 2455 πρὸς
1630 2420 1744 2454 υίότητα
1768 2420 1815 2446 χαὶ

1019 2465 1109 2499 δόξαν,
1127 2466 1175 2493 καὶ
1188 2463 1243 2493 οἷον
1261 2466 1299 2502 τῷ
1318 2467 1406 2501 Πατρὶ
1419 2466 1457 2502 τῷ
1474 2466 1533 2502 Θεῷ
1547 2467 1588 2498 είς
1600 2467 1676 2502 ἡμᾶς
1691 2466 1756 2502 παρ’
1766 2466 1815 2492 αὺ-

1018 2511 1065 2538 τοῦ
1087 2512 1240 2547 γενομένων
1258 2512 1501 2544 ἀνταποτιννύντες
1528 2513 1576 2544 τὰς
1601 2512 1733 2547 ἀμοιϐάς.
1760 2512 1814 2538 Καὶ

1020 2558 1092 2589 ὅπως
1106 2558 1139 2584 ἂν
1153 2558 1256 2592 γένοιτο
1269 2557 1357 2591 τοῦτο,
1372 2558 1461 2590 καλῶς
1470 2559 1626 2586 ὲκπαιδεύει
1638 2558 1727 2592 λέγων
1739 2566 1746 2573 ·
1761 2557 1814 2585 Καὶ

1022 2604 1065 2636 σὺ,
1081 2603 1201 2640 Ἰσραὴλ,
1219 2603 1257 2640 μὴ
1271 2603 1454 2631 ὲπιλανθάνου
1469 2613 1531 2640 μου.
1547 2604 1772 2632 Ἐπιλανθάνοιτο
1784 2604 1810 2630 δι

1019 2649 1052 2675 ἄν
1069 2658 1110 2680 τις
1131 2649 1209 2681 Θεοῦ,
1226 2650 1274 2684 τῆς
1295 2650 1333 2681 είς
1353 2650 1433 2676 αὑτὸν
1458 2649 1601 2677 εὐσεϐείας
1624 2650 1777 2686 ὀλιγωρῶν,
1795 2649 1811 2683 ἢ

1020 2697 1066 2722 καὶ
1077 2697 1193 2723 είςὰπαν
1207 2696 1371 2731 ἀποφοιτῶν.
1389 2696 1541 2733 Δεδράκασι
1553 2695 1603 2732 μὲν
1617 2697 1644 2723 οἱ
1659 2696 1691 2729 ἐξ
1709 2695 1812 2731 Ἰσραὴλ

1019 2741 1097 2768 τοῦτο
1110 2744 1166 2774 τοῖς
1187 2742 1236 2769 οὐκ
1259 2741 1318 2770 οὖσι
1347 2743 1417 2775 θεοῖς
1440 2743 1658 2778 λατρεύσαντες·
1678 2743 1765 2779 δρῶσι
1785 2742 1813 2770 δι

1020 2787 1066 2813 καὶ
1083 2788 1122 2819 είς
1135 2787 1214 2823 δεῦρό
1232 2797 1304 2820 τινες
1328 2788 1424 2816 ἁνὸπιν
1445 2789 1529 2820 ίόντες
1547 2788 1619 2824 μετὰ
1638 2787 1690 2815 τὴν
1713 2789 1812 2822 πίστιν,
