1883 3055
73 161 123 189 9ιὸ

654 163 685 190 IN
707 163 821 191 lS.\lA.\i
841 163 905 191 LIB.
927 164 970 192 IV.
991 163 1095 200 ΟΒΑΤ.
1114 164 1143 191 Il.

1644 163 1695 187 9:0

70 226 117 252 νης
126 216 180 251 τῆς
195 217 226 244 ἐν
237 217 325 249 αὐτοῖς
339 218 444 252 σοφίας,
455 219 471 254 ἡ
483 218 585 254 ψυχική
607 220 636 246 τέ
655 221 713 246 ἐστι
736 221 782 246 καὶ
801 220 860 246 ἐπί-

932 221 1074 254 Iararetur,
1091 226 1121 249 ut
1141 229 1201 256 qua:
1215 226 1285 249 esset
1301 222 1436 253 animalis,
1462 224 1570 248 terrena
1597 225 1623 246 ct
1645 221 1698 246 da:-

70 271 143 299 γειος
158 262 356 298 δαιμωνιώδης.
367 265 552 300 Μεμωράνθαι
567 265 596 292 δέ
613 274 677 301 φησι
693 266 743 302 τὴν
761 266 857 300 σοφίαν

70 308 115 335 τοῦ
125 309 243 344 κόσμου,
254 309 329 344 παρὰ
337 309 404 336 Θεοῦ
415 311 546 346 δηλονότι,
557 312 603 338 καὶ
614 313 627 338 ό
638 312 775 348 πάνσοφος
786 312 859 339 Παῦ-

70 355 123 386 λος.
138 354 383 390 Ἀποστραφὲντων
404 355 443 388 δὲ,
467 357 543 391 φησὶ,
566 357 618 384 τῶν
641 358 791 393 φρονίμων,
813 358 859 385 καὶ

72 401 160 435 πάσης
169 401 261 427 αὐτῶν
274 401 369 436 βουλῆς
380 402 511 428 ἀσυνέτου
523 412 553 429 τε
571 404 617 430 καὶ
635 404 749 439 ἀνοήτου
760 413 859 431 παντε-

71 445 123 478 λῶς
141 446 389 482 ἀποδεδειγμένης,
408 447 523 483 ἔστησεν
541 449 554 475 ὁ
573 449 638 481 Θεὸς
656 450 704 476 καὶ
723 449 818 485 Πατὴρ
827 450 860 477 τὰ

74 493 183 526 ῥήματα
201 491 250 518 τοῦ
262 492 358 518 ἑαυτοῦ
370 493 478 524 Παιδὸς,
486 493 557 520 τοῦτ’
566 494 634 528 ἐστι,
646 495 675 521 τὸ
685 495 796 529 εὐαγγε)
804 495 860 522 ικδν

73 537 117 563 καὶ
136 538 274 572 σωτήριον
290 537 438 573 θέσπισμα,
450 539 518 574 ὅπερ
533 541 600 575 ἡμῖν
610 541 690 572 αὐτὸς
701 541 830 576 ἐλάλησεν
847 543 861 568 ὁ

75 583 198 616 Χριστός.
209 583 346 615 Ἀπέδειξε
363 584 392 610 δὲ
411 586 458 611 καὶ
475 586 561 622 ἀληθῆ
576 587 625 621 τὴν
641 587 737 622 βουλὴν
748 587 801 613 τῶν
812 588 860 622 ἀγ-

74 629 157 664 γέλων
167 629 395 664 αὐτοῦ.”Αγγελοι
405 630 459 666 γὰρ
474 632 594 667 νοηθεῖεν
611 632 644 659 ἂν
659 634 683 659 οἱ
699 633 732 659 τὰ
743 634 860 669 Χριστοῦ

76 675 281 710 πρεσϐεύοντες,
294 676 340 702 καὶ
356 676 395 711 τῷ
413 677 507 713 κόσμῳ
524 678 759 713 διακηρύττοντες.
775 679 859 715 Βουλὴ

75 721 101 746 δὲ
110 718 143 756 ἦν
153 721 248 752 αὐτοῖς
258 721 358 756 ἀγαθὴ,
369 722 417 748 καὶ
428 723 588 758 παραίνεσις
598 726 654 756 τοῖς
663 726 821 761 ἁπανταχοῦ
831 728 861 754 τδ

77 766 126 793 τῶν
144 766 269 801 ἀρχαίων
290 767 339 802 μὲν
356 769 525 804 αὶτιαμάτων
542 769 702 806 ἀποροιτᾷν,
723 772 861 808 ἀναρρών-

76 812 166 838 quae“
175 812 204 838 δὲ
217 813 285 848 πρὸς
297 813 491 850 ἀγαθουργίας,
503 816 549 842 καὶ
559 815 613 842 τῶν
631 817 783 851 ἀμεινόνων
799 819 859 846 ἀντι

78 857 191 892 ἔχεσθαι,
205 859 253 885 καὶ
269 858 335 886 Θεὸν
351 860 451 887 εἰδέναι
469 860 514 887 τὸν
531 861 611 895 φύσει
623 863 669 889 καὶ
686 863 805 898 ἀληθῶς,
816 865 862 891 καὶ

77 905 131 934 τοῖς
147 903 232 930 αὑτοῦ
251 905 344 940 νόμοις
363 906 523 940 ὑπενεγκεῖν
533 907 577 933 τὸν
588 908 699 943 αὐχένα,
713 909 820 945 τρέχειν
838 911 865 937 ἑὲ

77 948 143 975 οὓτω
164 949 234 984 πρὸς
254 951 390 985 σωτηρίαν
413 951 459 978 καὶ
481 951 563 986 ζωήν.
577 953 682 979 Οὐκοῦν
702 955 795 989 μεστοὶ
816 955 864 990 μὲν

79 997 181 1031 ἁπάσης
191 996 320 1031 ἀληθείας
332 997 400 1023 εἰσὶν
411 998 434 1023 οἱ
445 997 510 1032 παρ’
520 996 609 1023 αὐτῶν
620 997 693 1031 λόγοι
702 1006 708 1012 ·
722 998 865 1034 μεμώραν-

79 1051 120 1070 ται
135 1043 162 1070 δὲ
177 1043 212 1069 τὰ.
227 1043 372 1079 Ἑλλήνων,
384 1043 414 1069 τὸ
426 1045 471 1078 τῆς
483 1043 610 1078 ἀληθείας
620 1044 670 1071 οὐκ
680 1044 787 1080 ἔχοντες
798 1045 864 1072 κάλ·
878 1063 880 1065 τ

79 1089 134 1120 λος·
151 1089 241 1116 πάντα
255 1089 309 1124 γὰρ
330 1091 394 1124 παρ’
409 1089 521 1121 ἐκείνοις
531 1089 628 1124 ψευδῆ,
640 1091 688 1116 καὶ
698 1091 864 1126 προφητεία,

80 1136 122 1162 καὶ
141 1135 259 1168 σύνεσις,
272 1137 318 1162 καὶ
336 1136 390 1162 τῶν
410 1137 438 1162 ὲν
459 1135 568 1171 δοκήσει
589 1136 694 1172 θεῶν,ή
710 1137 755 1163 καὶ
773 1137 865 1169 αὐτοῖς

80 1182 130 1212 τοῖς
141 1180 330 1216 πλανωμένοις
342 1182 438 1215 ἀγνοου
443 1181 510 1216 μένη
526 1180 634 1216 πληθύς.

116 1227 142 1252 ’0
152 1226 250 1262 λέγων
269 1227 463 1262 Ἰερουσαλήμ
473 1235 479 1241 ·
494 1228 716 1262 Κατοικηθήσῃ,
738 1228 787 1255 καὶ
802 1228 866 1261 ταῖς

81 1273 182 1299 πόλεσι
197 1273 253 1300 τοῦ
270 1272 371 1299 Ἰούδα*
391 1272 681 1307 οὶκοδομηθήσεσθε,
695 1273 743 1300 καὶ
754 1274 789 1301 τὰ
800 1273 867 1308 ἐρη-

82 1326 117 1352 ιια
130 1317 222 1352 αὐτῆς
231 1319 379 1347 ἁνατελεῒ.

113 1364 223 1399 Ἕψεται
242 1365 288 1391 καὶ
307 1364 376 1391 οὕτω
393 1365 433 1397 τὸ,
450 1365 519 1399 Ἐγώ
535 1366 602 1400 είμι,
620 1365 692 1392 τοῦτ’
714 1365 798 1397 ἔστιν,
819 1366 867 1392 Ἰε-

85 1410 229 1445 ρουσαλὴμ,
245 1411 259 1436 6
272 1410 454 1445 λυτρούμενος
471 1419 511 1441 σε,
531 1412 545 1437 ὁ
561 1410 692 1436 συντελῶν
707 1411 804 1440 πάντα,
820 1410 867 1436 καὶ

83 1456 198 1488 δκτείνας
217 1455 265 1482 τὸν
277 1456 399 1492 οὐρανόν.
408 1456 471 1491 Εἰμὶ
483 1456 634 1491 τοιγαροῦν,
648 1457 739 1491 φησὶν,
755 1458 768 1483 ὁ
782 1457 867 1490 λέγων

88 1502 273 1538 Ἰερουσαλήμ·
298 1502 503 1538 Κατοικηοήσῃ.
529 1500 607 1529 Εἷλον
628 1503 677 1537 μὲν
706 1502 760 1538 γὰρ
783 1503 868 1538 αὐτὴν

85 1549 148 1575 κατὰ
162 1549 263 1584 κράτος
282 1550 306 1576 οξ
322 1549 497 1580 Βαδυλώνιοι,
508 1549 558 1584 τὴν
575 1549 628 1575 τῶν
647 1548 782 1575 Ἰουδαίων
801 1549 865 1585 ὃλην

84 1594 303 1631 καταδῃώσαντες
323 1594 425 1629 χώραν.
457 1594 526 1620 Ἀλλ’
555 1594 768 1630 ὲκλελύτρωνται
791 1594 867 1630 παρὰ

83 1638 156 1670 Θεοῦ,
176 1640 221 1666 καὶ
238 1639 282 1665 τὸν
297 1639 347 1674 τῆς
367 1639 556 1674 αἰχμαλωσίας
585 1639 754 1666 ἁπεδύσαντο
769 1639 867 1673 ζυγὸν,

85 1684 190 1718 ἀφέντος
203 1685 284 1711 τοῦτο
310 1685 376 1721 δρᾷν
396 1685 444 1711 τοῦ
471 1685 519 1720 τὴν
537 1684 686 1711 Βαϐυλῶνα
707 1685 869 1720 κατεμπρή-

87 1739 183 1763 σοντος,
206 1730 299 1766 Κύρου
329 1732 399 1766 φημὶ
416 1730 462 1757 τοῦ
491 1731 662 1766 Καμὸύιιόυ⁸
685 1732 733 1758 καὶ
762 1731 794 1766 δὴ
822 1731 868 1757 καὶ

87 1777 311 1813 ὑπονοστήσαντες
337 1778 377 1810 εἰς
403 1777 452 1812 τὴν
473 1777 617 1810 Ἰουδαίαν,
642 1777 692 1808 τάς
720 1786 750 1803 τε
775 1777 868 1808 πόλεις

88 1823 253 1858 ἀνεδείμαντο
273 1823 320 1850 καὶ
339 1823 384 1850 τον
398 1823 477 1855 νεὼν,
497 1823 546 1850 καὶ
565 1824 760 1859 κατῳκήκασιν
780 1824 808 1849 ὲν
827 1823 867 1849 εί-

88 1869 159 1904 ρήνῃ.
175 1869 352 1904 Εὑφυέστατα
371 1869 459 1896 τοίνυν
480 1870 493 1896 ὁ
520 1869 688 1905 προφητικδς
708 1870 773 1904 ἡμῖν
790 1869 868 1903 λόγος

88 1914 340 1949 οίκοδομηθήσεσθαι
364 1914 451 1948 λέγων
478 1913 527 1949 τὴν
547 1913 733 1949 Ἰερουσαλὴμ,
761 1914 867 1940 δίδωσιν

88 1957 179 1983 ἐννοεῖν
191 1959 248 1989 τοῖς
261 1958 457 1993 ἀκροωμένοις,
468 1958 505 1990 ὡς
514 1957 647 1985 ἁλώσεται
665 1959 735 1985 κατὰ
745 1959 865 1994 καιροὺς,

89 2001 131 2028 καὶ
144 2004 408 2039 καταστραφήσεται.
424 2005 478 2030 Καὶ
489 2005 540 2030 οὐκ
552 2004 606 2030 ἀπό
615 2012 647 2038 γε
658 2004 713 2030 τῶν
723 2003 867 2040 μοχθηρῶν

89 2049 196 2075 ποιεῖται
222 2050 273 2084 τὴν
293 2050 490 2085 προαγόρευσιν
509 2050 563 2076 τῶν
583 2050 800 2084 συμϐησομένων
815 2051 866 2076 αὺ-

88 2095 147 2125 τοῖς,
169 2095 214 2122 ἀπ’
232 2095 343 2122 ἐκείνων
364 2095 392 2121 δὲ
416 2096 514 2130 μᾶλλον
533 2096 574 2130 ἐφ’
590 2093 630 2127 οἷς
653 2094 687 2131 ἦν
700 2096 773 2128 sine;
788 2097 868 2132 ἡσθῆ-

90 2148 129 2165 ναι
142 2140 210 2166 λίαν·
225 2141 294 2176 μετὰ
307 2141 353 2167 τοῦ
369 2141 416 2168 καὶ
441 2142 480 2172 εἰς
500 2142 614 2173 ἑννοίας,
631 2141 669 2173 ὡς
687 2141 765 2177 ἔφην,
781 2141 868 2168 ἐλθεῖν

90 2184 138 2211 τῶν
159 2186 400 2222 σκυθρωποτέρων.
434 2186 538 2213 Οὐκοῦν
565 2185 631 2212 Θεοῦ
654 2187 868 2222 προστάττοντος

90 2232 340 2268 οἱκοδομηθήσεσοαι.
353 2233 402 2267 τὴν
416 2232 602 2268 Ἰερουσαλὴμ,
615 2231 730 2258 ἀλοῦσάν
742 2241 792 2259 που
803 2233 868 2259 πάνι

91 2285 139 2309 τως
152 2279 281 2315 πρότερον
292 2280 305 2305 ὁ
317 2278 368 2312 τῆς
381 2278 548 2313 προφητείας
563 2278 762 2313 κατασημαὶνει
777 2278 865 2312 λόγος.

92 2322 119 2348 Εἰ
133 2322 159 2349 δὲ
171 2323 250 2358 δήτις
265 2323 385 2358 βούλοιτο
403 2323 448 2349 καὶ
467 2322 624 2357 βαθυτέροις
639 2322 678 2349 ἔτι
691 2323 867 2358 θεωρήμασιν

92 2367 244 2402 ἐμϐάλλειν,
269 2368 357 2403 φαμὲν
382 2368 423 2394 ὅτι.
438 2368 488 2402 τὴν
511 2367 699 2402 ἀληθεστέραν
722 2367 865 2399 Ἰουδαίαν,

92 2413 162 2448 δῆλον
172 2414 199 2440 δὲ
214 2414 254 2440 ὃτι
273 2414 322 2449 τὴν
347 2413 521 2447 Ἐκκλησίαν,
536 2411 569 2448 ἧς
588 2412 623 2439 ἂν
638 2412 736 2439 ἔνοικοι
759 2413 805 2438 καὶ
820 2422 868 2439 πο-

92 2459 156 2486 λῖται
177 2460 297 2496 νοηθεῖεν
321 2459 353 2486 ἂν
381 2460 405 2486 οἱ
436 2459 485 2494 τὴν
510 2459 539 2485 ἐν
566 2458 701 2493 ’πνεύματι
723 2458 867 2493 φοροῦντες

94 2507 243 2541 περιτομήν.
275 2505 399 2540 Ἔρημον
433 2504 516 2532 οὖσάν
551 2513 615 2531 ποτε
649 2503 868 2539 ’πολυανδροῦσαν

93 2551 184 2584 ἔδειξεν
194 2553 207 2579 ὁ
220 2552 297 2579 τοῦτο
328 2551 455 2586 γενέσθαι
473 2550 676 2586 προστεταχὼς,
698 2550 776 2585 δῆλον
789 2550 815 2575 δὲ
829 2550 867 2575 ἔτι

95 2595 152 2627 Θεὺς
165 2598 192 2623 ὲν
208 2597 326 2633 Χριστῷ,
342 2597 459 2624 ἀνέτειλε
474 2597 502 2622 δὲ
518 2596 551 2623 τὰ
561 2596 651 2632 ἔρημα
663 2596 756 2630 αὐτῆς,
774 2595 868 2626 Ξύλοις

95 2639 142 2676 γὰρ
155 2645 256 2677 νοητοῖς
271 2643 369 2678 εὑρέθη
395 2642 561 2676 κατάκομος,
586 2642 632 2668 καὶ
655 2639 710 2668 οἷον
734 2641 869 2676 εὐδενδρο-

95 2687 165 2722 τάτη,
182 2689 227 2715 καὶ
241 2689 346 2724 ὑψηλὰς
364 2689 448 2722 ἁγίων
468 2688 568 2723 ἔχουσα
577 2688 707 2722 κεφαλάς.
722 2687 800 2718 Ἕθος
815 2686 869 2722 γὰρ

95 2733 124 2767 τῇ
140 2732 304 2770 θεοπνεύστῳ
322 2736 420 2770 Γραφῇ·
443 2735 537 2768 φυτοῖς
552 2734 598 2760 καὶ
618 2734 704 2765 ξύλοις
721 2733 869 2768 ἀφομοιοῦν

98 2777 146 2804 ἐσθ’
165 2780 208 2806 ὅτε
234 2781 279 2807 τὸν
304 2781 357 2808 τῶν
387 2782 472 2815 ἁγίων
499 2782 587 2817 χορόν.
608 2781 679 2815 Ἔφη
697 2780 761 2814 γοῦν
780 2779 793 2805 ὁ
816 2779 870 2806 τῶν

128 2869 147 2885 ⁸·
162 2869 241 2900 lCor.
259 2880 278 2904 ι,
294 2871 339 2899 20.

914 267 1045 294 moniaca.
1061 267 1221 295 lnfatuatam
1237 267 1308 294 enim
1319 267 1480 301 sapientiam
1495 265 1585 292 mundi
1603 265 1696 296 fuisse,

914 320 928 339 a
947 312 1000 339 Deo
1017 319 1123 346 nempe.
1143 312 1208 339 dicit
1224 312 1322 339 Paulus
1334 311 1551 346 sapientissimus
1564 310 1598 337 ⁸”.
1615 311 1699 336 Aver-

914 359 952 386 sis
969 364 1069 392 autem,
1101 359 1204 394 inquit,
1231 359 1425 393 prudentibus,
1453 362 1481 385 et
1503 357 1579 385 omni
1603 364 1697 384 eorum

913 405 1028 432 consilio
1069 405 1232 440 imprudenti
1259 410 1286 432 et
1308 405 1394 432 inutili
1418 404 1573 436 declarato,
1606 402 1700 430 statuit

915 451 984 478 Deus
997 455 1024 477 et
1039 450 1119 477 Pater
1135 452 1215 478 verba
1233 451 1311 478 Pueri
1326 451 1378 483 sui,
1398 450 1423 476 id
1439 454 1492 481 est,
1511 449 1698 485 evangelicum
1730 482 1738 491 ‘

913 501 939 523 et
956 496 1076 523 salutare
1086 496 1236 528 oraculum,
1256 496 1327 530 quod
1343 497 1458 531 ipsemet
1479 496 1601 523 Christus
1621 494 1699 522 nobis
1732 493 1740 516 '-

914 543 1019 569 loculus
1032 546 1083 574 est,
1101 545 1127 568 et
1146 541 1288 569 consilium
1304 542 1461 575 angelorum
1474 548 1584 568 suorum
1604 547 1697 567 verum

915 590 1055 621 ratumque
1083 585 1181 613 etiecit.
1206 587 1300 621 Angeli
1318 590 1407 614 autem
1431 586 1544 621 intelligi
1570 590 1695 620 possunt,

915 633 959 666 qui
976 632 1083 659 nomine
1095 631 1195 659 Christi
1210 631 1345 665 legatione
1373 631 1532 666 funguntur,
1550 635 1577 658 et
1597 631 1696 659 mundo

916 683 1042 712 tanquam
1057 684 1196 712 praecones
1210 677 1415 704 concionantur.
1437 677 1584 704 Consilium
1605 682 1694 703 autem

915 731 1009 750 eorum
1022 722 1122 750 bonum
1133 725 1192 749 erat
1208 726 1232 749 et
1255 722 1408 750 exhortatio
1437 723 1536 757 ubique
1559 723 1696 754 omnibus,

916 773 943 794 ut
963 775 977 794 a
993 768 1115 802 pristinis
1140 767 1215 794 vitiis
1235 766 1418 799 discederent,
1448 771 1475 794 et
1501 767 1630 794 honestas
1653 774 1698 794 ac-

916 814 1002 841 tiones
1018 812 1125 840 fortiter
1140 817 1324 847 capesserent,
1344 817 1372 840 et
1399 813 1570 840 adhaeret-ent
1602 811 1698 839 melio-

916 859 1001 891 ribus,
1014 866 1045 886 ac
1059 859 1142 886 Deum
1162 864 1259 886 natura
1271 862 1299 886 et
1317 865 1380 886 vere
1396 862 1602 893 cognoscerent,
1628 857 1700 891 ejus-

882 902 900 928 Β
915 911 968 939 que
986 904 1089 938 legibus
1103 904 1202 932 collum
1228 904 1394 936 subderent,
1418 904 1509 938 itaque
1530 904 1562 930 ad
1584 903 1698 930 salutem

916 950 1054 985 vitamque
1067 950 1271 977 contenderent.
1292 949 1431 983 Siquidem
1446 957 1540 977 eorum
1555 956 1698 976 sermones

915 996 987 1023 omni
1015 995 1129 1022 veritate
1148 995 1219 1030 pleni
1237 1000 1312 1028 sunt,
1335 995 1491 1022 Graecorum
1517 999 1605 1022 autent
1632 995 1699 1022 deli-

915 1042 956 1068 ria
985 1040 1083 1067 nullam
1099 1041 1226 1068 veritatis
1242 1040 1470 1075 pulchritudinem
1484 1040 1633 1071 habebant,
1650 1040 1698 1066 sed

916 1086 982 1113 falsa
999 1086 1068 1121 apud
1084 1086 1144 1113 illos
1166 1090 1243 1113 erant
1258 1086 1360 1120 omnia,
1377 1091 1405 1112 et
1432 1085 1583 1120 prophetia,
1607 1090 1634 1112 et
1653 1093 1700 1113 co-

916 1132 1011 1166 gnitio,
1024 1137 1051 1159 et
1066 1132 1288 1167 imaginariorum
1307 1132 1419 1159 deorum
1435 1131 1488 1159 illis
1510 1131 1576 1166 ipsis
1592 1131 1638 1166 qui
1653 1139 1698 1158 cr-

917 1177 1014 1204 rabant
1027 1178 1116 1211 ignota
1132 1177 1288 1203 multitudo.

954 1222 1033 1251 \‘Ens.
1061 1223 1106 1251 26.
1133 1224 1184 1256 Qui
1210 1223 1647 1265 dicit\Jerusalem:"nbilaberis,
1676 1231 1700 1252 et

916 1269 1064 1296 civitatibus
1085 1268 1411 1302 JudauEdi/icabimini,
1436 1274 1460 1296 et
1476 1270 1630 1297 solitudines
1643 1270 1700 1303 ejus

916 1315 1059 1342 mscitabo.

953 1359 1087 1395 Sequetur
1103 1359 1154 1387 hoc
1166 1368 1224 1388 suc:
1240 1359 1296 1396 Ego
1317 1368 1390 1394 sum,
1417 1361 1555 1394 nimirum,
1580 1368 1596 1387 ο
1624 1360 1702 1388 Jeru-

918 1405 1011 1437 salem.
1031 1405 1168 1432 redimens
1192 1410 1227 1439 te,
1253 1413 1450 1434 consummans
1462 1407 1566 1438 omnia,
1596 1411 1624 1434 et
1654 1413 1702 1432 ex-

919 1452 1032 1479 tendens
1053 1451 1162 1478 coelum.
1192 1451 1248 1486 Ego
1271 1459 1330 1478 sum
1357 1452 1456 1486 igitur,
1484 1453 1583 1488 inquit,
1609 1452 1701 1480 dicens

917 1496 1067 1524 Jerusalem
1079 1505 1086 1523 :
1097 1496 1297 1524 Ediﬁcaberis.
1313 1496 1381 1524 Nam
1394 1505 1454 1525 eam
1470 1499 1495 1524 vi
1510 1502 1640 1532 ceperunt
1652 1498 1701 1525 Ba-

918 1541 1035 1577 bylonii,
1056 1541 1101 1575 qui
1130 1542 1283 1568 universam
1307 1546 1410 1570 terram
1440 1542 1596 1570 Iudaeorum
1621 1542 1702 1576 depo-

920 1587 1004 1623 pulati
1021 1591 1084 1614 sunt
1100 1595 1106 1612 :
1121 1588 1168 1615 sed
1188 1589 1319 1624 redempti
1332 1593 1395 1616 sunt
1415 1596 1428 1615 a
1444 1589 1508 1621 Deo,
1537 1593 1564 1616 et
1588 1588 1703 1622 captivi-

921 1636 984 1661 tatis
998 1634 1092 1669 jugum
1107 1639 1250 1667 exuerunt,
1272 1635 1444 1669 permittente
1471 1634 1521 1662 hoc
1541 1634 1632 1661 facere
1657 1640 1704 1661 eos

918 1680 1008 1715 Cyro,
1040 1685 1124 1715 patre,
1151 1680 1271 1715 inquam,
1299 1680 1450 1715 Cambysis,
1466 1679 1512 1714 qui
1540 1678 1702 1714 Babylonem

919 1726 1048 1753 incendit.
1059 1726 1090 1753 iii
1102 1726 1202 1753 reversi
1216 1726 1241 1752 in
1260 1725 1391 1756 Juda‘am.
1405 1729 1432 1751 et
1446 1725 1526 1751 urbes
1538 1724 1702 1756 refecerunt,

918 1777 945 1798 ct
962 1772 1104 1804 templum,
1125 1776 1153 1799 et
1172 1775 1269 1806 pacate
1286 1770 1451 1798 habitarunt.
1480 1769 1573 1804 Itaque
1588 1770 1704 1803 perscite

918 1824 1009 1844 sermo
1041 1817 1218 1851 propheticus
1248 1823 1308 1843 cum
1343 1815 1492 1842 Jerusalem
1518 1814 1703 1842 aediﬁcandam

918 1863 995 1895 dicit,
1009 1862 1165 1890 subindicat
1175 1861 1354 1893 auditoribus,
1369 1860 1452 1895 598
1460 1860 1618 1894 capiendam
1634 1865 1702 1887 tem-

918 1908 1032 1944 poribus
1050 1908 1278 1942 subsequentibus
1290 1911 1317 1934 et
1330 1906 1548 1933 subvertendam.
1564 1905 1620 1932 Nec
1636 1912 1704 1939 prae-

919 1955 1064 1983 dictionem
1076 1953 1139 1990 iacit
1156 1953 1343 1980 molestiarum
1359 1959 1419 1986 quae
1436 1951 1490 1978 illis
1503 1951 1704 1985 contingerent,

919 2001 965 2028 sed
983 2007 1088 2031 eorum,
1108 2000 1141 2027 de
1156 1999 1253 2034 quibus
1270 1996 1416 2025 verisimile
1428 2001 1487 2024 erat
1508 2003 1555 2023 eos
1582 1996 1703 2030 impense

919 2047 1081 2081 gavisurus:
1097 2045 1132 2072 ita
1142 2049 1230 2071 tamen
1244 2048 1273 2070 ut
1287 2049 1331 2070 res
1340 2042 1492 2077 asperiores
1502 2049 1610 2077 quoque
1626 2049 1703 2068 insu-

919 2095 972 2118 tum
993 2090 1250 2126 cogitationemque,
1267 2092 1296 2115 ut
1321 2088 1388 2119 dixi,
1404 2088 1529 2115 subeant.
1555 2087 1621 2113 Ctun
1639 2093 1706 2121 ergo

922 2138 991 2163 Deus
1013 2135 1107 2170 jubet,
1123 2139 1152 2161 ut
1169 2133 1316 2161 mdiiicelur
1347 2132 1495 2160 Jerusalem
1508 2151 1516 2164 ,
1545 2131 1704 2165 capiendam

919 2182 1030 2209 omnino
1059 2181 1175 2216 primum
1201 2180 1289 2206 oratio
1307 2178 1464 2213 prophetica
1480 2177 1577 2204 innuit.
1599 2175 1627 2203 Si
1643 2175 1705 2211 quis

922 2233 1010 2254 autem
1041 2225 1245 2262 profundiorem
1270 2224 1334 2251 velit
1361 2223 1457 2250 adhuc-
1493 2223 1705 2257 speculationem

921 2272 1221 2305 considerationemqne
1240 2274 1387 2296 annectere
1402 2278 1409 2296 :
1424 2268 1557 2296 veriorem
1586 2268 1706 2295 Judzpam

920 2326 980 2346 esse
999 2318 1115 2346 dicimus
1127 2316 1291 2347 Ecclesiam,
1321 2314 1398 2349 cujus
1410 2314 1503 2341 incola:
1518 2321 1550 2340 ac
1568 2314 1640 2340 cives
1664 2313 1706 2340 iu-

922 2364 1079 2398 telligautur
1091 2370 1162 2394 esse,
1180 2362 1224 2396 qui
1239 2360 1472 2388 circumcisionem
1485 2363 1590 2394 gestant
1604 2359 1629 2385 in
1649 2360 1705 2393 spi-
1722 2375 1724 2378 ι

923 2409 985 2436 ritu.
1003 2410 1067 2442 Qnte
1083 2409 1189 2436 deserta
1202 2413 1228 2435 ct
1239 2407 1359 2435 solitaria
1373 2407 1508 2441 quondam
1533 2410 1592 2432 erat
1603 2424 1610 2437 ,
1642 2405 1723 2445 viris‘

923 2456 1048 2483 refertam
1068 2455 1158 2482 etii-cit
1181 2455 1204 2482 is
1218 2475 1224 2486 ,
1255 2454 1301 2489 qui
1326 2454 1377 2481 hoc
1393 2453 1453 2480 ﬁeri
1464 2453 1557 2487 jussit,
1576 2446 1723 2497 nimirum;

924 2501 994 2528 Deus
1009 2502 1034 2528 in
1052 2500 1171 2532 Christo,
1193 2505 1219 2528 et
1237 2500 1396 2527 solitudines
1420 2499 1478 2533 ejus
1494 2497 1640 2533 reparavit.
1664 2497 1726 2540 [ἧς

922 2549 982 2583 gnis
998 2549 1069 2575 enim
1092 2546 1269 2581 intelligentia
1280 2546 1413 2581 perceptis
1429 2546 1511 2573 densa
1528 2546 1637 2572 inventa
1652 2551 1702 2575 est,

922 2600 948 2622 et
961 2595 1039 2622 veluti
1055 2594 1141 2621 obsita
1153 2593 1307 2624 arboribus,
1325 2597 1351 2618 et
1364 2592 1465 2619 habens
1480 2592 1533 2618 alta
1551 2596 1706 2619 sanctorum

918 2641 1016 2674 capita.
1045 2639 1119 2666 Solet
1148 2639 1219 2666 enim
1255 2638 1384 2666 divinitus
1411 2638 1541 2673 inspirata
1565 2637 1705 2671 Scriptura

919 2686 1017 2722 plantis
1043 2685 1239 2718 arboribusque
1256 2690 1411 2712 sanctorum
1437 2684 1569 2711 interdum
1593 2683 1706 2710 chorum

919 2733 1080 2760 assimilare.
1096 2731 1166 2758 Dixit
1187 2730 1320 2764 siquidem
1341 2731 1529 2758 universorum
1557 2729 1625 2756 Deus
1639 2734 1708 2754 voce

920 2783 1100 2806 sanctorunb:
1120 2787 1129 2802 ι
1144 2776 1246 2804 Ponant
1263 2776 1288 2802 in
1309 2776 1448 2803 siticulosa
1471 2780 1541 2802 terra
1555 2773 1663 2801 cedrum
1678 2777 1706 2800 et

1470 2820 1483 2828 κ
