1883 3055
167 157 216 183 i151

664 158 692 184 S.
713 157 853 185 CYRILLI
874 157 1108 187 ALEXANDRIN!
1127 157 1285 186 AllCllIEP.

1753 155 1806 183 952

167 214 272 242 etiamsi
286 221 339 241 non
354 213 452 241 fuerint
467 214 551 241 sancti
567 217 593 241 et
606 213 723 248 colendi,
734 214 793 242 oleo
808 214 910 250 inunge

1059 215 1079 243 dt
1092 216 1170 248 Θεοῦ,
1185 215 1238 242 κᾶν
1255 215 1280 241 ei
1307 214 1344 250 μή
1361 222 1432 246 τινες
1453 211 1508 240 εἷεν
1527 213 1600 248 ἅγιοι
1623 212 1673 240 καὶ
1697 212 1802 244 σεπτοὶ,

167 255 347 287 lntreniemus’
356 259 427 286 enim
448 263 556 286 sanctos
575 260 720 294 prophetas
738 260 839 288 dixisse
858 260 954 295 aliqui-

168 307 219 334 bus
230 313 322 334 eorum
333 305 378 340 qui
393 305 424 332 ad
439 306 489 332 hoc
501 305 625 332 tlestinati
638 309 717 332 erant
729 312 735 331 :
748 314 757 331 ι
772 305 856 333 Unxit
867 310 892 332 te
905 305 955 332 Do-

167 353 256 379 minus
275 358 364 386 regem
384 357 465 386 super
482 350 564 378 Israel
586 351 618 377 ”.
638 360 648 377 ι
666 351 790 378 Christus
810 351 891 386 igitur
907 358 953 378 seu

166 402 263 424 unctus
289 399 349 423 erat
363 396 449 432 Cyrus
463 400 591 430 tanquam
607 403 663 424 rex.
677 397 810 423 Caeterum
824 396 894 430 quod
908 403 956 430 per

166 443 249 470 Deum
275 442 418 476 imperium
442 441 603 474 obtinuerit,
627 447 654 468 et
673 442 706 469 ad
731 442 801 469 hanc
823 442 954 477 insignem

166 487 278 522 gloriam
300 487 443 514 subvectus
463 486 557 520 fuerit,
575 487 729 519 subinnuit,
747 494 808 515 cum
826 495 886 514 eum
906 494 955 514 un-

166 526 238 560 ctum
255 532 415 565 nominarit,
429 532 454 559 id
468 537 521 564 est,
534 532 661 560 unctione
676 536 702 558 et
716 532 844 567 sutiragio
858 539 908 559 suo
921 531 953 557 ad

170 586 282 612 regnum
302 583 453 606 evocatum.
476 577 543 605 Hine
564 578 602 604 ait
622 585 651 605 se
669 578 879 612 apprehendisse
898 576 955 610 ejus

168 625 303 652 dextram.
316 623 516 658 Assumptionis
528 628 617 650 autem
632 623 696 650 illud
709 623 813 658 signum
830 631 891 651 esse
910 630 955 658 po-

168 674 221 698 test
243 670 368 703 evidens,
391 669 470 697 sicuti
495 669 595 697 dictum
617 673 659 696 est
680 676 695 696 a
717 669 818 696 sanctis
840 669 865 695 in
888 668 956 695 libro

165 715 335 744 Psalmorum
356 723 362 742 :
386 724 398 741 ι
419 715 543 742 Tenuisti
567 722 674 742 manum
698 722 785 742 meam
806 715 954 746 dexteram,

167 762 194 790 in
207 762 322 790 consilio
334 766 381 790 tuo
392 762 525 789 deduxisti
537 762 618 789 me".
634 771 643 788 ι
656 760 876 796 Apprehendisse
888 760 955 787 dicit

167 808 305 835 dexteram
329 807 398 841 ejus,
419 811 447 834 ut
469 806 620 834 auscultcnt
639 806 663 834 ei
683 809 786 841 gentes,
808 805 833 833 id
854 809 905 836 est,
926 809 956 832 ut

167 854 346 887 subiiciantur
362 854 386 881 ei
408 861 440 880 ac
461 852 572 884 cedant,
589 859 621 878 ac
643 859 734 886 regum
755 851 894 885 frangatur
910 857 956 885 po-

1008 261 1257 297 ὲλαίῳκαταχρίειν
1268 257 1328 292 ἔθος
1342 257 1386 295 ἦν.
1396 259 1556 295 Εύρήσομεν
1566 259 1622 294 γὰρ
1633 258 1698 289 τοὺς
1709 257 1804 291 ἁγίους

1008 308 1150 344 προφήτας
1165 307 1234 334 τισὶν
1249 306 1393 342 εἰρηκότας
1408 306 1462 333 τῶν
1476 307 1516 338 είς
1529 305 1609 332 τοῦτο
1632 312 1804 339 παρενηνεγ-

1009 354 1108 390 μένων,
1136 354 1178 380 ὅτι
1199 362 1208 379 t
1224 351 1337 388 Ἐχρισέ
1366 360 1395 378 σε
1420 351 1521 387 Κύριος
1545 352 1586 383 είς
1617 349 1733 385 βασιλέα
1758 351 1803 376 ἐπὶ

1014 399 1132 435 Ἰσραήλ.
1154 408 1162 424 ι
1179 398 1296 434 Χριστὸς
1311 395 1356 425 οὖν
1371 398 1385 424 6
1401 397 1491 433 Κῦρος
1512 397 1550 429 ὡς
1571 395 1712 432 βασιλεύςπ
1733 395 1804 430 πλὴν

1007 447 1047 473 ὅτι
1061 444 1179 472 διὰΘεοῦ
1191 443 1454 479 κεκράτηκενπῆρθη
1469 451 1499 469 τε
1511 444 1551 475 εἰς
1566 442 1648 475 δόξαν
1661 441 1802 476 ὑπερφυᾶ,

1007 491 1113 517 δίδωσιν
1130 491 1238 521 ἐννοεῖν,
1264 488 1374 524 χριστδν
1391 488 1528 523 ὀνομάσας
1540 488 1636 519 αὐτὸν,
1653 486 1729 513 τοῦτ’
1745 486 1802 512 ἔστι

1008 535 1096 570 χρίσει
1119 535 1164 561 καὶ
1183 534 1266 569 ψήφῳ
1281 536 1313 570 τῇ
1326 534 1392 569 παρ’
1405 533 1486 560 αὑτοῦ
1511 532 1683 568 κεκλημένον
1698 532 1741 562 είς
1753 531 1801 565 βα-

1009 579 1120 606 σιλείαν.
1135 579 1268 615 Ταύτῃτοί
1283 585 1374 614 φησιν,
1396 578 1436 605 ὅτι
1465 578 1623 613 κεκράτηκε
1638 577 1689 612 τῆς
1711 576 1801 609 δεξιᾶς

1008 624 1100 651 αὑτοῦ.
1124 624 1302 659 Ἀντιλήψεως
1320 624 1341 650 δ’
1354 624 1387 650 ἂν
1405 625 1517 658 σημεῖον
1537 624 1645 658 γένοιτο
1659 624 1707 649 καὶ
1723 621 1801 648 τοῦτο

1009 669 1103 704 σαφὲς,
1116 669 1186 696 κατά
1199 677 1231 703 γε
1241 669 1272 695 τὸ
1288 669 1340 695 ὑπὸ
1357 668 1411 695 τῶν
1431 669 1514 702 ἁγίων
1533 670 1562 695 ὲν
1577 668 1662 703 βίὸλῳ
1678 667 1799 702 Ψαλμῶν

1008 716 1162 751 εἰρημένον·
1179 724 1189 741 ι
1211 715 1382 750 Ἐκράτησας
1394 714 1444 748 τῆς
1460 714 1551 749 χειρός
1567 722 1632 749 μου,
1645 714 1695 748 τῆς
1711 712 1800 745 δεξιᾶ-ς

1010 770 1072 797 μου,
1088 762 1118 788 ἐν
1131 763 1163 796 τῇ
1179 761 1261 796 βουλῇ
1280 768 1328 786 σου
1343 760 1486 795 ὡδήγησάς
1501 768 1544 795 με.
1565 768 1574 785 ι
1593 758 1799 794 Κεκρατηκὲναι

1008 806 1036 832 δέ
1049 814 1114 841 φησι
1138 806 1187 841 τῆς
1202 804 1292 838 δεξιᾶς
1308 805 1402 836 αὐτοῦ,
1425 804 1495 832 ὥστε
1517 804 1566 831 καὶ
1583 803 1738 830 ἐπακοῦσαι
1751 803 1799 838 ἔμ-

1009 852 1126 887 προσθεν
1143 851 1225 878 αὑτοῦ
1250 851 1325 886 ἔθνη,
1345 850 1418 878 τοῦτ’
1435 850 1518 881 ἔστιν,
1541 849 1729 884 ὑποταχθῆναι
1755 849 1800 875 καὶ

168 900 262 927 tentia.»
276 899 384 934 Septem
399 899 470 926 enim
488 899 580 926 dicunt
594 905 654 925 esse
670 905 745 933 reges
764 898 809 925 uni
845 904 911 932 praet

1055 897 1130 924 ιίκειν
1145 896 1426 932 αὐτῷγδιαῤῥαγῆναι
1446 896 1474 922 δὲ
1497 895 1546 931 τὴν
1566 895 1702 931 βασιλέοιν
1714 894 1798 929 ἰσχύν.

166 946 232 973 lenti
255 945 472 980 subditos‘apud
494 944 666 979 Babylonios.
689 943 766 977 Quod
792 947 881 970 autem
905 949 954 969 sua

168 996 266 1027 sponte
284 991 365 1018 urbes
386 991 564 1026 aperirentur,
583 990 703 1024 nihilque
720 989 789 1024 Cyro
805 988 953 1016 ineursanti

167 1040 261 1065 contra
277 1036 395 1064 hostium
413 1037 495 1063 robur
506 1036 615 1063 omnino
630 1036 761 1069 obstaret,
776 1035 952 1066 demonstrat,

167 1083 292 1118 inQuiens
311 1092 318 1109 :
336 1081 422 1109 Urbes
439 1089 492 1110 non
508 1082 677 1110 claudentur.
695 1081 791 1109 Coram
809 1085 836 1108 te
852 1080 913 1113 ibo,
928 1084 955 1107 et

168 1135 274 1157 montes
289 1128 478 1164 complanabo,
495 1128 520 1155 i‘d
536 1132 587 1160 est,
602 1128 691 1155 omnia
706 1128 776 1154 nuda
790 1133 815 1155 et
831 1127 909 1161 plana
926 1130 955 1152 ut

167 1175 222 1203 sin‘t
237 1173 361 1208 cfﬂciam,
377 1179 406 1202 ut
422 1181 504 1201 nemo
515 1173 634 1201 resistat.
648 1174 695 1200 Sin
708 1180 773 1200 vero
786 1173 845 1208 quis
859 1179 955 1200 occur«

169 1226 221 1253 rat,
234 1225 261 1248 et
276 1226 402 1256 tanquam
419 1227 496 1247 tnoas
508 1219 593 1254 copiis
609 1219 661 1247 tuis
675 1219 780 1246 obviam
795 1221 839 1246 eat
852 1227 858 1246 :
872 1218 954 1245 etiam

169 1266 240 1293 hunc
257 1265 315 1293 solo
332 1263 456 1300 aequabo,
475 1264 500 1292 id
521 1269 574 1298 est,
591 1265 720 1293 miserum
738 1268 766 1292 et
783 1263 910 1291 humilem
927 1267 955 1290 et

169 1311 303 1339 imbellem
318 1311 438 1339 reddam.
451 1311 546 1338 Portas
559 1317 648 1337 teneas
663 1313 812 1341 conteram,
826 1313 852 1336 et
865 1313 955 1336 vectes

169 1358 271 1385 ferreos
288 1357 457 1391 confringant
476 1357 539 1388 tibi,
561 1357 701 1384 thesauros
719 1355 893 1387 tenebrosos,
912 1362 955 1382 re-

167 1404 303 1436 conditos,
321 1402 529 1438 inaspectabiles
548 1403 668 1437 aperiam
689 1401 748 1429 tibi.
767 1401 883 1428 Narrant.
904 1400 955 1427 Ba-

170 1449 294 1484 hyiom'os
310 1453 453 1483 postquam
470 1453 549 1482 capta
564 1451 636 1474 esset
650 1447 758 1480 civitas,
776 1447 802 1474 in
817 1446 954 1482 speluncis

170 1494 323 1522 tenebrosis
333 1501 362 1521 se
374 1493 509 1520 abdidisse
520 1497 547 1520 et
559 1492 691 1526 obruisse,
702 1492 818 1519 maxime
829 1493 872 1526 qui
883 1491 955 1518 inter

169 1540 232 1568 illos
244 1544 337 1568 essent
353 1539 458 1566 ceteris
476 1538 636 1574 insigniores
654 1547 661 1565 :
678 1538 724 1572 qui
743 1542 855 1565 mortem
873 1538 955 1571 perti-

169 1591 332 1617 mescentes,
351 1591 428 1612 more
445 1584 610 1619 serpentium
630 1591 736 1611 onmem
756 1583 913 1618 speluncam
929 1587 957 1609 et

169 1636 307 1667 petrarum
330 1632 463 1659 scissuras
483 1630 609 1665 ingressi,
629 1629 864 1656 abscondebantur
883 1637 889 1654 ι
910 1628 956 1655 sed

170 1676 257 1703 latere
271 1682 322 1702 non
338 1678 474 1709 poterant.
487 1673 600 1707 Quidam
615 1673 686 1700 enim
701 1672 890 1708 signiﬁcabant
905 1673 957 1699 hoc

171 1721 253 1755 (Syro,
266 1720 312 1755 qui
329 1719 403 1747 faces
417 1719 525 1747 accendi
539 1719 630 1754 jussit,
645 1721 673 1746 et
686 1725 702 1746 e
715 1718 867 1746 recessibus
882 1721 956 1745 tene-

171 1766 260 1794 ιιι-θεῖε
278 1765 397 1798 extrahi,
414 1765 459 1800 qui
481 1765 576 1792 timore
595 1763 765 1798 aufugerunt,
781 1763 874 1798 sicque
891 1763 958 1790 diris

171 1813 258 1847 poenis
273 1812 381 1847 subjici.
396 1812 447 1839 Alii
462 1819 524 1839 vero
541 1812 643 1844 dicunt,
659 1811 733 1846 quod
751 1810 892 1839 thesauros
906 1811 958 1838 Ba-

172 1859 340 1894 i-yloniornm
362 1857 412 1885 sub
435 1862 506 1884 terra
530 1857 635 1883 abditos
657 1856 847 1883 cxinaniverit.
868 1856 904 1883 Ita
930 1861 957 1884 tu

172 1904 226 1931 r-ris
236 1904 346 1930 illustris
359 1907 386 1930 et
409 1901 533 1934 celebris,
546 1901 663 1937 utsoz
675 1901 745 1928 scias
760 1902 830 1936 quod
839 1909 888 1936 ego
897 1909 957 1929 sum

162 1950 300 1976 'l‘ominus
315 1949 385 1975 Deus
398 1964 405 1980 ,
419 1947 464 1982 qui
479 1951 555 1974 vocat
569 1954 665 1974 nomen
681 1951 767 1978 tuum,
782 1947 850 1974 Deus
865 1947 957 1980 Israel,

171 1999 282 2030 propter
297 1994 381 2021 J‘acob
401 2000 513 2028 puerum
534 2000 633 2024 meum,
652 1997 679 2019 ct
697 1992 822 2020 lsraelern
843 1993 956 2020 electum

172 2044 271 2067 incum.
291 2037 394 2066 Voeavi
413 2036 485 2064 enim
507 2041 543 2068 te,
568 2036 665 2070 inquit,
687 2037 719 2063 ad
740 2037 800 2069 hoc,
820 2044 868 2072 ego
890 2038 959 2065 Deus

172 2085 260 2115 scius,
275 2089 302 2110 et
318 2084 368 2110 hac
386 2087 439 2109 tam
454 2081 550 2108 illustri
568 2085 593 2107 te
608 2082 737 2108 houoravi
754 2082 852 2116 gloria,
867 2088 895 2110 ut
911 2083 959 2111 ﬁas

174 2135 201 2155 tu
215 2136 292 2155 εει-το
305 2135 364 2155 meo
377 2126 468 2154 isrneli
482 2125 629 2153 beneﬁcus.
643 2126 697 2160 Ego
708 2127 799 2154 vocavi
813 2133 848 2159 te,
861 2128 957 2162 inquit,

173 2180 200 2201 ιιι
211 2175 294 2209 gloria
307 2174 445 2201 coronavi.
456 2172 495 2199 Tu
508 2176 597 2199 autem
609 2180 652 2199 mc
665 2181 716 2200 non
729 2174 875 2208 cognovisti
899 2182 958 2202 esse

175 2219 328 2252 hominum,
348 2224 374 2246 et
397 2224 493 2253 prmter
512 2226 554 2245 tne
575 2227 627 2246 non
647 2227 708 2247 esse
727 2220 822 2248 Deum.
844 2221 897 2249 Nec
917 2229 958 2249 me

173 2266 258 2298 nosti;
277 2265 387 2299 perinde
403 2269 445 2291 est
462 2272 492 2290 ac
507 2265 528 2291 si
546 2264 644 2291 diceret
664 2271 756 2300 aperte
770 2275 776 2293 :
791 2266 848 2293 Non
865 2274 957 2301 perce-

173 2311 237 2343 pisti
251 2311 320 2338 hane
334 2309 414 2337 talem
429 2310 541 2344 gloriam
558 2317 571 2336 a
589 2318 647 2344 me,
665 2315 791 2346 tanquam
807 2312 957 2340 mercedem

171 2357 317 2384 itlustrium
335 2355 478 2388 factorum,
495 2356 527 2382 ad
546 2355 673 2389 pietatem
691 2357 867 2391 spectantium
886 2366 893 2384 :
910 2358 956 2386 sed

171 2403 266 2429 ornavi
282 2406 318 2435 te,
331 2401 410 2429 etiam
425 2409 484 2429 cum
500 2409 585 2428 uncam
599 2402 767 2429 divinitatem
783 2410 835 2430 non
850 2404 957 2432 noveris

173 2454 199 2475 it
217 2448 417 2481 excellentiam,
436 2447 489 2474 imo
505 2455 566 2474 cum
585 2447 610 2475 in
629 2455 741 2475 numero
758 2449 866 2483 quidem
883 2457 957 2477 esses

172 2499 267 2522 eorum
283 2494 330 2529 qui
348 2501 391 2522 me
409 2493 536 2527 adorant;
553 2493 599 2521 sed
618 2499 645 2520 ut
663 2497 845 2528 cognoscant,
861 2494 906 2528 qui
925 2495 959 2522 ab

175 2545 234 2566 ortu
249 2538 312 2566 solis
323 2543 349 2565 et
362 2545 460 2566 occasu
475 2542 547 2568 sunt.
561 2545 613 2565 non
626 2546 686 2565 esse
700 2543 799 2571 praeter
812 2545 854 2565 me
866 2538 957 2565 alium.

174 2585 242 2618 Quia
257 2584 329 2612 enim
344 2584 414 2611 volui
425 2604 432 2616 ,
448 2583 548 2617 inquit,
566 2591 639 2610 meos
655 2584 737 2618 eripi,
753 2584 834 2611 etiam
851 2591 899 2618 per
913 2592 960 2611 eos

174 2631 219 2666 qui
236 2631 348 2666 gloriam
365 2638 450 2658 meam
466 2637 518 2657 nan
533 2636 631 2658 norunt
648 2631 716 2658 hanc,
731 2638 786 2658 rem
802 2632 958 2663 conficiam,

175 2682 204 2705 ut
225 2676 368 2704 manifeste
385 2677 509 2707 videant,
528 2677 572 2710 qui
595 2677 619 2702 in
641 2677 765 2703 universa
789 2681 858 2703 terra
879 2680 958 2708 sunt,

176 2720 260 2748 Deum
273 2725 371 2755 praeter
381 2728 424 2747 me
435 2728 487 2747 non
500 2727 569 2747 esse.
582 2720 646 2747 Sum
658 2721 729 2747 enim
742 2721 870 2747 Dominus
882 2729 958 2748 exor-

177 2766 288 2798 cituum,
300 2769 326 2794 et
338 2765 425 2793 omnis
438 2765 525 2799 gentis
538 2772 569 2792 ac
582 2765 688 2799 generis
702 2765 839 2799 Dominus,
852 2771 879 2793 et
892 2773 960 2800 quo-

216 2850 237 2869 “
251 2853 320 2881 Psal.
341 2862 412 2886 ηιν,
427 2855 452 2880 8.
493 2854 513 2868 ”
529 2852 600 2880 i‘snl.
619 2860 702 2879 Luu.
716 2853 762 2879 2i.

1014 943 1099 970 Ἑπτὰ
1107 940 1241 978 γὰρ-εἷναί
1255 950 1320 977 φασι
1336 941 1461 976 βασιλέας
1473 942 1525 968 ὑπ’)
1539 941 1585 968 τὸν
1595 940 1646 967 ἕνα
1661 941 1708 967 καὶ
1719 940 1801 975 προῦ-

1008 999 1088 1027 χοντα
1100 990 1175 1026 παρὰ
1193 991 1248 1022 τοῖς
1266 989 1458 1021 Βαὸυλωνίοις.
1473 989 1534 1015 Ὅτι
1551 988 1579 1015 δὲ
1600 988 1717 1023 ἔμελλον
1731 987 1801 1013 ἀνοῖ-

1009 1037 1122 1071 γνυσθαι
1144 1036 1193 1072 μὲν
1222 1035 1384 1071 αὐτομάτως
1412 1035 1440 1062 αἱ
1465 1035 1566 1067 πόλεις,
1590 1034 1758 1061 διακωλῦσαι
1772 1033 1800 1060 δὲ

1008 1082 1149 1114 παντελῶς
1173 1082 1252 1108 οὐδὲν
1276 1081 1478 1116 κατατρέχοντα
1499 1081 1546 1107 τὸν
1562 1079 1655 1116 Κῦρον
1679 1079 1730 1114 τῆς
1747 1079 1800 1105 τῶν

1008 1128 1146 1163 πολεμίων
1162 1127 1264 1162 ἰσχύος,
1277 1126 1442 1153 διαδείκνυσι
1456 1126 1553 1160 λέγων·
1572 1126 1670 1157 Πόλεις
1684 1125 1713 1151 οὐ
1737 1131 1801 1158 συγ-

1007 1173 1226 1209 κλεισθήσονται.
1238 1172 1413 1208 Ἐμπροσοέν
1428 1180 1475 1198 σου
1493 1171 1674 1207 πορεύσομαι,
1688 1171 1734 1197 καὶ
1751 1170 1800 1204 ὅρη

1007 1219 1122 1256 ὀμαλιῶ,
1135 1219 1207 1246 τοῦτ¹
1220 1218 1304 1250 ἔστιν,
1323 1217 1430 1244 ἅπαντα
1446 1225 1487 1244 σοι
1512 1216 1592 1251 ψιλὰ,
1617 1217 1665 1243 καὶ
1682 1215 1802 1252 εὐήλατα

1007 1265 1132 1300 γενέσθαι
1146 1263 1365 1300 παρασκευάσω,
1381 1263 1418 1294 ὡς
1434 1262 1516 1298 μηδὲν
1529 1257 1601 1289 εἶναι
1620 1261 1651 1288 τὸ
1675 1262 1802 1288 ἀντιστα-

1006 1310 1078 1338 τοῦν.
1103 1310 1184 1337 Ἀλλὰ
1206 1309 1257 1336 κᾶν
1277 1309 1303 1335 εἴ
1323 1317 1364 1340 τις
1387 1308 1505 1340 ἐπέλθοι,
1529 1308 1577 1334 καὶ
1591 1305 1648 1334 οἷον
1660 1306 1724 1342 ὅρος
1741 1308 1804 1337 ταῖς

1008 1360 1066 1390 σαῖς
1078 1358 1224 1393 δυνάμεσιν
1241 1356 1407 1392 ὑπαντήσειε
1419 1376 1425 1389 ,
1439 1355 1487 1382 καὶ
1499 1354 1579 1381 τοῦτο
1595 1353 1711 1389 ὁμαλιῶ,
1729 1352 1804 1380 τοῦτ’

1006 1406 1091 1436 ἐστιν,
1120 1403 1229 1438 οίκτρὺν
1260 1401 1410 1436 ἀποφανῶ,
1440 1401 1487 1428 καὶ
1519 1400 1723 1436 χαμαιρῤιφὲς⁹
1755 1399 1804 1425 και

1006 1452 1132 1482 ἄναλκες.
1148 1449 1238 1484 Θύρας
1254 1448 1357 1484 χαλκᾶς
1374 1446 1520 1482 συντρίψω,
1535 1447 1584 1474 καὶ
1613 1446 1732 1482 μοχλοὺς
1760 1454 1806 1472 σι-

1006 1497 1105 1534 δηροῦς
1119 1494 1270 1526 συνθλάσω,
1287 1493 1334 1520 καὶ
1348 1492 1426 1519 δώσω
1449 1501 1490 1519 σοι
1508 1492 1664 1527 θησαυροὺς
1676 1491 1806 1527 ἀποκρύ-

1007 1552 1084 1578 φους,
1099 1541 1232 1577 ἁσράτους
1250 1538 1348 1571 ἀνοίξω
1369 1547 1420 1565 σοι.
1435 1538 1504 1564 Φασὶ
1527 1538 1590 1569 τοὺς
1613 1537 1806 1568 Βαϐυλωνίους

1010 1588 1078 1624 μετὰ
1089 1587 1121 1614 τὸ
1137 1586 1238 1614 ἁλῶναι
1249 1585 1297 1620 τὴν
1306 1584 1395 1616 πόλιν,
1404 1584 1546 1619 σπηλαίοις
1557 1584 1670 1615 ἑαυτοὺς
1684 1584 1807 1617 ἐγκατα-

1008 1634 1094 1670 χῶσαι
1119 1631 1274 1662 σκοτεινοῖς,
1302 1630 1420 1666 μάλιστα
1432 1629 1460 1656 δὲ
1478 1630 1542 1661 τοὺς
1555 1630 1584 1656 ὲν
1610 1630 1701 1660 αὐτοῖς
1721 1629 1807 1660 em;

1009 1677 1256 1715 περιφανεστὲρους
1271 1675 1325 1702 τῶν
1338 1675 1436 1706 ἄλλων,
1448 1676 1472 1702 οἳ
1485 1675 1600 1706 δεδιότες
1614 1675 1661 1701 τὸν
1673 1675 1805 1705 θάνατον,

1008 1725 1095 1759 ὖφεων
1117 1724 1194 1758 δίκην
1207 1723 1235 1749 ὲν
1248 1722 1330 1748 παντὶ
1346 1721 1469 1756 σπηλαίῳ
1484 1721 1530 1748 καὶ
1546 1722 1676 1756 σχισμαῖς
1692 1720 1808 1755 πετρῶν

1008 1770 1173 1801 καταδύντες
1194 1768 1371 1804 ἐκρύπτοντο,
1392 1767 1422 1794 οὑ
1442 1767 1496 1802 μὴν
1525 1766 1635 1801 ίσχῦσαι
1654 1765 1806 1792 διαλαθεῖν.

1009 1814 1248 1850 Κατεσημαίνοντο
1267 1812 1322 1847 γὰρ
1341 1812 1427 1847 τούτῳ
1447 1811 1496 1847 [im
1520 1810 1620 1846 τοῦτο]
1654 1810 1693 1846 τῷ
1718 1809 1810 1845 Κύρῳ

1007 1861 1090 1892 τινές·
1102 1861 1116 1887 ὁ
1129 1860 1156 1886 δὲ
1170 1859 1218 1886 καὶ
1231 1858 1314 1894 δᾷδας
1329 1857 1481 1892 ἀναφθῆναι
1497 1856 1679 1892 προπέταχε,
1696 1857 1749 1882 καὶ
1772 1857 1807 1882 ὲκ

1011 1905 1103 1942 μυχῶν
1118 1904 1263 1932 σκοτεινῶν
1281 1903 1475 1939 ἀνορύττεσθαι
1493 1903 1557 1935 τοὺς
1582 1902 1806 1937 πεφοὸημένους,

1008 1949 1079 1977 οὕτω
1090 1959 1120 1976 τε
1138 1950 1250 1985 πικραῖς
1270 1949 1409 1975 ὑποθεῖναι
1429 1948 1527 1980 δίκαις.
1544 1948 1655 1983 ’Ἑτεροι
1671 1947 1700 1973 δέ
1718 1955 1807 1981 φασιν

1009 1996 1050 2022 ὅτι
1065 1996 1128 2027 τοὺς
1148 1994 1326 2022 Βαϐυλωνίων
1354 1994 1471 2021 ὲκένωσε
1497 1994 1652 2029 θησαυροὺς
1678 1993 1731 2019 ὑπὸ
1752 1993 1807 2027 γῆν

1009 2042 1087 2073 ὄντας
1110 2041 1157 2068 καὶ
1180 2040 1397 2077 κεκρυμμένους.
1419 2040 1489 2075 Ἐσῃ
1511 2039 1544 2075 δὴ
1563 2039 1630 2073 γοῦν
1649 2039 1807 2074 περιφανὴς

1009 2087 1080 2114 οὕτω
1094 2088 1142 2114 καὶ
1158 2087 1290 2122 ἀοίδιμος,
1305 2086 1347 2112 ἴνα
1363 2085 1434 2120 γνῷς
1447 2085 1487 2112 ὃτι
1502 2084 1558 2119 ἐγὼ
1578 2085 1681 2120 Κύριος
1695 2084 1708 2110 ὁ
1724 2084 1805 2115 Θεὸς,

1010 2133 1023 2158 ὁ
1036 2132 1127 2159 καλῶν
1143 2133 1172 2159 τὸ
1188 2132 1275 2167 δνομά
1291 2140 1348 2163 σου,
1363 2131 1429 2162 Θεὸς
1451 2130 1571 2166 Ἰσραὴλ,
1589 2130 1684 2157 ἕνεκεν
1705 2128 1807 2156 Ἰακὼϐ

1010 2177 1056 2204 τοῦ
1072 2178 1166 2210 παιδός
1181 2187 1242 2212 μου,
1256 2178 1303 2204 καὶ
1327 2177 1435 2212 Ἰσραὴλ
1448 2176 1496 2203 τοῦ
1512 2175 1642 2203 ὲκλεκτοῦ
1668 2184 1732 2211 μου.
1749 2175 1805 2201 Κέ-

1010 2223 1098 2258 κ).ηκα
1113 2223 1166 2258 γάρ
1179 2232 1207 2249 σε
1232 2223 1301 2259 πρὸς
1320 2222 1409 2254 τοῦτο,
1431 2223 1524 2256 φησιν,
1546 2220 1602 2255 ἐγὼ
1617 2221 1684 2252 Θεὸς
1711 2220 1803 2255 μόνος,

1011 2268 1202 2303 καὶ-τετίμηκὰ
1216 2277 1245 2294 σε
1266 2269 1326 2299 ταῖς
1343 2267 1414 2294 οὕτω
1439 2267 1579 2302 λαμπραῖς
1593 2266 1743 2296 εὐκλείαις,
1765 2265 1806 2291 ἕνα

1010 2311 1040 2339 εὖ
1057 2312 1138 2339 πάθοι
1153 2313 1229 2348 παρὰ
1241 2312 1287 2338 σοῦ
1298 2312 1363 2347 ἐμὸς
1380 2311 1417 2338 ὢν
1432 2312 1541 2346 οἰκέτης
1559 2312 1573 2337 ὁ
1594 2310 1713 2346 Ἰσραήλ.
1734 2309 1806 2342 Ἐγὼ

1012 2359 1061 2393 μὲν
1076 2358 1198 2394 κέκληκα
1210 2367 1250 2390 σε,
1271 2358 1348 2392 φησι,
1368 2357 1415 2384 καὶ
1431 2357 1664 2391 κατεστεφάνωσα
1675 2357 1739 2387 ταῖς
1763 2356 1807 2382 εὑ-

1011 2404 1124 2436 κλείαις.
1149 2405 1184 2430 Σὺ
1208 2404 1236 2430 δὲ
1253 2405 1302 2431 οὐκ
1322 2404 1406 2438 ἔγνως
1427 2412 1460 2438 με
1488 2403 1529 2429 ὅτι
1546 2403 1601 2437 ἐγώ
1614 2405 1673 2437 εἰμι
1690 2402 1803 2437 Κύριος,

1012 2449 1058 2476 καὶ
1066 2450 1116 2476 οὐκ
1129 2449 1202 2476 ἐστιν
1219 2449 1259 2476 ἔτι
1269 2449 1336 2485 πλὴν
1353 2448 1421 2484 ἐμοῦ
1437 2448 1513 2480 Θεὸς,
1527 2448 1574 2475 καῖ⁸
1594 2448 1645 2474 οὐκ
1660 2447 1736 2483 ᾔδεις
1755 2454 1802 2481 με·

1012 2495 1105 2530 ὅμοιον
1133 2495 1170 2527 ὡς
1196 2495 1220 2521 εί
1245 2495 1320 2529 λέγοι
1338 2495 1449 2529 σαφῶς’
1478 2495 1535 2520 Οὐκ
1560 2493 1720 2520 ἀντέκτισιν
1740 2494 1802 2528 λαμ-

1014 2539 1090 2574 πρῶν
1105 2539 1360 2574 ἀνδραγαθημάτων
1377 2539 1430 2566 τῶν
1454 2537 1579 2573 ὁρώντων
1604 2539 1646 2569 είς
1663 2538 1803 2565 εὐσέϐειαν

1011 2584 1132 2619 ὲκομίσω
1155 2585 1219 2620 παρ’
1245 2585 1311 2619 ἐμοῦ
1328 2585 1378 2620 τὴν
1403 2584 1532 2618 τοιαύτην
1552 2583 1649 2615 δόξαν·
1668 2583 1803 2620 τετίμηκα

1010 2628 1038 2655 δέ
1055 2637 1096 2661 σε,
1117 2629 1206 2656 καίτοι
1219 2630 1257 2665 μὴ
1272 2631 1360 2656 εἰδότα
1377 2629 1427 2665 τὴν
1440 2629 1509 2664 ἐμὴν
1522 2629 1637 2664 Θεότητα
1652 2630 1702 2656 καὶ
1723 2630 1802 2664 ὑπερ-

1010 2675 1086 2711 οχὴν,
1111 2676 1168 2703 ἀλλ’
1189 2676 1243 2703 οὐδ’
1264 2676 1424 2712 ἐναρίθμιον
1450 2675 1514 2702 ὅντα
1539 2677 1594 2706 τοῖς
1619 2673 1803 2710 προσκυνοῦπί

1013 2729 1056 2755 με,
1075 2722 1131 2748 ἀλλ’
1150 2723 1193 2750 ἵνα
1210 2723 1312 2756 γνῶσιν
1332 2724 1356 2749 οἱ
1374 2723 1427 2750 ἀπὸ
1449 2722 1586 2750 ἀνατολῶν
1608 2722 1701 2758 ἡλίου,
1716 2722 1764 2749 καὶ
1781 2722 1803 2749 oi

1011 2767 1064 2794 ἀπὸ
1078 2768 1197 2804 δυσμῶν,
1211 2769 1251 2796 ὅτι
1268 2769 1318 2796 οὐκ
1334 2769 1390 2796 ἔστι
1407 2769 1475 2804 πλὴν
1485 2768 1560 2804 ἐμοῦ,
1572 2769 1603 2795 El
1617 2768 1672 2804 γὰρ
1684 2768 1802 2804 ἑλοίμην.
