1883 3055
61 191 116 220 953

648 190 679 220 ΙΝ
696 191 811 220 ιδΑιΑΜ
833 191 896 220 LIB.
919 191 961 220 IV.
982 192 1086 221 ORAT.
1106 192 1136 220 ll.

1644 193 1698 221 νει

60 249 156 284 φησιν.
172 249 319 285 ἰκρύεσθαι
336 251 398 281 τοὺς
415 250 511 286 ἐμοὺς,
527 251 575 277 καὶ
593 251 638 278 διὰ
650 251 705 278 τῶν
720 253 770 278 οὒκ
783 253 803 277 ei

954 258 1012 286 tque
1029 250 1150 282 voluero,
1166 250 1248 278 corda
1263 257 1356 277 eorum
1372 250 1418 284 qui
1434 250 1460 276 in
1476 254 1548 277 terra
1565 255 1637 282 sunt,
1656 251 1697 277 in-

57 303 114 321 των
132 295 183 330 τὴν
197 295 276 329 δόξαν
286 295 336 331 τὴν
349 295 419 332 ἐμὴν
431 296 598 331 ἀποπερανῶ
610 296 640 322 τὸ
657 297 764 332 χρῆμα,
785 296 856 332 ὑπέρ

64 347 92 372 τι
111 340 160 366 τοῦ
176 340 270 375 σαφῶς
282 340 382 368 εἰδέναι
396 341 459 373 τοὺς
470 340 522 368 ἀνὰ
533 341 624 368 πᾶσαν
636 341 665 368 δν
672 350 716 374 τας
728 341 778 378 τὴν
792 342 855 378 γῆν,

58 387 102 412 ότι
123 385 191 418 Θεὸς
205 387 256 413 οὐκ
276 387 334 414 ἐστι
351 386 421 423 πλὴν
441 387 520 422 ἐμοῦ.
541 387 608 423 Εἰμὶ
629 387 684 423 γὰρ
702 388 756 415 τῶν
777 387 857 414 δυνά-

61 439 144 465 μεων
158 431 272 467 Κύριος,
288 433 336 459 καὶ
348 433 448 465 παντὸς
462 433 567 466 ἔθνους,
581 434 629 460 καὶ
645 433 741 469 γένους
755 433 858 460 Δεσπό-

60 484 114 510 της
127 486 135 492 ·
159 478 209 504 καὶ
231 478 348 514 ὅποιπερ
364 479 397 506 ἂν
419 479 575 515 θελήσαιμι,
598 480 646 511 τὰς
666 480 723 507 τῶν
744 479 791 506 ἐπὶ
805 480 858 515 γῆς

33 520 39 547 ἐ
61 521 198 557 ἀπαρέρω
211 523 334 558 καρδίας,
346 523 418 551 ὥστε
431 524 485 552 τῶν
500 525 573 560 ἐμῶν
585 525 649 560 θελη
654 525 746 560 μάτων
760 525 858 561 ὑπουρ-

61 567 130 600 γοὺς
154 568 356 602 ἀναφαίνεσθαι
373 570 421 596 καὶ
435 571 499 602 τοὺς
515 570 566 596 οὐκ
578 569 659 601 ὄντας
675 569 769 605 ἐμούς.
787 569 859 604 Ἐγὼ

61 612 151 639 τοίνυν
162 613 222 648 εἰμί
240 613 343 649 Κύριος
357 615 371 641 ὁ
386 614 462 648 Θεὸς,
474 616 489 641 ὸ
511 615 721 646 κατασκευάσας
738 614 796 649 φῶς
811 614 859 640 καὶ

61 658 181 693 ποιήσας
208 659 314 692 σκότος,
338 659 411 686 τοῦτ’
428 660 512 692 ἔστιν,
526 660 635 695 ἡμέραν
648 668 679 686 τε
697 660 745 686 καὶ
761 659 857 692 νύκτα,

61 703 147 738 ἤγουν
163 703 222 738 φῶς
240 704 290 739 μὲν
307 706 365 736 τοῖς
379 705 606 741 λελυτρωμένοις,
632 706 728 738 σκότος
749 705 778 732 δὲ
802 707 859 738 τοῖς

61 749 296 785 πεπορθημένοις.
311 751 343 777 Οἱ
360 751 409 786 μὲν
424 751 479 787 γὰρ
496 751 618 788 ἔχαιρον,
640 751 678 784 ὡς
692 752 860 779 ἀπαλλαττόο

61 802 140 829 μενοι
161 795 217 821 τῶν
240 795 358 831 δεσμῶν,
379 797 403 823 οἱ
428 796 456 823 δὲ
473 794 542 830 ἦσαν
560 797 588 823 ἐν
606 797 738 831 ἀφύκτοις
755 805 858 832 συμφο-

63 841 134 874 ραῖς.
163 839 235 874 Ἐγώ
253 841 310 876 εἰμι
321 842 335 867 ό
352 841 437 868 ποιῶν
451 841 577 876 εἰρήνην,
594 841 641 868 καὶ
657 841 756 873 κτίζων
774 840 856 868 κακά.

68 885 193 921 Ἐκλήψῃ
210 885 258 913 καὶ
269 886 350 913 τοῦτο
366 886 437 914 κατά
447 887 497 923 τὴν
514 887 575 922 ῐσην
586 887 715 918 διάνοιαν,
726 887 764 919 ὡς
779 886 857 922 ἔφην,

908 297 990 330 cliuo,
1025 301 1054 324 ut
1073 297 1177 324 etiamsi
1197 295 1250 324 mei
1268 303 1322 324 non
1343 301 1420 330 sunt,
1439 295 1589 323 voluntates
1607 300 1696 322 tamen

910 351 984 371 meas
1001 347 1195 378 exsequantur.
1212 342 1268 378 Ego
1285 343 1368 376 igitur
1381 350 1440 370 sum
1458 342 1589 369 Dominus
1607 343 1696 375 ﬂens,

907 389 953 425 qui
972 388 1101 425 fabricari
1118 388 1203 416 lucem
1214 409 1222 421 ,
1237 393 1265 416 et
1281 388 1332 416 feci
1350 388 1490 420 tenebras,
1509 388 1535 415 id
1552 392 1610 421 est,
1627 388 1697 416 diem

907 440 935 463 et
952 439 1069 466 noctem,
1087 434 1129 462 vel
1148 434 1233 462 lucem
1255 434 1410 468 redemptis,
1429 434 1554 461 tenebras
1574 434 1696 469 perditis.

907 481 947 509 llli
965 481 1047 514 enim,
1065 481 1138 508 velut
1155 481 1259 508 liberati
1275 480 1566 515 vinculis,gaudebat.t
1582 489 1588 507 :
1605 480 1631 506 b2
1649 488 1697 506 ευρ

909 532 962 555 tem
980 527 1006 554 in
1026 527 1133 554 miseria
1154 526 1337 554 indeclinabili
1354 526 1542 553 versabantur.
1561 525 1618 559 Ego
1637 533 1696 552 sum

908 573 953 608 qui
971 572 1106 600 constituo
1123 579 1229 606 pacem,
1244 577 1271 599 et
1289 579 1352 599 creo
1368 572 1448 599 mala.
1463 571 1492 598 Et
1513 572 1564 598 boc
1581 570 1698 604 accipies

908 624 954 649 eo,
970 623 1048 651 quem
1062 616 1116 651 jam
1133 616 1204 648 dixi,
1221 623 1300 643 sensu
1317 625 1323 643 :
1339 615 1434 644 Pacem
1451 616 1612 650 redemptis,
1628 614 1697 642 mala

909 670 987 695 vero,
1004 662 1029 690 id
1045 667 1087 689 est
1098 682 1105 694 ,
1121 662 1190 689 male
1204 661 1345 696 aflligentia
1357 682 1364 694 ,
1380 661 1420 688 vel
1435 662 1523 688 omnis
1538 661 1614 688 malae
1628 660 1697 688 aﬂ'li-

909 708 1008 736 ctionis
1023 707 1176 739 eﬂlcientia,
1193 707 1349 734 crudelibus
1363 711 1390 733 et
1406 707 1577 738 immanibus,
1592 707 1637 741 qui
1654 707 1698 733 in-

907 757 1035 781 vaserunt
1051 752 1189 780 lsraelem.
1206 751 1272 778 Nam
1289 751 1360 786 quod
1378 750 1522 778 offenderit
1538 751 1622 777 Deum
1640 751 1698 778 lucc

909 805 964 829 res,
980 797 1149 832 perspicuum
1165 804 1225 824 esse
1241 800 1341 831 potest,
1355 803 1415 823 cum
1431 796 1503 823 dicat
1515 803 1581 822 voce
1598 795 1697 830 angeli,

909 845 1047 880 propheta!
1063 843 1202 871 Zacharia:
1216 851 1222 870 :
1239 852 1249 868 ‹
1264 842 1420 870 ΔΞιηυΙοιυσ
1434 850 1493 870 sum
1507 842 1656 870 Jerusalem
1672 847 1699 870 et

911 890 977 917 Sion
998 890 1169 916 aemulatione
1190 896 1298 923 magna,
1320 892 1347 916 et
1367 888 1458 916 furore
1480 896 1576 922 magno
1597 888 1698 915 irascor

61 931 166 977 ἀρτίως
177 939 183 946 '
202 931 321 968 Εἰρήνην
336 932 387 968 μὲν
405 934 461 965 τοῖς
484 933 707 969 λελυτρωμένοις,
723 933 796 960 κακὰ

954 936 1037 963 ttibus
1051 935 1131 963 simul
1145 935 1374 969 conspirantibus,
1388 941 1436 969 pro
1450 942 1482 961 eo
1496 935 1565 969 quod
1579 942 1629 969 ego
1644 934 1697 961 ira-

60 976 134 1003 τοῦτ¹
149 976 220 1010 ἐστι,
234 978 386 1010 κακωτικὰ,
401 978 462 1013 ἢτοι
477 979 568 1014 πάσης
584 978 733 1010 κακώσεως
742 979 858 1013 ἐμποιη-

59 1021 137 1056 τικὰ,
148 1024 205 1055 τοῖς
220 1022 306 1058 ὠμοῖς
322 1024 370 1049 καὶ
378 1023 495 1059 ἀγρίοις,
512 1025 568 1055 τοῖς
577 1023 804 1058 ἐπενηνεγμένοις
818 1023 858 1058 τῷ

66 1066 190 1104 Ἰσραήλ.
209 1069 270 1096 Ὅτι
284 1069 338 1104 γὰρ
356 1068 494 1103 λελύπηκε
513 1069 544 1096 τὸ
562 1069 658 1105 χρῆμα
673 1069 751 1099 Θεὸν,
775 1070 858 1103 σαφὲς

61 1115 97 1142 ἂν
115 1115 234 1149 γένοιτο,
251 1115 378 1150 λέγοντος
397 1115 480 1142 αὑτοῦ
498 1115 542 1142 διὰ
566 1116 658 1151 φωνῆς
679 1115 795 1150 ἀγγέλου
820 1115 858 1151 τῷ

59 1161 195 1198 προφήτῃ
211 1162 349 1197 Ζαχαρίᾳ·
371 1171 380 1187 t
391 1161 532 1197 Ἐζήλωκα
548 1161 598 1198 τὴν
619 1161 796 1197 Ἰερουσαλὴμ
809 1162 856 1188 καὶ

59 1207 113 1243 τὴν
129 1206 201 1234 Σιὼν
214 1207 294 1242 ζῆλον
309 1207 407 1242 μέγαν,
424 1208 471 1234 καὶ
485 1207 564 1243 θυμῷ
582 1207 692 1242 μεγάλῳ
714 1205 859 1242 ὀργίζομαι

60 1251 111 1278 ἐπὶ
123 1251 159 1278 τὰ
169 1251 233 1288 ἔθνη
245 1251 279 1279 τὰ
292 1253 527 1288 συνεπιτιθέμενα.
543 1253 600 1280 ἀνθ’
616 1250 654 1280 ὧν
670 1253 718 1288 μὲν
733 1251 788 1287 ἐγὼ
809 1253 860 1288 ὼρ-

60 1296 162 1332 γίσθην
176 1296 266 1332 ὀλίγα,
279 1297 355 1324 αὐτοὶ
369 1297 397 1324 δὲ
414 1298 594 1325 συνεπέθεντο
616 1298 656 1330 εἰς
675 1298 757 1325 κακά.
776 1308 784 1324 ι
805 1299 860 1325 Καὶ

62 1342 119 1377 μὴν
138 1343 187 1369 καὶ
200 1342 239 1375 ὡς
257 1343 326 1378 πρὸς
340 1343 430 1370 αὐτῶν
441 1343 497 1369 τῶν
516 1343 714 1370 Βαϐυλωνίων·
744 1352 753 1368 ε
790 1342 860 1376 Ἐγὼ

60 1386 171 1414 δέδωκα
182 1387 281 1420 αὐτοὺς
293 1389 333 1419 εις
349 1387 398 1419 τὰς
411 1387 506 1423 χεῖράς
520 1396 578 1418 σου.
598 1388 630 1414 σὺ
646 1388 674 1414 δὲ
689 1387 738 1414 οὐκ
754 1387 858 1419 ἔδωκας

60 1432 158 1465 αὐτοῖς
174 1432 273 1465 ἔλεος.»
289 1434 349 1460 Ὀτι
359 1433 388 1460 δὲ
398 1434 468 1460 κατᾶ
480 1433 607 1469 βούλησιν
617 1433 685 1460 Θεοῦ
701 1434 760 1465 ταῖς
774 1433 861 1460 Βαϐυ-

61 1479 171 1506 λωνίων
184 1479 355 1511 ἀλαζονείαις
370 1479 541 1515 ὲπεπήδησεν
561 1479 575 1505 ὸ
594 1479 694 1514 Κῦρος,
714 1479 816 1514 θρασύς
831 1486 860 1505 τε

61 1527 113 1553 καὶ
143 1526 294 1562 παναλκὴς,
319 1527 366 1554 καὶ
386 1528 419 1562 τῇ
449 1527 592 1563 πρεπούσῃ
622 1528 678 1558 τοῖς
712 1525 861 1561 πάσχουσιν

60 1571 189 1606 ὠμότητι
203 1571 354 1607 χρώμενος,
365 1571 505 1606 εἰσόμεθα,
518 1571 642 1605 λέγοντος
652 1569 803 1602 αὑτοῦ,,ειὰ
813 1570 862 1604 τῆς

69 1617 211 1654 Ἱερεμίου
227 1618 329 1652 φωνῆς,
347 1616 385 1648 ὡς
400 1616 469 1652 πρός
488 1625 520 1651 γε
532 1616 578 1642 τὸν
597 1616 704 1651 Κῦρον·
722 1625 731 1642 ι
751 1614 863 1651 Πικρῶς

63 1662 180 1697 ἐπίϐηθι
206 1662 248 1688 ἐπ’
272 1661 367 1698 αὐτὴν,
394 1661 442 1688 καὶ
467 1662 514 1689 ἐπὶ
532 1662 596 1694 τοὺς
618 1661 811 1693 κατοικοῦντας
834 1661 863 1688 ὲν

62 1709 148 1744 αὐτῇ,
167 1708 215 1735 καὶ
235 1708 378 1743 ἐκδίκησον
395 1708 543 1744 μάχαιραν,
567 1708 616 1734 καὶ
634 1708 775 1742 ἀφάνισον,
789 1707 863 1742 λέγει

64 1753 181 1788 Κύριος,
203 1753 249 1779 καὶ
264 1753 336 1779 ποίει
347 1753 418 1779 κατά
429 1753 520 1779 πάντα
540 1753 590 1778 ὅσα
608 1751 766 1787 ἐντέλλομαί
782 1760 833 1778 σοι.
850 1761 860 1777 ι

64 1800 123 1826 Καὶ
136 1799 204 1834 πρὸς
216 1798 321 1830 τούτοις
332 1798 372 1825 ἔτι
381 1806 388 1812 ·
405 1808 414 1824 1
430 1798 540 1831 Ἦνοιξε
560 1797 661 1834 Κύριος
671 1798 718 1825 τὸν
727 1797 864 1833 θησαυρὸν

63 1844 161 1877 αὐτοῦ,
178 1845 226 1871 καὶ
242 1845 375 1878 ἐξήνεγκε
383 1844 418 1870 τὰ
438 1843 521 1879 σκεύη
541 1844 590 1879 τῆς
605 1844 689 1879 ὀργῆς
707 1843 800 1876 αὐτοῦ,
819 1844 860 1870 ὅτι

63 1890 149 1925 ἔργον
163 1890 256 1925 Κυρίῳ
271 1891 299 1915 ὲν
313 1891 349 1925 γῇ
362 1889 516 1922 Χαλδαίων,
532 1890 574 1916 ὅτι
587 1889 747 1926 ἐληλύθασιν
763 1890 787 1916 οι
800 1897 860 1916 και-

65 1937 110 1972 ροΊ⁸
126 1936 222 1971 αὐτῆς.
248 1936 382 1968 Ἀνοίξατε
401 1935 450 1966 τὰς
472 1935 614 1970 ἀποθήκας
635 1935 729 1970 αὐτῆς,
746 1935 860 1970 ἐρευνή-

65 1990 135 2009 arts
151 1982 234 2017 αὐτὴν
245 1981 283 2012 ὡς
301 1981 443 2017 σπήλαιον,
469 1982 515 2008 καὶ
532 1981 741 2016 ἐξολοθρεύσατε
763 1981 858 2016 αὑτήν.

65 2028 116 2064 Μὴ
132 2027 253 2062 γενέσθω
263 2028 348 2063 αὐτῆς
360 2027 546 2063 κατάλειμμα,
559 2027 746 2063 ἀναξηράνατε
758 2027 860 2059 πάντας

909 987 951 1009 tus
972 988 1066 1016 parum
1090 979 1199 1011 fuerint,
1220 980 1285 1013 ipsa:
1307 983 1396 1006 autem
1419 979 1643 1013 conspiravcrunt
1664 979 1697 1006 ad

908 1026 978 1053 mala
992 1025 1036 1052 “'.
1057 1034 1066 1050 ι
1082 1024 1151 1058 Quin
1167 1029 1194 1050 et
1208 1024 1279 1051 velut
1295 1025 1327 1051 de
1341 1024 1405 1058 ipsis
1420 1024 1573 1059 Babyloniis
1589 1033 1594 1050 :
1615 1033 1623 1049 ι
1642 1024 1698 1058 Ego

910 1071 1010 1099 tradidi
1027 1077 1075 1098 eos
1090 1071 1116 1097 in
1133 1077 1228 1096 tnanus
1243 1075 1302 1096 tuas
1316 1078 1323 1096 :
1337 1075 1363 1096 tu
1379 1074 1468 1096 autem
1485 1077 1536 1096 tton
1553 1069 1698 1096 cxbibuisli

910 1117 960 1144 illis
980 1115 1190 1143 misericordiam
1209 1115 1241 1142 “.
1267 1124 1275 1141 ι
1301 1114 1376 1148 Quod
1404 1119 1494 1141 autem
1510 1122 1542 1141 ex
1560 1113 1700 1141 voluntate

911 1161 956 1188 Dei
990 1161 1199 1196 Babyloniorum
1223 1160 1373 1187 insolentia:
1397 1160 1534 1187 insultaril
1554 1159 1651 1195 Cyrus,
1673 1165 1700 1188 et

909 1207 1007 1238 audax,
1022 1211 1050 1234 et
1066 1205 1242 1238 fortissimus,
1257 1211 1284 1232 et
1300 1206 1379 1239 digna
1396 1205 1437 1232 Itis
1452 1206 1497 1240 qui
1515 1206 1645 1240 supplicio
1660 1205 1700 1243 af-

910 1251 971 1278 fecti
988 1255 1052 1278 sunt
1067 1258 1132 1278 usus
1146 1250 1324 1278 crudelitate:
1339 1250 1419 1286 603
1436 1250 1627 1285 intelligemus,
1642 1251 1700 1285 ipso

911 1299 1016 1325 dicente
1032 1297 1107 1324 velut
1125 1297 1158 1324 ad
1176 1297 1293 1332 Cyrum,
1312 1305 1377 1324 voce
1395 1297 1518 1325 .lerentiaa
1536 1306 1544 1325 :
1565 1306 1574 1323 ‹
1594 1297 1701 1325 Acriter

912 1345 1008 1372 invade
1021 1352 1094 1378 eam,
1107 1348 1134 1372 et
1147 1344 1302 1371 habitantes
1315 1344 1341 1371 in
1356 1351 1397 1370 ea.
1412 1343 1547 1371 Ulciscere
1561 1343 1660 1378 gladio,
1673 1349 1702 1371 et

911 1394 1001 1422 vasta,
1016 1390 1054 1417 ait
1070 1389 1215 1422 Dominus,
1230 1394 1257 1417 et.
1277 1389 1319 1417 fac
1332 1389 1408 1424 juxla
1424 1390 1515 1416 omnia
1532 1396 1702 1424 quaecunque

911 1435 1037 1470 praecipio
1053 1434 1100 1462 tibi
1110 1435 1154 1462 ¹⁵”.
1171 1444 1180 1461 ι
1196 1435 1230 1462 Et.
1245 1435 1278 1461 ad
1294 1435 1352 1462 htcc
1367 1435 1482 1462 iterum:
1498 1443 1507 1459 ι
1519 1434 1631 1469 Aperuit
1648 1434 1698 1461 Do‘

912 1481 1001 1508 minus
1014 1481 1171 1508 thesaurum
1183 1480 1252 1515 ejus,
1265 1485 1291 1508 et
1304 1480 1416 1514 protulit
1427 1487 1490 1507 vasa
1504 1480 1550 1507 ira:
1562 1486 1627 1512 suae,
1640 1480 1701 1514 quia

911 1535 979 1562 opus
995 1527 1108 1554 Domino
1123 1527 1149 1554 in
1165 1531 1235 1554 terra
1252 1526 1440 1554 Chaldaeorum
1451 1546 1459 1559 ,
1478 1526 1605 1561 quoniatn
1620 1533 1701 1553 vene-

913 1578 976 1600 runt
990 1576 1114 1608 tempora
1131 1572 1199 1608 ejus.
1217 1572 1329 1607 Aperite
1345 1572 1489 1607 apothecas
1506 1571 1580 1606 ejus,
1597 1577 1702 1598 scruta-

914 1620 979 1646 mini
998 1619 1069 1646 illam
1088 1624 1214 1653 tanquam
1233 1618 1404 1653 speluncam,
1422 1623 1450 1646 et
1470 1617 1556 1646 delete
1576 1625 1646 1645 eam.
1665 1617 1703 1645 Ne

912 1666 965 1693 sint
981 1666 1052 1693 illius
1066 1665 1195 1699 reliquiae.
1211 1664 1352 1692 Exsiccate
1366 1671 1463 1691 omnes
1476 1663 1580 1691 fructus
1596 1663 1664 1697 ejus,
1677 1668 1702 1690 ct

913 1710 1079 1738 descendant
1096 1711 1122 1738 in
1140 1711 1319 1738 occisionem.
1333 1711 1378 1737 Va:
1396 1711 1460 1742 illis,
1479 1710 1540 1745 quia
1558 1710 1631 1737 venit
1646 1710 1703 1737 dies

913 1764 1022 1789 eorum,
1037 1761 1064 1784 et
1079 1761 1185 1792 tempus
1201 1757 1325 1783 vindictre
1339 1763 1432 1783 eorum
1446 1756 1468 1772 ι·
1484 1775 1491 1782 .
1509 1766 1518 1781 ι
1536 1755 1609 1782 Dixit
1621 1756 1704 1783 etiam

914 1801 972 1836 ipse
987 1801 1116 1836 propheta
1128 1801 1222 1837 lsaias,
1237 1801 1309 1828 Vciul
1324 1800 1349 1827 in
1366 1808 1479 1835 persona
1498 1800 1555 1832 Dei,
1570 1800 1602 1827 ad
1618 1800 1702 1835 Baby-

914 1847 1001 1875 lonios
1017 1855 1025 1874 :
1043 1857 1052 1873 ς
1071 1847 1140 1874 Ecce
1155 1847 1280 1874 excitabo
1296 1851 1388 1874 contra
1405 1854 1452 1873 vos
1467 1846 1573 1880 Medos,
1589 1847 1632 1881 qui
1651 1854 1703 1873 non

917 1893 1050 1920 rationem
1073 1893 1174 1920 habent
1196 1893 1315 1927 argenti,
1340 1900 1389 1920 nec
1413 1900 1480 1920 auro
1503 1900 1569 1926 opus
1593 1893 1703 1920 habent.

915 1937 1002 1966 Arcus
1024 1937 1154 1972 iuvenum
1178 1941 1336 1970 conterent,
1360 1942 1387 1964 et
1412 1937 1527 1964 filiorum
1551 1940 1702 1963 vestrorum

915 1983 1128 2010 misericordiam
1149 1991 1200 2010 non
1223 1983 1345 2017 capient,
1364 1989 1415 2009 nec
1438 1981 1500 2009 ﬁliis
1522 1981 1574 2008 tuis
1591 1985 1703 2016 parcent

913 2027 985 2054 oculi
1002 2033 1096 2054 eorum
1109 2026 1155 2060 “‘,
1170 2036 1180 2052 ι
1199 2027 1326 2053 nimirum
1345 2026 1494 2053 Medorum.

65 2075 133 2107 τοὺς
143 2076 267 2111 καρποὺς
280 2075 376 2110 αὐτῆς,
394 2075 591 2110 καταϐήτωσαν
611 2076 650 2107 εἰς
671 2075 789 2110 σφαγήν.
802 2075 870 2102 Οὐαὶ
891 2075 994 2106 αὑτοῖς,
1015 2075 1056 2101 ὅτι
1071 2074 1163 2109 ἥκειή
1184 2073 1274 2109 ήμὲρα
1294 2073 1394 2106 αὐτῶν,
1417 2073 1464 2099 καὶ
1484 2072 1580 2108 καιρδς
1594 2071 1704 2106 ἐκδικήο

67 2127 140 2152 duo;
155 2120 254 2147 αὐτῶν.
275 2131 284 2147 ι
303 2119 375 2155 Ἐφη
404 2120 432 2147 δέ
451 2129 503 2147 που
528 2120 577 2147 καὶ
599 2121 680 2152 αὐτὸς
700 2123 714 2147 ὁ
736 2121 878 2156 προφήτης
904 2121 1028 2152 Ἡσαΐας,
1044 2120 1082 2153 ὡς
1101 2121 1133 2146 ἐκ
1154 2119 1300 2156 προσώπου
1319 2119 1365 2146 τοῦ
1398 2119 1464 2145 Θεοῦ
1493 2118 1560 2154 πρὸς
1579 2118 1708 2145 Βαΰυλωη

222 2167 279 2177 ετξ-μ

67 2167 145 2199 vino;
161 2175 169 2182 ·
188 2175 198 2192 ι
222 2167 288 2193 Ἰδοὺ
313 2166 437 2202 ἐπεγερῶ
467 2167 531 2202 ὑμῖν
555 2168 619 2200 τοὺς
648 2168 768 2203 Μήδους,
797 2168 822 2195 οἳ
850 2169 881 2194 οὐ
918 2168 1070 2202 λογίζονται
1094 2168 1236 2204 ἀργύριον,
1265 2167 1326 2193 οὐδὲ
1348 2165 1460 2202 χρυσίου
1483 2165 1577 2201 χρείαν
1603 2165 1705 2200 ἔχουσι.

67 2214 233 2250 Τοξεύματα
257 2213 406 2241 νεανίσκων
448 2213 633 2249 συντρίψουσι,
662 2212 710 2239 καὶ
739 2212 773 2239 τὰ
797 2212 881 2240 τέκνα
918 2213 995 2248 ὑμῶν
1020 2213 1051 2239 οὐ
1078 2213 1116 2248 μὴ
1136 2212 1296 2248 ὲλεήσωσιν,
1320 2212 1374 2238 οὐδ’
1396 2211 1442 2237 ἐπὶ
1459 2212 1516 2242 τοῖς
1533 2211 1638 2243 τέκνοις
1659 2219 1705 2238 σου

67 2260 211 2295 φείσονται
237 2260 262 2286 οἱ
283 2258 417 2294 ὀφθαλμοὶ
436 2258 537 2290 αὐτῶν,
553 2268 561 2283 ι
580 2258 700 2293 δηλονότι
727 2257 780 2284 τῶν
801 2258 913 2294 Μήδων.

105 2307 311 2342 Εὑφρανθήτω
324 2307 339 2332 ὁ
353 2305 480 2340 οὐρανὸς
493 2305 617 2339 ἀνωθεν,
631 2306 720 2333 καὶαι
735 2305 848 2340 νεφέλα

961 2305 1029 2333 iens.
1043 2306 1069 2333 8.
1081 2305 1198 2332 Lwlelur
1211 2305 1304 2332 caelum
1317 2306 1438 2337 desuper,
1451 2308 1475 2330 et
1489 2304 1569 2330 nubes
1582 2309 1704 2338 spargunt

67 2353 253 2388 ρανὰτωσαν
270 2352 467 2385 δικαιοσύνην
481 2360 487 2367 ·
504 2351 686 2379 ἁνατειλάτω
703 2352 723 2385 ἠ
749 2351 799 2386 γῆ,
817 2351 866 2378 καὶ

69 2398 280 2433 βλαστησάτω
297 2398 394 2432 ἕλεος,
411 2397 461 2424 καὶ
475 2397 673 2430 δικαιοσύνην
682 2396 867 2425 ἁνατειλάτω

69 2447 144 2482 ἅμα.

53 2489 66 2526 ξ
111 2492 194 2524 Ἐθος
206 2491 254 2519 καὶ
266 2491 364 2527 μελέτη
375 2490 539 2526 πλεισταχοῦ
550 2491 582 2525 τῇ
592 2489 764 2525 θεοπνεύστῳ
772 2490 867 2526 Γραφῇ

70 2537 210 2572 διεξάγειν
226 2537 289 2568 τοὺς
316 2536 412 2571 λόγους
433 2537 465 2563 ὲκ
486 2536 540 2563 τῶν
562 2535 623 2562 καθ’
642 2535 745 2562 ἕκαστά
773 2545 802 2562 τε
822 2537 869 2562 καὶ

71 2584 126 2612 ἀνά
146 2583 229 2620 μέρος
249 2582 295 2610 ὲπί
315 2590 370 2609 τισι
391 2581 542 2616 γεγονότων
561 2581 601 2612 εις
625 2580 655 2606 τὸ
684 2580 798 2607 καθόλου
823 2582 868 2608 καὶ

72 2630 120 2657 ἐντι
135 2630 251 2661 πάντας,
275 2629 323 2656 καὶ
346 2628 473 2663 καθάπερ
497 2627 528 2660 ἐξ
549 2627 677 2662 ἐνεργοῦς
696 2627 799 2658 εἰκόνος
819 2626 873 2652 τῶν

75 2675 222 2713 ἱστορικῶς
246 2674 449 2710 πεπραγμένων
474 2673 652 2705 ἀναϐιϐάζειν
680 2672 796 2703 ἀστείως
818 2672 873 2698 τῶν

75 2721 280 2755 παιδευομένων
304 2720 349 2746 τὸν
363 2719 426 2746 νοῦν
450 2720 490 2751 είς
512 2719 631 2754 θεωρίας
656 2718 870 2754 μυστικωτέρας.

77 2769 111 2794 ὐ
138 2767 170 2802 δὴ
191 2768 238 2794 καὶ
264 2766 310 2793 ἐπὶ
331 2766 385 2792 τῶν
403 2766 432 2791 ἐν
454 2765 532 2800 χερσὶ
548 2766 646 2799 στίχων
665 2764 769 2791 ἔνεστιν
796 2764 870 2790 ἰδεῖν.

75 2813 190 2849 Μακρὶς
210 2813 258 2847 μὲν
281 2812 336 2848 γὰρ
348 2811 531 2847 δεδαπάνηται
547 2811 625 2845 λόγος
640 2811 684 2838 διὰ
699 2811 754 2837 τῶν
777 2811 872 2838 ἁνόπιν

914 2352 1061 2386 justitiam,
1078 2352 1215 2384 aperiatur
1232 2357 1313 2383 terra,
1329 2356 1352 2377 et
1368 2350 1495 2385 germinet
1514 2349 1701 2382 misericordia,

917 2402 942 2424 el
953 2398 1060 2432 justitia
1073 2398 1210 2424 exoriatur
1227 2396 1318 2423 simul.

955 2485 1082 2513 Solcntne
1112 2492 1144 2512 ac
1177 2484 1312 2512 familiare
1343 2488 1386 2511 est
1420 2483 1548 2511 divinitus
1580 2483 1706 2517 aspirata:

918 2531 1082 2566 Scriptura,
1103 2538 1289 2566 saepenumero
1313 2537 1466 2557 sermonem
1482 2530 1515 2557 ab
1536 2529 1578 2557 bis
1595 2537 1654 2564 quae
1670 2530 1706 2557 si—

922 2577 1033 2612 gillatint
1048 2581 1074 2603 et
1092 2575 1274 2610 particulatim
1290 2575 1324 2602 de
1344 2575 1477 2609 aliquibus
1494 2575 1564 2602 facta
1582 2578 1654 2607 sunt,
1673 2573 1707 2600 ad

923 2630 1006 2658 genus
1021 2623 1175 2649 universum
1193 2626 1221 2649 et
1235 2623 1268 2649 ad
1290 2629 1384 2649 omnes
1406 2622 1554 2656 producere
1566 2641 1574 2651 ,
1593 2625 1619 2647 et
1635 2620 1707 2646 velut

922 2677 936 2695 a
964 2668 1100 2695 luculenta
1135 2675 1224 2694 rerum
1251 2668 1378 2694 historice
1406 2672 1544 2701 gestarum
1578 2666 1705 2699 imagine,

923 2721 1040 2744 mentem
1054 2723 1146 2743 eorum
1160 2715 1205 2749 qui
1224 2715 1413 2745 instituuntur,
1428 2713 1460 2740 ad
1476 2712 1707 2741 considerationes

922 2762 1008 2797 magis
1032 2770 1147 2788 arcanas
1164 2769 1195 2787 ac
1220 2760 1349 2796 mysticus
1369 2761 1437 2786 scite
1455 2760 1606 2785 traducere.
1629 2757 1705 2789 Quod

922 2809 1003 2836 etiam
1018 2808 1044 2835 in
1059 2808 1102 2835 his
1121 2807 1243 2834 versibus
1255 2806 1298 2841 qui
1313 2813 1368 2840 prae
1383 2805 1509 2832 manibus
1525 2808 1598 2836 sunt,
1614 2802 1706 2830 videre

113 2902 146 2918 ⁸⁸⁸
166 2901 280 2930 Lxcltar.
309 2909 327 2936 ι,
344 2901 385 2936 Η,
401 2902 441 2929 15.
481 2903 500 2917 ’⁵
515 2901 565 2928 1³η.
591 2908 672 2935 ιιι-ιι,
687 2900 712 2927 6.
753 2900 786 2916 ¹¹⁸
805 2898 856 2928 Jer.

805 2898 860 2928 Jer.
874 2905 892 2933 ι,
909 2898 953 2925 l1.
991 2897 1011 2913 ”
1025 2895 1081 2925 Jer.
1099 2905 1124 2929 ι,
1139 2895 1184 2929 25,
1206 2895 1250 2923 27.
1291 2895 1324 2912 η·
1345 2894 1401 2923 Jer.
1426 2901 1462 2928 ιι,
1482 2893 1536 2921 1-5.
