1883 3055
71 187 116 217 961
630 183 664 211 ΙΝ
683 183 796 211 lSAlAM
816 159 881 212 LFB.
902 183 944 211 IV.
966 183 1070 211 ORAT.
1091 185 1123 212 ll.

1631 189 1684 217 962

71 242 149 277 αὐτῷ,
165 242 230 268 ποτὲ
245 241 293 278 μὲν
313 241 452 276 λέγοντες·
473 251 482 268 ι
500 241 531 268 Et
545 239 580 278 ἦν
595 237 672 273 οὗτος
690 241 764 281 παρὰ
783 240 851 267 Θεοῦ

908 240 945 268 bis
961 245 1086 276 tanquam
1110 240 1193 268 funda
1216 242 1341 277 quapiam
1361 242 1536 271 lncesseutes.
1554 244 1683 278 Quoniam

71 287 217 322 ἄνθρωπος,
230 287 279 314 οὐκ
300 286 332 314 ἂν
346 287 407 314 ἔλυε
424 288 455 313 τὸ
474 286 627 313 Σάϐϐατον·
643 295 652 311 ι
674 286 739 312 ποτὲ
759 286 786 312 δὲ
804 286 850 312 καὶ

70 332 122 362 τοῖς
144 330 184 356 ἔτι
209 331 312 366 χείροσι
342 331 607 366 κατασφενδονῶντες
630 331 727 365 λόγοις.
748 331 852 357 Οὐκοῦν

72 376 214 412 ἐπειδήπερ
230 377 415 412 ἀπαράδεκτον
440 377 580 404 ἐποιοῦντο
598 377 651 405 τῶν
668 377 852 412 εὐαγγελιχῶν

72 422 252 458 κηρυγμάτων
268 423 316 457 τὴν
341 422 433 457 ὄνησιν
453 423 669 455 ἀναϐιϐάζουσαν
696 423 794 454 αὐτοὺς
811 424 852 454 εἰς

72 468 255 504 πνευματικὴν
263 468 416 503 εὐκαρπίαν
430 470 462 495 ἐκ
473 468 523 503 τῆς
539 470 668 505 ἀνονήτου
683 469 773 500 σκιᾶς,
787 468 852 495 ταύ-

75 513 146 549 τῃτοί
158 514 238 548 φησιι
254 514 300 548 Μὴ
313 515 327 540 ὀ
337 515 470 550 ἀροτριῶν
490 516 645 550 ἀροτριάσει
665 516 713 550 τὴν
726 516 776 550 γῆν
789 514 852 550 ὅλην

70 559 116 594 τήν
136 558 255 594 ήμέρανς
266 557 301 585 Ὦ
324 559 443 595 ἀνόητοι,
457 561 549 596 φησίν·
566 561 709 596 ἀνατέμνει
733 561 781 596 μὲν
798 561 852 596 γὰρ

72 605 122 635 τοῖς
135 604 261 639 ἀρότροις
279 605 327 640 τὴν
343 606 462 641 ἄρουραν
482 607 495 633 ὁ
509 606 635 641 γηπόνος,
652 605 708 632 ἀλλ’
722 606 753 632 οὺ
771 606 851 641 μέχρι

74 649 164 680 παντὸς
178 648 257 676 τοῦτο
268 650 328 685 δρᾷ,
341 650 400 677 οὐδὲ
415 651 523 678 ᾶπαντα
535 652 591 682 τοῖς
606 651 729 686 ἀρότροις
744 651 789 676 τὸν
803 650 850 686 τῆς

74 695 198 729 γηπονὶας
224 695 373 732 δαπανήσει
404 697 509 732 καιρόν.
531 697 691 731 Ἀνατέμνει
725 696 778 732 γὰρ
802 696 851 730 τὴν

68 740 196 775 ἄρουραν,
220 740 271 776 οὐχ
296 740 339 767 ἵνα
362 741 491 776 φαίνηται
507 741 586 768 τοῦτο
612 741 735 768 παθοῦσα
760 742 850 775 μόνον,

75 784 182 811 ἀλλ’ἵνα
200 785 383 820 εὑπαράδοχος
439 787 494 816 τοῖς
514 786 543 811 ὲν
561 786 629 822 αὐτῇ
652 785 852 820 καταὸαλλομέ-

75 838 124 861 νοις
146 830 296 865 σπέρμασι,
314 831 361 856 καὶ
377 831 545 866 καρπογὸνος
564 830 645 866 ὀφθῇ.
665 829 769 857 Οὐκοῦν
793 830 852 856 ὑλο-

78 874 204 910 μανούσας
221 876 286 902 ποτὲ
301 875 346 902 καὶ
363 873 418 903 οἷον
439 876 646 911 κεχερσωμένας
661 876 710 907 τὰς
726 875 852 903 ἁπάντων

902 293 967 321 ergo
980 285 1141 320 evangelica:
1158 287 1358 320 prmdicationis
1383 287 1524 315 utilitatem
1549 289 1684 323 aspernati

902 336 974 363 sunt,
1000 338 1060 365 quae
1085 331 1148 358 illos
1181 331 1214 359 ab
1231 332 1319 360 inutili
1338 333 1443 366 umbra,
1463 334 1495 361 ad
1517 334 1684 369 spiritualetn

903 376 1067 403 fertilitatem
1083 376 1202 408 adducit,
1232 377 1294 404 hinc
1317 379 1354 405 ait
1374 388 1380 405 :
1398 377 1466 406 Num
1490 387 1572 406 arans
1599 381 1686 409 arabit

903 425 1012 455 terram,
1032 427 1086 449 toto
1106 422 1167 449 die?
1185 422 1208 450 0
1235 423 1321 457 stulti,
1350 424 1447 460 inquit,
1474 426 1572 453 scindit
1594 432 1685 453 aratro

903 471 1002 494 terram
1021 467 1148 502 agricola,
1166 469 1213 496 sed
1230 476 1282 496 non
1299 477 1407 505 semper
1421 471 1472 498 hoc
1487 471 1561 504 facit,
1580 478 1629 498 nec
1645 476 1685 498 to-

902 518 959 540 tum
973 513 1178 548 agricolationis
1205 519 1310 547 tempus
1333 515 1431 543 aratris
1444 517 1588 544 consumit.
1608 516 1685 544 Scin-

902 556 942 584 dit
952 557 1024 584 enim
1037 562 1148 591 terram,
1165 566 1217 585 non
1234 564 1263 586 ut
1276 559 1327 586 hoc
1342 560 1428 586 solum
1453 561 1582 595 patiatur,
1598 562 1645 589 sed
1656 566 1685 588 ut

903 606 965 636 apta
983 602 1019 629 sit
1035 602 1206 637 recipiendis,
1231 612 1290 638 qua:
1304 603 1376 637 iacta
1392 610 1455 633 sunt
1472 606 1498 632 in
1515 607 1581 640 ipsa,
1602 607 1682 634 semi-

903 647 992 679 nibus,
1019 652 1102 681 utquc
1122 647 1258 675 fructuosa
1280 656 1415 684 appareat.
1440 651 1531 685 Itaque
1548 657 1610 678 ante
1627 653 1697 687 qui-.

903 693 961 720 dem
974 693 1099 727 prmcolui
1116 701 1147 720 ac
1161 695 1311 729 pra-paravi
1325 696 1406 722 corda
1421 698 1541 723 omnium
1569 703 1685 725 vestrum

902 737 1036 765 silvestria
1051 739 1187 772 quondam
1221 743 1248 766 et
1262 740 1339 774 quasi
1358 740 1470 773 inculta,
1488 742 1603 769 Mosaico
1619 749 1686 776 quo-

903 783 1045 810 dammodo
1060 792 1125 812 usus
1141 790 1242 817 aratro,
1260 790 1287 812 ct
1301 786 1427 820 agricolae
1451 787 1476 813 in
1496 795 1595 814 morem
1616 788 1687 814 scin-

903 830 979 861 dens,
997 837 1027 857 ea
1042 830 1119 857 effeci
1137 831 1170 857 ad
1188 830 1290 866 iactum
1316 833 1447 860 bonorum
1477 833 1609 860 seminum
1640 841 1686 860 ac—

903 875 1082 902 commodata.
1099 875 1234 903 Bonorum
1249 881 1340 904 autem
1355 878 1474 905 omnium
1489 883 1563 904 sator
1577 882 1618 905 est
1643 878 1686 906 hic

76 921 146 956 ήμῶν
168 921 299 956 καρδίας,
321 921 415 957 ὥσπερ
436 922 542 957 ἀρότρῳ
563 922 734 958 χρησάμενος
754 921 794 956 τῷ
812 921 855 947 διὰ

908 928 982 948 meus
993 921 1086 948 Filius.
1101 921 1192 956 Itaque
1207 923 1286 957 hujus
1301 923 1451 950 doctrinam
1469 924 1587 958 recipito,
1601 931 1687 958 neque

77 967 190 998 Μωσέως
204 968 291 1003 νόμῳ,
316 968 519 1004 προείργασμαι
532 988 539 1000 ,
561 969 608 995 καὶ
626 968 748 1004 γεωργοῦ
775 967 852 1003 δίκην

77 1013 237 1048 ἀνατέμνων,
253 1013 400 1047 εὐπρεπεῖς
416 1014 559 1048 ἀποφαίνω
574 1014 659 1045 αὑτὰς
679 1015 718 1045 εἰς
737 1014 853 1041 κατασος

75 1058 119 1094 λήν
139 1060 302 1094 σπερμάτων
326 1060 445 1094 ἀγαθῶν.
472 1061 500 1088 ὐ
520 1061 548 1087 δέ
572 1068 603 1094 γε
625 1059 728 1094 ἀγαθοῦ
753 1059 853 1091 παντὸς

78 1106 186 1140 σπορεὺς
208 1106 222 1131 ὁ
242 1105 308 1140 ἐμός
328 1106 401 1132 ἐστιν
415 1106 489 1138 Υἱός.
512 1105 697 1142 Προσδέξασθε
713 1106 800 1132 τοίνυν
819 1104 853 1131 τὰ

76 1150 134 1185 παρ’
147 1150 245 1182 αὑτοῦ,
258 1151 304 1178 καὶ
319 1152 356 1187 μὴ
373 1151 498 1187 βούλεσθε
513 1151 643 1187 διηνεκῶς
658 1151 792 1186 στέργειν,
807 1150 853 1177 καὶ

78 1196 177 1231 ἀγαπᾷν
201 1195 248 1223 τὸν
273 1197 395 1234 ἀροτῆρα
419 1197 510 1232 νόμον.
539 1197 698 1232 Ἡροτρίασε
724 1196 794 1231 γὰρ,
816 1195 853 1226 ὡς

77 1239 149 1275 ἔφην,
164 1241 212 1275 οὐχ
227 1241 270 1267 ἵνα
288 1241 337 1276 μὲν
354 1242 432 1277 ἔχητε
445 1241 535 1267 τοῦτο·
554 1241 618 1267 ποία
633 1240 686 1276 γὰρ
702 1240 792 1275 ὄνησις
810 1241 855 1266 ὲν-

78 1285 180 1318 τεῦθεν;
201 1286 259 1313 ἀλλ’
275 1287 318 1314 ἵνα
334 1287 396 1318 τοὺς
412 1286 461 1322 τῆς
477 1286 604 1323 ἀληθείας
629 1286 758 1321 ὲκτέκητε
787 1294 855 1321 καρο

81 1331 150 1363 πούς.
170 1332 279 1367 Ἐπειδὴ
302 1332 331 1359 δὲ
353 1333 399 1359 καὶ
422 1331 671 1367 μεταπεπλάσμεοα
701 1331 800 1367 νοητῶς
826 1333 854 1358 ἐν

81 1377 191 1413 Χριστῷ,
207 1378 290 1413 ἧγουν
307 1377 593 1413 μετεστοιχειώοημεν,
607 1377 632 1403 οι
649 1377 697 1412 μὲν
707 1377 740 1404 ὲκ
752 1376 854 1411 πλάνης

85 1423 235 1460 Ἑλληνικῆς
251 1424 291 1455 εἰς
308 1424 355 1460 τὴν
371 1424 421 1459 τῆς
441 1423 567 1459 ἀληθείας
583 1424 739 1457 ἐπίγνωσιν,
754 1423 800 1450 καὶ
815 1423 855 1454 εἰς

81 1469 144 1505 ζωὴν
157 1470 245 1503 ἁγίαν,
262 1469 311 1504 τὴν
320 1469 364 1495 διὰ
378 1469 424 1495 τοῦ
439 1469 547 1495 πάντων
562 1468 638 1504 ἡμῶν
650 1468 775 1504 Σωτῆρος
790 1468 856 1503 Χρι-

83 1514 149 1541 στοῦ·
163 1513 188 1541 οἵ
203 1521 235 1548 γε
258 1514 311 1549 μὴν
333 1514 365 1540 ὲκ
387 1513 539 1549 περιτομῆς
560 1514 599 1544 εἱς
618 1512 751 1547 ἀνάληψιν
769 1512 856 1547 μαθη-

83 1561 166 1595 μάτων
182 1559 375 1594 εὐαγγελικῶν,
389 1560 435 1585 καὶ
447 1560 485 1591 είς
499 1558 646 1594 καινότητα
657 1559 792 1594 λατρείας,
806 1559 856 1584 οὐκ

82 1608 116 1634 ἔτι
129 1607 179 1634 τῶν
198 1606 291 1633 τύπων
306 1606 419 1640 ἐχούσης
434 1605 463 1632 τὸ
483 1605 609 1640 ἀτερπὲς,
625 1604 814 1640 ἑκλαμπούσης
829 1605 857 1630 δὲ

82 1699 179 1735 ὑπῆρξε
193 1700 221 1725 δὲ
234 1700 299 1734 ἡμῖν
313 1698 448 1729 κάκείνοις
460 1698 508 1734 τὴν
520 1698 563 1725 διὰ
574 1697 668 1729 ὕδατός
678 1706 707 1726 τε
719 1698 763 1724 καὶ
778 1697 858 1724 πνεύ-

84 1753 161 1780 ματος
182 1745 359 1779 ἁναγέννησιν
373 1745 401 1770 ἐν
414 1743 523 1779 Χριστῷ
544 1743 735 1780 πλουτήσασιν·
759 1742 857 1777 ὁμοίως

83 1792 111 1819 δὲ
124 1790 154 1827 ἦν
168 1794 222 1824 τοῖς
247 1791 379 1818 Ἰουδαίων
401 1791 497 1826 δήμοις
512 1791 664 1826 ἀπόϐλητός
680 1799 709 1816 τε
726 1791 773 1816 καὶ
788 1790 858 1815 ἅπας

84 1838 201 1875 ράδεκτος
219 1839 240 1873 ἠ
262 1839 304 1867 ἐπ’
317 1838 406 1868 αὺτοῐς
422 1837 454 1872 δὴ
469 1836 584 1863 τουτοισὶ
600 1837 692 1871 χάρις·
709 1835 858 1870 ἀντέπρατ-

85 1893 125 1910 τον
138 1884 199 1920 γὰρ,
218 1884 256 1915 ὡς
276 1883 353 1918 ἔφην.
369 1885 423 1914 τοῖς
443 1883 516 1917 παρὰ
537 1882 653 1918 Χριστοῦ
674 1882 857 1917 Θεσπίσμασι”

84 1930 202 1966 ταύτῃτοι
219 1937 302 1964 φησι·
328 1928 372 1964 Μὴ
392 1929 449 1964 ἐρεῖ
474 1930 487 1955 ὁ
513 1928 597 1963 πηλὸς
617 1927 655 1963 τῷ
675 1927 800 1963 κεραμεί’
826 1927 858 1953 Τί

84 1977 172 2007 ποιεῖς,
185 1976 226 2002 ὃτι
240 1976 291 2002 οὐκ
305 1974 420 2012 ἐργάζῃ,
434 1974 494 2001 οὐδὲ
511 1973 581 2009 ἔχεις
599 1974 708 2008 χεῖρας;
726 1973 755 1999 '0
773 1972 859 2006 λέγων

84 2021 118 2055 τῷ
133 2022 222 2056 πατρί’
238 2020 498 2056 Τίγεννήσεις;,χαὶ
511 2020 543 2054 τῇ
556 2019 648 2054 μητρί·
662 2018 693 2044 Τί
702 2017 858 2053 ὼδινήσεις;

89 2065 153 2100 Ἐγὼ
171 2067 218 2102 μὲν
236 2067 300 2102 γὰρ.
316 2066 408 2101 φησὶν,
424 2064 621 2100 ἀναμοριρῶσαι
644 2063 773 2098 βούλομαι
792 2063 860 2098 πρὸς

83 2111 114 2139 τὰ
129 2113 239 2148 ἀμείνω,
260 2112 307 2139 καὶ
321 2110 375 2139 οἷον
397 2111 549 2139 ἀναπλάσαι
564 2111 631 2146 πρὸς
651 2109 685 2136 τὰ
705 2109 800 2144 βελτίω
817 2108 860 2135 διὰ

85 2159 225 2194 γεννήσεως
244 2158 350 2194 νοητῆς,
366 2158 474 2189 πάντως
498 2157 582 2192 δήπου
601 2156 650 2191 τῆς
669 2155 701 2181 δι’
715 2155 808 2186 ὕδατός
829 2163 860 2181 τε

84 2204 127 2231 καὶ
151 2204 314 2239 πνεύματος.
333 2203 414 2230 Ἀλλὰ
431 2205 487 2234 τοῖς
504 2203 579 2238 ὲμοίς
602 2202 756 2237 σκέμμασιν
779 2201 860 2227 ἁσυνο

85 2250 145 2280 ire):
158 2250 363 2286 ἅντιπράττετε.
374 2248 437 2285 ’Ἆρ’
448 2248 493 2277 οὖν
508 2249 666 2284 ἐπετίμησε,
680 2249 772 2282 φησὶν,
784 2248 798 2274 ὁ
812 2255 860 2282 πη-

906 967 994 993 velitis
1007 974 1114 1001 semper
1128 967 1212 1002 legem
1233 969 1375 995 aratricem
1390 969 1472 1004 608
1492 976 1583 997 amare
1599 975 1626 997 et
1647 971 1685 997 di-

903 1010 996 1046 ligere.
1012 1011 1105 1037 Aravit
1116 1012 1199 1044 enim,
1215 1017 1244 1038 ut.
1256 1013 1321 1045 dixi,
1338 1020 1389 1039 non
1405 1018 1433 1040 ut
1448 1013 1482 1040 ibi
1502 1014 1687 1048 acquiescere-

905 1058 938 1083 tis
953 1066 959 1084 :
974 1064 1034 1091 quae
1055 1057 1126 1083 enim
1143 1057 1205 1085 inde
1228 1063 1270 1085 est
1294 1059 1409 1085 utilitas?
1438 1059 1485 1086 sed
1515 1065 1543 1086 ut
1567 1061 1688 1087 veritatis

905 1101 1007 1128 fructus
1020 1101 1174 1136 proferatis.
1190 1102 1321 1135 Quoniam
1337 1108 1426 1130 autem
1452 1105 1634 1132 transformali
1660 1110 1688 1133 ct

905 1148 1090 1181 transfigurati
1104 1155 1198 1175 sumus
1221 1149 1426 1183 iutelligibiliter
1450 1149 1477 1176 in
1501 1149 1618 1184 Christo,
1642 1151 1685 1178 alii

905 1192 939 1219 ab
953 1201 1047 1220 errore
1071 1193 1165 1221 Grmco
1200 1194 1232 1221 ad
1254 1194 1375 1221 veritatis
1404 1195 1578 1229 agnitionem,
1601 1201 1627 1222 et
1655 1197 1687 1224 ad

905 1243 1027 1266 sanctam
1045 1239 1139 1271 vitam,
1153 1247 1201 1274 per
1221 1239 1341 1266 omnium
1365 1245 1487 1268 nostrum
1514 1241 1686 1269 Servatorem

905 1285 1041 1311 Christum
1070 1285 1140 1311 :alii
1166 1293 1180 1311 a
1211 1285 1418 1313 circumcisione
1443 1286 1477 1313 ad
1506 1287 1687 1325 recipiendum

906 1330 1029 1358 instituta
1047 1339 1079 1358 ac
1093 1331 1261 1366 disciplinam
1277 1332 1471 1365 evangelicam,
1490 1336 1517 1360 et
1531 1334 1565 1360 ad
1580 1333 1687 1360 novita-

906 1380 959 1402 tem
978 1376 1075 1408 cultus,
1091 1385 1143 1404 non
1164 1377 1220 1411 jam
1247 1377 1442 1405 deformitatem
1470 1379 1614 1413 figurarum
1639 1379 1688 1406 ha-

907 1420 1003 1452 benlis,
1023 1421 1070 1448 sed
1098 1422 1186 1456 potius
1207 1422 1339 1456 spirituali
1359 1423 1548 1450 decentissima
1572 1423 1689 1458 pulchri-

910 1467 1002 1494 tudine
1015 1468 1190 1496 enitesceutis
1207 1476 1213 1497 :
1229 1469 1342 1503 contigit
1357 1474 1446 1497 autem
1461 1470 1512 1497 hoc
1526 1469 1604 1496 nobis
1616 1475 1644 1497 et
1659 1469 1689 1497 il-

908 1513 951 1545 lis,
972 1515 1176 1548 regeneratione
1190 1523 1238 1549 per
1252 1524 1348 1550 aquam
1363 1520 1390 1543 et
1401 1516 1524 1549 spiritum
1543 1516 1568 1542 in
1581 1516 1689 1543 Christo

907 1559 999 1587 ditatis
1015 1567 1022 1587 :
1037 1561 1162 1588 similiter
1178 1562 1258 1588 etiam
1274 1567 1416 1596 postquam
1435 1563 1505 1589 hanc
1526 1570 1601 1589 suam
1628 1569 1690 1597 gra-

870 1623 891 1651 C
913 1606 976 1632 tiam
995 1604 1123 1633 Judaicus
1139 1607 1251 1640 populus
1265 1607 1358 1641 reiecit
1375 1614 1424 1634 nec
1451 1609 1550 1642 recepit
1570 1607 1688 1643 (restite-

84 1653 173 1688 μᾶλλον
187 1653 237 1687 τῆς
256 1651 444 1687 πνευματικῆς
459 1651 488 1678 τὺ
507 1652 725 1688 εὐπρεπέστατον
742 1651 853 1682 κάλλος·
870 1667 875 1671 ς

909 1651 1067 1684 rnnteuim,
1089 1655 1117 1678 ut
1135 1652 1201 1684 dixi,
1219 1652 1319 1679 Christi
1344 1652 1500 1687 vaticiniis),
1527 1653 1590 1680 hinc
1615 1654 1652 1679 ait
1681 1662 1687 1679 :

912 1695 1040 1730 Nunquid
1055 1697 1126 1724 dicet
1140 1697 1224 1723 lutum
1240 1697 1338 1732 figulo:
1356 1696 1424 1730 Quid
1450 1697 1526 1731 facis,
1543 1698 1613 1732 quod
1637 1706 1688 1725 non

907 1743 1039 1777 operaris,
1053 1750 1142 1777 neque
1155 1751 1248 1770 tnanus
1264 1743 1366 1771 habes?
1383 1743 1426 1770 Va:
1449 1744 1494 1778 qui
1520 1745 1583 1771 dicit
1595 1745 1664 1778 patri
1681 1753 1688 1771 :

908 1787 980 1820 Quid
989 1788 1131 1822 generabis
1138 1788 1148 1814 ?
1156 1794 1183 1814 et
1193 1788 1270 1814 matri
1284 1797 1289 1813 :
1306 1789 1374 1820 Quid
1383 1789 1594 1822 parturies?Ego
1605 1790 1675 1815 enim
1682 1809 1689 1820 ,

908 1833 1008 1867 inquit,
1022 1832 1173 1860 reformare
1189 1826 1249 1860 volo
1265 1833 1297 1860 ad
1320 1833 1441 1866 meliora,
1465 1837 1492 1861 et
1512 1834 1583 1860 velut
1609 1834 1691 1861 relino

909 1883 971 1912 gere
984 1877 1018 1904 ad
1043 1877 1147 1910 potiora
1177 1883 1223 1911 per
1253 1877 1457 1911 generationem
1487 1877 1691 1911 intelligibilem,

907 1929 967 1950 eam
981 1922 1083 1949 scilicet
1093 1922 1202 1949 ontniuo
1215 1929 1274 1956 qua:
1292 1923 1320 1949 fit
1336 1930 1384 1957 per
1399 1930 1496 1957 aquam
1510 1927 1538 1950 et
1553 1923 1687 1957 spiritum.

909 1967 962 1995 Sed
977 1968 1043 1996 meis
1055 1968 1172 1996 decretis
1196 1968 1381 2003 imprudenter
1398 1969 1534 1997 resistitis.
1555 1968 1636 2001 Num,
1651 1969 1689 1996 in-

909 2015 978 2050 quit,
997 2014 1140 2049 aliquando
1161 2014 1245 2041 lutum
1271 2015 1444 2049 reprehendit
1466 2015 1587 2049 figulum,
1614 2015 1691 2049 quasi

911 2068 1020 2087 manum
1036 2061 1211 2087 artificiosam
1228 2067 1281 2087 non
1295 2059 1423 2087 traheret?
1440 2064 1486 2086 aut
1508 2060 1584 2094 quasi
1606 2061 1694 2087 nesci-

911 2111 952 2132 ret
964 2106 1189 2140 quemadmodum
1210 2105 1339 2138 furmare,
1352 2107 1422 2141 quod
1434 2114 1488 2140 pra:
1503 2107 1626 2133 manibus
1640 2114 1692 2138 est,

910 2152 1049 2187 oporteat?
1065 2152 1117 2180 Sed
1130 2156 1157 2180 et
1167 2154 1328 2184 nascendus,
1341 2152 1436 2186 inquit.
1447 2152 1564 2187 nunquid
1580 2152 1695 2179 interro-

910 2198 983 2232 gavit
995 2206 1072 2225 suum
1090 2204 1205 2232 patrem,
1218 2198 1288 2225 unde
1301 2197 1462 2232 generaret?
1480 2197 1538 2224 Jam
1555 2205 1602 2225 vos
1618 2199 1693 2233 quasi

911 2244 999 2271 lutum
1019 2245 1045 2271 in
1062 2244 1185 2271 manibus
1199 2243 1284 2276 figuli,
1301 2247 1327 2269 et
1339 2243 1552 2277 omniuoignari,
1565 2245 1694 2277 quemad-

84 2295 125 2327 λὸς
136 2296 173 2331 τῷ
187 2297 304 2333 κεραμεῖ
319 2304 394 2326 ποτε,
413 2295 450 2327 ὡς
470 2296 550 2330 χεῖρα
563 2294 610 2329 τὴν
634 2293 796 2329 τεχνουργὸν
812 2293 856 2319 οὑν

915 2291 1022 2317 modum
1039 2289 1206 2324 regeneratio
1227 2289 1325 2316 mentis
1347 2293 1371 2315 et
1395 2288 1580 2322 intelligentia:
1599 2293 1695 2316 vestrae

85 2341 176 2376 ἔχοντι,
190 2343 206 2377 ἦ
223 2342 259 2373 ὡς
270 2343 321 2368 οὐκ
331 2341 411 2368 εἰδότι
424 2341 485 2367 τίνα
499 2340 552 2376 χρὴ
562 2340 662 2376 τρόπον
671 2339 873 2375 διαμορφῶσαι.

85 2388 111 2413 τὸ
123 2389 149 2414 ὲν
163 2388 270 2423 χερσίνς
288 2387 348 2414 Ἀλλ
356 2387 382 2413 ’ὁ
397 2386 501 2422 μέλλων
512 2385 709 2423 τεχθήσεσοαιδ
720 2386 799 2420 φησὶ,
824 2385 860 2421 μὴ

85 2433 172 2459 πεῦσιν
203 2433 360 2468 προσήγαγε
382 2432 422 2467 τῷ
445 2431 502 2466 ἰδίῳ
522 2431 624 2466 πατρὶ,
647 2429 702 2465 ἆρα
718 2432 861 2466 γεννήσεις

85 2477 145 2505 Εἶτα
158 2479 213 2511 πῶς
225 2481 312 2514 ὑμεῖς,
325 2479 361 2510 ὡς
372 2478 456 2514 πηλὸς
465 2478 539 2510 ὄντες
552 2479 591 2509 εις
606 2480 699 2513 χεῖρας
710 2477 861 2512 κεραμέως,

86 2523 127 2548 καὶ
140 2524 185 2549 οὐκ
200 2523 298 2554 εἰδότες
311 2523 378 2555 ὅλως
393 2523 452 2550 τίνα
470 2523 569 2558 τρόπον
587 2523 602 2557 ἡ
615 2523 696 2557 νοητὴ
711 2523 773 2558 περὶ
791 2523 862 2557 ὑμᾶς

86 2568 254 2604 ἀναγέννη“¹;
268 2569 352 2599 ἔσται,
379 2569 408 2596 οὐ
424 2569 528 2596 δεδίατε
546 2568 721 2603 φιλονεικεῖν;
739 2569 784 2594 καὶ
802 2568 861 2602 οὐχὶ

86 2612 114 2648 δὴ
130 2614 224 2649 μᾶλλον
239 2614 275 2645 ὡς
292 2614 400 2650 τεχνίτῃ
417 2615 463 2641 καὶ
476 2614 559 2649 πατρὶ
579 2613 609 2640 τὸ
625 2614 697 2644 ὅπως
711 2613 743 2639 ἂν
757 2612 862 2646 γένοιτο

87 2658 157 2685 ταυτὶ
177 2661 348 2695 παραχωρεῖν
364 2659 516 2692 ἐγνώκατες
541 2659 580 2685 ὅτι
600 2659 654 2693 γὰρ
678 2658 860 2692 ἐφιλονείκουν

92 2703 203 2731 Ἰουδαῖοι
230 2707 285 2736 τοῖς
311 2704 357 2732 τοῦ
382 2705 509 2740 Σωτῆρος
534 2705 641 2738 λόγοις,
666 2704 690 2731 οἳ
718 2704 861 2738 γεγόνασιν

88 2750 153 2786 αὖτῷ
176 2752 239 2786 περὶ
262 2751 374 2782 τούτων,
403 2751 520 2785 χαλεπζν
544 2752 618 2778 οὐδὲν
645 2751 768 2777 συνιδεῖν.
788 2751 859 2784 Ἔιρη

88 2795 137 2831 γὰρ
154 2797 216 2832 πρὸς
230 2797 394 2832 Νικόδημον
415 2806 423 2822 ι
446 2797 540 2832 Ἀμὴν,
559 2798 631 2831 ἀμὴν
643 2797 713 2829 λέγω
730 2797 799 2830 ἓμῑν,
814 2795 860 2821 ἐὰν

122 2893 142 2907 "
163 2894 235 2922 Joan.
252 2904 291 2928 ιιι,
306 2897 322 2924 ὃ
371 2897 403 2911 ²’”
427 2896 491 2923 ibid.
516 2896 538 2923 ί.

913 2335 948 2362 sit
965 2335 1064 2366 futura,
1092 2335 1226 2368 quomodo
1251 2341 1302 2360 non
1323 2333 1401 2360 veriti
1424 2333 1489 2360 estis
1514 2333 1695 2360 contendere?

914 2389 962 2409 cur
983 2388 1034 2408 non
1050 2381 1137 2415 potius
1149 2380 1262 2408 novistis
1272 2380 1296 2407 ei
1314 2385 1343 2406 ut
1357 2379 1453 2406 artifici
1469 2384 1496 2406 et
1511 2379 1580 2414 patri
1589 2379 1694 2410 cedere.

914 2433 945 2453 ac
966 2426 1017 2461 ipsi
1037 2424 1201 2459 producendi
1226 2425 1334 2452 tnodum
1353 2424 1523 2459 relinquere?
1542 2423 1608 2451 Nam
1633 2431 1697 2451 con-

915 2473 1031 2500 tendisse
1047 2471 1153 2499 Iudaeos
1172 2471 1301 2498 adversus
1326 2470 1478 2498 Servatoris
1492 2477 1630 2497 sermones
1647 2471 1697 2497 hac.

916 2519 947 2545 de
963 2526 991 2545 rc
1009 2518 1125 2549 habitos,
1139 2517 1231 2543 videre
1248 2524 1300 2543 non
1319 2521 1359 2543 est
1385 2516 1501 2543 diflicile.
1530 2516 1601 2542 Dixit
1626 2516 1697 2543 cnint

915 2564 1079 2592 Mcodeuto:
1097 2572 1105 2588 ι
1126 2563 1225 2594 Amen,
1255 2570 1332 2589 amen
1357 2563 1417 2589 dico
1445 2562 1529 2593 vobis,
1557 2562 1606 2589 nisi
1637 2563 1698 2597 quis

916 2616 994 2638 natus
1009 2610 1090 2637 fuerit
1109 2617 1141 2636 ex
1160 2617 1227 2643 aqua
1244 2614 1271 2636 et
1291 2609 1398 2642 spiritu,
1425 2617 1476 2635 non
1495 2612 1582 2642 potest
1608 2609 1699 2635 videre

915 2664 1025 2691 regnum
1046 2656 1090 2682 Dei
1106 2656 1138 2682 “.
1161 2665 1170 2680 ι
1189 2655 1211 2682 Is
1234 2662 1298 2681 vero
1321 2655 1455 2681 insultans
1480 2659 1507 2682 et.
1527 2654 1698 2681 recalcitrans

916 2709 1017 2730 temere
1035 2704 1087 2736 his,
1103 2711 1163 2737 qum
1178 2707 1267 2729 mente
1286 2701 1344 2736 capi
1362 2709 1413 2728 non
1428 2704 1548 2735 possunt,
1564 2704 1699 2734 oppugml

914 2754 941 2776 ct
956 2750 1020 2776 dicit
1036 2758 1042 2776 :
1060 2757 1070 2775 ι
1098 2749 1164 2775 Num
1185 2753 1272 2782 potest
1301 2748 1392 2778 homo,
1407 2753 1489 2772 senex
1516 2753 1575 2772 cum
1602 2745 1646 2776 sit,
1673 2744 1696 2769 in

915 2799 1034 2821 ventrem
1054 2794 1147 2821 matris
1160 2801 1215 2821 stuc
1239 2794 1327 2819 denuo
1350 2792 1451 2819 intrare
1469 2796 1493 2818 et
1513 2790 1586 2818 nasci
1607 2789 1657 2816 ""3
1685 2797 1696 2815 δ
