1883 3055
70 182 121 211 565

619 186 653 214 ΙΝ
675 185 789 214 lSAlAM
808 185 870 213 LIB.
890 186 935 215 Π.
959 187 1063 215 ΟΒΔΤ.
1084 189 1116 217 ll.

1645 187 1699 214 966

69 251 124 277 γων
137 242 187 278 τὴν
207 243 274 270 (MV.
287 244 389 282 Οῡκοῧν
407 236 678 280 ἀπολυπροίγμόνητα
703 244 797 276 αὑτοῦ,

953 254 991 273 ,ιηι
1020 246 1207 273 universorum
1224 245 1303 277 Dens,
1320 245 1447 280 novitque
1466 242 1539 272 solus
1557 244 1615 279 ipse
1636 252 1696 271 suo-

68 288 102 314 τὰ
117 289 188 324 ὑπὲρ
206 288 278 320 νοῦν,
297 290 344 316 καὶ
360 288 440 324 λόγον
456 290 591 324 ἀνέφικτα
613 291 662 326 μὲν
677 292 737 322 ut;
759 290 862 325 ἀνθρώ-

68 341 126 360 πων
138 334 280 367 διανοίαις,
293 335 367 370 αὐτῷ
384 344 415 370 γε
428 336 480 372 μὴν
495 337 665 372 ἐγνωσμένα,
686 337 740 363 Καὶ
754 336 819 371 γοῦν
830 336 863 363 δι’

68 379 164 411 ὕδατός
184 389 214 406 τε
238 382 285 407 καὶ
310 381 464 415 πνεύματος
488 382 537 417 τὴν
559 383 657 418 νοητὴν
684 383 862 418 ἁναγέννησιν

66 425 189 453 δεδόσθαι
219 427 380 462 πιστεύομεν
407 429 463 459 τοῖς
485 429 654 461 ἐπεγνωκόσι
685 428 735 463 τὴν
765 428 863 462 ἐπιφά-

65 478 140 496 νειαν
163 470 210 496 τοῦ
235 471 365 506 Χριστοῦ.
394 472 503 508 Ἐπειδὴ
531 473 680 508 Νικοδήμῳ
703 473 752 508 τὴν
783 473 862 508 χάριν

65 516 170 551 ἐναργῆ
184 516 316 552 καθιστᾷν
328 517 453 544 ἐϐούλετο
466 518 593 552 Χριστὸς,
608 519 732 553 ἐξηγεῖτο
753 519 802 554 μὲν
814 519 862 545 τοῦ

64 561 231 595 πράγματος
253 563 302 597 τὴν
331 563 407 590 ὁδόν·
424 565 437 590 ὁ
458 563 486 590 δὲ
507 564 607 595 συνιεὶς
629 564 684 591 τῶν
708 564 862 600 λεγομένων

63 607 151 639 οὐδὲν,
175 607 229 634 τῶν
250 608 297 635 τοῦ
322 610 446 644 Σωτῆρος
470 610 600 646 ῥημάτων
621 610 808 645 κατηγόρευσε
832 610 863 636 τὸ

63 653 217 688 ἀμήχανον.
238 655 272 681 ’Ὁ
289 663 320 681 τε
337 655 384 682 καὶ
401 655 487 688 οὕτως
502 656 598 691 ἔχοντα
623 656 746 691 γνώμης,
772 656 862 682 πίστει

63 697 192 732 δέχεσθαι
205 699 236 725 τὸ
250 700 340 735 θαῦμα
357 702 576 737 παρενεγγύησε,
590 702 677 736 λέγων
687 711 693 716 ·
713 712 722 727 ι
739 702 772 728 Ὃ
789 702 861 728 οῖδα-

66 752 116 778 μεν
146 744 294 780 λαλοῦμεν,
318 746 366 773 καὶ
389 746 403 773 ὃ
430 747 594 783 ἑωράκαμεν
631 748 834 783 μαρτυροῦμεν.
850 757 859 774 ι

64 790 173 817 Οὐκοῦν
190 792 212 817 εί
231 791 268 826 μὴ
293 791 419 827 συνίεμεν
435 793 490 818 τῶν
516 793 595 820 θείων
613 793 701 828 ἔργων
724 793 773 828 τὴν
792 793 859 825 ὁδον,

63 835 226 872 ἐνδοιασμοῦ
249 838 346 870 παντὸς
368 838 413 864 τὺν
428 839 532 865 ἑαυτῶν
553 839 770 871 ἀπαλλάττον-τες
787 839 859 870 νοῦν,

63 883 123 918 Θεῷ
144 883 277 918 λέγομεν·
296 882 361 911 Οἶδα
379 886 421 912 ὅτι
442 886 531 912 πάντα
550 886 674 918 δύνασαι,
691 886 817 913 ἀδυνατεῖ
833 887 860 912 δέ

916 298 974 317 rum
990 298 1102 325 operum
1131 291 1212 318 viam.
1243 289 1336 324 itaque
1366 296 1441 317 extra
1464 289 1699 324 reprehensionem

915 337 995 362 etiam
1011 338 1181 363 curiosorum
1198 342 1261 363 sunt
1285 337 1354 362 l‘atta
1375 336 1458 370 ipsius
1483 345 1490 362 :
1516 340 1543 362 ct
1560 343 1619 370 qua:
1651 343 1699 363 nec

914 387 1003 408 mente
1020 382 1221 416 comprehendi,
1239 390 1287 409 nec
1308 382 1431 408 oratione
1455 386 1566 415 possunt
1586 402 1593 414 ,
1610 384 1637 408 et
1667 382 1700 408 ad

914 434 974 461 quae
989 428 1126 454 hominum
1152 428 1234 454 animi
1261 436 1312 454 non
1338 432 1450 463 possunt
1477 429 1638 462 pertingere,
1668 435 1699 454 ea

911 472 964 506 ipsi
980 474 1041 499 sunt
1056 474 1174 508 cognita.
1192 473 1331 507 Siquidem
1346 474 1460 507 exempli
1480 482 1571 505 causa,
1588 481 1701 508 regene-

913 519 1046 545 rationem
1062 519 1254 553 intelligibiletn
1272 527 1318 553 per
1329 527 1424 553 aquam
1449 524 1475 546 et
1498 520 1621 553 spiritum
1652 518 1701 546 da-

914 568 967 590 tam
984 572 1045 591 esse
1062 565 1103 591 his
1117 566 1162 599 qtti
1179 570 1345 599 agnoverunt
1368 566 1563 599 apparitionem
1587 565 1698 596 Christi,

912 617 962 636 nos
981 610 1126 636 credimus.
1147 611 1199 637 Sed
1224 619 1284 638 curn
1310 610 1456 638 Nit'odento
1485 611 1599 645 gratiam
1631 611 1701 637 hunc

913 655 1049 690 explicare
1076 656 1155 682 vellet
1175 656 1312 687 Christus,
1338 662 1364 683 et
1383 657 1420 682 rei
1439 657 1508 682 viam
1531 660 1699 691 exponeret:

913 702 936 728 is
948 700 1014 728 nihil
1033 709 1127 727 eorum
1144 708 1203 735 quae
1217 701 1288 727 dicta
1304 706 1365 728 sunt
1380 701 1543 735 intelligens,
1557 702 1700 728 verborum

912 747 1012 774 Christi
1031 746 1214 773 diﬁicultatetn
1229 747 1445 782 inexplicabilem
1470 748 1618 774 accusavit.
1646 746 1702 773 Hoc

912 798 1001 820 autem
1019 793 1110 821 animo
1127 791 1264 824 affectum,
1282 798 1311 818 ut
1339 792 1391 819 ﬁde
1412 791 1572 818 miraculum
1598 792 1702 825 recipe-

913 843 963 870 ret,
980 838 1151 865 confirmavit
1170 838 1191 865 is
1204 838 1248 872 qtti
1272 838 1338 866 dicit
1354 847 1360 864 :
1377 847 1386 863 ι
1410 838 1486 872 Quod
1507 839 1642 870 novimus,
1664 838 1703 864 lo-

911 885 1030 919 quimur,
1049 889 1076 911 et
1099 885 1168 918 quod
1189 884 1315 916 vidimus,
1343 889 1476 911 testamur
1498 884 1544 910 η’.
1573 893 1583 910 ι
1611 884 1702 916 Quan-

62 938 104 956 σοι
118 931 196 956 οὐδέν
207 939 213 945 ·
231 931 268 965 μὴ
284 931 432 966 ἐρωτῶμεν
446 933 527 958 αὑτὸν
543 933 607 968 περὶ
623 932 674 958 τῶν
689 932 805 967 θυγατέρ

959 938 993 956 nn
1015 930 1097 964 igitur
1113 930 1263 956 divinorum
1276 937 1388 964 operum
1405 930 1478 956 viam
1495 938 1546 956 non
1571 929 1702 964 intelliga-

61 977 178 1002 καὶτῶν
194 977 258 1003 υἱῶν
277 978 370 1004 αὑτοῦ.
390 979 465 1012 Μὴτε
485 979 537 1013 μὴν
560 978 756 1013 ὲντελλώμεοα.
776 979 859 1014 ἦγουν

61 1022 253 1057 διατάττωμεν
272 1023 346 1058 αὐτῷ
366 1025 429 1059 περῖ
444 1024 498 1050 τῶν
510 1024 600 1059 ἔργων
615 1025 668 1051 τῶν
689 1025 789 1060 χειρῶν
812 1025 860 1051 αὺ-

61 1069 128 1095 τοῦ·
157 1069 216 1095 ἀλλ’
237 1070 274 1101 ὡς
298 1070 383 1105 πηλὸν
408 1071 525 1104 κεραμεῖ
545 1071 755 1106 παραχωρῶμεν
780 1072 860 1105 ἡμεῖς

61 1113 230 1148 ἐργάζεσθαι
246 1114 276 1140 τὸ
296 1114 400 1141 δοκοῦν.
420 1115 571 1150 Μεθίστησι
592 1116 646 1151 γὰρ
661 1116 779 1150 ἀμογητὶ
793 1117 860 1152 πρὶς

62 1159 133 1194 ὅπερ
148 1159 181 1185 ἂν
200 1159 322 1193 βούλοιτο
335 1159 371 1185 τὰ
386 1160 444 1186 καθ’
457 1160 540 1194 ἡμᾶς,
558 1160 603 1186 καὶ
619 1160 800 1194 μεταπλάττει
815 1159 860 1186 τὸν

60 1204 126 1230 νοῦν
148 1206 180 1231 ὲκ
198 1205 252 1231 τῶν
268 1206 410 1241 αἰσχιόνων
433 1206 479 1232 ἐπί
495 1205 524 1231 τὸ
541 1205 662 1240 ἄμεινον,
681 1206 728 1232 καὶ
747 1205 860 1242 καρδίαν

62 1252 131 1286 ἡμῖν
155 1251 241 1285 ἐνίησι
258 1253 364 1287 καινὴν,
387 1251 581 1288 ἀπορῤιζώσας
604 1251 652 1287 τὴν
668 1251 788 1287 πρώτην.
809 1252 861 1278 Καὶ

63 1297 130 1330 γοῦν
145 1297 197 1332 ἔφη
212 1306 238 1323 τι
256 1297 376 1323 τοιοῦτον
389 1297 432 1324 διὰ
448 1297 539 1331 φωνῆς
557 1297 697 1332 Ίεζεχιὴλ,
715 1298 755 1323 ὅτι
773 1307 782 1322 ι
803 1297 861 1324 Ἐκ-

63 1342 162 1368 σπάσω
179 1342 229 1376 τὴν
248 1343 359 1377 καρδίαν
378 1342 467 1369 αὐτῶν
485 1342 533 1377 τὴν
553 1341 657 1375 λιθίνην
677 1343 708 1369 ὲκ
726 1342 776 1377 τῆς
796 1350 861 1377 σαρ-

61 1388 110 1419 κὸς
126 1388 227 1420 αὐτῶν,
243 1389 290 1415 καὶ
305 1388 383 1415 δώσω
396 1389 487 1420 αὐτοῖς
501 1388 615 1422 καρδίαν
634 1388 776 1423 σαρκίνην,
787 1387 860 1414 τοῦτ’

61 1433 140 1465 ἐστι,
158 1435 297 1470 τρυφερὰν
312 1444 341 1461 τε
360 1435 406 1461 καὶ
421 1435 554 1466 εὖεικτον,
578 1433 625 1461 τοῦ
641 1433 738 1461 εἰδέναι
763 1434 861 1466 αὐτοὺς

64 1479 126 1514 ἐμὲ,
141 1479 182 1506 ὅτι
197 1480 252 1514 ἐγώ
269 1481 326 1515 εἰμι
342 1477 452 1516 Κύριος.
468 1490 476 1505 ι
497 1479 712 1513 Ἀποφοιτῶντες
727 1479 782 1513 γὰρ
798 1488 861 1513 φαυ-

61 1527 177 1561 λότητός
194 1535 223 1553 τε
238 1527 358 1561 ἁπάσης,
372 1527 418 1553 καὶ
439 1525 597 1561 μολυσμῶν,
615 1524 674 1552 εἶτα
694 1526 741 1561 τὴν
756 1525 861 1553 ἑαυτῶν

60 1573 186 1600 διάνοιαν
211 1572 428 1608 μεθαρμόζοντες
444 1574 483 1604 εἰς
500 1573 530 1599 τι
551 1572 672 1609 πληροῦν
694 1573 779 1599 ἐθέλει
804 1572 858 1608 [πρ.

913 983 983 1006 tuus,
1003 983 1052 1002 nec
1065 975 1136 1001 omni
1152 975 1233 1001 dubio
1257 980 1377 1002 mentem
1404 976 1617 1006 ltbet'averimus,
1647 980 1700 1001 tum

912 1020 967 1047 Deo
979 1021 1116 1048 dicimus:
1136 1020 1199 1047 Scio
1219 1026 1244 1048 te
1267 1022 1358 1047 omnia
1385 1028 1475 1055 posse,
1503 1026 1529 1048 et
1558 1021 1604 1048 tibi
1635 1019 1701 1047 nihil

912 1075 971 1094 csse
988 1067 1166 1101 impossibile;
1181 1074 1235 1093 non
1249 1067 1421 1093 sciscitatnur
1435 1067 1468 1093 de
1485 1066 1589 1092 ﬁliabus
1603 1066 1661 1100 ejus
1675 1071 1702 1092 et.

911 1113 944 1140 de
959 1113 1031 1140 ﬁliis.
1049 1111 1104 1139 Nec
1130 1120 1249 1147 unquam
1271 1112 1431 1139 mandamus
1457 1116 1504 1138 aut
1531 1112 1703 1146 praecipimus

912 1158 934 1185 ei
950 1158 983 1185 tle
999 1158 1125 1192 operibus
1137 1165 1265 1184 tnztuutun
1279 1164 1390 1184 suarum
1407 1166 1414 1185 :
1430 1157 1475 1184 scd
1501 1162 1531 1184 ut
1549 1157 1634 1183 luttun
1654 1164 1702 1184 nos

912 1204 993 1240 ﬁgulo
1013 1205 1133 1232 cedimus
1155 1210 1182 1232 et
1204 1205 1387 1235 concedimus,
1415 1205 1530 1238 utquod
1551 1204 1599 1236 ipsi
1615 1204 1702 1230 visum
1720 1227 1724 1230 .

911 1255 952 1278 est
965 1256 1102 1284 operetur.
1123 1249 1264 1277 Translvrt
1285 1250 1357 1276 enim
1385 1249 1453 1276 citra
1481 1249 1600 1276 laborem
1634 1257 1700 1284 quo-

912 1303 1028 1331 cunque,
1045 1296 1172 1328 voluerit,
1187 1301 1247 1330 qua:
1265 1300 1356 1322 nostra
1374 1299 1447 1327 sunt,
1462 1299 1488 1322 et
1508 1302 1523 1321 a
1539 1295 1703 1329 turpiorihus

912 1343 944 1369 ad
959 1343 984 1369 id
1000 1342 1069 1376 quod
1084 1348 1126 1369 est
1147 1342 1244 1368 melius
1260 1341 1379 1367 animum
1405 1341 1590 1372 transformat,
1609 1341 1702 1368 nobis-

912 1396 963 1422 que
977 1394 1136 1415 cornorum
1160 1387 1299 1420 immittit,
1322 1386 1471 1421 exstirpato
1493 1386 1593 1421 priOt-e.
1616 1379 1701 1413 Nimi-

914 1442 972 1461 rum
997 1434 1130 1469 t-jusmodi
1153 1433 1290 1468 quidpiam
1320 1433 1388 1460 dixit
1418 1438 1483 1459 voce
1518 1432 1666 1459 Ezechielis
1693 1443 1701 1458 τ

914 1487 924 1505 ι
940 1478 1057 1505 Evellatn
1071 1486 1119 1506 cor
1131 1485 1224 1505 eorum
1239 1477 1373 1512 lapideum
1391 1484 1422 1504 ex
1436 1483 1517 1504 carne
1534 1477 1663 1510 ipsorum,
1676 1481 1702 1504 et

912 1524 982 1551 dabo
1006 1525 1060 1551 illis
1074 1533 1120 1552 cor
1136 1531 1276 1554 corneum.
1297 1524 1323 1550 id
1334 1528 1386 1556 est,
1400 1528 1522 1550 tenerum
1539 1529 1566 1550 et
1590 1530 1702 1557 sequax,

912 1577 940 1597 ut
952 1571 1002 1605 ipsi
1017 1578 1059 1597 mc
1075 1571 1174 1602 sciant,
1184 1570 1255 1604 quod
1272 1577 1321 1604 ego
1339 1577 1397 1596 sum
1412 1569 1596 1596 Dominus“.)
1617 1569 1703 1596 Rece-

60 1618 178 1654 ὲοέλειν]
195 1621 225 1645 το
237 1619 354 1652 ἀγαθόν·
374 1618 572 1653 προσλαὸὁντες
588 1618 616 1645 δὲ
636 1618 722 1652 τούτῳ
742 1619 788 1645 καὶ

959 1624 1006 1644 nes
1022 1617 1093 1644 enim
1109 1625 1124 1643 ιι
1139 1617 1286 1644 vitiositate
1308 1617 1381 1643 omni
1405 1620 1433 1643 et
1463 1615 1702 1650 inquinationibus.

60 1665 90 1697 ἐξ
105 1665 202 1696 ὕδατός
216 1673 246 1691 τε
261 1665 308 1691 καὶ
323 1665 480 1700 Πνεύματος
494 1665 592 1700 νοητὴν
617 1665 804 1699 ἁναγέννησιν,
819 1665 858 1696 είς

61 1710 136 1740 υἱοὺς
150 1709 199 1736 καὶ
216 1709 368 1745 θυγατέρας
382 1708 500 1743 ἐσόμεθα
516 1708 594 1736 Θεοῦ.
610 1708 671 1735 ’Ὁτι
687 1708 741 1743 γὰρ
755 1708 858 1734 ἔνεστιν

61 1755 137 1790 αὑτῷ
151 1755 183 1781 τὸ
198 1754 357 1787 πανσθενὲς,
373 1753 536 1780 διαδείκνυσι
548 1754 645 1788 λέγων·
661 1752 731 1787 Ἐγὼ
744 1753 858 1788 ἐποίησα

60 1801 114 1836 γῆν
135 1801 184 1827 καὶ.
205 1800 348 1835 ἄνθρωπον
372 1800 415 1826 ἐπ’
435 1800 530 1834 αὐτῆς.
550 1800 580 1825 '0
595 1799 623 1825 δὲ
647 1799 696 1834 τῆς
713 1797 858 1834 ἀνθρώπου

61 1847 199 1881 γενέσεως
221 1845 351 1881 εὑρετὴς,
374 1846 388 1871 ὁ
412 1844 590 1879 παρενεγκὼν
614 1846 654 1876 είς
674 1845 704 1871 τὸ
721 1842 791 1870 εἶναι
811 1843 859 1870 τὸν

60 1893 111 1918 οὐκ
127 1892 194 1918 ὄντα
211 1892 285 1924 ποτε,
302 1892 360 1923 πῶς
374 1892 500 1926 ἀτονήσει
516 1891 583 1927 πρὸς
599 1891 794 1926 ἁναμόρφωσιν
809 1890 859 1926 τὴν

61 1938 271 1973 πνευματικήν;
294 1938 341 1964 καὶ
363 1938 421 1973 οὐχὶ
440 1938 518 1972 δῆλον
540 1939 596 1968 τοῖς
620 1937 715 1964 ἑαυτοῦ
742 1937 858 1971 νεύμασι

62 1986 289 2020 μεταχωρήσειεν
309 1984 352 2015 ἂν,
368 1985 408 2015 εἰς
435 1985 489 2011 πᾶν
511 1984 601 2010 ὁτιοῦν
623 1984 676 2010 τῶν
696 1983 767 2010 κατὰ
789 1982 858 2017 γνώ-

62 2040 119 2066 μην
134 2031 221 2065 αὐτῷ,
236 2030 290 2057 τῶν
304 2030 464 2065 ποιημάτων
480 2031 496 2065 ἡ
512 2030 603 2064 φύσιςς
618 2030 650 2056 Τί
662 2029 692 2056 τὸ
707 2029 859 2065 παράδοξον

60 2077 93 2113 εἰ.
107 2076 160 2112 τὴν
181 2077 229 2103 τοῦ
259 2077 403 2113 ἀνθρώπου
430 2077 549 2103 διάνοιαν
574 2076 769 2111 μεταχαλκεὺει
792 2075 859 2110 πρὸς

59 2124 91 2149 τδ
122 2122 220 2149 δοκοῦν
248 2123 262 2148 ὁ
289 2123 341 2159 ἰδίᾳ
372 2123 443 2158 χειρὶ
476 2122 630 2158 στερεώσας
657 2122 702 2149 τὸν
727 2122 858 2156 οὐρανόν;

60 2169 153 2204 Χεῖρὰ
168 2177 201 2202 γε
218 2168 270 2204 μὴν
283 2169 328 2195 τοῦ
347 2169 453 2205 Πατρὸς
472 2169 522 2204 τὴν
540 2168 708 2204 παντουργὸν
726 2165 794 2194 εἷναί
809 2176 860 2202 φα-

63 2223 117 2249 μεν
131 2214 197 2240 Υἱὸν
219 2214 251 2240 δι’
265 2211 296 2240 οἶ)
313 2215 347 2241 τὰ
369 2214 473 2245 πάντα,
494 2214 541 2240 καὶ
557 2214 585 2240 ἐν
640 2213 675 2240 τὰ
701 2213 798 2240 πάντα.
815 2213 860 2249 Τᾦ

60 2260 138 2295 λόγῳ
160 2260 215 2296 γὰρ
233 2260 346 2295 Κυρίου,
362 2261 453 2296 φησιν,
468 2261 492 2287 οἱ
509 2260 619 2296 οὐρανοὶ
642 2259 857 2295 ἐστερεώθησαν.

62 2305 153 2337 Αὐτὸς
176 2305 262 2331 ἆπασι
283 2307 341 2337 τοῖς
366 2305 475 2341 ἄστροις
504 2305 666 2337 ἐνετείλατο,
688 2305 760 2331 τοῦτΙ
782 2306 857 2336 ἔστι,
875 2298 896 2325 ι)

61 2350 223 2384 διετάξατο,
244 2351 317 2383 ὅπως
336 2351 449 2378 ἕκαστον
473 2351 564 2378 αὐτῶν
593 2349 661 2378 εἶναι
683 2352 746 2387 χρή,
766 2351 859 2382 Ἥλιος

63 2397 117 2432 μὲν
129 2397 185 2433 γὰρ
204 2398 244 2429 εις
260 2398 348 2432 ἀρχὰς
367 2397 484 2424 τέθειται
501 2398 550 2433 τῆς
567 2397 690 2433 ἡμέρας,
709 2397 808 2432 σελήνη
832 2397 860 2423 δὲ

60 2443 115 2478 τῆς
144 2443 252 2475 νυκτός.
271 2443 341 2469 ’Λλλ’
366 2443 403 2474 ὡς
423 2444 436 2470 ὸ
454 2442 570 2469 arm.)th
587 2441 684 2477 φησίν·
705 2451 714 2467 ‹
734 2442 764 2468 Ὀ
786 2441 860 2476 ἥλιος

62 2488 138 2522 ἔγνω
160 2487 209 2523 τὴν
218 2482 298 2514 δύσιν
313 2487 405 2514 αὐτοῦ.
421 2487 518 2514 Ἐοετο
533 2487 561 2513 δὲ
582 2486 678 2518 σκότος
696 2487 710 2514 6
726 2486 780 2513 τῶν
793 2487 861 2513 ὅλων

62 2534 143 2567 Θεὸς,
162 2535 210 2561 καὶ
229 2534 338 2568 ἐγένετο
351 2533 425 2566 νύξ.)
440 2534 542 2563 Ψάλλει
561 2534 627 2569 γοῦν
642 2533 722 2560 πάλιν
739 2534 754 2559 ὁ
765 2532 861 2559 θεσπέ-

65 2589 125 2612 σιος
141 2580 235 2612 Δαϐίδ,
252 2580 300 2606 καί
315 2588 397 2615 φησι·
418 2590 426 2606 ι
441 2580 478 2616 Σή
502 2581 576 2607 ἐστιν
591 2581 608 2616 ἡ
627 2580 734 2616 ἡμέρα,
758 2580 806 2605 καὶ
829 2579 861 2614 σή

65 2628 142 2652 ἐστιν
160 2627 176 2660 ἡ
197 2625 256 2658 νύξ.
278 2626 314 2652 Σὺ
338 2626 497 2661 κατηρτίσω
526 2626 613 2661 ἥλιον,
636 2626 683 2652 καὶ
708 2625 833 2660 σελήνην.
850 2634 859 2651 ι

65 2671 175 2698 Οὐκοῦν
195 2672 326 2707 ἑκάτερον
344 2672 446 2698 τούτων
463 2671 509 2698 τὸν
531 2671 605 2707 αὺτῷ
622 2671 788 2707 τεταγμένον
807 2671 862 2697 δια-

66 2715 194 2750 περαίνει
211 2715 311 2751 δρόμον
323 2717 445 2751 εὐτάκτῳ
470 2717 557 2752 φορᾷ,
579 2717 626 2743 καὶ
644 2715 862 2752 μεμετρημένοις

65 2761 149 2796 ὡρῶν
177 2761 368 2797 διαστήμασιν,
392 2762 508 2797 Ὁμοίως
528 2762 556 2790 δὲ
579 2763 625 2789 καὶ
647 2763 681 2789 τὰ
705 2763 785 2789 λοιπὰ
808 2762 862 2788 τῶν

66 2807 179 2843 inpar:
193 2808 262 2834 κατὰ
284 2808 330 2834 τον
351 2808 442 2839 αὐτοῖς
462 2807 572 2834 δοθέντα
590 2809 665 2843 παρὰ
679 2808 745 2835 Θεοῦ
769 2808 861 2844 νόμον,

95 2889 119 2904 ’⁸
132 2897 140 2905 ”
156 2895 165 2922 l
180 2894 257 2922 Joau.
274 2903 293 2928 ι,
305 2895 331 2922 2.
371 2897 393 2911 ’⁸
418 2895 516 2924 Ezccb.
532 2905 624 2932 xxxvi,
646 2898 690 2926 26.

729 2899 762 2914 "‘
793 2898 862 2926 Psal.
881 2905 938 2933 cur,
960 2898 1061 2932 19,20.

913 1663 1010 1691 deinde
1025 1668 1142 1690 mentem
1159 1668 1278 1689 nostram
1303 1666 1507 1697 componentes,
1528 1661 1565 1688 ita
1590 1665 1618 1687 ut
1641 1660 1702 1688 velit

913 1709 984 1743 quod
1001 1708 1100 1734 bonum
1114 1708 1284 1741 estexst‘qui,
1304 1711 1330 1733 et
1348 1707 1411 1734 huic
1429 1705 1513 1733 ctiatn
1531 1705 1704 1739 adjungentee

910 1757 1145 1788 regenerattouem
1176 1752 1353 1786 intelligentia
1383 1757 1548 1787 perceptam,
1579 1760 1638 1786 quae
1664 1755 1703 1779 est

910 1807 958 1834 per
973 1807 1071 1833 aquam
1086 1804 1112 1826 et
1131 1797 1274 1833 Spit'ilum,
1302 1798 1349 1825 lilii
1373 1802 1400 1825 et.
1431 1798 1492 1825 ﬁliae
1519 1798 1564 1825 Dei
1591 1798 1704 1826 erimus.

910 1845 986 1878 Quod
1009 1845 1081 1872 enim
1106 1844 1170 1871 insit.
1201 1844 1226 1870 ei
1255 1844 1478 1879 cunctipoleutia,
1509 1843 1638 1876 declarat,
1665 1845 1703 1872 in-

911 1892 1007 1925 quiens
1025 1899 1032 1917 :
1047 1890 1101 1926 Ego
1115 1890 1166 1916 feci
1183 1894 1282 1916 terram
1315 1895 1342 1917 ct
1356 1890 1491 1916 hominem
1509 1890 1534 1916 in
1551 1898 1592 1918 ea.
1609 1890 1703 1917 luven-

911 1942 955 1965 tor
970 1941 1065 1964 autem
1082 1936 1265 1971 generationis
1279 1936 1404 1963 humana:
1418 1941 1444 1963 et
1455 1942 1560 1967 auctor,
1578 1938 1623 1971 qtti
1645 1944 1702 1971 pro

912 1984 988 2011 duxit
1002 1991 1076 2014 eum,
1091 1991 1149 2009 cum
1167 1990 1219 2009 non
1232 1987 1305 2009 esset
1320 1983 1469 2016 quondam,
1494 1987 1521 2009 ut
1544 1983 1580 2009 sit
1606 1991 1613 2010 :
1638 1991 1702 2018 quo-

913 2031 992 2057 modo
1006 2030 1038 2056 ad
1053 2028 1274 2056 reformationem
1291 2029 1458 2063 spiritualem
1475 2029 1525 2055 erit
1540 2029 1666 2056 inhabilis
1680 2034 1704 2056 ct

911 2075 1036 2111 ineptus?
1056 2075 1152 2101 Annon
1170 2075 1259 2110 potius
1285 2079 1350 2101 nutu
1369 2073 1428 2108 ejus
1449 2079 1476 2101 et
1502 2075 1636 2102 sententia
1672 2076 1705 2101 ad

912 2127 1102 2156 quamcunque
1128 2122 1246 2155 speciem
1280 2125 1375 2147 natura
1407 2127 1598 2148 creaturarum
1620 2122 1704 2148 demi-

911 2174 990 2202 grare
1005 2171 1031 2193 et
1050 2167 1165 2193 transire
1189 2165 1310 2200 poterit?
1336 2165 1368 2192 Et
1389 2166 1453 2200 quid
1479 2166 1516 2193 ita
1536 2168 1633 2194 mirutn
1661 2174 1704 2195 aut

913 2212 1070 2240 incredibile
1084 2212 1168 2240 videri
1193 2213 1285 2244 debet,
1310 2212 1331 2238 si
1360 2212 1478 2239 hominis
1509 2218 1625 2240 mentem
1659 2222 1707 2249 pro

913 2266 963 2287 suo
979 2259 1112 2286 arbitratu
1129 2258 1208 2285 aliter
1233 2259 1315 2293 ﬁngat
1335 2258 1415 2294 611
1445 2265 1477 2285 ac
1503 2257 1628 2291 fabricet,
1660 2260 1705 2293 qui

913 2313 993 2332 tnanu
1009 2304 1105 2331 malum
1123 2304 1259 2331 ﬁrmavit?
1275 2304 1381 2331 Manum
1409 2308 1497 2330 autem
1523 2303 1622 2337 Patris,
1649 2311 1707 2331 om-

914 2351 987 2377 niutn
1016 2357 1106 2377 rerum
1132 2349 1270 2385 opiﬁcem,
1295 2357 1355 2377 esse
1383 2349 1498 2378 dicimus
1524 2347 1634 2382 Filium,
1659 2357 1707 2384 per

914 2405 994 2432 quem
1010 2397 1112 2430 omnia,
1132 2401 1161 2424 et
1186 2396 1211 2423 in
1239 2404 1292 2431 quo
1312 2396 1413 2423 omnia.
1438 2395 1526 2423 Verbo
1550 2397 1623 2423 enim
1656 2396 1708 2423 Do-

915 2442 1105 2477 mini,.inquit,
1127 2442 1187 2470 cceli
1208 2442 1307 2470 ﬁrmati
1334 2446 1406 2470 sunt.
1423 2441 1482 2477 Ipse
1498 2442 1626 2469 omnibus
1642 2442 1707 2470 stel-

915 2488 949 2516 lis
967 2488 1113 2520 mandavit,
1137 2488 1162 2515 id
1189 2493 1241 2520 est,
1272 2488 1427 2523 imperavit,
1455 2488 1590 2523 quomodo
1612 2495 1705 2515 earum

916 2543 1084 2570 unaqumque
1097 2542 1158 2562 esse
1172 2536 1292 2563 deberet.
1312 2534 1359 2562 Sol
1384 2535 1455 2561 enim
1482 2535 1586 2569 positus
1610 2539 1652 2562 est
1681 2541 1708 2560 ut

917 2580 981 2612 diei,
999 2581 1061 2607 luna
1075 2585 1104 2607 ut
1121 2579 1192 2607 nocti
1210 2580 1334 2614 imperet.
1361 2579 1412 2607 Sed
1429 2586 1466 2613 et,
1482 2585 1509 2607 nt
1526 2580 1630 2608 Psaltes
1645 2581 1682 2608 ait
1698 2602 1706 2614 ,

919 2634 928 2651 I
953 2625 1000 2653 Sol
1025 2627 1099 2653 novit
1128 2633 1255 2653 occasum
1287 2632 1377 2652 suum.
1402 2624 1550 2661 Posuitque
1567 2620 1708 2654 ‘tenebras

917 2672 1105 2700 universorum
1121 2671 1202 2704 Deus,
1215 2676 1242 2699 et
1256 2671 1327 2700 facta
1341 2677 1383 2700 cst
1406 2680 1458 2699 nox
1483 2673 1517 2688 "‘
1533 2693 1540 2700 .
1575 2682 1586 2699 ι
1615 2673 1708 2700 Psailit

917 2717 1012 2743 iterutn
1027 2717 1133 2744 divinus
1152 2716 1247 2750 David,
1265 2721 1291 2744 et
1308 2716 1394 2752 inquit
1411 2725 1418 2744 :
1443 2726 1452 2742 ι
1480 2715 1554 2744 Tuus
1575 2721 1616 2744 est
1639 2718 1707 2749 dies,

915 2767 942 2790 et
955 2768 1000 2789 tua
1027 2767 1069 2790 est
1090 2771 1154 2790 nor.
1171 2763 1209 2790 Tu
1226 2763 1386 2790 constituisti
1403 2764 1486 2790 solem
1504 2769 1531 2790 et
1545 2764 1634 2790 lunam
1649 2763 1682 2788 ".
1698 2772 1705 2786 ι

915 2807 1008 2842 itaque
1026 2809 1121 2835 horum
1140 2810 1272 2835 utrumvis
1294 2810 1328 2836 ah
1344 2810 1401 2844 ipso
1415 2810 1567 2837 ordinatum
1598 2815 1707 2836 cursum

1100 2899 1121 2914 *7
1140 2899 1208 2926 l‘sal.
1229 2907 1323 2930 nxttt,
1350 2899 1389 2927 l6.
