  <div class='ocr_page' id='page_1' title='image "/cluster/home/n/w/nwhite01/storage/ocr_20150623/70/njp.32101077772737/592.png"; bbox 0 0 1883 3055; ppageno 0'>
   <div class='ocr_carea' id='block_1_1' title="bbox 69 159 885 190">
    <p class='ocr_par' dir='ltr' id='par_1_1' title="bbox 69 159 885 190">
     <span class='ocr_line' id='line_1_1' title="bbox 69 159 885 190; baseline -0.005 0"><span class='ocrx_word' id='word_1_1' title='bbox 69 161 118 190; x_wconf 78' lang='lat'><strong>969</strong></span> <span class='ocrx_word' id='word_1_2' title='bbox 636 161 668 188; x_wconf 85' lang='lat' dir='ltr'><strong>IN</strong></span> <span class='ocrx_word' id='word_1_3' title='bbox 686 160 802 188; x_wconf 83' lang='lat' dir='ltr'><strong>lSAlAM</strong></span> <span class='ocrx_word' id='word_1_4' title='bbox 822 159 885 186; x_wconf 86' lang='lat' dir='ltr'><strong>LIB.</strong></span> 
     </span>
    </p>
   </div>
   <div class='ocr_carea' id='block_1_2' title="bbox 906 158 1688 188">
    <p class='ocr_par' dir='ltr' id='par_1_2' title="bbox 906 158 1688 188">
     <span class='ocr_line' id='line_1_2' title="bbox 906 158 1688 188; baseline 0.003 -2"><span class='ocrx_word' id='word_1_5' title='bbox 906 159 950 186; x_wconf 87' lang='lat' dir='ltr'><strong>IV.</strong></span> <span class='ocrx_word' id='word_1_6' title='bbox 970 158 1072 187; x_wconf 78' lang='lat' dir='ltr'><strong>ORAT.</strong></span> <span class='ocrx_word' id='word_1_7' title='bbox 1095 158 1127 186; x_wconf 90' lang='lat' dir='ltr'><strong>ll.</strong></span> <span class='ocrx_word' id='word_1_8' title='bbox 1636 159 1688 188; x_wconf 64' lang='lat'><strong>970</strong></span> 
     </span>
    </p>
   </div>
   <div class='ocr_carea' id='block_1_3' title="bbox 73 215 853 255">
    <p class='ocr_par' dir='ltr' id='par_1_3' title="bbox 73 217 853 255">
     <span class='ocr_line' id='line_1_3' title="bbox 73 217 853 255; baseline -0.004 -9"><span class='ocrx_word' id='word_1_9' title='bbox 73 219 148 255; x_wconf 80' lang='grc' dir='ltr'>μέλια</span> <span class='ocrx_word' id='word_1_10' title='bbox 165 218 248 250; x_wconf 84' lang='grc' dir='ltr'>Σιὼν,</span> <span class='ocrx_word' id='word_1_11' title='bbox 263 217 334 245; x_wconf 86' lang='grc' dir='ltr'>λίθον</span> <span class='ocrx_word' id='word_1_12' title='bbox 352 218 493 251; x_wconf 69' lang='grc' dir='ltr'>ἐκλεκτὸν,</span> <span class='ocrx_word' id='word_1_13' title='bbox 508 218 716 252; x_wconf 78' lang='grc' dir='ltr'>ἀκρογωνιαῖον,</span> <span class='ocrx_word' id='word_1_14' title='bbox 736 218 853 252; x_wconf 71' lang='grc' dir='ltr'>ἔντιμον,</span> 
     </span>
    </p>
   </div>
   <div class='ocr_carea' id='block_1_4' title="bbox 913 215 1688 255">
    <p class='ocr_par' dir='ltr' id='par_1_4' title="bbox 913 215 1688 251">
     <span class='ocr_line' id='line_1_4' title="bbox 913 215 1688 251; baseline -0.001 -8"><span class='ocrx_word' id='word_1_15' title='bbox 913 215 1164 251; x_wconf 80' lang='lat' dir='ltr'><strong>raptiritatetn.Nos</strong></span> <span class='ocrx_word' id='word_1_16' title='bbox 1181 215 1250 243; x_wconf 89' lang='lat' dir='ltr'><strong>enim</strong></span> <span class='ocrx_word' id='word_1_17' title='bbox 1263 221 1404 250; x_wconf 88' lang='lat' dir='ltr'><strong>oppressos</strong></span> <span class='ocrx_word' id='word_1_18' title='bbox 1415 215 1555 250; x_wconf 76' lang='lat' dir='ltr'><strong>tyrannide</strong></span> <span class='ocrx_word' id='word_1_19' title='bbox 1571 215 1596 242; x_wconf 90' lang='lat' dir='ltr'><strong>in</strong></span> <span class='ocrx_word' id='word_1_20' title='bbox 1608 219 1688 247; x_wconf 87' lang='lat' dir='ltr'><strong>terra,</strong></span> 
     </span>
    </p>
   </div>
   <div class='ocr_carea' id='block_1_5' title="bbox 70 263 883 302">
    <p class='ocr_par' dir='ltr' id='par_1_5' title="bbox 70 263 883 302">
     <span class='ocr_line' id='line_1_5' title="bbox 70 263 883 302; baseline -0.004 -10"><span class='ocrx_word' id='word_1_21' title='bbox 70 265 139 295; x_wconf 52' lang='grc' dir='ltr'>καί.ρὸ</span> <span class='ocrx_word' id='word_1_22' title='bbox 155 265 290 302; x_wconf 75' lang='grc' dir='ltr'>πιστεύων</span> <span class='ocrx_word' id='word_1_23' title='bbox 301 265 340 296; x_wconf 74' lang='grc' dir='ltr'><strong>είς</strong></span> <span class='ocrx_word' id='word_1_24' title='bbox 356 264 447 297; x_wconf 76' lang='grc' dir='ltr'>αὑτὸν,</span> <span class='ocrx_word' id='word_1_25' title='bbox 460 264 490 290; x_wconf 80' lang='grc' dir='ltr'><strong>οὐ</strong></span> <span class='ocrx_word' id='word_1_26' title='bbox 505 264 541 299; x_wconf 84' lang='grc' dir='ltr'><strong>μὴ</strong></span> <span class='ocrx_word' id='word_1_27' title='bbox 557 264 752 299; x_wconf 73' lang='grc' dir='ltr'>καταισχυνθῇ.</span> <span class='ocrx_word' id='word_1_28' title='bbox 771 273 780 288; x_wconf 69' lang='grc' dir='ltr'>ι</span> <span class='ocrx_word' id='word_1_29' title='bbox 800 263 854 290; x_wconf 85' lang='grc' dir='ltr'><strong>Λὺ-</strong></span> <span class='ocrx_word' id='word_1_30' title='bbox 877 273 883 279; x_wconf 67' lang='grc' dir='ltr'>ι</span> 
     </span>
    </p>
   </div>
   <div class='ocr_carea' id='block_1_6' title="bbox 69 308 854 345">
    <p class='ocr_par' dir='ltr' id='par_1_6' title="bbox 69 308 854 345">
     <span class='ocr_line' id='line_1_6' title="bbox 69 308 854 345; baseline -0.004 -7"><span class='ocrx_word' id='word_1_31' title='bbox 69 312 111 342; x_wconf 77' lang='grc' dir='ltr'>τὸς</span> <span class='ocrx_word' id='word_1_32' title='bbox 128 308 175 337; x_wconf 80' lang='grc' dir='ltr'>οὖν</span> <span class='ocrx_word' id='word_1_33' title='bbox 202 312 218 337; x_wconf 92' lang='lat'><strong>6</strong></span> <span class='ocrx_word' id='word_1_34' title='bbox 235 310 403 345; x_wconf 81' lang='grc' dir='ltr'><strong>θεμελιώσας</strong></span> <span class='ocrx_word' id='word_1_35' title='bbox 429 309 478 345; x_wconf 88' lang='grc' dir='ltr'>τὴν</span> <span class='ocrx_word' id='word_1_36' title='bbox 504 309 678 344; x_wconf 80' lang='grc' dir='ltr'><strong>Ἐκκλησίαν,</strong></span> <span class='ocrx_word' id='word_1_37' title='bbox 702 309 854 344; x_wconf 75' lang='grc' dir='ltr'>ἐπέστρεψε</span> 
     </span>
    </p>
   </div>
   <div class='ocr_carea' id='block_1_7' title="bbox 71 354 856 391">
    <p class='ocr_par' dir='ltr' id='par_1_7' title="bbox 71 354 856 391">
     <span class='ocr_line' id='line_1_7' title="bbox 71 354 856 391; baseline -0.003 -9"><span class='ocrx_word' id='word_1_38' title='bbox 71 357 113 382; x_wconf 85' lang='grc' dir='ltr'>καὶ</span> <span class='ocrx_word' id='word_1_39' title='bbox 129 356 177 389; x_wconf 81' lang='grc' dir='ltr'><strong>τὴν</strong></span> <span class='ocrx_word' id='word_1_40' title='bbox 192 355 382 391; x_wconf 82' lang='grc' dir='ltr'><strong>αἰχμαλωσίαν</strong></span> <span class='ocrx_word' id='word_1_41' title='bbox 404 355 450 382; x_wconf 84' lang='grc' dir='ltr'><strong>τοῦ</strong></span> <span class='ocrx_word' id='word_1_42' title='bbox 469 355 534 382; x_wconf 83' lang='grc' dir='ltr'>λαοῦ</span> <span class='ocrx_word' id='word_1_43' title='bbox 557 354 650 382; x_wconf 82' lang='grc' dir='ltr'>αὑτοῦ.</span> <span class='ocrx_word' id='word_1_44' title='bbox 667 354 856 389; x_wconf 84' lang='grc' dir='ltr'>Τυραννουμὲ-</span> 
     </span>
    </p>
   </div>
   <div class='ocr_carea' id='block_1_8' title="bbox 71 399 856 435">
    <p class='ocr_par' dir='ltr' id='par_1_8' title="bbox 71 399 856 435">
     <span class='ocr_line' id='line_1_8' title="bbox 71 399 856 435; baseline -0.003 -8"><span class='ocrx_word' id='word_1_45' title='bbox 71 409 128 432; x_wconf 83' lang='grc' dir='ltr'>νους</span> <span class='ocrx_word' id='word_1_46' title='bbox 145 400 200 435; x_wconf 79' lang='grc' dir='ltr'>γὰρ</span> <span class='ocrx_word' id='word_1_47' title='bbox 219 401 293 435; x_wconf 85' lang='grc' dir='ltr'>ἡμᾶς</span> <span class='ocrx_word' id='word_1_48' title='bbox 305 401 368 432; x_wconf 83' lang='grc' dir='ltr'>τοὺς</span> <span class='ocrx_word' id='word_1_49' title='bbox 383 400 430 426; x_wconf 75' lang='grc' dir='ltr'><strong>ἐπὶ</strong></span> <span class='ocrx_word' id='word_1_50' title='bbox 447 400 497 435; x_wconf 81' lang='grc' dir='ltr'>τῆς</span> <span class='ocrx_word' id='word_1_51' title='bbox 510 400 562 434; x_wconf 82' lang='grc' dir='ltr'>γῆς</span> <span class='ocrx_word' id='word_1_52' title='bbox 577 400 630 426; x_wconf 79' lang='grc' dir='ltr'><strong>ὑπό</strong></span> <span class='ocrx_word' id='word_1_53' title='bbox 647 409 677 426; x_wconf 87' lang='grc' dir='ltr'><strong>τε</strong></span> <span class='ocrx_word' id='word_1_54' title='bbox 688 399 735 426; x_wconf 87' lang='grc' dir='ltr'><strong>τοῦ</strong></span> <span class='ocrx_word' id='word_1_55' title='bbox 750 400 856 426; x_wconf 78' lang='grc' dir='ltr'>Σατανᾶ</span> 
     </span>
    </p>
   </div>
   <div class='ocr_carea' id='block_1_9' title="bbox 71 447 856 483">
    <p class='ocr_par' dir='ltr' id='par_1_9' title="bbox 71 447 856 483">
     <span class='ocr_line' id='line_1_9' title="bbox 71 447 856 483; baseline -0.001 -9"><span class='ocrx_word' id='word_1_56' title='bbox 71 448 172 483; x_wconf 79' lang='grc' dir='ltr'>καὶτῆς</span> <span class='ocrx_word' id='word_1_57' title='bbox 188 447 338 483; x_wconf 83' lang='grc' dir='ltr'>ἁμαρτίας,</span> <span class='ocrx_word' id='word_1_58' title='bbox 355 447 460 474; x_wconf 82' lang='grc' dir='ltr'>σέσωκέ</span> <span class='ocrx_word' id='word_1_59' title='bbox 483 456 512 474; x_wconf 89' lang='grc' dir='ltr'><strong>τε</strong></span> <span class='ocrx_word' id='word_1_60' title='bbox 534 448 581 475; x_wconf 76' lang='grc' dir='ltr'>καὶ</span> <span class='ocrx_word' id='word_1_61' title='bbox 598 448 726 480; x_wconf 78' lang='grc' dir='ltr'><strong>ἐξείλετο,</strong></span> <span class='ocrx_word' id='word_1_62' title='bbox 740 447 787 474; x_wconf 73' lang='grc' dir='ltr'><strong>καὶ</strong></span> <span class='ocrx_word' id='word_1_63' title='bbox 801 448 856 478; x_wconf 83' lang='grc' dir='ltr'>τοῖς</span> 
     </span>
    </p>
   </div>
   <div class='ocr_carea' id='block_1_10' title="bbox 73 491 856 529">
    <p class='ocr_par' dir='ltr' id='par_1_10' title="bbox 73 491 856 529">
     <span class='ocr_line' id='line_1_10' title="bbox 73 491 856 529; baseline -0.003 -9"><span class='ocrx_word' id='word_1_64' title='bbox 73 494 141 525; x_wconf 79' lang='grc' dir='ltr'><strong>ἰδίοις</strong></span> <span class='ocrx_word' id='word_1_65' title='bbox 155 493 282 527; x_wconf 81' lang='grc' dir='ltr'>ὐπήγαγε</span> <span class='ocrx_word' id='word_1_66' title='bbox 300 492 403 526; x_wconf 77' lang='grc' dir='ltr'><strong>ζυγοῖς·</strong></span> <span class='ocrx_word' id='word_1_67' title='bbox 425 492 495 528; x_wconf 86' lang='grc' dir='ltr'>πλὴν</span> <span class='ocrx_word' id='word_1_68' title='bbox 518 494 548 520; x_wconf 85' lang='grc' dir='ltr'><strong>οὐ</strong></span> <span class='ocrx_word' id='word_1_69' title='bbox 577 493 645 528; x_wconf 84' lang='grc' dir='ltr'>μετὰ</span> <span class='ocrx_word' id='word_1_70' title='bbox 661 492 775 529; x_wconf 81' lang='grc' dir='ltr'><strong>λύτρων,</strong></span> <span class='ocrx_word' id='word_1_71' title='bbox 797 491 856 518; x_wconf 79' lang='grc' dir='ltr'>οὐδὲ</span> 
     </span>
    </p>
   </div>
   <div class='ocr_carea' id='block_1_11' title="bbox 73 537 858 574">
    <p class='ocr_par' dir='ltr' id='par_1_11' title="bbox 73 537 858 574">
     <span class='ocr_line' id='line_1_11' title="bbox 73 537 858 574; baseline -0.001 -10"><span class='ocrx_word' id='word_1_72' title='bbox 73 539 134 573; x_wconf 86' lang='grc' dir='ltr'>μετὰ</span> <span class='ocrx_word' id='word_1_73' title='bbox 148 538 253 573; x_wconf 85' lang='grc' dir='ltr'><strong>δώρων·</strong></span> <span class='ocrx_word' id='word_1_74' title='bbox 269 539 308 570; x_wconf 82' lang='grc' dir='ltr'>ὡς</span> <span class='ocrx_word' id='word_1_75' title='bbox 327 538 380 574; x_wconf 87' lang='grc' dir='ltr'>γὰρ</span> <span class='ocrx_word' id='word_1_76' title='bbox 397 539 412 564; x_wconf 89' lang='lat'><strong>6</strong></span> <span class='ocrx_word' id='word_1_77' title='bbox 433 538 515 565; x_wconf 72' lang='grc' dir='ltr'>αὑτοῦ</span> <span class='ocrx_word' id='word_1_78' title='bbox 532 538 665 574; x_wconf 81' lang='grc' dir='ltr'>μαθητὴς,</span> <span class='ocrx_word' id='word_1_79' title='bbox 682 547 691 563; x_wconf 74' lang='grc' dir='ltr'><strong>ι</strong></span> <span class='ocrx_word' id='word_1_80' title='bbox 711 538 747 564; x_wconf 69' lang='grc' dir='ltr'><strong>Οὐ</strong></span> <span class='ocrx_word' id='word_1_81' title='bbox 771 537 858 572; x_wconf 75' lang='grc' dir='ltr'>φθαρ-</span> 
     </span>
    </p>
   </div>
   <div class='ocr_carea' id='block_1_12' title="bbox 72 581 858 620">
    <p class='ocr_par' dir='ltr' id='par_1_12' title="bbox 72 581 858 620">
     <span class='ocr_line' id='line_1_12' title="bbox 72 581 858 620; baseline -0.001 -10"><span class='ocrx_word' id='word_1_82' title='bbox 72 586 122 615; x_wconf 81' lang='grc' dir='ltr'>τοῖς</span> <span class='ocrx_word' id='word_1_83' title='bbox 136 583 262 619; x_wconf 78' lang='grc' dir='ltr'>ἀργυρίῳ</span> <span class='ocrx_word' id='word_1_84' title='bbox 273 581 289 617; x_wconf 82' lang='grc' dir='ltr'>ἢ</span> <span class='ocrx_word' id='word_1_85' title='bbox 302 583 407 619; x_wconf 84' lang='grc' dir='ltr'>χρυσίῳ</span> <span class='ocrx_word' id='word_1_86' title='bbox 419 584 612 620; x_wconf 79' lang='grc' dir='ltr'>ὲλυτρώθημεν</span> <span class='ocrx_word' id='word_1_87' title='bbox 629 584 661 610; x_wconf 80' lang='grc' dir='ltr'><strong>ὲκ</strong></span> <span class='ocrx_word' id='word_1_88' title='bbox 676 584 726 618; x_wconf 78' lang='grc' dir='ltr'>τῆς</span> <span class='ocrx_word' id='word_1_89' title='bbox 743 583 858 618; x_wconf 76' lang='grc' dir='ltr'><strong>ματαίας</strong></span> 
     </span>
    </p>
   </div>
   <div class='ocr_carea' id='block_1_13' title="bbox 72 629 857 666">
    <p class='ocr_par' dir='ltr' id='par_1_13' title="bbox 72 629 857 666">
     <span class='ocr_line' id='line_1_13' title="bbox 72 629 857 666; baseline -0.001 -11"><span class='ocrx_word' id='word_1_90' title='bbox 72 629 142 664; x_wconf 75' lang='grc' dir='ltr'>ἡμῶν</span> <span class='ocrx_word' id='word_1_91' title='bbox 165 629 339 665; x_wconf 80' lang='grc' dir='ltr'><strong>ἀναστροφῆς</strong></span> <span class='ocrx_word' id='word_1_92' title='bbox 358 630 611 666; x_wconf 82' lang='grc' dir='ltr'><strong>πατροπαραδότου,</strong></span> <span class='ocrx_word' id='word_1_93' title='bbox 629 629 697 656; x_wconf 80' lang='grc' dir='ltr'>ἀλλὰ</span> <span class='ocrx_word' id='word_1_94' title='bbox 715 629 798 664; x_wconf 84' lang='grc' dir='ltr'>τιμίῳ</span> <span class='ocrx_word' id='word_1_95' title='bbox 816 629 857 654; x_wconf 75' lang='grc' dir='ltr'><strong>αἵ-</strong></span> 
     </span>
    </p>
   </div>
   <div class='ocr_carea' id='block_1_14' title="bbox 75 674 855 711">
    <p class='ocr_par' dir='ltr' id='par_1_14' title="bbox 75 674 855 711">
     <span class='ocr_line' id='line_1_14' title="bbox 75 674 855 711; baseline 0 -11"><span class='ocrx_word' id='word_1_96' title='bbox 75 683 132 709; x_wconf 80' lang='grc' dir='ltr'>ματι</span> <span class='ocrx_word' id='word_1_97' title='bbox 148 674 185 706; x_wconf 83' lang='grc' dir='ltr'>ὼς</span> <span class='ocrx_word' id='word_1_98' title='bbox 198 674 286 709; x_wconf 78' lang='grc' dir='ltr'>ἀμνοῦ</span> <span class='ocrx_word' id='word_1_99' title='bbox 300 675 428 710; x_wconf 86' lang='grc' dir='ltr'>ἀμώμου.</span> <span class='ocrx_word' id='word_1_100' title='bbox 444 677 491 702; x_wconf 72' lang='grc' dir='ltr'><strong>καὶ</strong></span> <span class='ocrx_word' id='word_1_101' title='bbox 505 675 618 703; x_wconf 82' lang='grc' dir='ltr'><strong>ἀσπίλου</strong></span> <span class='ocrx_word' id='word_1_102' title='bbox 634 674 763 711; x_wconf 77' lang='grc' dir='ltr'><strong>Χριστοῦ.</strong></span> <span class='ocrx_word' id='word_1_103' title='bbox 782 684 790 700; x_wconf 83' lang='grc'><strong>›</strong></span> <span class='ocrx_word' id='word_1_104' title='bbox 808 674 855 700; x_wconf 80' lang='grc' dir='ltr'><strong>Δέ-</strong></span> 
     </span>
    </p>
   </div>
   <div class='ocr_carea' id='block_1_15' title="bbox 73 719 855 756">
    <p class='ocr_par' dir='ltr' id='par_1_15' title="bbox 73 719 855 756">
     <span class='ocr_line' id='line_1_15' title="bbox 73 719 855 756; baseline -0.001 -10"><span class='ocrx_word' id='word_1_105' title='bbox 73 721 134 746; x_wconf 80' lang='grc' dir='ltr'>δωκε</span> <span class='ocrx_word' id='word_1_106' title='bbox 150 721 202 756; x_wconf 83' lang='grc' dir='ltr'>γὰρ</span> <span class='ocrx_word' id='word_1_107' title='bbox 217 720 289 756; x_wconf 84' lang='grc' dir='ltr'>ὑπὲρ</span> <span class='ocrx_word' id='word_1_108' title='bbox 305 721 383 756; x_wconf 82' lang='grc' dir='ltr'>ἡμῶν</span> <span class='ocrx_word' id='word_1_109' title='bbox 402 721 433 748; x_wconf 84' lang='grc' dir='ltr'>τὸ</span> <span class='ocrx_word' id='word_1_110' title='bbox 456 721 522 748; x_wconf 83' lang='grc' dir='ltr'>ἴδιον</span> <span class='ocrx_word' id='word_1_111' title='bbox 537 719 616 756; x_wconf 76' lang='grc' dir='ltr'>αἷμα,</span> <span class='ocrx_word' id='word_1_112' title='bbox 637 721 685 748; x_wconf 82' lang='grc' dir='ltr'><strong>καὶ</strong></span> <span class='ocrx_word' id='word_1_113' title='bbox 703 721 754 747; x_wconf 84' lang='grc' dir='ltr'><strong>οὐκ</strong></span> <span class='ocrx_word' id='word_1_114' title='bbox 772 719 855 753; x_wconf 74' lang='grc' dir='ltr'>ἐσμὲν</span> 
     </span>
    </p>
   </div>
   <div class='ocr_carea' id='block_1_16' title="bbox 74 765 856 801">
    <p class='ocr_par' dir='ltr' id='par_1_16' title="bbox 74 765 856 801">
     <span class='ocr_line' id='line_1_16' title="bbox 74 765 856 801; baseline -0.001 -10"><span class='ocrx_word' id='word_1_115' title='bbox 74 765 263 796; x_wconf 52' lang='grc' dir='ltr'>ὲαυτῶνγάλλὰ</span> <span class='ocrx_word' id='word_1_116' title='bbox 279 766 326 793; x_wconf 82' lang='grc' dir='ltr'><strong>τοῦ</strong></span> <span class='ocrx_word' id='word_1_117' title='bbox 343 766 495 801; x_wconf 83' lang='grc' dir='ltr'><strong>πριαμένου</strong></span> <span class='ocrx_word' id='word_1_118' title='bbox 523 767 570 793; x_wconf 73' lang='grc' dir='ltr'>καὶ</span> <span class='ocrx_word' id='word_1_119' title='bbox 586 766 731 797; x_wconf 78' lang='grc' dir='ltr'><strong>σώσαντος.</strong></span> <span class='ocrx_word' id='word_1_120' title='bbox 749 765 856 800; x_wconf 77' lang='grc' dir='ltr'>Ταύτῃ-</span> 
     </span>
    </p>
   </div>
   <div class='ocr_carea' id='block_1_17' title="bbox 73 810 872 847">
    <p class='ocr_par' dir='ltr' id='par_1_17' title="bbox 73 810 872 847">
     <span class='ocr_line' id='line_1_17' title="bbox 73 810 872 847; baseline -0.003 -10"><span class='ocrx_word' id='word_1_121' title='bbox 73 819 117 843; x_wconf 78' lang='grc' dir='ltr'>τοι,</span> <span class='ocrx_word' id='word_1_122' title='bbox 132 811 177 836; x_wconf 70' lang='grc' dir='ltr'>καὶ</span> <span class='ocrx_word' id='word_1_123' title='bbox 203 810 276 845; x_wconf 84' lang='grc' dir='ltr'>μάλα</span> <span class='ocrx_word' id='word_1_124' title='bbox 301 811 424 843; x_wconf 80' lang='grc' dir='ltr'>είκότως,</span> <span class='ocrx_word' id='word_1_125' title='bbox 449 812 473 837; x_wconf 84' lang='grc' dir='ltr'><strong>οί</strong></span> <span class='ocrx_word' id='word_1_126' title='bbox 498 812 547 846; x_wconf 80' lang='grc' dir='ltr'><strong>τῆς</strong></span> <span class='ocrx_word' id='word_1_127' title='bbox 565 811 650 847; x_wconf 82' lang='grc' dir='ltr'>όρθῆς</span> <span class='ocrx_word' id='word_1_128' title='bbox 674 810 792 841; x_wconf 83' lang='grc' dir='ltr'>πίστεως</span> <span class='ocrx_word' id='word_1_129' title='bbox 828 810 872 836; x_wconf 81' lang='grc' dir='ltr'><strong>τὸν</strong></span> 
     </span>
    </p>
   </div>
   <div class='ocr_carea' id='block_1_18' title="bbox 907 261 1691 296">
    <p class='ocr_par' dir='ltr' id='par_1_18' title="bbox 907 261 1691 296">
     <span class='ocr_line' id='line_1_18' title="bbox 907 261 1691 296; baseline -0.003 -8"><span class='ocrx_word' id='word_1_130' title='bbox 907 270 920 288; x_wconf 85' lang='lat' dir='ltr'><strong>a</strong></span> <span class='ocrx_word' id='word_1_131' title='bbox 946 263 1044 290; x_wconf 84' lang='lat' dir='ltr'><strong>Satana</strong></span> <span class='ocrx_word' id='word_1_132' title='bbox 1073 267 1098 288; x_wconf 86' lang='lat' dir='ltr'><strong>et</strong></span> <span class='ocrx_word' id='word_1_133' title='bbox 1123 266 1233 296; x_wconf 83' lang='lat' dir='ltr'><strong>peccato</strong></span> <span class='ocrx_word' id='word_1_134' title='bbox 1258 261 1376 288; x_wconf 88' lang='lat' dir='ltr'><strong>servavit</strong></span> <span class='ocrx_word' id='word_1_135' title='bbox 1406 266 1432 288; x_wconf 87' lang='lat' dir='ltr'><strong>et</strong></span> <span class='ocrx_word' id='word_1_136' title='bbox 1446 261 1584 291; x_wconf 80' lang='lat' dir='ltr'><strong>liberavit.</strong></span> <span class='ocrx_word' id='word_1_137' title='bbox 1599 265 1626 288; x_wconf 88' lang='lat' dir='ltr'><strong>et</strong></span> <span class='ocrx_word' id='word_1_138' title='bbox 1642 269 1691 288; x_wconf 81' lang='lat' dir='ltr'><strong>suo</strong></span> 
     </span>
    </p>
   </div>
   <div class='ocr_carea' id='block_1_19' title="bbox 905 307 1689 342">
    <p class='ocr_par' dir='ltr' id='par_1_19' title="bbox 905 307 1689 342">
     <span class='ocr_line' id='line_1_19' title="bbox 905 307 1689 342; baseline -0.001 -9"><span class='ocrx_word' id='word_1_139' title='bbox 905 307 969 342; x_wconf 79' lang='lat' dir='ltr'><strong>jugo</strong></span> <span class='ocrx_word' id='word_1_140' title='bbox 986 307 1116 342; x_wconf 79' lang='lat' dir='ltr'><strong>subjecit:</strong></span> <span class='ocrx_word' id='word_1_141' title='bbox 1132 314 1222 334; x_wconf 85' lang='lat' dir='ltr'><strong>verum</strong></span> <span class='ocrx_word' id='word_1_142' title='bbox 1241 314 1293 334; x_wconf 89' lang='lat' dir='ltr'><strong>non</strong></span> <span class='ocrx_word' id='word_1_143' title='bbox 1311 307 1504 341; x_wconf 86' lang='lat' dir='ltr'><strong>pretio,neque</strong></span> <span class='ocrx_word' id='word_1_144' title='bbox 1523 307 1689 333; x_wconf 80' lang='lat' dir='ltr'><strong>muneribus.</strong></span> 
     </span>
    </p>
   </div>
   <div class='ocr_carea' id='block_1_20' title="bbox 907 351 1690 387">
    <p class='ocr_par' dir='ltr' id='par_1_20' title="bbox 907 351 1690 387">
     <span class='ocr_line' id='line_1_20' title="bbox 907 351 1690 387; baseline -0.004 -7"><span class='ocrx_word' id='word_1_145' title='bbox 907 352 953 380; x_wconf 85' lang='lat' dir='ltr'><strong>Sic</strong></span> <span class='ocrx_word' id='word_1_146' title='bbox 965 353 1036 379; x_wconf 86' lang='lat' dir='ltr'><strong>enim</strong></span> <span class='ocrx_word' id='word_1_147' title='bbox 1067 351 1149 386; x_wconf 79' lang='lat' dir='ltr'><strong>ipsius</strong></span> <span class='ocrx_word' id='word_1_148' title='bbox 1170 351 1336 386; x_wconf 78' lang='lat' dir='ltr'><strong>discipulus:</strong></span> <span class='ocrx_word' id='word_1_149' title='bbox 1353 361 1362 377; x_wconf 79' lang='grc' dir='ltr'>ι</span> <span class='ocrx_word' id='word_1_150' title='bbox 1378 351 1434 379; x_wconf 85' lang='lat' dir='ltr'><strong>NOn</strong></span> <span class='ocrx_word' id='word_1_151' title='bbox 1463 352 1690 387; x_wconf 80' lang='lat' dir='ltr'><strong>corruptibilibns,</strong></span> 
     </span>
    </p>
   </div>
   <div class='ocr_carea' id='block_1_21' title="bbox 908 397 1693 433">
    <p class='ocr_par' dir='ltr' id='par_1_21' title="bbox 908 397 1693 433">
     <span class='ocr_line' id='line_1_21' title="bbox 908 397 1693 433; baseline -0.001 -9"><span class='ocrx_word' id='word_1_152' title='bbox 908 403 1020 433; x_wconf 81' lang='lat' dir='ltr'><strong>argento</strong></span> <span class='ocrx_word' id='word_1_153' title='bbox 1039 401 1086 424; x_wconf 86' lang='lat' dir='ltr'><strong>aut</strong></span> <span class='ocrx_word' id='word_1_154' title='bbox 1102 405 1167 424; x_wconf 86' lang='lat' dir='ltr'><strong>auro</strong></span> <span class='ocrx_word' id='word_1_155' title='bbox 1181 397 1284 424; x_wconf 76' lang='lat' dir='ltr'><strong>liberali</strong></span> <span class='ocrx_word' id='word_1_156' title='bbox 1298 404 1390 424; x_wconf 89' lang='lat' dir='ltr'><strong>sumus</strong></span> <span class='ocrx_word' id='word_1_157' title='bbox 1403 405 1416 423; x_wconf 77' lang='grc' dir='ltr'><strong>ο</strong></span> <span class='ocrx_word' id='word_1_158' title='bbox 1432 405 1498 423; x_wconf 85' lang='lat' dir='ltr'><strong>vana</strong></span> <span class='ocrx_word' id='word_1_159' title='bbox 1515 402 1605 424; x_wconf 89' lang='lat' dir='ltr'><strong>nostra</strong></span> <span class='ocrx_word' id='word_1_160' title='bbox 1628 405 1693 424; x_wconf 61' lang='lat' dir='ltr'><strong>cono</strong></span> 
     </span>
    </p>
   </div>
   <div class='ocr_carea' id='block_1_22' title="bbox 907 442 1691 477">
    <p class='ocr_par' dir='ltr' id='par_1_22' title="bbox 907 442 1691 477">
     <span class='ocr_line' id='line_1_22' title="bbox 907 442 1691 477; baseline -0.001 -8"><span class='ocrx_word' id='word_1_161' title='bbox 907 443 1060 470; x_wconf 83' lang='lat' dir='ltr'><strong>versatione</strong></span> <span class='ocrx_word' id='word_1_162' title='bbox 1075 450 1089 469; x_wconf 88' lang='lat' dir='ltr'><strong>a</strong></span> <span class='ocrx_word' id='word_1_163' title='bbox 1105 442 1226 477; x_wconf 87' lang='lat' dir='ltr'><strong>patribus</strong></span> <span class='ocrx_word' id='word_1_164' title='bbox 1244 442 1352 474; x_wconf 83' lang='lat' dir='ltr'><strong>tradita,</strong></span> <span class='ocrx_word' id='word_1_165' title='bbox 1362 443 1407 469; x_wconf 85' lang='lat' dir='ltr'><strong>sed</strong></span> <span class='ocrx_word' id='word_1_166' title='bbox 1422 443 1539 476; x_wconf 83' lang='lat' dir='ltr'><strong>pretioso</strong></span> <span class='ocrx_word' id='word_1_167' title='bbox 1553 443 1691 476; x_wconf 68' lang='lat' dir='ltr'><strong>sanguine.</strong></span> 
     </span>
    </p>
   </div>
   <div class='ocr_carea' id='block_1_23' title="bbox 906 488 1689 524">
    <p class='ocr_par' dir='ltr' id='par_1_23' title="bbox 906 488 1689 524">
     <span class='ocr_line' id='line_1_23' title="bbox 906 488 1689 524; baseline -0.003 -8"><span class='ocrx_word' id='word_1_168' title='bbox 906 490 981 517; x_wconf 82' lang='lat' dir='ltr'><strong>velut</strong></span> <span class='ocrx_word' id='word_1_169' title='bbox 993 489 1055 524; x_wconf 80' lang='lat' dir='ltr'><strong>agni</strong></span> <span class='ocrx_word' id='word_1_170' title='bbox 1069 488 1232 516; x_wconf 88' lang='lat' dir='ltr'><strong>immaculati</strong></span> <span class='ocrx_word' id='word_1_171' title='bbox 1249 493 1276 515; x_wconf 93' lang='lat' dir='ltr'><strong>et</strong></span> <span class='ocrx_word' id='word_1_172' title='bbox 1291 489 1494 515; x_wconf 85' lang='lat' dir='ltr'><strong>incontaminati</strong></span> <span class='ocrx_word' id='word_1_173' title='bbox 1513 488 1612 515; x_wconf 86' lang='lat' dir='ltr'><strong>Christi</strong></span> <span class='ocrx_word' id='word_1_174' title='bbox 1629 488 1661 515; x_wconf 71' lang='grc' dir='ltr'><strong>δυ.</strong></span> <span class='ocrx_word' id='word_1_175' title='bbox 1682 497 1689 512; x_wconf 77' lang='lat' dir='ltr'><strong>r</strong></span> 
     </span>
    </p>
   </div>
   <div class='ocr_carea' id='block_1_24' title="bbox 908 535 1693 569">
    <p class='ocr_par' dir='ltr' id='par_1_24' title="bbox 908 535 1693 569">
     <span class='ocr_line' id='line_1_24' title="bbox 908 535 1693 569; baseline -0.005 -6"><span class='ocrx_word' id='word_1_176' title='bbox 908 536 985 564; x_wconf 87' lang='lat' dir='ltr'><strong>Dedit</strong></span> <span class='ocrx_word' id='word_1_177' title='bbox 1005 535 1075 562; x_wconf 91' lang='lat' dir='ltr'><strong>enim</strong></span> <span class='ocrx_word' id='word_1_178' title='bbox 1091 542 1139 569; x_wconf 90' lang='lat' dir='ltr'><strong>pro</strong></span> <span class='ocrx_word' id='word_1_179' title='bbox 1159 535 1237 562; x_wconf 86' lang='lat' dir='ltr'><strong>nobis</strong></span> <span class='ocrx_word' id='word_1_180' title='bbox 1251 535 1390 568; x_wconf 89' lang='lat' dir='ltr'><strong>proprium</strong></span> <span class='ocrx_word' id='word_1_181' title='bbox 1414 535 1589 569; x_wconf 73' lang='lat' dir='ltr'><strong>sanguinem:</strong></span> <span class='ocrx_word' id='word_1_182' title='bbox 1607 542 1693 568; x_wconf 71' lang='lat' dir='ltr'><strong>neque</strong></span> 
     </span>
    </p>
   </div>
   <div class='ocr_carea' id='block_1_25' title="bbox 909 579 1691 615">
    <p class='ocr_par' dir='ltr' id='par_1_25' title="bbox 909 579 1691 615">
     <span class='ocr_line' id='line_1_25' title="bbox 909 579 1691 615; baseline -0.005 -7"><span class='ocrx_word' id='word_1_183' title='bbox 909 589 1002 608; x_wconf 90' lang='lat' dir='ltr'><strong>sumus</strong></span> <span class='ocrx_word' id='word_1_184' title='bbox 1023 581 1093 615; x_wconf 83' lang='lat' dir='ltr'><strong>juris</strong></span> <span class='ocrx_word' id='word_1_185' title='bbox 1114 580 1210 611; x_wconf 82' lang='lat' dir='ltr'><strong>nostri,</strong></span> <span class='ocrx_word' id='word_1_186' title='bbox 1228 579 1274 606; x_wconf 90' lang='lat' dir='ltr'><strong>sed</strong></span> <span class='ocrx_word' id='word_1_187' title='bbox 1291 579 1348 613; x_wconf 85' lang='lat' dir='ltr'><strong>ejus</strong></span> <span class='ocrx_word' id='word_1_188' title='bbox 1361 579 1407 614; x_wconf 88' lang='lat' dir='ltr'><strong>qui</strong></span> <span class='ocrx_word' id='word_1_189' title='bbox 1424 579 1490 606; x_wconf 88' lang='lat' dir='ltr'><strong>emit</strong></span> <span class='ocrx_word' id='word_1_190' title='bbox 1517 584 1545 606; x_wconf 86' lang='lat' dir='ltr'><strong>et</strong></span> <span class='ocrx_word' id='word_1_191' title='bbox 1564 579 1691 605; x_wconf 76' lang='lat' dir='ltr'><strong>servavit.</strong></span> 
     </span>
    </p>
   </div>
   <div class='ocr_carea' id='block_1_26' title="bbox 909 624 1694 659">
    <p class='ocr_par' dir='ltr' id='par_1_26' title="bbox 909 624 1694 659">
     <span class='ocr_line' id='line_1_26' title="bbox 909 624 1694 659; baseline -0.003 -6"><span class='ocrx_word' id='word_1_192' title='bbox 909 627 990 658; x_wconf 83' lang='lat' dir='ltr'><strong>Hinc,</strong></span> <span class='ocrx_word' id='word_1_193' title='bbox 1009 631 1036 652; x_wconf 87' lang='lat' dir='ltr'><strong>et</strong></span> <span class='ocrx_word' id='word_1_194' title='bbox 1052 625 1159 659; x_wconf 78' lang='lat' dir='ltr'><strong>quidem</strong></span> <span class='ocrx_word' id='word_1_195' title='bbox 1174 624 1235 659; x_wconf 82' lang='lat' dir='ltr'><strong>jure</strong></span> <span class='ocrx_word' id='word_1_196' title='bbox 1249 625 1360 659; x_wconf 85' lang='lat' dir='ltr'><strong>optimo,</strong></span> <span class='ocrx_word' id='word_1_197' title='bbox 1379 625 1423 658; x_wconf 92' lang='lat' dir='ltr'><strong>qui</strong></span> <span class='ocrx_word' id='word_1_198' title='bbox 1437 629 1517 652; x_wconf 70' lang='lat' dir='ltr'><strong>recta:</strong></span> <span class='ocrx_word' id='word_1_199' title='bbox 1535 624 1593 651; x_wconf 92' lang='lat' dir='ltr'><strong>ﬁdei</strong></span> <span class='ocrx_word' id='word_1_200' title='bbox 1623 625 1694 651; x_wconf 89' lang='lat' dir='ltr'><strong>dire-</strong></span> 
     </span>
    </p>
   </div>
   <div class='ocr_carea' id='block_1_27' title="bbox 907 669 1692 704">
    <p class='ocr_par' dir='ltr' id='par_1_27' title="bbox 907 669 1692 704">
     <span class='ocr_line' id='line_1_27' title="bbox 907 669 1692 704; baseline -0.003 -6"><span class='ocrx_word' id='word_1_201' title='bbox 907 677 980 698; x_wconf 84' lang='lat' dir='ltr'><strong>ctum</strong></span> <span class='ocrx_word' id='word_1_202' title='bbox 1010 678 1138 698; x_wconf 82' lang='lat' dir='ltr'><strong>canonem</strong></span> <span class='ocrx_word' id='word_1_203' title='bbox 1168 669 1433 704; x_wconf 70' lang='lat' dir='ltr'><strong>prtelergrediuntnr,</strong></span> <span class='ocrx_word' id='word_1_204' title='bbox 1459 677 1523 697; x_wconf 86' lang='lat' dir='ltr'><strong>voce</strong></span> <span class='ocrx_word' id='word_1_205' title='bbox 1540 675 1692 697; x_wconf 84' lang='lat' dir='ltr'><strong>sanctorum</strong></span> 
     </span>
    </p>
   </div>
   <div class='ocr_carea' id='block_1_28' title="bbox 907 714 1703 748">
    <p class='ocr_par' dir='ltr' id='par_1_28' title="bbox 907 714 1703 748">
     <span class='ocr_line' id='line_1_28' title="bbox 907 714 1703 748; baseline -0.004 -4"><span class='ocrx_word' id='word_1_206' title='bbox 907 721 1081 748; x_wconf 78' lang='lat' dir='ltr'><strong>accusantur,</strong></span> <span class='ocrx_word' id='word_1_207' title='bbox 1105 720 1135 742; x_wconf 91' lang='lat' dir='ltr'><strong>ut</strong></span> <span class='ocrx_word' id='word_1_208' title='bbox 1165 714 1305 741; x_wconf 88' lang='lat' dir='ltr'><strong>Dominum</strong></span> <span class='ocrx_word' id='word_1_209' title='bbox 1336 715 1380 748; x_wconf 88' lang='lat' dir='ltr'><strong>qui</strong></span> <span class='ocrx_word' id='word_1_210' title='bbox 1410 715 1471 742; x_wconf 86' lang='lat' dir='ltr'><strong>illos</strong></span> <span class='ocrx_word' id='word_1_211' title='bbox 1502 715 1614 742; x_wconf 79' lang='lat' dir='ltr'><strong>redemit</strong></span> <span class='ocrx_word' id='word_1_212' title='bbox 1646 721 1703 741; x_wconf 72' lang='lat' dir='ltr'><strong>ne-’</strong></span> 
     </span>
    </p>
   </div>
   <div class='ocr_carea' id='block_1_29' title="bbox 908 768 1012 798">
    <p class='ocr_par' dir='ltr' id='par_1_29' title="bbox 908 768 1012 798">
     <span class='ocr_line' id='line_1_29' title="bbox 908 768 1012 798; baseline -0.01 -9"><span class='ocrx_word' id='word_1_213' title='bbox 908 768 1012 798; x_wconf 65' lang='lat' dir='ltr'><strong>ganles.</strong></span> 
     </span>
    </p>
   </div>
   <div class='ocr_carea' id='block_1_30' title="bbox 908 805 1693 843">
    <p class='ocr_par' dir='ltr' id='par_1_30' title="bbox 908 805 1693 843">
     <span class='ocr_line' id='line_1_30' title="bbox 908 805 1693 843; baseline 0 -9"><span class='ocrx_word' id='word_1_214' title='bbox 908 808 1006 843; x_wconf 80' lang='grc' dir='ltr'>εὐγενῆ</span> <span class='ocrx_word' id='word_1_215' title='bbox 1036 807 1135 834; x_wconf 88' lang='grc' dir='ltr'>κανόνα</span> <span class='ocrx_word' id='word_1_216' title='bbox 1161 807 1380 842; x_wconf 78' lang='grc' dir='ltr'><strong>παρατρέχοντες</strong></span> <span class='ocrx_word' id='word_1_217' title='bbox 1400 806 1443 833; x_wconf 81' lang='grc' dir='ltr'>διὰ</span> <span class='ocrx_word' id='word_1_218' title='bbox 1465 807 1514 841; x_wconf 81' lang='grc' dir='ltr'>τῆς</span> <span class='ocrx_word' id='word_1_219' title='bbox 1534 806 1588 833; x_wconf 78' lang='grc' dir='ltr'>’τῶν</span> <span class='ocrx_word' id='word_1_220' title='bbox 1608 805 1693 840; x_wconf 80' lang='grc' dir='ltr'>ἁγίων</span> 
     </span>
    </p>
   </div>
   <div class='ocr_carea' id='block_1_31' title="bbox 74 853 1192 893">
    <p class='ocr_par' dir='ltr' id='par_1_31' title="bbox 74 853 1192 893">
     <span class='ocr_line' id='line_1_31' title="bbox 74 853 1192 893; baseline -0.004 -10"><span class='ocrx_word' id='word_1_221' title='bbox 74 856 280 891; x_wconf 78' lang='grc' dir='ltr'>κατηγοροῦνται</span> <span class='ocrx_word' id='word_1_222' title='bbox 303 857 403 892; x_wconf 84' lang='grc' dir='ltr'>φωνῆς,</span> <span class='ocrx_word' id='word_1_223' title='bbox 429 857 466 889; x_wconf 83' lang='grc' dir='ltr'>ὡς</span> <span class='ocrx_word' id='word_1_224' title='bbox 493 858 537 884; x_wconf 81' lang='grc' dir='ltr'><strong>τὸν</strong></span> <span class='ocrx_word' id='word_1_225' title='bbox 559 857 733 893; x_wconf 83' lang='grc' dir='ltr'>ἀγοράσαντα</span> <span class='ocrx_word' id='word_1_226' title='bbox 753 856 852 887; x_wconf 74' lang='grc' dir='ltr'>αὐτοὺς</span> <span class='ocrx_word' id='word_1_227' title='bbox 870 854 1006 889; x_wconf 78' lang='grc' dir='ltr'>Δεσπότην</span> <span class='ocrx_word' id='word_1_228' title='bbox 1022 853 1192 889; x_wconf 80' lang='grc' dir='ltr'>ἀρνούμενοι.</span> 
     </span>
    </p>
   </div>
   <div class='ocr_carea' id='block_1_32' title="bbox 104 899 853 937">
    <p class='ocr_par' dir='ltr' id='par_1_32' title="bbox 104 903 853 937">
     <span class='ocr_line' id='line_1_32' title="bbox 104 903 853 937; baseline 0 -8"><span class='ocrx_word' id='word_1_229' title='bbox 104 903 198 935; x_wconf 80' lang='grc' dir='ltr'><strong>Οὕτως</strong></span> <span class='ocrx_word' id='word_1_230' title='bbox 208 903 290 937; x_wconf 73' lang='grc' dir='ltr'>λέγει</span> <span class='ocrx_word' id='word_1_231' title='bbox 302 904 410 937; x_wconf 81' lang='grc' dir='ltr'>Κύριος</span> <span class='ocrx_word' id='word_1_232' title='bbox 423 904 553 932; x_wconf 77' lang='grc' dir='ltr'>Σαϐαὼθ·</span> <span class='ocrx_word' id='word_1_233' title='bbox 576 904 755 930; x_wconf 76' lang='grc' dir='ltr'>Ἑκοπίασεν</span> <span class='ocrx_word' id='word_1_234' title='bbox 767 904 853 937; x_wconf 71' lang='grc' dir='ltr'><strong>Αῐγιν-</strong></span> 
     </span>
    </p>
   </div>
   <div class='ocr_carea' id='block_1_33' title="bbox 913 899 1692 937">
    <p class='ocr_par' dir='ltr' id='par_1_33' title="bbox 943 899 1692 928">
     <span class='ocr_line' id='line_1_33' title="bbox 943 899 1692 928; baseline -0.001 -1"><span class='ocrx_word' id='word_1_235' title='bbox 943 901 1024 928; x_wconf 76' lang='lat' dir='ltr'><strong>VEns.</strong></span> <span class='ocrx_word' id='word_1_236' title='bbox 1042 899 1134 926; x_wconf 76' lang='grc'><strong>14-16.</strong></span> <span class='ocrx_word' id='word_1_237' title='bbox 1158 899 1202 926; x_wconf 82' lang='lat' dir='ltr'><strong>Sic</strong></span> <span class='ocrx_word' id='word_1_238' title='bbox 1230 901 1268 927; x_wconf 81' lang='lat' dir='ltr'><strong>ait</strong></span> <span class='ocrx_word' id='word_1_239' title='bbox 1302 900 1429 927; x_wconf 77' lang='lat' dir='ltr'><strong>Dominus</strong></span> <span class='ocrx_word' id='word_1_240' title='bbox 1460 899 1528 927; x_wconf 70' lang='lat' dir='ltr'><strong>Deus</strong></span> <span class='ocrx_word' id='word_1_241' title='bbox 1549 899 1692 928; x_wconf 76' lang='lat' dir='ltr'><strong>Sabaoth:</strong></span> 
     </span>
    </p>
   </div>
   <div class='ocr_carea' id='block_1_34' title="bbox 73 948 857 983">
    <p class='ocr_par' dir='ltr' id='par_1_34' title="bbox 73 948 857 983">
     <span class='ocr_line' id='line_1_34' title="bbox 73 948 857 983; baseline -0.001 -8"><span class='ocrx_word' id='word_1_242' title='bbox 73 956 148 981; x_wconf 74' lang='grc' dir='ltr'>πτος,</span> <span class='ocrx_word' id='word_1_243' title='bbox 174 948 224 975; x_wconf 78' lang='grc' dir='ltr'><strong>καὶ</strong></span> <span class='ocrx_word' id='word_1_244' title='bbox 257 949 396 983; x_wconf 81' lang='grc' dir='ltr'><strong>ἐμπορίαι</strong></span> <span class='ocrx_word' id='word_1_245' title='bbox 424 951 582 981; x_wconf 68' lang='grc' dir='ltr'>Αἰθιόπων,</span> <span class='ocrx_word' id='word_1_246' title='bbox 612 949 661 976; x_wconf 78' lang='grc' dir='ltr'>καὶ</span> <span class='ocrx_word' id='word_1_247' title='bbox 690 951 717 976; x_wconf 88' lang='lat' dir='ltr'><strong>ol</strong></span> <span class='ocrx_word' id='word_1_248' title='bbox 744 948 857 982; x_wconf 72' lang='grc' dir='ltr'>Σαῖαΐμ</span> 
     </span>
    </p>
   </div>
   <div class='ocr_carea' id='block_1_35' title="bbox 73 995 857 1028">
    <p class='ocr_par' dir='ltr' id='par_1_35' title="bbox 73 995 857 1028">
     <span class='ocr_line' id='line_1_35' title="bbox 73 995 857 1028; baseline 0 -8"><span class='ocrx_word' id='word_1_249' title='bbox 73 995 169 1028; x_wconf 70' lang='grc' dir='ltr'>ἄνδρες</span> <span class='ocrx_word' id='word_1_250' title='bbox 201 995 320 1028; x_wconf 74' lang='grc' dir='ltr'><strong>ὑψηλοὶ</strong></span> <span class='ocrx_word' id='word_1_251' title='bbox 349 995 398 1021; x_wconf 76' lang='grc' dir='ltr'><strong>ἐπὶ</strong></span> <span class='ocrx_word' id='word_1_252' title='bbox 427 995 466 1022; x_wconf 79' lang='grc' dir='ltr'>σὲ</span> <span class='ocrx_word' id='word_1_253' title='bbox 497 995 702 1028; x_wconf 73' lang='grc' dir='ltr'>διαϐήσονται,</span> <span class='ocrx_word' id='word_1_254' title='bbox 732 995 782 1021; x_wconf 77' lang='grc' dir='ltr'><strong>καί</strong></span> <span class='ocrx_word' id='word_1_255' title='bbox 807 1001 857 1021; x_wconf 83' lang='grc' dir='ltr'><strong>σοι</strong></span> 
     </span>
    </p>
   </div>
   <div class='ocr_carea' id='block_1_36' title="bbox 76 1040 856 1073">
    <p class='ocr_par' dir='ltr' id='par_1_36' title="bbox 76 1040 856 1073">
     <span class='ocr_line' id='line_1_36' title="bbox 76 1040 856 1073; baseline 0 -7"><span class='ocrx_word' id='word_1_256' title='bbox 76 1041 190 1067; x_wconf 74' lang='grc' dir='ltr'>ἔσονται</span> <span class='ocrx_word' id='word_1_257' title='bbox 211 1040 329 1072; x_wconf 75' lang='grc' dir='ltr'>δοῦλοι,</span> <span class='ocrx_word' id='word_1_258' title='bbox 347 1040 396 1067; x_wconf 76' lang='grc' dir='ltr'>καὶ</span> <span class='ocrx_word' id='word_1_259' title='bbox 417 1041 512 1068; x_wconf 80' lang='grc' dir='ltr'><em>ὀπίσω</em></span> <span class='ocrx_word' id='word_1_260' title='bbox 536 1048 594 1068; x_wconf 84' lang='grc' dir='ltr'>σου</span> <span class='ocrx_word' id='word_1_261' title='bbox 613 1041 856 1073; x_wconf 76' lang='grc' dir='ltr'>ἀκολουθήσουσι</span> 
     </span>
    </p>
   </div>
   <div class='ocr_carea' id='block_1_37' title="bbox 73 1086 854 1121">
    <p class='ocr_par' dir='ltr' id='par_1_37' title="bbox 73 1086 854 1121">
     <span class='ocr_line' id='line_1_37' title="bbox 73 1086 854 1121; baseline 0 -9"><span class='ocrx_word' id='word_1_262' title='bbox 73 1086 213 1120; x_wconf 83' lang='grc' dir='ltr'><strong>δεδεμένοι</strong></span> <span class='ocrx_word' id='word_1_263' title='bbox 238 1086 436 1120; x_wconf 78' lang='grc' dir='ltr'>χειροπέδαις,</span> <span class='ocrx_word' id='word_1_264' title='bbox 453 1087 503 1114; x_wconf 78' lang='grc' dir='ltr'>καὶ</span> <span class='ocrx_word' id='word_1_265' title='bbox 522 1087 775 1121; x_wconf 77' lang='grc' dir='ltr'>προσκυνήσουσί</span> <span class='ocrx_word' id='word_1_266' title='bbox 795 1093 854 1119; x_wconf 81' lang='grc' dir='ltr'>σοι,</span> 
     </span>
    </p>
   </div>
   <div class='ocr_carea' id='block_1_38' title="bbox 74 1130 856 1165">
    <p class='ocr_par' dir='ltr' id='par_1_38' title="bbox 74 1130 856 1165">
     <span class='ocr_line' id='line_1_38' title="bbox 74 1130 856 1165; baseline 0.003 -9"><span class='ocrx_word' id='word_1_267' title='bbox 74 1130 114 1156; x_wconf 74' lang='grc' dir='ltr'>καὶ</span> <span class='ocrx_word' id='word_1_268' title='bbox 145 1130 179 1156; x_wconf 80' lang='grc' dir='ltr'><strong>ἐν</strong></span> <span class='ocrx_word' id='word_1_269' title='bbox 201 1130 252 1157; x_wconf 69' lang='grc' dir='ltr'>σοι</span> <span class='ocrx_word' id='word_1_270' title='bbox 278 1131 508 1165; x_wconf 82' lang='grc' dir='ltr'>προσεύξονται.</span> <span class='ocrx_word' id='word_1_271' title='bbox 534 1132 593 1158; x_wconf 87' lang='grc' dir='ltr'><strong>Ὅτι</strong></span> <span class='ocrx_word' id='word_1_272' title='bbox 619 1132 653 1158; x_wconf 84' lang='grc' dir='ltr'>ἐν</span> <span class='ocrx_word' id='word_1_273' title='bbox 675 1131 724 1158; x_wconf 82' lang='grc' dir='ltr'>σοὶ</span> <span class='ocrx_word' id='word_1_274' title='bbox 745 1133 761 1158; x_wconf 80' lang='grc' dir='ltr'><em>ὁ</em></span> <span class='ocrx_word' id='word_1_275' title='bbox 785 1132 856 1164; x_wconf 86' lang='grc' dir='ltr'>Θεός</span> 
     </span>
    </p>
   </div>
   <div class='ocr_carea' id='block_1_39' title="bbox 74 1175 858 1213">
    <p class='ocr_par' dir='ltr' id='par_1_39' title="bbox 74 1175 858 1213">
     <span class='ocr_line' id='line_1_39' title="bbox 74 1175 858 1213; baseline 0.001 -10"><span class='ocrx_word' id='word_1_276' title='bbox 74 1177 158 1208; x_wconf 81' lang='grc' dir='ltr'>ἐστιν,</span> <span class='ocrx_word' id='word_1_277' title='bbox 182 1177 230 1204; x_wconf 80' lang='grc' dir='ltr'>καὶ</span> <span class='ocrx_word' id='word_1_278' title='bbox 254 1177 311 1204; x_wconf 65' lang='grc' dir='ltr'>οὐκ</span> <span class='ocrx_word' id='word_1_279' title='bbox 335 1176 375 1212; x_wconf 79' lang='grc' dir='ltr'><strong>ἦν</strong></span> <span class='ocrx_word' id='word_1_280' title='bbox 399 1179 470 1211; x_wconf 84' lang='grc' dir='ltr'><strong>Θεὸς</strong></span> <span class='ocrx_word' id='word_1_281' title='bbox 492 1178 576 1213; x_wconf 80' lang='grc' dir='ltr'><strong>πλὴν</strong></span> <span class='ocrx_word' id='word_1_282' title='bbox 596 1179 664 1206; x_wconf 82' lang='grc' dir='ltr'>σοῦ.</span> <span class='ocrx_word' id='word_1_283' title='bbox 689 1178 732 1204; x_wconf 90' lang='grc' dir='ltr'><strong><em>Σὺ</em></strong></span> <span class='ocrx_word' id='word_1_284' title='bbox 752 1178 806 1213; x_wconf 80' lang='grc' dir='ltr'>γὰρ</span> <span class='ocrx_word' id='word_1_285' title='bbox 829 1175 858 1204; x_wconf 83' lang='grc' dir='ltr'>εἷ</span> 
     </span>
    </p>
   </div>
   <div class='ocr_carea' id='block_1_40' title="bbox 76 1221 855 1256">
    <p class='ocr_par' dir='ltr' id='par_1_40' title="bbox 76 1221 855 1256">
     <span class='ocr_line' id='line_1_40' title="bbox 76 1221 855 1256; baseline 0.001 -9"><span class='ocrx_word' id='word_1_286' title='bbox 76 1221 148 1254; x_wconf 81' lang='grc' dir='ltr'>Θεὸς,</span> <span class='ocrx_word' id='word_1_287' title='bbox 177 1221 227 1248; x_wconf 77' lang='grc' dir='ltr'>καὶ</span> <span class='ocrx_word' id='word_1_288' title='bbox 257 1222 314 1248; x_wconf 75' lang='grc' dir='ltr'>οὐκ</span> <span class='ocrx_word' id='word_1_289' title='bbox 341 1221 472 1256; x_wconf 66' lang='grc' dir='ltr'>ᾔδειμεν,</span> <span class='ocrx_word' id='word_1_290' title='bbox 499 1222 515 1248; x_wconf 85' lang='grc' dir='ltr'>ὀ</span> <span class='ocrx_word' id='word_1_291' title='bbox 549 1223 620 1256; x_wconf 84' lang='grc' dir='ltr'><strong>Θεὸς</strong></span> <span class='ocrx_word' id='word_1_292' title='bbox 650 1222 703 1249; x_wconf 85' lang='grc' dir='ltr'><strong>τοῦ</strong></span> <span class='ocrx_word' id='word_1_293' title='bbox 736 1221 855 1256; x_wconf 68' lang='grc' dir='ltr'>Ἰσραὴλ</span> 
     </span>
    </p>
   </div>
   <div class='ocr_carea' id='block_1_41' title="bbox 76 1265 853 1301">
    <p class='ocr_par' dir='ltr' id='par_1_41' title="bbox 76 1265 853 1301">
     <span class='ocr_line' id='line_1_41' title="bbox 76 1265 853 1301; baseline -0.001 -9"><span class='ocrx_word' id='word_1_294' title='bbox 76 1265 175 1300; x_wconf 78' lang='grc' dir='ltr'>σωτήρ.</span> <span class='ocrx_word' id='word_1_295' title='bbox 212 1266 495 1300; x_wconf 74' lang='grc' dir='ltr'>Δισχυνθήσοντίιι,</span> <span class='ocrx_word' id='word_1_296' title='bbox 532 1267 581 1294; x_wconf 78' lang='grc' dir='ltr'>καὶ</span> <span class='ocrx_word' id='word_1_297' title='bbox 614 1266 853 1301; x_wconf 73' lang='grc' dir='ltr'><strong>ἐντραπήσονται</strong></span> 
     </span>
    </p>
   </div>
   <div class='ocr_carea' id='block_1_42' title="bbox 75 1311 855 1347">
    <p class='ocr_par' dir='ltr' id='par_1_42' title="bbox 75 1311 855 1347">
     <span class='ocr_line' id='line_1_42' title="bbox 75 1311 855 1347; baseline 0.001 -10"><span class='ocrx_word' id='word_1_298' title='bbox 75 1311 175 1347; x_wconf 74' lang='grc' dir='ltr'>πάντες</span> <span class='ocrx_word' id='word_1_299' title='bbox 188 1313 213 1338; x_wconf 81' lang='grc' dir='ltr'>οὶ</span> <span class='ocrx_word' id='word_1_300' title='bbox 225 1312 424 1346; x_wconf 76' lang='grc' dir='ltr'><strong>ἀντικείμενοι</strong></span> <span class='ocrx_word' id='word_1_301' title='bbox 438 1311 527 1345; x_wconf 76' lang='grc' dir='ltr'>αὐτῷ,</span> <span class='ocrx_word' id='word_1_302' title='bbox 547 1313 596 1340; x_wconf 76' lang='grc' dir='ltr'>καὶ</span> <span class='ocrx_word' id='word_1_303' title='bbox 611 1313 807 1346; x_wconf 74' lang='grc' dir='ltr'>πορεύσονται</span> <span class='ocrx_word' id='word_1_304' title='bbox 820 1312 855 1338; x_wconf 82' lang='grc' dir='ltr'><strong>ἑν</strong></span> 
     </span>
    </p>
   </div>
   <div class='ocr_carea' id='block_1_43' title="bbox 74 1358 207 1392">
    <p class='ocr_par' dir='ltr' id='par_1_43' title="bbox 74 1358 207 1392">
     <span class='ocr_line' id='line_1_43' title="bbox 74 1358 207 1392; baseline 0.008 -9"><span class='ocrx_word' id='word_1_305' title='bbox 74 1358 207 1392; x_wconf 71' lang='grc' dir='ltr'><strong>αἰσχύνῃ.</strong></span> 
     </span>
    </p>
   </div>
   <div class='ocr_carea' id='block_1_44' title="bbox 105 1402 853 1439">
    <p class='ocr_par' dir='ltr' id='par_1_44' title="bbox 105 1402 853 1439">
     <span class='ocr_line' id='line_1_44' title="bbox 105 1402 853 1439; baseline 0 -10"><span class='ocrx_word' id='word_1_306' title='bbox 105 1402 152 1431; x_wconf 78' lang='grc' dir='ltr'><strong>Τὸν</strong></span> <span class='ocrx_word' id='word_1_307' title='bbox 180 1403 242 1438; x_wconf 82' lang='grc' dir='ltr'><strong>περὶ</strong></span> <span class='ocrx_word' id='word_1_308' title='bbox 270 1403 318 1430; x_wconf 84' lang='grc' dir='ltr'><strong>τοῦ</strong></span> <span class='ocrx_word' id='word_1_309' title='bbox 347 1403 454 1430; x_wconf 81' lang='grc' dir='ltr'>πάντων</span> <span class='ocrx_word' id='word_1_310' title='bbox 481 1403 559 1439; x_wconf 81' lang='grc' dir='ltr'>ἡμῶν</span> <span class='ocrx_word' id='word_1_311' title='bbox 585 1403 709 1439; x_wconf 81' lang='grc' dir='ltr'>Σωτῆρος</span> <span class='ocrx_word' id='word_1_312' title='bbox 735 1403 853 1439; x_wconf 75' lang='grc' dir='ltr'>Χριστοῦ</span> 
     </span>
    </p>
   </div>
   <div class='ocr_carea' id='block_1_45' title="bbox 76 1448 853 1484">
    <p class='ocr_par' dir='ltr' id='par_1_45' title="bbox 76 1448 853 1484">
     <span class='ocr_line' id='line_1_45' title="bbox 76 1448 853 1484; baseline -0.001 -10"><span class='ocrx_word' id='word_1_313' title='bbox 76 1449 280 1484; x_wconf 80' lang='grc' dir='ltr'>προεισχομίσας</span> <span class='ocrx_word' id='word_1_314' title='bbox 309 1449 396 1483; x_wconf 83' lang='grc' dir='ltr'>λόγον,</span> <span class='ocrx_word' id='word_1_315' title='bbox 413 1448 460 1476; x_wconf 74' lang='grc' dir='ltr'>καὶ</span> <span class='ocrx_word' id='word_1_316' title='bbox 483 1448 707 1484; x_wconf 79' lang='grc' dir='ltr'>προαπαγγείλας</span> <span class='ocrx_word' id='word_1_317' title='bbox 731 1448 771 1474; x_wconf 75' lang='grc' dir='ltr'><strong>ὅτι</strong></span> <span class='ocrx_word' id='word_1_318' title='bbox 793 1449 853 1474; x_wconf 79' lang='grc' dir='ltr'>ἐπι-</span> 
     </span>
    </p>
   </div>
   <div class='ocr_carea' id='block_1_46' title="bbox 77 1494 853 1530">
    <p class='ocr_par' dir='ltr' id='par_1_46' title="bbox 77 1494 853 1530">
     <span class='ocr_line' id='line_1_46' title="bbox 77 1494 853 1530; baseline -0.001 -9"><span class='ocrx_word' id='word_1_319' title='bbox 77 1495 175 1529; x_wconf 78' lang='grc' dir='ltr'>στρέψει</span> <span class='ocrx_word' id='word_1_320' title='bbox 192 1495 236 1522; x_wconf 78' lang='grc' dir='ltr'><strong>τὺν</strong></span> <span class='ocrx_word' id='word_1_321' title='bbox 257 1495 321 1523; x_wconf 82' lang='grc' dir='ltr'>λαὸν</span> <span class='ocrx_word' id='word_1_322' title='bbox 335 1495 418 1522; x_wconf 81' lang='grc' dir='ltr'>αὐτοῦ</span> <span class='ocrx_word' id='word_1_323' title='bbox 437 1496 467 1522; x_wconf 85' lang='grc' dir='ltr'>οὐ</span> <span class='ocrx_word' id='word_1_324' title='bbox 484 1495 554 1530; x_wconf 87' lang='grc' dir='ltr'>μετὰ</span> <span class='ocrx_word' id='word_1_325' title='bbox 570 1494 685 1529; x_wconf 85' lang='grc' dir='ltr'>λύτρων,</span> <span class='ocrx_word' id='word_1_326' title='bbox 700 1494 759 1520; x_wconf 77' lang='grc' dir='ltr'>οὐδὲ</span> <span class='ocrx_word' id='word_1_327' title='bbox 785 1494 853 1528; x_wconf 79' lang='grc' dir='ltr'>μετὰ</span> 
     </span>
    </p>
   </div>
   <div class='ocr_carea' id='block_1_47' title="bbox 75 1540 853 1576">
    <p class='ocr_par' dir='ltr' id='par_1_47' title="bbox 75 1540 853 1576">
     <span class='ocr_line' id='line_1_47' title="bbox 75 1540 853 1576; baseline -0.003 -8"><span class='ocrx_word' id='word_1_328' title='bbox 75 1541 167 1576; x_wconf 84' lang='grc' dir='ltr'>δώρων,</span> <span class='ocrx_word' id='word_1_329' title='bbox 183 1542 390 1568; x_wconf 75' lang='grc' dir='ltr'>καταδείκνυσιν</span> <span class='ocrx_word' id='word_1_330' title='bbox 405 1541 487 1573; x_wconf 80' lang='grc' dir='ltr'>εὐθὺς</span> <span class='ocrx_word' id='word_1_331' title='bbox 499 1541 563 1572; x_wconf 80' lang='grc' dir='ltr'>τοὺς</span> <span class='ocrx_word' id='word_1_332' title='bbox 580 1540 800 1575; x_wconf 80' lang='grc' dir='ltr'>κληθησομένους</span> <span class='ocrx_word' id='word_1_333' title='bbox 814 1541 853 1571; x_wconf 85' lang='grc' dir='ltr'><strong>είς</strong></span> 
     </span>
    </p>
   </div>
   <div class='ocr_carea' id='block_1_48' title="bbox 75 1577 887 1622">
    <p class='ocr_par' dir='ltr' id='par_1_48' title="bbox 75 1577 887 1622">
     <span class='ocr_line' id='line_1_48' title="bbox 75 1577 887 1622; baseline -0.004 -8"><span class='ocrx_word' id='word_1_334' title='bbox 75 1587 205 1622; x_wconf 79' lang='grc' dir='ltr'>λύτρωσιν,</span> <span class='ocrx_word' id='word_1_335' title='bbox 222 1587 302 1622; x_wconf 86' lang='grc' dir='ltr'>δῆλον</span> <span class='ocrx_word' id='word_1_336' title='bbox 318 1587 345 1614; x_wconf 83' lang='grc' dir='ltr'>δὲ</span> <span class='ocrx_word' id='word_1_337' title='bbox 359 1588 399 1614; x_wconf 79' lang='grc' dir='ltr'><strong>ὅτι</strong></span> <span class='ocrx_word' id='word_1_338' title='bbox 414 1588 476 1619; x_wconf 79' lang='grc' dir='ltr'>τοὺς</span> <span class='ocrx_word' id='word_1_339' title='bbox 488 1586 517 1619; x_wconf 76' lang='grc' dir='ltr'><strong>ἐξ</strong></span> <span class='ocrx_word' id='word_1_340' title='bbox 530 1586 625 1619; x_wconf 73' lang='grc' dir='ltr'>ἐθνῶν,</span> <span class='ocrx_word' id='word_1_341' title='bbox 639 1583 679 1617; x_wconf 77' lang='grc' dir='ltr'><strong>οἷς</strong></span> <span class='ocrx_word' id='word_1_342' title='bbox 690 1586 721 1620; x_wconf 86' lang='grc' dir='ltr'>δὴ</span> <span class='ocrx_word' id='word_1_343' title='bbox 738 1586 853 1620; x_wconf 84' lang='grc' dir='ltr'>μάλιστα</span> <span class='ocrx_word' id='word_1_344' title='bbox 867 1577 887 1604; x_wconf 61' lang='grc' dir='ltr'><strong>(ἶ</strong></span> 
     </span>
    </p>
   </div>
   <div class='ocr_carea' id='block_1_49' title="bbox 75 1632 852 1668">
    <p class='ocr_par' dir='ltr' id='par_1_49' title="bbox 75 1632 852 1668">
     <span class='ocr_line' id='line_1_49' title="bbox 75 1632 852 1668; baseline -0.001 -9"><span class='ocrx_word' id='word_1_345' title='bbox 75 1633 180 1667; x_wconf 80' lang='grc' dir='ltr'>Χριστὸς</span> <span class='ocrx_word' id='word_1_346' title='bbox 201 1633 359 1668; x_wconf 80' lang='grc' dir='ltr'>ἐπιλάμψας</span> <span class='ocrx_word' id='word_1_347' title='bbox 382 1634 488 1668; x_wconf 80' lang='grc' dir='ltr'>ὁρᾶται.</span> <span class='ocrx_word' id='word_1_348' title='bbox 506 1633 594 1660; x_wconf 84' lang='grc' dir='ltr'>καίτοι</span> <span class='ocrx_word' id='word_1_349' title='bbox 617 1632 702 1666; x_wconf 72' lang='grc' dir='ltr'>λέγων</span> <span class='ocrx_word' id='word_1_350' title='bbox 722 1632 852 1667; x_wconf 80' lang='grc' dir='ltr'>ἐναργῶς·</span> 
     </span>
    </p>
   </div>
   <div class='ocr_carea' id='block_1_50' title="bbox 78 1673 854 1714">
    <p class='ocr_par' dir='ltr' id='par_1_50' title="bbox 78 1673 854 1714">
     <span class='ocr_line' id='line_1_50' title="bbox 78 1673 854 1714; baseline -0.001 -10"><span class='ocrx_word' id='word_1_351' title='bbox 78 1691 84 1701; x_wconf 77' lang='grc' dir='ltr'>ι</span> <span class='ocrx_word' id='word_1_352' title='bbox 100 1679 151 1704; x_wconf 70' lang='grc' dir='ltr'><strong>Οὐκ</strong></span> <span class='ocrx_word' id='word_1_353' title='bbox 163 1673 317 1713; x_wconf 74' lang='grc' dir='ltr'>ἀπεστάλην</span> <span class='ocrx_word' id='word_1_354' title='bbox 328 1680 351 1705; x_wconf 84' lang='grc' dir='ltr'><strong>εί</strong></span> <span class='ocrx_word' id='word_1_355' title='bbox 366 1679 403 1714; x_wconf 87' lang='grc' dir='ltr'>μὴ</span> <span class='ocrx_word' id='word_1_356' title='bbox 417 1680 456 1710; x_wconf 80' lang='grc' dir='ltr'><strong>εἰς</strong></span> <span class='ocrx_word' id='word_1_357' title='bbox 468 1679 502 1705; x_wconf 80' lang='grc' dir='ltr'>τὰ</span> <span class='ocrx_word' id='word_1_358' title='bbox 517 1678 639 1714; x_wconf 80' lang='grc' dir='ltr'>πρόϐατα</span> <span class='ocrx_word' id='word_1_359' title='bbox 652 1677 685 1704; x_wconf 75' lang='grc' dir='ltr'>τὰ</span> <span class='ocrx_word' id='word_1_360' title='bbox 698 1677 854 1704; x_wconf 74' lang='grc' dir='ltr'>ἀπολωλότα</span> 
     </span>
    </p>
   </div>
   <div class='ocr_carea' id='block_1_51' title="bbox 75 1722 854 1759">
    <p class='ocr_par' dir='ltr' id='par_1_51' title="bbox 75 1722 854 1759">
     <span class='ocr_line' id='line_1_51' title="bbox 75 1722 854 1759; baseline -0.001 -10"><span class='ocrx_word' id='word_1_361' title='bbox 75 1723 140 1750; x_wconf 74' lang='grc' dir='ltr'>οἴκου</span> <span class='ocrx_word' id='word_1_362' title='bbox 165 1724 282 1759; x_wconf 85' lang='grc' dir='ltr'>Ἰσραήλ.</span> <span class='ocrx_word' id='word_1_363' title='bbox 308 1734 317 1749; x_wconf 73' lang='grc' dir='ltr'>ι</span> <span class='ocrx_word' id='word_1_364' title='bbox 345 1724 414 1751; x_wconf 84' lang='grc' dir='ltr'>Ἀλλ’</span> <span class='ocrx_word' id='word_1_365' title='bbox 438 1725 552 1755; x_wconf 76' lang='grc' dir='ltr'>ἐκείνοις</span> <span class='ocrx_word' id='word_1_366' title='bbox 585 1724 632 1759; x_wconf 81' lang='grc' dir='ltr'>μὲν</span> <span class='ocrx_word' id='word_1_367' title='bbox 658 1724 705 1750; x_wconf 72' lang='grc' dir='ltr'>καὶ</span> <span class='ocrx_word' id='word_1_368' title='bbox 737 1722 854 1758; x_wconf 80' lang='grc' dir='ltr'>πρώτοις</span> 
     </span>
    </p>
   </div>
   <div class='ocr_carea' id='block_1_52' title="bbox 76 1769 854 1805">
    <p class='ocr_par' dir='ltr' id='par_1_52' title="bbox 76 1769 854 1805">
     <span class='ocr_line' id='line_1_52' title="bbox 76 1769 854 1805; baseline 0 -11"><span class='ocrx_word' id='word_1_369' title='bbox 76 1769 137 1795; x_wconf 69' lang='grc' dir='ltr'>θεῖόν</span> <span class='ocrx_word' id='word_1_370' title='bbox 163 1778 190 1795; x_wconf 85' lang='grc' dir='ltr'><strong>τε</strong></span> <span class='ocrx_word' id='word_1_371' title='bbox 211 1770 259 1796; x_wconf 69' lang='grc' dir='ltr'><strong>καὶ</strong></span> <span class='ocrx_word' id='word_1_372' title='bbox 286 1769 461 1804; x_wconf 81' lang='grc' dir='ltr'>εὐαγγελικδν</span> <span class='ocrx_word' id='word_1_373' title='bbox 483 1769 636 1805; x_wconf 64' lang='grc' dir='ltr'>ὲνήστραψε</span> <span class='ocrx_word' id='word_1_374' title='bbox 659 1769 727 1803; x_wconf 84' lang='grc' dir='ltr'>φῶς.</span> <span class='ocrx_word' id='word_1_375' title='bbox 746 1769 854 1804; x_wconf 78' lang='grc' dir='ltr'>Ἐπειδὴ</span> 
     </span>
    </p>
   </div>
   <div class='ocr_carea' id='block_1_53' title="bbox 76 1814 854 1850">
    <p class='ocr_par' dir='ltr' id='par_1_53' title="bbox 76 1814 854 1850">
     <span class='ocr_line' id='line_1_53' title="bbox 76 1814 854 1850; baseline 0 -10"><span class='ocrx_word' id='word_1_376' title='bbox 76 1814 110 1847; x_wconf 74' lang='grc' dir='ltr'>δὲ,</span> <span class='ocrx_word' id='word_1_377' title='bbox 132 1815 198 1841; x_wconf 75' lang='grc' dir='ltr'>καθὰ</span> <span class='ocrx_word' id='word_1_378' title='bbox 217 1815 384 1850; x_wconf 80' lang='grc' dir='ltr'>γέγραπται,</span> <span class='ocrx_word' id='word_1_379' title='bbox 405 1815 548 1850; x_wconf 79' lang='grc' dir='ltr'>ἐλιπάνθη,</span> <span class='ocrx_word' id='word_1_380' title='bbox 575 1815 622 1842; x_wconf 70' lang='grc' dir='ltr'>καὶ</span> <span class='ocrx_word' id='word_1_381' title='bbox 643 1814 791 1850; x_wconf 75' lang='grc' dir='ltr'>ἐπαχύνθη,</span> <span class='ocrx_word' id='word_1_382' title='bbox 807 1815 854 1841; x_wconf 76' lang='grc' dir='ltr'><strong>καὶ</strong></span> 
     </span>
    </p>
   </div>
   <div class='ocr_carea' id='block_1_54' title="bbox 78 1859 855 1896">
    <p class='ocr_par' dir='ltr' id='par_1_54' title="bbox 78 1859 855 1896">
     <span class='ocr_line' id='line_1_54' title="bbox 78 1859 855 1896; baseline 0 -11"><span class='ocrx_word' id='word_1_383' title='bbox 78 1859 245 1886; x_wconf 74' lang='grc' dir='ltr'>ἀπελάκτισεν</span> <span class='ocrx_word' id='word_1_384' title='bbox 262 1861 275 1886; x_wconf 86' lang='lat'><strong>6</strong></span> <span class='ocrx_word' id='word_1_385' title='bbox 289 1860 468 1896; x_wconf 76' lang='grc' dir='ltr'>ἠγαπημένος</span> <span class='ocrx_word' id='word_1_386' title='bbox 485 1860 593 1895; x_wconf 84' lang='grc' dir='ltr'>Ἰσραήλ</span> <span class='ocrx_word' id='word_1_387' title='bbox 610 1860 784 1895; x_wconf 82' lang='grc' dir='ltr'>(ἀπεκτόνασι</span> <span class='ocrx_word' id='word_1_388' title='bbox 801 1859 855 1894; x_wconf 78' lang='grc' dir='ltr'>γὰρ</span> 
     </span>
    </p>
   </div>
   <div class='ocr_carea' id='block_1_55' title="bbox 76 1905 854 1942">
    <p class='ocr_par' dir='ltr' id='par_1_55' title="bbox 76 1905 854 1942">
     <span class='ocr_line' id='line_1_55' title="bbox 76 1905 854 1942; baseline -0.001 -11"><span class='ocrx_word' id='word_1_389' title='bbox 76 1905 115 1932; x_wconf 77' lang='grc' dir='ltr'>τὸν</span> <span class='ocrx_word' id='word_1_390' title='bbox 127 1906 241 1942; x_wconf 80' lang='grc' dir='ltr'>ἀρχηγὸν</span> <span class='ocrx_word' id='word_1_391' title='bbox 259 1906 310 1941; x_wconf 87' lang='grc' dir='ltr'>τῆς</span> <span class='ocrx_word' id='word_1_392' title='bbox 323 1906 405 1942; x_wconf 82' lang='grc' dir='ltr'><strong>ζωῆς)</strong></span> <span class='ocrx_word' id='word_1_393' title='bbox 417 1915 424 1921; x_wconf 91' lang='grc'>·</span> <span class='ocrx_word' id='word_1_394' title='bbox 440 1906 567 1942; x_wconf 76' lang='grc' dir='ltr'>ταύτῃτοι</span> <span class='ocrx_word' id='word_1_395' title='bbox 591 1907 637 1932; x_wconf 76' lang='grc' dir='ltr'><strong>καὶ</strong></span> <span class='ocrx_word' id='word_1_396' title='bbox 652 1906 723 1940; x_wconf 88' lang='grc' dir='ltr'>μάλα</span> <span class='ocrx_word' id='word_1_397' title='bbox 743 1906 854 1936; x_wconf 82' lang='grc' dir='ltr'>είκότως</span> 
     </span>
    </p>
   </div>
   <div class='ocr_carea' id='block_1_56' title="bbox 77 1951 855 1988">
    <p class='ocr_par' dir='ltr' id='par_1_56' title="bbox 77 1951 855 1988">
     <span class='ocr_line' id='line_1_56' title="bbox 77 1951 855 1988; baseline 0.001 -11"><span class='ocrx_word' id='word_1_398' title='bbox 77 1952 127 1982; x_wconf 83' lang='grc' dir='ltr'>ταῖς</span> <span class='ocrx_word' id='word_1_399' title='bbox 146 1951 226 1978; x_wconf 80' lang='grc' dir='ltr'>ὲθνῶν</span> <span class='ocrx_word' id='word_1_400' title='bbox 243 1952 355 1986; x_wconf 83' lang='grc' dir='ltr'><strong>ἀγέλαις</strong></span> <span class='ocrx_word' id='word_1_401' title='bbox 376 1952 532 1987; x_wconf 66' lang='grc' dir='ltr'>ἐπέλαμψεν</span> <span class='ocrx_word' id='word_1_402' title='bbox 556 1953 570 1978; x_wconf 82' lang='grc' dir='ltr'>ὁ</span> <span class='ocrx_word' id='word_1_403' title='bbox 586 1951 712 1988; x_wconf 77' lang='grc' dir='ltr'>Χριστὸς,</span> <span class='ocrx_word' id='word_1_404' title='bbox 726 1952 772 1978; x_wconf 75' lang='grc' dir='ltr'><strong>καὶ</strong></span> <span class='ocrx_word' id='word_1_405' title='bbox 790 1952 855 1978; x_wconf 67' lang='grc' dir='ltr'>αὐτὸ</span> 
     </span>
    </p>
   </div>
   <div class='ocr_carea' id='block_1_57' title="bbox 76 1995 854 2033">
    <p class='ocr_par' dir='ltr' id='par_1_57' title="bbox 76 1995 854 2033">
     <span class='ocr_line' id='line_1_57' title="bbox 76 1995 854 2033; baseline 0.001 -11"><span class='ocrx_word' id='word_1_406' title='bbox 76 1995 104 2031; x_wconf 78' lang='grc' dir='ltr'>δὴ</span> <span class='ocrx_word' id='word_1_407' title='bbox 114 1997 183 2023; x_wconf 77' lang='grc' dir='ltr'>τουτὶ</span> <span class='ocrx_word' id='word_1_408' title='bbox 191 1999 250 2029; x_wconf 86' lang='grc' dir='ltr'>ταῖς</span> <span class='ocrx_word' id='word_1_409' title='bbox 264 1998 320 2025; x_wconf 84' lang='grc' dir='ltr'><strong>τῶν</strong></span> <span class='ocrx_word' id='word_1_410' title='bbox 332 1999 519 2033; x_wconf 79' lang='grc' dir='ltr'>προκειμένων</span> <span class='ocrx_word' id='word_1_411' title='bbox 534 1998 660 2033; x_wconf 77' lang='grc' dir='ltr'>θεωρίαις</span> <span class='ocrx_word' id='word_1_412' title='bbox 673 1998 731 2024; x_wconf 81' lang='grc' dir='ltr'>ἐνὸν</span> <span class='ocrx_word' id='word_1_413' title='bbox 744 1998 854 2033; x_wconf 80' lang='grc' dir='ltr'>εὑρήσο-</span> 
     </span>
    </p>
   </div>
   <div class='ocr_carea' id='block_1_58' title="bbox 78 2042 855 2077">
    <p class='ocr_par' dir='ltr' id='par_1_58' title="bbox 78 2042 855 2077">
     <span class='ocr_line' id='line_1_58' title="bbox 78 2042 855 2077; baseline 0.003 -11"><span class='ocrx_word' id='word_1_414' title='bbox 78 2049 130 2074; x_wconf 86' lang='grc' dir='ltr'>μεν.</span> <span class='ocrx_word' id='word_1_415' title='bbox 149 2042 288 2077; x_wconf 71' lang='grc' dir='ltr'>ὐινομάζει</span> <span class='ocrx_word' id='word_1_416' title='bbox 312 2042 339 2069; x_wconf 76' lang='grc' dir='ltr'>δὲ</span> <span class='ocrx_word' id='word_1_417' title='bbox 361 2042 413 2068; x_wconf 84' lang='grc' dir='ltr'><strong>τῶν</strong></span> <span class='ocrx_word' id='word_1_418' title='bbox 438 2042 521 2068; x_wconf 79' lang='grc' dir='ltr'>ἐθνῶν</span> <span class='ocrx_word' id='word_1_419' title='bbox 544 2043 578 2068; x_wconf 81' lang='grc' dir='ltr'>τὰ</span> <span class='ocrx_word' id='word_1_420' title='bbox 604 2042 712 2068; x_wconf 76' lang='grc' dir='ltr'>πάντων</span> <span class='ocrx_word' id='word_1_421' title='bbox 738 2042 855 2077; x_wconf 83' lang='grc' dir='ltr'>μάλιστα</span> 
     </span>
    </p>
   </div>
   <div class='ocr_carea' id='block_1_59' title="bbox 76 2080 855 2123">
    <p class='ocr_par' dir='ltr' id='par_1_59' title="bbox 76 2080 855 2123">
     <span class='ocr_line' id='line_1_59' title="bbox 76 2080 855 2123; baseline 0.005 -13"><span class='ocrx_word' id='word_1_422' title='bbox 76 2080 339 2122; x_wconf 70' lang='grc' dir='ltr'>δεισιδαιμονέστατα,</span> <span class='ocrx_word' id='word_1_423' title='bbox 352 2087 395 2114; x_wconf 78' lang='grc' dir='ltr'><strong>ἵνα</strong></span> <span class='ocrx_word' id='word_1_424' title='bbox 410 2088 456 2113; x_wconf 81' lang='grc' dir='ltr'><strong>καὶ</strong></span> <span class='ocrx_word' id='word_1_425' title='bbox 471 2089 487 2123; x_wconf 84' lang='grc' dir='ltr'>ἡ</span> <span class='ocrx_word' id='word_1_426' title='bbox 503 2087 549 2113; x_wconf 91' lang='grc' dir='ltr'><strong>τοῦ</strong></span> <span class='ocrx_word' id='word_1_427' title='bbox 562 2086 706 2118; x_wconf 82' lang='grc' dir='ltr'>καλοῦντος</span> <span class='ocrx_word' id='word_1_428' title='bbox 720 2088 759 2119; x_wconf 83' lang='grc' dir='ltr'><strong>είς</strong></span> <span class='ocrx_word' id='word_1_429' title='bbox 774 2087 855 2122; x_wconf 76' lang='grc' dir='ltr'>μετά-</span> 
     </span>
    </p>
   </div>
   <div class='ocr_carea' id='block_1_60' title="bbox 77 2133 854 2169">
    <p class='ocr_par' dir='ltr' id='par_1_60' title="bbox 77 2133 854 2169">
     <span class='ocr_line' id='line_1_60' title="bbox 77 2133 854 2169; baseline 0 -11"><span class='ocrx_word' id='word_1_430' title='bbox 77 2139 164 2164; x_wconf 81' lang='grc' dir='ltr'>γνωσιν</span> <span class='ocrx_word' id='word_1_431' title='bbox 191 2133 364 2169; x_wconf 80' lang='grc' dir='ltr'>θαυμάζηται</span> <span class='ocrx_word' id='word_1_432' title='bbox 393 2133 517 2168; x_wconf 78' lang='grc' dir='ltr'>δύναμις.</span> <span class='ocrx_word' id='word_1_433' title='bbox 536 2133 640 2168; x_wconf 82' lang='grc' dir='ltr'>Ὠσπερ</span> <span class='ocrx_word' id='word_1_434' title='bbox 667 2133 720 2168; x_wconf 86' lang='grc' dir='ltr'>γὰρ</span> <span class='ocrx_word' id='word_1_435' title='bbox 743 2133 775 2168; x_wconf 84' lang='grc' dir='ltr'>δὴ</span> <span class='ocrx_word' id='word_1_436' title='bbox 794 2133 854 2159; x_wconf 75' lang='grc' dir='ltr'>τότε</span> 
     </span>
    </p>
   </div>
   <div class='ocr_carea' id='block_1_61' title="bbox 78 2177 855 2215">
    <p class='ocr_par' dir='ltr' id='par_1_61' title="bbox 78 2177 855 2215">
     <span class='ocr_line' id='line_1_61' title="bbox 78 2177 855 2215; baseline 0.001 -11"><span class='ocrx_word' id='word_1_437' title='bbox 78 2177 183 2211; x_wconf 75' lang='grc' dir='ltr'>μάλιστα</span> <span class='ocrx_word' id='word_1_438' title='bbox 207 2179 261 2206; x_wconf 87' lang='grc' dir='ltr'>τῶν</span> <span class='ocrx_word' id='word_1_439' title='bbox 292 2179 425 2215; x_wconf 82' lang='grc' dir='ltr'>ἰατρεύειν</span> <span class='ocrx_word' id='word_1_440' title='bbox 450 2179 558 2206; x_wconf 79' lang='grc' dir='ltr'>εἰδότων</span> <span class='ocrx_word' id='word_1_441' title='bbox 581 2180 731 2206; x_wconf 77' lang='grc' dir='ltr'>ἐπαινεῖται</span> <span class='ocrx_word' id='word_1_442' title='bbox 756 2179 786 2205; x_wconf 87' lang='grc' dir='ltr'><strong>τὸ</strong></span> <span class='ocrx_word' id='word_1_443' title='bbox 809 2179 855 2205; x_wconf 84' lang='grc' dir='ltr'><strong>εὐ-</strong></span> 
     </span>
    </p>
   </div>
   <div class='ocr_carea' id='block_1_62' title="bbox 77 2223 893 2270">
    <p class='ocr_par' dir='ltr' id='par_1_62' title="bbox 77 2223 893 2270">
     <span class='ocr_line' id='line_1_62' title="bbox 77 2223 893 2270; baseline 0.006 -23"><span class='ocrx_word' id='word_1_444' title='bbox 77 2223 168 2257; x_wconf 74' lang='grc' dir='ltr'>τεχνὲς,</span> <span class='ocrx_word' id='word_1_445' title='bbox 185 2224 247 2251; x_wconf 83' lang='grc' dir='ltr'>’όταν</span> <span class='ocrx_word' id='word_1_446' title='bbox 270 2225 345 2256; x_wconf 80' lang='grc' dir='ltr'>τινὰς</span> <span class='ocrx_word' id='word_1_447' title='bbox 365 2224 399 2251; x_wconf 79' lang='grc' dir='ltr'>τὰ</span> <span class='ocrx_word' id='word_1_448' title='bbox 422 2225 621 2260; x_wconf 81' lang='grc' dir='ltr'>ἀπεγνωσμένα</span> <span class='ocrx_word' id='word_1_449' title='bbox 637 2224 780 2256; x_wconf 82' lang='grc' dir='ltr'>νοσοῦντας</span> <span class='ocrx_word' id='word_1_450' title='bbox 801 2224 855 2252; x_wconf 83' lang='grc' dir='ltr'><strong>τῶν</strong></span> <span class='ocrx_word' id='word_1_451' title='bbox 871 2243 893 2270; x_wconf 75' lang='lat' dir='ltr'><strong>D</strong></span> 
     </span>
    </p>
   </div>
   <div class='ocr_carea' id='block_1_63' title="bbox 79 2268 855 2305">
    <p class='ocr_par' dir='ltr' id='par_1_63' title="bbox 79 2268 855 2305">
     <span class='ocr_line' id='line_1_63' title="bbox 79 2268 855 2305; baseline 0.005 -12"><span class='ocrx_word' id='word_1_452' title='bbox 79 2268 160 2295; x_wconf 79' lang='grc' dir='ltr'>παθῶν</span> <span class='ocrx_word' id='word_1_453' title='bbox 177 2270 358 2297; x_wconf 82' lang='grc' dir='ltr'>ἀπαλλάττειν</span> <span class='ocrx_word' id='word_1_454' title='bbox 380 2271 510 2297; x_wconf 83' lang='grc' dir='ltr'>δύνωνται</span> <span class='ocrx_word' id='word_1_455' title='bbox 531 2272 591 2302; x_wconf 82' lang='grc' dir='ltr'>ταῖς</span> <span class='ocrx_word' id='word_1_456' title='bbox 615 2271 689 2304; x_wconf 59' lang='grc' dir='ltr'>σφῶν</span> <span class='ocrx_word' id='word_1_457' title='bbox 702 2270 792 2297; x_wconf 71' lang='grc' dir='ltr'>αὐτῶν</span> <span class='ocrx_word' id='word_1_458' title='bbox 806 2270 855 2305; x_wconf 83' lang='grc' dir='ltr'>ἐμ-</span> 
     </span>
    </p>
   </div>
   <div class='ocr_carea' id='block_1_64' title="bbox 78 2314 855 2352">
    <p class='ocr_par' dir='ltr' id='par_1_64' title="bbox 78 2314 855 2352">
     <span class='ocr_line' id='line_1_64' title="bbox 78 2314 855 2352; baseline 0.005 -13"><span class='ocrx_word' id='word_1_459' title='bbox 78 2314 183 2349; x_wconf 81' lang='grc' dir='ltr'>πειρίαις</span> <span class='ocrx_word' id='word_1_460' title='bbox 195 2316 240 2342; x_wconf 75' lang='grc' dir='ltr'>ἐπὶ</span> <span class='ocrx_word' id='word_1_461' title='bbox 252 2315 348 2352; x_wconf 87' lang='grc' dir='ltr'>καιροῦ</span> <span class='ocrx_word' id='word_1_462' title='bbox 357 2316 502 2352; x_wconf 87' lang='grc' dir='ltr'>χρώμενοι·</span> <span class='ocrx_word' id='word_1_463' title='bbox 512 2316 582 2342; x_wconf 72' lang='grc' dir='ltr'>οὕτω</span> <span class='ocrx_word' id='word_1_464' title='bbox 590 2316 637 2342; x_wconf 65' lang='grc' dir='ltr'><strong>κα)¹</strong></span> <span class='ocrx_word' id='word_1_465' title='bbox 649 2317 663 2342; x_wconf 90' lang='lat'><strong>6</strong></span> <span class='ocrx_word' id='word_1_466' title='bbox 675 2316 751 2348; x_wconf 80' lang='grc' dir='ltr'>Θεὸς,</span> <span class='ocrx_word' id='word_1_467' title='bbox 767 2317 855 2351; x_wconf 76' lang='grc' dir='ltr'>ἐμφα-</span> 
     </span>
    </p>
   </div>
   <div class='ocr_carea' id='block_1_65' title="bbox 77 2359 854 2397">
    <p class='ocr_par' dir='ltr' id='par_1_65' title="bbox 77 2359 854 2397">
     <span class='ocr_line' id='line_1_65' title="bbox 77 2359 854 2397; baseline 0.006 -14"><span class='ocrx_word' id='word_1_468' title='bbox 77 2359 193 2395; x_wconf 82' lang='grc' dir='ltr'>νεστέραν</span> <span class='ocrx_word' id='word_1_469' title='bbox 210 2361 305 2388; x_wconf 73' lang='grc' dir='ltr'>ἑαυτοῦ</span> <span class='ocrx_word' id='word_1_470' title='bbox 322 2362 370 2397; x_wconf 84' lang='grc' dir='ltr'>τὴν</span> <span class='ocrx_word' id='word_1_471' title='bbox 388 2362 516 2397; x_wconf 82' lang='grc' dir='ltr'>ὑπερφυᾶ</span> <span class='ocrx_word' id='word_1_472' title='bbox 531 2362 675 2397; x_wconf 81' lang='grc' dir='ltr'>καθίστησι</span> <span class='ocrx_word' id='word_1_473' title='bbox 686 2362 773 2395; x_wconf 78' lang='grc' dir='ltr'>δόξαν,</span> <span class='ocrx_word' id='word_1_474' title='bbox 791 2363 854 2389; x_wconf 83' lang='grc' dir='ltr'>ὅταν</span> 
     </span>
    </p>
   </div>
   <div class='ocr_carea' id='block_1_66' title="bbox 78 2404 854 2442">
    <p class='ocr_par' dir='ltr' id='par_1_66' title="bbox 78 2404 854 2442">
     <span class='ocr_line' id='line_1_66' title="bbox 78 2404 854 2442; baseline 0.005 -12"><span class='ocrx_word' id='word_1_475' title='bbox 78 2404 143 2436; x_wconf 85' lang='grc' dir='ltr'>τινὰς</span> <span class='ocrx_word' id='word_1_476' title='bbox 157 2406 208 2433; x_wconf 84' lang='grc' dir='ltr'><strong>τῶν</strong></span> <span class='ocrx_word' id='word_1_477' title='bbox 223 2407 292 2442; x_wconf 74' lang='grc' dir='ltr'>ἄγαν</span> <span class='ocrx_word' id='word_1_478' title='bbox 305 2407 515 2440; x_wconf 82' lang='grc' dir='ltr'>ἐκκεκλικότων,</span> <span class='ocrx_word' id='word_1_479' title='bbox 532 2408 578 2434; x_wconf 69' lang='grc' dir='ltr'>καὶ</span> <span class='ocrx_word' id='word_1_480' title='bbox 595 2408 634 2440; x_wconf 85' lang='grc' dir='ltr'><strong>είς</strong></span> <span class='ocrx_word' id='word_1_481' title='bbox 649 2408 729 2434; x_wconf 81' lang='grc' dir='ltr'>αὐτόν</span> <span class='ocrx_word' id='word_1_482' title='bbox 743 2417 794 2434; x_wconf 88' lang='grc' dir='ltr'><strong>που</strong></span> <span class='ocrx_word' id='word_1_483' title='bbox 809 2408 854 2434; x_wconf 82' lang='grc' dir='ltr'><strong>τὸν</strong></span> 
     </span>
    </p>
   </div>
   <div class='ocr_carea' id='block_1_67' title="bbox 78 2450 853 2487">
    <p class='ocr_par' dir='ltr' id='par_1_67' title="bbox 78 2450 853 2487">
     <span class='ocr_line' id='line_1_67' title="bbox 78 2450 853 2487; baseline 0.006 -13"><span class='ocrx_word' id='word_1_484' title='bbox 78 2450 213 2477; x_wconf 80' lang='grc' dir='ltr'>κατωτάτω</span> <span class='ocrx_word' id='word_1_485' title='bbox 228 2451 354 2487; x_wconf 85' lang='grc' dir='ltr'>πυθμένα</span> <span class='ocrx_word' id='word_1_486' title='bbox 366 2452 536 2487; x_wconf 85' lang='grc' dir='ltr'>φαυλότητός</span> <span class='ocrx_word' id='word_1_487' title='bbox 549 2461 577 2478; x_wconf 86' lang='grc' dir='ltr'><strong>τε</strong></span> <span class='ocrx_word' id='word_1_488' title='bbox 594 2453 640 2479; x_wconf 79' lang='grc' dir='ltr'><strong>καί</strong></span> <span class='ocrx_word' id='word_1_489' title='bbox 655 2452 780 2484; x_wconf 79' lang='grc' dir='ltr'>ἀσεϐείας</span> <span class='ocrx_word' id='word_1_490' title='bbox 791 2461 853 2479; x_wconf 76' lang='grc' dir='ltr'>κατ-</span> 
     </span>
    </p>
   </div>
   <div class='ocr_carea' id='block_1_68' title="bbox 78 2497 853 2534">
    <p class='ocr_par' dir='ltr' id='par_1_68' title="bbox 78 2497 853 2534">
     <span class='ocr_line' id='line_1_68' title="bbox 78 2497 853 2534; baseline 0.004 -14"><span class='ocrx_word' id='word_1_491' title='bbox 78 2497 261 2531; x_wconf 79' lang='grc' dir='ltr'>ενηνεγμένων,</span> <span class='ocrx_word' id='word_1_492' title='bbox 272 2499 454 2534; x_wconf 80' lang='grc' dir='ltr'>ἁνανήχεσθαί</span> <span class='ocrx_word' id='word_1_493' title='bbox 465 2507 494 2525; x_wconf 83' lang='grc' dir='ltr'><strong>τε</strong></span> <span class='ocrx_word' id='word_1_494' title='bbox 505 2498 552 2524; x_wconf 72' lang='grc' dir='ltr'><strong>καὶ</strong></span> <span class='ocrx_word' id='word_1_495' title='bbox 562 2498 708 2533; x_wconf 80' lang='grc' dir='ltr'>ἁναφοιτᾷν</span> <span class='ocrx_word' id='word_1_496' title='bbox 720 2498 853 2534; x_wconf 81' lang='grc' dir='ltr'>ἀναπείσῃ</span> 
     </span>
    </p>
   </div>
   <div class='ocr_carea' id='block_1_69' title="bbox 79 2540 852 2579">
    <p class='ocr_par' dir='ltr' id='par_1_69' title="bbox 79 2540 852 2579">
     <span class='ocr_line' id='line_1_69' title="bbox 79 2540 852 2579; baseline 0 -11"><span class='ocrx_word' id='word_1_497' title='bbox 79 2540 138 2574; x_wconf 72' lang='grc' dir='ltr'>πρὸς</span> <span class='ocrx_word' id='word_1_498' title='bbox 147 2541 235 2576; x_wconf 82' lang='grc' dir='ltr'>ἔφεσιν</span> <span class='ocrx_word' id='word_1_499' title='bbox 248 2543 359 2579; x_wconf 82' lang='grc' dir='ltr'>ἀρετῆς,</span> <span class='ocrx_word' id='word_1_500' title='bbox 373 2544 419 2570; x_wconf 70' lang='grc' dir='ltr'>καὶ</span> <span class='ocrx_word' id='word_1_501' title='bbox 431 2544 471 2575; x_wconf 79' lang='grc' dir='ltr'>εἰς</span> <span class='ocrx_word' id='word_1_502' title='bbox 482 2543 627 2579; x_wconf 69' lang='grc' dir='ltr'>ἁπότριψιν</span> <span class='ocrx_word' id='word_1_503' title='bbox 636 2542 683 2569; x_wconf 88' lang='grc' dir='ltr'><strong>τοῦ</strong></span> <span class='ocrx_word' id='word_1_504' title='bbox 696 2543 790 2575; x_wconf 79' lang='grc' dir='ltr'>κακοῦ,</span> <span class='ocrx_word' id='word_1_505' title='bbox 805 2543 852 2569; x_wconf 75' lang='grc' dir='ltr'>καὶ</span> 
     </span>
    </p>
   </div>
   <div class='ocr_carea' id='block_1_70' title="bbox 79 2583 854 2625">
    <p class='ocr_par' dir='ltr' id='par_1_70' title="bbox 79 2583 854 2625">
     <span class='ocr_line' id='line_1_70' title="bbox 79 2583 854 2625; baseline 0.005 -14"><span class='ocrx_word' id='word_1_506' title='bbox 79 2583 127 2612; x_wconf 74' lang='grc' dir='ltr'>οἷον</span> <span class='ocrx_word' id='word_1_507' title='bbox 141 2588 178 2619; x_wconf 82' lang='grc' dir='ltr'><strong>είς</strong></span> <span class='ocrx_word' id='word_1_508' title='bbox 190 2587 321 2623; x_wconf 83' lang='grc' dir='ltr'>ἀμφίεσιν</span> <span class='ocrx_word' id='word_1_509' title='bbox 336 2590 391 2616; x_wconf 83' lang='grc' dir='ltr'><strong>τῶν</strong></span> <span class='ocrx_word' id='word_1_510' title='bbox 406 2590 623 2625; x_wconf 82' lang='grc' dir='ltr'>ἐπαινουμένων.</span> <span class='ocrx_word' id='word_1_511' title='bbox 639 2589 782 2623; x_wconf 78' lang='grc' dir='ltr'>Αἰγύπτιοι</span> <span class='ocrx_word' id='word_1_512' title='bbox 797 2589 854 2616; x_wconf 84' lang='grc' dir='ltr'>τοί-</span> 
     </span>
    </p>
   </div>
   <div class='ocr_carea' id='block_1_71' title="bbox 81 2634 852 2671">
    <p class='ocr_par' dir='ltr' id='par_1_71' title="bbox 81 2634 852 2671">
     <span class='ocr_line' id='line_1_71' title="bbox 81 2634 852 2671; baseline 0.004 -12"><span class='ocrx_word' id='word_1_513' title='bbox 81 2640 128 2664; x_wconf 82' lang='grc' dir='ltr'>νυν,</span> <span class='ocrx_word' id='word_1_514' title='bbox 141 2634 184 2660; x_wconf 69' lang='grc' dir='ltr'><strong>καὶ</strong></span> <span class='ocrx_word' id='word_1_515' title='bbox 197 2635 230 2661; x_wconf 87' lang='grc' dir='ltr'>τὰ</span> <span class='ocrx_word' id='word_1_516' title='bbox 243 2635 297 2662; x_wconf 86' lang='grc' dir='ltr'>τῶν</span> <span class='ocrx_word' id='word_1_517' title='bbox 315 2635 451 2662; x_wconf 72' lang='grc' dir='ltr'>Αἰθιόπων</span> <span class='ocrx_word' id='word_1_518' title='bbox 469 2637 613 2671; x_wconf 81' lang='grc' dir='ltr'>ὲμπορεῖα,</span> <span class='ocrx_word' id='word_1_519' title='bbox 632 2635 704 2662; x_wconf 85' lang='grc' dir='ltr'>τοῦτ’</span> <span class='ocrx_word' id='word_1_520' title='bbox 723 2636 806 2668; x_wconf 71' lang='grc' dir='ltr'>ἔστιν,</span> <span class='ocrx_word' id='word_1_521' title='bbox 823 2637 852 2662; x_wconf 75' lang='grc' dir='ltr'>αἱ</span> 
     </span>
    </p>
   </div>
   <div class='ocr_carea' id='block_1_72' title="bbox 81 2676 851 2718">
    <p class='ocr_par' dir='ltr' id='par_1_72' title="bbox 81 2676 851 2718">
     <span class='ocr_line' id='line_1_72' title="bbox 81 2676 851 2718; baseline 0.008 -15"><span class='ocrx_word' id='word_1_522' title='bbox 81 2676 192 2713; x_wconf 74' lang='grc' dir='ltr'>Θηϐαίων</span> <span class='ocrx_word' id='word_1_523' title='bbox 201 2682 298 2715; x_wconf 85' lang='grc' dir='ltr'>πόλεις,</span> <span class='ocrx_word' id='word_1_524' title='bbox 309 2679 353 2714; x_wconf 76' lang='grc' dir='ltr'>αἶς</span> <span class='ocrx_word' id='word_1_525' title='bbox 364 2683 416 2708; x_wconf 79' lang='grc' dir='ltr'>εἰσι</span> <span class='ocrx_word' id='word_1_526' title='bbox 432 2682 572 2717; x_wconf 85' lang='grc' dir='ltr'>πρόσοικοί</span> <span class='ocrx_word' id='word_1_527' title='bbox 580 2691 609 2708; x_wconf 88' lang='grc' dir='ltr'><strong>τε</strong></span> <span class='ocrx_word' id='word_1_528' title='bbox 624 2681 671 2708; x_wconf 68' lang='grc' dir='ltr'>καὶ</span> <span class='ocrx_word' id='word_1_529' title='bbox 686 2682 851 2718; x_wconf 79' lang='grc' dir='ltr'>ἀγχιτέρμο-</span> 
     </span>
    </p>
   </div>
   <div class='ocr_carea' id='block_1_73' title="bbox 82 2725 852 2763">
    <p class='ocr_par' dir='ltr' id='par_1_73' title="bbox 82 2725 852 2763">
     <span class='ocr_line' id='line_1_73' title="bbox 82 2725 852 2763; baseline 0 -9"><span class='ocrx_word' id='word_1_530' title='bbox 82 2731 120 2754; x_wconf 82' lang='grc' dir='ltr'><strong>νες</strong></span> <span class='ocrx_word' id='word_1_531' title='bbox 135 2725 158 2750; x_wconf 86' lang='grc' dir='ltr'>οἱ</span> <span class='ocrx_word' id='word_1_532' title='bbox 169 2726 325 2762; x_wconf 81' lang='grc' dir='ltr'>καλούμενοι</span> <span class='ocrx_word' id='word_1_533' title='bbox 340 2727 458 2763; x_wconf 75' lang='grc' dir='ltr'>Σαϐαῒμ,</span> <span class='ocrx_word' id='word_1_534' title='bbox 471 2728 543 2754; x_wconf 79' lang='grc' dir='ltr'>τοῦτ’</span> <span class='ocrx_word' id='word_1_535' title='bbox 559 2728 626 2760; x_wconf 75' lang='grc' dir='ltr'>ἔστι,</span> <span class='ocrx_word' id='word_1_536' title='bbox 646 2727 678 2754; x_wconf 68' lang='grc' dir='ltr'>τὰ</span> <span class='ocrx_word' id='word_1_537' title='bbox 693 2728 746 2754; x_wconf 84' lang='grc' dir='ltr'>τῶν</span> <span class='ocrx_word' id='word_1_538' title='bbox 761 2728 852 2754; x_wconf 75' lang='grc' dir='ltr'>Αἰθιό-</span> 
     </span>
    </p>
   </div>
   <div class='ocr_carea' id='block_1_74' title="bbox 83 2772 852 2810">
    <p class='ocr_par' dir='ltr' id='par_1_74' title="bbox 83 2772 852 2810">
     <span class='ocr_line' id='line_1_74' title="bbox 83 2772 852 2810; baseline 0.004 -13"><span class='ocrx_word' id='word_1_539' title='bbox 83 2777 142 2803; x_wconf 86' lang='grc' dir='ltr'>πων,</span> <span class='ocrx_word' id='word_1_540' title='bbox 162 2772 241 2807; x_wconf 78' lang='grc' dir='ltr'>ήγουν</span> <span class='ocrx_word' id='word_1_541' title='bbox 257 2774 309 2801; x_wconf 81' lang='grc' dir='ltr'><strong>τῶν</strong></span> <span class='ocrx_word' id='word_1_542' title='bbox 329 2774 417 2800; x_wconf 79' lang='grc' dir='ltr'>Ἰνδῶν</span> <span class='ocrx_word' id='word_1_543' title='bbox 434 2774 497 2809; x_wconf 76' lang='grc' dir='ltr'>ἔθνη</span> <span class='ocrx_word' id='word_1_544' title='bbox 516 2774 596 2809; x_wconf 82' lang='grc' dir='ltr'>(τάχα</span> <span class='ocrx_word' id='word_1_545' title='bbox 618 2783 669 2800; x_wconf 80' lang='grc' dir='ltr'><strong>που</strong></span> <span class='ocrx_word' id='word_1_546' title='bbox 690 2774 739 2810; x_wconf 78' lang='grc' dir='ltr'>τὴν</span> <span class='ocrx_word' id='word_1_547' title='bbox 757 2774 852 2809; x_wconf 82' lang='grc' dir='ltr'>κλῆσιν</span> 
     </span>
    </p>
   </div>
   <div class='ocr_carea' id='block_1_75' title="bbox 113 2859 902 2896">
    <p class='ocr_par' dir='ltr' id='par_1_75' title="bbox 113 2859 902 2896">
     <span class='ocr_line' id='line_1_75' title="bbox 113 2859 902 2896; baseline 0 -7"><span class='ocrx_word' id='word_1_548' title='bbox 113 2859 235 2890; x_wconf 71' lang='grc' dir='ltr'>⁸⁸1Ρειτ.</span> <span class='ocrx_word' id='word_1_549' title='bbox 253 2862 323 2894; x_wconf 73' lang='lat'><strong>1,19.</strong></span> <span class='ocrx_word' id='word_1_550' title='bbox 361 2863 381 2878; x_wconf 85' lang='lat'><strong>&quot;</strong></span> <span class='ocrx_word' id='word_1_551' title='bbox 401 2862 495 2890; x_wconf 84' lang='lat' dir='ltr'><strong>Matth.</strong></span> <span class='ocrx_word' id='word_1_552' title='bbox 513 2870 538 2892; x_wconf 70' lang='grc' dir='ltr'><strong>κ,</strong></span> <span class='ocrx_word' id='word_1_553' title='bbox 553 2862 577 2889; x_wconf 82' lang='lat' dir='ltr'><strong>ﬁ.</strong></span> <span class='ocrx_word' id='word_1_554' title='bbox 618 2863 649 2878; x_wconf 78' lang='grc'><strong>³⁸·</strong></span> <span class='ocrx_word' id='word_1_555' title='bbox 667 2862 742 2889; x_wconf 74' lang='lat' dir='ltr'><strong>Deut.</strong></span> <span class='ocrx_word' id='word_1_556' title='bbox 758 2871 843 2896; x_wconf 75' lang='lat' dir='ltr'><strong>xxx”,</strong></span> <span class='ocrx_word' id='word_1_557' title='bbox 862 2862 902 2889; x_wconf 77' lang='grc'><strong>15.</strong></span> 
     </span>
    </p>
   </div>
   <div class='ocr_carea' id='block_1_76' title="bbox 227 2909 562 2939">
    <p class='ocr_par' dir='ltr' id='par_1_76' title="bbox 227 2909 562 2939">
     <span class='ocr_line' id='line_1_76' title="bbox 227 2909 562 2939; baseline 0.003 -1"><span class='ocrx_word' id='word_1_558' title='bbox 227 2909 359 2939; x_wconf 73' lang='lat' dir='ltr'><strong>PATROL.</strong></span> <span class='ocrx_word' id='word_1_559' title='bbox 386 2910 442 2939; x_wconf 71' lang='lat' dir='ltr'><strong>Gtt.</strong></span> <span class='ocrx_word' id='word_1_560' title='bbox 470 2909 562 2939; x_wconf 74' lang='lat' dir='ltr'><strong>LXX.</strong></span> 
     </span>
    </p>
   </div>
   <div class='ocr_carea' id='block_1_77' title="bbox 893 945 1693 989">
    <p class='ocr_par' dir='ltr' id='par_1_77' title="bbox 893 945 1693 989">
     <span class='ocr_line' id='line_1_77' title="bbox 893 945 1693 989; baseline 0 -16"><span class='ocrx_word' id='word_1_561' title='bbox 893 986 895 989; x_wconf 26' lang='grc' dir='ltr'><strong><em>ι</em></strong></span> <span class='ocrx_word' id='word_1_562' title='bbox 908 946 1048 973; x_wconf 77' lang='lat' dir='ltr'><strong>Laboravit</strong></span> <span class='ocrx_word' id='word_1_563' title='bbox 1063 945 1205 981; x_wconf 68' lang='lat' dir='ltr'><strong>ngyptus,</strong></span> <span class='ocrx_word' id='word_1_564' title='bbox 1216 951 1238 973; x_wconf 86' lang='lat' dir='ltr'><strong>et</strong></span> <span class='ocrx_word' id='word_1_565' title='bbox 1248 947 1387 981; x_wconf 79' lang='lat' dir='ltr'><strong>negotiatio</strong></span> <span class='ocrx_word' id='word_1_566' title='bbox 1399 945 1564 980; x_wconf 64' lang='lat' dir='ltr'><strong>{Et/tiopum,</strong></span> <span class='ocrx_word' id='word_1_567' title='bbox 1573 951 1596 973; x_wconf 84' lang='lat' dir='ltr'><strong>et</strong></span> <span class='ocrx_word' id='word_1_568' title='bbox 1609 947 1693 974; x_wconf 81' lang='lat' dir='ltr'><strong>Saba-</strong></span> 
     </span>
    </p>
   </div>
   <div class='ocr_carea' id='block_1_78' title="bbox 908 992 1693 1026">
    <p class='ocr_par' dir='ltr' id='par_1_78' title="bbox 908 992 1693 1026">
     <span class='ocr_line' id='line_1_78' title="bbox 908 992 1693 1026; baseline -0.004 -6"><span class='ocrx_word' id='word_1_569' title='bbox 908 994 943 1020; x_wconf 84' lang='lat' dir='ltr'><strong>im</strong></span> <span class='ocrx_word' id='word_1_570' title='bbox 959 993 1007 1020; x_wconf 83' lang='lat' dir='ltr'><strong>uiri</strong></span> <span class='ocrx_word' id='word_1_571' title='bbox 1019 992 1112 1019; x_wconf 72' lang='lat' dir='ltr'><strong>excelsi</strong></span> <span class='ocrx_word' id='word_1_572' title='bbox 1123 993 1156 1018; x_wconf 84' lang='lat' dir='ltr'><strong>ad</strong></span> <span class='ocrx_word' id='word_1_573' title='bbox 1174 997 1198 1019; x_wconf 88' lang='lat' dir='ltr'><strong>te</strong></span> <span class='ocrx_word' id='word_1_574' title='bbox 1218 993 1377 1025; x_wconf 80' lang='lat' dir='ltr'><strong>transibunt,</strong></span> <span class='ocrx_word' id='word_1_575' title='bbox 1390 998 1412 1019; x_wconf 82' lang='lat' dir='ltr'><strong>el</strong></span> <span class='ocrx_word' id='word_1_576' title='bbox 1424 993 1471 1019; x_wconf 79' lang='lat' dir='ltr'><strong>tibi</strong></span> <span class='ocrx_word' id='word_1_577' title='bbox 1489 993 1647 1026; x_wconf 73' lang='lat' dir='ltr'><strong>emutserri,</strong></span> <span class='ocrx_word' id='word_1_578' title='bbox 1668 997 1693 1019; x_wconf 80' lang='lat' dir='ltr'><strong>et</strong></span> 
     </span>
    </p>
   </div>
   <div class='ocr_carea' id='block_1_79' title="bbox 907 1038 1690 1073">
    <p class='ocr_par' dir='ltr' id='par_1_79' title="bbox 907 1038 1690 1073">
     <span class='ocr_line' id='line_1_79' title="bbox 907 1038 1690 1073; baseline -0.003 -7"><span class='ocrx_word' id='word_1_579' title='bbox 907 1044 963 1073; x_wconf 78' lang='lat' dir='ltr'><strong>post</strong></span> <span class='ocrx_word' id='word_1_580' title='bbox 985 1044 1009 1065; x_wconf 86' lang='lat' dir='ltr'><strong>le</strong></span> <span class='ocrx_word' id='word_1_581' title='bbox 1025 1042 1165 1073; x_wconf 75' lang='lat' dir='ltr'><strong>sequentur</strong></span> <span class='ocrx_word' id='word_1_582' title='bbox 1189 1038 1269 1065; x_wconf 84' lang='lat' dir='ltr'><strong>vincti</strong></span> <span class='ocrx_word' id='word_1_583' title='bbox 1295 1039 1453 1070; x_wconf 75' lang='lat' dir='ltr'><strong>manicis,et</strong></span> <span class='ocrx_word' id='word_1_584' title='bbox 1477 1038 1625 1065; x_wconf 84' lang='lat' dir='ltr'><strong>adorabunt</strong></span> <span class='ocrx_word' id='word_1_585' title='bbox 1656 1044 1690 1070; x_wconf 88' lang='lat' dir='ltr'><strong>te,</strong></span> 
     </span>
    </p>
   </div>
   <div class='ocr_carea' id='block_1_80' title="bbox 907 1083 1691 1118">
    <p class='ocr_par' dir='ltr' id='par_1_80' title="bbox 907 1083 1691 1118">
     <span class='ocr_line' id='line_1_80' title="bbox 907 1083 1691 1118; baseline -0.001 -7"><span class='ocrx_word' id='word_1_586' title='bbox 907 1089 931 1111; x_wconf 80' lang='lat' dir='ltr'><strong>et</strong></span> <span class='ocrx_word' id='word_1_587' title='bbox 949 1085 976 1111; x_wconf 87' lang='lat' dir='ltr'><strong>in</strong></span> <span class='ocrx_word' id='word_1_588' title='bbox 993 1089 1018 1110; x_wconf 85' lang='lat' dir='ltr'><strong>te</strong></span> <span class='ocrx_word' id='word_1_589' title='bbox 1035 1084 1156 1111; x_wconf 80' lang='lat' dir='ltr'><strong>orabunt.</strong></span> <span class='ocrx_word' id='word_1_590' title='bbox 1177 1083 1245 1116; x_wconf 82' lang='lat' dir='ltr'><strong>Quia</strong></span> <span class='ocrx_word' id='word_1_591' title='bbox 1269 1084 1294 1109; x_wconf 90' lang='lat' dir='ltr'><strong>in</strong></span> <span class='ocrx_word' id='word_1_592' title='bbox 1311 1089 1334 1110; x_wconf 84' lang='lat' dir='ltr'><strong>Ie</strong></span> <span class='ocrx_word' id='word_1_593' title='bbox 1357 1083 1426 1110; x_wconf 71' lang='lat' dir='ltr'><strong>Deus</strong></span> <span class='ocrx_word' id='word_1_594' title='bbox 1442 1088 1490 1116; x_wconf 70' lang='lat' dir='ltr'><strong>est,</strong></span> <span class='ocrx_word' id='word_1_595' title='bbox 1504 1089 1527 1110; x_wconf 83' lang='lat' dir='ltr'><strong>et</strong></span> <span class='ocrx_word' id='word_1_596' title='bbox 1548 1092 1598 1110; x_wconf 86' lang='lat' dir='ltr'><strong>non</strong></span> <span class='ocrx_word' id='word_1_597' title='bbox 1611 1084 1691 1118; x_wconf 76' lang='lat'><strong>613</strong></span> 
     </span>
    </p>
   </div>
   <div class='ocr_carea' id='block_1_81' title="bbox 907 1129 1692 1163">
    <p class='ocr_par' dir='ltr' id='par_1_81' title="bbox 907 1129 1692 1163">
     <span class='ocr_line' id='line_1_81' title="bbox 907 1129 1692 1163; baseline -0.001 -7"><span class='ocrx_word' id='word_1_598' title='bbox 907 1135 944 1156; x_wconf 74' lang='lat' dir='ltr'><strong>est</strong></span> <span class='ocrx_word' id='word_1_599' title='bbox 970 1130 1039 1156; x_wconf 74' lang='lat' dir='ltr'><strong>Deus</strong></span> <span class='ocrx_word' id='word_1_600' title='bbox 1059 1134 1154 1163; x_wconf 75' lang='lat' dir='ltr'><strong>prwter</strong></span> <span class='ocrx_word' id='word_1_601' title='bbox 1176 1134 1209 1156; x_wconf 83' lang='lat' dir='ltr'><strong>te.</strong></span> <span class='ocrx_word' id='word_1_602' title='bbox 1239 1129 1277 1156; x_wconf 87' lang='lat' dir='ltr'><strong>Tu</strong></span> <span class='ocrx_word' id='word_1_603' title='bbox 1306 1129 1376 1156; x_wconf 83' lang='lat' dir='ltr'><strong>enim</strong></span> <span class='ocrx_word' id='word_1_604' title='bbox 1401 1137 1428 1156; x_wconf 75' lang='lat' dir='ltr'><strong>es</strong></span> <span class='ocrx_word' id='word_1_605' title='bbox 1451 1129 1529 1163; x_wconf 78' lang='lat' dir='ltr'><strong>Deus,</strong></span> <span class='ocrx_word' id='word_1_606' title='bbox 1544 1133 1569 1156; x_wconf 82' lang='lat' dir='ltr'><strong>et</strong></span> <span class='ocrx_word' id='word_1_607' title='bbox 1584 1130 1692 1156; x_wconf 79' lang='lat' dir='ltr'><strong>nescivi-</strong></span> 
     </span>
    </p>
   </div>
   <div class='ocr_carea' id='block_1_82' title="bbox 912 1174 1689 1208">
    <p class='ocr_par' dir='ltr' id='par_1_82' title="bbox 912 1174 1689 1208">
     <span class='ocr_line' id='line_1_82' title="bbox 912 1174 1689 1208; baseline 0.001 -8"><span class='ocrx_word' id='word_1_608' title='bbox 912 1183 985 1207; x_wconf 70' lang='lat' dir='ltr'><strong>mus,</strong></span> <span class='ocrx_word' id='word_1_609' title='bbox 1001 1175 1072 1201; x_wconf 78' lang='lat' dir='ltr'><strong>Deus</strong></span> <span class='ocrx_word' id='word_1_610' title='bbox 1094 1174 1179 1201; x_wconf 78' lang='lat' dir='ltr'><strong>Israel</strong></span> <span class='ocrx_word' id='word_1_611' title='bbox 1202 1180 1328 1201; x_wconf 80' lang='lat' dir='ltr'><strong>servator.</strong></span> <span class='ocrx_word' id='word_1_612' title='bbox 1355 1174 1514 1201; x_wconf 79' lang='lat' dir='ltr'><strong>Erubescent</strong></span> <span class='ocrx_word' id='word_1_613' title='bbox 1534 1179 1558 1201; x_wconf 82' lang='grc' dir='ltr'><strong>ει</strong></span> <span class='ocrx_word' id='word_1_614' title='bbox 1589 1175 1689 1208; x_wconf 78' lang='lat' dir='ltr'><strong>pudeﬁ-</strong></span> 
     </span>
    </p>
   </div>
   <div class='ocr_carea' id='block_1_83' title="bbox 905 1220 1690 1254">
    <p class='ocr_par' dir='ltr' id='par_1_83' title="bbox 905 1220 1690 1254">
     <span class='ocr_line' id='line_1_83' title="bbox 905 1220 1690 1254; baseline 0 -8"><span class='ocrx_word' id='word_1_615' title='bbox 905 1225 946 1246; x_wconf 76' lang='lat' dir='ltr'><strong>eu!</strong></span> <span class='ocrx_word' id='word_1_616' title='bbox 977 1228 1063 1246; x_wconf 83' lang='lat' dir='ltr'><strong>omnes</strong></span> <span class='ocrx_word' id='word_1_617' title='bbox 1092 1220 1137 1254; x_wconf 85' lang='lat' dir='ltr'><strong>qui</strong></span> <span class='ocrx_word' id='word_1_618' title='bbox 1163 1220 1334 1247; x_wconf 67' lang='lat' dir='ltr'><strong>adversantur</strong></span> <span class='ocrx_word' id='word_1_619' title='bbox 1363 1220 1397 1254; x_wconf 79' lang='lat' dir='ltr'><strong>ei,</strong></span> <span class='ocrx_word' id='word_1_620' title='bbox 1418 1225 1442 1246; x_wconf 79' lang='lat' dir='ltr'><strong>et</strong></span> <span class='ocrx_word' id='word_1_621' title='bbox 1469 1220 1637 1248; x_wconf 83' lang='lat' dir='ltr'><strong>ambulabunt</strong></span> <span class='ocrx_word' id='word_1_622' title='bbox 1662 1221 1690 1247; x_wconf 78' lang='lat' dir='ltr'><strong>in</strong></span> 
     </span>
    </p>
   </div>
   <div class='ocr_carea' id='block_1_84' title="bbox 905 1267 1058 1301">
    <p class='ocr_par' dir='ltr' id='par_1_84' title="bbox 905 1267 1058 1301">
     <span class='ocr_line' id='line_1_84' title="bbox 905 1267 1058 1301; baseline -0.013 -8"><span class='ocrx_word' id='word_1_623' title='bbox 905 1267 1058 1301; x_wconf 76' lang='lat' dir='ltr'><strong>ignominia.</strong></span> 
     </span>
    </p>
   </div>
   <div class='ocr_carea' id='block_1_85' title="bbox 941 1401 1692 1431">
    <p class='ocr_par' dir='ltr' id='par_1_85' title="bbox 941 1401 1692 1431">
     <span class='ocr_line' id='line_1_85' title="bbox 941 1401 1692 1431; baseline -0.003 0"><span class='ocrx_word' id='word_1_624' title='bbox 941 1404 1072 1431; x_wconf 84' lang='lat' dir='ltr'><strong>Sermone</strong></span> <span class='ocrx_word' id='word_1_625' title='bbox 1085 1404 1117 1431; x_wconf 87' lang='lat' dir='ltr'><strong>de</strong></span> <span class='ocrx_word' id='word_1_626' title='bbox 1131 1403 1240 1431; x_wconf 86' lang='lat' dir='ltr'><strong>Christo</strong></span> <span class='ocrx_word' id='word_1_627' title='bbox 1255 1402 1374 1430; x_wconf 87' lang='lat' dir='ltr'><strong>omnium</strong></span> <span class='ocrx_word' id='word_1_628' title='bbox 1390 1407 1512 1429; x_wconf 83' lang='lat' dir='ltr'><strong>nostrum</strong></span> <span class='ocrx_word' id='word_1_629' title='bbox 1546 1401 1692 1429; x_wconf 86' lang='lat' dir='ltr'><strong>Servatore</strong></span> 
     </span>
    </p>
   </div>
   <div class='ocr_carea' id='block_1_86' title="bbox 906 1443 1692 1484">
    <p class='ocr_par' dir='ltr' id='par_1_86' title="bbox 906 1443 1692 1484">
     <span class='ocr_line' id='line_1_86' title="bbox 906 1443 1692 1484; baseline -0.005 -8"><span class='ocrx_word' id='word_1_630' title='bbox 906 1450 1072 1482; x_wconf 84' lang='lat' dir='ltr'><strong>introducto,</strong></span> <span class='ocrx_word' id='word_1_631' title='bbox 1085 1453 1111 1475; x_wconf 93' lang='lat' dir='ltr'><strong>et</strong></span> <span class='ocrx_word' id='word_1_632' title='bbox 1128 1448 1339 1484; x_wconf 74' lang='lat' dir='ltr'><strong>prmsigniﬁcato</strong></span> <span class='ocrx_word' id='word_1_633' title='bbox 1353 1447 1424 1482; x_wconf 88' lang='lat' dir='ltr'><strong>quod</strong></span> <span class='ocrx_word' id='word_1_634' title='bbox 1439 1450 1544 1474; x_wconf 82' lang='lat' dir='ltr'><strong>avertet</strong></span> <span class='ocrx_word' id='word_1_635' title='bbox 1557 1443 1692 1474; x_wconf 71' lang='lat' dir='ltr'><strong>et&#39;dimit-</strong></span> 
     </span>
    </p>
   </div>
   <div class='ocr_carea' id='block_1_87' title="bbox 906 1493 1691 1530">
    <p class='ocr_par' dir='ltr' id='par_1_87' title="bbox 906 1493 1691 1530">
     <span class='ocr_line' id='line_1_87' title="bbox 906 1493 1691 1530; baseline -0.004 -8"><span class='ocrx_word' id='word_1_636' title='bbox 906 1500 943 1523; x_wconf 87' lang='lat' dir='ltr'><strong>tet</strong></span> <span class='ocrx_word' id='word_1_637' title='bbox 958 1495 1082 1530; x_wconf 87' lang='lat' dir='ltr'><strong>populum</strong></span> <span class='ocrx_word' id='word_1_638' title='bbox 1105 1502 1193 1526; x_wconf 90' lang='lat' dir='ltr'><strong>suum,</strong></span> <span class='ocrx_word' id='word_1_639' title='bbox 1210 1502 1261 1521; x_wconf 92' lang='lat' dir='ltr'><strong>non</strong></span> <span class='ocrx_word' id='word_1_640' title='bbox 1274 1494 1360 1528; x_wconf 75' lang='lat' dir='ltr'><strong>pretio</strong></span> <span class='ocrx_word' id='word_1_641' title='bbox 1374 1501 1422 1521; x_wconf 88' lang='lat' dir='ltr'><strong>nec</strong></span> <span class='ocrx_word' id='word_1_642' title='bbox 1439 1493 1613 1520; x_wconf 87' lang='lat' dir='ltr'><strong>muneribus:</strong></span> <span class='ocrx_word' id='word_1_643' title='bbox 1626 1501 1691 1520; x_wconf 93' lang='lat' dir='ltr'><strong>con-</strong></span> 
     </span>
    </p>
   </div>
   <div class='ocr_carea' id='block_1_88' title="bbox 906 1539 1691 1574">
    <p class='ocr_par' dir='ltr' id='par_1_88' title="bbox 906 1539 1691 1574">
     <span class='ocr_line' id='line_1_88' title="bbox 906 1539 1691 1574; baseline -0.001 -7"><span class='ocrx_word' id='word_1_644' title='bbox 906 1541 979 1567; x_wconf 93' lang='lat' dir='ltr'><strong>tinuo</strong></span> <span class='ocrx_word' id='word_1_645' title='bbox 991 1541 1126 1568; x_wconf 88' lang='lat' dir='ltr'><strong>vocamlos</strong></span> <span class='ocrx_word' id='word_1_646' title='bbox 1141 1541 1173 1567; x_wconf 90' lang='lat' dir='ltr'><strong>ad</strong></span> <span class='ocrx_word' id='word_1_647' title='bbox 1189 1541 1398 1574; x_wconf 84' lang='lat' dir='ltr'><strong>redemptionem</strong></span> <span class='ocrx_word' id='word_1_648' title='bbox 1415 1539 1542 1571; x_wconf 85' lang='lat' dir='ltr'><strong>ostendit,</strong></span> <span class='ocrx_word' id='word_1_649' title='bbox 1565 1539 1691 1567; x_wconf 82' lang='lat' dir='ltr'><strong>videlicet</strong></span> 
     </span>
    </p>
   </div>
   <div class='ocr_carea' id='block_1_89' title="bbox 905 1585 1690 1622">
    <p class='ocr_par' dir='ltr' id='par_1_89' title="bbox 905 1585 1690 1622">
     <span class='ocr_line' id='line_1_89' title="bbox 905 1585 1690 1622; baseline -0.001 -9"><span class='ocrx_word' id='word_1_650' title='bbox 905 1594 937 1614; x_wconf 84' lang='lat' dir='ltr'><strong>ex</strong></span> <span class='ocrx_word' id='word_1_651' title='bbox 961 1587 1095 1622; x_wconf 79' lang='lat' dir='ltr'><strong>gentibus,</strong></span> <span class='ocrx_word' id='word_1_652' title='bbox 1116 1587 1212 1620; x_wconf 80' lang='lat' dir='ltr'><strong>quibus</strong></span> <span class='ocrx_word' id='word_1_653' title='bbox 1227 1587 1343 1613; x_wconf 78' lang='lat' dir='ltr'><strong>maxime</strong></span> <span class='ocrx_word' id='word_1_654' title='bbox 1370 1585 1491 1613; x_wconf 78' lang='lat' dir='ltr'><strong>illuxisse</strong></span> <span class='ocrx_word' id='word_1_655' title='bbox 1520 1585 1595 1612; x_wconf 85' lang='lat' dir='ltr'><strong>visus</strong></span> <span class='ocrx_word' id='word_1_656' title='bbox 1612 1585 1690 1612; x_wconf 90' lang='lat' dir='ltr'><strong>Chri—</strong></span> 
     </span>
    </p>
   </div>
   <div class='ocr_carea' id='block_1_90' title="bbox 906 1630 1688 1666">
    <p class='ocr_par' dir='ltr' id='par_1_90' title="bbox 906 1630 1688 1666">
     <span class='ocr_line' id='line_1_90' title="bbox 906 1630 1688 1666; baseline -0.003 -7"><span class='ocrx_word' id='word_1_657' title='bbox 906 1638 973 1665; x_wconf 83' lang='lat' dir='ltr'><strong>stus,</strong></span> <span class='ocrx_word' id='word_1_658' title='bbox 988 1632 1093 1659; x_wconf 85' lang='lat' dir='ltr'><strong>tametsi</strong></span> <span class='ocrx_word' id='word_1_659' title='bbox 1125 1632 1196 1658; x_wconf 81' lang='lat' dir='ltr'><strong>dicat</strong></span> <span class='ocrx_word' id='word_1_660' title='bbox 1217 1635 1327 1666; x_wconf 87' lang='lat' dir='ltr'><strong>aperte:</strong></span> <span class='ocrx_word' id='word_1_661' title='bbox 1348 1640 1357 1655; x_wconf 78' lang='grc' dir='ltr'>ι</span> <span class='ocrx_word' id='word_1_662' title='bbox 1373 1630 1431 1658; x_wconf 87' lang='lat' dir='ltr'><strong>Non</strong></span> <span class='ocrx_word' id='word_1_663' title='bbox 1444 1638 1502 1657; x_wconf 87' lang='lat' dir='ltr'><strong>sntn</strong></span> <span class='ocrx_word' id='word_1_664' title='bbox 1522 1630 1621 1657; x_wconf 83' lang='lat' dir='ltr'><strong>missus</strong></span> <span class='ocrx_word' id='word_1_665' title='bbox 1638 1631 1688 1657; x_wconf 88' lang='lat' dir='ltr'><strong>nisi</strong></span> 
     </span>
    </p>
   </div>
   <div class='ocr_carea' id='block_1_91' title="bbox 906 1676 1688 1713">
    <p class='ocr_par' dir='ltr' id='par_1_91' title="bbox 906 1676 1688 1713">
     <span class='ocr_line' id='line_1_91' title="bbox 906 1676 1688 1713; baseline -0.004 -8"><span class='ocrx_word' id='word_1_666' title='bbox 906 1679 938 1706; x_wconf 86' lang='lat' dir='ltr'><strong>ad</strong></span> <span class='ocrx_word' id='word_1_667' title='bbox 954 1687 1017 1706; x_wconf 90' lang='lat' dir='ltr'><strong>oves</strong></span> <span class='ocrx_word' id='word_1_668' title='bbox 1033 1678 1152 1713; x_wconf 83' lang='lat' dir='ltr'><strong>perditas</strong></span> <span class='ocrx_word' id='word_1_669' title='bbox 1167 1678 1262 1705; x_wconf 89' lang='lat' dir='ltr'><strong>domus</strong></span> <span class='ocrx_word' id='word_1_670' title='bbox 1275 1676 1358 1705; x_wconf 85' lang='lat' dir='ltr'><strong>Israel</strong></span> <span class='ocrx_word' id='word_1_671' title='bbox 1370 1677 1402 1703; x_wconf 80' lang='lat'><strong>&quot;.</strong></span> <span class='ocrx_word' id='word_1_672' title='bbox 1422 1686 1432 1703; x_wconf 85' lang='grc'><strong>›</strong></span> <span class='ocrx_word' id='word_1_673' title='bbox 1444 1676 1496 1704; x_wconf 88' lang='lat' dir='ltr'><strong>Sed</strong></span> <span class='ocrx_word' id='word_1_674' title='bbox 1514 1676 1567 1704; x_wconf 93' lang='lat' dir='ltr'><strong>illis</strong></span> <span class='ocrx_word' id='word_1_675' title='bbox 1583 1677 1688 1711; x_wconf 87' lang='lat' dir='ltr'><strong>quidem</strong></span> 
     </span>
    </p>
   </div>
   <div class='ocr_carea' id='block_1_92' title="bbox 906 1722 1691 1759">
    <p class='ocr_par' dir='ltr' id='par_1_92' title="bbox 906 1722 1691 1759">
     <span class='ocr_line' id='line_1_92' title="bbox 906 1722 1691 1759; baseline -0.003 -8"><span class='ocrx_word' id='word_1_676' title='bbox 906 1731 932 1751; x_wconf 89' lang='lat' dir='ltr'><strong>et</strong></span> <span class='ocrx_word' id='word_1_677' title='bbox 946 1725 1038 1759; x_wconf 86' lang='lat' dir='ltr'><strong>primis</strong></span> <span class='ocrx_word' id='word_1_678' title='bbox 1053 1725 1142 1751; x_wconf 86' lang='lat' dir='ltr'><strong>divina</strong></span> <span class='ocrx_word' id='word_1_679' title='bbox 1157 1728 1183 1751; x_wconf 86' lang='lat' dir='ltr'><strong>et</strong></span> <span class='ocrx_word' id='word_1_680' title='bbox 1198 1723 1351 1757; x_wconf 79' lang='lat' dir='ltr'><strong>evangelica</strong></span> <span class='ocrx_word' id='word_1_681' title='bbox 1374 1723 1419 1749; x_wconf 83' lang='lat' dir='ltr'><strong>lux</strong></span> <span class='ocrx_word' id='word_1_682' title='bbox 1435 1722 1548 1750; x_wconf 80' lang='lat' dir='ltr'><strong>aﬁ‘ulsit.</strong></span> <span class='ocrx_word' id='word_1_683' title='bbox 1563 1723 1598 1749; x_wconf 82' lang='lat' dir='ltr'><strong>At</strong></span> <span class='ocrx_word' id='word_1_684' title='bbox 1618 1728 1691 1757; x_wconf 88' lang='lat' dir='ltr'><strong>post-</strong></span> 
     </span>
    </p>
   </div>
   <div class='ocr_carea' id='block_1_93' title="bbox 906 1769 1689 1805">
    <p class='ocr_par' dir='ltr' id='par_1_93' title="bbox 906 1769 1689 1805">
     <span class='ocr_line' id='line_1_93' title="bbox 906 1769 1689 1805; baseline -0.004 -7"><span class='ocrx_word' id='word_1_685' title='bbox 906 1779 984 1804; x_wconf 85' lang='lat' dir='ltr'><strong>quam</strong></span> <span class='ocrx_word' id='word_1_686' title='bbox 1000 1770 1160 1805; x_wconf 80' lang='lat' dir='ltr'><strong>pinguefacti</strong></span> <span class='ocrx_word' id='word_1_687' title='bbox 1178 1775 1239 1797; x_wconf 89' lang='lat' dir='ltr'><strong>sunt</strong></span> <span class='ocrx_word' id='word_1_688' title='bbox 1251 1775 1278 1796; x_wconf 89' lang='lat' dir='ltr'><strong>et</strong></span> <span class='ocrx_word' id='word_1_689' title='bbox 1293 1769 1447 1801; x_wconf 85' lang='lat' dir='ltr'><strong>incrassati,</strong></span> <span class='ocrx_word' id='word_1_690' title='bbox 1468 1773 1494 1796; x_wconf 85' lang='lat' dir='ltr'><strong>et</strong></span> <span class='ocrx_word' id='word_1_691' title='bbox 1509 1769 1689 1797; x_wconf 82' lang='lat' dir='ltr'><strong>recatcitravit</strong></span> 
     </span>
    </p>
   </div>
   <div class='ocr_carea' id='block_1_94' title="bbox 906 1814 1690 1849">
    <p class='ocr_par' dir='ltr' id='par_1_94' title="bbox 906 1814 1690 1849">
     <span class='ocr_line' id='line_1_94' title="bbox 906 1814 1690 1849; baseline -0.001 -6"><span class='ocrx_word' id='word_1_692' title='bbox 906 1817 1018 1844; x_wconf 82' lang='lat' dir='ltr'><strong>dilectus</strong></span> <span class='ocrx_word' id='word_1_693' title='bbox 1029 1823 1104 1843; x_wconf 89' lang='lat' dir='ltr'><strong>meus</strong></span> <span class='ocrx_word' id='word_1_694' title='bbox 1114 1815 1205 1848; x_wconf 82' lang='lat' dir='ltr'><strong>Israel,</strong></span> <span class='ocrx_word' id='word_1_695' title='bbox 1221 1814 1446 1849; x_wconf 80' lang='lat' dir='ltr'><strong>quemadmodum</strong></span> <span class='ocrx_word' id='word_1_696' title='bbox 1463 1815 1591 1848; x_wconf 88' lang='lat' dir='ltr'><strong>scripturn</strong></span> <span class='ocrx_word' id='word_1_697' title='bbox 1604 1820 1645 1842; x_wconf 90' lang='lat' dir='ltr'><strong>est</strong></span> <span class='ocrx_word' id='word_1_698' title='bbox 1656 1815 1690 1830; x_wconf 77' lang='lat'><strong>“&#39;</strong></span> 
     </span>
    </p>
   </div>
   <div class='ocr_carea' id='block_1_95' title="bbox 896 1859 1690 1896">
    <p class='ocr_par' dir='ltr' id='par_1_95' title="bbox 896 1859 1690 1896">
     <span class='ocr_line' id='line_1_95' title="bbox 896 1859 1690 1896; baseline -0.003 -8"><span class='ocrx_word' id='word_1_699' title='bbox 896 1861 1074 1896; x_wconf 19' lang='lat' dir='ltr'><strong>«(occiderunt</strong></span> <span class='ocrx_word' id='word_1_700' title='bbox 1086 1860 1159 1888; x_wconf 88' lang='lat' dir='ltr'><strong>enim</strong></span> <span class='ocrx_word' id='word_1_701' title='bbox 1171 1860 1317 1895; x_wconf 85' lang='lat' dir='ltr'><strong>principem</strong></span> <span class='ocrx_word' id='word_1_702' title='bbox 1331 1859 1402 1894; x_wconf 64' lang='lat' dir='ltr'><strong>vitre)</strong></span> <span class='ocrx_word' id='word_1_703' title='bbox 1418 1868 1424 1885; x_wconf 87' lang='lat'><strong>:</strong></span> <span class='ocrx_word' id='word_1_704' title='bbox 1440 1859 1570 1894; x_wconf 88' lang='lat' dir='ltr'><strong>hincjure</strong></span> <span class='ocrx_word' id='word_1_705' title='bbox 1582 1860 1690 1895; x_wconf 80' lang='lat' dir='ltr'><strong>quidem</strong></span> 
     </span>
    </p>
   </div>
   <div class='ocr_carea' id='block_1_96' title="bbox 906 1905 1689 1941">
    <p class='ocr_par' dir='ltr' id='par_1_96' title="bbox 906 1905 1689 1941">
     <span class='ocr_line' id='line_1_96' title="bbox 906 1905 1689 1941; baseline 0.001 -8"><span class='ocrx_word' id='word_1_706' title='bbox 906 1907 1008 1941; x_wconf 85' lang='lat' dir='ltr'><strong>optimo</strong></span> <span class='ocrx_word' id='word_1_707' title='bbox 1023 1907 1095 1941; x_wconf 80' lang='lat' dir='ltr'><strong>gregi</strong></span> <span class='ocrx_word' id='word_1_708' title='bbox 1111 1907 1229 1940; x_wconf 79' lang='lat' dir='ltr'><strong>gentium</strong></span> <span class='ocrx_word' id='word_1_709' title='bbox 1242 1905 1369 1932; x_wconf 83' lang='lat' dir='ltr'><strong>Christus</strong></span> <span class='ocrx_word' id='word_1_710' title='bbox 1383 1905 1478 1932; x_wconf 77' lang='lat' dir='ltr'><strong>illuxit.</strong></span> <span class='ocrx_word' id='word_1_711' title='bbox 1490 1905 1545 1933; x_wconf 86' lang='lat' dir='ltr'><strong>lloc</strong></span> <span class='ocrx_word' id='word_1_712' title='bbox 1559 1910 1599 1933; x_wconf 87' lang='lat' dir='ltr'><strong>est</strong></span> <span class='ocrx_word' id='word_1_713' title='bbox 1619 1907 1689 1940; x_wconf 88' lang='lat' dir='ltr'><strong>quod</strong></span> 
     </span>
    </p>
   </div>
   <div class='ocr_carea' id='block_1_97' title="bbox 907 1951 1691 1980">
    <p class='ocr_par' dir='ltr' id='par_1_97' title="bbox 907 1951 1691 1980">
     <span class='ocr_line' id='line_1_97' title="bbox 907 1951 1691 1980; baseline -0.001 -1"><span class='ocrx_word' id='word_1_714' title='bbox 907 1954 950 1979; x_wconf 90' lang='lat' dir='ltr'><strong>hic</strong></span> <span class='ocrx_word' id='word_1_715' title='bbox 966 1953 991 1979; x_wconf 92' lang='lat' dir='ltr'><strong>in</strong></span> <span class='ocrx_word' id='word_1_716' title='bbox 1013 1953 1106 1980; x_wconf 92' lang='lat' dir='ltr'><strong>horum</strong></span> <span class='ocrx_word' id='word_1_717' title='bbox 1132 1952 1274 1979; x_wconf 82' lang='lat' dir='ltr'><strong>verborum</strong></span> <span class='ocrx_word' id='word_1_718' title='bbox 1297 1951 1515 1978; x_wconf 82' lang='lat' dir='ltr'><strong>consideratione</strong></span> <span class='ocrx_word' id='word_1_719' title='bbox 1529 1956 1556 1978; x_wconf 90' lang='lat' dir='ltr'><strong>et</strong></span> <span class='ocrx_word' id='word_1_720' title='bbox 1570 1956 1691 1979; x_wconf 88' lang='lat' dir='ltr'><strong>contem-</strong></span> 
     </span>
    </p>
   </div>
   <div class='ocr_carea' id='block_1_98' title="bbox 907 1997 1689 2033">
    <p class='ocr_par' dir='ltr' id='par_1_98' title="bbox 907 1997 1689 2033">
     <span class='ocr_line' id='line_1_98' title="bbox 907 1997 1689 2033; baseline 0 -9"><span class='ocrx_word' id='word_1_721' title='bbox 907 1998 1021 2033; x_wconf 83' lang='lat' dir='ltr'><strong>platione</strong></span> <span class='ocrx_word' id='word_1_722' title='bbox 1035 1999 1122 2026; x_wconf 88' lang='lat' dir='ltr'><strong>inesse</strong></span> <span class='ocrx_word' id='word_1_723' title='bbox 1137 1998 1296 2025; x_wconf 84' lang='lat' dir='ltr'><strong>invenimus.</strong></span> <span class='ocrx_word' id='word_1_724' title='bbox 1314 1997 1437 2025; x_wconf 83' lang='lat' dir='ltr'><strong>Nominat</strong></span> <span class='ocrx_word' id='word_1_725' title='bbox 1449 1998 1581 2032; x_wconf 88' lang='lat' dir='ltr'><strong>siquidem</strong></span> <span class='ocrx_word' id='word_1_726' title='bbox 1592 2002 1689 2033; x_wconf 78' lang='lat' dir='ltr'><strong>gentes</strong></span> 
     </span>
    </p>
   </div>
   <div class='ocr_carea' id='block_1_99' title="bbox 907 2044 1689 2079">
    <p class='ocr_par' dir='ltr' id='par_1_99' title="bbox 907 2044 1689 2079">
     <span class='ocr_line' id='line_1_99' title="bbox 907 2044 1689 2079; baseline 0 -8"><span class='ocrx_word' id='word_1_727' title='bbox 907 2045 1024 2071; x_wconf 91' lang='lat' dir='ltr'><strong>omnium</strong></span> <span class='ocrx_word' id='word_1_728' title='bbox 1054 2044 1346 2079; x_wconf 82' lang='lat' dir='ltr'><strong>superstitiosissimas,</strong></span> <span class='ocrx_word' id='word_1_729' title='bbox 1364 2044 1490 2071; x_wconf 85' lang='lat' dir='ltr'><strong>utvirtus</strong></span> <span class='ocrx_word' id='word_1_730' title='bbox 1515 2051 1547 2071; x_wconf 86' lang='lat' dir='ltr'><strong>ac</strong></span> <span class='ocrx_word' id='word_1_731' title='bbox 1573 2045 1689 2078; x_wconf 81' lang='lat' dir='ltr'><strong>potentia</strong></span> 
     </span>
    </p>
   </div>
   <div class='ocr_carea' id='block_1_100' title="bbox 908 2089 1690 2124">
    <p class='ocr_par' dir='ltr' id='par_1_100' title="bbox 908 2089 1690 2124">
     <span class='ocr_line' id='line_1_100' title="bbox 908 2089 1690 2124; baseline 0.003 -9"><span class='ocrx_word' id='word_1_732' title='bbox 908 2090 1030 2118; x_wconf 85' lang='lat' dir='ltr'><strong>vocantis</strong></span> <span class='ocrx_word' id='word_1_733' title='bbox 1046 2091 1078 2117; x_wconf 87' lang='lat' dir='ltr'><strong>ad</strong></span> <span class='ocrx_word' id='word_1_734' title='bbox 1096 2090 1285 2124; x_wconf 71' lang='lat' dir='ltr'><strong>pmnitentiam</strong></span> <span class='ocrx_word' id='word_1_735' title='bbox 1303 2089 1348 2116; x_wconf 80' lang='lat' dir='ltr'><strong>ﬁat</strong></span> <span class='ocrx_word' id='word_1_736' title='bbox 1362 2089 1540 2117; x_wconf 81' lang='lat' dir='ltr'><strong>admirabilis.</strong></span> <span class='ocrx_word' id='word_1_737' title='bbox 1556 2090 1690 2123; x_wconf 85' lang='lat' dir='ltr'><strong>Quemad-</strong></span> 
     </span>
    </p>
   </div>
   <div class='ocr_carea' id='block_1_101' title="bbox 908 2135 1689 2170">
    <p class='ocr_par' dir='ltr' id='par_1_101' title="bbox 908 2135 1689 2170">
     <span class='ocr_line' id='line_1_101' title="bbox 908 2135 1689 2170; baseline 0.001 -8"><span class='ocrx_word' id='word_1_738' title='bbox 908 2137 1015 2163; x_wconf 89' lang='lat' dir='ltr'><strong>modum</strong></span> <span class='ocrx_word' id='word_1_739' title='bbox 1029 2136 1099 2163; x_wconf 90' lang='lat' dir='ltr'><strong>enim</strong></span> <span class='ocrx_word' id='word_1_740' title='bbox 1115 2136 1258 2162; x_wconf 88' lang='lat' dir='ltr'><strong>artiﬁcium</strong></span> <span class='ocrx_word' id='word_1_741' title='bbox 1280 2143 1372 2162; x_wconf 87' lang='lat' dir='ltr'><strong>eorum</strong></span> <span class='ocrx_word' id='word_1_742' title='bbox 1390 2135 1436 2170; x_wconf 92' lang='lat' dir='ltr'><strong>qui</strong></span> <span class='ocrx_word' id='word_1_743' title='bbox 1455 2135 1597 2163; x_wconf 63' lang='lat' dir='ltr'><strong>medicina</strong></span> <span class='ocrx_word' id='word_1_744' title='bbox 1611 2135 1689 2170; x_wconf 80' lang='lat' dir='ltr'><strong>periti</strong></span> 
     </span>
    </p>
   </div>
   <div class='ocr_carea' id='block_1_102' title="bbox 907 2181 1692 2217">
    <p class='ocr_par' dir='ltr' id='par_1_102' title="bbox 907 2181 1692 2217">
     <span class='ocr_line' id='line_1_102' title="bbox 907 2181 1692 2217; baseline 0 -8"><span class='ocrx_word' id='word_1_745' title='bbox 907 2186 979 2214; x_wconf 88' lang='lat' dir='ltr'><strong>sunt,</strong></span> <span class='ocrx_word' id='word_1_746' title='bbox 1013 2187 1067 2209; x_wconf 91' lang='lat' dir='ltr'><strong>tum</strong></span> <span class='ocrx_word' id='word_1_747' title='bbox 1091 2182 1223 2216; x_wconf 87' lang='lat' dir='ltr'><strong>imprimis</strong></span> <span class='ocrx_word' id='word_1_748' title='bbox 1251 2181 1386 2215; x_wconf 82' lang='lat' dir='ltr'><strong>laudatur,</strong></span> <span class='ocrx_word' id='word_1_749' title='bbox 1408 2181 1515 2216; x_wconf 83' lang='lat' dir='ltr'><strong>quando</strong></span> <span class='ocrx_word' id='word_1_750' title='bbox 1544 2181 1692 2217; x_wconf 70' lang='lat' dir='ltr'><strong>desperatae</strong></span> 
     </span>
    </p>
   </div>
   <div class='ocr_carea' id='block_1_103' title="bbox 907 2226 1690 2261">
    <p class='ocr_par' dir='ltr' id='par_1_103' title="bbox 907 2226 1690 2261">
     <span class='ocr_line' id='line_1_103' title="bbox 907 2226 1690 2261; baseline -0.001 -7"><span class='ocrx_word' id='word_1_751' title='bbox 907 2227 1067 2254; x_wconf 86' lang='lat' dir='ltr'><strong>valetudinis</strong></span> <span class='ocrx_word' id='word_1_752' title='bbox 1083 2227 1216 2258; x_wconf 85' lang='lat' dir='ltr'><strong>homines,</strong></span> <span class='ocrx_word' id='word_1_753' title='bbox 1234 2226 1427 2260; x_wconf 77' lang='lat' dir='ltr'><strong>experimentis</strong></span> <span class='ocrx_word' id='word_1_754' title='bbox 1457 2226 1513 2253; x_wconf 88' lang='lat' dir='ltr'><strong>suis</strong></span> <span class='ocrx_word' id='word_1_755' title='bbox 1534 2227 1690 2261; x_wconf 90' lang='lat' dir='ltr'><strong>tempestive</strong></span> 
     </span>
    </p>
   </div>
   <div class='ocr_carea' id='block_1_104' title="bbox 908 2271 1687 2307">
    <p class='ocr_par' dir='ltr' id='par_1_104' title="bbox 908 2271 1687 2307">
     <span class='ocr_line' id='line_1_104' title="bbox 908 2271 1687 2307; baseline -0.003 -7"><span class='ocrx_word' id='word_1_756' title='bbox 908 2273 958 2303; x_wconf 84' lang='lat' dir='ltr'><strong>usi,</strong></span> <span class='ocrx_word' id='word_1_757' title='bbox 973 2273 1087 2300; x_wconf 87' lang='lat' dir='ltr'><strong>liberare</strong></span> <span class='ocrx_word' id='word_1_758' title='bbox 1102 2276 1222 2307; x_wconf 87' lang='lat' dir='ltr'><strong>possunt,</strong></span> <span class='ocrx_word' id='word_1_759' title='bbox 1243 2272 1279 2299; x_wconf 90' lang='lat' dir='ltr'><strong>ita</strong></span> <span class='ocrx_word' id='word_1_760' title='bbox 1293 2273 1374 2300; x_wconf 88' lang='lat' dir='ltr'><strong>etiam</strong></span> <span class='ocrx_word' id='word_1_761' title='bbox 1388 2271 1460 2299; x_wconf 88' lang='lat' dir='ltr'><strong>Deus</strong></span> <span class='ocrx_word' id='word_1_762' title='bbox 1477 2272 1608 2306; x_wconf 76' lang='lat' dir='ltr'><strong>insignem</strong></span> <span class='ocrx_word' id='word_1_763' title='bbox 1632 2272 1687 2306; x_wconf 79' lang='lat' dir='ltr'><strong>glo-</strong></span> 
     </span>
    </p>
   </div>
   <div class='ocr_carea' id='block_1_105' title="bbox 908 2318 1688 2352">
    <p class='ocr_par' dir='ltr' id='par_1_105' title="bbox 908 2318 1688 2352">
     <span class='ocr_line' id='line_1_105' title="bbox 908 2318 1688 2352; baseline -0.003 -6"><span class='ocrx_word' id='word_1_764' title='bbox 908 2319 976 2346; x_wconf 88' lang='lat' dir='ltr'><strong>riam</strong></span> <span class='ocrx_word' id='word_1_765' title='bbox 992 2326 1068 2346; x_wconf 87' lang='lat' dir='ltr'><strong>suam</strong></span> <span class='ocrx_word' id='word_1_766' title='bbox 1084 2319 1258 2346; x_wconf 84' lang='lat' dir='ltr'><strong>illustriorem</strong></span> <span class='ocrx_word' id='word_1_767' title='bbox 1278 2318 1364 2346; x_wconf 88' lang='lat' dir='ltr'><strong>reddit</strong></span> <span class='ocrx_word' id='word_1_768' title='bbox 1379 2326 1438 2345; x_wconf 89' lang='lat' dir='ltr'><strong>cum</strong></span> <span class='ocrx_word' id='word_1_769' title='bbox 1457 2325 1550 2345; x_wconf 91' lang='lat' dir='ltr'><strong>eorum</strong></span> <span class='ocrx_word' id='word_1_770' title='bbox 1574 2318 1688 2352; x_wconf 84' lang='lat' dir='ltr'><strong>aliquos,</strong></span> 
     </span>
    </p>
   </div>
   <div class='ocr_carea' id='block_1_106' title="bbox 908 2363 1690 2399">
    <p class='ocr_par' dir='ltr' id='par_1_106' title="bbox 908 2363 1690 2399">
     <span class='ocr_line' id='line_1_106' title="bbox 908 2363 1690 2399; baseline -0.001 -9"><span class='ocrx_word' id='word_1_771' title='bbox 908 2365 951 2399; x_wconf 89' lang='lat' dir='ltr'><strong>qui</strong></span> <span class='ocrx_word' id='word_1_772' title='bbox 968 2365 1085 2399; x_wconf 71' lang='lat' dir='ltr'><strong>graviter</strong></span> <span class='ocrx_word' id='word_1_773' title='bbox 1098 2364 1165 2399; x_wconf 81' lang='lat' dir='ltr'><strong>lapsi</strong></span> <span class='ocrx_word' id='word_1_774' title='bbox 1181 2369 1253 2395; x_wconf 87' lang='lat' dir='ltr'><strong>sunt,</strong></span> <span class='ocrx_word' id='word_1_775' title='bbox 1271 2368 1298 2391; x_wconf 85' lang='lat' dir='ltr'><strong>et</strong></span> <span class='ocrx_word' id='word_1_776' title='bbox 1313 2364 1345 2391; x_wconf 87' lang='lat' dir='ltr'><strong>ad</strong></span> <span class='ocrx_word' id='word_1_777' title='bbox 1372 2364 1458 2397; x_wconf 89' lang='lat' dir='ltr'><strong>ipsutn</strong></span> <span class='ocrx_word' id='word_1_778' title='bbox 1475 2363 1597 2390; x_wconf 89' lang='lat' dir='ltr'><strong>inﬁmum</strong></span> <span class='ocrx_word' id='word_1_779' title='bbox 1612 2363 1690 2390; x_wconf 94' lang='lat' dir='ltr'><strong>vitio-</strong></span> 
     </span>
    </p>
   </div>
   <div class='ocr_carea' id='block_1_107' title="bbox 908 2409 1690 2444">
    <p class='ocr_par' dir='ltr' id='par_1_107' title="bbox 908 2409 1690 2444">
     <span class='ocr_line' id='line_1_107' title="bbox 908 2409 1690 2444; baseline -0.003 -7"><span class='ocrx_word' id='word_1_780' title='bbox 908 2411 995 2437; x_wconf 85' lang='lat' dir='ltr'><strong>sitatis</strong></span> <span class='ocrx_word' id='word_1_781' title='bbox 1019 2414 1046 2437; x_wconf 89' lang='lat' dir='ltr'><strong>et</strong></span> <span class='ocrx_word' id='word_1_782' title='bbox 1063 2410 1209 2444; x_wconf 84' lang='lat' dir='ltr'><strong>impietatis</strong></span> <span class='ocrx_word' id='word_1_783' title='bbox 1230 2410 1330 2438; x_wconf 90' lang='lat' dir='ltr'><strong>detrusi</strong></span> <span class='ocrx_word' id='word_1_784' title='bbox 1346 2414 1417 2442; x_wconf 81' lang='lat' dir='ltr'><strong>sunt.</strong></span> <span class='ocrx_word' id='word_1_785' title='bbox 1434 2416 1572 2443; x_wconf 87' lang='lat' dir='ltr'><strong>emergere</strong></span> <span class='ocrx_word' id='word_1_786' title='bbox 1588 2409 1652 2436; x_wconf 76' lang='lat' dir='ltr'><strong>facit</strong></span> <span class='ocrx_word' id='word_1_787' title='bbox 1664 2415 1690 2436; x_wconf 91' lang='lat' dir='ltr'><strong>et</strong></span> 
     </span>
    </p>
   </div>
   <div class='ocr_carea' id='block_1_108' title="bbox 907 2454 1688 2489">
    <p class='ocr_par' dir='ltr' id='par_1_108' title="bbox 907 2454 1688 2489">
     <span class='ocr_line' id='line_1_108' title="bbox 907 2454 1688 2489; baseline -0.003 -8"><span class='ocrx_word' id='word_1_788' title='bbox 907 2455 1007 2489; x_wconf 84' lang='lat' dir='ltr'><strong>egredi,</strong></span> <span class='ocrx_word' id='word_1_789' title='bbox 1027 2459 1055 2480; x_wconf 92' lang='lat' dir='ltr'><strong>ut</strong></span> <span class='ocrx_word' id='word_1_790' title='bbox 1068 2454 1194 2482; x_wconf 88' lang='lat' dir='ltr'><strong>virtutem</strong></span> <span class='ocrx_word' id='word_1_791' title='bbox 1211 2459 1383 2489; x_wconf 84' lang='lat' dir='ltr'><strong>expetant,et</strong></span> <span class='ocrx_word' id='word_1_792' title='bbox 1402 2454 1470 2481; x_wconf 85' lang='lat' dir='ltr'><strong>mala</strong></span> <span class='ocrx_word' id='word_1_793' title='bbox 1484 2459 1651 2485; x_wconf 86' lang='lat' dir='ltr'><strong>aversentnr,</strong></span> <span class='ocrx_word' id='word_1_794' title='bbox 1663 2459 1688 2480; x_wconf 89' lang='lat' dir='ltr'><strong>el</strong></span> 
     </span>
    </p>
   </div>
   <div class='ocr_carea' id='block_1_109' title="bbox 906 2499 1688 2535">
    <p class='ocr_par' dir='ltr' id='par_1_109' title="bbox 906 2499 1688 2535">
     <span class='ocr_line' id='line_1_109' title="bbox 906 2499 1688 2535; baseline -0.004 -7"><span class='ocrx_word' id='word_1_795' title='bbox 906 2508 949 2528; x_wconf 89' lang='lat' dir='ltr'><strong>res</strong></span> <span class='ocrx_word' id='word_1_796' title='bbox 968 2508 1027 2528; x_wconf 90' lang='lat' dir='ltr'><strong>cum</strong></span> <span class='ocrx_word' id='word_1_797' title='bbox 1042 2500 1120 2527; x_wconf 90' lang='lat' dir='ltr'><strong>laude</strong></span> <span class='ocrx_word' id='word_1_798' title='bbox 1146 2500 1304 2535; x_wconf 87' lang='lat' dir='ltr'><strong>conjunctas</strong></span> <span class='ocrx_word' id='word_1_799' title='bbox 1319 2500 1475 2534; x_wconf 86' lang='lat' dir='ltr'><strong>suscipiant.</strong></span> <span class='ocrx_word' id='word_1_800' title='bbox 1500 2499 1618 2534; x_wconf 69' lang='lat' dir='ltr'><strong>Egyptii</strong></span> <span class='ocrx_word' id='word_1_801' title='bbox 1635 2499 1688 2525; x_wconf 85' lang='lat' dir='ltr'><strong>ita--</strong></span> 
     </span>
    </p>
   </div>
   <div class='ocr_carea' id='block_1_110' title="bbox 906 2545 1687 2580">
    <p class='ocr_par' dir='ltr' id='par_1_110' title="bbox 906 2545 1687 2580">
     <span class='ocr_line' id='line_1_110' title="bbox 906 2545 1687 2580; baseline -0.005 -7"><span class='ocrx_word' id='word_1_802' title='bbox 906 2554 958 2580; x_wconf 83' lang='lat' dir='ltr'><strong>que</strong></span> <span class='ocrx_word' id='word_1_803' title='bbox 977 2550 1005 2573; x_wconf 84' lang='lat' dir='ltr'><strong>et</strong></span> <span class='ocrx_word' id='word_1_804' title='bbox 1020 2545 1138 2580; x_wconf 88' lang='lat' dir='ltr'><strong>emporia</strong></span> <span class='ocrx_word' id='word_1_805' title='bbox 1167 2545 1343 2579; x_wconf 70' lang='lat' dir='ltr'><strong>Ethioputn,</strong></span> <span class='ocrx_word' id='word_1_806' title='bbox 1369 2545 1394 2572; x_wconf 91' lang='lat' dir='ltr'><strong>id</strong></span> <span class='ocrx_word' id='word_1_807' title='bbox 1422 2549 1473 2577; x_wconf 84' lang='lat' dir='ltr'><strong>est,</strong></span> <span class='ocrx_word' id='word_1_808' title='bbox 1498 2545 1687 2571; x_wconf 84' lang='lat' dir='ltr'><strong>Thebanorum</strong></span> 
     </span>
    </p>
   </div>
   <div class='ocr_carea' id='block_1_111' title="bbox 907 2589 1687 2626">
    <p class='ocr_par' dir='ltr' id='par_1_111' title="bbox 907 2589 1687 2626">
     <span class='ocr_line' id='line_1_111' title="bbox 907 2589 1687 2626; baseline -0.003 -9"><span class='ocrx_word' id='word_1_809' title='bbox 907 2591 1121 2626; x_wconf 88' lang='lat' dir='ltr'><strong>nrbes(quibus</strong></span> <span class='ocrx_word' id='word_1_810' title='bbox 1144 2591 1241 2618; x_wconf 67' lang='lat' dir='ltr'><strong>accolm</strong></span> <span class='ocrx_word' id='word_1_811' title='bbox 1260 2596 1288 2618; x_wconf 85' lang='lat' dir='ltr'><strong>et</strong></span> <span class='ocrx_word' id='word_1_812' title='bbox 1317 2590 1475 2622; x_wconf 72' lang='lat' dir='ltr'><strong>contermini</strong></span> <span class='ocrx_word' id='word_1_813' title='bbox 1501 2594 1563 2617; x_wconf 84' lang='lat' dir='ltr'><strong>sunt</strong></span> <span class='ocrx_word' id='word_1_814' title='bbox 1581 2589 1618 2621; x_wconf 79' lang='lat' dir='ltr'><strong>hi,</strong></span> <span class='ocrx_word' id='word_1_815' title='bbox 1643 2591 1687 2623; x_wconf 90' lang='lat' dir='ltr'><strong>qui</strong></span> 
     </span>
    </p>
   </div>
   <div class='ocr_carea' id='block_1_112' title="bbox 907 2635 1687 2671">
    <p class='ocr_par' dir='ltr' id='par_1_112' title="bbox 907 2635 1687 2671">
     <span class='ocr_line' id='line_1_112' title="bbox 907 2635 1687 2671; baseline -0.005 -7"><span class='ocrx_word' id='word_1_816' title='bbox 907 2637 1015 2665; x_wconf 80' lang='lat' dir='ltr'><strong>Sabaim</strong></span> <span class='ocrx_word' id='word_1_817' title='bbox 1045 2638 1180 2670; x_wconf 85' lang='lat' dir='ltr'><strong>dicuntur,</strong></span> <span class='ocrx_word' id='word_1_818' title='bbox 1198 2637 1223 2664; x_wconf 91' lang='lat' dir='ltr'><strong>id</strong></span> <span class='ocrx_word' id='word_1_819' title='bbox 1247 2641 1297 2670; x_wconf 88' lang='lat' dir='ltr'><strong>est,</strong></span> <span class='ocrx_word' id='word_1_820' title='bbox 1316 2637 1470 2671; x_wconf 69' lang='lat' dir='ltr'><strong>Ethiopum</strong></span> <span class='ocrx_word' id='word_1_821' title='bbox 1497 2636 1537 2662; x_wconf 88' lang='lat' dir='ltr'><strong>vel</strong></span> <span class='ocrx_word' id='word_1_822' title='bbox 1564 2635 1687 2662; x_wconf 88' lang='lat' dir='ltr'><strong>Indorum</strong></span> 
     </span>
    </p>
   </div>
   <div class='ocr_carea' id='block_1_113' title="bbox 906 2681 1687 2718">
    <p class='ocr_par' dir='ltr' id='par_1_113' title="bbox 906 2681 1687 2718">
     <span class='ocr_line' id='line_1_113' title="bbox 906 2681 1687 2718; baseline -0.005 -8"><span class='ocrx_word' id='word_1_823' title='bbox 906 2687 1008 2718; x_wconf 78' lang='lat' dir='ltr'><strong>gentes,</strong></span> <span class='ocrx_word' id='word_1_824' title='bbox 1030 2683 1116 2710; x_wconf 91' lang='lat' dir='ltr'><strong>sortiti</strong></span> <span class='ocrx_word' id='word_1_825' title='bbox 1135 2682 1337 2717; x_wconf 86' lang='lat' dir='ltr'><strong>appellationem</strong></span> <span class='ocrx_word' id='word_1_826' title='bbox 1356 2681 1477 2709; x_wconf 83' lang='lat' dir='ltr'><strong>fortassis</strong></span> <span class='ocrx_word' id='word_1_827' title='bbox 1494 2688 1509 2708; x_wconf 81' lang='lat' dir='ltr'><strong>a</strong></span> <span class='ocrx_word' id='word_1_828' title='bbox 1523 2681 1603 2712; x_wconf 83' lang='lat' dir='ltr'><strong>Saba,</strong></span> <span class='ocrx_word' id='word_1_829' title='bbox 1622 2684 1687 2706; x_wconf 77' lang='lat' dir='ltr'><strong>tent-</strong></span> 
     </span>
    </p>
   </div>
   <div class='ocr_carea' id='block_1_114' title="bbox 906 2725 1690 2764">
    <p class='ocr_par' dir='ltr' id='par_1_114' title="bbox 906 2725 1690 2764">
     <span class='ocr_line' id='line_1_114' title="bbox 906 2725 1690 2764; baseline -0.004 -10"><span class='ocrx_word' id='word_1_830' title='bbox 906 2729 1014 2762; x_wconf 88' lang='lat' dir='ltr'><strong>porihus</strong></span> <span class='ocrx_word' id='word_1_831' title='bbox 1028 2729 1201 2764; x_wconf 82' lang='lat' dir='ltr'><strong>antegressis,</strong></span> <span class='ocrx_word' id='word_1_832' title='bbox 1219 2736 1313 2756; x_wconf 89' lang='lat' dir='ltr'><strong>eorum</strong></span> <span class='ocrx_word' id='word_1_833' title='bbox 1333 2727 1433 2763; x_wconf 76' lang='lat' dir='ltr'><strong>regioni</strong></span> <span class='ocrx_word' id='word_1_834' title='bbox 1446 2731 1472 2754; x_wconf 82' lang='lat' dir='ltr'><strong>et</strong></span> <span class='ocrx_word' id='word_1_835' title='bbox 1488 2731 1567 2754; x_wconf 67' lang='lat' dir='ltr'><strong>terra!</strong></span> <span class='ocrx_word' id='word_1_836' title='bbox 1579 2725 1690 2759; x_wconf 84' lang='lat' dir='ltr'><strong>imperi-</strong></span> 
     </span>
    </p>
   </div>
   <div class='ocr_carea' id='block_1_115' title="bbox 908 2771 1686 2809">
    <p class='ocr_par' dir='ltr' id='par_1_115' title="bbox 908 2771 1686 2809">
     <span class='ocr_line' id='line_1_115' title="bbox 908 2771 1686 2809; baseline -0.001 -9"><span class='ocrx_word' id='word_1_837' title='bbox 908 2779 980 2801; x_wconf 82' lang='lat' dir='ltr'><strong>tante</strong></span> <span class='ocrx_word' id='word_1_838' title='bbox 991 2774 1184 2808; x_wconf 79' lang='lat' dir='ltr'><strong>),laborarunt,</strong></span> <span class='ocrx_word' id='word_1_839' title='bbox 1199 2775 1295 2809; x_wconf 87' lang='lat' dir='ltr'><strong>inquit.</strong></span> <span class='ocrx_word' id='word_1_840' title='bbox 1314 2773 1494 2807; x_wconf 85' lang='lat' dir='ltr'><strong>Laborarunt,</strong></span> <span class='ocrx_word' id='word_1_841' title='bbox 1505 2771 1628 2799; x_wconf 81' lang='lat' dir='ltr'><strong>bifariam</strong></span> <span class='ocrx_word' id='word_1_842' title='bbox 1646 2771 1686 2799; x_wconf 39' lang='lat' dir='ltr'><strong>ins</strong></span> 
     </span>
    </p>
   </div>
   <div class='ocr_carea' id='block_1_116' title="bbox 1458 2905 1490 2937">
    <p class='ocr_par' dir='ltr' id='par_1_116' title="bbox 1458 2905 1490 2937">
     <span class='ocr_line' id='line_1_116' title="bbox 1458 2905 1490 2937; baseline 0.031 -1"><span class='ocrx_word' id='word_1_843' title='bbox 1458 2905 1490 2937; x_wconf 88' lang='lat'><strong>31</strong></span> 
     </span>
    </p>
   </div>
  </div>
