1883 3055
161 163 209 193 971

163 221 347 256 telligendum.
369 219 415 247 Vel
430 218 501 245 enim
518 217 583 244 illud
608 217 664 244 vult
691 218 840 250 insinuare,
855 217 951 244 defati-
966 219 987 246 Λ

163 273 240 302 gntus
256 266 338 294 fuisse
354 270 378 292 et
395 264 507 292 nillictos
529 263 749 295 intolerabiliter,
764 263 866 291 erroris
883 267 950 290 tem—

164 321 238 347 pore,
257 311 354 339 crudeli
383 316 496 346 tyranno
526 310 695 345 subjugatos,
712 309 830 343 Satanae,
849 315 874 338 et
889 318 950 346 gre-

164 360 242 392 gibus
270 358 419 385 (humanum
444 356 603 388 servientes,
633 355 765 383 sacriﬁcia
791 360 817 383 et
847 355 950 383 fructus

165 406 294 440 ipsorum,
326 403 404 434 ﬁlios,
435 402 556 436 inquam,
577 406 603 428 et
629 401 697 429 ﬁlias
718 401 947 436 deposcentibus:

164 450 205 478 vel
224 450 288 477 olim
311 449 383 475 diros
395 452 422 474 et
440 446 580 479 infractos,
606 451 633 474 et
663 451 875 482 propugnatores
902 454 951 474 an-

164 496 232 530 tiqui
246 495 361 527 erroris,
379 499 404 521 et
428 493 499 521 onmi
518 493 601 520 fretos
617 493 723 525 robore,
737 492 819 528 614
833 497 861 519 ιιι
876 492 951 519 Cra:-

165 542 264 570 cauicze
284 539 415 575 impietati
435 546 490 567 suae
509 539 664 573 iuveniliter
692 539 887 566 adhaerescant.
917 538 951 564 At

165 592 307 624 postquam
323 587 410 614 illuxit
426 586 562 617 Christus,
575 590 602 613 et
618 592 709 612 veram
727 585 814 612 lucem
830 585 949 612 omnium

165 635 191 661 iu
207 634 287 661 corda
309 633 429 665 immisit,
444 636 470 658 et
486 631 568 659 veluti
592 631 688 659 mentis
711 638 744 658 ac
770 630 951 665 intelligentia:

165 680 272 716 quidam
288 678 384 706 lucifer
397 682 507 705 exortus
522 682 563 705 est
579 677 766 710 :laborarunt,
779 677 805 703 id
819 681 871 709 est,
898 684 949 703 non

166 729 332 757 manserunt,
344 729 373 751 ut
389 728 462 756 ante,
477 723 643 758 pervicaces,
653 727 678 749 et
692 722 854 749 remiserunt
868 721 949 748 veluti

164 772 197 798 de
216 771 328 805 pristina
357 769 534 797 contentione
557 776 589 796 ac
601 768 783 799 vehementia,
798 767 950 794 victoriam-

164 823 216 849 que
229 815 312 850 ipsius
327 813 511 848 prtedicationi
527 817 676 841 cesserunt.
695 812 750 840 Nec
762 812 828 839 l'alsa
842 812 890 839 fuit
905 816 951 839 aut

165 861 277 888 mendax
290 860 322 886 de
340 859 392 887 illis
405 859 557 887 oratio.Sic
572 859 642 886 enim
656 858 870 893 sapientissimus
882 857 950 884 Pau-

164 906 206 933 lus
227 905 339 933 scribit:
357 915 366 930 ‹
377 905 427 933 Ubi
443 905 588 932 abundavit
618 910 768 940 peccatum,
785 904 950 940 superabun-

163 952 235 978 davit
249 952 334 986 gratia
348 950 381 977 ".
402 960 412 977 ι
428 950 496 977 Nam
510 949 700 986 [Egyptiorum
722 956 805 982 terra,
826 949 950 984 angustis

163 1002 192 1024 et
216 997 319 1025 sanctis
330 996 453 1024 ccclesiis
466 995 544 1031 plena
563 995 739 1030 conspicitur.
757 995 860 1022 Altaria
888 995 949 1023 ubi-

163 1051 215 1078 que
233 1048 261 1070 et
276 1043 468 1070 monachorum
486 1049 593 1077 greges,
609 1046 637 1069 et
652 1042 785 1077 virginum
809 1043 947 1076 examina,

163 1094 190 1116 et
204 1088 394 1116 exercitiorum
420 1087 526 1115 labores
554 1095 614 1115 eum
642 1088 742 1122 ingenti
757 1087 904 1123 voluptate,
923 1092 951 1115 et

163 1142 258 1161 cursus
281 1135 314 1161 ad
329 1135 505 1168 virtutem,et
526 1141 621 1169 magna
640 1134 767 1162 alacritas
779 1139 807 1162 et
830 1134 948 1167 l'ervcns,

163 1186 260 1215 etquae
276 1180 362 1215 frangi
387 1188 439 1207 non
457 1181 573 1208 sustinet
589 1180 764 1215 :Christique
787 1179 888 1208 cultum
917 1181 950 1208 ad

164 1228 235 1261 ipsos
255 1230 339 1260 usque
361 1226 480 1258 Sabaim,
505 1231 533 1253 et
560 1225 664 1253 Indicas
684 1231 777 1261 gentes
814 1227 951 1261 protendit

163 1279 195 1300 ac
205 1276 344 1307 propagat.
361 1271 408 1299 Est
423 1272 506 1305 enim,
519 1277 561 1300 est
579 1273 670 1300 videre
695 1273 776 1299 etiam
792 1273 862 1307 apud
890 1273 949 1301 illos

161 1324 189 1346 et
202 1318 271 1354 apud
301 1318 420 1352 emporia
449 1317 604 1353 Ethiopian,
620 1318 670 1345 hoc
692 1322 743 1351 est,
755 1317 783 1345 in
806 1317 950 1346 Thebano-

163 1372 221 1391 rum
243 1368 326 1391 terra.
343 1363 389 1391 Isti
407 1371 482 1398 ergo,
515 1364 612 1398 inquit,
630 1362 760 1399 Egyptii,
787 1369 815 1392 et
839 1363 949 1392 Sabaim

161 1410 260 1437 excelsi
280 1410 341 1443 viri,
355 1409 379 1436 id
395 1414 447 1441 est,
464 1409 599 1443 conspicui
617 1414 644 1436 et
667 1409 799 1437 notissimi
814 1410 949 1443 omnibus.

160 1460 187 1482 et
204 1455 266 1482 nulli
282 1463 335 1482 non
356 1455 469 1488 cogniti,
486 1454 557 1488 quod
570 1454 626 1482 sint
645 1454 785 1489 insigniter
801 1454 950 1482 daemonio-

163 1507 220 1527 tum
247 1500 374 1532 cultores,
390 1504 417 1526 et
429 1498 621 1526 diabolicorum
650 1498 820 1526 inventorum
850 1507 951 1534 propu-

162 1551 302 1580 gnat0res,
319 1546 351 1572 ad
381 1550 406 1572 te
421 1545 593 1572 transibunt:
620 1544 646 1571 id
662 1548 715 1577 est,
742 1544 829 1580 primo
856 1545 951 1574 relicto

162 1599 266 1624 errore,
277 1596 304 1619 et
331 1591 486 1619 exsilientes
511 1598 526 1618 a
542 1591 618 1619 fovea
641 1592 776 1624 interitus,
793 1593 903 1620 venient
917 1593 950 1620 ad

164 1642 200 1670 le,
216 1642 243 1665 et
258 1637 305 1665 tibi
320 1641 400 1665 erunt
415 1637 498 1670 Servi,
520 1641 571 1664 tum
587 1637 689 1665 scilicet
703 1637 847 1666 voluntatis
866 1639 952 1666 admi-

163 1683 252 1711 nistri.
271 1683 413 1719 Signiﬁcat
427 1683 499 1711 enim
528 1683 579 1711 hoc
592 1683 731 1711 servitutis
746 1691 845 1711 nomen
861 1692 876 1711 a
896 1684 951 1713 Deo

162 1727 290 1762 positum.
310 1727 465 1761 Sequemur
479 1731 504 1761 te
527 1728 609 1755 vincti
626 1729 750 1756 manicis.
764 1728 899 1762 lnsistent,
915 1731 952 1757 iu-

162 1773 231 1808 quit,
249 1773 301 1800 tuis
316 1773 450 1808 vestigiis,
465 1773 619 1809 evangelica
646 1773 704 1807 lege
734 1775 901 1808 manuducti,
917 1776 950 1804 ad

162 1827 328 1856 quaecunque
362 1819 523 1856 agenda,et
542 1819 701 1847 excellentis
735 1821 797 1848 vitm
826 1823 950 1849 semitam

162 1865 326 1898 transibunt,
338 1865 421 1892 vincti
436 1865 562 1897 manicis,
584 1865 610 1892 id
632 1870 692 1898 est,
710 1866 852 1894 eliaritatis
873 1867 950 1894 nexi-

162 1911 223 1943 bus,
241 1916 268 1938 et
287 1911 463 1945 compedibus
487 1911 687 1946 inexplicabilis
707 1912 734 1939 in
755 1911 838 1939 Deum
865 1913 951 1948 pieta-

163 1956 208 1989 tis,
228 1960 258 1983 ut
278 1955 369 1984 dicere
391 1961 507 1991 queant:
524 1965 533 1982 ι
550 1956 618 1989 Quis
647 1965 696 1985 nos
714 1957 851 1992 separabit
871 1966 886 1985 a
910 1959 950 1986 di-

966 891 987 918 B

965 1570 987 1601 C

162 2001 276 2030 lectione
298 2001 421 2029 Christi?
433 2001 639 2030 Aﬂlictianum
652 2004 774 2038 angustia
788 2003 799 2030 ?
814 2011 877 2031 num
890 2012 951 2039 per-

161 2049 264 2076 secutio
272 2049 284 2075 l
293 2055 356 2076 num
370 2048 476 2076 fames?
490 2057 552 2075 num
569 2048 695 2076 nuditas?
706 2057 770 2076 num
783 2050 952 2084 periculum?

161 2101 225 2121 num
256 2094 359 2128 gladius
372 2094 416 2120 ”?
432 2103 441 2120 ι
455 2094 489 2120 Hi
501 2114 509 2125 ,
525 2094 623 2128 inquit,
643 2095 795 2124 adorabunt
815 2101 852 2130 te,
869 2101 896 2125 et
924 2098 950 2125 in

163 2144 189 2166 te
210 2138 346 2170 orabunt;
366 2138 428 2172 quia
448 2138 474 2164 in
494 2143 520 2166 te
541 2138 611 2165 Deus
640 2144 692 2173 est,
705 2145 731 2167 et
747 2148 799 2168 non
817 2147 859 2169 est
881 2143 951 2170 Deus

162 2189 259 2219 prater
286 2187 323 2210 te.
345 2183 384 2210 Tu
407 2184 478 2210 enim
508 2191 538 2212 es
559 2184 690 2218 Deus,et
722 2193 774 2213 non
809 2188 949 2221 novimus,

657 158 684 185 S.
706 157 842 186 CYRILLI
863 156 1094 184 ALEXANDRINI
1118 157 1277 186 ARCHIEP.

1745 160 1801 188 972

1000 217 1128 252 λαχόντες
1140 217 1178 249 ὡς
1189 217 1243 243 ἀπό
1256 225 1287 251 γε
1300 217 1348 252 τῆς
1362 217 1435 244 seca
1449 218 1497 252 τῆς
1510 216 1712 252 βασιλευσάσης
1723 219 1801 246 κατὰ

1001 264 1112 299 καιροὺς
1134 263 1184 298 τῆς
1207 263 1296 290 αὐτῶν
1312 262 1403 299 χώρας
1425 271 1454 290 τε
1471 263 1517 290 καὶ
1541 263 1616 298 γῆς),
1635 263 1799 298 ὲκοπίασαν,

1001 309 1078 344 φησί·
1093 309 1123 335 τὸ
1146 309 1185 341 δὲ,
1206 308 1380 340 Ἐκοπίασαν,
1396 308 1455 344 διχῇ
1471 308 1591 343 νοητέον·
1607 308 1625 343 ἢ
1641 308 1697 343 γὰρ
1709 309 1801 335 ἐκεῖνο

1002 355 1124 390 βούλεται
1144 355 1251 390 δηλοῦν,
1268 355 1308 381 ὅτι
1334 355 1507 390 κεκμήκασιν
1525 354 1555 381 οὐ
1571 354 1710 390 φορητῶς,
1727 357 1800 382 κατά

1001 410 1032 435 γε
1047 401 1093 428 τὸν
1105 402 1151 428 τοῦ
1166 400 1317 428 πλανᾶσθαι
1336 401 1431 437 καιρὸν
1443 401 1510 436 ὠμῷ
1526 401 1653 436 τυράννῳ
1669 401 1801 432 κατεζευ-

1001 447 1097 481 γμὲνοι
1114 446 1152 482 τῷ
1166 447 1283 482 Σατανᾷ,
1305 447 1352 473 καὶ
1366 447 1425 478 ταῖς
1443 446 1497 473 τῶν
1511 446 1658 481 δαιμονίων
1683 445 1799 480 ἀγέλαις

1000 492 1170 525 δουλεύοντες
1196 492 1346 526 ὲξαιτοῦντι
1368 492 1472 524 θυσίας,
1494 493 1540 520 καὶ
1556 492 1626 519 αὐτὰ
1649 492 1686 519 τὰ
1706 492 1800 519 αὐτῶν

1002 539 1169 574 γεννήματα,
1186 539 1259 571 υἱούς
1272 539 1301 565 τέ
1318 547 1388 574 φημι
1407 539 1452 566 καὶ
1471 538 1641 575 θυγατέρας·
1657 540 1746 574 ἤγουν
1759 539 1799 566 ὃτι

1002 584 1085 611 πάλαι
1102 586 1150 620 μὲν
1171 582 1240 621 ἦσαν
1259 585 1340 611 δεινοὶ⁸
1357 585 1404 612 καὶ
1420 584 1578 620 ἄθραυστοι,
1595 585 1644 611 καὶ
1665 581 1724 611 οἷον
1745 584 1798 611 ὑπ-

1002 630 1134 657 ασπισταὶ
1144 630 1194 665 τῆς
1207 631 1323 666 ἀρχαίας
1335 630 1454 666 ἀπάτης,
1465 631 1513 657 καὶ
1528 631 1616 657 σθένει
1629 630 1715 657 παντὶ
1725 631 1799 666 χρώ-

1003 685 1077 711 μενοι
1096 677 1163 712 πρός
1176 685 1207 711 γε
1221 677 1251 703 τὸ
1264 677 1318 704 δεῖν
1337 677 1447 712 ἔχεσθαι
1460 677 1593 708 νεανικῶς
1612 677 1664 711 τῆς
1684 685 1798 711 προκει-

1004 723 1087 758 μένης
1110 723 1202 755 αὺτοῖς
1217 723 1551 759 δυσσεϐείαςἘλληνικῆς.
1573 722 1686 758 Ἐπειδὴ
1703 722 1732 749 δὲ
1745 723 1795 748 ἑπ-

1001 769 1122 804 έλαμψεν
1135 770 1149 795 ὀ
1165 769 1295 804 Χριστὸς,
1311 770 1358 796 καὶ
1372 769 1429 804 φῶς
1445 770 1476 796 τὺ
1491 769 1618 804 ἀληθινὸν
1632 769 1695 799 ταῖς
1711 769 1798 796 ἀπάν-

1001 823 1054 840 των
1067 814 1150 849 ἀνῆκε
1164 814 1300 850 καρδίαις,
1319 814 1365 840 καὶ
1381 814 1475 849 ὥσπερ
1489 823 1530 846 τις
1544 813 1641 848 νοητὸς
1660 813 1801 840 ἀνέτειλεν

1002 860 1149 895 ἑωσφόρος,
1171 859 1330 890 ὲκοπίασαν,
1353 859 1425 886 τοῦτ’
1447 859 1530 890 ἐστιν,
1550 859 1582 885 οὐ
1606 859 1800 894 μεμενήκασιν

1004 905 1167 938 ὲνστατικοὶ,
1182 905 1254 931 καθά
1266 904 1312 930 καὶ
1326 905 1468 940 πρότερον,
1482 904 1648 939 καθυφῆκαν
1660 904 1690 931 δὲ
1701 904 1801 940 ὥσπερ

1002 951 1049 978 τοῦ
1074 951 1158 978 πάλαι
1184 950 1272 984 τόνου,
1296 951 1546 986 παραχωρήσαντες
1573 951 1605 977 τὸ
1633 951 1714 986 νικᾷν
1743 953 1802 982 τοῖς

1003 998 1068 1034 περὶ
1089 997 1171 1024 αὐτοῦ
1200 996 1371 1032 κηρύγμασι,
1392 996 1562 1032 κατεψεύσθη
1586 997 1614 1023 δὲ
1635 997 1767 1028 οὐδαμῶς
1786 998 1800 1023 ό

1003 1044 1067 1080 περὶ
1084 1044 1184 1071 τούτων
1198 1042 1287 1078 λόγος.
1303 1043 1346 1075 Ὠς
1361 1043 1415 1078 γὰρ
1430 1044 1444 1070 ό
1457 1043 1594 1077 πάνσοφος
1609 1043 1713 1078 γράερει
1725 1042 1800 1069 Παῦ-

1002 1092 1058 1123 λος·
1078 1101 1087 1116 ι
1104 1087 1140 1118 Οὖ
1161 1090 1324 1117 ἐπλεόνασεν
1341 1090 1358 1125 ἡ
1377 1089 1508 1125 ἁμαρτία,
1530 1089 1801 1125 ὑπερεπερίσσευσεν

1004 1139 1020 1174 ἡ
1038 1138 1128 1173 χάρις.
1146 1147 1155 1162 ι
1175 1133 1287 1172 ῑῘλήρης
1301 1136 1356 1171 γὰρ
1370 1137 1387 1171 ἡ
1400 1135 1454 1162 τῶν
1471 1135 1630 1169 Αἰγυπτίων
1652 1135 1751 1170 ὁρᾶται
1764 1135 1800 1170 γῆ

1005 1184 1111 1212 σεπτῶν
1126 1184 1174 1211 καὶ
1190 1178 1276 1218 ἀγίων
1291 1182 1453 1218 ἐκκλησιῶν.
1476 1182 1668 1217 Θυσιαστήρια
1691 1189 1798 1208 παντα-

1004 1230 1052 1267 χοῦ
1074 1231 1121 1257 καὶ
1137 1229 1278 1266 μοναττῶν
1294 1229 1401 1263 ἀγέλαι,
1419 1228 1466 1255 καὶ
1481 1227 1626 1263 παρθένων
1644 1227 1736 1262 ἑσμοὶ,
1752 1226 1801 1254 καὶ

1003 1278 1147 1312 ἀσκήσεων
1168 1276 1243 1302 πόνοι
1262 1276 1310 1302 σὺν
1326 1274 1446 1310 θυμηδίᾳ
1466 1274 1549 1309 πολλῇ
1572 1273 1621 1300 καὶ
1640 1273 1743 1309 δρόμος
1760 1274 1800 1305 είς

1003 1324 1115 1360 ἀρετὴν,
1133 1322 1181 1350 καὶ
1194 1321 1335 1358 προθυμία
1348 1320 1443 1356 πολλὴ,
1458 1319 1602 1356 σφριγῶσά
1613 1328 1643 1346 τε
1661 1320 1708 1346 καὶ
1720 1320 1800 1346 ἐκκό-

1004 1369 1119 1398 πτεσθαι
1135 1369 1171 1404 μὴ
1181 1368 1331 1403 ἀνεχομένη
1341 1367 1386 1393 καὶ
1398 1366 1438 1401 τῷ
1453 1366 1510 1402 [πρ.
1521 1366 1563 1401 τὸ]
1574 1365 1696 1401 Χριστοῦ
1710 1373 1801 1401 παραα

1004 1416 1085 1443 τείνει
1108 1414 1199 1446 σέϐας,
1222 1414 1269 1440 καὶ
1291 1412 1387 1448 μέχρις
1412 1411 1502 1439 αὐτῶν
1522 1411 1577 1437 τῶν
1596 1410 1717 1445 Σαόαῒμ,
1739 1410 1799 1445 ἦτοι

1003 1461 1058 1488 τῶν
1080 1459 1198 1487 Ἰνδικῶν
1213 1458 1307 1485 ἐθνῶν.
1325 1458 1403 1483 Ἐστι
1420 1457 1484 1492 γὰρ,
1500 1455 1557 1482 ἔστι
1571 1456 1618 1482 καὶ
1636 1455 1704 1490 παρ’
1720 1455 1795 1480 ὲκεί-

1005 1515 1059 1537 νοις
1075 1505 1138 1532 ἰδεῖν
1153 1504 1203 1530 ὅσα
1220 1503 1266 1530 καὶ
1282 1503 1309 1529 ὲν
1322 1501 1463 1537 Αἰγύπτῳ,
1476 1501 1521 1527 καὶ
1536 1502 1565 1527 ὲν
1581 1502 1639 1532 τοῖς
1653 1501 1800 1536 ἐμπορίας

1006 1552 1056 1588 τῆς
1068 1550 1221 1581 Αἰθιοπίας,
1234 1548 1306 1575 τοῦτ’
1319 1548 1401 1579 ἐστιν,
1419 1548 1448 1574 ὲν
1466 1548 1498 1582 τῇ
1512 1547 1640 1582 Θηὸαίων
1652 1548 1700 1582 γῇ.
1717 1544 1799 1574 Οὗτοι

1002 1598 1034 1634 δὴ
1047 1595 1093 1624 οὖν
1104 1598 1128 1623 οἱ
1140 1596 1294 1630 Αἰγύπτιοι,
1311 1594 1388 1630 φησὶ,
1402 1594 1450 1620 καὶ
1460 1594 1483 1620 οξ
1497 1593 1711 1628 Σαὸαῒμᾶνδρες
1722 1593 1800 1624 ὄντες

1002 1644 1109 1681 ὑψηλοὶ,
1126 1642 1197 1670 τοῦτ’
1216 1642 1300 1674 ἔστιν,
1317 1640 1494 1672 ἀπόϐλεπτοι,
1518 1639 1565 1666 καὶ
1586 1639 1801 1674 γνωριμώτατοι

1002 1692 1057 1722 τοῖς
1072 1688 1240 1725 ἁπανταχοῦ,
1256 1688 1303 1714 καὶ
1316 1687 1497 1722 ἀγνοηθέντες
1512 1686 1600 1713 οὐδενὶ
1618 1687 1661 1712 ὅτι
1679 1686 1708 1712 τέ
1729 1687 1800 1713 εἰσιν

1002 1735 1179 1772 ὲξῃρημένως
1200 1734 1346 1770 δαιμονίων
1368 1733 1547 1768 θεραπευταὶ,
1571 1733 1618 1760 καὶ
1636 1733 1802 1759 διαῦολικῶν

1002 1783 1162 1819 εὐρεμάτων
1173 1780 1402 1814 ὑπασπισταὶ,ὲπὶ
1415 1780 1445 1806 σὲ
1452 1779 1638 1815 διαϐήσονται,
1650 1779 1722 1806 τοῦτ’
1731 1780 1798 1812 ἐστι,

1001 1827 1051 1863 τὴν
1070 1826 1183 1863 πρώτην
1199 1826 1315 1861 ἀφέντες
1334 1824 1453 1860 ἀπάτην,
1467 1825 1515 1851 καὶ
1529 1824 1583 1851 τῶν
1594 1824 1646 1859 τῆς
1660 1824 1799 1855 ἀπωλείας

1002 1873 1111 1909 βάθρων
1121 1872 1357 1908 ἀποπηδήσαντες,
1369 1871 1464 1906 ἥξουσι
1477 1870 1544 1906 πρδς
1558 1871 1599 1903 σὲ,
1613 1871 1661 1897 καί
1673 1879 1714 1897 σοι
1726 1870 1801 1897 ἔσον-

1001 1929 1047 1948 ται
1064 1920 1160 1951 δοῦλοι,
1180 1920 1227 1946 καὶ
1241 1918 1296 1945 τῶν
1315 1918 1368 1944 σῶν
1379 1917 1500 1952 δηλονότι
1513 1917 1678 1952 θελημάτων
1696 1917 1799 1951 ὑπουρ-

1001 1966 1055 2001 γοί.
1074 1964 1282 2001 Κατασημαίνει
1296 1964 1351 2000 γάρ
1366 1963 1446 1990 τοῦτο
1460 1963 1490 1990 τδ
1506 1964 1555 1998 τῆς
1572 1963 1698 1995 δουλείας
1712 1963 1800 1997 temp:

1001 2012 1157 2048 τεθειμένον
1170 2011 1216 2038 ἐπὶ
1232 2010 1311 2037 Θεοῦ.
1330 2010 1432 2037 Ὀπίσω
1453 2018 1499 2036 σου
1515 2009 1734 2045 ἀκολουθήσουσι
1754 2009 1799 2035 δε-

1000 2059 1108 2094 δεμένοι
1132 2056 1314 2093 χειροπέδαις.
1343 2055 1502 2083 Βαδιοῦνται
1530 2056 1585 2092 γὰρ
1611 2056 1674 2082 κατ’
1709 2056 1796 2090 ἰχνος,

1002 2104 1079 2140 φησὶ,
1098 2104 1128 2130 τὸ
1144 2103 1198 2134 σὸν,
1213 2103 1270 2134 τοῖς
1284 2102 1471 2137 εὐαΠελικοίς
1485 2101 1738 2137 χειραγωγούμενοι
1755 2102 1799 2129 νό-

1004 2158 1064 2186 μοις
1085 2150 1125 2181 εῐς
1140 2149 1244 2175 ἕκαστα
1261 2147 1315 2174 τῶν
1329 2147 1486 2184 πρακτέων,
1503 2147 1549 2174 καὶ
1563 2146 1612 2182 τὴν
1630 2147 1682 2182 τῆς
1696 2146 1800 2182 ἐξαιρέ-

1001 2205 1048 2222 του
1071 2195 1142 2230 ζωῆς
1166 2194 1317 2221 διελάσουσι
1336 2193 1430 2229 τρίϐον
1450 2193 1589 2228 δεδεμένοι
1612 2193 1797 2228 χειροπῶαις,

170 2230 242 2257 Deus
265 2229 347 2257 lsrael
369 2235 500 2258 servator.
521 2230 619 2260 Flectit
637 2233 708 2260 enim
735 2234 854 2262 omnium
885 2235 913 2263 St

1054 2241 1074 2267 τ’
1095 2240 1163 2272 ἐστι,
1187 2240 1297 2275 δεσμοῖς
1331 2239 1451 2275 ἀγάπης,
1483 2239 1530 2265 καὶ
1553 2239 1659 2274 σειραῖς
1677 2239 1797 2274 ἀρρήτου

162 2276 246 2303 vatori
262 2275 373 2302 Christo
400 2281 480 2304 omne
501 2283 581 2311 genu,
597 2282 625 2305 et
643 2279 730 2307 omnis
758 2280 848 2316 lingua
868 2281 952 2308 conli-

163 2325 244 2354 tetur,
255 2325 282 2348 et
300 2321 326 2348 in
339 2321 426 2356 ipsum
441 2323 528 2350 omnis
548 2324 669 2358 precatio
690 2325 800 2353 desinit.
820 2326 846 2354 In
875 2327 952 2355 Chri-

161 2371 204 2394 sto
222 2366 293 2393 enim
316 2367 433 2401 petimus
450 2374 464 2394 a
482 2367 536 2395 Deo
553 2373 581 2396 et
605 2369 686 2397 Patre
701 2371 834 2405 postulata
848 2393 856 2404 ,
875 2377 902 2400 et
925 2374 950 2401 in

161 2412 219 2444 ipso
239 2418 360 2444 oramus,
378 2412 536 2440 conﬁtentes
553 2414 634 2441 etiam
654 2414 737 2452 615
757 2416 784 2444 in
799 2417 855 2452 ipso
867 2417 950 2446 Deum

159 2464 231 2488 esse,
251 2461 278 2484 et
307 2462 404 2492 praeter
426 2458 512 2493 ipsum
537 2468 590 2487 non
613 2468 674 2489 esse
701 2461 795 2489 Deum.
818 2463 870 2491 Sed
907 2470 949 2491 et-

158 2503 230 2530 euim
250 2504 350 2531 sentire
365 2511 414 2532 nos
433 2505 534 2539 docuit,
556 2513 616 2534 eum
643 2508 680 2535 ait
697 2509 788 2536 divino
804 2509 948 2546 discipulo,

160 2549 286 2584 l‘bilippo
309 2551 412 2578 scilicet
431 2551 454 2567 "
474 2559 480 2577 :
506 2561 515 2577 ε
539 2552 626 2581 Tanto
657 2558 776 2590 tempore
809 2556 946 2585 vobiscum

159 2604 236 2630 sum,
251 2600 277 2624 et
295 2605 337 2625 me
349 2605 401 2625 non
421 2599 501 2632 nosti,
521 2599 664 2635 Philippe?
685 2601 741 2629 Non
760 2604 857 2638 credis,
878 2605 949 2641 qttod

158 2649 209 2676 ego
237 2641 263 2669 in
295 2641 385 2676 Patre,
405 2649 432 2671 et
451 2643 532 2672 Pater
556 2646 583 2674 in
601 2654 643 2674 me
661 2648 724 2675 est?
741 2649 786 2684 qui
820 2650 887 2678 vidit
907 2660 950 2681 me

159 2686 342 2715 viditPatrem
359 2692 457 2728 meum.
472 2690 528 2726 Ego
552 2696 579 2719 et
600 2692 680 2721 Pater
693 2702 777 2722 unum
802 2703 895 2724 sumus
907 2718 914 2726 .
935 2707 945 2724 ι

158 2733 250 2768 Itaque
270 2735 351 2763 illud:
365 2735 478 2777 Deusin
497 2742 524 2765 te
539 2744 594 2774 est;
606 2744 648 2768 et:
664 2739 722 2768 Non
733 2745 774 2769 est
786 2741 857 2770 Deus
877 2751 948 2778 pra:-

159 2784 201 2807 ter
227 2784 263 2815 te,
282 2781 352 2809 idem
372 2782 472 2816 valent,
497 2783 623 2819 idemque
639 2785 778 2821 denotant,
796 2789 867 2823 quod
883 2798 892 2815 ι
910 2788 944 2817 Et

1001 2287 1152 2322 φιλοθεῖας,
1169 2286 1240 2313 ὥστε
1256 2286 1386 2313 δύνασθαι
1410 2285 1510 2320 λέγειν’
1529 2295 1538 2311 ι
1557 2285 1605 2317 Τίς
1627 2286 1703 2321 ἡμᾶς
1720 2285 1799 2321 χωρί-

1002 2340 1043 2358 σει
1067 2331 1122 2358 ἀπὸ
1143 2331 1193 2366 τῆς
1209 2331 1318 2367 ἀγάπης
1333 2331 1379 2357 τοῦ
1397 2330 1536 2366 Χριστοῦ,
1554 2330 1654 2365 Θλίψις,
1671 2330 1689 2365 ἦ
1709 2339 1799 2357 στενο-

1001 2377 1101 2413 χωρία,
1118 2377 1133 2412 ἦ
1152 2376 1281 2412 διωγμὸς,
1296 2377 1312 2412 ἢ
1331 2376 1420 2412 λιμὸς,
1434 2376 1450 2411 ἢ
1465 2377 1614 2412 γυμνότης,
1630 2375 1647 2412 ἢ
1662 2376 1795 2408 κίνδυνος,

1001 2423 1017 2458 ἢ
1038 2424 1174 2459 μάχαιρα;
1193 2433 1201 2448 ι
1219 2420 1298 2450 Οἶοτοι
1325 2422 1546 2458 προσκυνήσουσί
1571 2431 1623 2453 σοι,
1650 2422 1729 2457 φησὶ.
1751 2423 1798 2449 καὶ

1002 2469 1030 2494 ὲν
1047 2469 1088 2495 σοι
1104 2467 1307 2504 προσεύξονται,
1323 2469 1364 2494 ὅτι
1385 2468 1453 2500 Θεὸς
1477 2468 1506 2494 ὲν
1530 2467 1571 2494 σοί
1591 2468 1660 2499 ἐστι,
1679 2468 1726 2494 καὶ
1748 2468 1796 2494 οὐκ

1002 2514 1059 2541 ἔστι
1070 2515 1147 2547 Θεὸς,
1158 2514 1226 2550 πλὴν
1237 2515 1294 2541 σοῦ.
1308 2515 1344 2541 Σὺ
1358 2514 1412 2550 γὰρ
1424 2512 1449 2541 εἴ
1458 2514 1535 2547 Θεὸς,
1550 2514 1597 2541 καὶ
1609 2514 1660 2540 οὐκ
1675 2513 1794 2550 ᾔδειμεν,

1002 2561 1017 2587 ὁ
1032 2560 1098 2592 Θεὸς
1116 2560 1163 2588 τοῦ
1181 2561 1289 2596 Ἰσραὴλ
1304 2561 1404 2596 σωτήρ.
1424 2560 1554 2596 Κάμπτει
1568 2560 1623 2595 γὰρ
1634 2559 1674 2595 τῷ
1690 2561 1795 2587 πάντων

1001 2606 1107 2642 Σωτῆρι
1120 2606 1234 2642 Χριστῷ
1256 2607 1310 2632 πᾶν
1324 2606 1399 2640 γόνυ,
1415 2606 1461 2632 καὶ
1478 2606 1553 2633 πᾶσα
1569 2605 1683 2639 γλῶσσα
1700 2605 1794 2641 ἐξομο-

999 2653 1129 2687 λογεῖται,
1145 2654 1191 2680 καὶ
1204 2655 1244 2685 είς
1259 2653 1341 2679 αὑτὸν
1356 2652 1464 2688 ἔρχεται
1478 2653 1532 2680 πᾶν
1547 2652 1634 2688 πέρας
1650 2651 1795 2687 εὐχῆς.Ἐν

998 2699 1110 2736 Χριστῷ
1123 2700 1178 2735 γὰρ
1193 2699 1321 2735 αἰτοῦμεν
1339 2699 1416 2736 παρά
1428 2698 1496 2726 Θεοῦ
1514 2698 1560 2726 καὶ
1577 2698 1688 2734 Πατρδς
1704 2698 1740 2724 τὰ
1755 2699 1795 2725 αι-

997 2745 1118 2780 τήματα,
1140 2746 1187 2772 καὶ
1207 2746 1236 2772 ἐν
1256 2745 1332 2781 αὐτῷ
1359 2744 1579 2781 προσευχόμεθα,
1599 2744 1795 2781 ὁμολογοῦντες

998 2791 1039 2818 ὅτι
1058 2791 1105 2819 καὶ
1128 2793 1158 2819 ὲν
1172 2791 1248 2828 αὑτῷ
1267 2791 1334 2826 Θεός
1353 2792 1422 2827 ἐστι,
1441 2792 1487 2820 καὶ
1501 2792 1551 2819 οὐκ
1564 2791 1623 2820 ἔστι
1642 2792 1712 2824 Θεὸς
1728 2791 1793 2829 πλὴν

196 2866 218 2884 ¹¹
231 2868 310 2898 Rom.
328 2871 411 2905 v,20.
449 2871 472 2888 ³⁸
486 2871 565 2900 Rom.
590 2880 647 2906 vnt,
664 2874 707 2902 55.
747 2875 770 2892 ³⁸
780 2875 859 2905 Joan.
885 2885 939 2911 xlv,

304 2889 310 2896 .
328 2871 411 2905 v,20.
449 2871 472 2888 ³⁸
486 2871 565 2900 Rom.
590 2880 647 2906 \‘lll,
664 2874 707 2902 55.
747 2875 770 2892 ³⁸
780 2875 859 2905 Joan.
885 2885 942 2911 xlv,
960 2877 988 2913 9,
1003 2878 1045 2907 10.
