  <div class='ocr_page' id='page_1' title='image "/cluster/home/n/w/nwhite01/storage/ocr_20150623/70/njp.32101077772737/594.png"; bbox 0 0 1883 3055; ppageno 0'>
   <div class='ocr_carea' id='block_1_1' title="bbox 97 144 1729 181">
    <p class='ocr_par' dir='ltr' id='par_1_1' title="bbox 97 144 1729 181">
     <span class='ocr_line' id='line_1_1' title="bbox 97 144 1729 181; baseline 0.006 -10"><span class='ocrx_word' id='word_1_1' title='bbox 97 144 150 172; x_wconf 77' lang='lat'><strong>973</strong></span> <span class='ocrx_word' id='word_1_2' title='bbox 655 146 700 174; x_wconf 85' lang='lat' dir='ltr'><strong>.lN</strong></span> <span class='ocrx_word' id='word_1_3' title='bbox 721 147 836 176; x_wconf 73' lang='lat' dir='ltr'><strong>ISAIMI</strong></span> <span class='ocrx_word' id='word_1_4' title='bbox 859 148 924 176; x_wconf 84' lang='lat' dir='ltr'><strong>LIB.</strong></span> <span class='ocrx_word' id='word_1_5' title='bbox 947 148 990 176; x_wconf 73' lang='lat' dir='ltr'><strong>IV.</strong></span> <span class='ocrx_word' id='word_1_6' title='bbox 1012 147 1118 176; x_wconf 76' lang='lat' dir='ltr'><strong>ORAT.</strong></span> <span class='ocrx_word' id='word_1_7' title='bbox 1141 147 1172 175; x_wconf 91' lang='lat' dir='ltr'><strong>ll.</strong></span> <span class='ocrx_word' id='word_1_8' title='bbox 1675 154 1729 181; x_wconf 78' lang='lat' dir='ltr'><strong>97i</strong></span> 
     </span>
    </p>
   </div>
   <div class='ocr_carea' id='block_1_2' title="bbox 97 202 881 244">
    <p class='ocr_par' dir='ltr' id='par_1_2' title="bbox 97 202 881 244">
     <span class='ocr_line' id='line_1_2' title="bbox 97 202 881 244; baseline 0.006 -14"><span class='ocrx_word' id='word_1_9' title='bbox 97 203 188 230; x_wconf 75' lang='grc' dir='ltr'>αὐτοῦ.</span> <span class='ocrx_word' id='word_1_10' title='bbox 218 203 295 231; x_wconf 72' lang='grc' dir='ltr'>Οὕτω</span> <span class='ocrx_word' id='word_1_11' title='bbox 321 202 375 239; x_wconf 77' lang='grc' dir='ltr'><strong>γὰρ</strong></span> <span class='ocrx_word' id='word_1_12' title='bbox 396 203 470 239; x_wconf 78' lang='grc' dir='ltr'>ἡμᾶς</span> <span class='ocrx_word' id='word_1_13' title='bbox 493 205 600 240; x_wconf 75' lang='grc' dir='ltr'><strong>φρονεῖν</strong></span> <span class='ocrx_word' id='word_1_14' title='bbox 619 205 721 239; x_wconf 74' lang='grc' dir='ltr'>ἐδίδαξε</span> <span class='ocrx_word' id='word_1_15' title='bbox 747 207 832 242; x_wconf 76' lang='grc' dir='ltr'>λέγων</span> <span class='ocrx_word' id='word_1_16' title='bbox 853 208 881 244; x_wconf 62' lang='grc' dir='ltr'>τῇ</span> 
     </span>
    </p>
   </div>
   <div class='ocr_carea' id='block_1_3' title="bbox 971 202 1729 244">
    <p class='ocr_par' dir='ltr' id='par_1_3' title="bbox 971 207 1729 243">
     <span class='ocr_line' id='line_1_3' title="bbox 971 207 1729 243; baseline 0.004 -7"><span class='ocrx_word' id='word_1_17' title='bbox 971 209 1063 236; x_wconf 86' lang='lat' dir='ltr'><strong>crhum</strong></span> <span class='ocrx_word' id='word_1_18' title='bbox 1083 212 1143 236; x_wconf 84' lang='lat' dir='ltr'><strong>erat</strong></span> <span class='ocrx_word' id='word_1_19' title='bbox 1169 208 1239 243; x_wconf 88' lang='lat' dir='ltr'><strong>apud</strong></span> <span class='ocrx_word' id='word_1_20' title='bbox 1259 207 1364 240; x_wconf 85' lang='lat' dir='ltr'><strong>Deum,</strong></span> <span class='ocrx_word' id='word_1_21' title='bbox 1380 212 1407 236; x_wconf 91' lang='lat' dir='ltr'><strong>et</strong></span> <span class='ocrx_word' id='word_1_22' title='bbox 1426 208 1497 237; x_wconf 85' lang='lat' dir='ltr'><strong>Deus</strong></span> <span class='ocrx_word' id='word_1_23' title='bbox 1513 213 1571 237; x_wconf 87' lang='lat' dir='ltr'><strong>erat</strong></span> <span class='ocrx_word' id='word_1_24' title='bbox 1600 210 1729 239; x_wconf 82' lang='lat' dir='ltr'><strong>Verbum.</strong></span> 
     </span>
    </p>
   </div>
   <div class='ocr_carea' id='block_1_4' title="bbox 96 247 881 291">
    <p class='ocr_par' dir='ltr' id='par_1_4' title="bbox 96 247 881 289">
     <span class='ocr_line' id='line_1_4' title="bbox 96 247 881 289; baseline 0.008 -13"><span class='ocrx_word' id='word_1_25' title='bbox 96 250 234 286; x_wconf 78' lang='grc' dir='ltr'><strong>θεσπεσίῳ</strong></span> <span class='ocrx_word' id='word_1_26' title='bbox 260 249 368 285; x_wconf 74' lang='grc' dir='ltr'>μαθητῇ</span> <span class='ocrx_word' id='word_1_27' title='bbox 389 250 538 285; x_wconf 68' lang='grc' dir='ltr'>(Φίλιππος</span> <span class='ocrx_word' id='word_1_28' title='bbox 558 247 636 284; x_wconf 77' lang='grc' dir='ltr'>οὗτος</span> <span class='ocrx_word' id='word_1_29' title='bbox 651 250 712 289; x_wconf 83' lang='grc' dir='ltr'>ἧν)·</span> <span class='ocrx_word' id='word_1_30' title='bbox 731 263 740 279; x_wconf 79' lang='grc' dir='ltr'><strong>ι</strong></span> <span class='ocrx_word' id='word_1_31' title='bbox 758 254 881 282; x_wconf 63' lang='grc' dir='ltr'>Τοσοῦτοε</span> 
     </span>
    </p>
   </div>
   <div class='ocr_carea' id='block_1_5' title="bbox 971 247 1731 291">
    <p class='ocr_par' dir='ltr' id='par_1_5' title="bbox 971 255 1731 291">
     <span class='ocr_line' id='line_1_5' title="bbox 971 255 1731 291; baseline 0.007 -10"><span class='ocrx_word' id='word_1_32' title='bbox 971 262 999 282; x_wconf 81' lang='lat' dir='ltr'><strong>ne</strong></span> <span class='ocrx_word' id='word_1_33' title='bbox 1027 259 1086 282; x_wconf 83' lang='lat' dir='ltr'><strong>erat</strong></span> <span class='ocrx_word' id='word_1_34' title='bbox 1119 255 1144 282; x_wconf 91' lang='lat' dir='ltr'><strong>in</strong></span> <span class='ocrx_word' id='word_1_35' title='bbox 1165 255 1298 290; x_wconf 83' lang='lat' dir='ltr'><strong>principio</strong></span> <span class='ocrx_word' id='word_1_36' title='bbox 1325 257 1395 291; x_wconf 88' lang='lat' dir='ltr'><strong>apud</strong></span> <span class='ocrx_word' id='word_1_37' title='bbox 1425 256 1509 284; x_wconf 86' lang='lat' dir='ltr'><strong>Deum</strong></span> <span class='ocrx_word' id='word_1_38' title='bbox 1525 257 1558 283; x_wconf 86' lang='lat'><strong>&quot;.</strong></span> <span class='ocrx_word' id='word_1_39' title='bbox 1579 266 1588 283; x_wconf 68' lang='grc' dir='ltr'><strong>ι</strong></span> <span class='ocrx_word' id='word_1_40' title='bbox 1610 256 1658 285; x_wconf 83' lang='lat' dir='ltr'><strong>Sin</strong></span> <span class='ocrx_word' id='word_1_41' title='bbox 1687 258 1731 286; x_wconf 86' lang='lat' dir='ltr'><strong>cui</strong></span> 
     </span>
    </p>
   </div>
   <div class='ocr_carea' id='block_1_6' title="bbox 94 296 881 336">
    <p class='ocr_par' dir='ltr' id='par_1_6' title="bbox 94 296 873 335">
     <span class='ocr_line' id='line_1_6' title="bbox 94 296 873 335; baseline 0.006 -12"><span class='ocrx_word' id='word_1_42' title='bbox 94 296 190 332; x_wconf 80' lang='grc' dir='ltr'>χρόνον</span> <span class='ocrx_word' id='word_1_43' title='bbox 205 296 266 331; x_wconf 82' lang='grc' dir='ltr'>μεθ’</span> <span class='ocrx_word' id='word_1_44' title='bbox 276 296 354 332; x_wconf 83' lang='grc' dir='ltr'>ὑμῶν</span> <span class='ocrx_word' id='word_1_45' title='bbox 365 297 433 331; x_wconf 76' lang='grc' dir='ltr'>ειμι,</span> <span class='ocrx_word' id='word_1_46' title='bbox 447 298 494 324; x_wconf 78' lang='grc' dir='ltr'>καὶ</span> <span class='ocrx_word' id='word_1_47' title='bbox 505 298 555 324; x_wconf 83' lang='grc' dir='ltr'>οὐκ</span> <span class='ocrx_word' id='word_1_48' title='bbox 567 298 690 332; x_wconf 80' lang='grc' dir='ltr'>ἔγνωκάς</span> <span class='ocrx_word' id='word_1_49' title='bbox 702 309 746 335; x_wconf 87' lang='grc' dir='ltr'><strong>με,</strong></span> <span class='ocrx_word' id='word_1_50' title='bbox 757 301 873 328; x_wconf 79' lang='grc' dir='ltr'><strong>Φίλιππε</strong></span> 
     </span>
    </p>
   </div>
   <div class='ocr_carea' id='block_1_7' title="bbox 971 296 1734 336">
    <p class='ocr_par' dir='ltr' id='par_1_7' title="bbox 971 301 1734 336">
     <span class='ocr_line' id='line_1_7' title="bbox 971 301 1734 336; baseline 0.004 -8"><span class='ocrx_word' id='word_1_51' title='bbox 971 307 1023 328; x_wconf 71' lang='grc' dir='ltr'>ιοιιι</span> <span class='ocrx_word' id='word_1_52' title='bbox 1046 301 1100 328; x_wconf 87' lang='lat' dir='ltr'><strong>vim</strong></span> <span class='ocrx_word' id='word_1_53' title='bbox 1122 301 1159 336; x_wconf 81' lang='lat' dir='ltr'><strong>lac</strong></span> <span class='ocrx_word' id='word_1_54' title='bbox 1185 301 1410 336; x_wconf 79' lang='lat' dir='ltr'><strong>signiﬁcationem</strong></span> <span class='ocrx_word' id='word_1_55' title='bbox 1433 301 1566 330; x_wconf 83' lang='lat' dir='ltr'><strong>dictorum</strong></span> <span class='ocrx_word' id='word_1_56' title='bbox 1589 303 1671 331; x_wconf 83' lang='lat' dir='ltr'><strong>etiam</strong></span> <span class='ocrx_word' id='word_1_57' title='bbox 1698 304 1734 331; x_wconf 80' lang='lat' dir='ltr'><strong>ad</strong></span> 
     </span>
    </p>
   </div>
   <div class='ocr_carea' id='block_1_8' title="bbox 94 342 881 384">
    <p class='ocr_par' dir='ltr' id='par_1_8' title="bbox 94 342 881 384">
     <span class='ocr_line' id='line_1_8' title="bbox 94 342 881 384; baseline 0.004 -15"><span class='ocrx_word' id='word_1_58' title='bbox 94 342 130 369; x_wconf 88' lang='grc' dir='ltr'><strong>Οὐ</strong></span> <span class='ocrx_word' id='word_1_59' title='bbox 146 342 286 375; x_wconf 76' lang='grc' dir='ltr'><strong>πιστεύεις</strong></span> <span class='ocrx_word' id='word_1_60' title='bbox 309 343 349 369; x_wconf 85' lang='grc' dir='ltr'>ὄτι</span> <span class='ocrx_word' id='word_1_61' title='bbox 369 342 425 378; x_wconf 78' lang='grc' dir='ltr'><strong>ἐγὼ</strong></span> <span class='ocrx_word' id='word_1_62' title='bbox 438 343 466 370; x_wconf 83' lang='grc' dir='ltr'>ὲν</span> <span class='ocrx_word' id='word_1_63' title='bbox 479 343 519 378; x_wconf 83' lang='grc' dir='ltr'>τῷ</span> <span class='ocrx_word' id='word_1_64' title='bbox 533 343 630 379; x_wconf 82' lang='grc' dir='ltr'>Πατρὶ,</span> <span class='ocrx_word' id='word_1_65' title='bbox 647 345 695 372; x_wconf 77' lang='grc' dir='ltr'>καὶ</span> <span class='ocrx_word' id='word_1_66' title='bbox 715 346 729 372; x_wconf 82' lang='grc' dir='ltr'><em>ὁ</em></span> <span class='ocrx_word' id='word_1_67' title='bbox 749 347 843 384; x_wconf 80' lang='grc' dir='ltr'>Πατὴρ</span> <span class='ocrx_word' id='word_1_68' title='bbox 861 349 881 374; x_wconf 75' lang='grc' dir='ltr'>ἐι</span> 
     </span>
    </p>
   </div>
   <div class='ocr_carea' id='block_1_9' title="bbox 971 342 1733 384">
    <p class='ocr_par' dir='ltr' id='par_1_9' title="bbox 975 347 1733 384">
     <span class='ocr_line' id='line_1_9' title="bbox 975 347 1733 384; baseline 0.007 -11"><span class='ocrx_word' id='word_1_69' title='bbox 975 348 1024 376; x_wconf 87' lang='lat' dir='ltr'><strong>lam</strong></span> <span class='ocrx_word' id='word_1_70' title='bbox 1040 347 1144 375; x_wconf 88' lang='lat' dir='ltr'><strong>Christi</strong></span> <span class='ocrx_word' id='word_1_71' title='bbox 1157 355 1301 383; x_wconf 77' lang='lat' dir='ltr'><strong>personam</strong></span> <span class='ocrx_word' id='word_1_72' title='bbox 1319 347 1433 382; x_wconf 79' lang='lat' dir='ltr'><strong>referre,</strong></span> <span class='ocrx_word' id='word_1_73' title='bbox 1448 347 1528 384; x_wconf 85' lang='lat' dir='ltr'><strong>plane</strong></span> <span class='ocrx_word' id='word_1_74' title='bbox 1540 349 1666 384; x_wconf 83' lang='lat' dir='ltr'><strong>dicimus,</strong></span> <span class='ocrx_word' id='word_1_75' title='bbox 1685 349 1733 384; x_wconf 86' lang='lat' dir='ltr'><strong>ju-</strong></span> 
     </span>
    </p>
   </div>
   <div class='ocr_carea' id='block_1_10' title="bbox 95 387 881 428">
    <p class='ocr_par' dir='ltr' id='par_1_10' title="bbox 95 387 877 428">
     <span class='ocr_line' id='line_1_10' title="bbox 95 387 877 428; baseline 0.006 -14"><span class='ocrx_word' id='word_1_76' title='bbox 95 387 155 422; x_wconf 81' lang='grc' dir='ltr'>ὲμοί</span> <span class='ocrx_word' id='word_1_77' title='bbox 177 389 267 419; x_wconf 74' lang='grc' dir='ltr'>ἑστιν;</span> <span class='ocrx_word' id='word_1_78' title='bbox 289 389 319 415; x_wconf 86' lang='lat'><strong>&#39;0</strong></span> <span class='ocrx_word' id='word_1_79' title='bbox 343 388 473 425; x_wconf 76' lang='grc' dir='ltr'>ἑωρακὼς</span> <span class='ocrx_word' id='word_1_80' title='bbox 490 389 550 424; x_wconf 73' lang='grc' dir='ltr'>ἐμὲ,</span> <span class='ocrx_word' id='word_1_81' title='bbox 571 390 677 426; x_wconf 80' lang='grc' dir='ltr'>ἑώρακε</span> <span class='ocrx_word' id='word_1_82' title='bbox 700 391 747 418; x_wconf 80' lang='grc' dir='ltr'><strong>τὸν</strong></span> <span class='ocrx_word' id='word_1_83' title='bbox 766 393 877 428; x_wconf 78' lang='grc' dir='ltr'><strong>Πατέρα</strong></span> 
     </span>
    </p>
   </div>
   <div class='ocr_carea' id='block_1_11' title="bbox 971 387 1734 428">
    <p class='ocr_par' dir='ltr' id='par_1_11' title="bbox 971 393 1734 426">
     <span class='ocr_line' id='line_1_11' title="bbox 971 393 1734 426; baseline 0.004 -5"><span class='ocrx_word' id='word_1_84' title='bbox 971 395 1083 424; x_wconf 70' lang='lat' dir='ltr'><strong>adivini</strong></span> <span class='ocrx_word' id='word_1_85' title='bbox 1111 393 1186 422; x_wconf 78' lang='lat' dir='ltr'><strong>Pauli</strong></span> <span class='ocrx_word' id='word_1_86' title='bbox 1203 402 1309 426; x_wconf 83' lang='lat' dir='ltr'><strong>vocem,</strong></span> <span class='ocrx_word' id='word_1_87' title='bbox 1326 395 1462 424; x_wconf 79' lang='lat' dir='ltr'><strong>habitasse</strong></span> <span class='ocrx_word' id='word_1_88' title='bbox 1494 396 1521 424; x_wconf 87' lang='lat' dir='ltr'><strong>in</strong></span> <span class='ocrx_word' id='word_1_89' title='bbox 1537 395 1647 424; x_wconf 88' lang='lat' dir='ltr'><strong>Christo</strong></span> <span class='ocrx_word' id='word_1_90' title='bbox 1672 404 1734 424; x_wconf 85' lang='lat' dir='ltr'><strong>om-</strong></span> 
     </span>
    </p>
   </div>
   <div class='ocr_carea' id='block_1_12' title="bbox 99 433 881 475">
    <p class='ocr_par' dir='ltr' id='par_1_12' title="bbox 99 433 881 470">
     <span class='ocr_line' id='line_1_12' title="bbox 99 433 881 470; baseline 0.005 -10"><span class='ocrx_word' id='word_1_91' title='bbox 99 433 170 468; x_wconf 77' lang='grc' dir='ltr'>Ἐγὼ</span> <span class='ocrx_word' id='word_1_92' title='bbox 187 433 236 460; x_wconf 75' lang='grc' dir='ltr'>καὶ</span> <span class='ocrx_word' id='word_1_93' title='bbox 246 434 261 460; x_wconf 86' lang='grc' dir='ltr'><strong><em>ὁ</em></strong></span> <span class='ocrx_word' id='word_1_94' title='bbox 276 434 371 470; x_wconf 83' lang='grc' dir='ltr'>Πατὴρ</span> <span class='ocrx_word' id='word_1_95' title='bbox 384 434 412 461; x_wconf 81' lang='grc' dir='ltr'><strong>ἓν</strong></span> <span class='ocrx_word' id='word_1_96' title='bbox 423 435 516 470; x_wconf 78' lang='grc' dir='ltr'>ἐσμεν.</span> <span class='ocrx_word' id='word_1_97' title='bbox 533 445 543 461; x_wconf 72' lang='grc' dir='ltr'><strong>ι</strong></span> <span class='ocrx_word' id='word_1_98' title='bbox 559 433 595 462; x_wconf 86' lang='grc' dir='ltr'><strong>Τὸ</strong></span> <span class='ocrx_word' id='word_1_99' title='bbox 608 436 707 468; x_wconf 77' lang='grc' dir='ltr'>τοίνυν,</span> <span class='ocrx_word' id='word_1_100' title='bbox 732 437 762 464; x_wconf 90' lang='lat'><strong>&#39;0</strong></span> <span class='ocrx_word' id='word_1_101' title='bbox 777 438 842 470; x_wconf 81' lang='grc' dir='ltr'>Θεὸς</span> <span class='ocrx_word' id='word_1_102' title='bbox 860 439 881 464; x_wconf 75' lang='grc' dir='ltr'>ἐι</span> 
     </span>
    </p>
   </div>
   <div class='ocr_carea' id='block_1_13' title="bbox 971 433 1734 475">
    <p class='ocr_par' dir='ltr' id='par_1_13' title="bbox 971 439 1734 475">
     <span class='ocr_line' id='line_1_13' title="bbox 971 439 1734 475; baseline 0.004 -10"><span class='ocrx_word' id='word_1_103' title='bbox 971 447 1000 466; x_wconf 79' lang='lat' dir='ltr'><strong>:m</strong></span> <span class='ocrx_word' id='word_1_104' title='bbox 1027 439 1222 474; x_wconf 78' lang='lat' dir='ltr'><strong>plenitudinem</strong></span> <span class='ocrx_word' id='word_1_105' title='bbox 1249 439 1400 468; x_wconf 81' lang='lat' dir='ltr'><strong>divinitatis</strong></span> <span class='ocrx_word' id='word_1_106' title='bbox 1424 441 1603 475; x_wconf 88' lang='lat' dir='ltr'><strong>corporaliter</strong></span> <span class='ocrx_word' id='word_1_107' title='bbox 1613 441 1647 468; x_wconf 80' lang='grc'><strong>³⁸.</strong></span> <span class='ocrx_word' id='word_1_108' title='bbox 1668 441 1734 468; x_wconf 86' lang='lat' dir='ltr'><strong>Erat</strong></span> 
     </span>
    </p>
   </div>
   <div class='ocr_carea' id='block_1_14' title="bbox 95 479 881 520">
    <p class='ocr_par' dir='ltr' id='par_1_14' title="bbox 95 479 881 518">
     <span class='ocr_line' id='line_1_14' title="bbox 95 479 881 518; baseline 0.005 -12"><span class='ocrx_word' id='word_1_109' title='bbox 95 479 134 506; x_wconf 89' lang='grc' dir='ltr'><strong>σοί</strong></span> <span class='ocrx_word' id='word_1_110' title='bbox 151 479 222 511; x_wconf 78' lang='grc' dir='ltr'>ἐστι,</span> <span class='ocrx_word' id='word_1_111' title='bbox 239 479 286 506; x_wconf 87' lang='grc' dir='ltr'><strong>καὶ</strong></span> <span class='ocrx_word' id='word_1_112' title='bbox 298 479 356 506; x_wconf 85' lang='grc' dir='ltr'><strong>Οὐκ</strong></span> <span class='ocrx_word' id='word_1_113' title='bbox 376 479 434 506; x_wconf 79' lang='grc' dir='ltr'>ἐστι</span> <span class='ocrx_word' id='word_1_114' title='bbox 449 479 515 511; x_wconf 70' lang='grc' dir='ltr'>Θεὸς</span> <span class='ocrx_word' id='word_1_115' title='bbox 529 480 597 516; x_wconf 80' lang='grc' dir='ltr'>πλὴν</span> <span class='ocrx_word' id='word_1_116' title='bbox 613 481 670 514; x_wconf 86' lang='grc' dir='ltr'>σοῦ,</span> <span class='ocrx_word' id='word_1_117' title='bbox 687 482 748 518; x_wconf 82' lang='grc' dir='ltr'>ἴσην</span> <span class='ocrx_word' id='word_1_118' title='bbox 769 483 826 518; x_wconf 81' lang='grc' dir='ltr'>ἔχει</span> <span class='ocrx_word' id='word_1_119' title='bbox 841 483 881 510; x_wconf 77' lang='grc' dir='ltr'><strong>δῦ·</strong></span> 
     </span>
    </p>
   </div>
   <div class='ocr_carea' id='block_1_15' title="bbox 971 479 1731 520">
    <p class='ocr_par' dir='ltr' id='par_1_15' title="bbox 971 485 1731 520">
     <span class='ocr_line' id='line_1_15' title="bbox 971 485 1731 520; baseline 0.004 -9"><span class='ocrx_word' id='word_1_120' title='bbox 971 486 1038 520; x_wconf 76' lang='lat' dir='ltr'><strong>tippe</strong></span> <span class='ocrx_word' id='word_1_121' title='bbox 1059 485 1120 520; x_wconf 84' lang='lat' dir='ltr'><strong>ipse</strong></span> <span class='ocrx_word' id='word_1_122' title='bbox 1139 485 1228 517; x_wconf 82' lang='lat' dir='ltr'><strong>Deus,</strong></span> <span class='ocrx_word' id='word_1_123' title='bbox 1246 489 1274 512; x_wconf 90' lang='lat' dir='ltr'><strong>et</strong></span> <span class='ocrx_word' id='word_1_124' title='bbox 1298 492 1351 513; x_wconf 88' lang='lat' dir='ltr'><strong>non</strong></span> <span class='ocrx_word' id='word_1_125' title='bbox 1372 486 1398 513; x_wconf 90' lang='lat' dir='ltr'><strong>in</strong></span> <span class='ocrx_word' id='word_1_126' title='bbox 1433 487 1501 514; x_wconf 89' lang='lat' dir='ltr'><strong>duos</strong></span> <span class='ocrx_word' id='word_1_127' title='bbox 1525 486 1594 514; x_wconf 82' lang='lat' dir='ltr'><strong>ﬁlios</strong></span> <span class='ocrx_word' id='word_1_128' title='bbox 1613 486 1731 517; x_wconf 82' lang='lat' dir='ltr'><strong>divisus,</strong></span> 
     </span>
    </p>
   </div>
   <div class='ocr_carea' id='block_1_16' title="bbox 92 525 881 566">
    <p class='ocr_par' dir='ltr' id='par_1_16' title="bbox 92 525 881 563">
     <span class='ocr_line' id='line_1_16' title="bbox 92 525 881 563; baseline 0.006 -11"><span class='ocrx_word' id='word_1_129' title='bbox 92 534 174 560; x_wconf 85' lang='grc' dir='ltr'>ναμιν</span> <span class='ocrx_word' id='word_1_130' title='bbox 192 525 244 560; x_wconf 75' lang='grc' dir='ltr'><strong>τῷ,</strong></span> <span class='ocrx_word' id='word_1_131' title='bbox 261 526 302 553; x_wconf 84' lang='grc' dir='ltr'>ὅτι</span> <span class='ocrx_word' id='word_1_132' title='bbox 317 535 327 552; x_wconf 79' lang='grc' dir='ltr'><strong>ι</strong></span> <span class='ocrx_word' id='word_1_133' title='bbox 343 526 399 552; x_wconf 80' lang='grc' dir='ltr'>Καὶ</span> <span class='ocrx_word' id='word_1_134' title='bbox 410 527 424 552; x_wconf 82' lang='grc' dir='ltr'>ὁ</span> <span class='ocrx_word' id='word_1_135' title='bbox 438 526 524 561; x_wconf 84' lang='grc' dir='ltr'><strong>Λόγος</strong></span> <span class='ocrx_word' id='word_1_136' title='bbox 541 525 576 563; x_wconf 79' lang='grc' dir='ltr'><strong>ἦν</strong></span> <span class='ocrx_word' id='word_1_137' title='bbox 592 527 661 563; x_wconf 78' lang='grc' dir='ltr'>πρδς</span> <span class='ocrx_word' id='word_1_138' title='bbox 682 529 727 555; x_wconf 80' lang='grc' dir='ltr'><strong>τὸν</strong></span> <span class='ocrx_word' id='word_1_139' title='bbox 746 529 823 562; x_wconf 85' lang='grc' dir='ltr'>Θεὸν,</span> <span class='ocrx_word' id='word_1_140' title='bbox 841 530 881 557; x_wconf 65' lang='lat' dir='ltr'><strong>zeal</strong></span> 
     </span>
    </p>
   </div>
   <div class='ocr_carea' id='block_1_17' title="bbox 971 525 1732 566">
    <p class='ocr_par' dir='ltr' id='par_1_17' title="bbox 971 531 1732 566">
     <span class='ocr_line' id='line_1_17' title="bbox 971 531 1732 566; baseline 0.004 -9"><span class='ocrx_word' id='word_1_141' title='bbox 971 531 985 558; x_wconf 84' lang='lat' dir='ltr'><strong>d</strong></span> <span class='ocrx_word' id='word_1_142' title='bbox 1023 531 1158 566; x_wconf 85' lang='lat' dir='ltr'><strong>propriam</strong></span> <span class='ocrx_word' id='word_1_143' title='bbox 1186 538 1296 558; x_wconf 83' lang='lat' dir='ltr'><strong>carnem</strong></span> <span class='ocrx_word' id='word_1_144' title='bbox 1328 531 1410 559; x_wconf 87' lang='lat' dir='ltr'><strong>veluti</strong></span> <span class='ocrx_word' id='word_1_145' title='bbox 1437 532 1554 560; x_wconf 81' lang='lat' dir='ltr'><strong>habente</strong></span> <span class='ocrx_word' id='word_1_146' title='bbox 1574 531 1682 565; x_wconf 83' lang='lat' dir='ltr'><strong>Verbo,</strong></span> <span class='ocrx_word' id='word_1_147' title='bbox 1707 533 1732 560; x_wconf 94' lang='lat' dir='ltr'><strong>in</strong></span> 
     </span>
    </p>
   </div>
   <div class='ocr_carea' id='block_1_18' title="bbox 92 566 881 610">
    <p class='ocr_par' dir='ltr' id='par_1_18' title="bbox 92 566 881 610">
     <span class='ocr_line' id='line_1_18' title="bbox 92 566 881 610; baseline 0.008 -13"><span class='ocrx_word' id='word_1_148' title='bbox 92 571 156 604; x_wconf 79' lang='grc' dir='ltr'>Θεὸς</span> <span class='ocrx_word' id='word_1_149' title='bbox 174 569 208 608; x_wconf 81' lang='grc' dir='ltr'><strong>ἧν</strong></span> <span class='ocrx_word' id='word_1_150' title='bbox 221 571 237 597; x_wconf 78' lang='grc' dir='ltr'><strong>ὸ</strong></span> <span class='ocrx_word' id='word_1_151' title='bbox 255 572 352 606; x_wconf 84' lang='grc' dir='ltr'>Λόγος.</span> <span class='ocrx_word' id='word_1_152' title='bbox 370 566 455 604; x_wconf 77' lang='grc' dir='ltr'>υῦτος</span> <span class='ocrx_word' id='word_1_153' title='bbox 465 570 499 608; x_wconf 87' lang='grc' dir='ltr'><strong>ἦν</strong></span> <span class='ocrx_word' id='word_1_154' title='bbox 514 573 544 600; x_wconf 80' lang='grc' dir='ltr'><strong>ἐν</strong></span> <span class='ocrx_word' id='word_1_155' title='bbox 558 574 628 609; x_wconf 81' lang='grc' dir='ltr'>ἀρχῇ</span> <span class='ocrx_word' id='word_1_156' title='bbox 643 574 712 610; x_wconf 77' lang='grc' dir='ltr'>πρὸς</span> <span class='ocrx_word' id='word_1_157' title='bbox 722 575 768 602; x_wconf 88' lang='grc' dir='ltr'>τὺν</span> <span class='ocrx_word' id='word_1_158' title='bbox 781 575 862 603; x_wconf 88' lang='grc' dir='ltr'>Θεόν.</span> <span class='ocrx_word' id='word_1_159' title='bbox 874 585 881 602; x_wconf 96' lang='lat' dir='ltr'><strong>I</strong></span> 
     </span>
    </p>
   </div>
   <div class='ocr_carea' id='block_1_19' title="bbox 971 566 1733 610">
    <p class='ocr_par' dir='ltr' id='par_1_19' title="bbox 971 574 1733 610">
     <span class='ocr_line' id='line_1_19' title="bbox 971 574 1733 610; baseline 0.003 -8"><span class='ocrx_word' id='word_1_160' title='bbox 971 582 989 602; x_wconf 61' lang='lat' dir='ltr'><strong>ia</strong></span> <span class='ocrx_word' id='word_1_161' title='bbox 1015 580 1043 602; x_wconf 88' lang='lat' dir='ltr'><strong>et</strong></span> <span class='ocrx_word' id='word_1_162' title='bbox 1063 575 1200 602; x_wconf 90' lang='lat' dir='ltr'><strong>habitasse</strong></span> <span class='ocrx_word' id='word_1_163' title='bbox 1218 575 1327 602; x_wconf 89' lang='lat' dir='ltr'><strong>dicitur.</strong></span> <span class='ocrx_word' id='word_1_164' title='bbox 1351 574 1436 610; x_wconf 79' lang='lat' dir='ltr'><strong>Igitur</strong></span> <span class='ocrx_word' id='word_1_165' title='bbox 1455 576 1536 603; x_wconf 85' lang='lat' dir='ltr'><strong>etiam</strong></span> <span class='ocrx_word' id='word_1_166' title='bbox 1564 576 1590 604; x_wconf 86' lang='lat' dir='ltr'><strong>in</strong></span> <span class='ocrx_word' id='word_1_167' title='bbox 1607 576 1659 604; x_wconf 90' lang='lat' dir='ltr'><strong>hoc</strong></span> <span class='ocrx_word' id='word_1_168' title='bbox 1690 577 1733 603; x_wconf 87' lang='lat' dir='ltr'><strong>in-</strong></span> 
     </span>
    </p>
   </div>
   <div class='ocr_carea' id='block_1_20' title="bbox 92 617 881 657">
    <p class='ocr_par' dir='ltr' id='par_1_20' title="bbox 92 617 881 657">
     <span class='ocr_line' id='line_1_20' title="bbox 92 617 881 657; baseline 0.005 -13"><span class='ocrx_word' id='word_1_169' title='bbox 92 618 122 645; x_wconf 81' lang='lat' dir='ltr'><strong>El</strong></span> <span class='ocrx_word' id='word_1_170' title='bbox 143 617 172 645; x_wconf 83' lang='grc' dir='ltr'>δὲ</span> <span class='ocrx_word' id='word_1_171' title='bbox 195 617 228 653; x_wconf 83' lang='grc' dir='ltr'>δὴ</span> <span class='ocrx_word' id='word_1_172' title='bbox 247 618 368 653; x_wconf 81' lang='grc' dir='ltr'>βούλοιτό</span> <span class='ocrx_word' id='word_1_173' title='bbox 387 627 429 650; x_wconf 88' lang='grc' dir='ltr'><strong>τις</strong></span> <span class='ocrx_word' id='word_1_174' title='bbox 446 619 500 646; x_wconf 82' lang='grc' dir='ltr'>τῶν</span> <span class='ocrx_word' id='word_1_175' title='bbox 526 620 679 656; x_wconf 74' lang='grc' dir='ltr'><strong>εἰρημένων</strong></span> <span class='ocrx_word' id='word_1_176' title='bbox 699 621 749 656; x_wconf 84' lang='grc' dir='ltr'><strong>τὴν</strong></span> <span class='ocrx_word' id='word_1_177' title='bbox 772 621 881 657; x_wconf 69' lang='grc' dir='ltr'>δύναμιι</span> 
     </span>
    </p>
   </div>
   <div class='ocr_carea' id='block_1_21' title="bbox 971 617 1732 657">
    <p class='ocr_par' dir='ltr' id='par_1_21' title="bbox 971 620 1732 657">
     <span class='ocr_line' id='line_1_21' title="bbox 971 620 1732 657; baseline 0.003 -10"><span class='ocrx_word' id='word_1_178' title='bbox 971 621 1065 655; x_wconf 50' lang='grc' dir='ltr'>ηιὶδίιυισ</span> <span class='ocrx_word' id='word_1_179' title='bbox 1079 620 1158 653; x_wconf 81' lang='lat' dir='ltr'><strong>Deus,</strong></span> <span class='ocrx_word' id='word_1_180' title='bbox 1173 624 1299 655; x_wconf 84' lang='lat' dir='ltr'><strong>tanquam</strong></span> <span class='ocrx_word' id='word_1_181' title='bbox 1320 620 1346 647; x_wconf 93' lang='lat' dir='ltr'><strong>in</strong></span> <span class='ocrx_word' id='word_1_182' title='bbox 1371 621 1489 648; x_wconf 88' lang='lat' dir='ltr'><strong>humano</strong></span> <span class='ocrx_word' id='word_1_183' title='bbox 1500 629 1613 657; x_wconf 85' lang='lat' dir='ltr'><strong>corpore</strong></span> <span class='ocrx_word' id='word_1_184' title='bbox 1630 622 1732 654; x_wconf 83' lang='lat' dir='ltr'><strong>anima,</strong></span> 
     </span>
    </p>
   </div>
   <div class='ocr_carea' id='block_1_22' title="bbox 93 663 881 701">
    <p class='ocr_par' dir='ltr' id='par_1_22' title="bbox 93 663 881 701">
     <span class='ocr_line' id='line_1_22' title="bbox 93 663 881 701; baseline 0.005 -12"><span class='ocrx_word' id='word_1_185' title='bbox 93 663 137 690; x_wconf 75' lang='grc' dir='ltr'>καὶ</span> <span class='ocrx_word' id='word_1_186' title='bbox 147 664 188 695; x_wconf 83' lang='grc' dir='ltr'><strong>είς</strong></span> <span class='ocrx_word' id='word_1_187' title='bbox 205 663 287 698; x_wconf 86' lang='grc' dir='ltr'>μόνον</span> <span class='ocrx_word' id='word_1_188' title='bbox 301 663 333 690; x_wconf 78' lang='grc' dir='ltr'>τὸ</span> <span class='ocrx_word' id='word_1_189' title='bbox 347 664 491 700; x_wconf 84' lang='grc' dir='ltr'>πρόσωπον</span> <span class='ocrx_word' id='word_1_190' title='bbox 505 664 552 691; x_wconf 88' lang='grc' dir='ltr'><strong>τοῦ</strong></span> <span class='ocrx_word' id='word_1_191' title='bbox 564 665 684 700; x_wconf 76' lang='grc' dir='ltr'><strong>Χριστοῦ</strong></span> <span class='ocrx_word' id='word_1_192' title='bbox 699 668 881 701; x_wconf 72' lang='grc' dir='ltr'>περιενεγκεῖν</span> 
     </span>
    </p>
   </div>
   <div class='ocr_carea' id='block_1_23' title="bbox 971 663 1732 701">
    <p class='ocr_par' dir='ltr' id='par_1_23' title="bbox 971 665 1732 696">
     <span class='ocr_line' id='line_1_23' title="bbox 971 665 1732 696; baseline 0.004 -4"><span class='ocrx_word' id='word_1_193' title='bbox 971 673 1026 693; x_wconf 91' lang='lat' dir='ltr'><strong>men</strong></span> <span class='ocrx_word' id='word_1_194' title='bbox 1047 672 1116 693; x_wconf 84' lang='lat' dir='ltr'><strong>unus</strong></span> <span class='ocrx_word' id='word_1_195' title='bbox 1149 670 1191 693; x_wconf 85' lang='lat' dir='ltr'><strong>est</strong></span> <span class='ocrx_word' id='word_1_196' title='bbox 1201 665 1289 693; x_wconf 85' lang='lat' dir='ltr'><strong>Filius</strong></span> <span class='ocrx_word' id='word_1_197' title='bbox 1309 666 1391 693; x_wconf 86' lang='lat' dir='ltr'><strong>Deus.</strong></span> <span class='ocrx_word' id='word_1_198' title='bbox 1412 665 1559 694; x_wconf 79' lang='lat' dir='ltr'><strong>Sciendum</strong></span> <span class='ocrx_word' id='word_1_199' title='bbox 1587 675 1654 695; x_wconf 81' lang='lat' dir='ltr'><strong>vero</strong></span> <span class='ocrx_word' id='word_1_200' title='bbox 1682 675 1732 696; x_wconf 87' lang='lat' dir='ltr'><strong>nos</strong></span> 
     </span>
    </p>
   </div>
   <div class='ocr_carea' id='block_1_24' title="bbox 92 709 881 747">
    <p class='ocr_par' dir='ltr' id='par_1_24' title="bbox 92 709 881 747">
     <span class='ocr_line' id='line_1_24' title="bbox 92 709 881 747; baseline 0.005 -12"><span class='ocrx_word' id='word_1_201' title='bbox 92 709 222 744; x_wconf 75' lang='grc' dir='ltr'><strong>εὐτέχνως</strong></span> <span class='ocrx_word' id='word_1_202' title='bbox 234 729 242 742; x_wconf 88' lang='grc'><strong>,</strong></span> <span class='ocrx_word' id='word_1_203' title='bbox 259 709 349 745; x_wconf 80' lang='grc' dir='ltr'>φαμὲν</span> <span class='ocrx_word' id='word_1_204' title='bbox 359 710 400 737; x_wconf 84' lang='grc' dir='ltr'>ὅτι</span> <span class='ocrx_word' id='word_1_205' title='bbox 417 710 488 737; x_wconf 87' lang='grc' dir='ltr'>κατὰ</span> <span class='ocrx_word' id='word_1_206' title='bbox 499 711 549 747; x_wconf 83' lang='grc' dir='ltr'>τὴν</span> <span class='ocrx_word' id='word_1_207' title='bbox 560 711 606 738; x_wconf 86' lang='grc' dir='ltr'><strong>τοῦ</strong></span> <span class='ocrx_word' id='word_1_208' title='bbox 616 710 759 739; x_wconf 78' lang='grc' dir='ltr'>Θεσπεσίου</span> <span class='ocrx_word' id='word_1_209' title='bbox 776 712 881 740; x_wconf 65' lang='grc' dir='ltr'>Παύλου</span> 
     </span>
    </p>
   </div>
   <div class='ocr_carea' id='block_1_25' title="bbox 971 709 1732 747">
    <p class='ocr_par' dir='ltr' id='par_1_25' title="bbox 971 711 1732 747">
     <span class='ocr_line' id='line_1_25' title="bbox 971 711 1732 747; baseline 0.003 -9"><span class='ocrx_word' id='word_1_210' title='bbox 971 719 1026 739; x_wconf 83' lang='lat' dir='ltr'><strong>:ere</strong></span> <span class='ocrx_word' id='word_1_211' title='bbox 1048 711 1154 738; x_wconf 82' lang='lat' dir='ltr'><strong>Domini</strong></span> <span class='ocrx_word' id='word_1_212' title='bbox 1175 718 1284 738; x_wconf 83' lang='lat' dir='ltr'><strong>carnem</strong></span> <span class='ocrx_word' id='word_1_213' title='bbox 1307 711 1443 744; x_wconf 85' lang='lat' dir='ltr'><strong>animari,</strong></span> <span class='ocrx_word' id='word_1_214' title='bbox 1462 713 1551 739; x_wconf 87' lang='lat' dir='ltr'><strong>anima</strong></span> <span class='ocrx_word' id='word_1_215' title='bbox 1574 712 1732 747; x_wconf 72' lang='lat' dir='ltr'><strong>intelligen-</strong></span> 
     </span>
    </p>
   </div>
   <div class='ocr_carea' id='block_1_26' title="bbox 93 756 881 795">
    <p class='ocr_par' dir='ltr' id='par_1_26' title="bbox 93 756 881 795">
     <span class='ocr_line' id='line_1_26' title="bbox 93 756 881 795; baseline 0.005 -13"><span class='ocrx_word' id='word_1_216' title='bbox 93 756 349 792; x_wconf 41' lang='grc' dir='ltr'>φωνὴνεκατῴκηκε</span> <span class='ocrx_word' id='word_1_217' title='bbox 356 757 404 792; x_wconf 82' lang='grc' dir='ltr'><strong>μὲν</strong></span> <span class='ocrx_word' id='word_1_218' title='bbox 413 758 442 784; x_wconf 83' lang='grc' dir='ltr'><strong>ὲν</strong></span> <span class='ocrx_word' id='word_1_219' title='bbox 450 758 561 793; x_wconf 83' lang='grc' dir='ltr'><strong>Χριστῷ</strong></span> <span class='ocrx_word' id='word_1_220' title='bbox 575 759 628 785; x_wconf 77' lang='grc' dir='ltr'>πᾶν</span> <span class='ocrx_word' id='word_1_221' title='bbox 641 759 671 785; x_wconf 82' lang='grc' dir='ltr'><strong>τδ</strong></span> <span class='ocrx_word' id='word_1_222' title='bbox 683 758 821 795; x_wconf 83' lang='grc' dir='ltr'>πλήρωμα</span> <span class='ocrx_word' id='word_1_223' title='bbox 835 759 881 795; x_wconf 81' lang='grc' dir='ltr'>τῆς</span> 
     </span>
    </p>
   </div>
   <div class='ocr_carea' id='block_1_27' title="bbox 971 756 1730 795">
    <p class='ocr_par' dir='ltr' id='par_1_27' title="bbox 971 757 1730 793">
     <span class='ocr_line' id='line_1_27' title="bbox 971 757 1730 793; baseline 0.003 -10"><span class='ocrx_word' id='word_1_224' title='bbox 971 764 980 783; x_wconf 73' lang='lat' dir='ltr'><strong>e</strong></span> <span class='ocrx_word' id='word_1_225' title='bbox 1010 757 1151 792; x_wconf 83' lang='lat' dir='ltr'><strong>participe.</strong></span> <span class='ocrx_word' id='word_1_226' title='bbox 1169 757 1337 784; x_wconf 84' lang='lat' dir='ltr'><strong>Conﬁtentur</strong></span> <span class='ocrx_word' id='word_1_227' title='bbox 1367 757 1468 793; x_wconf 77' lang='lat' dir='ltr'><strong>igitur:</strong></span> <span class='ocrx_word' id='word_1_228' title='bbox 1489 757 1522 785; x_wconf 88' lang='lat' dir='ltr'><strong>Et</strong></span> <span class='ocrx_word' id='word_1_229' title='bbox 1548 758 1573 785; x_wconf 92' lang='lat' dir='ltr'><strong>in</strong></span> <span class='ocrx_word' id='word_1_230' title='bbox 1607 762 1633 785; x_wconf 88' lang='lat' dir='ltr'><strong>te</strong></span> <span class='ocrx_word' id='word_1_231' title='bbox 1659 758 1730 786; x_wconf 87' lang='lat' dir='ltr'><strong>Deus</strong></span> 
     </span>
    </p>
   </div>
   <div class='ocr_carea' id='block_1_28' title="bbox 94 801 881 838">
    <p class='ocr_par' dir='ltr' id='par_1_28' title="bbox 94 801 881 838">
     <span class='ocr_line' id='line_1_28' title="bbox 94 801 881 838; baseline 0.004 -9"><span class='ocrx_word' id='word_1_232' title='bbox 94 803 217 837; x_wconf 82' lang='grc' dir='ltr'>Θεότητος</span> <span class='ocrx_word' id='word_1_233' title='bbox 230 801 462 838; x_wconf 59' lang='grc' dir='ltr'>σωματικῶςῙΗν</span> <span class='ocrx_word' id='word_1_234' title='bbox 469 803 498 830; x_wconf 81' lang='grc' dir='ltr'>δὲ</span> <span class='ocrx_word' id='word_1_235' title='bbox 509 804 589 836; x_wconf 76' lang='grc' dir='ltr'>αὐτὸς</span> <span class='ocrx_word' id='word_1_236' title='bbox 597 804 692 837; x_wconf 78' lang='grc' dir='ltr'>όΘεὸς,</span> <span class='ocrx_word' id='word_1_237' title='bbox 699 805 749 831; x_wconf 75' lang='grc' dir='ltr'>οὐκ</span> <span class='ocrx_word' id='word_1_238' title='bbox 761 805 801 836; x_wconf 86' lang='grc' dir='ltr'><strong>είς</strong></span> <span class='ocrx_word' id='word_1_239' title='bbox 810 805 881 838; x_wconf 76' lang='grc' dir='ltr'>υἱοὺς</span> 
     </span>
    </p>
   </div>
   <div class='ocr_carea' id='block_1_29' title="bbox 971 801 1729 838">
    <p class='ocr_par' dir='ltr' id='par_1_29' title="bbox 971 802 1729 838">
     <span class='ocr_line' id='line_1_29' title="bbox 971 802 1729 838; baseline 0.001 -8"><span class='ocrx_word' id='word_1_240' title='bbox 971 807 985 834; x_wconf 77' lang='grc' dir='ltr'><strong>ι,</strong></span> <span class='ocrx_word' id='word_1_241' title='bbox 999 807 1028 830; x_wconf 90' lang='lat' dir='ltr'><strong>et</strong></span> <span class='ocrx_word' id='word_1_242' title='bbox 1053 809 1104 830; x_wconf 92' lang='lat' dir='ltr'><strong>non</strong></span> <span class='ocrx_word' id='word_1_243' title='bbox 1124 807 1166 830; x_wconf 87' lang='lat' dir='ltr'><strong>est</strong></span> <span class='ocrx_word' id='word_1_244' title='bbox 1191 803 1261 830; x_wconf 90' lang='lat' dir='ltr'><strong>Deus</strong></span> <span class='ocrx_word' id='word_1_245' title='bbox 1278 807 1376 838; x_wconf 72' lang='lat' dir='ltr'><strong>prmter</strong></span> <span class='ocrx_word' id='word_1_246' title='bbox 1393 807 1428 830; x_wconf 89' lang='lat' dir='ltr'><strong>te.</strong></span> <span class='ocrx_word' id='word_1_247' title='bbox 1443 802 1482 830; x_wconf 91' lang='lat' dir='ltr'><strong>Tu</strong></span> <span class='ocrx_word' id='word_1_248' title='bbox 1502 802 1574 830; x_wconf 81' lang='lat' dir='ltr'><strong>enim</strong></span> <span class='ocrx_word' id='word_1_249' title='bbox 1600 810 1630 830; x_wconf 89' lang='lat' dir='ltr'><strong>es</strong></span> <span class='ocrx_word' id='word_1_250' title='bbox 1645 803 1729 837; x_wconf 84' lang='lat' dir='ltr'><strong>Deus,</strong></span> 
     </span>
    </p>
   </div>
   <div class='ocr_carea' id='block_1_30' title="bbox 91 847 881 888">
    <p class='ocr_par' dir='ltr' id='par_1_30' title="bbox 91 848 881 888">
     <span class='ocr_line' id='line_1_30' title="bbox 91 848 881 888; baseline 0.004 -12"><span class='ocrx_word' id='word_1_251' title='bbox 91 849 136 876; x_wconf 83' lang='grc' dir='ltr'>δύο</span> <span class='ocrx_word' id='word_1_252' title='bbox 149 848 325 886; x_wconf 79' lang='grc' dir='ltr'><strong>διῃρημένος,</strong></span> <span class='ocrx_word' id='word_1_253' title='bbox 340 849 397 876; x_wconf 75' lang='grc' dir='ltr'>ἀλλ’</span> <span class='ocrx_word' id='word_1_254' title='bbox 413 849 451 882; x_wconf 84' lang='grc' dir='ltr'>ὡς</span> <span class='ocrx_word' id='word_1_255' title='bbox 467 850 534 877; x_wconf 75' lang='grc' dir='ltr'>ἰδίαν</span> <span class='ocrx_word' id='word_1_256' title='bbox 548 850 655 886; x_wconf 79' lang='grc' dir='ltr'>ἔχοντος</span> <span class='ocrx_word' id='word_1_257' title='bbox 673 851 719 878; x_wconf 81' lang='grc' dir='ltr'><strong>τοῦ</strong></span> <span class='ocrx_word' id='word_1_258' title='bbox 736 851 824 886; x_wconf 72' lang='grc' dir='ltr'>Λόγου</span> <span class='ocrx_word' id='word_1_259' title='bbox 835 851 881 888; x_wconf 84' lang='grc' dir='ltr'>τὴν</span> 
     </span>
    </p>
   </div>
   <div class='ocr_carea' id='block_1_31' title="bbox 971 847 1729 888">
    <p class='ocr_par' dir='ltr' id='par_1_31' title="bbox 982 847 1729 880">
     <span class='ocr_line' id='line_1_31' title="bbox 982 847 1729 880; baseline 0.001 -5"><span class='ocrx_word' id='word_1_260' title='bbox 982 856 1035 875; x_wconf 92' lang='lat' dir='ltr'><strong>non</strong></span> <span class='ocrx_word' id='word_1_261' title='bbox 1050 848 1187 880; x_wconf 85' lang='lat' dir='ltr'><strong>novimus.</strong></span> <span class='ocrx_word' id='word_1_262' title='bbox 1217 847 1288 876; x_wconf 83' lang='lat' dir='ltr'><strong>Deus</strong></span> <span class='ocrx_word' id='word_1_263' title='bbox 1324 847 1409 876; x_wconf 88' lang='lat' dir='ltr'><strong>Israel</strong></span> <span class='ocrx_word' id='word_1_264' title='bbox 1437 853 1561 876; x_wconf 87' lang='lat' dir='ltr'><strong>servator</strong></span> <span class='ocrx_word' id='word_1_265' title='bbox 1575 869 1582 875; x_wconf 91' lang='lat'><strong>.</strong></span> <span class='ocrx_word' id='word_1_266' title='bbox 1600 849 1663 876; x_wconf 61' lang='lat' dir='ltr'><strong>Haec</strong></span> <span class='ocrx_word' id='word_1_267' title='bbox 1686 854 1729 877; x_wconf 89' lang='lat' dir='ltr'><strong>est</strong></span> 
     </span>
    </p>
   </div>
   <div class='ocr_carea' id='block_1_32' title="bbox 94 884 881 933">
    <p class='ocr_par' dir='ltr' id='par_1_32' title="bbox 94 884 881 933">
     <span class='ocr_line' id='line_1_32' title="bbox 94 884 881 933; baseline 0.005 -11"><span class='ocrx_word' id='word_1_268' title='bbox 94 884 191 931; x_wconf 64' lang='grc' dir='ltr'>σάρκα,</span> <span class='ocrx_word' id='word_1_269' title='bbox 213 896 244 922; x_wconf 86' lang='grc' dir='ltr'>ὲν</span> <span class='ocrx_word' id='word_1_270' title='bbox 299 896 346 923; x_wconf 79' lang='grc' dir='ltr'>καὶ</span> <span class='ocrx_word' id='word_1_271' title='bbox 364 884 693 932; x_wconf 19' lang='grc' dir='ltr'>κατῳκηκέναινλέγεται.</span> <span class='ocrx_word' id='word_1_272' title='bbox 713 884 818 926; x_wconf 74' lang='grc' dir='ltr'>Οὐκοῦν</span> <span class='ocrx_word' id='word_1_273' title='bbox 833 884 881 926; x_wconf 72' lang='grc' dir='ltr'><strong>κάν</strong></span> 
     </span>
    </p>
   </div>
   <div class='ocr_carea' id='block_1_33' title="bbox 971 884 1730 933">
    <p class='ocr_par' dir='ltr' id='par_1_33' title="bbox 971 895 1730 931">
     <span class='ocr_line' id='line_1_33' title="bbox 971 895 1730 931; baseline 0.003 -9"><span class='ocrx_word' id='word_1_274' title='bbox 971 895 1122 922; x_wconf 76' lang='lat' dir='ltr'><strong>anitentiam</strong></span> <span class='ocrx_word' id='word_1_275' title='bbox 1159 896 1294 929; x_wconf 80' lang='lat' dir='ltr'><strong>agentium</strong></span> <span class='ocrx_word' id='word_1_276' title='bbox 1322 903 1384 928; x_wconf 76' lang='lat' dir='ltr'><strong>vox,</strong></span> <span class='ocrx_word' id='word_1_277' title='bbox 1400 900 1426 924; x_wconf 90' lang='lat' dir='ltr'><strong>et</strong></span> <span class='ocrx_word' id='word_1_278' title='bbox 1443 896 1499 931; x_wconf 90' lang='lat' dir='ltr'><strong>jam</strong></span> <span class='ocrx_word' id='word_1_279' title='bbox 1526 895 1560 923; x_wconf 89' lang='lat' dir='ltr'><strong>ab</strong></span> <span class='ocrx_word' id='word_1_280' title='bbox 1586 903 1680 924; x_wconf 86' lang='lat' dir='ltr'><strong>errore</strong></span> <span class='ocrx_word' id='word_1_281' title='bbox 1702 900 1730 924; x_wconf 84' lang='lat' dir='ltr'><strong>et</strong></span> 
     </span>
    </p>
   </div>
   <div class='ocr_carea' id='block_1_34' title="bbox 93 941 884 980">
    <p class='ocr_par' dir='ltr' id='par_1_34' title="bbox 93 941 884 980">
     <span class='ocr_line' id='line_1_34' title="bbox 93 941 884 980; baseline 0.005 -12"><span class='ocrx_word' id='word_1_282' title='bbox 93 941 174 977; x_wconf 75' lang='grc' dir='ltr'>τούτῳ</span> <span class='ocrx_word' id='word_1_283' title='bbox 195 942 298 969; x_wconf 77' lang='grc' dir='ltr'>νοεῖται</span> <span class='ocrx_word' id='word_1_284' title='bbox 318 942 393 975; x_wconf 80' lang='grc' dir='ltr'>Θεὸς,</span> <span class='ocrx_word' id='word_1_285' title='bbox 412 942 539 978; x_wconf 83' lang='grc' dir='ltr'>καθάπερ</span> <span class='ocrx_word' id='word_1_286' title='bbox 558 943 587 970; x_wconf 83' lang='grc' dir='ltr'><strong>ὲν</strong></span> <span class='ocrx_word' id='word_1_287' title='bbox 601 943 763 980; x_wconf 81' lang='grc' dir='ltr'>ἀνθρωπίνῳ</span> <span class='ocrx_word' id='word_1_288' title='bbox 777 944 884 980; x_wconf 86' lang='grc' dir='ltr'>σώματι</span> 
     </span>
    </p>
   </div>
   <div class='ocr_carea' id='block_1_35' title="bbox 92 985 883 1027">
    <p class='ocr_par' dir='ltr' id='par_1_35' title="bbox 92 985 883 1027">
     <span class='ocr_line' id='line_1_35' title="bbox 92 985 883 1027; baseline 0.005 -13"><span class='ocrx_word' id='word_1_289' title='bbox 92 988 170 1023; x_wconf 76' lang='grc' dir='ltr'>ψυχή·</span> <span class='ocrx_word' id='word_1_290' title='bbox 185 988 244 1014; x_wconf 62' lang='grc' dir='ltr'>ἀλλ’</span> <span class='ocrx_word' id='word_1_291' title='bbox 257 985 304 1015; x_wconf 81' lang='grc' dir='ltr'>οὖν</span> <span class='ocrx_word' id='word_1_292' title='bbox 317 986 358 1021; x_wconf 80' lang='grc' dir='ltr'>εἷς</span> <span class='ocrx_word' id='word_1_293' title='bbox 371 989 434 1021; x_wconf 78' lang='grc' dir='ltr'>Υἱός</span> <span class='ocrx_word' id='word_1_294' title='bbox 448 989 522 1016; x_wconf 81' lang='grc' dir='ltr'>ἐστιν</span> <span class='ocrx_word' id='word_1_295' title='bbox 535 990 549 1016; x_wconf 82' lang='grc' dir='ltr'>ὁ</span> <span class='ocrx_word' id='word_1_296' title='bbox 564 989 640 1022; x_wconf 86' lang='grc' dir='ltr'>Θεός.</span> <span class='ocrx_word' id='word_1_297' title='bbox 661 990 759 1017; x_wconf 78' lang='grc' dir='ltr'><strong>’ἰστέον</strong></span> <span class='ocrx_word' id='word_1_298' title='bbox 775 1000 807 1025; x_wconf 88' lang='grc' dir='ltr'><strong>γε</strong></span> <span class='ocrx_word' id='word_1_299' title='bbox 819 992 883 1027; x_wconf 86' lang='grc' dir='ltr'>μὴν,</span> 
     </span>
    </p>
   </div>
   <div class='ocr_carea' id='block_1_36' title="bbox 92 1034 883 1074">
    <p class='ocr_par' dir='ltr' id='par_1_36' title="bbox 92 1034 883 1074">
     <span class='ocr_line' id='line_1_36' title="bbox 92 1034 883 1074; baseline 0.004 -13"><span class='ocrx_word' id='word_1_300' title='bbox 92 1035 130 1061; x_wconf 75' lang='grc' dir='ltr'>ὅτι</span> <span class='ocrx_word' id='word_1_301' title='bbox 146 1034 195 1069; x_wconf 86' lang='grc' dir='ltr'><strong>τὴν</strong></span> <span class='ocrx_word' id='word_1_302' title='bbox 213 1034 263 1061; x_wconf 86' lang='grc' dir='ltr'><strong>τοῦ</strong></span> <span class='ocrx_word' id='word_1_303' title='bbox 288 1035 391 1070; x_wconf 76' lang='grc' dir='ltr'>Κυρίου</span> <span class='ocrx_word' id='word_1_304' title='bbox 417 1035 507 1071; x_wconf 82' lang='grc' dir='ltr'>σάρκα</span> <span class='ocrx_word' id='word_1_305' title='bbox 530 1035 618 1072; x_wconf 75' lang='grc' dir='ltr'>φαμὲν</span> <span class='ocrx_word' id='word_1_306' title='bbox 642 1036 883 1074; x_wconf 71' lang='grc' dir='ltr'>ὲψυχῶσθαιψυχῇ</span> 
     </span>
    </p>
   </div>
   <div class='ocr_carea' id='block_1_37' title="bbox 92 1079 884 1117">
    <p class='ocr_par' dir='ltr' id='par_1_37' title="bbox 92 1079 884 1117">
     <span class='ocr_line' id='line_1_37' title="bbox 92 1079 884 1117; baseline 0.004 -10"><span class='ocrx_word' id='word_1_307' title='bbox 92 1081 177 1117; x_wconf 73' lang='grc' dir='ltr'>νοερᾷ.</span> <span class='ocrx_word' id='word_1_308' title='bbox 204 1081 384 1116; x_wconf 75' lang='grc' dir='ltr'>Ὀμολογοῦσι</span> <span class='ocrx_word' id='word_1_309' title='bbox 405 1081 438 1117; x_wconf 85' lang='grc' dir='ltr'>δὴ</span> <span class='ocrx_word' id='word_1_310' title='bbox 462 1079 519 1115; x_wconf 81' lang='grc' dir='ltr'>οὖν,</span> <span class='ocrx_word' id='word_1_311' title='bbox 535 1082 576 1108; x_wconf 83' lang='grc' dir='ltr'>ὅτι</span> <span class='ocrx_word' id='word_1_312' title='bbox 599 1082 653 1109; x_wconf 78' lang='grc' dir='ltr'><strong>Καὶ</strong></span> <span class='ocrx_word' id='word_1_313' title='bbox 677 1083 706 1108; x_wconf 81' lang='grc' dir='ltr'><strong>ὲν</strong></span> <span class='ocrx_word' id='word_1_314' title='bbox 729 1083 770 1110; x_wconf 80' lang='grc' dir='ltr'><strong>σοὶ</strong></span> <span class='ocrx_word' id='word_1_315' title='bbox 789 1084 803 1110; x_wconf 89' lang='grc' dir='ltr'><strong><em>ὁ</em></strong></span> <span class='ocrx_word' id='word_1_316' title='bbox 818 1083 884 1116; x_wconf 83' lang='grc' dir='ltr'>Θεός</span> 
     </span>
    </p>
   </div>
   <div class='ocr_carea' id='block_1_38' title="bbox 93 1118 882 1164">
    <p class='ocr_par' dir='ltr' id='par_1_38' title="bbox 93 1118 882 1164">
     <span class='ocr_line' id='line_1_38' title="bbox 93 1118 882 1164; baseline 0.004 -11"><span class='ocrx_word' id='word_1_317' title='bbox 93 1127 157 1160; x_wconf 74' lang='grc' dir='ltr'>ἐστι,</span> <span class='ocrx_word' id='word_1_318' title='bbox 181 1127 229 1154; x_wconf 75' lang='grc' dir='ltr'>καὶ</span> <span class='ocrx_word' id='word_1_319' title='bbox 244 1127 295 1154; x_wconf 78' lang='grc' dir='ltr'>οὐκ</span> <span class='ocrx_word' id='word_1_320' title='bbox 318 1127 376 1154; x_wconf 79' lang='grc' dir='ltr'>ἔστι</span> <span class='ocrx_word' id='word_1_321' title='bbox 396 1127 462 1159; x_wconf 75' lang='grc' dir='ltr'>Θεὸς</span> <span class='ocrx_word' id='word_1_322' title='bbox 477 1118 619 1163; x_wconf 74' lang='grc' dir='ltr'>πλὴν’σοῦ.</span> <span class='ocrx_word' id='word_1_323' title='bbox 638 1129 674 1155; x_wconf 73' lang='grc' dir='ltr'><strong>Σὺ</strong></span> <span class='ocrx_word' id='word_1_324' title='bbox 697 1129 751 1164; x_wconf 84' lang='grc' dir='ltr'><strong>γὰρ</strong></span> <span class='ocrx_word' id='word_1_325' title='bbox 766 1126 790 1156; x_wconf 79' lang='grc' dir='ltr'>εἳ</span> <span class='ocrx_word' id='word_1_326' title='bbox 806 1129 882 1163; x_wconf 81' lang='grc' dir='ltr'>Θεὸς,</span> 
     </span>
    </p>
   </div>
   <div class='ocr_carea' id='block_1_39' title="bbox 93 1172 882 1211">
    <p class='ocr_par' dir='ltr' id='par_1_39' title="bbox 93 1172 882 1211">
     <span class='ocr_line' id='line_1_39' title="bbox 93 1172 882 1211; baseline 0.003 -11"><span class='ocrx_word' id='word_1_327' title='bbox 93 1174 136 1200; x_wconf 66' lang='grc' dir='ltr'>καὶ</span> <span class='ocrx_word' id='word_1_328' title='bbox 153 1173 202 1200; x_wconf 78' lang='grc' dir='ltr'>οὐκ</span> <span class='ocrx_word' id='word_1_329' title='bbox 224 1173 347 1209; x_wconf 80' lang='grc' dir='ltr'>ᾔδειμεν,</span> <span class='ocrx_word' id='word_1_330' title='bbox 363 1174 377 1200; x_wconf 81' lang='grc' dir='ltr'>ὁ</span> <span class='ocrx_word' id='word_1_331' title='bbox 398 1172 465 1205; x_wconf 78' lang='grc' dir='ltr'>Θεὸς</span> <span class='ocrx_word' id='word_1_332' title='bbox 487 1173 534 1200; x_wconf 86' lang='grc' dir='ltr'><strong>τοῦ</strong></span> <span class='ocrx_word' id='word_1_333' title='bbox 555 1174 663 1210; x_wconf 77' lang='grc' dir='ltr'>Ἰσραὴλ</span> <span class='ocrx_word' id='word_1_334' title='bbox 681 1176 782 1210; x_wconf 82' lang='grc' dir='ltr'>σωτήρ.</span> <span class='ocrx_word' id='word_1_335' title='bbox 809 1175 882 1211; x_wconf 74' lang='grc' dir='ltr'><strong>Αὕτη</strong></span> 
     </span>
    </p>
   </div>
   <div class='ocr_carea' id='block_1_40' title="bbox 96 1218 883 1258">
    <p class='ocr_par' dir='ltr' id='par_1_40' title="bbox 96 1218 883 1258">
     <span class='ocr_line' id='line_1_40' title="bbox 96 1218 883 1258; baseline 0.005 -13"><span class='ocrx_word' id='word_1_336' title='bbox 96 1218 292 1254; x_wconf 76' lang='grc' dir='ltr'><strong>μετανοούντων</strong></span> <span class='ocrx_word' id='word_1_337' title='bbox 315 1219 402 1255; x_wconf 82' lang='grc' dir='ltr'>φωνὴ,</span> <span class='ocrx_word' id='word_1_338' title='bbox 429 1220 476 1247; x_wconf 77' lang='grc' dir='ltr'>καὶ</span> <span class='ocrx_word' id='word_1_339' title='bbox 503 1220 728 1255; x_wconf 72' lang='grc' dir='ltr'>μεταφοιτώντων</span> <span class='ocrx_word' id='word_1_340' title='bbox 748 1222 797 1257; x_wconf 67' lang='grc' dir='ltr'><strong>ἤδη</strong></span> <span class='ocrx_word' id='word_1_341' title='bbox 815 1222 883 1258; x_wconf 78' lang='grc' dir='ltr'>πρὸς</span> 
     </span>
    </p>
   </div>
   <div class='ocr_carea' id='block_1_41' title="bbox 93 1264 881 1301">
    <p class='ocr_par' dir='ltr' id='par_1_41' title="bbox 93 1264 881 1301">
     <span class='ocr_line' id='line_1_41' title="bbox 93 1264 881 1301; baseline 0.004 -10"><span class='ocrx_word' id='word_1_342' title='bbox 93 1266 121 1291; x_wconf 81' lang='grc' dir='ltr'><strong>τὺ</strong></span> <span class='ocrx_word' id='word_1_343' title='bbox 139 1264 196 1299; x_wconf 84' lang='grc' dir='ltr'>φῶς</span> <span class='ocrx_word' id='word_1_344' title='bbox 221 1265 253 1298; x_wconf 73' lang='grc' dir='ltr'>ἐξ</span> <span class='ocrx_word' id='word_1_345' title='bbox 279 1265 388 1300; x_wconf 82' lang='grc' dir='ltr'>ἀπάτης</span> <span class='ocrx_word' id='word_1_346' title='bbox 407 1266 454 1292; x_wconf 78' lang='grc' dir='ltr'>καὶ</span> <span class='ocrx_word' id='word_1_347' title='bbox 474 1265 582 1298; x_wconf 80' lang='grc' dir='ltr'><strong>σκότου,</strong></span> <span class='ocrx_word' id='word_1_348' title='bbox 604 1266 651 1292; x_wconf 71' lang='grc' dir='ltr'>καὶ</span> <span class='ocrx_word' id='word_1_349' title='bbox 670 1267 709 1298; x_wconf 83' lang='grc' dir='ltr'>εἰς</span> <span class='ocrx_word' id='word_1_350' title='bbox 734 1267 881 1301; x_wconf 78' lang='grc' dir='ltr'>ἐπίγνωσιν</span> 
     </span>
    </p>
   </div>
   <div class='ocr_carea' id='block_1_42' title="bbox 93 1310 884 1349">
    <p class='ocr_par' dir='ltr' id='par_1_42' title="bbox 93 1310 884 1349">
     <span class='ocr_line' id='line_1_42' title="bbox 93 1310 884 1349; baseline 0.003 -12"><span class='ocrx_word' id='word_1_351' title='bbox 93 1310 216 1346; x_wconf 78' lang='grc' dir='ltr'>ἀληθείας</span> <span class='ocrx_word' id='word_1_352' title='bbox 228 1310 436 1347; x_wconf 84' lang='grc' dir='ltr'>διεληλακότιον,</span> <span class='ocrx_word' id='word_1_353' title='bbox 450 1312 498 1338; x_wconf 68' lang='grc' dir='ltr'>καὶ</span> <span class='ocrx_word' id='word_1_354' title='bbox 510 1312 555 1339; x_wconf 76' lang='grc' dir='ltr'>τὸν</span> <span class='ocrx_word' id='word_1_355' title='bbox 566 1311 645 1346; x_wconf 73' lang='grc' dir='ltr'>φύσει</span> <span class='ocrx_word' id='word_1_356' title='bbox 666 1321 696 1338; x_wconf 87' lang='grc' dir='ltr'><strong>τε</strong></span> <span class='ocrx_word' id='word_1_357' title='bbox 716 1313 762 1339; x_wconf 78' lang='grc' dir='ltr'>καὶ</span> <span class='ocrx_word' id='word_1_358' title='bbox 777 1313 884 1349; x_wconf 74' lang='grc' dir='ltr'>άληθῶς</span> 
     </span>
    </p>
   </div>
   <div class='ocr_carea' id='block_1_43' title="bbox 94 1357 884 1394">
    <p class='ocr_par' dir='ltr' id='par_1_43' title="bbox 94 1357 884 1394">
     <span class='ocr_line' id='line_1_43' title="bbox 94 1357 884 1394; baseline 0.003 -10"><span class='ocrx_word' id='word_1_359' title='bbox 94 1357 284 1392; x_wconf 83' lang='grc' dir='ltr'>ὲπεγνωκότων</span> <span class='ocrx_word' id='word_1_360' title='bbox 305 1357 381 1392; x_wconf 77' lang='grc' dir='ltr'>Θεὸν,</span> <span class='ocrx_word' id='word_1_361' title='bbox 401 1359 449 1385; x_wconf 76' lang='grc' dir='ltr'>καὶ</span> <span class='ocrx_word' id='word_1_362' title='bbox 470 1358 524 1385; x_wconf 87' lang='grc' dir='ltr'><strong>τῶν</strong></span> <span class='ocrx_word' id='word_1_363' title='bbox 548 1359 617 1385; x_wconf 82' lang='grc' dir='ltr'>ὅλων</span> <span class='ocrx_word' id='word_1_364' title='bbox 639 1359 805 1394; x_wconf 71' lang='grc' dir='ltr'>δημιουργὸν</span> <span class='ocrx_word' id='word_1_365' title='bbox 836 1360 884 1387; x_wconf 71' lang='grc' dir='ltr'><strong>καὶ</strong></span> 
     </span>
    </p>
   </div>
   <div class='ocr_carea' id='block_1_44' title="bbox 95 1403 884 1441">
    <p class='ocr_par' dir='ltr' id='par_1_44' title="bbox 95 1403 884 1441">
     <span class='ocr_line' id='line_1_44' title="bbox 95 1403 884 1441; baseline 0.003 -11"><span class='ocrx_word' id='word_1_366' title='bbox 95 1403 198 1440; x_wconf 78' lang='grc' dir='ltr'>Κύριον.</span> <span class='ocrx_word' id='word_1_367' title='bbox 214 1404 332 1439; x_wconf 83' lang='grc' dir='ltr'>Σωτῆρά</span> <span class='ocrx_word' id='word_1_368' title='bbox 341 1412 373 1438; x_wconf 91' lang='grc' dir='ltr'><strong>γε</strong></span> <span class='ocrx_word' id='word_1_369' title='bbox 388 1404 441 1440; x_wconf 84' lang='grc' dir='ltr'>μὴν</span> <span class='ocrx_word' id='word_1_370' title='bbox 456 1404 503 1431; x_wconf 88' lang='grc' dir='ltr'><strong>τοῦ</strong></span> <span class='ocrx_word' id='word_1_371' title='bbox 519 1404 628 1441; x_wconf 78' lang='grc' dir='ltr'>Ἰσραὴλ</span> <span class='ocrx_word' id='word_1_372' title='bbox 646 1404 824 1440; x_wconf 76' lang='grc' dir='ltr'>ὀνομάζουσιν</span> <span class='ocrx_word' id='word_1_373' title='bbox 836 1405 884 1432; x_wconf 83' lang='grc' dir='ltr'><strong>αὑ-</strong></span> 
     </span>
    </p>
   </div>
   <div class='ocr_carea' id='block_1_45' title="bbox 95 1449 882 1487">
    <p class='ocr_par' dir='ltr' id='par_1_45' title="bbox 95 1449 882 1487">
     <span class='ocr_line' id='line_1_45' title="bbox 95 1449 882 1487; baseline 0.004 -11"><span class='ocrx_word' id='word_1_374' title='bbox 95 1449 136 1476; x_wconf 74' lang='grc' dir='ltr'><strong>τὸν</strong></span> <span class='ocrx_word' id='word_1_375' title='bbox 154 1449 198 1476; x_wconf 84' lang='grc' dir='ltr'><strong>τδν</strong></span> <span class='ocrx_word' id='word_1_376' title='bbox 222 1449 473 1486; x_wconf 85' lang='grc' dir='ltr'>ὲνανθρωπήσαντα</span> <span class='ocrx_word' id='word_1_377' title='bbox 497 1450 543 1478; x_wconf 62' lang='grc' dir='ltr'><strong>καὶ</strong></span> <span class='ocrx_word' id='word_1_378' title='bbox 565 1450 784 1487; x_wconf 81' lang='grc' dir='ltr'>σεσαρκωμένον,</span> <span class='ocrx_word' id='word_1_379' title='bbox 801 1451 882 1479; x_wconf 70' lang='grc' dir='ltr'>αὑτὸν</span> 
     </span>
    </p>
   </div>
   <div class='ocr_carea' id='block_1_46' title="bbox 95 1494 884 1530">
    <p class='ocr_par' dir='ltr' id='par_1_46' title="bbox 95 1494 884 1530">
     <span class='ocr_line' id='line_1_46' title="bbox 95 1494 884 1530; baseline 0.003 -8"><span class='ocrx_word' id='word_1_380' title='bbox 95 1496 190 1522; x_wconf 77' lang='grc' dir='ltr'>ἐκεῖνον</span> <span class='ocrx_word' id='word_1_381' title='bbox 217 1494 288 1523; x_wconf 81' lang='grc' dir='ltr'>εἶναι</span> <span class='ocrx_word' id='word_1_382' title='bbox 320 1495 524 1528; x_wconf 83' lang='grc' dir='ltr'>πιστεύσαντες,</span> <span class='ocrx_word' id='word_1_383' title='bbox 548 1496 577 1528; x_wconf 77' lang='grc' dir='ltr'>ὃς</span> <span class='ocrx_word' id='word_1_384' title='bbox 603 1497 649 1523; x_wconf 76' lang='grc' dir='ltr'><strong>καὶ</strong></span> <span class='ocrx_word' id='word_1_385' title='bbox 672 1496 756 1524; x_wconf 86' lang='grc' dir='ltr'>πάλαι</span> <span class='ocrx_word' id='word_1_386' title='bbox 775 1498 830 1529; x_wconf 84' lang='grc' dir='ltr'>τοῖς</span> <span class='ocrx_word' id='word_1_387' title='bbox 853 1497 884 1530; x_wconf 75' lang='grc' dir='ltr'>ἐξ</span> 
     </span>
    </p>
   </div>
   <div class='ocr_carea' id='block_1_47' title="bbox 937 933 1728 977">
    <p class='ocr_par' dir='ltr' id='par_1_47' title="bbox 937 933 1728 977">
     <span class='ocr_line' id='line_1_47' title="bbox 937 933 1728 977; baseline 0.003 -9"><span class='ocrx_word' id='word_1_388' title='bbox 937 940 1055 968; x_wconf 87' lang='lat' dir='ltr'><strong>tenebris</strong></span> <span class='ocrx_word' id='word_1_389' title='bbox 1080 933 1115 968; x_wconf 71' lang='lat' dir='ltr'><strong>ad</strong></span> <span class='ocrx_word' id='word_1_390' title='bbox 1134 940 1220 968; x_wconf 88' lang='lat' dir='ltr'><strong>lucem</strong></span> <span class='ocrx_word' id='word_1_391' title='bbox 1241 942 1447 974; x_wconf 86' lang='lat' dir='ltr'><strong>revertentium,</strong></span> <span class='ocrx_word' id='word_1_392' title='bbox 1461 946 1488 969; x_wconf 91' lang='lat' dir='ltr'><strong>et</strong></span> <span class='ocrx_word' id='word_1_393' title='bbox 1505 942 1538 969; x_wconf 87' lang='lat' dir='ltr'><strong>ad</strong></span> <span class='ocrx_word' id='word_1_394' title='bbox 1563 942 1728 977; x_wconf 75' lang='lat' dir='ltr'><strong>agnitionem</strong></span> 
     </span>
    </p>
   </div>
   <div class='ocr_carea' id='block_1_48' title="bbox 934 983 1726 1023">
    <p class='ocr_par' dir='ltr' id='par_1_48' title="bbox 934 983 1726 1023">
     <span class='ocr_line' id='line_1_48' title="bbox 934 983 1726 1023; baseline -0.001 -7"><span class='ocrx_word' id='word_1_395' title='bbox 934 989 1058 1016; x_wconf 84' lang='lat' dir='ltr'><strong>veritatis</strong></span> <span class='ocrx_word' id='word_1_396' title='bbox 1071 989 1280 1023; x_wconf 86' lang='lat' dir='ltr'><strong>transeuntium,</strong></span> <span class='ocrx_word' id='word_1_397' title='bbox 1298 993 1325 1016; x_wconf 91' lang='lat' dir='ltr'><strong>et</strong></span> <span class='ocrx_word' id='word_1_398' title='bbox 1336 993 1430 1017; x_wconf 85' lang='lat' dir='ltr'><strong>natura</strong></span> <span class='ocrx_word' id='word_1_399' title='bbox 1450 983 1531 1023; x_wconf 86' lang='lat' dir='ltr'><strong>atque</strong></span> <span class='ocrx_word' id='word_1_400' title='bbox 1547 996 1612 1016; x_wconf 78' lang='lat' dir='ltr'><strong>vere</strong></span> <span class='ocrx_word' id='word_1_401' title='bbox 1630 988 1726 1022; x_wconf 84' lang='lat' dir='ltr'><strong>Deum,</strong></span> 
     </span>
    </p>
   </div>
   <div class='ocr_carea' id='block_1_49' title="bbox 934 1035 1726 1071">
    <p class='ocr_par' dir='ltr' id='par_1_49' title="bbox 934 1035 1726 1071">
     <span class='ocr_line' id='line_1_49' title="bbox 934 1035 1726 1071; baseline 0 -8"><span class='ocrx_word' id='word_1_402' title='bbox 934 1040 961 1063; x_wconf 88' lang='lat' dir='ltr'><strong>et</strong></span> <span class='ocrx_word' id='word_1_403' title='bbox 987 1035 1174 1063; x_wconf 85' lang='lat' dir='ltr'><strong>universorum</strong></span> <span class='ocrx_word' id='word_1_404' title='bbox 1200 1035 1392 1063; x_wconf 80' lang='lat' dir='ltr'><strong>fabricatorem</strong></span> <span class='ocrx_word' id='word_1_405' title='bbox 1414 1040 1442 1063; x_wconf 92' lang='lat' dir='ltr'><strong>et</strong></span> <span class='ocrx_word' id='word_1_406' title='bbox 1469 1035 1612 1064; x_wconf 87' lang='lat' dir='ltr'><strong>Dominum</strong></span> <span class='ocrx_word' id='word_1_407' title='bbox 1640 1042 1726 1071; x_wconf 56' lang='lat' dir='ltr'><strong>agno.</strong></span> 
     </span>
    </p>
   </div>
   <div class='ocr_carea' id='block_1_50' title="bbox 936 1080 1726 1120">
    <p class='ocr_par' dir='ltr' id='par_1_50' title="bbox 936 1080 1726 1120">
     <span class='ocr_line' id='line_1_50' title="bbox 936 1080 1726 1120; baseline 0.005 -11"><span class='ocrx_word' id='word_1_408' title='bbox 936 1081 1084 1109; x_wconf 76' lang='lat' dir='ltr'><strong>Scentium.</strong></span> <span class='ocrx_word' id='word_1_409' title='bbox 1106 1081 1279 1109; x_wconf 87' lang='lat' dir='ltr'><strong>Servatorem</strong></span> <span class='ocrx_word' id='word_1_410' title='bbox 1299 1080 1406 1108; x_wconf 86' lang='lat' dir='ltr'><strong>lsraelis</strong></span> <span class='ocrx_word' id='word_1_411' title='bbox 1424 1082 1565 1110; x_wconf 81' lang='lat' dir='ltr'><strong>nominaut</strong></span> <span class='ocrx_word' id='word_1_412' title='bbox 1589 1083 1662 1112; x_wconf 89' lang='lat' dir='ltr'><strong>illum</strong></span> <span class='ocrx_word' id='word_1_413' title='bbox 1680 1086 1726 1120; x_wconf 87' lang='lat' dir='ltr'><strong>qui</strong></span> 
     </span>
    </p>
   </div>
   <div class='ocr_carea' id='block_1_51' title="bbox 934 1128 1726 1163">
    <p class='ocr_par' dir='ltr' id='par_1_51' title="bbox 934 1128 1726 1163">
     <span class='ocr_line' id='line_1_51' title="bbox 934 1128 1726 1163; baseline 0.003 -7"><span class='ocrx_word' id='word_1_414' title='bbox 934 1129 1132 1156; x_wconf 85' lang='lat' dir='ltr'><strong>humanitatem</strong></span> <span class='ocrx_word' id='word_1_415' title='bbox 1160 1128 1275 1163; x_wconf 83' lang='lat' dir='ltr'><strong>sumpsit</strong></span> <span class='ocrx_word' id='word_1_416' title='bbox 1294 1132 1321 1155; x_wconf 87' lang='lat' dir='ltr'><strong>ct</strong></span> <span class='ocrx_word' id='word_1_417' title='bbox 1342 1135 1470 1155; x_wconf 81' lang='lat' dir='ltr'><strong>carnem:</strong></span> <span class='ocrx_word' id='word_1_418' title='bbox 1490 1128 1565 1156; x_wconf 90' lang='lat' dir='ltr'><strong>illum</strong></span> <span class='ocrx_word' id='word_1_419' title='bbox 1599 1130 1726 1158; x_wconf 87' lang='lat' dir='ltr'><strong>eumdem</strong></span> 
     </span>
    </p>
   </div>
   <div class='ocr_carea' id='block_1_52' title="bbox 935 1173 1726 1209">
    <p class='ocr_par' dir='ltr' id='par_1_52' title="bbox 935 1173 1726 1209">
     <span class='ocr_line' id='line_1_52' title="bbox 935 1173 1726 1209; baseline 0.003 -7"><span class='ocrx_word' id='word_1_420' title='bbox 935 1174 1077 1202; x_wconf 83' lang='lat' dir='ltr'><strong>credentes</strong></span> <span class='ocrx_word' id='word_1_421' title='bbox 1107 1181 1182 1206; x_wconf 87' lang='lat' dir='ltr'><strong>esse,</strong></span> <span class='ocrx_word' id='word_1_422' title='bbox 1203 1174 1249 1209; x_wconf 85' lang='lat' dir='ltr'><strong>qui</strong></span> <span class='ocrx_word' id='word_1_423' title='bbox 1283 1178 1343 1201; x_wconf 87' lang='lat' dir='ltr'><strong>erat</strong></span> <span class='ocrx_word' id='word_1_424' title='bbox 1376 1173 1514 1208; x_wconf 82' lang='lat' dir='ltr'><strong>quondam</strong></span> <span class='ocrx_word' id='word_1_425' title='bbox 1543 1174 1726 1204; x_wconf 87' lang='lat' dir='ltr'><strong>lsraelitarum</strong></span> 
     </span>
    </p>
   </div>
   <div class='ocr_carea' id='block_1_53' title="bbox 935 1219 1725 1256">
    <p class='ocr_par' dir='ltr' id='par_1_53' title="bbox 935 1219 1725 1256">
     <span class='ocr_line' id='line_1_53' title="bbox 935 1219 1725 1256; baseline 0.004 -9"><span class='ocrx_word' id='word_1_426' title='bbox 935 1221 1154 1248; x_wconf 85' lang='lat' dir='ltr'><strong>adminiculator.</strong></span> <span class='ocrx_word' id='word_1_427' title='bbox 1178 1220 1225 1248; x_wconf 88' lang='lat' dir='ltr'><strong>Vel</strong></span> <span class='ocrx_word' id='word_1_428' title='bbox 1244 1219 1372 1248; x_wconf 86' lang='lat' dir='ltr'><strong>Israelem</strong></span> <span class='ocrx_word' id='word_1_429' title='bbox 1394 1219 1547 1256; x_wconf 72' lang='lat' dir='ltr'><strong>intelliges,</strong></span> <span class='ocrx_word' id='word_1_430' title='bbox 1564 1229 1617 1249; x_wconf 90' lang='lat' dir='ltr'><strong>non</strong></span> <span class='ocrx_word' id='word_1_431' title='bbox 1637 1222 1725 1250; x_wconf 90' lang='lat' dir='ltr'><strong>solum</strong></span> 
     </span>
    </p>
   </div>
   <div class='ocr_carea' id='block_1_54' title="bbox 935 1266 1724 1302">
    <p class='ocr_par' dir='ltr' id='par_1_54' title="bbox 935 1266 1724 1302">
     <span class='ocr_line' id='line_1_54' title="bbox 935 1266 1724 1302; baseline 0.001 -7"><span class='ocrx_word' id='word_1_432' title='bbox 935 1267 1082 1301; x_wconf 79' lang='lat' dir='ltr'><strong>carnalem,</strong></span> <span class='ocrx_word' id='word_1_433' title='bbox 1091 1268 1137 1295; x_wconf 85' lang='lat' dir='ltr'><strong>sed</strong></span> <span class='ocrx_word' id='word_1_434' title='bbox 1151 1268 1231 1295; x_wconf 85' lang='lat' dir='ltr'><strong>etiam</strong></span> <span class='ocrx_word' id='word_1_435' title='bbox 1245 1268 1266 1294; x_wconf 90' lang='lat' dir='ltr'><strong>si</strong></span> <span class='ocrx_word' id='word_1_436' title='bbox 1279 1267 1340 1302; x_wconf 91' lang='lat' dir='ltr'><strong>quis</strong></span> <span class='ocrx_word' id='word_1_437' title='bbox 1348 1266 1417 1294; x_wconf 87' lang='lat' dir='ltr'><strong>alius</strong></span> <span class='ocrx_word' id='word_1_438' title='bbox 1426 1267 1509 1294; x_wconf 87' lang='lat' dir='ltr'><strong>Deum</strong></span> <span class='ocrx_word' id='word_1_439' title='bbox 1523 1272 1611 1302; x_wconf 89' lang='lat' dir='ltr'><strong>potest</strong></span> <span class='ocrx_word' id='word_1_440' title='bbox 1621 1268 1724 1296; x_wconf 86' lang='lat' dir='ltr'><strong>videre.</strong></span> 
     </span>
    </p>
   </div>
   <div class='ocr_carea' id='block_1_55' title="bbox 936 1311 1724 1347">
    <p class='ocr_par' dir='ltr' id='par_1_55' title="bbox 936 1311 1724 1347">
     <span class='ocr_line' id='line_1_55' title="bbox 936 1311 1724 1347; baseline 0.005 -9"><span class='ocrx_word' id='word_1_441' title='bbox 936 1312 1132 1347; x_wconf 78' lang='lat' dir='ltr'><strong>Interpretatur</strong></span> <span class='ocrx_word' id='word_1_442' title='bbox 1170 1312 1242 1339; x_wconf 87' lang='lat' dir='ltr'><strong>enim</strong></span> <span class='ocrx_word' id='word_1_443' title='bbox 1273 1311 1377 1345; x_wconf 75' lang='lat' dir='ltr'><strong>lstael,</strong></span> <span class='ocrx_word' id='word_1_444' title='bbox 1411 1319 1482 1339; x_wconf 81' lang='lat' dir='ltr'><strong>mens</strong></span> <span class='ocrx_word' id='word_1_445' title='bbox 1511 1312 1601 1340; x_wconf 77' lang='lat' dir='ltr'><strong>uidens</strong></span> <span class='ocrx_word' id='word_1_446' title='bbox 1627 1312 1724 1342; x_wconf 81' lang='lat' dir='ltr'><strong>Deum.</strong></span> 
     </span>
    </p>
   </div>
   <div class='ocr_carea' id='block_1_56' title="bbox 936 1357 1726 1393">
    <p class='ocr_par' dir='ltr' id='par_1_56' title="bbox 936 1357 1726 1393">
     <span class='ocr_line' id='line_1_56' title="bbox 936 1357 1726 1393; baseline 0.001 -8"><span class='ocrx_word' id='word_1_447' title='bbox 936 1358 1016 1386; x_wconf 80' lang='lat' dir='ltr'><strong>Videt</strong></span> <span class='ocrx_word' id='word_1_448' title='bbox 1041 1362 1130 1385; x_wconf 85' lang='lat' dir='ltr'><strong>autem</strong></span> <span class='ocrx_word' id='word_1_449' title='bbox 1152 1357 1235 1385; x_wconf 90' lang='lat' dir='ltr'><strong>Deum</strong></span> <span class='ocrx_word' id='word_1_450' title='bbox 1261 1357 1360 1385; x_wconf 88' lang='lat' dir='ltr'><strong>mentis</strong></span> <span class='ocrx_word' id='word_1_451' title='bbox 1388 1357 1484 1392; x_wconf 86' lang='lat' dir='ltr'><strong>oculis,</strong></span> <span class='ocrx_word' id='word_1_452' title='bbox 1497 1358 1543 1393; x_wconf 90' lang='lat' dir='ltr'><strong>qui</strong></span> <span class='ocrx_word' id='word_1_453' title='bbox 1565 1357 1612 1386; x_wconf 87' lang='lat' dir='ltr'><strong>Dei</strong></span> <span class='ocrx_word' id='word_1_454' title='bbox 1632 1366 1664 1386; x_wconf 91' lang='lat' dir='ltr'><strong>ac</strong></span> <span class='ocrx_word' id='word_1_455' title='bbox 1677 1358 1726 1386; x_wconf 80' lang='lat' dir='ltr'><strong>Pa-</strong></span> 
     </span>
    </p>
   </div>
   <div class='ocr_carea' id='block_1_57' title="bbox 936 1401 1724 1438">
    <p class='ocr_par' dir='ltr' id='par_1_57' title="bbox 936 1401 1724 1438">
     <span class='ocr_line' id='line_1_57' title="bbox 936 1401 1724 1438; baseline 0.003 -8"><span class='ocrx_word' id='word_1_456' title='bbox 936 1403 984 1431; x_wconf 87' lang='lat' dir='ltr'><strong>tris</strong></span> <span class='ocrx_word' id='word_1_457' title='bbox 1000 1404 1196 1435; x_wconf 85' lang='lat' dir='ltr'><strong>characterem,</strong></span> <span class='ocrx_word' id='word_1_458' title='bbox 1212 1402 1339 1430; x_wconf 85' lang='lat' dir='ltr'><strong>nimirum</strong></span> <span class='ocrx_word' id='word_1_459' title='bbox 1362 1401 1461 1430; x_wconf 86' lang='lat' dir='ltr'><strong>Filium</strong></span> <span class='ocrx_word' id='word_1_460' title='bbox 1477 1403 1586 1438; x_wconf 82' lang='lat' dir='ltr'><strong>aspicit.</strong></span> <span class='ocrx_word' id='word_1_461' title='bbox 1605 1403 1667 1438; x_wconf 85' lang='lat' dir='ltr'><strong>Cui,</strong></span> <span class='ocrx_word' id='word_1_462' title='bbox 1680 1405 1724 1432; x_wconf 90' lang='lat' dir='ltr'><strong>in-</strong></span> 
     </span>
    </p>
   </div>
   <div class='ocr_carea' id='block_1_58' title="bbox 934 1448 1725 1484">
    <p class='ocr_par' dir='ltr' id='par_1_58' title="bbox 934 1448 1725 1484">
     <span class='ocr_line' id='line_1_58' title="bbox 934 1448 1725 1484; baseline 0.005 -9"><span class='ocrx_word' id='word_1_463' title='bbox 934 1449 1003 1484; x_wconf 88' lang='lat' dir='ltr'><strong>quit,</strong></span> <span class='ocrx_word' id='word_1_464' title='bbox 1015 1449 1062 1484; x_wconf 85' lang='lat' dir='ltr'><strong>qui</strong></span> <span class='ocrx_word' id='word_1_465' title='bbox 1083 1449 1251 1481; x_wconf 88' lang='lat' dir='ltr'><strong>restiterunt,</strong></span> <span class='ocrx_word' id='word_1_466' title='bbox 1267 1448 1415 1483; x_wconf 82' lang='lat' dir='ltr'><strong>pudelient,</strong></span> <span class='ocrx_word' id='word_1_467' title='bbox 1434 1453 1462 1476; x_wconf 88' lang='lat' dir='ltr'><strong>et</strong></span> <span class='ocrx_word' id='word_1_468' title='bbox 1490 1449 1516 1476; x_wconf 92' lang='lat' dir='ltr'><strong>in</strong></span> <span class='ocrx_word' id='word_1_469' title='bbox 1539 1450 1640 1484; x_wconf 89' lang='lat' dir='ltr'><strong>pudore</strong></span> <span class='ocrx_word' id='word_1_470' title='bbox 1664 1458 1725 1479; x_wconf 76' lang='lat' dir='ltr'><strong>am—</strong></span> 
     </span>
    </p>
   </div>
   <div class='ocr_carea' id='block_1_59' title="bbox 934 1493 1726 1531">
    <p class='ocr_par' dir='ltr' id='par_1_59' title="bbox 934 1493 1726 1531">
     <span class='ocr_line' id='line_1_59' title="bbox 934 1493 1726 1531; baseline 0.004 -9"><span class='ocrx_word' id='word_1_471' title='bbox 934 1495 1074 1522; x_wconf 85' lang='lat' dir='ltr'><strong>bulabunt.</strong></span> <span class='ocrx_word' id='word_1_472' title='bbox 1092 1493 1160 1521; x_wconf 86' lang='lat' dir='ltr'><strong>Nam</strong></span> <span class='ocrx_word' id='word_1_473' title='bbox 1182 1494 1227 1529; x_wconf 89' lang='lat' dir='ltr'><strong>qui</strong></span> <span class='ocrx_word' id='word_1_474' title='bbox 1256 1494 1337 1522; x_wconf 86' lang='lat' dir='ltr'><strong>tidem</strong></span> <span class='ocrx_word' id='word_1_475' title='bbox 1358 1494 1384 1521; x_wconf 92' lang='lat' dir='ltr'><strong>in</strong></span> <span class='ocrx_word' id='word_1_476' title='bbox 1406 1493 1494 1529; x_wconf 87' lang='lat' dir='ltr'><strong>ipsum</strong></span> <span class='ocrx_word' id='word_1_477' title='bbox 1527 1502 1581 1522; x_wconf 89' lang='lat' dir='ltr'><strong>non</strong></span> <span class='ocrx_word' id='word_1_478' title='bbox 1616 1502 1726 1531; x_wconf 85' lang='lat' dir='ltr'><strong>recepe-</strong></span> 
     </span>
    </p>
   </div>
   <div class='ocr_carea' id='block_1_60' title="bbox 102 1539 881 1587">
    <p class='ocr_par' dir='ltr' id='par_1_60' title="bbox 102 1539 881 1578">
     <span class='ocr_line' id='line_1_60' title="bbox 102 1539 881 1578; baseline 0.003 -10"><span class='ocrx_word' id='word_1_479' title='bbox 102 1541 201 1577; x_wconf 75' lang='grc' dir='ltr'>Ἰσραὴλ</span> <span class='ocrx_word' id='word_1_480' title='bbox 215 1542 361 1577; x_wconf 77' lang='grc' dir='ltr'>ἐπίκουρος</span> <span class='ocrx_word' id='word_1_481' title='bbox 376 1539 420 1578; x_wconf 82' lang='grc' dir='ltr'><strong>ἦν.</strong></span> <span class='ocrx_word' id='word_1_482' title='bbox 438 1543 541 1576; x_wconf 83' lang='grc' dir='ltr'>Ἦγουν</span> <span class='ocrx_word' id='word_1_483' title='bbox 561 1543 669 1578; x_wconf 74' lang='grc' dir='ltr'>Ἰσραὴλ</span> <span class='ocrx_word' id='word_1_484' title='bbox 686 1543 811 1578; x_wconf 83' lang='grc' dir='ltr'>συνήσεις</span> <span class='ocrx_word' id='word_1_485' title='bbox 823 1542 881 1570; x_wconf 84' lang='grc' dir='ltr'>οῠτι</span> 
     </span>
    </p>
   </div>
   <div class='ocr_carea' id='block_1_61' title="bbox 971 1539 1726 1587">
    <p class='ocr_par' dir='ltr' id='par_1_61' title="bbox 971 1539 1726 1575">
     <span class='ocr_line' id='line_1_61' title="bbox 971 1539 1726 1575; baseline 0.004 -9"><span class='ocrx_word' id='word_1_486' title='bbox 971 1544 1008 1573; x_wconf 90' lang='lat' dir='ltr'><strong>nt,</strong></span> <span class='ocrx_word' id='word_1_487' title='bbox 1023 1540 1071 1568; x_wconf 89' lang='lat' dir='ltr'><strong>sed</strong></span> <span class='ocrx_word' id='word_1_488' title='bbox 1083 1547 1146 1567; x_wconf 88' lang='lat' dir='ltr'><strong>cum</strong></span> <span class='ocrx_word' id='word_1_489' title='bbox 1158 1540 1213 1567; x_wconf 86' lang='lat' dir='ltr'><strong>Deo</strong></span> <span class='ocrx_word' id='word_1_490' title='bbox 1226 1539 1428 1575; x_wconf 87' lang='lat' dir='ltr'><strong>quodammodo</strong></span> <span class='ocrx_word' id='word_1_491' title='bbox 1447 1544 1611 1575; x_wconf 77' lang='lat' dir='ltr'><strong>pugnarunt,</strong></span> <span class='ocrx_word' id='word_1_492' title='bbox 1621 1541 1726 1569; x_wconf 85' lang='lat' dir='ltr'><strong>scilicet</strong></span> 
     </span>
    </p>
   </div>
   <div class='ocr_carea' id='block_1_62' title="bbox 96 1585 881 1624">
    <p class='ocr_par' dir='ltr' id='par_1_62' title="bbox 96 1588 879 1624">
     <span class='ocr_line' id='line_1_62' title="bbox 96 1588 879 1624; baseline 0.004 -11"><span class='ocrx_word' id='word_1_493' title='bbox 96 1595 142 1614; x_wconf 80' lang='grc' dir='ltr'><strong>που</strong></span> <span class='ocrx_word' id='word_1_494' title='bbox 154 1588 198 1614; x_wconf 78' lang='grc' dir='ltr'><strong>τὸν</strong></span> <span class='ocrx_word' id='word_1_495' title='bbox 212 1588 285 1615; x_wconf 77' lang='grc' dir='ltr'>κατὰ</span> <span class='ocrx_word' id='word_1_496' title='bbox 301 1588 391 1624; x_wconf 80' lang='grc' dir='ltr'>σάρκα</span> <span class='ocrx_word' id='word_1_497' title='bbox 406 1588 496 1624; x_wconf 83' lang='grc' dir='ltr'>μόνον,</span> <span class='ocrx_word' id='word_1_498' title='bbox 514 1588 582 1615; x_wconf 77' lang='grc' dir='ltr'>ἀλλὰ</span> <span class='ocrx_word' id='word_1_499' title='bbox 595 1589 650 1624; x_wconf 83' lang='grc' dir='ltr'>γὰρ</span> <span class='ocrx_word' id='word_1_500' title='bbox 666 1589 712 1616; x_wconf 81' lang='grc' dir='ltr'>καὶ</span> <span class='ocrx_word' id='word_1_501' title='bbox 727 1589 806 1621; x_wconf 83' lang='grc' dir='ltr'>εἴτις</span> <span class='ocrx_word' id='word_1_502' title='bbox 821 1590 879 1616; x_wconf 74' lang='grc' dir='ltr'>ἓτε-</span> 
     </span>
    </p>
   </div>
   <div class='ocr_carea' id='block_1_63' title="bbox 971 1585 1724 1624">
    <p class='ocr_par' dir='ltr' id='par_1_63' title="bbox 971 1585 1724 1620">
     <span class='ocr_line' id='line_1_63' title="bbox 971 1585 1724 1620; baseline 0.004 -8"><span class='ocrx_word' id='word_1_503' title='bbox 971 1586 1030 1617; x_wconf 82' lang='lat' dir='ltr'><strong>daei,</strong></span> <span class='ocrx_word' id='word_1_504' title='bbox 1045 1593 1140 1613; x_wconf 90' lang='lat' dir='ltr'><strong>omnes</strong></span> <span class='ocrx_word' id='word_1_505' title='bbox 1160 1590 1240 1613; x_wconf 91' lang='lat' dir='ltr'><strong>erunt</strong></span> <span class='ocrx_word' id='word_1_506' title='bbox 1264 1586 1392 1620; x_wconf 87' lang='lat' dir='ltr'><strong>prostrati</strong></span> <span class='ocrx_word' id='word_1_507' title='bbox 1405 1589 1431 1613; x_wconf 88' lang='lat' dir='ltr'><strong>et</strong></span> <span class='ocrx_word' id='word_1_508' title='bbox 1450 1585 1547 1613; x_wconf 86' lang='lat' dir='ltr'><strong>devicti</strong></span> <span class='ocrx_word' id='word_1_509' title='bbox 1561 1587 1595 1614; x_wconf 94' lang='lat' dir='ltr'><strong>ab</strong></span> <span class='ocrx_word' id='word_1_510' title='bbox 1613 1587 1724 1615; x_wconf 87' lang='lat' dir='ltr'><strong>immota</strong></span> 
     </span>
    </p>
   </div>
   <div class='ocr_carea' id='block_1_64' title="bbox 95 1625 881 1672">
    <p class='ocr_par' dir='ltr' id='par_1_64' title="bbox 95 1633 880 1672">
     <span class='ocr_line' id='line_1_64' title="bbox 95 1633 880 1672; baseline 0.003 -12"><span class='ocrx_word' id='word_1_511' title='bbox 95 1642 139 1668; x_wconf 78' lang='grc' dir='ltr'><strong>ρος</strong></span> <span class='ocrx_word' id='word_1_512' title='bbox 151 1634 214 1670; x_wconf 82' lang='grc' dir='ltr'>ὸρᾷν</span> <span class='ocrx_word' id='word_1_513' title='bbox 227 1633 339 1661; x_wconf 80' lang='grc' dir='ltr'>δύναται</span> <span class='ocrx_word' id='word_1_514' title='bbox 352 1634 427 1661; x_wconf 85' lang='grc' dir='ltr'>Θεόν.</span> <span class='ocrx_word' id='word_1_515' title='bbox 438 1635 650 1670; x_wconf 79' lang='grc' dir='ltr'>Διερμηνεύεται</span> <span class='ocrx_word' id='word_1_516' title='bbox 662 1636 716 1672; x_wconf 73' lang='grc' dir='ltr'><strong>γὰρ</strong></span> <span class='ocrx_word' id='word_1_517' title='bbox 726 1635 755 1662; x_wconf 52' lang='lat' dir='ltr'><strong>ea</strong></span> <span class='ocrx_word' id='word_1_518' title='bbox 771 1635 880 1672; x_wconf 79' lang='grc' dir='ltr'>Ἰσραὴλ</span> 
     </span>
    </p>
   </div>
   <div class='ocr_carea' id='block_1_65' title="bbox 971 1625 1725 1672">
    <p class='ocr_par' dir='ltr' id='par_1_65' title="bbox 971 1625 1725 1668">
     <span class='ocr_line' id='line_1_65' title="bbox 971 1625 1725 1668; baseline 0.004 -10"><span class='ocrx_word' id='word_1_519' title='bbox 971 1639 1036 1659; x_wconf 87' lang='lat' dir='ltr'><strong>mu:</strong></span> <span class='ocrx_word' id='word_1_520' title='bbox 1059 1633 1104 1666; x_wconf 90' lang='lat' dir='ltr'><strong>qui</strong></span> <span class='ocrx_word' id='word_1_521' title='bbox 1130 1631 1189 1666; x_wconf 86' lang='lat' dir='ltr'><strong>ejus</strong></span> <span class='ocrx_word' id='word_1_522' title='bbox 1208 1632 1317 1666; x_wconf 87' lang='lat' dir='ltr'><strong>quidem</strong></span> <span class='ocrx_word' id='word_1_523' title='bbox 1342 1625 1512 1667; x_wconf 74' lang='lat' dir='ltr'><strong>maiestatem</strong></span> <span class='ocrx_word' id='word_1_524' title='bbox 1544 1632 1615 1665; x_wconf 81' lang='lat' dir='ltr'><strong>nulla</strong></span> <span class='ocrx_word' id='word_1_525' title='bbox 1646 1641 1725 1668; x_wconf 72' lang='lat' dir='ltr'><strong>pror~</strong></span> 
     </span>
    </p>
   </div>
   <div class='ocr_carea' id='block_1_66' title="bbox 95 1677 881 1716">
    <p class='ocr_par' dir='ltr' id='par_1_66' title="bbox 95 1679 881 1716">
     <span class='ocr_line' id='line_1_66' title="bbox 95 1679 881 1716; baseline 0.003 -11"><span class='ocrx_word' id='word_1_526' title='bbox 95 1679 164 1713; x_wconf 77' lang='grc' dir='ltr'>νοῦς</span> <span class='ocrx_word' id='word_1_527' title='bbox 179 1679 257 1714; x_wconf 70' lang='grc' dir='ltr'><strong>ὀρῶν</strong></span> <span class='ocrx_word' id='word_1_528' title='bbox 271 1681 355 1708; x_wconf 82' lang='grc' dir='ltr'>Θεόν.</span> <span class='ocrx_word' id='word_1_529' title='bbox 373 1680 439 1716; x_wconf 85' lang='grc' dir='ltr'>Ὀρᾷ</span> <span class='ocrx_word' id='word_1_530' title='bbox 454 1680 482 1707; x_wconf 81' lang='grc' dir='ltr'>δὲ</span> <span class='ocrx_word' id='word_1_531' title='bbox 494 1680 559 1707; x_wconf 70' lang='grc' dir='ltr'>Θεὸν</span> <span class='ocrx_word' id='word_1_532' title='bbox 568 1682 624 1712; x_wconf 66' lang='grc' dir='ltr'>τοῖς</span> <span class='ocrx_word' id='word_1_533' title='bbox 637 1681 686 1715; x_wconf 74' lang='grc' dir='ltr'>τῆς</span> <span class='ocrx_word' id='word_1_534' title='bbox 700 1681 817 1711; x_wconf 80' lang='grc' dir='ltr'>διανοίας</span> <span class='ocrx_word' id='word_1_535' title='bbox 830 1680 881 1716; x_wconf 79' lang='grc' dir='ltr'>δμ-</span> 
     </span>
    </p>
   </div>
   <div class='ocr_carea' id='block_1_67' title="bbox 971 1677 1724 1716">
    <p class='ocr_par' dir='ltr' id='par_1_67' title="bbox 971 1677 1724 1713">
     <span class='ocr_line' id='line_1_67' title="bbox 971 1677 1724 1713; baseline 0 -7"><span class='ocrx_word' id='word_1_536' title='bbox 971 1687 979 1706; x_wconf 78' lang='lat' dir='ltr'><strong>s</strong></span> <span class='ocrx_word' id='word_1_537' title='bbox 996 1678 1094 1712; x_wconf 87' lang='lat' dir='ltr'><strong>injuria</strong></span> <span class='ocrx_word' id='word_1_538' title='bbox 1119 1677 1249 1710; x_wconf 78' lang='lat' dir='ltr'><strong>alliciunt,</strong></span> <span class='ocrx_word' id='word_1_539' title='bbox 1268 1677 1324 1706; x_wconf 88' lang='lat' dir='ltr'><strong>suis</strong></span> <span class='ocrx_word' id='word_1_540' title='bbox 1347 1682 1437 1705; x_wconf 83' lang='lat' dir='ltr'><strong>autem</strong></span> <span class='ocrx_word' id='word_1_541' title='bbox 1461 1678 1595 1713; x_wconf 86' lang='lat' dir='ltr'><strong>capitibus</strong></span> <span class='ocrx_word' id='word_1_542' title='bbox 1614 1679 1724 1706; x_wconf 87' lang='lat' dir='ltr'><strong>exitium</strong></span> 
     </span>
    </p>
   </div>
   <div class='ocr_carea' id='block_1_68' title="bbox 99 1724 881 1763">
    <p class='ocr_par' dir='ltr' id='par_1_68' title="bbox 99 1725 881 1763">
     <span class='ocr_line' id='line_1_68' title="bbox 99 1725 881 1763; baseline 0.003 -11"><span class='ocrx_word' id='word_1_543' title='bbox 99 1734 181 1760; x_wconf 78' lang='grc' dir='ltr'>μασιν,</span> <span class='ocrx_word' id='word_1_544' title='bbox 198 1727 213 1753; x_wconf 79' lang='grc' dir='ltr'><strong><em>ὁ</em></strong></span> <span class='ocrx_word' id='word_1_545' title='bbox 234 1726 282 1753; x_wconf 80' lang='grc' dir='ltr'><strong>τὸν</strong></span> <span class='ocrx_word' id='word_1_546' title='bbox 300 1726 347 1753; x_wconf 85' lang='grc' dir='ltr'><strong>τοῦ</strong></span> <span class='ocrx_word' id='word_1_547' title='bbox 365 1725 433 1753; x_wconf 83' lang='grc' dir='ltr'>Θεοῦ</span> <span class='ocrx_word' id='word_1_548' title='bbox 454 1727 500 1753; x_wconf 76' lang='grc' dir='ltr'>καὶ</span> <span class='ocrx_word' id='word_1_549' title='bbox 520 1727 625 1763; x_wconf 81' lang='grc' dir='ltr'>Πατρδς</span> <span class='ocrx_word' id='word_1_550' title='bbox 641 1727 804 1763; x_wconf 80' lang='grc' dir='ltr'>χαρακτῆρα</span> <span class='ocrx_word' id='word_1_551' title='bbox 822 1727 881 1763; x_wconf 80' lang='grc' dir='ltr'>βλέ‹</span> 
     </span>
    </p>
   </div>
   <div class='ocr_carea' id='block_1_69' title="bbox 971 1724 1725 1763">
    <p class='ocr_par' dir='ltr' id='par_1_69' title="bbox 971 1724 1725 1759">
     <span class='ocr_line' id='line_1_69' title="bbox 971 1724 1725 1759; baseline 0.001 -7"><span class='ocrx_word' id='word_1_552' title='bbox 971 1729 1050 1758; x_wconf 86' lang='lat' dir='ltr'><strong>cant,</strong></span> <span class='ocrx_word' id='word_1_553' title='bbox 1079 1729 1106 1752; x_wconf 91' lang='lat' dir='ltr'><strong>et</strong></span> <span class='ocrx_word' id='word_1_554' title='bbox 1131 1724 1248 1752; x_wconf 86' lang='lat' dir='ltr'><strong>dedecus</strong></span> <span class='ocrx_word' id='word_1_555' title='bbox 1285 1724 1516 1759; x_wconf 79' lang='lat' dir='ltr'><strong>ignominiamque</strong></span> <span class='ocrx_word' id='word_1_556' title='bbox 1542 1726 1725 1753; x_wconf 87' lang='lat' dir='ltr'><strong>contrahunt.</strong></span> 
     </span>
    </p>
   </div>
   <div class='ocr_carea' id='block_1_70' title="bbox 97 1770 881 1809">
    <p class='ocr_par' dir='ltr' id='par_1_70' title="bbox 97 1770 881 1809">
     <span class='ocr_line' id='line_1_70' title="bbox 97 1770 881 1809; baseline 0.003 -11"><span class='ocrx_word' id='word_1_557' title='bbox 97 1780 160 1804; x_wconf 84' lang='grc' dir='ltr'>πων,</span> <span class='ocrx_word' id='word_1_558' title='bbox 174 1772 245 1799; x_wconf 76' lang='grc' dir='ltr'>τοῦτ’</span> <span class='ocrx_word' id='word_1_559' title='bbox 257 1772 324 1803; x_wconf 77' lang='grc' dir='ltr'>ἐστι,</span> <span class='ocrx_word' id='word_1_560' title='bbox 340 1771 386 1800; x_wconf 80' lang='grc' dir='ltr'>τὸν</span> <span class='ocrx_word' id='word_1_561' title='bbox 400 1772 474 1804; x_wconf 80' lang='grc' dir='ltr'>Υἱὸν,</span> <span class='ocrx_word' id='word_1_562' title='bbox 488 1770 510 1806; x_wconf 83' lang='grc' dir='ltr'>ᾧ</span> <span class='ocrx_word' id='word_1_563' title='bbox 525 1773 571 1800; x_wconf 74' lang='grc' dir='ltr'><strong>καὶ</strong></span> <span class='ocrx_word' id='word_1_564' title='bbox 582 1773 801 1809; x_wconf 83' lang='grc' dir='ltr'>ἐντραπήσεσθαί</span> <span class='ocrx_word' id='word_1_565' title='bbox 816 1782 881 1809; x_wconf 86' lang='grc' dir='ltr'>φησι</span> 
     </span>
    </p>
   </div>
   <div class='ocr_carea' id='block_1_71' title="bbox 971 1770 1724 1809">
    <p class='ocr_par' dir='ltr' id='par_1_71' title="bbox 971 1770 1724 1806">
     <span class='ocr_line' id='line_1_71' title="bbox 971 1770 1724 1806; baseline 0.001 -7"><span class='ocrx_word' id='word_1_566' title='bbox 971 1776 1019 1799; x_wconf 91' lang='lat' dir='ltr'><strong>unt</strong></span> <span class='ocrx_word' id='word_1_567' title='bbox 1030 1771 1113 1804; x_wconf 89' lang='lat' dir='ltr'><strong>enim,</strong></span> <span class='ocrx_word' id='word_1_568' title='bbox 1127 1770 1204 1806; x_wconf 76' lang='lat' dir='ltr'><strong>juxta</strong></span> <span class='ocrx_word' id='word_1_569' title='bbox 1216 1777 1310 1798; x_wconf 90' lang='lat' dir='ltr'><strong>vocem</strong></span> <span class='ocrx_word' id='word_1_570' title='bbox 1325 1771 1471 1806; x_wconf 78' lang='lat' dir='ltr'><strong>prophetae,</strong></span> <span class='ocrx_word' id='word_1_571' title='bbox 1482 1771 1639 1806; x_wconf 86' lang='lat' dir='ltr'><strong>spectaculo</strong></span> <span class='ocrx_word' id='word_1_572' title='bbox 1651 1773 1724 1800; x_wconf 88' lang='lat' dir='ltr'><strong>omni</strong></span> 
     </span>
    </p>
   </div>
   <div class='ocr_carea' id='block_1_72' title="bbox 97 1818 1019 1856">
    <p class='ocr_par' dir='ltr' id='par_1_72' title="bbox 97 1818 1019 1856">
     <span class='ocr_line' id='line_1_72' title="bbox 97 1818 1019 1856; baseline 0.002 -12"><span class='ocrx_word' id='word_1_573' title='bbox 97 1818 153 1850; x_wconf 72' lang='grc' dir='ltr'>τοὺς</span> <span class='ocrx_word' id='word_1_574' title='bbox 163 1819 374 1855; x_wconf 76' lang='grc' dir='ltr'>ἀνθεστηκότας,</span> <span class='ocrx_word' id='word_1_575' title='bbox 384 1819 602 1855; x_wconf 73' lang='grc' dir='ltr'>ιπορευθήσεσθαι</span> <span class='ocrx_word' id='word_1_576' title='bbox 618 1818 645 1845; x_wconf 78' lang='grc' dir='ltr'>δὲ</span> <span class='ocrx_word' id='word_1_577' title='bbox 657 1820 703 1846; x_wconf 79' lang='grc' dir='ltr'>καὶ</span> <span class='ocrx_word' id='word_1_578' title='bbox 715 1820 743 1846; x_wconf 78' lang='grc' dir='ltr'><strong>ἐν</strong></span> <span class='ocrx_word' id='word_1_579' title='bbox 756 1819 883 1856; x_wconf 76' lang='grc' dir='ltr'>αἰσχύνῃ,</span> <span class='ocrx_word' id='word_1_580' title='bbox 933 1818 1019 1846; x_wconf 84' lang='lat' dir='ltr'><strong>carni.</strong></span> 
     </span>
    </p>
   </div>
   <div class='ocr_carea' id='block_1_73' title="bbox 98 1863 1725 1902">
    <p class='ocr_par' dir='ltr' id='par_1_73' title="bbox 98 1863 1725 1902">
     <span class='ocr_line' id='line_1_73' title="bbox 98 1863 1725 1902; baseline 0.002 -13"><span class='ocrx_word' id='word_1_581' title='bbox 98 1863 126 1889; x_wconf 89' lang='grc' dir='ltr'>Οἱ</span> <span class='ocrx_word' id='word_1_582' title='bbox 141 1864 193 1900; x_wconf 80' lang='grc' dir='ltr'><strong>γὰρ</strong></span> <span class='ocrx_word' id='word_1_583' title='bbox 209 1865 261 1900; x_wconf 83' lang='grc' dir='ltr'><strong>τὴν</strong></span> <span class='ocrx_word' id='word_1_584' title='bbox 277 1865 317 1897; x_wconf 84' lang='grc' dir='ltr'>εἰς</span> <span class='ocrx_word' id='word_1_585' title='bbox 334 1865 416 1892; x_wconf 76' lang='grc' dir='ltr'>αὑτὸν</span> <span class='ocrx_word' id='word_1_586' title='bbox 436 1865 529 1892; x_wconf 82' lang='grc' dir='ltr'>πίστιν</span> <span class='ocrx_word' id='word_1_587' title='bbox 549 1865 579 1892; x_wconf 76' lang='grc' dir='ltr'>οὐ</span> <span class='ocrx_word' id='word_1_588' title='bbox 601 1865 817 1901; x_wconf 79' lang='grc' dir='ltr'>προσηκάμενοι,</span> <span class='ocrx_word' id='word_1_589' title='bbox 838 1865 1058 1902; x_wconf 81' lang='grc' dir='ltr'>Θεομαχήσαντες</span> <span class='ocrx_word' id='word_1_590' title='bbox 1072 1865 1111 1896; x_wconf 81' lang='grc' dir='ltr'>δὲ,</span> <span class='ocrx_word' id='word_1_591' title='bbox 1133 1863 1258 1900; x_wconf 78' lang='grc' dir='ltr'>καθάπερ</span> <span class='ocrx_word' id='word_1_592' title='bbox 1281 1863 1377 1899; x_wconf 84' lang='grc' dir='ltr'>ἀμέλει</span> <span class='ocrx_word' id='word_1_593' title='bbox 1401 1864 1449 1890; x_wconf 74' lang='grc' dir='ltr'><strong>καὶ</strong></span> <span class='ocrx_word' id='word_1_594' title='bbox 1472 1863 1603 1898; x_wconf 80' lang='grc' dir='ltr'>Ἰουδαῖοι,</span> <span class='ocrx_word' id='word_1_595' title='bbox 1625 1865 1725 1897; x_wconf 78' lang='grc' dir='ltr'>πάντες</span> 
     </span>
    </p>
   </div>
   <div class='ocr_carea' id='block_1_74' title="bbox 97 1909 1723 1949">
    <p class='ocr_par' dir='ltr' id='par_1_74' title="bbox 97 1909 1723 1949">
     <span class='ocr_line' id='line_1_74' title="bbox 97 1909 1723 1949; baseline 0.002 -13"><span class='ocrx_word' id='word_1_596' title='bbox 97 1909 196 1938; x_wconf 71' lang='grc' dir='ltr'>ἔσονται</span> <span class='ocrx_word' id='word_1_597' title='bbox 213 1911 453 1948; x_wconf 76' lang='grc' dir='ltr'>κατῃσχυμμένοι,</span> <span class='ocrx_word' id='word_1_598' title='bbox 469 1912 645 1948; x_wconf 83' lang='grc' dir='ltr'>ήττώμμενοι</span> <span class='ocrx_word' id='word_1_599' title='bbox 659 1913 709 1949; x_wconf 85' lang='grc' dir='ltr'><strong>μὲν</strong></span> <span class='ocrx_word' id='word_1_600' title='bbox 723 1914 772 1948; x_wconf 78' lang='grc' dir='ltr'>τῆς</span> <span class='ocrx_word' id='word_1_601' title='bbox 788 1914 916 1949; x_wconf 83' lang='grc' dir='ltr'>ἀνικήτου</span> <span class='ocrx_word' id='word_1_602' title='bbox 935 1913 1037 1949; x_wconf 82' lang='grc' dir='ltr'>χειρὸς,</span> <span class='ocrx_word' id='word_1_603' title='bbox 1052 1912 1207 1944; x_wconf 76' lang='grc' dir='ltr'>ἀδικοῦντες</span> <span class='ocrx_word' id='word_1_604' title='bbox 1225 1912 1253 1939; x_wconf 79' lang='grc' dir='ltr'>δὲ</span> <span class='ocrx_word' id='word_1_605' title='bbox 1269 1912 1408 1944; x_wconf 84' lang='grc' dir='ltr'>παντελῶς</span> <span class='ocrx_word' id='word_1_606' title='bbox 1423 1912 1500 1939; x_wconf 77' lang='grc' dir='ltr'>οὐδὲν</span> <span class='ocrx_word' id='word_1_607' title='bbox 1516 1912 1565 1948; x_wconf 84' lang='grc' dir='ltr'>τὴν</span> <span class='ocrx_word' id='word_1_608' title='bbox 1582 1912 1659 1947; x_wconf 76' lang='grc' dir='ltr'>δόξαν</span> <span class='ocrx_word' id='word_1_609' title='bbox 1674 1914 1723 1941; x_wconf 87' lang='grc' dir='ltr'><strong>αὒ-</strong></span> 
     </span>
    </p>
   </div>
   <div class='ocr_carea' id='block_1_75' title="bbox 97 1955 1724 1996">
    <p class='ocr_par' dir='ltr' id='par_1_75' title="bbox 97 1955 1724 1996">
     <span class='ocr_line' id='line_1_75' title="bbox 97 1955 1724 1996; baseline 0.004 -14"><span class='ocrx_word' id='word_1_610' title='bbox 97 1955 150 1990; x_wconf 74' lang='grc' dir='ltr'>τοῦ,</span> <span class='ocrx_word' id='word_1_611' title='bbox 169 1958 227 1989; x_wconf 84' lang='grc' dir='ltr'>ταῖς</span> <span class='ocrx_word' id='word_1_612' title='bbox 243 1966 274 1992; x_wconf 86' lang='grc' dir='ltr'><strong>γε</strong></span> <span class='ocrx_word' id='word_1_613' title='bbox 292 1959 345 1994; x_wconf 86' lang='grc' dir='ltr'>μὴν</span> <span class='ocrx_word' id='word_1_614' title='bbox 372 1959 447 1993; x_wconf 85' lang='grc' dir='ltr'>σφῶν</span> <span class='ocrx_word' id='word_1_615' title='bbox 469 1959 601 1994; x_wconf 79' lang='grc' dir='ltr'>κεφαλαῖς</span> <span class='ocrx_word' id='word_1_616' title='bbox 624 1959 736 1996; x_wconf 77' lang='grc' dir='ltr'>ὄλεθρον</span> <span class='ocrx_word' id='word_1_617' title='bbox 772 1961 1001 1996; x_wconf 78' lang='grc' dir='ltr'>ὲπαντλήσαντες,</span> <span class='ocrx_word' id='word_1_618' title='bbox 1024 1961 1063 1992; x_wconf 84' lang='grc' dir='ltr'><strong>εἰς</strong></span> <span class='ocrx_word' id='word_1_619' title='bbox 1086 1959 1217 1995; x_wconf 74' lang='grc' dir='ltr'><strong>αἰσχύνην</strong></span> <span class='ocrx_word' id='word_1_620' title='bbox 1239 1959 1346 1986; x_wconf 80' lang='grc' dir='ltr'>ἔσονται</span> <span class='ocrx_word' id='word_1_621' title='bbox 1385 1959 1432 1986; x_wconf 70' lang='grc' dir='ltr'>καὶ</span> <span class='ocrx_word' id='word_1_622' title='bbox 1466 1959 1577 1992; x_wconf 72' lang='grc' dir='ltr'>ὄνειδος.</span> <span class='ocrx_word' id='word_1_623' title='bbox 1598 1960 1724 1988; x_wconf 79' lang='grc' dir='ltr'>Ἔσονται</span> 
     </span>
    </p>
   </div>
   <div class='ocr_carea' id='block_1_76' title="bbox 98 2003 1001 2045">
    <p class='ocr_par' dir='ltr' id='par_1_76' title="bbox 98 2003 1001 2045">
     <span class='ocr_line' id='line_1_76' title="bbox 98 2003 1001 2045; baseline 0.006 -15"><span class='ocrx_word' id='word_1_624' title='bbox 98 2003 147 2039; x_wconf 80' lang='grc' dir='ltr'>γὰρ</span> <span class='ocrx_word' id='word_1_625' title='bbox 160 2004 198 2037; x_wconf 77' lang='grc' dir='ltr'>εἰς</span> <span class='ocrx_word' id='word_1_626' title='bbox 212 2005 308 2041; x_wconf 78' lang='grc' dir='ltr'>ὅρασιν</span> <span class='ocrx_word' id='word_1_627' title='bbox 328 2006 403 2044; x_wconf 76' lang='grc' dir='ltr'>πάσῃ</span> <span class='ocrx_word' id='word_1_628' title='bbox 416 2007 507 2044; x_wconf 83' lang='grc' dir='ltr'>σαρκὶ,</span> <span class='ocrx_word' id='word_1_629' title='bbox 527 2007 597 2034; x_wconf 85' lang='grc' dir='ltr'>κατὰ</span> <span class='ocrx_word' id='word_1_630' title='bbox 612 2009 661 2040; x_wconf 87' lang='grc' dir='ltr'><strong>τὴν</strong></span> <span class='ocrx_word' id='word_1_631' title='bbox 676 2008 722 2036; x_wconf 90' lang='grc' dir='ltr'><strong>τοῦ</strong></span> <span class='ocrx_word' id='word_1_632' title='bbox 738 2009 877 2045; x_wconf 80' lang='grc' dir='ltr'>προφήτου</span> <span class='ocrx_word' id='word_1_633' title='bbox 899 2010 1001 2044; x_wconf 78' lang='grc' dir='ltr'>φωνήν.</span> 
     </span>
    </p>
   </div>
   <div class='ocr_carea' id='block_1_77' title="bbox 137 2051 881 2090">
    <p class='ocr_par' dir='ltr' id='par_1_77' title="bbox 137 2051 881 2090">
     <span class='ocr_line' id='line_1_77' title="bbox 137 2051 881 2090; baseline 0.007 -13"><span class='ocrx_word' id='word_1_634' title='bbox 137 2051 349 2086; x_wconf 72' lang='grc' dir='ltr'>Ἐτκαινίζεσθε</span> <span class='ocrx_word' id='word_1_635' title='bbox 363 2056 436 2088; x_wconf 79' lang='grc' dir='ltr'>πρός</span> <span class='ocrx_word' id='word_1_636' title='bbox 447 2063 496 2089; x_wconf 84' lang='grc' dir='ltr'><strong>με,</strong></span> <span class='ocrx_word' id='word_1_637' title='bbox 506 2055 607 2088; x_wconf 80' lang='grc' dir='ltr'>νῆσοι.</span> <span class='ocrx_word' id='word_1_638' title='bbox 626 2055 745 2090; x_wconf 82' lang='grc' dir='ltr'>Ἰσραὴλ</span> <span class='ocrx_word' id='word_1_639' title='bbox 760 2055 881 2087; x_wconf 79' lang='grc' dir='ltr'>σώζεται</span> 
     </span>
    </p>
   </div>
   <div class='ocr_carea' id='block_1_78' title="bbox 100 2097 880 2137">
    <p class='ocr_par' dir='ltr' id='par_1_78' title="bbox 100 2097 880 2137">
     <span class='ocr_line' id='line_1_78' title="bbox 100 2097 880 2137; baseline 0.008 -13"><span class='ocrx_word' id='word_1_640' title='bbox 100 2097 153 2124; x_wconf 79' lang='grc' dir='ltr'><strong>ὑπὸ</strong></span> <span class='ocrx_word' id='word_1_641' title='bbox 171 2099 281 2133; x_wconf 82' lang='grc' dir='ltr'>Κυρίου</span> <span class='ocrx_word' id='word_1_642' title='bbox 301 2101 454 2135; x_wconf 80' lang='grc' dir='ltr'>σωτηρίαν</span> <span class='ocrx_word' id='word_1_643' title='bbox 474 2101 604 2129; x_wconf 78' lang='grc' dir='ltr'>αἰώνιον.</span> <span class='ocrx_word' id='word_1_644' title='bbox 628 2103 689 2129; x_wconf 82' lang='grc' dir='ltr'><strong>Οὐκ</strong></span> <span class='ocrx_word' id='word_1_645' title='bbox 711 2102 880 2137; x_wconf 72' lang='grc' dir='ltr'>αἰσχυνθή-</span> 
     </span>
    </p>
   </div>
   <div class='ocr_carea' id='block_1_79' title="bbox 99 2145 880 2181">
    <p class='ocr_par' dir='ltr' id='par_1_79' title="bbox 99 2145 880 2181">
     <span class='ocr_line' id='line_1_79' title="bbox 99 2145 880 2181; baseline 0.006 -11"><span class='ocrx_word' id='word_1_646' title='bbox 99 2150 209 2178; x_wconf 83' lang='grc' dir='ltr'>σονται,</span> <span class='ocrx_word' id='word_1_647' title='bbox 232 2145 304 2173; x_wconf 82' lang='grc' dir='ltr'>οὐδὲ</span> <span class='ocrx_word' id='word_1_648' title='bbox 328 2146 371 2181; x_wconf 85' lang='grc' dir='ltr'>μὴ</span> <span class='ocrx_word' id='word_1_649' title='bbox 397 2146 587 2181; x_wconf 82' lang='grc' dir='ltr'>ὲντραπῶσιν</span> <span class='ocrx_word' id='word_1_650' title='bbox 609 2147 664 2180; x_wconf 81' lang='grc' dir='ltr'>ἕως</span> <span class='ocrx_word' id='word_1_651' title='bbox 682 2147 738 2174; x_wconf 79' lang='grc' dir='ltr'><strong>τοῦ</strong></span> <span class='ocrx_word' id='word_1_652' title='bbox 760 2148 880 2181; x_wconf 76' lang='grc' dir='ltr'>αἰῶνος,</span> 
     </span>
    </p>
   </div>
   <div class='ocr_carea' id='block_1_80' title="bbox 101 2190 531 2228">
    <p class='ocr_par' dir='ltr' id='par_1_80' title="bbox 101 2190 531 2228">
     <span class='ocr_line' id='line_1_80' title="bbox 101 2190 531 2228; baseline 0.012 -13"><span class='ocrx_word' id='word_1_653' title='bbox 101 2190 175 2224; x_wconf 67' lang='grc' dir='ltr'>λέγει</span> <span class='ocrx_word' id='word_1_654' title='bbox 188 2192 295 2226; x_wconf 83' lang='grc' dir='ltr'>Κύριος</span> <span class='ocrx_word' id='word_1_655' title='bbox 309 2192 531 2228; x_wconf 77' lang='grc' dir='ltr'>παντοκράτωρ.</span> 
     </span>
    </p>
   </div>
   <div class='ocr_carea' id='block_1_81' title="bbox 137 2238 918 2275">
    <p class='ocr_par' dir='ltr' id='par_1_81' title="bbox 137 2238 918 2275">
     <span class='ocr_line' id='line_1_81' title="bbox 137 2238 918 2275; baseline 0.004 -11"><span class='ocrx_word' id='word_1_656' title='bbox 137 2239 284 2274; x_wconf 76' lang='grc' dir='ltr'>Ἀνευρύνει</span> <span class='ocrx_word' id='word_1_657' title='bbox 298 2238 378 2265; x_wconf 83' lang='grc' dir='ltr'>πάλιν</span> <span class='ocrx_word' id='word_1_658' title='bbox 391 2239 441 2274; x_wconf 86' lang='grc' dir='ltr'>τὴν</span> <span class='ocrx_word' id='word_1_659' title='bbox 453 2239 653 2275; x_wconf 77' lang='grc' dir='ltr'>προαγόρευσιν</span> <span class='ocrx_word' id='word_1_660' title='bbox 665 2240 715 2275; x_wconf 81' lang='grc' dir='ltr'>τῆς</span> <span class='ocrx_word' id='word_1_661' title='bbox 730 2239 784 2267; x_wconf 85' lang='grc' dir='ltr'><strong>τῶν</strong></span> <span class='ocrx_word' id='word_1_662' title='bbox 797 2239 881 2267; x_wconf 76' lang='grc' dir='ltr'>ἐθνῶν</span> <span class='ocrx_word' id='word_1_663' title='bbox 916 2253 918 2255; x_wconf 94' lang='grc'><strong><em>-</em></strong></span> 
     </span>
    </p>
   </div>
   <div class='ocr_carea' id='block_1_82' title="bbox 101 2283 882 2320">
    <p class='ocr_par' dir='ltr' id='par_1_82' title="bbox 101 2283 882 2320">
     <span class='ocr_line' id='line_1_82' title="bbox 101 2283 882 2320; baseline 0.003 -11"><span class='ocrx_word' id='word_1_664' title='bbox 101 2283 215 2319; x_wconf 80' lang='grc' dir='ltr'>κλήσεως</span> <span class='ocrx_word' id='word_1_665' title='bbox 235 2284 283 2311; x_wconf 68' lang='grc' dir='ltr'><strong>κα)⁸</strong></span> <span class='ocrx_word' id='word_1_666' title='bbox 295 2284 474 2320; x_wconf 71' lang='grc' dir='ltr'>ἐπιστροφῆς·</span> <span class='ocrx_word' id='word_1_667' title='bbox 490 2284 538 2310; x_wconf 76' lang='grc' dir='ltr'><strong>καὶ</strong></span> <span class='ocrx_word' id='word_1_668' title='bbox 554 2285 584 2311; x_wconf 82' lang='grc' dir='ltr'>οὺ</span> <span class='ocrx_word' id='word_1_669' title='bbox 597 2285 678 2320; x_wconf 79' lang='grc' dir='ltr'>μέχρι</span> <span class='ocrx_word' id='word_1_670' title='bbox 694 2285 774 2320; x_wconf 76' lang='grc' dir='ltr'>μόνον</span> <span class='ocrx_word' id='word_1_671' title='bbox 791 2285 882 2320; x_wconf 79' lang='grc' dir='ltr'>ἵστησι</span> 
     </span>
    </p>
   </div>
   <div class='ocr_carea' id='block_1_83' title="bbox 102 2374 883 2413">
    <p class='ocr_par' dir='ltr' id='par_1_83' title="bbox 102 2374 883 2413">
     <span class='ocr_line' id='line_1_83' title="bbox 102 2374 883 2413; baseline 0.005 -13"><span class='ocrx_word' id='word_1_672' title='bbox 102 2374 184 2401; x_wconf 76' lang='grc' dir='ltr'>αὐτῶν</span> <span class='ocrx_word' id='word_1_673' title='bbox 197 2376 224 2402; x_wconf 80' lang='grc' dir='ltr'>δὲ</span> <span class='ocrx_word' id='word_1_674' title='bbox 234 2376 288 2403; x_wconf 79' lang='grc' dir='ltr'>τῶν</span> <span class='ocrx_word' id='word_1_675' title='bbox 302 2376 411 2412; x_wconf 75' lang='grc' dir='ltr'>Σαϐαῖμ</span> <span class='ocrx_word' id='word_1_676' title='bbox 421 2385 427 2391; x_wconf 62' lang='grc' dir='ltr'><strong>ι</strong></span> <span class='ocrx_word' id='word_1_677' title='bbox 445 2376 513 2403; x_wconf 76' lang='grc' dir='ltr'>ἀλλὰ</span> <span class='ocrx_word' id='word_1_678' title='bbox 525 2376 579 2412; x_wconf 81' lang='grc' dir='ltr'>γὰρ</span> <span class='ocrx_word' id='word_1_679' title='bbox 591 2377 632 2403; x_wconf 81' lang='grc' dir='ltr'><strong>ὅτι</strong></span> <span class='ocrx_word' id='word_1_680' title='bbox 645 2377 823 2413; x_wconf 84' lang='grc' dir='ltr'>κεκλήσονται</span> <span class='ocrx_word' id='word_1_681' title='bbox 836 2377 883 2404; x_wconf 64' lang='grc' dir='ltr'>καὶ</span> 
     </span>
    </p>
   </div>
   <div class='ocr_carea' id='block_1_84' title="bbox 100 2420 883 2458">
    <p class='ocr_par' dir='ltr' id='par_1_84' title="bbox 100 2420 883 2458">
     <span class='ocr_line' id='line_1_84' title="bbox 100 2420 883 2458; baseline 0.004 -11"><span class='ocrx_word' id='word_1_682' title='bbox 100 2420 124 2446; x_wconf 78' lang='lat' dir='ltr'><strong>Ol</strong></span> <span class='ocrx_word' id='word_1_683' title='bbox 140 2421 207 2448; x_wconf 74' lang='grc' dir='ltr'>κατὰ</span> <span class='ocrx_word' id='word_1_684' title='bbox 222 2423 311 2449; x_wconf 78' lang='grc' dir='ltr'>πᾶσαν</span> <span class='ocrx_word' id='word_1_685' title='bbox 324 2422 399 2454; x_wconf 66' lang='grc' dir='ltr'>ὄντες</span> <span class='ocrx_word' id='word_1_686' title='bbox 412 2422 461 2457; x_wconf 85' lang='grc' dir='ltr'>τὴν</span> <span class='ocrx_word' id='word_1_687' title='bbox 474 2423 535 2458; x_wconf 78' lang='grc' dir='ltr'>γῆν,</span> <span class='ocrx_word' id='word_1_688' title='bbox 551 2423 598 2449; x_wconf 77' lang='grc' dir='ltr'>καὶ</span> <span class='ocrx_word' id='word_1_689' title='bbox 614 2423 699 2457; x_wconf 86' lang='grc' dir='ltr'>ἁγίων</span> <span class='ocrx_word' id='word_1_690' title='bbox 715 2422 883 2458; x_wconf 81' lang='grc' dir='ltr'>Ἑκκλησιῶν</span> 
     </span>
    </p>
   </div>
   <div class='ocr_carea' id='block_1_85' title="bbox 101 2466 880 2505">
    <p class='ocr_par' dir='ltr' id='par_1_85' title="bbox 101 2466 880 2505">
     <span class='ocr_line' id='line_1_85' title="bbox 101 2466 880 2505; baseline 0.005 -13"><span class='ocrx_word' id='word_1_691' title='bbox 101 2466 226 2501; x_wconf 80' lang='grc' dir='ltr'>ἀνάδειξις</span> <span class='ocrx_word' id='word_1_692' title='bbox 244 2468 320 2495; x_wconf 73' lang='grc' dir='ltr'>ἔσται</span> <span class='ocrx_word' id='word_1_693' title='bbox 331 2467 480 2504; x_wconf 80' lang='grc' dir='ltr'>πανταχοῦ,</span> <span class='ocrx_word' id='word_1_694' title='bbox 495 2468 700 2505; x_wconf 86' lang='grc' dir='ltr'>ὁιαμεμήνυκεν</span> <span class='ocrx_word' id='word_1_695' title='bbox 719 2469 747 2495; x_wconf 79' lang='grc' dir='ltr'><strong>ὲν</strong></span> <span class='ocrx_word' id='word_1_696' title='bbox 765 2469 880 2500; x_wconf 82' lang='grc' dir='ltr'>τούτοις.</span> 
     </span>
    </p>
   </div>
   <div class='ocr_carea' id='block_1_86' title="bbox 103 2512 882 2551">
    <p class='ocr_par' dir='ltr' id='par_1_86' title="bbox 103 2512 882 2551">
     <span class='ocr_line' id='line_1_86' title="bbox 103 2512 882 2551; baseline 0.004 -12"><span class='ocrx_word' id='word_1_697' title='bbox 103 2512 267 2548; x_wconf 77' lang='grc' dir='ltr'>Προσεφώνει</span> <span class='ocrx_word' id='word_1_698' title='bbox 285 2514 340 2550; x_wconf 80' lang='grc' dir='ltr'><strong>γὰρ</strong></span> <span class='ocrx_word' id='word_1_699' title='bbox 355 2513 450 2549; x_wconf 82' lang='grc' dir='ltr'>ὥσπερ</span> <span class='ocrx_word' id='word_1_700' title='bbox 466 2516 526 2546; x_wconf 80' lang='grc' dir='ltr'><strong>ταίς</strong></span> <span class='ocrx_word' id='word_1_701' title='bbox 547 2515 721 2551; x_wconf 82' lang='grc' dir='ltr'>Ἐκκλησίαις</span> <span class='ocrx_word' id='word_1_702' title='bbox 734 2516 747 2542; x_wconf 83' lang='grc' dir='ltr'><strong><em>ὁ</em></strong></span> <span class='ocrx_word' id='word_1_703' title='bbox 763 2514 882 2542; x_wconf 83' lang='grc' dir='ltr'>πανσθε-</span> 
     </span>
    </p>
   </div>
   <div class='ocr_carea' id='block_1_87' title="bbox 102 2556 882 2595">
    <p class='ocr_par' dir='ltr' id='par_1_87' title="bbox 102 2556 882 2595">
     <span class='ocr_line' id='line_1_87' title="bbox 102 2556 882 2595; baseline 0.005 -12"><span class='ocrx_word' id='word_1_704' title='bbox 102 2556 144 2592; x_wconf 60' lang='lat' dir='ltr'><strong>vi};</strong></span> <span class='ocrx_word' id='word_1_705' title='bbox 157 2558 202 2584; x_wconf 81' lang='grc' dir='ltr'><strong>τοῦ</strong></span> <span class='ocrx_word' id='word_1_706' title='bbox 216 2559 283 2586; x_wconf 83' lang='grc' dir='ltr'>Θεοῦ</span> <span class='ocrx_word' id='word_1_707' title='bbox 297 2559 375 2593; x_wconf 80' lang='grc' dir='ltr'>λόγος</span> <span class='ocrx_word' id='word_1_708' title='bbox 386 2559 417 2585; x_wconf 73' lang='grc' dir='ltr'>τὸ</span> <span class='ocrx_word' id='word_1_709' title='bbox 432 2559 636 2593; x_wconf 81' lang='grc' dir='ltr'>ὲγκαινίζεσθαι</span> <span class='ocrx_word' id='word_1_710' title='bbox 654 2560 722 2595; x_wconf 71' lang='grc' dir='ltr'>πρὸς</span> <span class='ocrx_word' id='word_1_711' title='bbox 741 2559 832 2592; x_wconf 76' lang='grc' dir='ltr'>αὑτὸν,</span> <span class='ocrx_word' id='word_1_712' title='bbox 849 2560 882 2592; x_wconf 82' lang='grc' dir='ltr'>ἃς</span> 
     </span>
    </p>
   </div>
   <div class='ocr_carea' id='block_1_88' title="bbox 103 2601 882 2640">
    <p class='ocr_par' dir='ltr' id='par_1_88' title="bbox 103 2601 882 2640">
     <span class='ocr_line' id='line_1_88' title="bbox 103 2601 882 2640; baseline 0.001 -10"><span class='ocrx_word' id='word_1_713' title='bbox 103 2601 132 2638; x_wconf 71' lang='grc' dir='ltr'>δὴ</span> <span class='ocrx_word' id='word_1_714' title='bbox 145 2605 188 2630; x_wconf 79' lang='grc' dir='ltr'><strong>καί</strong></span> <span class='ocrx_word' id='word_1_715' title='bbox 209 2606 306 2640; x_wconf 76' lang='grc' dir='ltr'>νήσους</span> <span class='ocrx_word' id='word_1_716' title='bbox 326 2605 524 2640; x_wconf 72' lang='grc' dir='ltr'>κατονομάζειν</span> <span class='ocrx_word' id='word_1_717' title='bbox 550 2605 630 2638; x_wconf 78' lang='grc' dir='ltr'><strong>ἀξιοῖ.</strong></span> <span class='ocrx_word' id='word_1_718' title='bbox 647 2606 752 2640; x_wconf 84' lang='grc' dir='ltr'>Ὥσπερ</span> <span class='ocrx_word' id='word_1_719' title='bbox 778 2605 832 2640; x_wconf 73' lang='grc' dir='ltr'><strong>γὰρ</strong></span> <span class='ocrx_word' id='word_1_720' title='bbox 854 2605 882 2631; x_wconf 78' lang='grc' dir='ltr'>αἱ</span> 
     </span>
    </p>
   </div>
   <div class='ocr_carea' id='block_1_89' title="bbox 105 2650 883 2688">
    <p class='ocr_par' dir='ltr' id='par_1_89' title="bbox 105 2650 883 2688">
     <span class='ocr_line' id='line_1_89' title="bbox 105 2650 883 2688; baseline 0.004 -13"><span class='ocrx_word' id='word_1_721' title='bbox 105 2650 167 2677; x_wconf 77' lang='grc' dir='ltr'>κατὰ</span> <span class='ocrx_word' id='word_1_722' title='bbox 179 2651 255 2686; x_wconf 80' lang='grc' dir='ltr'>τήνδε</span> <span class='ocrx_word' id='word_1_723' title='bbox 285 2653 334 2688; x_wconf 82' lang='grc' dir='ltr'><strong>τὴν</strong></span> <span class='ocrx_word' id='word_1_724' title='bbox 354 2652 491 2679; x_wconf 84' lang='grc' dir='ltr'>θάλασσαν</span> <span class='ocrx_word' id='word_1_725' title='bbox 514 2653 590 2688; x_wconf 81' lang='grc' dir='ltr'>νῆσοι</span> <span class='ocrx_word' id='word_1_726' title='bbox 615 2652 754 2688; x_wconf 81' lang='grc' dir='ltr'>βάλλονται</span> <span class='ocrx_word' id='word_1_727' title='bbox 777 2651 826 2686; x_wconf 81' lang='grc' dir='ltr'><strong>μὲν</strong></span> <span class='ocrx_word' id='word_1_728' title='bbox 839 2652 883 2678; x_wconf 73' lang='grc' dir='ltr'><strong>ἀεὶ</strong></span> 
     </span>
    </p>
   </div>
   <div class='ocr_carea' id='block_1_90' title="bbox 104 2696 883 2735">
    <p class='ocr_par' dir='ltr' id='par_1_90' title="bbox 104 2696 883 2735">
     <span class='ocr_line' id='line_1_90' title="bbox 104 2696 883 2735; baseline 0.003 -13"><span class='ocrx_word' id='word_1_729' title='bbox 104 2696 158 2728; x_wconf 78' lang='grc' dir='ltr'>ταῖς</span> <span class='ocrx_word' id='word_1_730' title='bbox 177 2697 228 2724; x_wconf 82' lang='grc' dir='ltr'><strong>τῶν</strong></span> <span class='ocrx_word' id='word_1_731' title='bbox 247 2699 377 2734; x_wconf 83' lang='grc' dir='ltr'>κυμάτων</span> <span class='ocrx_word' id='word_1_732' title='bbox 398 2699 508 2735; x_wconf 79' lang='grc' dir='ltr'>ὁρμαῖς,</span> <span class='ocrx_word' id='word_1_733' title='bbox 533 2699 602 2735; x_wconf 83' lang='grc' dir='ltr'>πλὴν</span> <span class='ocrx_word' id='word_1_734' title='bbox 626 2700 769 2734; x_wconf 81' lang='grc' dir='ltr'>ὰκλόνητοι</span> <span class='ocrx_word' id='word_1_735' title='bbox 788 2698 883 2734; x_wconf 61' lang='grc' dir='ltr'>διαμές</span> 
     </span>
    </p>
   </div>
   <div class='ocr_carea' id='block_1_91' title="bbox 105 2745 882 2780">
    <p class='ocr_par' dir='ltr' id='par_1_91' title="bbox 105 2745 882 2780">
     <span class='ocr_line' id='line_1_91' title="bbox 105 2745 882 2780; baseline 0.005 -13"><span class='ocrx_word' id='word_1_736' title='bbox 105 2749 197 2776; x_wconf 87' lang='grc' dir='ltr'>νουσιν,</span> <span class='ocrx_word' id='word_1_737' title='bbox 211 2745 374 2780; x_wconf 79' lang='grc' dir='ltr'>εἰσδέχονται</span> <span class='ocrx_word' id='word_1_738' title='bbox 384 2745 412 2772; x_wconf 81' lang='grc' dir='ltr'>δὲ</span> <span class='ocrx_word' id='word_1_739' title='bbox 423 2746 469 2772; x_wconf 75' lang='grc' dir='ltr'>καὶ</span> <span class='ocrx_word' id='word_1_740' title='bbox 478 2745 686 2777; x_wconf 72' lang='grc' dir='ltr'>κινδυνευούσας</span> <span class='ocrx_word' id='word_1_741' title='bbox 701 2745 758 2772; x_wconf 75' lang='grc' dir='ltr'>ἔσθ’</span> <span class='ocrx_word' id='word_1_742' title='bbox 773 2746 818 2773; x_wconf 77' lang='grc' dir='ltr'>ὅτε</span> <span class='ocrx_word' id='word_1_743' title='bbox 834 2745 882 2777; x_wconf 85' lang='grc' dir='ltr'><strong>τὰς</strong></span> 
     </span>
    </p>
   </div>
   <div class='ocr_carea' id='block_1_92' title="bbox 107 2788 883 2827">
    <p class='ocr_par' dir='ltr' id='par_1_92' title="bbox 107 2788 883 2827">
     <span class='ocr_line' id='line_1_92' title="bbox 107 2788 883 2827; baseline -0.003 -7"><span class='ocrx_word' id='word_1_744' title='bbox 107 2788 176 2821; x_wconf 75' lang='grc' dir='ltr'>ναῦς,</span> <span class='ocrx_word' id='word_1_745' title='bbox 190 2791 235 2817; x_wconf 77' lang='grc' dir='ltr'>καὶ</span> <span class='ocrx_word' id='word_1_746' title='bbox 243 2791 373 2824; x_wconf 77' lang='grc' dir='ltr'>σώζουσιν</span> <span class='ocrx_word' id='word_1_747' title='bbox 388 2792 421 2818; x_wconf 78' lang='grc' dir='ltr'>ἐκ</span> <span class='ocrx_word' id='word_1_748' title='bbox 431 2792 571 2827; x_wconf 87' lang='grc' dir='ltr'>κυμάτων,</span> <span class='ocrx_word' id='word_1_749' title='bbox 588 2792 687 2819; x_wconf 74' lang='grc' dir='ltr'>κόλπον</span> <span class='ocrx_word' id='word_1_750' title='bbox 705 2792 802 2827; x_wconf 64' lang='grc' dir='ltr'>αὑταῖς</span> <span class='ocrx_word' id='word_1_751' title='bbox 816 2800 883 2827; x_wconf 77' lang='grc' dir='ltr'>προ-</span> 
     </span>
    </p>
   </div>
   <div class='ocr_carea' id='block_1_93' title="bbox 139 2876 647 2913">
    <p class='ocr_par' dir='ltr' id='par_1_93' title="bbox 139 2876 647 2913">
     <span class='ocr_line' id='line_1_93' title="bbox 139 2876 647 2913; baseline 0.002 -9"><span class='ocrx_word' id='word_1_752' title='bbox 139 2876 160 2891; x_wconf 82' lang='grc'><strong>³⁵</strong></span> <span class='ocrx_word' id='word_1_753' title='bbox 172 2877 245 2906; x_wconf 83' lang='lat' dir='ltr'><strong>Ioan.</strong></span> <span class='ocrx_word' id='word_1_754' title='bbox 265 2889 283 2913; x_wconf 83' lang='grc' dir='ltr'><strong>ι,</strong></span> <span class='ocrx_word' id='word_1_755' title='bbox 303 2880 329 2913; x_wconf 86' lang='lat' dir='ltr'><strong>I,</strong></span> <span class='ocrx_word' id='word_1_756' title='bbox 347 2880 374 2906; x_wconf 71' lang='lat'><strong>2.</strong></span> <span class='ocrx_word' id='word_1_757' title='bbox 413 2880 435 2896; x_wconf 80' lang='lat'><strong><em>“</em></strong></span> <span class='ocrx_word' id='word_1_758' title='bbox 449 2880 554 2907; x_wconf 78' lang='lat' dir='ltr'><strong>Coloss.</strong></span> <span class='ocrx_word' id='word_1_759' title='bbox 572 2887 602 2912; x_wconf 90' lang='lat' dir='ltr'><strong>tt,</strong></span> <span class='ocrx_word' id='word_1_760' title='bbox 621 2879 647 2905; x_wconf 88' lang='lat'><strong>9.</strong></span> 
     </span>
    </p>
   </div>
   <div class='ocr_carea' id='block_1_94' title="bbox 975 2054 1722 2088">
    <p class='ocr_par' dir='ltr' id='par_1_94' title="bbox 975 2054 1722 2088">
     <span class='ocr_line' id='line_1_94' title="bbox 975 2054 1722 2088; baseline -0.001 -5"><span class='ocrx_word' id='word_1_761' title='bbox 975 2056 1055 2083; x_wconf 71' lang='lat' dir='ltr'><strong>Vtztts.</strong></span> <span class='ocrx_word' id='word_1_762' title='bbox 1073 2055 1116 2082; x_wconf 83' lang='grc'><strong>17.</strong></span> <span class='ocrx_word' id='word_1_763' title='bbox 1136 2055 1342 2082; x_wconf 78' lang='lat' dir='ltr'><strong>lmwvaminind</strong></span> <span class='ocrx_word' id='word_1_764' title='bbox 1351 2063 1402 2088; x_wconf 85' lang='lat' dir='ltr'><strong>me,</strong></span> <span class='ocrx_word' id='word_1_765' title='bbox 1418 2055 1521 2082; x_wconf 67' lang='lat' dir='ltr'><strong>insula.</strong></span> <span class='ocrx_word' id='word_1_766' title='bbox 1537 2054 1623 2082; x_wconf 81' lang='lat' dir='ltr'><strong>Israel</strong></span> <span class='ocrx_word' id='word_1_767' title='bbox 1637 2063 1722 2083; x_wconf 72' lang='lat' dir='ltr'><strong>serva-</strong></span> 
     </span>
    </p>
   </div>
   <div class='ocr_carea' id='block_1_95' title="bbox 935 2099 1726 2137">
    <p class='ocr_par' dir='ltr' id='par_1_95' title="bbox 935 2099 1726 2137">
     <span class='ocr_line' id='line_1_95' title="bbox 935 2099 1726 2137; baseline -0.004 -8"><span class='ocrx_word' id='word_1_768' title='bbox 935 2108 979 2130; x_wconf 84' lang='lat' dir='ltr'><strong>tur</strong></span> <span class='ocrx_word' id='word_1_769' title='bbox 989 2111 1004 2129; x_wconf 94' lang='lat' dir='ltr'><strong>a</strong></span> <span class='ocrx_word' id='word_1_770' title='bbox 1015 2102 1127 2129; x_wconf 82' lang='lat' dir='ltr'><strong>Domino</strong></span> <span class='ocrx_word' id='word_1_771' title='bbox 1141 2101 1225 2128; x_wconf 82' lang='lat' dir='ltr'><strong>salute</strong></span> <span class='ocrx_word' id='word_1_772' title='bbox 1233 2106 1342 2128; x_wconf 70' lang='lat' dir='ltr'><strong>(eterna.</strong></span> <span class='ocrx_word' id='word_1_773' title='bbox 1356 2099 1418 2127; x_wconf 85' lang='lat' dir='ltr'><strong>Non</strong></span> <span class='ocrx_word' id='word_1_774' title='bbox 1433 2100 1726 2137; x_wconf 73' lang='lat' dir='ltr'><strong>confundentur,616</strong></span> 
     </span>
    </p>
   </div>
   <div class='ocr_carea' id='block_1_96' title="bbox 935 2145 1723 2182">
    <p class='ocr_par' dir='ltr' id='par_1_96' title="bbox 935 2145 1723 2182">
     <span class='ocr_line' id='line_1_96' title="bbox 935 2145 1723 2182; baseline -0.004 -6"><span class='ocrx_word' id='word_1_775' title='bbox 935 2157 1015 2182; x_wconf 69' lang='lat' dir='ltr'><strong>neque</strong></span> <span class='ocrx_word' id='word_1_776' title='bbox 1030 2147 1180 2175; x_wconf 72' lang='lat' dir='ltr'><strong>erubescant</strong></span> <span class='ocrx_word' id='word_1_777' title='bbox 1194 2155 1276 2182; x_wconf 79' lang='lat' dir='ltr'><strong>usque</strong></span> <span class='ocrx_word' id='word_1_778' title='bbox 1293 2147 1321 2174; x_wconf 81' lang='lat' dir='ltr'><strong>in</strong></span> <span class='ocrx_word' id='word_1_779' title='bbox 1341 2146 1479 2180; x_wconf 71' lang='lat' dir='ltr'><strong>sarculum,</strong></span> <span class='ocrx_word' id='word_1_780' title='bbox 1507 2147 1572 2173; x_wconf 80' lang='lat' dir='ltr'><strong>dicit</strong></span> <span class='ocrx_word' id='word_1_781' title='bbox 1597 2145 1723 2174; x_wconf 77' lang='lat' dir='ltr'><strong>Dominus</strong></span> 
     </span>
    </p>
   </div>
   <div class='ocr_carea' id='block_1_97' title="bbox 934 2196 1106 2230">
    <p class='ocr_par' dir='ltr' id='par_1_97' title="bbox 934 2196 1106 2230">
     <span class='ocr_line' id='line_1_97' title="bbox 934 2196 1106 2230; baseline -0.012 -7"><span class='ocrx_word' id='word_1_782' title='bbox 934 2196 1106 2230; x_wconf 80' lang='lat' dir='ltr'><strong>omnipotens.</strong></span> 
     </span>
    </p>
   </div>
   <div class='ocr_carea' id='block_1_98' title="bbox 968 2238 1722 2274">
    <p class='ocr_par' dir='ltr' id='par_1_98' title="bbox 968 2238 1722 2274">
     <span class='ocr_line' id='line_1_98' title="bbox 968 2238 1722 2274; baseline -0.001 -6"><span class='ocrx_word' id='word_1_783' title='bbox 968 2242 1074 2268; x_wconf 78' lang='lat' dir='ltr'><strong>Rursus</strong></span> <span class='ocrx_word' id='word_1_784' title='bbox 1095 2240 1212 2274; x_wconf 80' lang='lat' dir='ltr'><strong>explicat</strong></span> <span class='ocrx_word' id='word_1_785' title='bbox 1228 2244 1255 2267; x_wconf 88' lang='lat' dir='ltr'><strong>et</strong></span> <span class='ocrx_word' id='word_1_786' title='bbox 1269 2239 1365 2266; x_wconf 77' lang='lat' dir='ltr'><strong>dilatat</strong></span> <span class='ocrx_word' id='word_1_787' title='bbox 1382 2238 1583 2273; x_wconf 68' lang='lat' dir='ltr'><strong>pradictionem</strong></span> <span class='ocrx_word' id='word_1_788' title='bbox 1601 2240 1722 2267; x_wconf 86' lang='lat' dir='ltr'><strong>vocatio-</strong></span> 
     </span>
    </p>
   </div>
   <div class='ocr_carea' id='block_1_99' title="bbox 476 2283 1723 2357">
    <p class='ocr_par' dir='ltr' id='par_1_99' title="bbox 476 2283 1723 2357">
     <span class='ocr_line' id='line_1_99' title="bbox 490 2283 1723 2326; baseline -0.002 -12"><span class='ocrx_word' id='word_1_789' title='bbox 490 2284 538 2310; x_wconf 75' lang='grc' dir='ltr'><strong>καὶ</strong></span> <span class='ocrx_word' id='word_1_790' title='bbox 554 2285 584 2311; x_wconf 82' lang='grc' dir='ltr'>οὺ</span> <span class='ocrx_word' id='word_1_791' title='bbox 597 2285 678 2320; x_wconf 79' lang='grc' dir='ltr'>μέχρι</span> <span class='ocrx_word' id='word_1_792' title='bbox 694 2285 774 2320; x_wconf 77' lang='grc' dir='ltr'>μόνον</span> <span class='ocrx_word' id='word_1_793' title='bbox 791 2285 882 2320; x_wconf 80' lang='grc' dir='ltr'>ἵστησι</span> <span class='ocrx_word' id='word_1_794' title='bbox 906 2314 913 2326; x_wconf 39' lang='grc' dir='ltr'><strong>ε</strong></span> <span class='ocrx_word' id='word_1_795' title='bbox 934 2287 977 2314; x_wconf 84' lang='lat' dir='ltr'><strong>nis</strong></span> <span class='ocrx_word' id='word_1_796' title='bbox 987 2287 1119 2322; x_wconf 79' lang='lat' dir='ltr'><strong>gentium,</strong></span> <span class='ocrx_word' id='word_1_797' title='bbox 1135 2289 1163 2312; x_wconf 86' lang='lat' dir='ltr'><strong>et</strong></span> <span class='ocrx_word' id='word_1_798' title='bbox 1177 2283 1374 2316; x_wconf 82' lang='lat' dir='ltr'><strong>conversionis,</strong></span> <span class='ocrx_word' id='word_1_799' title='bbox 1391 2288 1416 2310; x_wconf 93' lang='lat' dir='ltr'><strong>el</strong></span> <span class='ocrx_word' id='word_1_800' title='bbox 1436 2290 1488 2310; x_wconf 79' lang='lat' dir='ltr'><strong>nan</strong></span> <span class='ocrx_word' id='word_1_801' title='bbox 1514 2284 1539 2310; x_wconf 89' lang='lat' dir='ltr'><strong>in</strong></span> <span class='ocrx_word' id='word_1_802' title='bbox 1562 2283 1626 2311; x_wconf 88' lang='lat' dir='ltr'><strong>solis</strong></span> <span class='ocrx_word' id='word_1_803' title='bbox 1638 2283 1723 2320; x_wconf 67' lang='lat' dir='ltr'><strong>Egy-</strong></span> 
     </span>
     <span class='ocr_line' id='line_1_100' title="bbox 476 2328 1722 2357; baseline -0.001 -1"><span class='ocrx_word' id='word_1_804' title='bbox 476 2329 583 2357; x_wconf 79' lang='grc' dir='ltr'>οιοπίας</span> <span class='ocrx_word' id='word_1_805' title='bbox 598 2329 652 2356; x_wconf 83' lang='grc' dir='ltr'><strong>τῶν</strong></span> <span class='ocrx_word' id='word_1_806' title='bbox 667 2330 817 2357; x_wconf 73' lang='grc' dir='ltr'>ἐμπορίων.</span> <span class='ocrx_word' id='word_1_807' title='bbox 835 2331 883 2357; x_wconf 75' lang='grc' dir='ltr'>καὶ</span> <span class='ocrx_word' id='word_1_808' title='bbox 906 2350 909 2353; x_wconf 89' lang='grc'>.</span> <span class='ocrx_word' id='word_1_809' title='bbox 934 2333 1007 2357; x_wconf 85' lang='lat' dir='ltr'><strong>ntiis.</strong></span> <span class='ocrx_word' id='word_1_810' title='bbox 1028 2336 1075 2357; x_wconf 86' lang='lat' dir='ltr'><strong>aut</strong></span> <span class='ocrx_word' id='word_1_811' title='bbox 1085 2330 1214 2357; x_wconf 86' lang='lat' dir='ltr'><strong>emnoriis</strong></span> <span class='ocrx_word' id='word_1_812' title='bbox 1233 2329 1390 2357; x_wconf 67' lang='lat' dir='ltr'><strong>Ethionite.</strong></span> <span class='ocrx_word' id='word_1_813' title='bbox 1402 2334 1449 2355; x_wconf 89' lang='lat' dir='ltr'><strong>aut</strong></span> <span class='ocrx_word' id='word_1_814' title='bbox 1463 2328 1531 2357; x_wconf 82' lang='lat' dir='ltr'><strong>ipsis</strong></span> <span class='ocrx_word' id='word_1_815' title='bbox 1546 2328 1599 2355; x_wconf 90' lang='lat' dir='ltr'><strong>illis</strong></span> <span class='ocrx_word' id='word_1_816' title='bbox 1612 2328 1722 2356; x_wconf 83' lang='lat' dir='ltr'><strong>Sabaiut</strong></span> 
     </span>
    </p>
   </div>
   <div class='ocr_carea' id='block_1_100' title="bbox 101 2328 909 2366">
    <p class='ocr_par' dir='ltr' id='par_1_100' title="bbox 101 2328 909 2366">
     <span class='ocr_line' id='line_1_101' title="bbox 101 2328 909 2366; baseline 0.004 -12"><span class='ocrx_word' id='word_1_817' title='bbox 101 2328 149 2355; x_wconf 81' lang='grc' dir='ltr'><strong>τῶν</strong></span> <span class='ocrx_word' id='word_1_818' title='bbox 166 2330 319 2364; x_wconf 78' lang='grc' dir='ltr'>Αἰγυπτίων</span> <span class='ocrx_word' id='word_1_819' title='bbox 333 2331 382 2365; x_wconf 80' lang='grc' dir='ltr'>τῆς</span> <span class='ocrx_word' id='word_1_820' title='bbox 395 2338 423 2356; x_wconf 84' lang='grc' dir='ltr'><strong>τε</strong></span> <span class='ocrx_word' id='word_1_821' title='bbox 439 2329 583 2362; x_wconf 81' lang='grc' dir='ltr'>Αἰθιοπίας</span> <span class='ocrx_word' id='word_1_822' title='bbox 598 2329 652 2356; x_wconf 83' lang='grc' dir='ltr'><strong>τῶν</strong></span> <span class='ocrx_word' id='word_1_823' title='bbox 667 2330 817 2366; x_wconf 78' lang='grc' dir='ltr'>ἐμπορίων,</span> <span class='ocrx_word' id='word_1_824' title='bbox 835 2331 883 2357; x_wconf 74' lang='grc' dir='ltr'>καὶ</span> <span class='ocrx_word' id='word_1_825' title='bbox 906 2350 909 2353; x_wconf 72' lang='grc' dir='ltr'><strong>ι</strong></span> 
     </span>
    </p>
   </div>
   <div class='ocr_carea' id='block_1_101' title="bbox 934 2328 1722 2367">
    <p class='ocr_par' dir='ltr' id='par_1_101' title="bbox 934 2328 1722 2367">
     <span class='ocr_line' id='line_1_102' title="bbox 934 2328 1722 2367; baseline -0.006 -7"><span class='ocrx_word' id='word_1_826' title='bbox 934 2333 1008 2367; x_wconf 87' lang='lat' dir='ltr'><strong>ptiis,</strong></span> <span class='ocrx_word' id='word_1_827' title='bbox 1028 2336 1075 2359; x_wconf 86' lang='lat' dir='ltr'><strong>aut</strong></span> <span class='ocrx_word' id='word_1_828' title='bbox 1085 2330 1214 2366; x_wconf 89' lang='lat' dir='ltr'><strong>emporiis</strong></span> <span class='ocrx_word' id='word_1_829' title='bbox 1233 2329 1390 2363; x_wconf 68' lang='lat' dir='ltr'><strong>Ethiopize,</strong></span> <span class='ocrx_word' id='word_1_830' title='bbox 1402 2334 1449 2355; x_wconf 91' lang='lat' dir='ltr'><strong>aut</strong></span> <span class='ocrx_word' id='word_1_831' title='bbox 1463 2328 1531 2363; x_wconf 85' lang='lat' dir='ltr'><strong>ipsis</strong></span> <span class='ocrx_word' id='word_1_832' title='bbox 1546 2328 1599 2355; x_wconf 88' lang='lat' dir='ltr'><strong>illis</strong></span> <span class='ocrx_word' id='word_1_833' title='bbox 1612 2328 1722 2356; x_wconf 84' lang='lat' dir='ltr'><strong>Sabaim</strong></span> 
     </span>
    </p>
   </div>
   <div class='ocr_carea' id='block_1_102' title="bbox 935 2373 1719 2409">
    <p class='ocr_par' dir='ltr' id='par_1_102' title="bbox 935 2373 1719 2409">
     <span class='ocr_line' id='line_1_103' title="bbox 935 2373 1719 2409; baseline -0.006 -4"><span class='ocrx_word' id='word_1_834' title='bbox 935 2378 1087 2409; x_wconf 89' lang='lat' dir='ltr'><strong>constituit,</strong></span> <span class='ocrx_word' id='word_1_835' title='bbox 1112 2376 1159 2404; x_wconf 90' lang='lat' dir='ltr'><strong>sed</strong></span> <span class='ocrx_word' id='word_1_836' title='bbox 1180 2375 1316 2403; x_wconf 81' lang='lat' dir='ltr'><strong>vocandos</strong></span> <span class='ocrx_word' id='word_1_837' title='bbox 1336 2381 1396 2401; x_wconf 85' lang='lat' dir='ltr'><strong>esse</strong></span> <span class='ocrx_word' id='word_1_838' title='bbox 1410 2381 1504 2401; x_wconf 90' lang='lat' dir='ltr'><strong>omnes</strong></span> <span class='ocrx_word' id='word_1_839' title='bbox 1525 2373 1624 2408; x_wconf 90' lang='lat' dir='ltr'><strong>ubique</strong></span> <span class='ocrx_word' id='word_1_840' title='bbox 1639 2379 1719 2401; x_wconf 66' lang='lat' dir='ltr'><strong>terra~</strong></span> 
     </span>
    </p>
   </div>
   <div class='ocr_carea' id='block_1_103' title="bbox 934 2420 1724 2455">
    <p class='ocr_par' dir='ltr' id='par_1_103' title="bbox 934 2420 1724 2455">
     <span class='ocr_line' id='line_1_104' title="bbox 934 2420 1724 2455; baseline -0.004 -4"><span class='ocrx_word' id='word_1_841' title='bbox 934 2432 1003 2455; x_wconf 90' lang='lat' dir='ltr'><strong>rutn,</strong></span> <span class='ocrx_word' id='word_1_842' title='bbox 1022 2428 1048 2451; x_wconf 87' lang='lat' dir='ltr'><strong>et</strong></span> <span class='ocrx_word' id='word_1_843' title='bbox 1063 2428 1219 2451; x_wconf 81' lang='lat' dir='ltr'><strong>sanctarum</strong></span> <span class='ocrx_word' id='word_1_844' title='bbox 1237 2421 1419 2448; x_wconf 84' lang='lat' dir='ltr'><strong>Ecclesiarum</strong></span> <span class='ocrx_word' id='word_1_845' title='bbox 1437 2420 1644 2454; x_wconf 81' lang='lat' dir='ltr'><strong>patefactionem</strong></span> <span class='ocrx_word' id='word_1_846' title='bbox 1665 2427 1724 2455; x_wconf 82' lang='lat' dir='ltr'><strong>pas-</strong></span> 
     </span>
    </p>
   </div>
   <div class='ocr_carea' id='block_1_104' title="bbox 935 2465 1722 2502">
    <p class='ocr_par' dir='ltr' id='par_1_104' title="bbox 935 2465 1722 2502">
     <span class='ocr_line' id='line_1_105' title="bbox 935 2465 1722 2502; baseline -0.005 -5"><span class='ocrx_word' id='word_1_847' title='bbox 935 2471 985 2498; x_wconf 90' lang='lat' dir='ltr'><strong>sim</strong></span> <span class='ocrx_word' id='word_1_848' title='bbox 999 2469 1128 2502; x_wconf 79' lang='lat' dir='ltr'><strong>futuram,</strong></span> <span class='ocrx_word' id='word_1_849' title='bbox 1141 2469 1183 2496; x_wconf 85' lang='lat' dir='ltr'><strong>his</strong></span> <span class='ocrx_word' id='word_1_850' title='bbox 1196 2467 1285 2496; x_wconf 87' lang='lat' dir='ltr'><strong>verbis</strong></span> <span class='ocrx_word' id='word_1_851' title='bbox 1300 2466 1472 2502; x_wconf 78' lang='lat' dir='ltr'><strong>signiﬁcavit.</strong></span> <span class='ocrx_word' id='word_1_852' title='bbox 1486 2465 1635 2501; x_wconf 89' lang='lat' dir='ltr'><strong>Compellat</strong></span> <span class='ocrx_word' id='word_1_853' title='bbox 1650 2467 1722 2493; x_wconf 86' lang='lat' dir='ltr'><strong>enim</strong></span> 
     </span>
    </p>
   </div>
   <div class='ocr_carea' id='block_1_105' title="bbox 936 2512 1723 2548">
    <p class='ocr_par' dir='ltr' id='par_1_105' title="bbox 936 2512 1723 2548">
     <span class='ocr_line' id='line_1_106' title="bbox 936 2512 1723 2548; baseline -0.006 -5"><span class='ocrx_word' id='word_1_854' title='bbox 936 2516 1016 2543; x_wconf 88' lang='lat' dir='ltr'><strong>veluti</strong></span> <span class='ocrx_word' id='word_1_855' title='bbox 1035 2515 1170 2543; x_wconf 82' lang='lat' dir='ltr'><strong>Ecclesias</strong></span> <span class='ocrx_word' id='word_1_856' title='bbox 1185 2514 1355 2548; x_wconf 89' lang='lat' dir='ltr'><strong>omnipotens</strong></span> <span class='ocrx_word' id='word_1_857' title='bbox 1371 2512 1418 2539; x_wconf 87' lang='lat' dir='ltr'><strong>Dei</strong></span> <span class='ocrx_word' id='word_1_858' title='bbox 1433 2519 1533 2544; x_wconf 88' lang='lat' dir='ltr'><strong>sermo,</strong></span> <span class='ocrx_word' id='word_1_859' title='bbox 1549 2517 1578 2539; x_wconf 90' lang='lat' dir='ltr'><strong>ut</strong></span> <span class='ocrx_word' id='word_1_860' title='bbox 1588 2512 1621 2539; x_wconf 89' lang='lat' dir='ltr'><strong>ad</strong></span> <span class='ocrx_word' id='word_1_861' title='bbox 1636 2512 1723 2546; x_wconf 86' lang='lat' dir='ltr'><strong>ipsum</strong></span> 
     </span>
    </p>
   </div>
   <div class='ocr_carea' id='block_1_106' title="bbox 937 2558 1722 2596">
    <p class='ocr_par' dir='ltr' id='par_1_106' title="bbox 937 2558 1722 2596">
     <span class='ocr_line' id='line_1_107' title="bbox 937 2558 1722 2596; baseline -0.006 -7"><span class='ocrx_word' id='word_1_862' title='bbox 937 2562 1118 2589; x_wconf 79' lang='lat' dir='ltr'><strong>innoventur;</strong></span> <span class='ocrx_word' id='word_1_863' title='bbox 1134 2567 1203 2596; x_wconf 88' lang='lat' dir='ltr'><strong>quas</strong></span> <span class='ocrx_word' id='word_1_864' title='bbox 1220 2560 1300 2586; x_wconf 81' lang='lat' dir='ltr'><strong>etiam</strong></span> <span class='ocrx_word' id='word_1_865' title='bbox 1316 2558 1418 2586; x_wconf 85' lang='lat' dir='ltr'><strong>insulas</strong></span> <span class='ocrx_word' id='word_1_866' title='bbox 1430 2559 1556 2594; x_wconf 71' lang='lat' dir='ltr'><strong>dignatur</strong></span> <span class='ocrx_word' id='word_1_867' title='bbox 1570 2558 1722 2586; x_wconf 88' lang='lat' dir='ltr'><strong>nominare.</strong></span> 
     </span>
    </p>
   </div>
   <div class='ocr_carea' id='block_1_107' title="bbox 936 2598 1724 2640">
    <p class='ocr_par' dir='ltr' id='par_1_107' title="bbox 936 2598 1724 2640">
     <span class='ocr_line' id='line_1_108' title="bbox 936 2598 1724 2640; baseline -0.006 -5"><span class='ocrx_word' id='word_1_868' title='bbox 936 2607 1169 2640; x_wconf 84' lang='lat' dir='ltr'><strong>Quemadmodum</strong></span> <span class='ocrx_word' id='word_1_869' title='bbox 1185 2607 1257 2634; x_wconf 83' lang='lat' dir='ltr'><strong>enim</strong></span> <span class='ocrx_word' id='word_1_870' title='bbox 1273 2598 1369 2632; x_wconf 33' lang='lat' dir='ltr'><strong>insulae,</strong></span> <span class='ocrx_word' id='word_1_871' title='bbox 1382 2606 1457 2639; x_wconf 80' lang='lat' dir='ltr'><strong>juxta</strong></span> <span class='ocrx_word' id='word_1_872' title='bbox 1480 2611 1566 2637; x_wconf 90' lang='lat' dir='ltr'><strong>tnare,</strong></span> <span class='ocrx_word' id='word_1_873' title='bbox 1584 2603 1724 2638; x_wconf 88' lang='lat' dir='ltr'><strong>jactantur</strong></span> 
     </span>
    </p>
   </div>
   <div class='ocr_carea' id='block_1_108' title="bbox 937 2650 1723 2689">
    <p class='ocr_par' dir='ltr' id='par_1_108' title="bbox 937 2650 1723 2689">
     <span class='ocr_line' id='line_1_109' title="bbox 937 2650 1723 2689; baseline -0.008 -9"><span class='ocrx_word' id='word_1_874' title='bbox 937 2653 1045 2689; x_wconf 91' lang='lat' dir='ltr'><strong>quidem</strong></span> <span class='ocrx_word' id='word_1_875' title='bbox 1057 2659 1164 2687; x_wconf 87' lang='lat' dir='ltr'><strong>semper</strong></span> <span class='ocrx_word' id='word_1_876' title='bbox 1182 2652 1312 2680; x_wconf 85' lang='lat' dir='ltr'><strong>ﬂuctuum</strong></span> <span class='ocrx_word' id='word_1_877' title='bbox 1330 2651 1459 2684; x_wconf 84' lang='lat' dir='ltr'><strong>motibus,</strong></span> <span class='ocrx_word' id='word_1_878' title='bbox 1475 2658 1567 2679; x_wconf 81' lang='lat' dir='ltr'><strong>verum</strong></span> <span class='ocrx_word' id='word_1_879' title='bbox 1584 2650 1649 2685; x_wconf 74' lang='lat' dir='ltr'><strong>ipsa:</strong></span> <span class='ocrx_word' id='word_1_880' title='bbox 1664 2656 1723 2675; x_wconf 83' lang='lat' dir='ltr'><strong>ma—</strong></span> 
     </span>
    </p>
   </div>
   <div class='ocr_carea' id='block_1_109' title="bbox 938 2695 1723 2732">
    <p class='ocr_par' dir='ltr' id='par_1_109' title="bbox 938 2695 1723 2732">
     <span class='ocr_line' id='line_1_110' title="bbox 938 2695 1723 2732; baseline -0.008 -5"><span class='ocrx_word' id='word_1_881' title='bbox 938 2704 1002 2727; x_wconf 88' lang='lat' dir='ltr'><strong>nent</strong></span> <span class='ocrx_word' id='word_1_882' title='bbox 1018 2700 1195 2732; x_wconf 84' lang='lat' dir='ltr'><strong>inconcussae,</strong></span> <span class='ocrx_word' id='word_1_883' title='bbox 1211 2703 1238 2726; x_wconf 89' lang='lat' dir='ltr'><strong>et</strong></span> <span class='ocrx_word' id='word_1_884' title='bbox 1255 2704 1338 2725; x_wconf 88' lang='lat' dir='ltr'><strong>naves</strong></span> <span class='ocrx_word' id='word_1_885' title='bbox 1364 2697 1525 2732; x_wconf 89' lang='lat' dir='ltr'><strong>quandoque</strong></span> <span class='ocrx_word' id='word_1_886' title='bbox 1538 2695 1723 2731; x_wconf 86' lang='lat' dir='ltr'><strong>periclitantes</strong></span> 
     </span>
    </p>
   </div>
   <div class='ocr_carea' id='block_1_110' title="bbox 939 2740 1722 2778">
    <p class='ocr_par' dir='ltr' id='par_1_110' title="bbox 939 2740 1722 2778">
     <span class='ocr_line' id='line_1_111' title="bbox 939 2740 1722 2778; baseline -0.005 -7"><span class='ocrx_word' id='word_1_887' title='bbox 939 2744 1084 2778; x_wconf 85' lang='lat' dir='ltr'><strong>recipiunt,</strong></span> <span class='ocrx_word' id='word_1_888' title='bbox 1100 2749 1127 2771; x_wconf 81' lang='lat' dir='ltr'><strong>et</strong></span> <span class='ocrx_word' id='word_1_889' title='bbox 1137 2745 1224 2771; x_wconf 89' lang='lat' dir='ltr'><strong>sinum</strong></span> <span class='ocrx_word' id='word_1_890' title='bbox 1238 2743 1291 2771; x_wconf 86' lang='lat' dir='ltr'><strong>illis</strong></span> <span class='ocrx_word' id='word_1_891' title='bbox 1303 2743 1429 2771; x_wconf 83' lang='lat' dir='ltr'><strong>ﬂuctibus</strong></span> <span class='ocrx_word' id='word_1_892' title='bbox 1446 2750 1560 2770; x_wconf 84' lang='lat' dir='ltr'><strong>vacuum</strong></span> <span class='ocrx_word' id='word_1_893' title='bbox 1584 2740 1722 2776; x_wconf 77' lang='lat' dir='ltr'><strong>porrigen-</strong></span> 
     </span>
    </p>
   </div>
   <div class='ocr_carea' id='block_1_111' title="bbox 938 2785 1721 2824">
    <p class='ocr_par' dir='ltr' id='par_1_111' title="bbox 938 2785 1721 2824">
     <span class='ocr_line' id='line_1_112' title="bbox 938 2785 1721 2824; baseline -0.008 -6"><span class='ocrx_word' id='word_1_894' title='bbox 938 2796 990 2824; x_wconf 90' lang='lat' dir='ltr'><strong>tes,</strong></span> <span class='ocrx_word' id='word_1_895' title='bbox 1005 2796 1114 2819; x_wconf 83' lang='lat' dir='ltr'><strong>servant</strong></span> <span class='ocrx_word' id='word_1_896' title='bbox 1129 2798 1143 2817; x_wconf 91' lang='lat' dir='ltr'><strong>a</strong></span> <span class='ocrx_word' id='word_1_897' title='bbox 1157 2791 1298 2819; x_wconf 86' lang='lat' dir='ltr'><strong>ﬂuctibus:</strong></span> <span class='ocrx_word' id='word_1_898' title='bbox 1315 2791 1353 2818; x_wconf 86' lang='lat' dir='ltr'><strong>sic</strong></span> <span class='ocrx_word' id='word_1_899' title='bbox 1370 2789 1496 2818; x_wconf 67' lang='lat' dir='ltr'><strong>Ecclesiae</strong></span> <span class='ocrx_word' id='word_1_900' title='bbox 1518 2786 1618 2816; x_wconf 84' lang='lat' dir='ltr'><strong>Christi</strong></span> <span class='ocrx_word' id='word_1_901' title='bbox 1630 2785 1721 2820; x_wconf 77' lang='lat' dir='ltr'><strong>iacent</strong></span> 
     </span>
    </p>
   </div>
  </div>
