1883 3055
145 132 208 160 975‘

636 133 665 161 S.
686 133 821 161 CYRlLLl
840 133 1075 163 ALEXANDRINI
1099 128 1258 164 ARClllEP.

1723 143 1774 171 976

144 192 251 226 quidem
269 197 393 226 tanquam
403 191 429 219 in
440 192 538 219 mediis
551 191 612 219 vitae
625 193 720 224 turbis,
731 198 758 220 et
772 194 887 222 solitudi.

1029 205 1118 224 νουσαι
1134 197 1180 223 τὸν
1199 197 1337 232 ἀκύμονα·
1367 199 1452 231 οὕτως
1477 200 1504 226 αἱ
1526 201 1689 237 Ἐκκλησίαι
1709 204 1772 238 Χρι-

144 244 170 264 nt
202 239 350 265 innumeris
382 238 520 272 agitantur
545 239 760 272 tentationibus;
787 248 878 267 verum
903 241 928 267 in

143 283 253 312 Christo
279 283 442 311 domicilium
470 283 570 311 habent
601 285 859 313 immotum:etcos
884 286 928 320 qui

145 329 340 356 mundanarum
367 336 457 355 rerum
484 329 602 356 inutilem
627 331 786 365 inanemque
798 331 930 359 turbatio-

144 383 205 401 nem
221 382 252 401 ac
272 374 504 402 tumultuationem
520 374 635 410 fugiunt,
652 381 679 403 et
694 376 766 404 velut
783 381 928 412 tempesta-

144 422 216 448 tibus
229 421 282 448 acti
295 425 357 448 sunt
371 428 386 447 a
406 420 506 447 Satana
528 425 554 447 et
580 427 700 455 peccato,
713 424 739 449 in
758 423 866 450 domutn
882 425 928 451 atl-

143 467 263 494 mittunt.
279 466 331 494 Eas
346 467 427 501 igitur
444 474 602 502 comparare
618 473 724 502 oportet
748 469 850 496 insulis.
873 470 929 497 lloc

141 512 212 539 enim
229 511 277 538 sibi
293 511 350 538 vult
366 511 409 538 hic
429 511 535 538 divinus
548 519 647 539 sermo.
667 511 834 539 lnnovamini
849 513 929 547 igitur

141 559 174 586 ad
193 565 245 590 me,
263 558 359 592 inquit,
376 557 479 584 insulae.
509 556 567 584 Jam
596 565 662 585 vero
687 565 784 584 nomen
801 558 928 585 Ecclesia:

141 603 338 630 multitudinem
354 601 521 629 credentium
537 601 562 628 in
578 601 716 628 Christum
734 601 865 634 declarat,
876 602 926 628 mi-

141 650 251 679 nistros,
264 654 291 676 et
308 648 429 683 populos,
447 652 580 682 pastores,
594 652 621 674 et
640 648 774 680 doctores,
788 653 815 675 et
837 648 927 675 subdi-

141 701 193 722 tos.
208 694 238 720 lli
253 695 378 720 nimirum
391 701 485 721 omnes
499 693 524 720 in
540 693 650 721 Christo
663 694 927 726 iuuovabantur,suo

140 746 182 766 teu
195 747 269 774 pore,
287 739 390 766 scilicet
410 746 463 773 quo
483 738 560 765 nobis
589 738 675 765 illuxit
691 740 761 766 Deus
787 739 924 766 Dominus.

142 786 220 812 Tunc
235 785 318 817 enim,
336 789 398 811 tunc
425 784 622 811 renovabamur
643 784 723 810 etiam
750 785 782 811 ad
804 785 874 815 vitre,
893 791 924 811 ac

140 840 243 859 morum
274 831 511 864 institutorutnque
542 831 713 862 novitatem,
741 834 768 857 et
799 831 824 857 in
851 830 924 857 cultu

985 241 1057 273 στοῦ,
1072 243 1232 277 κεῖνταιμὲν
1245 243 1340 280 ὥσπερ
1355 244 1384 270 ἐν
1399 247 1554 282 μεσαιτάτῳ
1573 248 1622 274 τοῦ
1638 249 1697 283 βίου
1709 251 1772 286 τύρ-

982 286 1031 322 ϐης
1046 296 1073 313 τε
1092 289 1138 314 καὶ
1151 288 1271 323 ἁμιξίας,
1286 291 1332 316 καὶ
1351 290 1543 326 ἀναριθμήτων
1562 294 1613 328 μὲν
1631 295 1772 329 ἀνέχονται

982 333 1153 367 πειρασμῶν,
1173 333 1241 368 πλὴν
1254 334 1360 368 ἔχουσιν
1378 336 1406 361 ἐν
1423 336 1532 372 Χριστῷ
1546 338 1576 364 τὺ
1592 339 1771 374 ἀκράδαντον,

981 375 1170 407 εὶσοικίζονται
1194 377 1222 402 δὲ
1253 378 1314 408 τοὺς
1338 379 1487 413 φεύγοντας
1505 382 1558 408 τῶν
1584 383 1613 408 ἐν
1640 384 1708 418 τῷδε
1734 386 1772 420 τῷ

981 419 1075 466 κὸς-μω
1095 423 1267 456 πραγμάτιον
1292 424 1417 460 ἀνωφελῆ
1436 427 1482 452 καὶ
1498 427 1623 455 διάκενον
1638 419 1770 466 ταραχὴν,

981 466 1028 492 καὶ
1043 463 1099 492 οἷον
1116 469 1401 504 καταχειμαζομὲνους
1423 472 1474 498 ὑπό
1489 481 1517 499 τε
1534 474 1580 500 τοῦ
1603 475 1713 502 Σατανᾶ
1726 478 1771 503 καὶ

979 512 1028 547 τῆς
1042 513 1188 548 ἁμαρτίας.
1207 515 1309 550 Νήσοις
1325 516 1357 551 δὴ
1378 515 1426 544 οὖν
1448 521 1652 555 παρεικαστέον
1675 523 1768 555 αὐτὸς.

979 557 1063 584 Τοῦτο
1075 560 1128 595 γὰρ
1137 560 1165 586 ὲν
1177 559 1282 592 τούτοις
1295 563 1308 588 ό
1325 562 1395 594 θεῖος
1413 563 1539 598 βούλεται
1554 566 1645 599 λόγος.
1666 568 1770 602 Ἐγκαι-

979 604 1083 636 νίζεσθε
1098 606 1129 641 δὴ
1145 603 1190 632 οὖν
1209 607 1276 641 πρὸς
1295 616 1339 642 με,
1362 610 1454 644 φησὶν,
1471 608 1493 637 ὦ
1507 612 1593 647 νῆσοι.
1613 613 1650 639 Τό
1666 622 1699 648 γε
1718 615 1770 650 μὴν

977 650 1028 685 τῆς
1051 651 1212 687 Ἐκκλησίας
1235 653 1319 688 ὄνομα
1334 655 1382 690 τὴν
1397 655 1450 682 τῶν
1467 658 1507 688 εὶς
1522 658 1642 694 Χριστὸν
1659 669 1769 688 πιστευ-

978 697 1082 723 σάντων
1107 698 1212 732 ὐφαίνει
1239 700 1355 735 πληθὺν,
1382 702 1540 738 ἰερουργούς
1556 714 1586 732 τε
1605 706 1654 732 καὶ
1678 707 1767 740 λαοὺς,

976 743 1119 778 ποιμένας,
1151 745 1198 771 καὶ
1226 745 1413 780 διδασκάλους,
1439 750 1486 776 καὶ
1519 752 1581 783 τοὺς
1610 752 1668 778 ὑπὸ
1692 755 1768 790 χεῖρα

976 789 1222 824 κατεζευγμένους,
1247 792 1304 818 ἀλλ’
1323 791 1396 821 οὗτοι
1414 796 1514 828 πάντες
1536 789 1768 836 ἀνεκαινίσθησαν

977 835 1005 881 ἐν
1017 835 1137 870 Χριστῷ,
1154 837 1225 863 κατὰ
1242 839 1355 874 καιροὺς
1369 840 1488 875 δηλονότι
1508 843 1570 869 καθ’
1584 843 1632 876 οὓς
1647 835 1767 881 ἐπέλαμ-

137 878 229 904 etiam.
249 876 401 910 Abjccimus
414 875 485 902 enim
502 880 640 909 peceatum
657 875 847 907 inveteratum,
860 882 880 902 el

1023 889 1027 905 ι
1042 881 1109 915 ἡμῖν
1123 881 1188 914 Θεὸς
1217 882 1254 909 ὢν
1271 885 1383 920 Κύριος.
1407 886 1473 912 Τότε
1495 888 1560 923 γὰρ,
1576 874 1638 924 τρέε
1658 891 1706 917 καὶ
1721 874 1766 918 έν-

138 922 246 949 Christo
258 920 321 947 facti
337 927 431 947 sumus
446 926 512 946 nova
532 925 667 952 creatura,
680 919 764 954 ipsius
780 919 880 954 legibus
893 928 925 948 ac

136 968 290 1003 paedagogia
306 966 423 994 instituti
435 974 466 993 ac
477 966 549 993 ducti
563 965 595 992 ad
609 966 724 994 nobilem
740 970 767 993 et
780 966 923 994 amabilem

136 1015 197 1041 vita:
213 1012 456 1040 conversationem.
479 1010 618 1044 Siquidem
634 1011 734 1038 Paulus
756 1012 925 1046 sapientissi-

137 1067 196 1086 mus
212 1059 314 1086 vocatis
334 1065 380 1093 per
405 1058 485 1085 ﬁdem
511 1057 612 1089 scribit,
630 1062 656 1085 et
675 1058 763 1092 inquit
790 1058 923 1085 interdum

136 1105 265 1140 quidem:
290 1113 298 1129 ι
315 1103 411 1130 Exuite
426 1107 543 1130 veterem
556 1102 691 1130 hominem
709 1110 769 1130 cum
784 1103 924 1138 perturba-

137 1151 256 1179 tionibus
278 1155 305 1177 ct
324 1149 516 1185 cupiditatibus
545 1149 611 1180 suis,
628 1153 655 1176 ct
680 1149 783 1177 induite
813 1157 920 1182 novum,

136 1200 294 1224 renovatum
303 1196 340 1222 ad
361 1194 503 1229 imaginem
518 1195 575 1230 ejus
589 1195 634 1229 qui
648 1194 767 1222 condidit
781 1203 842 1223 eum
859 1196 893 1223 ³⁷.
910 1205 920 1222 ι

135 1242 271 1270 lnterdutn
289 1249 353 1268 vcro
367 1247 459 1267 rursus
473 1249 480 1267 :
500 1250 510 1266 ι
531 1240 569 1267 Ne
584 1232 736 1268 conformes
750 1241 810 1268 sitis
824 1242 922 1269 saeculo

135 1290 210 1322 huic,
227 1289 274 1315 sed
299 1287 484 1314 reformemini
502 1287 679 1314 renovatione
696 1288 794 1315 mentis
814 1292 920 1320 vestras,

135 1333 294 1369 utprobetis
307 1340 366 1364 vos,
380 1339 439 1367 qua:
468 1332 504 1359 sit
521 1332 645 1360 voluntas
658 1332 704 1359 Dei
721 1332 790 1359 bona
818 1337 845 1359 et
876 1339 921 1360 ac-

133 1386 210 1415 cepta
221 1385 246 1406 et
255 1378 373 1415 perfecta
381 1376 414 1405 ³⁸.
428 1378 479 1405 »Ει
494 1377 615 1412 cruciﬁgi
625 1377 703 1405 simul
714 1378 788 1409 dicit,
803 1383 920 1405 veterem

133 1430 254 1451 nostrum
278 1423 425 1455 hominem,
442 1428 471 1450 ut
488 1430 588 1450 novum
608 1423 765 1455 induatnus,
776 1423 858 1458 617
873 1430 920 1458 per

134 1470 368 1497 conversationem
384 1472 412 1495 et
437 1469 522 1495 vitam
553 1469 579 1495 in
609 1467 728 1495 Christo.
758 1468 920 1502 lnnovamur

133 1520 241 1550 orgo,ct
251 1515 338 1542 cultus
353 1514 459 1541 ratione
471 1523 476 1540 :
488 1514 543 1545 alii,
557 1514 602 1549 qui
618 1513 745 1542 Iudaicos
775 1515 843 1541 ritus
857 1522 917 1542 sec-

132 1549 235 1594 tantur,
250 1561 353 1588 umbris
371 1560 472 1588 relictis
486 1564 510 1587 et
524 1560 625 1594 figuris.
643 1560 699 1587 Non
721 1561 793 1588 enim
811 1566 919 1589 utentur
932 1549 954 1578 (ί

133 1607 246 1640 posthac
265 1607 344 1634 boutn
363 1606 482 1633 victimis
499 1612 525 1633 et
541 1607 631 1639 thure,
646 1607 691 1634 sed
706 1607 882 1642 spiritualiter
893 1612 920 1635 et

133 1660 186 1679 non
215 1652 403 1684 materialiter,
429 1651 588 1679 sullimentis
613 1653 828 1685 odoratissimis;
843 1653 888 1680 alii
903 1660 920 1681 e

131 1698 252 1732 gentium
283 1697 455 1725 multitudine
480 1697 549 1732 capti
568 1702 595 1724 et
619 1697 728 1730 irretiti,
743 1698 776 1724 ad
806 1698 918 1725 meliora

130 1742 371 1777 transmigrabunt,
389 1748 416 1770 et
429 1743 461 1769 ad
477 1749 508 1768 ea
529 1749 589 1776 qua!
605 1742 852 1777 incomparabiliter
866 1751 915 1770 ex-

129 1788 230 1816 Cellunt
252 1793 334 1823 atque
361 1788 490 1815 eminent.
524 1788 582 1816 Non
613 1789 685 1816 enim
713 1788 768 1823 jam
798 1795 916 1816 veterem

129 1835 228 1863 montis
245 1835 384 1862 habebunt
397 1834 553 1870 caliginem,
567 1835 625 1868 sed,
640 1835 729 1862 divina
745 1840 772 1862 et
788 1835 917 1871 intelligi-

128 1881 175 1907 bili
190 1879 248 1907 luce
264 1880 465 1913 intromissl,et
482 1880 568 1908 sancti
581 1886 609 1908 et
624 1881 679 1908 veri
695 1881 812 1909 cultores
826 1887 915 1909 erunt.

127 1926 266 1953 Desistent
294 1926 366 1953 cnitn
383 1926 497 1953 adorare
514 1931 666 1954 creaturam
687 1931 714 1954 et
739 1932 838 1954 mutam
855 1935 918 1955 sen-

126 1978 228 2005 susque
240 1976 380 2006 expcrlcm
395 1971 546 2003 materiam,
569 1976 597 1998 et
611 1971 746 1999 vaticiniis
766 1979 798 1999 ac
815 1973 917 2007 praesti-

125 2015 177 2050 giis
192 2015 418 2049 supersedebunt,
447 2019 474 2042 et
495 2015 668 2043 scurrilitatis
691 2015 854 2044 Grzecanica:
873 2026 917 2044 er-

125 2062 250 2096 rorisque
258 2062 452 2089 dmmoniorum
466 2061 661 2088 absurditatem
679 2063 875 2091 circumcident
887 2069 915 2092 et

125 2107 314 2141 amputabunt,
341 2112 433 2140 atque,
458 2111 486 2133 ut
515 2107 598 2134 semel
630 2108 728 2142 dicam,
757 2109 915 2138 fmdioribus

124 2150 244 2181 omissis,
259 2154 286 2176 et
307 2149 341 2176 ab
356 2149 533 2176 exsecrandis
549 2150 704 2177 recedentes
719 2152 825 2185 studiis,
840 2153 914 2180 ontni

123 2199 204 2223 erunt
218 2195 318 2222 virtute
337 2194 428 2220 ornati
456 2199 482 2221 et
508 2195 662 2230 dogmatum
680 2197 801 2225 veritatis
820 2199 910 2233 periti.

124 2240 264 2268 lnnovatio
289 2240 369 2274 igitur
387 2240 444 2266 haec
469 2245 511 2267 est
537 2241 626 2275 quoad
653 2249 712 2269 nos.
734 2243 807 2270 Nova
839 2245 909 2272 enim

123 2292 248 2315 creatura
270 2291 311 2313 est
329 2286 355 2312 in
367 2285 486 2313 Christo.
503 2285 640 2313 Pr’omittit
656 2288 788 2322 siquidem
805 2290 912 2318 univer-

124 2340 216 2360 sorum
232 2333 313 2364 Deus,
331 2339 360 2359 se
371 2339 478 2364 omnes,
489 2332 610 2366 inquam,
627 2332 687 2360 illos
701 2334 745 2368 qui
762 2336 909 2363 secundum

122 2385 233 2405 carnem
252 2383 325 2410 sunt,
342 2383 369 2404 et
393 2377 418 2404 in
443 2377 504 2405 (iliis
518 2378 655 2405 Abraham
682 2386 714 2405 ex
732 2381 910 2415 promissione

121 2427 300 2450 numerantur
320 2422 330 2457 (
344 2431 353 2448 ι
370 2431 420 2449 non
433 2423 504 2450 enint
519 2431 612 2452 omttes
623 2433 656 2452 ex
678 2426 770 2459 Israel,
787 2428 812 2454 bi
826 2427 908 2454 lsrael

121 2470 250 2502 sunt,sed
259 2469 304 2496 [iiii
317 2470 513 2504 promissionis,
522 2471 547 2498 hi
558 2476 716 2506 reputanlur
728 2474 754 2500 in
765 2474 908 2510 liliis"'p),

119 2520 293 2544 servaturum
320 2516 407 2544 salute
429 2521 541 2551 interna,
560 2522 589 2544 ut
616 2526 676 2545 cum
694 2519 836 2552 dedecore,
854 2525 908 2547 tmn

119 2561 266 2598 ignominia
291 2568 415 2596 careant,
431 2562 510 2598 idque
531 2569 669 2599 perpetuo.
687 2565 774 2593 Exuto
791 2567 862 2593 enim
881 2568 906 2594 io

117 2609 227 2637 Christo
257 2609 372 2643 profano
397 2614 556 2643 peccato,et
584 2611 725 2639 diabolicae
756 2613 906 2647 tyrannidis

116 2654 180 2690 iugo
195 2654 294 2688 soluto,
311 2658 337 2681 et
353 2662 405 2681 una
417 2662 477 2681 cum
495 2655 547 2682 illis
562 2655 664 2690 abiecta
681 2658 867 2692 corruptione,
878 2663 906 2686 at

117 2701 211 2728 induta
239 2700 442 2734 incorruptione
476 2702 502 2728 in
532 2701 574 2728 his
596 2703 698 2730 erimus
719 2703 829 2738 jugiter.
847 2705 902 2732 Non

116 2746 215 2774 etenim
236 2745 313 2774 nobis
336 2749 476 2780 peccatum
504 2746 646 2774 insultabit
674 2749 800 2782 amplius,
816 2758 903 2785 neque

975 926 1170 968 εκαινίσθημεν
1189 929 1228 960 εἰς
1242 930 1389 966 καινότητα
1403 931 1485 967 ζωῆς,
1503 934 1577 967 ἠθῶν
1589 944 1618 962 τε
1637 936 1686 962 καὶ
1703 938 1767 972 τρύ-

975 980 1044 1018 πῠων,
1067 973 1114 1000 καὶ
1133 974 1244 1009 προσέτι
1271 975 1410 1012 λατρείας.
1445 979 1689 1017 Ἀποϐεϐλήκαμεν
1713 984 1766 1018 γὰρ

974 1016 1022 1052 τὴν
1038 1018 1071 1044 ἐκ
1087 1018 1136 1053 τῆς
1150 1019 1288 1054 ἁμαρτίας
1301 1021 1463 1054 παλαίωσιν,
1479 1024 1668 1060 γεγόναμενδὲ
1686 1016 1766 1064 καινῇ

974 1063 1064 1094 κτίσις
1080 1064 1107 1090 ἐν
1125 1065 1236 1100 Χριστῷ
1252 1068 1308 1098 τοῖς
1330 1067 1412 1094 αὑτοῦ
1426 1069 1520 1104 νόμοις
1536 1063 1766 1110 παιδαγωγούμεέ

974 1117 1025 1139 vat.
1058 1109 1126 1144 πρὸς
1156 1110 1256 1137 εὐκλεᾶ
1279 1112 1326 1138 καὶ
1348 1113 1509 1149 ἀξιέραστον
1534 1117 1684 1146 πολιτείαν.
1709 1109 1765 1147 Καὶ

973 1155 1038 1189 γοῦν
1057 1155 1070 1181 ὁ
1090 1156 1224 1190 πάνσοφος
1245 1158 1349 1190 Παῦλος
1371 1161 1426 1192 τοῖς
1449 1161 1629 1197 κεκλημένοις
1655 1165 1700 1192 διὰ
1720 1166 1765 1193 πί-

975 1209 1058 1233 στεως
1068 1203 1220 1231 ἐπιστέλλει
1231 1205 1279 1232 καί
1289 1214 1366 1241 φησι,
1381 1208 1446 1234 ποτε
1455 1209 1514 1243 μὲν,
1524 1210 1564 1236 ὅτι
1573 1220 1582 1236 ε
1597 1211 1764 1240 Ἐκδύσααθε

973 1246 1017 1273 τὸν
1031 1248 1146 1275 παλαιὸν
1161 1249 1313 1284 ἄνθρωπον,
1333 1252 1380 1279 σὺν
1399 1255 1455 1285 τοῖς
1475 1255 1620 1291 παθήμασι
1639 1258 1686 1284 καὶ
1704 1261 1762 1291 ταῖς

972 1292 1130 1328 ἐπιθυμίαις
1142 1295 1234 1327 αὐτοῦ,
1253 1297 1299 1322 καὶ
1322 1297 1467 1326 ἐνδύσασθε
1487 1300 1533 1326 τὸν
1549 1301 1620 1334 νέον,
1635 1303 1682 1329 τὸν
1698 1305 1762 1330 ἀνα-

971 1337 1147 1373 καινούμενον
1161 1341 1220 1366 κατ’
1233 1341 1323 1368 εἰκόνα
1340 1343 1387 1369 τοῦ
1403 1344 1543 1378 κτίσαντος
1564 1347 1656 1374 αὐτόν·
1672 1358 1681 1373 ι
1699 1351 1762 1376 ποτὲ

971 1382 998 1409 δὲ
1009 1383 1099 1417 πάλιν,
1115 1386 1179 1422 «Μὴ
1195 1388 1431 1423 συσχηματίζεσοε
1447 1390 1574 1425 τῷαίῶνι
1589 1394 1763 1430 τούτι;›,ἀλλὰ

970 1429 1178 1465 ἀναμορφοῦσθε
1194 1434 1226 1468 τῇ
1251 1433 1433 1462 ἀνακαινώσει
1450 1437 1496 1463 τοῦ
1514 1438 1573 1470 νοὸς
1589 1429 1667 1474 ὑμῶν
1677 1442 1717 1472 είς
1733 1442 1764 1468 τὺ

971 1474 1130 1511 δοκιμάζειν
1147 1478 1228 1512 ὑμᾶς,
1244 1479 1270 1504 τί
1286 1479 1315 1506 τὸ
1331 1480 1436 1516 θέλημα
1451 1483 1496 1509 τοῦ
1519 1483 1587 1510 Θεοῦ
1604 1485 1636 1512 τὸ
1648 1487 1760 1520 ἀγαθὸν,

972 1521 1018 1547 καὶ
1035 1522 1189 1558 εὐάρεστον,
1205 1525 1386 1554 καὶτέλειον.»
1399 1528 1641 1566 Συνεσταυρῶσθαι
1651 1533 1679 1559 δέ
1695 1543 1763 1569 φησι

971 1568 1018 1593 καὶ
1044 1568 1089 1594 τὸν
1110 1569 1226 1597 παλαιὸν
1246 1571 1322 1606 ἡμῶν
1338 1572 1493 1609 ἄνθρωπον,
1518 1577 1561 1602 ἵνα
1585 1568 1763 1614 ἐνδυσώμεθα

969 1613 1015 1640 τὸν
1031 1615 1090 1641 νέον
1114 1615 1157 1642 διὰ
1176 1616 1226 1651 τῆς
1249 1618 1278 1644 ἐν
1307 1619 1415 1655 Χριστῷ
1441 1621 1579 1651 πολιτείας
1603 1625 1651 1651 καὶ
1679 1613 1762 1661 ζωῆς,

976 1656 1218 1695 Ἀνακαινιξόμεθα
1237 1661 1264 1688 δὲ
1282 1664 1353 1690 κατά
1372 1672 1403 1698 γε
1425 1666 1470 1693 τὸν
1489 1667 1538 1702 τῆς
1557 1656 1690 1705 λατρείας
1701 1656 1763 1707 τρεέ-

970 1713 1029 1736 πον,
1041 1706 1063 1731 οἱ
1079 1706 1127 1740 μὲν
1137 1708 1167 1733 ἐκ
1179 1707 1232 1733 τῶν
1253 1708 1403 1737 Ἰουδαϊκῶν
1417 1711 1492 1744 ὄντες
1509 1715 1667 1750 ταγμάτων,
1684 1706 1762 1749 σκιὰς

969 1749 1084 1796 ἀφέντες
1115 1753 1161 1778 καὶ
1186 1752 1298 1785 τύπους.
1319 1755 1506 1792 Κεχρήσονται
1532 1760 1586 1795 γὰρ
1603 1761 1762 1796 βουθυσίαις

969 1795 1026 1833 μὲν,
1046 1797 1093 1822 καὶ
1123 1797 1281 1831 λιϐανωτοῖς
1305 1800 1412 1835 ὀὑκέτι,
1436 1807 1625 1842 πνευματικὴν
1649 1808 1687 1839 δὲ,
1715 1795 1763 1836 και

968 1839 1059 1872 ἄῦλον,
1075 1842 1121 1868 καὶ
1133 1843 1257 1880 καθάπερ
1272 1845 1300 1872 ἐν
1317 1847 1392 1880 τάξει
1411 1848 1464 1875 τῶν
1481 1851 1693 1887 εὐκοσμοτάτων
1716 1855 1763 1882 θυ-

969 1887 1113 1937 μιαμάτων
1126 1896 1133 1903 ·
1151 1889 1174 1914 οἱ
1189 1889 1216 1915 δὲ
1231 1891 1263 1916 ἐκ
1280 1891 1329 1927 τῆς
1345 1893 1400 1919 τῶν
1416 1894 1500 1922 ἐθνῶν
1511 1896 1632 1932 πληθύος
1643 1908 1763 1937 σεσαγη-

967 1933 1091 1967 νευμένοι
1121 1937 1378 1972 μετοικισθήσονται
1407 1941 1474 1976 πρὸς
1505 1942 1538 1968 τὰ
1568 1944 1687 1979 ἀμείνω,
1715 1933 1762 1974 καὶ

967 1977 1142 2026 ἀσιιγκρίτως
1155 1981 1349 2018 ὑπερκείμενα.
1367 1986 1403 2011 Οὐ
1421 1987 1474 2022 γὰρ
1486 1987 1526 2014 ἐτι
1537 1977 1710 2026 τὸν-ἀρχαῖον
1721 1995 1761 2026 εἰς

967 2022 1030 2074 νοῦν
1055 2024 1146 2056 ἕξουσι
1174 2027 1279 2060 σκότον,
1305 2029 1373 2056 ἀλλὰ
1392 2032 1422 2058 τὺ
1447 2032 1516 2060 θεῖόν
1540 2043 1569 2061 τε
1665 2022 1761 2074 νοητὸν

965 2068 1179 2106 εἰσοικισάμενοι
1206 2073 1273 2106 φῶς,
1303 2075 1372 2101 ὅσιοί
1393 2085 1422 2103 τε
1446 2079 1493 2104 καὶ
1519 2080 1631 2116 ἀληθεῖς
1651 2068 1762 2111 ἔσονται

965 2117 1161 2151 προσκυνηταῑ.
1190 2119 1445 2149 Ἀποπεπαύσονται
1460 2124 1515 2158 γὰρ
1530 2125 1578 2152 τοῦ
1595 2132 1759 2162 προσκυνεῖν

963 2162 996 2196 τῇ
1018 2162 1104 2188 κτίσει
1120 2165 1225 2197 κωφαῖς
1238 2174 1267 2191 τε
1284 2167 1330 2193 καὶ
1347 2168 1523 2204 ἀναισθήτοις
1538 2171 1615 2204 ὕλαις
1625 2180 1632 2188 ”
1644 2175 1759 2209 ἀφέξον-

964 2215 1008 2233 ται
1023 2208 1050 2234 δὲ
1064 2210 1198 2243 μαντειῶν
1211 2220 1240 2237 τε
1255 2213 1300 2238 καὶ
1314 2215 1456 2249 γοητειῶν,
1472 2217 1517 2243 καὶ
1531 2218 1714 2254 καθαρῐσουσι
1730 2222 1759 2248 τὸ

963 2253 1068 2301 ἀπηχὲς
1090 2255 1260 2301 βωμολοχίας
1287 2258 1445 2296 Ἑλληνικῆς
1468 2263 1515 2288 καὶ
1529 2253 1639 2299 ἀπάτῇς
1662 2265 1758 2301 δαιμο-

962 2299 1037 2331 νίων,
1054 2300 1100 2326 καὶ
1116 2301 1285 2335 ἁπαξαπλῶς
1306 2304 1339 2330 τὰ
1357 2306 1455 2340 αἰσχίω
1472 2307 1613 2342 μεθέντες,
1634 2311 1681 2337 καὶ
1698 2299 1759 2346 βδε-

961 2341 1049 2377 λυρῶν
1059 2345 1273 2380 σπουδασμάτων
1284 2349 1529 2385 ἀπονοστήσαντες,
1540 2353 1648 2382 ἔσονται
1657 2341 1758 2393 ἀρετῆς

961 2387 1070 2438 ἀπάσης
1093 2391 1122 2416 ὲν
1143 2391 1227 2426 καλῷ,
1253 2394 1299 2420 καὶ
1314 2395 1368 2422 τῶν
1393 2397 1444 2430 τῆς
1461 2398 1590 2434 ἀληθείας
1612 2387 1758 2438 δογμάτων

963 2434 1157 2471 ἐπιστήμονες.
1190 2438 1383 2476 Ἐγκαινισμὸς
1404 2441 1451 2469 οὖν
1468 2444 1522 2480 ἄρα
1538 2446 1572 2473 τὰ
1592 2434 1755 2484 καοέίήμῖῖς.

963 2480 1052 2527 Καινῂ
1079 2482 1133 2518 γὰρ
1149 2484 1237 2516 κτίσις
1269 2486 1303 2513 τὰ
1333 2487 1361 2512 ἐν
1391 2489 1512 2525 Χριστῷ.
1541 2480 1757 2527 Ἐπαγγέλλεταί

962 2532 993 2558 γε
1085 2527 1164 2576 eum
1182 2529 1249 2576 ὅλων
1274 2531 1340 2563 Θεὸς
1363 2533 1470 2561 ἅπαντα
1492 2536 1537 2563 τὸν
1557 2525 1642 2565 κατὰ.
1655 2541 1754 2576 σάρκα,

962 2570 1043 2614 φημὶ,
1067 2573 1113 2598 καὶ
1134 2574 1179 2599 τὺν
1201 2575 1229 2601 ἐν
1255 2577 1360 2609 τέκνοις
1392 2579 1516 2617 Ἀϐραὰμ
1531 2583 1560 2615 ἐξ
1576 2570 1754 2619 ἐπαγγελίας,

959 2620 1196 2654 κατατεταγμένον
1207 2621 1229 2656 (ι
1244 2623 1280 2648 Οὐ
1291 2623 1344 2658 γὰρ
1355 2624 1453 2657 πάντες
1470 2629 1494 2653 οἱ
1511 2628 1540 2660 ἐξ
1552 2629 1673 2666 Ἰσραὴλ,
1684 2629 1754 2659 οὗτοι

965 2662 1086 2712 Ἰσραὴλ,
1093 2665 1160 2692 ἀλλὰ
1168 2667 1201 2692 τὰ
1213 2668 1294 2694 τέκνα
1303 2671 1351 2705 τῆς
1363 2671 1538 2707 ἐπαγγελίας,
1548 2662 1754 2712 ’παθη-λογίζε-

957 2716 1001 2734 ται
1012 2709 1140 2741 εἰςτέκνα
1152 2711 1186 2747 ι),
1199 2713 1295 2744 σώζειν
1306 2717 1441 2752 σωτηρίαν
1451 2718 1569 2751 αἰώνιον,
1582 2709 1753 2757 αὶσχύνῇςγτε

958 2755 1005 2780 καὶ
1018 2756 1156 2792 ἐντροπῆς
1170 2758 1280 2786 ἔσεσθαι
1298 2761 1477 2798 πορρωτέρω,
1495 2764 1544 2803 και
1558 2755 1647 2793 ταῦτα
1667 2755 1753 2804 διήνε-

150 2833 173 2852 ³⁷
190 2835 286 2869 Epltes.
304 2842 340 2868 tv,
357 2834 401 2863 22.
441 2834 463 2850 "
475 2833 554 2861 Rom.
572 2841 621 2867 xtl,
641 2834 668 2863 2.
708 2835 740 2852 ³³·
758 2836 836 2866 Rom.
851 2847 888 2872 Ix,
905 2839 962 2868 6-8.
