1883 3055
83 169 138 196 977

666 175 703 203 ΙΝ·
720 175 835 204 lSAlAM
849 175 914 203 LIB.
935 175 979 205 ιν.
998 176 1101 204 ΟΒΑΤ.
1121 176 1165 205 lll.

1675 176 1727 206 978

81 229 152 260 κῶς.
194 230 412 266 Ἀποδυσάμενοι
435 233 489 270 γὰρ
516 235 544 260 ὲν
568 235 677 271 Χριστῷ
697 236 746 272 τὴν
772 237 873 272 βέϐηλοη

953 237 1020 264 τίοιί
1040 245 1088 265 nos
1102 237 1236 273 tyrannidi
1251 238 1376 273 subjiciet
1390 239 1477 266 denuo
1487 237 1622 266 Satanas:
1636 237 1682 264 sed
1698 240 1726 263 et

82 276 238 310 ἁμαρτίαν
251 277 296 303 καὶ
311 277 360 312 τῆς
372 278 419 305 τοῦ
435 279 557 307 διαϐόλου
574 281 732 314 πλεονεξίας
746 283 884 310 ἀπολυσά-

83 329 164 355 μενοι
185 321 239 347 τὸν
263 322 353 357 ζυγὸν,
380 325 625 358 συναποϐάλλοντες
651 327 679 353 δὲ
703 327 806 359 τούτοις
835 337 884 364 την

82 366 207 402 φθορὰν,
230 369 404 404 ἐνδυσάμενοί
421 379 450 396 τε
472 371 521 406 τὴν
541 372 704 407 ἀφθαρσίαν,
729 374 757 399 ἐν
780 374 885 405 τούτοις

81 412 209 447 ἐδόμεθα
238 413 283 441 διὰ
307 415 414 446 παντὸς.
445 416 541 443 Οὐκέτι
574 417 625 452 γὰρ
659 418 737 452 ἡμῶν
764 419 885 454 ἁμαρτία

67 461 311 503 ’κατορχήσεταν
339 462 395 489 ἀλλ’
413 463 473 489 οὐδὲ
494 463 662 496 πλεονεξίαις
685 466 746 496 ταῖς
778 466 898 501 πρώταις

82 505 130 530 καὶ
161 504 196 530 τὸ
227 506 276 532 τοῦ
303 507 416 534 θανάτου
443 509 543 544 κράτος
567 511 638 536 κατὰ
662 511 707 538 τὸν
742 511 829 538 αἰῶνα
852 512 897 538 τὸν

938 283 1033 310 mortis
1048 284 1201 318 itnperium,
1220 292 1330 318 prorsus
1342 285 1368 312 in
1384 289 1516 312 mternum
1529 282 1674 310 intercidet
1689 286 1726 307 at-

938 336 990 362 que
1010 329 1117 364 peribit.
1133 330 1264 357 calcatum
1279 331 1303 357 itt
1319 331 1435 363 Christo,
1449 338 1497 365 per
1510 336 1588 364 quem
1612 333 1638 354 ct
1655 334 1723 362 quo-

939 383 998 402 cum
1018 377 1052 403 sit
1065 376 1147 410 gloria
1163 381 1189 403 et
1208 377 1347 411 imperium
1358 377 1411 404 Deo
1424 384 1455 403 ac
1471 375 1542 402 Patri
1553 381 1614 402 cum
1631 378 1724 400 sancto

940 420 1053 454 Spiritu,
1064 423 1096 454 ,in
1113 428 1215 449 aeterna
1229 423 1338 449 smcula.
1359 422 1455 448 Amen.

938 467 1070 503 ὑποθήσει
1094 468 1174 495 πάλιν
1193 468 1207 494 ὁ
1227 469 1363 500 Σατανᾶς·
1392 468 1530 503 οἰχήσεται
1558 466 1586 492 δὲ
1609 464 1725 491 sled-trav

936 513 1069 547 μέλλοντα
1099 514 1289 549 πεπατημένον
1310 514 1338 540 ἐν
1356 512 1476 548 Χριστῷ,
1501 512 1535 538 δι’
1553 508 1583 538 οὗ
1598 510 1646 536 καὶ
1660 508 1719 544 μεο“

83 549 112 578 οὗ
125 551 167 587 τῷ
183 553 277 589 Πατρὶ
291 554 306 590 ἡ
319 554 381 587 δόξα
394 556 439 582 καὶ
452 556 482 582 τὸ
495 557 593 592 κράτος
602 558 651 584 σὺν
664 558 732 594 ἁγίῳ
743 559 881 593 Πνεύματι
894 560 934 591 εἰς
962 561 1026 592 τοὺς
1040 561 1140 592 αἰῶνας
1174 561 1227 587 τῶν
1243 560 1359 588 αἰώνων.
1383 559 1480 594 Ἀμήν-

408 624 516 651 ΛΟΓΟΣ
535 625 572 652 Γ’.

119 676 208 702 Οὕτω
234 677 319 712 λέγει
341 679 448 713 Κύριος
469 682 486 708 ὁ
508 682 647 715 ποιήσας-ν
664 683 881 717 τὸν-οὐρανὸν,

84 719 175 755 οὗτος
190 724 209 749 ό
224 724 405 759 καταδείξας
414 727 472 760 τὴν
482 727 550 762 γῆν,
565 729 613 755 καὶ
628 731 758 762 ποιήσας
772 731 879 766 αὐτὴν,

84 766 174 801 οὗτος
196 769 340 804 διώρισεν
356 772 462 806 αὐτήν.
484 776 544 801 Οὐκ
563 776 605 807 εἰς
630 777 719 803 κενὸν
739 777 882 811 ἐποίησεν

84 814 194 847 αὐτὴν,
209 816 296 844 ἀλλὰ
315 819 524 848 κατοικεῖσθαι.
548 821 618 856 Ἐγώ
629 823 687 856 εἰμι
701 823 817 856 Κύριος,
832 824 881 850 καὶ

84 861 139 886 οὐκ
151 860 246 887 ἔστιν
261 862 313 889 ἔτι.
327 865 387 891 Οὐκ
401 865 436 891 ἐν
455 866 555 900 κρυφῇ
564 867 732 901 λελάληκα,
756 868 826 895 οὐδὲ
847 871 882 896 ἐν

84 906 165 938 τόπῳ
192 906 255 941 γῆς
285 910 440 943 σκοτεινῷ.
476 913 537 939 Οὐκ
568 911 638 940 εἶπα
666 913 705 946 τῷ
734 914 881 948 σπέρματι

91 951 203 984 Ἰακὼϐ,
237 953 372 982 Μάταιον
404 955 558 990 ζητήσατε.
593 959 666 994 Ἐγώ
690 961 747 994 εἰμι
774 961 881 994 Κύριος

84 996 189 1024 λαλῶν
210 998 421 1036 δικαιοσύνην,
443 1003 492 1030 καὶ
509 1004 704 1040 ἀναγγέλλων
723 1006 877 1040 ἀλήθειαν.

102 1055 359 1102 -Προανακηρι5ξας
373 1058 421 1095 τὴν
437 1060 527 1094 ἄφιξιν
542 1061 589 1088 τοῦ
604 1062 712 1090 πάντων
727 1063 806 1098 ἡμῶν
822 1065 878 1091 Σω-

85 1100 167 1132 τῆρος
184 1100 317 1135 Χριστοῦ,
336 1103 382 1130 καὶ
396 1103 440 1131 τὺν
457 1105 508 1140 τῆς
527 1107 665 1142 σωτηρίας
683 1110 879 1144 κατασημᾱινας

87 1145 191 1196 atatem,
209 1146 318 1196 καθ’-ὃν
342 1148 462 1181 ἅπαντες
484 1151 529 1178 τὸν
552 1153 602 1187 τῆς
622 1153 739 1188 ἀρχαίας
759 1154 879 1189 ἀμαθίας

86 1190 201 1224 ἀφέντες
227 1193 334 1226 σκότον,
360 1196 427 1230 πρὸς
450 1197 480 1223 τὺ
497 1197 547 1232 τῆς
571 1198 688 1234 ἀληθοῦς
709 1199 877 1234 Θεογνωσίας

89 1238 317 1273 μεταχωρήσουσι
330 1240 397 1274 φῶς,
412 1241 565 1277 ἀναγκαίαν
584 1244 612 1270 ἐν
634 1244 739 1276 τούτοις
763 1247 878 1273 ποιεῖται

87 1282 133 1317 τὴν
147 1284 314 1318 παραίνεσιν
335 1286 470 1319 Ἰουδαίοις
483 1297 512 1315 τε
528 1289 575 1316 καὶ
595 1289 708 1326 Ἕλλησι
724 1292 878 1327 προστιθεὶς

88 1328 187 1364 ἐναργῆ
206 1329 242 1356 τὰ
252 1330 286 1356 δι’
297 1327 334 1358 ὧν
349 1332 474 1363 εἴσονται,
490 1334 537 1360 καὶ
563 1335 635 1370 μάλα
656 1336 760 1370 σαφῶς,
786 1337 826 1363 ὅτι
847 1346 877 1364 τε

87 1374 165 1406 αὐτὸς
182 1375 227 1409 εἴη
239 1376 307 1408 Θεὸς
321 1378 375 1404 τῶν
401 1379 470 1406 ὅλων
484 1380 532 1406 καὶ
547 1381 724 1417 δημιουργὼς,
743 1383 835 1418 ἕτερος
849 1384 877 1410 δὲ

89 1421 151 1456 παρ’
161 1422 244 1449 αὑτὸν
261 1424 357 1457 οὐδείς.
369 1425 460 1461 Ταύτῃ
472 1436 512 1453 τοι
528 1428 609 1463 φησίν
622 1437 627 1444 ·
643 1428 720 1455 Οὕτω
732 1427 805 1464 λέγει
819 1430 873 1456 Κύ-

90 1475 154 1502 ριος,
169 1469 216 1495 καὶ
239 1471 289 1506 οὐχ
301 1471 393 1504 ἁπλῶς
410 1474 522 1510 Κύριος,
541 1475 662 1502 πλεῖστοί
686 1485 715 1502 τε
735 1477 789 1512 γάρ
807 1478 876 1504 εἰσιν

89 1514 116 1540 ἓν
143 1523 171 1541 τε
194 1515 304 1552 οὐρανῷ
321 1519 367 1545 καὶ
381 1520 428 1546 ἐπὶ
442 1520 491 1555 τῆς
511 1521 571 1556 γῆς,
592 1523 630 1554 ὡς
657 1523 685 1549 ὲν
708 1524 874 1559 καταχρήσει

1234 626 1362 657 ORATIO
1383 626 1426 653 Ill.

968 685 1048 713 VERS.
1070 686 1112 718 18,
1132 686 1172 713 19.
1191 685 1235 712 Sic
1250 685 1313 712 dicit
1333 685 1459 711 Dominus
1475 684 1519 717 qui
1537 683 1599 716 fecit
1613 681 1718 712 (mlum,

939 731 982 758 hic
1006 731 1076 758 Deus
1096 732 1141 766 qui
1158 731 1268 758 ostendit
1285 736 1393 761 terram,
1409 734 1431 756 et
1451 729 1509 762 fecit
1529 735 1597 758 eam,
1624 726 1665 752 hic
1681 726 1720 751 tti-

934 778 1024 805 stinxit
1044 785 1111 804 eam.
1126 776 1187 804 Non
1208 777 1310 810 [rustra
1330 775 1390 809 fecit
1405 782 1472 805 eam,
1486 773 1528 799 sed
1543 776 1570 798 ut
1591 771 1722 797 habitare~

935 829 988 850 tur.
1005 822 1061 858 Ego
1080 831 1137 849 sum
1154 822 1291 853 DominusI
1306 825 1330 847 et
1343 820 1426 856 618
1440 827 1491 845 nou
1512 823 1553 844 est.
1566 817 1643 843 alius.
1660 815 1720 842 Non

898 884 919 912 η
934 869 961 896 in
970 869 1069 896 occulto
1084 869 1186 896 locutus
1199 876 1268 900 sum,
1280 875 1362 901 neque
1372 866 1398 892 in
1414 865 1469 892 ioco
1483 870 1559 891 terra:
1574 863 1718 890 tenebroso.

934 915 996 942 Non
1021 915 1078 942 dixi
1093 915 1185 942 semini
1197 913 1293 945 Jacob,
1314 912 1416 939 Vanum
1443 911 1561 946 qua’rite.
1591 909 1646 943 Ego
1663 917 1719 935 sum
1737 907 1740 911 “

933 959 1060 987 Dominus
1083 959 1189 994 laquem
1216 958 1360 994 justitiam,
1388 962 1412 984 et
1438 956 1598 983 annuntians
1623 954 1720 981 verita--

931 1012 993 1034 tem.
1217 1018 1220 1019 '

965 1062 1032 1090 Cum
1045 1061 1201 1089 Servatoris
1217 1061 1337 1088 omnium
1354 1063 1477 1087 nostrum
1497 1057 1599 1086 Christi
1620 1057 1720 1083 adven-

930 1112 985 1135 tum
1016 1107 1224 1143 pradixerit,et
1251 1106 1346 1134 salutis
1370 1111 1476 1140 tempus
1502 1112 1565 1139 quo,
1586 1102 1711 1137 pristina:

930 1155 1087 1189 ignorantia:
1100 1154 1216 1188 caligine
1233 1153 1336 1185 relicta,
1349 1152 1382 1179 ad
1400 1158 1469 1178 verm
1491 1150 1537 1178 Dei
1555 1148 1719 1184 cognitionis

929 1200 1016 1228 lucem
1033 1208 1127 1227 omnes
1145 1199 1311 1234 pervenient,
1329 1197 1489 1232 significarit
1502 1217 1509 1230 ,
1529 1194 1714 1223 necessariam

930 1248 974 1275 hic
997 1246 1092 1273 auexit
1123 1245 1349 1277 adhortationem,
1367 1244 1509 1271 declarans
1532 1246 1558 1269 et
1577 1241 1611 1268 ob
1627 1240 1718 1268 oculos

929 1299 1080 1327 proponens
1103 1298 1163 1318 cum
1187 1290 1297 1322 Iudaeis,
1318 1295 1374 1317 ttttn
1402 1288 1515 1321 Graecis,
1529 1288 1600 1316 unde
1629 1287 1717 1315 sciant

928 1337 1098 1372 apertissime
1132 1337 1218 1372 ipsutn
1233 1343 1292 1364 esse
1308 1335 1390 1363 Deum
1408 1339 1435 1362 et
1451 1335 1636 1362 universorum
1658 1333 1717 1366 opi-

928 1384 1016 1414 ficem,
1040 1387 1067 1410 et
1092 1387 1221 1418 praeterea
1245 1382 1392 1409 neminem.
1413 1380 1481 1407 lliuc
1501 1381 1557 1407 ait:
1575 1379 1621 1407 Sic
1650 1379 1717 1406 dicit

927 1430 1074 1457 Dominus:
1092 1434 1120 1456 et
1142 1436 1194 1455 non
1215 1427 1376 1462 simpliciter
1399 1427 1547 1459 Dominus;
1563 1425 1717 1460 complures

927 1477 999 1504 enim
1025 1480 1052 1503 et
1068 1476 1096 1502 in
1120 1474 1190 1502 cutio
1204 1479 1231 1502 et
1261 1474 1287 1501 in
1314 1479 1397 1505 terra,
1417 1480 1464 1507 per
1483 1471 1638 1499 abusionem
1665 1471 1717 1497 hoc

928 1522 1017 1549 sortiti
1043 1521 1178 1549 nominis:
1199 1520 1246 1548 sed
1270 1519 1314 1547 ille
1338 1520 1395 1554 ipse
1421 1518 1466 1553 qui
1493 1521 1587 1544 natura
1602 1521 1630 1543 et
1651 1524 1715 1543 vere

89 1560 210 1596 λαχόντες
226 1564 346 1600 τοῦνομα
358 1573 364 1581 ·
382 1567 439 1593 ἀλλ’
454 1569 558 1599 ἐκεῖνος
571 1569 650 1599 αὐτὸς
664 1570 678 1595 ὁ
691 1569 769 1603 φύσει
789 1578 817 1596 τε
831 1571 873 1596 καὶ

953 1567 1033 1595 {sistit
1052 1567 1078 1594 id
1092 1568 1163 1602 quod
1193 1573 1252 1594 esse
1282 1566 1391 1596 dicitur.
1409 1569 1435 1591 et
1449 1572 1462 1590 a
1477 1563 1612 1598 prmclaris
1630 1561 1708 1589 factis

90 1608 192 1642 ἀληθῶς
209 1610 290 1637 τοῦτο
305 1611 434 1648 ὑπάρχων
446 1614 513 1650 ὅπερ
530 1613 600 1641 εἶναι
623 1616 671 1642 καὶ
693 1616 811 1650 λέγεται,
828 1618 876 1643 καὶ

88 1652 123 1684 ὡς
136 1654 188 1680 ἀπό
207 1664 240 1689 γε
263 1657 316 1684 τῶν
331 1658 554 1694 κατωρθωμένων
575 1661 624 1695 τὴν
648 1660 726 1693 δόξαν
753 1661 821 1696 ἔχων
845 1663 874 1688 οὐ

90 1700 319 1738 κατεψευσμένην.
337 1701 421 1736 Οὗτος
433 1704 497 1740 γὰρ,
517 1705 594 1740 φησὶ,
617 1706 718 1742 Κύριος
731 1708 745 1733 ὁ
759 1708 876 1744 ποιήσας

90 1746 132 1772 τὸν
141 1747 264 1782 οὐρανόνε
279 1749 412 1785 πάμμεγα
427 1751 494 1786 πρὸς
518 1751 654 1785 ἀπόδειξιν
677 1752 801 1784 εὐκλείας
827 1754 876 1788 τῆς

91 1792 225 1825 ἀνωτάτω,
248 1795 296 1822 καὶ
310 1796 449 1832 ὑπεροχῆς
464 1797 639 1830 πανσθενοῡς,
657 1798 686 1824 τὸ
705 1799 815 1834 ποιῆσαι
830 1799 875 1826 τὸν

91 1837 198 1872 οὐρανὸν
215 1842 264 1867 καὶ
283 1843 440 1876 καταδεῖξαι
464 1843 514 1879 τὴν
528 1844 589 1878 γῆν,
609 1843 712 1879 ἱδρῦιταί
731 1853 760 1870 τε
779 1845 873 1880 αὐτήν.

91 1884 170 1916 Αὐτὸς
185 1887 239 1922 γὰρ
256 1887 380 1924 διώρισεν
396 1889 490 1925 αὐτὴν,
506 1890 580 1917 τοῦτ’
597 1890 664 1922 ἔστι,
680 1891 875 1926 κεκρυμμένην

92 1928 119 1954 ἐν
130 1929 258 1962 ἁϐύσσοις
273 1932 387 1968 ἀόρατόν
398 1942 426 1959 τε
440 1935 486 1961 καὶ
497 1935 684 1961 ἀκατάσκευον
698 1933 780 1962 οὖσαν
791 1936 876 1963 πὰλαι

94 1975 223 2010 ἀπέφηνεν
249 1978 360 2014 ὁρατὴν,
391 1981 438 2006 καὶ
459 1981 654 2017 εἰργασμένην.
681 1981 795 2017 Διώρισε
822 1982 875 2017 γὰρ

93 2021 182 2057 πτήν’
204 2023 256 2059 ἔφη
282 2025 336 2060 γὰρ
359 2027 431 2053 κατά
449 2035 481 2060 γε
502 2028 551 2062 τὴν
573 2028 664 2054 πίστιν
681 2028 733 2054 τῶν
755 2029 876 2060 Μωσέως

96 2067 196 2102 βιϐλίων
208 2077 214 2084 ·
237 2080 246 2096 ‹
262 2071 428 2107 Συναχϐήτω
445 2073 474 2099 τὸ
488 2073 558 2109 ὕδωρ
572 2074 612 2106 είς
627 2074 786 2110 συναγωγὴν
800 2075 874 2110 μίαν,

94 2115 136 2141 καὶ
147 2115 254 2151 deponat)
269 2119 285 2153 ἡ
298 2118 376 2154 ξηρά.
391 2129 400 2144 ι
426 2120 514 2156 Ὠφοη
531 2120 562 2156 δὴ
585 2119 631 2147 οὖν
646 2121 676 2154 ἐξ
691 2121 803 2153 ὑδάτων,
828 2123 875 2148 καὶ

94 2159 253 2197 ὑποϐρυχίαν
276 2162 358 2191 οὖσαν
378 2165 466 2200 ἅεργῆ
481 2175 510 2192 τε
530 2166 645 2194 εἰσάπαν
663 2167 803 2202 διέστησεν
823 2167 875 2194 ἀνὰ

97 2207 183 2241 μέρος,
193 2209 306 2246 κλεῖθρα
318 2211 365 2237 καὶ
380 2211 466 2243 πύλας
479 2214 540 2244 ταῖς
555 2213 682 2245 ἀδύσσοις
692 2213 806 2246 ἐπιθεὶς,
828 2214 874 2240 καὶ

95 2252 236 2289 ἀποκρίνας
249 2255 277 2282 εὖ
297 2257 369 2292 μάλα
393 2258 446 2285 τῶν
467 2259 570 2286 ὑδάτων
584 2259 679 2294 αὑτήν.
692 2259 752 2286 Ὅτι
766 2259 793 2285 δὲ
807 2267 874 2295 παρ-

96 2297 175 2348 ξιγαῖε
185 2302 336 2348 *χρησίμως
353 2304 392 2335 είς
413 2303 491 2336 τοῦτό
519 2313 550 2330 τε
575 2305 622 2331 καὶ
641 2305 809 2339 ἀναγκαίως,
824 2305 873 2340 οὐχ

98 2345 136 2368 ἵνα
149 2345 231 2379 ὁρῷτο
247 2348 338 2381 μόνον,
357 2348 413 2374 ἀλλ’
429 2349 472 2375 ἵνα
485 2349 533 2387 ξχῃ
552 2350 614 2381 τοὺς
625 2350 781 2385 οἰκήτορας,
795 2350 873 2385 δῆλον

97 2387 121 2413 δὲ
132 2390 169 2416 ὁτι
185 2392 246 2423 τοὺς
260 2393 289 2425 ἐξ
304 2394 388 2429 αὐτῆς
404 2395 623 2430 πεπλασμένους,
640 2395 765 2430 καθάπερ
778 2396 872 2430 ἀμέλει

98 2434 139 2460 καὶ
162 2436 271 2473 οὐρανὸν
292 2439 355 2470 τοὺς
380 2439 473 2473 ἁγίους
494 2439 626 2473 ἀγγέλους
658 2439 874 2475 προδιεσὰφησεν

99 2479 174 2506 εἰπών
185 2489 191 2497 ’
207 2483 262 2518 Οὐκ
276 2485 315 2515 εἰς
326 2485 402 2511 κενὸν
424 2485 551 2521 ἐποίησεν
573 2487 670 2522 αὐτὴν,
692 2486 761 2514 ἀλλὰ
780 2495 872 2513 κατοι-

99 2526 205 2579 ξίεξσθαι.
222 2530 331 2579 ἶΟχημα
355 2531 386 2566 δὴ
406 2529 450 2558 οὖν
468 2533 515 2559 καὶ
528 2532 565 2564 ὥς
583 2542 625 2564 τις
641 2531 715 2565 οἶκος
730 2533 872 2569 ἀνεδείχθη

99 2575 147 2602 τοῖς
159 2575 282 2602 πατοῦσιν
294 2577 387 2612 αὐτὴν,
397 2577 468 2604 τοῦτ’
479 2578 561 2610 ἔστιν,
573 2580 649 2614 ἡμῖν.
660 2579 689 2606 Et
697 2580 725 2605 δὲ
733 2579 875 2614 παρήχθη-

101 2625 144 2669 ita"
155 2621 213 2669 ﬁsa
228 2623 308 2650 αὖτοῦ
322 2625 390 2659 πρὸς
402 2625 527 2660 ὕπαρξιν,
541 2627 598 2658 πῶς
612 2627 661 2653 οὐκ
673 2627 770 2662 ἀληθὲς
786 2629 872 2654 ειπεῖν

101 2670 136 2689 οτι
150 2665 250 2700 πάντως
268 2678 319 2696 που
336 2671 382 2696 καὶ
397 2671 440 2697 διὰ
461 2671 539 2698 τοῦτο
555 2673 715 2708 γεγόναμεν,
733 2673 776 2699 ἵνα
787 2682 872 2708 προσ-

102 2715 216 2745 κυνωμεν
238 2715 311 2749 αὑτῷ
329 2724 358 2741 τε
379 2716 425 2741 καὶ
442 2717 523 2751 μόνῳ,
539 2718 585 2743 καὶ
599 2718 788 2752 γενεσιουργὸν
810 2719 873 2744 ὄντα

102 2762 148 2781 των
162 2757 224 2785 ὅλων
240 2761 464 2795 ἐπιγινώσκοντες
475 2764 667 2799 χαριστηρίους
686 2764 756 2799 ᾠδὰς
770 2765 872 2798 ἀναφέ“

104 2808 184 2834 ρι’)μεν
199 2813 205 2835 ;
222 2806 289 2841 Ἐγὼ
305 2808 394 2834 τοίνυν
411 2810 476 2844 εἰμὶ,
497 2809 542 2835 καὶ
554 2810 603 2837 οὐκ
616 2809 687 2836 ἔστιν
702 2810 740 2836 ἔτι
765 2811 795 2837 Εἰ
819 2811 874 2846 γάρ

137 2889 154 2906 ³⁸
170 2892 231 2923 Gcn.
248 2904 271 2930 ι,
287 2898 312 2927 9.

927 1615 1007 1643 habet
1020 1616 1089 1642 hanc
1105 1622 1157 1642 non
1173 1614 1288 1642 fucatam
1303 1617 1347 1640 aut
1359 1612 1514 1640 emcnlitam
1528 1611 1652 1646 gloriam.
1665 1610 1710 1636 lllc

926 1663 1010 1694 enim,
1024 1661 1120 1696 inquit,
1135 1660 1265 1688 Dominus
1283 1663 1324 1687 est
1341 1659 1387 1694 qui
1410 1658 1474 1685 fecit
1495 1657 1603 1685 caelum.
1621 1656 1710 1683 Pluri-

926 1716 999 1736 mum
1019 1707 1080 1734 facit
1093 1707 1126 1734 ad
1144 1706 1400 1734 demonstrationem
1421 1703 1567 1731 nobilitatis
1584 1709 1709 1732 somnne,

927 1758 953 1781 et
964 1753 1119 1781 eminentia:
1135 1751 1339 1786 omnipotentis,
1354 1750 1451 1778 ctelum
1465 1750 1564 1781 facere,
1578 1753 1604 1776 et
1617 1753 1714 1775 terram

926 1800 1079 1832 ostendere,
1103 1805 1217 1832 eamque
1238 1797 1370 1824 stabilirc.
1402 1795 1461 1829 Ipse
1492 1796 1564 1822 enim
1592 1794 1716 1822 distinxit

926 1854 997 1877 eam,
1012 1846 1037 1873 id
1054 1849 1105 1878 est,
1122 1844 1308 1871 absconditam
1325 1843 1350 1870 in
1370 1842 1479 1877 abysso,
1495 1846 1522 1869 et
1536 1839 1716 1875 iuaspectabi-

926 1893 978 1920 lem
991 1896 1017 1919 et
1034 1891 1239 1925 incompositam
1248 1889 1396 1924 quondam,
1413 1887 1587 1922 spectabilem
1609 1885 1673 1914 fecit
1689 1890 1716 1913 et

927 1938 1114 1973 compositam.
1127 1936 1254 1964 Distinxit
1268 1936 1338 1962 enitn
1356 1942 1433 1967 eam;
1451 1934 1520 1961 dixit
1537 1934 1607 1961 enim
1622 1939 1717 1960 secun-

927 1985 989 2011 dum
1015 1984 1095 2012 ﬁdem
1120 1981 1300 2010 Mosaicorum
1325 1981 1477 2008 librorum:
1507 1990 1515 2006 ι
1530 1980 1715 2015 Congregelur

927 2036 996 2064 aqua
1010 2030 1036 2056 in
1049 2028 1288 2063 congregationem
1299 2032 1429 2060 unam,et
1437 2030 1568 2062 appareat
1583 2025 1710 2052 arida".t

926 2075 1057 2110 Apparuit
1069 2074 1159 2109 itaque
1172 2081 1205 2101 ex
1223 2074 1312 2108 aquis,
1325 2077 1353 2101 et
1366 2073 1534 2100 submersam
1548 2071 1713 2105 omninoque

926 2122 1096 2150 illaboratam
1116 2124 1142 2148 et
1158 2120 1286 2148 incultam
1303 2120 1416 2148 seorsim
1437 2119 1576 2150 discrevit,
1596 2118 1714 2145 claustra

926 2172 953 2195 et
978 2167 1049 2195 ostia
1077 2167 1182 2202 abyssis
1204 2166 1307 2194 obdidit
1327 2158 1443 2200 eamque
1468 2165 1568 2199 optime
1585 2163 1618 2191 ab
1637 2163 1715 2198 aquis

927 2214 1054 2241 secrevit.
1071 2213 1146 2247 Quod
1163 2217 1252 2241 autem
1270 2212 1303 2239 ad
1317 2212 1390 2239 hunc
1412 2212 1492 2238 ﬁnem
1507 2210 1609 2238 utiliter
1623 2214 1650 2236 et
1667 2216 1714 2236 nc-

926 2261 1046 2289 cessario
1060 2260 1226 2295 perduxerit,
1242 2266 1295 2286 non
1310 2262 1340 2285 ut
1355 2257 1538 2292 conspiciatur
1554 2256 1709 2288 solum,sed

927 2312 957 2334 ttt
971 2306 1073 2334 incolas
1089 2306 1198 2338 habeat,
1216 2305 1345 2332 nimirum
1360 2311 1394 2332 ex
1405 2303 1463 2338 ipsa
1478 2303 1619 2335 formatos,
1634 2301 1714 2329 sicuti

926 2353 1050 2393 Videlicet
1064 2357 1091 2380 et
1109 2352 1207 2380 cmlum
1224 2351 1305 2378 habet
1326 2354 1434 2378 sanctos
1451 2349 1572 2386 angelos,
1593 2346 1715 2374 declara-

926 2399 965 2426 vit
988 2406 1070 2434 supra
1088 2405 1148 2425 cum
1165 2397 1252 2424 dixit:
1266 2396 1323 2424 Non
1346 2396 1445 2423 frustra
1461 2394 1524 2422 fecit
1537 2401 1607 2426 eam,
1626 2393 1673 2420 sed
1686 2397 1716 2420 ut

927 2444 1102 2470 inltabitetur.
1127 2441 1285 2469 Vehiculum
1305 2441 1388 2476 igitur
1410 2444 1437 2467 et
1459 2437 1710 2466 velutdomicilium

928 2490 1074 2524 quoddam,
1089 2495 1149 2516 eam
1165 2487 1343 2518 calcantibus.
1356 2486 1382 2513 id
1394 2489 1447 2517 est,
1467 2485 1556 2518 nobis,
1574 2483 1712 2518 proposita

927 2539 979 2562 est.
996 2535 1072 2567 Quod
1085 2534 1108 2561 si
1122 2534 1156 2561 ab
1171 2540 1203 2560 eo
1219 2531 1342 2567 producti
1362 2538 1455 2559 sumus
1468 2534 1494 2558 et
1509 2529 1584 2563 editi,
1615 2529 1712 2564 qttidni

927 2588 1021 2607 verum
1045 2580 1089 2609 sit.
1106 2579 1128 2606 si
1141 2579 1262 2605 dicamus
1276 2577 1386 2606 omnino
1401 2585 1449 2604 nos
1464 2576 1524 2603 ideo
1541 2575 1625 2602 factos
1636 2581 1708 2605 esse.

926 2630 956 2651 ut
977 2625 1119 2652 adoremus
1146 2623 1220 2650 illum
1242 2628 1269 2651 et
1293 2623 1390 2656 solum,
1406 2627 1636 2657 agnoscamusque
1651 2627 1712 2647 esse

927 2676 1077 2698 creatorem
1094 2670 1296 2702 universorum,
1313 2669 1469 2704 gratiasque
1488 2672 1514 2695 et
1530 2667 1623 2693 laudes
1637 2665 1709 2692 refee

928 2718 1040 2744 ramus?
1054 2717 1107 2752 Ego
1121 2717 1200 2749 igitur
1218 2724 1288 2747 sum,
1304 2720 1331 2743 et
1351 2722 1402 2742 nou
1428 2719 1467 2742 est
1483 2717 1612 2748 prazterea
1630 2710 1707 2737 alius.

927 2763 955 2790 Si
967 2764 1066 2790 etenim
1083 2763 1126 2791 ille
1145 2764 1180 2790 sit
1197 2762 1242 2798 qui
1263 2761 1327 2789 fecit
1340 2761 1436 2788 coelum
1456 2765 1482 2787 ct
1501 2765 1598 2785 terram
1615 2760 1709 2783 osten-

927 2811 975 2842 (ιιι,
994 2817 1042 2837 nec
1066 2817 1124 2837 eam
1150 2809 1246 2837 frustra
1268 2809 1339 2839 fecit,
1362 2808 1408 2835 sed
1430 2807 1461 2832 ad
1483 2801 1708 2831 inltubitattdum:
