1883 3055
136 191 190 221 979

628 191 657 220 S.
678 191 816 220 CYRILLI
834 189 1068 219 ALEXANDRINI
1088 188 1248 217 ARCBIEP.

1709 186 1765 215 οεο

137 248 262 283 quisnam
282 248 351 276 alius
373 252 470 284 praeter
493 249 578 284 619
593 249 680 284 ipsum
703 249 774 277 Deus
787 251 921 277 exsistere

1001 256 1045 274 τιν
1064 247 1145 279 αὐτὸς
1164 248 1178 274 6
1205 247 1322 282 ποιήσας
1342 247 1386 273 τὸν
1415 246 1539 282 οὐρανὸν,
1567 246 1614 273 καὶ
1638 244 1688 282 τὴν
1710 244 1767 280 γῆν

136 294 319 329 intelligatur?
333 299 380 322 aut
395 295 456 329 quis
475 294 549 322 illum
568 296 687 330 potentia
717 300 745 322 et
764 295 848 330 gloria
872 302 920 322 ex-

136 340 274 375 aequabit?
293 344 338 367 aut
352 340 413 375 quis
426 340 535 368 omnino
549 347 630 375 prope
645 341 773 368 accedet?
786 341 818 368 Et
829 340 920 375 quidni

136 385 226 413 omnis
236 386 390 413 mortalium
405 389 500 413 natura
515 386 549 413 ab
560 387 610 414 hac
623 391 676 413 tam
688 394 783 422 magna
795 392 822 414 et
839 394 921 420 supc-

138 435 215 458 rante
230 431 320 458 omnia
340 431 436 466 gloria,
458 431 627 464 fortitudine,
640 437 668 459 et
678 433 814 466 sapientia
831 432 921 459 vinca-

973 293 1145 325 καταδείξας,
1170 293 1216 319 καὶ
1234 293 1271 329 μὴ
1287 294 1326 324 εἰς
1341 293 1419 319 κενὸν
1439 293 1557 328 ποιήσας
1577 291 1674 327 αὐτὴν,
1695 291 1765 318 ἀλλὰ

972 338 1157 366 κατοικεῖσθαι
1170 345 1177 353 ·
1192 338 1234 370 τίς
1250 337 1282 364 ἂν
1295 337 1388 374 ἕτερος
1400 339 1484 364 νοοῖτο
1500 338 1564 373 παρ’
1580 337 1662 364 αὑτὸν
1676 337 1765 372 ὑπάρ-

972 395 1026 422 χων
1042 385 1108 417 Θεός
1121 394 1128 419 ;
1146 385 1162 420 ἢ
1177 385 1218 416 τίς
1234 385 1294 411 κατ’
1311 385 1386 419 ἰσχὺν
1401 384 1447 410 καὶ
1466 382 1545 416 δόξαν
1561 383 1765 418 ἰσοστατήσειεν

972 431 1064 467 abst};
1081 431 1097 465 ἢ
1115 430 1155 462 τίς
1175 430 1244 462 ὅλως
1262 430 1346 464 ἔγγὺς
1363 429 1409 456 καὶ
1430 429 1505 464 παρὰ
1521 428 1628 464 βραχύ;
1653 427 1713 459 πῶς
1735 427 1766 454 δὲ

137 477 202 504 tur?
213 476 298 504 Nemo
315 481 356 504 est
371 477 450 505 alius.
468 477 548 505 Solus
560 481 603 504 est
620 477 712 511 igitur,
728 481 756 505 et
772 483 870 512 praeter
883 478 922 512 ip-

1001 487 1021 513 ιχ
1036 478 1130 504 ἅπασα
1145 477 1260 512 ἡττᾶται
1280 477 1335 504 τῶν
1355 476 1476 511 γενητῶν
1491 476 1507 511 ἡ
1520 475 1611 509 φύσις,
1630 476 1681 510 τῆς
1693 473 1767 501 οὕτω

137 530 196 550 sum
214 523 323 550 omnino
337 522 428 551 nullus
444 527 531 558 potest
546 527 643 551 natura
657 529 684 550 et
700 531 765 551 vere
789 524 860 551 Deus
881 524 922 550 in-

1001 523 1094 558 εγάλης
1114 523 1161 549 καὶ
1176 521 1378 558 ὑπεραιρούσης
1396 521 1432 549 τὰ
1454 521 1554 554 πάντα,
1571 521 1662 556 δόξης,
1678 520 1766 555 ἀλκῆς

137 568 231 604 telligi.
245 557 558 597 Verumtamenrdixerit
579 569 699 604 profecto
711 570 844 604 quispiam
872 570 922 595 uli-

1001 557 1019 595 ιι
1035 557 1148 603 accpi“;
1167 557 1318 596 Οὑκνέστιν
1340 568 1437 600 οὐδείς.
1459 568 1547 600 Μόνος
1564 565 1611 595 οὖν
1633 568 1699 603 ἄρα,
1720 567 1767 593 καὶ

137 615 260 649 quando:
272 614 339 648 Quis
349 615 475 650 cognovit
486 622 597 649 scopum
603 619 630 642 et
641 616 806 650 propositum
818 614 922 649 ipsius?

1001 623 1067 650 ερος
1093 616 1138 641 ἐπ’
1163 614 1238 649 αύτῷ
1262 614 1403 646 παντελῶς
1425 614 1514 646 οὐδεὶς
1534 613 1614 640 νοοῖτ’
1633 613 1667 640 ἂν
1695 610 1766 639 εἶναι

137 664 184 687 aut
199 660 260 695 quis
274 664 363 695 potest
377 660 469 687 dicere
488 664 578 687 utrum
592 660 738 694 aliquando
756 661 837 687 etiam
855 659 918 687 alio:

1001 660 1038 692 εὺς
1059 660 1138 695 φύσει
1160 669 1190 686 τε
1208 660 1255 686 καὶ
1273 659 1391 695 ἀληθῶς.
1417 658 1498 686 Ἀλλὰ
1514 659 1560 686 ναὶ
1579 658 1648 693 φαίη
1669 667 1712 689 τις
1733 658 1766 684 ἂν

137 706 277 741 quospiam
291 705 373 740 gloria
396 709 424 734 et
435 706 577 734 vocatione
591 706 636 734 Dei
657 706 720 733 velit
739 706 876 738 coronari,
890 713 921 732 an

1001 706 1030 732 r0”
1055 706 1110 732 ὅτε·
1133 705 1182 737 Τίς
1206 705 1275 740 ἔγνω
1293 704 1340 731 τὸν
1364 706 1393 732 ἐν
1413 704 1488 740 αὐτῷ
1509 704 1625 736 σκοπόν;
1646 703 1664 738 ἢ
1687 702 1730 737 τίς
1751 703 1766 729 6

137 751 254 786 scipsum
268 751 377 778 solum?
392 751 517 779 Defendit
537 752 639 786 itaque,
655 756 682 779 et
697 752 783 786 inquit
797 760 803 778 :
821 751 878 778 Non
895 751 921 778 in

1001 752 1075 779 adeat
1097 751 1256 787 δυνάμενος,
1273 751 1388 787 πότερόν
1409 759 1475 778 ποτε
1496 750 1544 777 καὶ
1562 750 1673 785 ἑτέρους
1690 749 1766 780 τινὰς

136 797 242 825 occulto
264 796 369 824 locutus
384 804 455 830 sum,
470 805 520 824 nec
537 797 563 824 in
576 797 635 824 loco
651 801 729 824 terra:
755 796 899 824 tenebroso
914 805 921 824 :

1001 807 1021 834 ις
1033 798 1081 824 τοῦ
1099 798 1166 824 Θεοῦ
1179 798 1258 833 δόξης
1278 797 1326 824 καὶ
1345 797 1440 832 κλήσει
1456 795 1655 831 στεφανοῦσθαι
1671 795 1766 830 βούλε-

138 850 190 870 non
207 843 261 870 dixi
279 842 374 870 semini
386 842 480 875 Jacob,
496 842 600 870 Vanum
615 844 737 877 quaerite.
760 842 856 877 Leges,
882 842 922 869 in-

1001 854 1028 876 ιι,
1050 844 1134 880 ἤγουν
1153 844 1250 871 ἑαυτόν
1276 852 1307 870 τε
1334 843 1381 870 καὶ
1403 843 1499 878 μόνον;
1522 843 1714 877 ’Δπολογεῖται
1736 841 1769 876 δὴ

137 888 205 923 quit,
217 888 346 915 constitui
362 888 436 916 hisce
451 889 483 916 de
496 889 586 921 rebus,
600 898 653 917 non
667 890 694 917 in
716 890 874 918 abscondito
891 890 922 917 il-

1001 889 1020 918 ἐν
1034 890 1080 917 καί
1093 898 1185 925 φησιν’
1198 888 1255 916 Οὐκ
1270 890 1298 916 ἐν
1311 891 1402 925 κρυφῇ
1414 889 1560 925 λελάληκα,
1576 889 1637 915 οὐδὲ
1651 889 1679 914 ὲν
1692 887 1774 921 τόπῳ

138 936 170 964 lis
187 935 310 970 loquens,
328 942 379 963 nec
392 935 418 963 id
436 943 560 975 quarens
573 941 602 963 ut
616 936 740 969 laterem,
756 936 803 964 sed
818 936 922 971 perspi-

1001 937 1024 972 ᾖς
1041 936 1178 972 σκοτεινῷ·
1196 936 1246 962 οὐκ
1260 935 1325 962 εἶπα
1333 935 1372 971 τῷ
1380 935 1514 971 σπέρματι
1531 934 1641 967 Ἰακὼϐ,
1656 934 1768 961 Ματαια

138 987 188 1008 cue
200 985 227 1008 et
244 980 394 1008 manifeste.
418 979 564 1008 Descendit
577 981 650 1008 enim
682 981 812 1009 Dominus
841 989 922 1016 super

140 1028 259 1053 montem
278 1025 354 1060 Sina,
366 1026 454 1061 specie
466 1025 550 1061 ignis;
571 1025 626 1053 illic
638 1026 724 1062 caligo
739 1030 807 1059 erat,
822 1031 850 1054 et
860 1034 922 1061 pro-

139 1070 205 1098 cella
229 1075 257 1098 et
279 1070 356 1104 fumi,
381 1075 411 1098 et
433 1077 548 1098 sonorus
563 1070 673 1106 clangor
700 1071 835 1099 tubarum.
860 1070 921 1098 Cir-

142 1117 279 1145 cumstelit
299 1117 371 1144 enim
390 1117 478 1145 omnis
494 1116 620 1152 populus,
633 1121 775 1151 sequestra
793 1117 877 1150 Mose,
894 1121 921 1145 et

138 1171 153 1189 a
184 1162 239 1190 Deo
267 1162 340 1198 leges
366 1163 533 1196 ferebantur,
551 1170 601 1191 nec
625 1164 752 1198 praecepit
775 1163 868 1191 lsraeli
894 1168 923 1190 ut

138 1212 272 1243 quaereret
280 1208 418 1244 quidpiam
435 1215 546 1241 vanum,
562 1209 589 1236 id
601 1213 653 1241 est,
672 1208 785 1241 idolum,
797 1208 838 1236 vel
853 1208 922 1236 falso

139 1254 307 1282 nominatum
324 1254 426 1282 cultum
441 1263 449 1281 :
465 1254 513 1282 sed
530 1261 545 1282 e
565 1254 701 1282 contrario
720 1259 853 1289 praecepta
875 1261 922 1282 ve-

139 1302 257 1326 tuerunt.
287 1297 355 1326 Nam
385 1299 486 1327 dictum
509 1303 551 1327 est
574 1299 616 1326 ei:
639 1308 648 1325 I
666 1299 808 1327 Dominum
835 1299 920 1327 Deum

138 1349 213 1372 tuum
229 1345 365 1378 adorabis,
379 1349 408 1372 et
418 1347 443 1373 ei
457 1346 507 1372 soli
519 1346 622 1374 servies
635 1355 642 1374 :
653 1351 679 1374 et
698 1354 750 1373 non
766 1351 847 1374 erunt
875 1347 921 1374 tibi

139 1391 176 1418 dii
190 1391 234 1419 alii
249 1397 348 1427 preter
375 1399 427 1423 me.
452 1392 485 1420 Et
501 1399 555 1420 non
575 1391 660 1421 facies
679 1393 728 1420 tibi
750 1393 800 1429 ipsi
812 1392 923 1421 simula-

139 1444 225 1471 crum,
243 1445 330 1472 neque
355 1438 558 1466 similitudinem
581 1439 661 1467 ullius
686 1441 734 1472 rei,
752 1447 923 1474 quaecunque

139 1488 181 1512 est
196 1484 222 1511 in
235 1484 306 1512 ccelo
320 1492 413 1519 supra,
433 1489 459 1512 et
471 1492 638 1520 quaecunque
653 1486 679 1512 in
696 1490 766 1513 terra
783 1485 923 1519 deorsum,

139 1536 166 1558 et
177 1538 343 1566 quacunque
357 1531 383 1558 in
399 1531 476 1566 aquis
491 1532 541 1559 sub
554 1535 625 1559 terra
638 1531 673 1559 “.
690 1541 700 1558 ι
714 1531 806 1567 Itaque
821 1532 922 1560 dictum

138 1570 180 1604 est
191 1577 236 1604 ei:
252 1576 308 1611 Ego
322 1584 382 1604 sum
407 1576 546 1605 Dominus.
566 1577 660 1606 Simile
675 1583 717 1606 est
732 1578 757 1605 ei
781 1578 853 1613 quod
868 1586 926 1606 non

140 1622 232 1655 semel,
249 1626 277 1649 at
292 1630 363 1657 saepe
371 1622 437 1650 dicit
449 1632 457 1650 ;
469 1623 537 1651 Sum
551 1623 622 1652 Deus
637 1623 723 1657 solus,
738 1629 766 1652 et
781 1624 922 1652 universo—

139 1675 198 1695 rum
209 1668 347 1700 Dominus,
355 1668 467 1703 loquens
480 1668 625 1703 justitiam,
635 1673 664 1698 et.
673 1670 838 1698 annuntians
854 1671 924 1698 veri-

144 1717 239 1742 tatem.
251 1713 398 1747 Justitiam,
409 1718 437 1742 ut
447 1721 496 1749 ego
510 1719 585 1750 puto,
601 1715 686 1750 legem
701 1715 766 1743 dicit
777 1724 785 1743 ι
798 1721 839 1744 est
852 1717 922 1744 enim

137 1759 248 1794 justitia:
261 1760 440 1795 dispensatrix
460 1760 523 1794 lex;
539 1761 681 1788 veritatem
698 1766 800 1794 autem,
819 1761 922 1790 Christi

139 1805 309 1840 disciplinam
325 1810 352 1833 et
369 1806 500 1834 instituta.
517 1807 590 1834 inest
613 1807 684 1835 enim
703 1807 755 1842 legi
771 1807 858 1836 forma
877 1817 923 1836 ve-

140 1850 238 1883 ritatis,
251 1854 278 1878 et
294 1851 446 1880 occultatur
462 1852 488 1879 in
507 1852 610 1879 umbris
631 1853 733 1880 Christi
750 1854 921 1888 mysterium.

140 1896 179 1924 De
192 1897 251 1931 ipso
263 1896 336 1924 enim
351 1897 458 1932 scripsit
475 1896 594 1933 Moyses.
603 1896 697 1933 Itaque
711 1899 738 1926 in
751 1906 783 1927 eo
799 1900 870 1934 quod
883 1900 923 1928 lo-

140 1946 241 1978 quatur
262 1942 404 1977 justitiam,
430 1943 606 1971 annuntiatur
632 1951 684 1971 una
705 1952 766 1972 cum
792 1951 823 1972 ea
841 1945 925 1972 etiam

139 1988 262 2016 veritatis
283 1988 390 2024 quidam
412 1989 654 2025 vigor:siquidem
681 1998 776 2018 verum
795 1995 837 2019 est
866 1999 926 2019 utn-

140 2036 217 2063 bram
240 2035 323 2064 fuisse
344 2035 442 2071 legem,
457 2036 521 2064 etin
536 2044 569 2064 ea
596 2035 680 2064 fuisse
693 2036 809 2065 formam
825 2042 853 2065 et
866 2046 927 2073 spe-

140 2081 210 2109 ciem
230 2081 363 2110 veritatis.

973 981 1119 1017 ζητήσατε.
1138 981 1258 1016 Νόμους,
1273 980 1352 1016 φησὶ,
1366 980 1475 1013 διέταξα
1485 981 1549 1015 περὶ
1559 980 1662 1007 τούτων
1676 979 1768 1010 αὺτοῖς

972 1029 1023 1056 οὐκ
1045 1030 1074 1055 ὲν
1093 1028 1262 1064 παραϐύστῳ
1281 1027 1382 1060 λαλῶν,
1402 1028 1462 1054 οὐδὲ
1486 1026 1578 1054 λαθεῖν
1602 1025 1768 1056 σπουδάσας,

973 1073 1030 1100 ἀλλ’
1047 1073 1179 1108 ἐναργῶς,
1200 1073 1248 1100 καὶ
1266 1073 1429 1108 ἀναφανδόν.
1455 1073 1566 1107 Μτέὸη
1589 1072 1646 1108 γὰρ
1665 1071 1768 1106 Κύριος

973 1118 1021 1144 ἐπὶ
1035 1119 1065 1145 τὸ
1080 1119 1142 1154 δρος
1159 1118 1190 1145 τὸ
1205 1119 1271 1146 ma
1292 1119 1321 1145 ἐν
1334 1118 1400 1145 εἴδει
1414 1118 1500 1154 πυρός
1511 1125 1518 1133 ·
1541 1115 1601 1145 ἐκεῖ
1615 1116 1716 1151 γνόφος
1735 1114 1770 1151 ἧν

974 1164 1021 1191 καὶ
1039 1164 1137 1191 θύελλα
1151 1164 1198 1191 καὶ
1214 1165 1325 1198 καπνοὶ,
1340 1165 1388 1191 καὶ
1404 1164 1563 1199 σαλπίγγων
1582 1163 1636 1198 ὴχὴ
1653 1162 1771 1197 διαπρύ-

975 1219 1043 1242 σιος.
1059 1211 1244 1246 Παρειστὴκει
1263 1210 1317 1246 γὰρ
1332 1211 1385 1242 πᾶς
1402 1212 1415 1238 6
1431 1210 1494 1242 λαὸς
1510 1209 1702 1246 punctim-ro;
1721 1208 1771 1235 τοῦ

975 1257 1106 1288 Μωσέως,
1120 1256 1312 1292 ἐξηγγέλλοντο
1329 1256 1357 1283 δὲ
1372 1257 1448 1293 παρὰ
1462 1256 1530 1283 Θεοῦ
1547 1257 1636 1292 νόμοι,
1652 1256 1683 1282 ού
1700 1264 1771 1291 παρ-

974 1301 1127 1337 εγγυῶντος
1157 1302 1196 1337 τῷ
1223 1302 1330 1338 Ἰσραὴλ
1354 1303 1470 1338 ζητῆσαί
1490 1311 1518 1329 τι
1543 1302 1670 1337 μάταιον,
1697 1300 1768 1327 τοῦ-ιτ

974 1347 1058 1379 ἐστιν,
1077 1348 1197 1380 εἴδωλον,
1216 1349 1300 1384 ἤγουν
1312 1348 1488 1384 ψευδώνυμον
1511 1349 1604 1380 σέὸας,
1620 1347 1678 1375 ἀλλ’
1692 1347 1724 1373 ἐκ
1737 1355 1769 1380 γε

973 1394 1028 1421 τῶν
1044 1395 1173 1422 ἐναντίων
1186 1395 1367 1431 ἀπείργουσαι
1382 1395 1496 1422 ὲντολαί.
1507 1394 1622 1430 Εἴρηται
1633 1393 1688 1429 γὰρ
1702 1393 1770 1428 πρὸς

974 1441 1054 1468 αὐτόν
1063 1449 1069 1456 ·
1079 1451 1088 1467 ι
1104 1441 1204 1476 Κύριον
1213 1442 1258 1468 τὸν
1270 1442 1335 1469 Θεόν
1347 1451 1394 1468 σου
1405 1442 1617 1477 προσκυνήσεις,
1634 1440 1682 1466 καὶ
1696 1439 1772 1475 αὐτῷ

976 1487 1049 1522 μόνῳ
1069 1487 1240 1524 λατρεύσεις,
1259 1488 1306 1515 καὶ
1330 1488 1382 1515 οὐκ
1403 1488 1510 1514 ἔσονταί
1535 1496 1576 1514 σοι
1601 1487 1657 1513 θεοὶ
1680 1487 1772 1521 ἕτεροι

975 1534 1044 1569 πλὴν
1066 1534 1144 1569 ἐμοῦ.
1163 1535 1218 1562 Καὶ
1243 1535 1274 1560 οὑ
1294 1535 1418 1570 ποιήσεις
1439 1534 1544 1568 σεαυτῷ
1564 1533 1685 1564 εἴδωλον,
1710 1532 1774 1558 οὐδὲ

937 1596 957 1625 C
975 1580 1076 1612 παντὸς
1092 1580 1229 1615 ὁμοίωμα,
1247 1581 1297 1607 ὅσα
1311 1581 1340 1607 ὲν
1354 1580 1392 1616 τῷ
1405 1581 1512 1616 οὐρανῷ
1527 1580 1593 1612 ἄνω,
1610 1578 1658 1606 καὶ
1673 1578 1724 1605 ὅσα
1741 1578 1773 1603 ὲν

974 1627 1008 1661 τῇ
1025 1628 1060 1662 γῇ
1079 1626 1165 1659 κάτω,
1185 1627 1234 1653 καὶ
1254 1627 1304 1653 ὅσα
1326 1628 1355 1653 ἐν
1377 1628 1432 1658 τοῖς
1453 1626 1546 1653 ὕδασιν
1566 1625 1699 1652 ὑποκάτω
1722 1624 1771 1658 τῆς

973 1672 1034 1707 γῆς.
1049 1682 1057 1698 ι
1076 1672 1180 1712 Οὐκοῦν
1193 1672 1301 1708 εἴρηται
1312 1673 1380 1708 πρὸς
1397 1672 1478 1700 αὐτὸν
1489 1680 1495 1687 ·
1513 1672 1543 1698 τὸ
1563 1672 1602 1703 δὲ,
1624 1669 1696 1704 Ἐγώ
1713 1670 1771 1704 ειμι

973 1718 1085 1753 Κύριος,
1103 1719 1195 1754 ὅμοιον
1207 1718 1244 1750 ὡς
1258 1720 1282 1745 εἰ
1295 1719 1380 1752 λέγοι,
1394 1719 1441 1745 καὶ
1457 1719 1506 1753 οὐχ
1532 1716 1617 1750 ἅπαξ,
1639 1716 1771 1742 πλειστά-

972 1773 1027 1796 κις,
1037 1765 1066 1791 τὺ
1078 1765 1117 1791 ὅτι
1129 1765 1161 1800 δὴ
1175 1765 1262 1796 Μόνος
1278 1766 1336 1800 εἰμὶ
1347 1765 1426 1797 Θεὸς,
1438 1765 1484 1791 καὶ
1499 1765 1554 1791 τῶν
1565 1764 1633 1791 ὅλων
1652 1762 1772 1798 Κύριος,

976 1809 1065 1836 λαλῶν
1082 1811 1256 1846 δικαιοσύνην
1271 1811 1318 1838 καὶ
1326 1811 1500 1846 ἀναγγέλλων
1510 1810 1651 1846 ἀλήθειαν·
1673 1809 1721 1836 καὶ
1737 1809 1773 1835 δι-

976 1856 1122 1892 καιοσύνην
1135 1857 1194 1892 μὲν,
1204 1857 1241 1889 ὥς
1255 1865 1285 1892 γε
1291 1855 1380 1892 οἶμαι,
1390 1866 1426 1892 φη
1432 1861 1458 1884 σι
1469 1857 1513 1885 τὸν
1521 1857 1616 1892 νόμον·
1648 1854 1773 1889 ἔστιγὰρ

977 1902 1150 1938 δικαιοσύνης
1164 1903 1316 1939 βραϐευτὴς
1329 1905 1342 1930 6
1355 1903 1436 1938 νόμος
1447 1912 1453 1918 ·
1479 1903 1609 1938 ἀλήθειαν
1617 1901 1646 1928 δε
1655 1900 1690 1927 τὰ
1705 1900 1773 1936 Χρι-

983 1949 1047 1976 στοῦ
1063 1949 1246 1985 παιδεύματα.
1260 1951 1369 1977 Ἔνεστι
1378 1950 1406 1977 δὲ
1421 1949 1460 1985 τῷ
1470 1950 1545 1984 νόμῳ
1555 1949 1604 1984 τῆς
1618 1947 1773 1983 ἀληθεισςή

981 1995 1133 2031 μόρφωσις,
1150 1996 1197 2023 καὶ
1208 1996 1396 2031 ὲγκέκρυπται
1409 1997 1469 2028 ταῖς
1489 1996 1579 2026 σκιαῖς
1598 1994 1629 2020 τὸ
1648 1992 1771 2028 Χριστοῦ

982 2042 1142 2078 μυστήριον.
1161 2043 1229 2078 Περὶ
1245 2042 1328 2070 αὐτοῦ
1342 2043 1396 2078 γὰρ
1410 2043 1549 2078 γέγραφεν
1567 2042 1581 2068 6
1592 2040 1708 2074 Μωσῆς.
1723 2039 1774 2065 Οὑ-

980 2087 1043 2115 κοῦν
1063 2089 1092 2115 ὲν
1108 2089 1147 2124 τῷ
1168 2089 1282 2125 λαλῆσαι
1305 2089 1355 2124 τὴν
1371 2088 1557 2124 δικαιοσύνην,
1576 2085 1780 2120 ὰναγγέλλεται

142 2129 190 2156 σὺν
203 2129 272 2164 αὐτῇ
286 2129 334 2156 καὶ
347 2129 396 2164 τῆς
409 2127 538 2163 ἀληθείας
558 2129 576 2163 ἡ
592 2127 716 2164 δύναμις,
735 2130 815 2166 εἴπερ
826 2130 927 2166 ἀληθές
946 2133 1020 2161 ἐστιν
1033 2135 1075 2162 ὅτι
1105 2135 1170 2163 σχιά
1203 2136 1253 2171 μὲν
1264 2137 1279 2163 6
1289 2136 1371 2172 νόμος
1385 2134 1432 2172 ἦν,
1446 2135 1494 2162 νῦν
1505 2135 1533 2161 δὲ
1549 2133 1624 2168 αὐτῷ
1637 2133 1689 2166 τῆς
1709 2130 1772 2165 ἀληα

141 2177 217 2209 θείας
231 2177 248 2212 ἠ
265 2177 414 2212 μόρφωσις.

177 2221 315 2250 Vsns.20.
325 2221 526 2256 Cangregamitti
541 2226 566 2249 et
580 2222 676 2256 uenite,
690 2224 818 2251 consulite
831 2226 922 2258 simul,

1016 2225 1208 2260 Συνάχθητε,
1226 2226 1277 2253 καὶ
1296 2225 1398 2260 ἣκετε,
1419 2224 1637 2258 βουλεύσασθε
1656 2223 1729 2257 ἅμα,
1748 2225 1774 2250 οἱ

141 2271 186 2306 qui
201 2269 341 2298 servemini
355 2276 389 2296 ea:
404 2268 533 2304 gentibus.
551 2269 613 2296 Non
629 2277 803 2305 cognouerunt
816 2273 860 2307 qui
879 2273 930 2300 tol-

142 2318 199 2344 lunt
212 2316 312 2352 lignum
325 2315 488 2350 διαίρων-σπι
498 2323 586 2349 suam,
597 2320 623 2343 et
637 2317 681 2350 qui
692 2322 770 2344 orant
783 2318 853 2345 velut
867 2319 928 2347 deos

141 2363 187 2397 qui
209 2370 258 2389 non
273 2366 386 2389 ursam.

175 2406 423 2444 egoAbduxitab
431 2407 524 2434 intima
532 2407 580 2435 Dei
587 2408 776 2443 conjunctione
783 2413 812 2436 et
821 2416 930 2437 consor-

143 2454 181 2481 tio
197 2459 276 2480 terra:
290 2452 393 2481 incolas
412 2453 495 2481 draco
504 2453 635 2486 defector,
647 2459 674 2482 et
686 2455 826 2483 submotos
837 2463 851 2482 a
864 2463 928 2483 vera

144 2499 191 2527 Dei
217 2499 311 2527 notitia
337 2499 479 2534 dissipavit
495 2506 526 2527 ac
550 2500 668 2535 cOnjecit
690 2500 716 2528 in
740 2501 928 2529 seductionem

145 2550 171 2573 et
185 2553 305 2573 errorem
320 2546 466 2574 multorum
489 2546 611 2579 deorum,
627 2552 654 2573 et
675 2547 701 2573 in
717 2547 782 2574 vitia
802 2547 930 2582 praecipi-

145 2595 217 2624 tans,
230 2592 417 2626 perversitatis
438 2599 494 2620 suae
508 2592 593 2619 linum
611 2592 676 2627 ipsis
695 2592 884 2627 inexplicabile
903 2598 930 2620 et

146 2638 333 2667 inextricabile
357 2637 481 2665 reddidit.
496 2638 596 2665 Verum
613 2638 736 2674 apparuit
758 2637 928 2669 Emmanuel,

146 2686 290 2720 impeditos
308 2685 427 2712 cducens
450 2686 565 2713 viriliter
591 2693 624 2713 ac
652 2686 768 2719 fortiter,
787 2686 931 2720 carnisque

145 2736 259 2759 mortem
278 2735 372 2759 nostra
400 2739 481 2759 causa
501 2732 612 2765 subivit,
638 2737 677 2764 ut,
703 2732 929 2766 quemadmodum

145 2780 183 2804 ait
195 2777 371 2812 evangelista,
392 2777 461 2805 ﬁlios
478 2777 524 2804 Dei
543 2778 682 2812 dispersos
712 2778 738 2805 in
765 2785 848 2804 unum
863 2785 930 2804 con-

146 2827 279 2857 gregaret.
293 2823 359 2850 Nam
375 2830 445 2857 quos
457 2823 598 2858 dissipavit
611 2828 735 2858 tanquam
748 2830 836 2851 saevus
849 2827 875 2850 et
889 2822 929 2850 fe-

184 2911 205 2926 “
222 2911 299 2940 Deut.
319 2919 344 2945 ν,
361 2912 395 2945 8;
414 2920 449 2945 vr,
464 2911 506 2940 l5.

981 2270 1141 2306 σωζόμενοι
1161 2271 1221 2299 ἀπὸ
1244 2271 1303 2298 τῶν
1316 2271 1423 2299 ἐθνῶν.
1445 2271 1506 2298 οὐκ
1528 2269 1670 2304 ἔγνωσαν
1686 2271 1714 2296 ol
1731 2270 1777 2296 αἷ-

979 2326 1085 2353 portae
1102 2317 1135 2344 τὸ
1149 2317 1245 2349 ξύλον
1262 2317 1295 2344 τὸ
1315 2318 1436 2352 γλύμμα
1451 2316 1561 2347 αὐτῶν,
1575 2316 1624 2342 καὶ
1642 2323 1773 2349 προσευο

982 2363 1103 2398 χόμενοι
1120 2363 1161 2395 ὡς
1175 2363 1274 2396 θεοὺς,
1289 2362 1317 2390 ci
1329 2364 1365 2390 οὐ
1380 2362 1539 2392 σώζουσιν.

1023 2408 1239 2443 Ἀπεΰουκόλησε
1268 2408 1318 2443 μὲν
1346 2408 1395 2442 τῆς
1424 2407 1492 2442 πρὸς
1515 2406 1581 2432 Θεὸν
1604 2405 1772 2440 οἰκειότητος

983 2454 1112 2489 σχετικῆς
1136 2454 1199 2486 τοὺς
1215 2454 1296 2485 ὂντας
1308 2454 1354 2480 ἐπὶ
1370 2454 1420 2488 τῆς
1434 2453 1484 2488 γῆς
1506 2453 1520 2478 6
1541 2452 1652 2487 δράκων
1669 2453 1683 2478 6
1705 2451 1771 2477 ἀπο-

983 2501 1094 2535 στάτης,
1112 2500 1159 2527 καὶ⁵
1183 2501 1233 2535 τῆς
1256 2499 1372 2535 ἀληθοῦς
1395 2498 1562 2532 θεογνωσίας
1577 2496 1771 2528 ἁποσκευάσας

983 2546 1182 2573 κατεσκέδασεν
1201 2546 1241 2577 εἰς
1256 2545 1365 2580 ἀπάτην
1377 2565 1385 2577 ,
1406 2545 1452 2571 καὶ
1475 2542 1605 2570 πολύοεον
1627 2542 1771 2576 πλάνησιν,

982 2593 1030 2618 καὶ
1044 2593 1099 2623 10E;
1114 2593 1161 2627 τῆς
1186 2591 1355 2626 φαυλότητος
1369 2591 1480 2626 τρόποις
1496 2588 1647 2623 ἐγκαθιεὶς,
1666 2587 1772 2614 δυσδιά-

983 2639 1084 2672 φυκτόν
1109 2646 1138 2664 τε
1171 2638 1218 2664 καὶ⁴
1255 2637 1412 2672 ἀνεξίτητον
1437 2635 1578 2670 ἀπέφηνεν
1604 2635 1698 2665 αὐτοῖς
1724 2635 1771 2668 τῆς

981 2684 1079 2711 ἑαυτοῦ
1102 2683 1269 2719 δυστροπίας
1284 2683 1316 2710 τὸ
1329 2683 1412 2709 λῖνον.
1432 2681 1501 2708 Ἀλλ’
1519 2681 1655 2715 ὲπὲφανεν
1673 2681 1687 2706 6
1711 2679 1773 2712 Ἐμ-

982 2731 1103 2766 μανουὴλ
1117 2731 1131 2756 6
1155 2729 1261 2764 ἐξάγων
1281 2730 1344 2760 τοὺς
1366 2728 1570 2763 πεπεδημένους
1595 2727 1624 2752 ὲν
1647 2723 1770 2759 ἀνδρείᾳ,

980 2777 1111 2811 ὑπέμεινέ
1127 2785 1157 2802 τε
1170 2776 1203 2802 δι’
1218 2776 1292 2810 ἡμᾶς
1307 2775 1353 2801 τὸν
1369 2774 1440 2801 κατὰ
1456 2774 1545 2809 σάρκα
1565 2772 1691 2802 θάνατον,
1709 2770 1764 2801 ἵνα,

979 2824 1016 2855 ὡς
1039 2825 1052 2850 6
1076 2823 1271 2857 εὐαγγελιστής
1285 2831 1363 2858 φησι,
1379 2822 1414 2849 τὰ
1429 2822 1512 2849 τέκνα
1534 2820 1581 2848 τοῦ
1600 2818 1668 2846 Θεοῦ
1685 2817 1721 2844 τὰ
1732 2817 1756 2843 δι
