1883 3055
92 150 136 180 981

642 153 674 180 IN
696 153 812 181 lSAlAll
832 153 896 182 LIB.
915 153 959 182 ιν.
980 153 1086 182 ORAT.
1105 152 1149 180 lll.
1425 167 1457 189 ,μ

1663 151 1716 180 982

95 205 301 241 εσκορπισμένα
316 205 456 241 συναγάγῃ
472 207 510 239 εἰς
526 207 565 234 ἓν.
581 208 616 234 Ἃ
627 207 681 244 γὰρ
692 209 876 244 διεσκόρπισεν

962 218 979 238 s
1001 209 1078 244 lupus
1101 208 1231 236 insultans
1259 206 1384 240 Satanas,
1405 208 1455 235 hos
1474 206 1598 236 Christus
1615 208 1715 244 coegit,

93 251 130 283 ὡς
146 250 224 287 ὠμὸς
241 251 286 278 καὶ
302 251 397 287 ἄγριος
421 251 502 284 λύκος
519 253 690 290 ἐπιπηδήσας
714 256 728 282 6
744 255 877 288 Σατανᾶς,

91 295 178 323 ταῦτα
200 297 377 332 συνεκόμισεν
393 298 407 324 6
422 298 538 332 Χριστὸς
555 300 569 326 6
592 300 694 336 ποι-μὴν
710 301 724 327 6
740 301 824 333 καλὸς
837 322 844 333 ,
866 303 880 328 ὁ

93 342 140 377 τὴν
152 342 245 377 ψυχὴν
266 343 364 369 ἑαυτοῦ
382 343 438 375 θεὶς
453 345 522 381 ὑπὲρ
539 345 592 372 τῶν
605 346 759 382 προϐάτων.
775 347 879 374 Οὐκοῦν

93 386 158 413 αὐτὸ
181 386 219 421 δὴν
241 386 320 413 τοῦτο
347 389 557 423 κατασημαὺιει,
582 389 685 424 λέγων·
708 391 877 427 Συνάχθητε,

95 431 168 458 τοῦτ’
193 431 264 464 ἐστι,
296 432 439 468 συνδέθητε
462 433 551 460 πίστει
577 436 636 471 μιᾷ,
659 435 706 462 καὶ
733 436 878 472 ὁμοψυχίᾳ.

94 477 248 512 Συνὰχοητε
262 477 300 512 τῷ
319 478 428 505 πάντων
448 479 594 514 κρατοῦντι
615 480 674 516 Θεῷ
690 481 723 508 δι’
742 482 879 517 ἁγιασμοῦ

97 523 142 549 καὶ
156 522 342 559 δικαιοσύνης
357 524 439 559 ἥκετε
455 525 577 560 πλησίον,
595 526 618 552 οἳ
634 526 741 562 μακρὰν
752 527 827 561 ὄντες
839 527 879 555 ἔτι

95 568 138 595 καὶ
156 569 395 605 ἀπεσχοινισμένοι
419 570 463 598 διὰ
484 571 534 606 τὴν
556 572 764 608 ἀμαρτίαν,καὶ
784 574 815 601 τὺ
839 575 879 607 εἰς

95 613 277 650 αἰσχροτάτην
317 616 364 642 καὶ
401 616 608 652 βδελυρωτάτην
645 619 880 655 κατακομισθῆναι

95 661 213 688 διάθεσιν
228 662 275 688 τοῦ
291 662 348 689 νοῦ.
366 663 531 697 Ἀφεστάναι
545 664 573 691 δέ
586 673 674 700 φαμεν
683 665 730 692 τοῦ
743 666 809 693 Θεοῦ
817 667 880 699 τοὺς

95 707 329 743 πεπλανημένους,
339 708 363 735 οἳ
377 709 423 735 καὶ
437 710 520 744 ἐγγὺς
535 710 640 737 ἔσονται
652 711 696 738 διὰ
707 711 823 744 πίστεως
831 713 880 747 τῆς

95 754 132 785 εἷς
155 754 283 791 Χριστόν.
308 755 531 790 Προσπεφὼνηκε
557 756 622 791 γοῦν
651 758 706 789 τοῖς
739 758 779 789 εἰς
801 758 880 785 τοῦτο

96 798 224 835 δραμοῦσι
248 800 262 826 6
286 799 424 835 πάνσοφος
447 801 566 834 Παῦλος·
590 812 599 828 ι
619 803 688 829 Νυνὶ
708 802 735 830 δὲ
756 804 781 830 οἵ
814 813 879 831 ποτε

96 846 168 877 ὄντες
191 845 302 881 μακρὰν
329 846 476 883 ὲγενήοητε
503 849 587 882 ἐγγὺς
608 850 637 876 ὲν
660 849 699 885 τῷ
716 850 811 884 αἵματι
831 851 879 878 τοῦ

96 891 219 927 Χριστοῦ.
235 901 244 917 ι
263 892 318 919 Καὶ
333 893 413 920 πάλιν
432 894 497 929 περὶ
514 895 606 927 αὑτοῦ,
617 895 657 922 ὅτι
681 905 690 921 ι
713 896 814 924 Ἐλθὼν
834 897 879 923 εὐ-
895 885 917 913 Β

95 937 255 973 ηγγελίσατο
270 939 380 975 εἰρήνην
397 940 462 975 ἡμῖν
479 940 535 972 τοῖς
551 940 671 977 μακρὰν,
691 942 739 968 καὶ
758 944 814 974 τοῖς
835 944 881 977 ὲγ-

100 982 155 1016 γύς.
172 992 181 1009 ι
194 984 328 1021 Ταύτῃτοι
352 984 395 1011 διὰ
415 986 563 1021 προφητῶν
584 987 668 1021 ἁγίων
688 989 744 1020 τοῖς
764 988 803 1015 ἔτι
830 997 881 1024 μα-

98 1028 162 1064 κρὰν
190 1029 320 1064 ὲλέγετο’
345 1040 354 1056 ι
378 1030 521 1064 Ἐγγῑσατε
551 1032 590 1068 τῷ
617 1032 690 1068 Θεῷ,
716 1034 763 1060 καὶ
783 1029 881 1068 ’ἐγγιεῖ

97 1075 166 1110 ὑμῖν.
184 1085 192 1101 ι
209 1074 312 1102 Ἥκετε
329 1076 361 1112 δὴ
377 1074 441 1110 οὖν,
459 1077 536 1113 φησὶ,
555 1079 602 1105 καὶ
626 1078 806 1114 βουλεύσασθε
822 1080 890 1118 ἅμα,

95 1121 120 1147 οἱ
142 1120 290 1156 σωζόμενοι
307 1122 361 1148 ἀπὸ
379 1122 432 1149 τῶν
456 1123 550 1152 ἐθνῶν,
574 1123 610 1150 T6
626 1124 664 1156 δὲ,
681 1124 879 1158 Βουλεύσασθε,

97 1166 184 1201 φησὶν,
207 1167 270 1193 ἀντὶ
287 1167 346 1200 τοῦ,
362 1168 580 1204 Πραττέσθωσαν
602 1171 667 1206 παρ’
687 1170 763 1206 ὑμῶν
777 1170 812 1197 τὰ
831 1172 879 1207 τῆς

98 1213 133 1243 εἰς
149 1212 213 1238 Θεὸν
229 1213 409 1249 ἐπιστροφῆς,
425 1214 461 1250 μὴ
475 1214 608 1247 ἀϐούλως,
621 1215 637 1251 ἦ
652 1215 878 1250 ἁκατασκέπτως,

98 1256 149 1285 ἀλλ’
171 1258 200 1284 ὲν
223 1259 354 1293 φρονήσει
377 1259 667 1295 τεῦαυμασμένῃ.”Διά
688 1261 742 1296 γὰρ
761 1261 810 1296 τῆς
835 1261 880 1288 πί-

99 1310 177 1333 στεως
190 1302 341 1337 προελάσαι
355 1303 472 1336 σύνεσιν,
486 1305 565 1340 εἴπερ
578 1306 626 1332 οὑκ
638 1305 710 1333 ἔστιν
725 1307 879 1334 ἐνδοιαστὸν

98 1347 134 1374 ὅτι
146 1347 192 1382 τῆς
200 1349 228 1375 ὲν
236 1348 276 1384 τῷ
289 1348 477 1384 πεπλανῆσθαι
489 1350 649 1383 δυσϐουλίας
663 1353 878 1386 κατεγνωκότες,

57 1422 58 1426 η
99 1393 196 1429 καὶτῆς
206 1393 325 1430 ἀρχαίας
337 1395 444 1430 ἀπάτης
456 1396 690 1433 ἀποστρεφόμενοι
701 1398 750 1434 τὴν
763 1399 877 1434 ζημίαν,
894 1427 899 1433 ,

102 1439 199 1474 ἄπιμεν
214 1439 339 1475 δρομαῖοι
353 1441 422 1476 πρὸς
430 1441 505 1474 Θεὸν,
517 1443 547 1469 τὸ
562 1443 611 1478 τῆς
628 1443 744 1479 ἀληθοῦς
763 1445 879 1480 Οεογνω-

99 1484 153 1515 σίας
173 1484 314 1520 δεχόμενοι
330 1486 400 1520 φῶς,
416 1488 464 1514 καὶ
480 1490 535 1520 τοῖς
553 1490 692 1524 ἀμείνοσιν
706 1492 879 1528 ἀσυγκρίτως

932 260 1058 291 tanquam
1079 255 1165 282 bonus
1183 258 1281 289 pastor,
1297 254 1342 289 qui
1358 254 1476 282 animam
1492 262 1568 282 suam
1587 262 1634 290 pro
1652 255 1713 282 ovi—

932 300 982 329 bus
1008 301 1106 336 posuit.
1129 299 1184 327 lloc
1212 300 1303 335 itaque
1328 300 1415 334 ipsum
1441 299 1577 335 signiﬁcat
1600 299 1714 327 dicens:

931 346 1147 382 Congregamini,
1167 346 1192 373 id
1210 351 1262 379 est,
1276 353 1327 372 una
1355 345 1406 373 ﬁde
1427 350 1454 373 et
1476 346 1628 374 animorum
1650 353 1715 373 con-

931 392 1058 420 sensione
1078 391 1251 426 colligamini.
1276 390 1487 426 Congrcgamini
1518 391 1572 418 Deo
1594 391 1714 418 omnium

932 437 1106 470 dominatori,
1130 445 1176 472 per
1196 437 1439 465 sanctiﬁcationem
1458 441 1485 464 et
1498 436 1642 472 justitiam.
1666 435 1715 463 Ve-

931 484 987 511 nite
1001 491 1094 518 prope,
1113 484 1158 518 qui
1181 483 1260 517 longe
1280 483 1369 510 adhuc
1383 483 1458 515 estis,
1473 483 1505 509 ab
1523 483 1573 509 hoc
1597 481 1715 509 funiculo

931 537 962 557 ac
977 533 1050 556 sorte
1064 528 1159 556 remoti
1172 533 1280 563 propter
1293 532 1444 561 peccatum.
1458 527 1562 562 Quippe
1576 527 1602 554 in
1616 526 1715 553 l'cedam

934 580 962 603 et
977 573 1227 602 exsecratissimam
1242 573 1342 601 utentis
1360 571 1532 600 aﬂectionem
1545 573 1684 604 deductos,
1702 581 1715 598 a

930 620 985 648 Deo
1011 619 1175 647 abscessisse
1195 619 1308 646 dicimus
1330 626 1380 646 eos
1411 618 1457 653 qui
1479 621 1648 648 erraverunt,
1671 617 1715 651 qui

931 667 1012 695 etiam
1029 673 1112 701 prope
1132 670 1212 693 erunt
1232 672 1279 700 per
1302 664 1382 692 ﬁdem
1404 664 1431 691 in
1457 664 1605 692 Christum.
1623 656 1716 698 Siqui-

931 712 991 741 dem
1008 712 1104 739 Paulus
1121 710 1339 746 sapientissimus
1356 714 1498 738 currentes
1510 710 1542 737 ad
1555 710 1606 738 hoc
1619 710 1716 737 allatus

931 763 994 785 est:
1013 767 1023 784 ι
1043 757 1119 784 Nunc
1145 761 1234 784 autem
1264 756 1309 790 qui
1337 756 1472 791 quondam
1504 756 1599 791 procul
1621 757 1715 789 eratis,

932 804 995 832 facti
1010 804 1076 831 estis
1091 810 1173 838 prope
1187 803 1214 830 in
1227 802 1358 838 sanguine
1377 801 1479 830 Christi
1493 802 1528 829 ".
1549 811 1558 828 ι
1574 802 1605 830 Et
1622 810 1716 829 rursus

932 852 965 878 de
979 850 1072 878 eodem
1089 859 1095 877 :
1118 858 1127 875 (
1147 848 1226 876 Venit
1244 853 1273 876 ut
1294 848 1495 885 evangeiizaret
1516 856 1609 883 pacem
1628 848 1715 880 nobis.

932 897 976 931 qui
989 897 1130 923 aberamus
1157 895 1260 929 procul,
1270 899 1297 922 et
1315 896 1356 923 his
1368 896 1412 931 qui
1432 902 1515 930 prope
1528 895 1642 922 aderant
1655 894 1688 922 ".
1705 905 1714 920 I

931 943 1001 971 Hinc
1016 950 1063 977 per
1081 942 1225 976 prophetas
1249 947 1356 969 sanctos
1372 942 1414 969 his
1428 942 1474 976 qui
1489 941 1544 976 jam
1561 941 1654 976 procul
1669 941 1716 968 ab»

931 993 1019 1021 erant,
1036 987 1162 1014 diccbat:
1183 986 1425 1022 «Appropinquate
1444 986 1509 1020 Deo,
1529 991 1554 1014 et
1574 986 1717 1021 appropin-

931 1034 1024 1070 quabit
1039 1035 1115 1062 vobis
1131 1035 1163 1062 ⁸⁸.
1178 1044 1186 1060 ι
1208 1034 1300 1062 Venite
1317 1033 1408 1068 igitur,
1427 1033 1523 1067 inquit,
1539 1038 1566 1060 et
1585 1032 1717 1060 consulite

931 1081 1023 1115 simul,
1039 1081 1084 1116 qui
1100 1081 1247 1110 serramini
1260 1088 1292 1109 ex
1315 1080 1451 1116 gentibus.
1465 1079 1616 1110 Consulite,
1640 1078 1715 1110 dicit,

931 1134 990 1162 pro,
1005 1128 1070 1160 Quae
1086 1127 1120 1154 ad
1133 1127 1338 1155 conversionem
1351 1125 1475 1157 attinent,
1491 1129 1622 1160 gerantur
1637 1131 1651 1151 a
1669 1131 1714 1150 vo-

932 1173 972 1201 bis
991 1181 1044 1200 non
1065 1172 1220 1200 inconsulto
1245 1179 1332 1206 neque
1355 1170 1555 1198 inconsiderate
1568 1188 1576 1202 ,
1595 1169 1641 1197 sed
1667 1169 1717 1195 mi-

931 1218 1014 1246 randa
1029 1219 1181 1254 prudentia.
1194 1218 1248 1246 Per
1262 1218 1342 1245 iidem
1359 1218 1431 1244 cnim
1447 1215 1566 1253 cognitio
1578 1215 1714 1249 augescit:

931 1265 1062 1300 siquidem
1076 1272 1128 1292 non
1139 1269 1179 1292 est
1193 1264 1314 1296 dubium,
1331 1263 1353 1290 si
1369 1262 1471 1290 erroris
1489 1269 1540 1289 nos
1553 1267 1579 1289 et
1598 1260 1717 1288 stultitiae

931 1311 1201 1338 condemnaverimus
1216 1331 1223 1343 ,
1245 1314 1273 1338 et
1294 1317 1308 1336 ιι
1339 1309 1453 1343 pristina
1479 1308 1629 1343 impostura
1649 1314 1716 1334 con-

931 1361 1079 1389 vertamur,
1097 1364 1146 1383 no;
1166 1363 1280 1390 propere
1296 1354 1451 1388 cursimque
1472 1353 1512 1380 ire
1527 1354 1560 1379 ad
1578 1352 1672 1384 Deum,
1690 1355 1718 1379 et

931 1408 1001 1428 verte
1020 1401 1066 1428 Dei
1080 1400 1244 1435 cognitionis
1266 1400 1352 1426 lucem
1370 1399 1505 1433 accipere,
1520 1401 1547 1424 et
1565 1397 1642 1424 rebus
1661 1403 1717 1423 me-

931 1445 1043 1473 lioribus
1067 1446 1135 1473 citra
1157 1445 1386 1480 comparationem
1419 1443 1485 1470 recti
1501 1442 1594 1477 judicii
1614 1442 1716 1470 calculo

931 1491 1110 1519 Subscribcre.
1131 1490 1269 1518 Consulite
1283 1490 1376 1525 igitur,
1396 1489 1421 1516 id
1438 1493 1489 1521 est,
1508 1488 1604 1522 sapite,
1622 1487 1668 1522 qui
1683 1495 1714 1513 cx

154 1531 184 1581 Eg
196 1531 280 1568 ὀρθῆς
288 1532 407 1566 διανοίας
415 1533 504 1569 ψῆφον
520 1536 677 1570 ἐπάγοντες.
693 1537 876 1566 Βουλεύσασοε

965 1536 1056 1564 ntibus
1074 1536 1230 1564 servamini.
1252 1535 1319 1563 Nam
1346 1534 1417 1562 velut
1442 1533 1602 1568 insipientia}
1624 1533 1716 1567 plenos

97 1577 126 1612 δὴ
140 1575 193 1609 οὖν,
211 1579 285 1605 τοῦτ’
308 1579 397 1613 ἔστιν,
415 1581 570 1617 φρονήσατε
582 1603 589 1616 ,
605 1583 630 1609 οἱ
649 1583 703 1610 ἀπὺ
723 1585 779 1611 τῶν
794 1585 878 1613 ἐθνῶν

100 1625 249 1661 σωζόμενοι.
272 1627 316 1659 Ὠς
337 1628 391 1664 γὰρ
415 1628 571 1666 ἀφροσύνης
586 1630 666 1662 ὄντας
685 1632 802 1666 μεστοὺς
816 1633 880 1659 ἀπο‹

98 1672 185 1707 φοιτᾷν
195 1673 336 1701 ἐπιτάττει
354 1674 422 1710 πρὸς
435 1674 559 1710 ἔμφρονα
573 1675 645 1710 νοῦν,
655 1676 821 1712 ἀξιάγαστόν
849 1687 878 1705 τε

99 1717 141 1744 καὶ
155 1718 354 1754 ἀνεπίπληκτον
373 1719 490 1753 σύνεσιν,
506 1720 538 1748 δι’
549 1718 582 1757 ἧς
596 1721 630 1748 ἂν
642 1722 747 1756 γένοιτο
761 1724 879 1752 κατιδεῖν

98 1764 143 1800 τὴν
166 1765 209 1793 τοῦ
228 1765 339 1792 πάντων
360 1766 524 1802 κρατοῦντος
551 1767 617 1794 Θεοῦ
644 1768 758 1804 δύναμιν
777 1778 807 1796 τε
833 1771 880 1797 καὶ

98 1809 180 1843 δόξαν.
201 1811 269 1838 Ἀλλ’
284 1812 335 1838 οὐκ
355 1811 479 1847 ἔγνωσαν
496 1812 586 1846 τοῦτο,
602 1814 680 1849 φησὶ,
693 1814 766 1841 τοῦτ’
793 1815 878 1848 ἐστιν,

100 1856 250 1884 ἀνούστατοι
266 1858 404 1890 παντελῶς
423 1858 543 1894 νοηθεῖεν
564 1859 597 1886 ἂν
614 1860 700 1892 ὄντες,
725 1860 773 1888 καὶ
794 1861 879 1888 ἀσυν-

101 1902 169 1934 εσίας
188 1903 299 1939 ἔμπλεῳ
322 1903 371 1939 τῆς
395 1904 522 1940 ἐσχάτης.
549 1906 581 1932 Οἱ
603 1905 726 1941 αἴροντες
747 1907 777 1933 τὸ
801 1906 878 1939 ξύλον

99 1947 207 1984 γλύμμα
219 1950 320 1978 αὐτῶν.
335 1950 372 1978 Τὸ
387 1950 415 1977 δὲ
432 1951 556 1986 αἴροντες
574 1951 602 1978 ἐν
615 1951 720 1985 τούτοις
731 1972 740 1986 ,
757 1953 817 1980 ἀντὶ
830 1953 878 1980 τοῦ

101 1994 221 2029 ὑψοῦντες
234 1997 352 2032 νοήσεις,
368 1997 438 2024 ὥστε
459 1998 505 2024 καὶ
527 1998 577 2033 τὴν
590 1997 628 2033 τῷ
645 1998 704 2033 Θεῷ
718 1999 879 2034 πρέπουσαν

99 2038 170 2072 δόξαν
185 2041 314 2069 ἀνάπτειν
324 2041 410 2077 αὐτῷ.
427 2043 474 2069 καὶ
488 2043 575 2078 τούτῳ
591 2044 661 2079 ξύλῳ
680 2045 726 2071 καὶ
742 2046 807 2081 παρ’
828 2046 878 2072 αὺ-

100 2083 147 2110 τῶν
169 2086 392 2122 ὲγγεγλυμμένῳ.
416 2085 483 2114 Εἶτα
511 2089 724 2124 προσευχόμενοι
748 2090 786 2122 ὡς
809 2090 878 2126 πρὸς

99 2128 181 2161 θεοὺς,
205 2130 229 2156 οἳ
253 2130 284 2157 οὺ
309 2129 450 2162 σώζουσιν.
474 2131 604 2167 ’Λμαθεῖς
623 2130 670 2158 οὖν
695 2133 760 2168 ἄρα,
784 2133 831 2159 καὶ
847 2133 876 2159 οὐ

102 2175 202 2211 μακρὰν
217 2177 271 2204 τῶν
289 2178 535 2214 προσκυνουμένων
549 2178 579 2207 τό
597 2187 629 2212 γε
647 2175 715 2214 ἧκον
741 2179 780 2211 εἰς
799 2179 877 2206 ἀναι-

102 2220 215 2255 σθησίαν,
226 2223 249 2249 οὶ
264 2224 324 2255 ταῖς
337 2223 442 2250 ἑαυτῶν
459 2222 673 2258 προσκυνοῦντες
687 2223 806 2258 τέχναις,
826 2224 873 2251 καὶ

101 2266 128 2299 ἐξ
148 2267 209 2304 ὖλης
223 2271 386 2306 ἁναισθήτου
404 2270 547 2305 ζητοῦντες
569 2270 738 2306 ἐπικουρίαν,
757 2271 804 2297 καὶ
824 2271 874 2307 τὴν

100 2311 141 2338 τοῦ
155 2313 219 2341 Θεοῦ
241 2315 338 2351 κλῆσιν
363 2315 562 2352 προσνέμοντες
580 2317 635 2346 τοῖς
661 2315 707 2342 διὰ
729 2315 804 2351 σφῶν
826 2317 876 2344 αὺ-

101 2357 147 2384 τῶν
162 2361 407 2396 τεχνοποιουμένοις
420 2362 467 2388 καὶ
481 2361 733 2398 τεχνουργημένοις.
762 2363 873 2390 Ἀκουὲ-

889 2257 912 2285 D

931 1585 964 1611 ad
981 1590 1098 1611 mentem
1115 1584 1264 1619 sapientem
1280 1591 1327 1611 eos
1341 1583 1418 1618 jubet
1433 1582 1533 1614 redire,
1554 1587 1581 1608 et
1596 1581 1715 1608 adrnira-

930 1630 1011 1657 bilem
1028 1630 1244 1665 inculpatamquc
1263 1630 1480 1665 intelligentiam,
1495 1636 1546 1664 qua
1563 1629 1716 1664 perspicere

930 1676 1050 1704 omnium
1070 1676 1248 1704 dominator-is
1262 1676 1306 1703 Dei
1322 1680 1348 1703 et
1364 1675 1513 1709 potentiam
1539 1680 1564 1702 et
1590 1674 1715 1709 majesta-

931 1727 984 1750 tem
1002 1722 1092 1750 liceat.
1108 1722 1161 1750 Sed
1176 1723 1226 1750 hoc
1243 1730 1294 1749 non
1306 1721 1385 1757 621
1407 1724 1549 1752 noverunt,
1572 1719 1670 1755 inquit,
1690 1719 1715 1746 id

930 1774 983 1800 est,
1002 1769 1113 1796 omnino
1128 1775 1251 1796 amentes
1267 1776 1327 1796 esse
1344 1767 1454 1802 intelligi
1471 1771 1593 1802 possunt,
1615 1771 1641 1793 et
1670 1773 1717 1792 ex-

931 1818 1016 1841 trema
1030 1813 1099 1848 pleni
1116 1814 1233 1841 inscitia.
1249 1813 1299 1846 Qui
1319 1813 1415 1840 tollunt
1430 1812 1530 1846 lignum
1548 1811 1715 1846 srulpturam

930 1863 1016 1884 suam.
1032 1856 1082 1889 Qui
1103 1857 1209 1891 tollunt,
1226 1857 1358 1892 intelliges
1376 1857 1426 1884 hoc
1439 1856 1508 1888 loco,
1524 1863 1583 1890 pro,
1600 1855 1651 1888 Qui
1669 1863 1716 1883 ex-

931 1901 1035 1933 tollunt,
1053 1906 1081 1929 ut
1097 1902 1121 1930 ei
1138 1903 1249 1938 gloriam
1270 1903 1323 1930 Deo
1339 1902 1448 1938 dignam
1468 1901 1630 1934 attribuant,
1655 1909 1715 1928 cum

930 1947 1032 1982 lignum
1049 1948 1096 1981 sit,
1111 1953 1139 1976 et
1160 1948 1194 1975 ab
1210 1948 1274 1983 ipsis
1288 1948 1433 1982 scnlptum.
1453 1946 1555 1974 Deinde
1576 1951 1655 1974 orant
1668 1953 1716 1973 ve-

929 1993 978 2020 luti
996 1993 1070 2026 deos,
1086 1994 1131 2029 qui
1152 2002 1205 2021 non
1229 1998 1349 2021 servant.
1366 1994 1481 2029 Ideoque
1499 1998 1562 2020 sunt
1582 1992 1673 2025 rudes,
1689 1996 1717 2019 et

929 2048 1023 2075 parum
1037 2041 1114 2068 abest
1132 2040 1197 2076 quin
1213 2040 1316 2068 similes
1339 2040 1393 2067 illis
1415 2040 1470 2067 sint
1490 2039 1535 2074 qui
1556 2038 1714 2072 adorantur,

930 2091 1061 2120 quantum
1077 2087 1110 2114 ad
1123 2086 1324 2121 stupiditatem,
1344 2086 1369 2113 hi
1385 2087 1431 2121 qui
1448 2093 1526 2113 suum
1544 2085 1657 2112 adoranti.
1671 2092 1715 2112 ar-

929 2133 1093 2166 tilicium,et
1112 2141 1128 2160 a
1154 2133 1266 2160 materia
1290 2141 1350 2168 qua:
1371 2141 1452 2161 sensu
1478 2137 1564 2165 caret,
1586 2131 1714 2159 auxilium

929 2184 1064 2214 qnzerunt,
1081 2184 1108 2206 et
1123 2179 1170 2206 Dei
1188 2179 1395 2214 appellationem
1428 2179 1508 2206 rebus
1523 2186 1536 2205 a
1557 2178 1654 2212 seipsis
1673 2176 1714 2204 fa-

929 2225 1056 2253 brefactis
1070 2225 1230 2253 attribuunt.
1243 2225 1360 2252 Audiam
1373 2233 1437 2260 ergo
1455 2225 1541 2260 lyram
1557 2223 1712 2256 Psallentis,

925 2272 1136 2300 subsannantem
1163 2271 1221 2298 illos
1245 2275 1273 2298 et
1287 2271 1467 2298 clamantem:
1494 2281 1502 2297 ι
1524 2271 1632 2300 Similes
1658 2268 1712 2296 illis

927 2318 995 2346 ﬁant
1024 2319 1070 2354 qui
1097 2318 1200 2346 faciunt
1228 2325 1270 2351 ea,
1297 2322 1324 2346 et
1351 2325 1446 2346 omnes
1461 2318 1506 2354 qui
1533 2317 1671 2346 conﬁdunt
1686 2315 1713 2342 in

927 2365 966 2392 eis
981 2364 1015 2392 ⁸⁵,
1033 2374 1043 2391 ι

100 2411 181 2432 τωσιιν
196 2407 243 2442 τῆς
262 2407 310 2435 τοῦ
319 2408 471 2441 Ψάλλοντος
485 2408 570 2444 λύρας
587 2408 807 2445 ὲπιτωθαζούσης
823 2410 914 2443 αὐτοῖς
933 2412 981 2438 καὶ¹
1001 2411 1106 2447 βοώσης
1123 2419 1128 2426 ·
1144 2421 1153 2438 ι
1173 2411 1285 2447 Ὅμοιον
1300 2411 1391 2443 αὐτοῖς
1406 2410 1526 2445 γένοιντο
1537 2411 1561 2438 οι
1575 2408 1713 2440 ποιοῦντες

101 2451 171 2485 αὐτὰ,
184 2455 229 2481 καὶ
245 2453 343 2485 πάντες
361 2455 385 2481 οἱ
399 2453 559 2486 πεποιθότες
572 2454 615 2480 ἐπ’
633 2455 734 2487 αὐτοῖς.
758 2465 767 2481 ι

131 2500 163 2526 El
186 2500 415 2536 ἀναγγελοῦσιν,
444 2501 662 2536 ἐπισιίτωσαν,
685 2502 736 2529 ἵνα
760 2503 874 2538 γνῶσιν

101 2543 169 2578 ἅμα,
188 2547 230 2580 τις
253 2547 387 2580 ἀκουστὰ
406 2546 500 2574 ταῦτα
527 2548 672 2582 ἐποίησεν
693 2549 743 2575 ἀπ’
765 2548 872 2583 ἀρχῆς.

103 2590 164 2617 Τότε
174 2591 320 2628 ἀνηγγέλη
337 2593 418 2627 ὑμῖν·
439 2593 509 2628 Ἐγὼ
522 2595 538 2621 ὁ
550 2593 633 2627 Θεὸς,
650 2594 698 2620 καὶ
717 2595 773 2621 οὐκ
789 2594 874 2621 ἐστιν

100 2634 185 2669 ἄλλος
203 2638 284 2672 πλὴν
298 2638 370 2673 ἐμοῦ
381 2646 388 2654 “
414 2638 528 2671 δίκαιος
544 2638 595 2665 καὶ
612 2639 713 2673 σωτὴρ
734 2640 790 2666 οὐκ
807 2639 874 2667 ἔστι

101 2680 185 2715 πάρεξ
205 2684 284 2718 ἐμοῦ.
310 2684 526 2719 Ἐπιστράερητε
545 2685 620 2719 πρός
635 2694 685 2719 με,
707 2685 756 2712 καὶ
778 2685 874 2718 σωθή-

101 2729 183 2755 Verres
198 2731 223 2756 ot
237 2731 282 2757 ἐπ’
295 2731 427 2765 ἐσχάτου
442 2730 498 2764 τῆς
517 2731 584 2766 γῆςο

133 2773 242 2808 Παγίδας
260 2776 381 2808 ἱστάντες
397 2776 488 2808 δεινάς
502 2785 531 2802 τε
545 2777 592 2804 καὶ
611 2776 799 2812 πολυτρόπους
816 2778 872 2808 τοῖς

134 2858 150 2874 ³⁸
170 2860 260 2896 Epltcs.
280 2865 366 2897 ",15.
407 2866 427 2881 δ’
448 2865 510 2892 ibid.
535 2866 574 2891 l7.
607 2865 627 2880 ³³
645 2865 702 2892 Jac.
727 2873 762 2898 tv,
778 2865 804 2892 8.

964 2503 1046 2531 Vatis.
1061 2502 1166 2536 2i,22.
1193 2502 1224 2530 Si
1248 2502 1420 2535 ammnliant,
1444 2505 1660 2537 approptnquent,
1684 2509 1711 2530 ut

927 2551 1010 2578 sciam
1024 2549 1103 2576 simul
1120 2569 1127 2582 ,
1144 2550 1202 2584 quis
1216 2549 1271 2576 Ιιιιτ
1286 2549 1389 2575 auditui
1404 2548 1554 2584 patefecerit
1576 2547 1607 2574 ab
1623 2548 1710 2576 initio.

927 2595 994 2623 Tum
1010 2595 1194 2622 amtuntiautm
1213 2599 1251 2622 est
1271 2596 1341 2622 vobis
1360 2602 1368 2621 .'
1388 2594 1443 2630 Ego
1458 2593 1536 2626 Deus,
1556 2598 1579 2619 et
1601 2601 1653 2620 non
1674 2598 1712 2622 εει

926 2641 995 2671 alim
1009 2645 1104 2676 prwler
1117 2649 1157 2667 me
1169 2649 1178 2667 :
1193 2641 1284 2676 justus
1308 2645 1332 2668 et
1352 2644 1472 2668 servator
1491 2648 1543 2667 non
1565 2643 1602 2666 est
1616 2643 1712 2673 prwler

925 2696 975 2715 me.
991 2686 1180 2715 Conttartimini
1197 2688 1232 2713 ad
1247 2695 1296 2719 me,
1312 2691 1335 2713 et
1351 2686 1416 2713 salvi
1428 2686 1511 2718 eritis,
1529 2693 1572 2712 vos
1588 2684 1632 2718 qui
1650 2683 1712 2710 em"

924 2734 952 2760 in
968 2737 1083 2760 extrento
1103 2737 1188 2759 terrm.

961 2778 1086 2812 Laqueos
1101 2784 1230 2813 ponentes
1249 2783 1326 2806 terra:
1342 2778 1448 2812 incolis,
1463 2785 1559 2814 graves
1571 2782 1602 2806 ct
1614 2778 1708 2807 multi-

851 2865 874 2880 “
892 2864 962 2893 Psal.
981 2872 1058 2897 cxttt,
1075 2866 1114 2891 15.
