1883 3055
167 191 220 219 935

662 190 690 217 S.
711 188 846 218 CYIlILLl
867 188 1100 217 ALEXANDIUNI
1122 190 1281 220 AltClllEP.

1736 192 1786 221 σει

168 248 263 283 plices,
279 252 306 274 et
320 246 409 274 foveas
423 246 548 273 interitus
562 245 694 273 fodientes
707 247 832 274 scelerati
846 247 911 274 dmin

1040 247 1103 282 ,τῆς
1118 248 1180 283 γῆς,
1193 249 1240 274 καὶ
1257 249 1319 280 τοὺς
1334 249 1383 284 τῆς
1403 249 1541 281 ἀπωλείας
1563 248 1725 284 ὀρύττοντες

172 301 231 326 nes,
250 297 276 320 et
293 293 443 320 divinitatis
460 292 572 327 gloriam
595 292 677 327 impie
702 293 837 327 rapientes
853 298 880 320 et
897 293 946 320 de.-

170 340 329 375 prrcdantes,
345 339 455 373 suisque
479 338 612 373 capitibus
635 339 880 371 accommodantes,
897 346 947 366 au-

168 385 314 417 .lacissimi,
342 385 443 412 erroris
470 385 511 412 sui
534 385 750 412 machinamenta
777 385 894 413 conflare
921 391 949 412 et

168 435 309 457 exstruere
326 430 490 457 nitebantur.
511 429 578 457 Nam
593 438 700 465 semper
713 431 745 457 ad
759 435 862 458 certum
881 435 948 458 tem-

169 483 217 508 pus
235 474 371 509 ﬁngebant
387 482 415 500 se
431 473 520 501 futura
535 474 616 506 scire,
634 479 660 501 et
681 482 759 508 posse
784 473 828 500 illa
844 474 948 500 discere

167 520 319 548 volentibus
333 520 504 547 annuntiare.
519 519 636 547 Oracula
659 520 748 553 itaque
762 527 811 554 per
826 519 949 553 regiones

167 569 193 592 et
209 565 288 592 urbes
312 569 389 592 erant
403 569 430 592 et
453 564 520 591 falsa
534 564 660 591 vaticinia
676 565 775 599 ubique
793 570 819 591 et
843 563 948 590 omina--

168 612 265 644 tiones,
287 619 318 638 ac
335 611 510 646 itnpostorutn
528 611 682 643 multitudo,
697 614 726 637 ut
747 610 877 645 scriptum
895 614 947 642 cst,

166 665 198 684 ex
215 665 265 684 suo
281 657 362 684 corde
378 657 556 691 loquentium,
571 661 607 689 et,
623 656 803 690 cortjectores,
817 661 947 684 etnecro-

167 704 287 737 mantici,
300 709 327 731 et
338 704 383 739 qui
397 711 412 731 e
425 708 495 731 terra
512 705 594 731 edunt
609 711 712 736 vocem,
732 711 764 730 ac
774 703 946 737 venlriloqui,

166 739 265 784 quique
285 757 300 776 e
319 748 414 776 farinis
436 749 628 781 vaticinantur,
648 753 674 776 et
698 753 726 775 ut
748 748 832 776 setuel
849 749 945 779 dicant,

165 795 239 822 orbis
258 800 391 822 terrarum
409 795 576 822 mendacium
593 795 686 829 plenus
705 800 764 821 erat
779 798 805 820 et
820 795 949 828 itnposlo-

168 849 236 868 rum.
256 841 348 875 Neque
367 841 448 876 igitur
468 840 520 867 ulla
544 849 606 868 vera
630 839 780 867 futurorum
796 839 947 873 cognitione

165 892 242 914 erant
257 888 372 922 przediti,
403 889 449 914 scd
465 887 592 919 vanitate,
607 885 785 921 uugamentis,
804 893 896 913 errore
920 891 946 913 et

165 932 236 966 dolo,
254 940 303 960 nec
318 933 462 967 quidquam
478 936 536 958 erat
549 937 678 966 prmterea
696 931 777 958 aliud.
797 930 865 958 llittc
881 931 946 958 dicit

166 977 350 1004 universorum
363 977 433 1004 Deus
445 986 450 1003 :
463 977 489 1003 Si
503 977 710 1008 annuntiabttnt,
721 977 946 1011 appropinquant,

166 1027 194 1050 ut
208 1023 295 1050 sciant
320 1023 409 1050 sitnul.
432 1022 459 1048 Si
486 1023 558 1049 cuitu
578 1027 692 1057 possunt
708 1024 880 1055 annuntiarc,
903 1023 946 1049 in-

165 1069 232 1103 quit,
245 1069 366 1100 veniant,
383 1073 411 1095 ut
424 1069 502 1096 simul
515 1070 613 1101 sciant,
629 1073 656 1096 ut
670 1069 772 1104 aliquid
791 1069 878 1103 palam
890 1076 946 1096 out-

164 1123 213 1142 nes
240 1115 265 1141 in
289 1123 370 1142 unum
397 1115 482 1142 coacti
510 1115 680 1142 annuuticnt.
705 1114 788 1142 Erant
810 1115 892 1146 enim,
918 1119 946 1142 ut

164 1159 233 1191 dixi,
247 1159 361 1185 seorsim
380 1165 411 1186 ac
426 1158 525 1193 passitu
552 1158 672 1186 oracula.
696 1159 802 1194 Aliique
823 1159 875 1187 alio
890 1160 946 1188 ive-

166 1209 236 1236 t'ttnl,
253 1204 334 1240 622
359 1209 386 1231 et
412 1204 572 1231 mentientes
594 1204 713 1239 itupuros
740 1205 876 1232 dtemonas
897 1205 945 1231 ad-

158 1254 284 1282 prarunl.
302 1249 329 1275 Si
346 1256 417 1280 vere,
431 1249 525 1284 inquit,
546 1249 707 1276 annuntiare
727 1253 848 1283 possunt,
865 1249 944 1275 simul

163 1299 191 1321 et
207 1294 301 1322 eodem
316 1294 342 1321 in
365 1294 424 1322 loco
443 1294 597 1330 congregati
614 1301 718 1327 omnes,
738 1295 825 1322 sciant
843 1294 944 1329 aliquid

164 1342 327 1373 futurorum,
347 1341 407 1375 quis
431 1341 532 1367 autlitui
562 1340 721 1374 patefecerit
743 1340 786 1367 illa
805 1341 838 1367 ab
856 1340 942 1368 initio.

130 1377 136 1382 ”
165 1387 230 1420 Quis
251 1392 292 1414 est
316 1387 386 1414 enim
403 1386 665 1421 superstitiosorum,
682 1390 729 1413 aut
748 1386 811 1421 quis
836 1386 943 1413 illorutu

164 1440 252 1460 vatum
277 1433 420 1466 falsorum,
445 1433 485 1461 vel
504 1441 597 1461 eorum
613 1433 658 1468 qui
675 1433 726 1460 illis
745 1432 880 1460 vaticiniis
894 1433 943 1460 ad-

163 1480 227 1507 dicti
241 1484 328 1512 erant,
346 1480 389 1514 qui
409 1487 524 1514 unquam
545 1479 620 1506 novit
636 1479 678 1506 vel
693 1479 872 1512 annuntiavit,
894 1486 943 1506 suo

163 1531 284 1560 tempore
305 1525 464 1553 ell'ulsurum
486 1526 512 1553 in
533 1526 632 1553 mundo
651 1525 801 1558 Christum,
818 1530 863 1552 aut
894 1533 944 1552 nu-

163 1573 222 1599 bem
240 1572 340 1600 erroris
355 1573 499 1604 abituram,
520 1576 547 1599 et
563 1571 631 1598 falso
647 1571 793 1598 nominatae
812 1571 944 1606 cognitio-

163 1617 205 1644 nis
222 1617 346 1644 tenebras
360 1616 548 1651 dispellendas,
560 1621 587 1644 et
600 1616 757 1644 effulsurum
773 1620 851 1644 terra:
868 1616 943 1643 incov

163 1663 216 1696 lis,
246 1668 373 1698 tanquam
407 1663 600 1698 intelligibilem
628 1662 786 1694 luciferum,
817 1666 942 1696 tanquam

163 1708 332 1743 splendorem
346 1713 372 1736 et
387 1709 468 1740 diem,
485 1713 612 1743 tanquam
632 1708 714 1736 solem
732 1707 852 1741 justitim,
865 1707 943 1734 Chri-

163 1754 251 1781 stum?
271 1753 322 1780 Sed
347 1761 443 1788 neque,
459 1753 556 1788 inquit,
573 1753 599 1780 hi
617 1753 663 1788 qui
684 1753 835 1779 futurorum
852 1751 944 1786 cogni-

164 1800 262 1827 tionem
290 1807 344 1835 praa
363 1806 393 1826 se
423 1799 541 1826 tulerttnt
558 1799 708 1831 daemones,
736 1798 793 1825 haec
810 1798 844 1824 ab
867 1797 943 1824 initio

163 1844 341 1871 nuntiarunt:
374 1851 460 1878 neque
486 1843 592 1872 illorum
625 1843 754 1869 vanitatis
778 1842 941 1870 administri.

164 1890 256 1918 Nullus
283 1891 354 1918 enint
381 1888 535 1918 Graecorum
562 1893 701 1924 poetarum
728 1888 770 1915 vel
803 1888 942 1915 rhetorqu

163 1939 211 1965 has
234 1944 277 1965 res
296 1941 350 1964 tam
376 1936 493 1964 illustres
521 1929 752 1963 commemoravit.
781 1934 846 1968 Quis
862 1933 944 1967 igitur

163 1984 219 2010 ltmc
237 1982 340 2009 auditui
357 1981 484 2017 patefecit
498 1981 531 2007 ab
544 1979 640 2007 initio?
654 1979 729 2006 Tunc
741 1978 823 2005 etiam
839 1985 944 2004 annun-

163 2029 256 2055 tiatttm
273 2032 314 2056 est
328 2027 415 2060 vobis,
431 2026 457 2054 id
470 2031 521 2059 est,
537 2026 571 2053 ab
592 2025 680 2052 initio.
698 2023 863 2050 Anuuntiata
880 2027 944 2049 sunt

162 2080 249 2102 autem
262 2082 276 2101 a
289 2073 362 2101 nullo
376 2072 438 2106 alio,
451 2073 499 2099 sed
510 2079 525 2098 a
539 2079 581 2098 me
592 2071 691 2105 potius,
703 2069 748 2104 qui
764 2070 855 2096 omnia
868 2068 942 2100 novi,

161 2127 187 2148 et
211 2126 352 2154 antequam
387 2118 498 2149 tierent,
523 2116 711 2151 praenuntiavi.
742 2115 860 2142 Locutus
883 2122 943 2141 sum

161 2167 233 2194 enim
255 2165 330 2192 vobis
357 2163 412 2195 illa,
434 2167 461 2190 et
488 2169 537 2197 per
555 2161 662 2196 Moysen
686 2166 713 2188 et
732 2168 779 2196 per
799 2161 943 2195 prophetas

161 2216 278 2242 sanctos,
296 2209 342 2245 qui
365 2215 440 2236 meos
464 2208 495 2235 ad
512 2214 558 2234 vos
582 2211 707 2241 tanquam
721 2206 801 2241 legati
816 2207 942 2240 deporta-

999 292 1092 327 Ορους,
1108 294 1132 319 οἱ
1152 293 1285 329 ἀλιτήριοι
1302 294 1442 329 δαίμονες,
1463 295 1509 320 καὶ
1525 294 1575 328 τὴν
1591 293 1643 328 τῆς
1661 293 1786 328 Θεὸτητος

998 338 1075 370 δόξαν
1093 339 1207 371 ἀνοσίως
1225 340 1473 375 καταλῃστεύοντες
1483 360 1490 373 ,
1512 341 1558 366 καὶ
1574 341 1636 372 ταῖς
1651 339 1728 374 σφῶν
1744 340 1786 366 αὑι

998 383 1051 410 τῶν
1066 385 1231 416 ἀνάπτοντες
1242 386 1384 419 κεφαλαῖς,
1402 386 1427 412 οἱ
1442 385 1592 420 πάντολμον.
1605 385 1640 412 τὰ
1654 387 1707 421 τῆς
1722 385 1786 412 sau-

999 426 1052 455 τῶν
1084 430 1191 465 ἀπάτης
1221 431 1392 466 ἐργαστήρια
1418 432 1578 466 συγκροτεῖν
1607 430 1783 462 ἐσπούδαζον.

1004 475 1228 511 Ὑποκρινόμενοι
1248 476 1277 503 δέ
1298 476 1328 503 τὸ
1349 476 1492 503 ειδέναιτὰ
1506 476 1651 511 μέλλοντα,
1666 477 1715 502 καὶ
1734 477 1786 502 ἀπ-

998 522 1138 556 αγγέλλειν
1155 522 1224 548 αὐτὰ
1237 522 1434 554 δύνασθαι-τοϊς
1449 522 1570 549 ἐθέλουσι
1585 523 1695 558 μαθεῖν,
1707 522 1785 557 μέχρι

999 567 1096 602 καιροῦ
1114 567 1313 595 διατετελέκασι
1329 567 1396 602 γοῦν
1415 568 1595 604 ἁρπάζοντες.
1621 569 1785 604 Χρηστήρια

998 614 1062 648 γοῦν
1078 614 1148 641 κατὰ
1164 614 1258 650 χώρας
1271 623 1301 641 τε
1321 615 1368 641 καὶ
1389 614 1498 647 πόλεις,
1519 614 1732 650 ψευδομαντεῖαί
1756 623 1785 640 τε

997 658 1066 695 ἦσαν
1081 659 1226 695 πανταχοῦ,
1240 660 1286 687 καὶ
1303 660 1495 696 κλῃδωνισμοὶ,
1510 660 1558 687 καὶ
1572 661 1702 695 φενάκων
1716 660 1785 695 πλη-

999 705 1047 737 οὺς
1067 705 1102 732 τὰ
1115 706 1168 732 ἀπὸ
1189 705 1303 741 καρδίας
1318 705 1409 732 αὐτῶν
1425 704 1589 736 λαλούντων,
1605 704 1678 732 κατᾶ
1691 705 1722 731 τὸ
1743 713 1785 738 γε-

999 750 1166 785 γραμμένον,
1189 749 1361 785 χρησμῳδοὶ,
1386 750 1433 776 καὶ
1459 750 1666 785 νεκυομάντεις,
1692 750 1738 777 καὶ
1761 750 1784 776 οἱ

999 795 1149 830 φωνοῦντες
1162 796 1193 821 ἐκ
1205 795 1266 829 γῆς,
1283 794 1498 830 ἐγγαστρίμυθοί
1512 803 1541 821 τε
1557 794 1604 821 καὶ
1618 794 1785 829 ἀλφιτομάν-

997 849 1069 873 τεις,
1096 841 1142 867 καὶ
1170 840 1339 873 ἁπαξαπλῶς
1365 839 1500 874 ψευστῶν,
1528 840 1576 867 καὶ
1608 840 1736 874 φενάκων
1767 840 1784 874 ἡ

998 888 1110 922 ὑφήλιος
1135 887 1306 923 πεπλήρωτο.
1319 885 1373 914 Ἦν
1389 885 1434 914 οὖν
1451 886 1505 921 ἄρα
1518 886 1585 922 παρ*
1598 887 1694 918 αὐτοῖς
1710 886 1783 912 οὐδε-

1000 934 1047 968 μῖα
1061 933 1109 969 μέν
1121 933 1222 968 ἀληθὴς
1236 933 1289 959 τῶν
1302 933 1438 967 ἐσομένων
1452 934 1468 967 ὴ
1479 932 1590 967 γνῶσις,
1602 932 1783 967 ψευδηγορίαι

997 978 1034 1009 δὲ,
1050 978 1096 1004 καλ¹
1111 978 1276 1013 βωμολοχίαι
1287 978 1334 1004 καὶ
1348 979 1452 1013 ἀπάτη,
1465 979 1512 1006 καὶ
1529 978 1613 1010 δόλος,
1631 978 1680 1004 καὶ
1691 978 1783 1013 ἕτερον

997 1023 1083 1048 οὐδέν.
1091 1022 1183 1059 Ταύτῃ
1196 1031 1236 1050 τοι
1249 1023 1330 1058 φησὶν
1345 1024 1359 1049 ό
1372 1023 1426 1049 τῶν
1441 1023 1508 1050 ὅλων
1521 1024 1587 1054 Θεός
1596 1032 1603 1038 ·
1621 1024 1653 1050 El
1665 1024 1785 1057 ἀναγγεο

997 1067 1098 1099 λοῦσιν,
1114 1068 1312 1102 ἐγγισάτωσαν,
1324 1068 1366 1095 ἴνα
1377 1068 1478 1102 γνῶσιν
1493 1069 1560 1103 ἅμα.
1578 1069 1609 1095 El
1619 1068 1675 1104 γὰρ
1687 1069 1783 1095 δύναν-

995 1121 1048 1144 ται,
1065 1113 1156 1148 φησὶν,
1173 1112 1363 1148 ἀπαγγέλλειν,
1379 1113 1520 1147 ἡκέτωσαν
1538 1113 1582 1140 ἵνα
1597 1113 1698 1148 γνῶσιν
1715 1113 1782 1147 ἃμα,

996 1159 1039 1186 ἵνα
1057 1168 1082 1185 τι
1106 1160 1176 1187 κατὰ
1196 1160 1341 1195 πρόσωπον
1369 1160 1393 1186 οι
1422 1160 1521 1191 πάντες
1548 1161 1587 1190 είς
1612 1160 1642 1186 ἒν
1668 1168 1781 1194 συναγη-

995 1205 1121 1240 γερμένοι
1146 1202 1234 1240 (ἦσαν
1260 1206 1308 1240 μὲν
1334 1206 1403 1241 γὰρ,
1435 1206 1473 1237 ὡς
1503 1205 1586 1241 ἔφην,
1620 1205 1673 1232 ἀνὰ
1703 1205 1782 1240 μέρος

995 1249 1156 1285 πλεισταχοῦ
1172 1251 1333 1286 χρηστήρια.
1348 1251 1440 1277 Ἄλλοι
1454 1251 1482 1277 δὲ
1494 1250 1582 1282 ἄλλως
1596 1250 1722 1286 ἐφοίτων,
1737 1249 1783 1276 καῖ

995 1295 1229 1330 ψευδηγοροῦντας
1244 1295 1343 1331 ἐτίμων
1358 1296 1421 1328 τοὺς
1433 1295 1606 1331 ἀκαθάρτους
1621 1295 1781 1330 δαίμονας)·

995 1342 1019 1367 εἰ
1041 1341 1068 1367 δέ
1081 1341 1188 1376 ἀληθῶς
1206 1342 1364 1376 ἀναγγεῖλαι
1384 1341 1527 1374 δύνανται,
1544 1341 1637 1375 φησὶν,
1659 1341 1718 1376 ἅμα
1736 1342 1782 1366 καὶ

994 1387 1064 1414 κατὰ
1088 1387 1185 1414 ταύτὸν
1206 1388 1345 1422 γενόμενοι
1369 1387 1479 1419 πάντες,
1505 1386 1653 1421 γνώτωσάν
1677 1395 1707 1412 τι
1727 1385 1782 1411 τῶν

994 1431 1140 1466 ἐσομένων,
1162 1431 1202 1463 τίς
1227 1432 1348 1458 ἀκουστὰ
1370 1432 1481 1467 ἐποίησε
1502 1431 1590 1458 ταῦτα
1617 1432 1665 1458 ἀπ’
1683 1431 1780 1466 ἀρχῆς.

993 1478 1041 1510 Τίς
1053 1478 1107 1513 γὰρ
1121 1477 1174 1504 τῶν
1186 1478 1425 1513 δεισιδαιμόνων,ἢ
1440 1479 1494 1504 τῶν
1506 1478 1570 1512 παρ’
1585 1477 1701 1509 ἐκείνοις
1715 1485 1783 1512 προ-

994 1524 1095 1558 φητῶν,
1114 1523 1130 1559 ἢ
1147 1523 1200 1550 τῶν
1220 1525 1276 1555 τοῖς
1296 1524 1434 1558 μαντείοις
1449 1523 1698 1559 προσκαθημένων,
1712 1523 1784 1556 ἔγνω

996 1570 1061 1596 ποτὲ
1085 1569 1131 1596 καὶ
1151 1570 1319 1604 ἀπήγγειλεν
1339 1570 1379 1596 ὅτι
1404 1569 1474 1596 κατὰ
1494 1570 1607 1605 καιροὺς
1631 1569 1786 1603 ἐπιλάμψῃ

995 1615 1033 1650 τῷ
1049 1615 1142 1650 κόσμῳ
1157 1615 1284 1650 Χριστος,
1298 1616 1343 1641 καὶ
1354 1616 1396 1642 ὅτι
1412 1615 1443 1641 τὸ
1455 1615 1504 1650 τῆς
1518 1616 1626 1650 ἀπάτης
1641 1616 1785 1650 οἰχήσεται

994 1660 1084 1695 νέφος,
1105 1661 1151 1687 καὶ
1165 1660 1433 1696 ἀποσκεδασθήσεται
1449 1661 1498 1696 μὲν
1513 1662 1527 1687 6
1539 1661 1589 1695 τῆς
1603 1660 1786 1694 ψευδωνύμου

994 1706 1121 1741 γνώσεως
1138 1707 1243 1738 σκότος,
1261 1707 1415 1742 ἀναλάμψει
1432 1707 1461 1733 δὲ
1477 1707 1534 1738 τοῖς
1549 1707 1595 1733 ἐπὶ
1610 1707 1659 1741 τῆς
1672 1708 1737 1740 γῆς,
1747 1706 1787 1737 ὡς

993 1751 1087 1785 νοητὸς
1103 1751 1249 1786 ἑωσφόρος,
1273 1751 1310 1783 ὡς
1331 1751 1401 1786 αὐγὴ
1426 1751 1472 1777 καὶ
1492 1750 1599 1786 ἡμέρα,
1621 1751 1658 1781 ὡς
1681 1751 1786 1776 δικαιο-

994 1797 1075 1832 σύνης
1087 1797 1161 1832 ἥλιος
1171 1797 1185 1823 ὁ
1199 1797 1328 1832 Χριστόςς
1348 1797 1416 1823 Ἀλλ’
1429 1796 1502 1829 οὔτε,
1520 1797 1616 1832 φησὶν,
1627 1797 1651 1823 οἱ
1665 1796 1715 1832 τὴν
1728 1796 1786 1822 τῶν

994 1843 1130 1878 ἐσομένων
1164 1843 1264 1877 γνῶσιν
1289 1843 1361 1878 ἔχειν
1388 1843 1622 1878 ὑποπλαττόμενοι
1649 1843 1786 1878 ’δαίμονες

993 1888 1156 1923 ἀνήγγειλαν
1178 1888 1263 1915 ταῦτα
1277 1889 1324 1915 ἀπ’
1338 1889 1437 1924 ἀρχῆς,
1453 1888 1516 1915 οὔτε
1536 1888 1591 1924 μὴν
1605 1889 1655 1924 τῆς
1669 1888 1786 1914 ἐκείνων

993 1931 1168 1966 ψευδοεπείας
1194 1934 1218 1959 οἱ
1249 1933 1391 1968 ὑπουργοί.
1425 1933 1519 1965 Οὐδεὶς
1547 1933 1602 1968 γὰρ
1629 1933 1685 1959 τῶν
1716 1933 1787 1968 παρ’

995 1979 1106 2009 Ἕλλησι
1131 1978 1250 2014 ποιητῶν
1273 1979 1331 2014 ἦτοι
1352 1979 1532 2014 λογογράφων
1550 1979 1604 2006 τῶν
1624 1978 1697 2005 οὕτω
1716 1978 1786 2013 λαμ-

993 2026 1070 2061 πρῶν
1084 2026 1206 2062 ἐμνήσθη
1227 2027 1406 2062 πραγμάτων.
1430 2025 1477 2057 Τίς
1491 2018 1538 2052 οὖν
1552 2025 1640 2051 ταῦτα
1660 2025 1786 2052 ἀκουστὰ

993 2071 1142 2106 πεποίηκεν
1170 2071 1217 2097 ἀπ’
1239 2071 1344 2106 ἁρχῆς;
1369 2071 1434 2097 Τότε
1462 2071 1510 2097 καὶ
1536 2070 1675 2106 ἀνηγγέλη
1707 2070 1784 2105 ὑμῖν,

992 2117 1065 2143 τοῦτ’
1083 2116 1166 2148 ἔστιν,
1182 2117 1229 2143 ἀπ’
1245 2116 1500 2152 ἀρχῆς.’Λνηγγέλη
1517 2115 1545 2142 δὲ
1557 2116 1587 2142 οὐ
1604 2116 1670 2150 παρ’
1686 2116 1784 2151 ἐτέρου

993 2161 1075 2193 τινὸς,
1095 2161 1160 2196 παρ’
1184 2161 1251 2196 ἐμοῦ
1276 2161 1305 2187 δὲ
1324 2161 1429 2196 μᾶλλον
1439 2159 1485 2186 τοῦ
1504 2159 1592 2186 πάντα
1605 2160 1718 2191 εἰδότος,
1737 2162 1786 2186 καὶ

994 2208 1058 2243 πρὶν
1072 2207 1199 2242 γενέσθαι
1210 2207 1480 2242 προαπηγγελκότος.
1491 2205 1639 2240 Λελάληκα
1652 2206 1707 2241 γὰρ
1719 2207 1786 2240 ὑμῖν

162 2261 222 2284 runt
245 2261 394 2283 sermones.
416 2253 518 2288 Itaque,
539 2253 635 2288 inquit,
652 2260 702 2287 ego
725 2260 784 2279 sum
807 2251 887 2282 Deus,

1042 2253 1065 2280 τὰ
1081 2253 1126 2280 διά
1141 2262 1170 2279 τε
1184 2253 1317 2285 Μωσέως,
1335 2252 1381 2279 καὶ
1398 2251 1546 2286 προφητῶν
1565 2251 1662 2285 ἁγίων,
1683 2251 1708 2278 οἳ
1721 2252 1785 2282 τοὺς

161 2307 212 2326 non
246 2305 287 2326 est
322 2298 390 2324 alius
409 2302 506 2332 praeter
537 2304 589 2324 me.
613 2297 678 2324 Sum
699 2302 788 2323 autem
811 2296 900 2330 justus
916 2299 943 2322 et

160 2350 291 2373 servator.
312 2343 404 2378 lnjusti
430 2343 501 2370 enim
522 2348 586 2370 sunt
608 2343 731 2370 scelerati
755 2342 900 2373 dmmones,
916 2345 942 2368 et

161 2391 315 2425 perniciosi,
325 2395 352 2418 et
365 2389 576 2424 sanguinolenti,
589 2389 765 2430 detrudentes
784 2388 812 2414 in
825 2387 940 2414 exiliunt

162 2444 240 2464 terra:
262 2436 373 2464 incolaS.
396 2435 488 2463 Justus
502 2440 529 2462 et
551 2439 674 2462 servator
692 2438 732 2461 est
748 2433 940 2461 universorum

162 2484 243 2514 Deus,
259 2482 419 2510 subveniens
441 2481 588 2516 oppressis,
614 2479 720 2507 solvens
744 2479 858 2506 vinculis
870 2479 942 2506 dire-

161 2535 229 2563 ptos,
246 2533 272 2556 et
287 2528 392 2556 catenis
415 2532 586 2562 peccatorum
609 2525 780 2557 constrictos,
803 2525 940 2552 illustrans

160 2575 362 2606 obtencbratos,
379 2574 510 2601 roborans
528 2573 708 2605 debilitatum,
725 2572 848 2600 excitans
869 2572 940 2605 quod

157 2621 239 2655 jacet,
255 2625 282 2648 et
297 2625 456 2648 convertens
468 2620 538 2655 quod
562 2623 644 2646 errat.
671 2619 740 2646 llinc
761 2618 826 2645 dicit
841 2627 847 2645 :
872 2618 940 2645 Cort-

160 2667 294 2695 vertitnini
307 2666 339 2693 ad
362 2674 416 2697 me,
433 2669 459 2692 et
468 2665 638 2692 scrvabimini
659 2665 693 2692 ab
707 2669 830 2692 extremo
852 2668 939 2691 teme.

159 2713 262 2746 Quibus
276 2719 308 2738 ex
321 2711 410 2738 verbis
425 2711 526 2745 optime
544 2710 697 2744 perspicere
711 2710 774 2737 lieet
787 2709 880 2743 gratia:
894 2717 940 2744 per

159 2759 298 2786 Christum
319 2757 544 2792 magnitudinem,
562 2763 654 2783 omnes
678 2757 722 2790 qui
744 2760 807 2782 sunt
827 2755 852 2782 in
873 2759 943 2782 terra

162 2805 365 2839 pervadentem.
379 2802 525 2829 Contracta
549 2802 620 2828 enim
637 2806 697 2828 erat
720 2801 795 2829 salus
816 2806 843 2828 et
858 2802 943 2836 gratia

161 2858 209 2882 per
231 2849 352 2883 Moysen,
371 2849 404 2875 ad
429 2854 510 2874 unam
524 2850 629 2881 gentem
657 2846 764 2874 lsraelis
783 2853 897 2874 means:
916 2855 944 2875 at

161 2896 244 2929 gratia
267 2902 313 2930 per
328 2895 466 2921 Christum
488 2897 610 2927 porrecta
638 2898 678 2920 est
701 2893 774 2919 velut
797 2897 823 2920 ct
841 2893 873 2920 ad
891 2899 944 2921 ter-

993 2300 1058 2335 παρ’
1070 2298 1137 2334 ἐμοῦ
1154 2298 1220 2334 πρὸς
1239 2298 1311 2333 ὑμᾶς
1326 2297 1542 2332 διεπόρθμευσαν
1553 2296 1661 2330 λόγους.
1677 2296 1785 2323 Οὐκοῦν

993 2345 1048 2380 ἐγώ
1063 2346 1130 2380 εἰμι,
1151 2344 1242 2379 φησὶν,
1266 2344 1280 2369 ὁ
1296 2343 1371 2375 Θεὸς,
1393 2343 1439 2369 καὶ
1461 2343 1512 2369 οὐκ
1525 2342 1600 2368 ἐστιν
1616 2342 1698 2374 ἄλλος
1714 2343 1786 2378 πλὴν

995 2391 1070 2426 ἐμοῦ.
1084 2391 1149 2426 Εἰμὶ
1160 2391 1188 2417 δὲ
1199 2390 1313 2422 δίκαιος,
1325 2390 1373 2416 καὶ
1391 2389 1605 2424 σωτήρ.”Αδικοι
1619 2388 1670 2424 μὲν
1688 2389 1746 2424 γὰρ
1759 2389 1784 2415 οἱ

993 2436 1127 2471 ἀλιτήριοι
1145 2436 1281 2470 δαίμονες,
1301 2434 1373 2461 καθὰ
1393 2435 1440 2461 καὶ
1455 2434 1575 2470 φθορεῖς,
1595 2434 1643 2460 καὶ
1657 2434 1786 2469 φιλαίμαε

994 2492 1046 2515 τοι,
1071 2483 1117 2509 καὶ
1138 2481 1324 2512 κατωθοῦντες
1345 2482 1384 2513 εις
1396 2481 1506 2516 ὄλεθρον
1519 2482 1582 2513 τοὺς
1593 2482 1641 2508 ἐπὶ
1656 2481 1709 2516 τῆς
1722 2481 1781 2516 γῆς.

995 2529 1103 2560 Δίκαιος
1115 2528 1160 2554 καὶ
1176 2527 1267 2562 σωτὴρ
1285 2528 1299 2553 ὁ
1316 2527 1369 2553 τῶν
1385 2528 1452 2554 ὂλων
1469 2527 1545 2559 Θεὸς,
1560 2527 1712 2562 ὲπαμύνων
1728 2529 1782 2558 τοῖς

995 2574 1179 2609 ἠδικημένοις,
1204 2574 1250 2600 καὶ
1276 2572 1384 2608 δεσμῶν
1410 2573 1497 2604 ἀνιεὶς
1520 2572 1583 2603 τοὺς
1608 2572 1782 2607 διηρπασμέ-

993 2629 1073 2652 νους,
1117 2620 1164 2646 καὶ
1201 2620 1305 2654 σειραῖς
1341 2618 1483 2654 ἁμαρτιῶν
1523 2618 1779 2652 κατεσφιγμένους,

994 2665 1188 2700 καταφωτξζων
1214 2665 1242 2691 δέ
1265 2666 1328 2697 τοὺς
1350 2664 1568 2699 ἐσκοτισμένους,
1592 2664 1729 2698 ἐνισχύων
1751 2665 1782 2690 τὸ

993 2711 1153 2746 ἠσθενηκδς,
1172 2711 1218 2737 καὶ
1237 2711 1267 2737 τὸ
1292 2710 1417 2744 κείμενον
1431 2709 1552 2740 ἀνιστὰς,
1569 2708 1661 2734 καὶτὸ
1674 2707 1782 2734 πλανώ-

993 2766 1073 2793 μενον
1089 2756 1270 2791 ἐπιστρέφων.
1285 2755 1380 2792 Ταύτῃ
1392 2763 1433 2782 τοι
1453 2754 1551 2789 φησίν·
1572 2753 1781 2788 Ἑπιπράφητε

992 2803 1059 2838 πρός
1075 2811 1117 2837 με,
1133 2802 1180 2828 καὶ
1193 2801 1388 2836 σιοοήσεσθε,οί
1403 2801 1446 2826 ἐπ’
1461 2800 1577 2835 ἐσχάτου
1591 2799 1642 2834 τῆς
1653 2799 1716 2834 γῆς.
1739 2799 1783 2825 Ἐν

992 2849 1097 2880 τούτοις
1109 2846 1138 2875 εὖ
1154 2847 1225 2883 μάλα
1239 2849 1289 2883 τῆς
1300 2848 1343 2874 διὰ
1356 2847 1474 2882 Χριστοῦ
1489 2847 1599 2881 χάριτος
1615 2845 1722 2872 κατίδοι
1740 2853 1783 2876 τις

995 2895 1027 2922 ἂν
1042 2894 1071 2920 τὸ
1085 2893 1198 2929 μέγεοος
1215 2893 1253 2924 εἰς
1269 2893 1371 2924 πάντας
1384 2893 1475 2927 διῆκον
1490 2891 1552 2921 τοὺς
1565 2889 1644 2921 lium;
1667 2889 1715 2915 ἐπὶ
1734 2890 1783 2924 τῆς
