1883 3055
56 204 101 238 985

56 265 109 300 γῆς.
124 259 324 297 Συνεσταλμένη
341 260 391 296 μὲν
415 260 468 297 γὰρ
484 262 501 297 ἡ
523 261 569 288 διὰ
592 263 713 294 Μωσέως
734 263 823 298 χάρις,

59 310 98 337 καὶ
110 307 235 343 σωτηρία,
250 308 266 343 ἡ
282 307 324 343 ἐφ’
338 307 367 334 ἓν
384 306 459 339 ἔθνος
476 307 552 334 ἰοῦσα
563 307 609 334 τὸν
627 307 752 343 Ἰσραήλ·
769 317 822 343 μα-

57 355 102 390 κρὰ
118 354 143 380 δὲ
155 353 245 389 ὥσπερ
263 354 310 379 καὶ
331 352 412 388 μέχρι
431 352 574 388 τερμάτων
593 353 727 389 τρέχουσα
740 353 791 388 γῆς
805 353 822 388 ὴ

620 200 653 230 ΙΝ
673 201 791 231 ιεΑιΑΜ
810 202 874 230 LIB.
896 202 941 231 IV.
956 202 1060 233 OllAT.
1075 203 1121 232 lll.

1617 199 1668 227 986

841 278 862 307 Α
879 263 968 292 minos
991 272 1076 299 usque
1095 269 1175 292 terrae
1195 260 1325 291 excurrit.
1337 259 1421 294 Capta
1435 264 1477 288 est
1492 258 1564 287 enim
1587 263 1614 286 et
1630 257 1668 284 ir-

884 311 964 338 retita
986 318 1034 346 per
1053 310 1132 338 ﬁdem
1162 310 1188 338 in
1216 310 1316 344 ipsum,
1331 308 1364 336 ad
1390 307 1506 335 salutem
1530 310 1558 333 et
1573 304 1668 337 vitam,

886 359 956 382 terra
971 356 1106 384 universa.

56 401 92 428 διὰ
103 399 225 436 Χριστοῦ.
240 399 441 433 Σεσαγήνευται
459 398 513 434 γὰρ
525 397 570 425 διὰ
582 398 701 429 πίστεως
717 397 767 433 τῆς
782 399 822 430 εἰς
838 398 919 426 αὑτὸν
933 401 974 432 εἰς
989 401 1127 437 σωτηρίαν
1143 399 1190 428 καὶ
1209 399 1281 434 ζωὴν
1295 399 1312 434 ὴ
1328 397 1460 433 σύμπασα
1477 396 1524 431 γῆ.

91 445 158 481 Ἐγώ
176 446 233 480 ειμι
251 446 268 472 d
289 444 371 478 Θεὸς,
387 444 436 471 καὶ
450 445 506 471 οὐκ
524 444 611 472 ἔστιν
629 445 734 478 ἄλλος.
757 445 825 472 Κατ’

58 492 172 528 ἐμαυτοῦ
187 491 285 526 ὀμνύω
297 499 304 507 ο
323 492 349 518 sl
368 490 411 525 μὴ
426 490 620 522 ἐξελεύσεται
638 491 671 518 ἐκ
690 490 741 518 τοῦ
756 491 828 518 στό-

57 539 137 575 ματός
156 546 214 573 μου
235 537 424 570 δικαιοσύνη,
446 538 474 564 οἱ
491 536 576 571 λόγοι
598 545 658 571 μου
681 538 737 564 οὐκ
758 536 830 564 ἀπο-

59 583 269 619 στραφήσονται
279 591 287 598 ·
314 582 359 609 ὅτι
375 581 440 617 ἐμοὶ
463 582 574 617 κάμψει
587 581 650 610 πᾶν
667 582 741 617 τόνυ
755 601 763 614 ,
778 581 828 608 καὶ

60 630 157 666 ὀμεῖται
180 629 263 656 πᾶσα
283 627 412 663 γλῶσσα
433 628 487 655 τὸν
502 629 587 661 Θεὸν,
609 627 745 663 λέγουσα
756 635 769 666 '_
784 628 832 654 Δι-

60 664 190 708 καιοσύνη
202 674 251 701 καὶ
262 673 336 707 δόξα
350 670 427 708 πρὸξ
440 674 534 701 αὑτὸν
546 673 688 708 ἥξουσιν.
751 664 773 671 Α

90 720 155 747 Ἔδει
166 720 215 754 τῆς
225 718 401 754 ψευδωνύμου
413 718 540 754 λατρείας
554 718 750 755 καθῃρημένης
760 726 831 754 παρ-

62 766 135 793 ελθεῖν
147 766 184 796 εἰς
203 764 284 800 μέσον
298 765 347 800 τὴν
363 763 504 800 ἀλήθειαν,
519 765 565 791 καὶ
579 761 636 791 οἷον
658 763 831 800 ἀπεληλαμέ-

62 821 98 839 νον
112 811 153 839 τοῦ
167 811 278 856 σκοτους
291 810 492 846 περιαστράψαι
507 810 609 845 τὺφῶς.
623 810 767 847 Ταύτῃτοι,
784 809 832 836 καὶ

64 859 125 895 μάλα
139 857 249 889 εἰκότως
264 857 332 892 μετά
347 865 378 891 γε
390 857 442 892 μὴν
456 856 595 892 ὲπωφελῆ,
614 855 833 891 καὶόνησιφόρον

60 905 159 940 ταυτηνὶ
173 903 344 939 παραίνεσιν,
369 903 418 937 τὴν
440 902 538 929 ἑαυτοῦ
567 902 646 934 δόξαν
673 901 833 936 καθίστησιν

61 948 164 984 ἐμφανῆ.
183 947 253 982 Ἐγὼ
280 947 335 983 γάρ
351 947 408 982 ειμι
429 946 505 978 Θεὸς,
521 947 598 982 φησὶ,
616 946 663 973 καὶ
685 946 735 972 οὐκ
759 946 833 972 ἐστιν

61 994 136 1025 ἄλλος.
146 991 211 1020 Εἶτα
224 992 279 1019 τῶν
292 992 402 1019 ἔσεσθαι
412 992 646 1028 προσδοκωμένων
658 991 702 1018 διὰ
714 991 832 1027 Χριστοῦ

61 1038 272 1076 προκαταμηνύει
292 1038 341 1073 τὴν
357 1037 481 1073 δύναμιν,
497 1038 571 1074 ὅρκῳ
586 1037 775 1073 πιστούμενος,
793 1037 834 1063 ὅτι

62 1085 136 1120 πάντη
150 1093 179 1111 τε
195 1084 242 1110 καὶ
265 1083 374 1116 πάντως
389 1084 406 1119 ἡ
424 1083 458 1109 δι’
472 1083 552 1110 αὑτοῦ
568 1083 719 1119 λαλουμένη
732 1083 836 1110 δικαιο-

63 1131 128 1167 σύνη,
136 1130 205 1157 τοῦτ’
216 1130 300 1163 ἔστιν,
311 1131 328 1166 ἡ
346 1131 376 1157 ὲν
391 1129 503 1166 Χριστῷ
520 1129 564 1156 διὰ
582 1129 700 1162 πίστεως
711 1131 767 1161 τοῖς
784 1130 835 1157 ἀνὰ

63 1178 138 1204 πᾶσαν
152 1176 312 1212 χαρισθεῖσα
325 1176 375 1212 τὴν
392 1177 438 1203 ὑπ’
453 1176 577 1212 οὐρανὸν,
591 1176 638 1203 καὶ
654 1177 678 1203 οἱ
694 1175 776 1203 αὑτοῦ
788 1175 835 1202 λό-

61 1232 108 1258 γοι,
127 1224 155 1249 τὸ
172 1223 350 1258 εὐαγγελικὸν
364 1223 484 1258 δηλονότι
493 1224 539 1250 καὶ
547 1223 680 1258 σωτήριον
693 1222 833 1258 κήρυγμα,

61 1270 138 1305 πάντη
151 1278 180 1295 τε
196 1270 243 1296 καὶ
259 1269 369 1301 πάντως
383 1269 538 1304 ἀναλάμψει
551 1268 622 1296 κατὰ
640 1268 765 1304 καιρούς.
778 1269 836 1295 Κα-

61 1315 156 1350 ταδηλοτ
169 1315 232 1351 γὰρ,
247 1313 334 1351 οἶμαι,
353 1316 427 1342 τουτὶ
441 1315 482 1348 τὸ,
496 1315 553 1341 Οὐκ
567 1315 835 1350 ἁποστραφὴσονται.

62 1362 119 1388 Θεοῦ
132 1362 183 1398 γὰρ
200 1362 426 1397 ὑπισχνουμένου,
446 1361 494 1388 καὶ
507 1362 548 1388 ὅτι
565 1361 653 1396 πάντη
667 1369 696 1387 τε
709 1361 755 1387 καὶ
767 1361 837 1387 πάν-

62 1416 107 1439 τως
131 1407 203 1434 ἔσται
227 1416 256 1434 τι
281 1407 416 1441 λέγοντος,
430 1408 472 1438 τις
496 1408 510 1433 ὁ
534 1406 649 1441 ὲγκόψαι
671 1406 835 1440 δυνάμενοςς

64 1455 167 1489 Ὄμνυσι
179 1453 210 1489 δὴ
222 1452 270 1480 οὖν
285 1453 346 1480 καθ’
361 1452 628 1488 ἑαυτοῦ.”Ανθρωποι
640 1452 690 1487 μὲν
702 1451 756 1487 γὰρ
766 1450 838 1477 κατὰ

62 1498 102 1525 τοῦ
118 1498 235 1534 μείζονος
252 1498 394 1533 ὀμνύουσι,
412 1497 460 1523 καὶ
470 1497 559 1530 πάσης
572 1496 664 1526 αὐτοῖς
683 1494 838 1530 ἀντιλογίας

63 1546 138 1581 πέρας
157 1546 195 1577 εἰς
212 1545 357 1580 βεϐαίωσιν
372 1545 386 1571 ό
403 1545 493 1580 ὅρκος.
512 1543 578 1574 Θεὸς
592 1543 620 1569 δὲ
636 1544 650 1569 ὁ
667 1542 775 1569 πάντων
788 1542 838 1567 ιπ-

62 1591 151 1625 έκεινα,
167 1592 214 1618 καὶ
226 1591 404 1626 ἀσυγκρίτοις
420 1590 569 1624 ὑπεροχαῖς
582 1588 636 1615 τῶν
652 1588 739 1615 ἄλλων
749 1587 837 1623 ὴρμέ-
850 1605 872 1633 c

61 1646 108 1669 νος,
130 1637 224 1672 ὖμνυσι
248 1636 309 1663 καθ’
323 1635 434 1664 ἑαυτοῦ,
456 1636 493 1662 υὺ
519 1635 573 1671 γὰρ
596 1633 629 1670 ἦν
655 1634 752 1670 ὀμόσαι
777 1634 837 1661 καθ’

55 1683 145 1721 έτέρου
169 1683 250 1714 αὐτὸς
272 1682 320 1714 ὣν,
335 1683 372 1714 ὡς
396 1682 474 1718 ἔφην,
492 1682 523 1708 τὸ
546 1682 654 1709 πάντων
677 1681 838 1716 ἀκρότατον,

63 1729 143 1756 καὶτὸ
155 1730 193 1761 εἰς
205 1729 282 1764 λῆξιν
297 1728 456 1764 ἁνεστηκὺς,
465 1727 536 1755 κατά
550 1736 579 1754 τε
593 1727 673 1762 φύσιν
687 1727 734 1754 καὶ
748 1726 837 1759 δόξαν.

63 1775 90 1801 Τί
105 1773 146 1802 οὖν
160 1776 213 1810 ἄρα
225 1775 257 1802 τὸ
271 1774 457 1809 ὲπαγγελθέν;
475 1774 611 1810 Σωτηρία,
627 1774 673 1800 καὶ
686 1773 839 1808 ἐπιστροφὴ

63 1822 151 1854 παντὸς
173 1821 218 1848 τοῦ
245 1821 291 1848 ἐπὶ
313 1821 362 1856 τῆς
382 1821 434 1856 γῆς
449 1820 551 1854 ἔθνους.
561 1821 637 1855 Ἐμοὶ
653 1819 708 1855 γὰρ
723 1819 838 1854 κάμψει,

63 1870 132 1904 φησὶ,
145 1870 196 1896 πᾶν
211 1869 289 1903 γόνυ.
302 1868 348 1896 κα)¹
362 1868 470 1904 ὀμεῖται
487 1868 564 1894 πᾶσα
578 1866 688 1901 γλῶσσα
701 1866 744 1893 τὸν
762 1865 839 1895 Θεόν.

63 1914 95 1940 Τὸ
101 1914 135 1947 δὲ,
148 1914 259 1949 Κάμψει
269 1914 327 1950 Θεῷ
339 1913 416 1948 γόνυ,
429 1913 520 1949 ὅρκιόν
533 1921 562 1939 τε
571 1913 638 1948 πρὸς
652 1912 780 1939 ἁπάντων
790 1911 840 1937 αὺ-

62 1960 103 1986 τοῦ
116 1960 235 1994 γίνεσθαι
247 1960 277 1986 τὸ
292 1959 388 1995 ονομα,
401 1959 427 1986 τί
442 1959 474 1998 ἂν
485 1959 577 1994 ἕτερον
590 1956 660 1984 εἶναι
674 1959 758 1984 νοοῖτο
770 1956 841 1992 πλὴν

63 2006 98 2033 ὄτι
113 2006 218 2033 πάντων
232 2006 395 2041 ἐπιστροφὴ,
409 2005 456 2032 καὶ
477 2005 633 2039 ἐπίγνωσις,
648 2004 695 2031 καὶ
708 2003 757 2038 τῆς
773 2002 841 2038 πρὸς

63 2052 136 2079 αὐτὸν
150 2052 316 2088 οἰκειότητος
329 2052 461 2087 δήλωσις;
477 2049 509 2077 Οἳ
524 2050 579 2085 γὰρ
591 2050 660 2081 ὅλως
670 2049 704 2076 δι’
715 2050 841 2084 ἐπιστρο-

63 2098 110 2133 φῆς
126 2099 192 2134 πρὸς
206 2098 273 2125 Θεὸν
286 2097 446 2133 ἐπιφοιτῶσι
459 2096 597 2128 παντελῶς
611 2096 658 2122 καὶ
668 2094 716 2122 τοῦ
732 2094 841 2130 κάμψαι

63 2144 119 2177 γόνυ
135 2146 190 2176 τοῖς
206 2144 373 2180 ἀκαθάρτοις
388 2143 535 2178 πνεύμασι,
546 2143 592 2169 καὶ⁴
604 2141 651 2168 τοῦ
662 2141 707 2168 διὰ
717 2140 842 2177 γλώττης

63 2189 128 2224 ἐχειν
140 2190 238 2222 αὐτοὺς
255 2190 292 2222 ὡς
309 2190 386 2220 Θεοὺς
402 2189 448 2225 (οὐ
462 2188 517 2224 γὰρ
533 2187 662 2224 ὀμοῦνται
684 2187 755 2214 κατά
770 2195 843 2218 τινος

63 2236 96 2267 ὡς
109 2237 170 2272 περὶ
181 2235 273 2271 Θεοῦ),
288 2235 346 2262 ἀλλ’
365 2235 413 2262 ἕνα
428 2235 473 2262 τὸν
488 2234 577 2269 φύσει,
593 2234 641 2260 καὶ
654 2233 762 2269 ἀληθῶς
776 2233 840 2259 ῠντα

916 447 1002 475 Vens.
1020 448 1065 480 25,
1083 447 1130 475 24.
1153 446 1207 482 Ego
1227 455 1285 474 sum
1307 444 1387 477 Deus,
1413 448 1438 471 et
1461 451 1514 470 non
1532 447 1569 469 est
1587 442 1666 470 alius.

882 494 937 522 Per
948 503 989 521 me
1004 495 1089 528 ipsum
1099 494 1173 528 juro,
1188 492 1239 519 nisi
1257 491 1406 527 egredietur
1416 490 1447 516 de
1460 498 1504 516 ore
1518 497 1574 516 meo
1587 489 1667 523 justi-

882 541 931 575 tia,
946 548 1079 568 sermones
1093 538 1144 566 mei
1161 546 1212 565 non
1227 542 1395 575 avertantur:
1416 535 1478 571 quia
1492 535 1556 561 mihi
1574 543 1668 562 curva-

882 573 954 614 bitur
965 593 1040 613 omne
1053 593 1130 620 genu,
1149 589 1174 611 et
1188 583 1271 619 623
1291 573 1392 617 iurabit
1413 582 1496 608 omnis
1521 580 1611 614 lingua
1625 588 1672 615 per

883 632 979 666 Deum,
990 631 1078 658 dicem
1089 637 1098 657 :
1111 629 1224 657 Iustitia
1238 635 1261 656 et
1280 629 1366 664 gloria
1377 627 1410 654 ad
1426 635 1485 654 eum
1504 626 1616 654 venient.

920 718 1030 747 Sublato
1044 717 1112 745 falso
1127 715 1264 743 nominato
1280 713 1352 741 cultu
1362 733 1370 745 ,
1385 713 1412 740 in
1431 711 1547 739 medium
1566 710 1673 745 prodire

884 765 1024 792 veritatem
1038 762 1167 798 oportuit,
1181 764 1208 788 et
1221 758 1341 787 tenebris
1356 757 1436 785 veluti
1451 755 1569 791 depulsis
1585 756 1671 782 lucem

885 811 1003 844 undique
1027 808 1155 835 emicare.
1179 805 1247 833 Hinc
1271 804 1380 839 quidem
1405 802 1594 834 meritissirne,
1614 805 1674 835 post

885 857 979 884 utilem
1004 859 1031 883 et
1054 855 1221 881 fructuosam
1245 851 1314 878 hanc
1340 848 1575 879 exhortationem,
1598 853 1673 874 suam

886 902 1006 931 declarat
1027 900 1151 935 gloriam.
1170 899 1226 933 Ego
1248 897 1332 928 enim,
1348 895 1445 930 inquit,
1465 902 1523 921 sum
1543 893 1629 926 Deus,
1648 897 1675 919 et

849 937 870 964 Β
885 957 939 976 non
954 952 996 975 est
1011 947 1090 974 alius.
1106 945 1206 972 Deinde
1222 950 1316 971 eorum
1334 948 1393 976 quae
1409 941 1499 967 futura
1517 943 1676 974 exspectan-

885 1000 928 1023 tur
950 1001 999 1029 per
1020 992 1177 1023 Christum,
1196 990 1323 1016 virtutem
1347 986 1554 1022 prmsigniticat,
1571 984 1675 1019 iureiu-
1729 994 1732 997 -

885 1025 969 1070 rando
986 1039 1161 1070 confirmans,
1174 1036 1245 1072 quod
1263 1035 1334 1063 dicta
1351 1041 1400 1069 per
1416 1033 1504 1068 ipsum
1521 1031 1635 1066 iustitia,
1649 1025 1679 1056 id'

884 1092 941 1120 est,
959 1093 1018 1121 quae
1041 1085 1068 1112 in
1092 1083 1216 1116 Christo,
1233 1089 1281 1117 per
1302 1080 1382 1108 ﬁdem
1405 1078 1490 1113 gratis
1514 1078 1613 1105 donata
1636 1079 1677 1103 est

885 1134 1042 1161 universum
1063 1136 1198 1158 terrarum
1216 1129 1309 1156 orbem
1326 1124 1558 1156 inhabitantibus,
1574 1128 1602 1149 et
1617 1129 1676 1150 ser-

885 1185 980 1207 mones
1000 1177 1069 1212 eius,
1083 1175 1238 1210 evangelica
1258 1173 1362 1201 scilicet
1382 1175 1410 1199 et
1434 1168 1561 1197 salutaris
1581 1167 1679 1202 praedi-

885 1225 968 1256 catio.
984 1222 1110 1251 omnibus
1128 1220 1195 1248 locis
1210 1218 1389 1252 omnibusque
1407 1214 1495 1242 modis
1511 1213 1677 1240 elucescent.

886 1270 988 1298 lndicat
1006 1268 1089 1300 enim,
1106 1267 1212 1302 opinor,
1226 1265 1278 1292 hoc
1300 1272 1307 1291 :
1329 1262 1388 1290 Non
1413 1263 1581 1288 avertentur.
1600 1257 1677 1288 Nam,

887 1317 943 1344 Deo
969 1314 1160 1350 promittente,
1183 1316 1210 1338 et
1232 1316 1344 1344 prorsus
1372 1307 1533 1343 penitusque
1558 1304 1678 1331 futurum

887 1362 1008 1394 dicente,
1028 1359 1090 1394 quis
1118 1357 1216 1393 poterit
1241 1353 1390 1390 impedire?
1416 1352 1495 1380 .lurat
1522 1350 1603 1385 igitur
1631 1355 1681 1383 per

888 1408 1016 1442 seipsum.
1044 1403 1172 1432 Homines
1194 1401 1265 1429 enim
1280 1407 1329 1435 per
1352 1406 1426 1430 eum,
1445 1397 1491 1432 qui
1513 1396 1601 1430 major
1625 1398 1678 1424 est.

886 1454 988 1489 iurant,
1003 1456 1030 1480 et
1044 1451 1131 1479 omnis
1148 1446 1341 1476 controversiae
1357 1445 1418 1472 ﬁnis
1434 1448 1477 1471 est
1490 1443 1552 1475 illis,
1569 1442 1602 1468 ad
1620 1447 1678 1467 rem

888 1487 1099 1528 confirmandam
1108 1516 1115 1529 ,
1134 1493 1322 1529 jusjurandum
1333 1491 1369 1519 “.
1383 1490 1454 1517 Deus
1466 1494 1556 1516 autem
1568 1487 1613 1522 qui
1639 1490 1681 1512 est

889 1553 969 1581 supra
991 1545 1093 1576 omnia,
1109 1547 1136 1570 et
1157 1537 1361 1574 incomparabili
1383 1534 1543 1564 excellentia
1565 1536 1680 1559 antestat

889 1579 1006 1625 caeteris,
1022 1598 1070 1626 per
1084 1589 1202 1623 seipsum
1218 1587 1301 1622 iurat.
1317 1584 1375 1611 Non
1393 1582 1466 1610 enim
1484 1579 1571 1616 potuit
1587 1579 1680 1613 iurare

888 1648 938 1676 per
952 1639 1045 1671 alium,
1061 1644 1122 1664 cum
1140 1635 1208 1670 ipse,
1222 1637 1251 1660 ut
1267 1631 1334 1663 dixi,
1348 1629 1469 1658 omnium
1491 1627 1526 1654 sit
1547 1631 1681 1657 summus,

888 1691 917 1715 et
932 1686 965 1713 ad
980 1690 1113 1712 summum
1130 1680 1267 1714 fastigium
1290 1681 1386 1704 natura
1408 1679 1436 1702 et
1454 1673 1540 1709 gloria
1561 1674 1680 1698 evectus.

890 1733 959 1768 Quid
985 1735 1028 1759 est
1051 1729 1132 1764 igitur
1157 1726 1230 1761 quod
1255 1722 1444 1751 annuntiatnrn
1469 1718 1529 1746 est?
1553 1716 1631 1744 Salus
1654 1719 1683 1742 et

889 1777 1030 1807 conversio
1046 1774 1166 1802 omnium
1184 1771 1282 1805 ubique
1300 1768 1429 1804 gentium.
1448 1763 1513 1791 Mihi
1530 1762 1603 1790 enim
1616 1781 1623 1792 ,
1640 1761 1682 1787 in-

890 1825 960 1860 quit,
975 1822 1066 1849 llectet
1083 1827 1113 1847 se
1129 1823 1210 1845 omne
1227 1823 1310 1851 genu,
1326 1818 1353 1840 et
1366 1811 1470 1846 iurabit
1486 1809 1575 1836 omnis
1592 1807 1681 1841 lingua

890 1852 938 1906 per
953 1869 1047 1896 Deum.
1065 1865 1170 1893 Flectet
1186 1870 1216 1890 se
1233 1869 1301 1896 genu
1319 1860 1390 1892 Dco,
1407 1862 1434 1885 et
1450 1863 1547 1883 nomen
1568 1853 1628 1887 eius
1648 1852 1682 1878 ab

890 1898 1016 1943 omnibus
1030 1912 1056 1939 in
1068 1911 1224 1946 iuramento
1240 1905 1422 1936 adhibebitur,
1435 1901 1498 1936 quid
1514 1900 1585 1927 aliud
1599 1898 1683 1932 signi-

892 1960 966 1991 ficat,
982 1945 1074 1992 quam
1087 1954 1207 1984 omnium
1227 1950 1433 1979 conversionem
1456 1951 1483 1974 et
1505 1945 1682 1980 agnitiOnern,

891 2010 918 2033 et
931 1989 1129 2039 coniunctionis
1145 2007 1206 2027 cum
1224 1998 1282 2032 ipso
1299 1992 1527 2031 patefactionem?
1542 1990 1593 2023 Qui
1610 1989 1682 2016 enim

891 2057 939 2086 per
958 2047 1162 2076 conversionem
1187 2044 1221 2071 ad
1247 2043 1330 2070 Deum
1358 2040 1483 2070 redeunt,
1500 2043 1611 2072 prorsus
1633 2040 1684 2060 nec

892 2080 960 2132 Igeuu
975 2092 1120 2121 immundis
1132 2089 1272 2126 spiritibus
1285 2088 1406 2117 ﬂectunt,
1420 2091 1508 2118 neque
1522 2082 1612 2116 lingua
1624 2080 1684 2107 illos

892 2145 921 2169 ut
937 2141 1002 2168 deos
1019 2137 1222 2166 circumferunt.
1238 2134 1296 2162 Non
1314 2133 1386 2160 enim
1403 2138 1450 2166 per
1467 2129 1549 2157 ullum
1566 2127 1682 2162 aliquem

889 2185 1030 2221 iurabunt,
1046 2188 1172 2217 tanquam
1192 2188 1239 2216 per
1253 2179 1338 2206 Deum
1355 2185 1362 2204 :
1381 2176 1427 2205 sed
1443 2182 1525 2202 rrntrrn
1545 2179 1640 2201 natura
1657 2176 1685 2198 et

894 2240 958 2260 vere
974 2238 1033 2260 esse
1050 2232 1261 2264 cognoscentes,
1276 2225 1334 2259 eius
1350 2223 1414 2258 iugo
1431 2222 1564 2249 cervicem
1583 2226 1684 2254 suppo-

63 2281 245 2314 γινώσκοντες,
264 2283 324 2313 ταῖς
341 2281 422 2309 αὑτοῦ
439 2280 566 2315 ζεύγλαις
581 2279 710 2314 ὑπέχουσι
725 2280 772 2307 τὸν
795 2280 835 2306 αὑ-

917 2284 977 2312 unt,
992 2282 1020 2306 et
1036 2284 1103 2312 genu
1120 2275 1244 2306 flectunt,
1258 2277 1285 2299 et
1302 2271 1324 2298 si
1343 2269 1461 2304 legitime
1475 2267 1567 2302 iurare
1584 2265 1682 2296 velint,

65 2327 131 2361 χένα,
143 2328 188 2354 καί
199 2327 356 2363 κάμπτουσι
368 2336 398 2354 τε
409 2327 439 2354 τὸ
450 2327 514 2361 γόνυ
529 2326 684 2361 ποιούμενοι
699 2327 748 2358 τὰς
756 2325 843 2359 λιτὰς,

64 2373 110 2399 κᾶν
124 2374 147 2399 ει
163 2374 286 2410 εὐορκεῖν
304 2373 406 2400 ἓλοιντό
420 2381 488 2405 πως,
499 2372 581 2399 αὑτοῦ
591 2373 638 2399 καὶ
653 2372 734 2408 μόνου
750 2372 845 2407 διαμε-

66 2419 206 2454 μνήσονται
231 2419 364 2454 λέγοντες,
380 2419 421 2446 ὅτι
444 2420 522 2446 Πᾶσα
538 2418 693 2454 δικαιοσύνη
708 2419 754 2446 καὶ
770 2419 844 2445 πᾶσα

64 2460 121 2492 δόξα
138 2462 205 2496 πρὸς
221 2463 303 2489 αὐτὸν
315 2462 421 2498 ἥξουσι,
436 2462 508 2489 τοῦτ’
519 2462 603 2495 ἔστιν,
614 2463 689 2498 αὐτῷ
698 2463 730 2498 δὴ
743 2463 844 2498 πρέπει

66 2506 107 2532 καὶ
131 2508 212 2543 μόνῳ.
226 2509 272 2535 Δεῖ
300 2508 354 2544 γὰρ
379 2509 412 2535 τὰ
437 2509 545 2536 πάντων
560 2500 657 2544 ἄριστα
672 2509 727 2535 τῶν
743 2508 842 2545 ἔργων,

65 2552 108 2602 xui
120 2554 246 2602 adv-dem
261 2555 335 2580 ἐστὶν
346 2555 375 2582 ὲν
393 2555 496 2590 ῥήμασι
512 2555 605 2582 τελοῦν
621 2557 662 2587 εὶς
675 2555 753 2589 δόξαν
764 2555 842 2589 Θεοῦ,

64 2599 136 2624 τοῦτο
152 2599 226 2635 αὐτῷ
243 2600 311 2635 πρὸς
324 2601 403 2636 ἡμῶν
419 2601 586 2628 ἀνάπτεσθαι
602 2601 685 2637 μόνῳ.

97 2645 357 2680 Αἰσχυνθήσονται
374 2647 485 2681 πάντες
508 2649 535 2675 οἱ
560 2648 750 2683 ἀφορίζοντες
774 2648 843 2675 ἐαυ-

66 2690 127 2723 τοῠς
144 2691 203 2718 ἀπὸ
219 2693 340 2726 K-uplov'
356 2693 613 2728 δικαιωθήσονται,
625 2694 674 2720 καὶ
685 2695 720 2721 ἐν
732 2694 772 2727 τῷ
785 2694 845 2727 Θεῷ

67 2735 280 2770 δοξασθήσεται
294 2738 356 2765 πᾶν
369 2740 403 2765 τὸ
418 2740 537 2774 σπέρμα
550 2739 609 2766 τῶν
624 2739 696 2767 υἱῶν
712 2741 843 2775 Ἰσραήλ.

105 2782 213 2818 Ἀληθές
241 2785 298 2810 κατ’
314 2784 398 2819 ἄμφω
420 2784 451 2811 τὺ
476 2785 630 2821 εἰρημένον,
645 2786 691 2812 καὶ
713 2786 763 2812 οὐκ
784 2786 817 2812 ἂν
832 2786 847 2812 ὁ

67 2827 133 2859 θεῖος
158 2828 330 2862 διαψεύσεται
356 2829 560 2864 λόγος.”Εψεται
584 2830 638 2865 γὰρ
664 2830 772 2861 πάντως
791 2831 846 2861 τοῖς

100 2916 121 2932 ⁸⁵
137 2917 182 2944 llel
196 2925 217 2944 ι’.
241 2925 275 2951 vr,
294 2918 333 2944 l6.

892 2326 952 2361 eius
977 2323 1060 2352 solius
1082 2321 1246 2349 mentionem
1271 2317 1390 2349 faciunt,
1414 2315 1534 2342 dicentes
1558 2320 1565 2339 :
1590 2310 1684 2338 Omnis

889 2355 993 2406 iustitia
1012 2373 1039 2397 et
1055 2368 1139 2404 gloria
1162 2366 1195 2393 ad
1217 2371 1279 2392 eum
1296 2362 1417 2394 venient,
1433 2360 1459 2387 id
1481 2363 1533 2390 est,
1548 2357 1572 2385 ei
1592 2360 1619 2383 et
1635 2355 1683 2383 soli

893 2416 1029 2446 convenit.
1048 2403 1144 2443 Omnia
1168 2417 1283 2445 namque
1306 2409 1376 2435 facta
1402 2403 1638 2442 praestantissima,
1656 2406 1684 2429 et

894 2463 965 2492 dicta
983 2461 1073 2489 omnia
1089 2463 1255 2494 quacunque
1272 2454 1305 2481 ad
1323 2454 1370 2480 Dei
1388 2451 1502 2487 gloriam
1519 2448 1683 2480 redundant,

898 2510 996 2538 debent
1008 2508 1032 2535 ei
1046 2515 1061 2534 a
1077 2505 1154 2533 nobis
1167 2504 1216 2532 soli
1231 2498 1441 2530 accommodari.

932 2644 1015 2681 62!;
1033 2642 1113 2671 Vens.
1127 2640 1173 2673 '25,
1186 2639 1232 2666 26.
1247 2636 1447 2672 Confundentur
1463 2642 1549 2661 omnes
1566 2633 1610 2668 qui
1626 2640 1654 2659 se
1669 2639 1686 2658 α

899 2679 1010 2720 Domino
1026 2693 1167 2724 separant;
1178 2686 1244 2721 justi
1262 2685 1334 2719 ﬁent,
1348 2688 1371 2710 et
1387 2684 1414 2710 in
1431 2681 1484 2709 Deo
1496 2679 1687 2716 glori/imbitur

899 2745 973 2765 omne
987 2744 1072 2763 semen
1089 2734 1204 2769 ﬁliorum
1218 2731 1315 2758 Israel.

936 2783 1035 2809 Verum
1061 2785 1103 2808 est
1128 2780 1154 2806 iu
1175 2783 1288 2812 utraque
1313 2780 1389 2811 parte
1410 2773 1481 2808 quod
1502 2772 1604 2798 dictum
1629 2773 1685 2800 est,

901 2836 986 2864 neque
1003 2832 1090 2864 potest
1105 2826 1210 2854 divinus
1227 2829 1315 2852 sermo
1333 2819 1451 2848 rneutiri.
1467 2819 1600 2852 Sequetur
1615 2814 1686 2842 enim
