1883 3055
37 206 84 235 939

587 200 619 228 IN
638 200 754 228 ISAIAM
774 199 838 229 LIB.
859 201 904 230 IV.
922 201 1027 230 ORAT.
1048 202 1091 232 ΙΙΙ.

1602 199 1655 227 990

39 264 50 289 ὁ
64 260 121 295 περί
144 267 175 293 γε
196 257 297 285 τούτων
311 258 378 293 ἡμῖν
393 256 570 292 εἰσεκομίσθη
589 256 680 290 λόγος,
697 257 746 283 καὶ
768 265 817 283 πε-

914 259 1036 286 roductus
1061 262 1113 285 est.
1130 257 1163 284 Et
1185 256 1317 284 cecidisse
1340 256 1379 283 ait
1401 254 1457 284 Bel.-
1475 253 1540 282 Em
1565 258 1654 281 autem

39 304 162 332 πτωκὲναι
185 303 253 338 φησὶ
273 302 317 329 τὸν
331 302 395 338 Βήλ.
414 301 530 328 Εῐδωλον
551 301 580 327 δὲ
603 301 681 327 τοῦτο
698 300 814 336 μάλιστα

39 351 87 377 τῶν
99 348 284 380 Βαϐυλωνίων,
301 347 480 383 τετιμημένον
491 347 520 373 δὲ
536 347 583 373 καὶ
601 347 629 373 ἐν
644 346 751 382 ἑτέραις
766 346 814 372 πό-

40 397 98 422 λεσι.
110 394 163 421 Καί
181 402 263 428 φασιν
277 391 346 420 εἶναι
359 392 406 418 τὸν
421 392 476 427 Βὴλ
490 391 535 418 τὸν
550 391 615 426 παρ’
628 391 741 426 Ἕλλησι
758 392 815 422 τοῖς

40 441 118 471 ἀθέοις
137 439 367 474 μυθολογούμενον
389 437 504 473 Κρόνον,
518 437 548 464 ὃν
567 437 614 464 καί
637 446 719 472 φασιν
740 437 815 472 ὠμὸν

40 483 102 513 εἶναι
118 484 163 511 καὶ
185 483 369 519 φιλαίματον,
393 483 441 509 καὶ
459 482 662 517 ἁνδροκτασιῶν
685 483 813 518 ἐραστήν.

46 528 252 563 Ἀναγέγραπται
268 526 333 562 γοῦν
349 528 377 554 ὲν
397 526 716 562 ἱστορίαιςἙλληνικαῖς,
731 526 767 558 ὡς
787 528 815 554 ὲν

41 575 119 610 ἡμέρᾳ
128 574 176 609 μιᾷ
185 572 355 608 τριακοσίους
367 572 420 599 τῶν
429 572 511 605 ξένων
521 571 638 606 ἐσφαζόν
648 581 718 603 τινες
730 571 815 606 αὐτῷ,

43 621 152 655 μοσαρὰν
163 619 210 646 καὶ
226 619 362 654 στυγητὴν
377 618 436 653 Θεῷ
458 618 505 644 καὶ
524 617 678 654 ἀνθρώποις
693 617 814 644 ἐπιτελε-

44 667 125 701 σθῆναι
135 665 297 700 πανήγυριν.
309 665 362 691 Καὶ
373 664 439 698 γοῦν
450 665 463 690 ό
472 663 525 690 τῶν
537 664 605 690 ὅλων
614 663 690 696 Θεὸς,
700 664 746 690 ὲπὶ
757 664 816 695 ταῖς

42 712 101 737 οὓτω
110 711 206 741 δειναῖς
215 710 355 741 ἀσεϐείαις
375 709 549 743 ἀγανακτῶν,
566 709 599 735 δι’
613 709 671 740 ἑνός
688 708 738 734 πού
751 717 816 743 φησι

43 757 86 783 τῶν
103 757 182 790 ἁγίων
197 756 346 792 προφητῶν
364 757 421 787 τοῖς
439 755 473 782 τὰ
491 755 580 782 τοιάδε
600 754 666 790 δρᾷν
686 747 794 781 εἰωθόσι
807 763 814 770 ·

43 804 132 830 θύσατε
157 803 335 838 ἀνθρώπους·
359 802 454 837 μόσχοι
475 802 528 838 γὰρ
551 801 747 828 ἐκλελοίπασιν.
770 801 817 833 Et;

43 849 108 875 τοῦτο
115 849 166 884 γὰρ
178 848 387 884 μισανθρωπίας
395 856 424 874 τε
434 847 480 874 καὶ
487 847 647 882 ἀγριότητος
656 846 817 873 καθικέσθαι

43 895 98 929 φησι
112 894 170 926 τοὺς
184 894 356 929 ἀκαθάρτους
368 893 508 929 δαίμονας,
520 893 590 919 ὥστε
602 893 649 919 καὶ
660 893 817 928 ἅκορέστως

42 941 109 975 διψῇν
125 939 294 975 ἀνθρώπινον
308 937 388 975 αἷμα,
409 940 456 966 καὶ
476 941 538 971 ταῖς
560 938 616 965 τῶν
631 938 818 973 ἁλισκομένων
833 936 854 963 Β

43 986 141 1025 φϐφρατς
154 985 360 1019 ὲπιγάννυσθαι.
376 985 414 1012 Οὐ
429 985 482 1020 γὰρ
497 985 530 1011 ἂν
544 985 607 1016 ἴσως
624 984 712 1011 ἔοικεν
726 984 829 1016 αὑτοῐςι

43 1031 162 1064 ὀκλάζων
176 1032 276 1066 μόσχος
304 1031 351 1058 ἐπὶ
367 1031 462 1066 βωμῷ,
479 1030 623 1057 λιϐανωτοί
640 1039 670 1057 τε
685 1030 732 1057 καὶ
751 1029 819 1065 πρό-

44 1079 115 1104 σιταε
131 1077 268 1112 γλίχονται
290 1077 319 1104 δὲ
338 1077 438 1113 μᾶλλον
461 1077 512 1112 τῆς
532 1076 682 1112 ἀνθρώπων
700 1076 817 1111 σφαγῆς.

45 1123 134 1149 Ἔπεσε
144 1123 244 1156 τοίνυν,
261 1123 353 1159 φησὶν,
371 1124 387 1159 η
401 1123 467 1159 Βὴλ,
483 1123 555 1150 τοῦτ’
572 1123 639 1155 ἐστι,
653 1123 818 1159 κατηνέχθη.

44 1170 83 1196 καὶ
96 1169 188 1196 [maesti
204 1170 222 1205 ὴ
234 1169 284 1196 τοῦ
298 1169 424 1206 δαίμονος
440 1169 531 1204 ι-σχύςο
548 1170 591 1196 ἵνα
601 1169 695 1195 λοιπὸν
715 1169 761 1195 τὸν
786 1170 820 1196 ὲκ

43 1217 84 1251 τῆς
95 1215 201 1243 ἐκείνων
217 1216 380 1251 σκαιότητος
395 1215 579 1248 ἀποϐαλόντες
593 1214 675 1250 ζυγὸν
689 1215 820 1251 ἐλευθέρᾳ

44 1262 84 1289 καὶ
93 1262 209 1298 samo
222 1262 321 1299 γνώμῃ
337 1262 454 1299 τρέχωσι
469 1263 537 1299 πρὸς
551 1262 618 1289 Θεὸν
632 1262 660 1288 οἵ
674 1270 740 1288 ποτε
760 1262 820 1293 ταῖς

44 1308 136 1335 ἐκείνου
157 1308 332 1344 δυστροπίαις
354 1308 537 1344 ὲνισχημένοι.
554 1307 704 1344 Συνετρίϐη
724 1308 753 1334 δὲ
773 1308 821 1334 καὶ

43 1355 55 1380 ό
68 1353 164 1388 Δαγὼν.
177 1354 308 1389 Σὲϐασμα
324 1353 353 1380 δὲ
368 1354 415 1381 καὶ
429 1353 508 1381 τοῦτο
531 1353 585 1380 τῶν
608 1353 657 1389 τὴν
683 1353 820 1389 παραλίαν

43 1400 183 1434 οἰκούντων,
197 1402 214 1436 ἢ
231 1401 280 1427 καὶ
303 1400 402 1436 ὅμορός
423 1401 482 1426 ἐστι
506 1394 556 1435 τῆς
573 1400 821 1432 Ὶουδαίας,Ἀσκα-

43 1446 151 1473 λωνιτῶν
161 1446 191 1473 τέ
217 1455 290 1482 φημι
315 1446 362 1473 καὶ
377 1446 397 1472 Γ
398 1445 515 1478 αζανῶν,
529 1445 577 1477 οὓς
596 1446 642 1472 καὶ
662 1445 822 1480 Φυλιστιεὶμ

44 1493 115 1526 ἡγουν
140 1492 306 1526 ἀλλοφύλους
328 1493 345 1527 ἡ
367 1491 427 1518 θεία
453 1491 616 1526 πλεισταχοῦ
642 1491 823 1526 κατονομάζει

45 1537 142 1572 Γραφή.
158 1535 194 1564 Εὖ
216 1538 245 1564 δὲ
259 1537 292 1573 δὴ
319 1537 422 1573 σφόδρα
437 1537 478 1568 τὸ,
495 1536 656 1573 Συνετρίϐη,
674 1537 768 1572 φησιν,
784 1537 822 1568 ὡς

44 1583 90 1609 ἀπό
108 1591 137 1617 γε
157 1582 204 1610 τοῦ
224 1583 429 1619 συμϐεϐηκότος
443 1582 517 1617 αὐτῷ
537 1583 609 1609 κατὰ
625 1583 737 1618 καιροὺς
748 1602 755 1615 ,
774 1582 822 1609 καὶ

44 1628 84 1656 νῦν
94 1630 108 1656 ό
117 1630 259 1665 προφήτης
272 1629 318 1655 τὸν
333 1629 397 1663 περὶ
416 1628 499 1655 αὑτοῦ
519 1628 650 1663 διεξάγων
665 1628 755 1663 λόγον.
764 1629 823 1655 Ἀμν-

45 1676 154 1710 έγνωμεν
165 1675 219 1711 γὰρ
234 1676 263 1702 ὲν
279 1676 339 1706 ταῖς
357 1674 458 1709 βίϐλοις
472 1673 525 1700 τῶν
543 1673 701 1706 Βασιλειῶν,
719 1674 759 1700 ὅτι
774 1673 824 1709 τὴν

46 1720 110 1747 θείαν
126 1721 189 1747 ποτὲ
204 1720 322 1747 κιϐωτὸν
337 1719 465 1751 λαϐόντες
478 1720 503 1746 οἱ
517 1719 660 1754 ἀλλόφυλοι
677 1720 824 1754 εἰσήγαγον

46 1768 81 1798 εἰς
96 1768 138 1794 τὸν
149 1765 222 1794 οἷκον
237 1765 332 1801 Δαγὼν
343 1774 350 1781 ·
372 1764 432 1793 εἶτα
448 1766 616 1798 εἰσελθόντες
628 1766 653 1792 oi.
669 1766 716 1792 τοῦ
730 1767 826 1801 δαιμο-

47 1813 95 1839 νίου
107 1813 279 1848 θεραπευταὶ,
294 1812 434 1839 τεθέανται
452 1812 595 1844 πεπτωκὸς
607 1812 636 1839 τὸ
651 1812 757 1839 εἴδωλον
776 1812 827 1847 ἔμ-

48 1859 151 1894 προσθεν
172 1859 221 1895 τῆς
246 1858 374 1892 κιϐωτοῦ,
397 1859 444 1885 καὶ
465 1859 610 1894 συντριϐὴν
631 1858 826 1894 ὑπομείναντος

47 1906 119 1932 αὐτοῦ
134 1906 170 1937 ὡς
182 1905 330 1932 ἀποϐαλεῖν
347 1904 441 1940 χεῖράς
455 1913 484 1932 τε
513 1906 559 1932 καὶ
575 1905 668 1937 πόδας,
679 1905 726 1931 καὶ
740 1912 826 1938 κεφα-

47 1950 97 1985 λήν.
112 1950 216 1986 Σφόδρα
228 1948 275 1976 οὖν
287 1950 437 1986 χαριέντως
452 1949 488 1982 ὡς
499 1950 553 1976 ἀπό
565 1958 598 1984 γε
609 1949 656 1976 τοῦ
673 1949 828 1985 συμϐάντος

50 1997 111 2022 πατᾶ
127 1997 238 2032 καιροὺς
255 1996 297 2029 τὸ,
309 1995 469 2031 Συνετρίϐη,
485 1996 562 2031 φησί.
573 1996 666 2031 Φαμὲν
683 1995 711 2022 δὲ
724 1996 764 2022 ὃτι
778 1995 827 2031 τῆς

49 2042 263 2078 εἰδωλολατρείας
280 2043 330 2078 τὴν
344 2043 483 2078 ἀναίρεσιν
492 2043 507 2068 ὁ
520 2042 687 2077 προφητικὸς
700 2043 766 2077 ἡμῖν
777 2042 828 2068 ὑπ-

50 2089 163 2123 εμφαίνει
185 2088 274 2123 λόγος,
287 2088 326 2121 ὡς
341 2089 374 2115 ὲκ
395 2089 494 2124 μέρους
521 2088 551 2114 τό
573 2096 603 2114 τε
624 2087 690 2123 Βὴλ,
715 2088 762 2114 καὶ
781 2087 827 2115 τὸν

50 2133 134 2168 Δαγὼν
149 2135 295 2176 ὀνομάσας.
311 2134 350 2161 Οὺ
365 2134 418 2170 γὰρ
438 2132 473 2169 ἦν
491 2133 618 2160 ἁπάντων
638 2132 695 2159 τῶν
712 2133 759 2160 ἐπὶ
777 2133 828 2168 τῆς

50 2180 94 2215 γῆς
112 2179 226 2208 είδὼλων
240 2180 404 2216 ποιήσασθαι
423 2180 542 2215 μνήμην,
558 2179 615 2206 ἀλλ’
627 2179 665 2211 ὼς
680 2180 712 2206 ὲκ
728 2179 828 2215 μέρους

51 2226 91 2252 ἐπὶ
102 2226 130 2253 τὸ
143 2227 196 2254 πᾶν
209 2226 346 2253 διατάττει
360 2226 451 2253 πάλιν.

836 1611 858 1641 ο

868 305 920 332 hoc
944 305 1077 339 prtcciplle
1100 303 1308 338 Babyloniorum
1332 302 1448 334 idolum,
1469 294 1570 329 sed'in
1594 300 1655 326 aliis

868 351 949 378 etiam
975 351 1129 378 civitatibus
1152 350 1263 377 cultum.
1283 348 1401 375 Narrant
1426 353 1514 375 autem
1544 345 1653 377 Belum,

868 397 939 432 apud
960 397 1069 425 Graecos
1090 396 1193 430 atheos,
1210 395 1329 423 fabulose
1351 394 1451 422 dictum
1475 393 1620 420 Saturnum
1645 400 1652 418 :

868 452 947 479 quem
975 445 1056 472 etiam
1084 444 1173 471 lerunt
1198 443 1331 470 crudelem
1361 449 1436 474 esse,
1460 445 1488 468 et
1514 439 1655 473 sanguinis

869 490 1019 521 sitientem,
1036 493 1062 516 et
1083 489 1164 516 caedis
1185 488 1324 515 hominum
1350 491 1497 514 amantem.
1513 485 1654 512 Traditum

868 541 908 564 est
926 536 1005 562 etiam
1024 535 1050 561 in
1069 534 1189 562 historiis
1206 533 1318 565 Graecis,
1336 533 1467 568 quosdam
1489 531 1513 558 ei
1536 538 1589 558 uno
1611 529 1655 556 die

871 581 980 617 triginta
1000 581 1120 614 hospites
1136 584 1284 611 mactasse,
1299 583 1325 606 et
1343 576 1550 605 abominandam
1566 580 1593 602 et
1611 575 1652 602 in-

869 628 954 654 visam
969 626 1025 653 Dco
1040 630 1122 659 atque
1138 625 1293 652 hominibus
1309 623 1472 651 celebratam
1489 621 1654 656 panegyrim.

869 674 940 702 Deus
954 680 1018 700 sane
1032 672 1218 699 universorum
1233 670 1274 697 bis
1289 670 1355 697 adeo
1368 667 1493 703 gravibus
1508 665 1656 701 impietati-

869 720 920 747 bus
936 718 1101 753 indignatus,
1123 724 1171 752 per
1187 721 1301 742 unnnre
1319 714 1420 742 sanctis
1437 712 1575 747 prophetis
1591 711 1656 739 dicit

870 765 912 792 his
932 764 977 799 qui
1001 763 1064 791 talia
1089 763 1178 789 facere
1199 761 1322 788 solebant
1347 770 1353 786 :
1378 758 1494 786 Mactata
1516 757 1654 788 homines;

869 810 944 838 vituli
966 809 1036 837 enim
1060 808 1225 836 defecerunt.
1243 807 1280 834 Eo
1303 805 1375 832 enim
1400 803 1604 832 inhumanitatis
1629 807 1657 829 et

871 855 1049 883 immanitatis
1064 854 1170 881 venisse
1184 852 1247 880 dicit
1260 851 1380 886 impuros
1394 849 1541 880 daemonas,
1555 851 1584 874 ut
1599 846 1658 874 siti-

872 907 932 929 rent
950 899 1140 928 insatiabiliter
1157 899 1304 925 humanum
1327 895 1499 931 sanguinem,
1515 898 1542 920 et
1562 899 1656 920 eorum

868 948 913 982 qui
931 947 968 974 rei
983 950 1009 973 et
1021 945 1137 973 convicti
1153 947 1240 976 erant,
1253 942 1361 970 interitu
1375 941 1586 968 delectarentur.
1599 937 1656 965 Non

868 994 939 1022 enim
955 993 1024 1019 forte
1039 991 1136 1018 vitulus
1153 990 1179 1017 in
1194 996 1241 1015 ara
1257 988 1389 1020 clamans,
1403 991 1430 1013 et
1446 986 1525 1012 thura
1545 991 1576 1011 ac
1592 991 1657 1011 oves

868 1040 921 1068 illis
936 1037 1139 1068 conveniebant,
1152 1035 1199 1062 sed
1219 1034 1356 1061 hominum
1378 1031 1479 1059 caedem
1502 1029 1656 1064 cupiebant.

869 1084 972 1113 Cecidit
993 1083 1084 1118 igitur,
1099 1080 1195 1115 inquit,
1207 1078 1298 1111 Belus,
1316 1077 1342 1104 id
1363 1081 1416 1109 est,
1430 1074 1550 1109 deiectus
1567 1077 1618 1106 est,
1630 1077 1657 1100 et

869 1130 964 1159 cecidit
979 1127 1108 1156 daemonis
1122 1126 1241 1163 potentia
1258 1133 1265 1151 :
1282 1124 1318 1151 ita
1334 1122 1509 1156 utdeinceps,
1524 1119 1660 1155 perversi-

871 1177 933 1204 tatis
952 1176 1016 1210 jugo
1035 1174 1151 1208 abjecto,
1169 1171 1253 1199 libera
1277 1174 1304 1196 et
1325 1173 1475 1204 spontanea
1495 1170 1597 1199 mente,
1612 1165 1657 1199 qui

870 1224 1004 1259 quondam
1020 1220 1092 1248 illius
1106 1218 1207 1246 malitia
1228 1215 1349 1250 impediti
1370 1218 1452 1242 erant
1469 1218 1497 1241 et
1518 1210 1657 1243 retardati,

870 1258 903 1297 ad
930 1268 1014 1296 Deum
1042 1268 1192 1294 currerent.
1215 1262 1354 1290 Contritus
1381 1265 1423 1288 est
1446 1259 1528 1287 etiam
1555 1258 1657 1292 Dagon.

871 1316 975 1344 Numen
989 1319 1048 1342 erat
1061 1315 1111 1340 hoc
1124 1312 1205 1340 etiam
1232 1316 1326 1337 eorum
1340 1307 1387 1343 qui
1404 1313 1479 1335 oram
1496 1304 1659 1332 maritimam

871 1362 1069 1393 inhabitarunt,
1083 1366 1142 1394 quae
1162 1362 1204 1385 est
1220 1356 1319 1384 Iudaeae
1340 1352 1508 1382 contermina
1526 1359 1533 1378 :
1550 1349 1659 1377 Ascalo—

872 1407 1135 1441 nitarum,‘inquam,
1149 1407 1176 1431 et
1192 1402 1373 1433 Gazanorum,
1393 1405 1462 1433 quos
1481 1397 1562 1424 etiam
1577 1394 1661 1423 Phili-

872 1455 958 1488 stiim,
982 1453 1026 1481 vel
1045 1451 1220 1485 alienigenas,
1234 1448 1317 1484 626
1331 1446 1419 1474 divina
1434 1444 1573 1478 Scriptura
1589 1449 1661 1488 saepe

872 1487 1005 1528 nominat.
1017 1495 1202 1524 Pulcherrime
1217 1494 1284 1521 dixit
1301 1501 1307 1519 :
1326 1491 1467 1519 Contritus
1482 1493 1522 1516 est
1540 1498 1547 1515 :
1563 1487 1661 1522 quippe

873 1545 1004 1582 propheta
1024 1550 1096 1571 nunc
1114 1541 1264 1576 orationem
1285 1539 1317 1566 de
1337 1544 1370 1564 eo
1391 1533 1573 1571 prosequitur,
1590 1531 1662 1582 velut

874 1577 908 1621 ab
922 1577 1019 1620 eventu
1035 1589 1079 1624 qui
1095 1585 1269 1621 subsequenti
1287 1588 1408 1618 tempore
1433 1581 1458 1608 ei
1472 1578 1593 1614 contigit.
1609 1577 1662 1603 Le-

875 1644 951 1675 gerat
963 1638 1034 1666 enim
1048 1637 1074 1663 in
1088 1635 1164 1662 libris
1181 1632 1333 1666 Regnorum
1346 1627 1392 1659 ‘7‘,
1410 1625 1575 1660 alienigenas
1586 1630 1662 1650 acce-

875 1669 949 1720 ptam
963 1681 1123 1717 quandoque
1136 1678 1182 1705 Dei
1196 1683 1298 1708 arcam,
1311 1674 1338 1701 in
1352 1673 1459 1700 domum
1475 1671 1564 1705 Dagon
1581 1669 1663 1695 intro-

876 1715 985 1758 duxisse
999 1737 1006 1755 :
1023 1726 1119 1754 deinde
1133 1726 1268 1759 ingressos
1281 1719 1405 1748 daemonii
1420 1718 1548 1749 cultores,
1563 1715 1662 1742 idolum

875 1776 1023 1809 collapsum
1038 1777 1100 1800 ante
1113 1778 1203 1798 arcam
1216 1768 1326 1799 vidisse,
1339 1770 1366 1794 et
1379 1764 1572 1792 comminutum
1589 1760 1662 1787 illum

877 1822 976 1854 fuisse,
997 1824 1026 1846 ut
1046 1824 1156 1849 manus,
1174 1815 1274 1851 pedes,
1289 1816 1369 1847 caput
1391 1808 1522 1837 amiserit.
1543 1805 1664 1833 Perscite

877 1869 967 1903 itaque
978 1865 1051 1894 velut
1064 1865 1098 1892 ab
1111 1871 1143 1891 co
1155 1862 1226 1898 quod
1243 1856 1469 1893 subsequentibus
1483 1858 1542 1890 post
1561 1857 1663 1885 tempe.

877 1899 952 1942 ribus
978 1911 1143 1946 contigerat,
1165 1907 1252 1942 inquit
1277 1915 1283 1933 :
1310 1903 1448 1933 Conlritus
1473 1905 1524 1929 est.
1545 1899 1664 1927 Dicimus

877 1967 942 1988 vero
957 1957 1140 1994 propheticum
1153 1954 1303 1982 orationem
1319 1950 1396 1978 nobis
1412 1947 1570 1976 idololatria
1589 1953 1663 1972 ever-

878 1993 981 2035 sionem
1001 2002 1182 2033 subindicare,
1196 2006 1256 2027 cum
1279 1997 1356 2033 quasi
1375 2004 1408 2024 ex
1429 1999 1506 2030 parte
1526 1993 1618 2021 Belum
1639 1997 1664 2019 et

879 2054 972 2088 Dagon
987 2047 1146 2078 nominavit.
1159 2045 1218 2073 Non
1234 2045 1306 2073 enim
1319 2043 1406 2078 potuit
1417 2041 1537 2069 omnium
1553 2041 1578 2067 in
1594 2044 1664 2066 terra

878 2076 1011 2128 idolorum
1023 2094 1186 2123 mentionem
1199 2091 1300 2124 facere,
1311 2076 1358 2118 sed
1370 2088 1443 2117 velut
1457 2096 1472 2115 a
1488 2091 1565 2122 parte
1580 2089 1665 2113 totum
1681 2076 1686 2081 ’

879 2145 1018 2175 describit.

80 2272 177 2306 Alpete
190 2272 266 2300 αὐτὰ
278 2271 507 2306 καταδεδεμένα,
516 2270 556 2303 ὡς
567 2270 689 2305 φορτίον
699 2269 822 2297 κοπιῶν-

914 2281 995 2310 Vuns.
1011 2279 1039 2306 2.
1055 2275 1171 2304 Portam
1186 2282 1217 2301 ea
1234 2272 1343 2307 alligata
1359 2269 1429 2297 velut
1443 2276 1509 2295 onus
1524 2267 1670 2298 laboranti,

51 2327 83 2351 τι,
97 2319 143 2345 καὶ
158 2317 298 2346 πεινῶντι
307 2318 507 2352 ἐκλελυμένοι,
522 2317 578 2343 οὐκ
598 2316 735 2349 ἰσχύοντι
750 2315 827 2351 ἅμα·

51 2364 76 2391 οἳ
88 2365 121 2391 οὺ
134 2364 318 2398 δυνήσονται
341 2363 475 2398 σωθῆναι
493 2363 550 2390 ἀπὸ
572 2362 706 2398 πολέμου
717 2371 724 2378 ”
745 2363 830 2390 αὐτοὶ

52 2410 80 2437 δὲ
94 2411 270 2446 αἰχμάλωτοι
285 2410 496 2445 ᾐσχύνθησαν.

83 2456 117 2482 To
127 2455 180 2482 τῶν
195 2456 382 2491 χειροτμήτων
396 2453 542 2488 ἀνωφελὲς,
557 2453 605 2479 καὶ
618 2453 731 2489 μάταιον
746 2463 831 2481 κατα-

52 2501 159 2528 δείκνυσι
172 2502 252 2529 πάλιν
264 2502 329 2537 ἡμῖν
349 2501 363 2526 ό
379 2500 458 2534 λόγος
481 2501 509 2526 ὲν
531 2499 647 2532 τούτοις,
663 2500 702 2531 ὼς
722 2500 776 2527 ἀπό
799 2509 830 2534 γε

53 2547 101 2573 τῶν
115 2548 155 2574 ἐπ’
170 2547 261 2579 αὐτοῖς
272 2546 440 2582 τελουμένων
453 2545 595 2580 παιγνίων,
611 2546 742 2581 αἰσχύνης
751 2544 833 2573 οὖσαν

53 2593 186 2620 ἀνάπλεων
198 2593 247 2628 τὴν
263 2593 316 2620 τῶν
330 2592 514 2628 πλανωμένων
533 2592 677 2626 ἀποφαίνει
695 2591 832 2627 λατρείαν.

60 2639 210 2666 Ἐπετέλουν
226 2639 276 2675 μὲν
292 2639 346 2674 γὰρ
365 2639 422 2670 τοῖς
440 2638 588 2672 δαιμονίοις
598 2637 704 2674 ψυχρὰς
719 2638 765 2664 καὶ
783 2647 833 2664 κοι-

53 2685 226 2718 ταγελάστους
259 2685 314 2711 ἔσθ’
342 2685 387 2711 ὅτε
414 2684 463 2715 τὰς
488 2683 670 2719 πανηγύρεις·
701 2682 760 2710 εἷτα
781 2684 834 2710 τῶν
853 2676 874 2707 δί’

57 2731 140 2764 σηκῶν
156 2731 347 2766 ἐκκομίζοντες
361 2729 395 2757 τὰ
411 2729 570 2764 ἀγάλματα,
589 2728 785 2764 ὲπαναθέμενοὶ
804 2738 833 2755 τε

56 2776 133 2802 ταῦτα
145 2777 198 2803 τῶν
213 2778 307 2812 ἱερέων
324 2776 397 2807 τινὲς
413 2776 562 2811 περιῄεσαν
578 2775 606 2801 ὲν
627 2774 767 2807 πλατείαις
785 2784 833 2801 κα-

57 2823 215 2858 τασειόμενοί
228 2831 258 2849 τε
273 2823 320 2849 καὶ
333 2819 388 2848 οἷον
405 2821 584 2857 μεθύσκοντες
599 2821 637 2851 ὡς
653 2820 833 2856 ἀχθοφοροῦν-

57 2875 98 2898 τες
109 2868 187 2902 ἄγαν,
200 2869 246 2895 καὶ
259 2867 377 2903 ἔνθαπερ
391 2867 423 2894 ἂν
438 2866 628 2902 ὲπιϐαρήσειεν
641 2865 655 2892 ὃ
667 2865 832 2902 διακομίζειν

106 2925 137 2942 ‘i'
156 2924 243 2961 l-Beg.
259 2933 283 2957 v,
305 2925 315 2951 l
335 2933 395 2960 sqq.

878 2326 1013 2359 esurienti,
1027 2329 1051 2351 et
1068 2321 1209 2357 deﬁcienti,
1224 2323 1246 2346 et
1262 2316 1397 2352 impotenti
1413 2315 1535 2349 denique,
1551 2314 1596 2348 qui
1615 2320 1670 2339 non

878 2377 996 2409 poterunt
1019 2371 1083 2398 salvi
1104 2368 1210 2396 evadere
1232 2373 1246 2393 e
1267 2363 1334 2392 bello
1356 2370 1365 2390 :
1388 2361 1438 2397 ipsi
1462 2365 1550 2386 autem
1573 2358 1669 2393 captivi

879 2419 952 2446 ducti
967 2422 1037 2445 sunt.

914 2462 1165 2491 Manuconditorum
1179 2457 1350 2486 inutilitatem
1363 2459 1390 2482 et
1402 2453 1557 2481 inanitatem
1573 2457 1670 2478 rursus

881 2511 925 2539 hic
941 2510 1017 2538 nobis
1032 2510 1199 2536 demonstrat
1213 2500 1269 2533 hzec
1284 2503 1381 2536 oratio,
1395 2506 1423 2530 et
1436 2501 1509 2529 velut
1523 2506 1539 2526 a
1556 2495 1669 2524 ludicris

881 2564 940 2592 qua).
965 2556 1017 2583 illis
1040 2553 1248 2585 exhibebantur,
1264 2550 1417 2585 pudendum
1440 2546 1582 2574 admodum
1606 2549 1671 2592 esse

881 2588 1030 2630 errantium
1064 2598 1165 2625 cultum
1199 2594 1328 2623 ostendit.
1354 2592 1533 2620 Celebrabant
1564 2588 1664 2616 etenim

882 2646 1022 2675 dwmoniis
1037 2644 1147 2678 frigidas
1161 2643 1294 2670 interdum
1308 2646 1335 2669 et
1351 2638 1479 2668 ridiculas
1491 2641 1642 2672 panegyres
1657 2642 1664 2659 :

883 2692 980 2720 deinde
997 2691 1115 2719 sacriﬁci
1136 2689 1245 2724 quidam
1261 2688 1406 2715 educentes
1418 2693 1450 2713 ex
1467 2683 1554 2718 adytis
1570 2680 1666 2715 imagi-

884 2747 942 2772 nes,
951 2744 977 2766 et
988 2739 1047 2765 illas
1058 2741 1249 2765 consecrautes
1259 2742 1290 2762 ac
1302 2734 1466 2765 dedicantes,
1476 2728 1666 2758 circumibant,

883 2786 909 2813 in
932 2785 1027 2820 plateis
1050 2784 1194 2811 titubantes
1214 2786 1241 2809 et
1261 2780 1337 2816 quasi
1360 2779 1442 2809 ebrii,
1460 2774 1569 2811 perinde
1589 2771 1668 2806 quasi

882 2840 950 2859 onus
972 2831 1160 2867 gravissimum
1183 2830 1323 2863 portarent
1346 2834 1353 2852 :
1379 2829 1406 2852 et
1426 2824 1470 2851 ubi
1492 2823 1618 2849 oneraret
1639 2817 1667 2844 id

883 2877 952 2912 quod
966 2866 1036 2904 ferre
1049 2875 1185 2906 volebant,
1198 2873 1233 2902 ibi
1248 2877 1273 2900 ct
1285 2872 1370 2908 premi
1386 2877 1414 2899 sc
1427 2874 1453 2898 et
1466 2866 1584 2903 baiulare
1596 2870 1666 2891 onus
