1883 3055
180 178 230 207 99!

677 177 707 206 S.
728 177 865 206 CYRILLI
885 177 1122 206 ALEXANDRINI
1140 177 1301 206 ARCHIEP.

1766 180 1818 206 9H

181 245 235 265 non
250 243 329 272 posse
343 235 514 263 simulabant.
531 234 648 269 Populus
665 240 754 263 autem
771 236 924 271 imprudens

1074 241 1124 267 ιον,
1135 235 1193 262 ἐκεῖ
1206 244 1264 266 πως
1281 234 1328 262 καὶ
1343 234 1552 270 συνωθούμενοι,
1565 236 1614 262 καὶ
1629 236 1666 270 μὴ
1682 235 1817 264 δύνασθαι

179 282 335 318 gregarius,
360 286 388 308 et
411 280 576 308 muliercula:
601 281 699 308 mentis
724 281 817 316 inopes
841 282 966 310 laudibus

181 327 326 354 inanimam
343 326 483 353 materiam
499 325 657 359 etferebanl,
671 335 731 354 cum
748 331 837 355 tamen
850 329 966 362 speciem

180 371 358 407 aliquamseu
375 371 424 399 viri
439 379 486 399 seu
503 371 610 398 feminae
626 371 758 404 viderent,
771 377 798 400 et
813 382 874 401 vere
890 379 968 408 puta-

180 417 246 444 bant
260 417 367 452 pondus
389 417 558 445 intolerabile
573 418 656 445 fuisse
670 425 730 445 cum
749 419 794 453 qui
811 421 968 453 portabatur

180 470 195 488 a
211 462 408 490 dedicantibus.
423 463 518 490 Divina
535 463 616 498 igitur
631 465 720 491 oratio
734 465 777 492 hic
792 465 896 492 deridet
910 474 968 493 ma-

180 516 259 542 gnam
274 507 430 536 Graecorum
445 509 640 544 stupiditatem,
665 514 690 537 et
705 511 738 537 ait
757 510 789 538 de
805 511 968 546 imaginibus

179 561 240 589 qnze
261 559 338 581 erant
360 554 386 581 in
408 554 508 589 adytis,
521 562 587 589 quas
610 555 761 583 inconsulto
777 556 903 583 volebant
917 558 966 584 ad-

179 607 260 627 orare
276 608 283 626 :
299 600 417 627 Portatis
434 600 493 627 illas
510 601 625 635 illigatas
641 602 716 635 quasi
733 609 801 630 onus
819 603 966 638 laboranti,

179 645 325 678 esurienti,
347 650 375 673 et
396 645 547 678 deficienti,
567 653 648 680 atque
672 647 813 682 impotenti
839 649 966 683 denique.

180 691 242 718 "(EC
256 691 339 723 enim.
356 697 384 718 ut
398 692 463 723 dixi,
478 693 587 727 quidam
609 693 724 720 sacriﬁci
742 694 887 728 fingebant,
904 703 966 722 cum

180 736 334 764 manufacta
349 737 567 764 circumferrem.
584 737 641 771 Qua
656 743 745 765 autent
762 739 866 766 ratione
885 741 967 775 627

179 782 325 810 inﬁrmitas
350 790 442 810 eorum
459 791 518 818 qua:
533 785 714 811 adorabantur
730 785 912 819 dignoscaltn‘,
934 794 967 813 ex

180 825 272 852 multis
292 826 352 852 aliis
376 827 454 853 rebus
477 827 502 854 id
524 827 632 861 quidem
656 827 719 855 licet
738 829 836 856 videre.
854 829 967 862 Lignunt

179 870 251 897 enim
268 875 312 897 aut
330 870 408 904 lapis.
423 875 469 898 aut
484 871 535 898 alia
551 873 682 906 quaepiam
701 873 811 900 materia
829 878 881 905 est,
896 874 968 906 ejus-

179 916 250 943 modi
269 916 399 944 idolorum
416 916 524 944 eﬂiotio.
541 918 606 945 Cum
625 925 687 945 vero
705 926 736 945 ex
756 919 835 946 rebus
853 921 968 948 maxime

181 963 341 997 opportunis
359 963 422 991 illud
441 964 626 992 demonstrare
643 970 700 992 erat
715 973 834 998 necesse,
865 967 968 994 reduc-it

182 1008 242 1036 illos
257 1009 282 1036 in
298 1010 456 1037 memoriam
475 1017 530 1038 suae
548 1011 713 1045 captivitatis
728 1011 835 1043 futurae,
850 1021 864 1039 a
882 1012 968 1048 Baby-

178 1053 270 1086 laniis,
284 1054 404 1089 inquam,
420 1062 500 1089 quam
517 1055 598 1082 etiam
617 1057 737 1091 perpessi
755 1062 828 1090 sunt,
846 1058 968 1092 quando-

180 1099 291 1134 quidem
309 1101 402 1128 rclicta
421 1101 487 1136 legis
505 1101 670 1135 impletione,
685 1107 712 1130 et
729 1103 807 1130 unius
825 1112 855 1130 ac
874 1109 967 1130 natura

181 1145 228 1173 Dei
247 1146 331 1180 cultu,
345 1147 379 1174 ad
396 1147 486 1174 omnia
505 1148 678 1176 infestissima
693 1149 828 1182 abierunt,
838 1155 865 1176 et
880 1152 969 1185 operi-

178 1191 229 1218 bus
244 1199 353 1220 suarum
371 1200 496 1220 manuum
509 1195 720 1228 procubuerunt,
736 1199 772 1227 et,
790 1197 965 1230 quemadmo-

177 1238 240 1264 dum
267 1239 397 1272 scriptum
421 1239 520 1272 est‘7“,
542 1239 646 1267 militite
674 1241 783 1277 insuper
808 1243 869 1269 caeli
885 1243 967 1270 sacri-

178 1283 304 1311 ficarunt.
320 1284 395 1312 Unde
406 1285 488 1320 igitur
501 1285 672 1315 imbecillitas
687 1288 842 1316 lictitiornm
857 1289 968 1318 deorum

177 1330 337 1364 apparebit?
361 1330 418 1358 Non
443 1336 585 1366 poterunt,
603 1333 704 1367 inquit,
723 1334 790 1361 salvi
813 1336 928 1362 evadere
953 1343 968 1363 e

176 1375 257 1407 bello.
269 1376 314 1403 sed
331 1376 380 1410 ipsi
395 1382 458 1404 sunt
470 1378 568 1412 captivi
581 1378 664 1405 ducti.
676 1378 760 1414 Capta
773 1387 888 1414 namque
901 1381 968 1408 urbe

177 1420 220 1447 Vel
238 1422 364 1456 regione,
379 1422 401 1449 si
419 1423 464 1457 qui
483 1423 552 1458 apud
569 1431 616 1452 eos
635 1424 690 1451 sint
706 1425 780 1452 aurei
800 1429 827 1453 et
845 1427 966 1460 argentei

177 1465 226 1499 dii,
240 1471 302 1494 ante
314 1467 365 1494 alia
381 1469 470 1495 omnia
486 1470 564 1504 primi
579 1470 613 1496 ab
627 1471 800 1499 eversoribus
814 1473 966 1507 capiuntur,

176 1520 245 1548 quos
260 1513 379 1547 deceret,
390 1515 522 1549 siquidem
536 1521 627 1544 essent
643 1517 689 1549 dii,
703 1522 730 1545 et
742 1518 798 1545 suis
813 1520 966 1547 auctoribus

177 1560 332 1592 subvenire,
343 1565 370 1588 et
381 1569 411 1588 se
424 1569 502 1589 manu
517 1563 633 1589 hostium
647 1563 804 1597 superiores
816 1565 965 1594 declarare.

177 1604 247 1637 Quid
262 1605 344 1640 igitur
355 1607 465 1641 prodest
477 1607 610 1642 sculptile,
623 1610 687 1643 quia
702 1609 875 1644 sculpserunt
890 1611 966 1642 illud,

175 1650 252 1684 juxta
261 1659 413 1679 sermonem
425 1654 572 1688 prophetae,
581 1659 609 1681 et
619 1654 767 1682 formarunt
785 1656 849 1682 illud
867 1655 967 1683 conﬂa-

177 1697 224 1724 tile
232 1698 320 1732 specie
331 1699 428 1732 fallaci,
436 1700 457 1726 si
469 1707 555 1734 neque
565 1701 615 1728 sibi
625 1701 699 1735 ipsis,
708 1709 794 1736 neque
803 1702 863 1729 aliis
872 1703 969 1729 subve-

177 1743 236 1770 nire
252 1744 357 1771 valeat?
367 1746 401 1771 At
413 1745 457 1779 qui
469 1745 519 1772 hoc
533 1745 590 1772 fieri
601 1753 615 1772 a
632 1746 704 1781 ligno
712 1747 836 1780 ellapide
848 1747 966 1782 poterat?

1018 281 1111 316 φέρειν
1129 281 1159 307 τὸ
1174 280 1256 316 ἄχθος
1273 281 1492 316 ὑποκρινόμενοι.
1501 282 1529 308 '0
1544 281 1572 307 δὲ
1585 281 1716 313 ἀσύνετός
1727 290 1760 308 τε
1771 284 1818 310 καὶ

1017 327 1143 360 ἀγελαῖος
1153 326 1249 361 δῆμος,
1263 326 1364 360 γύναιά
1376 334 1405 352 τε
1419 325 1525 361 φρενῶν
1535 326 1636 362 ἔρημα,
1651 328 1818 363 κατεκρὸτει

1017 373 1078 404 ταῖς
1099 372 1258 407 εὐφημίαις,
1289 372 1338 408 τὴν
1371 372 1472 407 ἄψυχον
1503 371 1569 407 ὕλην
1596 373 1818 408 εἰδοποιηθεῖσαν

1017 418 1134 454 ὁρῶντες
1157 419 1197 449 είς
1215 417 1300 453 ἄνδρα
1317 418 1399 452 τυχὸν
1413 418 1429 452 ἢ
1445 419 1571 452 γυναῖκα,
1586 417 1671 453 ᾣοντό
1692 427 1721 445 τε
1742 420 1816 445 κατὰ

1018 463 1145 498 ἀλήθειαν
1159 464 1206 490 καὶ
1224 464 1360 498 ἀφόρητον
1373 463 1472 490 ἐνιέναι
1489 463 1571 498 βάρος
1592 464 1639 490 τὸν
1658 464 1818 500 διακομιζό-

1020 517 1100 544 μενον
1120 510 1176 540 τοῖς
1201 509 1378 544 ἀναθεμένοις
1399 509 1439 540 είς
1459 509 1552 544 ὤμους
1575 509 1666 537 αὐτόν.
1697 510 1818 545 Aura);

1017 554 1163 589 τοιγαροῦν
1176 555 1190 580 ό
1205 554 1276 586 θεῖος
1287 556 1353 590 ἡμῖν
1370 556 1398 580 ὲν
1411 555 1517 587 τούτοις
1528 554 1606 589 λόγος
1625 556 1676 590 τῆς
1692 556 1817 590 Ἐλληνι-

1019 601 1070 634 κῆς
1089 599 1267 634 ἀναισθησίας
1287 599 1318 626 τὸ
1341 599 1463 634 μέγεθος,
1477 600 1522 626 καί
1539 609 1605 635 φησι
1627 601 1693 636 περὶ
1713 601 1771 627 τῶν
1787 602 1817 627 ὲν

1020 647 1112 682 σηκοῖς
1126 646 1303 680 ἀγαλμάτων,
1318 645 1335 671 ἃ
1352 646 1398 672 καὶ
1416 647 1580 682 προσκυνεῖν
1591 647 1733 678 ἀσυνέτως
1753 646 1817 682 ἢθε-

1018 692 1073 718 λον·
1089 691 1187 726 Λτρετε
1200 691 1270 717 αὐτὰ
1289 691 1487 727 καταδεδεμένα
1498 692 1534 724 ὡς
1547 693 1656 727 φορτίον
1669 692 1814 722 κοπιῶντι.

1018 737 1065 764 καὶ
1083 737 1210 763 πεινῶντι
1231 736 1414 772 ἐκλελυμένῳ,
1430 737 1479 763 οὐκ
1501 738 1619 772 ἰσχύοντι
1640 738 1815 773 ἅμα.Ταῦτα

1018 783 1082 819 γὰρ,
1095 783 1133 814 ὡς
1153 782 1231 817 ἔφην,
1242 781 1445 809 ὑπεπλάττοντο
1465 783 1519 809 τῶν
1539 783 1635 817 ἱερέων
1653 783 1728 814 τινες
1739 784 1768 808 ἐν
1779 783 1816 816 τῷ

1019 827 1208 864 περικομίζειν
1220 829 1252 854 τὰ
1263 828 1448 863 χειροποίητα.
1461 828 1523 859 Πῶς
1533 826 1580 854 οὖν
1591 828 1645 863 ἄρα
1657 828 1711 856 τῶν
1730 837 1815 863 προς-

1019 874 1191 909 κυνουμένων
1209 873 1239 900 τὸ
1258 873 1373 909 ἀδρανὲς
1385 873 1583 909 γνωσθήσεται,
1596 875 1629 900 ἐκ
1641 873 1748 900 πολλῶν
1768 875 1815 908 μὲν

1019 919 1066 946 καὶ
1081 920 1182 955 ἑτέρων
1195 919 1298 946 κατίδοι
1311 927 1351 950 τις
1368 918 1400 946 ἂν
1417 919 1493 946 αὐτό.
1507 919 1591 946 Ξύλον
1604 919 1660 954 γὰρ
1673 920 1691 954 ἦ
1709 919 1783 951 λίθος
1799 920 1815 954 ἦ

1019 965 1100 1000 ἑτέρα
1110 973 1152 996 τις
1168 964 1218 1000 ὕλη
1233 965 1286 991 τῶν
1301 964 1428 991 τοιούτων
1443 965 1560 998 γένεσις.
1570 965 1682 1000 Ἐπειδὴ
1695 965 1723 991 δὲ
1736 966 1816 999 ἀναγ-

1019 1010 1096 1036 καῖον
1112 1010 1143 1036 ἐκ
1155 1010 1208 1036 τῶν
1218 1010 1258 1036 ὅτι
1270 1009 1388 1044 μάλιστα
1401 1010 1544 1045 χρησίμων
1554 1010 1714 1043 καταδεῖξαι
1724 1010 1814 1043 τοῦτο,

1019 1056 1087 1092 πρὸς
1096 1056 1248 1091 ἀνάμνησιν
1260 1056 1359 1087 αὐτοὺς
1370 1056 1505 1091 ἀποφέρει
1519 1057 1568 1091 τῆς
1579 1057 1715 1092 ἐσομένης
1725 1057 1816 1083 αὐτῶν

1018 1102 1218 1137 αἰχμαλωσίας,
1229 1102 1279 1136 τῆς
1297 1101 1351 1128 ὑπό
1366 1102 1398 1135 γὲ
1415 1110 1485 1136 φημι
1502 1101 1557 1128 τῶν
1571 1102 1765 1134 Βαϐυλωνίων,
1782 1103 1817 1138 ἣν

1017 1149 1049 1184 δὴ
1063 1149 1111 1177 καὶ
1125 1148 1301 1180 πεπόνθασιν,
1318 1147 1379 1174 ἐπεί
1395 1156 1435 1174 τοι
1454 1148 1580 1183 μεθέντες
1595 1149 1624 1175 τὸ
1639 1149 1742 1184 χρῆναι
1751 1149 1816 1184 πλη-

1019 1195 1083 1232 ροῦν
1098 1195 1144 1222 τὸν
1155 1196 1247 1229 νόμον,
1265 1194 1312 1222 καὶ
1325 1194 1371 1220 τὸν
1384 1194 1432 1220 ἕνα
1449 1202 1478 1220 τε
1492 1195 1539 1220 καὶ
1550 1194 1631 1228 φύσει
1649 1194 1817 1229 θεραπεύειν

1019 1241 1096 1272 Θεὸν,
1112 1240 1267 1275 κατῴχοντο
1282 1240 1348 1275 πρὸς
1364 1241 1418 1266 πᾶν
1431 1239 1520 1266 ὁτιοῦν
1534 1239 1587 1267 τῶν
1602 1240 1814 1275 ἀπηχεστὰπων,

1018 1287 1065 1313 καλ⁴
1082 1287 1321 1321 προσκεκυνήκασι
1337 1287 1393 1318 τοῖς
1410 1285 1501 1321 ἔργοις
1522 1285 1576 1312 τῶν
1599 1286 1672 1312 ἰδίων
1695 1285 1796 1321 χειρῶν
1807 1295 1813 1300 ·

1017 1333 1147 1360 "comat
1158 1341 1188 1359 τε
1204 1333 1272 1367 πρὸς
1282 1332 1380 1367 τούτῳ,
1391 1334 1439 1359 καὶ
1450 1334 1483 1368 νῇ
1497 1333 1612 1367 στρατιᾷ
1624 1332 1672 1358 τοῦ
1683 1332 1814 1367 οὐρανοῦ,

1018 1379 1089 1406 καθὰ
1105 1379 1270 1413 γέγραπται.
1288 1379 1374 1404 Πόθεν
1396 1376 1443 1404 οὖν
1460 1379 1513 1413 ἄρα
1526 1378 1557 1404 τὸ
1574 1379 1690 1413 ἀδρανὲς
1713 1378 1770 1404 τῶν
1785 1379 1815 1405 ἑν

1019 1425 1151 1460 ὑπολήψει
1166 1425 1234 1451 θεῶν
1248 1425 1396 1460 ὀφθήσεται
1408 1433 1414 1457 ;
1432 1425 1468 1450 Οὐ
1485 1424 1653 1459 δυνήσονται,
1666 1425 1745 1459 φησὶ,
1757 1424 1816 1450 δια-

1019 1470 1137 1506 σωθῆναι
1150 1471 1204 1497 an»;
1216 1470 1346 1505 πολέμου,
1359 1469 1436 1496 αὐτοὶ
1450 1470 1478 1496 δὲ
1492 1470 1659 1505 αἰχμάλωτοι
1675 1470 1814 1505 ἤχθησαν.

1024 1517 1152 1552 Ἀλούσης
1168 1517 1221 1552 γὰρ
1240 1516 1344 1548 πόλεως
1357 1516 1372 1551 ἥ
1388 1515 1488 1551 χώρας,
1507 1517 1530 1542 εξ
1543 1516 1574 1551 δή
1589 1525 1662 1547 τινες
1679 1513 1735 1542 εἷεν
1747 1517 1815 1551 παρ’

1018 1563 1109 1592 αὐτοῖς
1128 1561 1290 1596 περίχρυσοι
1311 1569 1341 1586 τε
1363 1561 1410 1587 καὶ
1427 1561 1609 1596 περιάργυροι
1625 1560 1692 1591 Θεοὶ,
1709 1561 1816 1595 πρῶτοι

1020 1609 1074 1635 τῶν
1086 1608 1173 1634 ἄλλων
1185 1607 1314 1634 ἁπάντων
1330 1605 1407 1641 παρὰ
1429 1606 1483 1633 τῶν
1508 1607 1652 1641 ᾑρηκότων
1662 1606 1816 1640 λαμϐάνον-

1020 1663 1076 1687 ται,
1089 1651 1129 1685 οἷς
1137 1651 1172 1689 ἦν
1183 1653 1266 1687 εἰκὸς,
1279 1653 1357 1688 εἰπερ
1366 1652 1437 1684 τινὲς
1451 1650 1520 1687 ἦσαν
1532 1652 1598 1684 θεοὶ,
1611 1652 1659 1678 καί
1669 1653 1724 1683 τοῖς
1737 1651 1816 1682 ξδίοις

1021 1700 1159 1735 ὲπαμύναι
1175 1700 1387 1734 προσκυνηταῖς,
1400 1698 1447 1725 καὶ
1457 1697 1585 1732 ἀμείνους
1595 1698 1696 1728 αὐτοὺς
1705 1697 1816 1732 ἀποφῆ-

1020 1754 1064 1773 ναι
1073 1747 1123 1780 τῆς
1137 1744 1191 1771 τῶν
1208 1745 1344 1779 πολεμίων
1363 1744 1462 1779 χειρός.
1474 1743 1507 1769 Τί
1523 1743 1612 1769 τοίνυν
1630 1743 1732 1777 ὠφελεῖ
1749 1743 1816 1776 γλυ-

179 1789 252 1820 πτδν,
263 1789 303 1816 ὅτι
315 1790 434 1824 ἔγλυψαν
445 1791 509 1817 αὐτὸ
520 1791 591 1818 κατὰ
601 1791 646 1818 τὸν
655 1792 702 1818 τοῦ
716 1793 854 1828 προφήτου
865 1793 954 1827 λόγον,
965 1791 1082 1818 ἔπλασαν
1090 1791 1156 1818 αὐτὸ
1165 1790 1293 1826 χώνευμα
1310 1790 1459 1824 φαντασίαν
1477 1789 1573 1823 ψευδῆ,
1593 1789 1618 1815 οἳ
1640 1790 1708 1824 μήτε
1720 1788 1816 1822 σφίσιν

178 1837 279 1868 αὐτοῖς,
292 1837 361 1872 μήτε
374 1836 426 1872 μὴν
439 1836 542 1872 ἑτέροις
554 1838 704 1873 ἐπαμύνειν
717 1840 785 1866 εἰσιν
796 1837 847 1866 οἶοί
858 1849 887 1866 τε
898 1849 905 1873 ;
917 1839 979 1870 Πῶς
997 1839 1052 1874 γὰρ
1067 1837 1101 1864 ἂν
1112 1837 1217 1871 γένοιτό
1234 1845 1259 1863 τι
1278 1836 1398 1863 τοιοῦτον
1415 1836 1491 1871 παρὰ
1509 1843 1541 1869 γε
1557 1835 1648 1867 ξύλου,
1661 1836 1707 1862 καὶ
1721 1835 1814 1866 λίθους

213 1881 293 1909 Vens.
309 1883 336 1914 5,
352 1882 377 1908 4.
398 1883 494 1910 Audite
506 1892 555 1916 me,
571 1885 665 1912 domus
676 1885 772 1918 Iacob,
788 1891 811 1912 et
829 1887 956 1913 residuum

1070 1884 1215 1912 lxoﬁaaré
1228 1893 1297 1918 μου,
1313 1881 1394 1915 οἶκος
1408 1882 1459 1910 τοῦ
1480 1882 1596 1911 Ἰακὼϐ,
1612 1881 1662 1908 καὶ
1674 1882 1707 1907 τὸ
1718 1882 1813 1908 amni-

176 1928 275 1961 ltrael,
293 1930 337 1964 qui
356 1931 499 1963 partamini
518 1931 549 1957 ab
567 1935 654 1962 utero,
672 1922 696 1958 et
712 1932 856 1960 erudimini
868 1932 900 1959 ab

1070 1938 1118 1957 τον
1132 1930 1184 1956 τοῦ
1205 1929 1334 1961 Ἰσραὴλ.
1351 1931 1378 1955 ol
1393 1929 1546 1962 αἰρόμενοι
1566 1928 1600 1954 ἐκ
1616 1929 1749 1960 κοιλίας,
1764 1930 1813 1955 καὶ

177 1974 263 2008 [αηιία
284 1983 364 2010 usque
389 1976 422 2002 ad
446 1982 612 2004 senectutem.
640 1977 696 2012 Ego
722 1986 798 2009 sum,
830 1982 853 2004 et
880 1978 920 2004 dor

1070 1977 1218 2010 δευόμενοι
1242 1975 1276 2001 ἐκ
1293 1974 1414 2001 παιδίου
1435 1975 1490 2007 ἕως
1515 1973 1622 2008 γήρως,
1649 1974 1721 2008 Ἐγώ
1744 1975 1813 2009 ειμι,

176 2021 327 2052 reuerentia,
351 2020 406 2055 Ego
421 2029 478 2048 sum
492 2029 502 2049 :
517 2021 572 2056 Ego
586 2023 701 2049 sustineo
717 2031 771 2049 vos.
789 2022 843 2057 Ego
862 2023 919 2058 feci,

1081 2023 1118 2050 ἂν
1134 2022 1376 2056 καταγηράσητε.
1399 2020 1468 2056 Ἐγώ
1480 2023 1549 2055 ειμι.
1575 2021 1650 2055 Ἐγὼ
1668 2021 1813 2056 ἀνέχομαι

176 2073 222 2100 ego
239 2066 370 2093 dimittam
387 2075 439 2094 vos.
459 2066 607 2100 Suscipiunt
627 2073 649 2094 et
663 2069 769 2095 servabo
785 2078 838 2096 vos.

1069 2069 1107 2094 ὃν.
1119 2068 1190 2102 Ἐγὼ
1202 2068 1341 2101 ἐποίησα.
1355 2067 1404 2093 καί
1416 2067 1473 2101 ἐγὼ
1485 2066 1590 2100 ἀνήσω
1603 2075 1609 2081 ·
1623 2066 1683 2102 ἐγὼ
1700 2067 1812 2101 ἀναλή-

1016 2115 1120 2147 ψομαι,
1139 2112 1186 2139 καὶ
1199 2112 1288 2139 σώσω
1301 2111 1388 2146 ὑμᾶς.

211 2153 441 2181 Artiﬁciosissimc
459 2162 551 2182 rursus
576 2156 694 2182 nectitur
709 2156 806 2189 oratio,
825 2162 853 2184 et
866 2162 954 2184 ornatt

1069 2158 1253 2194 ,ὺτεχνέστατα
1267 2158 1347 2184 πάλιν
1359 2159 1372 2184 ὁ
1390 2157 1467 2191 λόγος
1488 2156 1555 2192 ἔχει,
1572 2158 1620 2183 καὶ
1636 2158 1767 2193 πρόεισιν
1786 2159 1812 2184 ἐν

176 2199 364 2234 progreditur,
398 2199 525 2227 decenter
563 2206 590 2228 et
625 2203 782 2236 composite.
811 2202 958 2236 Postquam

176 2245 248 2271 enim
265 2244 327 2271 belli
341 2245 503 2272 mentionem
519 2247 591 2278 fecit.
614 2255 666 2281 quo
687 2248 795 2281 accidit,
812 2252 841 2274 ut
856 2247 962 2274 infinita

177 2289 315 2316 hominum
339 2294 367 2318 et
394 2290 533 2318 mulierum
560 2292 702 2320 multitudo
728 2293 961 2324 intermoreretur,

176 2339 203 2361 et
222 2335 254 2362 ad
270 2336 388 2362 virorum
414 2337 576 2370 paucitatem
602 2337 757 2365 Iudaeorum
778 2338 852 2373 regio
869 2338 963 2365 admo-

177 2381 239 2407 dum
266 2381 443 2415 redigeretur,
463 2382 526 2410 liiuc
548 2383 585 2410 ait
601 2383 674 2410 velut
690 2383 722 2410 ad
738 2385 850 2410 domum
869 2392 961 2416 unam,

175 2431 203 2453 et
217 2427 288 2454 velut
303 2427 334 2453 ad
350 2427 485 2455 residuum
502 2435 534 2455 ac
554 2429 703 2456 barbarica:
717 2429 886 2457 crudelitatis
903 2430 963 2457 reli-

176 2473 254 2507 quias
266 2483 273 2500 :
287 2474 382 2501 Audite
399 2482 452 2506 me,
466 2475 561 2502 domus
575 2475 668 2507 Jacob,
683 2481 710 2503 et
726 2484 807 2503 omne
826 2476 961 2504 residuum

176 2517 294 2546 lsraclis.
315 2518 372 2546 Non
399 2521 562 2548 mediocrem
587 2521 731 2548 utilitatem
755 2522 889 2549 attulisset
911 2530 961 2548 au-

178 2564 308 2593 ditoribus
328 2567 384 2594 haec
407 2567 506 2599 oratio,
519 2567 650 2601 siquidem
664 2569 830 2603 sapuissent,
848 2574 874 2596 et
890 2570 961 2604 quod

177 2617 192 2636 ο
209 2617 237 2636 re
253 2612 540 2649 essetexpendissent.
551 2612 651 2640 Tristia
668 2615 740 2641 enim
755 2619 782 2641 et
798 2615 961 2642 intolerabi-

177 2655 224 2688 lia,
239 2665 300 2684 cum
319 2658 498 2690 praenuntiata
516 2663 590 2693 sunt,
609 2659 688 2688 facile
705 2661 765 2696 quis
780 2661 885 2693 evadet,
899 2668 962 2687 cau-

177 2709 220 2730 sas
243 2703 405 2731 incursionis
435 2705 543 2733 vitans:
559 2705 607 2734 sed
634 2706 807 2734 adventantia
837 2711 864 2733 et
889 2706 961 2733 velut

177 2747 337 2781 insilientia,
359 2757 476 2783 quonam
502 2752 580 2779 modo
603 2752 663 2786 quis
687 2752 816 2786 repellere
844 2752 961 2786 poterit?

176 2793 322 2821 Residuum
342 2795 426 2831 628
447 2804 512 2832 ergo
524 2798 640 2832 appellat
657 2806 704 2826 eos
716 2802 819 2826 tantum
835 2806 887 2825 non
905 2798 960 2826 cla-

176 2846 263 2871 mans,
281 2842 481 2869 consumendos
495 2849 555 2870 esse
569 2843 639 2871 bello
655 2849 682 2871 et
694 2844 810 2879 praedam
825 2844 882 2872 fore
896 2844 957 2871 bar-

229 2896 270 2911 ""
286 2895 320 2923 IV
335 2896 468 2933 Rogxm,
487 2898 526 2926 l6.

1014 2205 1108 2240 κόσμῳ
1121 2204 1159 2239 τῷ
1176 2204 1271 2232 δέοντι,
1287 2203 1334 2230 καὶ
1346 2203 1535 2237 οἰκονομικῶς.
1558 2203 1670 2237 Ἐπειδὴ
1691 2203 1749 2238 γὰρ
1766 2212 1812 2229 πο-

1013 2250 1096 2285 λέμου
1112 2250 1221 2284 μνήμην
1237 2249 1393 2284 ἐποιήσατο,
1408 2249 1468 2274 καθ’
1482 2248 1512 2274 ὂν
1529 2248 1690 2283 συμϐέϐηκε
1708 2249 1812 2284 πληθὺν

1013 2296 1166 2331 ἀμέτρητον
1193 2295 1299 2330 ἀνδρῦν
1324 2294 1371 2320 καὶ
1405 2294 1543 2328 γυναικῶν
1570 2294 1735 2326 ἀποθανεῖν,
1767 2295 1812 2321 καὶ

1013 2341 1204 2377 ὀλιγανδρῆσαι
1216 2340 1317 2375 σφόδρα
1331 2339 1384 2366 τῶν
1403 2339 1537 2366 Ἰουδαίων
1552 2339 1602 2374 τὴν
1615 2339 1722 2374 χώραν,
1740 2339 1792 2366 ταύ
1803 2354 1811 2359 -

1013 2399 1046 2426 τῃ
1055 2399 1094 2416 τοι
1109 2390 1189 2424 φησιν
1200 2389 1237 2420 ὡς
1250 2389 1316 2423 πρὸς
1331 2387 1404 2415 οἶκον
1415 2389 1472 2419 ἕνα,
1486 2389 1524 2419 ὡς
1538 2388 1606 2423 πρὸς
1620 2388 1810 2423 κατάλειμμα,

1013 2435 1059 2460 καὶ
1072 2434 1242 2469 βαρϐαρικῆς
1255 2433 1395 2469 ὠμότητος
1410 2433 1546 2467 λείψανον·
1570 2433 1722 2459 Ἀκούσατέ
1746 2442 1806 2468 μου,

1013 2481 1026 2506 ὁ
1044 2478 1116 2511 οἶκος
1137 2479 1184 2505 τοῦ
1221 2478 1327 2510 Ἰακὼϐ,
1359 2479 1404 2505 καὶ
1425 2479 1479 2505 πᾶν
1509 2478 1540 2504 τὸ
1573 2478 1742 2504 κατάλοιπον
1765 2479 1809 2504 τοῦ

1019 2524 1134 2560 Ἰσραήλ.
1154 2525 1253 2559 Ὤνησε
1273 2524 1294 2550 δ’
1321 2524 1354 2551 ἂν
1375 2525 1405 2550 οὺ
1430 2524 1547 2558 μετρίως
1576 2524 1641 2554 τοὺς
1664 2525 1809 2559 ἀκροωμέ-

1012 2578 1071 2600 νους
1081 2569 1096 2595 ὁ
1109 2569 1195 2603 λόγος,
1213 2570 1292 2604 εἴπερ
1305 2569 1376 2600 τινὲς
1394 2567 1464 2603 ἦσαν
1475 2568 1590 2603 ἀγχίνοι,
1605 2568 1653 2595 καὶ
1668 2568 1724 2594 τῶν
1743 2577 1807 2603 χρη-

1014 2616 1101 2650 σίμων
1124 2615 1274 2646 ἐξετασταί.
1301 2615 1341 2640 Τὰ
1365 2615 1459 2649 γάρτοι
1481 2613 1631 2648 σκυθρωπὰ
1649 2614 1697 2640 καὶ
1712 2608 1808 2648 δυσφό-

1013 2668 1083 2695 ρητα
1111 2659 1359 2695 προαπηγγελμὲνα
1396 2659 1445 2694 μὲν
1477 2658 1596 2690 εὐκόλως
1625 2658 1658 2685 ἄν
1694 2667 1737 2690 τις
1763 2658 1808 2684 καὶ

1012 2706 1175 2741 παρελάσειε
1191 2706 1241 2737 τὰς
1253 2706 1302 2739 τῆς
1319 2705 1414 2739 ἐφόδου
1437 2704 1530 2739 φυγὼν
1543 2704 1633 2735 αἰτίας
1644 2713 1651 2720 ·
1669 2704 1807 2740 ἁψιγμένα

1011 2753 1039 2779 δὲ
1051 2753 1097 2778 καὶ
1118 2749 1173 2778 οἷον
1204 2752 1424 2786 ὲπιπηδήσαντα,
1453 2750 1510 2781 πῶς
1534 2750 1566 2777 ειν
1596 2750 1806 2786 διακρούσαιτιις

1012 2798 1048 2824 Τὸ
1071 2798 1234 2824 κατάλοιπον
1262 2797 1352 2823 τοίνυν
1379 2797 1477 2828 αὐτοὺς
1509 2796 1642 2823 ἀποκαλεῖ
1667 2797 1805 2831 μονονουχὶ

1013 2844 1166 2879 κεκραγὼς,
1187 2843 1473 2878 ὅτιδαπανηθήςονται
1489 2842 1527 2877 τῷ
1540 2842 1662 2876 πολέμῳ,
1681 2843 1729 2869 καὶ
1747 2842 1805 2876 βαρ,
