1883 3055
60 154 103 181 θέῡῦ

587 151 618 177 IN
639 151 756 178 ISAIAM
777 150 839 178 LIB.
862 151 907 179 IV.
927 151 1030 179 ORAT.
1050 151 1091 180 Ill.

1611 157 1664 185 σοι

57 209 161 244 σαρικῆς
180 207 317 242 ὠμότητος
330 206 435 233 ἔσονται
454 205 573 241 θῇραμα,
589 208 611 233 εἰ
629 207 666 242 μὴ
677 207 731 234 τῶν
747 207 832 239 οὕτως

904 215 1011 236 arorum
1030 208 1218 236 crudelitatis:
1233 209 1254 237 si
1279 216 1330 237 non
1345 217 1359 236 a
1377 210 1473 237 studiis
1498 210 1564 239 adeo
1590 211 1668 239 fmdis

56 257 167 284 ἐκτόπων
181 254 415 282 ἀποπεπαύσοιντο
429 254 653 290 σπουδασμάτων.
672 255 733 281 ’Ὁτι
756 255 784 281 δὲ
801 255 832 281 τὺ

55 301 178 336 δυσμαθὲς
200 301 258 330 ταῖς
290 299 343 326 τῶν
372 299 507 326 Ἰουδαίων
535 299 623 326 ἔνεστι
649 299 760 335 ψυχαῖς,
785 300 832 326 καὶ

55 347 138 382 χρῆμα
151 345 259 378 γέγονεν
270 344 362 375 αὐτοῖς
376 344 516 379 ἀνόνητον,
539 345 555 380 ἡ
573 345 619 371 τοῦ
632 346 714 380 νόμου
733 345 840 382 μελέτη,

55 391 203 419 διαδείκνυσι
235 390 338 424 λέγων·
365 391 396 416 Οἱ
423 391 562 426 αίρὸμενοι
591 392 623 417 ὲκ
645 391 757 423 κοιλίας,
785 392 832 417 καὶ

55 437 230 471 παιδευόμενοι
260 437 291 462 ἐκ
312 435 418 462 παιδίου
447 436 499 467 ἕως
525 437 626 472 γήρως.
651 437 698 463 Ἐκ
716 436 832 472 βρέφους

55 484 101 518 γᾶρ
116 482 160 508 καὶ
177 481 258 516 μέχρι
269 482 320 515 τῆς
341 481 526 516 πρεσϐυτικῆς
545 482 651 517 ἡλικίας
673 484 728 513 τοῖς
750 483 831 517 ἱεροῖς

55 538 80 555 τε
102 528 144 554 καὶ
170 527 251 558 θείοις
274 527 478 562 ὲμμελετῶντες
495 529 658 564 Γράμμασιν
680 529 831 563 ὠφέληνται

58 575 97 610 μὲν
117 573 206 600 οὐδέν’
227 572 321 609 ὥσπερ
343 573 370 600 δὲ
394 574 524 610 οὐδεμιᾶς
543 575 674 610 παράπαν
691 576 832 607 νουθεσίας

56 619 185 654 ἠξιωμένοι
207 619 359 654 κατῴχοντο
371 620 437 655 πρὸς
454 620 603 647 ἀπόστασιν
617 622 666 656 τὴν
681 622 734 647 ἀπὺ
750 622 830 649 Θεοῦ.

61 665 129 692 Ἀλλὰ
141 666 185 691 καὶ
200 666 223 691 εἰ
242 665 346 701 μακρὸς
362 667 435 701 ὑμῖν,
448 667 540 701 φησὶν,
556 667 710 703 ἐδαπανήθη
724 668 828 703 χρόνος,

36 702 39 705 Δ
57 712 79 736 ἐν
93 711 223 745 ἀνονήτοις
237 710 372 745 μελέταις,
385 712 431 738 καὶ
444 712 649 747 ἀμαθεστάτους
659 702 738 745 εντας
748 714 828 748 ὁρῶν,

58 757 97 791 τῆς
111 756 224 791 ἐμφύτου
235 757 416 792 γαληνότητος
428 758 457 784 οὺ
470 759 647 794 πεπαύσομαι
661 768 668 774 ·
682 759 831 794 καθίστημι

58 803 80 828 δὲ
97 802 176 833 οὕτως
192 803 309 837 ἐμαυτὸν
329 803 391 838 ὑμῖν
407 805 508 840 ἐναργῆ
533 805 636 839 λέγων·
669 805 738 839 Ἐγώ
763 807 829 840 εἰμι,

57 846 118 872 ταῦτ’
131 846 195 878 ἔστι,
218 847 257 879 ζῶ
272 847 319 873 καὶ
337 849 466 884 ὑπάρχω·
482 850 531 885 οὐχ
551 850 588 882 ὼς
606 850 737 885 γενέσεως
761 850 830 886 ἔχων

58 893 158 928 ἀρχὴνῆ
179 894 343 929 καταλήγειν
363 895 401 926 είς
422 896 509 931 πέρας
526 896 613 928 εἰδὼς,
642 897 698 923 ἀλλ’
716 898 729 923 ὁ
753 898 832 929 ante;

57 940 92 965 ἀεὶ
106 940 147 966 καὶ
164 939 293 972 ὡσαύτως
316 940 395 976 ἔχων,
424 942 470 968 καὶ
492 942 543 973 ἕως
566 942 598 968 ἂν
622 943 832 978 καταγηράσητε

58 986 239 1017 mamma;
254 987 361 1022 ἔσομαι.
382 989 418 1014 Οὺ
434 989 487 1023 γάρ
506 997 550 1024 μοι
566 989 625 1016 καθ’
643 991 714 1025 ὑμᾶς
743 989 832 1016 ἔπεισι

57 1032 140 1066 γῆρας,
154 1032 209 1058 ἀλλ’
227 1033 286 1067 εἰμὶ
301 1033 354 1065 ζῶν
371 1042 400 1059 τε
418 1034 464 1060 καὶ
482 1035 630 1070 παναλκής.
649 1036 703 1062 Καὶ
714 1035 768 1070 ἐγὼ
783 1035 832 1070 μὲν

57 1077 157 1112 ἐποίησα
167 1077 215 1108 τὰς
228 1078 421 1113 ἐπενεχθείσας
440 1080 502 1114 ὑμῖν
515 1080 562 1106 τοῦ
581 1080 700 1115 πολέμου
729 1089 833 1115 συμφο-

59 1123 99 1157 ρὰς
111 1122 167 1158 ὁσία
179 1123 262 1159 ψήφῳ
275 1124 365 1150 καλῶν
380 1125 420 1156 είς
437 1124 514 1159 δίκην
535 1126 598 1156 τοὺς
614 1125 660 1160 τὴν
675 1125 744 1161 ἐμὴν
757 1125 833 1160 ὐιεῖρῐ⁴

59 1177 144 1200 σαντας
160 1169 245 1201 δόξαν.
262 1170 336 1206 Πλὴν
351 1170 407 1204 ἐγὼ
419 1171 521 1206 ἀνήσω,
537 1171 609 1197 τοῦτ’
623 1171 706 1203 ἔστιν,
725 1171 831 1206 ἀφήσω,

58 1215 97 1240 καὶ
119 1215 174 1245 ταῖς
187 1215 402 1250 ἀμνησικακίαις
419 1217 607 1252 πεπονηκότας
622 1217 693 1252 ὑμᾶς
716 1217 833 1252 ἀνακτή-

60 1269 138 1295 σομαι.
157 1260 224 1294 Ἐγὼ
247 1262 421 1297 ἀναλήψομαι
439 1263 486 1289 καὶ
510 1262 589 1289 σώσω
613 1263 695 1298 ὑμᾶς.
727 1263 756 1289 '0
779 1263 833 1298 γὰρ

58 1305 109 1337 δοὺς
123 1306 159 1337 εἰς
172 1307 265 1341 χεῖρας
284 1307 388 1347 ἐχθρῶν
402 1308 481 1334 πάλιν
502 1308 572 1342 ὑμᾶς
586 1307 772 1342 οἰκειώσομαι,
786 1308 834 1334 καὶ

59 1351 104 1378 τῶν
113 1351 157 1387 τῆς
173 1353 359 1387 αἰχμαλωσίας
372 1354 443 1389 ὑμᾶς
454 1353 582 1380 ἀπολύσω
598 1354 715 1389 δεσμῶν.
729 1353 833 1380 Οὐκοῦν

59 1397 89 1427 ὡς
106 1397 233 1424 πολυειδεῖ
245 1398 384 1434 φαρμάκῳ
398 1399 446 1430 τὰς
457 1399 510 1424 τῶν
518 1399 558 1429 εἰς
573 1398 653 1424 αὑτὸν
667 1406 832 1433 πεπαρῳνη-

59 1443 142 1476 κάτων,
169 1444 214 1470 καὶ
229 1445 262 1471 ἐκ
289 1445 387 1480 πολλῆς
410 1445 480 1480 ἄγαν
500 1445 618 1480 ἀμαθίας
644 1445 833 1479 ὼλισθηκότων

59 1488 120 1522 é'g'ﬁ
131 1489 164 1524 μὴ
185 1489 274 1525 θέμις,
293 1489 438 1526 θεραπεύει
462 1491 583 1527 καρδίας,
599 1490 677 1517 τοῦτο
693 1491 741 1526 μὲν
757 1490 834 1516 ἀπει-

61 1534 118 1567 λαῖς,
129 1535 202 1561 τοῦτο
216 1535 244 1562 δὲ
260 1537 306 1562 καὶ⁴
324 1537 501 1572 ὑποσχέσεσιν
519 1537 643 1571 ἀγαθαῖς.
659 1537 763 1568 Σκοπὸς
775 1537 829 1572 γὰρ

62 1581 124 1615 αὐτῷ
136 1581 215 1608 σῶσαι
223 1582 254 1608 τὸ
269 1582 415 1614 ἀπολωλὸς,
426 1583 472 1610 καὶ
484 1583 537 1610 τῶν
548 1582 593 1610 τοῦ
604 1583 727 1610 διαϐόλου
736 1583 834 1618 χειρῶν

62 1627 169 1661 ἁρπάσαι
189 1628 220 1654 τὸ
245 1627 430 1664 πλανώμενον.

92 1672 145 1698 Τίνι
158 1681 195 1706 με
209 1673 397 1707 ὡμοιώσατε;
417 1673 620 1707 Τεχνάσασθε,
636 1675 664 1701 οΙ
681 1674 834 1709 πλανώμε-

61 1725 108 1751 νοι,
121 1719 145 1745 οἱ
155 1719 397 1753 συμϐαλλόμενοι
410 1719 540 1754 χρυσίον
550 1719 584 1746 ἐκ
593 1719 761 1754 μαρσίπου,
784 1718 832 1745 καὶ

58 1765 185 1799 ἀργύριον
210 1765 245 1791 ἐν
269 1765 358 1800 ζυγῷ·
376 1766 548 1801 στήσουσι-ν
573 1767 608 1792 ἐν
632 1765 763 1800 σταθμῷ,
785 1765 834 1792 καὶ

59 1810 266 1845 μισθωσάμενοι
282 1812 454 1846 χρυσοχόον
469 1812 617 1846 ἐποίησαν
632 1812 833 1846 χειροποίητα,

63 1855 106 1882 καὶ
132 1857 280 1891 κύψαντες
315 1858 550 1892 προσεκύνησαν
577 1857 667 1889 αὐτῷ.
693 1857 836 1890 Αἵρουσιν

61 1901 123 1927 αὐτὸ
140 1901 186 1928 ἐπὶ
204 1901 264 1928 τῶν
284 1901 380 1936 ὤμων,
407 1902 456 1929 καὶ
496 1902 703 1936 πορεύσονται,
719 1901 788 1928 Ἐὰν
801 1901 835 1928 δὲ

63 1946 143 1974 θῶσιτ
154 1948 224 1975 αὐτὸ
236 1948 286 1975 ἐπὶ
302 1948 354 1975 τοῦ
362 1949 466 1981 τόπου,
487 1948 582 1983 μενεῖ,
601 1949 636 1975 οὐ
647 1947 689 1983 μὴ
708 1948 816 1982 κινηθῇ
826 1956 844 1969 ’-

62 1993 102 2019 καὶ
117 1993 148 2026 ὃς
165 1994 201 2020 ἂν
211 1995 323 2028 βοήσει
341 1997 415 2030 πρὸς
441 1995 525 2027 αὐτὸ,
545 1996 580 2022 οὺ
593 1994 634 2030 μὴ
652 1995 833 2029 εἰσακοῦσαι,

62 2038 112 2065 ἀπὸ
122 2039 217 2066 κακῶν
228 2042 264 2067 οὐ
272 2041 314 2075 μὴ
334 2042 420 2076 σώσῃ
433 2043 534 2069 αὐτόν.

96 2085 231 2121 ’Υόριστὰς
247 2087 326 2118 ὄντας
337 2087 453 2122 ἐλέγχει,
473 2088 520 2114 καὶ
539 2087 756 2123 όλιγογνώμονας
772 2088 835 2120 τοὺς

62 2129 108 2156 τῶν
127 2131 238 2158 εἰδώλων
256 2133 456 2168 προσκυνητὰς,
470 2133 514 2159 καὶ
533 2134 574 2165 εἰς
592 2134 675 2169 αὐτὴν
691 2133 765 2159 θείαν
790 2133 836 2160 καὶ

63 2175 178 2202 ἀνωτάτω
191 2177 418 2212 πλημμελοῦντας
431 2179 522 2213 φύσιν.
535 2178 757 2214 Κατακομίζουσι
770 2179 835 2214 γὰρ,

847 1567 868 1595 C

883 254 1049 283 destiterint.
1069 255 1144 288 Quod
1165 261 1253 282 autem
1278 256 1406 283 indociles
1421 261 1499 283 erant
1514 256 1667 284 Iudaeorum

884 300 977 334 animi,
1002 305 1028 328 et
1049 301 1114 328 nulli
1138 309 1250 336 prorsus
1271 302 1329 329 usui
1349 301 1430 329 fuerit
1453 303 1505 330 illis
1528 303 1668 330 meditatio

885 345 961 380 legis,
977 347 1105 378 ostendit,
1118 347 1317 381 inquienszoui
1334 348 1477 382 portamini
1491 348 1524 375 ab
1539 353 1626 380 utero,
1642 353 1670 375 et

883 391 1026 418 erudimiui
1046 392 1080 419 ab
1098 392 1210 419 infantia
1224 393 1256 419 ad
1273 398 1437 421 senectutem
1455 401 1549 428 usque.
1567 395 1589 420 Δ
1607 401 1668 429 par-

881 436 952 463 vulis
975 437 1046 463 cnim
1067 437 1100 463 ad
1120 438 1230 464 senilem
1251 442 1369 470 aet-tem,
1384 438 1410 465 in
1429 438 1514 465 sacris
1529 443 1556 465 et
1569 438 1669 466 divinis

887 482 999 509 Litteris
1015 483 1167 513 exercitati,
1185 483 1250 509 nihil
1270 479 1393 510 utilitatis
1405 487 1544 518 ceperunt,
1558 487 1584 510 et
1598 490 1630 510 ac
1644 483 1667 510 si

883 528 957 555 nulla
973 529 1085 556 omnitto
1103 529 1250 556 monitione
1268 529 1368 562 dignati
1382 528 1506 561 fuissent,
1522 529 1548 556 in
1561 535 1668 564 aposta-

883 575 949 600 siam
962 582 975 600 a
989 575 1042 601 Deo
1064 575 1225 602 reciderunt.
1246 574 1298 602 Sed
1317 579 1416 608 tamen,
1433 575 1530 610 inquit,
1544 575 1595 602 etsi
1610 574 1668 601 lon-

883 627 946 654 gum
974 625 1079 654 tempus
1104 626 1292 655 consumptum
1312 622 1390 649 vobis
1415 621 1498 648 fuerit
1524 621 1549 648 in
1572 629 1667 656 parum

883 665 1020 700 frugiferis
1046 667 1303 698 exercitationibus,
1337 672 1364 694 et
1386 674 1434 694 vos
1458 667 1490 693 ad
1519 667 1666 694 docendum

885 712 1067 746 iucptissimos
1095 712 1212 746 videam,
1244 712 1278 739 ab
1302 712 1380 739 insita
1407 712 1587 746 placabilitate
1613 719 1666 739 non

882 759 1010 785 desistant
1024 765 1031 785 ε
1043 758 1088 785 sed
1104 759 1234 793 meipsum
1252 758 1328 785 vobis
1341 759 1380 785 sic
1392 758 1534 785 manifesto
1548 763 1574 785 et
1586 758 1666 785 dico:

884 804 937 838 Ego
960 812 1029 836 sum,
1057 804 1082 831 id
1101 809 1153 836 est,
1171 804 1233 830 vivo
1248 809 1275 831 et
1289 804 1416 837 subsiste,
1436 811 1488 830 non
1501 804 1577 838 quasi
1591 807 1666 831 ortus

885 850 990 876 initium
1013 850 1126 882 habens,
1143 849 1183 877 vel
1203 850 1278 884 quasi
1297 850 1397 877 exitum
1415 849 1603 884 prospiciens:
1619 848 1667 876 sed

850 890 869 918 Β
885 897 955 924 idem
983 904 1099 931 semper,
1115 902 1142 924 et
1158 897 1223 924 mihi
1238 896 1346 929 similis,
1363 902 1390 924 et
1404 897 1500 924 iterum
1520 897 1604 923 donec
1623 903 1668 923 se-

888 943 1018 975 uescatis,
1038 943 1107 969 idem
1126 950 1184 969 ero.
1200 941 1256 969 Non
1270 943 1340 969 enim
1356 943 1432 974 mihi,
1448 947 1477 969 ut
1492 942 1579 973 vobis,
1593 941 1668 969 adest

883 989 999 1020 senium,
1016 993 1043 1014 at
1056 995 1115 1014 sum
1133 988 1225 1015 vivens
1241 991 1268 1014 et
1284 989 1464 1022 omnipotens.
1483 987 1516 1014 Et
1529 994 1577 1021 ego
1590 986 1666 1014 eﬂ‘eci

883 1033 1052 1061 calamitates
1068 1037 1127 1068 quae
1142 1033 1218 1061 vobis
1231 1041 1246 1060 e
1258 1033 1328 1060 bello
1346 1034 1514 1067 incumbunt,
1532 1038 1628 1061 sancto
1640 1037 1668 1060 et

884 1079 928 1112 pio
954 1079 1057 1106 calculo
1080 1086 1180 1107 vocans
1205 1080 1238 1106 ad
1259 1086 1365 1113 pteuam
1382 1087 1428 1106 eos
1446 1079 1491 1113 qui
1507 1086 1592 1107 meam
1609 1078 1667 1114 glo-

885 1125 951 1151 riam
976 1125 1154 1160 iguominiose
1176 1124 1339 1160 polluerunt.
1357 1124 1548 1152 Verumtamen
1564 1131 1613 1160 ego
1627 1125 1669 1152 di-

885 1170 1003 1203 mittam,
1028 1171 1052 1197 id
1069 1175 1121 1202 est,
1147 1170 1294 1202 remittam,
1308 1175 1335 1197 et
1347 1169 1446 1197 oblitus
1461 1170 1581 1197 omnium
1599 1169 1668 1204 inju-

885 1216 996 1248 riarum,
1024 1224 1072 1243 vos
1088 1217 1133 1251 qui
1152 1217 1306 1249 laborastis,
1322 1217 1488 1244 inslaurabo.
1505 1217 1561 1253 Ego
1580 1217 1668 1244 susci-

884 1262 955 1297 piam
975 1267 1003 1289 et
1019 1263 1132 1290 servabo
1149 1270 1207 1291 vos.
1224 1262 1290 1289 Nam
1314 1270 1364 1297 ego
1380 1263 1424 1297 qui
1439 1262 1500 1290 dedi
1513 1270 1559 1290 vos
1575 1265 1601 1290 in
1613 1270 1668 1290 ma-

883 1314 933 1334 nus
949 1308 1075 1341 hostium,
1095 1316 1187 1335 rursus
1206 1316 1252 1335 vos
1268 1309 1293 1335 in
1310 1309 1423 1343 gratiam
1442 1309 1584 1344 recipiam,
1606 1316 1668 1336 vos-

883 1360 937 1388 que
954 1355 1054 1382 solvam
1076 1355 1241 1389 captivitatis
1260 1355 1444 1390 compedibus.
1469 1355 1561 1390 Itaque
1578 1355 1669 1382 multi-

884 1399 946 1434 plici
972 1400 1049 1434 quasi
1073 1401 1219 1435 pharmace
1241 1405 1320 1428 sanat
1340 1401 1421 1428 corda
1446 1408 1554 1436 eorum,
1577 1400 1623 1435 qui
1641 1401 1667 1428 in

883 1444 958 1471 illum
984 1445 1144 1472 deliaccltati
1170 1450 1243 1477 sunt,
1269 1451 1295 1472 et
1317 1453 1372 1480 pra:
1398 1445 1495 1481 insigni
1516 1446 1619 1473 inscitia
1635 1447 1670 1474 ad

883 1497 943 1525 quae
952 1490 992 1517 fas
1005 1498 1057 1517 non
1069 1491 1253 1526 eratprolapsi
1269 1497 1341 1523 sunt,
1354 1493 1450 1526 partim
1466 1492 1556 1525 minis,
1571 1494 1668 1528 partim

885 1536 963 1563 bonis
984 1535 1234 1570 pollicitationibus.
1257 1537 1360 1572 Scopus
1382 1537 1453 1564 enim
1471 1538 1519 1571 ipsi
1535 1542 1671 1572 etpropo»

886 1583 966 1609 situm
990 1586 1030 1609 est
1047 1589 1156 1609 servare
1167 1583 1237 1616 quod
1252 1582 1344 1617 periit,
1357 1587 1385 1610 et
1397 1582 1501 1617 eripere
1517 1590 1532 1610 e
1548 1584 1671 1610 manibus

885 1628 994 1661 diaboli,
1008 1628 1079 1662 quod
1096 1629 1209 1655 erravit.

921 1673 1003 1701 Vsus.
1022 1674 1081 1702 5-7.
1101 1674 1150 1701 Cui
1171 1682 1211 1701 me
1230 1674 1418 1708 comparastis?
1440 1675 1524 1702 videte
1549 1679 1573 1702 et
1593 1683 1670 1702 exco—

885 1721 975 1754 gilate,
988 1720 1034 1754 qui
1051 1720 1159 1751 erratis,
1177 1724 1202 1747 et
1217 1720 1261 1755 qui
1274 1720 1400 1754 confertis
1413 1727 1508 1746 aurum
1523 1720 1555 1747 de
1569 1728 1672 1747 marsu-

885 1765 938 1799 pio,
960 1769 1096 1799 argentum
1113 1765 1141 1790 in
1163 1769 1261 1790 statera
1277 1764 1424 1798 appendunt
1440 1764 1517 1798 libra,
1535 1770 1559 1791 et
1573 1765 1672 1791 condu-

885 1816 925 1837 cla
953 1810 1106 1844 aurifubro,
1135 1811 1250 1844 fecerunt
1279 1818 1343 1842 opus
1370 1816 1450 1836 manu
1472 1809 1618 1844 confectum
1646 1815 1671 1837 et

885 1856 1013 1883 incurvati
1030 1855 1175 1882 adorarunt
1204 1854 1280 1880 illud.
1306 1853 1418 1881 Portant
1450 1854 1518 1881 illud
1544 1854 1671 1886 humeris,

885 1907 908 1929 el
921 1904 1027 1928 vadunt.
1046 1901 1076 1928 Si
1095 1905 1182 1927 autem
1197 1901 1328 1934 posuerint
1349 1900 1414 1926 illud
1441 1900 1467 1926 in
1486 1899 1551 1932 loco,
1575 1906 1670 1931 manel,

886 1956 936 1975 non
965 1947 1168 1974 movebitur:et
1201 1946 1245 1981 qui
1268 1945 1418 1972 clamauerit
1444 1945 1479 1972 ad
1505 1945 1582 1978 illud,
1618 1953 1671 1972 non

886 1994 1023 2025 exaudiet,
1038 2000 1051 2020 e
1064 1993 1141 2019 malis
1155 2001 1206 2019 non
1220 1992 1330 2019 servabit
1339 1999 1408 2019 eum.

922 2079 1139 2107 Contumeliosos
1157 2086 1216 2106 esse
1229 2078 1318 2112 arguit
1333 2081 1360 2105 et
1372 2083 1486 2112 angusto
1499 2078 1591 2105 animo
1605 2085 1673 2112 prae-

886 2127 956 2154 ditos
977 2126 1108 2153 idolorum
1125 2126 1250 2158 cultores,
1269 2130 1295 2153 et
1315 2126 1340 2152 in
1356 2125 1438 2160 629
1453 2125 1538 2159 ipsam
1554 2124 1671 2151 divinam

888 2181 919 2200 ac
933 2180 1085 2208 supremam
1107 2175 1231 2198 naturam
1255 2171 1423 2205 delinquere.
1446 2170 1581 2204 Quantum
1601 2171 1673 2197 enim

62 2220 88 2245 τό
101 2228 129 2254 γε
144 2219 208 2257 ἦχον
234 2224 274 2254 εἰς
292 2223 415 2254 ἑαυτοὺς,
435 2223 484 2259 τῆς
499 2223 611 2259 ἐνούσης
631 2225 698 2259 αὐτῇ
714 2222 793 2257 δόξης
806 2224 834 2250 τὸ

904 2226 915 2244 n
931 2217 996 2252 ipsis
1008 2221 1060 2249 cst,
1082 2215 1258 2243 eminentiam
1279 2216 1361 2250 ipsius
1381 2215 1481 2250 gloriae,
1496 2216 1528 2242 ad
1545 2222 1604 2249 quae
1622 2221 1673 2241 non

64 2266 205 2302 ὒπερτενὲς,
223 2269 265 2303 ἐφ’
280 2269 298 2295 ἃ.
314 2269 350 2304 μὴ
374 2269 507 2305 προσῆκε,
526 2270 572 2296 κα)⁴
587 2270 627 2301 εἰς
649 2270 753 2305 ἄψυχον
772 2270 837 2305 ὕλην

64 2314 264 2348 κατακομίζουσι
293 2316 349 2346 τοῖς
380 2315 455 2347 ἰδίοις
482 2316 567 2350 αὐτὴν
601 2317 837 2351 τεχνουργήμασιν

64 2358 241 2394 ἀπονέμοντες,
254 2360 313 2387 εἶτα
324 2363 429 2392 ποιναῖς
446 2363 505 2393 ταῖς
519 2361 647 2396 ἐσχάταις
659 2361 838 2397 ὲνισχημένας

64 2404 134 2436 ὁσίως
149 2406 195 2438 τὰς
211 2407 314 2434 ἑαυτῶν
324 2407 520 2442 ἀποφαίνοντες
531 2407 660 2442 κεφαλάς.
671 2407 731 2433 Τίνι
746 2407 777 2442 δὴ
790 2405 838 2432 οὖν

65 2450 208 2484 ὡμοιώσατέ
227 2461 270 2488 με,
287 2454 363 2488 φησὶ,
385 2453 430 2480 τὸν
442 2455 475 2489 τῇ
493 2453 571 2488 φύσει
584 2453 638 2480 τῶν
653 2453 720 2479 ὅλων
735 2453 839 2487 διεστη-

65 2496 131 2528 κότα,
145 2498 189 2524 καὶ
213 2499 388 2534 ἀσυγκρίτοις
407 2500 552 2535 ὑπεροχαῖς
571 2499 636 2533 ὑψοῦ
657 2508 686 2525 τε
707 2499 837 2534 ἠρμένον,

65 2542 106 2568 καὶ
117 2544 210 2575 παντὸς
226 2545 353 2572 ἐπέκεινα
367 2545 492 2582 γενητοῦ,
504 2545 549 2571 τὸν
562 2545 616 2571 τῶν
629 2545 696 2571 ὅλων
710 2545 835 2579 δημιουρ-

66 2587 226 2623 γδν,βασιλέα
243 2599 271 2616 τε
288 2590 355 2625 ὁμοῦ
374 2591 421 2617 κα)⁸
445 2591 562 2626 Κύριον;
586 2590 665 2622 Εἰκὸς
683 2590 710 2616 δὲ
730 2590 761 2625 δή
777 2598 839 2622 που,

66 2633 106 2658 καὶ
126 2633 214 2670 ἔτερόν
240 2644 265 2662 τι
295 2635 437 2670 βούλεσθαι
463 2637 630 2672 καταδηλοῦν
651 2636 766 2669 λέγοντα
784 2636 840 2666 τοῖς

66 2678 269 2715 πεπλανημένοις
279 2681 324 2708 τὸν
340 2682 406 2708 Θεόν
418 2690 424 2696 ·
442 2681 501 2708 Τίνι
517 2690 549 2716 με
563 2681 741 2716 ὡμοιώσατε;
758 2680 838 2711 ἴδετε,

67 2725 230 2758 τεχνάσασθε,
241 2727 265 2753 οἱ
276 2727 489 2763 πεπλανημένοι.
499 2728 616 2762 Χρυσίου
627 2727 676 2762 μὲν
688 2726 752 2760 γὰρ,
763 2725 839 2760 φησὶ,

68 2771 109 2796 καὶ
132 2772 259 2809 ἀργύριον
290 2775 521 2810 συνεισφέροντες,
557 2771 616 2800 εἶτα
638 2773 841 2810 μισθωσάμενοι

70 2819 202 2853 χρυσοχόον
217 2819 407 2848 διαπλάττουσι
426 2821 532 2857 μορφὴν
549 2821 565 2856 ἢ
588 2820 694 2856 ἀνδρὸς»
713 2819 729 2854 ἦ
746 2826 840 2853 γυναι-

70 2862 121 2894 ﬂii.
132 2864 209 2900 ἧγουν
223 2866 326 2902 θηρίου,
343 2867 409 2902 φέρε
420 2868 517 2901 εἰπεῖν,
537 2866 553 2901 ἢ
574 2867 699 2901 κτήνους,
718 2864 802 2899 ὖνομά
813 2873 840 2890 τε

889 2263 1026 2294 convenit,
1050 2266 1079 2288 et
1098 2261 1130 2288 ad
1146 2260 1291 2287 inanimam
1315 2260 1454 2286 materiam
1477 2259 1631 2294 deprimunt
1648 2263 1675 2285 et

888 2309 1017 2343 abjiciunt
1034 2316 1041 2334 τ
1057 2308 1120 2334 dum
1150 2314 1208 2334 eam
1233 2306 1266 2333 ad
1290 2313 1337 2333 sua
1367 2305 1473 2340 opilicia
1501 2310 1528 2332 et
1550 2305 1674 2340 figmenta

890 2353 1067 2385 transferunt,
1095 2356 1122 2379 et
1137 2352 1225 2386 poenis
1244 2351 1347 2378 ultimis
1364 2358 1440 2378 sacra
1453 2358 1501 2377 sua
1521 2350 1607 2385 capita
1625 2350 1676 2377 im-

889 2401 1003 2434 plicant.
1021 2399 1070 2426 Cui
1090 2399 1170 2434 igitur
1188 2406 1240 2430 me,
1254 2397 1350 2432 inquit,
1366 2396 1552 2431 comparastis,
1570 2397 1675 2423 cunctis

890 2450 986 2472 natura
1012 2444 1222 2478 praecellentem,
1248 2448 1274 2469 et
1295 2442 1495 2477 incomparabili
1520 2442 1675 2475 pratstantia

891 2491 916 2518 in
934 2490 1050 2518 sublime
1062 2495 1198 2522 evectum,
1221 2494 1248 2516 et
1269 2489 1395 2516 omnibus
1415 2487 1573 2515 mortalibus
1594 2494 1675 2522 supe-

891 2538 1001 2569 riorem,
1041 2537 1228 2563 universorum
1259 2535 1402 2570 opiﬁcem,
1433 2541 1523 2569 regem
1546 2533 1625 2560 simul
1648 2537 1676 2561 et

891 2582 1050 2616 dominum?
1073 2582 1142 2616 Quin
1169 2586 1195 2608 et
1207 2581 1281 2608 aliud
1317 2580 1453 2615 quidpiam
1471 2579 1617 2606 verisimile
1636 2584 1677 2606 est

891 2629 1045 2663 significare
1060 2628 1127 2655 velle
1140 2627 1236 2659 Deum.
1250 2635 1311 2654 cum
1327 2627 1365 2653 ait
1376 2625 1530 2653 errantibus
1544 2633 1551 2651 :
1569 2625 1616 2652 Cui
1634 2632 1677 2652 me

892 2673 1092 2708 comparastis?
1134 2673 1228 2700 Videte
1255 2676 1283 2699 et
1309 2671 1475 2706 excogitate,
1489 2671 1535 2705 qui
1568 2670 1675 2697 erratis.

892 2720 962 2747 Dicit
983 2720 1054 2746 enim
1075 2718 1196 2745 :Aurum
1214 2723 1240 2745 et
1261 2721 1402 2751 argentum
1426 2715 1607 2748 conferentes,
1630 2715 1678 2742 de-

892 2766 967 2798 inde,
989 2765 1123 2793 conducto
1143 2763 1290 2793 aurifabro,
1319 2763 1432 2788 formam
1458 2765 1504 2787 aut
1532 2760 1579 2787 viri
1596 2780 1604 2792 ,
1632 2765 1678 2786 aut

893 2812 1001 2840 femina:
1019 2811 1187 2844 contingunt,
1205 2814 1251 2836 aut
1265 2809 1346 2836 etiam
1371 2807 1474 2839 bestia,
1491 2810 1519 2833 ut
1531 2807 1565 2832 ita
1579 2806 1677 2839 dicam,

893 2860 933 2888 vel
944 2859 1070 2896 jumenti,
1082 2864 1233 2893 nomenque
1246 2857 1287 2885 dei
1303 2855 1339 2883 illi
1370 2854 1486 2881 formato
1500 2853 1533 2880 ab
1549 2852 1613 2887 ipsis
1623 2856 1678 2880 sta-
