1883 3055
204 130 258 158 99b

699 127 728 154 S.
750 126 886 155 CYRILLI
907 124 1141 153 ALEXANDRINI
1161 126 1324 154 ABCHIEP.

1784 125 1832 152 996

207 188 256 214 tim
271 186 381 214 inditur.
402 186 521 220 Cogitate
544 185 636 220 igitur,
658 185 756 219 inquit.
785 185 828 212 cui
854 192 897 212 me
917 191 988 211 com-

1082 199 1083 202 η
1102 184 1333 220 διαπεπλασμένῳ
1348 185 1414 217 Θεὸς
1431 169 1511 216 εὐθὺς
1534 184 1634 211 δίδοται
1654 184 1720 219 παρ’
1735 183 1831 211 αὐτῶν.

210 233 343 268 parastis?
366 232 412 260 Vel
437 232 508 259 enim
531 232 600 263 viro,
631 231 673 258 vel
699 231 817 264 mulieri,
845 231 886 258 vel
911 230 992 257 etiam

211 280 315 312 beetiis,
336 279 378 305 vel
395 279 559 306 animalibus
580 279 692 306 rationis
711 277 877 312 expertibus.
897 276 992 304 Annon

210 333 275 352 sane
290 333 332 351 res
347 324 404 351 hmo
416 328 538 352 extreme
553 328 595 350 est
607 323 707 358 impia?
722 322 880 357 Excogitate
893 321 994 355 aliquid

211 371 239 398 in
266 369 462 404 defensionem,
476 369 607 397 exsolvite
625 376 672 397 vos
685 377 699 396 a
715 369 838 396 crimine.
855 367 907 394 Sed
921 366 992 394 enim

210 417 282 444 Itaud
308 416 451 444 invenietis
480 416 610 443 rationem
638 423 690 450 qua
711 415 764 442 hoc
778 413 904 448 probetis.
926 411 993 439 Nam

209 469 270 489 cum
299 468 435 494 naturam,
461 469 520 496 qua:
543 462 633 489 omnia
660 465 780 495 superat,
801 460 835 487 ad
850 458 952 486 bestias
967 463 994 485 et

210 509 329 541 iumenta
343 509 502 543 deprimatis
516 517 523 535 :
541 515 592 542 qua
606 508 728 536 oratione
741 506 866 538 utemini,
888 512 947 539 qua:
960 503 995 532 ad

208 554 354 582 criminum
381 554 434 582 vim
464 554 670 589 propulsandam
697 551 830 581 subiciat?
848 551 925 585 Quod
945 558 994 577 au-

210 603 264 627 tem
280 600 411 627 idolorum
438 600 511 626 ﬁctio
529 599 595 626 nihil
615 599 687 626 aliud
703 599 739 626 sit
754 607 833 634 quam
851 597 994 633 cogitatio-

210 645 253 672 nis
267 645 372 672 vanitas
384 650 411 672 et
425 645 524 677 vilitas,
536 650 649 672 conatur
662 644 808 672 ostendere
822 653 829 676 ;
847 644 910 670 hinc
925 650 994 677 prae-

209 690 266 717 cise
277 691 420 717 admodum
437 695 464 717 et
481 690 598 717 tenuiter
613 689 743 724 loquitur.
760 689 895 723 Collignnt
910 688 994 720 enim,

210 737 306 772 inquit,
322 744 338 764 e
350 736 487 771 marsupio
504 740 643 770 argentum
653 739 680 762 et
692 742 798 767 aurum,
811 739 838 761 et
854 734 880 760 in
895 738 994 761 statera

210 787 311 816 ponunt
332 787 360 810 et
380 782 548 816 :equilibrio.
575 788 736 815 unoquoque
759 780 881 808 fortassis
903 779 993 808 conie-

210 832 298 859 rente,
324 833 354 854 ut
374 836 407 855 ex
431 835 507 862 a-quo
526 831 554 854 et
582 828 653 854 bono
670 827 714 862 qui
734 826 791 860 plus
804 825 993 859 coutribuit,ei

210 873 294 908 magis
313 873 401 900 faveat
416 877 443 900 et
462 873 627 908 propendeat
639 873 694 907 (qui
713 871 862 899 fabricatus
879 875 929 899 est.
949 871 994 898 Di-

207 923 300 947 cturos
315 919 386 946 enim
400 926 494 946 omnes
506 924 581 954 puto,
592 919 664 954 quod
680 919 701 946 si
716 918 892 952 pecuniarum
904 920 995 944 essent

209 963 305 998 indigi,
323 964 434 992 omnino
451 963 534 991 Deum
558 971 610 991 non
635 963 784 991 baberent:
800 967 827 990 et
841 963 891 990 nisi
909 963 994 989 abun-

207 1011 284 1038 daret
295 1010 511 1038 orbisterrarum
525 1009 685 1041 artiﬁcibus,
703 1017 781 1037 nemo
794 1014 866 1036 esset
884 1008 994 1036 omnino

208 1055 254 1090 qui
270 1055 304 1082 ab
321 1055 373 1082 illis
387 1050 532 1083 coleretur.
560 1054 613 1082 Sed
634 1059 662 1082 et
688 1063 720 1082 eo
740 1054 865 1082 ruditalis
885 1057 911 1081 et
929 1053 995 1080 insi-

207 1102 318 1137 pientia:
333 1102 566 1135 mentis.veniunt,
586 1105 615 1128 ut
631 1109 691 1129 cum
707 1101 757 1136 ipsi
774 1106 837 1128 ante
852 1108 916 1128 suos
928 1100 993 1128 deos

207 1149 350 1181 exsistant,
368 1149 502 1176 honorent
527 1153 616 1176 tamen
633 1155 679 1175 eos
693 1148 737 1182 qui
749 1151 809 1183 post
822 1152 883 1174 sunt
899 1147 993 1182 geniti,

208 1199 235 1222 et
246 1203 294 1223 eos
308 1195 359 1229 ipsi
381 1194 494 1227 faciunt,
522 1202 590 1229 quos
610 1202 659 1228 par
678 1198 737 1221 erat
763 1194 851 1229 potius
876 1193 993 1220 factores

207 1241 313 1269 videri:
330 1246 356 1268 et
373 1248 434 1268 cum
456 1241 576 1268 materia
597 1240 698 1269 domini
721 1239 784 1272 sint,
811 1247 842 1267 ea
868 1246 994 1266 necessa-

207 1287 278 1314 rium
301 1287 328 1314 in
352 1287 464 1313 abusum
490 1291 597 1321 stlnipta
618 1287 652 1313 ab
675 1286 740 1319 ipsis
754 1289 848 1320 petunt
867 1284 992 1312 salutem.

205 1330 281 1358 Onus
291 1335 409 1363 portant,
438 1330 489 1357 diis
512 1330 537 1356 in
567 1330 694 1357 humeros
715 1329 838 1363 sublatis,
861 1337 921 1356 cum
945 1337 993 1357 eos

208 1377 358 1404 immobiles
371 1376 488 1409 videant,
510 1376 609 1411 quique
638 1377 807 1403 abducantur
833 1383 994 1412 quocunque

206 1423 328 1456 libuerit,
353 1427 380 1450 et
402 1423 453 1450 illis
471 1431 565 1457 preces
581 1423 709 1450 olferunt.
726 1423 839 1456 Quando
856 1423 939 1458 igitur
952 1423 994 1449 vi-

206 1469 279 1496 deris
295 1469 378 1504 63o
394 1476 440 1496 eos
458 1476 552 1503 preces
570 1469 703 1503 accipere,
719 1474 774 1496 tum
791 1473 917 1502 exspecta
935 1466 994 1495 fore

206 1516 348 1544 auxilium.
371 1516 418 1542 Sin
439 1523 486 1543 eos
504 1520 530 1542 et
540 1523 621 1543 sensu
645 1523 739 1543 carere
752 1519 778 1542 et
792 1519 865 1542 motu
889 1515 992 1546 videas,
1006 1526 1028 1555 ο

206 1570 287 1597 quam
316 1563 424 1589 tandem
448 1562 590 1588 utilitatem
613 1561 646 1588 ab
673 1561 726 1588 illis
750 1561 912 1595 exspectes?
937 1559 990 1588 Sed

207 1614 235 1636 tu
251 1608 332 1636 simili
360 1609 452 1635 morbo
482 1608 599 1640 laboras,
629 1614 716 1642 neque
729 1607 878 1642 quidquam
896 1607 990 1639 sentis,

206 1653 307 1688 quippe
320 1658 442 1680 extreme
455 1653 577 1687 stupidus
591 1657 618 1679 et
636 1652 800 1679 insensatus.

242 1740 325 1767 Vens.
336 1739 415 1768 8-H.
429 1739 587 1767 Mementote
595 1741 700 1772 Irarum,
710 1745 735 1767 et
747 1740 923 1775 ingemiscile;
936 1748 990 1775 poe-

205 1787 342 1814 nitentiam
359 1787 428 1821 agite
441 1787 485 1821 qui
495 1787 615 1818 errastis,
631 1787 711 1814 redite
726 1787 759 1813 ad
769 1795 823 1813 cor.
833 1785 868 1813 Et
879 1795 992 1814 metuen-

204 1837 256 1859 tote
279 1833 398 1867 priorum
419 1841 434 1859 a
454 1832 561 1864 swculo,
583 1833 708 1867 quoniam
730 1841 776 1867 ego
795 1841 853 1860 sum
869 1832 949 1864 Deus,
966 1836 991 1859 et

207 1886 258 1905 non
275 1883 312 1905 est
331 1883 426 1912 pra-ter
446 1886 486 1905 me
498 1886 507 1905 :
519 1879 680 1905 annuntians
703 1879 776 1913 prius
794 1878 898 1911 ultima,
920 1882 993 1905 ante-

202 1932 283 1959 quam
299 1925 355 1958 ipsa
380 1924 456 1958 ﬁant,
479 1929 504 1951 et
525 1924 654 1958 completa
677 1924 741 1951 sint.
765 1923 797 1950 Et
815 1923 892 1951 dixi:
909 1924 992 1951 Omne

204 1977 290 1996 meum
306 1970 446 1997 consilium
466 1970 556 2002 stabit,
581 1974 604 1997 et
627 1964 717 1997 omnia
743 1977 902 2005 quaecunque
918 1969 991 2004 cogi-

205 2015 257 2042 tavi
271 2015 385 2050 faciam,
410 2023 504 2042 vocans
520 2015 552 2041 ab
567 2016 665 2042 oriente
679 2015 819 2047 uolucrem,
843 2021 866 2042 et
881 2015 912 2042 de
922 2021 991 2042 terra

204 2066 314 2088 remota.
346 2060 385 2087 De
408 2060 502 2096 quibus
531 2061 641 2095 cogitaui
662 2061 765 2088 locutus
789 2069 857 2093 sum,
879 2061 990 2094 adduxi,

203 2106 300 2138 creari,
328 2111 351 2132 et
377 2106 438 2140 feci.
460 2105 533 2132 Daci
557 2113 634 2139 eum,
657 2111 681 2132 et
707 2105 826 2140 faustum
848 2107 921 2142 eﬂeci
943 2108 992 2134 iter

203 2160 271 2187 ejus.

239 2243 417 2277 Conspicatus
445 2242 516 2270 Deus
546 2250 593 2270 eos
618 2238 721 2275 ermre,
739 2243 859 2270 tenebris
872 2248 898 2271 et
914 2244 988 2279 gravi

206 2288 355 2323 ignorantia
370 2287 506 2320 detentos,
523 2289 620 2316 iterum
636 2296 730 2316 eorum
747 2289 819 2322 capit
835 2289 988 2316 misericor-

204 2333 276 2361 diam
291 2354 299 2365 ,
313 2333 424 2367 etjubet
448 2333 585 2368 respicere
602 2333 697 2366 veluti,
719 2338 746 2360 et
759 2333 866 2360 oculum
893 2334 991 2361 tuentis

204 2379 346 2414 diligenter
376 2379 409 2405 ad
425 2378 495 2406 facta
522 2378 633 2411 referre,
657 2383 687 2405 ut
705 2386 720 2405 a
742 2379 811 2405 utan
829 2378 862 2405 ad
878 2379 990 2406 meliora

205 2423 412 2455 transferantur,
430 2429 458 2451 et
469 2424 608 2451 orationes
623 2424 656 2451 ad
669 2424 742 2458 ipsos
766 2424 872 2451 habitas
888 2424 1003 2458 sempi-_

208 2474 284 2497 terna
312 2474 433 2498 tenentes
465 2471 604 2502 memoria,
628 2470 811 2504 resipiscam:
831 2478 880 2497 nec
901 2470 988 2505 lingua

204 2519 308 2542 tantum
323 2514 483 2549 simpliciter
493 2519 520 2542 et
540 2516 666 2547 tenuiter,
683 2515 730 2543 sed
749 2516 806 2550 ipso
819 2516 900 2543 corde
917 2520 944 2543 et
956 2523 989 2542 ex

203 2561 294 2588 animo
309 2562 419 2589 faciant.
437 2561 483 2589 Est
495 2563 567 2589 enim
584 2561 662 2589 laude
675 2562 848 2597 dignissimus
860 2566 887 2589 et
897 2569 988 2594 verus,

202 2607 334 2640 ejusmodi
357 2609 524 2642 poenitentiae
542 2609 648 2635 modus.
666 2608 741 2642 Quod
759 2609 840 2643 igitur
857 2609 988 2635 idolorum

202 2652 300 2681 eiﬁctio
317 2662 360 2681 res
375 2655 412 2681 sit
425 2654 547 2685 ridicula,
567 2662 599 2681 ex
620 2655 662 2681 his
686 2662 746 2689 quae
773 2654 827 2688 jam
855 2654 987 2689 praedixit,

203 2699 361 2734 perspicere
388 2699 476 2733 jubet.
502 2699 578 2731 Quod
607 2705 697 2726 autem
725 2700 782 2734 ipse
807 2701 842 2725 sit
868 2700 988 2726 omnium

202 2745 284 2780 Deus,
310 2753 342 2773 ex
371 2745 546 2780 dignitatibus
569 2745 621 2772 Deo
645 2745 822 2780 dignissimis,
853 2753 913 2779 qua:
938 2745 987 2779 ipsi

202 2796 299 2818 natura
326 2791 429 2824 insunt,
457 2791 608 2826 intelligere
635 2790 789 2825 persuadet.
817 2790 881 2817 Sum
903 2791 987 2823 enim,

201 2837 300 2872 inquit,
313 2844 363 2872 ego
375 2836 457 2871 Deus,
475 2841 502 2864 et
518 2836 639 2864 omnium
650 2836 832 2870 cognitionem
850 2837 946 2870 habeo,
961 2841 988 2863 et

1043 231 1238 265 Κατανοήσατε
1262 232 1362 265 τοίνυν,
1376 232 1454 267 φησι,
1473 231 1527 258 τίνι
1543 231 1707 266 ὡμοιώσατέ
1735 237 1789 266 μες
1801 232 1833 257 Ἰι

1043 276 1097 310 γὰρ
1119 276 1195 311 ἀνδρὶ
1209 277 1225 312 ἢ
1240 278 1361 311 γυναικὶ,
1373 277 1390 313 ἢ
1411 278 1459 305 καὶ
1473 277 1578 313 θηρίοις
1590 276 1607 311 ἢ
1619 276 1700 308 ζώοις
1716 276 1833 310 ἀλόγοις.

1045 319 1109 347 Εἶτα
1129 322 1187 353 πῶς
1202 323 1250 357 οὐχ
1261 323 1372 358 ἁπάσης
1383 323 1511 350 ἐπέκεινα
1522 322 1680 353 δυσσεϐείας
1697 321 1728 348 τὸ
1743 321 1835 356 χρῆμὰ

1044 367 1117 400 tam;
1144 367 1317 402 Τεχνάσασθέ
1339 377 1364 395 τι
1390 369 1459 404 πρὸς
1482 368 1639 403 ἀπολογίαν·
1662 367 1835 395 ἀπολύσασθε

1044 413 1093 444 τὰς
1110 414 1256 449 ἁμαρτίας.
1279 414 1348 441 Ἀλλ’
1361 415 1410 441 οὐκ
1426 414 1459 441 ἂν
1468 414 1568 450 εὕρητε
1579 414 1624 441 τὸν
1638 413 1835 448 ἐπικουροῦντα

1044 459 1123 493 λόγον
1140 459 1207 495 πρὸς
1222 460 1300 486 τοῦτο
1313 461 1387 495 ὑμῖν.
1404 461 1460 496 Τὴν
1478 461 1533 496 γὰρ
1551 460 1622 495 ὑπὲρ
1643 460 1736 487 πάντα
1757 458 1835 493 φύσιν

1045 506 1084 536 εἰς
1103 504 1195 541 θηρία,
1219 506 1266 532 καὶ
1289 507 1377 542 κτήνη
1403 505 1643 541 κατακομίζοντες,
1669 505 1760 536 ποίοις
1784 505 1834 539 ἄρα

1045 550 1212 585 κεχρήσεσθε
1233 550 1322 584 λόγοις
1342 551 1501 586 δυναμένοις
1526 551 1674 584 ἐξαρκέσαι
1700 551 1742 582 εἰς
1757 558 1790 584 γε
1808 549 1835 575 τὸ

1045 595 1174 622 δύνασθαι
1190 596 1223 623 τὰ
1240 596 1402 632 ἐγκλήματα
1418 596 1596 632 διαφεύγειν;
1615 597 1678 623 Ὀτι
1691 596 1720 623 δέ
1733 595 1834 631 χυδαιό-

1045 650 1124 677 τητος
1143 641 1250 669 ἐννοιῶν
1273 643 1322 669 καὶ
1339 643 1432 678 ἕτερον
1453 643 1530 670 οὐδὲν
1551 643 1567 678 ἦ
1586 642 1706 669 εἰδώλων
1728 642 1835 677 ποίησις

1045 689 1173 724 πειρᾶται
1199 688 1350 716 διδάσκειν·
1373 688 1461 725 ταύτῃ
1476 698 1517 715 τοι
1529 689 1576 715 καὶ
1598 689 1658 715 λίαν
1687 689 1833 723 ίσχνοεπεῖ.

1045 733 1194 767 Συνάγουσι
1213 734 1266 769 γὰρ
1287 734 1319 760 ἐκ
1344 734 1494 770 μαρσίπου,
1522 734 1614 768 φησὶν,
1639 733 1774 768 ἀργύριον
1792 734 1835 759 καὶ

1044 780 1166 815 χρυσίον,
1194 780 1241 806 καὶ
1262 780 1291 806 ἐν
1309 778 1383 815 ζυγῷ
1405 780 1542 816 θήσουσιν,
1559 781 1588 806 ὲν
1606 779 1719 814 σταθμῷ
1746 779 1835 813 ἰσομέ-

1045 834 1112 860 τρῳ,
1128 825 1245 852 ἑκάστου
1269 825 1339 861 τάχα
1366 825 1628 861 συνεισκομίζοντος,
1650 825 1694 852 ἵνα
1717 825 1789 851 κατὰ
1807 826 1834 850 τὸ

1046 871 1120 903 εἰκος
1145 871 1185 905 τῷ
1217 871 1298 897 πλέον
1326 871 1480 911 εἰσφέροντι
1509 871 1672 907 προσκέοιτο
1699 870 1802 905 μᾶλλον
1822 872 1834 896 ὁ

1045 914 1300 951 τεχνουργούμενος.
1327 915 1395 950 Φαίη
1419 915 1441 941 δ’
1458 916 1501 948 ἂν,
1528 913 1671 950 οἷμαι,τὶς
1693 915 1733 946 ὡς
1760 915 1834 949 εἰπερ

1044 957 1114 994 ἦσαν
1142 959 1294 995 χρημάτων
1327 959 1453 991 ἐπιδεεῖς,
1483 958 1538 986 οὐδ’
1561 959 1593 985 ἂν
1614 959 1684 990 ὅλως
1703 958 1836 994 ἐσχήκασι

1044 1006 1121 1038 Θεὸν,
1149 1007 1196 1032 καὶ
1211 1007 1235 1033 εἰ
1252 1006 1288 1042 μὴ
1313 1006 1441 1041 τεχνιτῶν
1467 1005 1608 1041 ηὐπόρειή
1634 1005 1681 1031 ὑπ’
1711 1005 1834 1040 οὐρανὸν,

1044 1051 1130 1083 οὐδεὶς
1143 1050 1177 1087 ἦν
1189 1052 1257 1084 ὅλως
1274 1053 1288 1078 ὁ
1302 1052 1369 1088 πρὸς
1386 1051 1476 1078 αὐτῶν
1489 1051 1738 1087 προσκυνούμενος.
1751 1050 1836 1076 Ἥκει-

1045 1103 1071 1121 σι
1097 1095 1125 1122 δέ
1158 1094 1279 1130 ἀμαθίας
1313 1096 1350 1126 εἰς
1373 1094 1453 1121 τοῦτο
1472 1095 1518 1121 καὶ
1538 1095 1676 1122 ἀσυνέτων
1707 1094 1827 1126 ἐννοιῶν,

1042 1141 1114 1167 ὥστε
1128 1140 1366 1176 προῦφεστήκότες
1382 1141 1459 1166 αὐτοὶ
1472 1140 1526 1166 τῶν
1540 1140 1613 1166 ἰδίων
1630 1140 1707 1166 Θεῶν
1720 1140 1836 1175 τιμῶσιν

1044 1187 1123 1219 ὄντας
1142 1187 1287 1221 ὀψιγενεῖς,
1308 1186 1354 1213 καὶ
1370 1185 1417 1218 οὓς
1432 1187 1484 1222 χρὴ
1503 1186 1588 1222 δήπου
1605 1186 1706 1220 μᾶλλον
1723 1185 1837 1221 ὁρᾶσθαι

1043 1234 1236 1270 δημιουργοὺς,
1256 1233 1469 1269 δημιουργοῦσιν
1485 1233 1573 1260 αὑτοίο
1602 1233 1649 1260 καὶ
1661 1233 1685 1259 οἱ
1705 1232 1757 1267 τῆς
1775 1232 1837 1267 ὕλης

1045 1281 1144 1316 κύριοι,
1160 1280 1206 1307 καὶ
1223 1280 1262 1311 είς
1280 1272 1449 1314 κατάχρησιν
1469 1277 1624 1312 ἀναγκαίαν
1648 1277 1778 1309 λαϐόντες
1795 1278 1838 1304 αὑ-

1043 1327 1092 1362 τὴν
1112 1326 1176 1362 παρ’
1199 1326 1285 1360 αὐτῆς
1305 1325 1412 1353 αίτοῦσι
1431 1325 1461 1351 τὺ
1482 1323 1626 1357 σώζεσθαι.
1644 1324 1838 1359 Ἀχθοφοροῦει

1044 1372 1107 1402 τοὺς
1127 1370 1206 1402 θεοὺς
1228 1371 1271 1396 ἐπ’
1291 1369 1373 1405 ὤμων
1397 1369 1521 1404 αῐροντες
1548 1367 1647 1400 αὐτούς
1666 1375 1675 1383 ·
1689 1369 1837 1404 ἀκινήτους

1043 1417 1124 1448 ὄντας
1136 1416 1231 1453 ὁρῶσι,
1248 1416 1295 1443 καὶ
1309 1413 1390 1452 οἷπερ
1401 1415 1435 1442 ἂν
1449 1414 1535 1442 ἕλοι-τό
1549 1424 1590 1446 τις
1603 1414 1837 1449 ἀποφερομένους,

1044 1464 1092 1490 καὶ
1109 1463 1199 1494 αὐτοῖς
1217 1462 1386 1498 προσάγουσι
1404 1461 1454 1493 τὰς
1468 1460 1555 1492 λιτάς.
1578 1459 1683 1486 Οὐκοῦν
1697 1460 1764 1486 ὅταν
1780 1459 1837 1494 ἴδῃς

1044 1510 1175 1541 λαϐόντας
1194 1508 1242 1544 τὴν
1259 1508 1347 1542 λιτὴν,
1366 1507 1427 1535 τότε
1452 1506 1636 1542 προσδόκησον
1656 1505 1769 1532 ἔσεσθαι
1790 1504 1838 1539 τὴν

1044 1555 1215 1591 ἐπικουρίαν.
1232 1555 1263 1582 El.
1272 1555 1301 1582 δὲ
1313 1554 1494 1590 ἀναισθήτους
1505 1561 1534 1579 τε
1547 1551 1615 1588 ὁμοῦ
1634 1552 1682 1578 καὶ⁵
1692 1551 1838 1586 ἀκινήτους

1043 1601 1124 1633 ὄντας
1138 1602 1215 1637 ὁρᾷς,
1233 1599 1290 1627 εἶτα
1299 1600 1360 1627 τίνα
1377 1599 1442 1635 παρ’
1453 1599 1541 1626 αὐτῶν
1556 1598 1654 1635 ἐκδέχῃ
1666 1598 1716 1633 τὴν
1727 1597 1838 1633 δνησινς

1045 1647 1085 1674 Τὰ
1103 1647 1147 1673 ἶσα
1160 1646 1246 1674 νοσῶν
1257 1646 1308 1673 οὑκ
1320 1645 1446 1682 αἰσθάνῃ.
1465 1645 1618 1676 Πὲπτωκας
1627 1644 1683 1680 γὰρ
1698 1645 1738 1676 εις
1756 1645 1838 1680 ἐσχά-

1046 1701 1094 1728 την
1108 1692 1296 1728 ἀναισθησίαν.

1081 1739 1243 1773 Μνήσθητε
1254 1738 1358 1771 ταῦτα,
1368 1737 1418 1765 καὶ
1427 1737 1592 1770 στενάξατε
1601 1744 1608 1753 ’
1617 1737 1836 1772 μετανοήσατε,

1046 1787 1072 1813 οὶ
1085 1785 1322 1820 πεπλανημένοι.
1346 1783 1563 1818 Ἐπιστρέψατε
1585 1782 1623 1818 τῇ
1640 1782 1763 1818 καρδίᾳ,
1791 1783 1837 1810 καὶ

1042 1831 1199 1867 μνήσθητε
1213 1831 1248 1858 τὰ
1269 1831 1396 1866 πρότερα
1416 1830 1476 1857 ἀπὸ
1504 1829 1558 1857 τοῦ
1578 1828 1697 1863 αἰῶνος,
1717 1828 1766 1856 ὅτι
1785 1829 1838 1864 ἐγώ

1044 1881 1102 1914 ειμι
1119 1881 1136 1906 ὁ
1152 1878 1233 1913 Θεὸς,
1247 1878 1297 1906 καὶ
1308 1878 1364 1905 οὐκ
1380 1874 1466 1904 ἔστιν
1479 1876 1563 1910 πλὴν
1578 1876 1668 1912 ἐμοῦ·
1692 1876 1838 1911 ἀναγγέλ-

1044 1925 1107 1950 λων
1119 1923 1264 1957 πρότερον
1277 1923 1313 1950 τὰ
1324 1923 1439 1957 ἔσχατα
1451 1921 1524 1956 πρὶν
1533 1922 1610 1949 αὐτὰ
1624 1921 1782 1956 γενέσθαι,
1792 1922 1837 1948 καὶ

1045 1970 1105 2005 ἅμα
1126 1969 1341 2004 συνετελέσθη.
1358 1969 1412 2001 Καὶ
1424 1967 1493 1996 εἶπα
1507 1977 1513 1984 ·
1530 1968 1687 2004 Πᾱσάμου
1702 1969 1721 2002 ἡ
1736 1968 1837 2001 βουλὴ

1044 2016 1202 2050 στήσεται,
1225 2016 1275 2043 καὶ
1294 2015 1391 2042 πάντα
1413 2014 1471 2042 ὅσα
1486 2015 1693 2050 βεϐούλευμαι
1707 2015 1836 2048 ποιήσω.

1045 2063 1146 2090 καλῶν
1155 2063 1214 2090 ἀπὸ
1229 2061 1386 2089 ἀνατολῶν
1397 2062 1546 2094 πετεινὸν,
1563 2061 1613 2088 καὶ
1624 2061 1686 2088 ἀπὸ
1697 2061 1756 2096 γῆς
1769 2062 1837 2096 ,πόρ-

1040 2111 1147 2144 ῥωθεν.
1169 2109 1238 2143 Περὶ
1254 2105 1297 2135 ὧν
1307 2108 1522 2142 βεϐούλευμαι,
1535 2107 1687 2141 ἐλάλησα,
1702 2108 1752 2134 καί
1769 2107 1837 2142 ἤγα-

1045 2165 1108 2191 γον,
1128 2155 1243 2186 Eretum,
1265 2154 1314 2181 καί
1338 2153 1479 2188 ἐποίησα.
1503 2154 1632 2188 Ἠγαγον
1661 2153 1770 2186 αὐτὸν,
1791 2154 1834 2180 καί

1009 2211 1032 2239 ι)
1044 2200 1185 2227 εὐώδωσα
1201 2199 1258 2233 τὴν
1272 2198 1343 2226 ὁδὸν
1358 2198 1462 2226 αὐτοῦ.

1083 2246 1187 2281 Ἀπάτη
1200 2245 1247 2272 καὶ
1266 2245 1355 2280 σκότῳ
1371 2245 1419 2272 καὶ
1439 2244 1544 2280 ἀμαθίᾳ
1564 2244 1637 2280 δεινῇ
1660 2246 1834 2281 κεκρατημέ-

1041 2298 1101 2321 νους
1128 2289 1198 2324 ὁρῶν
1225 2289 1407 2324 κατοικτείρει
1434 2289 1515 2316 πάλιν
1543 2289 1641 2321 αὐτοὺς
1657 2290 1765 2323 ὁΘεδς,
1793 2291 1834 2317 καὶ

1041 2336 1136 2362 ἀνόπιν
1153 2335 1247 2371 ὥσπερ
1264 2335 1331 2361 ἱέναι
1347 2335 1463 2367 κελεύει,
1481 2335 1532 2369 τῆς
1547 2334 1666 2367 διανοίας
1677 2336 1722 2362 τὸν
1737 2337 1834 2371 ὀφθαλ-

1042 2382 1091 2417 μὸν
1113 2381 1215 2417 ἀκριϐῆ
1238 2383 1294 2412 τοῖς
1321 2381 1482 2416 πράγμασιν
1511 2382 1705 2417 ἐπιφέροντας,
1729 2383 1773 2409 ἵνα
1793 2385 1834 2409 καὶ

1041 2427 1084 2453 ἵνα
1112 2426 1198 2453 κακοῦ
1223 2428 1276 2453 είσι
1307 2427 1438 2462 μαθόντες
1468 2426 1689 2463 μεθορμίσωνται
1716 2429 1785 2464 πρὸς
1803 2430 1833 2454 τὰ

1040 2471 1156 2506 ἀμείνω,
1172 2472 1219 2499 καὶ
1236 2471 1289 2498 τῶν
1304 2471 1372 2507 πρὸς
1385 2471 1484 2503 αὐτοὺς
1506 2472 1656 2506 γεγονότων
1671 2471 1760 2506 λόγων
1775 2473 1832 2499 ἀτες

1040 2518 1185 2554 λευτήτους
1195 2518 1302 2554 ἔχοντες
1311 2519 1431 2554 μνήμας,
1447 2520 1586 2554 μετανοεῖν
1597 2518 1710 2551 ἕλοιντο,
1726 2519 1772 2546 καὶ
1787 2520 1831 2546 οὐχ

1040 2564 1094 2591 ἀπὸ
1120 2563 1244 2599 γλώττης
1261 2565 1341 2598 μόνον
1370 2564 1449 2590 τοῦτο
1474 2564 1594 2600 δρῶντας
1614 2564 1719 2597 ἁπλῶς,
1737 2565 1831 2596 ἀλλ’ἐξ

1039 2610 1124 2645 αὐτῆς
1146 2610 1269 2646 καρδίας.
1301 2609 1572 2642 Ἀξιεπαινετώτατος
1590 2610 1646 2646 γὰρ
1668 2612 1718 2638 καὶ
1735 2611 1830 2646 ἀληθὴς

1040 2656 1082 2691 εἴη
1098 2656 1132 2683 ἂν
1147 2658 1162 2682 ὁ
1176 2657 1223 2692 τῆς
1238 2657 1347 2683 τοιᾶσδε
1367 2656 1565 2692 μεταγνώσεως
1580 2657 1693 2692 τρόπος.
1705 2657 1768 2683 Ὀτι
1785 2657 1830 2691 μὲν

1039 2701 1113 2738 οὖνὴ
1130 2703 1247 2729 είδὼλων
1266 2703 1375 2738 ποίησις
1397 2703 1492 2738 χρῆμά
1511 2703 1568 2729 ἐστι
1582 2703 1794 2737 καταγέλαστον,
1805 2703 1830 2734 ἐξ

1039 2745 1076 2776 ὧν
1095 2750 1145 2784 ἤδη
1159 2750 1272 2785 προεῖπε
1284 2749 1409 2775 διειδέναι
1425 2749 1540 2775 κελεύει.
1561 2749 1623 2775 Ὀτι
1641 2749 1669 2775 δὲ
1688 2749 1755 2780 Θεὸς
1765 2749 1828 2774 πὰν-

1038 2804 1091 2821 των
1118 2795 1191 2821 ἐστὶν
1210 2795 1301 2826 αὐτὸς,
1323 2796 1356 2821 ὲκ
1382 2795 1437 2822 τῶν
1454 2795 1567 2821 ἐνόντων
1578 2795 1654 2830 αὐτῷ
1669 2794 1739 2821 κατά
1754 2794 1829 2829 φύσιν

1039 2840 1285 2875 θεοπρεπεστάτων
1299 2840 1462 2876 ἀξιωμάτων
1479 2842 1579 2868 ἐννοεῖν
1597 2841 1752 2868 ἀναπείθει.
1768 2839 1830 2874 Είμῖ
