1883 3055
78 146 127 174 997

621 140 654 168 ΙΝ
675 140 790 168 15Ᾱ1Δι11
811 140 876 169 LIB.
896 140 939 168 iV.
953 142 1056 171 ORAT.
1073 142 1115 170 111.

1646 144 1698 173 998

77 202 129 237 γὰρ
150 200 215 235 ἐγὼ,
239 199 331 234 φησιν,
351 199 366 224 ὁ
383 197 501 225 ἀπάντων
524 197 593 233 ἔχων
617 198 667 234 τὴν
688 199 799 233 γνῶσιν,
817 207 820 225 :

953 207 1058 234 [equam
1086 200 1131 227 tiat
1146 200 1292 234 quidpiam,
1316 200 1342 228 id
1369 199 1500 234 signlllco,
1519 204 1546 228 et
1560 201 1631 236 quod
1647 210 1696 229 an-

79 248 141 283 πρὶν
150 245 274 281 γενέσθαι
282 254 308 271 τι
315 243 498 279 καταμηνύων
504 243 580 274 αὐτὸ,
591 244 638 271 καὶ
648 245 687 276 εἰς
695 245 781 281 πέρας
789 245 864 280 ἄγων

78 293 106 320 τὸ
128 290 341 327 ἐπηγγελμένον.
355 289 569 324 Διασεῦαιοῦμαι
593 289 621 316 δὲ
637 290 704 325 πρὸς
717 290 807 323 τοῦτο,
823 291 863 318 ὃτι

79 339 129 366 πᾶν
148 338 214 364 εἴτι
227 335 407 372 βεϐούλευμαι
420 334 636 375 συντετέλεστατ,
654 336 701 362 καὶ
720 336 865 373 ἀπρακτή-

79 393 146 411 σειεν
156 383 190 410 ἄν
200 381 340 413 παντελῶς
350 381 426 408 οὐδὲν
439 381 492 408 τῶν
500 380 652 408 δοκούντων
663 383 734 418 ἐμοί.
747 384 863 420 Πάμμε-

78 431 148 465 γαδὲ
165 431 213 457 καὶ
231 429 309 456 τοῦτο
329 429 397 465 πρὸς
419 427 557 462 ἀπόδειξιν
576 428 667 464 ἰσχύος
689 430 796 465 ἀμάχου
818 431 865 458 καὶ

78 475 255 511 θεοπρεποῦς.
270 474 424 510 Ἄνθρωποι
436 473 558 509 μὲνγὰρ,
571 473 658 500 καίτοι
670 475 720 506 τὰς
734 475 864 502 ἀνωτάτω

78 523 155 558 τιμὰς
167 522 295 557 λαχόντες
307 521 353 548 καὶ
364 521 414 552 τὰς
432 521 472 552 εἰς
483 520 560 555 λῆξιν
575 520 682 556 ἔχοντες
696 521 862 554 δυναστείας,

80 569 247 607 προτίθενται
277 576 338 595 τινα
367 566 479 599 σκοπὸν,
501 567 549 592 καὶ
566 566 736 602 κατορθῶσαί
758 576 784 595 τι
804 567 866 603 βου-

79 616 206 646 λεύονται,
218 613 274 640 ἀλλ’
286 613 317 640 οὐ
328 612 416 648 πάντη
428 620 458 638 τε
470 611 517 638 καὶ
531 611 640 644 πάντως
653 612 744 644 αὐτοῖς
756 612 865 648 ἔρχεται

80 661 144 689 κατὰ
153 659 216 696 ῥοῦν
232 659 266 686 τὰ
278 658 474 693 διεσκεμμένα.
494 657 610 684 [litata-ra,
624 658 678 694 γὰρ
695 658 746 685 ὅσα
760 666 866 694 παρεμ-

82 709 170 736 πῖπτει
184 707 219 734 τὰ
238 705 349 742 μεταξὺ,
364 705 413 731 καὶ
423 704 587 740 δυσάντητον
598 703 654 739 ἔχει
665 705 714 740 τὴν
725 706 848 740 ὲκκοπήν
856 713 864 721 ·

81 753 142 784 Θεός
154 760 186 787 γε
203 752 258 788 μὴν
280 752 294 778 ὁ
306 751 362 777 τῶν
377 750 456 783 ὅλων,
474 749 554 785 εἴπερ
566 759 594 777 τι
614 750 734 785 βούλοιτο
751 750 826 786 δρᾷν,
839 750 866 777 τί

81 800 111 826 ἂν
122 798 225 832 γένοιτο
249 796 279 823 τὸ
298 794 483 828 ἀντιστατοῦν,
497 796 544 822 κα1
559 795 706 830 ἀντεξάγον
723 795 807 828 aure;
833 796 867 822 'A

82 845 130 880 γὰρ
139 844 204 875 Θεὸς
217 844 234 870 ὀ
248 842 325 876 ἅγιος
337 841 473 877 βούλεται,
490 841 531 873 τίς
545 842 733 874 διασκεδάσεις
747 842 793 868 καὶ
817 841 867 877 τὴν

915 247 1066 274 nuntiatum
1089 250 1141 280 est,
1163 247 1197 273 ad
1218 246 1300 273 {litem
1325 247 1452 281 perduco.
1478 246 1547 280 Quin
1570 252 1598 275 et
1619 255 1699 283 porro

915 293 1002 328 pergit
1022 290 1205 320 conﬁrmare:
1222 293 1356 328 Quidquid
1381 293 1508 328 cogitavi,
1535 293 1699 328 completum

914 343 967 370 est,
981 343 1009 366 et
1022 345 1187 374 quaecunque
1212 339 1277 366 mihi
1301 339 1418 374 placent,
1440 339 1550 367 omnino
1571 340 1645 367 licnt.
1666 339 1701 368 Et

915 384 967 412 hoc
982 385 1089 418 quidem
1105 393 1230 421 magnum
1246 389 1412 414 momentum
1437 386 1517 413 habet
1535 385 1569 412 ad
1589 385 1701 413 demon-

915 430 1055 456 strandum
1082 429 1291 465 insuperabilem
1306 434 1334 458 et
1350 431 1405 458 Deo
1416 430 1523 466 dignam
1541 431 1698 465 potentiam.

916 475 1044 504 Homines
1064 477 1135 504 enim
1152 483 1304 512 quanquam
1328 483 1448 504 summos
1469 477 1588 504 honores
1606 484 1701 504 conse—

915 527 1041 557 quantur,
1065 526 1091 550 et
1115 530 1237 550 summos
1255 523 1423 557 principatus
1442 523 1592 555 obtineant,
1611 527 1700 550 tamen

917 576 978 596 cum
1000 569 1051 596 sibi
1066 569 1183 604 aliquem
1196 569 1270 596 velut
1294 575 1403 604 scopum
1416 574 1581 604 proponunt,
1610 573 1638 595 et
1652 567 1702 595 ali-

916 614 979 649 quid
993 613 1099 642 cllicere
1119 618 1254 647 statuunt,
1281 622 1333 641 non
1359 621 1465 649 semper
1478 615 1572 649 {neque
1591 613 1702 641 omnino

917 660 970 688 illis
997 660 1119 687 secnndo
1141 667 1220 687 amne
1231 660 1377 694 procedunt
1404 667 1463 694 qua:
1486 660 1513 687 in
1537 659 1629 687 animo
1653 659 1702 687 ba-

917 705 990 732 bent.
1011 705 1131 732 Plurima
1157 706 1227 732 enim
1252 706 1341 732 obiter
1364 705 1495 738 incidunt,
1507 710 1534 733 et
1550 713 1645 740 graves
1658 712 1703 733 re-

918 759 1010 780 moras
1027 752 1162 787 injiciunt.
1188 751 1216 779 Si
1233 752 1296 787 quid
1319 757 1408 779 autem
1427 752 1612 779 universorum
1631 751 1703 779 Deus

917 799 981 826 velit
996 805 1085 835 agere,
1104 799 1167 833 quid
1191 798 1227 826 illi
1251 798 1386 826 obsistere
1404 803 1431 826 et
1455 799 1563 825 obstare
1588 797 1703 832 poterit?

917 845 983 879 Qua:
998 846 1070 873 enim
1081 850 1192 873 sanctus
1208 845 1277 873 Deus
1291 845 1357 878 vult,
1372 845 1432 880 quis
1448 844 1527 881 631
1545 843 1704 878 dissipabit?

82 891 153 925 χεῖρα
169 888 218 924 τὴν
233 887 339 923 ὑψηλὴν
353 887 395 917 τίς
418 886 604 922 ἀποστρέψει;
625 886 730 913 Οὐκοῦν
746 887 786 918 εις
800 887 825 913 ἅτ

965 893 1026 928 quis
1041 900 1150 920 manum
1177 891 1236 926 ejus
1258 892 1392 919 excelsam
1411 891 1538 918 avertet?
1564 890 1655 925 llaque
1669 889 1701 916 ad

80 934 158 967 δειξιν
182 933 229 960 τοῦ
244 934 286 960 ὅτι
311 933 378 964 Oed;
396 933 455 959 ἐστι
483 931 555 958 κατὰ
579 932 660 966 φύσιν
680 928 727 958 καῖ
747 931 864 967 ἀληθῶς,

83 981 181 1015 λέγοιτο
210 979 245 1006 ἂν
272 979 386 1011 εἰκότως
408 978 472 1014 παρ’
496 977 579 1005 αὐτοῦ
597 978 637 1010 τὺ,
655 977 733 1004 Πᾶσα
748 979 765 1014 ἡ
784 978 866 1013 βουλὴ

84 1035 131 1062 μου
143 1026 284 1061 στήσεται,
299 1025 346 1052 καὶ
365 1024 454 1052 πάντα
471 1024 522 1051 ὅσα
541 1023 733 1059 βεϐούλευμαι,
750 1024 865 1060 ποιήσω.

84 1071 144 1099 Εἶτα
153 1072 222 1108 πρὸς
237 1071 318 1098 τοῦτό
333 1076 410 1106 φησι,
428 1069 527 1097 Καλῶν
545 1070 600 1096 ἀπὸ
621 1070 757 1096 ἀνατολῶν
777 1077 868 1096 πετει-

84 1119 132 1152 νδν,
154 1119 201 1146 καὶ
225 1118 282 1146 ἀπὸ
297 1116 349 1153 γῆς
369 1116 512 1153 πόρρωθεν
531 1117 596 1152 περὶ
620 1112 657 1143 ὧν
678 1116 866 1151 βιϐοὐλευμαν

85 1165 127 1192 καὶ
145 1164 322 1199 ἀκολουθήσει
340 1163 387 1190 καὶ
408 1163 495 1198 τούτῳ
511 1162 551 1195 τὸ,
563 1162 635 1196 Ἐγώ
650 1164 717 1197 εἰμι.
740 1162 865 1188 Πετεινόν

85 1219 113 1244 γε
126 1210 176 1246 μὴν
190 1210 221 1236 τὸ
235 1209 404 1244 καλούμενον
419 1207 449 1240 ἐξ
459 1207 606 1240 ἀνατολῶν,
629 1208 676 1234 καὶ
689 1209 721 1235 ἐκ
734 1209 785 1243 γῆς
801 1207 869 1242 πόρο

87 1257 166 1293 ρωθεν
192 1257 238 1283 τὸν
265 1255 434 1282 Βαϐυλώνιον
461 1252 530 1282 εἶναι
553 1264 654 1290 φαμεν,
676 1255 706 1287 ὃς
725 1256 774 1291 τὴν
803 1256 869 1281 ’1ου-

86 1303 161 1330 δαίων
175 1303 285 1329 ἅπασαν
299 1302 498 1337 κατεμπρὴσας
511 1300 615 1336 χώραν,
631 1297 687 1327 εἷλε
702 1301 736 1328 τὰ
758 1301 871 1337 Ἱεροσό-

87 1348 153 1384 λυμα
160 1348 206 1374 καὶ
213 1347 260 1374 τὸν
268 1348 296 1373 ὲν
307 1347 398 1379 αὐτοῖς
408 1346 552 1373 κατέσεισε
561 1346 628 1373 νεών
641 1354 648 1362 ο
659 1345 718 1373 εἶτα
729 1346 871 1378 πλείστους

88 1393 136 1420 τῶν
148 1402 176 1419 τε
190 1392 337 1427 ἀγελαὶων,
353 1392 401 1418 καὶ
417 1391 557 1426 ἐπιφανῶν
572 1391 758 1427 ἐξαναστήσας
772 1392 872 1419 ἀπεκό-

90 1447 146 1475 μισε
161 1439 208 1474 μὲν
226 1439 280 1473 τῆς
305 1437 472 1472 ἐνεγκούσης
498 1437 607 1470 αὐτοὺς,
630 1437 776 1464 ἐναπέθετο
791 1437 820 1464 δὲ
838 1439 871 1473 τῇ

90 1482 193 1517 Περσῶν
209 1481 287 1517 χώρᾳ
301 1489 331 1508 τε
346 1482 395 1508 καὶ
411 1480 506 1516 γῇ,τδν
525 1481 576 1516 τῆς
588 1481 776 1516 αἰχμαλωσίας
791 1482 873 1517 σκλη-

91 1529 140 1564 pth
155 1537 183 1554 τε
200 1528 246 1554 καὶ
257 1528 401 1563 ἁφορήτως
410 1528 502 1559 αὐτοῖς
512 1527 660 1564 ὲπιρῤῐψας
674 1526 765 1562 ζυγόν.
777 1528 872 1554 Ἔσται

923 939 1163 965 demonstrandum
1188 945 1216 965 se
1234 944 1293 965 esse
1313 943 1407 964 natura
1422 941 1449 964 et
1459 943 1522 964 vere
1536 936 1631 968 Deum,
1647 942 1704 962 nte-

918 985 971 1012 rito
988 984 1052 1011 illud
1066 984 1184 1011 dixerit:
1202 983 1288 1011 Omne
1307 982 1447 1011 consilium
1465 989 1552 1009 meum
1567 982 1660 1013 stabit,
1676 985 1704 1008 et

917 1031 1008 1058 omnia
1024 1037 1192 1065 quaecunque
1207 1029 1334 1065 cogitavi,
1355 1028 1464 1057 iaciam.
1481 1027 1583 1055 Deinde
1601 1027 1634 1054 ad
1647 1026 1705 1054 hac

919 1078 955 1105 ait
970 1085 978 1105 :
993 1077 1100 1105 Vocans
1113 1077 1146 1104 ab
1164 1077 1268 1104 oriente
1285 1075 1423 1104 volucrem
1449 1079 1476 1102 et
1491 1082 1506 1102 e
1520 1080 1590 1102 terra
1604 1073 1706 1110 longin-

919 1129 971 1158 qua
997 1130 1028 1150 ea
1053 1122 1086 1150 de
1112 1122 1211 1157 quibus
1236 1121 1360 1156 cogitavi,
1384 1120 1456 1156 quod
1479 1124 1606 1154 sequetur
1623 1119 1705 1146 etiam

920 1169 1007 1196 illud:
1026 1169 1081 1204 Ego
1100 1175 1171 1195 sum.
1188 1167 1330 1195 Volucrem
1352 1172 1441 1194 autem
1460 1165 1495 1193 ab
1510 1165 1613 1193 oriente
1633 1169 1706 1192 etex

921 1219 992 1242 terra
1020 1219 1124 1241 remota
1153 1217 1288 1246 vocatam,
1307 1211 1486 1248 Babylonium
1501 1217 1560 1238 esse
1574 1209 1704 1241 dicimus.

920 1261 965 1294 qui
987 1260 1141 1287 universam
1155 1259 1290 1294 regionem
1305 1251 1443 1286 ludaicam
1457 1256 1588 1289 incendit,
1602 1260 1630 1283 el.
1644 1254 1708 1283 Hie-

921 1305 1056 1341 rosolyma
1072 1306 1154 1340 cepit,
1172 1309 1199 1332 et
1213 1304 1340 1339 templum
1362 1302 1510 1339 qualefecit
1523 1309 1554 1329 ac
1571 1302 1708 1329 disturba-

921 1352 979 1379 vit:
1008 1352 1068 1379 dein
1096 1351 1219 1386 plurimis
1246 1355 1308 1383 tum
1325 1349 1456 1385 gregariis
1480 1354 1535 1376 tum
1559 1347 1709 1376 illustribus

921 1397 986 1424 viris
1000 1396 1163 1428 deturbatis,
1179 1404 1194 1423 a
1211 1396 1298 1431 patria
1307 1395 1427 1427 abduxit,
1439 1399 1466 1422 et
1475 1395 1499 1421 in
1512 1393 1620 1429 regione
1629 1398 1708 1427 atque

922 1447 993 1470 terra
1009 1441 1153 1470 Persarum
1172 1442 1323 1474 collocavit,
1341 1441 1405 1476 jugo
1427 1440 1593 1475 captivitatis
1607 1439 1710 1466 duriter

922 1494 950 1516 et
968 1488 1174 1516 intolerabiliter
1190 1486 1362 1521 illisitijeclo.
1387 1485 1445 1513 Erit
1469 1486 1520 1513 hoc
1543 1488 1631 1512 autem
1649 1491 1710 1518 per-

923 1534 1044 1568 spicuum
1070 1540 1102 1560 ex
1127 1533 1170 1560 his
1200 1540 1260 1567 quae
1284 1531 1355 1559 Deus
1373 1532 1405 1558 ad
1423 1531 1531 1557 beatum
1548 1529 1709 1564 prophetam

89 1575 115 1602 δέ
130 1583 169 1601 σοι
192 1574 238 1601 καὶ
252 1574 332 1601 τοῦτο
353 1574 447 1608 σαφὲς,
471 1573 501 1606 ἐξ
521 1570 560 1600 ὧν
578 1573 632 1608 ἔφη
654 1573 720 1604 θεὸς
740 1573 808 1608 πρὸς
823 1581 832 1599 ⁴ι

966 1577 1089 1604 acliieletn
1097 1577 1174 1609 dixit,
1182 1584 1241 1612 qua:
1249 1574 1412 1610 sichabentZ:
1427 1584 1436 1600 ι
1450 1574 1562 1601 Habitus
1568 1579 1608 1601 est
1620 1579 1709 1601 autem

92 1621 218 1657 μακάριον
227 1621 372 1656 προφήτην
391 1619 532 1655 Ίεζεχιήλ.
545 1619 623 1654 Ἔχει
637 1619 664 1645 δὲ
678 1618 776 1651 οὕτως’
789 1629 799 1645 ‹
817 1620 871 1646 Καὶ

91 1668 192 1702 ἐγένετο
207 1667 289 1702 λόγος
306 1667 409 1703 Κυρίου
429 1667 498 1702 πρὸς
517 1675 562 1702 με,
575 1666 680 1700 λέγων’
697 1664 746 1692 Υἱὲ
772 1665 874 1702 ἀνθρώ-

93 1721 148 1745 που,
164 1713 295 1748 διήγησαι
310 1712 443 1748 διήγημα,
461 1712 509 1739 καὶ
529 1709 606 1738 εἷπον
624 1712 782 1748 παραϐολὴν
805 1712 874 1748 πρὸς

92 1759 132 1786 τὸν
148 1758 219 1786 οἷκον
228 1759 277 1786 τοῦ
293 1757 410 1794 Ἰσραὴλ,
428 1759 475 1785 καὶ
488 1759 571 1794 ὲρείς·
586 1757 654 1785 Τάδε
671 1757 745 1792 λέγει
760 1757 874 1784 ’Δδωνατ

95 1805 196 1842 Κύριοςο
213 1805 244 1832 Ὁ
261 1806 339 1838 ἀετὸς
348 1806 363 1832 ὁ
381 1806 467 1841 μέγας
481 1805 495 1832 ὁ
507 1804 613 1840 μακρὸς
623 1806 655 1840 τῇ
668 1804 788 1838 ἐκτάσει,
805 1803 874 1839 πλή-

95 1859 140 1886 ρης
149 1851 297 1887 ὀνύχων,δς
311 1851 367 1886 ἔχει
379 1851 409 1878 τὺ
422 1852 545 1888 διήγημα
558 1852 690 1879 εἰσελθεῖν
701 1853 742 1884 εις
757 1852 804 1878 τὸν
823 1851 873 1878 Λί-

95 1898 178 1929 δανον,
194 1898 241 1924 καὶ
262 1897 340 1924 ἔλαϐε
354 1897 388 1924 τὰ
406 1897 536 1924 ἑπίλεκτα
551 1898 600 1934 τῆς
623 1897 730 1934 κέδρου,
750 1898 785 1924 τὰ
803 1897 875 1933 ἄκρα

95 1942 140 1978 τῆς
153 1943 321 1979 ἁπαλότητος
330 1943 473 1976 ἀπέκνισε,
486 1944 534 1970 καὶ
549 1944 664 1979 ἧνεγκεν
679 1945 748 1971 αὐτὰ
763 1943 803 1975 εἰς
824 1945 876 1978 γῆν

96 1988 190 2020 Χανὰν,
215 1990 258 2021 εἰς
283 1988 362 2015 πόλιν
387 1989 592 2024 τετειχισμένην
615 1989 691 2016 ἔθετο
718 1988 798 2020 αὐτὰ,
829 1989 877 2016 καὶ

96 2032 184 2060 ἔλασεν
196 2033 250 2060 am
265 2033 312 2060 τοῦ
327 2033 483 2070 σπέρματος
494 2034 545 2068 τῆς
556 2035 618 2069 γῆς,
634 2033 682 2060 καὶ
698 2033 797 2060 ἔδωκεν
811 2034 877 2060 αὐτὸ

97 2080 132 2111 εις
147 2079 176 2106 τὸ
190 2079 282 2106 πεδίον
294 2079 388 2114 φυτὸν,
404 2080 433 2106 ὲν
448 2077 525 2106 ὕδατι
547 2078 646 2114 πολλῷ,
663 2079 877 2115 ὲπιὸλεπόμενον

99 2124 184 2158 ἔταξεν
200 2124 278 2155 αὐτὸ.
294 2125 342 2152 καὶ
364 2124 474 2159 ἐγένετο
495 2125 535 2156 είς
556 2124 678 2160 ἄμπελον
698 2123 876 2156 ἀσθενοῦσαν,

99 2170 140 2198 καὶ
171 2172 271 2207 μικρὰν
293 2171 333 2206 τῷ
361 2171 471 2206 μεγέθει
485 2170 524 2206 τῷ
551 2170 741 2205 ἐπιφαίνεσθαι
759 2171 828 2206 αὐτῇ
843 2170 878 2197 τὰ

99 2216 218 2253 κλήματα
233 2217 318 2252 αὐτῆς
334 2217 387 2244 ἐπ’·
402 2217 477 2250 αὐτὸ,
493 2216 540 2243 καὶ
562 2217 590 2243 αὶ
614 2215 689 2252 ῥίζαι
710 2216 793 2252 αὐτῆς
812 2217 878 2243 ὑπο-

924 1630 1014 1650 sermo
1032 1621 1136 1649 Domini
1153 1622 1185 1649 ad
1201 1629 1252 1655 me,
1272 1621 1383 1649 dicens:
1405 1619 1456 1648 Fili
1484 1620 1611 1651 hominis,
1631 1627 1710 1646 narra

924 1667 1116 1699 narrationem,
1131 1671 1158 1694 et.
1173 1667 1215 1694 die
1232 1666 1386 1701 parabolam
1401 1665 1434 1693 ad
1444 1665 1552 1692 domum
1569 1664 1663 1697 Israel,
1684 1669 1713 1692 et

924 1710 1018 1740 dices:
1033 1711 1096 1739 Hsec
1114 1712 1177 1740 dicit
1191 1713 1295 1740 Adonai
1318 1712 1447 1740 Dominus
1465 1721 1473 1739 :
1490 1711 1585 1745 Aquila
1605 1717 1712 1746 magna,

925 1758 1003 1794 longo
1030 1759 1210 1786 membrorum
1235 1760 1326 1791 ductu,
1346 1757 1423 1793 plena
1450 1757 1588 1793 unguium,
1605 1757 1646 1784 cui
1664 1764 1712 1782 vo-

925 1805 1015 1832 luntas
1043 1804 1093 1832 fuit
1120 1805 1236 1832 intrandi
1264 1805 1289 1832 in
1321 1805 1473 1836 Libanum,
1497 1808 1525 1831 et
1553 1802 1612 1830 tulit
1626 1803 1712 1830 electa

926 1851 1010 1884 cedri,
1033 1851 1205 1878 summitates
1238 1850 1359 1878 mollitia:
1385 1850 1548 1885 amputavit,
1573 1853 1600 1876 et
1623 1849 1713 1876 attulit

926 1903 972 1924 eas
988 1895 1015 1922 in
1030 1901 1128 1923 terram
1151 1895 1290 1928 Chanaan,
1306 1896 1332 1922 in
1349 1896 1458 1923 civitate
1473 1895 1607 1923 menibus
1623 1895 1714 1923 cincta

926 1942 1015 1977 posuit
1032 1941 1091 1968 illas
1105 1950 1112 1974 ;
1130 1942 1288 1977 accepitque
1304 1942 1336 1969 de
1353 1942 1456 1969 semine
1472 1945 1562 1974 terrae,
1581 1945 1609 1968 et
1623 1944 1714 1967 trans-

927 1989 990 2015 tulit
1005 1988 1029 2015 id
1045 1988 1071 2014 in
1083 1994 1206 2022 campum
1221 1993 1320 2020 salum,
1334 1988 1360 2014 in
1373 1995 1442 2022 aqua
1457 1987 1550 2020 multa,
1564 1987 1713 2022 inspectum

928 2035 954 2062 id
978 2034 1124 2062 ordinavit.
1153 2035 1186 2061 Et
1215 2033 1286 2061 facta
1308 2038 1350 2061 est
1368 2034 1430 2060 vitis
1449 2033 1565 2066 inﬁrma,
1590 2039 1617 2061 et
1631 2040 1714 2068 parva

928 2080 1121 2115 magnitudine,
1146 2084 1349 2115 mapparerent
1365 2085 1501 2107 sarmenta
1524 2080 1607 2114 ipsius
1621 2081 1647 2108 in
1672 2088 1715 2113 eo,

928 2130 955 2153 et
970 2126 1074 2153 radices
1089 2125 1172 2160 ipsius
1187 2125 1332 2152 subterilla
1345 2130 1414 2152 terra
1428 2129 1514 2154 erant.
1525 2126 1661 2161 Factaque
1675 2131 1717 2154 est

928 2171 991 2198 vltis
1005 2174 1110 2205 magna,
1127 2175 1155 2197 et
1168 2169 1233 2197 fecit
1248 2169 1419 2204 propagines,
1437 2170 1609 2203 extenditque
1625 2176 1716 2197 ramos

929 2224 991 2244 suos
1002 2216 1038 2244 ⁸⁸.
1051 2225 1060 2242 ι
1071 2214 1133 2243 Haec
1145 2215 1226 2250 igitur
1240 2216 1307 2242 dixit
1320 2214 1388 2242 Deus
1398 2214 1431 2241 ad
1443 2215 1549 2242 beatum
1559 2215 1717 2249 prophetam

100 2261 169 2288 κάτω
184 2263 234 2298 τῆς
249 2263 301 2298 γῆς
317 2262 404 2297 αὐτῆς
419 2260 499 2298 ἦσαν.
523 2263 577 2289 Καὶ
590 2263 697 2297 ἐγένετο
707 2263 747 2294 εἰς
759 2262 843 2298 ἅμπεῖ

973 2262 1113 2290 eebielem.
1126 2261 1258 2295 Quoniam
1275 2266 1363 2288 autem
1373 2268 1481 2289 sensum
1494 2261 1626 2289 orationis
1642 2269 1716 2290 asse-

100 2308 142 2333 καὶ
160 2307 286 2342 ἐποίησεν
297 2308 459 2343 ὰπωρυγὰς,
475 2307 522 2334 καὶ
532 2307 648 2340 ἐξέτεινε
659 2307 709 2343 τὴν
717 2307 881 2342 ἀναδενδρά-

99 2353 130 2379 δα
146 2353 239 2388 αὐτῆς.
264 2362 274 2379 ι
293 2353 378 2380 Ταυτὶ
397 2354 446 2388 μὲν
461 2351 507 2380 οὖν
522 2354 574 2388 ἔφη
595 2353 660 2385 Θεὸς
677 2353 746 2388 πρὸς
765 2352 811 2379 τὸν
828 2359 880 2387 μα-

101 2399 188 2435 κάριον
209 2401 353 2436 προφήτην
381 2399 518 2436 Ἰεζεχιήλς
551 2399 659 2435 Ἐπειδὴ
680 2399 708 2426 δὲ
722 2392 905 2433 δυσέφικτος¹

99 2443 131 2481 ἦν
141 2446 155 2471 ὁ
166 2445 254 2480 λόγος,
268 2447 315 2473 καὶ
334 2446 387 2473 τῶν
401 2446 545 2481 νοημάτων
565 2447 582 2481 ἡ
597 2445 711 2481 δύναμις
733 2445 762 2472 οὐ
778 2445 881 2480 σφόδρα

102 2491 183 2526 σαφὴς
193 2493 247 2522 τοῖς
263 2491 458 2527 ἀκροωμένοις,
475 2491 558 2523 αὐτὸς
575 2492 608 2527 δὴ
624 2491 706 2518 πάλιν
727 2490 811 2526 αὐτὴν
825 2491 882 2518 δια-

101 2538 188 2572 τρανοί
199 2537 286 2572 λέγων
296 2545 302 2552 ⁸
315 2546 325 2563 ‹
344 2535 427 2564 Εἶπον
439 2537 468 2563 δὲ
479 2538 546 2572 πρὸς
556 2537 602 2564 τὸν
618 2534 691 2563 οἷκον
705 2536 752 2563 τοῦ
773 2535 881 2571 Ἰσραὴλ

103 2582 143 2608 τὸν
159 2583 424 2619 παραπικραὶνοντα·
438 2584 497 2610 Οὐκ
511 2583 657 2610 ἐπίστασθε
675 2583 701 2610 τί
717 2584 774 2609 ἐστι
795 2582 881 2609 ταῦτα

103 2627 118 2654 ἂ
131 2625 212 2655 εἶπον.
231 2629 315 2656 Ὅταν
330 2629 395 2666 ἔλθῃ
408 2628 533 2664 βασιλεὺς
543 2628 704 2661 Βαβυλῶνος
715 2629 762 2655 ἐπὶ
783 2629 882 2663 Ἰερου-

105 2675 198 2710 σαλὴμ,
216 2675 264 2702 καὶ
287 2675 402 2711 λήψεται
426 2675 472 2702 τὸν
499 2675 611 2710 βασιλέα
629 2675 726 2710 αὐτῆς,
751 2675 798 2701 καὶ
822 2674 885 2706 τοὺς

104 2719 229 2756 ἄρχοντας
244 2721 339 2756 αὐτῆς,
353 2721 400 2748 καὶ
412 2721 471 2754 ἄξει
484 2721 582 2753 αὐτοὺς
595 2721 664 2757 πρὸς
678 2720 759 2748 αὑτὸν
776 2720 816 2752 εἰς
829 2720 885 2746 Βα-

104 2766 213 2794 ϐυλῶνα.
234 2769 290 2795 Καὶ
308 2768 422 2803 λήψεται
445 2768 478 2794 ἐκ
497 2767 544 2794 τοῦ
566 2768 724 2803 σπέρματος
739 2768 789 2803 τῆς
807 2767 886 2803 βασι-

138 2858 160 2874 δ⁸
172 2858 267 2886 Ezech.
288 2866 355 2892 xvu,
370 2858 431 2886 2-6.
470 2858 493 2876 ⁸³
508 2857 572 2886 ibid.
594 2858 689 2886 12-14.

929 2307 974 2342 qui
988 2314 1040 2334 non
1058 2311 1193 2342 poterant,
1210 2312 1258 2333 nec
1274 2306 1350 2333 valde
1361 2306 1502 2340 perspicua
1518 2306 1718 2333 eratauditori-

929 2353 991 2386 bus,
1004 2354 1061 2388 ipse
1078 2353 1165 2380 denuo
1178 2353 1313 2387 explanat,
1326 2359 1386 2379 cum
1400 2352 1456 2378 ait:
1474 2360 1484 2377 ι
1497 2351 1543 2378 Dic
1560 2355 1650 2378 autem
1670 2352 1718 2378 do-

931 2399 1079 2428 lnuilsrael
1103 2398 1230 2431 irritanti,
1250 2398 1376 2431 Nescitis,
1401 2397 1465 2432 quid
1479 2397 1529 2424 sibi
1551 2396 1634 2424 velint
1659 2403 1721 2431 qua:

931 2446 997 2474 dixi.
1012 2445 1078 2473 Cum
1094 2446 1196 2472 venerit
1207 2452 1252 2472 rex
1265 2443 1406 2479 Babylonis
1415 2444 1447 2471 ad
1456 2442 1616 2475 Jerusalem.
1631 2443 1720 2477 capiet

934 2500 1025 2525 regem
1051 2493 1119 2528 ejus,
1147 2497 1173 2518 et
1193 2491 1331 2527 principes
1353 2491 1423 2526 ejus,
1444 2496 1472 2518 et
1484 2492 1563 2517 ducet.
1581 2497 1628 2516 eos
1644 2490 1721 2516 ad'se

937 2539 962 2567 in
976 2538 1151 2574 Babylonem.
1165 2537 1198 2565 Et
1211 2538 1327 2573 accipiet
1339 2537 1370 2564 de
1385 2537 1487 2565 semine
1503 2536 1589 2571 regni,
1602 2540 1629 2563 et
1641 2535 1721 2563 faciet

934 2593 995 2613 eum
1011 2592 1043 2612 eo
1057 2584 1144 2612 fcedus
1157 2604 1164 2616 ,
1197 2589 1225 2612 et
1239 2584 1347 2611 inducet
1369 2583 1395 2611 in
1413 2591 1474 2610 eum
1496 2583 1721 2615 exsecrationem,

933 2636 959 2659 et
970 2632 1139 2658 ducesterra:
1153 2630 1276 2664 accipiet,
1293 2634 1321 2656 ut
1337 2630 1371 2657 sit
1384 2637 1494 2665 regnum
1511 2629 1657 2661 infirmum,
1671 2635 1722 2655 nec

933 2684 1052 2711 unquam
1068 2676 1197 2711 erigetur,
1213 2681 1242 2703 ut
1258 2680 1348 2703 servet
1360 2680 1478 2710 pactum,
1491 2675 1572 2710 632
1589 2681 1620 2701 ac
1632 2674 1722 2700 ﬁrmet

935 2722 1001 2749 illud
1016 2722 1051 2749 ".
1065 2731 1074 2748 ι
1092 2722 1160 2749 Nam
1176 2727 1206 2750 ul
1216 2723 1242 2750 in
1259 2721 1329 2750 libro
1344 2721 1567 2756 Paralipomenon
1584 2720 1697 2754 legimus
1711 2728 1720 2746 :

935 2767 1081 2802 Postquam
1109 2771 1201 2796 sancta
1231 2767 1327 2795 civitas
1355 2771 1433 2802 capta
1464 2770 1546 2799 esset,
1576 2764 1719 2793 Sedeciam
