1883 3055
181 127 233 157 999

673 127 703 154 S.
724 126 858 154 CYRILLI
879 124 1112 153 ALEXANDRINI
1133 122 1294 151 ARCHIEP.

1741 124 1810 153 i000

182 181 320 216 captivum
354 186 379 208 et
410 181 514 216 aliquot
540 182 701 210 illustriores
728 183 811 212 viros.
837 182 966 216 cutnipsu

1057 180 1106 213 lac,
1121 180 1168 207 καὶ
1180 179 1338 214 διαϐήσεται
1351 177 1417 213 πρὸς
1436 178 1518 205 αὐτὸν
1531 178 1676 214 διαθήκην,
1697 179 1743 205 καὶ
1756 181 1812 206 εἱσ-

181 228 286 254 vinctos
312 227 338 254 in
369 232 467 253 terram
499 227 686 254 Chaldaeorum
726 227 891 262 Babylonins
920 229 967 254 ab-

182 273 258 299 dnxit
274 273 307 299 ⁵ο.
325 273 357 299 Ει
374 272 415 299 hze
434 272 540 306 quidem
563 278 626 300 sunt
642 273 735 300 electae
756 275 868 300 arlmres
882 275 965 300 cedri.

181 318 237 351 Ego
253 318 342 351 igitur,
367 318 463 352 inquit,
487 326 546 345 sum
563 319 609 353 qui
627 326 693 346 voco
715 319 747 345 ab
766 319 870 345 oriente
891 320 966 345 volu-

180 371 265 389 crem.
281 363 318 389 De
332 364 430 397 quibus
450 364 578 399 cogitavi,
601 364 706 392 loculus
730 372 800 396 sum,
814 370 842 391 et
856 365 966 398 adduxi,

181 415 231 435 nec
257 410 385 437 mentitus
419 417 488 443 sum,
520 410 626 445 inquit:
653 411 830 446 prmnuntiavi
855 416 965 438 ventura

180 461 240 481 esse
256 462 305 480 suo
328 460 457 489 tempore,
483 460 509 483 et
525 457 595 491 qttod
619 457 775 491 praedictum
794 463 845 488 est,
857 457 889 484 ad
904 457 964 484 exi-

182 503 237 525 tum
258 504 300 526 est
317 502 484 535 perductum.
500 502 606 533 Creavi,
636 502 662 529 id
690 507 740 534 est,
769 503 862 537 paravi
885 503 965 537 mala,

179 545 282 573 scilicet
311 547 381 573 male
398 547 562 583 amigentia,
589 553 617 575 et
638 547 701 575 belli
725 548 904 581 calamitates,
923 549 966 576 his

181 590 227 622 qui
252 597 336 616 meam
359 591 581 619 contaminarunl.
599 592 722 627 gloriam,
744 598 769 620 et
784 594 829 628 qui
845 594 878 620 ad
896 593 965 621 idola

179 634 323 662 inanilnata
343 635 521 663 declinarunt.
547 637 581 664 Et
601 637 670 670 feci;
689 638 751 665 duxi
769 638 853 671 illum,
871 645 903 665 ac
921 645 965 665 se-

178 680 294 707 cundavi
313 681 364 708 iter
379 681 447 716 ejus.
461 682 517 709 Non
529 683 600 710 enim
614 684 698 717 ipsius
710 692 805 711 manus
816 688 876 711 erat
888 691 964 718 opus,

178 726 312 753 debellare
326 727 461 761 lsraelem,
485 728 508 755 si
524 729 637 762 quidem
645 729 669 756 ei
686 729 792 763 adjutor
808 729 858 756 fuit
884 730 963 757 Dens.

179 770 233 798 Sed
245 773 316 799 enim
333 781 383 808 ego
412 774 457 807 qui
483 781 562 801 servo
579 779 606 802 et
624 774 731 809 praefui,
751 775 896 802 secundavi
912 775 965 803 iter

177 815 237 850 ejus
270 821 301 844 ut
313 817 472 852 supplicium
487 817 521 845 de
534 818 576 845 his
589 823 718 850 sumeret,
733 818 778 852 qui
793 818 918 852 pietatem
937 818 963 845 in

1017 226 1076 258 ἀξει
1100 226 1181 252 αὑτὸν
1198 226 1227 252 ὲν
1249 225 1314 260 ἀρᾷ,
1336 224 1463 256 καὶτοὺς
1487 225 1659 260 ἡγουμένους
1684 225 1736 259 τῆς
1760 226 1811 260 γῆς

1017 269 1130 304 λήψεται
1144 269 1191 295 τοῦ
1201 268 1329 303 γενέσθαι
1341 267 1480 303 βασιλειαν
1495 268 1609 304 ἀσθενῆ,
1632 270 1679 296 καὶ
1696 270 1726 296 τὸ
1741 270 1810 295 καθ-

1018 316 1078 342 όλου
1091 315 1129 351 μὴ
1148 315 1310 350 ἐπαίρεσθαι
1324 314 1372 341 τοῦ
1390 314 1540 349 φυλάσσειν
1554 316 1604 350 τὴν
1616 315 1751 351 διαθήκην
1765 317 1810 342 αὐ-

1016 361 1075 394 τοῦ,
1090 362 1138 388 καὶ
1153 362 1272 389 ίστάνειν
1283 361 1379 396 αὐτήν.
1396 361 1440 392 Ὧς
1453 360 1507 396 γὰρ
1519 362 1549 387 ἐν
1563 360 1647 396 βίϐλῳ
1661 362 1717 388 τῶν
1729 361 1810 387 Βασι-

1017 407 1097 434 λειῶν
1113 407 1281 442 ἀνέγνωμεν,
1305 407 1376 442 μετὰ
1388 406 1419 433 τὸ
1431 406 1532 434 ἁλῶναι
1554 408 1604 443 τὴν
1623 408 1706 441 ἁγίαν
1721 408 1808 439 πόλιν,

1016 453 1062 479 τὸν
1081 452 1208 479 Σεδεκίαν
1226 452 1410 488 αίχμάλωτον,
1433 452 1479 479 καί
1500 460 1577 484 τινας
1595 453 1651 480 τῶν
1666 454 1809 487 ἐπιφανῶν

1017 498 1065 524 σὺν
1076 497 1151 532 αὺτῷ
1164 497 1331 532 δεδεμένους,
1352 496 1519 532 ἀπεκόμισεν
1538 498 1579 529 είς
1595 497 1644 533 τὴν
1662 498 1808 525 Χαλδαίων

1015 543 1029 569 ὁ
1041 542 1219 574 Βαϐυλώνιος
1229 542 1276 569 καὶ
1287 542 1375 569 ταῦτά
1387 543 1444 569 ἐστι
1458 542 1494 569 τὰ
1503 543 1618 569 ἐκλεκτά
1629 542 1678 577 τῆς
1699 543 1806 579 κέδρου.

1015 589 1080 624 Εἰμὶ
1094 588 1184 615 τοίνυν
1198 587 1263 622 ἐγὼ,
1281 588 1374 623 φησὶν,
1387 587 1402 614 ὁ
1418 587 1508 614 καλῶν
1527 588 1582 615 ἀπὸ
1597 588 1739 615 ἀνατολῶν
1761 597 1808 614 πε-

1016 635 1112 661 τεινόν.
1128 634 1197 670 Περὶ
1211 631 1248 660 ὧν
1265 634 1460 669 βεϐούλευμαι,
1478 634 1596 669 ἐλάλησα
1620 634 1668 660 καὶ
1692 634 1806 669 ἤγαγον,

1015 680 1045 706 οὐ
1056 680 1228 715 διέψευσμαι,
1244 679 1321 715 φησί.
1331 680 1552 716 Προαπήγγελκα
1568 681 1617 715 μὲν
1632 680 1688 714 γὰρ
1698 680 1735 712 ὡς
1748 680 1806 715 ἥξει

1015 726 1086 752 κατὰ
1098 726 1220 761 καιροὺς,
1237 726 1294 752 ἀλλ’
1308 726 1348 757 εἰς
1362 725 1449 761 πέρας
1460 725 1529 761 ἢχθη
1546 725 1576 752 τὸ
1593 725 1804 761 προειρημένον.

1017 773 1142 805 Ἔκτισα,
1169 771 1241 798 τοῦτ’
1266 771 1335 803 ἐστι,
1355 772 1545 799 κατεσκεύασα
1571 772 1657 804 κακὰ,
1684 772 1806 807 δηλονότι

1013 817 1079 852 γοῦν
1100 818 1134 844 τὰ
1150 817 1302 850 κακωτικὰ,
1322 818 1370 845 καὶ
1388 818 1438 850 τὰς
1457 818 1504 845 τοῦ
1523 818 1644 854 πολέμου
1662 817 1805 855 συμφορὰς

178 862 263 896 ipsum
279 863 352 896 parvi
367 862 498 895 fecerunt,
515 863 569 890 imo
592 871 656 890 vero
672 870 784 898 prorsus
799 863 963 897 resilierunt,

1058 872 1071 895 ς
1080 863 1129 899 τὴν
1149 863 1218 899 ἐμὴν
1233 864 1382 899 ἀτιμάσασι
1397 863 1485 896 δόξαν,
1496 865 1543 891 καὶ
1557 864 1679 895 εἰδώλοις
1692 863 1805 898 ἀψύχοις

176 906 213 933 ita
232 911 260 933 ut
274 907 403 935 honorem
417 916 448 936 ac
463 908 577 943 gloriam
597 908 633 936 illi
649 913 675 936 et
686 909 736 937 soli
755 909 961 937 convenientem

1057 909 1235 936 οσνενευκόσι.
1264 910 1319 937 Καὶ
1347 910 1474 945 ἐποίησα,
1499 911 1604 946 ἧγαγον
1635 910 1730 942 αὑτὸν,
1761 909 1806 936 καὶ

177 952 257 987 lignis
276 953 420 982 tribuerint
436 960 464 982 et
476 955 618 990 lapidibus.

1057 956 1144 982 ὓδωσα
1155 956 1204 991 τὴν
1217 955 1276 983 ὁδὸν
1291 956 1386 984 αὑτοῦ.
1405 957 1443 983 Οὺ
1454 956 1508 993 γὰρ
1522 957 1572 992 τῆς
1595 957 1704 984 ἐκείνου
1716 957 1805 992 χειρὸς

176 995 209 1033 ἦν
225 998 304 1034 ἔργον
322 1000 353 1026 τὸ
370 1000 532 1036 κατισχύσαι
546 1001 593 1028 τοῦ
611 1000 729 1037 Ἰσραὴλ,
744 1000 823 1038 είπερ
842 998 876 1037 ἦν
899 1001 1043 1037 ἐπίκουρος
1060 1002 1135 1036 αὺτῷ
1159 1001 1235 1033 Θεός.
1262 1002 1332 1029 Ἀλλ’
1343 1002 1425 1034 αὐτὸς
1443 1002 1537 1035 σώζων
1549 1003 1597 1030 καὶ
1614 1001 1804 1038 προεστηκὼς,

176 1043 304 1071 εὐώδωσα
314 1045 396 1071 αὑτοῦ
412 1045 460 1081 τὴν
475 1046 534 1073 ὁδὸν
547 1045 639 1078 αὐτοῦ,
651 1046 694 1072 ἵνα
705 1046 835 1082 ὑπαγάγῃ
863 1046 923 1078 ταῖς
939 1045 1026 1078 δίκαις
1053 1047 1116 1078 τοὺς
1135 1046 1184 1081 τῆς
1219 1047 1260 1077 εις
1270 1046 1351 1073 αὐτὸν
1380 1046 1521 1079 εὐσεϐείας
1535 1047 1612 1082 ὀλίγα
1628 1047 1806 1082 πεφροντικό-

176 1101 236 1125 τας,
254 1093 353 1127 μᾶλλον
362 1094 390 1120 δέ
403 1094 449 1121 καὶ
464 1094 580 1121 εἰσάπαν
597 1095 862 1130 ἀποσκιρτήσσντας,
881 1094 963 1127 ὥστε,
976 1094 1024 1121 καὶ
1040 1093 1139 1128 ξύλοις,
1160 1093 1208 1121 καὶ
1222 1093 1306 1126 λίθοις
1323 1094 1373 1130 τὴν
1386 1094 1462 1130 αὐτῷ
1470 1102 1500 1121 τε
1516 1095 1564 1122 καὶ
1578 1094 1653 1130 μόνῳ
1666 1094 1807 1130 πρεπωδε-

178 1141 278 1174 στάτην
294 1141 433 1168 ἀναθεῖναι
452 1142 534 1177 τιμήν
548 1151 578 1169 τε
593 1142 640 1169 καὶ
651 1142 739 1176 δόξαν.

216 1188 298 1215 Vilis.
314 1188 358 1215 12.
379 1188 421 1215 i3.
448 1188 544 1215 Audite
562 1197 612 1220 me,
622 1190 666 1223 qui
681 1189 833 1224 perdidistis
853 1197 908 1221 tor,
924 1188 969 1223 qui

178 1233 252 1267 longe
262 1234 323 1260 estis
338 1241 355 1259 ιι
364 1233 481 1267 justitia.
497 1232 583 1267 Prope
604 1233 654 1268 feci
666 1233 797 1268 justitiam
821 1241 916 1266 meum,
936 1238 961 1260 et

178 1280 293 1305 salutem
304 1287 362 1313 qua:
376 1287 408 1305 ex
424 1287 463 1305 me
487 1283 525 1306 est
540 1287 591 1306 non
620 1280 741 1307 lardubo.
776 1278 842 1305 Dedi
861 1280 889 1305 in
904 1278 970 1306 Sion

177 1324 289 1351 salutent
304 1324 401 1351 Israeh'
417 1325 443 1351 in
459 1324 581 1360 gloriam.

214 1410 283 1438 Ecce
298 1411 331 1438 de
347 1411 456 1446 integro
470 1410 522 1438 illis
537 1411 650 1439 salutem
670 1412 846 1447 appromittit,
867 1417 894 1439 et
904 1411 964 1439 ani-

177 1464 251 1484 mum
263 1456 428 1491 despondere
461 1464 512 1483 non
542 1457 618 1491 sinit,
647 1465 680 1484 tte
698 1457 829 1484 immettsa
855 1456 965 1484 tristitia

1057 1184 1222 1212 Ἀκούσατέ
1239 1193 1310 1219 μου.
1319 1184 1348 1210 ol
1361 1183 1587 1216 ἀπολωλεκότες
1600 1184 1659 1217 τὴν
1670 1185 1805 1218 καρδίαν,

1016 1231 1057 1265 ὡς
1066 1231 1185 1266 μακρὰν
1204 1231 1264 1258 ἀπὸ
1274 1229 1330 1264 τῆς
1343 1229 1546 1263 δικαιοσύνης.
1558 1230 1688 1264 Ἦτγισα
1697 1230 1756 1264 τὴν
1765 1231 1806 1258 δι-

1017 1277 1184 1310 καιοσύνην
1196 1285 1266 1311 μου,
1285 1275 1335 1302 καὶ
1344 1275 1402 1309 τὴν
1416 1275 1566 1309 σωτηρίαν
1586 1275 1645 1309 τὴν
1655 1276 1725 1309 παρ’
1733 1276 1806 1311 ἐμοῦ

1017 1324 1053 1351 οὐ
1069 1322 1112 1357 μὴ
1139 1322 1290 1357 βραδύνω.
1309 1321 1426 1348 Δέδωκα
1447 1321 1483 1348 ἐν
1507 1320 1584 1348 Σιὼν
1598 1322 1750 1355 σωτηρίαν
1767 1321 1808 1354 τῷ

1025 1367 1144 1402 Ἰσραὴλ
1164 1368 1207 1400 εις
1220 1367 1368 1401 δόξασμα.

1058 1414 1124 1441 Ἰδοὺ
1138 1414 1170 1449 δὴ
1184 1414 1263 1441 πάλιν
1278 1412 1413 1448 σωτηρίαν
1430 1412 1522 1444 αὐτοῖς
1536 1412 1748 1447 ἐπαγγέλλεται,
1761 1414 1808 1440 καὶ

1018 1459 1218 1494 ἀπογινώσκειν
1244 1459 1294 1486 οὐκ
1317 1459 1360 1495 ἐᾷ,
1386 1459 1423 1494 μὴ
1440 1458 1494 1494 ἄρα
1514 1467 1572 1490 πως
1595 1461 1656 1490 ταῖς
1679 1460 1808 1487 ἐπέκεινα

178 1503 240 1529 victi
254 1507 282 1529 et
297 1502 403 1535 dejecti,
417 1502 510 1536 procul
532 1502 622 1529 absint
634 1503 667 1529 ab
682 1494 718 1529 ea.
728 1503 864 1537 spe.quod
877 1509 966 1529 serva-

1057 1513 1121 1540 τρου
1141 1504 1303 1540 δυσθυμίαις
1324 1504 1535 1540 κεκρατημένοι,
1556 1505 1666 1540 μακρὰν
1686 1505 1809 1538 γένοιντο

179 1547 280 1574 buntur
299 1547 414 1580 scilicet,
429 1547 507 1574 modo
524 1547 606 1575 velint
629 1548 797 1582 resipiscere.
826 1547 963 1574 Excordes

177 1593 249 1620 enim
265 1598 353 1625 erant,
368 1598 502 1625 errantes,
518 1598 545 1621 et
560 1601 641 1621 verus
668 1599 726 1621 erat
741 1594 773 1621 de
796 1593 849 1621 illis
866 1600 966 1621 sermo.

178 1640 237 1673 Quo
246 1640 317 1666 enim
328 1640 364 1667 illi
380 1641 470 1667 animo
479 1640 566 1668 affecti
580 1645 667 1672 erant,
677 1641 798 1675 quiquos
811 1640 860 1675 ipsi
874 1645 968 1668 creant

178 1687 304 1719 adorant,
321 1688 528 1714 etveneratione
539 1687 618 1720 lignis
632 1692 659 1714 et
690 1687 822 1722 lapidibus
835 1686 966 1720 exhibita,

179 1733 214 1760 ab
226 1732 291 1767 ipsis
305 1738 396 1767 petunt
416 1733 551 1760 salutem?
572 1733 670 1760 Verum
687 1733 769 1760 etiam
786 1733 826 1760 sic
838 1740 885 1761 eos
909 1732 967 1761 suf-

180 1778 246 1810 fert,
277 1783 303 1805 et
314 1778 486 1813 deceptorum
507 1778 661 1811 miseretur,
680 1783 707 1806 et
728 1786 819 1806 eorum
832 1779 877 1813 qni
897 1779 969 1806 ceci-

179 1826 278 1853 derunt
291 1825 506 1857 commiseratur,
519 1830 545 1852 et
556 1825 634 1852 bonis
654 1825 892 1858 pollicitationibus
922 1832 967 1852 re-

184 1871 531 1905 ducitadintclligentiam,
548 1870 830 1906 etexpergiscijubet,
866 1875 893 1898 et
922 1870 968 1905 qui

182 1918 276 1953 procul
289 1923 363 1951 sunt,
380 1923 407 1945 et
420 1918 514 1945 remoti
530 1925 544 1944 a
558 1918 670 1953 justitiae
679 1921 767 1949 sorte,
784 1917 810 1944 id
824 1921 875 1949 est,
902 1916 967 1950 Deo,

182 1965 215 1991 ad
235 1972 265 1991 se
284 1964 361 1998 jubet
388 1964 490 1991 venire.
520 1964 632 1992 Videtur
661 1968 750 1991 autem
775 1962 969 1997 pollicitatione

183 2009 353 2043 particularis
367 2010 471 2043 salutis,
488 2010 567 2037 etiam
585 2010 717 2037 universae
729 2017 760 2036 ac
793 2008 968 2044 generalissi-

184 2063 234 2082 ma:
247 2056 504 2083 demonstrationem
517 2063 568 2082 una
581 2056 712 2082 intexere.
727 2054 887 2082 Servaverat
896 2054 969 2081 enim

183 2109 216 2128 ex
233 2106 304 2129 terra
318 2101 504 2128 Chaldaeorum
540 2108 597 2132 eos,
614 2101 659 2134 qui
669 2101 766 2135 captivi
783 2100 809 2127 in
825 2107 883 2127 eam
909 2099 969 2127 lue-

184 2152 247 2174 runt
261 2148 353 2181 delati,
368 2152 394 2174 et
407 2148 468 2179 hoc,
483 2146 588 2181 opinor,
613 2146 704 2173 licebit
718 2146 880 2181 particulare
892 2146 970 2172 anxi-

1015 1552 1064 1586 τῆς
1083 1550 1189 1583 ἐλπίδος
1212 1550 1261 1577 τοῦ
1278 1551 1319 1578 ὅτι
1335 1550 1512 1586 σωθήσονται,
1536 1552 1677 1585 μετανοεῖν
1702 1551 1809 1586 ᾑρημέ-

1017 1606 1068 1625 νοι.
1099 1597 1234 1632 Ἀκάρδιοι
1254 1597 1302 1632 μὲν
1326 1595 1372 1623 οὖν
1396 1597 1422 1623 οἱ
1441 1596 1622 1631 πλανώμενοι,
1639 1597 1688 1623 καὶ
1705 1597 1809 1632 ἀληθὴς

1017 1643 1060 1670 ἐπ’
1084 1643 1183 1674 αὐτοὺς
1206 1643 1220 1668 ὁ
1234 1642 1321 1676 λόγος.
1340 1642 1412 1677 Ποίῳ
1434 1642 1488 1677 γὰρ
1512 1641 1550 1677 νῷ
1573 1643 1740 1677 κεχρημένοι
1762 1642 1811 1678 δη-

1019 1688 1194 1724 μιουργοῦσιν
1210 1688 1288 1714 αὐτοὶ
1303 1689 1366 1720 τοὺς
1384 1688 1650 1723 προσκυνουμένους,
1664 1688 1755 1720 ξύλοις
1779 1697 1810 1715 τε

1018 1735 1065 1762 καὶ
1081 1734 1164 1766 λίθοις
1179 1734 1350 1766 ἀνατιθέντες
1363 1734 1393 1760 τὸ
1411 1734 1502 1766 σέὸας,
1520 1734 1584 1770 παρ’
1599 1734 1690 1761 αὐτῶν
1703 1734 1810 1761 αἰτοῦσι

1018 1781 1049 1807 τὸ
1075 1780 1226 1814 σώζεσθαι;
1249 1780 1323 1815 Πλὴν
1340 1780 1387 1807 καὶ
1403 1780 1488 1811 οὕτως
1511 1780 1637 1815 ἀνέχεται
1659 1780 1736 1813 Θεὸς,
1763 1780 1812 1807 καὶ

1018 1827 1200 1862 κατοικτείρει
1229 1827 1328 1861 μᾶλλον
1356 1826 1564 1861 Ιὴπιιιτημένους,
1593 1826 1641 1852 καὶ
1676 1827 1812 1857 πεσόντας

1019 1872 1107 1906 ἐλεεῖ,
1132 1873 1180 1900 καὶ
1206 1873 1383 1908 ὑποσχέσεσιν
1410 1872 1525 1907 ἀγαθαῖς
1551 1872 1713 1908 ἀνακομίζει
1743 1873 1813 1908 πρὸς

1020 1919 1138 1952 σύνεσιν,
1156 1919 1204 1946 καὶ
1226 1919 1373 1953 ἀνανήφειν
1398 1918 1512 1951 κελεύει,
1529 1918 1576 1945 καὶ
1601 1918 1712 1953 μακρὰν
1732 1918 1812 1949 ὂντας

1011 1964 1264 2003 κδιεσχοινισμένους
1277 1973 1307 1990 τε
1315 1964 1365 2004 τῆς
1375 1963 1558 1998 δικαιοσύνης,
1566 1963 1638 1990 τοῦτ’
1651 1963 1720 1995 ἐστι,
1730 1963 1812 1994 Θεοῦ,

1015 2004 1089 2046 ’πρὸς
1100 2011 1181 2037 αὑτὸν
1196 2011 1263 2037 ἰέναι
1279 2009 1394 2036 κελεύει.
1414 2010 1507 2036 Ἔοικε
1522 2009 1549 2035 δὲ
1564 2009 1623 2040 ταῖς
1646 2009 1813 2043 ὑποσχέσεσι

1019 2057 1069 2091 τῆς
1087 2055 1202 2091 μερικῆς
1226 2055 1373 2091 σωτηρίας,
1393 2054 1440 2081 καὶ
1460 2054 1509 2089 τῆς
1533 2053 1648 2080 καθόλου
1670 2054 1718 2080 καὶ
1738 2061 1814 2086 γενι-

1021 2101 1147 2137 κωτάτης
1172 2100 1385 2127 συναναπλέκειν
1407 2100 1456 2134 τὴν
1479 2099 1604 2134 δήλωσιν.
1628 2099 1739 2125 Σέσωκε
1765 2099 1814 2133 μὲν

1022 2147 1077 2182 γὰρ
1094 2148 1126 2173 ἐκ
1141 2146 1193 2181 γῆς
1210 2146 1349 2173 Χαλδαίων
1365 2145 1425 2177 τοὺς
1443 2146 1471 2172 ἐν
1489 2144 1565 2176 τάξει
1583 2144 1760 2180 δορυκτήτων
1774 2145 1814 2175 εἰς

184 2196 248 2221 lium
267 2195 376 2221 dicere:
400 2192 632 2228 generalissimum
659 2192 813 2219 autetn‘l‘uit
824 2192 905 2227 633
938 2191 966 2219 il-

1057 2193 1105 2228 τὴν
1131 2192 1385 2227 ἀπενηνεγμένους,
1416 2191 1464 2217 καὶ
1493 2190 1605 2226 μερικὺν
1634 2189 1814 2225 ἐπικούρημα

185 2240 228 2266 lnd
246 2246 292 2274 per
305 2237 535 2272 Christum,quod
555 2236 693 2264 veteribus
708 2238 790 2264 etiam
810 2245 862 2264 neu
892 2238 970 2271 longe

186 2290 246 2319 post
267 2282 447 2310 exhibendum
465 2284 683 2311 denuntiabatur.
713 2283 799 2317 Prope
818 2283 901 2315 enim,
928 2283 971 2310 in—

184 2331 255 2364 quit.
268 2328 368 2356 adduxi
386 2328 517 2362 justitiam
539 2337 643 2361 meam,
663 2333 689 2355 et
719 2328 834 2355 salutem
849 2336 909 2363 quae
939 2335 972 2355 ex

188 2382 230 2401 me
246 2380 297 2405 est,
324 2381 378 2401 non
405 2375 573 2401 remorabor.
595 2373 690 2401 Simile
707 2381 768 2401 esse
784 2373 835 2401 hoc
855 2373 971 2400 dicimus

187 2422 230 2448 ei:
249 2430 258 2446 ι
272 2420 365 2448 Adhuc
378 2420 560 2453 paululum.et
575 2421 760 2455 quiventurus
772 2424 813 2447 est
829 2421 929 2452 veniet,
944 2424 971 2446 et

187 2474 240 2494 non
255 2467 415 2494 tardabit".
428 2476 438 2493 ›
450 2467 514 2493 Data
525 2471 566 2493 est
574 2471 663 2493 autem
675 2467 701 2493 in
715 2465 778 2493 Sion
792 2465 865 2492 salus
878 2464 968 2492 lsraeli

188 2513 214 2540 in
230 2514 354 2548 gloriam.
368 2513 433 2540 Sion
451 2513 492 2540 his
505 2513 594 2539 verbis
609 2513 729 2539 nominat
743 2519 815 2544 eant,
826 2518 886 2546 quae
899 2510 971 2538 cadit

187 2559 236 2587 sub
255 2560 468 2595 intelligentiam,
480 2559 505 2586 id
520 2564 562 2586 est
577 2558 723 2586 Ecclesiam
740 2557 849 2589 Christi,
868 2557 894 2583 in
918 2564 970 2591 qua

187 2605 245 2640 ejus
258 2606 370 2633 salutem
391 2613 484 2632 omnes
497 2606 522 2632 in
550 2605 634 2640 gloria
654 2604 825 2639 percipimus,
857 2604 972 2637 quicun-

187 2659 238 2685 que
255 2651 432 2685 inlelligibilis
448 2650 529 2677 Israel
548 2649 688 2677 etlicimur.
703 2647 737 2677 Ut
767 2649 838 2675 enim
861 2647 973 2675 Judmus

186 2702 228 2724 est
241 2705 293 2723 non
308 2703 340 2722 ex
357 2703 440 2722 carne
459 2695 557 2727 solum,
574 2695 620 2721 sed
646 2694 668 2721 si
683 2695 744 2729 quis
767 2695 792 2721 in
808 2688 905 2728 spiritu
919 2694 973 2720 cir-

185 2732 353 2770 buntcisione
369 2742 465 2776 dignus
487 2746 528 2768 est
554 2740 680 2768 habitus:
696 2740 734 2767 sic
753 2745 779 2767 et
803 2739 886 2767 Israel
909 2746 973 2780 'non

223 2834 247 2852 "
264 2834 283 2862 ll
296 2834 358 2861 Par.
375 2841 468 2864 um.
485 2833 510 2860 6.
550 2833 572 2849 ⁵³
589 2832 689 2860 Hahae.
708 2840 738 2865 ιι,
758 2832 782 2858 5.

1024 2239 1093 2273 φαίη
1107 2238 1152 2269 ἂν,
1175 2235 1263 2273 οἶμαι,
1277 2238 1319 2269 τὶς
1343 2237 1426 2270 τουτὶ,
1453 2236 1635 2271 γενικώτατον
1657 2235 1687 2262 δὲ
1712 2235 1744 2261 τὸ
1771 2235 1814 2261 διὰ

1024 2282 1153 2319 Χριστοῦ,
1168 2283 1182 2309 ὃ
1199 2283 1246 2309 καὶ
1256 2281 1403 2314 ἀναδείξειν
1417 2282 1467 2308 οὐκ
1479 2282 1519 2312 είς
1533 2280 1643 2316 μακρὰν
1656 2281 1714 2311 τοῖς
1730 2279 1814 2306 πάλαι

1022 2329 1269 2365 κατεπηγγέλλετο.
1296 2329 1417 2362 Ἤγγισα
1431 2328 1497 2363 γὰρ,
1516 2327 1593 2362 φησὶ,
1607 2327 1656 2361 τὴν
1673 2326 1815 2352 δικαιοσύ-

1023 2383 1071 2410 νην
1088 2384 1150 2410 μου,
1176 2375 1223 2401 καὶ
1246 2374 1296 2410 τὴν
1313 2374 1449 2409 σωτηρίαν
1472 2373 1522 2408 τὴν
1542 2373 1607 2408 παρ’
1626 2372 1695 2407 ἐμοῦ
1721 2372 1754 2397 ού
1777 2371 1815 2406 μὴ

1023 2421 1158 2456 βραδύνω.
1180 2420 1314 2447 Ἐοικέναι
1330 2420 1359 2446 δὲ
1371 2419 1450 2446 τοῦτό
1468 2426 1558 2454 φαμεν
1570 2418 1624 2453 τῷ,
1642 2418 1704 2444 Ἔτι
1718 2417 1815 2452 μικρὸν

1023 2467 1037 2493 ὁ
1048 2468 1194 2502 ἐρχόμενος
1210 2467 1279 2501 ἥξει,
1294 2467 1341 2493 καὶ
1357 2467 1387 2493 οὐ
1404 2466 1514 2501 χρονιεῖ.
1531 2465 1641 2491 Δέδοτιιι
1657 2463 1686 2489 δὲ
1702 2464 1730 2489 ἐν
1746 2462 1815 2489 Σιὼν

1024 2513 1176 2548 ἡσωτηρία
1194 2513 1231 2548 τῷ
1257 2512 1363 2548 Ἰσραὴλ
1388 2513 1427 2543 είς
1452 2511 1583 2545 δόξασμα.
1608 2509 1664 2536 Καὶ
1692 2508 1764 2535 Σιὼν
1788 2508 1815 2533 ὲν

1024 2558 1128 2590 τούτοις
1151 2558 1199 2593 τὴν
1223 2558 1320 2592 νοητὴν
1332 2555 1477 2592 ὀνομάζει,
1499 2555 1570 2582 τοῦτ’
1588 2554 1657 2585 ἐστι,
1685 2553 1737 2588 τὴν
1757 2551 1815 2578 Ἐκ-

1022 2604 1135 2639 κλησίαν
1150 2603 1280 2639 Χριστοῦ,
1296 2604 1324 2629 ἐν
1386 2601 1435 2636 τὴν
1449 2600 1531 2627 αὑτοῦ
1552 2598 1692 2634 σωτηρίαν
1709 2599 1739 2624 ἐν
1754 2597 1814 2631 δόξῃ

1021 2649 1155 2684 δεχόμεθα
1180 2650 1280 2679 πάντες
1303 2649 1360 2675 ὅσοι
1383 2646 1515 2681 τελοῦμεν
1529 2646 1569 2677 εἰς
1587 2644 1634 2671 τὸν
1649 2642 1747 2678 νοητὸν
1766 2642 1813 2668 Ἶσ-

1023 2694 1102 2729 ραήλ.
1122 2694 1228 2729 Ὥσπερ
1241 2694 1295 2729 γὰρ
1318 2692 1443 2723 Ἰουδαῖός
1458 2692 1532 2717 ἐστιν
1546 2690 1618 2725 οὺχὸ
1640 2688 1715 2715 κατὰ
1729 2688 1812 2722 σάρκα

1024 2740 1115 2775 μόνον,
1132 2740 1198 2766 ἀλλὰ
1216 2740 1269 2775 γὰρ
1282 2739 1307 2765 ετ
1318 2748 1360 2771 τις
1381 2738 1491 2773 καὶτῆς
1508 2738 1536 2764 ὲν
1554 2735 1694 2770 πνεύματι
1709 2740 1812 2768 περιτο-
