1883 3055
40 188 42 191 ’
66 193 127 222 ιοοο
622 199 655 226 lN
676 201 789 229 teAtAtt
809 203 871 230 LIB.

894 204 938 232 IV.
955 205 1058 233 ORAT.
1079 206 1122 234 Ill.
1622 213 1690 240 1010

64 252 186 287 μακείαις
201 253 249 295 κιαι
269 253 328 284 ταῖς
342 254 489 286 ἐπαοιδαῖς,
506 256 633 293 ταύτῃτοι
658 260 771 294 γέγονας
784 262 824 290 ἄτα

918 265 1025 299 upcrbia
1038 265 1116 300 pleno
1130 274 1162 293 ac
1174 267 1279 301 turgido
1292 268 1413 302 prmdita,
1432 270 1543 304 teipsam
1562 271 1689 298 omnibus

61 297 119 329 κνός
133 306 162 324 τε
174 299 222 324 καὶ
239 299 323 334 χήρα·
339 299 406 335 ὑψοῦ
422 301 476 337 γὰρ
489 302 605 337 αἴρουσα
622 304 671 339 τὴν
689 306 786 340 ὀφρὺν,
801 308 848 334 καὶ

59 344 213 376 ἀλαζονείας
244 346 368 381 ἔμπλεων
396 347 445 383 τὴν
473 349 591 377 διάνοιαν
616 351 725 386 ἔχουσα,
743 355 848 390 σαυτὴν

59 391 158 425 ἀμείνω
179 391 236 418 τῶν
252 392 340 419 ἄλλων
362 394 457 421 πασῶν
482 396 527 422 καὶ
551 397 741 435 ἀλκιμωτέραν
754 399 847 436 ᾠήθης

59 435 121 463 εἶναι
136 438 246 473 χωρῶν.
261 439 349 474 "Eon;
365 439 420 475 γὰρ
441 440 482 467 ὃτι
498 442 548 469 οὐκ
568 442 641 470 ἑστιν
655 445 745 479 ἑτέρα.
759 445 846 473 Γνῶθι

58 483 86 518 δὴ
100 480 145 510 οὖν
158 484 199 510 ὅτι
213 484 230 519 ἡ
244 485 350 517 σύνεσις
360 486 474 517 τούτων,
489 487 536 514 καὶ
546 489 563 523 ὴ
579 489 692 524 πορνεία
709 499 755 517 σου
768 491 844 518 ἔσται

59 537 95 555 σοι
111 529 240 564 αἰσχύνη.
251 530 368 565 ,Φθάσας
383 530 450 567 ἔφην
464 532 505 558 ὃτι
525 534 624 568 σοφοὺς
643 535 758 563 ἐκάλουν
780 538 845 569 τοὺς

60 576 166 611 μάγους,
193 576 417 618 ᾐτούσυνετούς.
435 578 505 605 "laet
531 579 564 615 δὴ
583 579 639 612 οὖν,
656 579 680 608 ὦ
703 583 843 617 Βαϐυλὼν,

57 623 141 657 φησὶν,
152 623 193 648 ὅτι
207 624 224 658 ἡ
244 623 324 658 σοφία
333 618 387 650 τῶν
403 625 507 660 μάγων,
523 627 607 662 ἤγουν
620 627 842 664 ψευδομάντεων,

58 670 99 695 καὶ
115 669 258 701 ὲπαοιδῶν,
274 671 320 697 καὶ
337 672 352 706 ή
373 673 486 707 πορνεία
504 681 550 700 σου
565 674 634 709 πρὸς
651 674 756 707 τούτοις
769 676 845 703 ἔσται

59 724 94 741 σοι
107 715 228 751 αἰσχύνη.
241 716 390 749 Πέπτωκας
400 717 452 754 γὰρ
462 718 514 745 ὑπὸ
525 721 602 755 χεῖρα
616 720 670 746 τῶν
679 721 793 757 ἐχθρῶν,
806 721 844 754 ὡς

57 761 151 792 τούτοις
166 761 389 797 ὲπιθαρσήσασα,
405 760 443 790 ὧν
462 764 538 791 οὐδὲν
549 765 703 793 ἀπόνασθαι
716 767 840 801 δυνατὸν,

58 807 119 842 πλὴν
130 808 169 834 ὅτι
186 809 417 844 καταισχυνθῆναι
429 810 509 845 μόνον
517 811 556 843 ὡς
568 812 675 840 εἰκαίαν
688 814 732 840 ἐπ’
747 815 841 847 αὐτοῖς

56 851 179 879 λαὸοὖσαν
196 854 302 881 ἐλπίδα.
320 855 450 890 Πορνείαν
466 856 498 890 γέ
521 865 603 893 φησιν
617 859 646 885 ὲν
661 859 766 892 τούτοις
786 860 836 896 τὴν

900 311 959 338 aliis
973 313 1130 347 regionibus
1154 313 1293 341 meliorem
1310 322 1371 342 esse
1388 317 1512 351 ptttavisti
1536 322 1564 344 et
1586 323 1683 352 poten-

899 357 1005 384 tiorent.
1027 357 1122 385 Dixisti
1134 359 1205 386 enim
1233 368 1284 387 non
1315 368 1375 389 esse
1402 362 1493 390 aliam.
1510 363 1584 391 Scito
1608 364 1689 398 igitur

898 404 1066 436 prudentiam
1076 412 1180 436 eorum,
1195 409 1222 432 et
1237 405 1443 435 fornicationem
1461 413 1535 436 tuam
1557 409 1615 437 fore
1636 411 1686 438 tibi

897 447 1033 476 dedecori.
1049 448 1136 482 Supra
1151 450 1205 476 dixi
1220 458 1266 478 eos
1282 458 1394 479 vocasse
1418 453 1563 487 sapientes,
1583 462 1685 489 magos,

896 492 953 519 sive
966 493 1122 526 prttdentes.
1143 494 1220 522 Scias
1235 490 1327 530 igitur,
1340 504 1356 524 o
1376 496 1506 533 Babylon,
1520 499 1684 534 sapientiam

897 545 1096 572 tnagorutu,seu
1110 539 1237 568 falsorum
1258 546 1359 575 vatum,
1377 547 1404 570 et
1425 544 1635 577 incantatorum,
1653 553 1686 574 ac

897 584 1103 613 fornicationem
1127 591 1211 619 tuam,
1235 588 1292 616 fore
1319 589 1365 616 tibi
1394 590 1530 618 dedecori.
1557 591 1684 622 Cecidisti

894 632 966 658 enim
986 633 1011 658 itt
1027 641 1121 662 manus
1148 634 1330 667 inimicorum,
1350 636 1422 670 quod
1458 637 1510 664 illis
1541 638 1621 665 rebus
1635 638 1682 666 lisa

895 677 944 710 sis,
958 679 1028 706 unde
1040 679 1262 714 niltiladjumcnti
1278 690 1338 710 esse
1354 689 1467 717 poterat,
1480 685 1531 713 nisi
1549 686 1635 714 soltttn
1654 693 1683 714 ut

895 723 1180 760 confundereris,qnod
1197 733 1291 753 vanam
1305 727 1332 754 in
1343 728 1395 755 illis
1402 737 1475 763 spem
1489 730 1679 759 collocaveras.

893 766 1111 798 Fornicationem
1123 771 1188 799 dicit
1203 771 1247 800 ltic
1267 773 1540 809 Babyloniorummnn
1556 784 1682 811 corpora-

892 813 963 846 lem,
979 815 1026 842 sed
1060 817 1284 851 ittlemperantuttt
1300 824 1328 846 et
1345 819 1472 847 ell'renetn
1499 830 1513 848 a
1534 821 1589 849 Deo
1612 822 1681 850 defe

889 862 1018 890 ctionem.
1038 862 1106 890 Nam
1138 869 1207 891 terra
1222 871 1280 893 erat
1294 867 1469 901 sculptilinm,
1488 874 1514 895 et
1528 869 1679 897 daemonum

56 898 234 930 Βαϐυλωνίων,
250 900 309 927 οὔτι
327 910 378 928 που
393 902 503 934 πάντως
515 903 565 938 τὴν
579 906 751 942 σωματικὴν,
767 906 824 933 ἀλλά

918 908 1088 936 ductionibus
1112 914 1238 945 tanquam
1265 898 1438 946 plenis-velis
1454 898 1568 942 abducta
1590 920 1642 943 est.

56 946 102 981 γὰρ
123 946 171 981 τὴν
195 946 304 982 ἀκρατῆ
326 948 372 974 καὶ
392 949 518 983 ἀχάλινον
537 951 688 979 ἀπόστασιν
708 953 758 988 τὴν
781 953 835 980 ἀπὺ
865 953 947 981 Θεοῦ.
961 955 1000 990 Γῆ
1014 955 1068 991 γὰρ
1082 953 1116 991 ἦν
1137 956 1192 984 τῶν
1206 957 1342 992 γλυπτῶν,
1362 959 1408 985 καὶ
1423 961 1482 992 ταῖς
1505 961 1560 988 τῶν
1589 961 1683 998 δαιμο-

56 993 111 1019 νίων
120 993 238 1025 ἀπάταις
253 995 324 1027 ὅλοις
339 995 433 1032 ὥσπερ
447 997 631 1032 ἁπεκομίζετο
644 999 700 1030 τοῖς
715 999 819 1031 ἱστίοις.

34 1067 46 1077 κ
85 1041 133 1068 Kal
148 1039 236 1075 εἶπας
253 1042 292 1076 τῇ
306 1043 413 1078 καρδίᾳ
434 1052 492 1072 σου
504 1054 512 1061 ·
533 1045 603 1080 Ἐγώ
619 1047 688 1081 εἰμι,
713 1047 763 1074 καὶ
780 1048 836 1075 οὐκ

54 1087 128 1114 ἔστιν
140 1087 242 1120 ἐτέρα”
259 1089 307 1116 καὶ
324 1089 390 1126 ᾕξει
407 1090 456 1117 ἐπὶ
468 1091 505 1117 σὲ
516 1091 659 1124 ἀπώλεια,
674 1092 725 1119 καὶ
740 1094 776 1120 οὐ
791 1093 835 1127 μὴ

54 1131 136 1167 γνῶς-
150 1133 297 1167 βόθυνος,
317 1135 367 1162 καὶ
385 1136 503 1171 ἐμπεσῇ
517 1138 561 1170 εις
575 1139 676 1164 αὐτόν.
694 1139 748 1165 Καὶ
767 1139 836 1173 ἣξει

53 1178 95 1205 ἐπὶ
115 1179 150 1205 σὲ
173 1181 368 1215 ταλαιπωρία,
394 1183 442 1209 καὶ
459 1185 494 1210 οὺ
515 1184 558 1218 μὴ
575 1183 695 1218 δυνήσῃ
719 1184 835 1219 καθαρὰ

54 1223 179 1257 Γενέσθαι
188 1234 195 1240 ·
218 1227 269 1252 καὶ
285 1226 351 1260 ἣξει
363 1227 412 1254 ἐπὶ
422 1227 460 1255 σὲ
470 1228 617 1263 ἐξαίφνης
628 1229 770 1262 ἀπώλεια,
783 1230 833 1262 καὶ

54 1271 83 1297 οὐ
93 1271 132 1305 μὴ
147 1271 235 1305 γνῷς-

81 1317 99 1342 Γ
101 1318 211 1352 ράφεται
233 1319 316 1346 πάλιν
338 1319 498 1352 ἀλαζονείας
517 1320 613 1356 αὐτὴν,
637 1322 683 1348 καὶ
708 1322 830 1358 ἀποστή-

54 1371 127 1389 σασαν
142 1364 190 1397 μὲν
203 1363 358 1399 ὀλοτρόπως
368 1365 419 1400 τὴν
433 1366 533 1401 ἑαυτῆς
545 1367 659 1402 καρδίαν
673 1367 719 1394 τοῦ
732 1367 831 1394 εἰδέναι

53 1409 136 1443 φιλεῖν,
150 1409 185 1442 ὡς
200 1411 230 1437 ὲν
244 1410 399 1446 ἀνθρώποις
416 1412 465 1447 μὲν
483 1412 586 1447 ἀραρὸς
601 1413 688 1445 οὐδὲν,
704 1413 831 1449 ἀπήρτηι

54 1464 88 1482 ται
103 1456 129 1482 δὲ
144 1456 196 1482 τῶν
221 1456 303 1483 θείων
316 1457 503 1492 διανευμάτων
518 1458 548 1484 τὸ
569 1455 638 1484 εἶναι
663 1459 743 1494 τυχὸν
758 1459 774 1495 ἢ
793 1459 830 1495 μὴ
843 1481 864 1510 c

51 1501 104 1531 τοὺς
117 1501 159 1529 ἐπὶ
174 1502 223 1537 τῆς
244 1503 297 1536 γῆς
307 1511 314 1519 ο
330 1502 388 1529 ἀλλ’
401 1503 429 1529 οί
442 1511 474 1537 γε
491 1503 570 1530 τοῦτο
595 1505 692 1531 εἰδέναι
711 1505 747 1541 μὴ
764 1506 828 1532 ἁνα-

51 1546 173 1581 σχόμενοι,
192 1548 255 1580 ταῖς
266 1548 341 1583 σφῶν
363 1548 454 1575 αὐτῶν
479 1549 628 1576 ἀνάπτουσι
653 1550 783 1584 κεφαλαῖς
797 1550 828 1577 τὸ

52 1593 127 1619 πάντα
146 1593 279 1621 δύνασθαι
305 1594 466 1630 κατορθοῦν,
493 1595 537 1622 καὶ
563 1596 667 1631 ὅσαπερ
686 1596 719 1622 ἂν
741 1596 828 1623 τελεῖν

51 1637 148 1666 δύναταί
163 1640 230 1675 πρὸς
247 1641 396 1676 εὐημερίαν
413 1642 522 1673 αὐτοὺς,
538 1643 563 1668 oi
587 1641 702 1668 τοιοῦτοι
722 1642 828 1677 θαυμά-

51 1683 125 1717 ζουσι,
141 1686 301 1721 καὶράὸδον
318 1687 411 1723 ὥσπερ
434 1688 541 1719 ἑαυτοῖς
556 1688 759 1723 ὑποστήσαντες
778 1696 828 1715 κα-

50 1728 152 1766 λαμίνην
167 1731 256 1758 ἁλοῖεν
271 1732 315 1764 ἂν,
333 1733 462 1759 πίπτουσι
486 1733 539 1768 γὰρ
553 1733 702 1768 ἀδοκήτως,
718 1732 766 1760 καὶ
782 1733 828 1759 τὸν

51 1777 105 1811 παρ’
126 1777 215 1804 ἐλπίδα
237 1777 382 1813 θρηνοῦσιν
403 1778 524 1813 ὀλεθρον.
546 1778 651 1805 Οὺκοῦν
677 1778 827 1814 ἐπειδήπερ

50 1819 108 1856 ἔφης
122 1822 149 1848 ὲν
161 1823 192 1858 τῇ
218 1823 318 1858 καρδίᾳ.
335 1831 396 1850 σου’
419 1824 490 1858 Ἐγὼ
513 1825 584 1859 εἰμι,
601 1824 650 1851 καὶ
673 1825 724 1851 οὐκ
752 1824 826 1851 ἐστιν

50 1867 129 1902 ἑτέρα,
149 1869 334 1904 καταλήψεται
352 1878 382 1896 σε
397 1870 496 1906 πικρὸν
512 1871 560 1905 τῆς
577 1870 649 1897 οὕτω
660 1870 749 1906 δεινῆς
762 1871 827 1897 ἀλα-

50 1911 142 1945 ζονείας
152 1913 182 1939 τὸ
196 1914 294 1949 πέρας.
310 1915 389 1948 Ἥξει
404 1915 459 1951 γὰρ
474 1916 520 1942 ἐπὶ
536 1915 566 1942 σὲ
580 1915 715 1947 ἀπώλεια,
733 1916 780 1942 καὶ
793 1916 825 1942 οὐ

51 1958 83 1991 μὴ
104 1959 183 1993 γνῷς,
197 1959 271 1986 τοῦτ’
294 1959 379 1993 ἐστιν,
394 1961 522 1996 ἀνόνητός
547 1970 587 1988 σοι
608 1962 655 1989 καὶ
676 1963 692 1996 ἡ
714 1962 826 1997 μαντεία

50 2002 108 2036 πρὸς
123 2003 199 2030 τοῦτο
216 2005 371 2040 γενήσεται.
387 2006 480 2033 Πείσει
495 2007 550 2042 γὰρ
564 2007 582 2033 ἃ.
595 2007 646 2034 οὐκ
666 2007 763 2041 ἔγνως,
779 2008 826 2034 καὶ

51 2048 205 2084 συμϐήσεταί
221 2059 263 2077 σοι
278 2052 365 2086 πικρὰ
381 2052 428 2078 καὶ
443 2052 574 2087 ἀδόκητος
595 2053 731 2088 συμφορά.
748 2053 826 2085 Ἥξει

51 2092 154 2128 βόθυνος,
169 2097 214 2122 καὶ
228 2097 337 2134 ἐμπέσῃ
357 2098 396 2129 είς
410 2098 502 2125 αὐτόν·
524 2099 617 2133 ὅμοιον
642 2099 680 2130 ὡς
698 2100 722 2126 εί
739 2099 824 2133 λέγοι,

50 2138 122 2168 δεινὸν
137 2142 182 2168 καὶ
204 2142 403 2178 δυσδιάφυκτον
427 2144 520 2171 κακόν.
540 2145 602 2175 Τοῖς
619 2144 673 2180 γὰρ
691 2144 765 2177 ἅπαξ
786 2146 826 2177 εἰς

51 2183 133 2220 βόθρον
144 2188 353 2223 κατενεχθεῖσιν,
368 2189 448 2225 εἴπερ
462 2199 504 2221 τις
523 2191 564 2225 εἴη
583 2190 677 2225 βαθὺς,
687 2190 717 2217 τὸ
728 2191 824 2225 διαφυ-

49 2231 98 2263 γεῖν
120 2231 244 2261 δύνασθαι
258 2234 312 2261 τῶν
333 2236 473 2271 ἀνηνύτων
487 2236 542 2263 ἔσθ’
557 2237 612 2263 ὅτε.
630 2236 710 2269 ’Ἥξει
725 2237 753 2263 δὲ
777 2237 823 2264 καὶ

49 2274 212 2313 ταλαιπωρία,
236 2280 283 2306 καὶ
301 2280 332 2307 οὐ
356 2280 393 2316 μὴ
414 2281 518 2317 δυνήσῃ
539 2281 649 2317 καθαρὰ
675 2281 802 2315 γενέσθαι
815 2290 821 2296 ·

50 2320 101 2354 ἡξει
112 2323 154 2349 καὶ
167 2324 300 2357 ἀπώλεια,
318 2326 366 2353 καὶ
382 2327 413 2352 οὺ
434 2326 471 2361 μὴ
488 2327 569 2361 γνῷς.
589 2327 626 2354 Οὐ
640 2327 694 2362 γὰρ
705 2325 740 2362 ἦν
756 2326 823 2353 είδέ-

49 2373 86 2392 ναι
99 2369 156 2401 τοὺς
180 2372 283 2406 μάγους
300 2371 331 2398 τὸ
346 2373 475 2407 ἐσόμενον
493 2372 596 2404 ἁπλῶς’
627 2373 823 2408 μαντευόμενοι

49 2411 73 2438 δὲ
82 2414 112 2440 τὰ
123 2416 186 2450 πρὸς
198 2417 288 2453 χάριν,
305 2418 351 2444 καὶ
364 2419 418 2445 ἀπὸ
433 2419 546 2453 καρδίας
559 2418 650 2446 αὐτῶν
667 2418 821 2451 λαλοῦντες,

841 2175 863 2203 D

925 1047 1006 1074 Vens.
1019 1047 1063 1074 Η.
1076 1047 1109 1074 Et
1126 1048 1216 1075 dixisti
1231 1049 1310 1076 corde
1329 1053 1374 1076 tuo
1394 1058 1404 1077 :
1425 1049 1480 1085 Ego
1491 1059 1561 1084 sunt,
1588 1056 1612 1078 et
1627 1060 1678 1079 mm

885 1097 923 1120 eet
934 1093 1006 1125 alia;
1020 1098 1044 1120 et
1057 1093 1138 1120 veniet
1153 1093 1180 1120 in
1194 1098 1219 1120 te
1238 1094 1360 1127 exitium,
1375 1100 1399 1122 et
1412 1096 1509 1123 nesciet
1524 1104 1533 1123 :
1550 1097 1636 1130 fowa,
1653 1103 1677 1124 et

885 1140 914 1166 in
925 1147 982 1166 cam
1006 1139 1116 1168 incidet.
1140 1138 1230 1166 Veniet
1251 1139 1279 1166 in
1304 1144 1329 1167 te
1365 1141 1490 1174 miseria,
1514 1150 1559 1169 nec
1581 1144 1679 1176 poteris

885 1185 984 1212 munda
998 1185 1076 1219 ﬁeri:
1092 1185 1222 1212 accubitu
1253 1186 1336 1213 ueniet
1364 1187 1392 1213 in
1416 1191 1441 1214 te
1463 1187 1584 1221 exitium,
1598 1196 1678 1224 neque

883 1238 959 1258 86188.

919 1321 1088 1357 Arrogantite
1100 1322 1187 1350 demto
1204 1327 1315 1351 accusat
1325 1330 1385 1351 eam
1402 1328 1428 1351 et
1437 1331 1484 1352 cor
1497 1324 1591 1359 ipsius,
1604 1327 1674 1360 quod

882 1367 961 1403 plane
973 1368 1081 1400 defecit,
1091 1376 1141 1397 nec
1161 1369 1230 1397 scire
1246 1369 1339 1402 voluit,
1371 1371 1397 1397 in
1429 1371 1584 1399 horninibus
1609 1373 1673 1400 nihil

882 1421 945 1441 esse
960 1413 1079 1446 ﬁrmum,
1093 1418 1121 1442 et
1135 1414 1252 1449 pettdere
1267 1423 1282 1442 a
1310 1416 1402 1444 divino
1413 1421 1490 1450 nutu,
1508 1423 1538 1445 ut
1562 1419 1614 1445 sittt
1634 1421 1674 1447 vel

883 1467 934 1487 non
947 1460 1001 1487 sint
1016 1460 1042 1486 itt
1059 1464 1130 1488 terra
1150 1460 1327 1489 habitatores.
1340 1461 1397 1490 Hoc
1409 1463 1446 1490 illi
1461 1464 1530 1490 scire
1540 1472 1592 1492 nott
1609 1473 1672 1492 sos-

881 1506 1009 1538 tinentes,
1024 1505 1081 1533 suis
1099 1505 1219 1539 ipsorum
1245 1507 1378 1541 capitibus
1393 1513 1534 1543 acceptum
1554 1509 1674 1537 ferebant

878 1552 950 1586 quod
966 1552 1056 1580 omnia
1072 1557 1145 1580 recte
1159 1553 1349 1581 administrare
1370 1546 1498 1589 possent;
1516 1557 1602 1592 639
1614 1565 1673 1584 ens-

879 1604 931 1631 que
962 1597 1142 1631 mirabantur,
1158 1598 1204 1633 qui
1223 1602 1326 1626 tantam
1342 1599 1396 1628 illis
1415 1600 1569 1629 felicitatem
1594 1609 1671 1636 pepe-

879 1646 982 1678 rerunt.
997 1642 1050 1670 Sed
1068 1643 1276 1677 comperiuntur
1299 1645 1403 1680 virgam
1424 1646 1602 1674 arundineam
1620 1647 1672 1675 sibi

877 1689 1052 1722 supposuisse
1069 1697 1075 1715 :
1091 1688 1248 1717 ceciderunt
1263 1690 1335 1717 enim
1345 1691 1378 1718 de
1398 1691 1556 1726 improviso,
1567 1698 1594 1719 et
1616 1693 1673 1720 exi-

879 1732 945 1759 tittm
959 1740 1038 1760 suum
1055 1738 1153 1768 praeter
1174 1741 1249 1768 spem
1275 1734 1377 1770 lugent.
1391 1736 1458 1769 Quia
1486 1738 1568 1772 igitur
1592 1739 1673 1766 corde

879 1783 924 1805 tuo
938 1779 1068 1806 dicebas:
1085 1778 1141 1814 Ego
1162 1787 1233 1812 sum,
1244 1785 1271 1808 et
1288 1788 1341 1808 non
1359 1787 1402 1809 est
1427 1782 1491 1816 alia,
1511 1789 1673 1818 assequetur

879 1828 905 1851 te
924 1825 1037 1852 acerbus
1050 1830 1132 1852 tantae
1146 1826 1310 1860 arrogantiae
1325 1827 1424 1855 exitus.
1441 1828 1534 1856 Veniet
1548 1830 1619 1856 enim
1645 1831 1670 1857 in

878 1870 1037 1904 teexitium,
1055 1879 1143 1906 neque
1158 1872 1238 1904 scies,
1257 1872 1282 1899 id
1295 1878 1348 1904 est,
1367 1873 1468 1900 inutilis
1496 1874 1622 1901 reddetur
1638 1877 1671 1903 ad

878 1916 930 1944 hoc
959 1917 1006 1943 tibi
1027 1917 1195 1944 vaticinatio.
1222 1917 1339 1945 Patieris
1360 1918 1432 1945 enim
1445 1926 1505 1953 quae
1520 1920 1670 1954 nesciebas,

876 1965 905 1989 et
926 1962 1031 1989 eveniet
1043 1962 1089 1989 tibi
1104 1963 1201 1990 acerba
1216 1967 1244 1990 et
1255 1963 1442 1998 inexspectata
1453 1964 1602 1992 calamitas.
1623 1965 1670 1993 Ve-

877 2007 932 2034 niet
949 2006 1038 2041 fovea,
1049 2013 1076 2035 et
1096 2008 1121 2035 in
1143 2008 1216 2035 illam
1239 2008 1354 2042 incides,
1379 2010 1492 2044 perinde
1507 2018 1538 2037 ac
1555 2011 1578 2038 si
1600 2011 1669 2039 dice-

877 2054 927 2080 ret,
939 2057 1021 2084 grave
1036 2055 1064 2077 et
1080 2050 1234 2078 inevitabile
1253 2051 1363 2078 malum.
1385 2052 1434 2085 Qui
1447 2053 1518 2080 enim
1542 2053 1626 2081 semel
1643 2054 1669 2081 in

878 2094 982 2122 foveam
993 2096 1095 2123 detrusi
1116 2100 1191 2129 sunt,
1205 2098 1284 2124 modo
1309 2097 1440 2132 profunda
1462 2098 1508 2132 sit,
1533 2099 1590 2126 fieri
1616 2107 1669 2127 non

877 2146 965 2175 potest
980 2141 1157 2177 uteil'ttgiant.
1174 2142 1267 2170 Veniet
1293 2143 1374 2170 etiam
1392 2144 1510 2178 miseria,
1537 2153 1587 2173 nec
1620 2153 1668 2180 po-

877 2186 943 2214 teris
957 2187 1056 2215 munda
1071 2188 1139 2215 ﬁeri.
1157 2187 1251 2216 Veniet
1269 2189 1429 2223 etexitiom,
1444 2195 1472 2217 et
1483 2191 1597 2219 nescies.
1611 2191 1669 2218 Non

877 2234 948 2260 enim
961 2238 1087 2268 poterant
1104 2235 1173 2269 magi
1185 2235 1256 2262 scire
1271 2234 1390 2262 futurum
1405 2237 1527 2269 omnino,
1546 2237 1592 2265 sed
1606 2245 1668 2264 cttm

878 2280 1091 2307 vaticinareutur
1122 2280 1155 2307 ad
1197 2281 1323 2314 gratiam,
1345 2285 1373 2309 et
1397 2289 1428 2309 ex
1450 2282 1533 2309 corde
1563 2289 1623 2315 suo,
1640 2288 1669 2309 ιιι

877 2327 1007 2360 scriptum
1045 2330 1097 2358 est,
1127 2325 1311 2360 loquerentur,
1348 2327 1474 2354 viderunt
1513 2329 1614 2356 exitum
1641 2334 1669 2356 et

878 2371 1097 2406 praedictionibus
1135 2372 1192 2399 suis
1239 2376 1267 2399 et
1307 2372 1363 2406 spei
1403 2373 1568 2400 contrarium
1599 2374 1668 2401 acci-

876 2418 958 2446 disse.

51 2461 110 2488 κατὰ
121 2464 149 2490 τὺ
176 2466 377 2500 γεγραμμένον,
410 2467 568 2503 ἀσύμϐατον
597 2468 657 2499 ταῖς
674 2465 906 2502 προαγορεύσεσιν
924 2465 1018 2501 ἑώρων
1039 2465 1213 2501 συμϐεϐηκὸς
1228 2465 1283 2492 τῶν
1305 2465 1486 2493 ἐλπισθέντων
1516 2465 1547 2493 τὸ
1569 2467 1665 2502 πέρας.

79 2508 159 2543 Στῆθι
169 2511 225 2539 νῦν
236 2513 271 2539 ἐν
285 2513 349 2546 ταῖς
363 2514 516 2547 ἐπαοιδαῖς
527 2522 597 2547 σου,
608 2515 657 2541 καί
669 2514 706 2548 τῇ
719 2514 822 2548 πολλῇ

48 2558 197 2591 φαρμακείᾳ
217 2566 286 2591 σου,
311 2559 330 2586 d
348 2559 513 2594 ἐμάνθανες
533 2561 568 2588 ὲκ
592 2561 733 2595 νεότητός
752 2569 821 2594 σου,

49 2601 69 2624 εὶ
78 2601 186 2637 δυνήσῃ
199 2604 400 2639 ὠφεληθῆναι.
423 2607 610 2640 Κεκοπίακας
620 2607 656 2634 ὲν
671 2607 737 2640 ταῖς
747 2607 822 2640 ,βου-

49 2645 105 2678 ,Ιιιῗς
133 2657 199 2676 σου.
230 2650 403 2684 Στήτωσαν,
434 2653 484 2680 καὶ
514 2652 702 2680 σωσάτωσάν
731 2661 769 2681 σε
795 2655 822 2681 οἱ

50 2689 208 2729 ἀστρολόγοι
221 2696 274 2723 τοῦ
291 2697 430 2731 cinnami),
445 2699 473 2725 οι
494 2698 620 2732 ὁρῶντες
637 2699 708 2732 τοὺς
732 2699 821 2726 ἀστέ-

48 2743 97 2769 Ρας
111 2738 368 2772 ἁναγτειλὰτωσάν
378 2750 428 2770 σοι
441 2743 470 2770 τί
483 2743 590 2778 μέλλει
608 2744 658 2770 ἐπὶ
681 2743 719 2771 σὲ
736 2744 820 2779 ἔρχε-

51 2782 118 2808 σθαι.
141 2783 214 2812 Ἰδοὺ
236 2786 347 2820 πάντες
363 2787 404 2820 ὡς
418 2789 555 2823 φρύγανα
568 2788 617 2814 ἐπὶ
639 2789 710 2823 πυρὶ
729 2797 819 2815 κατα-

51 2827 208 2863 κιιήσονται,
232 2833 281 2859 καὶ
310 2833 346 2859 οὑ
369 2834 413 2867 μὴ
439 2833 600 2865 ἐξέλωνται
631 2834 688 2867 τὴν
714 2834 820 2868 ψυχὴν

51 2872 135 2898 αὐτῶν
159 2876 192 2902 ἐκ
214 2877 338 2911 φλογὸς,
373 2878 418 2905 ὅτι
443 2877 522 2912 ἔχεις
548 2878 697 2912 ἄνθρακας
715 2879 819 2913 πυρὸς,

53 2917 213 2948 «alitr'ate'n'
229 2923 347 2956 αὐτούς·
363 2921 445 2952 οὗτοι
471 2924 596 2951 ἔστι·τηί
616 2933 663 2951 σοι
689 2925 819 2958 ϐοήθεια,

912 2513 991 2541 Vens.
1007 2513 1098 2540 1245.
1115 2512 1163 2540 Sta
1174 2521 1242 2540 nunc
1257 2513 1283 2540 in
1301 2513 1522 2541 incantationibus
1554 2512 1619 2546 tuis,
1641 2520 1666 2542 et

873 2558 964 2586 multis
976 2559 1105 2593 veneﬁciis
1124 2560 1188 2592 luis,
1208 2568 1268 2594 quae
1299 2559 1415 2586 didicisti
1440 2561 1472 2586 ab
1487 2560 1664 2588 adolescentia

873 2606 961 2638 tua,ti
987 2605 1083 2639 poteris
1106 2604 1207 2638 juvari.
1238 2604 1376 2632 Laborarti
1398 2606 1425 2632 in
1448 2606 1564 2633 consiliis
1587 2607 1663 2634 luis:

872 2655 950 2683 stent,
965 2656 988 2677 et
1013 2655 1112 2677 servent
1125 2655 1150 2676 te
1167 2651 1293 2685 astrologi
1308 2651 1376 2682 caeli,
1389 2652 1433 2686 qui
1457 2652 1664 2686 contemplemur

874 2695 1139 2728 stellat,annutttient
1156 2695 1215 2727 tibi,
1231 2696 1295 2730 quid
1310 2696 1356 2723 tibi
1382 2702 1519 2724 venturum
1539 2698 1582 2724 sit.
1597 2697 1664 2726 Ecce

874 2750 962 2769 ontnes
975 2742 1050 2776 quasi
1064 2742 1167 2776 stipulae
1178 2742 1232 2777 igni
1241 2743 1434 2774 contburentur,
1445 2747 1469 2770 et
1487 2752 1539 2770 non
1554 2744 1662 2778 eripient

874 2788 988 2814 animam
1004 2796 1079 2814 suam
1092 2796 1105 2814 e
1121 2788 1240 2823 ﬂamma;
1251 2789 1313 2823 quia
1329 2788 1406 2815 habe:
1433 2791 1558 2816 carbones
1582 2790 1660 2825 ignis,

875 2834 973 2860 sedebit
986 2842 1064 2868 super
1076 2843 1130 2861 eos.
1150 2834 1270 2862 "ierunt
1288 2835 1334 2861 tibi
1357 2836 1467 2868 auxilio,
1496 2835 1623 2862 laboraui
1634 2836 1660 2861 in

875 2879 1074 2907 cotttittutaliane
1089 2881 1121 2907 ab
1133 2880 1322 2909 adolescentia:
1341 2881 1416 2908 homo
1430 2882 1455 2908 in
1476 2881 1660 2915 semetiptner-

876 2925 952 2958 ravil,
967 2925 1013 2952 tibi
1027 2931 1111 2953 autem
1138 2934 1186 2954 non
1208 2926 1256 2953 crit
1280 2926 1361 2954 salus.
