1883 3055
63 201 132 228 1015

642 199 675 228 IN
696 199 810 227 ISMAM
831 197 894 225 LIB.
916 198 960 226 IV.
981 198 1086 227 Οῐὶ.ιΤ,
1108 197 1150 226 ΙΙΙ.

1627 193 1696 221 1οη

60 261 269 295 δικαιοσύνης.
292 260 340 287 καὶ
364 260 557 295 ἀντεχόμενοι
580 260 619 293 τῷ
647 261 771 294 ὀνόματι
797 258 853 293 τῆς

939 275 989 296 νιΙεε
1004 270 1103 296 nomini
1131 269 1244 296 ciuitalis
1275 273 1381 299 sancire,
1407 272 1429 293 et
1450 267 1477 293 in
1510 265 1563 292 Deo
1587 263 1696 292 lanulis

60 309 178 341 πόλεως
195 308 250 343 τῆς
265 309 361 343 ἁγίας,
380 308 428 334 xui
447 307 495 334 ἐπὶ
520 307 560 340 τῷ
581 307 640 340 Θεῷ
657 307 710 334 τοῦ
734 305 853 341 Ἰσραὴλ

60 354 355 388 ἁντιστηριζόμενοι³
379 354 487 388 Κύριος
505 353 626 381 Σαϐαὼο
646 353 739 388 ὄνομα
760 351 852 384 αὐτῷ.

63 400 103 426 Τὰ
116 401 264 434 πρότερον
274 400 317 427 ἔτι
336 400 510 435 ἁνήγγειλα,
526 400 574 426 καὶ
586 400 620 426 ἐκ
637 399 690 426 τοῦ
705 397 854 432 στόματός

58 455 119 480 μου
142 445 263 480 ἐξῆλθε,
289 447 340 473 καὶ
369 446 522 473 ἀκουστὸν
547 445 675 480 ἐγένετο.
711 442 856 476 Ἑξάπινα

60 492 205 526 ἐποίησα,
221 493 269 519 καὶ
281 493 404 527 ἐπῆλθε.

97 539 271 574 Διαπεράνας
285 539 330 565 τὸν
345 538 423 572 λόγον
434 537 480 564 τὸν
492 536 537 563 ἐπί
547 545 577 571 γε
593 538 647 568 τοῖς
661 535 854 565 Βαὸυλωνίοις.

64 583 210 620 μεθίστησι
226 584 304 610 πάλιν
322 584 370 618 τῆς
382 583 523 614 νουθεσίας
540 582 589 616 τὴν
603 580 717 616 δύναμιν
734 580 781 606 ἐπὶ
791 580 855 611 τοὺς

62 631 93 663 ἐξ
119 630 237 665 αἵματος
270 629 389 665 Ἰσραὴλ,
422 628 581 659 κεκλικότας
616 627 716 657 αὐτοὺς
739 625 855 652 είσάπαν

62 677 146 712 ὁρῶν,
165 677 213 703 καὶ
240 676 313 706 ὅλαις
331 675 425 711 ὥσπερ
445 674 535 709 ἡνίαις
559 671 796 708 ἀπενηνεγμένους
817 671 856 702 εἰς

62 723 226 750 ἀπόστασιν.
243 722 319 748 Μετὰ
332 720 386 755 γάρ
402 729 443 746 τοι
456 719 503 755 τὴν
524 718 645 751 Ἐζεκίου
655 717 782 752 τελευτὴν
793 716 856 748 τοὺς

62 769 113 803 τῆς
139 767 277 803 βασιλείας
297 766 396 794 διέπων
415 766 527 802 θρόνους
548 766 562 792 ὁ
585 765 615 798 ἐξ
633 763 716 791 αὑτοῦ
738 762 857 798 γεγονὼς

64 813 229 848 Μανασσῆς,
258 813 327 848 ἀνὴρ
351 812 447 846 γέγονε
471 810 700 842 δυσσεϐέστατος,
724 809 770 836 καὶ
797 810 857 840 ταῖς

62 859 119 885 τῶν
141 858 288 892 δαιμονίων
310 858 426 889 ἀπάταις
446 856 600 892 ὁλοτρόπως
621 856 854 892 συνηρπασμένος·

64 903 176 939 προῦϐη
191 903 219 929 δὲ
237 903 276 934 εἰς
287 902 366 930 τοῦτο
381 903 490 935 κακίας,
512 902 679 937 φαυλότητός
696 911 725 928 τε
746 901 792 928 καὶ
809 903 857 928 ὰν-

63 947 147 973 οσίων
165 946 385 982 ἐγχειρημάτων,
408 946 477 973 ὥστε
501 946 600 981 βωμῶν
628 946 675 973 καὶ
693 946 859 980 ἀγαλμάτων

63 992 114 1027 τὴν
137 993 220 1025 ἁγίαν
243 992 344 1027 πλῆσαι
363 992 451 1026 πόλιν,
472 992 519 1018 καὶ
541 993 570 1018 ἐν
596 992 669 1027 αὐτῷ
685 993 714 1019 δὲ
732 991 771 1027 τῷ
795 991 860 1027 θείῳ

64 1038 123 1073 ναῷ
145 1037 308 1073 καθιδρῦσαι
342 1038 490 1074 βδέλυγμα,
520 1037 593 1064 τοῦτ’
612 1038 696 1070 ἔστιν,
724 1038 753 1065 ὲν
784 1038 860 1070 τάξει

65 1082 135 1110 Θεοῦ
153 1083 340 1118 πεποιημένον
351 1083 476 1118 ἄγαλμα.
503 1083 613 1119 ᾘτιᾶτο
628 1083 694 1117 γοῦν
714 1084 743 1109 ὲν
756 1083 860 1114 τούτοις

63 1129 114 1165 τὴν
134 1130 314 1165 Ἰερουσαλὴμ
327 1130 340 1155 ὁ
359 1129 425 1161 Θεὸς
441 1129 495 1157 τῶν
511 1129 591 1158 ὅλων.
605 1129 677 1156 οὓτω
686 1128 774 1163 λέγων
787 1137 793 1144 ’
809 1137 818 1154 t
828 1128 860 1155 Τί

64 1178 82 1212 ἡ
101 1176 271 1212 ἠγαπημένη
293 1177 321 1202 ἐν
346 1175 383 1210 τῷ
403 1175 469 1211 οἴκῳ
496 1184 547 1211 μου
573 1176 684 1211 ἐποίησε
702 1174 859 1210 βδέλυγμα;

65 1222 113 1257 Μὴ
134 1222 215 1256 εὐχαὶ
238 1222 284 1248 καὶ
308 1222 376 1256 κρέα
391 1221 476 1255 ἁγίων
500 1221 644 1256 ἁφελοῠσιν
667 1221 722 1248 ἀπὸ
746 1220 792 1247 σοῦ
811 1221 861 1253 τὰς

65 1267 168 1300 κακίας
184 1275 242 1298 σου,
265 1267 280 1302 ἦ
296 1267 402 1299 τούτοις
429 1267 582 1303 διαφεύξῃς
599 1277 607 1294 ι
629 1267 698 1294 Ποτὲ
712 1268 741 1295 δὲ
763 1267 857 1299 πάλιν,

64 1314 106 1341 ὅτι
127 1324 136 1341 ι
153 1314 233 1340 Κατὰ
245 1314 362 1349 ἀριθμὸν
376 1313 480 1341 πόλεών
491 1322 538 1340 σου
547 1311 616 1349 ἦσαν
627 1313 683 1340 θεοί
695 1322 755 1347 σου,
765 1313 859 1348 Ἰούδα,

65 1360 113 1386 καὶ
137 1359 209 1386 κατὰ
231 1359 347 1395 ἀριθμὸν
374 1359 468 1386 διόδων
489 1360 538 1395 τῆς
557 1359 733 1395 Ἰερουσαλὴμ
748 1359 861 1393 ἐτάξατε

65 1406 179 1440 βωμοὺς
192 1405 294 1440 θυμιᾷ-ν
317 1405 359 1440 τῷ
375 1405 459 1434 Βαάλ.
478 1406 537 1433 Ἵνα
551 1406 577 1433 τί
598 1406 704 1433 λαλεῖτε
719 1406 787 1441 πρὸς
806 1406 860 1442 us;

63 1452 141 1477 Παντ
150 1459 172 1482 ,ς
184 1451 263 1485 ὑμεῖς
271 1451 439 1485 ὴνομήσατε,
450 1451 497 1477 καὶ
509 1451 609 1482 πάντες
620 1451 699 1486 ὑμεῖς
709 1451 862 1486 ήσεσὴσατε

63 1496 134 1530 πρὸς
151 1495 214 1529 ἐμὲ,
231 1495 304 1529 λέγει
318 1496 431 1531 Κύριος.
450 1505 460 1522 ι
484 1495 617 1533 Ἰερεμίου
630 1505 663 1531 γε
678 1497 731 1532 μὴν
745 1497 862 1532 προσπί-

64 1549 184 1573 πτοντος
210 1541 257 1568 καὶ
279 1541 356 1573 λιτὰς
381 1541 567 1574 ἀνατείνοντος
587 1542 636 1573 τὰς
660 1542 730 1577 ὺπέρ
754 1551 786 1577 γε
814 1542 861 1570 τοῦ

70 1586 195 1622 Ἰσραήλ,
215 1587 268 1622 ἔφη
282 1587 348 1619 Θεός
361 1595 368 1603 ·
383 1597 392 1613 ι
415 1586 467 1613 Καὶ
480 1588 512 1614 σὺ
526 1588 563 1622 μὴ
578 1587 729 1623 προσεύχου
739 1587 803 1622 περὶ
814 1586 861 1614 τοῦ

64 1633 133 1660 λαοῦ
153 1633 262 1665 τούτου,
286 1634 332 1660 καὶ
356 1634 393 1668 μὴ
417 1633 491 1666 ἀξίου
515 1633 563 1660 τοῦ
587 1632 729 1668 ἐλεηθῆναι
751 1633 860 1666 αὐτοὺς,

64 1679 117 1705 καὶ
141 1679 181 1714 μὴ
196 1679 348 1714 προσέλθῃς
364 1687 409 1714 μοι
427 1679 491 1714 περὶ
510 1679 599 1705 αὐτῶν
613 1679 641 1704 ἐν
656 1679 746 1715 δεήσει
767 1688 797 1705 τε
816 1678 863 1705 καὶ

65 1727 224 1761 προσευχῇ,
247 1726 287 1752 ὃτι
300 1727 350 1752 οὐκ
365 1725 571 1760 είσακούσομαι.
593 1726 649 1760 Οὐχ
671 1725 735 1760 ὁρᾷς
750 1725 776 1751 τί
790 1721 863 1751 οὗτοι

67 1771 197 1798 ποιοῦσιν
216 1772 246 1797 ὲν
269 1773 329 1803 ταῖς
351 1771 460 1798 πόλεσιν
484 1771 578 1804 Ἰούδα,
601 1771 650 1798 καὶ
670 1773 699 1797 ἐν
715 1772 774 1803 ταῖς
794 1770 864 1802 ὁδοῖς

73 1817 278 1853 ’1ερουσαλήμ;
296 1818 327 1844 υἱ
342 1817 396 1844 υἱοὶ
409 1817 500 1844 αὐτῶν
516 1817 676 1851 συλλέγουσι
689 1816 766 1849 ξύλα,
783 1816 864 1843 καὶοί

67 1863 194 1899 πατέρες
214 1863 303 1889 αὐτῶν
317 1863 426 1890 καίουσι
444 1863 510 1898 πῦρ,
523 1864 571 1890 καὶ
588 1863 616 1890 al
633 1865 760 1896 γυναῖκες
775 1862 864 1889 αὐτῶν

65 1909 197 1945 τρίϐουσι
219 1910 293 1941 σταῖς
308 1909 354 1936 τοῦ
367 1909 480 1944 ποιῆσαι
497 1909 628 1945 χαμῶνας
641 1910 673 1944 τῇ
689 1909 803 1944 στρατιᾷ
815 1907 863 1934 τοῦ

66 1955 189 1991 οὐρανοῦ
204 1964 211 1970 ·
228 1957 275 1982 καὶ
285 1955 416 1982 ἔσπεισαν
430 1955 547 1987 σπονδὰς
562 1954 633 1986 θεοῖς
645 1954 804 1989 ἀλλοτρίοις,
821 1954 864 1980 ἵνα

67 2001 264 2036 παροργίσωσί
280 2009 323 2036 με.
340 2009 349 2026 ι
373 2001 417 2033 Ὠς
431 2000 485 2036 γὰρ
499 2001 568 2035 ἔφην
578 2000 694 2034 φθάσας,
712 2001 726 2027 ὁ
744 1999 863 2031 Ἐζεκίου

68 2048 137 2077 παῖς
154 2045 304 2079 Μανασσῆς
314 2046 478 2081 λελάτρευκε
492 2046 541 2081 μὲν
552 2047 585 2081 τῇ
599 2046 715 2081 στρατιᾷ
726 2045 774 2071 τοῦ
784 2045 862 2080 οὐρα-

68 2091 129 2123 νοῦ,
153 2091 235 2124 λόγου
258 2091 286 2117 δὲ
311 2091 412 2123 παντὸς
431 2090 523 2123 ἀξιοῦν
539 2090 619 2126 ἡθελε
639 2090 740 2125 γόητας
764 2099 794 2116 τε
816 2089 865 2117 καὶ

67 2137 281 2172 ψευδομάντεις,
306 2137 426 2172 ἐπῳδοὺς
448 2137 495 2163 καὶ
524 2137 735 2168 οίωνοσκόπους,
767 2135 865 2163 τέθυχέ

67 2191 100 2210 τε
113 2184 171 2214 τοῖς
184 2182 303 2215 εἰδώλοις
321 2183 368 2210 καί
383 2191 444 2210 τινα
458 2182 512 2209 τῶν
522 2182 604 2209 αὑτοῦ
628 2182 742 2209 τέκνων.
760 2181 865 2209 Οὐκοῦν

68 2229 111 2261 είς
130 2229 212 2255 τοῦτο
235 2229 402 2264 φαυλότητος
429 2229 475 2255 καὶ
499 2229 657 2261 δυσσεϐείας
690 2228 864 2263 ὼλισθηκότα

904 321 996 343 (οων-α
1010 315 1138 342 stabiliti:
1153 315 1279 341 Dontinus
1296 313 1411 340 Sabaoth
1426 319 1517 339 nomen
1531 310 1599 346 ejus.
1616 308 1697 337 Prio-

906 369 935 388 ra
953 361 1011 395 jam
1027 360 1195 393 annuntiam‘,
1215 365 1237 387 et
1252 367 1285 386 ex
1303 367 1348 386 ore
1369 366 1426 385 meo
1443 365 1546 392 egressa
1572 361 1644 388 nou,
1666 358 1692 382 οι

905 407 1025 433 auditum
1038 411 1088 434 est.
1103 405 1195 433 Subito
1209 405 1271 440 feci,
1285 410 1310 432 et
1326 407 1462 432 uenerunt.

939 536 1071 563 Absoluto
1091 543 1217 563 sermone
1231 534 1264 562 de
1298 532 1465 568 Babyloniis,
1502 530 1697 559 admonitionis

906 582 959 613 vim
974 582 1071 608 iterum
1083 581 1218 608 convertit
1233 579 1266 607 ad
1284 579 1433 607 Israelitico
1446 578 1579 613 sanguine
1602 577 1697 604 oriun-

906 628 967 660 dos,
987 635 1056 662 quos
1069 627 1182 654 omnino
1197 626 1351 653 declinasse
1375 624 1451 656 vidit,
1474 627 1500 651 et
1525 623 1589 650 lotis
1622 622 1697 649 velut

908 674 1021 701 habenis
1038 673 1144 701 delatos
1161 673 1188 698 in
1215 673 1391 706 apostasiam.
1412 670 1476 697 Post
1492 671 1606 696 mortem
1623 667 1697 695 enim

907 719 1042 750 Ezechiae,
1062 718 1108 753 qui
1124 718 1197 753 regni
1214 717 1310 744 solium
1332 715 1544 745 administravit,
1572 721 1605 741 ex
1638 714 1698 748 ipso

907 765 1014 799 genitus
1032 764 1169 791 Manasses
1193 763 1234 789 vir
1266 762 1382 789 maxime
1397 761 1496 795 impius
1522 759 1584 793 fuit,
1608 764 1636 786 et
1662 759 1698 786 ab

907 811 1047 839 erroribus
1062 810 1215 837 daemonum
1232 809 1257 836 in
1276 813 1360 835 totmn
1375 807 1522 841 abreptus:
1551 806 1585 833 ad
1618 813 1695 833 eam-

907 864 960 892 que
990 857 1201 892 improbitatem,
1237 853 1384 889 nequitiam
1417 852 1554 887 impiaque
1577 851 1699 878 facinora

910 903 1051 939 processit,
1067 903 1165 930 utaris
1179 906 1206 929 et
1217 901 1381 937 imaginibus
1408 903 1533 927 sanctam
1559 898 1701 926 civitatem

911 949 1074 985 impleverit,
1093 953 1121 976 et
1137 948 1163 975 iu
1186 948 1243 982 ipso
1263 947 1357 974 divino
1387 945 1488 980 templo
1519 943 1700 972 abominatio-

912 1004 984 1028 nem,
1000 995 1027 1023 id
1043 999 1093 1027 est,
1111 994 1173 1021 loco
1186 993 1233 1021 Dei
1243 993 1342 1020 iactam
1356 991 1499 1026 imaginem
1511 989 1698 1018 collocaverit.

910 1042 1056 1077 Propterea
1077 1040 1216 1068 accusavit
1242 1039 1432 1066 universorum
1451 1037 1522 1069 Deus
1537 1036 1699 1068 Jerusalem,

912 1089 947 1116 ita
966 1089 1090 1123 inquiens
1106 1095 1113 1114 :
1134 1095 1144 1112 ι
1161 1085 1230 1119 Quid
1249 1084 1394 1118 dilectajn
1406 1084 1488 1111 domo
1503 1090 1563 1110 mea
1586 1081 1700 1109 commi-

911 1134 946 1162 sit
962 1133 1214 1161 abominationeml
1237 1129 1363 1166 Nunquid
1382 1129 1522 1157 orationes
1548 1132 1576 1155 et
1604 1133 1702 1154 carnes
1740 1152 1741 1155 η

911 1186 1067 1209 Sanctorum
1085 1179 1208 1207 auferent
1225 1186 1240 1205 a
1257 1182 1283 1205 te
1299 1177 1459 1212 iniquitates
1482 1174 1561 1202 tuas?
1590 1178 1638 1200 aut
1658 1173 1701 1200 his

912 1227 999 1261 fugies
1014 1225 1070 1253 “'l
1088 1235 1098 1252 ι
1118 1225 1223 1253 Rursus
1234 1224 1316 1252 alibi:
1335 1232 1345 1249 ι
1361 1223 1413 1250 Pro
1436 1229 1549 1250 numero
1563 1220 1701 1249 civitatum

913 1278 1019 1301 tuarum
1032 1276 1111 1300 erant
1130 1271 1167 1298 dii
1186 1272 1236 1304 tui,
1253 1269 1332 1302 Iuda,
1350 1273 1377 1297 et
1390 1276 1440 1304 pro
1457 1276 1571 1296 numero
1596 1267 1701 1294 viarum

910 1318 1061 1347 Jerusalem
1079 1317 1197 1345 statuisti
1224 1323 1298 1349 aras,
1313 1320 1342 1343 et
1362 1314 1508 1343 immolasti
1535 1313 1609 1340 Baal.
1631 1311 1701 1346 Quid

912 1364 1053 1399 loquimini
1067 1363 1100 1390 ad
1113 1370 1157 1390 me
1168 1362 1179 1389 τ
1192 1362 1293 1390 Omnes
1309 1368 1358 1388 vos
1370 1361 1463 1395 inique
1482 1359 1590 1394 egistis,
1604 1362 1631 1386 et
1641 1365 1701 1385 om-

912 1416 960 1436 nes
982 1415 1030 1435 vos
1047 1407 1130 1442 impie
1142 1407 1316 1441 praevaricati
1330 1405 1397 1433 estis
1411 1406 1437 1432 in
1456 1412 1510 1437 me,
1525 1404 1593 1435 dicit
1608 1403 1702 1430 Domi-

913 1461 963 1481 nus
977 1453 1029 1479 ⁵⁵.ι
1054 1452 1087 1480 Ει
1105 1460 1168 1480 cum
1180 1451 1312 1478 .Ieremias
1324 1450 1525 1485 procumberet,
1553 1453 1580 1476 et
1607 1455 1702 1483 preces

913 1499 1039 1526 funderet
1057 1505 1104 1533 pro
1115 1497 1224 1530 lsraele,
1242 1497 1312 1524 Deus
1328 1496 1417 1524 dixit:
1437 1505 1447 1521 ι
1470 1494 1504 1522 Ει
1519 1499 1546 1522 ιιι
1565 1493 1618 1521 noli
1639 1501 1702 1520 ora-

914 1553 944 1573 re
963 1552 1012 1579 pro
1026 1543 1124 1579 p0pulo
1134 1543 1196 1576 hoc,
1208 1548 1236 1570 et
1251 1550 1285 1569 ne
1309 1549 1373 1576 roga
1399 1546 1428 1568 ut
1445 1541 1576 1568 miserear
1591 1547 1701 1570 eorum,

875 1604 896 1632 α
913 1596 941 1619 et
956 1598 989 1618 ne
1003 1591 1116 1618 accedas
1131 1589 1164 1617 ad
1180 1596 1224 1616 me
1236 1595 1284 1623 pro
1307 1588 1360 1616 illis
1394 1587 1422 1615 in
1453 1586 1641 1614 obsecratione
1675 1589 1704 1612 et

913 1635 1151 1672 precatione,quia
1169 1642 1223 1662 non
1240 1635 1395 1663 exaudiam.
1426 1634 1522 1661 Annon
1536 1633 1612 1660 vides
1640 1631 1703 1666 quid

914 1684 941 1711 hi
959 1683 1059 1710 faciant
1072 1685 1098 1709 in
1115 1682 1269 1709 civitatibus
1283 1680 1351 1708 Iuda
1371 1685 1398 1707 et
1416 1680 1442 1707 in
1461 1680 1513 1707 viis
1531 1677 1705 1707 Jerusalem?

914 1729 973 1756 Filii
989 1736 1083 1756 eorum
1101 1728 1231 1763 colligunt
1248 1727 1332 1762 ligna,
1347 1731 1376 1754 et
1388 1731 1480 1762 patres
1494 1733 1589 1753 σοι-εισι
1605 1732 1705 1752 accen-

913 1775 980 1804 dunt
994 1775 1095 1809 ignem,
1111 1778 1139 1800 et
1159 1773 1288 1801 mulieres
1306 1780 1401 1800 eorum
1430 1772 1559 1806 subigunt
1587 1771 1704 1798 farinam

915 1827 983 1856 aqua
996 1825 1181 1854 conspersam,
1196 1822 1225 1845 ut
1243 1817 1345 1845 faciant
1364 1817 1504 1853 placentas
1519 1816 1620 1843 militiae
1629 1815 1703 1843 caeli.

915 1866 950 1893 Et
972 1865 1124 1893 libsverunt
1138 1864 1191 1891 liba
1217 1864 1268 1891 diis
1286 1863 1393 1895 alienis,
1410 1868 1438 1889 ut
1449 1864 1483 1890 ad
1499 1863 1566 1889 iram
1583 1869 1626 1889 me
1641 1869 1705 1888 con-

915 1912 1032 1940 citarent
1045 1912 1078 1939 ".
1097 1921 1106 1938 ι
1129 1911 1209 1943 Nam,
1231 1915 1262 1938 ut
1278 1917 1359 1945 supra
1379 1910 1450 1941 dixi,
1480 1909 1620 1936 Manasses
1633 1908 1705 1934 illitis

916 1957 1039 1985 Ezechite
1078 1957 1162 1985 coluit
1188 1956 1312 1984 militiam
1339 1956 1412 1987 cmli.
1444 1954 1572 1989 omnique
1602 1953 1707 1981 honore

915 2004 1021 2037 dignari
1036 2003 1121 2031 voluit
1146 2003 1365 2038 praestigiatores.
1382 2001 1463 2029 falsos
1481 2005 1566 2032 vates,
1584 2000 1706 2027 incanta-

917 2053 991 2076 ιρι-εδ
1007 2053 1034 2076 et
1052 2055 1178 2084 augures,
1196 2056 1228 2076 ac
1247 2048 1413 2075 sacriﬁcavit
1435 2047 1518 2083 διε
1529 2046 1608 2073 idolis
1623 2047 1706 2073 etiam

916 2095 1059 2129 quemdam
1086 2102 1102 2121 e
1123 2095 1180 2121 suis
1195 2094 1269 2122 liliis.
1281 2093 1375 2128 Itaque
1388 2093 1495 2121 demum
1512 2092 1547 2119 ad
1562 2093 1632 2119 hanc
1656 2092 1706 2119 im-

916 2141 1044 2175 pietatem
1069 2139 1223 2175 prolapsum
1242 2139 1368 2167 lsraelem
1402 2139 1508 2166 crebris
1533 2138 1643 2165 monitis
1670 2137 1702 2165 ad

916 2186 1042 2214 veritatis
1082 2186 1169 2213 lucem
1208 2186 1319 2213 volebat
1355 2186 1487 2212 reducere
1517 2185 1704 2212 universorum

917 2233 998 2260 Deus.
1026 2231 1095 2259 Hinc
1108 2231 1257 2266 saepissime
1274 2231 1325 2258 illis
1338 2231 1535 2258 consolationis
1551 2238 1704 2258 sermonem

67 2275 118 2302 τὸν
138 2275 248 2310 Ἰσραὴλ
262 2277 373 2310 συχναῖς
391 2275 546 2307 νουθεσίαις
561 2275 602 2306 εἰς
621 2275 651 2301 τὺ
669 2274 719 2309 τῆς
735 2275 865 2309 ἀληθείας

939 2279 1071 2314 npertiit:
1090 2283 1119 2305 ut
1135 2278 1341 2313 npertomentis
1373 2277 1494 2312 ipsorum
1519 2277 1608 2309 oculo,
1632 2281 1660 2304 et
1690 2285 1705 2303 ιι

69 2322 129 2357 φῶς
142 2320 320 2356 ἀνακομίζειν
332 2322 426 2357 ἢθελεν
440 2323 453 2348 ὁ
467 2321 522 2348 τῶν
536 2321 605 2348 ὅλων
627 2321 704 2353 Θεός.
716 2321 809 2357 Ταύτῃ
825 2330 866 2348 τοι

939 2325 1081 2352 emoniacn
1110 2325 1226 2359 caligine
1256 2324 1381 2356 liberato,
1424 2330 1485 2351 sero
1512 2323 1575 2350 licet
1605 2327 1632 2350 et
1660 2323 1706 2350 vis

69 2369 119 2394 καὶ
135 2368 209 2403 μάλα
227 2368 323 2403 συχνὸν
336 2368 382 2395 τὸν
396 2369 446 2403 τῆς
458 2367 658 2403 παρακλήσεως
672 2368 763 2400 αὐτοῖς
774 2367 868 2403 ἐχαρί-

939 2371 1037 2406 tpicere
1054 2375 1109 2398 tum
1124 2375 1226 2406 queant
1239 2371 1301 2405 quis
1314 2370 1360 2397 ille
1373 2370 1409 2397 sit
1424 2371 1610 2396 universorum
1623 2369 1706 2396 Crea-

69 2412 138 2445 ζετο
145 2414 235 2448 λόγον,
247 2414 290 2440 ἴνα
301 2414 347 2441 τὸν
359 2416 409 2449 τῆς
419 2415 524 2441 ἑαυτῶν
538 2414 657 2447 διανοίας
673 2414 867 2451 ἀνευρύνοντις

939 2425 958 2444 ιι*
973 2421 1001 2444 et
1025 2416 1166 2445 Dominus.
1196 2417 1264 2444 Hinc
1277 2417 1331 2444 ait:
1351 2417 1448 2444 Audite
1469 2416 1534 2448 haec,
1548 2415 1645 2443 domus
1658 2415 1705 2442 Ja-

38 2460 44 2464 “
68 2460 222 2496 ὀφθαλμὸν,
239 2460 286 2487 καὶ
299 2460 493 2496 δαιμονιώδους
509 2461 591 2488 αὐτὸν
608 2460 708 2496 ἀχλύος
726 2460 864 2488 ἀπαλλάτ-

68 2514 175 2538 τοντες,
192 2505 245 2532 κᾶν
267 2505 332 2540 γοῦν
346 2506 395 2541 ὀψέ
415 2515 444 2533 τε
461 2506 508 2533 καὶ
533 2507 609 2542 μόλις
634 2507 698 2534 ίδεῖν
723 2507 864 2542 ἰσχύσωσι,

69 2552 113 2583 τίς
128 2553 203 2578 ἐστιν
222 2552 236 2578 ὁ
265 2552 318 2578 τῶν
335 2552 403 2578 ὅλων
421 2553 613 2588 Γενεσιουργδς
653 2553 700 2580 καὶ
715 2553 863 2589 Δεσπότης.

69 2596 168 2632 Ταύτῃ
177 2597 219 2623 τοί
236 2605 328 2632 φησιν·
346 2597 492 2624 Ἀκούσατε
507 2598 601 2631 ταῦτα,
613 2600 627 2626 ὸ
639 2597 712 2630 οἷκος
720 2599 828 2631 Ίακὼὸ,
840 2599 866 2626 oi

70 2643 239 2678 κεκλημένοι
266 2643 307 2679 τῷ
329 2644 442 2680 ὀνόματι
463 2645 584 2680 Ἰσραὴλ,
607 2645 655 2673 καὶ
677 2646 702 2672 οἱ
722 2645 752 2678 ἐξ
781 2645 867 2673 Ἰούδα

71 2689 240 2721 ἐξελθόντες.
261 2690 503 2724 οίκονομικώτατα
524 2691 583 2717 λίαν
598 2692 647 2726 τῆς
662 2691 716 2718 τῶν
739 2691 867 2728 πατέρων

71 2733 223 2768 εὐγενείας,
233 2735 284 2770 τῆς
293 2733 330 2766 ὡς
338 2735 366 2761 ὲν
378 2735 450 2770 ἢθει,
465 2735 546 2770 φημὶ,
564 2736 612 2763 καὶ
624 2737 735 2772 τρόποις
748 2740 867 2765 ποιεῖται

75 2782 187 2816 μνήμην
214 2781 282 2816 πρὸς
307 2781 442 2817 ἐντροπὴν
466 2783 521 2810 τῶν
540 2783 750 2812 ἐκκεκλικότων.
776 2782 868 2812 Ἵισαν

73 2824 220 2862 γὰρ,ἧσαν
237 2827 266 2859 ἐξ
283 2827 374 2854 αὐτῶν
388 2828 439 2862 μὲν
452 2829 520 2855 κατὰ
531 2828 579 2863 τὴν
597 2829 697 2864 σάρκα,
713 2830 781 2866 πλὴν
791 2830 868 2857 ἀλλό-

110 2915 144 2930 ¹“”
162 2915 217 2943 .lcr.
233 2922 271 2948 χι,
291 2915 338 2942 15.
378 2916 401 2932 ⁵³
417 2917 451 2944 ibi
465 2917 480 2944 '.
500 2917 542 2944 15.
580 2919 601 2933 ⁵⁵
619 2917 676 2945 Jcr.
694 2926 741 2952 vu,
759 2919 791 2946 16
808 2927 884 2955 seqq.

912 2463 976 2496 cob,
994 2464 1083 2491 vocati
1100 2464 1208 2491 nomine
1229 2463 1323 2495 Israel,
1353 2467 1381 2490 et
1408 2470 1441 2490 ex
1463 2461 1531 2490 «Iuda
1564 2467 1705 2490 eseuntes.

916 2510 1128 2545 Appositissime
1147 2510 1309 2537 mentionem
1328 2510 1392 2537 facit
1415 2513 1520 2544 patroni
1547 2507 1706 2539 nobilitatis,

918 2555 945 2582 in
962 2556 1094 2589 moribus,
1117 2556 1238 2590 inquam,
1256 2564 1287 2583 ac
1308 2557 1368 2582 vitae
1381 2555 1588 2587 consuetudine,
1613 2555 1646 2582 ad
1659 2561 1707 2590 pu-

918 2601 1010 2630 dorem
1031 2609 1125 2629 eorum
1139 2602 1186 2637 qui
1201 2602 1269 2637 lapsi
1305 2608 1378 2630 sunt.
1401 2602 1484 2629 Erant
1509 2602 1593 2634 enim,
1617 2607 1707 2633 erant,

916 2652 1047 2683 quantum
1063 2648 1098 2675 ad
1123 2655 1232 2675 carnem
1250 2649 1356 2681 attinet,
1373 2655 1406 2675 ex
1424 2648 1496 2677 illis:
1521 2656 1615 2676 verum
1627 2649 1707 2676 alieni

917 2697 944 2721 et
952 2693 1031 2729 longe
1045 2694 1079 2720 ab
1092 2700 1185 2721 eorum
1199 2694 1332 2728 probitate
1348 2695 1472 2727 aberant,
1500 2695 1562 2722 aliis
1575 2695 1706 2726 moribus,

918 2741 970 2767 alia
991 2745 1080 2768 mente
1097 2740 1212 2775 pra-diti,
1231 2746 1259 2768 ct
1276 2741 1377 2768 nudum
1410 2746 1514 2769 tantum
1538 2750 1632 2769 eorum
1656 2750 1707 2769 no-

920 2794 979 2814 men
996 2787 1142 2819 habebant,
1163 2786 1210 2814 sed
1226 2792 1316 2815 mente
1333 2787 1500 2815 dissidebant
1536 2788 1571 2816 ab
1605 2788 1647 2815 his
1674 2787 1708 2814 de

921 2841 1034 2867 quorum
1053 2833 1191 2862 nobilitate
1207 2834 1366 2869 gloriantur.
1397 2833 1502 2862 Vanum
1532 2838 1622 2862 autem
1652 2835 1706 2862 hoc
