1883 3055
188 175 258 209 ιυιε

677 178 705 206 S.
725 177 860 206 CYRlLLl
880 177 1112 206 ALEXANDRINI
1133 176 1291 206 ARCHIEP.

1735 171 1806 201 1016

189 244 249 262 esse
285 235 411 263 a’bxilium
438 236 537 265 diserte
567 237 683 264 ostendit
719 237 846 264 Dmninns
876 242 932 263 unsl

1061 244 1095 267 οι,
1110 235 1156 262 καὶ
1173 235 1282 270 μακρὰν
1296 233 1346 269 τῆς
1364 234 1477 259 ἐκείνων
1494 231 1640 264 ἐπιεικίας,
1660 229 1803 267 ἑτερότρο-

189 281 267 308 Jusns
296 281 428 308 Christus.
451 281 517 308 Natu
533 282 616 310 Judaei
640 282 675 310 de
690 282 831 318 splendore
862 288 966 316 patrum

188 334 247 354 sese
260 326 412 358 eﬂerenles,
434 331 461 354 et
477 327 582 354 illorum
598 327 712 356 virtutes
740 328 885 363 iactantes,
915 329 965 354 im-

180 373 334 406 prudenter
355 373 497 399 dixerunt:
529 382 538 398 ι
563 372 615 400 Nos
626 378 728 407 patrem
741 374 871 401 habemus
881 373 966 400 Abra-

189 417 261 444 ham.
274 425 282 442 l
302 416 347 443 Ille
360 425 424 443 vero
434 417 468 444 iis
483 425 490 442 τ
508 426 517 443 ‹
532 417 559 444 Si
571 418 760 445 ﬂliiAbrabam
773 419 876 450 essetis,
887 424 967 452 opera

187 461 333 488 Abrallami
347 460 479 488 fecissetis
492 461 538 488 “‘.
561 471 571 487 ι
605 461 662 489 Non
676 462 742 490 satis
766 466 806 490 esl
831 462 912 497 igitur
935 462 967 489 ad

188 507 336 534 nobilitatis
361 507 485 534 virlnlem
507 515 602 534 nomen
622 508 664 534 his
687 509 732 542 qui
763 516 795 536 cx
819 508 968 535 illustribus

188 555 251 577 sunt
264 552 395 585 patrihus,
414 552 465 578 nisi
491 552 571 579 etiam
604 551 736 579 claritatis
771 558 832 585 qua:
862 551 889 578 in
916 550 970 577 illis

188 596 247 630 luit,
266 596 318 623 sint
335 597 492 624 imitatores.
512 596 618 624 Pudore
633 604 699 632 ergo
719 595 800 624 allicit
821 604 877 627 eos.
907 603 968 624 cum

187 641 252 670 dicit
263 650 309 670 eos
321 647 430 670 vocatos
443 650 504 670 esse
522 643 628 669 nomine
640 642 756 674 lsraelis,
779 646 806 669 et
833 642 931 670 exiisse
953 649 969 670 e

187 687 267 719 .luda,
283 687 309 714 id
330 692 381 719 est.
403 687 506 715 semine
517 687 584 714 Juda
598 691 673 715 ortos
689 694 760 718 esse,
780 687 851 713 nulla
876 692 965 715 tamen

187 733 214 758 in
229 740 260 759 re
281 732 333 759 illis
348 740 461 767 prorsus
482 732 584 760 similes
623 732 715 760 fuisse.
744 732 857 760 Crimini
886 732 968 759 etiam

188 777 241 804 illis
264 777 310 804 dat
325 777 430 812 quodin
453 777 562 804 nomine
581 777 686 805 Domini
699 777 743 805 Dei
760 777 865 804 lsraelis
895 777 970 812 iuru-

188 824 287 857 verint,
320 830 346 851 et
380 823 445 859 legis
476 824 583 858 quidem
616 829 778 858 praeceptum
808 823 969 858 perfecerint

188 868 270 903 (nam
294 868 403 903 inquit:
427 877 437 894 ‹
459 867 573 895 Nomine
594 867 652 901 eius
668 867 785 902 iurabis,
817 867 967 902 percipiens

1018 282 1064 308 ποί
1087 290 1116 308 τε
1139 281 1185 308 καὶ
1207 279 1431 316 ἑτερο-γνώμονες,
1459 278 1505 305 καὶ
1525 276 1605 313 ψιλὴν
1629 277 1738 312 ἔχοντες
1757 275 1806 312 τὴν

1017 325 1064 353 ἀπ’
1077 326 1187 353 ἐκείναιν
1204 326 1310 360 κλῆσιν,
1322 324 1475 360 ἀσύμϐατοι
1495 324 1522 349 δὲ
1536 323 1586 358 τὴν
1605 322 1719 357 γνώμην
1731 321 1805 348 ἐχεί-

1017 381 1072 403 νοις
1085 371 1159 402 ὄντες
1169 366 1206 397 ὧν
1222 369 1334 405 αὑχοῦσι
1348 369 1399 404 τὴν
1412 368 1561 402 εὐγένειαν.
1580 366 1642 394 Ὅτι
1657 367 1686 393 δὲ
1703 367 1806 392 εἰκαῖον

1017 417 1095 443 τοῦτο
1110 415 1177 452 πρὸς
1196 413 1289 450 ὄνησιν
1303 415 1406 446 αὐτοῖς,
1426 413 1551 445 διέδειξεν
1568 412 1693 448 ἐναργῶς
1712 413 1726 438 ὁ
1747 410 1805 438 Κύ-

1019 468 1074 498 ριος
1092 460 1171 496 ἡμῶν
1191 460 1293 495 Ἰησοῦς
1316 457 1442 495 Χριστός.
1470 458 1590 485 Ἰουδαῖοι
1617 458 1665 493 μιν
1685 458 1742 492 γὰρ
1760 457 1806 482 ἐπὶ

1008 507 1050 543 Χτῇ
1065 507 1118 534 τῶν
1133 506 1258 542 πατέρων
1271 505 1442 541 λαμπρότητι
1462 504 1623 540 φρονοῦντες
1636 504 1719 539 μέγα,
1736 500 1804 529 καῦ-

1018 553 1095 588 χημά
1119 559 1148 578 τε
1171 551 1326 587 ποιούμενοι
1344 550 1392 581 τὰς
1415 550 1527 576 ἐκείνων
1545 549 1656 585 ἀρετὰς,
1668 548 1806 579 ἀσυνέτως

1019 598 1135 632 ἔφασκον
1146 605 1153 612 ·
1173 607 1180 623 ι
1196 596 1291 632 Ἡμεῖς
1310 596 1414 631 πατέρα
1431 596 1527 630 ἔχομεν
1543 592 1590 621 τὸν
1612 593 1766 629 Ἁϐραάμ.)
1777 592 1806 619 ’0

1017 643 1047 670 δὲ
1074 643 1140 678 πρὸς
1159 643 1272 674 αὐτούς·
1288 642 1340 668 «ΕΞ
1366 642 1447 668 τέκνα
1471 638 1519 667 τοῦ
1542 639 1667 676 Ἀϐραὰμ
1689 638 1749 675 ἦτε.
1773 639 1806 666 τὰ

1018 688 1087 725 ἔργα
1101 688 1148 715 τοῦ
1165 688 1291 724 Ἀϐραὰμ
1304 688 1419 714 ἐποιεῖτε
1434 687 1475 714 ἄν.
1492 696 1501 712 ν
1519 684 1622 713 Οὐκοῦν
1634 684 1683 712 οὐκ
1697 684 1805 720 ἀπόχρη

1019 733 1135 769 τοῦνομα
1148 734 1215 770 πρὸς
1229 733 1352 765 εὐκλείας
1363 733 1476 768 δύναμιν
1491 733 1546 763 τοῖς
1561 733 1593 757 ἐκ
1607 731 1734 766 πατέρων
1747 729 1805 757 οὖσι

1019 779 1162 815 λαμπρῶν,
1188 780 1212 805 εί
1239 779 1274 814 μὴ
1293 779 1343 814 τῆς
1366 778 1480 812 ἐνούσης
1511 778 1602 808 αὐτοῖς
1627 777 1806 812 φαιδρότητος

1019 825 1137 858 γένοιντο
1156 825 1283 860 μιμηταί.
1311 823 1451 859 Ἐντρέπει
1471 823 1561 849 τοίνυν
1579 823 1689 855 αὐτοὺς,
1709 822 1806 857 κεκλῆ-

1021 869 1082 897 σθαι
1099 870 1149 905 μὲν
1165 870 1252 904 λέγων
1265 870 1302 905 τῷ
1315 869 1427 904 ὀνόματι
1453 868 1570 905 Ἰσραὴλ,
1588 868 1705 900 ἐξελθεῖν
1717 868 1746 894 δὲ
1760 867 1806 894 καὶ

187 913 291 940 fructus
308 914 525 946 juramentorum
542 913 564 929 "
580 922 590 939 ›
606 913 627 948 ),
645 913 692 941 sed
713 920 765 940 non
781 913 806 939 in
824 913 894 939 veris
920 921 930 939 ι

1079 915 1173 949 Ἰούδα,
1201 914 1274 941 τοῦτ’
1298 915 1366 947 ἔστι,
1392 915 1440 942 καὶ
1459 915 1491 941 ὲκ
1515 914 1565 949 τῆς
1595 913 1679 940 Ἰούδα
1702 914 1805 948 σπορξς

185 959 265 994 iustis
277 959 364 990 rebus,
386 959 432 986 sed
447 957 533 992 falsis,
548 966 581 986 ex
598 958 665 993 legis
684 958 844 993 praescripto
859 967 868 991 ;
893 958 970 985 dein-

187 1004 220 1031 de
234 1003 314 1032 etiam
331 1003 402 1038 quod
437 1002 601 1030 adbaeserint
633 1007 732 1029 sanctae
757 1001 870 1033 civitati.
896 1006 923 1028 et
943 1001 969 1027 in

187 1050 244 1077 Deo
256 1049 362 1077 lsraelis
373 1048 485 1076 stabiliti
503 1048 616 1075 fuerint.
631 1047 763 1075 Volebaut
778 1047 849 1074 enim
877 1047 902 1074 in
928 1046 969 1073 el-

188 1101 244 1123 tum
255 1095 360 1130 erigere
371 1094 555 1130 supercilium,
570 1093 641 1129 quod
661 1098 783 1120 salictam
799 1097 825 1119 et
843 1093 888 1120 Dei
915 1100 965 1119 nu-

188 1142 318 1170 minatam
333 1140 468 1168 civitatem
484 1139 706 1166 inltabitaverint.
723 1137 968 1165 Amliverunteniin

188 1189 213 1215 in
225 1188 315 1215 divino
333 1187 431 1222 templo
442 1187 587 1222 psallentes
602 1193 739 1212 sacrorum
772 1185 910 1211 ministros
937 1184 970 1211 de

186 1232 333 1260 Jerusalem
348 1242 356 1260 :
367 1232 503 1260 «Gloriosa
515 1232 584 1259 dicta
594 1235 654 1259 sunt
662 1232 695 1258 de
705 1237 738 1261 te.
746 1231 840 1258 civitas
849 1230 895 1257 Da-i
905 1230 965 1257 ⁵⁷⁸.»

148 1304 155 1309 ,
189 1278 274 1313 Hujus
287 1278 369 1305 etiam
386 1277 509 1305 meminit
535 1278 594 1312 ipse
620 1276 759 1309 Dominus,
790 1276 884 1304 dicens
916 1283 968 1302 non

187 1329 312 1358 oportere
326 1330 486 1358 quemquam
497 1321 589 1357 iurare
600 1329 647 1357 per
665 1321 746 1358 6‘3
771 1327 850 1356 caput
879 1329 968 1353 suum,

187 1370 248 1404 quis
272 1376 325 1396 non
339 1373 452 1404 possunt
465 1375 545 1395 unum
565 1368 690 1402 capillum
703 1367 795 1394 album
808 1367 849 1393 vel
863 1367 968 1402 nigrum

187 1415 287 1449 facere,
308 1422 358 1442 nec
380 1422 429 1450 per
471 1413 664 1448 Hierosolyma,
695 1413 758 1448 quia
793 1412 889 1440 civitas
927 1416 970 1439 est

187 1460 277 1494 magni
303 1460 385 1495 regis.
425 1458 554 1486 Jnrarnnt
586 1459 657 1485 enim
696 1465 743 1493 per
773 1457 967 1493 Hierosolyma,

186 1511 214 1534 ct
227 1513 297 1539 earn,
323 1511 352 1533 ut
368 1505 436 1538 dixi,
451 1505 589 1532 civitatem
605 1505 650 1532 Dei
666 1504 849 1531 nominarunt.
880 1503 970 1530 Stabi-

187 1552 225 1579 liti
250 1557 311 1579 sunt
326 1552 406 1578 etiam
425 1551 450 1578 in
467 1551 523 1583 illo,
555 1551 678 1578 dicentes
712 1557 774 1577 eum
802 1557 879 1576 suum
909 1556 969 1576 esse

187 1598 279 1630 robur,
300 1597 346 1632 qui
361 1597 489 1624 Dominus
503 1602 544 1625 est
574 1596 754 1624 exercituum.
790 1596 887 1622 Verum
917 1602 965 1622 eos

189 1644 234 1679 qui
251 1643 290 1670 sic
306 1644 362 1670 lia-c
382 1643 482 1670 habere
497 1647 637 1677 putarunt,
655 1649 707 1668 non
723 1641 843 1675 oportuit
861 1640 907 1667 Del
929 1639 969 1667 ci.

189 1691 298 1716 vitatem
315 1688 458 1724 profanare
486 1688 541 1715 aris
556 1694 584 1715 et
602 1687 755 1719 sacrificiis,
773 1692 799 1714 et
818 1687 968 1713 daemonum

188 1736 326 1763 erroribus
345 1735 499 1770 implicitos,
516 1742 566 1762 nec
579 1735 650 1770 apud
668 1741 698 1761 se
715 1733 822 1761 irritare
834 1740 895 1760 eum
923 1731 968 1760 cui

188 1780 280 1808 conﬁsi
289 1779 416 1813 sunt,sed
428 1779 503 1806 bonis
515 1779 603 1813 potius
614 1778 714 1806 studiis
728 1785 788 1805 eum
803 1777 966 1809 exhilarare,

188 1830 214 1852 et
234 1825 339 1860 pietatis
350 1825 510 1852 soliditatem
521 1825 545 1852 ei
563 1829 688 1859 tanquam
702 1823 865 1851 sacriﬁcium
881 1822 968 1857 quod-

147 1888 149 1890 -
187 1873 248 1899 dam
272 1871 379 1899 oﬂerre.
395 1871 494 1898 Verum
517 1870 607 1898 audite
627 1871 693 1903 haec,
720 1869 815 1904 inquit.
841 1868 968 1901 Quaenam

186 1916 254 1944 illa?
273 1916 368 1944 Priora
381 1916 435 1951 iam
453 1916 669 1943 annuntlavi.De
682 1922 729 1943 ore
743 1923 802 1943 meo
816 1915 966 1945 exiverunt,

187 1968 213 1990 et
244 1962 364 1990 auditum
396 1966 447 1990 est.
475 1961 572 1989 Subito
600 1961 660 1994 feci,
679 1965 707 1988 et
730 1965 870 1988 venerunt.
900 1959 968 1993 Quia

186 2007 270 2040 enim,
286 2011 314 2034 ut
331 2007 383 2035 dixi
393 2007 427 2034 ab
444 2006 534 2039 initio,
551 2005 698 2038 Manassae,
728 2005 774 2033 Dei
793 2005 889 2038 hostis,
901 2012 968 2032 con-

185 2053 300 2086 iectores
311 2057 338 2079 et
351 2052 502 2087 aruspices,
533 2055 563 2078 ut
592 2056 734 2084 vocantur,
767 2051 885 2085 undique
904 2057 969 2077 con-

186 2102 321 2133 gregatos,
333 2104 441 2131 semper
458 2096 520 2131 quid
541 2096 659 2124 futurum
679 2101 751 2124 esset
781 2096 967 2131 interrogavit,

187 2148 214 2170 et
227 2150 320 2170 corum
337 2143 417 2177 nugis
432 2142 569 2176 abreptus,
584 2148 632 2169 eos
655 2142 707 2169 hoc
724 2141 868 2169 manifeste
897 2141 969 2168 scire

186 2187 302 2221 putavit,
326 2186 388 2213 hinc
402 2185 490 2220 inquit
509 2185 694 2213 universorum
712 2185 801 2214 Deus:
837 2187 892 2221 Ego
920 2186 969 2214 tibi

186 2232 272 2265 prima
287 2231 456 2262 aununtiavi,
474 2237 524 2258 nec
533 2230 568 2258 ab
577 2230 630 2258 alio
648 2231 774 2266 qu0piam
799 2231 967 2264 aunnntiavi,

186 2286 235 2305 nec
249 2277 282 2304 ab
293 2276 347 2304 alio
367 2276 492 2311 quopiam
525 2277 593 2304 falso
626 2277 827 2305 uominatorum
853 2278 965 2304 deorum

185 2324 243 2351 haec
260 2323 331 2350 dicta
346 2327 408 2350 sum
423 2323 514 2355 vobis;
531 2324 578 2350 sed
591 2323 625 2350 de
645 2330 693 2350 ore
709 2329 769 2350 meo
794 2322 964 2357 prodierunt.

186 2371 218 2397 Et
232 2370 353 2397 auditum
361 2369 407 2397 tibi
419 2374 469 2401 est,
478 2373 506 2396 et
515 2369 605 2397 subito
614 2369 674 2403 feci,
683 2373 711 2396 et
722 2372 862 2401 venerunt;
878 2367 902 2395 id
913 2372 965 2402 est,

184 2415 289 2443 etiamsi
308 2423 359 2443 non
378 2414 580 2450 exspectaveris
605 2414 650 2442 illa
675 2414 708 2442 ad
734 2413 813 2442 linem
841 2417 965 2446 ventura,

185 2468 274 2489 tamen
290 2469 322 2489 ex
334 2462 415 2489 rebus
429 2461 496 2495 ipsis
511 2460 590 2488 linem
615 2461 696 2488 etiam
710 2460 873 2495 cognovisti,
903 2459 967 2494 quia

183 2508 245 2539 feri,
271 2512 298 2534 et
315 2511 455 2534 venerunt.
473 2506 585 2533 Videtur
600 2510 689 2533 autem
702 2505 818 2539 priorem
835 2505 908 2532 illam
932 2511 967 2532 ex

187 2554 257 2581 bello
277 2553 378 2580 illatam
393 2552 531 2581 miseriam
550 2552 659 2584 dicere,
676 2551 784 2586 quando
797 2558 829 2579 ex
849 2558 897 2578 sua
921 2558 967 2584 pa-

183 2599 234 2625 tria
247 2598 367 2630 abducti,
377 2603 403 2626 et
416 2598 520 2625 acerbae
531 2597 670 2625 servitutis
679 2596 773 2632 iugum
791 2596 966 2630 accipientes,

183 2645 209 2672 in
235 2645 379 2673 Persarum
416 2644 552 2679 regionem
588 2644 813 2679 deportabantur.
842 2643 965 2670 Secunda

182 2691 254 2718 enim
269 2690 427 2726 posteaillis
439 2690 620 2724 contigerunt,
655 2696 688 2716 ex
717 2688 882 2723 Babyloniis,
907 2694 968 2722 qua:

182 2744 213 2763 cx
226 2737 264 2764 ira
283 2737 372 2763 divina
391 2736 442 2762 illis
459 2735 557 2763 inﬂicta
578 2740 659 2763 sunt:
686 2742 744 2769 quae
758 2734 814 2769 iam
843 2741 857 2760 a
889 2733 967 2761 nabis

184 2783 304 2816 pluribus
322 2781 412 2809 verbis
427 2782 498 2809 dicta
523 2786 594 2809 sunt.

219 2871 340 2899 "'Joan.
363 2880 419 2904 \‘-lll,
433 2871 476 2898 59.
515 2871 536 2887 ³⁷
557 2870 634 2898 Deut.
654 2878 688 2903 γι,
711 2870 752 2897 15.

1019 960 1166 994 ἀναφῦναι,
1183 961 1221 996 μὴ
1235 961 1288 996 μὴν
1297 960 1414 987 ἑοικέναι
1429 960 1499 987 κατά
1512 969 1538 986 τι
1549 959 1614 994 γοῦν
1621 959 1715 990 αὐτοῖς
1726 958 1805 990 ὅλως,

1021 1004 1145 1031 Δίτιᾶται
1172 1004 1202 1030 δὲ
1226 1004 1294 1039 πρὸς
1322 1004 1427 1035 τούτοις
1453 1004 1491 1036 ὡς
1517 1003 1666 1039 ὀμνύοντας
1691 1003 1740 1038 μὲν
1767 1002 1807 1037 τῷ

1021 1048 1133 1084 ὀνόματι
1150 1049 1252 1085 Κυρίου
1268 1049 1315 1076 τοῦ
1332 1049 1399 1075 Θεοῦ
1417 1049 1535 1084 Ἰσραὴλ,
1556 1049 1602 1075 καὶ
1617 1049 1733 1084 νομικὴν
1757 1047 1808 1082 μὲν

1019 1094 1251 1130 ἀποπεραίνοντας
1267 1095 1386 1130 ἐντολήν·
1412 1095 1476 1130 «Τῷ
1498 1095 1550 1131 γὰρ
1568 1095 1692 1130 ὀνόματι,
1712 1095 1807 1130 φησὶν,

1019 1139 1101 1166 αὐτοῦ
1119 1139 1229 1175 ὀμνύειν
1247 1140 1391 1175 δεχόμενος
1417 1141 1467 1171 τὰς
1489 1140 1542 1166 τῶν
1566 1141 1655 1175 ὅρκων
1674 1140 1780 1175 χρείας,
1794 1149 1804 1165 ν

1023 1186 1074 1212 οὐκ
1096 1182 1140 1212 ἐπ’
1163 1185 1275 1220 ἀληθέσι
1302 1186 1402 1219 μᾶλλον
1421 1187 1468 1213 καὶ
1494 1186 1609 1217 δικαίοις
1635 1187 1806 1220 πράγμασιν,

1019 1230 1076 1257 ἀλλ’
1099 1230 1145 1256 ἐπὶ
1165 1231 1222 1261 τοῖς
1244 1231 1275 1257 ὲκ
1294 1231 1377 1266 νόμου
1402 1231 1650 1266 κατεψευσμένοις·
1676 1229 1736 1257 εἷτα
1761 1230 1807 1256 καὶ

1019 1275 1213 1310 ἀντεχομένους
1233 1276 1282 1311 τῆς
1304 1276 1408 1308 πόλεως
1427 1276 1478 1310 τῆς
1503 1276 1593 1310 ἁγίας,
1621 1276 1667 1302 καὶ
1694 1276 1740 1302 ἐπὶ
1769 1275 1808 1305 τῶ

1019 1321 1079 1356 Θεῷ
1102 1321 1151 1348 τοῦ
1174 1322 1283 1357 Ἰσραὴλ
1301 1321 1584 1358 ἀντιστηριξομένους.
1606 1322 1726 1357 ’Υψηλὴν
1752 1323 1808 1356 γὰρ

1019 1366 1115 1401 ἤθελον
1144 1367 1293 1393 ἀνατείνειν
1314 1367 1363 1402 τὴν
1385 1367 1472 1402 ὀφρὺν
1500 1366 1537 1398 ὡς
1564 1367 1643 1400 ἁγίαν
1669 1367 1808 1398 οίκοῦντες

1020 1411 1107 1445 πόλιν,
1121 1412 1169 1438 καὶ
1180 1411 1381 1447 ὀνομαζομένην
1391 1411 1457 1438 Θεοῦ
1472 1432 1479 1439 .
1507 1412 1625 1439 Ἤκουον
1647 1412 1702 1446 γὰρ
1721 1412 1751 1438 ὲν
1768 1411 1809 1447 τῷ

1019 1457 1084 1492 θείῳ
1108 1457 1165 1492 ναῷ
1193 1457 1350 1491 ψαλλόντων
1375 1457 1523 1494 ἱερουργῶν
1547 1457 1610 1493 περὶ
1634 1458 1684 1492 τῆς
1706 1457 1808 1492 Ἰερου-

1019 1502 1123 1538 culmis
1139 1511 1148 1528 ι
1160 1502 1346 1538 Δεδοξασμένα
1359 1502 1473 1538 ἐλαλήθη
1489 1503 1554 1538 περὶ
1566 1502 1622 1533 σοῦ,
1635 1503 1652 1537 ἡ
1669 1502 1748 1533 πόλις
1761 1502 1809 1528 τοῦ

1019 1548 1096 1575 Θεοῦ.
1110 1557 1119 1574 ι
1139 1547 1326 1583 Διαμέμνηται
1343 1549 1389 1574 καὶ
1411 1547 1504 1574 τούτου
1522 1548 1568 1574 καὶ
1582 1548 1663 1579 αὐτὸς
1679 1548 1693 1573 ὁ
1709 1548 1809 1583 Κύριος

1020 1593 1117 1628 λέγων.
1136 1593 1173 1629 μὴ
1198 1594 1295 1629 χρῆναί
1315 1602 1392 1625 τινας
1410 1594 1521 1629 ὀμνύειν
1541 1595 1612 1620 κατὰ
1630 1593 1681 1628 τῆς
1707 1594 1810 1620 ἑαυτῶν

1020 1639 1160 1674 κεφαλῆς,
1192 1640 1233 1666 ὅτι
1258 1640 1288 1666 οὐ
1313 1639 1436 1666 δύνανται
1458 1640 1523 1675 μίαν
1553 1639 1633 1675 τρίχα
1662 1640 1765 1674 λευκὴν
1793 1639 1808 1674 ἦ

1014 1685 1152 1720 ιμέλαιναν
1177 1685 1304 1721 ποιῆσαι·
1336 1686 1404 1720 μήτε
1434 1685 1486 1720 μὴν
1504 1685 1544 1716 εἰς
1569 1684 1756 1720 Ἰεροσόλυμα,
1771 1685 1810 1711 ὅτι

1021 1730 1098 1762 πόλις
1112 1730 1171 1757 ἐστὶ
1182 1730 1230 1757 τοῦ
1246 1730 1363 1766 μεγάλου
1379 1731 1519 1765 βασιλέως.
1537 1731 1655 1765 Ὤμνυον
1668 1731 1725 1766 γὰρ
1741 1731 1810 1757 κατὰ

1019 1776 1074 1804 τῶν
1091 1776 1295 1812 Ἱεροσολύμων,
1315 1777 1392 1803 πόλιν
1406 1776 1500 1812 αὐτὴν,
1517 1776 1554 1808 ὡς
1566 1776 1643 1811 ἔφην,
1664 1776 1811 1812 ὀνομάζον-

1019 1831 1066 1855 τες
1081 1822 1160 1849 Θεοῦ.
1186 1822 1422 1858 Ἀντεστηρίζοντο
1446 1822 1474 1849 δὲ
1498 1822 1546 1849 καὶ
1565 1823 1610 1849 ἐπ’
1624 1823 1710 1858 αὐτῷ,
1728 1824 1806 1858 ἰσχὺν

1021 1867 1125 1895 ἑαυτῶν
1152 1865 1220 1894 εἶναι
1242 1867 1366 1902 λέγοντες
1393 1868 1439 1894 τὸν
1453 1868 1513 1899 ,τῶν
1533 1868 1674 1903 δυνάμεων
1699 1869 1811 1904 Κύριον.

1026 1912 1096 1939 Ἀλλ’
1110 1910 1145 1948 ἦν
1162 1913 1309 1947 ἀναγκαῖον
1325 1914 1389 1945 τοὺς
1402 1911 1453 1940 (uae
1471 1913 1526 1940 τότ’
1541 1913 1613 1948 ἔχειν
1626 1913 1812 1950 ὑπειληφότας

1023 1958 1060 1994 μὴ
1097 1959 1146 1994 τὴν
1176 1959 1223 1985 τοῦ
1248 1958 1315 1985 Θεοῦ
1340 1959 1493 1994 βεδηλῶσαι
1517 1959 1595 1986 πόλιν
1622 1959 1744 1995 βωμοῖς,
1766 1959 1812 1987 καὶ

1021 2003 1137 2037 θυσίαις,
1153 2004 1200 2031 καὶ
1217 2005 1277 2035 ταῖς
1292 2004 1346 2031 τῶν
1361 2005 1510 2040 δαιμονίων
1528 2005 1648 2036 ἀπάταις
1661 2004 1811 2040 ὲνισχημέ-

1022 2058 1093 2082 νους,
1110 2050 1178 2086 μήτε
1200 2050 1253 2086 μὴν
1270 2050 1456 2086 κατερεθίζειν
1478 2051 1522 2085 ἐφ’
1538 2051 1645 2082 ἑαυτοῖς
1659 2051 1706 2078 τὸν
1726 2051 1770 2086 ἐφ’
1790 2048 1811 2084 ᾧ

1021 2096 1216 2132 τεθαρσήκασι,
1231 2096 1441 2132 κατευφραίνειν
1449 2096 1477 2123 δὲ
1489 2096 1590 2132 μᾶλλον
1604 2097 1811 2130 σπουδάσμασιν

1021 2141 1143 2176 ἀγαθοῖς,
1158 2142 1205 2168 καὶ
1219 2142 1344 2176 καθάπερ
1361 2142 1422 2169 τινὰ
1443 2142 1539 2169 θυσίαν
1562 2142 1638 2177 αὐτῷ
1661 2142 1813 2176 προσκομί-

1021 2188 1114 2219 ζοντες
1145 2187 1176 2213 τὸ
1200 2187 1301 2223 ἀραρὸς
1330 2188 1370 2219 είς
1399 2187 1547 2214 εὐσέϐειαν.
1575 2187 1648 2222 Πλὴν
1676 2187 1812 2214 ἀκούσατε

1022 2233 1117 2266 ταῦτα,
1132 2234 1198 2269 φησι
1207 2242 1214 2249 ·
1233 2234 1280 2260 καὶ
1292 2235 1355 2260 ποῖα
1366 2234 1469 2267 ταῦτα;
1483 2234 1523 2260 Τὰ
1535 2233 1657 2270 πρότερα
1666 2234 1708 2261 ἔτι
1723 2234 1812 2269 ἀπῆγ-

1018 2278 1107 2313 γειλα,
1124 2279 1157 2305 ὲκ
1174 2278 1221 2305 τοῦ
1248 2279 1381 2314 στόματός
1403 2287 1454 2314 μου
1469 2278 1576 2314 ἐξῆλθε,
1604 2279 1652 2305 καὶ
1678 2279 1811 2305 ἀκουστὸν

1016 2323 1136 2357 ἐγένετο.
1164 2323 1295 2355 Ἐξάπινα
1315 2324 1440 2359 ἐποίησα,
1469 2324 1517 2350 καὶ⁵
1542 2324 1670 2359 ἐπῆλθεν.
1703 2324 1810 2358 Ἐπειδὴ

1015 2368 1081 2405 γὰρ,
1096 2369 1134 2401 ὡς
1148 2369 1228 2404 ἔφην,
1246 2370 1276 2396 ὲν
1294 2369 1392 2405 ἀρχαῖς
1409 2370 1473 2402 τούς
1488 2378 1521 2396 τε
1536 2369 1721 2405 καλουμένους
1739 2369 1809 2404 γνὼ-

1016 2422 1081 2446 στας
1110 2415 1158 2441 καὶ
1178 2415 1376 2447 οἰωνοσκόπους
1399 2416 1569 2452 πανταχόθεν
1606 2416 1773 2450 συναγαγὼν
1795 2417 1809 2442 ὁ

1021 2459 1150 2494 θεομισὴς
1173 2461 1323 2495 Μανασσῆς
1348 2462 1392 2488 ἀεὶ
1417 2462 1448 2488 τὸ
1471 2462 1566 2497 μέλλον
1590 2462 1807 2498 περιειργάζετο,

1021 2506 1068 2534 καὶ
1081 2507 1141 2537 ταῖς
1155 2506 1266 2533 ἐκείνων
1283 2506 1463 2542 βωμολοχίαις
1478 2507 1717 2543 συνηρπασμὲνος,
1733 2507 1805 2543 ᾠήθη

1019 2553 1089 2588 τάχα
1109 2561 1161 2578 ¹ιτου
1179 2552 1227 2579 καὶ
1245 2552 1343 2579 εἰδέναι
1360 2553 1453 2588 σαφῶς
1471 2553 1548 2580 αὐτό·
1561 2552 1649 2589 ταύτῃ
1667 2552 1710 2578 τοί
1729 2561 1807 2587 φησιν

1020 2599 1033 2624 ὸ
1058 2598 1111 2624 τῶν
1129 2598 1198 2625 ὅλων
1212 2598 1298 2630 Rati;-
1321 2597 1391 2632 Ἐγώ
1414 2607 1456 2625 σοι
1477 2599 1524 2625 καὶ
1547 2598 1580 2624 τὰ
1605 2598 1703 2633 πρῶτα
1722 2598 1808 2632 ἀπήγ-

1017 2642 1104 2676 γειλα,
1128 2643 1175 2669 καὶ
1194 2643 1225 2669 οὐ
1246 2643 1311 2678 παρ’
1336 2643 1431 2678 ἑτέρου
1456 2642 1528 2674 τινὸς
1545 2642 1598 2668 τῶν
1622 2642 1806 2676 ψευδωνύμων

1016 2687 1084 2714 θεῶν
1099 2687 1215 2722 ἐλαλήθη
1231 2687 1316 2714 ταῦτα
1332 2687 1400 2722 πρὸς
1420 2688 1500 2722 ὑμᾶς.
1515 2687 1572 2714 ἀλλ’
1586 2688 1618 2714 ἐκ
1632 2687 1680 2714 τοῦ
1695 2687 1806 2722 στόμα--

1017 2733 1063 2765 τός
1077 2742 1127 2767 μου
1149 2734 1245 2768 ἐξῆλθε
1257 2742 1263 2748 ·
1289 2734 1337 2760 καὶ
1360 2734 1493 2760 ἀκουστὸν
1506 2742 1547 2760 σοι
1562 2733 1668 2767 γέγονε,
1685 2734 1732 2760 καὶ
1747 2732 1804 2764 ἐξά-

1018 2788 1082 2806 πινα
1104 2780 1229 2814 strain-Ia,
1255 2780 1300 2805 καὶ
1325 2779 1436 2812 ἐπῆλθε,
1458 2779 1528 2806 τοῦτ’
1548 2780 1631 2811 ἔστιν,
1651 2780 1675 2805 εἱ
1704 2778 1750 2806 καὶ
1771 2779 1804 2813 μὴ

790 2870 824 2885 ’τ’
837 2867 905 2896 Psal.
938 2876 1048 2901 Luxu,
1061 2868 1088 2894 5.
