1883 3055
77 148 144 176 “‘21

652 151 685 180 IN
706 151 825 179 iS.\lAM
847 151 911 179 LIB.
931 152 977 180 IV.
997 152 1103 181 ORAT.
1126 152 1169 181 Ill.

1650 154 1720 183 £022

73 208 110 234 κά
130 215 172 238 σε,
193 207 292 241 φητὶν,
309 208 358 243 οὐχ
380 208 472 235 ἕνεκεν
496 210 639 246 ἀργυρίου,
653 212 726 238 τοῦτ’
742 212 826 242 ἐστιν.
846 213 874 239 οὒ

959 214 1006 241 tasi
1022 213 1087 241 mihi
1107 221 1173 249 opus
1189 217 1260 241 esset
1279 221 1308 241 re
1334 214 1422 249 aliqua
1445 218 1566 246 terrena,
1585 221 1631 240 seu
1648 215 1716 241 vitu-

74 252 230 288 χρημάτων
257 253 347 280 ἕνεκα.
364 254 400 280 Οὐ
421 255 476 290 γὰρ
498 255 618 291 ὲζήτησά
633 265 658 284 τι
675 257 728 283 τῶν
749 257 877 285 τοιούτων

74 298 151 333 παρὰ
175 298 239 330 σοῦ,
257 298 318 325 οὔτε
338 300 391 334 μὴν
414 301 443 326 ὲν
460 300 541 336 χρείᾳ
561 301 660 335 γέγονα
676 302 730 328 τῶν
747 303 877 337 ἐπιγείων

73 343 157 376 τινος,
173 343 190 378 ἥ
219 345 342 379 μόσχων,
362 344 378 379 ἢ
402 346 557 380 προϐάτων,
574 346 590 382 ἢ
615 347 724 382 τράγων
748 348 875 383 σφαγῆς·

75 389 130 416 ἀλλ’
145 389 268 424 ἐπείπερ
287 390 453 425 ἡμάρτανες,
467 392 514 418 καὶ
530 392 650 428 ῥᾴθυμος
668 391 739 429 ἦσθα
752 394 815 429 περὶ
827 393 877 429 τὴν

74 434 261 469 ὀφειλομένην
275 436 337 470 ἐμοὶ
350 436 426 471 παρὰ
439 436 485 463 σοῦ
498 438 580 473 τιμήν
592 447 621 464 τε
640 439 686 465 καὶ
700 438 788 471 δόξαν.
802 439 876 474 Πλὴν

75 481 121 508 καὶ
134 481 226 512 οὕτως
239 481 389 518 ἐξειλάμην
398 491 438 515 σε,
451 483 544 519 φησὶν,
558 484 589 510 ὲκ
599 485 715 519 καμίνου
727 485 874 520 πτωχείας·

75 526 237 553 δεδούλευκε
260 528 315 563 γὰρ
336 529 391 560 τοῖς
404 528 711 561 Βαὸυλωνίοις.”Επεται
726 531 754 557 δὲ
767 532 876 564 πάντως

76 574 130 604 τοῖς
143 574 177 598 ὲκ
191 573 319 605 δουλείας
329 576 424 605 κακοῖς
449 575 496 601 καί¹
506 575 536 601 τὺ
548 576 576 602 ὲν
590 575 678 611 ἐνδείᾳ
690 575 796 602 κεῖσθαι
809 585 877 604 παν-

76 618 119 650 τὸς
133 618 373 651 ἀγαθοῦ,Ἕνεκεν
394 619 460 655 ἐμοῦ
483 621 588 656 ποιήσω
605 629 656 652 σοι,
673 621 715 647 ὅτι
741 621 771 648 τὸ
788 621 876 657 ὄνομά

79 674 128 700 μου
143 665 420 701 βεδηλοῦται.ᾭοντο
435 666 490 702 γὰρ
513 667 538 693 οι
563 667 697 703 ᾑρηκότες
712 668 764 700 ὅτι,
786 667 875 694 καίτοι

77 710 142 738 Θεοῦ
161 711 264 742 σώζειν
280 711 416 743 ἐθέλοντος
427 712 526 744 αὐτοὺς
540 714 587 740 καὶ
603 714 814 748 προεστηκότος,
835 713 875 740 ἔτι

79 758 251 792 νενικήκασι,
266 758 312 784 καὶ
331 759 380 793 οὐχ
399 758 507 790 ἑκόντος
526 758 609 785 αὐτοῦ
629 758 875 794 πλεονεκτήσαντες

78 803 122 830 τὸν
142 804 389 840 ὲτιικουρούμενον.
416 805 581 840 Βεϐηλοῦται
607 805 706 837 τοίνυν,
731 806 815 840 φησὶ,
844 806 875 832 τὸ

79 849 162 885 ὄνομά
185 858 251 885 μου,
286 850 413 882 τοιαύτας
431 851 543 878 ἐκείνων
557 851 607 883 τὰς
628 850 706 883 δόξας
729 852 792 886 περὶ
806 851 873 886 έμοῦ

79 895 202 930 ἐχόντων.
221 895 308 922 Δώσω
329 896 357 922 δὲ
379 896 435 931 ἐγὼ
454 897 542 924 οὐδενὶ
564 897 618 925 τῶν
633 897 719 924 ἄλλων
734 897 782 933 τὴν
796 897 875 929 δόξαν

930 259 1027 290 lorum,
1050 266 1096 286 seu
1109 259 1211 292 ovium,
1243 267 1290 287 seu
1325 259 1460 287 hircorum
1477 261 1568 287 caule:
1588 260 1634 287 sed
1651 259 1714 294 quia

929 305 1084 339 peccavisti,
1121 309 1149 331 et
1171 311 1284 332 securus
1317 304 1342 331 in
1371 305 1473 331 honore
1490 309 1517 332 et
1536 304 1619 339 gloria
1636 311 1716 339 quam

929 346 1160 385 mibieripnéras,
1192 351 1276 379 fuisti.
1306 351 1499 378 Verumtamen
1533 351 1582 382 sic,
1618 351 1716 384 inquit,

928 397 1014 431 eripui
1037 401 1062 423 te
1073 397 1105 424 de
1128 397 1238 425 fornace
1253 397 1456 425 mendicitatis:
1471 397 1581 424 servivit
1601 404 1717 432 namque

928 441 1092 477 Babyloniis.
1113 442 1239 478 Sequitur
1261 448 1349 470 autem
1370 444 1508 470 servitutis
1529 442 1599 470 mala
1632 443 1715 470 etiam

928 488 1084 515 ulomnium
1109 488 1240 516 bonorum
1261 488 1383 515 laborent
1403 489 1502 523 inopia.
1528 489 1640 523 Propter
1673 496 1717 516 me

927 532 1025 559 faciam
1043 533 1101 565 tibi,
1113 533 1173 568 quia
1190 540 1286 560 nomen
1297 540 1384 560 meum
1403 533 1570 567 profanatur.
1584 533 1649 560 Nam
1667 541 1715 560 va-

927 580 1044 604 statores
1055 578 1185 611 putabant
1198 577 1280 612 quod,
1295 578 1401 605 etiamsi
1414 578 1483 605 Deus
1495 586 1603 606 servare
1617 579 1716 606 voluis-

928 626 969 649 set
998 629 1045 650 eos
1070 627 1097 650 et
1118 624 1289 657 protexisset,
1319 627 1407 650 tamen
1435 624 1574 656 vicissent,
1591 625 1717 658 quodque

928 669 986 703 ipso
1021 668 1128 695 nolente
1155 668 1276 703 adjutum
1306 669 1486 704 subegissem.
1506 670 1597 704 itaque
1625 670 1716 704 profa-

927 718 1017 747 natur,
1041 715 1138 748 inquit,
1170 722 1265 742 nomen
1287 723 1387 749 iueum,
1406 716 1457 743 illis
1474 716 1543 743 hanc
1560 716 1714 750 opinionem

928 761 961 788 de
978 768 1020 788 me
1039 760 1215 788 habentibus.
1239 761 1312 788 Dabo
1324 766 1416 788 autem
1428 769 1477 796 ego
1497 761 1608 795 gloriati]
1625 769 1712 788 meam

927 805 992 833 nulli
1010 805 1296 833 alteri.Gloriaautcm
1309 806 1355 833 Dei
1372 810 1424 838 est,
1447 813 1559 833 servare
1585 809 1612 832 et
1636 806 1715 832 mise-

927 851 992 883 reri,
1015 855 1042 878 et
1062 858 1141 886 posse
1150 851 1275 878 omnibus
1288 851 1431 883 dominari,
1446 855 1472 878 et
1480 851 1539 879 sine
1557 851 1650 878 labore
1668 858 1715 877 ex-

929 897 1005 931 sequi
1020 904 1185 931 quaacunque
1196 902 1325 931 praestare
1343 897 1417 924 velit.

82 941 224 977 μου.-Δὸξα
241 942 272 969 δὲ
286 942 353 969 Θεοῦ
365 944 395 970 τὺ
412 943 508 976 σώζειν
525 945 594 978 ἐστὶ,
607 946 655 972 καὶ
686 945 781 979 ἐλεεῖν,
799 945 845 971 καὶ
878 945 908 971 τὸ
925 944 1035 971 πάντων
1058 943 1188 972 δύνασθαι
1216 945 1337 980 κρατεῖν,
1352 946 1399 972 καὶ
1420 945 1450 972 τδ
1462 945 1567 972 ἀκονιτὶ
1585 943 1714 971 δύνασθαι

80 990 209 1026 πληροῦν.
227 990 303 1026 ἅπερ
319 990 404 1018 ἕλοιτο
419 992 577 1028 κατορθοῦν.

115 1058 221 1085 Ἀκουέ
233 1067 307 1093 μου,
318 1059 430 1093 Ἰακὼϐ,
449 1060 497 1088 καὶ
518 1061 644 1095 Ἰσραὴλ
658 1062 694 1089 ὃν
707 1063 765 1097 ἐγὼ
780 1062 871 1090 καλῶ.

965 1062 1046 1090 Vens.
1070 1061 1114 1093 12,
1130 1060 1172 1088 l5.
1187 1060 1257 1088 Audi
1269 1068 1320 1093 me,
1331 1059 1427 1093 Iacob,
1440 1066 1464 1088 et
1475 1061 1562 1088 Israel
1577 1071 1651 1096 quem
1667 1071 1716 1097 ego

86 1101 156 1138 Ἐγὼ
172 1105 232 1139 εἰμι
255 1105 382 1139 πρῶτος,
400 1106 449 1133 καὶ
470 1107 527 1141 ἐγώ
547 1108 606 1142 εἶμι
628 1110 672 1141 εὶς
692 1109 747 1135 τὸν
761 1108 852 1136 αὶῶνα
865 1118 872 1125 ’

82 1151 126 1177 καί
141 1151 160 1183 ἠ
177 1151 244 1185 χείρ
258 1159 318 1185 μου
333 1151 512 1186 ἐθεμελίωσε
533 1153 591 1188 τὴν
607 1153 675 1188 γῆν,
692 1154 741 1181 καὶ
757 1154 776 1187 ἠ
790 1153 874 1187 δεξιά

79 1205 134 1231 μου
148 1196 318 1231 ἑστερέωσε
331 1198 384 1225 τὸν
398 1199 539 1232 οὐρανόν.

115 1265 159 1296 Εἰς
174 1265 332 1300 ἀνάμνησιν
349 1266 447 1297 αὐτοὺς
459 1266 678 1302 ἀναφέρειπάλιν
689 1267 740 1303 τῆς
749 1267 873 1304 δοθείσης

83 1310 168 1342 αὐτοῖς
189 1311 277 1346 τιμῆς
293 1320 322 1338 τε
344 1312 391 1338 καὶ
406 1312 501 1347 δόξης,
518 1313 565 1339 καὶ
586 1313 698 1349 προσέτι
723 1314 829 1348 φειδοῦς
843 1310 875 1341 τέ

84 1356 127 1382 καὶ
143 1356 266 1392 ἀγάπης.
278 1357 421 1390 Ἠξίωνται
444 1358 498 1393 γὰρ
513 1358 567 1384 τῶν
582 1359 712 1385 ἀνωτάτω
729 1359 828 1395 γερῶν,
848 1359 872 1386 οἳ

83 1402 127 1428 καὶ
149 1403 180 1429 ὲκ
203 1402 316 1429 πάντων
328 1403 382 1429 τῶν
398 1402 483 1429 ἐθνῶν
499 1403 644 1438 κέκληνται
664 1404 738 1438 μόνοι
752 1404 820 1439 πρὸς
835 1404 874 1430 ol-

86 1449 206 1484 κειότητα
226 1449 277 1484 τὴν
297 1449 365 1484 πρὸς
389 1449 480 1481 αὐτὸν,
497 1450 575 1484 μερίς
591 1458 621 1475 τε
650 1451 696 1476 καὶ
714 1450 813 1485 κλῆρος
827 1458 873 1484 γε-

84 1495 189 1529 γόνασιν
204 1495 299 1521 αὑτοῦ.
315 1496 369 1522 Καὶ
386 1494 451 1529 γοῦν
469 1496 483 1522 ὁ
500 1495 640 1527 θεσπέσιος
654 1495 773 1530 Μωϋσῆς
787 1504 872 1530 προσ-

86 1541 178 1576 εφώνει
203 1541 268 1568 ποτὲ
295 1543 350 1573 τοῖς
371 1541 400 1573 ἐξ
424 1541 532 1577 Ἰσραὴλ
554 1540 625 1567 οὕτω
643 1540 729 1575 λέγων
742 1549 748 1556 ·
776 1550 785 1566 ι
807 1541 871 1567 Ἰδοὺ

85 1587 182 1621 Κυρίου
194 1586 243 1613 τοῦ
259 1586 329 1614 Θεοῦ
354 1595 400 1613 σου
415 1587 428 1613 ὁ
442 1586 556 1620 οὐρανὸς
577 1586 625 1613 τοῦ
640 1585 766 1621 οὐρανοῦ,
780 1586 826 1612 καί
842 1594 871 1612 σε

87 1633 220 1666 ἐξελέξατο
232 1633 246 1658 ὁ
259 1632 361 1668 Κύριος
375 1634 406 1659 ὲκ
419 1632 526 1659 πάντων
541 1632 594 1658 τῶν
610 1632 695 1658 ἐθνῶν
709 1630 777 1659 εἶναι
789 1631 872 1658 αὑτοῦ

86 1677 154 1705 λαόν·
167 1687 175 1704 ι
186 1679 233 1706 καὶ
246 1677 338 1711 πάλιν,
353 1688 362 1703 ι
378 1678 443 1704 Ὅτε
456 1677 608 1712 διεμέριζεν
622 1678 636 1703 ὁ
650 1677 780 1712 "remo;
795 1676 870 1712 ἔθνη,

927 1115 999 1133 voco.
1020 1106 1075 1142 Ego
1089 1115 1146 1133 sum
1160 1107 1271 1141 primus,
1287 1112 1311 1134 et
1328 1114 1374 1142 ego
1397 1114 1455 1134 sum
1476 1107 1503 1133 in
1525 1112 1660 1140 ater-num,
1690 1114 1715 1136 et

926 1161 1018 1179 mamu
1038 1161 1094 1180 mea
1111 1153 1230 1187 [undavit
1247 1157 1357 1183 terram.
1376 1157 1400 1179 et
1417 1152 1510 1178 dextra
1533 1160 1591 1180 mea
1611 1153 1717 1180 stabili-

926 1199 960 1225 vit
975 1198 1077 1225 uelum.

959 1264 986 1291 In
1025 1265 1181 1292 utemoriam
1213 1270 1321 1293 revocat
1352 1266 1449 1294 iterum
1478 1266 1531 1293 illis
1585 1267 1713 1295 honorem

924 1317 1003 1345 quem
1017 1310 1101 1346 dedit,
1114 1314 1141 1337 et
1162 1310 1285 1344 gloriam,
1309 1316 1338 1338 et
1357 1316 1486 1346 praeterea
1499 1312 1580 1340 etiam
1608 1311 1715 1338 miseri-

924 1355 1044 1382 cordiam
1060 1344 1099 1382 ‘ac
1121 1356 1292 1384 charitatem.
1318 1356 1438 1384 Summis
1466 1359 1536 1384 enim
1564 1357 1715 1384 honerariis

924 1400 1009 1428 aﬂ‘ecti
1028 1406 1100 1434 sunt,
1116 1402 1160 1436 qtti
1177 1402 1224 1429 soli
1254 1410 1287 1429 ex
1310 1403 1436 1430 omnibus
1453 1402 1578 1438 gentibus
1602 1404 1634 1429 ad
1649 1410 1714 1429 cont

924 1447 1036 1474 sortium
1065 1447 1328 1483 familiaritatemque
1349 1456 1410 1476 cum
1440 1448 1499 1482 ipso
1527 1449 1613 1475 vocati
1641 1453 1713 1483 sunt,

924 1497 950 1520 et
962 1494 1051 1527 portio
1065 1493 1128 1520 facti
1151 1493 1209 1526 ejus
1226 1498 1251 1521 et
1270 1501 1341 1522 sors.
1368 1494 1472 1529 Quippe
1491 1494 1597 1522 divinus
1609 1493 1714 1530 Moyses

923 1539 1020 1567 allatus
1048 1544 1089 1567 est
1100 1540 1197 1567 alicubi
1218 1539 1367 1572 lsraelitas.
1394 1541 1434 1568 sic
1465 1541 1558 1568 dicens
1582 1550 1616 1568 τι
1646 1541 1715 1568 Ecce

925 1585 1029 1612 Domini
1043 1586 1087 1612 Dei
1103 1585 1141 1612 tui
1153 1585 1250 1613 malum
1264 1585 1326 1612 cmli
1342 1591 1393 1613 est.
1407 1585 1441 1613 Et
1455 1591 1480 1614 te
1490 1587 1570 1622 elegit
1584 1585 1715 1613 Dominus

923 1637 955 1657 ex
968 1630 1092 1658 omnibus
1105 1630 1257 1664 gentibus“|
1276 1640 1283 1658 :
1302 1640 1312 1656 ι
1332 1636 1358 1659 et.
1374 1638 1468 1659 rursus
1486 1640 1493 1659 :
1513 1641 1522 1657 ι
1539 1631 1655 1664 Quando
1667 1630 1718 1658 Al-

923 1676 1043 1703 tissimus
1083 1676 1221 1710 separavit
1256 1682 1375 1711 gentes,
1413 1681 1441 1704 et
1480 1678 1608 1712 dispersit
1649 1677 1717 1704 tilios

96 1723 131 1754 ὡς
141 1723 168 1749 δὲ
183 1723 310 1760 ἔσπειρεν
322 1724 395 1755 υἱοὺς
414 1724 498 1758 Ἀδὰμ
507 1744 514 1755 ,
528 1723 623 1758 ἔστησε
634 1724 695 1758 ὅρια
709 1723 792 1749 ἐθνῶν
803 1722 873 1749 κατὰ

959 1723 1021 1754 lam.
1047 1724 1142 1750 statuit
1169 1723 1234 1750 fines
1263 1725 1381 1758 gentium
1405 1731 1454 1758 pro
1472 1732 1584 1751 numero
1605 1725 1717 1758 angelo-

88 1769 196 1804 ἁριθμὺν
219 1770 344 1804 ἀγγέλων
364 1768 443 1801 Θεοῦ,
464 1770 510 1796 καὶ
522 1769 638 1804 ἐγενήθη
663 1769 742 1804 μερὶς
766 1769 870 1804 Κυρίου

88 1814 146 1846 λαὸς
170 1815 253 1841 αὑτοῦ
279 1814 387 1846 Ἰακὼϐ,
409 1815 552 1850 σχοίνισμα
579 1813 763 1849 κληρονομίας
789 1813 871 1840 αὑτοῦ

95 1861 205 1896 Ἰσραήλ.
213 1870 222 1887 ι
229 1858 367 1893 Ἐδειοῦν,
377 1860 430 1887 ἔδει
442 1860 503 1893 τοὺς
515 1859 585 1887 οὕτω
593 1859 800 1896 τετιμημένους,
810 1859 872 1891 τοὺς

90 1907 190 1938 εὐκλεὲς
203 1907 250 1934 καὶ
263 1906 413 1933 ἀπόλεκτον
426 1905 556 1940 λαχόντας
567 1905 662 1941 ὄνομα,
676 1906 740 1937 τοὺς
752 1906 792 1938 εἰς
807 1905 873 1940 κλῆ-

91 1961 132 1986 ρον
153 1953 218 1979 Θεοῦ
241 1952 437 1988 τεταγμένους,
452 1951 507 1978 καὶ³
525 1952 555 1978 τὸ
576 1953 605 1978 ἐν
625 1951 785 1983 ἀπολέκτοις
803 1950 873 1978 εἶναι

91 1998 299 2034 πλουτήσαντας,
317 1998 354 2033 μὴ
379 1997 527 2024 ἀπονεῦσαί
549 2006 576 2024 τι
599 1997 667 2033 πρὸς
688 1997 706 2024 ἃ
728 1997 766 2032 μὴ
782 1997 872 2032 θέμις,

92 2043 154 2080 μηδὲ
164 2045 222 2076 ταῖς
233 2044 366 2080 ὲξιτήλοις
377 2044 577 2071 ἐπαναστάσεσι
589 2043 755 2070 καταλυπεῖν
765 2043 873 2070 ἑλέσθαι

90 2090 132 2117 τὸν
150 2091 304 2127 εὐεργέτην,
316 2089 361 2117 τὸν
375 2090 483 2126 ἀπάσης
494 2091 585 2121 αὺτοῖς
597 2090 697 2125 δοτῆρα
715 2089 808 2124 τιμῆς,
827 2089 873 2116 καὶ

92 2137 201 2172 χορηγὸν
211 2137 277 2164 ὄντα
286 2137 340 2163 τῶν
351 2136 438 2168 οὕτως
448 2136 624 2172 ἐξῃρημένων
635 2135 682 2161 καὶ
702 2135 874 2171 τριποθήτων

92 2181 281 2216 suamnam
291 2183 367 2209 οὐδὲν
386 2182 440 2209 τῶν
458 2181 584 2208 τοιούτων
600 2190 639 2212 εις
655 2181 717 2207 νοῦν
732 2181 837 2212 ἑλόντες
850 2181 874 2208 oi

92 2228 194 2256 δείλαιοι
204 2230 261 2261 τοῖς
274 2229 323 2264 τῆς
341 2227 547 2264 εἰδωλολατρίας
562 2227 733 2263 ὲνεπάγησαν
745 2227 871 2263 τέλμασι,

92 2274 135 2301 καὶ
147 2275 210 2302 Θεὸν
224 2275 340 2310 ἀφέντες
353 2275 397 2301 τὸν
413 2274 539 2309 ἀληθινὸν
553 2275 610 2305 τοῖς
623 2273 670 2300 τοῦ
683 2273 786 2308 κόσμου
801 2282 874 2300 στοι-

93 2319 168 2354 χείοις
187 2320 390 2356 λελατρεύκασι.
411 2320 485 2356 Πλὴν
513 2321 560 2347 καὶ
584 2319 669 2351 οὕτως
694 2319 874 2355 κατοικτείρει

94 2366 167 2393 πάλιν
181 2367 278 2399 αὐτούς
289 2375 297 2381 '
313 2366 390 2394 καλεῖ
403 2366 456 2402 γὰρ
470 2365 539 2401 πρὸς
562 2365 709 2393 εὐπάθειαν
729 2366 769 2398 τὸ,
779 2365 874 2391 Ἀκού-

925 1775 982 1794 rum
998 1767 1054 1799 Dei,
1069 1774 1095 1795 ct
1111 1769 1196 1796 factus
1214 1769 1295 1804 647
1311 1773 1352 1796 est
1365 1770 1452 1803 portio
1471 1769 1576 1797 Domini
1601 1770 1715 1803 populus

922 1814 980 1848 ejus
994 1814 1007 1841 .I
1019 1815 1087 1844 icob.
1105 1814 1238 1842 funiculus
1263 1815 1426 1842 luereditatis
1453 1815 1511 1850 ejus
1538 1815 1619 1842 Israel
1637 1815 1683 1842 ⁶¹·.
1703 1825 1712 1841 ι

923 1858 1045 1892 Oportuit
1058 1859 1157 1894 itaque,
1170 1860 1334 1894 oportuitsic
1345 1859 1503 1891 honoratos,
1521 1859 1608 1886 nobile
1620 1864 1647 1886 et
1661 1859 1717 1886 ele-

923 1908 995 1931 ctum
1013 1911 1108 1931 nomen
1123 1904 1242 1936 sortitos,
1255 1903 1281 1930 in
1293 1909 1392 1931 sortem
1408 1904 1453 1931 Dei
1475 1908 1628 1938 cooptatos,
1646 1907 1673 1931 et
1685 1911 1715 1930 ea

924 1949 1100 1983 prmrogativa
1123 1949 1223 1976 ditatos
1238 1953 1266 1976 ut
1281 1948 1308 1976 in
1329 1949 1422 1976 electis
1436 1955 1537 1981 essent,
1553 1957 1606 1976 non
1625 1950 1657 1975 ad
1677 1957 1708 1976 ea

924 1993 1010 2020 delabi
1024 2001 1084 2028 quae
1096 1993 1136 2020 fas
1155 2001 1208 2021 non
1221 1999 1272 2026 est,
1289 2001 1338 2021 nec
1362 1994 1432 2022 hunc
1446 1994 1595 2021 beneficum
1612 1993 1716 2021 enormi

925 2039 1072 2067 rebellione
1090 2039 1237 2072 ollendere,
1263 2040 1308 2074 qui
1328 2039 1381 2068 illis
1396 2041 1484 2068 omnis
1506 2039 1616 2067 honoris
1633 2040 1712 2067 dator

924 2090 976 2118 est,
991 2090 1020 2113 et
1041 2085 1108 2112 adeo
1122 2085 1282 2113 eximiorum
1298 2090 1326 2113 et
1337 2086 1567 2120 optatissimorum
1583 2085 1716 2113 bonorum

924 2131 1120 2167 suppeditatur.
1142 2132 1195 2159 Sed
1223 2133 1320 2159 horum
1344 2132 1411 2160 nihil
1432 2133 1542 2160 omnino
1567 2134 1717 2168 cogitantes

925 2178 1017 2205 miseri
1035 2178 1061 2204 in
1080 2181 1189 2212 puteum
1208 2177 1370 2205 idololatria
1381 2178 1461 2206 defixi
1473 2184 1546 2211 sunt.
1564 2183 1600 2212 et,
1622 2179 1717 2206 relicto

924 2231 990 2251 vero
1010 2223 1077 2257 Deo,
1095 2223 1188 2251 mundi
1201 2223 1334 2251 elementa
1351 2225 1503 2252 coluerunt.
1524 2225 1624 2252 Verum
1637 2230 1662 2252 et
1678 2226 1716 2252 sic

925 2270 1075 2297 miseretur
1108 2277 1201 2296 rursus
1215 2269 1320 2296 illorum
1340 2279 1346 2296 :
1361 2276 1438 2297 vocat
1455 2270 1580 2298 nimirum
1595 2271 1627 2296 ad
1652 2270 1716 2297 obe-

925 2317 1053 2344 dientiam
1082 2324 1089 2343 :
1121 2315 1219 2342 Audite
1251 2316 1383 2343 clamores
1414 2323 1506 2349 meos,
1541 2320 1567 2342 et
1587 2317 1657 2350 quod
1688 2314 1714 2342 in

926 2363 1058 2398 principio
1079 2362 1192 2396 implere
1208 2361 1387 2397 praistitissel.
1413 2366 1442 2388 ut
1456 2361 1536 2389 etiam
1556 2361 1713 2387 inconcussa

96 2412 153 2438 σατέ
168 2421 216 2448 μου
233 2413 313 2449 βοῶν,
331 2413 379 2440 καὶ
392 2413 459 2448 ὅπερ
473 2410 508 2448 ἦν
524 2412 634 2447 ἄμεινον
654 2413 683 2438 ἐν
702 2412 800 2447 ἀρχαῖς
817 2411 873 2437 ἐλέ-

959 2408 1057 2436 licitale
1072 2407 1237 2439 fruerentur,
1250 2407 1288 2439 id,
1305 2414 1367 2435 sero
1379 2407 1450 2438 licet,
1460 2406 1534 2440 jubet
1551 2413 1622 2433 nunc
1635 2414 1714 2432 exse—

95 2456 151 2484 σθαι
163 2458 281 2494 πληροῦν
295 2458 338 2485 ἵνα
359 2458 406 2484 καὶ
426 2457 594 2492 ἀκράδαντον
610 2457 691 2492 ἔχωσι
708 2457 757 2491 τὴν
773 2456 875 2490 εὐημε-

98 2501 166 2536 ρίαν,
182 2503 259 2531 τοῦτο
279 2503 332 2530 κᾶν
356 2502 421 2537 γοῦν
437 2502 486 2537 ὀψὲ
501 2500 876 2547 διαπεράναινπροστέταχεν,

97 2547 135 2574 ἵνα
148 2549 197 2582 ἔξω
213 2550 280 2577 πόδα
295 2550 365 2576 θεῖεν
379 2550 430 2584 τῆς
448 2548 536 2583 δίκης,
557 2548 604 2574 καὶ
625 2545 678 2582 τῆς
690 2545 876 2580 ἐπενηνεγμέ-

97 2602 139 2629 νης
154 2595 240 2628 αὐτοῖς
259 2590 369 2631 θητείας
382 2595 562 2622 ἀπολύσαιντο
575 2593 609 2620 τὰ
621 2593 717 2628 δεσμά.
727 2592 834 2627 Ἐπειδὴ
848 2591 875 2617 δὲ

97 2641 291 2677 προσεκύνησαν
302 2643 335 2677 τῇ
352 2642 467 2678 στρατιᾷ
481 2640 528 2667 τοῦ
543 2639 669 2676 οὐρανοῦ,
683 2639 730 2666 καὶ
743 2638 789 2665 τὸν
806 2637 874 2664 Κτί-

100 2693 158 2720 στην
171 2687 282 2721 ἀφέντες
300 2688 356 2720 τοῖς
372 2688 437 2723 παρ’
451 2687 533 2713 αὐτοῦ
551 2686 618 2722 πρδς
638 2686 669 2712 τὸ
685 2683 753 2711 εἶναι
776 2692 875 2719 παρεν-

101 2733 246 2767 ηνεγμένοις
261 2734 411 2770 ἀνήπτοντο
425 2733 517 2764 σέϐας,
534 2732 707 2767 μυσταγωγεῖ
731 2730 812 2757 πάλιν
826 2729 875 2756 αὑ-

100 2776 213 2811 τούς-Ὡς
232 2779 285 2818 γὰρ
298 2782 312 2807 ὀ
327 2780 461 2816 μακάριος
478 2779 529 2813 ἔφη
552 2778 667 2809 Παῦλος·
688 2787 696 2802 ι
709 2775 876 2812 Ὀφείλοντες

132 2865 150 2880 “
166 2866 238 2896 Deut.
258 2876 304 2901 ut,
324 2869 350 2896 6.
389 2868 421 2884 “'
438 2867 514 2896 Deut.
530 2874 616 2899 xxxii,
632 2865 657 2898 8,
675 2864 701 2893 9.

925 2454 981 2488 qui,
998 2460 1051 2488 quo
1075 2453 1170 2488 pedem
1185 2460 1200 2480 e
1224 2460 1301 2487 paena
1327 2453 1482 2484 extrahant,
1508 2457 1534 2478 et
1558 2451 1639 2478 illatae
1663 2451 1713 2478 sibi

925 2499 1066 2527 servitutis
1079 2499 1184 2526 vincula
1200 2499 1348 2526 excutiant.
1369 2498 1436 2525 Cum
1462 2504 1552 2525 autem
1569 2499 1715 2525 adorarent

926 2544 1049 2571 militiam
1064 2544 1136 2576 creti,
1152 2549 1190 2578 et,
1205 2544 1334 2572 Creatore
1346 2544 1484 2575 derelicto,
1501 2543 1581 2571 rebus
1599 2545 1632 2570 ab
1655 2543 1714 2578 ipso

930 2589 956 2617 iu
976 2590 1061 2617 lucem
1082 2590 1161 2617 editis
1184 2591 1382 2617 venerationem
1404 2590 1593 2622 attribuerent,
1619 2596 1714 2615 rursus

925 2636 1047 2671 mysticis
1087 2643 1133 2663 eos
1167 2636 1253 2662 iuitiat
1282 2636 1452 2664 rudimentis.
1480 2635 1558 2669 Nam,
1574 2640 1602 2662 ut
1619 2636 1714 2662 beatus

924 2682 1023 2710 Paulus
1047 2682 1106 2708 ait:
1124 2690 1133 2706 ι
1152 2680 1218 2708 Cum
1234 2681 1358 2709 doetores
1386 2688 1433 2715 per
1455 2687 1559 2715 tempus
1578 2688 1637 2707 eSse
1666 2681 1713 2706 de-

926 2729 1058 2761 buissent,
1076 2735 1171 2756 rursus
1183 2735 1252 2762 opus
1271 2729 1423 2756 habuerunt
1440 2735 1472 2755 eo
1484 2728 1529 2763 qui
1547 2729 1617 2762 ipsos
1631 2726 1712 2753 doce—

927 2779 978 2809 ret,
1005 2781 1066 2810 quas
1097 2774 1185 2810 prima
1212 2773 1364 2802 divinorum
1382 2774 1551 2802 oraculorum
1578 2773 1712 2801 elementa
