1883 3055
65 173 140 203 1099

637 176 668 203 IN
688 177 805 208 lSAlAM
826 178 891 208 LIB.
912 179 956 208 tv.
978 180 1087 218 onsjr.
1106 168 1162 210 tu.’

1633 177 1702 206 £030

63 233 95 260 τὸ
116 233 223 260 οἴεσθαι
249 232 296 260 καὶ
321 233 439 268 φρονεῖν,
466 231 530 265 τοὺς
553 233 746 270 ψευδωνύμως
770 237 806 262 αὐη

958 245 980 266 ιο
992 243 1161 272 nuncupatos
1173 237 1239 266 deos
1250 237 1304 266 illis
1321 244 1400 273 opem
1411 237 1518 270 tulisse,
1531 237 1576 272 qui
1591 238 1701 266 omnino

63 281 208 316 ἐπαμῦναι
231 280 320 314 θεοὺς,
336 280 399 312 τοὺς
422 280 474 306 οὐκ
492 279 571 312 ὄντας
588 281 666 313 ὅλως.
681 282 731 309 Διὰ
750 283 804 318 γάρ
819 291 859 309 τοι

62 326 157 358 τοῦτο,
181 326 307 361 καθάπερ
331 324 488 362 ὲγῷμαι,τὺ
505 326 575 361 Ἐγώ
596 327 654 363 εἰμι
674 328 687 354 ὁ
715 328 779 360 Θεός
801 337 858 360 σου,

64 375 146 408 φησι,
160 374 218 409 τοῦ,
236 374 305 409 εἰμὶ,
322 374 500 409 σημαίνοντος
519 374 559 407 τὸ,
576 374 701 410 ὑπάρχω.
712 371 800 401 Ὗοῦτο
813 376 858 401 καὶ

62 419 104 454 τῷ
118 419 250 454 πανσόιρῳ
267 419 353 455 Μωσῇ
369 419 529 455 διηγόρευσε
543 420 643 454 λέγων·
662 429 671 446 ι
692 420 762 455 Ἐγὼ
775 422 833 455 εἰμι
847 435 861 447 υ

62 464 130 490 ὧν.)
148 465 195 490 Ὣν
206 465 261 500 γάρ
275 465 334 491 ἐστι
353 465 453 498 κυρίως
468 473 497 492 τε
513 465 560 492 καὶ
573 465 680 501 ἀληθῶς
693 466 707 492 ὁ
723 466 777 494 τῶν
792 466 860 492 ὅλων

61 510 143 542 Θεός.
159 510 199 536 Τὰ
214 510 242 537 δέ
257 519 289 544 γε
302 511 368 547 παρ’
382 510 465 538 αὑτοῦ
481 511 549 546 πρὸς
561 511 592 537 τὸ
605 509 674 538 εῖναι
692 520 859 547 παρενηνεγ-

64 556 138 591 μὲνα
157 556 221 583 ὂντα
247 555 296 591 μὲν
317 557 363 583 καὶ
388 556 457 584 αὐτὰ
479 556 593 591 λέγοιντ’
609 556 654 587 ἂν,
670 556 740 592 πλὴν
755 557 796 583 ὅτι
814 565 860 591 γει

63 602 174 635 γόνασι,
198 602 243 629 καὶ
264 603 350 638 ἀρχὴν
374 602 420 629 τοῦ
438 600 507 630 εἶναι
531 602 759 638 διεκληρώσαντο.
781 603 860 630 υῦτω

63 647 156 673 τοίνυν
171 647 239 683 φησὶ
258 647 358 684 Κύριος
371 649 385 675 ὁ
400 648 553 684 ῥυσάμενος
569 657 609 681 σε,
627 649 721 683 ’Ἄγιος
739 649 858 685 Ἰσραήλ·

71 691 145 726 Ἐγώ
168 694 225 728 είμι
246 694 261 719 ὁ
276 692 341 724 Θεός
357 701 415 720 σου.
435 693 517 725 ’Λλλ“,
535 690 557 720 ὢ
570 693 707 725 Δέσποτα,
727 694 794 729 φαίη
809 694 853 726 ἂν,

63 736 156 774 οἶμαι,
173 739 214 770 τὶς
229 739 281 765 τῶν
296 739 326 771 ἐξ
336 739 450 774 αἵματος
468 739 586 775 Ἰσραὴλ,
601 739 744 774 ἔλυτρώτω
756 740 802 766 καὶ
816 740 860 766 σέ-

65 794 171 818 σωκας,
186 785 287 819 ἐξεῖλον
305 786 390 821 πυρὸς
407 786 454 812 καὶ
467 786 555 821 δίκης,
570 785 653 820 ζυγοῦ
667 786 713 813 καὶ
729 786 859 820 δουλείας,

67 831 209 867 βαρϐάρου
227 832 326 867 χειρὸς,
346 831 383 864 ὡς
399 831 538 867 παναλκὴς
560 832 692 867 δηλονότι,
708 833 755 859 καὶ
771 832 859 867 ψιλοῖς

64 878 200 913 νεύμασιν
223 877 294 913 ᾶπερ
310 877 343 904 ἂν
358 877 430 904 ἕλοιο
445 877 595 914 κατορθῶν.
612 876 679 905 Εἶτα
696 878 754 910 πῶς
767 879 791 905 oi
807 878 860 904 ὑπὸ

914 291 966 311 non
978 288 1052 311 sunt.
1063 283 1210 319 Propterea
1222 289 1260 317 ut,
1275 284 1399 318 equidem
1414 284 1543 317 arbitror,
1553 284 1632 311 dicit:
1648 284 1703 319 Ego

913 338 972 358 sum
991 331 1060 358 Deus
1074 336 1146 363 tuus,
1162 338 1233 363 sum,
1263 331 1420 364 denotante,
1438 330 1549 358 exsisto.
1576 330 1606 358 Id
1628 330 1702 365 quod

912 377 994 404 etiam
1016 376 1221 411 sapientissimo
1245 376 1329 412 Moysi
1349 377 1541 410 annuntiavit,
1560 384 1621 404 cum
1639 376 1677 404 ait
1693 385 1701 403 :

915 429 924 445 ι
943 420 999 455 Ego
1018 428 1077 447 sum
1096 421 1140 455 qui
1158 429 1218 449 sum
1236 421 1269 448 “.
1288 431 1296 447 I
1315 421 1427 456 Proprie
1447 422 1518 448 enim
1536 426 1564 448 et
1577 429 1643 449 vere
1658 425 1701 449 est

913 465 951 492 ὣν
967 467 1157 494 universorum
1173 467 1253 494 Deus.
1270 467 1335 501 Qute
1353 473 1444 495 autent
1462 468 1495 495 ab
1508 468 1554 495 illo
1570 468 1702 501 producta

912 515 976 538 sunt
988 531 995 542 ,
1009 516 1038 538 ut
1055 511 1081 538 in
1098 519 1188 538 rerum
1205 516 1301 539 natura
1322 513 1394 543 siut,
1411 513 1493 540 etiam
1510 513 1554 540 illa
1567 512 1632 540 ὄντα
1649 513 1703 540 dici

916 561 1030 592 possunt
1054 564 1172 584 :verum
1201 557 1262 584 ideo
1282 558 1353 592 quod
1376 557 1446 585 facta
1480 563 1559 591 sunt,
1585 563 1612 584 et
1627 560 1702 592 prin-

913 603 1012 637 cipium
1052 610 1108 629 suae
1148 603 1273 632 essentia:
1301 608 1363 630 sunt
1390 603 1498 631 sortita.
1535 603 1580 631 Sic
1612 605 1704 638 itaque

914 649 1002 683 inquit
1026 648 1157 676 Dominus
1170 648 1216 683 qui
1245 648 1369 676 liberavit
1385 654 1422 681 te,
1447 648 1564 676 Sanctus
1592 648 1700 677 Israel:

914 695 969 729 Ego
990 702 1049 722 sum
1074 695 1144 722 Deus
1164 699 1236 725 tuus.
1254 693 1354 722 Verum
1374 713 1381 726 ,
1399 702 1415 721 ο
1436 694 1570 727 Domine,
1591 695 1702 728 dixerit,

912 740 1008 772 credo,
1029 739 1164 775 quispiam
1180 747 1274 767 eorum
1288 740 1332 775 qui
1350 748 1382 767 ex
1402 740 1532 774 sanguine
1554 741 1704 768 Israelitico

913 791 976 819 sunt
994 787 1058 817 orti,
1088 785 1225 813 redemisti
1241 793 1291 814 uos
1315 790 1342 813 et
1365 786 1500 820 servasti,
1524 786 1647 821 eripuisti
1669 794 1700 813 ex

914 832 975 866 igne
987 836 1015 859 et
1030 839 1046 859 a
1063 839 1153 866 pmua,
1170 839 1185 858 a
1199 831 1264 867 jugo
1288 835 1317 859 et
1341 832 1474 859 servitute
1500 836 1527 859 et
1540 839 1620 859 manu
1637 832 1700 859 bar—
1721 824 1726 828 ’

914 877 979 904 bara
997 886 1005 904 :
1023 881 1051 904 tu
1067 877 1193 904 videlicet
1217 877 1400 912 omnipotens,
1418 882 1446 905 et
1468 877 1525 905 solo
1548 883 1612 905 nutu
1629 885 1703 912 qua:-

67 922 118 957 σὴν
137 922 214 954 ὄντες
242 923 323 957 φειδῶ
338 923 385 949 καὶ⁴
400 924 512 958 ἀγάπην
535 923 576 955 εἰς
594 923 624 950 σὲ
647 923 692 950 τὸν
715 922 810 950 ἐπίκου

957 930 1020 957 ique
1036 923 1153 950 volueris
1173 930 1314 958 peragens.
1330 923 1400 957 Ergo
1413 923 1549 957 quomodo
1578 931 1636 955 nos,
1656 925 1700 958 qui

65 969 217 1003 αὐχοῦντες
230 969 291 1001 ἀεὶ,
308 969 376 1004 πρὸς
393 969 473 995 τοῦτο
494 969 682 1005 ταλαιπωρίας
699 969 859 1004 κατενηνεγ-

68 1014 150 1048 μεθα,
177 1013 247 1040 ὥστε
271 1014 317 1040 καὶ
336 1014 388 1040 ὑπὸ
402 1014 486 1046 πόδας
502 1016 595 1041 πεσεῖν
614 1013 729 1050 ἐχθρῶν,
745 1014 791 1040 καὶ
813 1014 860 1049 θηο

64 1059 162 1086 τεῦσαι
179 1059 253 1095 παρὰ
267 1059 297 1086 τὸ
314 1059 387 1091 εἰκὸς
399 1060 463 1091 τοὺς
476 1059 634 1095 ἐλευθέρους
649 1059 680 1093 ἒξ
693 1059 858 1094 ἐλευθέρων;

66 1104 100 1132 Τί
112 1102 160 1131 οὖν
176 1105 244 1140 πρὸς
265 1104 351 1132 ταῦτα
366 1105 448 1138 Θεός;
463 1105 574 1140 Δέδειχά
595 1114 635 1131 σοι
656 1104 703 1131 τοῦ
723 1105 813 1140 εὑρεῖν
830 1113 859 1131 σε

67 1151 116 1187 τὴν
134 1152 205 1184 ὁδὸν,
221 1152 250 1179 ὲν
297 1152 419 1188 πορεύσῃ
432 1153 460 1178 ὲν
476 1153 555 1187 αὐτῇ.
568 1152 658 1187 Νόμον
672 1160 713 1178 σοι
731 1151 842 1178 τέθεικα
852 1171 859 1183 ,

67 1198 154 1231 φησι,
175 1197 229 1224 τῶν
247 1198 391 1233 πρακτέων
414 1197 459 1224 τὸν
485 1197 606 1233 ὁριστὴν,
637 1197 682 1224 τὸν
699 1196 861 1223 ἀπευθύνειν

66 1243 159 1270 εἰδότα
179 1243 246 1278 πρὸς
265 1244 318 1270 πᾶν
340 1243 430 1270 ὁτιοῦν
449 1243 503 1269 τῶν
520 1243 635 1277 ἡδίστων
653 1243 727 1278 ἐμοὶ,
744 1242 861 1277 ποδηγὸν

66 1290 107 1322 είς
131 1289 318 1325 δικαιοσύνην,
340 1289 499 1316 διδάσκαλον
522 1288 674 1321 εὐσεϐείας,
691 1289 730 1320 είς
754 1287 862 1315 εὐθείαν

43 1350 46 1353 ·
65 1335 128 1362 ὁδὸν
147 1335 331 1372 ἀποφέροντα,
341 1336 374 1362 δι’
392 1333 426 1372 ἦς
441 1335 465 1361 εί
482 1335 612 1371 πράττειν
634 1334 738 1370 ἤθελες,
761 1335 861 1369 κατήν-

67 1391 155 1418 τησας
172 1383 211 1414 εις
229 1390 262 1416 γε
282 1381 313 1408 τὸ
330 1381 399 1408 εἶναι
422 1381 532 1416 γνήσιος
555 1381 602 1407 καὶ
626 1380 719 1415 λάτρις
741 1380 861 1416 ἀληθὴς,

67 1429 118 1456 καὶ
134 1430 190 1460 τοῖς
208 1427 238 1461 ἐξ
264 1427 370 1463 ἀρετῶν
395 1427 550 1462 αὐχήμασιν
567 1423 596 1453 εὖ
616 1425 688 1462 μάλα
712 1434 862 1461 κατεστεμ-

69 1474 165 1509 μένος.
181 1473 253 1500 Ἀλλ“
272 1472 325 1505 ἔξω
346 1472 441 1508 τρίὸου
461 1472 575 1506 γέγονας
589 1471 638 1506 τῆς
662 1471 705 1497 ἐπ’
721 1470 797 1503 εὐθὺ,
817 1471 864 1497 καὶ

69 1516 213 1554 ἁμαξητον
225 1519 313 1552 ἀφεὶς,
328 1517 422 1553 ὥσπερ
436 1516 616 1553 παρετράπης
630 1516 672 1551 ἐφ’
685 1516 704 1543 ἃ
719 1516 757 1551 μὴ
770 1517 861 1552 θέμις·

68 1564 256 1600 λελάτρευκας
273 1565 306 1599 τῇ
321 1564 436 1599 στρατιᾷ
450 1563 497 1590 τοῦ
513 1562 640 1599 οὐρανοῦ,
654 1562 771 1594 τέθυκας
788 1561 864 1588 εἰδώ-

69 1609 137 1643 λοις,
160 1609 387 1645 προσκεκύνηκας
402 1610 457 1641 τοῖς
478 1609 529 1635 οὐκ
551 1606 611 1636 οὖσι
631 1608 712 1640 θεοῖς,
731 1608 863 1635 ἐπελάθου
877 1599 898 1628 (ἶ

71 1656 118 1683 τοῦ
131 1656 292 1688 κτίσαντος,
307 1654 372 1692 παρ’
382 1655 457 1682 οὐδὲν
473 1655 570 1690 ἡγήσω
586 1654 631 1681 τὸν
647 1654 758 1681 δοθέντα
771 1655 863 1689 νόμον.

69 1702 104 1729 El.
119 1703 176 1738 γὰρ
200 1700 271 1738 ἦσθα
291 1701 410 1736 γεγονὼς
425 1701 478 1728 τῶν
501 1701 575 1736 ἐμῶν
598 1700 716 1731 ὑπάκοος
740 1700 864 1734 ἐντολῶν,

70 1748 183 1782 ἐγένετο
203 1747 237 1775 ἂν
257 1747 324 1774 ὡσεὶ
341 1747 462 1782 ποταμὸς
478 1747 495 1782 ἡ
521 1746 614 1781 εἰρήνη
635 1755 694 1778 σου,
712 1746 758 1772 καὶ
783 1747 799 1781 ή
824 1746 866 1771 δι-

70 1793 206 1828 καιοσύνη
217 1793 284 1820 ὡσεὶ
294 1793 368 1828 κῦμα
380 1793 527 1828 θαλάσσης.
542 1792 595 1819 Καὶ
605 1792 618 1819 ὃ
627 1791 750 1827 βούλεται
757 1791 863 1826 δηλοῦν,

71 1840 132 1867 ἔστι
149 1839 278 1866 τοιοῦτον·
303 1838 373 1870 Τοὺς
396 1838 563 1874 χειμάρρους
585 1838 676 1871 φασιν,
705 1837 783 1864 ὑετοῦ
808 1838 865 1868 τοῖς

71 1886 166 1921 Βρεσιν
179 1885 364 1921 ἐνσκήψαντος
379 1883 491 1919 λάὸρου,
508 1882 711 1918 καταφέρεσθαι
724 1882 818 1914 δεινῶς
834 1890 864 1908 τε

71 1932 121 1958 καὶ
138 1931 295 1966 ἀφορήτους,
313 1930 351 1962 ὡς
368 1931 503 1966 ἀντισχεῖν
521 1929 652 1957 δύνασθαι
668 1928 806 1960 παντελῶς
820 1928 864 1954 οὺ-

70 1978 117 2004 es»
134 1979 195 2008 ταῖς
210 1977 321 2003 ἐκείνων
336 1976 445 2012 ὁρμαῖς.
469 1976 587 2012 Εὔδηλον
609 1976 637 2002 δὲ
657 1976 777 2007 κάκεῖνο,
789 1972 864 2010 οἶμαί

72 2031 138 2050 που.
162 2024 195 2049 Δί
211 2022 267 2058 γάρ
283 2031 334 2049 που
357 2023 411 2049 τῶν
438 2022 575 2057 θαλάσσης
601 2021 730 2056 κυμάτων
751 2020 864 2054 ἐμϐολαὶ

71 2068 160 2096 δειναὶ
188 2068 235 2095 καὶ
262 2067 439 2102 δυσάντητοι,
469 2067 517 2093 καὶ
539 2067 569 2093 οὺ
590 2066 729 2101 πλωτῆρσι
756 2065 862 2098 μόνοις,

71 2116 160 2150 ἡγουν
181 2115 242 2145 ταῖς
264 2114 386 2146 ὁλκάσιν,
410 2113 478 2140 ἀλλὰ.
498 2113 543 2139 καὶ
563 2113 657 2143 αὑταῖς
674 2111 730 2138 ἐσθ’
743 2112 789 2137 ὅτε
804 2112 864 2142 ταῖς

72 2161 200 2196 πέτραις.
223 2160 456 2196 Ἀπορῤήγνυνται
470 2159 524 2194 γὰρ
548 2155 638 2190 αὗται,
654 2157 798 2192 κρουνηδὶν
817 2157 865 2183 αὑ-

71 2208 135 2237 ταῖς
158 2205 212 2232 τῶν
232 2205 339 2233 ’ὑδάτων
378 2204 597 2241 ὲῤῥηγνυμένων.
625 2203 730 2230 Οὐκοῦν
756 2204 780 2229 εἰ
809 2203 864 2229 τῶν

72 2253 161 2288 ἐμῶν,
178 2251 254 2287 φησι,
278 2251 412 2286 κατήκοος
443 2248 514 2286 ἦσθα
549 2249 647 2283 λόγων,
673 2250 698 2275 εί
728 2249 774 2275 τὸν
802 2249 864 2275 νοῦν

73 2297 214 2332 ἐπήγαγες
238 2295 370 2330 εὐπειθῆ,
390 2295 497 2329 ἐγένετο
510 2293 543 2321 ἂν
560 2295 576 2329 ή
599 2294 693 2329 εἰρήνη
715 2301 761 2319 σου
778 2302 866 2319 ποτα-

75 2342 128 2378 μοῦ
148 2343 195 2369 καὶ
215 2342 317 2369 ὑδάτων
332 2341 422 2376 δίκην,
440 2340 653 2375 ἀκαταμάχητος
678 2340 732 2370 τοῖς
748 2339 866 2374 ἐχθροῖς,

74 2389 161 2424 ἧγουν
175 2389 230 2419 τοῖς
243 2387 379 2414 ἐθέλουσιν
393 2387 524 2421 ὑπαντᾷν.
540 2387 573 2412 Ἢ
586 2386 655 2420 τάχα
670 2393 732 2417 που,
745 2385 792 2411 καὶ
805 2383 866 2410 καθ’

74 2436 170 2470 ἓτερον
186 2433 296 2469 τρόπον,
311 2432 353 2459 ἵνα
368 2433 398 2459 τδ
409 2433 459 2468 τῆς
472 2433 582 2467 εἰρήνης
604 2431 718 2466 ἄφθονόν
732 2439 762 2457 τε
774 2431 866 2462 αὐτοῖς

74 2482 122 2508 καὶ
142 2481 265 2516 διηνεκὲς
287 2481 414 2517 ἀποφήνῃ
432 2480 538 2516 χρῆμα,
557 2478 673 2513 ποταμῷ
702 2477 865 2512 παρεικάζει

74 2528 122 2554 καὶ
140 2526 255 2561 κύμασι,
271 2526 385 2562 ποταμῷ
407 2526 455 2561 μὲν
470 2525 514 2552 ἀεὶ
530 2525 577 2551 καὶ
598 2523 764 2558 ἀμφιλαφῶς
779 2521 866 2557 ρέοντί

73 2582 104 2600 τε
129 2573 179 2600 καὶ
197 2573 352 2608 φερομένῳ,
369 2571 471 2606 κύμασί
490 2579 521 2598 τε
535 2570 727 2606 κυρτουμένοις
750 2569 803 2600 ἀεὶ,
820 2568 866 2595 καὶ

73 2619 130 2647 οἷον
153 2619 284 2655 διηνεκῶς
301 2620 334 2654 τῇ
351 2618 441 2655 χέρσῳ
457 2617 680 2654 προστρέχουσιν.
701 2615 824 2649 Ἐγένετο
842 2614 865 2641 δ’

74 2666 109 2693 ἂν
135 2666 183 2692 καὶ
200 2665 230 2691 τὺ
250 2665 363 2700 σπέρμα
382 2672 429 2690 σου
444 2663 511 2689 ὡσεὶ
525 2662 628 2697 ἄμμος,
650 2662 695 2688 καὶ
711 2661 745 2687 τὰ
766 2660 865 2694 ἔκγονα,

74 2713 124 2747 τῆς
149 2711 253 2742 κοιλίας
272 2719 319 2737 σου
339 2711 377 2741 ὡς
391 2711 405 2737 ὁ
419 2709 483 2745 χοῦς
499 2709 549 2743 τῆς
570 2709 632 2743 γῆς.
650 2709 762 2742 Ὅμοιον
782 2706 820 2738 ὡς
841 2708 865 2733 εἰ

75 2757 158 2791 λέγοι,
175 2757 289 2788 Οὐδενὸς
305 2757 335 2783 οὺ
354 2756 430 2790 ξίφος
444 2755 676 2785 ἑπανατείνοντος.
700 2754 731 2781 οὑ
745 2753 795 2789 τῆς
811 2754 865 2780 τῶν

73 2804 214 2839 πολεμίων
221 2803 311 2839 χειρὸς
323 2801 519 2838 ὀλοθρευούσης
532 2801 618 2833 τινὰς,
641 2800 773 2835 πολύχους
793 2798 865 2836 ἦσθα

107 2892 129 2908 ⁶⁶
145 2891 234 2920 Ειοιι.
255 2898 296 2924 ιιι,
318 2890 361 2918 Η.

910 976 943 996 ex
972 974 1015 995 tua
1040 968 1229 995 misericordia
1259 973 1287 995 et
1313 968 1461 995 dilectione
1480 968 1638 1002 pendemus,
1655 968 1702 1003 qui

910 1015 937 1041 in
956 1019 982 1040 te
996 1013 1122 1048 atljulore
1141 1021 1251 1049 semper
1276 1013 1435 1049 gloriamur,
1458 1014 1491 1041 ad
1515 1015 1566 1041 hoc
1585 1015 1703 1042 miseriae

910 1059 990 1087 delati
1013 1067 1119 1091 sumus,
1147 1064 1177 1086 ut
1195 1059 1278 1086 etiam
1303 1059 1417 1094 pedibus
1442 1060 1612 1087 inimicorum
1631 1063 1703 1087 'suc-

910 1105 1071 1132 eumbamus
1086 1109 1113 1131 et
1130 1109 1231 1139 praeter
1258 1112 1365 1140 aequum
1388 1105 1466 1132 liberi
1482 1113 1515 1132 ex
1539 1105 1632 1133 liberis
1647 1106 1703 1133 uati
1714 1136 1721 1144 ί

912 1150 1169 1184 serviamus?Quid
1197 1151 1277 1185 igitur
1307 1152 1341 1178 ad
1373 1150 1430 1178 hate
1447 1151 1538 1178 Deus?
1566 1151 1646 1179 Docui
1677 1156 1703 1179 te

912 1197 1034 1224 invenire
1049 1197 1121 1223 viam
1138 1197 1163 1223 in
1178 1205 1230 1231 qua
1250 1197 1383 1225 ambules.
1409 1197 1507 1233 Legem
1523 1197 1584 1230 tibi,
1603 1198 1702 1233 inquit,

912 1243 988 1277 posui
1008 1250 1098 1269 rerum
1112 1242 1277 1278 agendarum
1295 1243 1475 1270 deiiuitriceiu
1488 1264 1496 1276 ,
1511 1251 1571 1278 qute
1588 1244 1622 1271 ad
1639 1251 1699 1271 om-

912 1289 955 1316 nia
971 1289 1035 1316 mihi
1051 1289 1240 1323 acceptissima
1257 1289 1364 1323 dirigat,
1378 1290 1474 1316 «lucem
1502 1290 1534 1316 ad
1556 1288 1701 1323 justitiam,

913 1335 1061 1362 doctricem
1079 1335 1196 1369 pietatis,
1224 1335 1258 1362 ad
1279 1340 1381 1362 rectam
1404 1335 1475 1362 viam
1498 1337 1702 1371 perducentem,

913 1387 946 1407 ex
967 1380 1045 1414 cujus
1062 1381 1222 1415 praescripto
1245 1380 1267 1407 si
1294 1388 1376 1416 agere
1396 1381 1474 1413 velis,
1500 1388 1533 1408 eo
1555 1381 1702 1416 pertigisti,

915 1430 943 1452 ut
956 1426 1090 1460 genuinus
1104 1426 1143 1453 sis
1154 1430 1181 1453 et
1197 1433 1283 1452 verus
1304 1425 1404 1458 cultor,
1427 1431 1455 1453 et
1469 1426 1599 1454 virtutum
1623 1434 1706 1454 orna-

916 1473 1012 1499 mentis
1027 1472 1213 1507 pulcherrime
1227 1475 1387 1500 corouatus.
1404 1472 1538 1500 Caeterum
1550 1477 1577 1500 tu
1600 1480 1615 1499 a
1630 1477 1703 1500 recta

916 1518 959 1545 via
978 1518 1140 1545 exorbitain
1157 1521 1195 1550 et,
1212 1517 1309 1545 semita
1337 1517 1443 1550 relicta,
1457 1518 1490 1545 ad
1515 1526 1576 1553 quae
1589 1518 1630 1545 fas
1652 1526 1704 1546 non

915 1568 975 1591 erat
1001 1563 1127 1596 deviasti,
1156 1563 1279 1590 militiam
1301 1563 1363 1591 caeli
1385 1564 1492 1591 coluisti
1509 1583 1517 1596 .
1541 1564 1706 1591 saerilicnsti

916 1609 1006 1642 idolis,
1019 1609 1103 1644 652
1127 1617 1178 1636 non
1200 1610 1267 1636 deos
1293 1608 1424 1641 adorasti,
1437 1609 1593 1636 Conditoris
1606 1609 1706 1637 oblitus

915 1663 955 1687 es,
968 1655 1052 1690 legem
1067 1656 1157 1682 datam
1172 1662 1221 1689 pro
1239 1655 1323 1682 nihilo
1339 1655 1449 1682 duxisti.
1469 1654 1497 1681 Si
1518 1654 1589 1681 enim
1608 1653 1706 1681 fuisses

917 1701 983 1727 meis
1014 1700 1156 1735 prteceptis
1180 1700 1307 1732 audiens,
1344 1699 1441 1727 fuisset
1459 1705 1586 1734 tauquam
1606 1699 1705 1726 ﬂumen

915 1753 965 1779 pax
987 1735 1044 1777 tua,
1063 1749 1090 1772 et
1105 1744 1211 1778 justitia
1237 1748 1367 1779 tanquam
1395 1743 1495 1771 ﬂucttts
1517 1745 1610 1771 maris.
1627 1743 1707 1777 Quod

915 1795 1007 1817 autem
1025 1790 1180 1825 significare
1195 1791 1272 1823 vult,
1298 1790 1432 1825 ejusmodi
1457 1795 1500 1818 est
1518 1799 1524 1817 :
1543 1790 1630 1817 Aiunt
1648 1794 1706 1818 tor-

917 1841 1016 1869 rentes,
1040 1836 1129 1871 pluvia
1146 1837 1237 1871 rapida
1256 1837 1282 1864 in
1301 1842 1408 1865 montes
1421 1836 1542 1871 delapsa,
1566 1836 1630 1864 ferri
1647 1837 1702 1864 vio-

916 1883 1002 1910 lenter
1025 1888 1051 1910 et
1079 1883 1286 1911 intolerabiliter
1301 1904 1308 1916 ,
1330 1884 1366 1911 ita
1392 1888 1420 1910 ut
1442 1884 1593 1919 impetuoso
1610 1890 1705 1910 eorum

915 1929 1006 1957 cursui
1027 1928 1093 1956 nihil
1111 1930 1222 1956 omnino
1234 1930 1319 1963 possit
1337 1931 1476 1957 resistere.
1500 1930 1570 1963 Quin
1587 1934 1614 1957 et
1638 1929 1705 1956 illud

916 1979 982 2009 puto
992 1982 1051 2001 esse
1066 1974 1251 2009 perspicuum.
1276 1974 1418 2002 Fluctuum
1436 1975 1519 2003 maris
1544 1975 1703 2010 impressio-

903 2027 964 2051 .nes
977 2019 1100 2047 violenta:
1115 2023 1178 2047 sunt
1195 2025 1221 2047 et
1236 2020 1383 2052 terribiles,
1400 2028 1457 2048 non
1470 2021 1550 2048 modo
1567 2021 1657 2048 nautis
1676 2024 1706 2048 et

916 2065 1049 2093 onerariis
1078 2066 1212 2097 navibus,
1240 2066 1287 2093 sed
1316 2066 1382 2100 ipsis
1412 2066 1548 2094 interdum
1583 2067 1704 2101 rupibus.

918 2112 1090 2146 Rumpuutur
1118 2112 1192 2138 enim
1215 2115 1242 2139 et
1273 2111 1347 2146 ipsae,
1381 2113 1459 2147 aquis
1483 2120 1581 2148 magno
1603 2113 1703 2146 impetu

917 2157 943 2184 in
958 2165 1005 2184 eas
1021 2157 1240 2192 impingentibus.
1262 2158 1355 2192 itaque
1375 2159 1441 2186 dicit
1455 2167 1461 2186 :
1480 2159 1507 2186 Si
1523 2159 1591 2186 meis
1613 2160 1706 2186 verbis

918 2204 1111 2236 auscultasses,
1126 2204 1148 2231 si
1179 2207 1296 2231 mentem
1320 2211 1463 2238 sequacem
1481 2208 1510 2230 et
1533 2203 1705 2231 obedientuu

919 2251 1090 2278 adhibuisses
1107 2270 1115 2281 .
1137 2250 1207 2278 facta
1225 2251 1315 2278 fuisset
1331 2258 1380 2284 pax
1398 2254 1453 2281 tua,
1470 2250 1590 2278 ﬂuminis
1606 2256 1631 2278 et
1654 2251 1706 2278 ﬂu-

920 2304 981 2324 ctus
997 2298 1024 2324 in
1042 2305 1163 2337 morem,
1177 2297 1394 2332 inexpugnabilis
1410 2297 1531 2324 hostibus
1552 2302 1579 2324 et
1595 2298 1707 2332 quihus-

920 2343 984 2370 libet
999 2344 1215 2370 oecurreulibus.
1238 2342 1285 2369 Vel
1304 2348 1384 2368 etiam
1400 2341 1454 2368 alio
1474 2341 1564 2373 ntodo,
1589 2345 1618 2367 ut
1632 2341 1706 2375 pacis

919 2389 1072 2416 ubertatem
1091 2394 1118 2416 et
1132 2389 1340 2424 perpetuitatem
1363 2388 1500 2421 ostendat,
1515 2387 1619 2414 ﬂumini
1635 2394 1706 2415 cout-

919 2438 997 2469 parat
1009 2438 1036 2461 et
1047 2433 1192 2467 ﬂuctibus;
1211 2434 1316 2462 ﬂumini
1330 2435 1438 2469 quidem
1451 2440 1558 2468 semper
1586 2439 1613 2461 et
1625 2433 1707 2460 uber-

919 2481 964 2506 tim
979 2479 1071 2508 ﬂuenti
1090 2485 1117 2507 et
1131 2481 1331 2515 prazterlabeuti
1348 2501 1356 2514 ,
1386 2480 1513 2507 ﬂuctibus
1523 2484 1612 2506 autem
1632 2486 1706 2506 sem-

920 2526 1104 2561 percurvatis,
1126 2531 1153 2554 et
1176 2528 1248 2554 velut
1272 2531 1402 2562 perpetuo
1435 2532 1535 2554 terram
1563 2527 1706 2552 incursan-

921 2572 1001 2600 tibus.
1019 2572 1131 2600 Factum
1147 2574 1228 2600 etiam
1246 2573 1344 2601 fuisset
1365 2581 1456 2601 semen
1479 2577 1552 2600 tuum
1578 2577 1705 2606 tanquam

919 2624 1012 2650 arena,
1027 2624 1055 2646 et
1068 2617 1138 2646 fetus
1152 2620 1221 2646 uteri
1240 2621 1278 2646 tui
1291 2620 1368 2655 quasi
1379 2619 1467 2654 pulvis
1485 2624 1572 2646 terrae.
1589 2617 1706 2645 Perinde

918 2667 960 2690 est
977 2671 1008 2690 ac
1022 2664 1045 2691 si
1058 2664 1139 2698 dicat,
1156 2665 1238 2692 Nullo
1254 2665 1295 2692 vel
1309 2665 1426 2700 gladium
1441 2666 1614 2696 extrahente,
1632 2663 1703 2690 nulla

920 2709 1037 2738 hostium
1072 2719 1151 2738 manu
1183 2713 1337 2747 quempiam
1353 2713 1546 2744 exscindente,
1575 2710 1706 2738 fecundus

920 2755 1019 2784 fuisses
1030 2762 1057 2784 et
1068 2757 1283 2790 innumerabilis.
1297 2763 1327 2785 ut
1339 2766 1428 2785 arente
1440 2764 1464 2786 et
1476 2758 1577 2793 pulveri
1593 2763 1705 2790 compn-

918 2803 972 2830 rari
980 2804 1138 2838 possenttui
1150 2805 1238 2833 liberi.
1254 2805 1323 2840 Quia
1339 2811 1430 2834 autem
1444 2805 1628 2833 debacchatus
1637 2803 1702 2830 esin
