1883 3055
22 216 35 242 Ι
44 215 105 243 037

585 216 618 243 ΙΝ
639 217 754 244 lSAlAM
777 218 839 245 LIB.
863 218 907 246 IV.
929 219 1032 247 ORAT.
1055 219 1098 246 ιγ.

1593 217 1603 244 1
1609 216 1662 244 (ιζ-8

18 271 94 303 νὰς,
110 271 125 298 ὃ
139 280 167 298 τε
180 271 314 308 μακάριος
329 272 454 306 ἄγγελος,
466 272 512 299 καὶ
526 273 539 299 ὁ
553 275 705 310 προφήτης
718 275 755 301 Οὐ
769 275 819 310 μὲν
835 302 836 306 η

881 275 1027 304 pensatione
1043 283 1102 311 qum
1118 274 1196 302 simul
1218 281 1277 302 cum
1295 280 1376 301 carne
1392 273 1535 308 cenjuncta
1549 277 1600 305 est,
1622 274 1662 300 sic

18 314 91 343 οὖν.
115 317 146 343 '0
166 318 215 352 μὲν
230 317 284 353 γὰρ
301 318 445 350 θεσπέσιος
465 319 607 355 προφήτης
626 320 758 356 πνεύματι
774 320 821 347 λα-

17 362 88 388 λῶν
111 365 261 398 μυστήρια,
281 363 340 398 μεθ’
356 363 433 398 ἡμῶν
448 364 579 398 γεγονότα
597 365 662 392 Θεὸν
686 375 824 402 προκατα-

20 409 204 443 μεμήνυκεν,
218 408 271 435 ἀπό
283 417 312 434 τε
330 409 380 442 τῆς
395 408 516 443 φύσεως.
540 410 588 437 καὶ
602 411 650 446 τῆς
667 412 824 446 οἰκονομίας

16 453 81 486 τῆς
109 453 179 488 μετὰ
203 454 303 489 σαρκὸς
327 454 412 486 οὕτως
434 454 570 489 ὀνομάσας
593 456 683 484 αὐτόν.
703 457 731 484 '0
749 457 776 483 δέ
793 465 823 491 γε

20 498 176 533 μακάριος
195 498 311 533 ἄγγελος
334 500 365 525 ὲκ
387 499 437 535 τῆς
457 501 597 535 ἐνεργείας
613 502 686 537 αὺτῷ
707 502 824 538 τοῦνομα

18 543 100 575 θείς·
123 545 227 571 σέσωκε
243 545 298 581 γὰρ
312 545 355 571 τὸν
373 545 437 572 ἴδιον
451 546 526 573 λαόν.
545 547 639 583 Σωτὴρ
652 545 698 574 οῦν
714 549 767 584 ἄρα
780 547 826 575 κέ-

20 589 134 624 κληται
152 590 196 616 διὰ
219 590 308 617 τοῦτο.
331 590 386 617 Καὶ
410 590 475 624 γοῦν
500 591 544 617 ὅτε
567 592 616 626 τὴν
643 593 714 619 κατὰ
738 593 826 628 σάρκα

20 635 164 669 γέννησιν
176 635 304 670 ὑπέμεινε
319 635 352 662 δι’
366 636 439 670 ἡμᾶς
454 637 481 662 al
497 635 551 662 τῶν
565 636 687 670 ἀγγέλων
701 637 826 673 στρατιαὶ

21 683 89 713 τοῖς
122 681 235 716 ποιμέσι
261 681 306 707 τὸν
333 681 413 707 τόκον
437 682 660 716 εὐηγγελίζοντο,
680 683 824 717 λέγουσαν

28 738 37 752 ‹
51 728 104 764 Μὴ
123 727 248 762 φοῦεϊσθε
261 728 356 762 ὑμεῖς’
374 728 428 755 ἰδοὺ
443 728 497 763 γὰρ
512 729 746 764 εὐαγγελιζόμεθα
762 730 825 764 ὑμῖν

22 774 157 808 σήμερον
173 773 261 808 χαρὰν
277 772 410 808 μεγάλην,
431 773 492 808 ἥτις
514 773 572 800 ἐστὶ
590 774 673 800 παντὶ
698 773 738 809 τῷ
757 774 824 810 λαῷ,

22 820 67 845 ὅτι
83 819 186 854 ἐτέχθη
208 819 327 854 σήμερον
345 819 449 854 Σωτὴρ,
464 819 493 850 ὅς
507 820 565 845 ἐστι
580 820 697 856 Χριστὸς
711 820 824 856 Κύριος,

22 867 54 892 ὲν
74 866 158 892 πόλει
177 866 267 893 Δαϐίδ.
287 876 296 893 ι
319 866 424 893 Οὐκοῦν
444 867 616 903 Ἐμμανουὴλ
632 868 692 903 μὲν,
704 868 744 895 ὅτι
760 869 825 901 Θεὸς

24 911 65 937 ὦν
88 911 174 946 φῦσει
195 911 289 945 γέγονε
305 911 364 948 μεθ’
379 912 468 947 ἡμῶν,
485 911 557 938 τοῦτ’
573 913 656 943 ἔστιν,
670 913 822 948 ἄνθρωπος.

29 957 145 991 Ἰησοῦς
169 966 200 991 γε
224 957 287 993 μὴν,
313 958 353 984 ὅτι
379 957 475 989 σώζειν
497 957 549 984 ἔδει
569 958 618 994 τὴν
640 958 685 984 ὑπ’
702 959 824 996 οὐρανὸν,
844 951 863 978 Β

23 1003 100 1028 Θεὸν
117 1003 182 1029 ὅντα
203 1003 293 1033 αὐτὴν,
308 1003 354 1029 καὶ
367 1003 511 1038 γενόμενον
523 1003 674 1039 ἄνθρωπον.
690 1004 753 1031 ’Ὅτε
773 1005 826 1032 τοί-

23 1058 74 1075 νυν
92 1049 234 1084 προῆλθεν
245 1049 277 1074 ὲκ
301 1048 404 1080 κοιλίας
422 1049 471 1083 τῆς
488 1049 584 1075 ἑαυτοῦ
604 1049 716 1085 μητρὸς,
732 1050 826 1084 γεγέν-

25 1105 114 1131 νηται
130 1095 185 1130 γὰρ
207 1094 236 1127 ἐξ
250 1095 334 1130 αὐτῆς
349 1095 378 1120 τὸ
394 1095 464 1122 κατὰ
479 1094 578 1130 σάρκα,
592 1095 652 1121 τότε
667 1096 713 1122 καὶ
726 1095 825 1132 ἐκλήθη

24 1141 55 1168 τὸ
69 1141 163 1176 ὄνομα
182 1139 272 1167 αὑτοῦ.
294 1140 477 1175 ᾋνάρμοστον
491 1138 537 1166 οὖν
552 1140 605 1176 ἄρα
618 1140 657 1176 τῷ
671 1140 730 1177 Θεῴ
748 1141 827 1177 Λόγῳ

26 1188 82 1223 πρὸ
97 1188 151 1222 τῆς
171 1187 325 1222 γεννήσεως
343 1187 392 1221 τῆς
416 1186 488 1213 κατὰ
504 1186 593 1222 σάρκα
611 1187 683 1223 φημὶ
705 1187 735 1214 τὸ
758 1188 825 1223 Χρι-

31 1233 102 1260 στοῦ
119 1233 218 1268 ὄνομα.
230 1232 418 1268 Κεχρισμένος
435 1232 490 1268 γὰρ
504 1232 590 1266 οὔπω,
603 1233 661 1265 πῶς
676 1233 709 1260 ἂν
721 1233 827 1268 λέγοιτο

28 1279 170 1314 Χριστός;
187 1279 251 1305 Ὅτε
271 1278 324 1313 γὰρ
347 1278 481 1313 προῆλθεν
496 1279 528 1304 ἐκ
542 1278 644 1310 κοιλίας
661 1279 763 1315 μητρὸς
778 1279 826 1306 ἄνη

28 1324 156 1358 θρωπος,
183 1324 244 1350 τότε
275 1323 422 1360 σύνδρομον
445 1324 477 1358 τῇ
503 1324 573 1350 κατὰ
597 1324 686 1359 σάρκα
702 1325 827 1360 γεννήσει

29 1371 141 1404 δέχεται
155 1369 206 1404 τὴν
219 1369 325 1405 κλῆσιν.
336 1369 454 1404 Τεθῆναι
467 1369 495 1395 δέ
509 1378 575 1404 φησι
596 1369 626 1395 τὸ
642 1369 729 1405 στόμα
744 1370 826 1397 αὑτοῦ

30 1416 101 1442 ὡσεὶ
128 1415 269 1451 μάχαιραν
294 1415 394 1447 ὀξεῖαν.
419 1415 530 1450 Ἀληθὲς
551 1415 599 1441 καὶ
617 1415 705 1441 τοῦτο.
722 1415 825 1453 Γὲγρατ

30 1471 97 1488 πται
112 1463 171 1497 γάρ
186 1470 236 1487 που
254 1461 319 1497 περὶ
338 1461 432 1494 αὑτοῦ,
457 1461 556 1497 μᾶλλον
569 1460 598 1487 δέ
618 1469 700 1496 φησιν
716 1461 797 1493 αὐτὸς
813 1461 827 1487 ὁ

31 1509 185 1543 προφήτης
198 1508 311 1539 Ἡσαΐας
322 1515 328 1523 ⁸
349 1517 358 1534 ι
377 1508 431 1534 Καὶ
447 1507 523 1534 ἔσται
536 1507 694 1544 δικαιοσύνῃ
710 1507 828 1543 ἐζωσμέ-

30 1562 74 1584 vo;
89 1554 142 1588 τὴν
160 1553 255 1588 ὀσφὺν,
269 1554 316 1580 καὶ
333 1553 446 1588 ἀληθείᾳ
461 1552 627 1588 εἰλημμένος
636 1552 685 1584 τὰς
696 1552 826 1588 πλευρὰς,

33 1601 79 1626 καὶ
91 1601 122 1646 εν
143 1600 280 1634 πνεύματι
294 1599 335 1626 διὰ
349 1599 460 1634 χειλέων
479 1600 570 1626 ἀνελεῖ
584 1599 681 1646 ἀσεϐῇ.
700 1609 709 1625 ι
725 1599 760 1625 Τὸ
774 1599 827 1634 γάρ

33 1654 72 1670 τοι
96 1644 174 1671 θεῖον
197 1645 244 1671 καὶ
266 1644 390 1680 οὐράνιον
411 1644 551 1680 κήρυγμα,
570 1643 642 1671 τοῦτ’
657 1643 724 1675 ἐστι,
742 1645 771 1673 τὴ
787 1644 826 1670 εὑ-

35 1691 198 1724 αγγελικδν,
222 1690 252 1716 τὸ
274 1690 317 1717 διὰ
338 1691 471 1725 στόματος
493 1690 609 1726 λαληθὲν
630 1691 676 1717 τοῦ
697 1689 826 1726 Χριστοῦ,

37 1737 162 1772 μάχαιρα
183 1736 293 1772 γέγονεν
315 1736 390 1769 ὀξεῖά
411 1745 440 1763 τε
456 1737 502 1763 καὶ
525 1737 669 1772 τομωτάτη
689 1736 758 1763 κατὰ
780 1738 829 1772 τῆς

36 1783 81 1808 τοῦ
100 1782 228 1809 διαϐόλου
250 1782 416 1817 τυραννίδος,
434 1782 581 1817 ἀναιροῦσα
592 1783 656 1813 τοὺς
674 1783 829 1818 κοσμοκρά-

35 1836 117 1863 τορας
136 1827 186 1854 τοῦ
210 1828 321 1860 σκότους
337 1827 443 1860 τούτου,
467 1828 514 1854 καὶ
532 1827 565 1854 τὰ
587 1828 760 1863 πνευματικὰ
780 1827 830 1862 τῆς

40 1874 189 1908 πονηρίας.
206 1874 390 1900 Ἀπεσκέδασε
402 1873 456 1908 γὰρ
477 1873 525 1908 τὴν
542 1873 592 1908 τῆς
606 1873 714 1908 ἀπάτης
735 1872 829 1908 ἀχλὺν,

38 1920 82 1946 καὶ
107 1921 171 1950 ταῖς
191 1919 316 1946 ἁπάντων
337 1919 461 1955 καρδίαις
485 1919 534 1954 τὴν
559 1918 609 1953 τῆς
634 1918 750 1954 ἀληθοῦς
773 1918 831 1944 θεο-

38 1966 160 2000 γνωσίας
188 1966 284 2001 ἐνῆκεν
305 1966 407 2001 αὐγήνο
428 1965 611 2000 μετεσκεύασε
634 1965 688 2000 γὰρ
712 1964 762 2000 τὴν
783 1964 830 1991 ὑπ’

39 2012 155 2047 οέρανδν
180 2012 220 2042 εἰς
241 2011 340 2046 εὐσεϐῆ
362 2011 510 2044 πολιτείαν,
538 2011 584 2038 καὶ
610 2009 717 2044 εὐαγῶν
736 2011 832 2046 ἐπιτηο

41 2058 185 2092 δωμάτων
211 2057 314 2088 πάντας
328 2057 465 2091 ἀπέφηνεν
478 2056 605 2091 ἐραστὰς,
622 2055 768 2092 ἀπεθέρισε
784 2055 830 2082 τοῦ

44 2103 145 2138 κόσμου
166 2102 215 2138 τὴν
233 2102 380 2138 ἁμαρτίαν,
393 2102 506 2128 δικαιῶν
521 2103 554 2137 τῇ
571 2103 660 2128 πίστει
676 2101 721 2128 τὸν
734 2102 830 2137 ἀσεϐῆ,

44 2149 89 2174 καὶ
105 2147 270 2183 Πνεῦματος
289 2147 366 2182 ἁγίου
383 2147 446 2178 τοὺς
460 2147 621 2182 προσιόντας
642 2146 831 2182 ἀναπιμπλὰς,

44 2195 88 2220 καὶ
103 2195 182 2225 υἱοὺς
208 2194 305 2225 αὐτοὺς
322 2194 480 2228 ἀποφαίνων
493 2193 571 2224 Θεοῦ,
588 2192 714 2224 εὐσθενὲς
730 2193 830 2224 αὐτοῖς,

45 2241 89 2266 καὶ
102 2240 300 2276 μαχιμώτατον
316 2239 430 2270 ἐντιθεὶς
444 2239 473 2265 τὸ
489 2239 625 2274 φρόνημα,
643 2239 689 2265 καὶ
705 2238 767 2270 δοὺς
784 2238 832 2265 αὔ-

879 321 953 348 illum
971 321 1158 351 denominans.
1181 319 1280 346 Beatus
1301 326 1365 346 vero
1386 318 1497 354 angelus
1517 326 1550 345 ex
1567 325 1663 353 opera~

881 367 953 394 tione
975 371 1002 394 et
1025 365 1168 394 eilicientia
1197 365 1221 392 ei
1247 371 1343 391 nomen
1375 364 1519 399 imposuit;
1545 363 1664 391 servavit

879 412 950 439 enim
966 412 1091 446 populum
1108 418 1185 439 suum
1201 420 1208 438 :
1226 415 1366 445 propterea
1383 414 1493 436 vocatus
1507 413 1548 436 est
1565 408 1662 436 Serva-

881 461 932 484 tor.
959 456 1099 491 Siquidem
1125 456 1232 491 quando
1259 455 1328 483 hanc
1348 454 1438 482 carnis
1462 453 1661 486 generationem

879 506 989 537 propter
1003 509 1051 528 nos
1064 502 1216 533 subiverat,
1241 500 1397 535 angelorum
1413 499 1496 534 copiae
1509 499 1662 535 pastoribus

879 552 984 581 partum
1005 546 1121 574 faustum
1138 551 1164 575 et
1179 546 1284 575 felicem
1303 546 1508 579 annuntiarunt,
1523 546 1660 573 dicentes:

885 602 894 619 ι
922 591 1009 620 Nolite
1041 593 1137 620 timere
1169 601 1176 620 :
1203 599 1266 620 ecce
1298 592 1369 620 enim
1405 591 1559 627 evangelizo
1588 591 1663 618 vobis

878 638 957 666 hodie
977 638 1113 674 gaudium.
1131 645 1267 671 magnum,
1285 638 1356 672 quod
1375 637 1429 665 crit
1453 636 1571 664 futurum
1588 635 1662 663 omni

878 683 988 718 populo,
1003 683 1064 718 quia
1079 686 1158 710 natus
1171 687 1211 709 est
1226 682 1303 709 hodie
1317 682 1456 713 Servator,
1472 681 1517 716 qui
1536 686 1578 708 est
1591 680 1663 710 Deus

876 729 1006 757 Dominus
1030 730 1057 757 in
1080 729 1190 757 civitate
1211 728 1295 755 David
1311 728 1365 754 τ’.»
1391 727 1483 762 Itaque
1504 726 1662 754 Emmanuel

877 775 963 802 dictus
991 780 1041 808 est,
1057 775 1121 809 quia
1142 764 1212 802 Deus
1228 778 1322 801 natura
1346 772 1433 800 factus
1447 776 1489 800 est
1509 771 1660 804 nobiscum,

877 821 901 849 id
910 826 961 853 est.
972 822 1061 849 homo.
1073 821 1152 849 Jesus
1163 827 1251 849 autem
1262 821 1325 856 quia
1335 825 1492 848 serraturus
1501 824 1560 848 erat
1570 820 1663 849 orbem

877 873 1022 901 terrarum,
1039 868 1108 895 Deus
1123 867 1179 902 ipse
1194 871 1222 895 et
1238 867 1318 895 homo
1333 866 1429 896 factus.
1445 866 1558 900 Quando
1575 866 1657 901 igitur

877 913 975 948 prodiit
995 921 1010 941 e
1029 918 1122 940 ventre
1135 921 1190 941 suae
1206 914 1311 946 matris,
1324 920 1357 941 ex
1371 921 1402 941 ea
1419 913 1490 940 enim
1511 917 1591 940 nalus
1610 916 1661 943 est,

877 959 948 994 quod
963 959 995 985 ad
1008 966 1116 987 carnem
1131 959 1238 991 attinet,
1252 964 1316 986 tunc
1328 959 1409 987 etiam
1422 963 1546 986 vocatum
1558 963 1601 985 est
1614 964 1663 984 uo-

879 1012 937 1031 men
947 1003 1017 1039 ejus.
1035 1003 1133 1032 Parum
1143 1005 1214 1031 cnim
1222 1011 1372 1039 congruens
1383 1011 1479 1032 nomen
1488 1008 1530 1032 est
1539 1003 1664 1031 Christus

879 1049 1034 1083 DeoVerbo,
1045 1055 1108 1077 ante
1119 1050 1299 1083 nativitatem,
1307 1058 1367 1086 quae
1376 1055 1429 1084 est,
1439 1051 1558 1084 inquam,
1566 1057 1663 1077 secun-

878 1094 940 1121 dum
948 1093 1191 1122 carnem.Nondum
1201 1095 1274 1122 enim
1283 1100 1390 1127 unctus,
1398 1095 1664 1130 quomodoChristus

878 1139 929 1166 dici
944 1140 1050 1174 potest?
1059 1140 1172 1174 Quando
1184 1140 1255 1168 enim
1269 1140 1367 1175 prodiit
1380 1147 1394 1168 e
1405 1145 1499 1168 ventre
1509 1140 1605 1168 matris
1617 1141 1664 1168 ho-

880 1193 932 1218 mo,
944 1190 1006 1212 tunc
1013 1185 1220 1221 appellationem
1235 1186 1439 1221 accipitcarnali
1450 1187 1584 1214 nativitati
1596 1194 1663 1214 coa-

878 1232 1050 1260 sentientcm.
1059 1232 1179 1260 Positum
1188 1232 1268 1259 etiam
1277 1232 1328 1260 sibi
1337 1239 1368 1260 os
1376 1232 1451 1264 dicit,
1461 1233 1533 1260 velut
1542 1232 1662 1268 gladium

880 1282 1000 1305 acutum.
1021 1278 1118 1305 Verum
1136 1285 1243 1313 quoque
1257 1278 1310 1305 hoc
1322 1282 1373 1306 est.
1386 1277 1524 1311 Scriptum
1540 1282 1582 1306 est
1591 1278 1664 1305 enim

878 1324 911 1350 de
928 1331 972 1355 eo.
993 1324 1047 1351 imo
1064 1324 1129 1351 dicit
1149 1324 1205 1359 ipse
1227 1323 1359 1359 propheta
1384 1323 1487 1351 lsaias:
1503 1333 1512 1350 ι
1533 1324 1565 1350 Et
1583 1328 1665 1351 erunt

877 1369 958 1404 657
977 1369 1058 1397 lumbi
1074 1369 1131 1404 ejus
1147 1369 1276 1397 succincti
1301 1369 1419 1402 iustitia,
1437 1373 1463 1397 et
1484 1369 1568 1397 latera
1587 1369 1664 1397 invo—

878 1414 933 1441 luta
951 1414 1073 1441 veritate.
1094 1414 1128 1441 Et
1149 1414 1175 1441 in
1202 1414 1296 1448 spiritu
1315 1421 1363 1449 per
1381 1413 1452 1442 labia
1480 1413 1583 1442 auferet
1612 1414 1664 1441 im-

877 1460 951 1494 pium
968 1460 1013 1486 ⁷“”.
1033 1469 1042 1485 ι
1061 1459 1155 1486 Divina
1171 1459 1242 1486 enim
1257 1464 1284 1486 ct
1308 1459 1426 1487 caelestis
1452 1459 1617 1494 praedicatio,
1639 1460 1665 1488 id

880 1511 932 1539 est,
950 1506 1115 1541 evangelica,
1138 1513 1184 1533 ore
1202 1505 1301 1533 Christi
1320 1506 1469 1538 enuntiata,
1491 1506 1595 1540 gladius
1608 1511 1667 1534 erat

879 1557 973 1580 acutus
987 1556 1013 1579 et
1029 1551 1342 1586 penetrautissimus“",
1352 1557 1445 1579 contra
1460 1551 1556 1579 diaboli
1573 1557 1665 1587 tyran-

881 1599 982 1631 nidem,
993 1599 1088 1627 tollens
1104 1604 1223 1628 rectores
1242 1600 1413 1627 tenebrarum
1430 1599 1536 1631 harum,
1550 1599 1668 1635 etspiri-

883 1646 963 1674 tualia
978 1647 1104 1682 nequitiae
1117 1646 1150 1673 ⁷³.
1167 1646 1311 1681 Dissiparit
1321 1646 1392 1673 enim
1402 1646 1502 1673 erroris
1513 1646 1666 1681 caliginem,

880 1697 906 1720 et
919 1692 1040 1720 omnium
1057 1691 1183 1719 cordibus
1209 1699 1279 1718 vera:
1304 1692 1349 1718 Dci
1375 1692 1536 1726 cognitionis
1563 1693 1666 1720 radium

882 1737 1002 1769 immisitI
1017 1743 1044 1765 et
1056 1738 1148 1764 orbem
1165 1742 1298 1765 terrarum
1314 1737 1346 1764 ad
1364 1731 1434 1771 piam
1451 1737 1510 1764 vitae
1522 1745 1668 1765 conversa-

882 1784 980 1810 tionem
1001 1782 1127 1815 traduxit,
1144 1789 1291 1817 omnesque
1314 1786 1467 1810 sanctorum
1483 1782 1666 1811 institutorum

881 1833 1019 1856 amatores
1033 1828 1159 1861 reddidit,
1173 1835 1204 1855 ac
1218 1827 1317 1855 mundo
1331 1832 1470 1862 peccatum
1481 1828 1559 1863 quasi
1573 1829 1668 1856 decus-

881 1875 916 1902 sit
930 1880 1011 1910 atque
1024 1874 1180 1906 demessuit,
1199 1873 1252 1901 (ide
1263 1873 1418 1908 justiﬁeans
1429 1873 1552 1910 impium,
1563 1875 1669 1910 replens

882 1928 929 1948 eos
943 1921 989 1956 qui
1007 1920 1139 1948 accedunt
1166 1924 1260 1947 sancto
1285 1919 1398 1954 Spiritu,
1426 1927 1527 1955 eosque
1550 1921 1669 1948 elIiciens

883 1966 930 1994 Dei
947 1967 1026 1999 ﬁlios,
1051 1966 1154 2005 fortem
1168 1970 1194 1993 et
1212 1967 1244 1993 ad
1267 1973 1384 2000 pugnam
1401 1965 1595 1994 validissimum
1616 1967 1669 1994 illis

883 2012 977 2040 indens
991 2012 1123 2044 animum,
1139 2011 1259 2046 dansque
1280 2011 1334 2039 illis
1357 2011 1474 2047 gladium
1496 2011 1624 2046 Spiritus,
1644 2013 1669 2040 id

883 2064 935 2092 est,
954 2059 1064 2086 verbum
1082 2057 1138 2089 Dei,
1158 2062 1198 2091 ut,
1226 2057 1268 2085 liis
1294 2057 1340 2092 qui
1365 2057 1500 2092 quondam
1516 2058 1670 2093 superiores

883 2110 961 2133 erant
989 2104 1158 2135 resistentes,
1177 2103 1210 2131 ad
1227 2103 1351 2131 bravium
1375 2110 1498 2138 supernae
1522 2103 1671 2131 vocationis

884 2154 1007 2184 currant,
1023 2149 1096 2177 nullo
1112 2150 1248 2177 obstante.
1264 2149 1341 2182 Quod
1353 2154 1442 2177 autem
1454 2149 1512 2177 lucc
1531 2150 1672 2185 disciplina

883 2201 911 2224 et
925 2196 1091 2232 mystagogia
1107 2203 1155 2230 per
1174 2193 1312 2223 Christum
1339 2195 1437 2223 diaboli
1456 2195 1624 2231 tyrannidem
1646 2195 1672 2223 in

880 2243 927 2273 bis
939 2243 1023 2279 quiin
1043 2247 1115 2270 terra
1129 2246 1191 2269 sunt
1208 2241 1353 2274 everterit,
1374 2241 1525 2269 declarabit
1543 2242 1673 2276 propheta

47 2287 96 2316 τοῖς
109 2286 163 2322 τὴν
179 2286 316 2321 μάχαιραν
332 2285 381 2312 τοῦ
392 2284 559 2320 Πνεύματος,
576 2284 590 2310 ὃ
601 2285 658 2311 ἐστι
671 2285 745 2320 ῥῆμα
756 2284 833 2316 Θεοῦ,

888 2288 980 2321 Isaias,
995 2288 1088 2315 dicens
1103 2296 1110 2314 :
1128 2286 1175 2313 lllo
1193 2287 1237 2314 die
1252 2286 1361 2314 inducet
1377 2287 1446 2314 Deus
1466 2286 1583 2320 gladium
1608 2294 1672 2314 san-

47 2332 86 2358 ἴνα
100 2334 158 2364 τοῖς
176 2340 240 2358 ποτε
259 2331 459 2366 κεκρατηκόσιν
479 2330 703 2366 ἀντανιστάμενοι
719 2330 786 2365 πρὸς
803 2330 833 2356 τὸ

49 2376 173 2411 βραϐεῖον
193 2377 242 2412 τῆς
257 2376 313 2403 ἄνω
331 2377 454 2412 κλήσεως
472 2376 600 2412 τρέχωσι,
619 2375 834 2412 παρεμποδίζον-

48 2431 90 2455 τος
105 2423 226 2454 οὐδενός.
249 2423 310 2449 Ὀτι
334 2422 362 2449 δὲ
385 2422 435 2457 τῆς
458 2421 505 2448 τοῦ
528 2421 653 2448 διαϐόλου
677 2421 834 2456 τυραννίδος

50 2469 207 2506 ἀναιρετικὴ
224 2469 319 2503 γέγονε
334 2470 389 2500 τοῖς
406 2468 453 2495 ἐπὶ
467 2468 516 2503 τῆς
535 2469 602 2503 γῆς,
618 2468 634 2503 ἡ
650 2466 693 2493 διὰ
714 2465 833 2502 Χριστοῦ

52 2514 189 2546 παίδευσὶς
216 2523 246 2540 τε
271 2514 318 2540 καὶ
348 2513 542 2548 μυσταγωγία,
569 2513 695 2548 σαφηνιεῖ
716 2511 803 2545 λέγων
819 2512 834 2537 ὁ

53 2561 193 2596 προφήτης
214 2559 340 2591 Ἡσαΐας·
362 2559 406 2585 Ἐν
430 2560 463 2594 τῇ
482 2559 574 2594 ἡμέρᾳ
595 2558 685 2594 ἐκείνῃ
708 2557 802 2591 ἐπάξει
821 2557 834 2583 ὁ

53 2606 112 2638 θεὸς
134 2607 185 2642 τὴν
211 2606 348 2641 μάχαιραν
364 2605 415 2641 τὴν
433 2605 513 2639 ἁγίαν
527 2604 576 2639 τὴν
591 2604 713 2640 μεγάλην
729 2604 774 2630 ἐπὶ
791 2603 836 2630 τὸν

55 2650 183 2685 δράκοντα
199 2652 244 2678 τὸν
261 2652 322 2686 ὅφιν
337 2651 452 2683 σκολιὸν,
470 2651 517 2677 καὶ
531 2650 619 2677 ἀνελεῖ
631 2650 676 2677 τὸν
691 2649 836 2685 δράκοντα.

58 2696 223 2731 Προσεπάγει
249 2697 288 2730 δὲ,
307 2698 349 2723 ὅτι
367 2697 422 2723 Καὶ
436 2696 487 2722 ὑπὸ
501 2696 550 2731 τὴν
565 2696 669 2731 σκέπην
683 2697 731 2730 τῆς
748 2696 839 2731 χειρὸς

60 2743 131 2769 xit-.05
150 2743 254 2779 ἔκρυψὲ
280 2751 324 2778 με.
345 2743 400 2769 Καί
424 2751 491 2777 φησι
519 2742 567 2777 μὲν
584 2741 837 2778 ἀνθρωποπρεπῶς,

60 2786 122 2824 πλὴν
144 2790 200 2820 τοῖς
217 2789 361 2824 ὰρτίφροσι
377 2787 494 2822 χαλεπὸν
513 2787 597 2820 οὐδὲν,
616 2787 663 2814 καὶ
676 2787 720 2814 διὰ
736 2787 838 2814 τούτων

61 2831 117 2859 ὶδείν
133 2833 284 2869 ἀχώριστον
299 2833 363 2859 ὄντα
378 2829 426 2875 τοῦ
439 2831 506 2858 Θεοῦ
524 2832 570 2858 καὶ
584 2832 687 2867 [ἰατρὸς
702 2831 747 2858 τὸν
762 2831 835 2864 Υιδν,

93 2924 114 2940 "
128 2923 192 2952 Luc.
212 2933 242 2956 ιι,
263 2924 305 2956 l0,
326 2923 366 2950 ll.
405 2925 438 2939 τ’·
456 2924 505 2951 lsa.
528 2922 604 2954 xt,5.

643 2923 684 2950 7""
702 2921 784 2950 llcbr.
804 2929 839 2953 Iv,
859 2921 898 2947 Η.

887 2338 971 2367 ctum,
993 2339 1131 2367 magnum,
1151 2339 1231 2366 super
1257 2331 1402 2359 draconem
1426 2336 1580 2366 serpentem
1606 2331 1671 2358 obli-

889 2386 984 2413 quum,
1001 2382 1028 2405 et.
1043 2378 1187 2405 draconem
1205 2375 1356 2403 interﬁciet.
1374 2375 1455 2403 Addit
1468 2384 1475 2402 :
1488 2375 1521 2402 Et
1544 2375 1593 2403 sub
1610 2382 1673 2410 pro-

888 2423 1004 2452 tectione
1021 2431 1118 2451 manus
1136 2430 1190 2451 suae
1208 2421 1349 2450 abscondit
1371 2428 1424 2449 me.
1451 2421 1574 2448 Humano
1600 2427 1674 2448 more

888 2470 1021 2505 loquitur;
1037 2477 1129 2498 verum
1144 2468 1320 2504 prudentibus
1339 2467 1405 2495 nihil
1419 2466 1526 2495 difﬁcile
1543 2467 1625 2494 etiam
1640 2474 1674 2494 ex

889 2515 930 2542 his
957 2516 1047 2543 verbis
1060 2515 1152 2542 videre
1165 2514 1261 2542 Filium
1277 2521 1291 2540 a
1316 2513 1369 2540 Deo
1382 2517 1409 2540 et
1434 2512 1514 2540 Patre
1539 2520 1591 2540 non
1615 2519 1675 2540 esse.

889 2560 1037 2593 dividuum,
1065 2564 1092 2586 et.
1122 2559 1205 2587 fuisse
1236 2559 1372 2586 hominem
1402 2559 1513 2586 factum.
1536 2559 1582 2585 Ait
1602 2558 1674 2585 enim

891 2606 972 2633 fuisse
989 2606 1038 2633 sub
1059 2605 1229 2640 protectione
1258 2605 1360 2631 dextrze
1387 2604 1445 2640 ejus
1472 2608 1501 2631 ut
1524 2603 1677 2631 subindicet

890 2657 993 2679 naturae
1006 2659 1061 2680 sua:
1078 2652 1142 2683 vim,
1158 2658 1217 2686 quae
1232 2651 1290 2686 capi
1303 2655 1330 2678 ct
1347 2650 1495 2686 expugnari
1511 2658 1562 2678 non
1576 2654 1674 2685 potest,

891 2697 943 2724 sibi
957 2696 1100 2730 reservari,
1116 2696 1198 2723 etiam
1212 2696 1235 2722 si
1262 2699 1381 2723 nostram
1409 2696 1590 2723 conditionem
1610 2695 1676 2723 sub-

890 2743 981 2770 iverit.
998 2742 1083 2770 Nemo
1096 2742 1167 2769 enim
1185 2741 1396 2776 omnipotentem
1417 2743 1555 2769 dexteram
1566 2742 1675 2768 vincet:

891 2790 927 2818 at,
947 2791 975 2812 ut
988 2786 1053 2818 dixi,
1070 2786 1175 2813 ratione
1187 2790 1215 2813 et
1230 2793 1356 2813 mensura
1375 2785 1549 2812 humanitatis
1558 2785 1675 2813 Verbum

891 2836 1043 2867 separatum
1064 2837 1115 2859 est.
1131 2832 1177 2859 Est
1193 2831 1263 2859 enim
1286 2831 1401 2860 Verbum
1420 2839 1433 2859 ει
1452 2831 1506 2858 Deo
1522 2830 1600 2858 Patre
1622 2829 1676 2857 for-

946 2921 1086 2956 “Ephes.
1103 2930 1137 2955 ιι,
1155 2923 1196 2949 12.
