1883 3055
216 238 289 267 ἳθΞθ

711 231 738 258 S.
760 227 896 258 CYRILLI
918 224 1149 255 ALEXANDRINI
1168 223 1329 254 ARCHlEP.

1783 219 1848 247 10ῑο

216 299 365 328 'tissimum,
382 300 410 323 et
428 295 484 329 ipse
510 297 551 321 est
575 291 703 319 Dominus
731 289 908 317 exercituum.
933 288 1025 322 Quia;

1083 287 1099 314 ιὶ
1114 288 1154 314 ὅτι
1171 286 1282 320 γέγονεν
1303 283 1455 320 ἄνθρωπος.
1475 281 1546 310 ’Υπδ
1567 280 1677 317 σκέπην
1702 278 1762 315 γὰρ
1782 278 1848 306 εἶναί

221 352 284 371 vero
301 343 385 370 factus
396 345 436 369 est
451 341 543 372 homo,
559 346 612 366 non
627 337 772 364 dedecorat
789 334 868 362 Pater
879 334 1004 360 virtutem

221 388 356 424 mystcrii,
371 387 419 414 scd
440 384 667 419 dispensationem
686 381 839 414 conllrmat,
866 384 893 407 et
917 378 952 406 de
974 385 1006 406 eo

220 434 309 469 inquit
324 433 380 469 lyra
402 431 545 460 Psallentis
560 437 567 457 :
589 438 599 456 ι
621 428 679 456 Non
695 427 819 463 proficiet
834 426 958 453 inimicus
979 425 1005 452 in

221 468 266 511 eo,
292 483 319 506 et
336 468 408 505 blius
430 475 581 511 iniquitatis
605 481 660 502 non
677 475 772 508 perget
798 470 875 498 malis
902 468 1007 496 allicere

221 533 293 552 eum.
309 524 343 551 Et
356 522 494 550 concidam
509 528 523 548 a
538 523 684 554 conspectu
711 511 780 552 ejus.
791 515 915 543 inimicos
938 513 1006 547 ejus,

222 575 249 598 ct
268 570 313 605 qui
339 569 453 597 oderunt
467 574 527 594 eum
550 566 576 593 in
603 564 693 600 fugam
717 555 842 590 vertam:
860 565 888 588 et
908 560 1008 588 veritas

223 623 294 648 mea,
310 619 337 643 et
352 612 537 642 misericordia
554 618 612 638 mea
627 617 686 637 cum
703 615 736 636 eo
747 607 792 634 "".
809 616 818 633 ι
835 606 903 633 Vide
915 604 1006 639 igitur,

222 661 283 689 vide
301 661 382 688 etiam
410 659 484 686 illum
513 658 630 684 humano
653 660 728 682 more
746 651 901 687 prophetica
926 648 1009 684 658

221 713 288 733 voce
297 705 461 740 loquentem,
472 703 517 738 qui
537 705 646 736 propter
662 705 711 726 nos
725 696 812 725 nostri
825 695 922 723 similis
937 694 986 721 fuit
999 703 1006 721 :

224 752 281 778 Sub
304 739 472 786 prrotcCtione
492 754 588 775 manus
609 752 665 773 suae
687 742 828 771 abscondit
842 749 894 768 me.
917 739 1010 767 Posuit

224 805 278 831 me,
296 797 394 831 inquit,
411 796 484 822 velut
499 794 626 829 sagittam
644 791 771 822 electam,
796 788 862 816 etin
884 786 1008 822 pltaretra

223 852 271 871 sua
285 843 404 871 contexit
428 849 481 868 me.
499 839 657 873 Complures
678 837 750 864 enim
776 834 884 862 fuerunt
906 832 1010 866 sagittas

224 887 285 919 Dei,
299 887 357 914 suis
372 884 551 920 temporibus,
569 883 596 910 in
618 890 665 910 sua
684 879 866 917 prmscientia,
883 881 1009 912 tanquam

225 933 252 960 in
269 932 393 967 pharetra
419 928 594 960 abscouditm,
619 934 669 954 suo
699 932 813 960 quaeque
839 920 1010 951 eonvenienti

225 983 347 1012 tempore
360 976 505 1012 productae.
525 973 578 1002 Sed
595 973 680 1000 electa
697 977 724 999 et
742 977 822 1005 supra
833 976 927 996 omnes
941 971 1009 999 erat,

222 1024 361 1057 Christus|
379 1021 547 1052 abscondita,
561 1024 590 1047 ut
605 1019 672 1050 dixi,
688 1018 715 1045 in
729 1014 899 1052 praescientia
910 1013 1008 1046 Patris,

225 1071 300 1098 velut
312 1071 337 1096 in
350 1069 488 1103 pharetra.
506 1065 651 1094 Praescitus
668 1063 740 1090 cnim
764 1061 814 1088 fuit
831 1066 894 1088 ante
911 1059 1012 1086 eonsti-

227 1117 356 1144 tntionem
371 1114 473 1146 mundi,
487 1112 633 1147 productus
649 1117 711 1137 vero
723 1109 749 1136 in
763 1106 891 1138 medium,
905 1104 1012 1141 quando

230 1167 314 1190 totam
330 1165 429 1188 terram
446 1158 587 1194 oportebat
605 1156 732 1187 inrisere,
752 1161 812 1188 quae
831 1153 857 1180 in
875 1151 1011 1179 interitum

227 1213 254 1235 et
271 1207 382 1234 exitium
399 1205 546 1236 ceciderat,
565 1210 597 1230 eo
612 1202 683 1237 quod
693 1205 824 1228 creatura:
837 1205 917 1233 supra
930 1197 1013 1224 Crea-

225 1260 314 1281 torem
331 1252 455 1284 serviret,
474 1255 501 1278 et
524 1248 672 1277 immundis
693 1246 845 1282 subiaceret
863 1243 1012 1279 spiritibus,

227 1306 255 1328 et
274 1298 377 1335 peccati
395 1297 497 1332 laqueis
512 1295 612 1330 illigata
621 1292 718 1320 ‘fuerit.
731 1291 793 1319 Haec
803 1290 900 1325 sagitta
916 1289 1012 1322 electa,

228 1346 266 1374 uti
288 1345 355 1377 dixi,
377 1344 463 1379 ipsum
482 1343 610 1369 Satanam
640 1338 788 1370 interimet,
814 1341 842 1364 et
868 1339 1014 1370 potestates

229 1393 313 1420 molas
333 1398 392 1426 quae
407 1397 467 1418 cttm
480 1389 539 1424 ipso
555 1391 628 1415 sunt.
639 1385 775 1413 lnterimet
786 1383 912 1411 similiter
924 1381 1015 1408 hostes

229 1425 364 1469 veritatis,
380 1441 407 1464 et
425 1435 471 1470 qui
501 1431 682 1461 sacrosanctis
702 1430 760 1466 ejus
781 1425 1015 1463 praedicationibus

229 1484 312 1518 impie
328 1482 496 1510 restiterunt.
512 1479 581 1512 Quin
597 1483 624 1505 et
637 1477 715 1504 aliter
736 1475 870 1506 vulnerat,
894 1473 926 1500 ad
941 1471 1014 1499 utili-

228 1536 313 1558 tatem
331 1533 358 1557 et
374 1528 497 1556 salutem.
517 1525 563 1553 Sic
586 1523 657 1551 enim
675 1523 701 1550 in
715 1521 828 1548 Cantieo
849 1519 1015 1546 canticorum

231 1579 268 1605 ait
280 1582 408 1611 percussa
424 1579 523 1608 sponsa
537 1581 543 1599 :
561 1569 723 1598 (Vulnerata
733 1575 781 1602 ego
792 1574 849 1593 sum
859 1565 991 1592 amore“.
1004 1572 1013 1590 ι

227 1623 360 1657 Ὧὶχὶιίμιθ
372 1620 451 1652 mibi,
469 1618 565 1652 inquit,
582 1615 686 1643 scilicet
700 1613 780 1641 Pater
798 1621 805 1639 :
823 1611 922 1639 Servus
942 1616 1017 1637 meus

228 1678 262 1697 cs
274 1653 323 1700 tu,-
335 1666 426 1699 Israel,
446 1668 474 1692 et
489 1664 515 1690 in
530 1667 556 1690 te
571 1660 751 1697 glorificabor.
770 1656 792 1685 0
808 1655 1016 1692 profunditatem

1083 1663 1220 1698 πνεύμασι,
1239 1661 1286 1688 καὶ
1305 1661 1361 1691 τοῖς
1383 1660 1433 1694 τῆς
1455 1657 1592 1693 ἁμαρτίας
1617 1655 1777 1682 ἐνδεδέσθαι
1801 1653 1857 1688 βρόε
1882 1660 1883 1691 ἦ

228 1716 389 1744 'divitiarum
404 1716 431 1739 et
444 1709 584 1745 sapientiae
605 1711 633 1735 et
655 1705 774 1734 scientiae
802 1702 864 1730 Deil
890 1700 1017 1736 quemad-

233 1760 342 1788 modum
357 1758 488 1793 scriptum
501 1759 543 1782 est
557 1753 604 1781 7.“.
620 1751 686 1779 Erat
702 1750 772 1778 enim
787 1753 815 1776 et
833 1752 874 1776 est
887 1747 955 1774 liber
971 1745 1019 1773 Fi-

226 1807 295 1839 ‘lius,
311 1810 342 1833 ut
361 1804 406 1839 qui
432 1808 531 1830 arcano
544 1800 623 1828 modo
639 1803 715 1827 ortus
729 1796 764 1824 sit
782 1802 815 1822 ex
829 1793 947 1822 essentia
960 1799 1020 1827 quas

233 1856 275 1880 est
289 1837 415 1884 tauquam
429 1847 521 1881 regina
534 1844 666 1872 omnium.
682 1841 780 1869 Verum
797 1839 898 1866 audivit
912 1837 1019 1865 Patrem

231 1898 368 1925 dicentem
393 1904 399 1922 :
420 1894 520 1921 Servus
531 1898 607 1918 meus
620 1897 650 1917 es
665 1893 704 1916 tu.
719 1888 813 1922 Itaque
835 1885 952 1912 Verbum
973 1890 1021 1910 na-

234 1950 295 1972 tura
304 1943 388 1974 ‘liber,
407 1938 608 1975 dispensatione
628 1935 730 1964 carnali
750 1939 777 1962 et
792 1931 938 1961 secundum
960 1937 1021 1957 car-

236 1996 297 2016 nem
314 1986 461 2017 intellecta,
481 1984 614 2011 formatur
629 1987 723 2008 servus
741 1988 748 2007 :
766 1983 795 2005 ut
812 1983 906 2005 rursus
920 1975 1022 2010 cogites

234 2035 295 2069 ejus
313 2033 347 2061 de
371 2031 483 2059 muliere
499 2029 645 2057 secundum
671 2033 778 2053 carnem
799 2023 968 2050 nativitatem
995 2020 1021 2047 in

233 2066 368 2115 ternpore.
384 2077 512 2105 lsraelem
534 2074 619 2101 fuisse
646 2072 712 2100 dicit
742 2078 815 2103 eum,
842 2069 912 2104 quod
943 2066 1024 2094 fuerit

238 2112 317 2153 natus
333 2132 366 2152 ex
390 2121 520 2156 sanguine
537 2117 631 2150 lsrael,
649 2116 719 2151 quod
732 2115 765 2142 ad
780 2121 888 2142 carnem
912 2112 1021 2143 attinet;

238 2171 399 2201 sed-etiam,
414 2166 512 2201 inquit,
541 2164 568 2191 in
595 2167 622 2190 te
650 2160 829 2197 glorificabor.
854 2157 1024 2187 Gloriﬁcatus

234 2218 310 2245 enim
324 2220 383 2244 erat
400 2212 588 2240 universorum
610 2209 683 2236 Deus
703 2207 783 2235 etiam
806 2213 855 2241 per
881 2205 1024 2241 prophetas

238 2266 360 2293 sanctos,
375 2259 423 2287 sed
438 2265 491 2285 non
504 2257 530 2283 in
551 2255 613 2282 illis.
632 2254 660 2281 ln
683 2253 792 2281 Christo
813 2257 902 2279 autem
931 2251 1025 2278 incon-

239 2312 318 2336 sueto
331 2312 358 2333 et
370 2304 500 2332 inusitato
517 2302 596 2329 modo
614 2310 620 2328 :
638 2305 667 2327 ut
682 2300 728 2334 qui
743 2299 769 2326 in
791 2297 836 2325 illo
858 2295 1025 2331 glorificatns

1056 342 1123 369 φησι
1142 332 1193 367 τῆς
1210 331 1300 365 δεξιᾶς
1322 329 1418 362 αὑτοῦ,
1434 329 1478 356 ἵνα
1493 328 1524 355 τὺ
1545 328 1678 364 ἄληπτον,
1697 326 1749 353 καὶ
1769 325 1848 352 hu:-

1056 378 1206 413 αγώνιστον
1222 377 1272 412 τῆς
1287 375 1383 403 ἑαυτοῦ
1395 375 1502 410 φύσεως
1516 373 1677 409 ὑπεμφαίνῃ
1693 371 1849 406 σωζόμενον

1056 424 1140 459 αὐτῷ,
1155 423 1202 451 καὶ
1216 423 1240 449 εἰ
1255 423 1366 458 γέγονεν
1381 422 1409 448 ἐν
1421 422 1475 453 τοῖς
1494 420 1556 447 καθ’
1573 419 1658 455 ἡμᾶς.
1676 416 1849 452 Κατισχύσει

1056 470 1112 506 γὰρ
1121 470 1171 505 τῆς
1186 468 1350 500 πανσϐενοῦς
1364 467 1453 500 δεξιᾶς
1464 467 1562 498 οὐδεὶς,
1577 465 1752 501 κεχώρισται
1769 463 1849 495 δὲ,ὠ;

1058 516 1137 553 ἔφην,
1153 517 1167 542 ὁ
1179 515 1266 549 Λόγος
1283 515 1338 545 τοῖς
1350 513 1401 549 τῆς
1415 512 1625 548 ἀνθρωπότητος
1641 510 1772 546 μέτροις.
1793 509 1851 535 Ἔτι

1059 562 1108 598 μὲν
1123 561 1175 596 γὰρ
1187 559 1327 594 παναλκὴς
1339 558 1353 584 ὸ
1364 559 1395 585 ὲκ
1409 557 1477 584 Θεοῦ
1492 556 1600 592 Πατρὸς
1619 556 1723 589 Λόγος,
1743 553 1792 581 καὶ
1803 553 1849 580 αὒ-

1055 607 1103 639 τός
1125 608 1199 634 ἐστιν
1221 606 1235 632 ὸ
1255 604 1309 632 τῶν
1323 604 1464 639 δυνάμεων
1478 602 1589 638 Κύριος.
1613 600 1727 636 Ἐπειδὴ
1742 599 1850 634 γέγονεν

1058 653 1211 689 ἄνθρωπος,
1234 650 1283 678 οὐκ
1308 649 1450 684 ἀτιμάζων
1471 649 1486 675 ὸ
1507 647 1601 683 Πατὴρ
1624 647 1674 674 τοῦ
1700 645 1850 681 μυστηρίου

1057 699 1107 735 τὴν
1117 695 1244 734 δύνᾶμιν,
1261 695 1474 731 συγκαθίσταται
1489 695 1521 730 τῇ
1535 693 1688 728 οἰκονομία.
1711 692 1765 718 καί
1789 699 1850 725 φησι

1060 744 1128 780 πρδς
1152 742 1236 770 αὐτοῦ
1260 741 1302 768 διὰ
1320 741 1371 776 τῆς
1390 740 1437 767 τοῦ
1456 739 1613 770 Ψάλλοντος
1634 737 1724 772 λύρας
1738 745 1746 752 ο
1774 745 1785 762 ε
1799 736 1851 762 Οὐκ

1059 789 1195 825 ὠφελήσει
1212 787 1309 823 ἐχθρὸς
1319 787 1347 813 ὲν
1360 785 1444 820 αὐτῷ,
1456 786 1504 812 καὶ
1518 785 1576 816 υἱὸς
1590 783 1708 818 ἀνομίας
1726 782 1760 809 οὐ
1773 790 1852 816 πρεσ-

1059 835 1136 871 θήσει
1155 833 1203 860 τοῦ
1220 832 1346 860 κακῶσαι
1368 832 1459 864 αὑτὸν,
1475 831 1522 857 καὶ
1542 829 1672 864 συγκόψω
1692 828 1753 855 ἀπὸ
1771 837 1851 863 προσ-

1059 881 1135 908 ώπου
1150 880 1214 912 τοὺς
1236 878 1350 915 ἐχθροὺς
1370 877 1464 905 αὑτοῦ.
1483 876 1538 904 Καὶ
1551 877 1614 908 τοὺς
1638 874 1795 911 μισοῦντας
1807 875 1852 901 αὐ-

1059 927 1105 954 τὸν
1125 925 1311 962 τροπώσομαι.
1332 924 1388 951 Καὶ
1411 924 1428 959 ἡ
1445 922 1558 958 ἀλήθειά
1581 930 1632 957 μου
1654 921 1704 948 καὶ
1732 921 1766 947 τὸ
1783 921 1851 951 ἐλεὸς

1025 989 1047 1017 Β
1064 981 1114 1009 μου
1132 972 1190 1008 μετ’
1203 971 1296 999 αὐτοῦ.
1315 979 1324 996 ι
1340 969 1435 1004 ’Δθρει
1450 968 1482 1004 δὴ
1496 966 1553 1000 οὖν,
1568 967 1656 1002 ἄθρει,
1675 966 1727 993 καὶ
1743 965 1789 992 διὰ
1807 965 1852 999 τῆς

1060 1018 1108 1046 τοῦ
1124 1017 1265 1053 προφήτου
1284 1015 1385 1051 φωνῆς,
1404 1012 1648 1049 ἀνθρωποπρεπῶς
1670 1011 1793 1046 λέγοντα
1810 1011 1854 1037 τὴν

1061 1064 1095 1091 δι’
1115 1064 1200 1099 ἡμᾶς,
1223 1062 1282 1089 καθ’
1305 1062 1395 1097 ἡμᾶς·
1416 1059 1485 1087 Ὑπὸ
1499 1059 1548 1095 τὴν
1565 1058 1671 1093 σκέπην
1688 1058 1744 1092 τῆς
1765 1056 1854 1092 χειρδς

1063 1110 1145 1138 αὑτοῦ
1173 1109 1275 1145 ἔκρυψέ
1312 1117 1356 1144 με.
1375 1106 1477 1142 ’Ἐθηκέ
1501 1109 1546 1142 με,
1579 1105 1673 1140 φησὶν,
1703 1104 1745 1135 ὡς
1782 1103 1854 1138 βέλος

1062 1156 1199 1188 ἐκλεκτὸν,
1215 1156 1262 1182 καὶ
1283 1156 1312 1181 ὲν
1331 1156 1364 1190 τῇ
1387 1153 1510 1189 φαρέτρα
1531 1152 1613 1178 αὑτοῦ
1638 1149 1784 1177 ἐσκέπασὲ
1812 1157 1852 1184 με.

1063 1203 1180 1231 Πλεῖστα
1202 1201 1252 1237 μὲν
1265 1200 1320 1236 γὰρ
1339 1200 1373 1227 τὰ
1388 1199 1435 1226 τοῦ
1450 1198 1517 1226 Θεοῦ
1538 1198 1602 1234 βέλη
1626 1197 1773 1231 γεγόνασι,
1789 1194 1854 1221 κατὰ

1064 1248 1177 1284 καιροὺς
1197 1246 1323 1282 καθάπερ
1341 1247 1368 1272 ἐν
1388 1245 1513 1280 φαρέτρα
1532 1243 1713 1279 κρυπτόμενα
1730 1243 1766 1276 τῇ
1791 1249 1854 1276 προ-

1064 1294 1165 1330 γνώσει
1188 1292 1283 1326 αὐτοῦ,
1300 1291 1519 1327 προκομισθέντα
1537 1290 1566 1317 δὲ
1585 1289 1657 1316 κατὰ
1679 1288 1728 1315 τὸν
1751 1288 1855 1321 ἑκάστῳ

1065 1342 1206 1378 πρέποντα
1215 1340 1320 1376 καιρὸν,
1332 1339 1458 1365 ἐκλεκτὸν
1470 1338 1498 1364 δὲ
1512 1337 1653 1373 βέλοςῃιαὶ
1668 1335 1745 1371 ὑπὲρ
1758 1335 1854 1364 πάντα,

1065 1386 1183 1423 Χριστὸν
1201 1385 1390 1421 κρυπτόμενον
1404 1383 1463 1418 μὲν,
1478 1382 1515 1414 ὡς
1532 1382 1610 1417 ἔφην,
1625 1381 1663 1412 ὡς
1685 1381 1715 1406 ὲν
1731 1379 1855 1414 φαρέτρα

1065 1434 1100 1469 τῇ
1123 1431 1277 1468 προγνώσει
1299 1429 1345 1457 τοῦ
1368 1429 1484 1469 Πατρός.
1511 1426 1695 1463 Προεγνώσθη
1723 1425 1781 1460 γὰρ
1809 1424 1856 1458 πρὸ

1066 1467 1220 1513 καταϐολῆς
1235 1477 1350 1512 κόσμου,
1363 1467 1527 1511 παρενεχθὲν
1542 1474 1570 1500 δὲ
1587 1473 1627 1504 εἰς
1640 1471 1736 1507 μέσον,
1746 1472 1793 1497 ὅτε
1812 1469 1854 1496 καὶ

1067 1523 1151 1559 ἐχρῆν
1177 1523 1241 1558 ὅλην
1264 1520 1464 1555 ἐπισκέψασθαι
1489 1518 1538 1554 τὴν
1562 1518 1625 1552 γῆν,
1656 1516 1800 1543 πεσοῦσαν
1822 1516 1856 1546 εἱς

1042 1589 1048 1597 .
1067 1569 1189 1605 ὄλεθρον,
1204 1568 1252 1595 καὶ
1268 1566 1406 1594 ἀπώλειαν
1419 1565 1463 1591 διὰ
1482 1564 1530 1590 τοῦ
1547 1562 1691 1598 λατρεύειν
1707 1562 1744 1597 τῇ
1759 1561 1855 1590 κτίσει,

1069 1615 1146 1651 παρὰ
1160 1615 1205 1642 τὸν
1225 1614 1365 1646 κτίσαντα,
1383 1612 1429 1639 καὶ
1445 1612 1502 1642 τοῖς
1515 1609 1681 1645 ἀκαθάρτοις
1695 1606 1857 1634 ὑποκεῖσθαι

1068 1717 1138 1746 χοις.
1165 1707 1250 1734 Τοῦτο
1272 1706 1302 1733 τὸ
1325 1705 1452 1732 ἐκλεκτὸν
1484 1703 1569 1739 βέλος,
1600 1702 1711 1737 ἀναιρεῖ
1739 1701 1803 1736 μὲν,
1826 1700 1857 1730 ὡς

1070 1756 1149 1790 ἔφην,
1165 1753 1210 1781 τὸν
1227 1753 1348 1780 Σατανᾶν
1362 1751 1454 1783 αὐτὸν,
1480 1749 1527 1776 καὶ
1549 1749 1596 1780 τὰς
1614 1748 1663 1774 σὺν
1679 1746 1759 1782 αὑτῷ
1785 1746 1857 1772 δυνά-

1071 1809 1131 1837 μεις
1146 1799 1277 1834 πονηράς.
1299 1798 1419 1833 ’Δναιρεῖ
1432 1795 1461 1823 δὲ
1473 1795 1574 1830 ὁμοίως
1587 1795 1650 1825 τοὺς
1663 1793 1714 1828 τῆς
1730 1791 1857 1826 ἀληθείας

1070 1846 1193 1882 ἐχθροὺς,
1208 1845 1255 1872 καὶ
1272 1845 1328 1876 τοῖς
1343 1844 1427 1878 ἱεροῖς
1443 1841 1525 1868 αὑτοῦ
1548 1840 1728 1876 κηρύγμασιν
1747 1838 1859 1868 ἀνοσίας

1070 1891 1280 1926 ἀνθεστηκότας.
1302 1888 1453 1925 Τιτρώσκει
1473 1888 1502 1914 δὲ
1520 1887 1567 1914 καὶ
1587 1886 1688 1921 ἑτέρως
1707 1886 1751 1916 εις
1772 1884 1858 1919 ὄνησίν

1069 1947 1100 1964 τε
1118 1937 1164 1964 καὶ
1190 1935 1336 1972 σωτηρίαν.
1361 1934 1439 1962 Οὕτω
1461 1934 1514 1969 γάρ
1532 1941 1613 1968 φησιν
1633 1933 1661 1958 ὲν
1681 1931 1722 1966 τῷ
1743 1931 1859 1966 ⁷ᾼσματι

1070 1983 1124 2010 τῶν
1146 1982 1277 2018 ᾀσμάτων
1291 1980 1462 2016 πληττομένη
1477 1978 1582 2014 νύμφη,
1605 1978 1646 2004 ὃτι
1663 1987 1672 2003 ι
1693 1977 1858 2012 Τετρωμὲνη

1071 2029 1182 2064 ἀγάπης
1199 2027 1253 2062 ἐγώ
1269 2028 1337 2062 ειμι.
1357 2036 1366 2052 ι
1384 2024 1452 2052 Εἷπε
1475 2025 1503 2051 δέ
1526 2033 1581 2059 μοι,
1597 2024 1690 2059 φησὶν,
1717 2023 1734 2048 ὁ
1757 2022 1858 2057 Πατὴρ.

1071 2074 1152 2109 δῆλον
1165 2073 1194 2099 δὲ
1209 2073 1250 2099 ὅτι
1271 2071 1367 2103 Δοῦλός
1388 2079 1437 2106 μου
1452 2067 1478 2096 εῖ
1500 2070 1543 2103 σὺ,
1563 2067 1670 2104 Ἰσραὴλ
1681 2089 1689 2101 ,
1714 2068 1766 2094 καὶ
1782 2067 1811 2093 ὲν
1826 2066 1860 2092 σοὶ

1071 2118 1319 2154 δοξασθήσςιμαι.“Ω
1337 2117 1417 2153 βάθος
1433 2115 1549 2143 πλούτου
1566 2124 1596 2142 τε
1613 2116 1661 2141 καὶ
1679 2114 1794 2148 σοφίας,
1819 2114 1858 2140 καὶ

1073 2165 1203 2200 γνώσεως
1215 2162 1299 2190 Θεοῦι
1313 2163 1384 2190 κατὰ
1402 2162 1431 2188 τδ
1445 2161 1648 2196 γεγραμμένον.
1663 2157 1720 2186 Ἦν
1737 2160 1790 2195 μὲν
1803 2159 1858 2194 γὰρ,

1074 2212 1122 2238 καὶ
1137 2211 1211 2237 ἔστιν
1228 2209 1370 2245 ἐλεύθερος
1384 2209 1397 2234 ὁ
1413 2208 1487 2240 Υἱὸς,
1503 2207 1541 2238 ὼς
1554 2207 1586 2234 ὲκ
1601 2206 1651 2239 τῆς
1666 2205 1859 2240 βασιλευούσης

1074 2259 1183 2285 πάντων
1197 2256 1291 2288 οὐσίας
1303 2255 1408 2289 ἀναφὺς
1419 2254 1592 2289 ἀποῤῥήτως.
1613 2252 1686 2278 Ἀλλ’
1701 2251 1806 2287 ἤκουσε
1819 2249 1858 2276 τοῦ

1074 2303 1181 2340 [πατρὸς
1198 2303 1324 2337 λέγοντος
1336 2309 1343 2316 '
1360 2301 1456 2331 Δοῦλος
1469 2309 1520 2335 μου
1537 2299 1562 2326 εἴ
1577 2298 1619 2325 σύ.
1633 2298 1742 2326 Οὐκοῦν
1759 2298 1774 2324 ὀ
1792 2296 1859 2323 ἐλεύσ

241 2354 332 2382 fuerit.
344 2350 381 2377 "Et
393 2349 502 2376 Christo
517 2347 681 2384 glorificato,
695 2345 775 2371 Pater
790 2344 816 2370 in
842 2343 900 2377 ipso
922 2341 1024 2377 glorifi-

1083 2351 1156 2386 ispo;
1173 2348 1242 2376 κατὰ
1269 2348 1349 2382 φύσιν
1368 2347 1454 2381 Λόγος
1469 2345 1619 2381 πράττεται
1636 2343 1731 2374 δοῦλος
1745 2344 1782 2370 δι’
1799 2343 1861 2369 οἰκι-

241 2404 328 2426 catur.
341 2396 470 2424 Videmus
487 2394 513 2421 in
528 2393 572 2420 illo
585 2391 748 2420 relucentem
761 2396 821 2417 eum
835 2396 883 2424 per
903 2387 1022 2415 divinam

243 2443 443 2474 auctoritatem,
458 2447 490 2467 ac
499 2438 657 2474 potentiam,
666 2440 694 2464 et
701 2435 836 2470 energiam
851 2435 877 2461 in
889 2433 1024 2465 omnibus,

242 2498 291 2526 per
305 2486 557 2517 sanctilicationent,
574 2488 600 2511 et
623 2482 766 2518 justitiam,
789 2485 816 2508 et
842 2479 1024 2507 omnimodam

240 2536 423 2564 clementiam.
440 2531 608 2567 Exprimitur
621 2529 693 2556 enim
709 2528 748 2555 sic
765 2525 967 2561 intelligibiliter
977 2524 1026 2551 Di-

243 2583 351 2611 vinitas.
363 2579 504 2613 Siquidem
519 2577 642 2604 Christus
660 2575 741 2602 etiam
761 2573 829 2600 dixit
847 2581 854 2600 :
871 2581 880 2598 ι
898 2572 948 2606 Qui
960 2572 1027 2598 vidit

245 2637 297 2662 me,
311 2627 378 2655 vidit
392 2625 499 2652 Patrem
513 2622 648 2649 meum”.
673 2629 683 2646 ›
707 2619 832 2653 Dixitque
857 2617 1025 2652 sapientissi-

244 2682 303 2703 mus
317 2672 426 2703 Paulus,
440 2671 465 2697 in
482 2675 595 2704 persona
607 2666 709 2695 Christi
724 2664 869 2700 glorificari
893 2671 956 2699 eupt
981 2662 1027 2698 qui

244 2720 346 2756 genuit.
366 2716 449 2753 659
474 2715 566 2749 Itaque
588 2714 675 2748 inquit
698 2721 705 2739 :
739 2712 767 2739 ln
792 2716 818 2739 te
847 2709 1028 2745 glorificabor.

246 2766 348 2794 Flectct
363 2763 433 2790 enim
450 2769 479 2788 se
503 2760 571 2788 Filio
587 2759 667 2787 etiam
690 2758 717 2785 in
742 2764 824 2784 carne
850 2761 924 2788 nato,
950 2761 1030 2782 omne

245 2818 327 2846 genu,
353 2807 516 2840 cmlcstium,
533 2804 701 2833 terrestrium
728 2807 755 2831 et
782 2803 1029 2833 subterraneorum,

246 2860 273 2884 et
292 2855 385 2883 omnis
413 2854 505 2888 lingua
534 2850 708 2879 confitebitur
731 2849 794 2884 quia
811 2848 940 2875 Dominus
952 2846 1031 2875 Jcsus

1076 2396 1173 2432 νομιας
1191 2393 1336 2429 σαρκικῆς,
1351 2394 1434 2428 ἤγουν
1448 2392 1497 2427 τῆς
1515 2391 1585 2418 κατὰ
1602 2391 1692 2426 σάρκα
1707 2390 1860 2424 νοουμένης,

1077 2442 1120 2470 ἵνα
1146 2441 1227 2468 πάλιν
1247 2441 1342 2475 ὲννοῇς
1364 2439 1413 2474 τὴν
1433 2439 1464 2465 ὲκ
1483 2437 1611 2471 γυναικῆς
1635 2437 1664 2462 ἐν
1683 2436 1776 2471 χρόνῳ
1800 2433 1861 2461 κατὰ

1079 2487 1167 2522 σάρκα
1183 2485 1311 2520 γέννησιν
1334 2483 1427 2510 αὑτοῦ.
1449 2483 1558 2518 Ἰσραὴλ
1581 2482 1609 2508 δὲ
1631 2481 1715 2507 αὑτὸν
1742 2479 1861 2514 γενέσθαι

1077 2531 1217 2567 ὀνομάζει,
1242 2530 1286 2557 διά
1300 2538 1342 2556 τοι
1363 2529 1393 2555 τὸ
1416 2528 1447 2561 ἐξ
1470 2529 1586 2563 αἳματος
1607 2526 1719 2562 Ἰσραὴλ
1742 2525 1860 2560 γενέσθαι

1078 2577 1149 2605 κατὰ
1165 2577 1255 2612 σάρκα
1266 2584 1272 2591 ·
1290 2575 1358 2602 ἀλλὰ
1372 2575 1426 2601 Καὶ
1441 2575 1469 2600 ἐν
1484 2574 1534 2605 σοὶ,
1552 2572 1630 2608 φησὶ,
1652 2571 1859 2606 δοξασθήσομαι-

1085 2621 1232 2656 Ἐδοξάσοη
1250 2621 1298 2655 μὲν
1312 2620 1366 2655 γὰρ
1388 2620 1401 2645 ὁ
1423 2619 1477 2645 τῶν
1493 2619 1562 2645 ὅλων
1584 2617 1659 2649 Θεὸς,
1678 2618 1726 2644 καὶ
1743 2617 1788 2643 διὰ
1803 2625 1860 2650 πρί-

1081 2667 1175 2702 φητών
1198 2667 1294 2700 ἁγίων,
1318 2665 1388 2700 πλὴν
1403 2665 1453 2691 οὐκ
1468 2666 1496 2691 ὲν
1513 2664 1614 2695 αὐτοῖς.
1637 2663 1682 2689 Ἐν
1706 2661 1817 2697 Χριστῷ
1837 2660 1859 2686 δὲ

1081 2712 1175 2744 ξένιος,
1201 2712 1248 2738 καὶ
1278 2711 1429 2746 ἀσυνήθως.
1460 2709 1617 2742 Ἐδοξὰζετο
1646 2708 1701 2744 γὰρ
1731 2709 1761 2734 ὲν
1785 2706 1859 2740 αὐτῷ.

1085 2758 1265 2792 Δοξαξομένου
1276 2757 1303 2784 δὲ
1318 2757 1448 2792 Χριποῦ,
1460 2757 1474 2782 ὁ
1486 2756 1578 2791 Πατὴρ
1592 2757 1619 2781 ὲν
1629 2754 1705 2789 αὐτῷ
1719 2754 1858 2786 δοξάζεται,

1087 2803 1212 2839 Ὃρῶμεν
1228 2803 1308 2829 αὑτὸν
1328 2804 1357 2829 ὲν
1373 2802 1447 2837 αὐτῷ
1461 2802 1658 2837 διαπρέποντα,
1675 2800 1720 2826 διὰ
1739 2800 1792 2826 τῶν
1808 2799 1859 2824 θεο-

1083 2848 1196 2882 πρεπῶν
1218 2847 1382 2882 ἀξιωμάτων
1394 2847 1441 2874 καὶ
1456 2847 1503 2882 τῆς
1518 2846 1588 2873 κατὰ
1606 2846 1661 2872 πᾶν
1680 2845 1771 2872 ὁτιοῦν
1788 2842 1860 2870 δυνά.-

278 2943 314 2962 ⁴υ¹
327 2943 397 2972 Psal.
412 2949 544 2975 Lxuvnt,
559 2939 652 2968 23—25.
689 2939 713 2955 “
725 2938 803 2966 Cant.
820 2945 856 2970 iv,
869 2938 895 2965 9.
933 2937 966 2954 "'
981 2937 1023 2964 Ro

1083 2943 1116 2969 ιι,
1131 2936 1177 2964 33.
1217 2936 1239 2952 "
1253 2935 1334 2964 Joan.
1352 2944 1406 2970 xiv,
1423 2936 1447 2964 9.
