1883 3055
57 117 129 146 1041
611 118 643 147 IN
662 115 777 146 ISAIAM
799 117 852 145 LIB

922 139 929 146 .
949 118 1051 147 ORAT.
1073 119 1118 148 ιν.
1586 116 1591 121 ’
1626 117 1695 146 1042

55 176 139 212 μεὼς
158 186 187 204 τε
215 178 261 205 καὶ
280 178 432 214 ἐνεργείας,
447 179 584 215 ἀγιασμοῦ
603 180 649 206 καὶ
667 177 851 213 δικαιοσύνης,

919 178 1028 206 Ihristus
1057 184 1097 206 est
1126 179 1150 205 in
1169 178 1249 213 διοιὶ..
1275 177 1322 205 Dei
1342 176 1439 210 Patris,
1457 175 1535 204 sicuti
1558 176 1689 210 scriptum

56 224 108 250 καὶ
127 224 302 259 ἡμερότητος
315 225 365 261 τῆς
385 226 512 263 είσάπαν.
530 226 711 252 Είδοποιεῖται
722 224 776 260 γὰρ
790 233 852 259 νοη-
905 230 946 252 est
960 225 992 254 ".
1662 223 1666 226 ’

54 271 115 302 τῶς
135 272 167 298 τὸ
179 271 364 305 Θεῖονοῦτως.
383 274 436 300 Καὶ
449 273 514 308 γοῦν
527 273 578 309 ἔφη
598 272 732 308 Χριστός·
751 282 760 298 ‹
785 272 813 298 ὐ
833 271 965 307 ἑωρακὼς
997 272 1057 307 ἐμὲ,
1079 271 1185 308 ἑώρακε
1205 272 1250 299 τὸν
1275 271 1385 307 Πατέρα
1408 279 1471 306 μου.
1490 280 1500 297 ι
1519 271 1592 305 Ἔφη
1607 268 1634 296 δὲ
1648 270 1694 296 καὶ.

55 317 70 342 6
88 318 230 352 πάνσοφος
244 318 350 350 Παῦλος
362 320 391 349 ἐν
403 319 541 355 προσώπῳ
555 318 675 354 Χριστοῦ
686 318 843 350 δοξάζεσθαι
862 317 909 344 τὸν
941 318 1120 354 γεννήσαντα.
1138 317 1242 345 Οὐκοῦν
1257 318 1287 345 ὲν
1316 318 1368 350 σοὶ,
1384 318 1462 353 φησι,
1477 316 1691 352 δοξασθήσομαι.

56 362 177 397 Κάμψει
194 363 249 398 γὰρ
275 363 314 398 τῷ
331 363 397 399 Υἱῷ,
422 365 469 391 καὶ
489 365 519 391 ὲν
543 364 626 400 σαρκὶ
653 364 797 399 πεφηνότι,
823 364 877 390 πᾶν
915 364 990 398 γόνυ,
1017 365 1090 392 καθὰ
1113 365 1283 400 γέγραπται,
1309 363 1480 399 ἐπουρανίων
1505 372 1535 391 τε
1562 363 1609 389 καὶ
1634 363 1694 388 ἑπι-

56 409 160 441 γείων,
180 410 227 437 καὶ
241 409 436 445 καταχθονίων,
449 411 496 438 καὶ
513 411 588 438 πᾶσα
615 405 727 445 γλῶσσα
759 409 986 447 ἐξομολογήσεται
1016 412 1057 439 ὅτι
1089 411 1192 447 Κύριος
1210 411 1315 446 Ἰησοῦς
1333 410 1451 446 Χριστὸς
1469 411 1508 442 εἰς
1527 408 1604 442 δόξαν
1624 406 1692 434 Θεοῦ

58 455 183 491 Πατρός.

97 512 154 538 Καὶ
167 511 223 546 ἐγὼ
234 510 303 539 εἶπα
313 520 320 527 ·
334 512 432 546 Κενῶς
444 513 602 544 ἐκοπίασα,
619 513 667 540 καὶ
684 513 728 547 είς
741 513 851 548 μάτην,

940 513 1020 541 Vsus.
1032 513 1059 540 4.
1076 512 1111 539 Et
1123 521 1169 547 ego
1183 513 1240 541 dixi
1255 520 1264 539 :
1285 511 1397 538 Frustra
1420 511 1538 538 laboravi
1553 515 1578 537 et
1597 512 1623 537 in
1647 520 1692 538 oa-

59 557 112 583 και
127 558 174 590 εις
190 557 279 584 οὐδὲν
295 558 391 586 ἔδωκα
403 559 460 593 τὴν
472 559 565 594 ἰσχύν
577 568 648 594 μου.
666 560 717 586 Διὰ
731 560 818 586 τοῦτο
832 560 852 594 ἡ

919 566 976 591 um,
991 558 1019 585 in
1039 557 1150 585 nihilum
1163 557 1225 584 dedi
1239 557 1422 592 fortitudinem
1436 564 1529 583 meum.
1547 555 1691 590 Propterea

59 603 166 636 κρίσις
177 611 236 636 μου
252 603 332 636 παρὰ
354 603 459 638 Κυρίῳ,
479 604 528 630 καί
553 605 570 631 ό
588 604 682 636 πόνος
693 612 753 638 μου
767 603 854 630 ἐναν-

919 604 1031 630 udicium
1053 610 1138 629 meum
1160 603 1229 636 apud
1252 602 1405 635 Dominum,
1425 600 1537 629 etlalor
1550 609 1622 628 meus
1643 610 1690 629 ca—

61 646 131 672 rior
148 646 201 673 τοῦ
219 646 292 673 Θεοῦ
304 655 375 680 μου.

105 712 259 748 Ἐπέφανεν
282 713 296 740 6
323 713 377 740 τῶν
403 713 472 740 ὅλων
499 714 549 749 μὲν
566 713 672 749 Σωτὴρ,
697 713 740 740 ἶνα
765 713 855 740 πᾶσαν

61 758 211 795 ἀπαλλάξῃ
228 759 277 794 τὴν
298 759 344 786 ὑπ’
359 759 484 796 οὐρανὸν,
501 759 549 795 τῆς
563 759 609 786 τοῦ
624 759 747 786 διαϐόλου
761 759 855 786 σκαιό-

61 812 158 838 τητος,
184 804 232 831 καὶ
251 804 376 836 θανάτου,
400 804 447 831 καὶ
464 804 612 840 ἁμαρτίας,
627 805 674 831 καὶ
688 804 856 841 χαρίσμασιν

63 849 151 883 ἱεροῖς
175 848 432 884 λελαμπρυσμένους
453 850 516 881 τοὺς
533 849 694 885 προσιόντας
718 849 792 884 αὐτῷ
812 848 857 876 διὰ
873 843 892 870 Β

61 894 115 929 τῆς
132 893 258 926 πίστεως.
278 894 430 929 Κέκληνται
455 894 482 921 δὲ
506 894 574 930 πρὸς
590 895 669 921 τοῦτο
685 895 732 921 καὶ
748 895 801 930 πρό
823 903 854 929 γε

62 937 120 964 τῶν
135 937 222 965 ἀλλων
238 939 262 965 οι
281 937 311 971 ἐξ
326 938 442 974 αἵματος
464 938 571 974 Ἰσραήλ
583 947 590 954 ·
610 939 810 975 προτετίμηντο
825 939 855 966 δὲ

62 984 154 1015 οὕτως
175 984 230 1011 τῶν
253 983 338 1011 ἐθνῶν
362 983 432 1011 ὥστε
456 985 538 1019 φάναι
561 985 606 1012 τὸν
629 985 750 1021 Ἰησοῦνε
770 994 779 1011 ι
799 986 855 1012 Οὺκ

63 1030 234 1066 ἀπεστάλην,
251 1030 275 1057 εῑ
293 1030 329 1066 μὴ
348 1030 387 1062 εἰς
405 1029 439 1058 τὰ
452 1030 608 1058 ἀπολωλότα
631 1031 753 1066 πρόϐατα
780 1031 854 1058 οίκου

69 1076 190 1112 Ἰσραήλ.
213 1085 223 1103 ι
246 1077 277 1104 Οί
299 1076 328 1103 δὲ
354 1077 404 1112 τὴν
426 1076 512 1109 οὕτως
532 1077 631 1104 εὐκλεᾶ
651 1077 698 1104 καὶ
717 1077 854 1114 ἐξαίρετον

61 1123 193 1158 λαχόντες
217 1122 310 1158 τιμὴν,
331 1122 439 1150 ἄπιστοι
464 1123 608 1157 γεγόνασι,
634 1123 681 1150 κα)⁸
703 1123 855 1151 ἀποστάται

64 1169 188 1204 θρασεῖς,
207 1168 252 1195 καὶ
280 1168 442 1203 ἀτιμαγέλαι
462 1168 544 1196 δεινοὶ
567 1169 614 1196 καὶ
632 1169 779 1206 ἀγέρωχοι.
800 1170 854 1196 Καί

64 1223 106 1241 τοι
120 1214 181 1241 δέον
193 1213 383 1249 ἀσμενέστατα
406 1214 562 1251 προσελθεῖν
579 1216 612 1250 τῇ
628 1215 730 1250 χάριτι,
744 1215 790 1242 καὶ
804 1224 854 1242 κα-

61 1260 229 1296 τακερδᾶναι
245 1259 293 1295 τὴν
320 1259 430 1292 πίστιν,
456 1259 553 1287 καὶτὰ
582 1261 611 1294 ὲξ
642 1260 729 1296 αὐτῆς
754 1261 853 1295 ἀγαθὰ,

62 1306 142 1333 τοῦτο
163 1306 213 1341 μὲν
232 1307 283 1333 οὒκ
297 1306 391 1342 ἔδρων,
407 1306 506 1339 πόθεν;
530 1306 724 1333 ἀντανίσταντο
743 1306 781 1339 δὲ,
804 1315 854 1333 κα-

63 1352 154 1379 λοῦντι
187 1353 255 1388 πρὸς
280 1353 416 1388 σωτηρίαν
448 1352 654 1388 δυσφημοῦντες
679 1353 852 1388 ἀφυλάκτως,

63 1398 224 1430 ἀκαθέκτως
238 1398 436 1435 λοιδοροῦντες·
451 1399 499 1426 καὶ
517 1399 543 1426 τί
562 1399 616 1435 γὰρ
636 1399 666 1426 οὐ
690 1398 744 1425 τῶν
760 1399 855 1428 δεινῶν

63 1443 302 1478 ἀποφθεγγόμενοι
315 1444 421 1479 ἀνέδην,
438 1445 484 1471 καὶ
498 1444 650 1470 τελευταῖον
665 1444 745 1471 ὲσταύ
752 1453 852 1480 ρωσαν.

63 1489 170 1543 οὺὶκοῦν
188 1489 219 1516 τό
234 1498 265 1524 γε
288 1487 354 1526 ἦχον
369 1491 408 1522 εἰς
424 1490 453 1517 τὸ
472 1491 525 1517 τῶν
540 1491 724 1518 ἀπειθούντων
738 1491 851 1526 ἀπηνὲς,
866 1513 887 1543 c

62 1535 111 1561 καὶ
133 1535 184 1570 τὴν
208 1536 331 1568 ἐκτόπως
348 1537 439 1569 αὐτοῖς
467 1537 662 1573 μελετηθεῖσαν
687 1538 852 1573 ἀντιλογίαν,

62 1581 150 1613 κενῶς
164 1582 330 1609 κεκοπίακεν
346 1583 359 1609 6
373 1583 478 1619 Σωτὴρ,
496 1583 543 1609 καὶ
559 1584 599 1615 εἰς
616 1583 739 1619 μάταιον,
754 1585 802 1611 καὶ
814 1585 853 1616 είς

60 1626 138 1653 οὐδὲν
154 1626 238 1653 ἔδωκε
254 1627 302 1662 τὴν
316 1628 392 1663 ἰσχὺν
409 1627 501 1655 αὑτοῦ.
517 1628 554 1654 06
565 1627 619 1664 γὰρ
631 1629 770 1664 ἠνέσχετο,
787 1629 854 1656 καθ-

60 1673 134 1708 άπερ
153 1672 221 1707 ἔφην
238 1673 349 1709 ἀρτίως,
366 1674 420 1701 τῶν
438 1674 518 1710 ἱερῶν
540 1674 622 1701 αὐτοῦ
641 1675 826 1711 κηρυγμάτων
840 1676 854 1703 ό

60 1718 243 1753 ἀπόπληκτος
263 1718 369 1755 Ἰσραήλ
381 1727 393 1734 ’⁷
403 1719 434 1758 οὐ
450 1719 596 1755 τετίμηκεν
610 1720 690 1747 αὑτοῦ
702 1721 746 1748 τὸν
760 1721 852 1750 κόπον.

61 1764 155 1796 Κόπος
169 1765 223 1800 γὰρ
238 1762 272 1800 ἦν
283 1765 322 1801 τῷ
337 1765 415 1801 Λόγῳ
433 1766 464 1792 τὸ
479 1765 606 1800 γενέσθαι
628 1766 689 1793 καθ’
703 1768 788 1802 ἡμᾶς,
808 1768 854 1794 καὶ

61 1810 114 1844 τῆς
138 1810 313 1847 ἀνθρωπίνης
335 1811 497 1850 ἀνασχέσίξαι
523 1813 749 1849 μικροπρεπείας.
784 1813 854 1840 Ἀλλ’

61 1857 78 1892 ἡ
101 1856 193 1892 κρίσις
210 1865 270 1891 μου,
291 1857 383 1892 φησὶν,
399 1859 412 1885 6
427 1859 530 1895 Πατὴρ,
547 1859 593 1891 οὓς
616 1859 788 1894 δεδαπάνηκα
805 1859 855 1886 πόα

61 1909 125 1932 νους
149 1900 219 1936 ὑπέρ
233 1910 265 1935 γε
287 1902 336 1937 τῆς
360 1902 449 1929 αὐτῶν
466 1905 611 1939 σωτηρίας.
629 1903 679 1930 Διὰ
697 1903 786 1934 τοῦτο,
806 1904 853 1930 καὶ

61 1946 78 1981 ὴ
95 1945 187 1981 κρίσις
202 1946 373 1982 ἐξενήνεκται
396 1948 460 1983 παρ’
483 1949 575 1977 αὐτοῦ.
594 1948 661 1975 Ποία
676 1949 703 1976 δὲ
724 1950 740 1983 ὴ
764 1949 854 1984 κρίσις

59 1989 113 2027 ἦνς
135 1991 329 2027 Ἔκῦέὁληνται
354 1992 404 2027 τῆς
420 1993 489 2029 πρὸς
512 1994 591 2021 αὐτὸν
613 1994 792 2029 οἰκειότητος,
805 1995 850 2028 ἐξ-

60 2037 191 2073 ώσθησαν
206 2037 252 2064 τοῦ
270 2036 338 2065 εἶναι
351 2037 414 2071 λαὸς
427 2039 505 2072 Θεοῦ,
521 2039 648 2075 ἀμέτοχοι
660 2039 787 2074 γεγόνασι
803 2039 854 2074 τῆς

62 2084 128 2118 παρ’
144 2083 227 2110 αὑτοῦ
238 2084 383 2120 σωτηρίας,
399 2085 527 2119 ἄγευστοι
543 2086 713 2121 μεμενήκασι
730 2085 779 2121 τῆς
799 2085 853 2112 τῶν

61 2127 150 2161 ἁγίων
177 2127 292 2162 ἐλπίδος,
319 2129 509 2164 είς-κέκληνται
534 2130 561 2156 δὲ
583 2129 641 2156 ἀντ’
665 2130 776 2157 ἐκείνων
798 2129 852 2158 τῶν

906 657 963 676 ram
977 648 1030 675 Dea
1045 655 1112 675 utea.

943 715 1074 751 Apparuit
1087 715 1275 742 universorum
1289 713 1428 746 Senator,
1442 719 1472 741 ut
1492 718 1575 741 totum
1599 715 1692 741 orbem

910 767 1042 790 terrarum
1062 770 1076 790 a
1095 761 1193 789 diaboli
1212 761 1325 793 malitia,
1342 768 1357 788 a
1377 765 1462 788 marte
1484 765 1510 788 et
1540 768 1554 787 ιι
1583 764 1693 796 peccato

909 807 1049 840 liberaret,
1081 811 1107 835 et
1133 807 1236 834 sanctis
1270 806 1443 834 rharismatis
1471 805 1617 833 illustraret
1645 813 1692 833 eos

907 853 951 888 qui
969 860 1016 887 per
1029 852 1107 879 fidem
1126 852 1158 879 ad
1173 852 1261 887 ipsum
1276 852 1419 879 accedunt.
1447 850 1540 879 Vocati
1560 854 1622 878 sunt
1645 857 1692 877 au-

908 902 960 925 tem
975 898 1007 925 ad
1027 897 1079 925 hoc
1099 901 1161 924 ante
1175 897 1241 924 alios
1260 896 1311 923 orti
1327 903 1359 923 ex
1377 896 1507 930 sanguine
1522 895 1640 927 israelis,
1664 899 1692 922 et

905 942 945 970 sic
971 943 1073 970 honore
1096 941 1231 977 praepositi
1261 940 1401 974 gentibus,
1435 945 1463 966 ut
1489 940 1561 966 dicat
1581 937 1659 966 Jesus
1684 948 1690 965 :

908 998 917 1015 ι
938 988 996 1016 Non
1016 995 1075 1016 sum
1103 987 1203 1015 missus
1225 987 1278 1014 nisi
1304 988 1337 1013 ad
1365 993 1429 1013 oves
1456 985 1574 1020 perditas
1596 980 1711 1012 domus'

905 1033 987 1061 lsrael
999 1033 1033 1048 "‘
1047 1041 1054 1066 ;
1072 1041 1081 1059 ι
1099 1031 1291 1066 βιωοίρίιιιίιυο
1304 1030 1405 1058 sanctis
1421 1029 1562 1065 apostolis,
1578 1029 1604 1056 in
1617 1029 1689 1057 viam

905 1081 1023 1116 gentium
1033 1088 1068 1108 ne
1082 1080 1189 1114 abeant,
1205 1085 1232 1108 et
1248 1080 1274 1107 in
1298 1079 1434 1106 civitatem
1455 1078 1688 1106 Samaritanorum

905 1134 938 1154 ne
953 1126 1148 1161 ingrediantur,
1160 1126 1206 1153 sed
1225 1125 1432 1161 proficiscantur
1445 1125 1478 1152 ad
1488 1131 1557 1151 'ovcs
1574 1123 1692 1158 perditas

904 1171 1000 1198 domus
1014 1170 1097 1199 lsrael
1111 1171 1144 1197 ⁷⁷.
1163 1170 1214 1198 Sed
1231 1171 1257 1198 hi
1275 1171 1341 1198 adeo
1364 1170 1492 1205 inclytum
1514 1173 1542 1197 et
1561 1168 1692 1196 eximium

905 1217 1035 1244 honorem
1057 1217 1156 1250 sortiti,
1179 1216 1302 1244 inﬁdeles
1324 1216 1384 1243 facti
1412 1220 1486 1247 sunt,
1513 1219 1540 1242 et
1560 1218 1690 1250 apostatae

906 1263 1032 1296 audaces,
1052 1267 1078 1290 et
1091 1263 1179 1298 gregis
1204 1267 1415 1297 contemptores,
1440 1261 1493 1289 diri
1518 1266 1546 1289 et
1572 1260 1690 1295 superbi.

904 1310 1023 1344 Cumque
1042 1309 1206 1344 oportuisset
1223 1308 1403 1336 libentissime
1430 1307 1463 1335 ad
1481 1307 1596 1342 gratiam
1620 1307 1690 1333 hanc

905 1355 1044 1386 accedere.
1062 1358 1088 1381 ct
1105 1353 1320 1394 fidemrjusque
1348 1354 1416 1379 bona
1443 1351 1616 1385 lucrifacere,
1641 1351 1691 1379 hoc

905 1400 1060 1434 neutiquam
1075 1399 1206 1432 fecerunt,
1223 1400 1270 1426 sed
1285 1398 1391 1426 vocanti
1417 1398 1450 1425 ad
1475 1397 1588 1424 salutem
1612 1398 1692 1424 resti-

906 1449 1004 1477 terunt,
1020 1448 1122 1477 temere
1138 1445 1314 1476 insectantes,
1343 1447 1371 1471 et
1397 1444 1607 1477 intemperanter
1626 1442 1691 1470 sub-

905 1496 1063 1519 sannantes.
1090 1490 1160 1524 Quid
1187 1490 1259 1517 enim
1282 1497 1364 1524 grare
1396 1496 1449 1516 non
1476 1489 1691 1524 obloquebanlur

905 1537 1091 1572 impudenter?
1103 1541 1130 1564 et
1147 1537 1180 1564 ad
1202 1541 1351 1564 extremum
1373 1534 1577 1563 crucifixerunt.
1598 1534 1690 1568 itaque

905 1583 976 1618 quod
993 1584 1024 1610 ad
1039 1582 1185 1610 infidelium
1202 1582 1345 1615 saevitiam,
1366 1587 1392 1610 et
1404 1583 1436 1609 ad
1450 1581 1689 1609 contradictionem

905 1638 986 1666 quam
1003 1630 1039 1657 illi
1059 1630 1175 1665 turpiter
1200 1629 1323 1657 meditati
1352 1632 1425 1662 sunt,
1454 1628 1560 1659 attinet,
1591 1627 1689 1654 frustra

905 1677 1037 1704 laboravit
1052 1675 1193 1710 Servator,
1207 1680 1233 1703 et
1248 1676 1274 1703 in
1292 1683 1390 1703 vanum
1407 1679 1434 1702 et
1448 1675 1475 1702 in
1492 1673 1604 1701 nihilum
1619 1673 1691 1701 dedit

905 1722 1088 1750 fortitudinem
1102 1729 1189 1749 suam.
1211 1720 1268 1748 Non
1290 1721 1361 1747 enim
1378 1720 1432 1755 pati
1452 1719 1547 1754 potuit,
1576 1723 1606 1746 ut
1633 1719 1690 1752 jam

905 1768 971 1800 dixi,
989 1775 1093 1795 sacram
1112 1767 1170 1802 ejus
1198 1766 1414 1801 prmdicationem
1444 1765 1566 1799 stupidus
1596 1764 1689 1796 israel,

905 1821 955 1841 nec
972 1813 1092 1841 laborem
1110 1813 1168 1848 ciris
1182 1812 1277 1840 honori
1297 1811 1399 1838 habuit.
1426 1810 1513 1837 Labor
1539 1810 1609 1837 enim
1633 1815 1691 1836 crat

905 1860 1005 1893 Verbo,
1020 1864 1051 1887 ut
1073 1863 1192 1887 nostram
1217 1858 1398 1886 conditionem
1424 1856 1577 1891 susciperet
1604 1860 1631 1882 et
1654 1856 1687 1882 ad

905 1906 1051 1932 humanam
1067 1905 1228 1940 parvitatem
1249 1911 1278 1931 se
1302 1903 1464 1931 demitteret.
1493 1901 1557 1933 Sed,
1589 1901 1688 1935 inquit,

901 1951 1031 1986 judicium
1050 1958 1138 1978 meum
1154 1951 1224 1984 apud
1241 1949 1396 1981 Dominum,
1413 1953 1440 1975 et
1457 1947 1533 1975 labor
1547 1954 1622 1974 meus
1643 1953 1690 1973 co-

905 2006 962 2025 ram
981 1998 1035 2025 Deo
1050 2004 1120 2025 meo.
1142 1996 1231 2030 Novit,
1259 1996 1356 2031 inquit,
1385 1995 1466 2022 Pater
1493 2001 1560 2028 quos
1584 1993 1690 2020 labores

904 2043 1058 2078 consumpsi
1075 2050 1124 2078 pro
1142 2041 1228 2070 salute
1243 2048 1346 2068 eorum.
1363 2040 1509 2074 Propterea
1525 2040 1605 2066 etiam
1616 2038 1688 2073 judi-

903 2089 974 2118 cium
990 2089 1081 2117 abillo
1105 2088 1239 2126 prolatum
1262 2091 1315 2115 est.
1347 2086 1432 2120 Quale
1458 2090 1518 2114 erat
1543 2083 1690 2120 judicium"

905 2136 990 2171 Ejecti
1006 2141 1068 2163 sunt
1083 2143 1098 2162 a
1113 2133 1302 2168 conjunctione
1317 2140 1376 2168 qua:
1390 2140 1450 2159 cum
1465 2131 1511 2158 illo
1525 2137 1576 2163 est,
1586 2130 1689 2164 depulsi

62 2172 149 2199 ἐθνῶν
163 2173 179 2209 ἡ
193 2173 305 2209 πληθύς,
319 2175 373 2201 Καὶ
384 2175 444 2202 ἀντὶ
456 2175 510 2202 τῶν
523 2177 589 2211 παρ’
602 2176 692 2207 αὐτοῖς
705 2175 851 2211 ποιμένων,

919 2186 976 2214 υιιι,
994 2189 1028 2209 ne
1043 2181 1107 2207 ﬂant
1127 2178 1240 2214 populus
1259 2178 1317 2211 Dei,
1338 2182 1462 2212 expertes
1477 2176 1540 2204 facti
1566 2180 1627 2203 sunt
1644 2182 1690 2202 sa-

62 2219 153 2253 ἔτεροι
169 2220 403 2256 κεχειροτόνηνται
428 2221 537 2252 δίκαιοι,
563 2222 609 2248 καὶ
635 2221 778 2256 Θεοφιλεῖς,
805 2222 852 2248 καὶ

63 2265 280 2299 σπουδασμάτων
303 2266 410 2300 εὺαγῶν
434 2267 609 2302 ἐπιμεληταὶ,
626 2268 672 2294 καὶ
688 2267 759 2296 λαῶν
776 2268 851 2302 ἠγεῖ-

64 2311 127 2337 stis:
141 2311 284 2346 δυνάμενοι
300 2313 442 2348 φωστῆρες
460 2314 488 2339 ὲν
504 2313 598 2348 κόσμῳ
613 2313 691 2347 λόγον
707 2313 851 2348 ἐπέχοντες

64 2356 149 2391 ζωῆς,
165 2356 236 2383 καθά
255 2366 336 2392 φησιν
360 2359 374 2384 6
398 2358 534 2392 πάνσοφος
551 2357 666 2390 Παῦλος.
693 2357 785 2385 Βούλει
801 2358 850 2393 τὴν

66 2401 155 2436 κρίσιν
168 2401 231 2427 ἰδεῖν
243 2401 290 2428 τοῦ
305 2403 419 2437 Πατρδς,
435 2403 495 2438 ἦτοι
509 2403 556 2438 τὴν
567 2403 610 2429 ἐπ’
625 2403 740 2434 ἐκείνοις
749 2403 850 2438 ψῆφον,

65 2448 147 2474 ἄκουε
161 2446 208 2473 τοῦ
226 2447 350 2483 Σωτῆρος
362 2447 485 2482 λέγοντος
498 2449 553 2480 τοῖς
565 2449 620 2475 τῶν
640 2448 772 2475 Ἰουδαίων
786 2448 849 2475 καθ-

66 2494 202 2526 ηγηταῖς·
223 2502 231 2518 ι
254 2493 415 2528 Ἄνθρωπός
435 2503 475 2526 τις
498 2492 532 2530 ἦν
561 2495 762 2529 οἰκοδεσπότης,
780 2495 853 2526 ὅστις

67 2538 215 2572 ἐφύτευσεν
229 2538 387 2573 ἀμπελῶνα,
403 2540 447 2566 καὶ
461 2540 587 2576 φραγμὸν
605 2541 679 2577 αὕτῷ
693 2540 852 2576 περιέθηκε,

68 2584 114 2610 καὶ
134 2583 237 2618 ὤρυξεν
252 2585 280 2611 ὲν
298 2585 372 2620 αὺτῷ
387 2585 477 2621 ληνὸν,
500 2586 546 2612 καὶ
562 2586 721 2622 ᾠκοδόμησε
737 2586 851 2621 πύργον.

68 2629 113 2656 καὶ
128 2629 231 2661 ἐξέδοτο
244 2630 323 2657 αὐτὸν
337 2633 481 2667 γεωργοῖς,
498 2632 544 2658 καὶ
559 2632 744 2668 ἀπεδήμησεν.
760 2642 770 2658 ›
787 2630 854 2658 Εἶτά

69 2682 164 2709 φησιν·
187 2684 196 2700 ι
219 2675 348 2710 Πέπομφε
364 2676 473 2708 δούλους
483 2677 703 2713 ἀποληψομένους
714 2679 776 2709 τοὺς
788 2686 854 2712 καρ-

69 2720 146 2753 ποὺς,
163 2721 209 2747 καὶ
227 2721 326 2754 πάντες
342 2722 588 2751 κεκινδυνεύκασιν.
606 2724 714 2759 Ἐπειδὴ
729 2724 756 2750 δὲ
780 2723 854 2750 ὓστε-

907 2227 970 2254 iutis
985 2226 1054 2260 ejus,
1070 2233 1118 2252 nec
1133 2229 1290 2251 sanctorum
1310 2230 1384 2258 spem
1412 2225 1566 2257 gustarunt,
1583 2228 1614 2247 ac
1631 2220 1690 2247 loco

905 2279 998 2299 eorum
1012 2275 1107 2298 vocata
1123 2275 1164 2297 est
1174 2269 1291 2304 gentium
1308 2267 1462 2295 multitudo.
1478 2266 1511 2293 Et
1522 2273 1571 2300 pro
1583 2265 1690 2293 illorum

904 2315 1060 2350 pastoribus
1078 2314 1160 2341 creati
1191 2317 1253 2341 sunt
1272 2313 1316 2340 alii
1331 2312 1409 2346 justi,
1431 2315 1460 2339 et
1475 2310 1530 2338 Deo
1555 2311 1635 2345 grati,
1663 2313 1690 2336 et

904 2365 1059 2388 sanctorum
1075 2360 1226 2387 studiorum
1243 2358 1389 2390 candidati,
1401 2361 1428 2385 et
1441 2357 1486 2392 qui
1502 2356 1606 2391 populis
1621 2362 1689 2390 pra:-

905 2412 963 2432 esse
976 2409 1085 2437 norunt,
1102 2404 1202 2431 lumina
1220 2404 1246 2430 in
1264 2403 1375 2436 mundo,
1392 2409 1544 2430 sermonem
1559 2401 1689 2428 trahentes

906 2451 977 2483 vitae,
993 2450 1218 2485 quemadmodum
1234 2449 1317 2486 660
1343 2447 1558 2483 sapientissimus
1591 2445 1690 2472 Paulus

908 2496 994 2531 inquit
1007 2496 1051 2522 ⁷⁷·.
1065 2495 1250 2530 Visjudicimn
1264 2495 1354 2522 videre
1370 2493 1470 2526 Patris,
1486 2497 1513 2519 ct
1527 2491 1688 2519 sententiam

906 2542 932 2568 iu
950 2541 1013 2568 illos
1025 2541 1119 2574 latam,
1132 2541 1193 2568 audi
1209 2541 1381 2568 Servatorem
1398 2538 1529 2567 dicentem
1554 2536 1688 2572 praefectis

906 2586 1059 2614 Iudaeorum
1077 2595 1084 2613 :
1106 2595 1114 2611 ι
1134 2585 1218 2613 Homo
1235 2586 1342 2620 quidam
1356 2589 1413 2613 erat
1424 2583 1628 2619 paterfamilias,
1643 2580 1690 2616 qui

907 2632 1039 2668 plantavit
1052 2632 1167 2664 vineam,
1183 2634 1210 2658 et
1220 2638 1308 2665 sepem
1323 2631 1346 2659 ei
1362 2630 1548 2662 circumdedit,
1570 2636 1601 2655 ac
1623 2627 1690 2655 fodit

908 2678 933 2705 in
949 2685 979 2705 ea
996 2677 1124 2710 torcular,
1140 2681 1166 2704 et
1182 2676 1326 2703 aedificavit
1344 2677 1450 2708 turrim,
1464 2676 1615 2709 locavitque
1630 2681 1689 2701 cum

908 2723 1043 2759 agricolis,
1057 2726 1084 2749 et
1098 2729 1208 2757 peregre
1220 2721 1355 2756 proiectus
1367 2726 1407 2748 est
1422 2721 1453 2748 ⁷⁸.
1471 2730 1480 2746 ι
1497 2721 1541 2747 Ait
1560 2720 1655 2747 deinde
1681 2728 1687 2745 :

107 2819 129 2834 "-
146 2819 260 2855 runtpp.
274 2829 302 2854 ιι,
322 2820 362 2856 t0,
379 2821 418 2849 ιι.
458 2823 491 2839 η’
508 2822 602 2850 Matth.
621 2831 664 2856 xv,
678 2822 723 2850 ει.
763 2824 783 2839 ντ
804 2823 855 2851 λιιι

919 2831 940 2856 ι,
959 2823 985 2857 5,
1002 2823 1028 2850 6.
1067 2823 1098 2839 ’⁷⁸
1117 2821 1230 2857 Philipp.
1245 2821 1329 2856 ιι,15,
1345 2821 1385 2848 16.
1423 2820 1446 2837 ’³
1461 2819 1554 2848 Matth.
1572 2828 1628 2853 ut,
1644 2820 1687 2849 35.
