1883 3055
48 131 128 160 1οὗ5

612 138 642 165 IN
665 138 779 166 lSAlAM
801 139 865 167 LIB.
888 140 930 168 IV.
952 140 1055 168 ORAT.
1078 140 1121 169 IV.

1622 149 1693 177 £056

45 195 95 213 τοι
114 186 217 222 γυμνὸν
242 189 316 223 δντα,
341 192 388 218 καὶ
410 191 531 228 ἄσαρκον
555 193 594 220 ἔτι
619 194 715 229 Λόγον,
733 197 772 228 εἰς
799 197 827 223 1i

903 198 1012 225 ritutem
1030 207 1057 226 se
1073 199 1216 226 formatum
1230 202 1255 226 et
1271 199 1408 226 redactum
1425 200 1470 233 ait,
1481 206 1621 238 postquam
1639 206 1691 234 hoc

44 233 103 268 τῆς
132 233 257 267 δουλείας
287 236 428 272 διάπλασιν
458 238 598 274 ὲνεχθῆναί
625 249 706 276 φησιν
741 242 848 275 ἑαυτὸν,

45 279 253 315 εὖδοκήσαντος
278 281 358 309 τοῦτο
374 283 420 310 τοῦ
440 283 518 318 Θεοῦ,
539 285 585 311 καὶ¹
607 287 712 322 Πατρός
723 296 729 302 ⁸
746 288 778 314 ὲκ
794 297 849 315 κοι-

45 324 114 358 λίας
125 326 155 353 δὲ
170 327 280 362 μᾶλλον,
292 329 362 356 τοῦτ’
375 329 457 359 ἐστιν.
469 330 513 357 ὅτε
530 332 599 359 κατὰ
613 333 701 368 σάρκα
717 335 847 371 ἐγεννήθη

46 371 85 397 ἐκ
101 373 242 406 γυναικός.
260 374 326 401 Τότε
352 375 407 411 γὰρ
422 376 488 408 Θεὸς
512 377 602 412 φύσει,
632 380 678 405 καὶ
695 380 847 416 ἐλεύθερος,

46 418 92 449 ὡς
115 419 149 445 ἐκ
167 418 235 445 Θεοῦ
253 428 281 446 τε
300 421 346 447 καὶ
366 422 508 458 ἐλευθέρου
526 424 642 460 Πατρδς,
658 425 707 461 τὴν
723 426 768 452 τοῦ
787 427 847 454 δού-

46 463 101 490 λου
116 464 223 500 δέχεται
246 467 361 502 μορφὴν,
385 468 444 503 ἤτοι
467 468 575 497 πλάσιν.
597 471 633 497 Οὐ
650 472 705 507 γάρ
728 481 767 499 τοι
782 473 847 508 φαίη

47 517 96 540 τις
118 510 163 539 ἂν.
180 511 207 536 εἴ
222 519 253 545 γε
267 511 329 538 νοῦν
345 512 412 547 ἔχοι,
432 513 470 545 ὡς
482 514 513 541 τὸ
528 515 621 541 δοῦλον
637 516 716 551 φύσει
731 518 771 550 εἰς
787 518 848 545 δου-

48 551 130 578 λείαν
156 553 301 581 πλάττεται
327 556 437 591 μᾶλλον,
458 557 517 590 ἀλλ’,
537 559 550 584 6
568 559 689 593 δουλείας
704 562 847 595 ἐπέκεινα,

49 599 101 624 καὶ
117 599 213 634 ζυγοῦ,
232 602 344 634 καὶτοῖς
361 603 410 638 τῆς
427 605 546 640 φυσικῆς
568 606 725 643 ἐλευθερίας
745 610 849 646 ἐμπρέ-

50 651 114 670 πων
134 645 274 681 αὐχήμασι
293 647 397 683 δέχοιτο
419 649 452 676 ἂν
476 650 589 683 εἰκότως
610 651 660 687 τὴν
684 653 731 679 τοῦ
755 654 848 681 δούλου

50 689 164 722 πλάσιν,
180 692 238 727 ἦτοι
255 696 372 729 μορφήν.
393 695 453 722 ’Ότι
469 696 523 732 γὰρ
544 696 685 733 ἐλεύθερος
702 699 738 725 ὢν
755 700 768 726 ὁ
791 700 848 732 υἱὸς

49 735 176 770 καθῆκεν
194 738 290 764 ἑαυτὸν
314 741 354 772 εἰς
376 741 455 769 τοῦτο
481 742 562 774 ἑκὼν,
580 743 638 775 πῶς
654 744 686 771 ἂν
701 745 848 772 ὲνδῖιάσειέ

47 788 94 811 τις
112 781 222 809 Παύλου
237 783 370 818 λέγοντος,
395 787 424 813 ὲν
441 789 530 823 μορφῇ
555 789 604 823 μὲν
619 787 689 816 εἶναι
704 790 785 817 αὐτὸν
801 792 847 818 τοῦ

48 826 134 860 Θεοῦ,
151 829 276 864 ἡγεῖσθαι
298 831 326 858 δὲ
345 832 394 868 οὐχ
410 834 556 870 ἁρπαγμδν
577 836 606 862 τὸ
625 836 669 863 ἶσα
688 835 757 864 εῖναι
775 838 844 874 Θεῷ.

903 244 955 271 Deo
973 250 998 272 ct
1027 245 1098 272 Patri
1122 245 1298 278 collibuisset,
1326 246 1372 273 sed
1399 245 1432 273 ab
1449 252 1526 275 ute‘ro
1550 250 1649 284 potius,
1665 252 1691 280 ld

900 295 950 323 est,
966 291 1072 325 quando
1087 291 1235 318 secundum
1254 298 1363 318 carnem
1384 297 1463 320 natus
1485 299 1556 321 esset
1577 295 1609 323 de
1632 304 1691 324 mu—

900 336 975 364 liere.
986 337 1054 364 Tum
1070 337 1140 364 enitn
1158 336 1229 364 Deus
1243 341 1339 364 natura
1353 342 1379 364 et
1395 337 1473 371 liber,
1488 344 1578 374 utpote
1591 349 1622 369 ex
1637 343 1698 369 Deo-

899 388 926 409 et
938 383 1022 410 libero
1035 383 1124 415 Patre.
1140 383 1209 411 servi
1221 384 1338 418 speciem
1356 391 1402 411 seu
1432 384 1548 413 formam
1579 389 1690 423 accipit.

900 426 984 454 Nemo
1002 428 1074 455 enim
1092 428 1189 455 mentis
1205 435 1314 463 compos
1342 429 1441 456 dixerit
1460 438 1567 459 servum
1592 438 1688 462 natura

900 473 926 500 in
940 474 1096 500 servitutem
1113 473 1240 507 formari;
1254 474 1299 502 sed
1312 474 1356 509 qui
1368 480 1443 503 extra
1461 478 1618 505 servitutem
1632 485 1690 507 erat

899 522 926 544 et
939 517 1084 552 jugum,ac
1099 518 1231 546 naturalis
1251 519 1385 547 libertatis
1400 521 1551 556 insignibus
1566 523 1688 557 illustris,

900 563 998 590 merito
1024 567 1111 597 potest
1123 564 1193 590 servi
1221 564 1410 592 formationem
1437 567 1494 594 sive
1511 568 1622 602 ﬁguram
1640 578 1686 596 ca-

899 616 972 644 pere.
991 608 1056 635 Nam
1073 609 1145 643 quod
1161 609 1229 636 liber
1246 615 1272 636 et
1291 610 1361 638 ﬁlius
1378 619 1407 638 se
1426 612 1498 640 hunc
1513 614 1606 642 volens
1625 617 1690 643 sub-

900 655 993 686 mittit,
1007 655 1067 689 quis
1083 655 1255 687 dubitaverit,
1272 664 1331 684 cum
1347 657 1419 684 dicat
1435 658 1543 692 Paulus,
1558 660 1584 687 in
1601 663 1686 689 forma

901 700 945 727 Dei
959 700 1048 731 fuisse.
1068 708 1118 728 nec
1134 701 1255 735 rapinam
1273 702 1383 729 duxisse
1405 703 1534 738 aequalem
1561 714 1590 733 se
1618 713 1684 734 esse

899 745 963 776 Deo,
980 746 1027 772 sed
1050 745 1084 772 ab
1100 745 1150 774 hac
1164 747 1190 773 in
1206 747 1331 774 omnibus
1345 747 1424 775 rebus
1443 750 1596 783 atqualitale
1608 757 1636 779 et
1651 753 1688 779 si-

900 789 1061 822 militudine,
1081 798 1132 818 non
1150 790 1264 818 libenter
1280 792 1312 817 ad
1333 793 1401 820 hanc
1418 794 1488 821 servi
1507 794 1621 823 formant
1636 798 1682 824 de-

899 835 1015 869 venisse,
1025 841 1051 864 et
1063 837 1095 864 ad
1105 837 1242 864 hominum
1253 837 1351 865 factum
1362 846 1420 866 esse
1431 841 1633 870 similitudinem
1641 843 1686 870 ⁸⁰·.

48 873 111 900 ἀλλ’
127 875 160 902 ὲκ
175 876 225 911 τῆς
240 877 310 905 κατὰ
327 880 380 906 πᾶν
396 880 484 908 ὁτιοῦν
503 882 623 917 ἰσότητος
639 892 667 910 τε
695 885 740 910 καὶ
756 885 827 919 ὁμοιέ

901 882 968 908 Deus
981 882 1051 909 enini
1066 888 1124 909 erat
1141 891 1201 910 eum
1231 884 1284 915 illo,
1303 885 1479 914 nihilominus
1502 891 1592 916 tamen
1611 889 1688 916 nobis

47 927 146 955 τητος,
170 922 330 951 καθικέσθαι
356 924 407 959 μὲν
431 927 481 954 οὐκ
508 927 665 964 ἀϐουλήτοις
689 930 728 961 εις
754 930 846 958 δούλου

51 967 176 1013 μορςτην,
195 969 224 995 ἐν
240 971 392 1006 ὁμοιώματι
414 973 443 999 δὲ
459 973 610 1009 ἀνθρώπων
626 975 760 1013 γενέσθαι.
781 977 847 1010 Θεὸς

48 1011 108 1047 γὰρ
131 1010 164 1048 ἧν
182 1015 251 1048 μετὰ
270 1015 375 1049 τούτου,
399 1017 507 1054 διέδειξε
532 1019 560 1046 δὲ
585 1021 661 1047 οὐδὲν
677 1018 757 1057 ἧττον
782 1024 846 1058 ἡμῖν

47 1057 82 1084 τὸ
102 1058 183 1093 φύσει
199 1069 228 1086 τε
253 1061 298 1088 καὶ
316 1063 423 1099 άληθῶς
447 1065 598 1100 ἐλεύθερον,
623 1068 670 1094 καὶ
687 1068 736 1094 οὐκ
751 1057 845 1096 ἀνεθε-

47 1103 142 1138 λήτως
160 1105 191 1132 τὸ
210 1106 312 1139 δοῦλον,
331 1109 359 1135 ὲν
377 1111 409 1145 τῇ
425 1110 480 1137 τῶν
498 1111 653 1148 διδράχμων
671 1117 845 1152 συνεισφορᾷ.

50 1149 175 1185 Ἦροντο
195 1151 245 1186 μὲν
263 1153 316 1190 γὰρ
331 1154 375 1181 τὸν
393 1155 535 1183 θεσπέσιον
552 1158 654 1193 Πέτρον
674 1160 698 1186 ol
715 1149 860 1196 δασμολοῧ

48 1202 104 1228 γοι,
126 1195 241 1232 πότερόν
259 1206 323 1225 ποτε
340 1201 540 1235 συνεισκομὶζει
557 1205 613 1235 τοῖς
627 1203 716 1236 ἄλλοις
728 1195 846 1240 Χριστὸς

47 1239 79 1266 τὸ
103 1239 263 1286 δεδραχμον,
281 1243 363 1279 ἡγουν
382 1245 534 1281 ἀπόϐλητον
556 1249 672 1276 ποιεῖται
689 1249 738 1286 τὴν
757 1239 846 1278 κατά-

48 1284 136 1314 θεσιν.
154 1285 221 1315 Εἶτα
239 1289 306 1325 πρὸς
324 1291 405 1318 αὑτὸν
422 1292 435 1318 ὁ
451 1292 552 1328 Κύριος
563 1301 569 1308 ·
590 1304 598 1320 ι
614 1295 645 1321 Ol
662 1284 780 1330 βασιλεῖς
797 1297 846 1332 τῆς

47 1331 101 1366 γῆς
119 1333 176 1360 ἀπὸ
189 1334 262 1366 τίνος
283 1335 451 1371 λαμϐάνουσι
465 1338 541 1374 τέλη,
558 1339 573 1374 ἢ
591 1340 706 1375 κῆνσον;
725 1342 779 1369 ἀπὸ
791 1331 845 1370 τῶν

48 1378 117 1405 υξῶν
137 1379 253 1414 ἑαυτῶν,
268 1381 284 1417 ἢ
299 1382 352 1408 ἀπὸ
368 1383 422 1410 τῶν
437 1384 601 1421 ἁλλοτρίων;
628 1396 637 1413 ι
659 1387 802 1420 Διέποντος
817 1388 846 1415 δὲ

47 1424 96 1451 τοῦ
121 1425 244 1462 μαθητοῦ
265 1428 389 1464 τάληθὲς,
419 1430 472 1457 ἀπὸ
498 1432 552 1467 γάρ
567 1442 608 1459 τοι
627 1434 679 1460 τῶν
697 1434 846 1470 ἀλλοτρίων

47 1470 212 1506 κομίζονται
227 1474 251 1499 oi
267 1473 386 1508 βασιλεῖς
401 1476 431 1502 τὸ
445 1477 540 1511 ταχθέν
550 1487 556 1492 ·
577 1487 585 1503 ι
608 1479 679 1514 ’Ἄρα
693 1488 736 1514 γε,
752 1480 844 1515 φησὶν,

48 1516 192 1552 ἐλεύθεροι
208 1519 230 1545 οἱ
253 1519 304 1546 υἱοί
328 1521 406 1547 εἰσιν.
435 1521 492 1548 Ἵνα
515 1522 597 1559 δὲμὴ
622 1524 844 1560 σκανδαλίσωμεν

47 1563 162 1597 αὐτοὺς,
179 1565 320 1600 πορευθεὶς
332 1567 372 1598 εἰς
385 1567 432 1602 τὴν
444 1567 591 1600 θάλασσαν,
607 1569 670 1604 βάλε
683 1569 842 1606 ἄγκιστρον,

48 1609 162 1636 καὶτὸν
186 1611 324 1638 ἀναϐάντα
342 1612 448 1647 πρῶτον
466 1613 541 1649 ἰχθὺν
565 1612 642 1650 ἆρον,
663 1616 710 1642 καὶ
736 1616 844 1649 ἀνοίξας

47 1655 79 1682 τὸ
100 1655 190 1691 στόμα
214 1657 306 1689 αὑτοῦ,
323 1658 450 1694 εὑρήσεις
473 1660 604 1696 στατῆρα·
626 1662 730 1688 ἐκεῖνον
753 1661 843 1689 λαϐὼν

48 1701 93 1734 δὸς
107 1702 203 1734 αΰτοῖς
219 1703 278 1730 ἀντὶ
294 1704 361 1739 ἐμοῦ
381 1706 427 1732 καὶ
443 1706 500 1734 σοῦ.
522 1716 530 1732 ι
554 1707 705 1735 Πλάττεται
721 1709 810 1737 τοίνυν
829 1710 843 1736 ὸ

48 1748 195 1785 ἐλεύθερος
214 1749 285 1776 κατὰ
311 1751 391 1785 φύσιν
407 1753 445 1784 εἰς
471 1752 563 1780 δοῦλον
586 1754 775 1789 οἰκονομικῶς,
799 1755 843 1782 ὅτε

48 1794 98 1821 καὶ
122 1796 156 1821 ὲκ
180 1795 283 1828 κοιλίας
300 1797 430 1833 ἐγεννήθη
455 1798 505 1833 τῆς
530 1799 600 1826 κατὰ
617 1799 707 1836 σάρκα
729 1801 842 1836 μητρός.

49 1840 157 1876 Καιρδς
170 1840 224 1877 γὰρ
246 1839 322 1874 οὗτος
343 1843 357 1870 ὁ
372 1843 484 1878 πρέπων
501 1846 556 1876 τοῖς
574 1845 622 1879 τῆς
637 1845 776 1878 κενώσεως
794 1846 843 1881 μὲ-

47 1894 136 1921 τροις.
158 1888 218 1914 Ὂτι
234 1888 262 1915 δὲ
279 1888 440 1922 διακονικῶς
460 1891 618 1922 ἐπλάττετο,
635 1892 840 1929 πεπληροφορη-

48 1940 98 1958 κεν
127 1932 222 1966 εἰπὼν,
249 1933 296 1960 τοῦ
325 1936 488 1969 συναγαγεῖν
515 1935 560 1962 τὸν
597 1935 703 1970 Ἰακὼϐ,
725 1938 772 1963 καὶ
798 1938 843 1965 τδν

54 1977 177 2014 Ἰσραήλ.
195 1979 331 2006 Καθίκετο
347 1980 400 2016 γὰρ
415 1981 444 2006 ἐν
461 1983 515 2013 τοῖς
531 1981 593 2008 καθ’
607 1983 680 2018 ἡμᾶς
696 1983 762 2014 Θεὸς
777 1982 815 2010 ὢν
829 1984 843 2010 6

48 2023 150 2057 Λόγος.
164 2024 214 2059 οὐχ
228 2025 321 2060 ἐτέρου
338 2035 383 2053 του
398 2027 488 2062 χάριν,
505 2027 574 2062 πλὴν
590 2027 696 2055 ὅτίτοῦ
711 2029 842 2056 διασῶσαι

47 2069 96 2095 τὸν
120 2069 240 2106 Ἰσραὴλ,
259 2071 304 2097 καὶ
320 2073 484 2107 συναγαγεῖν
508 2073 553 2100 τὸν
575 2073 681 2101 Ἰακώϐ,
705 2075 843 2102 Κατεσκε-

47 2115 114 2141 δασε
144 2115 195 2150 μὲν
216 2116 269 2152 γὰρ
292 2117 415 2150 ἅπαντας
438 2120 501 2150 τοὺς
524 2119 603 2151 ὄντας
627 2120 672 2146 επὶ
695 2121 744 2156 τῆς
759 2121 812 2155 γῆς
829 2123 843 2149 ὁ

49 2160 218 2195 φαυλότητος
237 2162 345 2198 ἁπάσης
361 2163 475 2198 εὑρετὴς
488 2164 528 2195 εἰς
546 2164 683 2199 πολυειδῆ,
701 2165 747 2192 καὶ
761 2165 843 2191 πολύ-

897 928 1016 955 ostendit
1042 928 1067 954 in
1094 928 1239 956 collatione
1259 930 1491 966 didrachmorum,
1506 940 1534 960 se
1548 939 1644 961 natura
1661 941 1687 962 et

898 981 960 1000 vere
977 973 1101 1008 liberum,
1116 974 1252 1002 voluntate
1275 982 1364 1004 autem
1390 985 1510 1005 servum.
1533 979 1686 1015 Interroga—

898 1018 961 1045 bant
980 1019 1051 1046 enini
1068 1019 1188 1047 divinum
1210 1020 1319 1048 Petrum
1345 1028 1498 1057 exactores,
1517 1031 1606 1052 ulrnnt
1623 1034 1684 1053 cunt

897 1064 958 1091 aliis
978 1063 1103 1093 Christus
1131 1065 1288 1093 didrachma
1319 1066 1466 1100 conferret,
1487 1076 1520 1095 an
1552 1075 1688 1097 recusaret

898 1111 1081 1139 contribuere.
1107 1110 1175 1138 Tum
1191 1111 1215 1139 ei
1231 1112 1268 1139 ait
1289 1113 1435 1141 Dominus:
1457 1123 1466 1139 ι
1482 1114 1568 1149 Reges
1580 1120 1658 1142 teme
1672 1123 1686 1143 ιι

897 1164 950 1191 quo
975 1156 1073 1183 tributa
1089 1157 1212 1192 exigunt,
1231 1157 1272 1184 vel
1296 1159 1430 1185 censum?
1449 1167 1463 1186 a
1479 1159 1540 1187 tiliis
1564 1161 1630 1192 suis,
1648 1169 1682 1188 an

897 1199 931 1227 ab
943 1200 1040 1228 alienis
1053 1201 1120 1228 ιιι»
1142 1201 1278 1236 Discipulo
1297 1208 1387 1230 autem
1412 1204 1483 1238 quod
1504 1211 1596 1232 verum
1627 1212 1687 1233 erat

897 1246 1012 1279 dicente,
1027 1248 1060 1274 ab
1076 1247 1172 1275 alienis
1184 1248 1266 1284 662
1291 1250 1403 1284 exigunt
1432 1258 1510 1284 reges
1534 1251 1663 1279 tributum
1678 1259 1686 1278 :

899 1302 908 1318 ι
924 1292 1004 1328 Ergo,
1027 1302 1036 1319 ι
1053 1293 1150 1328 inquit,
1162 1304 1170 1320 ι
1189 1294 1265 1322 liberi
1282 1300 1344 1322 sunt
1356 1295 1412 1322 lilii.
1425 1294 1478 1323 Sed
1495 1304 1528 1324 ne
1540 1304 1585 1324 eos
1599 1297 1686 1324 oli‘en-

898 1338 1003 1370 tlamns,
1024 1339 1067 1366 :tbi
1085 1339 1117 1367 ad
1132 1347 1216 1373 mare,
1231 1345 1257 1368 et
1283 1341 1392 1368 hamum
1407 1341 1502 1376 jacito,
1521 1349 1547 1370 et
1562 1344 1607 1379 qni
1627 1346 1685 1380 pri-

898 1394 957 1413 mus
984 1386 1136 1414 ascenderit
1151 1387 1244 1421 piscis,
1262 1396 1323 1415 cum
1342 1389 1439 1422 tollito,
1453 1394 1480 1417 et
1509 1396 1601 1425 aperto
1628 1392 1686 1426 ejus

896 1439 953 1464 ore,
968 1436 1096 1459 statercm
1115 1432 1236 1461 invenies
1250 1443 1255 1461 :
1270 1442 1331 1461 enm
1344 1436 1441 1470 capite,
1456 1441 1483 1464 et
1499 1438 1550 1465 illis
1569 1446 1617 1473 pro
1642 1447 1685 1466 me

897 1481 968 1504 acte
986 1477 1057 1505 dato.
1072 1488 1081 1505 ι
1099 1478 1245 1507 Formatur
1262 1481 1352 1515 itaque
1368 1486 1461 1510 natura
1487 1483 1566 1515 liber,
1586 1484 1612 1511 in
1625 1493 1684 1511 ser-

898 1531 959 1550 vum
978 1525 1186 1560 dispensatione,
1204 1528 1312 1562 quando
1327 1533 1406 1556 natus
1418 1535 1477 1556 erat
1489 1531 1523 1557 ab
1538 1536 1614 1559 utero
1631 1539 1687 1558 ina-

897 1570 945 1597 tris
965 1570 1111 1598 secundum
1140 1579 1261 1600 carnem.
1291 1573 1409 1609 Tempus
1440 1576 1511 1603 enim
1539 1577 1602 1603 illud
1626 1581 1686 1614 erat

895 1623 1029 1644 mensura:
1051 1617 1247 1646 exinanitionis
1266 1627 1428 1654 congruens.
1449 1621 1525 1654 Quod
1543 1627 1633 1650 autem
1659 1624 1685 1650 in

895 1662 1010 1689 ministri
1027 1663 1133 1690 modum
1149 1663 1281 1692 formatus
1296 1665 1341 1698 sit,
1357 1666 1434 1694 [idem
1454 1667 1528 1700 facit,
1545 1676 1605 1696 cunt
1621 1670 1658 1696 ait
1677 1679 1683 1696 :

894 1707 931 1735 Ut
948 1716 1140 1744 congregarem
1155 1708 1238 1738 Jacob
1252 1715 1278 1738 et
1291 1712 1385 1740 lsrael.
1402 1713 1528 1741 Nostram
1550 1715 1625 1742 enim
1643 1716 1684 1742 in-

895 1753 950 1780 duit
965 1758 1089 1781 naturatn
1110 1755 1179 1782 Deus
1202 1755 1333 1789 Verbum,
1356 1766 1408 1785 non
1434 1759 1468 1786 ob
1485 1759 1556 1786 aliud
1579 1761 1630 1787 nisi
1655 1767 1683 1787 ut.

894 1801 1015 1824 servaret
1030 1797 1156 1826 lsraeleni
1172 1804 1199 1826 et
1226 1807 1403 1836 congregaret
1422 1802 1516 1831 Jacob.
1534 1804 1682 1839 Dissipavit

894 1843 965 1870 enim
981 1851 1074 1872 omnes
1086 1845 1131 1879 qui
1149 1851 1212 1873 sunt
1226 1847 1250 1873 in
1265 1852 1345 1880 terra,
1361 1849 1448 1876 omnis
1464 1850 1621 1877 vitiositatis
1642 1850 1684 1877 in-

895 1897 1000 1923 venter,
1014 1890 1039 1917 in
1054 1891 1191 1926 multiplex
1211 1898 1238 1919 et
1259 1894 1425 1922 multiforme
1441 1900 1592 1930 peccatum.
1610 1895 1684 1923 Alios

893 1936 964 1962 enim
982 1936 1007 1963 in
1022 1941 1106 1964 totum
1123 1938 1238 1966 deiicere
1252 1939 1315 1966 fecit
1335 1948 1349 1966 ιι
1376 1940 1514 1973 Creatore,
1541 1947 1567 1968 et
1587 1942 1638 1968 sibi
1657 1947 1684 1969 et

895 1982 1007 2017 impuris
1022 1983 1189 2012 dmmonihus
1209 1985 1335 2016 subjecit,
1348 1990 1376 2013 et
1408 1986 1562 2014 inevitabile
1587 1987 1682 2022 iugum

894 2029 994 2061 precati
1013 2028 1065 2056 illis
1079 2028 1179 2063 injecit,
1202 2031 1366 2066 omninoque
1383 2032 1503 2064 abduxit,
1521 2037 1549 2059 ut
1561 2033 1622 2067 quis
1636 2041 1681 2060 es-

894 2079 934 2100 set
960 2079 1055 2101 natura
1071 2075 1258 2103 universorum
1273 2077 1342 2104 Deus
1366 2085 1398 2105 ac
1412 2076 1541 2106 Dominus
1572 2079 1680 2114 ignora-

895 2123 963 2146 rent.
981 2119 1055 2147 Alios
1082 2124 1184 2153 autem,
1197 2121 1241 2155 qui
1259 2121 1344 2157 legem
1364 2121 1510 2150 Mosaicam
1539 2124 1681 2157 haberent,

894 2171 984 2190 rerum
1000 2165 1163 2199 agendarum
1179 2166 1324 2200 arbitram,
1340 2168 1431 2203 pigros
1447 2172 1473 2195 et
1494 2169 1596 2197 resides
1615 2169 1682 2198 effe-

51 2215 157 2241 μορφον
172 2207 319 2242 ἁμαρτίαν.
337 2208 406 2240 Τοὺς
423 2210 472 2244 μὲν
488 2209 542 2245 γὰρ
567 2210 721 2245 ἀπέστησεν
734 2211 827 2246 ὁλοτρὸ

895 2210 940 2242 cit,
967 2214 994 2237 et
1013 2211 1045 2237 ad
1061 2218 1168 2238 omnem
1192 2214 1326 2246 pertraxit
1343 2214 1549 2248 turpitudinem,
1563 2220 1592 2242 ut
1624 2216 1682 2243 exi-

50 2260 110 2283 πως
130 2252 177 2278 τοῦ
202 2253 354 2286 κτίσαντος,
372 2254 462 2289 ἑαυτῷ
475 2263 503 2281 τε
522 2255 569 2282 κα)⁴
593 2257 648 2287 τοῖς
677 2256 842 2292 ἀκαθάρτοις

49 2297 176 2332 δαίμοσιν
210 2299 368 2327 ὑποκεῖσθαι
399 2301 630 2336 παρασκευάσας,
655 2303 701 2328 κοιλ¹
735 2302 842 2330 δυσδιά-

51 2352 154 2378 φυκτον
169 2345 259 2378 αὐτοῖς
284 2346 329 2373 τὸν
353 2347 402 2382 τῆς
425 2347 562 2383 ἁμαρτίας
584 2348 731 2383 ὲπιρρἰας
748 2349 839 2382 ζυγὸν,

51 2389 98 2416 καὶ
115 2390 272 2426 ἀποστήσας
285 2392 324 2422 εἰς
339 2391 411 2418 ἅπαν
429 2392 486 2423 τοῦ,
502 2392 548 2419 καὶ
563 2392 661 2419 εἰδέναι
677 2393 718 2425 τίς
733 2393 746 2420 6
762 2393 840 2427 φύσει

48 2434 103 2461 τῶν
125 2435 194 2461 ὅλων
216 2436 274 2462 ἐστὶ
289 2436 354 2468 θεὸς
377 2436 489 2473 Κύριος.
516 2438 585 2471 Τοὺς
609 2438 636 2465 δὲ
657 2439 701 2466 τὸν
717 2440 839 2472 Μωσέως

48 2480 131 2515 νόμον
146 2480 258 2516 ἔχοντας
273 2481 423 2518 βραϐευτὴν
438 2483 493 2510 τῶν
511 2484 665 2519 πρακτέων,
688 2484 837 2520 ῥᾳθύμους,

49 2527 97 2552 καὶ
116 2526 349 2560 ἀναπεπτωκότας
365 2529 498 2564 ἀπέφηνε,
514 2529 583 2565 πρὸς
603 2530 656 2556 πᾶν
673 2529 762 2557 ὁτιοῦν
785 2530 839 2557 τῶν

49 2571 173 2599 ἐκτόπων
188 2572 358 2608 ἀπενεγκὼν,
374 2574 412 2606 ὡς
427 2575 516 2609 ὀλίγον
533 2575 582 2610 μὲν
595 2575 641 2602 τοῦ
657 2576 738 2611 νόμου
754 2578 840 2603 ποιεῖ-

51 2616 112 2644 σθαι
127 2617 206 2652 λόγον
227 2620 334 2655 κομιδῆ,
352 2620 519 2655 πράττεσθαι
532 2621 560 2647 δὲ
583 2621 682 2656 μᾶλλον
699 2621 739 2653 εἷς
756 2630 788 2656 γε
809 2622 839 2648 τὸ

51 2664 155 2698 ἑκάστῳ
172 2664 277 2697 δοκοῦν,
299 2666 345 2693 καὶ
357 2666 476 2693 διδάσκει
493 2666 666 2699 διδασκαλίας
686 2667 840 2703 ἐντάλματα

50 2707 210 2743 ἀνθρώπων.
235 2709 343 2745 Ἐπειδὴ
369 2710 396 2736 δὲ
416 2711 533 2745 ὲπέῳανε
554 2711 592 2746 τῷ
611 2712 704 2747 κῆσμῳ
723 2713 839 2747 Χριστδις

51 2754 168 2790 συνήχθη
183 2755 226 2781 διὰ
243 2756 360 2788 πίστεως
377 2757 416 2788 εις
428 2757 493 2792 μίαν
512 2758 559 2784 καὶ
577 2757 669 2793 ὀρθὴν,
689 2759 736 2785 καὶ
746 2759 838 2786 ἀνεπί-

83 2845 118 2860 ’ν
132 2844 253 2881 Philipp.
276 2854 306 2876 ιι,
320 2847 424 2881 Gscqq.
463 2847 483 2863 δ’
501 2846 595 2874 Matth.
613 2855 678 2879 xm,
697 2848 729 2874 25
752 2857 827 2883 seqq.

893 2255 1129 2289 guam‘admodum
1148 2257 1280 2284 rationem
1294 2257 1361 2292 legis
1377 2259 1531 2292 habuerint,
1547 2261 1593 2287 sed
1610 2261 1681 2295 quod

893 2301 990 2334 cuique
1013 2301 1098 2328 visum
1121 2306 1190 2335 erat,
1207 2302 1331 2336 fecerint,
1345 2311 1377 2331 ac
1403 2305 1539 2332 doctrinas
1554 2307 1680 2333 mandata

893 2346 1030 2374 hominum
1057 2348 1209 2375 docuerint.
1241 2347 1294 2376 Sed
1326 2350 1369 2377 ubi
1400 2350 1524 2378 Christus
1557 2353 1682 2386 apparuit.

891 2392 1002 2424 mundo,
1016 2397 1176 2428 congregata
1193 2398 1257 2420 sunt
1271 2401 1318 2428 per
1334 2395 1412 2422 [idem
1442 2396 1467 2422 in
1484 2404 1564 2423 unam
1582 2402 1609 2424 et
1639 2405 1680 2424 re~

893 2441 963 2464 ctam
980 2442 1006 2465 et
1022 2438 1184 2473 inculpatam
1203 2440 1366 2468 sententiam
1385 2449 1444 2476 qua:
1463 2441 1578 2469 Satanas
1602 2442 1681 2470 dissi-

892 2489 1012 2519 paveral,
1026 2488 1052 2511 et
1065 2484 1110 2519 qni
1130 2483 1192 2511 olint
1209 2492 1223 2511 a
1238 2485 1382 2513 dilectione
1395 2486 1440 2513 Dei
1461 2490 1629 2514 recesserant
1647 2487 1679 2514 ad

892 2529 966 2556 illum
981 2534 1166 2562 accurrerunt,
1181 2536 1206 2558 et
1219 2536 1330 2565 peccato
1353 2532 1502 2560 inimicitiae
1513 2540 1606 2565 causa,
1624 2540 1679 2567 pra:

890 2575 978 2602 studio
995 2582 1084 2602 rerum
1097 2575 1239 2609 bonarum,
1258 2584 1272 2603 ιι
1286 2580 1362 2612 tergo
1378 2578 1489 2612 rejecto,
1513 2579 1582 2612 apud
1599 2578 1678 2605 Chri-

891 2626 962 2648 stum
977 2628 1068 2656 pacem
1087 2621 1196 2648 habent.
1211 2623 1352 2650 Exhortati
1370 2629 1432 2651 sunt
1449 2624 1519 2651 enim
1535 2631 1581 2651 eos
1595 2625 1676 2651 etiam

891 2668 974 2695 divini
990 2668 1137 2703 prophetae.
1152 2675 1179 2696 ut
1195 2669 1246 2696 lntc
1262 2674 1366 2697 mature
1383 2670 1676 2698 tenderent.Nimirum

890 2713 994 2742 Isaias:
1015 2714 1147 2747 ineamus,
1165 2714 1262 2748 inquit,
1278 2723 1381 2750 pacem,
1398 2724 1458 2743 eum
1478 2716 1532 2748 illo,
1549 2716 1670 2742 ineamus

891 2768 984 2795 pacem
1000 2761 1146 2788 venientes.
1166 2760 1325 2789 Clatnarnnt
1339 2762 1429 2799 etiam,
1440 2762 1522 2790 divini
1540 2760 1677 2796 discipuli:
