1883 3055
156 102 227 133 mm

688 110 721 138 ΙΝ
742 113 859 141 lSAlAM
879 114 942 143 LIB.
965 116 1009 144 IV.
1027 116 1133 146 ORAT.
1155 118 1197 146 IV.

1711 123 1780 152 £030

153 163 210 189 Καὶ
225 161 286 213 εἶπέ
302 173 346 198 μοι
359 173 365 180 ·
389 165 468 200 Μέγα
492 166 532 193 σοί
549 168 607 195 ἐστι
621 168 651 195 τὸ
664 155 804 206 κληθῆναί
814 181 844 198 σε
859 173 935 200 παῖδά

1006 183 1044 202 ns.
1065 177 1178 204 Denolat
1202 177 1274 204 enim
1297 177 1348 205 hoc
1370 185 1466 205 nomen
1501 178 1648 213 aliquando
1674 179 1779 207 illium:

154 218 218 244 μου,
235 209 281 236 τοῦ
296 210 392 246 στῆσαι
409 212 458 244 τὰς
472 213 556 246 φυλὰς
578 214 685 247 Ἰακὼϐ,
701 217 747 243 καὶ
771 217 819 253 τὴν
831 218 942 246 διασπο-

154 257 209 288 p‘zv
222 255 268 281 τοῦ
292 256 399 292 Ἰσραὴλ
414 258 585 294 ἐπιστρέψαι.
603 261 632 287 Ei
646 262 696 296 χρή
711 270 737 288 τι
748 263 796 289 καὶ
809 263 942 299 ἀνθρωπί-

151 310 207 334 νως
220 302 316 334 εἰπεῖν,
331 304 379 330 οὒκ
392 304 424 339 ἐᾷ
437 305 482 331 τὸν
498 305 560 332 Υἱὸν
573 306 586 332 ὁ
601 306 696 342 Πατὴρ
714 309 879 344 κατοκνῆσαι
893 309 941 346 τὴν

150 349 319 381 οἰκονομίαν,
341 349 402 376 οὔτε
422 350 474 385 μὴν
491 351 604 385 ἄμισθον
627 353 658 379 τὸ
680 355 868 389 μικροπρεπὲς
892 356 942 390 τῆς

150 394 199 420 τοῦ
215 395 308 421 δούλου
324 396 440 431 μορφῆς,
456 397 512 423 ἀλλ’
532 395 587 424 οἷον
601 397 738 434 ἔγκαρπον
752 401 896 434 ἀποφαίνει
911 401 941 427 τὸ

150 441 259 476 χρῆμα,
276 442 322 468 καὶ
337 442 387 468 οὑκ
401 442 516 477 ἄμισθον
531 443 580 478 τὴν
594 446 766 478 ταπείνωσιν,
781 446 828 473 καὶ
846 446 876 472 τὸ
892 446 941 482 τῆς

150 487 308 522 οἰκονομίας
332 489 458 524 φορτικὸν
486 490 535 516 οὐκ
559 491 686 525 ἐσόμενον
715 491 768 523 ἔξω
791 491 938 526 θαύματος,

150 533 264 565 εὖκλεές
281 542 310 559 τε
325 534 391 569 πρὶς
408 535 496 567 τοῦτο,
515 536 562 562 καὶ
579 537 610 562 τὺ
626 537 753 572 ἀδοξῆσαι
770 538 868 565 δοκεῖν.
886 537 940 565 Ἦν

153 579 204 613 μὲν
228 579 282 614 γὰρ
300 579 414 615 σμικρὸν
435 580 669 616 ὁμολογουμένως,
694 582 732 617 τῷ
749 583 780 610 ὲκ
802 583 848 610 τοῦ
873 583 939 610 Θεοῦ

152 625 233 659 φύντι
255 625 343 660 Λόγῳ,
359 625 389 652 τὺ
413 626 543 662 κληθῆναι
565 629 658 658 παῖδα,
671 628 744 655 τοῦτ’
767 629 849 662 ἔστιν,
867 630 940 656 οἰκέ-

151 679 214 705 την.
230 671 310 706 Δηλοῖ
322 671 376 705 γὰρ
392 671 509 707 τοῦνομα
527 673 590 699 ποτὲ
607 673 656 708 μὲν
670 673 716 699 τὸν
729 674 802 705 Υἱὸν,
820 675 883 702 ποτὲ
899 675 938 706 δὲ.

151 716 190 747 ὡς
213 716 291 750 ἔψην,
307 717 351 743 τὸν
368 718 486 753 οἰκέτην.
512 717 545 744 'H
567 718 594 744 δέ
611 727 642 753 γε
657 719 712 746 τῶν
732 720 840 747 ἐννοιῶν
861 721 940 756 χρεία

149 762 230 789 τοῦτό
242 771 269 789 τε
284 763 403 795 κάκεῖνο,
419 764 490 790 κατὰ
502 764 547 791 τὸν
560 765 683 800 ἐκατέρῳ
696 766 833 801 πρέποντα
844 767 939 802 καιρὸν

150 809 354 843 εἰσκομίζεσθαι
371 811 451 836 ποιεῖ.
473 811 579 846 Ἐπειδὴ
595 811 622 837 δὲ
637 811 700 847 περὶ
720 812 770 847 τῆς
789 812 858 847 μετὰ
873 821 937 847 σαρ-

992 222 1135 257 aliquando
1153 223 1246 256 etiam,
1265 228 1293 251 ut
1314 224 1381 257 dixi,
1401 224 1542 252 famulum.
1560 223 1644 251 Prout
1669 229 1780 252 senten-

992 268 1028 295 tia
1048 269 1175 303 postulat,
1200 270 1299 304 poterit
1324 270 1484 297 alterutrum
1516 270 1610 296 horum
1639 276 1689 297 suo
1713 275 1781 297 tem-

992 321 1055 348 pore
1068 319 1217 349 opportuno
1233 315 1364 342 adhiberi.
1381 315 1513 348 Quoniam
1527 319 1616 342 autem
1634 322 1724 342 sermo
1738 319 1780 342 est

991 358 1024 384 de
1040 358 1239 392 dispensatione
1252 359 1278 386 in
1303 366 1394 390 carne,
1409 364 1470 394 apte
1485 359 1630 386 conveniet
1648 367 1729 391 nunc,
1750 363 1780 387 ut

991 409 1058 436 puer
1085 402 1249 436 intelligatur
1278 411 1381 431 servus.
1413 404 1493 439 Ergo,
1514 408 1543 430 ut
1560 403 1628 435 dixi,
1643 402 1705 430 licet
1730 403 1779 430 ab-

988 447 1060 482 jecta
1085 455 1129 475 res
1143 449 1212 476 Filio
1239 450 1274 476 sit
1292 449 1451 484 ignobilitas
1482 450 1628 480 servitutis,
1643 449 1722 476 aliter
1739 453 1780 476 ta-

992 501 1051 520 men
1069 501 1098 521 se
1108 501 1151 521 res
1172 494 1275 522 habuit.
1289 494 1346 522 Non
1361 495 1432 522 enim
1447 502 1540 529 parum
1563 499 1622 522 erat
1640 495 1678 522 illi
1692 499 1720 521 ut
1733 495 1778 529 qui

991 539 1024 566 ab
1044 540 1170 567 omnibus
1201 540 1379 575 gloriﬁcatur,
1394 542 1465 576 quod
1485 549 1544 568 cum
1575 549 1626 568 non
1656 541 1778 576 rapinam

991 585 1098 611 duxerit
1120 592 1181 612 esse
1195 587 1324 620 aequalem
1338 586 1406 619 Deo,
1420 587 1500 613 etiam
1519 587 1608 614 servili
1626 595 1700 613 more
1718 595 1779 614 ver-

990 635 1066 658 satus
1080 630 1123 657 hic
1136 631 1226 663 fuerit,
1246 635 1273 658 et
1292 632 1324 658 ad
1339 631 1409 659 hanc
1432 633 1644 660 exinanitioncm
1660 632 1778 659 devene-

991 676 1208 711 rit,crucemque
1224 677 1336 712 ejusque
1353 677 1421 704 mala
1438 677 1562 710 subierit,
1574 683 1600 705 et
1615 678 1647 704 ad
1659 678 1777 705 ninnium

991 722 1072 748 vitam
1092 723 1274 750 redimendam
1302 731 1378 750 suam
1403 724 1487 757 ipsius
1516 724 1632 750 animam
1649 725 1778 759 deposue-

991 767 1035 798 rit,
1052 772 1081 794 ut
1106 768 1274 802 tyrannidem
1293 768 1452 796 diabolicam
1479 768 1610 801 aboleret,
1628 773 1655 795 et
1680 770 1778 795 (Immo-

991 813 1095 840 niorum
1115 814 1222 847 asinina
1251 814 1284 841 ab
1301 814 1462 841 intolerabili
1479 814 1505 841 in
1524 822 1572 842 nos
1586 814 1712 841 violentia
1728 814 1775 841 tle-

149 854 198 885 κὸς
214 855 370 889 οἰκονομίας
390 856 404 881 ὁ
425 855 501 888 λόγος
515 856 583 888 ἐστὶ,
601 856 701 892 πρέποι
715 857 748 883 ἂν
769 857 880 890 εἰκότως
893 859 935 885 τὸν

1006 858 1121 891 urbaret,
1136 864 1165 885 ut
1179 859 1323 886 exitiosum
1337 864 1477 894 peccatum
1493 859 1525 886 de
1545 860 1633 886 medio
1660 858 1776 890 tolleret,

149 901 234 927 παῖδα
246 901 364 927 νοεῖσθαι
385 901 484 928 δοῦλον.
504 902 618 936 Οὐκοῦν,
640 902 690 929 κᾶν
707 905 747 935 εἰς
768 904 873 939 μικρὸν.
898 904 936 936 ὡς

148 946 228 982 ἔφην,
256 947 295 982 τῷ
317 947 372 982 Υίῷ
392 948 441 982 τῆς
462 947 582 980 δουλείας
606 948 636 974 τὸ
657 948 794 980 δυσκλεὲς,
817 949 876 976 ἀλλ’
901 947 935 985 ἦν

147 992 258 1028 ἑτέρως.
277 993 331 1019 Καὶ
345 992 377 1029 δὴ
390 993 437 1019 καὶ
451 993 560 1027 γέγονεν
583 994 613 1020 οὐ
629 994 726 1029 μικρὸν
740 995 814 1030 αὐτῷ
826 1003 833 1010 ·
852 995 935 1027 Δοξά-

146 1037 224 1070 ζεται
237 1039 291 1074 γὰρ
304 1039 378 1074 παρὰ
391 1039 510 1071 πάντων,
527 1039 564 1071 ὡς
578 1040 724 1075 ἁρπαγμὸν
740 1041 789 1075 μὲν
803 1041 851 1076 οὐχ
866 1042 936 1077 ἡγη-

990 908 1019 930 ut
1033 909 1147 931 mortem
1162 904 1277 939 deleret,
1295 911 1323 932 ut
1339 906 1456 933 honiinis
1471 910 1594 932 naturam
1615 905 1647 932 ad
1662 905 1775 940 primam

989 950 1121 985 originem
1142 951 1296 986 relingeret,
1313 955 1341 978 et
1354 951 1412 985 ejus
1437 959 1570 986 suumque
1594 958 1704 986 regnum
1723 952 1777 978 Deo

990 995 1120 1029 traderet,
1140 996 1210 1031 quod
1243 996 1343 1024 nullius
1357 1002 1450 1032 postea
1474 997 1616 1032 tyrannide
1631 1003 1778 1031 occupare-

989 1046 1044 1075 tur,
1056 1043 1225 1079 aliorumque
1241 1044 1375 1071 violentia:
1386 1045 1478 1079 jngmn
1492 1044 1580 1079 potius
1592 1048 1741 1071 excuteret.

146 1086 265 1121 σάμενος
279 1086 309 1113 τὸ
321 1084 390 1113 εἶναι
409 1086 452 1113 ἴσα
468 1087 537 1121 Θεῷ,
554 1087 600 1114 καὶ
628 1089 685 1119 τοῖς
700 1088 750 1122 τῆς
781 1087 903 1120 δουλείας
914 1089 1076 1125 Evagrii)“;
1106 1091 1227 1125 τρόποις,
1250 1090 1297 1117 καὶ
1319 1090 1483 1125 καθιγμένος
1508 1089 1548 1121 είς
1568 1089 1692 1122 κένωσιν,
1707 1090 1775 1116 ὑπο-

146 1133 243 1168 μείνας
257 1142 286 1160 τε
303 1134 427 1170 σταυρὸν,
439 1134 527 1161 καὶτὰ
542 1135 569 1161 ἐν
583 1134 666 1170 αὐτῷ,
681 1135 728 1161 καὶ
758 1136 807 1170 τῆς
843 1135 969 1162 ἁπάντων
988 1135 1061 1171 ζωῆς
1084 1136 1260 1171 ἀντάλλαγμα
1283 1136 1331 1172 τὴν
1351 1135 1449 1162 ἑαυτοῦ
1463 1134 1551 1170 ψυχὴν
1571 1135 1708 1167 καταθεὶς,
1732 1136 1775 1162 ἵνα

145 1181 288 1218 καταλύσῃ
301 1182 445 1217 τυραννίδα
459 1176 631 1217 διαθολικὴν,
662 1182 709 1208 καὶ
732 1182 765 1209 τὰ
788 1182 842 1209 τῶν
864 1183 1010 1219 δαιμονίων
1033 1183 1143 1218 διελάσῃ
1180 1183 1260 1218 στίφη
1275 1185 1325 1219 τῆς
1359 1183 1420 1209 καθ’
1435 1182 1514 1218 ἡμῶν
1529 1182 1665 1218 ἀφορήτου
1687 1182 1776 1209 πλεον-

143 1229 231 1261 εξίας,
252 1230 294 1256 ἵνα
312 1230 344 1257 ὲκ
366 1230 448 1264 μέσου
470 1231 569 1265 ποιήσῃ
586 1229 634 1265 τὴν
655 1230 827 1265 ὀλεθροποιὺν
843 1231 992 1266 ἁμαρτίαν,
1011 1231 1053 1258 ἵνα
1086 1231 1248 1267 καταργήσῃ
1279 1231 1404 1262 θάνατον,
1420 1231 1467 1257 καὶ
1496 1229 1545 1264 τὴν
1567 1230 1613 1256 τοῦ
1630 1229 1774 1266 ἀνθρώπου

142 1276 228 1310 φύσιν
242 1276 427 1312 ἀναμορφώσῃ
442 1277 510 1312 πρὸς
524 1277 555 1303 τὸ
567 1277 614 1303 ἀπ’
638 1278 738 1312 ἀρχῆς,
761 1279 808 1304 καὶ
840 1278 953 1314 παραδῷ
970 1278 1009 1314 τῷ
1031 1278 1090 1314 Θεῷ
1116 1279 1164 1314 τὴν
1196 1277 1279 1305 αὐτοῦ
1301 1286 1330 1304 τε
1355 1277 1401 1304 καὶ
1427 1276 1524 1304 ἑαυτοῦ
1550 1276 1698 1311 βασιλείαν,
1728 1277 1774 1304 ὑπ’

141 1323 250 1355 οἰδενὺς
269 1323 308 1350 ἔτι
321 1323 545 1359 τυραννουμένην,
571 1323 775 1351 ἀποϐάλλουσαν
789 1325 817 1351 δὲ
847 1324 946 1358 μᾶλλον
964 1325 1013 1359 τῆς
1028 1325 1128 1360 ἐτέρων
1142 1324 1297 1356 πλεονεξίας
1319 1323 1363 1350 τὸν
1379 1323 1470 1356 ζυγόν.

187 1371 266 1398 Ἰδοὺ
294 1370 408 1398 τέθεικὰ
422 1379 459 1397 σε
472 1373 515 1404 εἰς
531 1371 593 1406 φῶς
609 1371 713 1405 ἐθνῶν,
726 1372 779 1399 τοῦ
801 1369 879 1399 εἶναι
898 1380 935 1399 σε

140 1417 188 1449 εις
203 1417 352 1450 σωτηρίαν
365 1417 419 1447 ἕως
434 1417 566 1452 ἐσχάτου
581 1417 634 1451 τῆς
647 1417 713 1452 γῆς.

1023 1371 1091 1398 Ecce
1115 1372 1189 1406 posui
1213 1377 1237 1398 te
1254 1373 1280 1397 in
1301 1372 1383 1397 lucem
1399 1370 1525 1405 gentium,
1541 1375 1569 1397 ut
1591 1371 1628 1397 δὴ
1645 1376 1671 1397 tu
1699 1369 1772 1397 salua

988 1424 1068 1450 usque
1082 1416 1116 1442 ad
1133 1421 1276 1442 extremum
1296 1420 1383 1442 (θίγω.

180 1462 236 1488 Οὺκ
252 1462 386 1496 ἠγνόησεν
399 1464 411 1489 ὁ
424 1463 517 1498 Πατὴρ
531 1462 562 1489 τὸ
572 1463 626 1489 τῶν
644 1463 778 1489 Ἰουδαίων
793 1463 933 1498 ἀπεσκλη-

1019 1462 1076 1488 Non
1094 1461 1225 1496 ignoravit
1253 1460 1333 1488 Pater
1355 1461 1472 1487 animum
1485 1459 1637 1488 Iudaeorum
1656 1460 1773 1487 obdura-

141 1507 201 1539 κὸς,
219 1508 265 1534 καὶ
281 1508 457 1543 ἀνουθέτητον
480 1509 619 1544 φρόνημα,
638 1509 686 1535 καὶ
708 1509 862 1544 ὁλοτρόπως
886 1509 932 1535 ὲκ-

139 1554 330 1588 τετραμμένον
341 1555 380 1585 είς
391 1554 420 1580 τὸ
433 1554 546 1589 ἐξήνιον.
557 1555 732 1590 Προσὴκαντο
742 1555 796 1590 γὰρ
808 1554 933 1589 οὐδαμῶς

139 1600 191 1633 τὴν
215 1599 259 1626 διὰ
272 1599 390 1635 Χριστοῦ
405 1600 556 1632 παίδευσιν,
574 1600 660 1627 καίτοι
675 1600 733 1627 δέον
745 1600 863 1634 ἄγασθαι
883 1599 932 1635 μὲν

141 1645 193 1679 τῆς
210 1645 387 1680 ἡμερότητος,
405 1646 451 1672 καὶ
474 1646 638 1680 ἀσυγκρίτου
659 1646 865 1680 φιλανθρωπίας
887 1645 932 1672 τὸν

141 1691 301 1725 Λυτρωτὴν,
319 1691 427 1722 ὑπτίαις
453 1691 481 1717 δὲ
505 1690 598 1726 ὥσπερ
623 1692 702 1726 χερσὶ
729 1691 932 1726 παραδέξασθαι

139 1734 191 1769 τὴν
213 1735 438 1770 φιλοτιμίαν.¹’1να
454 1737 542 1763 τοίνυν
563 1737 600 1772 μὴ
621 1738 649 1763 ἐν
670 1736 812 1769 ἀποτεύξει
830 1735 930 1763 σκοποῦ

139 1781 268 1814 γενέσθαι
281 1782 344 1816 δοκῇ
366 1782 412 1808 τοῦ
426 1782 550 1817 Σωτῆρος
560 1783 638 1817 ἡμῶν
649 1782 814 1817 οἰκονομίαν,
828 1783 875 1810 ἇτε
888 1782 929 1819 δὴ,

140 1827 189 1853 καὶ
216 1827 446 1859 ἀπολακτίσαντος
469 1828 516 1854 τοῦ
538 1829 711 1863 ἡγησαμένου
737 1829 812 1860 λαοῦ,
829 1830 874 1856 καὶ
900 1830 930 1856 οὐ

141 1872 334 1906 προσιεμένου,
356 1873 483 1908 καθάπερ
509 1873 590 1908 ἔφην,
610 1874 658 1910 τὴν
678 1874 759 1901 αὑτοῦ
784 1874 929 1910 λύτρωσιν,

143 1919 366 1953 προσεπήνεγκεν
390 1919 404 1945 ὁ
429 1919 533 1954 Πατὴρ,
557 1920 596 1957 ὅτι
620 1921 756 1956 σωτηρίας
781 1921 930 1953 καταδείξει

139 1964 245 1999 τρίϐον,
261 1964 307 1990 καὶ
327 1964 356 1990 τὸ
377 1964 426 1999 τῆς
445 1965 561 1999 ἀληθοῦς
576 1965 739 1999 θεογνωσίας
763 1967 854 2001 ἐνήσει
874 1966 931 2001 φῶς

140 2012 199 2041 τοῖς
211 2011 239 2036 ἐν
252 2010 330 2045 ἀχλύῖ
342 2011 387 2037 καὶ
401 2011 499 2046 σκότῳ.
517 2011 658 2038 Ἐκαλεῖτο
670 2011 723 2046 γὰρ
739 2012 752 2037 ὸ
771 2012 878 2047 Ἰσραὴλ
891 2013 931 2044 είς

141 2056 232 2087 τοῦτο,
242 2056 358 2091 Χριστοῦ
372 2057 495 2091 λέγοντος
506 2056 628 2092 ἐναργῶς
636 2065 642 2072 ·
663 2067 671 2083 ι
683 2057 753 2091 Ἐγώ
764 2059 821 2092 εἰμι
833 2058 863 2084 τὸ
874 2058 931 2092 φῶς

142 2101 190 2127 τοῦ
205 2101 317 2136 κόσμου.
331 2111 339 2126 ι
356 2101 424 2127 Καί·
441 2102 529 2133 «Ἕως
542 2102 572 2127 τὸ
587 2102 644 2136 φῶς
655 2101 740 2137 ἔχετε,
755 2104 930 2138 περιπατεῖτε

143 2145 172 2170 ἐν
196 2144 235 2184 τῷ
255 2146 344 2178 φωτὶ,
364 2145 407 2171 ἶνα
436 2144 472 2180 μὴ
496 2146 511 2180 ἡ
536 2145 629 2172 σκοτία
655 2146 726 2180 ὑμᾶς
752 2147 902 2184 καταλάϐῃ.
919 2157 928 2172 ι

148 2181 259 2225 Ἐπειδὴ
281 2190 308 2216 δὲ
332 2190 430 2225 μᾶλλον
445 2191 590 2225 ἠγάπησαν
609 2191 639 2217 τὸ
656 2192 760 2224 σκότος,
778 2192 794 2226 ἢ
813 2193 842 2218 τὸ
860 2181 929 2228 φῶς,

143 2235 357 2271 κατελείφθησαν
370 2237 415 2262 ὑπ’
423 2236 515 2268 αὐτοῦ,
528 2236 614 2263 καίτοι
626 2237 679 2263 τῶν
691 2237 773 2270 ἁγίων
784 2239 930 2274 προφητῶν

142 2282 193 2318 τὴν
206 2283 234 2307 ἐν
247 2282 358 2317 Χριστῷ
374 2283 452 2317 χάριν
465 2283 556 2314 αὐτοῖς
571 2284 822 2319 προηγορευκότων.
831 2284 860 2310 '0
880 2285 929 2317 μὲν

142 2328 198 2363 γάρ
212 2336 254 2359 τις
268 2328 318 2363 ἔφη
332 2337 338 2343 ·
356 2337 364 2353 ι
380 2328 508 2360 Φωτίζου,
520 2328 646 2362 ῳωτίζου,
666 2330 854 2365 Ἰερουσαλήμ·
865 2330 928 2365 ἥκει

142 2374 197 2409 γάρ
222 2382 267 2400 σου
293 2374 322 2399 τὸ
350 2374 417 2408 φῶς,
432 2375 478 2400 καὶ
505 2376 521 2410 ἡ
547 2374 609 2407 δόξα
630 2375 674 2401 ἐπὶ
691 2375 720 2401 σὲ
734 2375 927 2403 ἀνατέταλκεν.

147 2419 212 2445 Ἰδοὺ
232 2420 336 2451 σκότος,
355 2420 401 2446 καὶ
418 2420 515 2454 γνόφος
534 2421 648 2455 καλύψει
663 2423 714 2456 γῆν
728 2422 770 2448 ἐπ’
786 2421 858 2456 ἔθνη.
869 2422 929 2448 Ἐπὶ

141 2465 169 2491 δὲ
191 2465 221 2492 σὲ
248 2466 394 2501 φανήσεται
413 2466 523 2501 Κύριος,
541 2466 587 2493 καὶ
610 2467 626 2502 ἡ
648 2467 710 2500 δόξα
732 2467 813 2494 αὑτοῦ
832 2468 878 2494 ἐπὶ
900 2467 929 2494 σὲ

141 2511 299 2548 ὀτξρήσεται.
317 2513 365 2538 »Ὁ
386 2512 414 2538 δέ
434 2521 475 2544 τις
500 2513 606 2547 ἕτερον
625 2522 634 2538 ‹
650 2513 704 2539 Καὶ
727 2513 850 2540 ἀνατελεί
865 2513 928 2548 ὑμῖν

141 2558 197 2588 τοῖς
218 2557 396 2592 φοϐουμένοις
415 2557 445 2583 τὸ
467 2558 551 2593 ὄνομά
575 2566 635 2593 μου,
650 2558 724 2592 ἥλιος
745 2558 926 2594 δικαιοσύνης,

142 2604 189 2630 καὶ
208 2604 279 2636 tam;
292 2604 320 2631 ἐν
333 2605 392 2635 ταῖς
411 2605 538 2639 πτέρυξιν
553 2604 645 2632 αὑτοῦ.
663 2614 672 2629 ι
683 2605 790 2639 Ἐπειδὴ
806 2605 843 2637 δὲ,
859 2604 930 2631 καθά

143 2658 208 2683 φησι
226 2650 255 2675 τι
266 2649 386 2684 Γράμμα
400 2652 429 2675 το
447 2650 528 2685 ἱερὸν,
545 2649 579 2676 τὰ
604 2647 661 2676 ὦτα
686 2650 774 2676 αὐτῶν
793 2650 929 2686 ἐϐάρυναν

142 2692 188 2718 τοῦ
205 2692 242 2728 μὴ
253 2693 420 2724 εἰσακοῦσαι,
431 2695 492 2725 τοὺς
502 2694 656 2728 ὀφθαλμοὺς
670 2695 758 2721 αὐτῶν
771 2695 910 2729 ὲκάμυσαν
921 2704 927 2710 ·

143 2738 283 2774 ἐπέλαμψε
294 2740 350 2771 τοῖς
361 2739 464 2766 ἔθνεσιν
479 2741 492 2766 ὸ
504 2740 629 2775 Χριστος,
640 2741 687 2767 καὶ
699 2741 786 2775 φωτὸς
800 2741 845 2768 τοῦ
857 2741 928 2767 θείου

180 2829 202 2845 ⁸⁵
216 2829 294 2858 Joan.
311 2837 367 2863 rm,
384 2830 426 2857 12.
472 2830 504 2846 ἰδ’
519 2830 595 2859 Joan.
615 2839 663 2866 an,
682 2831 726 2859 33.

766 2831 788 2847 ⁸⁵
804 2831 856 2860 lsa.
872 2839 916 2865 Lx,
939 2831 978 2858 ιο.

985 1512 1052 1541 tum,
1065 1513 1092 1535 et
1127 1507 1320 1534 admonitionis
1347 1506 1544 1540 impatientem,
1562 1511 1589 1533 et
1613 1514 1723 1541 prorsus
1737 1506 1769 1533 ad

984 1554 1187 1582 ell'renationcm
1203 1560 1339 1580 aversum.
1351 1552 1408 1579 Non
1418 1551 1489 1579 enim
1506 1552 1656 1579 doctrinam
1670 1552 1772 1579 Christi

984 1603 1152 1634 receperunt.
1169 1599 1275 1626 etiamsi
1300 1606 1349 1634 par
1361 1603 1433 1626 esset
1455 1603 1484 1625 ut
1511 1598 1699 1633 Redemptoris
1718 1599 1774 1625 cle-

984 1646 1111 1672 mentiam
1141 1649 1167 1672 et
1188 1645 1428 1679 incomparabilem
1446 1645 1639 1672 humanitatem
1655 1645 1772 1671 admira-

985 1696 1087 1725 rentur,
1101 1696 1128 1718 et
1151 1691 1237 1718 obviis
1250 1691 1332 1718 veluti
1345 1691 1470 1718 manibus
1487 1692 1653 1725 majestatem
1671 1691 1774 1724 ample-

984 1741 1130 1764 cterentur.
1147 1735 1240 1770 Itaque
1265 1743 1298 1762 ne
1325 1736 1477 1762 Servatoris
1506 1737 1589 1763 nostri
1607 1736 1772 1769 dispensatio

983 1790 1065 1817 scopo
1081 1790 1112 1809 ac
1130 1782 1266 1816 proposito
1284 1790 1333 1810 suo
1345 1781 1534 1813 frustraretur,
1558 1789 1618 1809 cum
1644 1782 1770 1808 videlicet

983 1828 1096 1862 populus
1115 1828 1312 1855 recalcitrasset
1332 1835 1382 1855 suo
1399 1827 1535 1860 praefecto,
1560 1832 1586 1854 et
1610 1827 1773 1861 redemptio-

984 1880 1056 1903 nem,
1074 1877 1103 1898 ut
1129 1872 1197 1905 dixi,
1210 1879 1262 1898 non
1280 1871 1441 1902 admisisset,
1465 1870 1600 1903 Subjunxit
1618 1870 1708 1902 Pater,
1725 1877 1770 1897 sa-

983 1920 1047 1947 lutis
1060 1920 1129 1945 viam
1151 1926 1178 1946 se
1189 1922 1406 1950 ostensurum,et
1421 1925 1490 1944 verro
1507 1917 1551 1943 Dei
1566 1917 1667 1946 notitiae
1684 1916 1769 1943 lucem

983 1964 1167 1991 immissurum
1188 1964 1214 1990 in
1231 1963 1347 1997 caligine
1362 1967 1390 1989 et
1404 1962 1522 1989 tenebris
1535 1962 1714 1988 versantibus.
1729 1961 1769 1988 Ad

983 2010 1052 2038 hanc
1066 2011 1136 2037 enim
1154 2014 1263 2037 vocatus
1278 2013 1337 2036 erat
1362 2008 1453 2038 lsrat-l,
1471 2008 1578 2035 Christo
1608 2012 1700 2042 aperte
1727 2008 1770 2034 di-

983 2060 1060 2082 cente
1073 2064 1079 2082 :
1094 2064 1103 2080 ι
1116 2055 1170 2089 Εᾳο
1182 2062 1241 2081 sum
1260 2054 1303 2081 lux
1319 2054 1410 2080 tnnmli
1423 2053 1456 2080 ³⁸.
1471 2062 1480 2078 ι
1503 2053 1549 2080 Et:
1565 2053 1670 2080 «Donec
1683 2053 1769 2080 lucem

983 2101 1098 2133 habetis,
1114 2101 1250 2128 ambulate
1264 2101 1291 2127 in
1310 2100 1379 2133 luce,
1395 2107 1429 2127 ne
1445 2108 1492 2127 vos
1512 2099 1628 2126 tenebrae
1647 2106 1770 2133 compre-

983 2144 1259 2180 hendant'”.1665
1269 2145 1399 2178 Quoniam
1410 2152 1473 2172 vero
1484 2144 1607 2171 tenebras
1616 2144 1776 2176 dilexerunt

983 2191 1067 2226 magis
1082 2199 1162 2226 quam
1184 2191 1283 2223 lucem,
1301 2190 1354 2217 illis
1368 2191 1556 2225 comprehensi
1573 2195 1646 2221 sunt,
1663 2189 1770 2216 etiamsi

981 2238 1066 2265 sancti
1083 2238 1220 2272 propheta:
1231 2237 1347 2271 gratiam
1363 2237 1389 2264 in
1403 2238 1511 2264 Christo
1529 2237 1581 2263 illis
1596 2242 1658 2263 ante
1673 2235 1770 2270 prmdi-

980 2289 1097 2312 cassent.
1113 2284 1186 2310 Alius
1201 2284 1273 2310 enim
1295 2283 1381 2311 dixit:
1399 2293 1408 2309 (
1424 2284 1588 2314 “luminare,
1604 2282 1767 2313 illuminare,

981 2329 1230 2361 Jerusalcm,venit
1259 2329 1330 2355 enim
1353 2334 1425 2356 tuum
1450 2328 1549 2359 lumen,
1565 2334 1591 2354 et
1619 2327 1703 2361 gloria
1721 2327 1771 2353 Do-

983 2375 1046 2402 mini
1076 2382 1156 2409 super
1171 2379 1197 2402 te
1215 2380 1308 2402 exorta
1337 2379 1388 2401 est.
1405 2374 1474 2401 Ecce
1497 2373 1613 2400 tenebrae
1635 2377 1662 2398 ct
1685 2371 1770 2405 caligo

982 2420 1105 2454 operient
1123 2425 1222 2447 terram
1245 2425 1272 2447 et
1291 2425 1393 2454 gentes.
1410 2420 1496 2453 Super
1511 2424 1536 2445 te
1552 2422 1641 2444 autem
1654 2425 1769 2451 appare-

983 2466 1021 2493 bit
1032 2466 1169 2498 Dominus,
1181 2469 1208 2492 et
1223 2466 1307 2499 gloria
1321 2466 1377 2499 ejus
1394 2466 1420 2492 in
1433 2470 1458 2492 te
1474 2463 1670 2491 videbitur”.v
1693 2462 1769 2489 Alter

982 2513 1063 2540 etiam
1077 2513 1177 2548 inquit:
1195 2522 1204 2538 ι
1219 2512 1299 2540 Vobis
1311 2513 1354 2548 qui
1371 2511 1470 2538 timetis
1486 2517 1581 2536 nomen
1597 2515 1696 2538 meum.
1722 2515 1769 2534 cx-

982 2558 1085 2585 orietur
1101 2559 1139 2585 sol
1154 2559 1273 2592 iustitia.
1287 2564 1313 2584 et
1324 2558 1429 2585 sanatio
1443 2556 1469 2582 in
1481 2555 1569 2590 pinnis
1584 2554 1642 2588 ejus
1654 2553 1703 2580 ⁵⁸.»
1715 2552 1769 2579 Sed

979 2605 1052 2640 quia,
1067 2610 1096 2632 ut
1113 2613 1198 2632 sacrm
1215 2605 1323 2632 Littera:
1341 2605 1444 2636 dirum,
1461 2610 1539 2630 aures
1561 2609 1653 2628 eormn
1673 2607 1769 2635 aggra-

980 2655 1049 2677 vatae
1065 2654 1126 2676 sunt
1143 2654 1171 2676 ut
1187 2657 1239 2676 non
1257 2649 1393 2679 atulirent,
1410 2653 1435 2675 et
1450 2647 1519 2674 ornli
1535 2654 1628 2674 eorum
1652 2644 1766 2676 occlusi,

980 2695 1067 2722 illuxit
1079 2695 1204 2722 Clnistus
1215 2695 1348 2729 gentibus,
1361 2694 1508 2727 orbemque
1525 2697 1657 2719 terrarum
1677 2689 1766 2715 divina

980 2741 1037 2768 luce
1053 2739 1174 2774 replevit,
1193 2745 1222 2766 ut
1236 2741 1270 2766 ab
1286 2744 1347 2766 ortu
1370 2746 1455 2773 usque
1477 2738 1509 2765 ad
1538 2743 1675 2768 occasum,
1688 2732 1715 2762 et
1733 2735 1766 2761 ad

1017 2832 1039 2846 ⁸⁸
1054 2830 1166 2858 Mulae-lt.
1183 2839 1217 2863 tv,
1238 2830 1264 2857 2.
