1883 3055
132 132 199 160 1055

694 139 728 167 IN
748 140 867 168 [SUAM
889 141 952 171 LIB.
977 143 1021 172 IV.
1043 144 1146 172 OllAT.
1170 145 1213 173 ιν.

1679 149 1753 177 -ιιιτςι

126 188 237 225 ἀληθῶς
259 189 404 226 εὐχόμεθα.
429 193 500 220 τοῦτ’
513 193 597 227 ἔστιν,
613 195 701 230 ἅγιον,
716 198 762 224 καὶ
788 199 869 234 φοὸερ

1009 201 1012 226 |
1039 205 1162 235 optamus
1182 207 1211 229 ut
1236 203 1335 237 ubique
1356 204 1390 230 sit
1404 204 1479 238 quod
1500 211 1562 232 vere
1585 209 1636 237 est,
1656 205 1680 232 id
1700 211 1752 238 est,

125 234 200 262 οὕτω
217 236 332 264 κάνθάδε
345 238 385 269 τὸ,
395 238 539 272 ’Λγιάσατε
549 262 556 273 ,
571 242 689 276 νοητέον,
702 243 754 269 κᾶν
768 244 791 269 εἰ
809 245 915 278 πεφαύ-

125 279 198 310 λικε,
215 282 293 316 φησὶ,
308 283 357 317 τὴν
371 283 460 318 ψυχὴν
473 285 568 317 αὑτοῦ,
590 287 662 313 τοῦτ’
681 288 747 319 ἔστι,
770 289 820 316 κᾶν
843 291 870 316 εἴ
889 299 914 317 τι

123 324 180 352 τῶν
191 326 369 361 ἀνθρωπίνων
379 329 475 356 παθεῖν
487 330 604 364 λέγεται,
620 333 667 359 καὶ
680 333 728 369 τὴν
746 334 812 360 ἰδίαν
826 334 914 370 σάρκα

124 369 244 398 θανάτου
269 373 418 406 γεύσασθαι
445 377 652 410 παρεσκεύασε,
679 379 783 406 τέθεικε
811 380 838 406 δὲ
864 380 913 416 τὴν

123 417 222 443 ἑαυτοῦ
239 417 326 454 ψυχὴν
349 420 417 455 ὑπὲρ
440 421 717 459 πολλῶν.Ὲπιτρέχει
738 425 766 451 δὲ
788 426 802 452 ὁ
824 425 911 460 λόγος,

123 462 171 488 καὶ
188 463 370 500 διαμέμνηται
386 466 432 492 καὶ
449 467 560 502 ἐτέρων,
573 468 590 495 ἃ
604 469 632 495 δὲ
648 470 744 503 γένοιτ’
760 470 792 497 ἂν
802 470 857 498 ἐσθ’
867 472 912 498 ὅτε

122 508 173 534 καὶ
199 510 324 544 ἐμποδὼν
348 511 394 538 τοῦ
414 512 511 547 χρῆναι
534 514 672 541 πιστεύειν
686 516 760 551 αὐτῷ
780 517 841 548 τοὺς
862 516 912 551 τῆς

121 555 279 591 οἰκονομίας
290 557 338 592 οὐχ
349 558 468 592 ὁρῶντας
481 559 561 593 βάθος
574 562 629 592 τοῖς
639 570 669 595 γε
682 561 735 596 μὴν
750 563 911 597 ἀρτίφροσιν

120 601 199 627 οὐδὲν
223 601 256 628 ἂν
272 603 421 638 ἐμποιῆσαι
445 605 552 639 βλάὸος.
576 607 766 642 Παραδοθὲντα
786 608 835 643 μὲν
857 608 911 644 γὰρ

121 645 233 681 Πιλάτῳ
243 647 288 673 τὸν
301 647 412 682 Ἰησοῦν,
423 650 663 678 κατεὸδελύττοντο
673 652 725 678 τῶν
736 654 910 688 στρατιωτῶν

119 699 205 723 τινες,
220 692 297 719 τοῦτο
311 694 360 728 μὲν
374 696 569 728 καταπαίοντες
587 697 711 731 ἀνοσίως,
725 698 804 725 τοῦτο
811 692 852 731 δὲ,
863 701 910 727 καὶ

120 736 313 772 ὲμπτύσμασιν
331 739 520 774 ἀτιμάζοντες,
535 742 580 768 καὶ
596 743 719 779 στεφάνῳ
733 744 771 779 τῷ
782 744 811 777 ἐξ
825 746 909 771 ἀκαν-

120 781 176 808 θῶν
194 783 364 818 ὑϐρίσαντες,
383 787 650 822 κατακερτομοῦντές
660 798 688 815 τε
711 790 759 816 καὶ
768 790 906 824 λέγοντες

122 836 132 852 ‹
147 828 243 863 Χαῖρε,
258 829 271 855 ὁ
284 829 408 863 βασιλεὺς
422 830 476 858 τῶν
495 832 638 862 Ἰουδαίων.
654 843 663 859 ι
682 834 731 861 Διὰ
748 834 826 861 τοῦτό
842 844 908 871 φησι

969 251 1090 272 sanctum
1108 251 1135 274 et
1152 248 1288 276 terribile:
1317 249 1356 276 sic
1379 251 1459 276 etiam
1481 250 1524 277 hic
1551 250 1752 284 intelligendum

968 294 1019 321 est,
1033 290 1214 320 Sanctiﬁcate.
1243 293 1341 325 Etiam,
1359 294 1456 330 inquit,
1474 296 1519 329 qui
1548 297 1671 330 despexit
1694 297 1753 323 ani-

969 343 1038 362 mam
1058 343 1145 370 suam,
1160 338 1185 365 id
1200 342 1257 371 est,
1276 340 1384 367 humani
1409 341 1535 375 quiddam
1567 350 1661 376 passus
1689 350 1750 370 esse

967 379 1075 413 dicitur,
1094 389 1225 417 suamque
1244 391 1353 411 carnem
1381 390 1489 420 gustare
1512 392 1625 413 mortem
1642 387 1749 414 elTerit:

967 427 1107 462 posuitque
1124 429 1242 456 animam
1272 438 1348 458 suam
1379 440 1426 466 pro
1452 433 1554 460 multis.
1576 433 1752 468 Progreditur

966 473 1070 505 oratio,
1088 478 1114 501 et
1131 481 1326 504 commemorat
1350 477 1401 504 alia
1422 486 1481 513 qua:
1507 479 1637 512 impedire
1670 480 1750 506 inter-

965 517 1027 544 dum
1060 525 1172 552 possunt
1202 522 1346 554 quominus
1377 525 1488 550 credant
1512 525 1535 551 ei
1568 525 1612 559 qui
1640 525 1751 559 dispen-

964 563 1075 591 sationis
1107 565 1315 600 profunditatem
1350 577 1401 596 non
1432 571 1542 598 vident:
1570 571 1749 606 prudentibus

963 618 1027 637 vero
1039 612 1104 639 nihil
1119 613 1211 640 alTeret
1225 615 1396 644 incommodi.
1415 617 1553 644 Traditum
1574 619 1644 644 enim
1664 617 1750 644 Pilato

963 656 1054 684 Jcsum
1080 657 1187 692 quidam
1210 659 1308 686 milites
1331 661 1397 688 diris
1412 662 1587 694 devovehant,
1606 667 1631 689 et
1649 663 1747 696 partim

965 702 1047 736 impie
1067 709 1268 737 percusserunt,
1296 706 1392 739 partim
1419 707 1498 733 eiiatn
1523 709 1606 741 sputis
1628 708 1747 734 dehone-

965 752 1084 781 starunt,
1103 753 1130 776 et
1147 757 1244 776 corona
1262 751 1352 784 spinea
1373 752 1562 779 contumeliam
1582 754 1744 788 irrogarnnt,

962 793 1124 826 deriserunt,
1148 800 1228 829 atque
1261 795 1410 823 dixerunt:
1439 806 1448 822 ‹
1474 798 1543 830 Ave,
1561 806 1605 824 rex
1638 799 1745 826 Judmo-

962 848 1020 867 rum
1036 841 1070 868 ’°.
1088 850 1097 867 ι
1114 841 1260 876 Propterea
1285 848 1362 870 vocat
1382 851 1442 870 etim
1461 845 1652 872 abominationi
1668 847 1741 874 habi-

118 872 167 898 τὸν
184 872 393 909 βδελυσσόμενον
411 876 462 902 ὑπὸ
476 877 530 904 τῶν
542 878 636 910 ἐθνῶν,
654 879 708 906 τῶν
723 879 833 912 δούλων,
853 890 861 907 1

1003 894 1013 912 ‘l
1035 894 1050 912 a
1070 887 1204 921 gentibus,
1225 888 1270 920 qui
1288 897 1381 916 servus
1401 895 1443 917 est
1466 890 1627 925 principum.
1646 892 1746 920 CUnSe-

119 917 269 953 ἀρχόντων.
287 920 400 955 Ἕψεται
424 922 451 948 δὲ
473 922 581 956 πάντως
597 924 643 951 καὶ
657 924 744 960 τούτῳ
765 926 905 961 τὺ,”Αγιά-

119 968 196 994 σατε,
214 962 270 997 ἀλλ]
279 963 319 990 ὅτι
335 964 451 992 πέπονθε
468 966 516 1001 μὲν
530 969 708 1004 οἰκονομικῶς
723 969 756 996 τὰ
768 970 841 1006 παρὰ
852 971 906 997 τῶν

117 1005 204 1032 ἐθνῶν
223 1007 418 1044 ἐμπαίγματα·
437 1011 590 1048 ἀναλάμψει
614 1014 641 1040 δὲ
663 1015 731 1049 μετὰ
752 1015 841 1048 τοῦτο,
859 1017 906 1044 καὶ

116 1049 313 1086 δοξασθήσεται
333 1055 407 1090 παρὰ
423 1057 530 1083 πάντων
547 1059 575 1084 ὲν
591 1059 737 1095 ὑπεροχαῖς
756 1061 816 1092 ταῖς
834 1061 904 1088 ἀνω-

115 1097 200 1131 τάτω,
216 1100 329 1127 καὶτῶν
345 1103 373 1128 ἐν
390 1104 449 1134 ταῖς
465 1103 684 1140 ὑποκαθημέναις
697 1106 782 1133 ὄντων
799 1109 902 1142 τιμαῖς,

116 1146 296 1180 προαγορεύει
320 1147 425 1182 λέγων’
444 1150 571 1182 Βασιλεῖς
594 1151 676 1178 αὑτὸν
699 1152 808 1187 ὄψονται
823 1173 830 1185 ,
857 1154 904 1180 καὶ

114 1191 323 1227 ἀναστήσονται,
340 1195 372 1221 ἐκ
384 1195 437 1222 τῶν
450 1197 499 1232 τῆς
516 1196 654 1232 βασιλείας
665 1198 783 1234 δηλονότι
796 1198 901 1227 θώκων.

116 1236 264 1272 Ἄρχοντες
289 1239 335 1265 καὶ
355 1243 589 1277 προσκυνήσουσιν
610 1243 694 1279 αὐτῷ.
723 1245 852 1279 Ὄψονται
874 1245 902 1272 δὲ

112 1282 144 1308 οὑ
167 1285 223 1315 τοῖς
245 1285 291 1311 τοῦ
318 1286 442 1322 σώματος
468 1288 627 1325 ὀφθαλμοῖς,
650 1290 717 1317 ἀλλὰ
739 1291 791 1326 γὰρ
812 1291 850 1323 ὡς
873 1292 902 1319 ὲν

112 1329 293 1366 περιαθρήσει
310 1332 355 1358 νοῦ
372 1334 418 1360 καὶ
434 1336 556 1370 καρδίας.
574 1336 696 1372 Ὀρῶμεν
705 1337 759 1372 γὰρ
771 1337 841 1364 οὕτω
853 1338 902 1374 τὴν

111 1374 191 1406 δέξαν
205 1377 333 1411 Χριστοῦ.
351 1379 573 1416 Προσκυνήσουσι
592 1382 619 1409 δὲ
641 1382 715 1418 αὐτῷ
739 1383 831 1411 ἕνεκεν
847 1385 902 1411 Κυ-

111 1421 188 1455 ρίου,
210 1421 283 1462 τοῦτ’
297 1423 378 1456 ἔστιν,
403 1425 494 1453 ἕνεκεν
517 1427 592 1462 ἐμοῦ.
622 1429 767 1461 Δοξάζεται
788 1432 843 1466 γὰρ
864 1430 901 1463 ὡς

110 1467 177 1499 Υἱὸς
199 1468 245 1494 τοῦ
262 1469 330 1496 Θεοῦ
354 1471 400 1497 καὶ
418 1472 534 1507 Πατρὺς,
555 1474 602 1500 καὶ
624 1474 664 1500 ὅτι
683 1475 776 1507 πιστός
798 1477 872 1502 ἐστιν
886 1477 900 1502 ὁ

109 1513 187 1547 ἆγιος
207 1515 326 1552 Ἰσραήλ.
346 1517 382 1543 Τὸ
402 1518 430 1544 δὲ
447 1518 542 1550 πιστὸς
557 1521 585 1546 ἐν
601 1521 705 1552 τούτοις
719 1521 765 1548 τὸν
791 1522 835 1549 ἀεὶ
852 1523 900 1557 μέ-

109 1567 190 1586 νοντα
202 1561 284 1595 δηλοῖ.
295 1562 453 1599 ’Λκλόνητος
465 1565 518 1600 γὰρ
530 1566 544 1600 ὴ
562 1566 684 1600 βασιλεία
701 1567 748 1593 τοῦ
762 1567 838 1600 Θεοῦ,
852 1568 898 1597 καὶ

109 1605 231 1640 Πατρός·
246 1608 346 1642 ὁμοίως
359 1609 397 1640 δὲ,
419 1611 467 1637 καὶ
489 1611 504 1646 ἡ
528 1611 573 1638 τοῦ
587 1612 652 1638 Υἰοῦ
663 1621 670 1627 ·
692 1614 742 1640 οὐκ
757 1614 841 1641 ὀντων
855 1623 900 1641 πι-

109 1649 182 1676 στῶν
202 1651 257 1677 τῶν
281 1652 465 1689 ψευδωνύμων
482 1655 561 1683 θεῶν.
578 1657 638 1683 Εἰσὶ
660 1658 714 1693 γὰρ
735 1659 898 1694 ἀρτιγενεῖς,

108 1695 157 1722 καὶ
171 1696 366 1732 ἀπολλύμενοι,
385 1701 431 1726 καὶ
453 1702 483 1727 οὐ
506 1702 680 1736 μένοντες.’0
703 1704 730 1730 δὲ
753 1705 806 1731 τῶν
830 1705 899 1732 ὅλων

107 1741 213 1778 Σωτὴρ,
238 1744 284 1770 καὶ
302 1745 403 1781 Κύριος
429 1749 524 1780 πιστὸς
544 1747 662 1785 ἀλήθῶς,
686 1750 758 1778 τοῦτ’
769 1752 853 1784 ἔστιν,
867 1751 897 1779 εὖ

107 1787 233 1823 βεϐηκὼς
256 1790 284 1816 ὲν
302 1793 360 1824 ταῖς
383 1793 462 1825 ἰδίαις
487 1794 652 1830 ὑπεροχαῖς,
674 1797 721 1823 καὶ
743 1797 898 1834 ἀκλονήτως

107 1833 188 1869 ἔχων,
211 1836 259 1862 καὶ
282 1838 372 1880 αὖτξς,
396 1839 535 1872 ἐξελέξατο
557 1843 621 1873 τοὺς
645 1842 689 1869 διὰ
711 1843 829 1878 Χριστοῦ
852 1853 897 1871 κε-

106 1879 268 1914 κλημένους,
290 1892 298 1908 ι
316 1881 371 1915 Οὓς
384 1884 437 1919 γὰρ
454 1885 534 1919 ἔγνω,
553 1896 561 1911 ι
579 1887 656 1922 φησὶ,
673 1897 680 1912 ι
702 1889 748 1915 καὶ
762 1889 896 1924 προώρισε

106 1927 286 1962 συμμόρφους
295 1929 344 1964 τῆς
359 1931 463 1963 εἰκόνος
471 1932 517 1958 τοῦ
533 1933 591 1959 υἱοῦ
614 1933 706 1967 αὐτοῦ,
721 1935 832 1968 τούτους
849 1936 896 1963 καὶ

106 1971 244 2006 ἐκάλεσεν,
259 1975 357 2010 ἡγίασέ
369 1985 396 2003 τε
416 1978 483 2012 πρὺς
497 1979 594 2014 τούτῳ,
614 1980 660 2006 καὶ
681 1981 911 2013 ἐδόξασενδἚδει

104 2019 136 2054 δὴ
159 2017 218 2051 οὖν,
236 2021 365 2055 ἕδειτοὺς
387 2024 590 2060 ἐξειλεγμένους
604 2027 716 2060 ἁγιάσαι
736 2027 782 2054 τὸν
802 2029 895 2063 φαυλί-

104 2065 185 2097 ζοντα
198 2067 247 2102 τὴν
261 2068 348 2104 ψυχὴν
362 2070 454 2102 αὑτοῦ,
474 2072 521 2098 καὶ
538 2072 574 2108 μὴ
589 2074 646 2105 τοῖς
657 2073 707 2108 τῆς
719 2074 895 2111 ἀνθρωπότη-

102 2121 148 2144 τος
161 2114 313 2148 ἐνορίυντας
332 2116 522 2152 ἀποσφαλῆναι
542 2118 588 2145 τοῦ
605 2119 766 2154 πρέποντος,
786 2121 895 2157 καὶτῆς

103 2159 147 2185 ἐπ’
167 2159 241 2194 αὐτῷ
259 2161 384 2194 γνώσεως
402 2163 534 2198 ἀκριϐοῦς
545 2165 740 2201 ἀποφέρεσθαι,
754 2167 894 2198 συνιέντας

101 2202 129 2229 δὲ
147 2204 248 2238 μᾶλλον
263 2205 313 2240 τῆς
327 2207 480 2243 οἰκονομίας
491 2209 521 2235 τὸ
535 2210 614 2243 σοφὸν
629 2213 789 2244 προσκυνεῖν
804 2211 891 2248 αὐτῷ,
908 2227 930 2254 D

101 2249 253 2277 διακεῖσθαι
274 2251 312 2282 δὲ,
327 2253 373 2279 καὶ
387 2253 539 2289 ἀραρότως,
554 2256 594 2281 ὅτι
611 2256 657 2282 τοῦ
674 2257 770 2284 πιστοῦ
789 2258 891 2293 Κυρίου

103 2295 184 2329 φύσει
205 2305 234 2323 τε
250 2297 296 2323 καὶ
315 2298 423 2333 ἀληθῶς
445 2300 509 2332 Υἱός
531 2302 601 2333 ἐστι,
618 2302 664 2328 καὶ
683 2304 706 2329 εἰ
724 2303 843 2338 πέφηνεν
855 2304 894 2330 οἱ·

101 2341 256 2376 κονομικῶς
273 2343 301 2369 ὲν
319 2343 383 2370 εῖδει
399 2344 438 2380 τῷ
451 2345 511 2372 καθ’
525 2346 607 2381 ἡμᾶς,
626 2347 673 2374 καὶ
692 2347 723 2374 τὸ
742 2348 792 2382 τῆς
807 2348 891 2375 κενώ-

102 2395 172 2419 σεως
185 2387 268 2415 ὑπέδυ
288 2391 396 2424 μέτρον.
413 2391 639 2426 Προσδιαλέγεται
663 2393 690 2420 δὲ
716 2395 771 2426 τοῖς
795 2394 893 2427 ἐξειλε-

99 2432 224 2467 γμένοις,
240 2434 286 2460 καί
303 2443 395 2469 φησιν,
412 2436 452 2463 ὅτι
472 2436 566 2472 Καιρῷ
580 2437 666 2472 δεκτῷ
681 2438 821 2474 ἐπήκουσά
834 2448 890 2472 σου,

100 2478 147 2504 καὶ
170 2479 198 2505 ἐν
220 2479 311 2515 ἡμέρᾳ
333 2482 469 2517 σωτηρίας
490 2483 626 2518 ὲὸοήθησά
646 2493 697 2512 σοι.
716 2486 893 2521 Προὲγνωστο

101 2525 151 2558 μὲν
169 2525 222 2561 πρὸ
243 2527 394 2561 καταῆολῆς
416 2528 518 2563 κόσμου
541 2530 668 2565 Χριστὸς,
683 2531 731 2558 καὶ
753 2531 784 2558 τὸ
809 2533 891 2559 αὐτοῦ

101 2572 251 2606 μυστήριον
263 2581 270 2588 ·
288 2573 429 2608 ἐπέλαμψε
451 2574 478 2600 δὲ
501 2576 571 2602 κατὰ
586 2577 697 2612 καιροὺς
714 2577 760 2609 οὓς
772 2578 866 2613 ἢθελεν
878 2579 892 2605 ὁ

99 2618 249 2653 Δυνάστης,
267 2619 328 2645 καθ’
343 2620 388 2651 οὓς
402 2622 467 2656 ἡμῖν
485 2622 644 2658 βεϐοήθηκε.
661 2624 707 2650 καὶ
724 2623 769 2650 τὸν
781 2625 830 2659 τῆς
846 2625 888 2651 ἐν-

99 2663 300 2700 ανορωπήσεως
319 2667 422 2701 καιρὸν,
438 2668 575 2703 σωτηρίας
589 2669 696 2703 ἡμέραν
710 2667 780 2696 εἶναι
795 2679 888 2705 φησιν.

99 2708 177 2735 Οὕτω
194 2709 242 2745 (ἀρ
253 2718 304 2736 που
318 2711 365 2738 καὶ
379 2712 394 2738 ὁ
405 2711 547 2745 θεσπέσιος
564 2713 669 2746 Παῦλος
679 2723 685 2730 ·
709 2724 717 2741 ι
730 2715 795 2742 Ἰδοὺ
809 2715 885 2748 vina,»

143 2842 167 2860 "
182 2842 276 2871 Matth.
297 2851 381 2877 xxvn,
397 2845 441 2872 ‘39.
480 2847 514 2862 ’θ’
532 2847 608 2875 Rom.
627 2855 685 2881 Vlll,
704 2848 748 2882 29,
766 2849 808 2877 50.

913 1554 934 1582 C

957 934 1053 964 qnelur
1077 937 1166 958 autent
1194 932 1274 960 illud:
1296 933 1480 962 Sanctiﬁcate.
1509 936 1643 963 Caeterum
1676 939 1746 972 quod

956 982 1099 1010 perpessus
1111 977 1146 1004 sit
1161 985 1193 1004 ex
1206 978 1413 1013 dispensationis
1427 985 1531 1009 ratmne
1548 983 1666 1010 ludibria
1682 992 1745 1017 gen-

957 1019 1032 1050 tiutn,
1058 1019 1119 1047 ideo
1140 1021 1220 1048 etiam
1241 1027 1333 1056 postea
1353 1024 1503 1060 refu'gehit,
1517 1031 1543 1052 et
1558 1027 1737 1054 illnstrahitnr

956 1063 989 1090 ab
1005 1063 1140 1098 omnibus,
1168 1066 1193 1093 in
1212 1074 1315 1094 stmuna
1338 1068 1468 1104 dignitate
1482 1071 1563 1106 667
1578 1073 1744 1104 constitutis,

955 1113 980 1136 et
994 1109 1075 1136 etiam
1092 1110 1220 1139 inferiore
1237 1113 1340 1140 honore
1358 1115 1487 1148 praeditis,
1505 1116 1641 1149 praedicit:
1659 1117 1744 1152 Reges

954 1155 1083 1182 videbunt
1104 1164 1178 1190 enm,
1191 1162 1217 1185 et
1231 1164 1351 1193 surgent.
1372 1160 1405 1187 de
1423 1161 1495 1194 regni
1522 1161 1646 1190 videlicet
1667 1163 1744 1190 solio.

953 1200 1091 1235 Principes
1114 1203 1194 1230 etiatn
1221 1204 1371 1231 adorabunt
1396 1213 1457 1232 eum
1474 1216 1480 1233 :
1496 1207 1628 1235 Videbunt
1654 1213 1742 1235 autem

954 1254 1006 1274 non
1040 1248 1126 1274 oculis
1156 1249 1288 1283 corporis,
1306 1251 1352 1278 sed
1377 1252 1451 1279 velut
1480 1253 1578 1280 mentis
1606 1257 1633 1280 et
1656 1255 1745 1281 contis

953 1293 1170 1328 perlustratione.
1190 1295 1237 1322 Sic
1250 1297 1321 1323 enim
1349 1297 1470 1325 videmus
1494 1299 1605 1333 gloriam
1632 1300 1742 1328 Christi.

951 1340 1111 1368 Adorabunt
1133 1349 1197 1369 vero
1219 1342 1293 1369 illum
1319 1349 1427 1378 propter
1458 1344 1610 1378 Dominum,
1628 1346 1652 1373 id
1681 1352 1719 1373 est
1735 1368 1741 1377 ,

951 1391 1060 1421 propter
1078 1395 1128 1415 tne.
1145 1386 1318 1416 Glorilicatur
1339 1390 1410 1416 enim
1438 1390 1510 1417 velut
1539 1391 1623 1418 Fil'us
1651 1391 1696 1418 Dei
1716 1397 1743 1419 et

952 1432 1052 1464 Patris,
1071 1433 1132 1468 quia
1153 1434 1240 1461 ﬁdelis
1256 1439 1298 1461 est
1313 1434 1430 1462 Sanctus
1449 1435 1540 1463 Israel.
1558 1435 1670 1468 Fidelis,
1700 1437 1743 1464 hic

951 1478 1087 1512 signiﬁcat.
1106 1487 1212 1514 semper
1238 1485 1401 1508 manentem.
1429 1482 1569 1508 ltmnolum
1601 1483 1670 1508 cnim
1703 1488 1743 1509 est

950 1530 976 1552 et
994 1526 1089 1552 stabile
1104 1533 1215 1560 regnum
1239 1526 1284 1554 Dei
1300 1532 1326 1554 et
1345 1527 1432 1554 Patris
1453 1534 1460 1553 :
1489 1528 1612 1561 similiter
1628 1534 1654 1555 et
1669 1528 1741 1560 Filii,

950 1577 1011 1597 cum
1043 1575 1130 1598 tamen
1152 1571 1217 1599 falso
1245 1573 1388 1607 nnncupati
1415 1572 1450 1599 dii
1477 1573 1568 1600 ﬁdeles
1594 1582 1645 1601 non
1674 1575 1740 1601 sint.

952 1615 1022 1643 Sttnt
1039 1617 1110 1644 enim
1129 1625 1215 1652 nuper
1229 1619 1296 1649 nati,
1308 1623 1335 1644 et
1357 1624 1481 1652 pereunt,
1507 1623 1532 1645 et
1546 1627 1598 1646 non
1619 1625 1738 1646 manent.

951 1660 1142 1689 Universorum
1176 1669 1266 1690 autem
1300 1663 1429 1690 Servator
1454 1669 1480 1690 et
1511 1664 1638 1691 Dominus
1679 1671 1741 1691 rere

950 1707 1035 1735 ﬁdelis
1052 1713 1102 1740 est,
1116 1709 1140 1735 id
1158 1713 1208 1741 est,
1228 1710 1260 1736 ad
1286 1717 1361 1736 suam
1381 1710 1437 1743 ipse
1466 1710 1624 1743 dignitatem
1642 1718 1738 1744 prore-

950 1756 1018 1784 rtus,
1034 1753 1137 1780 stabilis
1152 1758 1177 1781 et
1192 1759 1327 1784 constans,
1342 1755 1421 1789 elegit
1449 1755 1493 1787 qui
1521 1762 1567 1789 per
1593 1754 1733 1781 Cltristnm

948 1797 1035 1824 vocati
1048 1802 1136 1826 erant.
1149 1807 1157 1823 ι
1173 1798 1244 1831 Quos
1259 1799 1330 1825 enim
1344 1799 1486 1833 prmscivit,
1496 1807 1505 1823 ι
1521 1799 1619 1833 inquit,
1635 1809 1643 1825 ι
1657 1801 1738 1827 etiam

948 1841 1113 1876 prmﬁnirit,
1142 1847 1170 1869 ut
1204 1843 1356 1870 confortnes
1383 1846 1472 1869 essent
1501 1847 1526 1869 et
1553 1836 1610 1876 ipsi
1630 1842 1739 1875 imagini

948 1887 1007 1914 Filii
1019 1888 1071 1921 sui,
1081 1892 1106 1915 et
1117 1889 1231 1919 vocarit,
1240 1892 1267 1915 et
1278 1888 1466 1920 sanctiﬁcavit,
1475 1888 1736 1922 elgloriﬁcaﬁt"‘.r

948 1932 1074 1966 Oportuit
1096 1933 1186 1968 igitur,
1208 1934 1328 1968 oportuit
1350 1933 1451 1961 electos
1484 1934 1653 1961 sanctiﬁi-are
1677 1941 1737 1960 eum

945 1979 990 2014 qui
1019 1980 1137 2006 animant
1165 1980 1309 2013 inhabitat,
1323 1985 1351 2008 et
1381 1989 1433 2008 non
1462 1988 1616 2008 mensuram
1641 1980 1737 2007 Imma-

946 2025 1039 2052 nitatis
1062 2026 1172 2058 intueri,
1189 2031 1216 2053 et
1239 2034 1254 2053 a
1270 2027 1370 2054 decoro
1400 2028 1535 2060 decidere,
1552 2027 1625 2054 etab
1642 2033 1737 2054 exacta

945 2071 1002 2106 ejus
1018 2071 1171 2106 cognitione
1193 2072 1331 2105 deerrare,
1349 2074 1394 2101 sed
1414 2073 1504 2108 potius
1529 2073 1738 2107 dispensationis

944 2119 1104 2152 sapientiora
1126 2119 1285 2155 intelligere,
1310 2121 1438 2156 illumque
1471 2121 1595 2152 adorare,
1623 2124 1650 2147 et
1669 2127 1736 2148 ccu-

944 2168 1048 2191 stanter
1066 2165 1105 2191 sic
1123 2165 1213 2192 animo
1237 2166 1303 2193 allici
1334 2174 1365 2193 ac
1389 2167 1547 2201 persuaderi
1572 2166 1645 2193 illum
1675 2173 1736 2192 esse

945 2209 1030 2237 ﬁdelis
1047 2209 1151 2237 Dontiui
1170 2217 1265 2238 natura
1288 2217 1315 2238 et
1341 2220 1404 2239 vere
1437 2212 1544 2246 Filium,
1561 2212 1668 2239 etiantsi
1688 2220 1737 2246 pro

947 2256 1051 2284 ratione
1077 2256 1285 2290 dispensationis
1312 2257 1337 2284 in
1356 2257 1445 2284 forma
1471 2262 1561 2285 nostra
1582 2257 1736 2292 apparuerit

945 2306 972 2329 et
1007 2303 1200 2330 exinanitionis
1235 2311 1389 2330 mensuram
1427 2304 1556 2331 induerit.
1584 2303 1736 2338 Alloquitur

946 2356 1028 2384 porro
1051 2349 1151 2377 electos
1169 2355 1198 2376 et
1225 2349 1313 2383 inquit
1329 2359 1335 2376 :
1353 2349 1486 2384 Tempore
1514 2354 1625 2383 accepto
1648 2357 1733 2376 exau-

946 2395 998 2422 diri
1021 2399 1057 2426 te,
1072 2395 1142 2422 etin
1173 2395 1216 2422 die
1241 2395 1338 2423 salutis
1363 2394 1450 2428 adjuvi
1467 2399 1501 2422 te.
1521 2394 1730 2429 Praascitnsqui-

946 2440 1006 2468 dem
1040 2447 1098 2469 erat
1114 2446 1177 2469 ante
1206 2442 1298 2469 mundi
1318 2441 1536 2469 constitutiOnem
1556 2441 1689 2473 Christus,
1707 2446 1732 2468 ot

945 2487 1003 2521 ejus
1030 2488 1216 2523 mysterium:
1241 2488 1328 2514 illuxit
1358 2493 1446 2514 autem
1489 2487 1540 2514 illis
1569 2487 1733 2520 temporibus

945 2532 1042 2566 quibus
1066 2534 1152 2560 visum
1181 2538 1221 2560 est
1243 2534 1427 2566 Dominatnri,
1453 2541 1513 2560 cum
1541 2533 1622 2559 etiam
1657 2531 1734 2559 nobis

944 2585 1020 2613 opem
1049 2579 1149 2606 attttlit.
1173 2579 1354 2606 Humanitatis
1375 2585 1480 2613 tempus
1504 2578 1568 2605 dicit
1583 2585 1643 2605 esse
1660 2578 1730 2604 diem

942 2624 1046 2652 salutis.
1062 2625 1106 2652 Sic
1136 2626 1207 2652 enim
1229 2627 1336 2653 divinus
1357 2625 1456 2652 Paulus
1474 2633 1481 2651 ι
1502 2634 1510 2650 ι
1537 2625 1604 2652 Ecce
1618 2632 1699 2655 nunc,
1719 2633 1730 2648 ι

939 2670 1035 2705 inquit,
1051 2679 1060 2696 ι
1071 2675 1175 2706 tempus
1187 2672 1428 2706 accoptabile,ccce
1436 2679 1505 2698 nunc
1515 2671 1571 2698 dics
1581 2670 1730 2698 salutis’U»

941 2716 1033 2743 Psallit
1063 2717 1143 2743 etiam
1169 2718 1298 2752 propheta
1325 2718 1407 2745 David
1435 2722 1462 2746 et
1495 2717 1553 2745 ait:
1577 2726 1585 2742 ε
1605 2715 1665 2742 llzuc
1689 2718 1731 2742 est

847 2849 867 2865 ⁹¹
884 2850 903 2877 ll
919 2851 980 2877 (lor.
995 2858 1030 2882 \‘i,
1047 2850 1091 2877 ‘27.
