1883 3055
114 214 182 242 “:57

662 209 697 238 IN
718 210 834 239 lSAlAM
855 210 920 239 ΗΒ.
942 210 988 240 ιν.
1010 211 1116 240 ORAT.
1132 211 1178 240 Π.

1676 213 1745 242 1058

110 271 143 300 δὲ
155 272 269 303 Θάνατος
286 270 329 298 διὰ
345 271 393 306 τῆς
409 269 584 302 ἀναστάσεως
600 269 693 302 αὐτοῦ,
711 269 758 297 καὶ
777 270 852 297 πεπά

999 278 1036 297 :ur
1047 271 1263 305 desperationem
1278 269 1397 298 fuissein
1415 270 1468 298 hac
1487 269 1640 298 Servatoris
1659 273 1742 299 nostri

109 325 157 344 ται
171 317 260 353 φθορᾷ
275 316 332 353 [γρ.
346 315 455 352 φθορὰ],
473 316 520 343 καὶ
533 315 716 351 ἀνεθάλλομεν
731 317 770 347 εἰς
783 314 865 351 ζωὴν,
877 315 902 341 οἱ

109 363 156 390 διὰ
175 363 224 398 τῆς
237 364 265 389 ἑν
284 362 369 397 Ἀδὰμ
387 361 568 397 παραϐάσεως
589 361 817 397 κατενηνεγμένοι
835 361 902 396 πρὸς

110 408 143 434 τὸ
155 407 288 434 ἐναντίον.
304 406 408 432 Οὐκοῦν
425 406 476 433 οὐκ
499 406 643 438 ἀπότευξιν
665 407 792 440 γενέσθαι
814 405 904 441 φαμὲν

111 454 144 479 ἐν
158 453 192 488 τῇ
204 451 252 478 τοῦ
268 451 394 487 Σωτῆρος
413 451 491 487 ἡμῶν
506 451 626 486 Χριστοῦ
642 452 789 487 προσευχῇ,
806 451 843 486 μὴ
858 451 904 485 γέ-

111 506 197 530 νοιτο,
214 495 368 533 οἰκονομίαν
380 497 407 524 δὲ
423 497 534 532 μᾶλλον,
551 494 623 534 ᾗπερ
635 497 668 524 ἂν
681 497 773 524 ἕποιτο
790 497 820 523 τὸ
838 497 904 524 θαυ-

113 544 253 579 μάζεσθαι
269 544 333 571 δεῖν.
349 542 404 569 Καὶ
424 543 484 570 καθ’
500 543 593 579 ἕτερον
607 543 746 578 δὲτρόπον
760 543 843 578 σοφὴν
857 552 905 577 γε-

111 588 208 615 νέσθαι
225 589 315 624 φαμὲν
330 589 378 625 τὴν
395 589 516 622 ἔντευξιν
540 589 589 624 τὴν
613 589 666 624 πρό
698 589 730 623 γὲ
758 598 830 624 φημι
857 588 904 615 τοῦ

112 634 208 668 τιμίου
230 634 356 670 σταυροῦ.
385 635 482 669 Γέγονε
499 634 553 670 γὰρ
571 635 637 669 ἡμῖν
660 633 844 665 ὑποτύπωσις,
859 634 906 660 καὶ

114 680 299 715 ὑπογραμμδς
323 680 472 714 ἀναγκαίου
488 680 666 715 πράγματος·
685 679 837 716 πειρασμοῦ
852 680 906 715 γὰρ

113 726 319 761 ἐπηρτημένου,
336 726 382 753 καὶ
403 726 486 760 φόϐου
502 726 767 762 παραχειμάζοντος,
780 727 809 753 οὐ
825 726 906 762 ῥᾳθύ-

116 781 186 807 μους
197 770 266 798 εἷναι
277 773 340 808 χρὴ,
358 773 404 798 καὶ
421 772 663 804 ἀναπεπτωκότας,
681 773 864 808 ἐγρηγορότας
879 772 907 799 δὲ

116 818 231 852 μᾶλλον,
243 816 302 844 εἶτα
319 818 503 845 συντείνεσθαι
522 820 561 851 είς
580 819 744 854 προσευχὰς,
766 819 813 845 καὶ
839 818 906 846 Θεοῦ

113 864 220 891 δεῖσθαι
231 863 276 890 τοῦ
291 863 431 896 σώζοντος,
441 864 474 890 ἵν’
483 865 560 900 εἴπερ
575 865 618 899 εἴη
633 865 708 898 φίλον
719 864 792 899 αὐτῷ
805 864 908 900 βρόχων

115 909 171 943 ἐξω
194 910 240 936 καὶ
263 910 373 944 παγίδος
400 910 587 945 ἀποφέροιμεν
612 910 689 936 πόδα.
720 910 751 936 El
772 910 800 937 δὲ
826 909 858 945 δὴ
878 909 908 936 τό

115 957 217 991 χρῆναι
233 955 328 982 παθεῖν
354 955 391 987 ὡς
419 955 494 982 ἔσται
524 955 623 990 μᾶλλον
656 956 721 991 ἡμῖν
748 956 909 991 ὀνησιφόρον

116 1002 274 1033 ἐπίσταται,
288 1001 425 1028 καὶτοῦτο
439 1002 517 1036 ἥκειν
532 1002 560 1033 ἐς
573 1002 673 1036 πέρας,
691 1001 773 1028 αὐτοῦ
783 1002 910 1037 νέμοντος

116 1048 168 1084 τὴν
184 1049 332 1084 ὑπομονήν.
351 1048 497 1075 Ἀπιθάνου
514 1047 657 1083 τοιγαροῦν
676 1047 724 1082 τῆς
737 1057 816 1074 τινων
832 1048 910 1083 δόξης

116 1095 360 1130 ἀποδεδειγμένης,
371 1095 437 1130 φέρε
448 1095 501 1121 τῶν
513 1095 541 1121 ὲν
556 1095 647 1130 χερσὶν
657 1094 806 1130 ἁπτώμεθα
818 1095 908 1122 πάλιν.

115 1141 269 1168 Δεδωκέναι
280 1141 334 1176 γὰρ
354 1140 435 1166 αὐτόν
460 1149 542 1175 φησιν
561 1141 601 1172 εἰς
618 1140 749 1176 διαθήκην
767 1140 850 1167 ἐθνῶν
863 1140 910 1167 τοῦ

117 1188 290 1221 καταστῆσαι
305 1188 354 1222 τὴν
368 1187 431 1222 γῆν,
447 1187 494 1213 καὶ¹
510 1186 714 1222 κληρονομῆσαι
728 1187 911 1222 κληρονομίαν

117 1234 234 1269 ἐρήμου,
247 1232 360 1266 λέγοντα
376 1233 431 1264 τοῖς
444 1233 472 1258 ὲν
486 1232 606 1267 δεσμοῖς
628 1231 775 1264 Ἐξέλθετε,
791 1232 838 1258 καὶ
856 1233 911 1263 τοῖς

117 1280 147 1305 ὲν
160 1278 199 1313 τῷ
214 1278 315 1309 σκότει,
340 1277 572 1312 Ἀνακαλύφθητε.
595 1277 838 1309 Ἀπολακτίσαντος
857 1277 911 1313 γὰρ

116 1323 167 1350 τοῦ
193 1323 312 1359 Ἰσραὴλ,
340 1323 454 1359 καὶτῆς
483 1324 523 1355 είς
548 1322 629 1349 αὑτὸν
656 1323 767 1358 ἀγάπης
790 1323 833 1349 διὰ
862 1324 911 1357 τῆς

117 1370 250 1402 ἀπιστίας
268 1370 512 1404 ἀποφοιτήσαντος,
531 1368 727 1404 νενομοθέτηκε
739 1370 794 1400 τοῖς
809 1369 912 1395 ἔθνεσιν

117 1417 132 1442 ὁ
147 1416 277 1451 Χριστὸς,
295 1415 342 1442 καὶ
353 1415 402 1450 τὴν
416 1414 520 1449 Καινὴν
532 1414 623 1444 αὐτοῖς
634 1413 769 1448 Διαθήκην
782 1413 910 1448 ὡρίσατο,

117 1460 192 1487 τοῦτ’
209 1460 277 1491 ἔστι,
295 1459 325 1485 τὸ
347 1457 524 1492 εὐαγγελικὸν
547 1457 592 1483 καὶ
612 1457 746 1492 σωτήριον
766 1457 911 1490 κήρυγμα,

118 1506 169 1533 καὶ
182 1506 332 1540 κατέστησε
350 1505 399 1540 τὴν
413 1505 464 1539 γῆν
482 1502 703 1538 τεθορυϐημένην
721 1501 852 1537 δηλονότι,
867 1501 913 1527 καὶ

119 1553 171 1579 οὐκ
193 1554 222 1579 ἐν
242 1551 315 1586 καλῷ
340 1551 472 1582 συνέσεως
496 1547 590 1576 οὖσαν.
614 1548 774 1582 Πεπλάνητο
798 1548 852 1582 γὰρ
879 1548 912 1581 τῇ

954 317 1109 351 precatione
1129 316 1255 347 dicimus,
1273 317 1354 348 absit,
1380 317 1427 344 sed
1452 317 1539 352 potius
1562 317 1744 351 dispensatio-

955 369 1026 394 nem,
1043 369 1123 397 quam
1144 369 1193 396 par
1216 365 1257 388 est
1284 361 1423 389 admirari.
1444 363 1503 389 Alio
1532 369 1639 397 quoque
1665 363 1746 389 modo

956 407 1070 434 dicimus
1097 407 1166 434 hanc
1194 407 1355 439 oralionem,
1374 412 1436 434 ante
1460 408 1605 442 pretiosam
1623 415 1744 438 crucem,

954 453 1079 487 prudenti
1103 452 1215 480 consilio
1234 451 1334 479 factum
1352 460 1420 479 esse.
1447 453 1556 480 Exstitit
1575 455 1647 481 enim
1668 453 1746 480 nobis

955 499 1093 533 exemplar
1106 504 1132 525 et
1147 499 1233 525 forma
1247 499 1285 525 rei
1306 499 1474 525 necessariae.
1488 499 1648 526 Tentatione
1671 507 1747 526 nam.

955 552 1007 580 que
1025 545 1197 579 impendente
1222 550 1249 572 et
1273 550 1344 572 metu
1373 545 1529 576 iuundante,
1559 553 1610 571 non
1639 546 1746 572 desides

956 597 1016 617 esse
1040 597 1089 617 nos
1108 595 1214 624 oportet
1238 595 1264 617 et
1286 590 1406 624 supinos,
1429 590 1474 617 sed
1497 590 1637 625 vigilantes
1658 591 1747 625 potius

955 638 984 662 et
1002 634 1120 660 intentos
1140 634 1268 666 orationi,
1296 640 1322 660 ct
1343 633 1425 660 Deum
1443 634 1615 660 Servatorem
1647 640 1745 667 rogare

957 685 996 713 ut,
1009 681 1032 707 si
1046 680 1131 707 visum
1145 680 1191 712 sil,
1206 680 1291 714 plagis
1309 684 1335 706 et
1348 679 1443 713 laqueo
1456 679 1549 712 pedem
1570 678 1745 705 exlriceums.

958 727 1005 753 Sin
1032 725 1190 760 patiendum
1213 725 1259 756 sit,
1285 724 1362 751 nobis
1379 725 1464 757 magis
1489 723 1658 758 profuturum
1683 723 1745 754 scit,

957 773 980 800 si
997 773 1137 806 perveniat
1153 772 1185 798 ad
1210 771 1322 803 exitum,
1349 771 1406 804 ipso
1423 769 1557 796 tribuente
1574 769 1745 802 patientiam.

958 818 1024 846 Cum
1041 825 1106 852 ergo
1123 817 1336 844 demonstratum
1353 814 1387 841 sit
1403 814 1554 847 opinionem
1567 813 1745 846 quorumdam

959 865 1048 892 minus
1067 871 1127 890 esse
1149 861 1327 897 probabilem,
1358 860 1472 894 agedum
1500 867 1594 885 rursus
1611 866 1670 893 qua:
1694 865 1748 891 pra:

961 908 1086 935 manibus
1119 911 1181 934 sunt
1205 908 1379 940 attingamus.
1400 905 1510 931 Dedisse
1530 906 1601 930 enim
1626 911 1655 930 se
1675 903 1747 929 illiilli

961 955 998 982 ait
1022 954 1100 981 Pater
1127 953 1153 980 iu
1176 957 1368 979 testamentum
1399 951 1529 986 gentium,
1550 955 1578 976 ιιι
1603 949 1750 976 constituat

962 1004 1074 1029 terram,
1101 1002 1128 1024 et
1157 997 1292 1031 possideat
1320 995 1503 1022 hereditatem
1526 993 1636 1023 deserti.
1655 994 1748 1019 dicens

961 1045 1015 1072 illis
1031 1043 1076 1079 qui
1093 1043 1120 1069 in
1134 1041 1249 1068 vinCulis
1260 1045 1321 1067 Sltlll
1337 1049 1343 1067 ι
1361 1040 1445 1070 Exite,
1464 1045 1490 1065 et
1509 1039 1552 1065 bis
1571 1039 1615 1073 qui
1631 1038 1657 1064 in
1674 1043 1749 1063 tene-

961 1091 1017 1118 bris
1037 1093 1099 1116 stmt
1118 1099 1124 1116 :
1140 1087 1325 1114 llluslratnini.
1342 1086 1408 1112 Cum
1434 1086 1524 1118 itaque
1554 1084 1751 1110 recalcitrasset

962 1134 1054 1168 Israel,
1080 1138 1107 1161 et
1133 1141 1146 1159 ιι
1170 1132 1313 1159 dilectione
1334 1131 1360 1157 in
1384 1130 1457 1156 illum
1489 1137 1535 1163 per
1558 1129 1748 1154 inﬁdelitatem

962 1180 1130 1209 recessisset,
1144 1178 1266 1205 Christus
1284 1176 1356 1210 leges
1379 1176 1440 1202 tulit
1453 1175 1588 1210 gentibus,
1602 1179 1629 1200 et
1645 1173 1749 1200 Novum

963 1227 1015 1253 illis
1031 1226 1246 1254 Testamentum,
1266 1223 1293 1250 id
1307 1227 1357 1255 est,
1371 1221 1552 1255 evangelicam
1567 1224 1593 1246 et
1605 1219 1750 1245 salutarem

962 1274 1182 1310 prmdicationem
1198 1270 1352 1303 descripsit,
1367 1276 1398 1295 ac
1415 1273 1526 1299 terram,
1543 1265 1647 1292 scilicet
1662 1265 1752 1291 turba-

963 1325 1016 1348 tam
1039 1325 1067 1346 et
1082 1327 1133 1346 non
1149 1318 1215 1345 satis
1228 1317 1398 1350 prudentem,
1415 1311 1565 1340 constituit.
1593 1310 1660 1336 Nam
1677 1317 1752 1336 erra-

963 1371 1037 1395 verat
1054 1370 1204 1392 creaturam
1219 1362 1340 1394 colendo,
1356 1365 1383 1387 et
1409 1361 1576 1392 impurorum
1607 1356 1750 1391 spirituum

964 1413 1060 1440 turmis
1073 1410 1224 1437 serviendo.
1240 1405 1517 1439 Feceruntsiquidem
1535 1403 1560 1429 id
1575 1402 1661 1429 solum
1679 1400 1750 1434 quod

964 1459 1030 1494 ipsis
1051 1458 1138 1484 visum
1156 1458 1236 1482 esset.
1258 1454 1308 1480 Alii
1324 1459 1387 1479 vero
1403 1458 1461 1477 eam
1486 1449 1513 1476 in
1543 1455 1621 1475 omne
1637 1446 1751 1480 turpitu-

965 1505 1035 1532 dinis
1052 1510 1134 1537 genus
1148 1501 1328 1530 deduxerunt,
1347 1503 1374 1524 et
1391 1496 1544 1531 pecuarium
1558 1494 1642 1520 vitam
1662 1493 1751 1526 jusse-

965 1554 1030 1576 runt
1044 1536 1150 1574 vivere.
1163 1545 1281 1573 Turbata
1302 1547 1343 1570 est
1360 1542 1440 1575 igitur
1454 1544 1524 1566 terra
1541 1545 1592 1565 non
1609 1536 1753 1564 mediocri-

119 1598 209 1625 κτίσει
222 1597 401 1633 λατρεύουσα.
413 1597 460 1623 καὶ
476 1597 535 1627 ταῖς
547 1595 601 1622 τῶν
614 1594 774 1629 ἀκαθάρτων
790 1601 862 1625 πνευ,

1025 1599 1052 1621 et
1067 1591 1249 1619 tumnltuata:
1266 1595 1358 1614 verum
1380 1593 1426 1620 per
1449 1584 1585 1612 Christum
1609 1583 1751 1609 constituta

119 1653 176 1670 των
201 1643 312 1678 ἀγέλαις
343 1641 557 1677 ὑποθητεύουσα.
585 1640 671 1675 Ἔδρα
698 1639 753 1674 γὰρ
775 1639 854 1674 μόνον
882 1637 913 1664 τὸ

120 1691 238 1722 ἐκείνοις
257 1689 362 1716 δοκοῦν.
379 1689 411 1716 Ol
433 1688 461 1715 δὲ
487 1685 667 1722 κατεκόμιζον
691 1686 731 1717 εις
758 1685 830 1712 ἅπαν
844 1682 913 1716 εἶδος

120 1736 293 1773 ἀκαθαρσίας
303 1735 399 1771 αὐτὴν,
412 1734 459 1761 καὶ
468 1732 644 1769 κτηνοπρεπῆ
659 1730 778 1758 διαϐιοῦν
790 1730 914 1757 ἐκέλευον

123 1783 192 1819 βίον.
208 1782 380 1818 Τεθορὺὗητο
395 1780 484 1808 τοίνυν
500 1780 530 1806 οὺ
550 1779 667 1815 μετρίως
681 1778 698 1813 ἡ
716 1777 751 1812 γῆ
767 1777 814 1804 καὶ
833 1776 914 1803 131d-

124 1839 220 1867 ρλκτσν
240 1830 308 1865 πλὴν
323 1829 443 1863 κατέστη
460 1827 504 1853 διὰ
520 1825 650 1861 Χριστοῦ,
670 1823 717 1852 καὶ
736 1820 791 1850 οἷον
806 1824 838 1849 ὲκ
857 1831 914 1858 χει-

125 1876 227 1912 μῶνος,
244 1876 292 1901 καὶ
309 1873 392 1909 ζάλης
409 1871 639 1908 μετακεχώρηκεν
654 1870 693 1901 εἰς
707 1867 915 1901 εὐδίαν.Γέγονε

123 1911 179 1958 γὰρ
194 1920 276 1948 αὑτοῦ
294 1919 372 1955 μερίς
390 1927 426 1949 ¹τε
446 1918 493 1945 καὶ
510 1917 620 1952 κλῆρος.
638 1914 693 1942 Καὶ
710 1914 789 1940 τοῦτο
799 1911 833 1948 ἦν
850 1912 913 1946 ἄρα,

123 1969 155 1995 τὸ
165 1957 197 1994 γὲν
213 1967 331 2002 δευτέρῳ
344 1964 444 2000 ψαλμῷ
459 1963 528 1999 πρὸς
549 1961 630 1989 αὑτὸν
645 1960 800 1996 εἰρημένον,
823 1957 860 1990 ὡς
884 1958 916 1984 ὲκ

123 2013 172 2040 τοῦ
188 2012 256 2039 Θεοῦ
273 2012 319 2038 καὶ
333 2010 448 2045 Πατρός·
467 2017 476 2034 ‹
487 2009 603 2043 Αἴτησαι
613 2005 678 2041 παρ’
689 2004 766 2040 ἐμοῦ,
781 2003 828 2030 καὶ
839 2001 916 2029 δώσω

126 2068 166 2086 σοι
185 2059 248 2094 ἔθνη
272 2057 319 2093 τὴν
333 2054 515 2091 κληρονομίαν
531 2062 590 2086 σου,
609 2053 657 2079 καὶ
676 2051 724 2086 τὴν
753 2048 916 2084 κατάσχεσιν

127 2115 174 2133 σου
188 2106 223 2133 τὰ
236 2104 342 2140 πέρατα
357 2105 406 2137 τῆς
424 2101 486 2136 γῆς.
502 2110 511 2126 ι
526 2101 649 2136 Ἔρημον
672 2097 700 2125 δὲ
717 2096 844 2132 ὀνομάζει
863 2094 917 2121 τῶν

127 2152 212 2180 ὲθνῶν
229 2151 278 2186 τὴν
299 2149 414 2185 πληθὺν,
429 2148 547 2183 ἀκάρπῳ
562 2146 609 2172 καὶ
620 2145 725 2180 ἀνύδρῳ
789 2140 918 2177 παρεικά-

127 2198 182 2231 ζων
195 2185 289 2232 αὐτην.
305 2195 386 2230 Πλὴν,
400 2194 437 2225 ὡς
455 2194 533 2227 ξιξ-ην,
551 2191 651 2225 κλῆρος
672 2190 768 2224 γέγονε
787 2185 916 2224 Χριστοῦ.

127 2242 190 2273 Πῶς
202 2241 241 2273 δὲ,
257 2241 302 2266 καὶ
318 2240 379 2266 τίνα
394 2238 493 2274 τρόπον
507 2246 514 2270 ;
533 2236 577 2262 Ἐν
593 2235 702 2270 δεσμοῖς
715 2234 770 2269 γὰρ
785 2231 855 2264 οὖσι,
872 2233 918 2260 καὶ

127 2272 233 2323 σειραῖς
263 2285 317 2312 τῶν
350 2272 422 2311 ἰδίων
458 2282 664 2318 ἁμαρτημάτων
691 2280 917 2315 κατεσφιγμένοις
934 2272 957 2301 ι)

127 2331 289 2367 ἐπεφώνησε
304 2330 343 2357 τό·
361 2328 509 2362 Ἐξέλθετε.
525 2325 591 2354 Οὗσι
609 2327 637 2353 δὲ
653 2327 700 2354 καὶ
713 2327 742 2352 ἐν
758 2326 859 2357 σκότει,
872 2326 918 2352 καὶ

127 2379 157 2405 ἐν
174 2377 253 2412 ἀχλὺῖ
266 2377 298 2412 τῇ
313 2376 405 2411 νοητῇ,
420 2375 466 2401 καὶ⁸
480 2374 620 2409 μονονουχὶ
638 2372 732 2408 βαθείᾳ
746 2373 822 2398 νυκτὶ
837 2380 922 2398 κατα-

127 2423 353 2459 κεχωρισμένοις,
379 2419 600 2455 ἀνακαλυφθῆναι
621 2418 799 2455 προστέταχε,
819 2418 866 2445 καὶ
880 2418 920 2450 εἰς

129 2469 187 2504 φῶς
196 2467 293 2498 ἐλθεῖν,
312 2465 456 2501 ἁνευρῦναι
476 2466 525 2500 τῆς
540 2464 658 2495 διανοίας
673 2464 736 2496 τοὺς
754 2463 919 2499 ὀφοαλμοῦς,

129 2515 175 2542 καὶ
192 2514 222 2540 τὺ
239 2513 303 2548 παρ’
321 2511 403 2539 αὐτοῦ
423 2511 470 2538 καὶ
490 2511 560 2537 θεῖον
587 2510 783 2537 εἰσοικίσασθαι
800 2510 867 2545 φῶς.
887 2510 919 2536 οι

128 2562 156 2588 δε
171 2561 202 2596 δὴ
217 2560 319 2587 τούτων
332 2558 502 2591 ἀξιωθέντες,
519 2557 610 2593 φησιν,
623 2557 651 2583 ἐν
663 2556 763 2588 πάσαις
778 2557 837 2587 ταῖς
852 2555 920 2587 ὁδοῖς

129 2606 219 2633 αὐτῶν
232 2604 457 2640 βοσκηθήσονται,
471 2603 517 2629 καὶ
536 2603 564 2629 ὲν
578 2602 678 2633 πάσαις
701 2603 760 2633 ταῖς
788 2601 891 2637 τρίϐοις
903 2601 920 2636 ή

129 2652 200 2688 νομὴ
214 2651 313 2677 αὐτῶν.
338 2650 465 2676 Πλεῖσται
495 2648 544 2684 μὲν
567 2649 620 2683 γὰρ
646 2649 672 2674 αἱ
694 2647 744 2682 τῆς
772 2646 921 2678 ἐπιεικείας

129 2698 195 2729 ὁδοὶ,
212 2697 269 2723 ἀλλ’
281 2695 314 2731 ἦν
333 2697 388 2727 τοῖς
410 2695 498 2721 ἔθνεσι
523 2694 636 2729 βάσιμος
659 2693 708 2728 μὲν
722 2693 842 2728 οὐδεμία,
855 2701 922 2728 τρα-

131 2745 191 2780 χεῖα
204 2744 232 2770 δὲ
244 2744 291 2770 καὶ
301 2742 429 2777 ἀνάντης.
438 2741 606 2776 κεκράτηντο
620 2739 648 2765 δὲ
659 2740 705 2766 καὶ
719 2740 776 2769 ταῖς
786 2739 840 2764 τῶν
850 2738 922 2765 ἰδίων

132 2791 227 2818 παθῶν
245 2789 384 2824 ἐμϐολαῖς,
398 2788 445 2814 καὶ
459 2788 518 2818 ταῖς
534 2786 579 2813 τοῦ
595 2784 718 2811 διαϐόλου
736 2784 903 2816 πλεονεξίαις
913 2803 921 2816 ,

132 2835 232 2864 ἄϐατον
241 2835 332 2865 αὐτοῖς
341 2832 460 2863 τιθέντος
469 2832 498 2858 τὸ
507 2830 618 2866 ἀγαθόν.
629 2830 738 2865 Ἐπειδὴ
744 2829 771 2856 δὲ
783 2828 924 2864 ἐπέλαμψε

179 2926 202 2942 ’⁸
217 2923 288 2950 Psal.
299 2929 330 2956 ιι,
347 2921 372 2949 8.

964 1645 1015 1671 est,
1028 1643 1053 1665 et
1067 1637 1138 1664 velut
1155 1643 1187 1662 ex
1202 1636 1364 1668 tempestate
1379 1635 1407 1658 et
1419 1629 1605 1659 ﬂuctuatione,
1619 1632 1751 1653 conversa

964 1690 1005 1712 est
1025 1686 1052 1711 in
1071 1684 1256 1709 serenitatem.
1277 1679 1357 1705 Facta
1382 1680 1423 1703 est
1436 1676 1506 1702 enim
1530 1673 1618 1708 portio
1641 1677 1668 1698 et
1683 1677 1745 1698 sors

964 1729 1034 1765 ejus.
1053 1729 1135 1763 quue
1146 1732 1187 1754 est
1202 1725 1273 1760 quod
1291 1725 1318 1751 in
1334 1722 1453 1749 secumlo
1472 1720 1576 1755 psalmo
1597 1719 1697 1746 dictmn
1712 1720 1754 1744 est

964 1764 988 1804 ei
1007 1775 1107 1802 veluta
1129 1773 1184 1799 Deo
1203 1776 1230 1799 et
1247 1771 1347 1797 Patre:
1364 1779 1374 1794 ι
1392 1768 1500 1795 Postula
1524 1774 1537 1793 ιι
1559 1772 1612 1797 me,
1635 1769 1663 1791 et
1683 1764 1753 1790 dabo

965 1822 1013 1850 tibi
1031 1825 1125 1856 gentes
1134 1818 1319 1846 bareditatem
1332 1821 1416 1846 tuam,
1427 1818 1454 1841 et
1469 1812 1669 1854 possessiquem
1681 1815 1753 1836 tuam

967 1855 1101 1897 terminos
1131 1871 1211 1893 terra:
1238 1863 1271 1888 ’⁸.
1289 1872 1298 1888 ι
1321 1861 1462 1888 Desertum
1481 1858 1610 1888 nominat,
1635 1855 1754 1893 gentium

965 1913 1175 1942 multitudinem,
1194 1909 1367 1936 infructunsze
1380 1911 1408 1933 et.
1430 1903 1576 1933 siticulosae
1600 1906 1678 1928 teme
1693 1907 1753 1927 eam

966 1965 1136 1994 comparans.
1154 1956 1265 1986 Verum,
1278 1958 1307 1979 nt
1321 1953 1388 1982 dixi,
1407 1951 1475 1978 facta
1499 1954 1540 1976 est
1557 1955 1616 1975 sors
1642 1945 1753 1973 Christi.

966 1991 1060 2039 Qui—et
1078 2000 1231 2038 quomodo?
1260 1998 1342 2034 67o
1362 1996 1408 2023 His
1431 1996 1502 2022 enim
1520 1993 1565 2028 qui
1591 1991 1705 2018 vinculis
1727 1994 1753 2017 et

968 2050 1073 2078 catenis
1085 2055 1194 2076 suorum
1210 2050 1380 2081 peccatorum
1399 2039 1536 2068 constricti
1560 2041 1649 2070 erant,
1664 2035 1753 2062 accla-

967 2096 1051 2124 mavit
1067 2104 1073 2122 :
1091 2094 1178 2121 Exite.
1210 2091 1260 2125 Qui
1293 2090 1319 2116 in
1343 2088 1461 2115 tenebris
1477 2090 1504 2112 et
1527 2084 1640 2118 caligine
1658 2081 1756 2108 mentis

968 2141 1143 2168 versabantur
1159 2143 1185 2165 et
1202 2142 1306 2164 tantum
1325 2142 1377 2162 non
1398 2131 1530 2168 profunda
1555 2133 1635 2156 nocte
1666 2126 1755 2154 obruti

968 2190 1055 2218 erant.
1080 2192 1127 2212 eos
1152 2183 1232 2218 jussit
1260 2180 1400 2213 illustrari,
1431 2183 1460 2205 et
1482 2177 1514 2204 ad
1542 2176 1628 2203 lucem
1654 2172 1755 2202 venire.

970 2232 1119 2266 oculosque
1149 2229 1231 2257 animi
1249 2227 1364 2262 aperire,
1382 2231 1514 2257 suamque
1537 2229 1568 2248 ac
1582 2220 1699 2247 divinam
1722 2218 1758 2244 lu-

971 2286 1029 2306 cem
1047 2263 1236 2305 inlromittere.
1256 2274 1305 2307 Qui
1321 2278 1386 2299 vero
1402 2271 1444 2297 llis
1457 2268 1545 2298 bonis,
1565 2265 1662 2303 inquit,
1684 2263 1758 2297 digni

971 2325 1056 2353 habiti
1069 2326 1141 2354 sunt,
1164 2322 1192 2348 in
1217 2319 1342 2347 omnibus
1366 2316 1418 2343 viis
1441 2314 1497 2341 suis
1520 2315 1676 2346 pascentur,
1689 2313 1715 2336 et
1730 2307 1756 2336 iu

971 2371 1096 2400 omnibus
1123 2367 1229 2396 semitis
1257 2371 1354 2400 pascua
1379 2368 1484 2389 eorum.
1502 2358 1585 2385 Erant
1608 2355 1680 2382 enint
1707 2353 1760 2399 illis

971 2399 1062 2454 plures
1082 2416 1130 2442 vite
1158 2399 1314 2449 probitatis,
1334 2409 1381 2437 sed
1406 2406 1479 2434 nulla
1508 2403 1633 2439 gentibus
1656 2399 1758 2435 pcrviu,

972 2451 1004 2490 ac
1029 2468 1135 2495 aspera,
1160 2463 1187 2486 et
1210 2460 1355 2493 praerupta.
1384 2452 1506 2485 Victique
1530 2452 1592 2476 sunt
1612 2454 1627 2473 a
1650 2451 1759 2472 suarum

977 2491 1218 2544 pcrtulbatiouunr
1237 2499 1460 2537 impressiouibus
1487 2500 1513 2523 et
1545 2491 1655 2544 diaboli"
1669 2495 1762 2544 tyrant

975 2534 1049 2585 uide,
1068 2552 1113 2587 qui
1141 2534 1341 2577 bonitatis-iter
1375 2544 1428 2572 illis
1454 2539 1616 2569 interclusit.
1639 2537 1693 2564 Sed
1717 2534 1761 2561 ulti

975 2599 1076 2628 Cltrisli
1098 2598 1185 2632 gratia
1202 2595 1300 2626 illttxit,
1319 2591 1422 2620 vincula
1432 2595 1524 2616 eorum
1539 2585 1628 2616 solvit,
1647 2583 1763 2608 illustra-

975 2647 1013 2673 vit
1037 2652 1094 2676 cor,
1114 2643 1175 2670 inde
1190 2648 1237 2676 per
1253 2647 1361 2667 omnem
1386 2638 1456 2663 viam
1472 2639 1592 2661 currere.
1610 2630 1763 2660 bonutnque

976 2693 1075 2720 mentis
1086 2698 1117 2717 ac
1136 2687 1319 2721 intelligentiae
1335 2683 1461 2719 pabulum
1474 2680 1601 2713 colligere
1613 2676 1676 2710 (hoc
1690 2672 1762 2700 enim

976 2737 1122 2773 signiﬁcat,
1143 2719 1303 2767 Pasceittur)
1323 2735 1486 2762 omnemque
1499 2725 1622 2753 semitam
1643 2719 1763 2773 probita-

976 2762 1016 2811 ti:
1027 2762 1153 2810 celeriter
1171 2762 1461 2807 transirelvaluerunt.
1491 2769 1616 2803 Nihilque
1637 2768 1709 2811 vetat
1723 2762 1765 2787 di-

976 2835 1038 2857 cere
1055 2827 1117 2862 quia‘
1135 2831 1239 2853 semita:
1258 2827 1287 2851 et
1301 2822 1351 2849 vias
1373 2823 1483 2847 nostros
1509 2815 1614 2842 animos
1629 2809 1764 2838 adducunt
