1883 3055
138 189 207 217 1059

631 185 660 212 S.
681 183 816 213 CYRlLLI
835 181 1068 210 ALEXANDRIM
1088 179 1248 208 ARCHIH’.

1703 177 1775 205 10ῦο

137 248 169 276 ad
185 247 278 279 Deum,
305 253 350 274 seu
378 245 410 272 ad
437 247 556 272 sanctam
574 247 601 271 et
615 243 790 271 excellentem
807 243 868 269 vitae

1042 239 1166 275 Σωτῆρος
1181 239 1196 274 ἡ
1215 238 1304 274 χάρις,
1325 237 1419 264 ἔλυσεν
1432 236 1521 264 αὐτῶν
1537 236 1571 263 τὰ
1586 234 1686 275 δεσμα,
1706 243 1776 262 κατ-

140 292 322 322 stltutioucm,
345 289 474 316 divinitus
506 288 644 322 inspiratze
674 287 833 322 Scripturte,
867 294 926 321 quae

136 337 290 366 errantibus
325 336 437 362 minime
472 335 580 362 luerunt
621 334 744 368 cognitae.
779 333 925 367 Postquam

141 389 231 409 autem
257 381 290 409 ad
312 381 398 407 lucem
414 380 537 407 veritatis
552 380 639 406 vocati
658 384 732 412 sunt,
748 379 927 414 suppetebant

136 428 189 455 illis
204 432 295 462 pastus
308 430 334 452 et
350 433 459 460 pascua,
470 433 530 459 quae
542 424 672 459 spirituali
685 425 781 451 robore
795 425 925 456 nutriunt,

135 473 309 506 omniumque
335 472 467 498 bonorum
487 471 639 504 desiderio;
662 471 848 505 promittitque
875 470 927 497 illis

95 538 101 546 ,
137 517 207 543 Deus
221 517 314 550 gratiae
334 523 401 548 suae,
417 519 444 542 et
459 515 563 548 auxilii,
581 520 607 542 et
632 516 779 549 spiritualis
803 515 926 542 consola-

138 562 217 588 tionis
240 561 358 594 cupiant.
383 559 440 587 Non
467 560 538 586 enim
557 560 689 591 esuriem,
714 567 800 594 neque
826 561 926 594 sitient,

138 607 234 641 inquit.
266 605 336 632 Olim
380 605 452 632 enim
490 605 642 639 spiritualis
665 605 857 632 consolationis
881 613 928 632 ex-

137 657 225 686 pertes
263 655 359 683 erant,
405 658 454 677 uec
483 650 600 677 divinam
648 650 732 685 legem
773 651 926 683 habebant,

137 704 188 722 non
241 697 419 730 prOphetatn,
452 703 504 723 non
537 697 721 731 paedagogum,
755 704 807 723 non
843 697 928 731 magi-

137 748 236 775 strum,
253 750 305 769 non
330 743 480 773 doctorem,
502 749 553 768 non
571 742 778 776 intelligibilium
796 749 926 777 aquarum

139 789 249 815 (autem.
281 789 316 815 At
333 796 392 815 cum
423 795 439 814 ιι
466 787 520 814 Deo
545 787 757 814 misericordiam
790 788 926 814 consecuti

139 841 213 867 sunt,
228 835 379 870 spiritualia
406 834 474 861 bona
498 834 626 867 deinceps
656 832 756 860 ali‘atim
774 833 927 867 suppedita-

139 883 249 914 bantur,
281 886 308 908 et
329 881 417 907 cibum
447 881 493 914 qui
518 881 623 906 animos
646 880 723 914 juvat
744 879 898 906 habuerunt
917 888 924 905 :

977 286 1093 322 εφώτισε
1108 286 1157 320 τὴν
1182 284 1311 320 καρδίαν,
1336 283 1449 318 ἴσχυσαν
1466 282 1582 309 ἐνταῦθα
1610 281 1656 308 διὰ
1679 281 1775 316 πάσης

976 333 1083 368 τρέγειν
1099 331 1170 362 ὁδοῦ,
1190 331 1237 357 καὶ
1253 330 1301 366 τὴν
1326 329 1424 365 νοητὴν
1447 328 1595 364 εὐτροφίαν
1617 327 1774 361 συλλέγειν-

977 380 1055 406 τοῦτο
1070 378 1135 413 γὰρ,
1149 377 1179 404 τὸ
1196 375 1410 412 βοσκηθήσονται
1432 374 1524 409 δηλοῖ,
1549 373 1595 400 καὶ
1621 374 1662 404 εἰς
1682 373 1776 399 πᾶσαν

977 425 1072 461 τρίὸον
1086 422 1271 458 ἀγαθουργίας
1291 421 1359 447 ἰέναι
1384 420 1501 455 γοργῶς.
1526 419 1621 454 Εῖργει
1648 419 1678 444 δὲ
1696 419 1776 445 οὐδὲν

978 471 1087 497 κάκεῖνο
1104 469 1200 499 είπεῖν,
1218 468 1258 494 ὅτι
1283 466 1370 502 τρίϐοι
1397 466 1444 492 καὶ
1473 465 1527 492 ὁδοὶ
1554 465 1605 496 τὰς
1633 464 1777 500 ἡμετέρας

977 515 1094 546 διανοίας
1109 513 1276 548 ἀποφέρουσι
1300 513 1369 548 πρὸς
1391 512 1467 543 Θεὸν,
1484 512 1567 547 ἤγουν
1582 511 1650 547 πρὸς
1665 510 1757 544 εὐαγῆ
1768 531 1775 541 ,

977 562 1024 587 καὶ
1040 561 1177 595 ἐξαίρετον
1193 558 1331 585 πολιτείαν
1347 559 1375 584 αἱ
1393 557 1566 584 θεόπνευστοι
1591 556 1712 592 Γραφαί·
1733 552 1777 582 αῦ-

977 616 1022 633 ται
1035 607 1062 632 δὲ
1074 604 1145 641 ἦσαν
1154 605 1290 640 γνώριμαι
1302 604 1350 639 μὲν
1358 604 1459 639 ἥκιστα
1469 605 1523 634 τοῖς
1538 602 1775 637 πεπλανημένοις.

984 653 1093 687 Ἐπειδὴ
1114 652 1141 678 δὲ
1166 652 1232 687 πρὸς
1258 651 1288 677 τὸ
1309 652 1358 685 τῆς
1380 649 1509 684 ἀληθείας
1532 649 1682 684 κέκληνται
1705 648 1774 682 φῶς,

978 699 1059 734 νομαὶ
1080 699 1222 734 γεγόνασιν
1241 698 1347 728 αὑταῖς,
1376 697 1423 723 καὶ
1453 696 1614 731 βοσκήματα
1636 695 1776 731 τρέψαντα

978 745 1045 779 πρὸς
1062 743 1205 778 εὐανδρίαν
1216 743 1266 777 τὴν
1278 741 1479 776 πνευματικὴν,
1490 741 1536 767 καὶ
1547 741 1587 775 είς
1603 740 1700 775 ἔφεσιν
1712 741 1774 774 ἁγα-

978 788 1024 814 θοῦ
1042 789 1153 819 παντὸς.
1189 787 1374 822 ’Υπισχνεῖται
1399 786 1426 812 δὲ
1455 785 1520 817 Θεὸς
1543 785 1635 816 αὐτοῖς
1666 785 1698 811 τὸ
1720 785 1774 820 ἀμ-

978 833 1092 868 φιλαφὲς
1116 834 1164 869 τῆς
1182 833 1246 868 παρ’
1265 832 1361 858 ἑαυτοῦ
1382 832 1502 867 χάριτος,
1526 831 1573 857 καὶ
1593 831 1773 865 ὲπιχουρῖας,

977 879 1023 905 καὶ
1044 878 1232 914 πνευματικῆς
1260 877 1469 912 παρακλήσεως.
1488 876 1525 902 Οὐ
1550 876 1607 911 γὰρ
1625 875 1773 901 πεινάσου-

139 935 235 962 panem
247 928 281 954 de
293 927 362 953 cutio
376 927 501 958 ederunt,
515 934 612 959 aquam
633 926 768 952 viventem
787 925 881 952 biberu

1028 925 1103 953 κούδὲ
1121 924 1275 958 διψήσουσι,
1293 923 1370 958 φησί.
1399 923 1486 948 Πάλαι
1511 922 1559 957 μὲν
1581 922 1636 956 γὰρ
1653 919 1726 956 ἦσαν
1745 922 1771 947 ὲν

140 974 173 999 de
188 980 239 1006 qua
254 973 335 998 etiam
352 972 408 1005 ipse
427 971 552 998 Christus
572 970 650 1002 dixit,
672 969 705 995 ad
723 969 922 996 Santaritanam

141 1017 279 1044 mulierem
308 1017 388 1042 verba
413 1015 516 1043 faciens
536 1025 542 1042 :
560 1025 568 1040 ι
590 1015 718 1049 Quisquis
734 1015 766 1041 de
791 1014 841 1040 hac
855 1016 924 1048 a'qua

141 1062 218 1093 bibit,
240 1062 337 1087 iterum
352 1061 434 1087 sitiet.
449 1061 483 1086 At
504 1061 550 1093 qui
566 1059 633 1086 bibit
653 1060 684 1086 de
697 1066 766 1093 aqua
780 1058 824 1086 illa
843 1066 925 1093 quant

137 1115 187 1141 ego
205 1108 274 1133 dabo
303 1107 339 1139 ei,
357 1107 403 1133 (iet
425 1107 450 1132 ei
471 1107 530 1133 fons
549 1113 625 1140 aqua:
645 1105 767 1132 salientis
786 1105 812 1131 in
842 1104 925 1130 vitam

139 1153 314 1180 wteruaut“.
334 1163 343 1179 ι
363 1153 436 1179 Dixit
456 1153 519 1179 item
554 1152 683 1186 propheta
709 1151 791 1178 lsaias
808 1150 926 1184 dejusli-

140 1200 226 1227 [icatis
260 1200 285 1226 in
321 1200 373 1226 lide
400 1204 428 1226 et
458 1199 621 1233 evangelicis
649 1199 765 1225 oraculis
793 1198 925 1225 cervicem

141 1247 238 1274 mentis
250 1246 492 1274 submittentibus:
513 1253 521 1269 ι
535 1244 583 1271 llic
607 1244 742 1270 habitabit
768 1243 794 1270 in
819 1243 926 1270 excelsa

139 1291 266 1325 spelunca
285 1290 358 1323 rupis
370 1289 464 1320 fortis;
481 1288 557 1322 panis
568 1288 593 1315 ei
609 1288 729 1319 dabitur,
745 1292 771 1314 et
786 1295 855 1322 aqua
868 1287 926 1321 ejus

138 1337 218 1372 671
235 1336 319 1363 ﬁdelis
328 1336 361 1362 ⁸⁷.
381 1345 390 1361 ι
406 1335 458 1362 Sed
480 1342 530 1362 nec
546 1340 627 1362 matus
644 1335 703 1361 illos
726 1333 816 1367 feriet,
841 1340 928 1368 neque

139 1382 201 1409 sel,
215 1381 313 1409 Factus
337 1385 379 1408 est
406 1381 478 1407 enim
497 1380 550 1407 illis
567 1380 690 1407 Christus
712 1385 846 1414 protector
860 1389 866 1406 :
881 1379 926 1413 qui

139 1429 220 1455 etiam
235 1428 298 1454 oliui
314 1427 376 1454 [illis
391 1426 475 1453 Israel
495 1426 635 1460 suspendit
646 1426 761 1452 interdiu
778 1426 886 1457 uube‘m,
901 1428 926 1452 et

143 1479 222 1500 noctu
243 1474 269 1500 in
292 1472 414 1499 columna
431 1472 499 1506 ignis
520 1471 667 1506 prteccssit.
695 1469 787 1503 Itaque
814 1470 900 1505 inquit
918 1478 926 1498 :

141 1520 222 1546 Extra
241 1519 323 1546 solem
342 1523 421 1545 erunt
438 1523 464 1544 et
480 1510 588 1550 testum,
607 1517 633 1544 id
657 1521 708 1548 est,
727 1521 849 1552 tegentur
869 1524 928 1543 um-

142 1565 253 1592 braculo
265 1564 368 1597 divino,
382 1568 409 1590 ut
423 1563 488 1590 nihil
499 1563 638 1598 contingat
647 1563 718 1597 quod
729 1563 763 1589 sit
775 1562 927 1595 molestum,

976 971 1064 1006 ἐνδείᾳ
1079 970 1276 1005 παρακλήσεως
1301 969 1499 1004 πνευματικῆς,
1523 968 1554 994 οὐ
1574 968 1630 1002 γὰρ
1654 965 1690 1002 ἦν
1707 965 1778 1003 παρ’

976 1017 1068 1047 αὐτοῖς
1083 1016 1153 1047 θεῖος
1169 1016 1259 1050 νόμος,
1275 1015 1304 1040 οὐ
1322 1014 1475 1050 προφήτης,
1492 1014 1522 1040 οὗ
1540 1012 1726 1049 παιδαγωγὸς,
1742 1012 1771 1038 οὐ

977 1062 1145 1098 καθηγητὴς,
1164 1063 1195 1088 ού
1214 1061 1384 1092 διδάσκαλος,
1403 1061 1432 1087 οὐ
1445 1060 1549 1095 νοητῶν
1566 1060 1672 1086 ὑδάτων
1683 1058 1770 1094 πηγή.

984 1108 1092 1143 Ἐπειδὴ
1105 1108 1134 1134 δὲ
1149 1107 1277 1143 ὴλέηνται
1292 1107 1366 1142 παρὰ.
1378 1107 1455 1138 Θεοῦ,
1471 1106 1654 1143 δαψιλεστάτη
1679 1105 1772 1131 λοιπὸν

978 1155 1068 1186 αὐτοῖς
1088 1155 1105 1190 ἡ
1129 1154 1183 1180 τῶν
1208 1153 1402 1189 πνευματικῶν
1418 1152 1529 1187 ἀγαθῶν
1545 1152 1664 1186 χορηγία
1677 1151 1770 1185 γέγονε

977 1201 1080 1236 τροφὴν
1095 1200 1223 1235 ἐσχηκόσι
1244 1200 1293 1236 τὴν
1309 1199 1466 1235 ψυχωφελῆ.
1484 1199 1606 1232 Ἕφαγον
1621 1197 1676 1232 γὰρ
1690 1198 1770 1232 ἄρτον

978 1248 1009 1281 ἐξ
1019 1248 1146 1283 ούρανοῦ,
1165 1248 1237 1282 ὕδωρ
1253 1247 1307 1278 ζῶν
1331 1246 1417 1278 ἔπιον,
1431 1246 1494 1281 περὶ
1511 1242 1541 1271 οὗ
1560 1246 1607 1272 καὶ
1627 1244 1708 1275 αὐτὸς
1719 1244 1769 1278 ἔφη

977 1294 1094 1330 Χριστὸς
1114 1294 1181 1329 πρὸς
1196 1294 1244 1328 τὴν
1257 1293 1287 1318 ὲν
1302 1292 1443 1327 Σαμαρείᾳ
1454 1292 1569 1326 γυναῖκα
1593 1291 1656 1322 τοὺς
1676 1289 1770 1323 λόγους

979 1340 1139 1375 ποιούμενος
1154 1348 1160 1355 ·
1185 1349 1194 1365 ι
1209 1339 1265 1370 Πᾶς
1275 1339 1289 1364 ό
1306 1338 1391 1364 πίνων
1405 1338 1437 1363 ἐκ
1451 1337 1498 1363 τοῦ
1513 1337 1609 1368 ὓδλτος
1619 1336 1715 1362 τούτου
1732 1336 1766 1362 δι-

977 1386 1059 1421 ψήσει
1075 1385 1166 1411 πάλιν.
1197 1385 1244 1415 ὐς
1256 1383 1277 1409 δ’
1294 1383 1327 1410 ἂν
1348 1382 1396 1418 πίῃ
1421 1383 1453 1409 ὲκ
1471 1382 1518 1409 τοῦ
1537 1381 1644 1412 ὓδατος,
1670 1378 1700 1406 οῦ
1715 1381 1769 1414 ἐγὼ

977 1419 1056 1458 δώσω
1070 1429 1153 1464 αὐτῷ,
1169 1430 1313 1465 γενήσεται
1328 1428 1402 1463 αὑτῷ
1417 1428 1492 1463 πηγὴ
1513 1427 1611 1458 ὓδατος
1623 1419 1776 1462 ἅλλομένοιῖ

978 1477 1018 1507 εις
1033 1476 1105 1511 ζωὴν
1130 1475 1252 1503 αἰώνιον.
1267 1485 1276 1500 ι
1307 1476 1379 1510 Ἔφη
1400 1474 1428 1501 δέ
1453 1483 1504 1504 που
1530 1474 1578 1501 καὶ
1591 1474 1605 1500 ὁ
1626 1474 1769 1509 προφήτης

984 1523 1097 1554 Ἡσαΐας
1115 1522 1180 1557 περὶ
1195 1521 1250 1548 τῶν
1261 1522 1289 1547 ὲν
1306 1521 1395 1548 πίστει
1412 1520 1641 1556 δεδικαιωμένων,
1653 1520 1701 1546 καὶ
1715 1520 1767 1550 τοῖς

979 1567 1164 1601 εὐαγγελικοῖς
1177 1566 1359 1601 θεσπίσμασιν
1370 1566 1529 1599 ὑπαγόντων
1539 1565 1583 1592 τὸν
1594 1565 1642 1600 τῆς
1651 1564 1768 1596 διανοίας

144 1611 184 1637 vel
199 1609 271 1644 quod
293 1609 327 1636 ad
349 1609 596 1644 pusillanimitatem
625 1609 749 1635 adducat.
771 1608 887 1642 Cujusmt

1023 1614 1095 1648 (éva'
1115 1622 1124 1638 ι
1142 1611 1227 1644 Οὗτος
1241 1613 1346 1647 οἰκήσει
1366 1612 1395 1638 ἐν
1415 1611 1508 1646 ὑπ)ιῷ
1529 1610 1654 1646 σπηλαίῳ
1668 1610 1766 1645 πέτρας

141 1661 182 1682 est
197 1656 268 1689 quod
283 1656 390 1682 divinus
409 1655 509 1682 Paulus
520 1654 601 1681 etiam
625 1655 693 1682 dixit
715 1663 722 1681 τ
745 1664 754 1679 ι
771 1654 870 1681 Potens
884 1658 927 1681 est

141 1700 221 1734 Deus,
231 1701 277 1736 qui
291 1709 343 1728 non
363 1701 434 1728 sinet
456 1708 504 1728 vos
530 1701 629 1728 tentari
647 1708 726 1736 supra
744 1708 824 1735 quam
852 1705 927 1735 pote-

139 1746 199 1777 utis,
217 1746 264 1772 sed
293 1753 345 1772 una
361 1753 422 1772 cum
450 1745 595 1772 tentatiune
612 1745 694 1772 faciet
710 1750 882 1780 proventum,
898 1749 927 1772 ut

140 1789 248 1822 possitis
276 1788 430 1816 sullerre".
451 1798 460 1815 ι
482 1789 539 1817 lloc
564 1790 636 1816 enim
666 1795 730 1823 puto
760 1789 926 1824 signiﬁcare,

140 1833 189 1867 Qui
217 1835 361 1862 miseretur
389 1842 494 1868 eorum,
525 1835 712 1863 consolabitur
746 1843 802 1863 eos.
843 1836 927 1865 Ducet

139 1880 211 1908 enim
229 1888 277 1914 per
301 1881 390 1908 fontes
408 1889 553 1916 aquarum,
569 1886 597 1908 et
614 1886 701 1909 vertet
724 1889 831 1909 onmem
851 1891 928 1910 mou-

142 1932 193 1953 tem
210 1927 236 1954 in
259 1927 340 1960 viam,
361 1932 388 1955 et
413 1935 520 1954 utunem
543 1928 666 1955 semitam
700 1923 726 1956 in
753 1933 858 1965 pastunt
876 1930 925 1957 eis.

139 1971 239 2000 Fontes
264 1973 309 2000 hic
329 1973 443 2000 dicimus
466 1979 575 2000 sanctos
594 1974 752 2009 prophetas,
769 1979 796 2001 et
816 1980 925 2010 aposto-

140 2018 192 2050 los,
217 2022 244 2045 et
270 2019 461 2052 evangelistas,
488 2020 647 2053 quibuscum
663 2025 803 2047 versantes
819 2020 926 2054 sapien-

140 2069 180 2090 ter
192 2069 218 2090 et
235 2064 331 2097 perite,
349 2064 488 2091 haurimus
500 2064 534 2091 ab
549 2065 601 2091 illis
613 2064 748 2092 viviticum
762 2070 790 2092 et
807 2065 925 2093 divinum

140 2117 305 2141 sermonem,
323 2110 370 2144 qui
399 2110 465 2137 satis
498 2110 606 2136 abunde
627 2115 718 2145 posset
746 2111 850 2138 animas
879 2119 927 2139 no-

139 2161 210 2184 stras
223 2156 256 2182 ad
271 2156 397 2190 pietatem
425 2155 596 2188 conﬁrmare,
616 2161 643 2183 et
667 2156 833 2190 spiritualem
848 2157 926 2186 nobis

139 2202 298 2236 ingene-rare
319 2201 493 2236 voluptatem.
521 2200 567 2228 Sic
592 2202 664 2228 cuitu
695 2203 825 2237 scriptum
858 2209 922 2231 est:

140 2247 173 2273 Et
197 2247 329 2288 haurietis
358 2254 445 2280 aquas
461 2255 522 2274 eum
546 2247 637 2274 lmtitia
656 2256 671 2275 e
685 2248 804 2276 fontibus
826 2250 926 2278 saluta-

979 1660 1091 1695 ἰσχυρᾶς
1102 1667 1108 1674 ·
1126 1659 1205 1694 ἄρτος
1223 1657 1298 1693 αὺτῷ
1317 1657 1469 1693 δοθήσεται,
1492 1657 1581 1683 καὶτὸ
1596 1656 1669 1691 ὓδωρ
1688 1655 1767 1682 αὐτοῦ

977 1705 1084 1732 πιστόν.
1102 1714 1111 1730 ι
1122 1703 1190 1730 Ἀλλ’
1207 1704 1267 1730 οὐδὲ
1285 1703 1400 1736 πατάξει
1416 1703 1515 1734 αὐτοὺς
1531 1702 1653 1733 καύσων,
1674 1701 1734 1727 οὐδὲ
1753 1701 1767 1726 ὁ

977 1751 1063 1786 ἥλιος.
1080 1751 1180 1784 Γέγονε
1198 1750 1252 1785 γὰρ
1274 1750 1365 1781 αὐτοῖς
1386 1749 1540 1784 σκεπαστὴς
1561 1749 1575 1775 ὁ
1591 1748 1719 1783 Χριστός.
1736 1748 1766 1774 Ὂ

977 1796 1026 1822 καὶ
1040 1795 1122 1822 πάλαι
1135 1796 1190 1827 τοῖς
1203 1796 1271 1826 υίοῖς
1285 1795 1394 1830 Ἰσραὴλ
1403 1796 1562 1830 ὲπαρτήσας
1576 1794 1626 1829 μὲν
1638 1794 1666 1819 ἒν
1679 1793 1766 1829 ἡμέρᾳ

977 1841 1090 1876 νεφέλην
1103 1861 1110 1873 ,
1132 1840 1283 1876 ἡγούμενος
1298 1839 1326 1866 δὲ
1344 1841 1372 1867 ὲν
1395 1840 1482 1875 στύλῳ
1499 1839 1582 1875 πυρὸς
1603 1839 1652 1875 τὴν
1672 1839 1764 1865 νύκτα,

979 1887 1052 1921 Ἔξω
1061 1887 1093 1922 δὴ
1107 1885 1152 1914 οὖν
1163 1887 1250 1923 ἡλίου,
1263 1887 1310 1913 καὶ
1322 1885 1461 1918 καύσωνος
1476 1885 1594 1918 ἔσονται,
1605 1885 1684 1920 φησὶ,
1698 1884 1766 1911 τοῦτ’

977 1933 1046 1966 ἔστι,
1061 1933 1201 1966 τεύξονται
1221 1933 1270 1968 τῆς
1289 1933 1365 1968 παρὰ
1390 1932 1457 1958 Θεοῦ
1481 1931 1600 1966 σκέπης,
1622 1931 1660 1962 ὡς
1686 1931 1766 1966 μηδὲν

977 1979 1070 2011 αὐτοῖς
1086 1979 1222 2016 συμὸῆναι
1241 1979 1361 2015 φορτίον,
1377 1979 1458 2014 ἤγουν
1468 1977 1615 2012 ἀποφέρων
1629 1978 1669 2008 εις
1685 1977 1765 2011 ὀλιγο-

976 2023 1088 2059 ψυχίαν.
1113 2023 1239 2050 Τοιοῦτόν
1261 2031 1287 2049 τι
1312 2023 1359 2049 καὶ
1382 2023 1396 2048 ὸ
1413 2022 1554 2053 Θεσπέσιος
1571 2022 1623 2056 ἔφη
1647 2021 1763 2052 Παῦλος·

979 2079 990 2095 ι
1003 2069 1120 2101 Δυνατὺς
1135 2070 1153 2103 Δὁ
1174 2069 1250 2102 Θεὸς,
1264 2069 1293 2100 ὃς
1312 2068 1362 2095 οὐκ
1383 2068 1458 2094 ἐάσει
1485 2068 1559 2103 ἡμᾶς
1586 2067 1764 2102 πειρασθῆναι

978 2114 1047 2150 ὑπὲρ
1065 2114 1079 2141 ὃ
1095 2113 1220 2146 δύνασθε,
1232 2113 1299 2140 ἀλλὰ
1312 2114 1420 2148 ποιήσει
1435 2114 1483 2140 σὺν
1493 2113 1531 2148 τῷ
1549 2113 1707 2148 πειρασμῷ,
1722 2113 1763 2139 καὶ

976 2159 1025 2195 τὴν
1040 2159 1151 2186 ἔκϐασιν
1165 2159 1212 2186 τοῦ
1229 2158 1358 2186 δύνασθαι
1377 2160 1547 2193 ὑπενεγκεῖν.
1562 2168 1571 2184 ι
1588 2159 1674 2185 Τοῦτο
1691 2157 1763 2193 οἶμαι

976 2206 1073 2242 δηλοῦν
1095 2206 1126 2232 τὸ
1149 2206 1317 2242 παρακαλεῖν
1338 2205 1437 2237 αὐτοὺς
1457 2205 1503 2231 τὸν
1517 2205 1646 2232 ἐλεοῦντα
1664 2206 1761 2236 αὐτοῖς.

979 2252 1124 2291 ’Λξειιγὰρ
1138 2253 1183 2279 διὰ
1197 2252 1292 2288 πηγῶν
1303 2252 1417 2283 ὑδάτων,
1435 2251 1482 2278 καὶ
1495 2251 1573 2286 θήσει
1589 2252 1644 2278 πᾶν
1653 2251 1715 2287 ὅρος
1725 2252 1760 2283 εἰς

139 2292 176 2319 ris
188 2293 222 2319 ”.
240 2302 250 2318 ι
270 2293 345 2325 Quod
369 2298 457 2320 autem
494 2294 595 2320 ttullum
623 2295 782 2328 prmclarum
821 2295 882 2323 facit

1016 2306 1044 2327 ιν,
1060 2298 1108 2324 καὶ
1125 2297 1214 2324 πᾶσαν
1229 2296 1322 2332 τρίϐον
1344 2297 1384 2328 εἰς
1409 2296 1536 2332 βόσκημα
1551 2297 1650 2328 αὐτοῖς.
1672 2298 1759 2331 Πηγὰς

138 2338 251 2364 arduum
266 2338 385 2364 futurum
408 2339 443 2365 sit
459 2343 506 2365 aut
524 2337 629 2366 didieile
649 2339 693 2366 his
714 2341 758 2372 qui
776 2348 824 2375 per
849 2341 924 2369 Chri-

139 2379 212 2409 stum
234 2383 335 2410 servati
362 2388 436 2416 sunt,
460 2383 524 2411 illud
555 2385 721 2413 subinnuere
737 2387 846 2421 poterit,
862 2395 922 2414 cum

137 2428 185 2459 ait,
198 2435 304 2455 onmem
324 2434 441 2455 montem
461 2429 488 2455 in
502 2429 571 2456 viam
586 2437 647 2457 esse
661 2431 831 2458 vertendum.
845 2431 924 2459 Vide-

138 2477 181 2499 tur
198 2473 268 2499 enim
288 2473 411 2505 sublime,
428 2477 454 2500 et
473 2473 569 2506 altum,
597 2478 624 2501 et
642 2475 809 2503 inaccessum
831 2477 923 2504 multis

135 2525 206 2549 esse,
231 2522 259 2544 ut
287 2519 410 2546 virtutem
437 2520 497 2553 quis
521 2519 602 2553 colat,
618 2526 693 2555 puta,
714 2521 920 2556 continentiam,

137 2563 353 2597 temperantiam,
379 2565 620 2599 longanimitatem,
650 2567 819 2601 patientiam,
846 2576 922 2596 tuan-

135 2609 317 2642 suetudinem,
347 2610 507 2639 cltaritatem
530 2618 557 2639 et
582 2612 684 2647 reliqum
707 2622 714 2641 :
737 2613 786 2641 sed
811 2614 918 2649 planam

133 2659 162 2681 et
191 2656 349 2690 aequabilem
375 2665 482 2685 omnem
516 2658 585 2686 hanc
607 2659 677 2686 viam
704 2660 782 2687 nubis
803 2661 919 2688 reddidit

134 2699 273 2733 Servator,
299 2707 328 2729 ut
356 2702 427 2736 quod
455 2703 613 2737 impervium
637 2709 663 2731 et
685 2704 838 2733 intnteahile
861 2713 920 2734 esse

133 2746 285 2780 videbatur,
304 2747 329 2774 id
353 2747 499 2782 levigatam
514 2752 540 2775 et
555 2749 726 2782 prostitutam
741 2750 776 2776 sit
794 2751 855 2777 illac
879 2751 919 2779 ire

134 2789 294 2820 volentibus.
323 2792 407 2826 hique
431 2797 482 2826 est,
497 2794 602 2828 opinor,
623 2795 694 2829 quod
709 2802 802 2830 aperte
816 2797 916 2824 dictum

167 2882 190 2899 "
203 2882 280 2910 Juan.
298 2891 333 2918 iv,
351 2883 392 2911 l3.
430 2885 452 2901 ’⁷
469 2885 522 2913 lsa.
538 2893 636 2919 xxxut,
649 2885 691 2914 l6.
729 2887 752 2903 "
768 2887 778 2914 l
792 2886 854 2915 Cor.
873 2895 900 2922 x,
921 2888 961 2915 l3.

974 2341 1003 2367 δέ
1023 2349 1114 2377 φαμεν
1127 2342 1155 2368 ἐν
1170 2340 1276 2373 τούτοις
1291 2342 1353 2372 τοὺς
1373 2341 1466 2374 ἁγίους
1482 2342 1636 2376 προφήτας,
1650 2342 1760 2367 ἀποστό-

974 2387 1038 2419 λους
1053 2396 1082 2413 τε
1113 2387 1159 2414 καὶ
1186 2387 1392 2422 εὑαγγελιστὰς,
1406 2385 1447 2418 οἷς
1467 2387 1654 2422 ὲνομιλοῦντες
1677 2388 1760 2422 σοφῶς

975 2441 1004 2459 τε
1027 2434 1074 2461 καὶ
1090 2433 1220 2468 ἐντέχνως
1241 2433 1380 2469 ἁρυὸμεθα
1395 2433 1458 2468 παρ’
1476 2432 1567 2459 αὐτῶν
1587 2432 1719 2465 ξωοποιόν
1733 2442 1758 2460 τε

975 2480 1022 2506 καὶ¹
1036 2479 1107 2506 θεῖον
1133 2480 1222 2514 λόγον,
1241 2479 1422 2515 ἀποχρώντως
1439 2479 1534 2515 ἔχοντα
1548 2479 1616 2514 πρὸς
1637 2480 1668 2506 τὸ
1691 2479 1758 2506 δύνα-

976 2524 1038 2550 σθαι
1059 2524 1216 2559 διανευροῦν
1234 2525 1274 2556 είς
1294 2523 1434 2550 εὐσέϐειαν
1449 2523 1498 2555 τὰς
1514 2523 1652 2558 ἡμετέρας
1665 2522 1756 2558 ψυχὰς,

975 2570 1021 2596 καὶ
1050 2570 1154 2605 τρυφὴν
1171 2570 1252 2604 ,ἡμῖν
1282 2569 1450 2604 ἐργάσασθαι
1481 2569 1530 2604 τὴν
1562 2569 1755 2604 πνευματικήν.

975 2614 1053 2640 Οὖτω
1067 2614 1122 2649 γὰρ
1136 2614 1307 2650 γέγραπται·
1328 2614 1401 2641 (Καὶ
1428 2614 1574 2649 ἀντλήσετε
1599 2613 1671 2649 ὕδωρ
1704 2613 1755 2649 μετ’

974 2660 1155 2695 εὐφροσύνης,
1172 2661 1205 2686 ἐκ
1219 2660 1274 2686 τῶν
1289 2660 1385 2696 πηγῶν
1399 2660 1445 2687 τοῦ
1463 2661 1610 2696 σωτηρίου.
1628 2670 1637 2686 ι
1659 2661 1719 2686 Ὂτι
1733 2659 1756 2685 δὲ

973 2706 1096 2737 ἄναντες,
1109 2706 1125 2741 ἢ
1138 2705 1272 2732 δύσϐατον
1281 2706 1357 2732 οὐδὲν
1371 2705 1423 2732 τῶν
1438 2705 1584 2741 ἐξαιρέτων
1597 2704 1755 2740 ἀνδραγαθην

974 2752 1066 2786 μάτων
1079 2753 1135 2783 τοῖς
1155 2751 1198 2777 διὰ
1216 2751 1335 2787 Χριστοῦ
1358 2751 1549 2786 σεσωσμένοις,
1576 2751 1755 2786 ὑπεμφήνειεν

973 2797 1006 2825 ἂν
1021 2797 1051 2824 τὺ
1066 2799 1120 2824 πᾶν
1136 2797 1198 2832 ὅρος
1215 2798 1255 2829 εὶς
1271 2797 1329 2824 ὁδὸν
1351 2797 1487 2824 τεθεῖσθαι
1500 2797 1600 2832 λέγειν.
1615 2790 1694 2823 Δοκεί
1714 2795 1753 2831 μὲν

992 2889 1032 2924 β’
1053 2889 1103 2917 lsa.
1121 2897 1170 2922 xu,
1186 2889 1209 2916 5.
