1883 3055
147 182 217 213 1063

640 178 668 205 S.
690 176 827 205 CYKILLI
847 175 1083 205 ALEXANDRINI
1102 175 1260 203 ARCHIEP.

1709 175 1777 203 1064

148 237 287 266 intellectu
314 235 473 271 percipitur.
497 234 665 262 Annuntiant
683 235 753 261 enim
773 243 778 260 :
799 233 864 266 Quia
884 233 934 259 mi-

1005 232 1104 263 οῦντες,
1122 231 1168 257 καὶ
1187 230 1221 256 τὰ
1236 228 1318 256 αὑτοῦ
1335 228 1432 264 νοητῆς
1452 227 1624 265 εὐφροσύνης
1639 227 1780 262 πιμπλᾶσι

149 289 240 311 nrtus
258 286 300 311 est
314 281 384 308 Dens
407 280 495 315 populi
521 280 573 312 sui,
601 284 628 308 et
649 279 764 306 humiles
780 277 868 312 populi
896 277 936 304 sui

149 329 305 356 consolatus
334 332 387 353 est.
404 326 529 352 Misertus
556 330 599 352 est
624 325 694 351 enim
717 325 848 354 omnium,
876 329 937 348 cum

151 375 202 401 illis
217 373 340 400 Christus
354 372 489 398 illuxerat.
504 370 643 405 Siquidem
655 362 752 395 verum.
769 373 810 394 est
824 386 831 399 ,
852 365 936 400 erepti

149 426 210 447 sunt
227 427 242 445 e
257 426 335 445 manu
351 417 431 453 673
449 417 546 443 diaboli
563 421 590 443 et
608 415 710 442 smvitia
732 414 934 444 damnoniorum,

150 469 175 493 et
186 474 200 491 a
212 469 324 499 peccato
331 465 400 497 quod
412 464 437 489 in
450 469 496 489 eos
507 461 676 496 tyrannidem
688 461 808 487 exercuit
818 458 935 490 liberati,

148 515 178 537 et
211 511 307 538 mortis
329 510 437 543 insuper
461 507 597 534 vinculis:
616 507 760 540 donatique
784 505 881 540 gratia,
910 509 937 531 et

149 556 293 584 excellenti
316 555 398 586 dono,
425 554 512 581 sancti
530 554 647 588 Spiritus
663 553 724 579 iacti
740 546 896 587 participes,
910 554 936 577 et

148 601 299 636 adoptionis
328 600 412 635 gratia
437 599 575 632 illustrati,
601 604 628 626 et
651 606 710 633 spe,
736 605 795 632 qua:
818 602 934 624 mentem

149 654 181 672 ac
209 646 397 680 cogitationem
421 649 541 678 superat,
572 643 658 671 dilati.
688 642 786 670 Verum
820 643 935 669 observa

148 699 302 719 sermonem
347 691 505 725 prophette;
531 691 569 716 ait
599 689 671 716 enim
704 697 711 716 :
745 688 864 715 llumiles
889 695 938 722 po-

147 737 202 772 puli
233 737 276 764 sui
309 736 466 763 c0nsolutus
493 740 545 762 est.
575 735 697 762 Humiles
726 741 786 761 esse
819 733 936 760 dicimus

151 789 209 814 eos,
236 782 282 816 qui
309 782 396 808 ﬂexile
423 786 450 808 et
476 781 617 808 tractabile
642 780 740 807 collum
773 779 936 806 submittunt

147 827 266 859 Christo,
280 826 411 860 etjugum
428 827 500 860 regni
527 826 585 860 ejus
608 833 660 852 non
688 829 877 857 contemnunt,
902 830 935 850 eo

148 875 219 907 quod
246 873 324 900 ﬁdem
344 872 524 902 admiserunt,
540 879 572 898 ac
593 871 736 906 praeparati
750 875 822 902 sunt,
839 870 865 896 in
882 869 935 904 spi-

149 920 201 946 ritu
218 923 245 946 et
261 918 373 945 veritate
389 918 572 944 adorationem
594 925 625 944 ac
639 917 740 943 cultum
752 916 775 942 ei
790 921 934 950 praestare,

148 973 208 991 eum
226 964 251 990 hi
268 963 313 998 qui
327 963 405 990 tidem
419 970 470 990 non
486 963 662 994 admiserant,
675 969 727 988 non
741 962 795 988 sint
809 960 934 992 humiles,

149 1009 195 1035 sed
211 1016 293 1035 cornu
315 1007 339 1033 in
356 1008 438 1034 altum
462 1008 581 1041 erigant,
601 1011 625 1033 et
657 1006 815 1040 injustitiam
840 1009 934 1032 contra

147 1061 208 1080 eum
222 1053 373 1087 loquantur,
388 1059 414 1079 et
430 1057 523 1079 contra
539 1057 712 1078 sacrosancta
730 1050 786 1084 ejus
798 1050 934 1080 vaticinia,

148 1100 290 1132 superbam
324 1099 397 1125 velut
428 1099 561 1125 cervicem
601 1097 697 1125 mentis
738 1096 872 1124 attollunt.
903 1093 934 1121 lli

149 1153 201 1170 non
230 1149 292 1170 sunt
318 1144 409 1171 donati
436 1143 569 1178 spirituali
584 1143 784 1170 consolatione:
799 1150 849 1168 non
863 1140 935 1168 enim

150 1194 227 1216 erant
248 1189 332 1223 digni.
349 1189 412 1222 Quae
434 1189 506 1216 enim
537 1196 600 1223 pars
622 1188 739 1214 ﬁdelium
760 1195 822 1215 cum
839 1186 934 1214 inﬁde—

148 1234 228 1267 libus,
242 1235 389 1262 sccundum
404 1235 429 1262 id
441 1235 510 1269 quod
530 1234 659 1268 scriptum
673 1233 739 1260 est?

183 1362 266 1390 Visus.
281 1362 322 1394 Η,
346 1363 388 1390 15.
411 1363 480 1390 Dixit
495 1363 563 1390 enim
575 1362 639 1390 Sion
654 1371 662 1390 :
675 1363 813 1398 Dereliquit
826 1372 866 1390 me
881 1364 936 1391 Do-

147 1410 245 1440 minus,
268 1415 291 1436 et
308 1409 438 1436 Dominus
466 1410 560 1435 oblitus
581 1415 618 1436 est
633 1410 694 1437 mei.
715 1409 786 1436 Nunt
805 1410 937 1436 oblivisce-

147 1460 192 1482 lur
206 1462 287 1482 mater
307 1455 356 1490 ﬁlii
371 1456 430 1487 sui,
455 1455 493 1482 rel
511 1464 561 1482 nou
583 1456 746 1482 miserebitur
760 1462 851 1489 partus
867 1456 935 1482 uteri

148 1501 211 1528 sui?
230 1500 343 1528 Etiamsi
370 1507 456 1527 autem
467 1502 559 1527 horum
576 1501 655 1528 oblita
674 1501 753 1535 fuerit
770 1502 874 1534 mulier,
888 1509 935 1535 ego

148 1552 234 1574 tamen
251 1555 303 1573 non
318 1546 457 1574 obliviscar
474 1547 524 1573 tui.

183 1593 327 1627 Proposuit
343 1594 414 1620 enim
428 1594 614 1620 universorum
630 1592 794 1620 Servatoret
808 1593 934 1621 Dominus

147 1639 230 1667 etiam
246 1644 309 1665 ante
329 1639 406 1671 alios,
424 1637 486 1665 ﬁliis
502 1638 577 1670 Sion,
595 1646 642 1665 seu
658 1645 691 1664 ex
706 1638 836 1672 sanguine
853 1637 934 1665 Israel

139 1685 262 1721 «gratiam
282 1692 328 1719 per
342 1685 431 1716 ﬁdem,
445 1689 472 1711 et
487 1685 598 1711 inﬁnitis
609 1684 778 1711 sermonibus
791 1684 869 1711 ﬁdem
882 1684 935 1711 illis

149 1724 263 1757 conatus
291 1735 332 1756 est
350 1729 450 1760 facere,
467 1734 496 1755 nt
513 1729 748 1762 apprehenderent
775 1729 934 1763 opportuni-

151 1780 244 1808 tatem,
261 1783 312 1809 qua
324 1779 444 1809 possent,
461 1774 483 1801 si
502 1774 526 1800 iu
547 1774 619 1801 illum
635 1775 822 1808 credidissent,
850 1775 935 1810 gloria

151 1819 271 1854 patribus
282 1821 413 1853 promissa
429 1818 597 1853 locupletari.
611 1819 646 1845 At
662 1819 688 1846 hi
705 1819 842 1853 pra-fracti
857 1824 935 1846 erant

148 1870 175 1893 et
189 1865 382 1897 iuobedientes,
393 1869 431 1897 et,
443 1864 555 1899 legibus,
570 1873 629 1900 quae
644 1873 691 1900 per
705 1865 934 1901 sapientissimum

150 1912 240 1940 Mosen
269 1913 411 1946 descripta:
440 1912 686 1950 eraiittdespectis
717 1917 744 1940 et
773 1913 936 1947 propheticis

150 1958 386 1993 prmdicatiouibus
397 1959 535 1992 neglectis,
555 1966 569 1984 a
587 1958 638 1985 ﬁde
654 1959 825 1991 exciderunt,
841 1963 868 1986 et
880 1958 936 1985 cri-

150 2005 221 2031 mine
237 2004 402 2031 dontinicidii
418 2010 544 2039 tanquam
563 2004 659 2038 laqueo
686 2004 757 2039 capti
783 2009 854 2031 sunt.
882 2003 937 2031 Hac

151 2051 184 2078 de
201 2058 283 2077 causa
299 2049 366 2083 lapsi
380 2055 454 2081 sunt,
472 2055 498 2077 et
512 2057 527 2076 a
554 2049 745 2083 coajunctione
783 2058 842 2084 quae
873 2057 936 2077 cum

153 2096 209 2131 ipso
225 2101 267 2122 est
292 2095 383 2131 procul
399 2099 461 2122 sunt
482 2095 607 2127 alienati;
634 2095 753 2129 reliquiae
767 2101 854 2122 tamen
878 2103 938 2122 ser-

150 2147 218 2170 vata:
238 2146 310 2174 sunt,
328 2147 354 2167 cI.
370 2140 489 2167 funditus
505 2139 587 2167 lsrael
604 2147 655 2167 non
670 2141 749 2175 periit
765 2140 785 2167 ⁸.
804 2141 935 2171 Cancrum

151 2187 228 2223 pauci
245 2191 307 2214 sunt
336 2185 446 2218 servati,
467 2190 493 2212 et
511 2193 565 2219 prae
595 2185 740 2212 iuﬁdelimn
767 2186 937 2214 multitudine

986 279 1035 313 τὴν
1052 278 1112 312 γῆν.
1135 276 1348 310 Ἀπαγγέλλουσι
1369 274 1423 310 γὰρ
1438 275 1478 301 ὅτι
1493 274 1609 309 ἠλέησεν
1624 275 1638 301 ό
1650 273 1718 306 Θεὸς
1732 273 1780 300 τὸν

986 324 1048 350 λαὸν
1060 321 1152 355 αὑτοῦ,
1166 322 1213 348 καὶ
1228 322 1290 352 τοὺς
1299 321 1443 352 ταπεινοὺς
1458 319 1505 346 τοῦ
1533 319 1599 346 λαοῦ
1615 319 1700 346 αὑτοῦ
1713 329 1780 355 παρ-

986 369 1123 395 εκάλεσεν.
1147 367 1258 402 Ἠλέησε
1273 366 1327 401 γὰρ
1343 366 1464 397 ἅπαντας
1487 365 1647 400 ἑπιλάμψας
1661 366 1753 397 αὐτοῖς
1765 366 1780 392 ὁ

985 414 1113 450 Χριστός’
1126 413 1206 447 εἴπερ
1217 412 1291 438 ἐστὶν
1310 411 1418 446 ἀληθὲς,
1436 411 1580 447 ὲξῄρηνται
1608 411 1701 446 χειρὸς
1719 410 1779 437 δια-

988 459 1109 495 ϐολικῆς,
1127 459 1175 486 καὶ
1189 458 1336 493 δαιμονίων
1357 457 1527 492 σκαιότητος.
1549 457 1780 492 Ἀπηλλάχθησαν

985 505 1023 535 δὲ,
1037 505 1083 530 καὶ
1097 505 1147 539 τῆς
1159 503 1240 530 πάλαι
1253 503 1436 538 τυραννούσης
1450 503 1509 528 κατ’
1523 502 1614 528 αὐτῶν
1627 502 1778 536 ἁμαρτίας,

986 551 1032 578 καὶ
1046 550 1157 586 προσέτι
1176 548 1229 575 τῶν
1256 549 1302 575 τοῦ
1325 548 1439 575 θανάτου
1463 547 1579 582 δεσμῶν
1605 547 1739 582 ἠξίωνται
1751 547 1780 574 δὲ

986 598 1107 631 χάριτος,
1128 595 1176 620 καὶ
1186 594 1370 629 ὑπερκοσμίου
1384 594 1498 629 δωρεᾶς,
1510 594 1617 629 μέτοχοι
1635 593 1779 627 γεγονότες

986 642 1064 676 ἁγίου
1085 641 1260 675 Πνεύματος,
1280 640 1327 666 καί
1347 641 1380 674 τῇ
1406 640 1455 675 τῆς
1479 640 1615 671 υἱοθεσίας
1635 639 1698 674 δόξῃ
1715 648 1780 665 κατ-

985 687 1173 722 ηγλαῖσμένοι,
1182 684 1228 712 καὶ
1241 686 1290 720 τὴν
1302 686 1371 721 ὑπὲρ
1383 685 1445 712 νοῦν
1457 686 1552 712 ἐλπίδα
1563 686 1777 720 πλουτήσαντες.

985 733 1058 769 Πλὴν
1075 734 1152 768 ἄθρει
1162 733 1210 769 τὴν
1220 734 1383 768 ὲπιτήρησιν
1395 732 1449 758 τῶν
1462 732 1509 758 τοῦ
1524 733 1664 768 προφήτου
1677 732 1778 765 λόγων·

985 780 1055 811 Τοὺς
1070 779 1124 815 γὰρ
1143 779 1288 810 ταπεινοὺς
1304 778 1351 805 τοῦ
1367 778 1431 805 λαοῦ
1447 778 1539 810 αὑτοῦ,
1558 778 1636 813 φησὶ,
1656 778 1779 811 παρεκά-

985 825 1056 853 λεσε,
1073 826 1222 856 Ταπεινοὺς
1236 825 1264 851 δὲ
1276 823 1344 851 εἷναί
1356 833 1445 860 φαμεν
1457 825 1520 856 τοὺς
1539 825 1645 860 εὐήνιον
1660 824 1779 858 ὺφὲντας

985 871 1024 906 τῷ
1038 870 1147 906 Χριστῷ
1168 871 1213 897 τὸν
1229 871 1340 905 αὐχένα,
1356 871 1403 896 καὶ
1419 870 1466 905 τῆς
1480 871 1526 896 ὑπ’
1538 870 1613 905 αὐτῷ
1628 870 1778 905 βασιλείας,

986 917 1035 943 οὐκ
1049 916 1235 952 ἀτιμάσαντας
1250 917 1294 942 τὸν
1308 915 1388 950 ζυγὸν
1399 935 1406 948 ,
1423 916 1467 942 διά
1478 925 1517 942 τοι
1536 915 1566 941 τὺ
1585 915 1779 950 προσήκασθαι

986 963 1037 997 τὴν
1052 963 1152 994 πίστιν,
1167 962 1347 999 ηὑτρεπίσθαι
1363 962 1392 988 δὲ
1413 963 1458 988 καὶ
1471 963 1521 997 τὴν
1537 963 1565 988 ἐν
1583 961 1722 996 πνεύματί
1749 969 1779 987 τε

986 1010 1033 1035 καὶ
1052 1008 1166 1044 ἀληθείᾳ
1189 1007 1373 1044 προσκύνησιν
1391 1007 1474 1042 αὐτῷ,
1502 1007 1548 1033 καὶ
1570 1007 1700 1042 λατρείαν
1721 1007 1779 1033 ἐπι-

985 1055 1073 1081 τελεῖν
1087 1054 1141 1080 τῶν
1161 1054 1210 1089 τὴν
1228 1054 1318 1080 πίστιν
1332 1054 1362 1080 οὐ
1377 1053 1606 1088 προσηκαμένων,
1626 1053 1678 1079 οὐκ
1694 1052 1779 1078 ὄντων

985 1100 1133 1132 ταπεινῶν,
1151 1100 1207 1126 ἀλλ’
1221 1099 1288 1134 ὑψοῦ
1304 1099 1333 1126 τὸ
1363 1099 1445 1135 κέρας
1467 1099 1559 1125 ἰόντων
1579 1098 1636 1134 πρ.
1653 1097 1777 1133 ἱέντων],

985 1147 1032 1174 καὶ
1044 1146 1195 1173 λαλούντων
1207 1146 1312 1172 ἀδικίαν
1324 1145 1383 1172 κατ’
1396 1144 1488 1177 αὑτοῦ,
1500 1145 1546 1170 καὶ
1564 1146 1620 1175 τοῖς
1634 1145 1718 1179 ἱεροῖς
1733 1143 1779 1169 αὺ-

985 1192 1032 1219 τοῦ
1047 1192 1224 1227 θεσπίσμασι,
1237 1191 1337 1226 γαῦρον
1353 1191 1446 1226 ὥσπερ
1461 1189 1655 1216 ἀνατεινόντων
1669 1189 1716 1215 τὸν
1729 1189 1777 1222 τῆς

985 1237 1103 1269 διανοίας
1119 1238 1229 1272 αὐχένα.
1238 1234 1316 1263 Οὗτοι
1328 1237 1376 1271 τῆς
1386 1236 1571 1271 πνευματικῆς
1584 1235 1634 1261 οὐκ
1648 1234 1777 1269 ἠξίωνται

985 1284 1194 1319 παρακλήσεως.
1221 1283 1258 1309 Οὐ
1286 1282 1340 1318 γὰρ
1361 1280 1430 1317 ἦσαν
1456 1281 1536 1313 ἄξιοι.
1562 1281 1609 1312 Τίς
1625 1280 1680 1315 γὰρ
1699 1279 1777 1315 μερὶς

990 1328 1095 1354 πιστῶν
1111 1328 1181 1362 μετὰ
1202 1329 1334 1358 ἀπίστων,
1355 1327 1424 1354 κατὰ
1438 1327 1467 1353 τὸ
1479 1326 1687 1361 γεγραμμένον;

1019 1372 1092 1400 Εἷπε
1111 1373 1166 1408 γὰρ
1181 1373 1274 1405 Σιὼν,
1293 1372 1484 1408 Ἐγκατέλίπέ
1498 1380 1535 1406 με
1551 1372 1670 1405 Κύριος,
1691 1370 1741 1396 καὶ
1760 1371 1777 1396 ό

985 1419 1094 1451 Κύριος
1110 1417 1271 1445 ἐπελάϐετό
1280 1426 1349 1451 μου.
1363 1416 1411 1450 Μὴ
1423 1417 1599 1450 ἐπιλήσεται
1611 1415 1711 1449 μήτηρ
1723 1414 1776 1440 τοῦ

985 1463 1091 1496 ,παιδὸς
1108 1462 1214 1496 αὐτῆς,
1232 1462 1283 1489 τοῦ
1299 1462 1434 1496 ἐλεῆσαι,
1451 1456 1499 1488 καὶ
1515 1461 1625 1495 ἔκγονα
1642 1459 1696 1493 τῆς
1713 1467 1774 1485 κοι-

985 1509 1054 1542 λίας
1064 1508 1216 1542 αὺτῆς;Εὶ
1225 1508 1259 1534 δὲ
1267 1508 1315 1534 καὶ
1324 1507 1492 1534 ἐπιλάθοιτο
1505 1506 1597 1533 ταῦτα
1608 1505 1696 1540 γυνὴ,
1707 1504 1776 1532 ἀλλ’

986 1554 1043 1590 ἐγὼ
1056 1555 1111 1581 οὐκ
1129 1554 1312 1588 ἐπιλήσομαί
1328 1561 1398 1580 σου.

1021 1599 1162 1636 Προΰθηκε
1178 1600 1226 1634 μὲν
1238 1599 1292 1634 γὰρ
1306 1599 1320 1625 ὁ
1333 1599 1388 1625 τῶν
1403 1598 1471 1626 ὅλων
1485 1598 1581 1633 Σωτὴρ
1602 1596 1717 1632 Κύριος,
1730 1597 1777 1622 καὶ

986 1646 1040 1680 πρό
1051 1653 1083 1679 γε
1101 1645 1154 1671 τῶν
1167 1644 1253 1671 ἄλλων
1270 1645 1325 1675 τοῖς
1345 1645 1392 1679 τῆς
1413 1643 1482 1670 Σιὼν
1504 1644 1608 1674 τέκνοις
1621 1662 1628 1675 ,
1645 1643 1705 1677 ἦτοι
1721 1643 1777 1672 τοῖς

985 1690 1015 1723 ἐξ
1030 1691 1142 1726 αἵματος
1164 1690 1272 1725 Ἰσραὴλ
1288 1690 1336 1725 τὴν
1348 1690 1392 1716 διὰ
1411 1692 1529 1721 πίστεως
1550 1689 1630 1724 χάριν
1642 1708 1649 1720 ,
1668 1688 1716 1714 καὶ
1733 1688 1777 1714 διὰ

987 1735 1091 1772 μυρίων
1106 1736 1175 1762 ὅσων
1189 1735 1288 1767 αὐτοὺς
1310 1735 1447 1766 ἀνέπειθε,
1460 1735 1557 1769 λέγων,
1580 1732 1775 1769 Ἐπιδρὰξασθε

985 1781 1033 1809 τοῦ
1049 1781 1155 1815 καιροῦ,
1174 1780 1235 1807 καθ’
1249 1781 1279 1807 ὃν
1290 1779 1324 1816 ἦν
1340 1781 1470 1808 δύνασθαι
1485 1780 1663 1807 πιστεύσασιν
1679 1780 1718 1810 εἰς
1729 1779 1776 1805 αὺ-

985 1827 1031 1854 τὸν
1045 1826 1094 1858 τὰς
1105 1829 1161 1858 τοῖς
1179 1826 1314 1861 πατράσιν
1324 1827 1532 1862 ἐπηγγελμένας
1551 1825 1776 1860 καταπλουτῆσαι

987 1873 1152 1908 φιλοτιμίας.
1169 1873 1200 1899 Οἱ
1214 1873 1242 1898 δὲ
1259 1871 1327 1908 ἦσαν
1341 1872 1479 1906 ἄτεγκτοι,
1502 1871 1550 1898 καὶ
1570 1871 1708 1902 ἀπειθεῖς,
1730 1870 1777 1896 καὶ

986 1918 1052 1953 γοῦν
1070 1918 1123 1944 τῶν
1144 1918 1188 1944 διὰ
1206 1917 1254 1944 τοῦ
1278 1918 1415 1952 πανσόφου
1441 1918 1562 1949 Μωσέως
1587 1917 1777 1953 ὑπερορῶντες

986 1965 1087 2000 νόμων,
1101 1962 1149 1990 καῖ
1165 1964 1341 2000 προφητικῶν
1361 1964 1546 1999 κηρυγμάτων
1563 1963 1642 1997 ὀλίγα
1659 1971 1778 1999 πεφρον-

986 2010 1102 2041 τικότες,
1117 2010 1164 2036 καὶ
1186 2009 1233 2035 τοῦ
1256 2009 1393 2036 πιστεύειν
1418 2009 1571 2042 ὲξὼλισθον.
1588 2009 1636 2035 καὶ
1655 2010 1713 2040 τοῖς
1728 2009 1777 2042 τῆς

987 2056 1173 2091 κυριοκτονίας
1187 2056 1293 2091 ἣλωσαν
1311 2055 1427 2091 βρόχοις.
1440 2054 1543 2082 Οὐκοῦν
1555 2053 1697 2089 ὲξώθησαν
1714 2053 1778 2080 ταύ-

986 2110 1036 2136 της
1046 2102 1127 2129 ἕνεκα
1135 2102 1184 2137 τῆς
1199 2101 1298 2133 αἰτίας,
1311 2102 1358 2128 καὶ
1371 2101 1421 2136 τῆς
1437 2101 1504 2137 πρὸς
1517 2101 1597 2127 αὐτὸν
1612 2101 1777 2135 οἰκειότητος

986 2147 1119 2174 τέθεινται
1133 2147 1250 2182 μακρὰν,
1263 2146 1332 2182 πλὴν
1345 2147 1476 2173 σέσωσται
1489 2146 1519 2172 τὸ
1532 2146 1720 2181 καταλείμμα,
1732 2146 1778 2172 καὶ

988 2192 1037 2227 οὐχ
1048 2192 1187 2228 ὀλόρῥιξος
1201 2191 1323 2218 ἀπώλετο
1335 2192 1349 2217 ὁ
1373 2191 1490 2226 Ἰσραήλ.
1503 2191 1620 2227 Βραχεῖς
1634 2191 1662 2217 δὲ
1678 2191 1738 2217 λίαν
1752 2192 1777 2217 οἱ

151 2234 261 2260 omnino
274 2232 362 2266 pauci.
378 2231 498 2258 Perscite
516 2231 606 2266 itaque
630 2231 705 2265 Sion,
722 2230 819 2258 Judzetc
841 2233 935 2260 matris

1006 2237 1153 2273 εσωσμένοι
1166 2237 1304 2271 γεγόνασι,
1323 2238 1368 2264 καὶ
1385 2237 1562 2273 εὐαρίθμητοι
1582 2237 1723 2269 παντελῶς
1740 2238 1776 2270 ὼς

152 2285 293 2312 personam
308 2277 456 2308 sustinens,
474 2283 545 2303 nunc
560 2277 934 2311 introduciturpropemmhnn

152 2326 178 2350 et
194 2323 266 2356 luget
282 2321 358 2356 quasi
378 2321 504 2354 despecm
541 2328 555 2347 a
581 2320 636 2348 Deo
665 2322 837 2356 explodente.
868 2323 936 2350 llinc

153 2368 321 2404 paucissimis
336 2367 386 2401 ipsi
405 2365 487 2402 674
503 2367 602 2393 relictis
619 2367 722 2399 liberis,
736 2368 802 2394 dicit
823 2377 830 2394 :
851 2367 935 2395 Dere-

153 2414 231 2447 liquit
250 2420 293 2439 me
306 2412 445 2444 Dominus,
462 2417 489 2439 et
520 2411 651 2439 Dominus
674 2413 773 2440 oblitus
799 2418 841 2440 est
871 2414 934 2441 mei.

153 2460 185 2487 Et
198 2458 261 2493 quid
277 2458 309 2484 ad
322 2457 378 2484 hinc
403 2457 548 2485 Dominus?
569 2457 809 2493 lncomparabilem
836 2459 862 2486 in
890 2460 935 2486 Ιιο-

153 2505 240 2532 mines
255 2503 413 2530 charitatem
432 2504 561 2537 declarat,
578 2497 605 2531 et
617 2503 691 2532 Sioni
708 2505 868 2539 intelligibili
884 2506 934 2533 mi—

152 2550 303 2578 sericordiae
318 2550 386 2577 bona
410 2551 554 2585 promittit,
579 2552 689 2586 etquod
705 2559 756 2578 non
770 2556 860 2586 posset
886 2551 934 2578 ali-

149 2587 259 2629 quando
280 2595 320 2620 sui
337 2594 454 2629 ﬁgmenti
474 2595 596 2622 oblivisci
620 2601 734 2622 conatur
759 2595 931 2629 persuadere.

151 2640 380 2674 Quemadmodum
403 2641 473 2667 enim
497 2642 593 2668 mulier
613 2649 671 2676 qua:
692 2642 807 2676 peperit,
823 2648 933 2668 suorum

151 2685 294 2715 liberorum
310 2685 431 2712 oblivisci
448 2693 499 2713 non
522 2692 619 2720 potest,
637 2691 667 2714 ut
680 2694 740 2721 qute
772 2686 859 2721 legem
886 2694 935 2713 na-

152 2735 217 2757 tura:
233 2731 324 2762 habet,
344 2738 455 2757 summa:
468 2733 576 2766 pietatis
592 2737 619 2759 et
637 2732 809 2766 indulgentiae
825 2733 934 2766 dispert-

150 2778 277 2804 satricem
292 2781 320 2804 et
333 2777 589 2804 administratrieem
606 2787 611 2805 :
628 2777 677 2810 sie,
693 2777 789 2812 inquit,
804 2785 854 2812 ego
866 2786 936 2805 meo-

186 2863 196 2881 ν
210 2863 230 2890 ll
245 2863 307 2893 Cor.
322 2872 359 2898 vt,
377 2865 419 2893 i5.
457 2865 468 2882 ⁸
483 2864 534 2894 lsa.
550 2874 576 2898 κ,
591 2865 638 2898 21,
659 2865 703 2893 22.

987 2283 1054 2318 πρός
1075 2291 1107 2317 γε
1121 2282 1170 2318 τὴν
1186 2283 1240 2309 τῶν
1255 2283 1437 2310 ἀπειθούντων
1464 2283 1579 2318 πληθύν.
1603 2283 1776 2310 ’Δστειότατα

985 2329 1074 2355 τοίνυν
1097 2329 1114 2363 ἡ
1138 2328 1206 2354 Σιὼν
1230 2329 1259 2355 τὸ
1283 2329 1333 2364 τῆς
1353 2328 1482 2360 Ἰουδαίας
1509 2329 1612 2365 μητρὸς
1640 2329 1776 2364 ἐπέχουσα

986 2373 1132 2408 πρόσωπον
1154 2374 1307 2409 εἰσφέρεται
1329 2375 1386 2402 νυν).
1404 2374 1554 2410 μονονουχὶ,
1569 2374 1616 2401 καὶ
1632 2375 1775 2410 κλαιούσης

986 2418 1024 2450 ὼς
1055 2420 1272 2455 παρεωραμένης
1292 2419 1366 2456 παρὰ
1389 2419 1436 2446 τοῦ
1464 2420 1679 2454 συγκροτοῦντος
1697 2420 1774 2447 Θεοῦ.

987 2464 1078 2500 Ταύτῃ
1095 2474 1146 2498 τοι,
1163 2466 1209 2492 καὶ
1229 2465 1374 2501 ὁλιγοστῶν
1393 2467 1462 2501 αὐτῇ
1488 2467 1716 2502 περιλειφθέντων
1732 2467 1774 2493 τὲ-

987 2518 1070 2536 κνων.
1090 2511 1161 2546 ’Έερη
1177 2511 1240 2546 γὰρ,
1256 2512 1347 2546 φησὶν,
1363 2513 1402 2539 ὅτι
1422 2512 1599 2546 Ὲγκατέλιπὲ
1615 2521 1649 2546 με
1664 2512 1773 2548 Κύριος,

987 2557 1033 2582 καὶ
1042 2558 1055 2582 ὁ
1064 2557 1165 2592 Κύριος
1179 2558 1325 2585 ἐπελάϐετό
1341 2567 1402 2593 μου.
1418 2559 1471 2585 Καὶ
1482 2559 1508 2584 τί
1524 2557 1591 2594 πρὸς
1603 2557 1691 2584 ταῦτα
1701 2558 1774 2592 Θεόςς

995 2602 1197 2639 Ἀπαράϐλητον
1214 2604 1357 2638 ἀποφαίνει
1370 2605 1418 2640 τὴν
1428 2605 1467 2635 εἰς
1482 2604 1641 2640 ἀνθρώπους
1655 2604 1774 2639 ἀγάπην,

987 2646 1033 2673 καὶ
1049 2648 1081 2682 τῇ
1095 2649 1176 2684 νοητῇ
1197 2649 1262 2680 Θεὸς
1282 2648 1349 2676 Σιὼν
1362 2649 1567 2684 ἐπαγγέλλεται.
1583 2650 1616 2676 τὰ
1635 2650 1664 2683 ἐξ
1680 2651 1775 2685 οἰκτιρ-

988 2692 1045 2727 μῶν
1059 2693 1158 2727 ἀγαθὰ,
1176 2695 1222 2720 καὶ
1238 2695 1275 2726 ὡς
1292 2695 1341 2722 οὐκ
1355 2695 1387 2722 ἂν
1405 2696 1557 2722 ἐπιλάθοιτο
1570 2704 1636 2722 ποτε
1651 2696 1706 2722 τῶν
1719 2696 1765 2723 tua

986 2737 1032 2763 τοῦ
1053 2740 1209 2774 κτισμάτων
1235 2742 1361 2776 πειρᾶται
1386 2741 1577 2777 πληροςςορεῖν.
1599 2742 1707 2777 ’Ὠσπερ
1724 2741 1774 2777 γὰρ

987 2783 1036 2809 οὐκ
1050 2783 1081 2810 ἂν
1098 2784 1253 2813 ἐπιλάθοιτο
1268 2786 1383 2813 τεκοῦσα
1398 2786 1466 2822 γυνὴ
1481 2786 1535 2813 τῶν
1557 2786 1658 2821 ἑαυτῆς
1675 2787 1774 2814 τέκνων
