1883 3055
65 177 125 204 1065

625 174 658 202 IN
678 173 795 203 ISAIAM
816 172 880 200 LIB.
899 171 946 199 Π.
968 170 1070 199 ORAT.
1093 169 1141 201 ΙΥε,

1612 164 1680 194 1003

65 232 200 270 βραϐευτὴν
212 231 308 267 ἔχουσα
323 232 371 267 τῆς
386 232 516 260 ἀνωτάτω
525 232 743 269 φιλανθρωπίας,
760 232 841 267 ἧτουν

927 237 952 257 m
969 229 1093 257 oblivisci
1127 233 1231 262 nequeo
1249 225 1403 262 :aiquidem
1431 224 1557 252 adectum
1589 225 1678 252 Indul-

65 277 248 316 φιλοστοργίας,
268 277 313 304 τὸν
333 279 382 313 τῆς
397 278 504 312 φύσεω;
527 279 626 314 νόμον
640 278 726 310 οὕτως
738 278 791 304 οὐδ’
809 277 841 304 ἂν

65 325 111 360 ἐγὼ
117 323 297 359 ὲπιλαθοίμην,
307 324 384 360 φησι,
395 323 448 351 τῶν
462 324 545 360 ἐμῶν·
556 325 579 351 εἰ
590 324 659 360 τάχα
670 332 722 350 που
732 324 779 351 καὶ
793 323 842 358 τῆς

64 373 88 397 ὲν
101 370 210 406 μητράσι
224 369 415 405 φιλοστοργίας
439 370 623 405 ὑπερνήχεται
645 369 680 395 τὰ
703 369 750 395 τοῦ
773 368 841 395 Θεοῦ

65 417 154 443 ἐκεῖνα.
175 415 203 440 '0
216 414 265 449 μὲν
281 415 334 450 γὰρ
349 415 424 441 οὐδὲν
444 414 568 447 ἀπεικὸς,
581 415 628 442 καὶ
647 415 686 446 εἰς
696 414 782 449 λήθην
794 422 842 440 πε-

65 463 112 489 σεῖν
124 460 258 488 δύνασθαι.
276 460 341 495 Ἐμὲ
351 461 380 487 δὲ
393 460 472 487 τοῦτο
490 461 584 487 παθεῖν
595 461 625 487 οὐ
638 460 726 495 Θέμις.
738 460 841 486 Οὐκοῦν

64 508 76 534 ὁ
88 508 131 543 μὲν
142 506 216 540 λόγος
230 506 267 537 ὡς
278 505 331 532 ἀπό
348 513 380 540 γε
395 507 444 541 τῆς
460 506 505 532 ἐπὶ
522 505 574 540 γῆς
586 504 653 531 Σιὼν
666 525 673 538 ,
693 505 775 540 ἤγουν
791 505 841 540 τῆς

65 553 110 580 τῶν
130 552 259 580 Ἰουδαίων
276 552 378 587 μητρὸς
393 551 534 587 παθούσης
544 552 594 587 τὴν
609 551 746 583 ἀπαιδίαν,
757 552 840 587 ῆγοιιν

65 597 243 632 ὁλιγοτεαιδίιιν¹
260 598 277 632 ἡ
293 597 322 624 δέ
338 605 370 630 γε
386 597 531 632 ὑπόσχεσις
541 597 579 628 ὡς
592 597 661 632 πρός
673 605 705 630 γε
720 597 768 632 τὴν
780 605 842 631 νοη-

66 643 106 678 τήν
119 643 171 668 ἐστι
191 641 258 669 Σιών
270 650 277 656 ·
295 639 312 679 ᾗ
328 643 375 668 καί
389 644 525 677 πάνσοφος
551 642 656 674 Παῦλος
673 642 840 678 προσεληλυ-

67 689 128 716 θὲναι
142 688 205 724 φησὶ
216 689 278 719 τοὺς
295 688 491 721 πιστεύσαντας
502 699 507 703 ·
524 689 567 715 ἵνα
579 688 627 724 τὴν
639 688 670 722 ἐξ
686 688 782 720 ἐθνῶν,
794 689 841 715 καὶ

71 734 188 762 Ἰουδαίων
200 742 230 760 συ
234 742 336 769 ναγηγε
341 743 355 769 ρ
359 734 442 770 μένην
462 735 561 770 Ἐκκλη
566 735 625 761 σίαν
639 736 742 770 ὲννοῇς,
755 743 769 760 τ
774 734 840 761 ύπον

67 781 197 814 ἐπέχουσαν
213 779 263 813 τῆς
284 779 350 812 ἄνω,
369 777 401 815 ἧς
417 780 463 807 καὶ
475 781 488 806 ὁ
506 780 642 814 πάνσοφος
662 779 767 812 Παῦλος
782 780 840 806 δια-

67 824 212 860 μνημονεύει
222 825 309 859 λέγων
321 834 327 841 ·
336 830 352 851 Ἰ
370 826 402 852 'll
413 825 441 852 δὲ
453 825 509 852 ἄνω
523 825 701 861 Ἰερουσαλὴμ
711 825 840 861 ἐλευθέρα

66 871 136 903 ἐστὶν,
144 871 200 906 ἥτις
210 871 268 897 ἐστὶ
281 873 373 907 μήτηρ
384 872 493 899 πάντων
504 871 594 907 ἡμῶν.
609 881 617 897 ι
627 872 707 904 Πόλις
717 873 770 907 γάρ
781 873 838 898 ἐστι

893 275 1067 310 gemiamque
1082 278 1243 306 maternam,
1262 280 1322 307 qua:
1337 271 1428 300 divina
1450 275 1524 303 sunt,
1551 274 1683 305 superant

894 325 922 347 et
947 319 1162 354 superemineat.
1192 318 1239 345 llla
1265 322 1366 350 autem,
1402 325 1454 344 non
1478 317 1681 343 dissentaneum

893 366 957 400 quin
981 367 1007 393 in
1030 365 1194 393 oblivionem
1219 363 1311 391 venire
1332 363 1428 397 possit.
1454 363 1495 390 Me
1520 368 1609 389 autem
1631 363 1682 389 hoc

899 413 953 446 pali
971 412 1011 439 fas
1024 419 1077 439 non
1092 417 1143 439 est.
1163 412 1256 446 itaque
1268 410 1356 437 oratio
1370 415 1421 443 est,
1439 410 1512 437 velut
1531 417 1545 436 a
1559 409 1680 436 terrestri

893 459 969 491 Sion,
982 466 1029 486 seu
1044 458 1196 486 Judaeorum
1220 463 1318 490 matre,
1335 465 1395 492 qua:
1425 457 1466 484 vel
1496 457 1679 487 sterilitatem,

892 505 934 532 vel
947 505 1110 539 paucitatem
1136 505 1281 533 liberorum
1295 512 1373 538 passa
1389 507 1451 531 cst:
1481 504 1680 538 prox-tissioau-

894 554 946 576 tem
965 555 1017 582 cst,
1030 550 1102 577 velut
1115 550 1149 577 ad
1169 550 1365 586 intelligibilem
1384 550 1460 581 Sion,
1482 550 1514 576 ad
1536 557 1617 583 quam
1638 556 1682 575 sa-

892 596 1077 630 pientissimus
1096 596 1195 623 Paulus
1220 597 1283 624 dicit
1303 596 1452 623 accessisse
1467 603 1513 622 eos
1533 595 1577 629 qui
1596 594 1683 621 credi-

892 643 990 669 derunt
1004 642 1015 657 ’
1029 653 1033 669 :
1051 648 1080 668 ut
1094 649 1127 669 ex
1148 643 1274 677 gentibus
1284 648 1310 669 ct
1327 641 1426 669 Judzcis
1444 647 1564 669 coartant
1591 640 1684 667 Eccle-

891 687 959 713 siam
993 687 1137 722 intelligas,
1156 692 1246 722 typum
1266 687 1409 714 habentem
1422 686 1579 721 superioris,
1606 685 1683 719 cujus

891 734 972 760 etiam
1000 735 1219 770 sapientissimus
1240 735 1339 762 Paulus
1366 735 1498 768 men-.init,
1513 743 1574 762 cum
1601 735 1680 762 dicit:

893 789 903 806 ι
925 780 1048 815 Superna
1079 781 1229 808 Jerusalem
1250 782 1334 808 libera
1356 786 1407 814 est,
1439 789 1498 815 qua:
1534 785 1576 808 est
1595 785 1683 807 mater

890 826 1012 852 omnimn
1040 831 1161 853 nostrum
1181 827 1215 853 ιο.
1232 836 1242 853 ι
1267 827 1370 854 Civitas
1397 827 1469 853 enim
1489 831 1530 853 est
1559 826 1606 853 Dei
1641 826 1681 852 vi<

892 871 988 905 ventis,
1007 876 1034 899 et
1049 872 1293 907 primogenitorum
1307 873 1409 904 nutrix,
1426 877 1453 900 et
1475 877 1562 900 mater
1574 877 1682 899 sancto-

66 917 121 944 Θεοῦ
136 917 231 950 ζῶντος
242 938 249 951 ,
278 918 324 944 καὶ
336 919 515 954 πρωτοτόκων
528 918 627 954 τροφὸς
638 938 647 951 ,
675 918 722 945 καὶ
747 919 838 954 μήτηρ

927 927 950 944 ιιι
965 919 1011 952 qui
1027 918 1154 953 descripti
1171 923 1233 946 sunt
1250 919 1276 946 in
1313 919 1408 947 callis:
1436 919 1512 953 cujus
1543 927 1680 953 nunquam

67 964 138 998 ἁγίων
150 964 402 1000 ἀπογεγραμμένων
422 965 450 991 ὲν
465 965 601 1001 οὐρανοῖς,
621 963 655 1001 ἦς
668 966 718 992 οὑκ
733 965 765 993 ἃν
780 966 838 991 ἐπι-

65 1010 157 1037 λάθοιτό
170 1020 233 1037 ποτε
248 1011 375 1046 Χριστός.
398 1011 506 1047 Ἄγαπᾲ
520 1012 573 1047 γὰρ
587 1012 637 1047 τὴν
663 1011 836 1047 Ἐκκλησίαν,

65 1057 91 1091 ἣν
106 1057 178 1088 αὐτὸς
188 1055 277 1091 ἐαυτῷ
294 1056 449 1092 παρέστησε
461 1075 470 1088 ,
489 1058 592 1092 κτήσας
606 1057 668 1088 τοὺς
691 1056 738 1083 δύο
757 1056 838 1087 λαοὺς

65 1103 96 1134 εἰς
110 1102 152 1128 ἕνα
164 1101 254 1129 καινὸν
271 1102 426 1138 ἄνθρωπον,
446 1102 491 1128 καὶ
511 1101 735 1134 ἁποκαταλλάξας
750 1101 839 1136 ἀμφο-

64 1149 145 1184 τέρους
155 1150 182 1175 ἐν
197 1149 237 1176 ἑνὶ
252 1148 359 1184 σώματι
374 1149 441 1185 πρὸς
458 1149 503 1176 τὸν
522 1149 643 1183 Πατέρα.
658 1148 720 1180 Πῶς
739 1146 786 1174 οὖν
805 1148 838 1174 ἂν

65 1195 200 1221 ἐπιλάθοιτο
207 1194 253 1222 τοῦ
265 1195 330 1222 ίδίου
343 1195 467 1231 σώματος
478 1194 566 1228 ;τοῦτ’
578 1194 646 1228 ἔστι,
659 1193 710 1229 τῆς
724 1193 838 1228 Ἐκκλη-

66 1241 124 1273 σίας,
144 1239 175 1276 ἦς
187 1243 244 1268 ὲστι
257 1242 373 1278 κεφαλή.

99 1287 167 1314 Ἰδοὺ
177 1287 224 1314 ἐπὶ
239 1287 299 1314 τῶν
310 1287 416 1322 χειρῶν
431 1296 490 1322 μου
509 1286 702 1323 ἑζωῖφάφησὰ
724 1293 782 1315 σου
804 1285 840 1313 τὰ

66 1333 144 1367 τείχη,
158 1333 204 1360 καὶ
220 1333 350 1360 ἐνώπιόν
371 1342 431 1368 μου
451 1332 479 1360 εἷ
493 1333 541 1360 διὰ
555 1332 678 1366 παντὸς,
698 1332 748 1361 καὶ
764 1332 840 1367 ταχὺ

65 1379 271 1415 οἱκοδομηθήσῃ
290 1380 340 1415 ὑφ’
363 1377 407 1406 ὧν
420 1379 604 1414 καθῃρέθης,
625 1380 675 1407 καὶ
692 1382 719 1408 οι
730 1378 841 1414 ἐρημώ-

64 1425 161 1459 σαντές
170 1435 205 1453 σε
217 1426 432 1456 ἐξελεύσονται
443 1426 477 1453 ἐκ
494 1426 561 1453 σοῦ.

93 1471 253 1508 Δυσεύρητος
267 1472 364 1508 κομιδῇ
377 1472 432 1499 τῶν
449 1472 636 1508 προκειμένων
649 1473 664 1499 ὁ
675 1472 747 1505 νοῦς.
756 1472 840 1504 Ποίας

66 1517 112 1553 γὰρ
125 1515 190 1544 εἶναι
203 1518 253 1550 τὰς
277 1518 324 1545 τοῦ
339 1518 407 1545 θεοῦ
431 1519 525 1554 χεῖρας
551 1520 722 1554 ὑποτοπήσαι
739 1528 780 1551 τις
796 1519 839 1551 ἂν,

65 1561 143 1599 ἑφ¹ὧν
158 1566 203 1591 καὶ
221 1564 377 1600 γεγράφθαι
392 1564 426 1591 τὰ
443 1564 518 1600 τείχη
535 1564 614 1597 Σιὼν,
632 1565 779 1592 ἐννοεῖσθαι
794 1565 840 1591 06'-

67 1618 117 1645 μις;
129 1610 291 1646 Πλεισταχοῧ
306 1611 355 1644 μὲν
367 1611 397 1637 τὸ
408 1611 527 1646 Γράμμα
543 1612 572 1637 τὸ
591 1611 662 1646 ἱερὸν
678 1611 771 1646 χεῖρας
785 1611 843 1637 ὀνο-

67 1656 136 1691 μάζει
147 1657 222 1689 Θεοῦ,
241 1657 291 1688 τὰς
305 1657 485 1693 δραστηρίους
511 1656 593 1684 αὐτοῦ
610 1656 749 1691 δυνάμεις,
761 1656 794 1683 δι’
806 1653 843 1683 ὧν

66 1703 99 1734 εἰς
113 1703 139 1729 τὸ
153 1700 219 1730 εἶναι
232 1703 268 1730 τὰ
281 1703 369 1730 πάντα
381 1704 565 1737 παρήνεγκεν,
583 1703 608 1729 εἰ
625 1702 671 1729 καὶ
693 1704 801 1738 ἐνεργεῖ
816 1712 841 1730 τι

66 1749 111 1774 τῶν
124 1749 190 1776 κατὰ
203 1749 318 1787 γνώμην
328 1748 402 1782 αὐτῷ
413 1758 417 1763 ·
427 1749 482 1775 οἷον
497 1748 544 1784 τὴν
557 1748 596 1779 εἰς
607 1746 714 1775 τὸεῖναι
726 1749 843 1784 πάροδον

67 1794 195 1830 ἀνθρώπου
209 1794 310 1827 παντὸς
321 1794 459 1830 διατρανοῖ
473 1793 561 1828 λέγων
576 1795 590 1820 ὸ
612 1794 738 1828 Μελῳδός
749 1803 756 1810 ·
782 1804 792 1821 ι
812 1796 842 1822 Δί

67 1841 145 1875 χεῖρές
158 1849 203 1866 σου
217 1840 338 1867 ἔπλασαν
354 1849 406 1874 με,
429 1841 474 1867 καὶ
493 1840 623 1876 ἐποίησάν
641 1849 685 1875 με,
705 1841 746 1867 ὅτι
759 1841 841 1867 αὐτοῦ

67 1885 130 1911 ἐστιν
145 1886 160 1920 ἡ
177 1885 308 1917 θάλασσα,
322 1886 369 1911 καὶ
382 1885 463 1917 αὐτὸς
480 1885 608 1920 ἐποίησεν
619 1885 714 1921 αὐτὴν,
730 1886 775 1912 καὶ
793 1886 843 1921 τὴν

68 1929 142 1965 ξηρὰν
156 1931 184 1958 αἱ
196 1932 285 1967 χεῖρες
300 1930 381 1957 αὐτοῦ
395 1930 525 1957 ἔπλασαν.
551 1941 559 1956 ι
581 1931 636 1957 Καὶ
651 1931 740 1958 πάλιν⁴
759 1941 769 1957 ι
789 1931 844 1958 Καὶ

70 1976 96 2001 σὺ
108 1977 268 2012 κατ’ἀρχὰς,
285 1976 382 2012 Κύριε,
393 1976 442 2012 τὴν
453 1977 503 2011 γῆν
515 1976 707 2012 ἐθεμελίωσας,
720 1977 766 2003 καὶ
777 1977 844 2012 ἔργα

67 2021 114 2047 τῶν
125 2023 220 2058 χειρῶν
240 2022 287 2049 σού
303 2023 370 2048 είσιν
385 2022 409 2048 οἱ
426 2023 545 2057 οὐρανοί.
563 2032 572 2048 ι
602 2021 668 2049 Εἶτα
684 2023 742 2054 πῶς
755 2022 788 2049 ἄν
802 2032 844 2055 τις

69 2065 215 2103 ὑπονοήσειε
229 2069 290 2099 ταῖς
302 2067 475 2103 δραστηρίοις
487 2067 619 2103 δυνάμεσι
633 2068 680 2095 τοῦ
698 2068 777 2101 Θεοῦ,
795 2078 843 2096 κα-

69 2112 145 2148 εὰπερ
159 2115 186 2140 ἐν
197 2113 291 2140 πίνακι
302 2113 455 2149 γεγράφθαι
472 2113 505 2141 τὰ
518 2114 595 2149 τείχη
608 2114 677 2140 Σιὼν
690 2114 739 2149 τῆς
751 2113 844 2141 ἐνθάδε

70 2160 204 2196 νοουμένης
215 2168 222 2192 ;
238 2160 254 2196 ἦ
266 2161 312 2187 καὶ
323 2161 406 2186 ποίων
421 2160 487 2191 ὅλως
499 2160 708 2196 διαμνημονεύει
720 2161 817 2196 τειχῶν
831 2162 845 2187 6

69 2204 153 2240 λόγο;;
168 2206 199 2232 Τί
214 2204 261 2233 οὖν
272 2207 326 2241 ἄρα
344 2207 452 2241 φαμέν;
477 2204 643 2242 ’Ᾱπείρξειεν
655 2207 688 2233 ἂν
706 2208 791 2240 οὐδὲν,
807 2207 845 2239 ὥς

888 964 1065 991 obliviscetur
1081 963 1217 991 Christus.
1251 964 1344 999 Diligit
1372 972 1488 999 namque
1516 964 1678 996 Ecclesiam,

889 1017 969 1044 quam
993 1010 1050 1044 ipse
1076 1010 1127 1037 sibi
1148 1010 1363 1044 repraesentavit.
1381 1011 1499 1038 conditis
1511 1011 1616 1038 duobus
1633 1018 1678 1044 po-

891 1056 959 1090 pulis
988 1056 1015 1083 in
1041 1065 1123 1084 unum
1147 1056 1283 1085 hominem
1304 1064 1413 1089 novum,
1440 1062 1467 1084 et.
1500 1063 1615 1092 utroque
1639 1065 1681 1084 re-

890 1102 1036 1129 conciliato
1052 1103 1078 1129 in
1095 1110 1147 1129 uno
1166 1109 1290 1137 corpore,
1311 1101 1382 1135 apud
1406 1102 1526 1130 Patrem.
1557 1103 1607 1136 Qui
1632 1111 1682 1130 au~

889 1152 943 1175 tem
966 1148 1141 1177 obliviscatur
1156 1149 1255 1184 proprii
1272 1149 1413 1184 corporis?
1431 1149 1456 1176 id
1475 1154 1529 1182 est,
1542 1149 1681 1180 Ecclesiae.

891 1193 967 1227 cujus
984 1194 1041 1229 ipse
1056 1199 1096 1222 est
1122 1200 1211 1230 caput.

927 1284 1008 1312 \‘Ens.
1028 1285 1075 1318 16,
1102 1286 1146 1313 17.
1177 1285 1244 1313 Ecce
1268 1293 1346 1320 super
1359 1295 1452 1313 manus
1486 1294 1556 1313 mea;
1575 1287 1681 1320 depinIi

892 1339 980 1358 muros
993 1336 1062 1364 tuas,
1079 1336 1103 1358 et
1116 1340 1204 1359 coram
1220 1340 1258 1359 me
1271 1341 1298 1360 es
1311 1340 1420 1366 semper,
1440 1337 1463 1359 ει
1489 1333 1540 1359 cito
1562 1333 1681 1366 audi/ica-

892 1377 970 1408 beris,
985 1378 1105 1411 aquibus
1129 1378 1261 1405 destructa
1279 1386 1318 1411 ει,
1344 1383 1367 1405 et
1385 1378 1430 1412 qui
1448 1378 1619 1405 deuastarunt
1643 1383 1679 1411 lt‘,

891 1423 1059 1458 egrediantur
1072 1431 1104 1450 ea:
1120 1429 1154 1451 te.

927 1468 986 1496 Non
1005 1469 1082 1497 facile
1096 1470 1216 1504 profecto
1235 1470 1350 1498 inveniri
1365 1474 1451 1506 potest
1463 1471 1559 1498 horum
1582 1471 1682 1498 verbo.

894 1521 952 1541 rum
973 1515 1120 1542 sententia.
1138 1515 1237 1548 Quales
1251 1517 1324 1542 enim
1341 1523 1401 1542 esse
1413 1515 1462 1543 Dei
1483 1524 1579 1543 manus
1594 1517 1683 1551 Suspi-

894 1560 1002 1587 cabitur
1020 1562 1093 1595 quis,
1108 1568 1188 1594 super
1202 1562 1300 1595 quibus
1332 1562 1454 1594 depictos
1485 1570 1578 1590 muros
1605 1562 1681 1596 Sion,

895 1607 1066 1640 cogitandum
1082 1608 1147 1634 est?
1168 1607 1360 1642 Saepenumero
1374 1609 1445 1636 enim
1463 1617 1542 1636 sacra
1559 1608 1682 1644 Scriptu-

894 1660 922 1679 ra
946 1661 1042 1680 manus
1053 1653 1098 1681 Dei
1115 1655 1246 1687 nominat,
1271 1655 1331 1689 ejus
1359 1660 1498 1683 actuosam
1525 1657 1682 1691 potentiam,

894 1705 943 1733 per
953 1706 1035 1733 quam
1055 1699 1146 1726 omnia
1165 1699 1191 1726 in
1208 1699 1294 1728 lucem
1310 1700 1448 1735 produxit,
1463 1706 1490 1728 et
1507 1701 1616 1736 quando
1634 1702 1684 1730 ali-

893 1745 958 1779 quid
974 1752 1006 1771 οι(
1020 1745 1102 1772 animi
1118 1745 1159 1771 sui
1173 1746 1306 1772 sententia
1321 1745 1417 1773 eﬂlcit:
1446 1747 1676 1782 quemadmodum

894 1791 984 1818 omnis
994 1791 1110 1818 hominis
1135 1791 1285 1826 ingressum
1308 1793 1335 1819 in
1351 1793 1433 1820 vitam
1457 1793 1580 1821 declarat
1605 1794 1681 1822 Psal-

895 1842 934 1865 tes
948 1845 1008 1864 cum
1026 1838 1079 1864 ait:
1105 1846 1114 1863 ι
1134 1837 1229 1866 Manus
1242 1843 1294 1865 tua:
1312 1838 1464 1866 formarunt
1479 1847 1532 1873 me,
1557 1844 1585 1867 et
1610 1841 1684 1868 fece-

896 1888 958 1911 runt
977 1891 1021 1910 me
1045 1883 1077 1915 “,
1104 1884 1166 1919 quia
1192 1884 1276 1919 ipsius
1305 1890 1347 1912 est
1372 1893 1456 1918 mare,
1481 1889 1509 1913 et
1536 1886 1593 1921 ipse
1621 1887 1686 1914 fecit

895 1929 970 1962 illud,
993 1933 1021 1957 et
1043 1929 1146 1956 aridam
1162 1937 1261 1957 manus
1280 1929 1339 1963 ejus
1352 1930 1435 1966 675
1452 1930 1606 1958 formarunt
1622 1932 1654 1958 ι’.
1673 1942 1681 1957 ι

895 1975 928 2002 Ει
947 1983 1075 2002 rursum:
1097 1984 1108 2000 ι
1126 1975 1157 2002 Ει
1170 1980 1197 2002 ιιι
1208 1978 1240 2003 ab
1259 1975 1349 2008 initio,
1365 1976 1487 2008 Domine,
1504 1981 1605 2004 terram
1624 1977 1686 2004 fun—

895 2021 977 2054 dasti,
989 2027 1017 2049 et
1031 2029 1113 2056 opera
1129 2029 1258 2049 manuum
1276 2026 1382 2049 tuarum
1395 2027 1458 2049 sunt
1469 2023 1530 2050 eteli
1543 2023 1575 2051 ".
1594 2032 1603 2049 ι
1620 2023 1684 2050 Dein

896 2068 1030 2102 quomodo
1048 2068 1151 2103 putabit
1176 2068 1312 2103 quispiam
1348 2073 1459 2096 actuosa
1482 2069 1601 2103 potentia
1624 2069 1683 2101 Dei,

897 2115 967 2141 Velut
981 2115 1007 2141 in
1021 2114 1121 2146 tabula,
1148 2115 1235 2149 pictos
1261 2122 1322 2142 esse
1349 2122 1440 2142 muros
1457 2115 1522 2142 Sion
1553 2123 1614 2151 qua:
1640 2116 1685 2143 hic

897 2162 1053 2197 intelligitur
1065 2161 1078 2188 ἲ
1099 2161 1140 2189 vel
1155 2161 1304 2196 cujusmodi
1332 2163 1440 2189 tandem
1456 2170 1594 2189 murorum
1609 2170 1685 2190 men»

899 2208 998 2235 tionem
1027 2207 1091 2235 facit
1114 2207 1225 2235 oratio?
1253 2207 1322 2240 Quid
1345 2207 1427 2242 igitur
1450 2207 1589 2235 dicimus?
1612 2208 1685 2235 Nihil

71 2260 97 2284 γε
113 2250 195 2287 οἶμαι,
215 2252 261 2279 τὸν
278 2253 397 2288 Χριστοῦ
413 2253 547 2289 μαθητὴν,
575 2253 694 2280 τοιοῦτόν
715 2262 775 2280 τινα
788 2255 842 2286 τοῖς

927 2255 1062 2287 'ohihebit,
1078 2259 1109 2281 ut
1122 2254 1227 2288 Opinor,
1251 2253 1351 2281 Christi
1369 2253 1530 2288 discipulum
1554 2254 1597 2282 his
1615 2262 1677 2282 ver-

71 2299 248 2334 προκειμένοις
261 2299 417 2334 ἐφαρμόσαι
432 2299 507 2326 νοῦν.
523 2300 632 2336 ᾘτιᾶτο
646 2299 690 2326 τὸν
711 2299 811 2336 Κύριον
829 2301 843 2334 ἡ

70 2340 140 2372 Σιὼν,
156 2342 192 2373 ὡς
207 2342 400 2377 ἐπιλαθόμενον
421 2343 515 2378 αὐτῆς.
550 2343 618 2370 Ἀλλ’
640 2344 681 2370 ὅτι
707 2344 745 2380 μὴ
768 2344 846 2372 τοῦτό

70 2386 134 2414 ἐστιν
145 2387 240 2423 ἀληθὲς
257 2389 382 2425 πειρᾶται
397 2389 528 2417 δεικνύειν
543 2392 557 2417 ὁ
570 2391 671 2426 Κύριος
691 2392 768 2427 ἡμῶν
794 2393 846 2428 Ἰη-

71 2432 126 2464 σοῦς
140 2434 268 2470 Χριστὸς,
283 2434 320 2466 ὡς
333 2435 387 2461 ἀπό
401 2444 432 2470 γε
458 2435 512 2462 τῶν
524 2437 574 2472 τῆς
601 2437 844 2473 ὲνανθρωπήσεως,

71 2480 112 2506 καὶ
122 2477 157 2508 ὧν
168 2481 298 2516 ὑπέμεινε
308 2481 342 2508 δι’
353 2482 436 2517 ἡμᾶς,
449 2482 592 2518 γενόμενος
603 2483 663 2510 καθ’
678 2485 761 2519 ἡμᾶς.
778 2484 846 2511 Καί-

71 2533 106 2551 τοι
119 2526 169 2562 γὰρ
178 2526 235 2559 ἐξὸν
249 2527 277 2553 ἐν
296 2529 385 2563 μορφῇ
402 2528 448 2554 καὶ
460 2528 562 2562 ίσότητι
575 2528 622 2555 τοῦ
639 2529 745 2565 [ἰατρὸς
762 2530 846 2565 ὑπάρ-

72 2579 122 2605 χειν
137 2572 225 2604 αὑτὸν,
237 2573 284 2607 οὐχ
296 2573 442 2608 ἁρπαγμὸν
457 2574 603 2609 ἐποιήσατο
616 2574 704 2606 τοῦτο,
720 2574 847 2602 καθίκετο

72 2618 95 2644 (Ta
110 2619 204 2654 μᾶλλον
218 2621 257 2651 εἰς
273 2619 397 2647 κένωσιν.
415 2619 514 2647 Ἐλαὸε
532 2620 625 2647 δούλου
644 2621 750 2657 μορφὴν
763 2641 770 2654 ,
802 2621 849 2648 καὶ

73 2664 175 2699 γέγονεν
187 2667 305 2702 ὑπήκοος
321 2666 360 2702 τῷ
375 2667 464 2702 Harp}.
486 2667 566 2703 μέχρι
590 2667 717 2700 θανάτου,
733 2668 848 2695 θανάτου

72 2709 98 2737 δὲ
110 2711 233 2747 σταυροῦ.
252 2712 408 2748 Ἐκρεμάθη
425 2712 478 2748 γὰρ
495 2714 541 2739 ἐπὶ
557 2713 646 2747 ξύλον,
664 2713 849 2749 προσηλωθει-

74 2755 122 2783 σῶν
133 2757 212 2784 αὐτοῦ
230 2757 283 2785 τῶν
295 2758 404 2794 χειρῶν.
419 2758 492 2793 Πλὴν
506 2759 536 2785 τὸ
546 2761 679 2795 σωτήριον
690 2759 774 2791 πάθος
785 2759 850 2786 καθ-

73 2802 136 2828 εῖλεν
150 2803 246 2838 ἀρχὰς,
264 2803 465 2838 τεθριάμϐευκε
482 2805 708 2841 κοσμοκράτορας
725 2805 770 2831 τοῦ
786 2805 851 2831 αἰῶ-

75 2901 101 2925 ΙΙ,

167 2943 301 2974 Parnm.
330 2944 388 2974 (in.
414 2945 463 2975 LX
471 2946 508 2975 Χ.

899 2300 941 2327 bis
955 2299 1108 2334 hujusmodi
1122 2299 1282 2327 sententiam
1298 2299 1514 2327 accommodare.
1532 2300 1684 2327 Accusabat

899 2345 1042 2373 Dominum
1060 2346 1136 2379 Sion,
1160 2351 1189 2373 ut
1211 2345 1256 2380 qui
1275 2346 1316 2373 sui
1331 2345 1432 2372 oblitus
1448 2351 1530 2373 esset.
1543 2346 1619 2380 Quod
1637 2355 1686 2373 au-

899 2396 953 2418 tem
976 2392 1027 2418 hoc
1039 2399 1133 2418 verum
1158 2399 1210 2418 non
1240 2393 1285 2422 sit,
1325 2390 1455 2418 Dominus
1483 2396 1578 2419 noster
1608 2392 1688 2420 Jesus

890 2437 1026 2464 'Christus
1045 2437 1311 2464 conaturostendere
1341 2437 1374 2464 ab
1401 2437 1569 2465 humanitate
1594 2439 1686 2471 veluti,

899 2487 926 2509 et
938 2482 971 2509 ab
985 2482 1026 2509 his
1042 2489 1101 2516 quae
1117 2489 1213 2516 passus
1226 2486 1276 2514 est,
1293 2481 1380 2508 factus
1402 2488 1512 2516 propter
1534 2490 1582 2510 nos
1603 2485 1688 2512 nostri

900 2528 1006 2556 similis.
1019 2527 1126 2555 Etenim
1145 2536 1206 2555 cum
1221 2528 1340 2555 licuisset
1354 2529 1378 2555 ei
1394 2529 1421 2556 in
1441 2529 1527 2556 forma
1544 2535 1571 2557 et
1594 2539 1687 2566 mqua-

901 2575 976 2602 litate
998 2575 1046 2602 Dei
1064 2579 1091 2602 et.
1110 2574 1199 2602 Patris
1213 2583 1284 2607 esse,
1303 2583 1356 2602 non
1370 2575 1492 2610 rapinam
1516 2577 1581 2604 illud
1616 2579 1690 2606 arbi-

903 2625 988 2648 tratus
1001 2624 1054 2652 est,
1068 2620 1115 2647 sed
1152 2621 1294 2658 descendit
1311 2622 1344 2648 ad
1369 2622 1437 2649 hanc
1465 2623 1688 2656 exinanilionem,

903 2667 1060 2701 accepitque
1078 2665 1192 2693 formam
1224 2667 1303 2699 servi,
1337 2666 1422 2694 factus
1451 2669 1580 2696 obediens
1608 2679 1691 2704 usque

903 2714 935 2739 ad
951 2717 1075 2745 mortem,
1088 2716 1115 2739 et
1129 2712 1236 2746 quidem
1254 2717 1369 2740 mortem
1383 2715 1472 2743 crucis
1484 2715 1516 2743 “.
1537 2715 1691 2750 Suspensus

903 2760 974 2785 enim
998 2762 1039 2785 est
1066 2758 1092 2785 in
1114 2757 1197 2792 ligno,
1222 2756 1309 2785 aﬂixis
1332 2758 1408 2786 clavo
1437 2758 1570 2788 manibus.
1593 2761 1690 2788 Verum

905 2805 1030 2832 Salutaris
1047 2804 1137 2839 passio
1159 2804 1260 2839 dejccit
1279 2805 1455 2841 principatus,
1473 2810 1500 2834 et
1513 2808 1694 2841 triumphavit

105 2859 208 2901 "Hebr.
227 2869 275 2893 tut,
289 2861 333 2888 22.
374 2862 394 2877 '°
411 2861 497 2890 Galat.
517 2872 552 2895 l\‘,
569 2864 615 2890 26.
672 2863 691 2879 ”
712 2863 782 2892 Psal.
798 2870 842 2890 cm

927 2864 948 2890 ὅ.
1000 2864 1021 2879 ¹¹
1038 2862 1110 2890 Psa‘l.
1126 2870 1197 2897 χειν,
1218 2863 1245 2890 5.
1285 2863 1306 2879 ¹³
1322 2863 1394 2900 Psal.
1407 2873 1455 2897 ειν
1468 2863 1512 2891 26.
1555 2864 1577 2881 ’³
1593 2864 1694 2900 Philip-

1491 2947 1526 2978 34
