1883 3055
226 183 295 213 1061

721 177 752 206 8.
772 176 909 206 οιιιιιω
928 176 1162 208 ΑιΕιΑΝοιιιιιι
1180 179 1340 209 ARCHI‘EP.

1795 179 1859 207 ωσι

223 242 261 271 de
274 241 366 270 mundi
383 247 415 268 ac
425 239 515 267 saeculi
531 238 609 272 hujus
625 236 850 270 dominatoribus,
861 244 966 264 omnest

1119 239 1214 266 τούτου
1226 260 1233 272 ,
1258 238 1444 274 ἠλευθέρωσεν
1462 238 1585 269 ἅπαντας
1608 237 1659 273 τῆς
1672 237 1721 264 τοῦ
1736 237 1857 264 διαϐόλου

179 282 182 286 ⁴
224 286 356 314 diabolica
384 284 525 320 tyrannide
536 283 670 315 liberavit,
691 289 741 310 nos
755 283 810 310 Deo
828 283 949 310 adduxit.
966 282 1013 310 Vi-

224 333 285 360 bice
303 330 374 358 enim
392 330 475 365 ipsius
494 337 543 357 nos
564 329 652 356 sanati
672 335 775 361 sumus,
793 332 820 356 et
835 336 917 363 super
939 329 1013 364 ligno

224 379 251 404 in
277 383 390 411 corpore
404 383 453 403 suo
476 379 584 410 peccata
609 379 700 402 nostra
730 374 866 409 portavit:
897 378 925 402 et
956 375 1013 410 ipse

223 424 331 458 quidem
353 422 467 457 languit,
486 426 514 449 at
535 429 584 450 nos
601 421 700 449 servati
715 428 818 454 sumus,
838 424 866 448 et
880 420 949 448 facta
971 425 1013 449 est

223 470 308 505 ipsius
324 469 425 504 passio,
442 468 574 496 securitas
587 472 614 495 et
630 475 723 495 murus
745 467 843 494 nobis:
865 471 895 494 ut
907 467 1011 502 quinos

224 515 258 542 ab
274 514 460 542 exsecratione
475 512 542 547 legis
565 512 720 543 redemerit,
743 512 830 539 factus
856 520 905 548 pro
932 513 1012 540 nobis

223 560 385 592 exsecratio,
405 565 431 587 et
452 564 586 593 quatenus
601 558 658 592 ipse
676 565 771 593 passus
785 562 826 586 est
840 562 867 586 et
880 563 1009 592 tentatus,

224 608 334 635 lentatis
362 606 517 634 succurrit:
544 610 572 633 et
587 613 680 640 passus
693 610 735 633 est
763 610 839 633 extra
861 605 1009 639 civitatem,

223 656 252 680 ut
277 659 326 679 suo
337 651 469 687 sanguine
486 649 613 685 populum
638 649 829 677 sanctificaret.
846 649 948 684 itaque,
962 650 1010 678 ite-

222 705 281 726 rum
299 697 370 724 enim
394 697 493 729 dicam,
514 697 615 724 Christi
634 696 734 731 passio,
749 701 775 723 et
790 696 908 730 pretiosa
929 704 1008 729 crux,

220 749 247 772 et
273 751 399 771 manuum
418 743 502 778 ipsius
519 742 619 774 aliixio,
636 742 769 770 securitas
790 741 841 768 fuit
855 745 881 769 et
915 749 1009 769 murus

222 790 378 818 inaccessus
398 794 425 816 et
446 789 577 816 infractus
594 788 636 815 his
650 788 696 823 qui
711 787 737 814 in
763 787 852 823 ipsum
889 787 1009 815 credidec

222 841 293 863 runt.
312 836 406 863 Dicere
423 842 488 868 ergo
502 835 586 870 possit
598 834 657 868 jure
674 842 681 861 :
711 833 779 861 Ecce
793 833 919 862 manibus
942 835 1009 862 meis

219 882 331 917 depiuxi
345 889 437 908 muros
454 886 523 908 tuus.
554 880 689 914 lutelliges
710 887 759 915 per
779 880 924 908 fossionem
950 887 1009 908 ma-

1063 284 1229 319 τυραννίδος,
1245 284 1446 320 προσεκόμισεν
1457 283 1532 319 ἡμᾶς
1545 282 1584 318 τῷ
1595 283 1666 318 Θεῷ.
1681 283 1728 317 Τῷ
1741 283 1797 318 γὰρ
1811 284 1859 318 pd»

1063 328 1134 356 λωπι
1149 329 1230 355 αὐτοῦ
1247 330 1327 365 ἡμεῖς
1346 329 1470 364 ίάθημεν,
1486 329 1533 355 καὶ
1554 329 1605 360 τὰς
1622 328 1768 363 ἁμαρτίας
1784 329 1858 363 ἡμῖν

1062 375 1211 411 ἀνήνεγκεν
1225 375 1253 402 ὲν
1265 374 1303 410 τῷ
1315 374 1420 410 σώματι
1433 374 1515 401 αὑτοῦ
1530 375 1577 401 ἐπὶ
1589 374 1620 401 τδ
1627 374 1724 408 ξύλον,
1736 375 1788 400 καὶ
1797 375 1858 408 ἐμει-

1063 420 1177 457 λακίσθη
1196 421 1246 456 μὲν
1261 421 1352 454 αὐτὸς,
1366 421 1526 457 σεσώσμεθα
1538 421 1565 448 δὲ
1579 422 1670 456 ἡμείς,
1686 421 1735 448 καὶ
1748 420 1858 455 γέγονεν

1062 467 1128 502 ἡμῖν
1144 466 1174 493 τὸ
1186 465 1270 492 αὑτοῦ
1290 466 1374 498 πάθος
1393 466 1531 500 ἀσφάλειά
1553 475 1583 492 τε
1602 467 1650 493 καὶ
1666 467 1762 501 τεῖχος
1773 473 1780 480 ·
1794 466 1857 500 ἠτό-

1063 520 1129 548 ρασε
1146 511 1200 548 γὰρ
1218 512 1294 547 ἡμᾶς
1309 512 1341 538 ὲκ
1360 511 1410 546 τῆς
1429 511 1550 546 κατάρας
1566 510 1612 537 τοῦ
1624 511 1720 546 νόμου,
1740 510 1856 545 γενόμε-

1062 567 1105 590 νος
1115 558 1184 593 ὑπὲρ
1198 557 1275 593 ἡμῶν
1288 557 1407 593 κατάρα,
1420 558 1467 585 καὶ
1480 558 1510 584 ὲν
1523 553 1546 592 ᾧ
1556 556 1693 584 πέπονθεν
1702 556 1787 587 αὐτὸς
1800 564 1857 582 πει-

1062 603 1172 640 ρασθείς
1192 603 1342 639 βεϐοήθηκε
1359 604 1416 635 τοῖς
1439 602 1655 639 πειραζομένοις,
1674 601 1730 635 ἔξω
1754 610 1786 628 τε
1809 602 1856 636 τῆς

1061 649 1165 681 πόλεως
1178 642 1287 683 ἔπαθεν,
1308 650 1351 677 ἵνα
1367 651 1470 686 ἁγιάσῃ
1483 649 1522 686 τῷ
1539 650 1595 685 ίδίῳ
1609 650 1709 685 αἵματι
1719 648 1769 675 τὸν
1782 648 1854 676 λαόν.

1061 696 1174 729 Οὐκοῦν,
1195 697 1250 732 ἐρῶ
1266 696 1321 732 γὰρ
1337 697 1384 723 καὶ
1398 694 1475 728 αὖθις
1487 716 1495 728 ,
1509 696 1540 722 τὸ
1554 694 1674 731 Χριστοῦ
1692 694 1793 727 πάθος,
1811 696 1856 720 καὶ

1059 742 1074 768 ό
1085 742 1174 777 τίμιος
1193 742 1317 778 σταυρδς,
1334 742 1382 769 καὶ
1398 743 1415 778 ἡ
1436 742 1608 778 προσήλωσις
1621 742 1676 769 τῶν
1695 741 1781 769 αὑτοῦ
1798 749 1855 776 χει-

1061 788 1127 823 ρῶν,
1144 788 1279 823 ἀσφάλεια
1293 789 1400 823 γέγονε,
1418 788 1465 816 καὶ
1486 790 1575 824 τεῖχος
1590 787 1742 824 ἀπρόσιτον
1757 795 1788 813 τε
1810 787 1855 813 καὶ

1059 835 1180 870 άρραγὲς
1194 836 1251 866 τοῖς
1262 835 1302 866 είς
1316 835 1398 861 αὑτὸν
1414 834 1601 861 πιστεύσασιν.
1617 833 1726 861 Οὐκοῦν
1737 832 1807 868 φαίη
1823 832 1855 858 ἂν

1060 881 1182 913 εἰκότως,
1198 881 1238 914 τὸ,
1258 879 1322 907 Ἰδοὺ
1337 880 1383 907 ἐπὶ
1398 880 1453 906 τῶν
1468 879 1567 916 χειρῶν
1589 888 1640 916 μου
1663 878 1856 914 ἐζωγραφηαὰ

220 936 314 960 nuum,
332 928 389 955 sive
402 928 556 963 passionem
574 927 626 954 hoc
644 935 696 954 uno
712 927 870 962 significari.
883 925 963 962 Depin

1118 925 1153 951 τὰ
1166 925 1254 961 τείχη.
1267 925 1384 960 Νοήσεις
1394 925 1444 961 τὴν
1456 925 1598 961 διάτρησιν
1611 924 1667 951 τῶν
1678 923 1785 960 χειρῶν
1796 924 1851 958 ﬁte;

220 981 279 1009 pro,
295 973 446 1006 eﬂ‘ormavi,
467 973 543 1000 dicit.
561 973 593 1000 Et
606 980 696 1000 coram
711 980 753 1000 tne
768 980 798 1000 es
828 979 945 1006 semper.

1108 971 1191 1003 ιάθος,
1212 972 1249 1003 ὼς
1264 972 1297 998 δι’
1313 971 1372 1004 ἐνὸς
1385 971 1480 998 τούτου
1502 971 1753 1007 κατώηλοὺμενον.
1769 969 1806 996 Τὸ
1825 969 1851 995 δὲ

211 1022 290 1048 enim
307 1027 401 1055 passus
419 1024 461 1047 est
475 1027 523 1053 pro
540 1019 627 1053 nobis,
657 1019 793 1054 quomodo
811 1020 895 1046 nostri
909 1019 1006 1046 oblivi-

213 1065 361 1094 sceretur?
384 1065 425 1092 vel
436 1065 570 1099 quomodo
586 1072 639 1091 non
654 1068 744 1092 essent
766 1064 792 1091 in
821 1064 908 1092 oculis
935 1064 1004 1099 ejus,

218 1117 330 1147 propter
349 1118 417 1146 quos
431 1111 504 1146 ligno
539 1110 634 1138 alIixus
646 1110 707 1138 est?
734 1110 781 1137 Sin
805 1110 920 1137 voluerit
938 1111 1000 1145 quis

216 1157 299 1184 etiam
320 1156 373 1184 alio
389 1156 468 1183 modo
488 1156 583 1184 horum
605 1157 750 1182 verborum
769 1155 912 1183 sententia:
934 1156 1006 1183 aliud

218 1201 347 1236 adjicere,
362 1202 427 1229 nihil
444 1202 536 1229 absoni
554 1201 728 1236 fuerit,puto,
745 1202 797 1229 hoc
813 1207 892 1236 pacto
904 1203 1005 1230 iutelli«

220 1255 295 1283 gere,
311 1248 337 1275 in
348 1248 472 1275 manibus
482 1247 526 1274 Dei
538 1247 626 1274 Patris
638 1255 732 1275 omnes
744 1255 816 1278 esse.
828 1249 873 1282 qui
890 1249 916 1275 in
925 1248 1006 1276 Chri-

219 1298 290 1321 stum
304 1294 488 1321 crediderunt.
506 1292 561 1321 Hoc
578 1293 640 1321 licet
660 1294 779 1328 quidem,
794 1294 877 1330 676
896 1295 1003 1330 opinor,

219 1339 320 1372 dicere,
349 1345 399 1366 nec
422 1346 437 1366 a
466 1346 533 1366 vero
553 1339 696 1367 erraverit.
724 1339 827 1374 Quippe
856 1341 913 1375 ipse
937 1341 975 1368 ait
996 1350 1004 1369 :

220 1394 231 1411 ι
242 1385 312 1412 Oves
332 1392 398 1412 mea:
405 1391 500 1412 vocem
516 1391 603 1411 meam
616 1385 737 1418 audiunt,
751 1389 778 1412 et
787 1391 938 1420 sequuntur
952 1393 1004 1414 me.

221 1430 255 1458 Et
264 1439 313 1466 ego
322 1432 355 1458 do
365 1430 417 1458 illis
427 1431 508 1457 vitam
524 1435 662 1457 aeternam.
676 1440 684 1456 ι
697 1430 782 1458 Porro
790 1431 871 1458 etiam
883 1439 890 1458 :
902 1442 911 1458 ι
923 1431 1007 1459 Nemo

218 1475 304 1510 rapiet
321 1482 368 1503 eas
379 1476 411 1503 de
425 1482 503 1502 mauu
520 1474 610 1502 Patris
627 1475 679 1502 mei
698 1475 719 1492 "
732 1484 739 1502 :
755 1485 765 1502 ι
780 1481 870 1511 utpote
879 1484 938 1511 quae
953 1478 1007 1505 sint

218 1521 268 1548 sub
294 1520 452 1548 umbraculo
478 1528 604 1553 superno,
632 1525 659 1548 et
681 1528 801 1556 superno
827 1522 927 1550 auxilio
945 1528 1006 1550 tan-

218 1574 299 1600 quam
312 1565 378 1592 turri
400 1565 519 1592 munitae.
536 1565 648 1598 Quando
667 1566 748 1600 igitur
769 1565 840 1594 Deus
865 1571 893 1594 ct
926 1567 1006 1596 Pater

1056 1017 1266 1053 Ἑζωγρὰφησα,
1278 1018 1338 1044 ἀντὶ
1348 1018 1394 1044 τοῦ
1404 1018 1572 1051 ὲνετύπωσα,
1583 1017 1661 1053 φησί.
1670 1017 1728 1044 Καὶ
1736 1016 1852 1043 ἐνώπιὸν

1058 1071 1108 1097 μου
1126 1060 1152 1089 εἷ
1161 1062 1206 1091 διὰ
1221 1062 1331 1095 παντός.
1354 1063 1384 1089 Ei
1397 1062 1451 1098 γὰρ
1462 1062 1596 1090 πέπονθεν
1610 1062 1681 1098 ὑπὲρ
1691 1062 1785 1097 ἡμῶν,
1794 1060 1851 1092 ml;

1055 1106 1089 1133 ἂν
1102 1107 1181 1142 ἡμῶν
1194 1107 1363 1142 ὲπιλάθοιτο;
1379 1108 1395 1144 ἢ
1413 1108 1472 1140 πῶς
1484 1108 1534 1135 οὐκ
1549 1108 1583 1135 ἂν
1593 1106 1647 1135 εἷεν
1658 1110 1687 1136 ὲν
1700 1107 1851 1143 ὀφθαλμοῖς

1056 1152 1138 1179 αὑτοῦ
1155 1152 1189 1179 δι’
1202 1152 1248 1185 οὓς
1263 1153 1425 1189 προσηλὼοη
1437 1153 1476 1189 τῷ
1486 1153 1571 1189 ξύλῳς
1588 1154 1620 1180 El.
1631 1154 1660 1180 δὲ
1673 1154 1706 1189 δή
1726 1162 1770 1184 τις
1788 1152 1851 1187 pot}-

1056 1199 1128 1227 λοιτο
1147 1201 1194 1227 καὶ
1211 1200 1273 1227 καθ’
1291 1201 1383 1237 ἕτερον
1404 1201 1503 1237 τρόπον
1528 1203 1562 1238 τῇ
1585 1201 1640 1228 τῶν
1659 1201 1851 1238 προκειμένων

1056 1246 1146 1281 ἐννοίᾳ
1161 1246 1334 1280 προσϐαλεῖν,
1348 1247 1423 1274 οὐδὲν
1438 1246 1513 1282 οἶμαι
1528 1247 1558 1274 τὸ
1575 1248 1690 1280 ἀπεικὸς
1707 1247 1805 1282 νοῆσαί
1824 1255 1850 1273 τι

1057 1292 1195 1319 τοιοῦτον·
1221 1293 1250 1319 ἐν
1271 1294 1334 1324 ταῖς
1351 1293 1397 1319 τοῦ
1421 1293 1488 1320 Θεοῦ
1510 1293 1617 1329 Πατρὸς
1637 1294 1718 1330 χερσὶ
1743 1294 1850 1324 πάντας

1055 1335 1125 1364 εἶναι
1144 1337 1207 1369 τοὺς
1221 1338 1262 1369 είς
1278 1337 1396 1372 Χριστὸν
1414 1339 1624 1372 πιστεύσαντας,
1638 1340 1706 1374 φαίη
1722 1340 1758 1366 ἂν
1771 1337 1849 1374 οἷμαὶ

1055 1391 1107 1414 τις,
1125 1384 1173 1410 καὶ
1185 1383 1235 1410 οὐκ
1250 1383 1283 1410 ἃν
1298 1384 1418 1420 ἁμάρτοι
1430 1384 1574 1421 τάληθοῦς.
1594 1385 1667 1420 Ἔφη
1683 1386 1738 1422 γὰρ
1755 1386 1848 1416 αὐτός·

1059 1439 1068 1455 ι
1079 1429 1118 1456 Τὰ
1136 1430 1259 1465 πρόϐατα
1275 1430 1309 1457 τὰ
1320 1431 1375 1466 ἐμὰ
1383 1431 1432 1467 τῆς
1451 1432 1545 1467 φωνῆς
1569 1441 1621 1467 μου
1638 1432 1782 1464 ἀκούουσι,
1803 1432 1848 1459 καὶ

1055 1475 1231 1502 ἀκολουθοῦσι
1244 1485 1300 1511 μοι.
1314 1476 1399 1512 Κάγὼ
1409 1477 1505 1513 δίδωμι
1517 1478 1608 1510 αὐτοῖς
1619 1478 1691 1515 ζωὴν
1708 1479 1827 1506 αίὼνιον.
1837 1490 1847 1504 ι

1056 1522 1169 1558 Προσέτι
1182 1523 1228 1550 καὶ
1240 1523 1354 1555 τούτοις,
1368 1523 1406 1556 ὡς
1421 1533 1430 1550 ι
1441 1524 1534 1556 Οὐδεὶς
1545 1526 1662 1561 ἁρπάσει
1675 1526 1747 1553 αὐτὰ
1759 1527 1847 1561 uti;

1056 1567 1146 1602 χειρὸς
1157 1567 1204 1594 τοῦ
1213 1568 1319 1604 Πατρός
1335 1577 1397 1604 μου,
1410 1578 1419 1595 ι
1433 1569 1481 1596 ἅτε
1493 1569 1524 1605 δὴ
1540 1570 1587 1596 καὶ
1599 1570 1650 1596 ὑπὸ
1666 1571 1775 1606 σκέπην
1784 1571 1847 1598 avt:

218 1613 342 1640 tuentibus
359 1611 431 1639 velut
449 1619 497 1638 nos
512 1615 654 1644 sustentat,
669 1616 696 1639 et
717 1617 807 1640 servat
819 1613 888 1647 apud
907 1620 948 1646 se,

1117 1612 1183 1645 ἄνω,
1204 1614 1250 1640 καὶ
1265 1615 1326 1646 ταῖς
1344 1614 1446 1642 ἄνωθεν
1463 1616 1634 1651 ἐπικουρίαις
1654 1615 1684 1643 εὖ
1709 1617 1784 1653 μάλα
1798 1627 1845 1644 πε-

218 1665 272 1685 non
290 1657 422 1692 permittit
445 1657 478 1684 ad
497 1664 557 1692 quae
573 1657 613 1684 fas
631 1665 683 1684 non
704 1663 747 1685 est
759 1658 866 1692 abduci,
889 1666 939 1687 nec
963 1660 1004 1687 in-

218 1703 373 1731 sidiantium
391 1703 498 1730 malitia:
526 1703 634 1738 subjici,
654 1711 703 1731 nec
718 1703 858 1732 diabolica:
870 1705 1004 1733 violentiae

218 1750 335 1784 predum
346 1749 403 1776 fieri
415 1760 421 1776 :
432 1749 498 1776 nihil
508 1748 598 1776 obstat
612 1749 755 1784 quominus
773 1749 907 1786 intelligas
921 1751 1003 1779 etiam

219 1795 309 1822 Sionis
330 1802 420 1822 muros
435 1795 511 1830 quasi
529 1794 649 1829 depictos
666 1802 726 1822 esse
749 1796 872 1824 manibus
888 1797 954 1829 suis,
976 1796 1002 1824 id

216 1845 270 1872 est,
288 1841 451 1868 exercitatos
465 1840 498 1867 ad
525 1840 648 1867 decorem
679 1840 860 1875 spiritualem,
887 1845 914 1868 et
946 1842 1004 1876 pul-

215 1885 399 1913 chritudinem
429 1885 569 1919 habentes,
594 1892 627 1912 ex
664 1886 737 1913 omni
764 1893 863 1922 genere
893 1887 1003 1915 virtutis

215 1931 317 1965 optime
331 1931 463 1966 dignosci.
477 1930 568 1958 Muros
583 1936 672 1959 autem
702 1931 794 1960 Sionis
819 1933 870 1961 sub
901 1933 1002 1961 intelli-

216 1977 333 2011 gentiam
356 1976 478 2004 cadentis
521 1977 646 2010 dicimus,
676 1983 785 2006 sanctos
809 1979 947 2013 apostolos
975 1983 1003 2007 et

215 2022 406 2057 evangelistas,
425 2021 452 2049 in
471 2022 522 2050 hoc
535 2029 549 2049 a
568 2022 622 2050 Deo
640 2022 755 2057 positos,
771 2028 799 2051 et
814 2024 949 2051 sententia
961 2025 1003 2059 ip-

214 2067 274 2096 sius
285 2068 455 2103 approbatos,
476 2076 537 2103 quae
571 2075 707 2104 nunquam
731 2070 832 2097 desinit
859 2075 904 2098 aut
934 2071 1001 2099 defi-

216 2113 263 2140 cit.
287 2112 395 2148 Scripta
413 2117 475 2140 sunt
488 2112 561 2140 enim
587 2113 695 2140 nomina
728 2121 821 2141 eorum
864 2115 890 2142 in
913 2116 1000 2150 cmlis,

214 2162 242 2185 ct
263 2158 342 2192 positi
363 2163 426 2186 sunt
448 2158 474 2186 in
497 2157 567 2185 libro
581 2158 738 2186 viventium.
761 2159 854 2195 Neque
882 2162 1000 2196 mireris,

215 2203 239 2231 si
259 2204 329 2231 dicat
348 2208 456 2231 sanctos
473 2210 535 2231 esse
555 2204 753 2238 propugnacula
782 2211 809 2233 et
834 2214 924 2234 muros
949 2207 999 2235 Ec-

215 2249 312 2276 clesiae.
322 2248 370 2276 Est
382 2248 454 2275 enim
469 2248 526 2282 ipse
538 2256 647 2282 murus,
664 2254 692 2276 et
707 2247 914 2279 circummurale
926 2253 999 2280 velut

216 2294 423 2321 munimentum.
440 2292 671 2325 Quemadmodum
685 2300 774 2322 atttem
808 2296 864 2330 ipse
890 2303 931 2324 est
954 2297 999 2325 lux

216 2347 289 2369 vera.
305 2345 352 2366 eos
375 2343 464 2364 tamen
488 2337 574 2365 lucem
604 2339 695 2366 mundi
731 2339 813 2368 dicit:
843 2341 883 2368 sic
907 2350 1001 2370 murus

215 2393 275 2412 cum
293 2384 338 2417 sit,
353 2383 495 2418 onmisquc
523 2385 655 2412 securitas
677 2393 770 2412 eorum
788 2387 832 2422 qui
861 2387 887 2414 in
913 2388 1000 2423 ipsum

214 2429 397 2463 crediderunt,
410 2429 482 2457 dedit
503 2430 667 2465 mystagogis
685 2431 761 2465 quasi
775 2432 904 2460 illustrem
931 2434 1000 2461 hanc

214 2475 382 2509 dignitatem,
400 2481 428 2503 ut
442 2480 571 2503 vocentur
582 2477 653 2503 inuri
680 2484 736 2504 sua:
762 2477 899 2506 Etclcsite.
927 2479 998 2511 Cito,

215 2521 314 2554 inquit,
328 2521 507 2549 aedificaberis
526 2529 540 2548 a
564 2521 662 2556 quibus
683 2523 818 2550 destructa
832 2523 916 2552 fuisti.
930 2524 997 2551 Nam

213 2561 310 2599 Judaei,
335 2567 392 2594 sive
419 2565 573 2594 Judaeorum
602 2567 734 2603 magistri,
759 2572 894 2596 terrenam
920 2570 996 2604 Sion,

214 2611 254 2638 vel
271 2619 346 2638 suam
361 2617 476 2639 matrem
502 2612 624 2640 demoliti
642 2617 714 2646 sunt,
746 2614 808 2641 dum
823 2622 883 2642 eam
896 2623 911 2641 ο
922 2615 998 2642 Chri-

212 2661 255 2684 sto
269 2656 418 2691 auferrent,
433 2662 460 2684 et
475 2664 535 2684 eam
549 2657 627 2685 fidem
647 2665 701 2685 non
727 2665 787 2686 esse
813 2659 996 2693 accipiendam

212 2702 350 2730 docerent.
363 2702 430 2729 Nam
446 2703 574 2730 dixerunt
589 2712 596 2729 :
620 2710 629 2729 ι
645 2702 699 2731 Nos
713 2705 813 2732 scimus
832 2704 898 2733 Μοδί
923 2705 997 2733 loeu-

212 2751 266 2774 tum
287 2755 347 2776 esse
359 2749 456 2781 Deum,
472 2749 515 2776 hic
528 2754 618 2777 autem
633 2751 703 2777 unde
722 2750 758 2777 sit
773 2751 909 2778 nescimus
933 2752 965 2779 “.
983 2761 993 2778 ι

210 2793 243 2821 Et
265 2801 326 2821 cum
342 2793 516 2822 devenisseut
530 2795 555 2822 in
567 2801 666 2823 sortem
695 2796 816 2824 omnium
849 2797 993 2829 malorum.

246 2882 267 2897 "
279 2881 355 2909 .loau.
370 2889 396 2916 κ,
410 2882 454 2916 3⁸1,
473 2881 517 2910 28.
557 2884 577 2899 ιθ
590 2882 669 2911 Joan.
682 2891 723 2915 ix,
739 2883 782 2910 εει.

1015 2283 1037 2311 D

1055 1659 1233 1695 πυργωμένα.
1249 1659 1313 1687 Ὅτε
1323 1661 1426 1687 τοίνυν·
1437 1661 1561 1694 ἅπαντας
1590 1663 1640 1698 μὲν
1652 1664 1682 1690 ὲν
1703 1665 1786 1700 χερσὶ
1799 1665 1846 1691 τοῦ

1054 1704 1122 1732 Θεοῦ
1139 1706 1185 1732 καὶ
1198 1706 1315 1742 Πατρὸς,
1330 1704 1387 1734 οἷον
1402 1708 1544 1743 ἀνέχοντος
1569 1710 1654 1745 ἡμᾶς,
1670 1710 1807 1743 σώζοντός
1817 1721 1846 1738 τε

1054 1752 1101 1778 καὶ
1118 1752 1181 1788 παρ’
1200 1752 1298 1788 ἑαυτῷ,
1314 1753 1361 1780 καὶ
1375 1753 1425 1780 οὐκ
1438 1755 1559 1789 ἐφιέντος
1573 1756 1794 1792 ἀποκομίζεσθαι
1807 1768 1844 1794 πη

1054 1796 1122 1832 πρὸς
1138 1796 1156 1823 ἃ
1175 1796 1212 1832 μὴ
1222 1797 1311 1832 θέμις.
1329 1797 1391 1824 οὕτε
1406 1799 1459 1834 μὴν
1472 1801 1532 1832 ταῖς
1545 1800 1600 1826 τῶν
1614 1802 1845 1830 ἐπιϐουλευόντων

1054 1840 1238 1876 ὑποφέρεσθαι
1251 1841 1436 1879 δυστροπίαις,
1451 1843 1534 1879 ἤγουν
1548 1844 1705 1881 διαϐολικῆς
1716 1847 1845 1881 σκαιότη-

1052 1894 1097 1918 τος
1109 1886 1234 1920 γενέσθαι
1245 1888 1366 1924 θήραμα,
1374 1890 1404 1916 τὸ
1417 1890 1549 1926 ἀπεῖργον
1560 1892 1646 1924 οὐδὲν,
1658 1895 1739 1927 νοεῖν,
1753 1895 1801 1922 καὶ
1812 1898 1844 1922 τὰ

1052 1931 1101 1967 τῆς
1115 1931 1184 1958 Σιὼν
1198 1933 1286 1969 τείχη,
1301 1932 1356 1961 οἷον
1371 1934 1583 1972 ὲζωγραφῆσθαι
1592 1939 1653 1970 ταῖς
1665 1939 1764 1966 ἑαυτοῦ
1779 1950 1844 1976 χερ-

1053 1978 1097 2010 σὶ,
1120 1978 1191 2005 τοῦτ’
1212 1979 1304 2013 ἔστιν,
1324 1981 1499 2018 ἐξησκημένα
1522 1984 1591 2019 πρὸς
1615 1985 1780 2021 ἀστειότητα
1794 1989 1842 2022 τὴν

1053 2025 1241 2068 πνευματικὴν
1253 2045 1262 2058 ,
1285 2027 1333 2054 καὶ
1351 2027 1493 2064 ὡραῖσμδν
1518 2029 1613 2064 ἔχοντα
1627 2030 1657 2057 τὸ
1677 2031 1709 2065 ὲξ
1733 2032 1841 2068 ἁπάσης

1051 2069 1153 2104 ἀρετῆς
1166 2067 1196 2096 εὖ
1208 2071 1280 2105 μάλα
1290 2071 1527 2106 διαγινώσκεσθαι.
1537 2075 1620 2111 Τείχη
1631 2076 1660 2103 δέ
1671 2084 1703 2110 γε
1720 2078 1769 2113 τῆς
1783 2067 1842 2113 νοη-

1051 2114 1101 2150 τῆς
1127 2116 1196 2142 Σιὼν
1218 2117 1345 2151 γενέσθαι
1371 2120 1459 2155 φαμὲν
1482 2122 1545 2153 τοὺς
1561 2121 1656 2156 ἁγίους
1675 2123 1841 2155 ἀποστόλους

1052 2163 1098 2188 καὶ
1110 2162 1315 2197 εὐαγγελιστάς,
1331 2165 1503 2201 τεθειμένους
1517 2169 1557 2200 είς
1571 2167 1650 2195 τοῦτο
1671 2170 1747 2205 παρὰ
1762 2170 1840 2202 Θεοῦ,

1051 2207 1098 2234 καὶ
1112 2208 1275 2243 άδιάληπτον
1285 2209 1398 2245 ἔχοντας
1409 2213 1474 2247 παρ’
1486 2212 1560 2248 αὑτῷ
1571 2213 1621 2249 τὴν
1632 2214 1840 2251 γνώμην.Ἐγὲ-

1052 2261 1157 2288 γραπτο
1172 2254 1225 2289 γὰρ
1237 2255 1327 2288 αὐτοῖς
1342 2257 1370 2283 ὲν
1384 2258 1509 2293 οὐρανοῖς
1518 2259 1552 2286 τὰ
1567 2260 1698 2295 ὀνόματα,
1707 2262 1840 2290 τέθεινται

1051 2297 1079 2324 δὲ
1093 2298 1139 2324 καὶ
1156 2300 1185 2326 ὲν
1205 2299 1287 2336 βίϐλῳ
1302 2300 1421 2332 ζώντων.
1438 2304 1492 2330 Καὶ⁸
1507 2304 1543 2339 μή
1558 2311 1600 2330 τοι
1623 2305 1771 2342 θαυμάσῃς
1782 2326 1791 2340 ,
1816 2308 1838 2333 εί

1052 2344 1210 2379 περιϐόλους
1238 2346 1284 2373 καὶ
1302 2347 1379 2382 τείχη
1404 2348 1454 2383 τῆς
1477 2349 1640 2385 Ἐκκλησίας
1656 2351 1722 2383 τοὺς
1746 2352 1839 2386 ἁγίους

1052 2387 1122 2416 εἷναί
1139 2398 1231 2426 φησιν.
1252 2392 1330 2418 Ἔστι
1347 2393 1396 2428 μὲν
1409 2393 1464 2428 γὰρ
1479 2395 1560 2426 αὐτὸς
1574 2395 1604 2422 τὸ
1617 2397 1718 2432 τεῖχος,
1735 2398 1784 2424 καὶ
1798 2407 1839 2424 πε-

1050 2435 1187 2468 ρίτειχος.
1202 2436 1305 2473 Ὥσπερ
1319 2437 1382 2465 δὲ...
1400 2438 1542 2475 ὑπάρχων,
1555 2441 1602 2467 καὶ
1621 2442 1758 2477 ἀσφάλεια
1769 2444 1839 2470 πᾶσα

1050 2479 1104 2506 τῶν
1122 2482 1323 2509 πιστευσάντων
1340 2485 1379 2525 sic
1391 2485 1483 2519 αὑτὸν,
1500 2485 1599 2528 δέδωκε
1615 2489 1672 2520 τοῖς
1686 2489 1776 2523 ἁγίοις
1791 2499 1838 2525 μυ-

1051 2527 1202 2559 σταγωγοίς
1216 2526 1253 2558 ὡς
1274 2529 1302 2554 ὲν
1325 2529 1478 2564 ἀξιώματος
1500 2532 1576 2565 τάξει
1591 2526 1731 2569 λαμπροῦ,
1744 2535 1775 2562 τὺ
1790 2543 1837 2562 κα-

1050 2569 1154 2598 λεῖσθαι
1165 2572 1241 2608 τείχη
1254 2573 1303 2609 τῆς
1322 2574 1484 2610 Ἐκκλησίας
1499 2577 1591 2604 αὑτοῦ.
1605 2578 1681 2614 Ταχὺ
1694 2579 1734 2612 δὲ,
1746 2581 1835 2616 φησιν,

1049 2615 1251 2654 οἰκοδομηθήσῃ
1267 2618 1311 2653 ὑφ’
1330 2615 1367 2645 ὧν
1383 2620 1549 2656 καθῃρέθης.
1573 2622 1693 2650 Ἰουδαῖοι
1710 2625 1760 2660 μὲν
1775 2615 1834 2660 γὰρ,

1049 2661 1133 2696 ἦγουν
1147 2663 1200 2689 τῶν
1222 2663 1367 2697 Ἰουδαίων,
1381 2666 1546 2702 καθηγηταὶ,
1557 2668 1609 2703 τὴν
1621 2668 1746 2703 ἐπίγειον
1761 2670 1833 2700 Σιὼν.

1049 2708 1108 2742 ἤτοι
1120 2708 1169 2744 τὴν
1179 2709 1284 2736 ἑαυτῶν
1295 2712 1402 2746 μητέρα
1413 2711 1547 2745 καθεῖλον,
1557 2712 1744 2749 ἀποφέροντες
1757 2715 1833 2748 αὐτὴν

1047 2752 1095 2779 τοῦ
1114 2754 1244 2789 Χριστοῦ,
1260 2757 1307 2783 καὶ
1317 2757 1506 2792 άπαράδεκτσν
1527 2759 1665 2786 ποιεῖσθαι
1679 2760 1731 2796 τὴν
1749 2760 1832 2786 πίστίν

1047 2798 1228 2833 διδάσκοντες.
1255 2803 1394 2837 Ἔφασκον
1415 2804 1488 2839 γάρῖ
1517 2814 1527 2830 ι
1551 2804 1647 2841 Ἡμεῖς
1673 2807 1783 2841 οἴδαμεν
1795 2806 1830 2832 ἔτι
