1883 3055
63 189 132 218 Ιοῦθ

626 188 659 217 IN
679 189 795 217 ISAIAM
814 189 879 216 LIB.
899 187 943 218 IV.
962 188 1067 217 ORAT.
1087 188 1132 217 Π.

1624 188 1690 215 I070

60 249 156 275 Μωσεῑ
165 248 311 283 λελάληκεν
326 249 342 275 ὁ
355 245 433 280 Θεὸς,
442 248 537 276 τοῦτον
549 248 579 276 δέ
588 249 638 276 οὐκ
652 250 762 286 οἴδαμεν
771 250 851 276 πάθεν

955 250 1126 278 sustulissent
1144 249 1277 276 lttcrcdem
1298 259 1304 276 :
1325 249 1351 275 in
1368 256 1448 275 causa
1468 248 1573 274 filerunt
1599 253 1628 275 ut
1645 249 1689 275 Illa

61 293 130 321 ἐστί.
151 304 161 320 ι
183 294 400 327 Διελάσαντεςὸἐ
417 296 457 327 είς
472 294 547 330 λῆξιν
567 295 614 322 τοῦ
632 296 731 327 παντὸς
753 296 849 327 κακοῦ,

61 340 107 366 καὶ
124 339 266 371 ἀνελόντες
290 340 336 366 τὸν
361 339 526 376 κληρονόμον
539 359 546 372 ,
570 339 709 375 παραίτιοι
725 341 852 375 γεγόνασι

59 385 108 410 τοῦ
133 386 226 412 πεσεῖν
247 385 341 421 αὐτήν.
371 385 440 412 Ἀλλ’
453 385 546 422 ὥσπερ
572 386 693 412 Ἰουδαῖοι
717 387 850 418 καθεῖλον,

60 431 132 458 οὔτω
153 432 234 458 πάλιν
255 431 376 459 Ἰουδαῖοι
402 432 478 464 ἧντες
503 433 528 458 οἰ
543 432 680 459 θεσπέσιοι
712 433 851 468 μαθηταὶ,

60 479 177 513 ἠγειριν
196 478 279 512 αὐτὴν
300 478 503 514 μεταϐαλοῦσαν
525 478 655 514 δηλονότι,
676 478 706 504 οὐ
723 478 853 513 μείνασαν

59 521 182 558 δπερῆν,
191 523 263 549 τοῦτ’
272 523 355 554 ἐστιν,
370 523 482 558 ἀπειθῆ,
496 524 542 550 καὶ
555 523 745 557 Κυριοκτόνον,
758 522 814 549 ἀλλ’
824 523 853 548 ἐν

62 568 153 594 πίστει
164 569 378 605 διαπρέπουσαν,
390 568 553 604 δῆλονδὲὸτι
564 570 596 604 τῇ
609 570 637 596 ἐν
649 569 768 605 Χριστῷ.
781 569 812 594 Ol
825 569 853 595 δὲ

61 614 257 650 ἐρημώσαντες
270 615 355 650 αὐτὴν
370 614 482 650 ἐξῆλθον
491 615 538 641 ἀπ’
558 615 654 650 αὐτῆς.
674 615 853 649 Ἑκὸέῦληντο

61 661 116 696 γὰρ
134 661 159 687 al
187 661 291 695 πρῶτοι
317 661 482 696 καθηγηταί.
500 662 547 688 καὶ
559 661 727 696 ἀντέστησαν
742 661 852 695 ἕτεροι,

60 702 98 731 ὧν
115 707 164 732 καὶ¹
178 706 278 741 ἀρτίως
296 706 564 742 διεμνημονεύσαμεν
574 715 581 722 ·
594 707 625 733 οὐ
639 706 694 742 γὰρ
707 704 741 741 ἦν
753 707 854 742 ἑτέρως

63 752 228 786 μταὸαλεῖν
243 752 338 788 αὐτὴν,
354 753 402 779 καὶ
419 754 561 788 ἀγαπῆσαι
580 753 697 788 Χριστὸν
707 773 715 786 ,
731 753 778 780 καὶ
804 752 854 787 τῆς

59 797 109 824 τοῦ
122 797 207 833 νόμου
221 799 299 830 σκιᾶς
312 797 472 825 ἀνθελέσθαι
494 798 573 825 σκιὰν
585 818 592 830 ,
610 799 637 825 εἰ
655 798 692 834 μὴ
706 798 754 825 τοῦ
784 798 854 825 καθ-

30 843 190 879 κ-πγεϊσθαι
203 845 368 880 παρανόμως
380 845 464 880 αὐτῆς
482 845 638 881 ἐξώσθησαν
647 845 696 879 μὲν
708 845 732 871 οί
741 845 854 880 πρῶτοι,

61 890 262 925 ἐπεγήγερται
276 890 305 917 δὲ
319 891 373 917 τῶν
388 891 473 925 ἁγίων
488 891 675 927 μυσταγωγῶν
688 893 702 918 ὁ
711 892 802 927 χορὸς.
817 888 855 918 ὧν

61 936 140 963 καὶὸ
167 935 309 968 θεσπέσιος
335 937 416 963 Δαὸὶδ
449 937 563 973 ἀρίστην
588 939 705 964 ποιεῖται
731 926 853 973 μνήμην,
871 926 891 953 Β

61 980 174 1015 ψάλλων
186 989 248 1013 που,
266 981 312 1007 καὶ
326 980 414 1015 λέγων
439 981 506 1015 πρὸς
521 982 566 1008 τὸν
583 982 637 1008 τῶν
652 982 721 1008 ὅλων
741 982 855 1018 Σωτῆρα

61 1027 184 1062 Χριστόν
193 1034 200 1043 ·
219 1036 229 1053 ‹
248 1028 437 1062 Καταστήσεις
449 1028 548 1059 αὐτοὺς
557 1028 691 1064 ἄρχοντας
706 1028 752 1055 ἐπὶ
766 1030 855 1055 πᾶσαν

61 1071 112 1107 τὴν
125 1071 191 1107 γῆν,
203 1071 251 1099 καὶ
263 1071 463 1108 μνησθήσονται
477 1072 524 1099 τοῦ
533 1073 664 1108 ὀνόματός
678 1081 724 1100 σου
738 1074 767 1100 ἐν
781 1074 855 1109 πάσῃ

61 1119 148 1155 γενεᾷ
164 1119 211 1146 καὶ
228 1119 319 1154 γενεᾷ.
339 1127 348 1145 ι

99 1163 190 1199 Ἆρον
203 1166 304 1198 κύκλῳ
316 1165 387 1199 τοὺς
398 1166 571 1201 ὀφθαλμούς
585 1174 653 1198 σου,
666 1166 714 1193 καί
726 1165 771 1192 ἴδε
782 1165 856 1192 πάν-

62 1220 129 1245 τας.
156 1211 229 1239 Ἰδοὺ
241 1211 449 1245 συνήλθοσαν,
460 1212 509 1239 καὶ
518 1211 655 1246 ἤλθοσαν
667 1212 741 1246 πρὸς
750 1212 795 1239 σέ.
810 1211 856 1239 Ζῶ

62 1257 133 1292 ἐγὼ,
147 1258 227 1292 λέγει
239 1259 356 1292 Κύριος,
365 1258 408 1284 ὅτι
421 1258 537 1291 πάντας
547 1258 656 1290 αὐτοὺς
667 1258 794 1293 ἐνδύσῃ,
806 1258 855 1285 καὶ

63 1303 214 1338 περιθήσῃ
228 1304 339 1337 αὐτοὺς
350 1305 388 1337 ὡς
409 1305 524 1338 κόσμον
536 1305 665 1339 νύμφης.

101 1350 151 1377 Διὰ
167 1350 257 1386 πάσης
273 1350 353 1385 ἁγίας
369 1350 415 1377 καὶ
434 1349 612 1377 Θεοπνεύστον
638 1350 750 1386 Γραφῆς
765 1351 855 1386 διηγό-

66 1404 165 1431 ρευται
180 1397 290 1430 σαφῶς,
312 1397 354 1423 ὅτι
376 1396 454 1432 μερὶς
476 1396 523 1423 καὶ
539 1396 639 1431 κλῆρός
657 1397 715 1423 ἐστι
736 1396 854 1432 Χριστοῦ

64 1444 124 1474 τοῖς
138 1442 168 1475 ἐξ
184 1443 298 1478 αἵματος
318 1443 436 1479 Ἰσραὴλ,
450 1442 466 1478 ἢ
481 1444 537 1474 τοῖς
550 1442 656 1474 τέκνοις
670 1443 719 1478 τῆς
733 1443 854 1477 ἐπιγείου

65 1489 149 1523 Σιὼν,
167 1490 197 1516 ἐν
219 1490 342 1525 ἐσχάτοις
362 1489 409 1516 τοῦ
427 1489 523 1521 αἰῶνος
542 1491 655 1525 καιροῖς.
684 1499 694 1515 ι
713 1491 856 1526 Ἐπιστρὲ-

64 1536 149 1571 ψουσι
158 1536 223 1572 γὰρ,
235 1545 244 1561 ι
255 1536 331 1571 φησὶ,
349 1545 359 1561 ι
371 1536 439 1571 πρὸς
450 1536 551 1571 Κύριον
559 1536 604 1562 τὸν
614 1536 678 1563 Θεὸν
693 1536 792 1569 αὐτῶν,
808 1537 856 1564 καὶ

65 1582 152 1609 Δαόὶδ
162 1582 207 1608 τὸν
223 1581 334 1616 βασιλέα
349 1581 449 1608 αὐτῶν.
470 1591 479 1607 ι
492 1581 547 1608 Καὶ
558 1582 740 1616 ἐκστήσονται
755 1582 802 1609 ἐπὶ
817 1582 856 1617 τῷ

66 1629 164 1664 Κυρίῳ
183 1628 230 1654 καὶ
248 1628 294 1655 ἐπὶ
308 1629 365 1660 τοῖς
377 1627 488 1662 ἀγαθοῖς
507 1627 589 1654 αὑτοῦ
607 1628 651 1654 ἐπ’
666 1627 787 1662 ἐσχάτων
801 1628 855 1654 τῶν

66 1673 191 1709 ἡμερῶν.
207 1673 429 1709 Παρεισὸἐὸληκε
447 1673 496 1708 μὲν
508 1672 572 1708 γὰρ,
587 1672 792 1707 ἀπειθησόντων
807 1673 856 1699 αὺ-

66 1720 135 1752 τῶν,
146 1721 163 1755 ἡ
175 1719 205 1752 ἐξ
219 1719 305 1747 ἐθνῶν
323 1718 480 1753 Ἐκκλησία,
492 1718 525 1754 ἦν
538 1719 585 1745 καὶ
597 1717 694 1753 νοητὴν
706 1717 774 1744 Σιὼν
786 1714 856 1743 εἷναί

67 1775 172 1801 φαμεν.
186 1764 408 1801 Κεκλήσονταιδέ
423 1765 552 1797 κάκεῖνοι,
562 1764 668 1790 ἔσονται
681 1764 729 1800 μία
743 1764 855 1799 ποίμνη,

66 1808 109 1844 οἷς
123 1811 235 1846 ποιμὴν,
247 1810 317 1837 ὥστε.
330 1810 428 1846 μηκέτι
441 1809 487 1835 δύο
494 1808 563 1835 Σιὼν
573 1808 763 1844 ὀνομάζεσθαι,
774 1808 857 1844 ἄμφω

65 1857 97 1884 δέ
116 1857 157 1889 είς
173 1857 237 1891 μίαν
257 1856 422 1890 Ἐκκλησίαν
433 1855 530 1886 τελεῖν,
545 1855 604 1887 ἐνὸς
616 1854 663 1881 τοῦ
684 1855 792 1881 πάντων
806 1855 856 1890 ἀρ-

67 1903 228 1939 χιποίμενος
246 1902 298 1929 ὑπο
317 1903 396 1937 χεῖρα
418 1901 626 1936 γεγενημένους.
646 1901 707 1927 Ὅτι
726 1900 754 1927 δὲ
769 1900 856 1936 πάντη

66 1957 99 1977 τε
114 1950 163 1976 καὶ
181 1950 289 1980 πάντως
300 1948 375 1975 ἔσται
389 1947 485 1979 ταῦτα,
499 1947 552 1982 πλη
558 1948 668 1983 ροφορεῖ
680 1947 767 1981 λέγων
789 1947 856 1983 πρὸς

67 1995 119 2031 τὴν
131 1995 184 2022 τῶν
208 1995 341 2022 Ἰουδαίων
356 1995 475 2030 μητέρα·
487 1991 522 2020 Ἀ
528 2002 572 2029 ρον
585 1993 677 2028 κύκλῳ
687 1993 750 2025 τοὺς
758 1992 857 2028 ὀφθαλ-

69 2043 140 2078 μούς
157 2050 216 2074 σου,
236 2042 283 2068 καὶ
311 2041 347 2067 ῐδε
364 2041 477 2073 πάντας.
504 2040 569 2067 Ἰδοὺ
596 2039 787 2075 συνήχθησαν,
811 2039 858 2066 καὶ

68 2089 191 2125 ηλθοσαν
203 2088 271 2124 πρὸς
287 2087 327 2115 σέ.
346 2087 388 2114 Ζῶ
401 2087 467 2121 ἐγὼ,
478 2086 552 2121 λέγει
563 2085 679 2122 Κύριος,
696 2086 737 2112 ὅτι
753 2085 858 2118 πάντας

67 2135 171 2166 αὐτοὺς
188 2133 296 2169 ἐνδύσῃ,
324 2134 371 2160 καὶ
386 2132 523 2169 περιθήσῃ
546 2131 584 2163 ὡς
614 2132 715 2167 κόσμον
738 2131 856 2167 νύμφης.

67 2180 334 2216 Κατεσκεδάσθησαν
360 2180 408 2215 μὲν
422 2178 476 2214 γὰρ
491 2178 528 2211 ὡς
545 2178 636 2205 οὐκέτι
661 2178 788 2214 ποιμένος
805 2178 858 2212 ὐφ-

67 2227 217 2262 ιστηκότος
231 2227 332 2257 αὐτοῖς.
342 2225 453 2261 Εἴρηται
464 2224 518 2260 γάρ
531 2231 582 2250 που
592 2224 625 2251 δι’
636 2224 694 2255 ἐνὸς
707 2224 762 2250 τῶν
773 2224 858 2258 ἁγίων

902 297 1023 324 caderet.
1053 296 1105 323 Sed
1124 301 1152 323 ιιι
1174 294 1257 322 Judaei
1283 295 1402 322 demoliti
1430 299 1502 324 sunt.
1531 295 1569 322 sic
1596 303 1690 322 rursus

903 342 986 369 Judaai
1018 350 1116 377 genere
1154 341 1236 368 divini
1266 340 1389 376 discipuli
1425 349 1485 368 eum
1520 342 1688 372 excitarunt,

903 392 1033 416 mutatam
1063 388 1197 419 videlicet,
1216 395 1269 415 non
1297 392 1326 415 ut
1348 394 1406 414 erat
1427 394 1590 421 manentem,
1610 389 1634 415 id
1650 394 1691 416 est

904 434 1032 462 rebellem
1060 439 1088 461 et
1112 434 1316 466 dominicidatn,
1353 434 1400 461 scd
1434 434 1485 461 [ide
1514 435 1640 462 nimirum
1664 435 1688 462 in

904 479 1014 507 Christo
1032 480 1260 514 resplendentem.
1284 479 1315 506 lli
1331 485 1419 506 autem
1434 480 1480 514 qui
1513 480 1688 507 devastat-unt

904 533 975 557 eam,
993 525 1027 552 ab
1043 533 1073 552 ea
1087 526 1187 557 egressi
1202 531 1266 553 sunt
1282 536 1289 554 :
1306 527 1404 562 quippe
1423 526 1501 559 ejecti
1527 532 1589 553 sunt
1611 527 1689 561 primi

904 572 998 604 duces,
1013 577 1041 599 et
1065 572 1125 599 loco
1142 580 1235 600 eorum
1261 578 1438 600 surrexerunt
1464 573 1520 605 alii,
1543 581 1608 606 otios
1633 573 1689 606 jam

905 618 1186 646 commemoravimus.
1217 617 1275 646 Non
1307 619 1378 645 enim
1400 619 1478 645 aliter
1512 619 1589 646 licuit
1619 620 1690 645 illum

905 668 1021 695 mutare,
1036 668 1064 690 et
1078 664 1216 691 Christum
1235 663 1357 698 diligere,
1378 668 1405 690 et
1425 671 1474 697 pro
1488 664 1554 697 legis
1581 665 1691 694 umbra.

905 711 1047 738 veritatem
1061 709 1198 744 amplecti,
1211 709 1262 737 nisi
1276 710 1355 744 primi
1371 711 1474 744 depulsi
1492 710 1576 745 677
1589 715 1690 742 essent,

906 765 940 784 uc
957 757 1029 784 illam
1044 757 1136 792 inique
1148 757 1365 785 moderarentur.
1377 755 1518 783 Excitatus
1532 761 1574 783 est
1595 763 1690 784 contra

906 807 1062 830 sanctorum
1080 807 1299 838 mystagogorum
1317 802 1429 834 chorus,
1456 810 1571 838 quorum
1608 803 1690 829 David

906 849 951 876 ille
966 849 1073 876 divinus
1089 849 1300 884 pulcherrimam
1316 849 1381 877 facit
1409 850 1586 882 mentionem,
1616 849 1691 884 psal-

907 894 965 922 lens
980 899 1008 922 et
1023 895 1147 930 inquiens
1169 894 1203 922 ad
1224 895 1410 922 universorum
1425 894 1597 922 Servatoretn
1611 895 1692 922 Chri-

905 946 1000 970 stum:
1034 951 1044 968 ι
1070 941 1224 970 Constitues
1236 949 1283 969 eos
1304 942 1439 977 principes
1472 949 1554 976 super
1582 949 1690 969 omnem

906 991 1018 1020 terram,
1034 992 1062 1015 et
1079 987 1298 1016 recordabuntur
1325 988 1442 1016 nominis
1466 989 1504 1015 tui
1527 988 1553 1016 in
1583 995 1690 1016 omnem

904 1034 1082 1062 a‘tcrnitatem
1100 1034 1131 1061 ".
1149 1043 1158 1060 ι

942 1164 1023 1193 Vens.
1039 1165 1083 1192 18.
1098 1164 1192 1192 Attolle
1209 1165 1324 1200 undique
1335 1165 1425 1193 oculos
1442 1170 1510 1198 tuos,
1527 1170 1551 1192 et
1569 1166 1625 1192 vide
1636 1174 1692 1192 om-

905 1218 961 1237 nes.
987 1209 1055 1236 Ecce
1069 1210 1217 1245 congregati
1229 1215 1301 1243 sunt,
1319 1214 1343 1238 et
1358 1214 1481 1237 venerunt
1501 1211 1535 1237 ad
1558 1215 1592 1237 te.
1628 1210 1691 1238 Vivo

904 1264 960 1291 ego,
980 1257 1043 1283 dicit
1060 1256 1201 1289 Dominus,
1225 1257 1289 1292 quia
1306 1257 1426 1284 omnibus
1446 1258 1486 1284 his
1511 1258 1636 1290 vestieris,
1666 1263 1690 1284 et

904 1302 1107 1330 circumdaberis
1124 1303 1160 1329 eis
1177 1304 1253 1337 quasi
1265 1308 1417 1331 ornamenta
1435 1312 1546 1338 sponsa.

940 1347 968 1374 In
995 1351 1048 1374 tota
1068 1353 1162 1375 sancta
1185 1351 1212 1374 et
1234 1347 1362 1375 divinitus
1392 1348 1518 1383 inspirata
1538 1349 1689 1382 Scriptura,

904 1394 977 1422 clare
988 1393 1088 1421 dictum
1107 1398 1158 1427 est,
1177 1394 1326 1428 portionem
1345 1399 1371 1422 et
1388 1399 1488 1421 sortem
1510 1394 1611 1422 Christi
1631 1402 1691 1422 esse

905 1440 1037 1473 sanguine
1052 1439 1200 1467 lsraelitico
1213 1440 1352 1472 oriundos,
1369 1447 1415 1467 seu
1437 1445 1550 1468 terrena:
1570 1439 1635 1468 Sion
1657 1441 1690 1467 li-

905 1487 994 1519 beros,
1010 1486 1038 1513 in
1053 1485 1181 1513 extremis
1192 1486 1282 1513 saeculi
1307 1486 1484 1520 temporibus.
1508 1494 1518 1512 ι
1543 1485 1692 1513 Reverten-

906 1538 950 1560 tttr
963 1532 1046 1564 enim,
1059 1542 1069 1559 ι
1081 1532 1179 1567 inquit,
1191 1541 1201 1558 ι
1214 1532 1246 1558 ad
1259 1531 1399 1558 Dominum
1413 1532 1496 1559 Deum
1517 1539 1605 1566 suum,
1618 1537 1645 1559 et
1657 1533 1690 1559 ad

871 1596 890 1623 ο
908 1579 992 1606 David
1005 1585 1095 1614 regem
1108 1585 1187 1605 sumn
1202 1578 1234 1604 ".
1251 1587 1261 1604 ι
1282 1576 1314 1605 Et
1326 1578 1472 1612 stupebunt
1487 1579 1512 1606 in
1528 1578 1652 1610 Domino,
1665 1585 1692 1605 et

908 1625 935 1652 in
951 1625 1027 1652 bouis
1049 1625 1118 1659 ejus,
1142 1625 1286 1658 postremis
1312 1624 1416 1652 diebus.
1449 1624 1628 1659 Subingressa
1651 1629 1692 1652 est

905 1671 990 1703 enim,
1015 1671 1068 1697 illis
1090 1670 1281 1702 diﬂidentibus,
1307 1670 1426 1697 Ecclesia
1455 1671 1585 1705 gentium,
1611 1679 1691 1706 quam

906 1717 988 1744 etiam
1009 1716 1202 1751 iutelligibilem
1216 1716 1280 1743 Sion
1296 1723 1356 1743 esse
1370 1716 1495 1744 dicimus.
1518 1717 1693 1744 Vocabuntur

907 1769 996 1791 autem
1010 1768 1038 1791 et
1052 1764 1099 1796 illi,
1114 1764 1220 1798 eritque
1233 1771 1315 1790 unum
1337 1763 1420 1796 ovile,
1448 1772 1518 1791 unus
1541 1769 1643 1799 pastor,
1664 1770 1692 1791 ut

909 1818 960 1837 non
975 1810 1091 1845 amplius
1113 1810 1172 1837 duae
1192 1809 1256 1836 Sion
1275 1810 1458 1841 nominentur,
1481 1810 1528 1837 sed
1555 1811 1640 1838 amba
1666 1812 1691 1838 in

907 1860 990 1880 unam
1005 1859 1225 1880 consummentur
1245 1853 1406 1886 Ecclesium,
1426 1854 1504 1881 unius
1521 1855 1618 1882 summi
1646 1863 1694 1890 pa-

908 1899 990 1927 storis
1007 1899 1097 1926 manui
1115 1899 1260 1927 subditam.
1275 1899 1351 1933 Quod
1379 1905 1468 1928 autent
1500 1901 1557 1928 haec
1582 1910 1693 1936 prorsus

909 1944 1072 1979 penitusque
1098 1944 1187 1972 futura
1218 1945 1282 1977 sint,
1313 1945 1420 1981 probat,
1449 1954 1509 1974 cum
1539 1946 1691 1975 Judmorum

909 1995 1022 2018 matrem
1041 1991 1188 2025 alloquitur
1206 1991 1302 2019 :Tolle
1322 1993 1495 2028 undiquaque
1512 1994 1606 2021 OCulos
1622 1999 1691 2027 tuos,

909 2037 938 2064 et
952 2037 1013 2064 vide
1026 2044 1130 2064 omnes.
1147 2037 1216 2065 Ecce
1231 2039 1386 2073 congregati
1414 2043 1487 2072 sunt,
1511 2043 1539 2066 et
1563 2046 1694 2068 venerunt

909 2082 942 2109 ad
960 2087 996 2109 te.
1012 2082 1079 2109 Vivo
1099 2090 1160 2117 ego,
1177 2083 1242 2110 dicit
1265 2084 1404 2118 Dominus,
1424 2085 1485 2120 quia
1502 2085 1627 2113 omnibus
1654 2087 1693 2114 eis

909 2129 1045 2163 vestieris,
1067 2133 1094 2156 et
1112 2129 1323 2157 circumdaberis
1353 2131 1426 2158 velut
1448 2135 1544 2158 ornatu
1576 2139 1692 2167 sponsae.

910 2175 996 2203 Erant
1011 2175 1084 2202 enim
1101 2175 1217 2210 disjecti,
1243 2176 1355 2210 perinde
1375 2177 1449 2212 quasi
1484 2177 1570 2205 nullus
1601 2183 1694 2213 pastor

910 2221 962 2249 illis
977 2221 1138 2255 praefuisset.
1161 2221 1266 2248 Dictum
1283 2222 1354 2249 enim
1373 2228 1415 2250 est
1432 2230 1480 2258 per
1494 2231 1574 2251 unum
1591 2231 1606 2250 e
1630 2232 1694 2251 suu-

67 2270 231 2306 προφητῶν,
248 2269 284 2302 ὡς
300 2269 332 2296 ἐκ
349 2268 494 2305 προσώπου
506 2268 639 2304 Χριστοῦ’
655 2268 711 2295 Καὶ
727 2266 803 2300 εἶπα,
819 2268 855 2295 Οὐ

931 2269 961 2296 tis
976 2268 1124 2303 prophetis,
1151 2267 1223 2295 velut
1242 2268 1268 2295 in
1291 2276 1407 2303 persona
1425 2270 1526 2299 Christi
1546 2280 1552 2299 :
1569 2271 1602 2299 Et
1627 2272 1693 2303 dixi.

67 2316 199 2351 ποιμανῶ
212 2315 294 2351 ὖμάςο
306 2314 336 2341 τδ
348 2314 519 2349 ἀποθνῆσκον
531 2314 739 2350 ἀποθνησκέτω,
763 2314 810 2341 καὶ
827 2314 857 2341 τὸ

67 2361 198 2388 ἐκλεῖπον
226 2360 374 2388 ἐκλειπέτω
388 2381 395 2394 ,
422 2361 470 2387 καὶ
497 2360 531 2387 τὰ
549 2360 709 2387 κατάλοιπα.
729 2359 857 2387 Ἐσθιὲτω

67 2407 188 2438 ἕκαστος
198 2405 249 2442 τὴν
261 2406 352 2441 σάρκα
361 2404 408 2432 τοῦ
425 2404 539 2440 πλησίον
556 2405 649 2433 αὑτοῦ.
667 2405 705 2432 Τὸ
723 2405 777 2440 γὰρ
791 2405 859 2437 ὅλως

68 2453 250 2486 ἐκπεπτωκδς
272 2454 322 2488 τῆς
346 2452 421 2488 παρά
439 2452 506 2479 Θεοῦ
535 2453 642 2489 φειδοῦς
663 2453 709 2480 καὶ
731 2453 857 2489 ἀγάπης,

66 2501 164 2528 ὁποῖον
174 2500 208 2527 ἂν
226 2500 256 2526 οὐ
278 2499 358 2526 πάθοι
373 2499 404 2526 τὸ
431 2499 545 2535 βλάϐης
570 2500 781 2536 Προσκείσονται
803 2502 858 2537 γὰρ

68 2547 127 2577 τοῖς
143 2545 266 2572 ἐθέλουσι
284 2545 400 2580 διασπᾷν
410 2565 417 2576 ,
433 2544 480 2571 καὶ
497 2545 645 2580 ἀποφέρειν
665 2545 762 2576 αὐτοὺς
778 2541 858 2580 οἵπερ

69 2592 105 2619 ἂν
120 2591 230 2627 ἑκάστῳ
241 2590 295 2617 τῶν
316 2590 480 2618 ἀδικούντων
489 2591 573 2618 δοκεῖ.
594 2590 805 2626 ’Δποκομίζονσι
829 2590 858 2617 δέ

66 2638 151 2669 θεοῦ,
169 2638 216 2664 καὶ
233 2637 358 2673 πονηροὶ,
375 2637 422 2663 καὶ
434 2637 575 2672 ὰλητήριοι
599 2636 735 2672 δαίμονες.
753 2636 858 2671 Γέγρα-

70 2693 139 2711 πται
155 2683 223 2720 γὰρ,
240 2684 281 2710 ὅτι
297 2693 307 2710 ι
322 2683 438 2719 Μερίδες
452 2682 602 2710 ἀλωπέκων
618 2682 734 2710 ἔσονται.
748 2692 757 2708 ι
771 2682 860 2718 Δρῶσι

69 2730 100 2756 δὲ
124 2729 220 2762 τοῦτο,
242 2729 290 2756 καὶ
309 2729 344 2757 τὰ
360 2728 518 2764 πολύτροπά
534 2737 565 2755 τε
590 2728 638 2755 καὶ
662 2730 691 2755 ὲν
713 2729 780 2764 ἡμῖν
796 2728 860 2755 ὂντα

70 2775 157 2811 πάθη.
169 2775 363 2812 Δεδόσθαιγάρ
381 2775 486 2811 φησινό
505 2775 642 2810 πάνσοφος
660 2773 767 2806 nam;
785 2783 861 2806 τινας

70 2823 111 2854 εἰς
136 2822 211 2859 πάθη
237 2822 360 2857 ἀτιμίας,
376 2822 422 2849 καὶ
437 2822 476 2853 είς
490 2820 620 2855 ἀδόκιμον
636 2819 708 2848 νοῦν.
723 2821 755 2847 Τί
774 2818 819 2847 οὖν
833 2821 861 2846 ἐν

911 2314 969 2342 Non
984 2321 1092 2349 pascam
1108 2321 1157 2341 vos
1179 2323 1185 2341 :
1203 2314 1321 2342 moriens
1351 2316 1492 2349 moriatur,
1519 2322 1547 2344 et
1568 2317 1695 2345 deﬁciens

910 2360 1029 2393 deﬁciat,
1055 2365 1082 2388 et
1112 2361 1224 2395 reliqua.
1253 2361 1284 2388 Et
1313 2363 1436 2389 comedat
1462 2363 1576 2399 quisque
1600 2372 1697 2392 carnes

912 2406 1026 2440 proximi
1044 2406 1096 2434 sui.
1113 2406 1218 2433 Etenim
1229 2407 1301 2441 quod
1316 2407 1342 2434 in
1360 2411 1444 2434 tottun
1463 2416 1477 2435 a
1501 2409 1589 2436 divina
1614 2409 1695 2437 mise—

913 2452 1028 2479 ricordia
1048 2457 1076 2479 et
1092 2459 1183 2479 amore
1204 2453 1314 2485 excidit,
1338 2453 1436 2487 quibus
1459 2455 1565 2482 tandem
1594 2456 1695 2483 incom-

913 2499 999 2526 modis
1013 2499 1038 2526 id
1054 2507 1105 2526 non
1121 2503 1164 2527 est
1183 2499 1349 2527 obnoxium?
1373 2499 1493 2535 Expositi
1519 2502 1589 2529 enim
1616 2509 1695 2530 erttnt

913 2545 1086 2580 quibuslibet,
1101 2549 1129 2572 ut
1142 2545 1269 2580 diripiant
1282 2553 1328 2573 eos
1341 2551 1367 2573 et
1383 2546 1517 2580 auferant,
1534 2555 1694 2584 quocunque

912 2591 999 2619 visum
1010 2592 1045 2618 sit
1057 2592 1156 2626 cuique
1171 2599 1264 2621 eorum
1276 2593 1321 2626 qui
1337 2593 1462 2628 iujuriam
1480 2593 1568 2621 solent
1578 2593 1668 2623 facere
1687 2605 1693 2622 :

911 2643 938 2665 et
951 2638 1086 2665 abducunt
1109 2645 1124 2666 a
1143 2638 1200 2666 Deo
1226 2640 1290 2667 mali
1323 2647 1354 2668 ac
1379 2640 1522 2675 perniciosi
1548 2641 1693 2670 dzemonos.

912 2683 1049 2717 Scriptum
1064 2688 1105 2710 est
1119 2684 1192 2711 enim
1207 2693 1214 2712 :
1231 2693 1240 2710 ι
1258 2685 1350 2712 Partes
1372 2685 1490 2720 vulpium
1513 2689 1592 2713 erunt
1620 2686 1652 2713 ".
1684 2697 1692 2712 ο

912 2729 988 2762 Quod
1004 2729 1085 2757 etiam
1103 2729 1205 2757 faciunt
1231 2731 1392 2765 multiplices
1410 2733 1436 2759 in
1454 2732 1531 2760 nobis
1555 2733 1695 2767 perturba-

914 2776 1010 2803 tiones.
1027 2775 1093 2802 Nam
1112 2776 1179 2803 tradi
1196 2777 1324 2811 quosdam
1350 2778 1567 2813 sapientissimus
1595 2778 1696 2806 Paulus

913 2821 948 2848 ait
961 2822 984 2838 ¹⁰
1000 2821 1026 2849 in
1043 2822 1259 2856 perturbationes
1277 2823 1479 2858 ignominiosus,
1498 2825 1562 2852 etin
1578 2829 1695 2851 mentem

109 2912 132 2928 “
150 2911 223 2939 Psal.
241 2919 314 2945 ιιιν,
329 2911 370 2945 t7,
383 2912 426 2938 18.
467 2912 488 2927 ’⁸
501 2911 562 2938 οςιι.
581 2919 609 2939 ιιι
642 2911 667 2938 ει.
709 2913 728 2928 ¹⁹
745 2911 814 2939 hat.
839 2919 853 2937 L

932 2911 973 2938 ΙΙ.
1013 2911 1035 2927 ¹⁶
1051 2911 1128 2939 Rom.
1144 2920 1163 2945 ι,
1177 2911 1212 2938 τι
1231 2919 1306 2948 seqq.
