1883 3055
52 158 129 187 θ’)Τὸ

600 158 631 185 ΙΝ
654 157 770 186 ΙδᾹΙΑΜ
791 156 854 183 LIB.
877 156 919 183 ιν.
940 155 1046 183 ORAT.
1069 155 1112 183 IV.

1613 153 1682 182 1073

52 219 115 250 ινα,
136 217 182 245 τὸν
196 219 301 246 Ιαυτῶν
312 219 393 254 ἄρτον
408 219 508 246 laetam
518 215 741 252 ἐπαγγέλλονται,
754 216 800 244 καὶ
815 216 849 243 τὰ

953 220 1013 243 tunt
1031 225 1038 242 :
1054 216 1129 250 quasi
1148 215 1218 242 nulla
1234 224 1260 242 re
1274 215 1333 250 ejus
1357 223 1468 250 prorsus
1498 222 1564 249 opus
1593 218 1687 241 essent

53 263 163 290 ἑαυτῶν
182 264 278 300 ἱμάτια
298 264 517 300 περιϐάλλεσθαι,
535 265 573 296 ὡς
587 263 694 296 οὐδενὸς
706 263 773 295 ὅλως
787 262 850 298 δεη-

54 309 210 344 θησόμεναι
220 310 273 336 τῶν
291 312 356 345 παρ’
373 310 467 337 αὐτοῦ.
485 310 604 337 Δεδιέναι
620 310 675 345 γὰρ
699 309 779 345 μόνον
811 309 850 336 δι-

56 353 235 381 ιεεὸαιοῦντο
252 354 298 381 τὸν
319 355 368 390 τῆς
385 354 512 386 ἀπαιδίας
534 354 695 389 ὀνειδισμὸν,
720 353 758 386 ὡς
772 353 850 390 ἔφην.

60 400 108 431 Ὠς
121 398 169 426 οὖν
182 400 222 432 είς
236 400 353 436 ἐρημίαν
367 401 485 435 παντελῆ
507 401 682 436 καταστάσης
700 400 789 427 αὐτῶν
801 401 852 435 τῆς

56 445 163 480 χώρας,
177 446 254 473 λύσιν
266 447 437 482 ὑπισχνεῖται
455 447 502 473 τοῦ
520 446 737 482 συμϐεϐηκότος,
756 446 803 473 καὶ
817 446 852 472 τὰ

56 492 163 527 ἔρημα,
179 493 227 519 καὶ
255 493 290 519 τὰ
315 493 478 520 πεπτωκότα
504 493 753 528 στενοχωρήσεσθαί
769 501 853 528 φησιν

59 537 116 564 ἀπὸ
125 537 180 564 τῶν
193 538 402 565 κατοικούντων.
426 538 644 573 Μακρυνθέντων
661 537 782 572 δηλονότι
797 538 853 564 τῶν

62 583 253 610 καταπιόντων
269 584 364 620 αὐτὴν,
382 584 461 618 δῆλον
488 584 517 610 δὲ
540 584 582 611 ὅτι
606 583 661 610 τῶν
673 583 853 618 καθηγεῖσθαι

60 627 209 662 λαχόντων·
219 627 244 655 οἵ
256 629 395 664 μονονουχὶ
409 628 535 664 καθάπερ
545 628 616 659 τινὲς
626 628 708 664 θῆρες
719 628 855 663 ὠλόθρευ-

63 681 124 704 σαν,
154 673 202 700 καὶ
226 673 354 700 κατέπιον
373 674 470 708 αὐτήν.
488 673 657 700 Διαδείκνυσι
676 672 704 698 δὲ
726 666 776 706 τὴν
800 671 854 699 τῶν

62 719 277 754 κληθησομὲνων
293 719 407 755 πληθὺν,
424 719 462 751 ὡς
479 719 562 754 πολλή
582 727 611 745 τε
627 718 680 753 εἴη,
699 718 746 744 καὶ
760 718 855 753 ἀναρι-

63 764 178 799 ομητος.
195 764 228 791 οἱ
254 764 307 799 γὰρ
334 763 388 790 υἱοί
404 772 462 796 σου,
490 764 582 799 φησὶν,
607 762 653 794 οὓς
668 762 854 795 ἀπολώλεκας,

63 810 175 845 ἐροῦσιν
189 811 230 842 εις
243 809 277 837 τὰ
290 806 349 836 ὦτά
363 818 420 842 σου,
433 809 551 845 Ποίησόν
565 817 609 844 μοι
623 808 718 835 τόπον.
740 808 855 843 Εἴρηται

63 856 91 882 δέ
107 864 162 883 mo
178 857 226 883 καὶ
240 857 308 892 πρὸς
329 856 378 892 τὴν
398 855 496 891 νοητὴν
519 854 605 881 Σιών*
624 865 633 881 ‹
651 854 787 882 Πλάτυνον
808 854 855 880 τὸν

901 263 1050 300 habiturae.
1070 261 1162 289 Solum
1185 262 1256 289 enim
1283 261 1451 288 aﬁirmarnnt
1476 268 1505 288 se
1528 260 1632 292 timere,
1659 263 1688 286 ut

901 308 967 341 dixi,
980 308 1106 336 orbitatis
1119 308 1302 342 ignominiam.
1323 308 1415 342 Itaque
1438 307 1548 341 perinde
1561 306 1636 341 quasi
1661 305 1687 332 in

902 354 1073 382 solitudinem
1089 355 1199 382 omnino
1220 354 1325 381 redacta
1351 358 1422 381 esset
1449 360 1541 380 eorum
1556 353 1640 386 regio,
1655 351 1688 378 li-

902 399 1067 426 berationem
1086 399 1225 434 pollicetur
1242 400 1275 427 ab
1293 407 1325 426 eo
1341 399 1411 433 quod
1441 398 1552 432 contigit
1567 409 1572 425 ε
1587 403 1614 424 et
1639 397 1687 428 ait,

903 443 1008 471 deserta
1026 450 1053 471 et
1080 452 1139 479 qua:
1155 449 1325 475 corruerunt,
1343 443 1497 478 angustiora
1524 443 1580 469 fore
1607 448 1687 476 quam

903 496 932 516 ut
944 490 1054 524 capiant
1071 489 1362 524 habitatoreszprocul
1389 489 1493 516 abactis
1521 488 1623 514 scilicet
1654 487 1687 514 iis

903 535 947 569 qui
963 543 1023 562 eam
1038 535 1193 568 absorbent,
1210 535 1336 562 nimirum
1363 535 1410 568 qui
1436 533 1621 568 praelecturam
1641 533 1690 560 ob-

905 580 1024 608 tinebant
1044 581 1110 617 :qui
1127 586 1251 616 tanquam
1274 581 1338 609 fera:
1363 582 1482 616 qmedam
1507 585 1609 608 tantum
1637 587 1689 607 non

903 630 1044 654 vastarunt
1054 633 1113 654 eam
1131 632 1157 654 et
1175 627 1378 661 absorpserunt.
1394 627 1520 655 Ostendit
1540 631 1628 653 autem
1645 633 1691 652 ro-

905 671 1052 698 eandorum
1069 671 1278 706 multitudinem,
1295 677 1386 706 utpote
1405 681 1463 708 qua:
1485 673 1593 708 copiosa
1618 678 1692 700 esset.

905 717 993 744 futura
1002 721 1029 744 et
1045 717 1261 746 innumerabilis.
1284 718 1345 746 Filii
1363 718 1434 746 enim
1450 720 1500 751 tui,
1513 719 1609 753 inquit,
1624 725 1692 753 quos

907 765 1060 800 perdidisti,
1075 765 1102 792 in
1118 773 1211 792 aurem
1229 766 1276 793 tibi
1304 766 1393 794 dicent
1407 774 1414 793 :
1427 765 1480 793 Fac
1503 766 1567 792 mihi
1591 765 1690 793 locum.

908 811 954 838 Est
969 811 1050 838 etiam
1064 812 1166 839 dictum
1180 812 1214 839 ad
1233 811 1298 839 Sion
1319 812 1495 848 intelligentia
1511 815 1664 847 perceptam
1684 821 1690 838 :

909 867 918 882 ι
940 857 1023 884 Dilata
1038 857 1125 885 locum
1140 859 1304 886 tabernaculi
1319 858 1403 891 tui,et
1418 858 1500 894 pelles
1516 857 1692 885 tentoriorum

63 902 147 929 τύπον
158 902 209 937 τῆς
224 902 326 938 σκηνῆς
337 911 383 930 σου
402 902 449 928 καὶ
473 901 527 928 τῶν
549 900 667 928 αὐλαίων
691 909 738 927 σου
759 899 854 935 πῆξον.

949 908 1016 931 ιηηιι
1030 904 1091 938 ﬁge.
1110 904 1148 932 Ne
1161 912 1267 940 parcas,
1282 905 1370 932 adhuc
1387 905 1412 932 in
1425 905 1527 932 dextris
1538 909 1566 932 et
1576 904 1694 932 sinistris

63 948 111 984 Μὴ
126 949 220 985 φείση,
239 949 279 976 Et:
291 949 330 981 εἰς
344 949 380 975 τὰ
389 948 464 981 δεξιὰ
481 947 527 974 καὶ
541 947 574 973 τὰ
592 947 723 982 ἀριστερὰ
738 946 857 974 ἐκπέταο

65 1002 125 1021 σον.
148 1004 158 1021 ι
181 995 351 1030 Ἀνέγνωμεν
371 995 399 1022 δὲ
414 993 462 1021 καὶ
480 994 510 1020 ὲν
531 995 588 1025 τοῖς
603 993 726 1025 Μωσέως
745 992 857 1028 βίϐλοις,

62 1041 107 1068 ὅτι
125 1040 191 1077 περὶ
208 1041 257 1076 τὴν
270 1042 299 1067 ἐν
315 1042 348 1076 τῇ
365 1041 463 1077 ἐρήμῳ
475 1041 588 1077 σκηνὴν,
607 1041 651 1067 διά
663 1040 695 1074 γέ
716 1048 788 1075 φημι
803 1039 858 1066 τῶν

63 1085 189 1122 δέῤῥεων
213 1086 450 1118 ἀποτελεσθεῖσαν,
465 1087 571 1122 εὐρεῖαι
586 1087 634 1113 καὶ
647 1086 778 1121 εὐμήκεις
797 1085 860 1112 ἐτά-

63 1131 173 1166 χθησαν
187 1131 276 1163 αὐλαὶ,
291 1131 371 1158 τοῦτο
391 1131 439 1166 μὲν
454 1131 494 1163 εις
510 1131 550 1166 ὴῶ
565 1132 612 1158 καὶ
633 1131 730 1157 ἀκτῖνα
744 1129 858 1165 βλέπου-

66 1183 124 1206 σαι,
141 1175 222 1202 τοῦτο
237 1175 265 1202 δὲ
279 1176 326 1202 καὶ⁵
342 1176 382 1207 εις
397 1175 474 1202 δύσιν
485 1175 599 1202 κατόπιν
617 1174 666 1210 τῆς
686 1174 799 1209 σκηνῆς,
814 1173 859 1200 να)⁴

67 1222 123 1258 μὴν
141 1224 181 1254 εις
198 1223 298 1258 βορρᾶν
307 1223 354 1249 καὶ
372 1223 457 1256 νότον,
477 1223 693 1258 ὑπεμφαίνοντος
706 1221 754 1248 τοῦ
772 1222 859 1248 τύπου

65 1268 98 1295 τὸ
111 1268 241 1304 ἐσόμενον
256 1269 327 1296 κατὰ
343 1270 455 1305 καιροὺς
466 1269 520 1296 τῶν
535 1268 614 1305 ιερῶν
625 1268 724 1300 αὐλῶν,
734 1268 793 1304 ἦτοι
805 1268 860 1294 τῶν

65 1315 234 1350 ἐκκλησιῶν,
254 1316 355 1348 πλάτος
375 1324 405 1342 τε
423 1315 472 1342 καὶ
496 1316 591 1351 μῆκος.
614 1315 687 1351 Πλὴν
702 1315 750 1342 καὶ
772 1314 861 1347 οὕτως

66 1361 272 1396 πλεοναζούσης
300 1362 344 1388 ἀεὶ
367 1362 419 1397 τῆς
438 1362 549 1396 χάριτος
563 1361 613 1397 τῆς
627 1361 704 1397 παρὰ
722 1360 859 1397 Χριστοῦ,

68 1407 159 1434 στενοὶ
172 1409 229 1439 τοῖς
245 1407 422 1435 πιστεύσασιν
431 1409 456 1435 οἱ
468 1409 545 1435 τόποι
557 1407 706 1443 πανταχοῦ,
728 1407 800 1434 ὥστε
813 1407 862 1434 καὶ

68 1452 220 1488 χαίρουσαν
231 1453 280 1489 τὴν
306 1453 483 1488 Ἐκκλησίαν,
513 1455 573 1489 ἥτις
587 1454 645 1480 ἐστὶ
664 1453 746 1489 νοητὴ
772 1453 860 1485 Σιὼν,

67 1500 293 1534 ἁναλογίσαπθαι,
310 1501 357 1527 καὶ
379 1500 440 1526 καθ’
465 1501 565 1535 ἑαυτὴν
581 1500 655 1536 βοᾷν-
671 1500 718 1532 Τις
732 1500 862 1536 ἐγέννησε

68 1553 117 1580 μοι
128 1545 257 1577 τούτους;
282 1544 352 1580 Ἐγὼ
366 1545 393 1572 δὲ
403 1545 487 1581 φαίην
499 1545 542 1578 ἂν,
555 1545 596 1573 ὅτι
610 1545 702 1576 πίστις
718 1546 735 1580 ὴ
749 1546 778 1571 ὲν
792 1546 862 1580 X9:—

153 1592 192 1619 Δι’
211 1574 296 1627 ait-ri};
317 1574 376 1627 ,γὰρ
391 1574 502 1624 ἄτεκνος
527 1574 593 1619 οὖσα
613 1592 659 1618 καὶ
675 1574 757 1628 χῖίιρα,
775 1574 860 1626 πολλὴ
875 1574 895 1603 c

67 1638 186 1672 γέγονας
195 1638 223 1664 ἐν
234 1638 350 1670 τέκνοις⁴
360 1637 429 1672 αὕτη
439 1646 479 1664 σοι
490 1638 554 1670 τοὺς
562 1638 624 1669 σοὺς
633 1637 760 1673 ἐξέθρεψε
768 1637 859 1670 λαοὺς,

67 1685 117 1711 καὶ
128 1685 144 1720 ὴ
159 1684 243 1711 πάλαι
253 1684 457 1719 καταληφθεῖσα
470 1684 549 1720 μόνη,
565 1683 756 1720 πεπλούτηκας
764 1684 863 1718 ἀδοκή-

67 1738 134 1761 τως,
152 1730 200 1756 καὶ
211 1729 346 1761 πολύπαις
355 1729 463 1764 ὤφθης,
477 1730 494 1765 ἡ
516 1729 600 1756 πάλαι
618 1729 708 1765 γυμνὴ
725 1729 774 1756 καὶ
782 1729 860 1764 μόνη.

107 1776 191 1803 οὕτω
217 1774 300 1810 λέγει
324 1776 446 1810 Κύριοςυ
469 1775 542 1802 Ἰδοὺ
570 1775 643 1810 αἴρω
666 1776 710 1808 εὶς
731 1775 767 1802 τὰ
789 1775 862 1808 ἔθνη

68 1821 129 1855 τὴν
139 1820 223 1855 χεῖρὰ
236 1829 305 1855 μου.
321 1821 371 1847 καὶ
384 1822 428 1854 εις
439 1822 492 1854 τὰς
503 1822 620 1856 νήσους
629 1820 689 1856 ἀρῶ
700 1820 864 1855 σύσσημόν

65 1876 140 1902 μου,
151 1867 201 1894 καὶ
213 1867 322 1899 ἄξουσι
331 1867 401 1900 τοὺς
415 1868 500 1901 υἱούς
512 1875 570 1895 σου
583 1868 618 1894 ὲν
631 1868 743 1899 κόλπῳ,
761 1866 813 1900 τὰς
829 1866 864 1893 δὲ

68 1912 235 1948 θυγατέρας
247 1921 305 1940 σου
315 1913 360 1939 ἐπ’
377 1912 464 1947 ὤμων
474 1913 592 1947 ἀροῦσι.
609 1912 663 1939 Kal
674 1912 797 1939 ἔσονται
810 1912 866 1944 ,βα-

67 1959 171 1992 σιλεῖς
186 1959 300 1992 τιθηνοί
321 1967 389 1990 σου,
406 1959 435 1984 al
453 1958 488 1985 δὲ
506 1958 653 1993 ἄρχουσαι
677 1957 781 1992 τροφοί
805 1965 864 1985 σου

68 2005 121 2031 ἐπὶ
136 2006 298 2038 πρόσωπον
315 2003 370 2038 τῆς
384 2004 450 2039 τῆς.
464 2005 518 2031 Kal
532 2004 787 2039 προσκυνήσουσί
802 2011 862 2037 σοι,

69 2051 121 2078 καὶ
148 2051 203 2078 τὸν
229 2050 304 2086 χοῦν
329 2050 389 2077 τῶν
415 2050 516 2078 ποδῶν
543 2059 601 2078 σου
633 2050 781 2082 λείξουσι.
809 2051 863 2077 Kal

69 2097 177 2132 τνώσῃ
193 2097 237 2124 ὅτι
250 2096 308 2132 ἐγώ
322 2098 380 2132 ειμι
392 2097 509 2131 Κύριος,
529 2098 580 2124 καὶ
597 2097 652 2124 οὐκ
671 2097 865 2132 αἰσχυνθήσῃ

71 2144 145 2171 οὔτε
155 2143 220 2178 μὴν
231 2143 418 2178 ἐντραπήσῃ.

116 2190 366 2226 Ἐπαγγειλάμενος
378 2191 410 2226 τῇ
429 2189 498 2216 Σιὼν
514 2189 552 2222 ὡς
566 2189 702 2222 πολύπαις
723 2189 799 2216 ἔσται
818 2190 865 2217 καὶ

908 949 1063 977 extende“.
1081 959 1091 975 ›
1102 949 1227 985 Legimus
1242 950 1305 977 item
1315 950 1341 977 in
1355 950 1432 978 libris
1446 949 1589 985 .'iloysis,in
1606 949 1695 976 taber-

909 994 1006 1022 naculo
1021 1001 1053 1021 ex
1068 993 1180 1029 pellibus
1197 995 1224 1021 in
1244 994 1350 1022 deserto
1365 994 1498 1027 contecto,
1520 995 1638 1029 spatiosa
1668 997 1695 1020 et

909 1040 978 1068 bene
1001 1040 1078 1076 longa
1103 1041 1217 1068 tentoria
1240 1041 1324 1069 fuisse
1347 1042 1509 1073 constituta,
1540 1040 1638 1073 partim
1661 1039 1695 1066 ad

909 1086 1042 1114 orientem
1054 1092 1081 1114 et
1094 1087 1158 1114 solis
1176 1087 1280 1114 radiqu
1299 1088 1458 1122 spectantia,
1471 1087 1570 1126 partim
1594 1086 1627 1113 ad
1649 1093 1697 1113 oc-

909 1140 1002 1161 casum
1017 1138 1077 1168 post
1090 1133 1304 1167 tabernaculum,
1326 1139 1353 1161 et
1378 1140 1471 1161 versus
1488 1133 1640 1168 aquilonem
1669 1138 1696 1160 et

910 1185 1032 1207 austrum
1048 1189 1055 1208 :
1074 1180 1120 1215 qui
1138 1184 1215 1216 typus
1233 1180 1437 1216 amplitudinem
1456 1185 1483 1207 et
1502 1179 1695 1215 longitudinem

911 1232 1050 1252 sacrorum
1071 1226 1259 1258 tentoriorum,
1282 1233 1328 1253 seu
1351 1225 1537 1258 ecclesiarum,
1566 1233 1615 1253 suo
1630 1230 1698 1252 tom-

911 1281 976 1308 pore
991 1273 1108 1300 futuram
1131 1273 1295 1302 subintlieat.
1325 1273 1518 1302 Verumtamen
1542 1274 1582 1302 sic
1610 1275 1697 1309 gratia

910 1318 1011 1345 Christi
1027 1325 1132 1354 semper
1145 1318 1307 1352 abundante,
1326 1318 1431 1353 augusti
1445 1322 1526 1345 erunt
1541 1318 1592 1345 loci
1605 1318 1697 1352 utique

912 1364 1096 1396 credentibus.
1123 1364 1191 1392 adeo
1229 1368 1258 1391 ut
1280 1364 1350 1399 apud
1377 1371 1407 1392 se
1433 1368 1538 1398 reputet
1561 1362 1697 1394 Ecclesia.

911 1417 971 1444 quae
985 1414 1023 1437 est
1041 1409 1217 1444 intelligibilis
1229 1409 1307 1442 Sion,
1325 1415 1351 1437 et
1362 1409 1432 1444 apud
1446 1417 1475 1437 se
1495 1409 1595 1436 clamet
1609 1418 1616 1436 :
1631 1407 1697 1442 Quis

912 1457 1052 1490 generavit
1076 1455 1140 1483 mihi
1164 1455 1252 1483 istos?
1276 1455 1332 1490 Ego
1348 1463 1411 1483 vero
1426 1455 1556 1487 dicerem.
1573 1455 1652 1482 ﬁdem
1669 1454 1698 1482 in

911 1500 1021 1528 Christo
1040 1501 1176 1536 genuisse.
1194 1501 1315 1529 Peream
1333 1508 1449 1536 namque
1463 1502 1530 1529 orba
1554 1506 1582 1528 et
1605 1501 1696 1533 vidua.

913 1554 1057 1574 numerosa
1072 1547 1142 1574 facta
1157 1554 1187 1575 es
1200 1555 1232 1574 ac
1248 1547 1325 1582 plena
1341 1547 1433 1575 liberis
1453 1554 1461 1574 :
1489 1548 1547 1575 haec
1568 1547 1613 1574 tibi
1638 1552 1698 1575 tuos

913 1593 1042 1620 enutrivit
1061 1593 1183 1628 populos.
1199 1593 1232 1620 Et
1255 1600 1315 1628 qua:
1343 1593 1406 1621 olim
1436 1592 1548 1620 inventa
1574 1601 1604 1620 es
1630 1592 1698 1625 sola,

912 1644 1010 1676 praeter
1024 1639 1178 1672 opinionem
1192 1640 1275 1667 ditata
1292 1646 1332 1671 es,
1359 1643 1385 1666 et
1411 1639 1502 1666 liberis
1526 1638 1639 1666 fecunda
1652 1646 1700 1674 ap-

912 1687 1035 1720 paruisti,
1048 1693 1108 1721 quze
1121 1687 1256 1722 quondam
1276 1686 1347 1713 nuda
1364 1691 1426 1713 eras
1440 1690 1466 1713 et
1479 1684 1613 1713 solitaria.

948 1775 1028 1802 Vens.
1047 1775 1093 1808 22,
1110 1775 1155 1803 23.
1176 1775 1221 1803 Sic
1235 1775 1300 1802 dicit
1318 1774 1442 1802 Dominus
1458 1781 1468 1801 :
1486 1773 1560 1801 Tollo
1587 1772 1623 1800 ad
1640 1781 1702 1808 geu-

913 1826 951 1848 m
966 1829 1072 1848 manum
1086 1829 1180 1852 meum.
1192 1825 1216 1848 et
1227 1822 1262 1848 ad
1272 1820 1373 1848 insulas
1386 1820 1476 1847 tollam
1488 1817 1700 1856 signum’meum.

913 1871 937 1895 et
953 1868 1082 1894 adducent
1093 1867 1163 1900 ﬁlios
1173 1871 1230 1894 tuos
1247 1867 1274 1894 in
1291 1868 1361 1900 sinu,
1383 1867 1505 1901 ﬁliasque
1528 1872 1588 1893 tua:
1607 1867 1634 1893 in
1652 1867 1702 1892 Im-

913 1913 993 1940 meris
1003 1913 1154 1947 portabunt.
1179 1912 1214 1938 Et
1232 1917 1308 1939 erunt
1329 1919 1399 1947 reges
1415 1911 1520 1938 nutritii
1536 1911 1583 1942 lui,
1597 1916 1621 1938 et
1638 1910 1702 1945 regi-

914 1967 955 1986 κω
967 1960 1080 1986 nutrices
1096 1963 1148 1986 tua:
1159 1959 1243 1994 680
1253 1967 1330 1993 super
1342 1958 1436 1993 faciem
1453 1963 1539 1985 terrm.
1558 1956 1591 1984 Et
1605 1958 1702 1984 adora-

914 2005 977 2032 bunt
995 2010 1030 2037 te,
1045 2009 1071 2032 et
1087 2005 1216 2038 pulverem
1229 2005 1324 2039 pedum
1338 2009 1440 2032 tuorum
1463 2004 1572 2039 lingent.
1593 2001 1626 2029 Et
1639 2002 1702 2030 scies

914 2059 955 2078 me
974 2059 1029 2078 aue
1048 2051 1198 2084 Dominum,
1219 2055 1244 2078 et
1270 2059 1322 2078 non
1346 2050 1446 2086 pudore
1461 2049 1598 2085 afﬁcieris,
1621 2057 1703 2084 neque

915 2097 1096 2132 ronfunderis.

951 2187 1017 2215 Cum
1034 2186 1202 2222 promisisset
1219 2186 1284 2214 Sion
1303 2185 1456 2213 habituram
1480 2186 1564 2220 ipsam
1586 2189 1614 2213 et
1638 2183 1706 2212 mul-

73 2238 186 2269 εὔπαις,
202 2238 249 2264 καὶ
262 2238 302 2269 είς
317 2236 397 2264 τοῦτο
416 2236 534 2272 πληθύος
557 2237 652 2272 ἥξουσι
667 2237 702 2263 τὰ
718 2237 800 2264 τέκνα
818 2237 863 2264 αὑ-

949 2241 959 2261 s
972 2238 999 2261 et
1014 2234 1112 2268 probos
1129 2233 1238 2265 liberos,
1253 2232 1376 2267 ﬁliosque
1393 2239 1457 2259 suos
1472 2239 1505 2258 eo
1523 2231 1705 2259 multitudinis

71 2285 137 2320 τῆς,
155 2283 225 2310 ὥστε
247 2285 294 2310 καὶ
312 2283 467 2319 εὐρυτέρων
491 2282 507 2318 ἢ
534 2283 617 2310 πάλαι
639 2283 743 2310 δεῖσθαι
763 2283 864 2316 τόπων,

73 2331 124 2358 καὶ
150 2329 365 2357 δκπλατύνεσθαι
386 2329 555 2365 παρακαλεῖν
576 2329 625 2365 τὴν
650 2330 762 2366 σκηνὴν,
786 2338 867 2357 κατα-

74 2377 214 2404 δείκνυσιν
228 2374 308 2407 εὐθὺς
326 2376 366 2402 ὅτι
389 2375 426 2410 μὴ
448 2375 547 2410 μᾶλλον
569 2375 599 2407 ἐξ
618 2375 736 2410 Ἰσραὴλ,
753 2375 810 2402 ἀλλ’
835 2376 868 2401 ἐκ

74 2423 125 2458 τῆς
147 2422 202 2448 τῶν
227 2421 312 2448 ἐθνῶν
334 2421 464 2457 ἀγέληςὴ
486 2421 542 2448 τῶν
563 2421 775 2457 ἐπηγγελμένων
797 2422 866 2458 αὐτῇ

74 2469 182 2495 τέκνων
207 2467 384 2503 ἀναφαίνεται
405 2466 519 2501 πληθύς.
545 2467 655 2501 Ἀληθὲς
667 2467 695 2493 δὲ
716 2467 747 2494 τὸ
761 2467 866 2502 χρῆμα,

77 2515 126 2542 καὶ
139 2513 174 2540 δι’
189 2514 280 2540 αὐτῶν
294 2513 368 2540 ἔστιν
385 2512 449 2539 ἰδεῖν
461 2513 516 2539 τῶν
532 2512 714 2547 πραγμάτων.
728 2513 867 2539 Σέσωσται

80 2561 129 2596 μὲν
147 2559 203 2596 γὰρ
218 2559 249 2586 τὺ
270 2558 445 2593 κατάλειμμα
459 2558 512 2584 τῶν
537 2557 566 2590 ἐξ
594 2557 717 2594 Ἰσραήλ·
739 2556 825 2593 βραχὺ
839 2557 868 2584 δὲ

77 2606 166 2638 roo'zo.
181 2606 230 2632 καὶ
240 2605 433 2641 εὐαρίθμητον·
446 2604 643 2640 σεσαγήνευται
655 2603 683 2630 δὲ
697 2603 741 2630 διὰ
751 2603 870 2634 πίστεως

78 2653 130 2689 τῆς
144 2654 175 2679 ὲν
197 2652 309 2688 Χριστῷ
323 2652 341 2682 ἡ
352 2651 397 2677 ὑπ’
412 2650 538 2686 οὐρανὸν.
554 2650 601 2677 καὶ
613 2650 667 2676 τῶν
683 2648 870 2676 ἁποστολικῶν

79 2707 109 2725 τε
124 2699 174 2724 καὶ
196 2695 384 2730 εὐαγγελικῶν
403 2694 590 2730 κηρυγμάτων
614 2695 630 2730 ἠ
648 2693 762 2729 δύναμις
785 2701 869 2728 προσ-

80 2744 211 2779 εκόμισεν
222 2741 298 2776 αὐτῷ
310 2741 372 2772 τοὺς
389 2740 441 2767 ἀνὰ
453 2741 543 2766 πᾶσαν
555 2739 603 2774 τὴν
618 2739 679 2774 γῆν.
702 2739 764 2766 ὀτι
781 2738 871 2765 τοίνυν

80 2791 157 2818 Extat
169 2788 261 2821 τοῦτο,
277 2787 457 2814 διαδείκνυσιν
474 2785 558 2813 εἰπὼν
570 2794 576 2800 ⁸
596 2785 660 2813 Ἰδοὺ
680 2784 736 2820 ἐγὼ
750 2785 819 2820 αἴρω
833 2784 872 2816 εἰς

115 2878 137 2893 ’³
155 2877 218 2904 lsai.
231 2883 285 2907 LIV,
301 2874 319 2900 ε

917 2283 1058 2311 venturos,
1075 2282 1103 2304 ut
1120 2277 1250 2312 ampliore
1273 2277 1331 2303 loco
1357 2283 1436 2310 quam
1460 2275 1523 2302 olim
1544 2275 1703 2309 indigerent,

918 2331 945 2354 et
961 2325 1066 2352 dilatari
1085 2323 1289 2351 tabernaculum
1316 2325 1442 2357 rogarent
1457 2330 1465 2348 :
1480 2321 1571 2348 statim
1593 2321 1707 2348 demon-

919 2376 999 2404 strat,
1019 2378 1071 2397 non
1085 2377 1118 2397 ex
1132 2369 1214 2396 Israel
1233 2368 1331 2401 solum,
1351 2368 1398 2395 sed
1413 2374 1446 2394 ex
1467 2366 1584 2401 gentium
1611 2373 1707 2402 aggre-

920 2418 1027 2453 gatione
1042 2417 1112 2444 hanc
1133 2416 1325 2451 promissorum
1348 2413 1399 2449 ipsi
1417 2413 1532 2440 ﬁliorum
1557 2411 1707 2439 multitudi-

922 2470 983 2490 nem
1002 2463 1178 2489 exorituram.
1195 2459 1294 2487 Verum
1307 2459 1358 2486 hoc
1374 2459 1480 2494 quidem
1494 2463 1545 2490 est,
1558 2462 1585 2484 et
1599 2465 1631 2484 ex
1643 2457 1708 2492 ipsis

921 2509 1002 2535 rebus
1017 2507 1080 2534 licet
1105 2506 1267 2542 perspicere.
1294 2505 1440 2533 Residuum
1467 2503 1539 2530 enim
1570 2511 1602 2530 ex
1627 2502 1708 2530 Israel

921 2558 1058 2582 servatum
1076 2557 1137 2580 est:
1153 2552 1199 2580 sed
1215 2552 1342 2586 exiguum
1364 2550 1427 2578 illud
1450 2549 1557 2584 quidem
1584 2553 1611 2576 et
1631 2548 1711 2575 facile

923 2598 1088 2627 numerabile
1104 2607 1111 2625 :
1124 2598 1170 2626 sed
1185 2602 1212 2625 et
1223 2597 1344 2624 irretitus
1355 2604 1386 2624 ac
1401 2601 1495 2631 captus
1512 2599 1553 2623 est
1569 2602 1616 2630 per
1629 2595 1708 2621 ﬁdem

923 2646 949 2673 in
971 2645 1080 2672 Christo
1118 2643 1193 2671 orbis
1220 2648 1365 2675 terrarum,
1394 2648 1420 2670 et
1447 2641 1600 2676 apostolicae
1628 2645 1709 2674 atque

922 2690 1081 2726 evangelica:
1097 2689 1294 2725 praedicationis
1312 2688 1399 2716 virtus
1419 2688 1551 2714 universa:
1573 2691 1652 2713 terra:
1669 2685 1710 2712 iu-

923 2737 996 2765 colas
1010 2737 1034 2764 ei
1048 2735 1169 2763 adduxit.
1183 2734 1260 2768 Quod
1273 2734 1354 2769 igitur
1367 2734 1418 2761 hoe
1428 2733 1547 2760 futurum
1562 2733 1606 2766 sit,
1618 2735 1710 2759 osten-

924 2785 985 2811 dit:
1002 2783 1080 2815 Ecce,
1096 2782 1230 2817 inquiens,
1256 2788 1306 2814 ego
1331 2780 1394 2807 tollo
1422 2779 1454 2806 ad
1480 2783 1572 2814 gentes
1601 2783 1709 2804 manum
