1883 3055
56 170 128 200 ιοττ

625 167 659 195 ΙΝ
678 167 796 195 ISAIAM
816 165 880 193 ΗΒ.
902 165 946 193 ιγ.
967 164 1070 193 ΟΒᾹΤ.
1093 164 1132 192 lV'.

1622 159 1689 188 {073

97 227 249 265 Ἑρώτησιν
262 228 311 264 μὲν
322 227 524 254 ὑποπλάττεται
543 226 573 253 τὸ
588 225 682 262 σχῆμα
699 224 744 253 τοῦ
755 225 835 260 λόγου

945 222 1152 258 luterrogatione
1169 220 1332 249 informatur
1346 218 1478 246 orationis
1493 218 1603 246 habitus
1619 226 1627 245 :
1642 224 1688 245 ve-

53 274 127 309 πλὴν
139 275 251 301 ἀπαιτεῖ
262 274 311 309 τὴν
325 273 440 301 σύνεσιν.
458 272 488 300 ’0
499 273 528 299 δέ
541 281 574 307 γε
588 273 642 299 τῶν
658 271 848 308 προκειμένων

52 320 118 352 νοῦς
135 319 256 352 τοιοῦτός
278 320 335 347 ἐστί
350 329 403 352 τις·
429 319 602 355 Κατείληπτο
630 319 678 355 μὲν
701 319 756 353 γὰρ
770 319 787 353 ἡ
802 317 847 344 ὑπ’

53 367 172 403 οὐρανὸν
186 367 240 393 ὑπό
257 375 287 393 τε
305 366 352 393 τοῦ
371 366 495 393 διαϐόλου
512 366 559 393 καὶ
573 366 623 401 τῆς
636 365 691 392 τῶν
703 364 848 400 δαιμονίων

54 412 174 447 ἀγέλης·
193 413 243 439 οὐκ
257 411 290 448 ἦν
305 413 350 440 ἐπὶ
364 413 414 447 τῆς
426 412 480 446 γῆς
494 413 508 439 ὁ
521 412 570 447 τῆς
588 411 702 438 ἐκείνων
721 410 848 445 σκαιότη-

54 467 104 491 τος
122 459 173 494 τὴν
191 458 335 494 τυραννίδα
362 457 511 493 διαφυγών.
540 458 577 484 Οὐ
601 457 654 493 γὰρ
678 454 712 492 ἧν
734 458 748 484 ό
765 455 849 484 ποιῶν

55 504 242 541 χρηστότητα,
265 505 313 531 οὐκ
327 502 360 540 ἦν
377 504 429 536 ἕως
446 503 514 537 ἐνὸς,
528 503 585 530 ἀλλ’
605 503 634 529 ἓν
650 502 721 529 κατὰ
741 502 848 529 πάντων

55 550 88 577 es
97 551 149 586 τῆς
164 550 300 586 ἁμαρτίας
315 550 460 577 τετάνυστο
470 549 550 581 λίνον,
565 548 658 579 σκότος
669 548 697 575 δὲ
709 548 756 575 καὶ
765 548 848 582 ἀχλὺς

55 597 118 628 ταῖς
133 596 260 623 ἁπάντων
274 596 396 632 καρδίαις
409 595 577 631 ὲνσκήψασα,
593 594 746 629 ἀπεκόμισε
758 602 787 620 τε
802 592 848 620 τοῦ

56 642 159 669 (eam
172 643 217 669 τὸν
233 642 366 677 φύσεικαὶ
375 641 483 677 ἀληθῶς
497 641 561 668 ὄντα
575 640 652 673 Θεὺν,
667 639 850 675 προσνενέμη-

57 696 89 714 κε
101 687 131 714 δὲ
144 689 200 720 τοῖς
211 688 405 723 κεκρατηκόσι.
420 687 605 723 Προσεκύνουν
622 686 696 721 γοῦν,
712 686 736 712 οἰ
752 685 800 721 μὲν
814 686 847 721 τῇ

58 734 148 761 κτίσει
169 733 244 769 παρὰ
261 734 307 760 τὸν
320 734 461 765 κτίσαντα,
475 733 520 759 καὶ
534 734 589 764 τοῖς
600 732 647 759 τοῦ
659 732 761 767 κόσμου
778 740 849 758 στοι-

58 779 155 814 χείοις,
174 780 198 806 oi
213 779 242 806 δὲ
259 778 307 806 καὶ
320 780 412 811 αὑτοίς
428 778 625 814 λελατρεύκασι
647 778 704 809 τοῖς
713 777 763 813 τὴν
780 777 849 811 ἀφό-

60 833 143 860 ρητον
159 826 304 851 ὲπιτιϐεῖσι
320 823 485 856 πλεονεξίαν.
498 824 628 858 Γεγόνασι
645 823 735 849 τοίνυν
748 822 786 854 ὡς
797 821 850 849 ὑπὸ

57 870 186 905 τυράννῳ
211 870 321 906 σκληρῷ
338 870 509 906 δορύληπτοι,
533 870 581 896 καὶ
608 868 785 904 αἰχμάλωτοι,
804 868 850 894 καὶ

902 278 961 298 rum
984 269 1098 304 requirit.
1120 266 1337 303 intelligentiam.
1357 265 1459 293 Horum
1482 269 1571 292 autem
1591 265 1690 291 verbo-

901 324 961 344 rum
983 323 1060 343 meus
1082 316 1139 343 haec
1163 319 1225 342 est:
1246 313 1346 348 Captus
1365 316 1408 340 est
1425 311 1498 340 orbis
1520 316 1652 339 terrarum
1673 317 1690 337 a

901 361 1009 390 diabolo
1021 365 1050 389 et
1065 368 1080 387 a
1095 368 1177 396 grege
1190 358 1382 386 daemoniorum
1400 366 1407 384 :
1425 364 1473 384 nec
1488 360 1547 384 erat
1562 355 1689 390 cuiquam

902 408 929 435 in
949 412 1021 435 terra
1041 407 1175 442 integrum
1196 413 1287 433 eorum
1310 403 1495 439 perversitatis
1516 401 1689 438 tyrannidem

901 453 1031 488 effugere.
1044 452 1100 481 Nec
1111 452 1182 480 enim
1195 455 1254 480 erat
1265 451 1310 486 qui
1324 450 1427 478 laceret
1439 449 1550 481 bonum,
1563 456 1616 475 non
1630 451 1688 474 erat

902 507 986 534 usque
998 499 1032 527 ad
1045 506 1127 526 unum
1141 506 1148 525 :
1161 498 1208 525 sed
1220 503 1302 525 unum
1316 502 1364 531 per
1374 502 1470 523 omnes
1483 493 1589 529 peccati
1603 493 1687 520 linum

902 551 1042 574 extensum
1055 550 1124 577 erat,
1135 548 1162 572 et
1175 543 1292 571 tenebrae
1304 547 1333 571 et
1346 542 1435 576 caligo
1448 540 1568 568 omnium
1583 540 1684 566 incum-

902 594 1001 620 bebant
1013 592 1141 620 cordibus
1154 600 1162 618 :
1178 591 1215 617 ita
1230 594 1260 617 ut
1274 597 1291 621 a_
1304 593 1400 616 natura
1417 591 1445 615 et
1458 594 1521 615 vere
1535 586 1590 613 Deo
1605 585 1686 611 abdu-

902 644 1038 670 cerentur,
1064 642 1091 665 et
1117 637 1159 664 his
1187 637 1231 671 qui
1261 635 1390 663 dominati
1417 637 1480 662 sunt
1506 632 1687 660 traderentur.

902 684 1058 712 Adorabant
1073 683 1144 710 enim
1159 681 1203 709 alii
1217 685 1370 708 creaturam
1385 685 1466 713 supra
1480 677 1648 707 Creatorem,
1662 678 1690 702 et

903 731 995 759 mmrdi
1013 730 1147 757 elementa
1166 738 1172 756 ε
1191 726 1236 754 alii
1256 733 1303 754 eos
1336 724 1380 760 qui
1401 722 1563 751 intolerabili
1587 720 1688 749 saevitia

902 781 1103 814 oppresserant,
1114 774 1198 811 682
1210 773 1361 802 coluerunt.
1374 770 1466 805 Itaque
1477 768 1539 795 facti
1550 772 1612 794 sunt
1622 766 1690 793 duro

904 812 1018 859 tvranno
1032 821 1133 850 subditi
1148 824 1176 848 et
1190 818 1300 855 captivi,
1315 817 1359 851 qui
1374 816 1456 843 etiam
1474 819 1590 841 tuentem
1606 812 1690 839 inter-

903 857 966 897 nam
994 868 1021 896 in
1049 867 1205 896 servitutem
1231 870 1260 893 et
1286 862 1470 898 captivitatem
1497 859 1611 894 redegit.
1636 857 1689 885 Sed

58 916 90 941 τό
109 924 141 949 γε
160 914 229 951 ἧκον
246 916 286 947 εἰς
300 915 346 942 τὸν
370 915 464 942 ἐνόντα
489 914 562 946 νοῦν,
580 914 619 949 τῷ
642 913 800 949 χειρωσαμέ

947 922 982 943 uo
1004 920 1114 949 prorsus
1142 915 1202 940 erat
1226 910 1273 946 qui
1295 908 1393 944 injuria
1417 906 1522 934 aﬂ‘eetis
1543 903 1688 932 subvenire

66 962 137 989 Ἀλλ’
151 962 239 994 οὐδεὶς
251 960 285 997 ἦν
299 962 366 993 ὅλως
377 963 391 989 ὁ
404 960 542 996 ἐπαμῦναι
560 961 706 996 δυνάμενος
719 961 775 992 τοῖς
792 960 851 995 ηδι-

59 1009 202 1044 κημένοις.
223 1009 294 1043 Ἔφη
307 1008 372 1043 γοῦν
384 1009 424 1040 εἰς
436 1007 566 1042 ἁσχέτους
577 1006 694 1041 ὑποψίας
705 1006 851 1041 ἀναφυσώ-

60 1063 153 1090 μενος,
183 1055 224 1081 ὄτι
247 1055 302 1089 Τὴν
324 1054 488 1089 οἰκουμένην
510 1053 574 1088 ὅλην
603 1052 796 1088 καταλήψομαι
816 1053 850 1087 τῇ

57 1100 143 1135 ᾒιρὶ,
160 1099 199 1131 ὡς
215 1099 334 1131 νοσσιὰν,
352 1100 398 1126 καὶ
410 1099 448 1131 ὡς
466 1098 507 1125 ea
524 1098 759 1134 καταλελειμμένα
780 1098 850 1134 ἀρῶ,

57 1146 108 1172 καὶ
134 1145 186 1171 οὐκ
209 1144 265 1171 ἔστι
290 1144 321 1176 ὃς
346 1143 519 1178 διαφεύξεται
546 1152 589 1179 με,
614 1144 631 1179 ἢ
654 1144 768 1179 ἀντείπῃ
794 1152 850 1179 μοι.

57 1189 198 1225 Τοιαύτην
214 1189 319 1225 ἔχοντος
343 1188 390 1215 τοῦ
415 1189 538 1216 διαϐόλου
560 1190 631 1217 κατὰ
659 1190 714 1216 τῶν
738 1190 783 1216 ἐπὶ
799 1190 850 1225 γῆς

56 1235 110 1270 τὴν
126 1235 225 1270 ὀφρῦν,
241 1234 459 1268 διαπυνθάνεται,
482 1236 529 1262 καί
556 1244 638 1271 φησιν
652 1237 666 1263 ό
677 1236 773 1271 Σωτὴρ
783 1255 790 1268 ,
806 1235 851 1271 Μὴ

57 1281 177 1316 λήψεταί
196 1289 237 1312 τις
251 1281 325 1316 παρὰ
341 1281 467 1315 γίγαντος
483 1281 586 1315 σκύλα;
603 1282 617 1309 ὂ
633 1282 760 1318 δυσχερές
774 1290 850 1317 φησι,

58 1328 109 1354 καὶ
125 1327 283 1363 δυσήνυτον,
303 1328 413 1363 νικῆσαι
428 1328 472 1354 τὸν
489 1327 609 1363 ἰσχυρὸν,
627 1328 743 1362 γίγαντα
756 1327 809 1363 γὰρ
823 1328 851 1354 ὲν

57 1374 170 1405 τούτοις
185 1374 231 1400 τὸν
250 1374 359 1409 ἰσχυρὸν
372 1374 509 1410 ὀνομάζει,
524 1375 571 1401 καὶ
582 1375 668 1401 σκύλα
681 1374 774 1401 λαϐεῖν
787 1375 851 1410 παρ’

61 1419 162 1446 αὑτοῦ.
177 1418 244 1446 Εἶτα
258 1420 314 1451 πῶς
332 1419 412 1446 τοῦτο
430 1420 596 1455 ἁμφίδολον;
614 1420 778 1456 Δυσάντητοι
798 1420 852 1456 γὰρ

59 1466 86 1493 οἰ
103 1466 201 1492 τοιοίδε
218 1466 289 1499 λίαν,
310 1467 357 1493 καὶ
379 1467 409 1494 οὐ
426 1468 481 1498 τοῖς
512 1466 648 1493 ἐθέλουσιν
668 1466 853 1500 εὐκαταγώνι-

62 1519 133 1544 στοι,
147 1511 237 1546 μόνοις
251 1511 278 1538 δὲ
294 1512 392 1547 μᾶλλον
410 1512 542 1548 ἁλώσιμοι
568 1513 623 1544 τοῖς
641 1512 776 1548 ὺπερτενῆ
805 1512 854 1539 καὶ

61 1557 172 1605 ἄμαχον
188 1557 275 1605 ιιίρειν
286 1566 337 1584 κατ
349 1557 438 1605 αὺτῷν
454 1557 572 1605 ἰσχύουσι
590 1559 678 1593 χεῖρα.
701 1558 770 1585 Ἀλλ’
784 1558 850 1593 ἐγὼ,
867 1575 888 1605 C

62 1603 143 1638 φησὶ,
166 1603 296 1638 λήψομαι,
324 1604 373 1630 καὶ
399 1603 546 1636 ἀπαλλάξω
571 1605 635 1636 τοὺς
660 1604 853 1640 ἠδικημένους,

62 1648 112 1674 καὶ
122 1646 167 1673 τὸν
177 1647 227 1682 τῆς
237 1648 359 1680 δουλείας
372 1648 462 1675 αὐτῶν
475 1648 635 1685 ἀπορρήξας
645 1649 739 1683 ζυγὸν,
755 1651 788 1685 τῇ
805 1650 854 1685 τῆς

61 1692 222 1729 ἐλευθερίας
243 1693 333 1729 χάριτι
349 1694 491 1729 λαμπροὺς
505 1694 645 1729 ἀποφανῶ.
664 1694 736 1730 Πλὴν
752 1696 793 1722 ὅτι
816 1695 855 1722 δι-

63 1738 131 1765 καία
153 1738 244 1773 ψῆφος
258 1739 305 1766 τοῦ
327 1740 394 1766 Θεοῦ
420 1740 562 1767 σκυλεύσει
580 1741 624 1768 τὸν
651 1741 784 1773 Σατανᾶν,
811 1742 856 1768 καὶ

61 1785 119 1812 τῶν
149 1786 190 1817 εἰς
216 1786 289 1820 ἡμᾶς
310 1786 585 1822 πεπλημμελημένων
609 1786 759 1823 ὲξαιτήσειε
780 1787 855 1820 δίκας

62 1830 112 1857 τδν
130 1830 280 1866 ἀλιτήριον,
303 1831 469 1859 πιστώοεται
482 1832 721 1867 προσεπενεγκὼν,
739 1833 793 1859 Καὶ
809 1833 856 1860 ἐὰν

62 1877 277 1914 αἰχμαλωτεύσῃ
291 1886 333 1910 τις
344 1878 454 1911 ἀδίκως,
466 1879 627 1914 σωθήσεται.
649 1880 694 1911 Ὦς
711 1880 740 1906 ἐν
754 1879 857 1915 ἐρωτή-

63 1931 108 1950 σει
135 1923 216 1950 πάλιν
244 1923 292 1950 καὶ
318 1924 472 1959 ὑποστιγμῇ
495 1924 540 1951 τὸν
566 1925 657 1959 στίχον
679 1923 855 1960 ὲκδεξόμεθα.

67 1969 102 1996 '0
129 1969 186 2006 γὰρ
208 1969 309 2002 ἀδίκως
335 1971 476 2006 ὲπιπηδῶν
506 1972 561 2002 τοῖς
589 1970 748 2006 ἠδικηκόσιν
769 1971 856 2004 οὐδὲν,

63 2014 126 2044 εἶτα
138 2017 251 2049 τούτους
273 2017 462 2053 αἰχμαλώτους
487 2016 564 2050 ἑλὼν,
591 2018 637 2044 καὶ
659 2017 857 2054 ταλαιπωρίαις

64 2063 200 2098 ἀφύκτοις
222 2064 358 2099 ἐμϐαλὼν,
381 2064 412 2090 οὐ
440 2063 602 2099 σωθήσεται,
626 2063 857 2099 εἰσπραχθήσεται

64 2111 95 2138 δὲ
116 2111 218 2145 μᾶλλον
235 2111 290 2137 τῶν
303 2111 377 2146 αὑτῷ
393 2111 602 2146 τετολμημένων
618 2110 668 2142 τὰς
679 2110 767 2142 δίκας.
784 2110 855 2137 Οὐκ-

64 2156 114 2182 οῦν
130 2157 226 2191 ἀνήσει
243 2156 292 2191 μὲν
311 2157 373 2188 τοὺς
395 2157 423 2183 ὲν
440 2156 515 2189 τάξει
540 2155 657 2188 σκύλων,
678 2156 762 2192 ἤγουν
780 2155 859 2191 δορυ-

66 2201 177 2236 κτήτων
195 2200 240 2227 ὑπ’
267 2200 356 2227 αὐτῶν
371 2200 528 2235 γεγονότας,
546 2200 731 2236 προσοφλήσει
756 2200 785 2227 δὲ
810 2200 858 2227 καὶ

901 965 1001 997 posset.
1018 959 1087 988 Hinc
1105 956 1295 992 intemperanti
1313 955 1383 983 fastu
1402 953 1511 981 inﬂatus
1528 951 1596 979 dixit
1613 959 1620 978 :
1638 950 1689 978 0r-

900 1008 962 1036 bem
979 1007 1135 1034 universum
1154 1001 1381 1039 comprehendam
1399 1007 1479 1027 manu
1495 999 1567 1026 velut
1584 997 1687 1028 nidum,

902 1059 928 1081 et
944 1053 1017 1081 velut
1034 1060 1083 1080 ova
1104 1050 1231 1079 derelicta
1249 1048 1341 1076 tollam
1361 1058 1367 1075 :
1385 1054 1434 1074 nec
1451 1049 1493 1074 est
1512 1044 1557 1080 qui
1577 1042 1690 1078 eﬂ‘ugiat

902 1107 956 1132 me,
973 1098 1016 1126 vel
1039 1098 1084 1133 qui
1105 1096 1273 1124 contradicat
1294 1093 1371 1121 mihi.
1390 1092 1457 1119 Cum
1479 1098 1544 1126 ergo
1565 1091 1597 1117 ad
1619 1089 1690 1116 hunc

901 1146 1010 1173 modum
1032 1142 1206 1178 supercilium
1227 1141 1344 1176 erigeret
1367 1142 1462 1167 contra
1483 1141 1562 1164 terra:
1585 1133 1690 1162 incolas

902 1191 1042 1223 diabolus,
1059 1189 1216 1218 sciscitatur
1231 1191 1256 1214 et
1275 1185 1363 1220 inquit
1381 1184 1511 1211 Servator
1528 1191 1536 1209 :
1555 1180 1622 1208 Num
1641 1179 1689 1207 de-

903 1237 990 1264 trahet
1005 1236 1065 1271 quis
1079 1242 1095 1261 a
1108 1234 1216 1269 gigante
1231 1230 1315 1266 spolia
1326 1230 1367 1256 "?
1380 1228 1493 1257 Diliicile
1508 1231 1567 1259 est,
1583 1225 1670 1261 inquit
1681 1243 1688 1256 .

900 1288 929 1311 et
945 1282 1057 1310 arduum
1072 1280 1179 1307 vincere
1195 1278 1291 1305 fortem
1306 1276 1458 1311 (gigantem
1473 1273 1545 1301 enim
1559 1272 1619 1305 hic,
1634 1271 1690 1299 for-

902 1334 955 1357 tem
970 1325 1122 1361 nominat),
1137 1329 1163 1352 et
1179 1323 1262 1359 spolia
1278 1323 1302 1350 ei
1319 1322 1472 1350 detrahere.
1488 1319 1539 1353 Qui
1553 1319 1624 1346 enim
1639 1319 1690 1346 hoc

902 1374 1010 1402 dubium
1026 1372 1084 1400 est?
1100 1371 1170 1399 Sunt
1189 1370 1259 1397 enim
1275 1369 1302 1396 hi
1323 1368 1400 1395 valde
1415 1367 1490 1399 amvi,
1510 1373 1559 1393 nec
1578 1366 1690 1399 quihus-

903 1416 1179 1453 libetexpugnabiles,
1192 1415 1238 1443 sed
1251 1415 1294 1442 his
1307 1413 1475 1442 solummodo
1488 1411 1602 1446 expositi
1616 1414 1643 1438 et
1657 1410 1691 1437 ad

903 1464 1062 1500 capiendum
1077 1463 1182 1494 faciles,
1195 1461 1241 1496 qui
1256 1464 1382 1495 protensa
1395 1462 1423 1486 et
1437 1457 1536 1485 invicta
1551 1464 1631 1483 manu
1644 1462 1691 1483 eos

903 1512 993 1538 valent
1008 1515 1173 1545 oppugnare.
1189 1506 1242 1534 Sed
1260 1513 1319 1541 ego,
1335 1505 1433 1539 inquit,
1448 1503 1600 1534 detraham,
1616 1507 1644 1530 et
1660 1501 1691 1529 Ii-

905 1557 1004 1585 beraho
1020 1555 1117 1590 injuria
1143 1552 1253 1581 allectos
1270 1561 1278 1579 :
1296 1556 1324 1578 et
1339 1551 1403 1586 iugo
1421 1549 1558 1577 servitutis
1575 1548 1689 1582 abjeclo,

904 1603 1036 1630 libertatis
1052 1601 1138 1637 gratia
1155 1600 1272 1628 illustres
1288 1598 1409 1626 reddam.
1419 1596 1519 1624 Verum
1535 1594 1606 1630 quod
1618 1593 1691 1628 iusta

905 1649 951 1677 Dei
970 1648 1105 1676 sententia
1130 1646 1297 1681 depradetur
1324 1643 1451 1672 Satanam
1463 1662 1470 1675 ,
1488 1645 1515 1669 et
1531 1640 1690 1668 delictorum

905 1695 931 1721 in
954 1701 1002 1721 nos
1025 1700 1039 1720 a
1062 1692 1195 1720 scelerato
1216 1697 1310 1725 pcenas
1331 1688 1479 1723 deposcat,
1502 1685 1692 1718 conﬁrmabit,

905 1747 966 1767 cum
984 1738 1058 1766 addit.
1072 1745 1079 1765 :
1094 1737 1128 1765 Et
1143 1738 1164 1765 si
1183 1737 1302 1772 captivos
1319 1734 1425 1762 duxerit
1444 1734 1554 1768 injuste,
1570 1732 1691 1760 servabi-

907 1785 969 1813 tur‘l
986 1783 1073 1811 Veluti
1097 1791 1145 1819 per
1163 1781 1424 1815 interrogationem,
1448 1778 1608 1813 interposita
1626 1777 1692 1805 sub-

906 1829 1086 1861 distinctione,
1101 1828 1173 1856 hunc
1188 1835 1295 1854 versum
1313 1825 1488 1860 accipiemus.
1504 1823 1571 1850 Nam
1587 1822 1632 1857 qui
1649 1822 1691 1849 iu-

905 1876 978 1911 juste
994 1877 1019 1903 in
1037 1883 1084 1903 eos
1099 1875 1143 1910 qui
1162 1875 1261 1901 nullam
1278 1873 1403 1909 iniuriam
1418 1871 1541 1899 fecerunt
1555 1868 1648 1902 insilit,
1664 1871 1694 1896 et

909 1930 956 1951 eos
974 1921 1071 1949 deinde
1093 1920 1214 1955 captivos
1237 1918 1356 1950 abducit,
1373 1921 1401 1945 et
1418 1917 1445 1944 in
1462 1915 1630 1943 calamitates
1652 1914 1693 1941 in-

907 1967 1049 1996 evitabiles
1066 1966 1252 2002 conjicit,non
1264 1963 1416 1992 servabitur
1432 1972 1440 1990 :
1459 1962 1505 1990 sed
1523 1967 1616 1988 eorum
1633 1967 1695 1995 qum

909 2021 990 2041 ausus
1011 2017 1069 2046 est,
1088 2019 1183 2047 poenas
1203 2010 1297 2039 solvet.
1316 2009 1408 2044 Itaque
1429 2007 1546 2036 dimittet
1566 2014 1613 2033 eos
1648 2005 1692 2039 qui

908 2060 994 2088 instar
1010 2058 1155 2094 spoliorum
1175 2064 1222 2084 seu
1242 2055 1411 2091 captivorum
1431 2059 1509 2082 erant
1528 2052 1565 2080 illi
1584 2051 1693 2083 subditi,

908 2106 1094 2139 rationemque
1125 2103 1236 2138 insuper
1262 2101 1357 2128 reddet
1391 2106 1485 2127 eorum
1508 2105 1567 2133 quae
1597 2100 1694 2132 praeter

908 2158 1014 2185 aquum
1039 2154 1066 2177 et
1088 2149 1189 2184 justum
1215 2147 1243 2175 in
1266 2146 1326 2174 illos
1349 2145 1455 2172 fecerit.
1469 2142 1624 2177 Cuiusmodi
1655 2146 1696 2169 est

909 2198 979 2232 quod
1006 2196 1070 2223 alibi
1096 2191 1429 2228 dicitzQuemadmodum
1455 2190 1540 2218 vestis
1566 2188 1697 2224 sanguine

67 2235 123 2273 τῶν
137 2246 183 2272 ὑπ’
204 2246 301 2278 αὐτοὺς
317 2246 367 2273 οὐκ
384 2247 413 2273 ὲν
427 2245 653 2282 δίκῃ”γεγονότων
674 2235 736 2277 τοὺς
750 2246 810 2279 λόγο

951 2243 1009 2269 lluta
1023 2250 1075 2269 non
1091 2241 1144 2268 erit
1159 2240 1267 2271 munda,
1294 2239 1333 2265 sic
1359 2244 1447 2272 neque
1462 2241 1488 2263 tu
1502 2236 1556 2263 eris
1571 2235 1694 2265 mundus,

68 2291 198 2318 Τοιοῦτον
209 2292 255 2318 καὶ
266 2292 379 2328 ἑτέρωθί
397 2292 447 2319 πού
466 2301 557 2328 φησιν·
573 2293 622 2319 Ὃν
634 2292 734 2328 τρόπον
752 2292 858 2327 ἱμάτιον

68 2338 245 2373 πεφυρμένον
268 2339 298 2365 ὲν
321 2338 418 2373 αἵματι
442 2339 492 2365 οὐκ
520 2337 596 2366 ἔσται
617 2338 748 2374 καθαρὸν,
773 2338 859 2370 οὕτως

66 2383 130 2410 οὐδὲ
153 2384 185 2410 σὺ
203 2383 252 2419 ἔσῃ
270 2383 397 2419 καθαρὸς,
417 2383 484 2410 διότι
501 2382 549 2418 τὴν
569 2384 620 2418 γῆν
635 2392 685 2419 μου
703 2383 857 2416 ἀπώλεσας,

67 2429 116 2455 καὶ
136 2428 182 2455 τὸν
196 2428 259 2454 λαόν
277 2436 327 2463 μου
344 2428 518 2460 ἀπέκτεινας,
535 2428 565 2455 οὔ
584 2428 623 2463 μὴ
645 2427 741 2463 μείνῃς
758 2429 798 2459 εἰς
813 2427 859 2454 τὸν

67 2472 157 2500 αἰῶνα
169 2472 276 2508 χρόνον.
286 2473 512 2509 Προσαναμνήσει
528 2473 556 2500 δέ
567 2482 609 2505 τις
620 2474 682 2504 τοὺς
697 2472 856 2508 ἐντευξομέ-

67 2528 132 2551 νους
147 2519 210 2555 τῇδε
225 2520 257 2556 τῇ
271 2521 426 2556 συγγραφῇ.
439 2519 477 2551 ὡς
490 2520 536 2546 καί
546 2520 626 2552 αὐτὸς
641 2521 655 2547 ὀ
667 2519 762 2555 Σωτὴρ
781 2520 856 2556 εὑρί-

70 2565 166 2592 σκεταί
182 2574 209 2592 τι
221 2565 341 2593 τοιοῦτον
357 2565 442 2592 εἰπὼν
450 2566 479 2593 ὲν
492 2567 548 2598 τοῖς
562 2566 749 2601 εὐαγγελικοῖς
766 2566 861 2594 θεσπί-

69 2618 182 2646 σμασιν·
196 2619 205 2636 ι
219 2611 254 2637 Ἦ
267 2610 325 2642 πῶς
337 2610 449 2637 δύναταί
457 2619 509 2643 τις,
523 2621 531 2637 ν
543 2612 636 2647 φησὶν,
648 2620 658 2636 ‹
672 2611 804 2639 εἰσελθεῖν
820 2612 861 2644 εἰς

68 2656 119 2690 τὴν
136 2656 225 2683 οἰκίαν
238 2655 286 2682 τοῦ
300 2657 421 2692 ἰσχυροῦ,
431 2657 477 2684 καὶ
494 2657 528 2683 τὰ
545 2657 629 2693 σκεύη
644 2656 727 2684 αὑτοῦ
743 2657 862 2694 διαρπά-

70 2701 195 2734 σαι,ὲὰν
220 2702 258 2738 μὴ
280 2702 385 2737 πρῶτον
416 2702 485 2739 δήσῃ
508 2699 554 2729 τδν
577 2702 703 2737 ἰσχυρὸν,
725 2702 773 2729 κα¹ι
800 2702 862 2729 τότε

69 2747 217 2783 διαρπάσει
239 2748 324 2783 σκεύη
346 2748 444 2781 αὐτοῦ;
472 2757 481 2774 ›
507 2746 587 2775 Οἷκον
606 2748 654 2783 μὲν
671 2748 727 2783 γὰρ
740 2748 862 2783 ἰσχυροῦ,

70 2793 143 2820 τοῦτ’
154 2792 225 2826 ἔστι,
240 2793 288 2820 τοῦ
301 2794 470 2825 Batavi,th
486 2794 623 2830 περίγειον
638 2794 726 2829 χῶρον
739 2794 800 2829 ἔφη,
815 2796 861 2822 καὶ

106 2884 128 2899 ’⁷
145 2883 214 2911 Luc.
234 2890 272 2916 χι,
291 2882 335 2909 2i.
374 2881 499 2911 "Matth.
520 2891 567 2915 xu,
589 2883 633 2910 29.

909 2293 1051 2324 propterea
1065 2287 1136 2322 quod
1150 2290 1250 2313 terram
1265 2291 1352 2312 meam
1366 2281 1519 2317 perdidisti,
1532 2286 1558 2308 et
1571 2280 1696 2316 populum

909 2342 999 2362 meum
1016 2332 1139 2361 occidisti
1156 2340 1163 2358 :
1181 2339 1233 2358 non
1250 2329 1371 2357 manebis
1388 2328 1415 2355 in
1432 2333 1561 2355 aeternum
1581 2331 1695 2360 tempus.

910 2382 1055 2410 Admoneri
1079 2382 1160 2409 etiam
1184 2383 1295 2414 postrunt
1316 2378 1343 2405 hi
1366 2377 1411 2413 qui
1437 2376 1507 2404 hanc
1529 2375 1696 2409 Scripturam

909 2427 1012 2463 legent,
1029 2427 1116 2461 ipsum
1130 2426 1211 2453 etiam
1229 2425 1403 2452 Servatorem
1421 2421 1536 2450 inveniri
1552 2421 1605 2448 tale
1619 2420 1698 2454 quid-

911 2473 982 2509 piam
1002 2472 1104 2500 dixisse
1125 2471 1153 2499 in
1174 2470 1337 2506 evangelicis
1355 2468 1471 2497 oraculis
1493 2475 1501 2495 :
1525 2476 1535 2493 ι
1558 2465 1698 2500 Quomodo

910 2520 994 2551 enim,
1009 2527 1018 2545 ›
1030 2518 1128 2553 inquit,
1138 2528 1148 2544 ι
1158 2522 1246 2552 potest
1256 2517 1317 2551 quis
1333 2515 1435 2551 ingredi
1452 2515 1558 2542 domum
1576 2512 1662 2543 fortis,
1672 2516 1699 2538 et

912 2573 977 2593 vasa
999 2564 1058 2600 eius
1079 2564 1208 2599 diripere,
1230 2563 1280 2590 nisi
1303 2562 1377 2597 prius
1399 2560 1523 2596 ligaverit
1543 2558 1652 2590 fortem,
1673 2562 1700 2585 et

914 2616 969 2639 tum
985 2618 1047 2637 vasa
1065 2609 1122 2644 ejus
1140 2609 1248 2644 diripiat
1259 2608 1302 2635 "?
1319 2617 1329 2634 ι
1349 2607 1462 2635 Domum
1480 2606 1550 2634 enim
1568 2604 1654 2636 fortis,
1674 2603 1699 2630 id

913 2660 954 2683 est
970 2655 1087 2686 Salame,
1107 2654 1179 2681 hunc
1195 2654 1288 2680 orbem
1308 2657 1442 2680 terrarum
1460 2651 1538 2684 dixit,
1554 2657 1607 2677 non
1623 2649 1699 2684 quasi

915 2709 977 2729 vere
990 2700 1048 2736 ejus
1062 2704 1145 2732 esset,
1161 2699 1207 2726 sed
1220 2699 1283 2734 quia
1300 2699 1333 2726 ab
1348 2705 1380 2726 eo
1394 2703 1465 2726 esset
1477 2701 1633 2732 occupatus.
1648 2695 1700 2722 seu

915 2751 1056 2782 postquam
1083 2747 1232 2782 ingressum
1258 2749 1300 2773 est
1327 2745 1398 2772 illam
1422 2744 1505 2780 683
1531 2743 1699 2771 incarnatum

916 2792 1052 2826 Verbum,
1069 2791 1196 2820 inelT-abili
1214 2791 1333 2827 potentia
1351 2790 1432 2827 ligato
1448 2790 1528 2821 forti,
1544 2796 1607 2817 vasa
1626 2787 1699 2821 ejus,
