1883 3055
76 152 128 182 ιοε
132 155 145 182 ι

648 159 682 187 IN
701 159 816 187 ISAIAII
835 159 897 187 LIB.
918 160 962 188 IV.
983 160 1085 189 UilAT.
1107 163 1151 190 IY.

1650 163 1720 191 I68!

71 213 121 239 ὑπ’
150 211 239 249 αὐτῷ
270 215 431 250 γενομένους
460 217 507 243 καὶ
535 217 761 251 πεπλανημένους
805 218 845 249 είς
865 218 896 244 τὸ
932 219 982 254 τῆς
1012 220 1128 255 ἀληθοῦς
1160 220 1324 255 θεογνωσίας
1349 214 1409 255 ’φῶς
1437 221 1612 256 ἀποκομίζων
1644 222 1720 248 siis!-

72 268 149 295 11νωῖ
159 281 167 292 ι

210 262 262 289 καὶ
292 262 423 296 μεθιστὰς
456 263 488 289 ἐκ
508 263 676 299 φαυλότητος
711 265 751 295 εἰς
781 264 898 296 εὐζωῖαν
917 265 1082 302 ἀγιοπρεπῆ.

117 326 197 360 Ἐγὼ
220 327 258 354 δὲ
282 327 340 361 τὴν
358 327 460 362 κρίσιν
474 337 532 356 σου
553 329 655 363 κρινῶ.
670 330 717 356 καὶ
731 329 789 365 ἐγὼ
807 330 875 363 τοὺς

968 330 1048 360 Vnus.
1063 332 1109 360 26.
1129 333 1185 367 Ego
1202 338 1288 360 autem
1307 333 1433 365 iudicium
1452 339 1526 361 tuum
1541 333 1679 368 judicabo,
1694 338 1720 361 et

72 372 163 404 υιούς
182 380 250 400 σου
260 374 399 408 ῥύσομαι,
407 375 457 401 καὶ
468 374 611 409 φάγονται
626 378 652 403 οι
666 376 830 410 θλίψαντές
842 384 880 404 σε

72 417 129 449 τὰς
141 417 272 452 σάρκας
287 420 396 452 αὐτῶν,
413 420 462 446 καὶ
482 417 601 448 πίοντὰι
612 422 653 454 ὡς
663 420 747 448 οἶνον
763 422 833 448 νέον
845 421 879 448 τὸ

73 460 148 496 nam
175 464 294 496 αὐτῶν,
314 465 364 491 καὶ
378 466 633 500 μεθυσθήσονται,
651 466 699 493 καὶ
717 466 879 500 αἱσθιινθή-

72 517 162 536 σεται
177 510 271 537 πᾶσα
293 511 381 545 σὰρξ,
399 512 443 538 ὅτι
454 512 512 546 ἐγὼ
523 514 539 539 ό
552 512 726 547 ρυσάμενός
746 520 799 546 σε,
824 512 875 540 καί

74 555 213 589 (inultm
218 557 383 591 ϐανόμεγος
399 558 505 593 ἰσχύος
522 558 629 586 Ἰακώϐ.

52 620 55 629 ι
110 612 245 639 Ποιεῖται
255 613 370 648 μὲντοὺς
380 614 475 648 λόγους
488 615 525 646 ὡς
535 615 602 651 πρός
610 624 642 650 γε
657 616 728 650 φημὶ
736 615 785 651 τὴν
797 615 876 643 Σιών.

77 658 160 688 Υίοὺς
186 658 218 685 δὲ
244 659 329 693 αὐτῆς
347 660 490 695 ὀνομάζειν
512 661 599 687 ἔοικεν
628 663 657 687 ὲν
681 660 788 692 τούτοις
814 662 878 693 τοὺς

75 706 175 738 ἁγίους
212 706 382 737 ἀποστόλους
416 707 464 733 καὶ
492 707 705 742 εὐαγγελιστὰς,
737 708 785 734 καὶ
814 709 878 739 τοὺς

77 753 137 785 μετ’
150 752 283 784 ἐκείνους
297 751 337 779 ἔτι
349 751 534 787 κεκλημένους
546 754 586 784 είς
607 753 762 788 ἱερουργίαν
773 762 780 768 ·
792 753 816 779 οἳ
830 753 878 780 καὶ

76 797 229 832 φωστῆρες
243 799 273 824 ὲν
286 798 380 833 κόσμῳ
394 798 522 832 γεγόνασι
541 799 620 833 λόγον
636 799 781 834 ἐπέχοντες
793 798 877 834 ζωῆς,

78 843 124 870 καὶ
148 843 384 879 διακηρύττοντες
409 844 546 880 πανταχοῦ
569 844 619 880 τὴν
640 844 719 878 δόξαν
746 845 876 880 Χριστοῦ,

77 889 123 916 καὶ
143 889 197 924 τῆς
215 891 284 924 mp‘
305 890 388 917 αὐτοῦ
407 891 544 926 σωτηρίας
565 892 615 926 τὴν
629 891 743 926 δύναμιν
765 891 876 926 ἐμφανῆ

78 935 272 967 καθιστῶντες
293 937 350 967 τοίς
371 935 424 963 ἀνὰ
451 937 541 963 πᾶσαν
558 936 608 972 τὴν
624 937 689 972 γῆν,
710 935 751 968 οἷς
768 937 801 972 δὴ
829 937 877 964 καὶ

78 981 150 1015 ὑπῆν
163 979 213 1008 οἷά
228 990 274 1012 τις
292 981 343 1017 θὴρ
365 981 440 1016 ὠμός
463 991 492 1009 τε
507 983 555 1009 καὶ
574 982 681 1018 ἀπηνὴς
693 1002 701 1015 ,
727 984 774 1010 καὶ
795 983 877 1018 ἀρχέ-

79 1034 163 1057 κακος
182 1026 308 1061 δράκων,
330 1027 434 1062 θλίψεις
461 1028 509 1054 καὶ
535 1029 674 1063 διωγμοὺς
698 1029 875 1064 ἐπισωρεύων

78 1073 183 1104 αὐτοῖς,
202 1073 255 1099 καὶ
271 1073 434 1109 καταθήγων
455 1074 598 1110 ἀφορήτους
613 1074 677 1106 τοὺς
699 1075 749 1109 τῆς
763 1075 876 1110 ἐνούσης

79 1117 153 1153 αὐτῷ
177 1119 336 1154 μοχθηρίας
349 1119 534 1150 ὑπασπιστάς.
557 1119 794 1155 Ἐπεχειρήθησαν
810 1120 876 1154 γοῦν

78 1165 195 1199 διωγμοὶ
218 1165 391 1196 πλειστάκις,
412 1165 483 1192 κατὰ
506 1165 560 1192 τῶν
581 1166 666 1200 ἁγίων
693 1165 875 1200 Ἐκκλησιῶν,

80 1210 126 1237 καὶ
138 1211 286 1246 τυράννων
305 1211 410 1246 ἀγρίως
424 1212 534 1246 ὠμότης
548 1211 751 1246 ἐπιπηδήσασα,
762 1212 878 1247 παρεκό-

82 1264 142 1290 μισε
163 1256 284 1288 πολλοὺς
298 1258 338 1288 εις
357 1257 420 1289 τοὺς
439 1257 486 1283 ἐπὶ
506 1258 562 1288 τοῖς
579 1257 740 1292 μαρτυρίοις
754 1257 874 1291 ἀγῶνας.

86 1303 155 1328 Ἀλλ’
171 1302 246 1337 ἐγὼ,
266 1303 358 1338 φησὶν,
373 1300 396 1329 ὦ
410 1302 494 1330 Σιών·
511 1304 602 1338 φαμὲν
616 1303 645 1329 δὲ
657 1301 727 1330 εἶναι
740 1304 790 1338 τὴν
810 1304 875 1330 Ἐκ·

83 1347 207 1382 κλησίαν,
221 1348 257 1382 ἢν
276 1348 309 1383 δὴ
325 1348 370 1374 καὶ
389 1348 458 1374 Σιὼν
480 1348 629 1375 ἀποκαλεί’
646 1349 695 1384 τὴν
715 1349 805 1383 κρίσιν
828 1357 875 1376 σου

83 1393 176 1427 κρινῶ,
195 1394 246 1420 καὶ
262 1393 319 1427 ἐγὼ
334 1394 397 1425 τοὺς
410 1393 485 1425 υἱούς
500 1402 545 1421 σου
567 1395 694 1431 ῥύσομαι.
716 1395 877 1430 ’Δδικήσαν-

83 1447 127 1470 τες
140 1439 195 1475 γὰρ
209 1440 288 1466 οὐδὲν
311 1442 336 1466 οἱ
357 1441 416 1476 Θεῷ
433 1441 638 1477 προσκείμενοι,
662 1442 708 1468 καὶ
730 1442 774 1468 ἐπ’
789 1442 877 1469 οὐδενὶ

83 1484 113 1511 τὸ
127 1485 242 1521 σύμπαν
257 1487 351 1522 ἀτόπῳ
374 1487 611 1522 κατεγνωσμένοι,
632 1485 692 1514 εἶτα
711 1488 774 1520 τοὺς
795 1488 876 1525 μέχρι

84 1532 172 1567 ψυχῆς
189 1533 237 1558 καὶ
254 1533 373 1568 αἵματος
393 1534 577 1567 διενεγκόντες
599 1533 709 1568 ἀγῶνας
727 1535 796 1570 μετά
810 1535 877 1570 λαμ-

85 1578 161 1613 πρῶν
175 1579 430 1615 ἀνδραγαθημάτων
448 1581 488 1612 είς
502 1580 551 1612 τὰς
563 1579 619 1607 ἄνω
630 1580 757 1616 τρέχουσι
775 1581 874 1616 μονάς·

86 1623 154 1659 πλὴν
173 1624 206 1650 τό
226 1633 259 1659 γε
280 1623 348 1660 ἧκον
363 1626 403 1657 είς
413 1625 459 1652 τὸν
474 1626 528 1652 τῶν
545 1625 794 1654 ἐπιϐουλευσάντων
813 1635 876 1654 σκο-

932 385 977 412 ego
989 378 1057 411 ﬁlias
1071 384 1129 406 tuos
1141 379 1268 411 liberabo,
1278 384 1300 406 et
1314 380 1445 406 comedent
1457 380 1502 415 qui
1516 380 1671 415 afﬂixerunt
1693 384 1719 407 te

932 431 1022 450 carnes
1036 432 1108 456 ruas,
1122 428 1146 450 et
1163 424 1247 451 bibent
1262 424 1338 459 quasi
1353 425 1440 452 vinum
1459 434 1552 452 novum
1567 426 1718 460 sanguinem

931 477 1006 495 suum
1016 490 1024 501 ,
1040 474 1064 496 et
1081 470 1146 496 ebrii
1160 473 1252 502 erunt,
1276 474 1299 497 et
1323 471 1414 497 sentiet
1427 471 1509 498 omnis
1524 479 1586 498 caro
1599 472 1659 506 quin
1673 479 1719 506 ego

932 513 1061 540 Dominus
1078 515 1123 548 qui
1144 514 1251 542 liberavi
1273 520 1306 548 te,
1324 520 1347 542 et
1366 516 1410 550 qui
1429 516 1518 550 adjuvi
1537 516 1719 551 fortitudinem

933 557 1027 586 Iacob.

968 614 1053 641 Verba
1071 614 1153 647 facit,
1171 619 1201 642 ut
1217 615 1290 649 dixi,
1308 616 1341 643 ad
1360 616 1444 648 Sion;
1467 616 1538 644 ﬁlios
1553 621 1643 644 autem
1660 616 1720 651 ejus

932 659 976 686 hic
997 660 1105 687 videtur
1128 661 1235 693 dicere,
1259 665 1371 689 sanctos
1395 663 1531 697 apostolos
1553 667 1581 690 et
1604 670 1721 696 evange-

931 704 1018 737 Iistas,
1033 710 1060 733 et
1075 713 1122 733 eos
1137 706 1182 740 qui
1201 711 1261 740 post
1279 707 1338 734 illos
1354 708 1441 735 vocati
1459 712 1523 735 sunt
1539 712 1672 742 prteterea,
1686 708 1720 735 ad

932 752 1110 779 ministerium
1125 760 1132 779 :
1145 752 1190 786 qui
1206 752 1289 780 etiam
1305 753 1396 780 mundi
1412 753 1512 779 Iumina
1530 753 1648 784 luerunt.
1662 760 1722 780 ser-

931 805 1037 824 monem
1053 798 1114 824 vita:
1132 798 1309 830 adhibentes,
1326 803 1354 826 et
1371 799 1470 833 ubique
1485 799 1598 834 gloriam
1616 798 1718 826 Christi

931 843 1118 877 praedicantes,
1130 848 1158 871 et
1169 844 1221 870 vim
1234 844 1331 871 salutis
1342 844 1401 879 ejus
1426 843 1597 871 declarantes
1615 844 1657 871 his
1675 843 1722 878 qui

931 889 1086 916 universum
1106 888 1197 916 orbem
1217 894 1353 917 terrarum
1372 890 1494 918 incolunt
1511 898 1519 917 :
1539 893 1634 918 contra
1653 897 1721 924 quos

931 935 1027 966 etiam,
1042 941 1090 962 cett
1104 933 1160 962 fera
1173 935 1304 970 qumpiam
1319 935 1445 963 immanis
1452 935 1610 968 etinnnitis,
1624 940 1650 962 et
1665 943 1720 962 ma-

931 980 1018 1008 lorum
1036 981 1162 1016 princeps
1181 981 1272 1012 draco.
1290 981 1449 1010 aiﬂictiones
1469 986 1496 1009 et
1518 982 1721 1016 persecutiones

929 1027 1120 1060 accumulavit,
1141 1031 1170 1054 et
1190 1027 1217 1054 in
1239 1035 1287 1054 eos
1311 1027 1490 1062 improbitatis
1511 1036 1567 1055 suae
1590 1028 1721 1056 satellites

930 1073 1137 1100 intolerabiliter
1147 1073 1306 1100 stimulavit.
1320 1074 1415 1108 Itaque
1429 1075 1632 1108 persecutiones
1646 1081 1719 1109 saepe

930 1123 1024 1146 contra
1040 1123 1150 1146 sanctas
1165 1119 1303 1146 Ecclesias
1318 1119 1443 1146 excitata:
1457 1124 1531 1152 sunt,
1545 1124 1574 1146 et
1589 1125 1720 1155 tyranno-

930 1172 989 1191 rum
1004 1164 1147 1192 crudelitas
1163 1165 1319 1193 immaniter
1340 1166 1478 1198 insilieus,
1493 1166 1591 1193 multus
1605 1167 1630 1192 in
1645 1174 1720 1193 mar-

929 1211 992 1246 tyrii
1011 1216 1147 1238 certamen
1165 1211 1369 1247 discrimenque
1385 1213 1510 1240 adduxit.
1528 1212 1581 1240 Sed
1598 1220 1659 1247 ego,
1679 1213 1721 1241 in.

929 1257 1005 1291 quit,
1023 1264 1040 1283 ο
1061 1255 1126 1284 Sion
1151 1257 1226 1291 (eam
1249 1265 1312 1284 vero
1334 1258 1449 1285 dicimus
1469 1265 1530 1286 esse
1551 1258 1719 1292 Ecclesium,

930 1310 1009 1337 quam
1031 1302 1095 1330 Sion
1115 1303 1263 1338 appellat),
1280 1303 1413 1337 judicium
1436 1309 1510 1331 tuum
1528 1304 1672 1339 iudicabo;
1693 1309 1721 1332 et

930 1356 980 1384 ego
996 1348 1066 1376 ﬁlios
1081 1353 1142 1376 tuos
1156 1349 1288 1378 liberabo.
1302 1349 1352 1384 Qui
1366 1350 1438 1377 enim
1455 1350 1555 1378 nullam
1572 1350 1720 1378 intulerunt

931 1395 1067 1430 injuriam,
1082 1395 1136 1423 Deo
1150 1396 1330 1427 adhaerentes,
1342 1400 1369 1423 et
1383 1397 1416 1423 de
1431 1397 1504 1423 nullo
1517 1396 1591 1424 foedo
1605 1396 1720 1424 crimina

929 1442 1066 1474 accusati,
1083 1442 1180 1469 deinde
1197 1442 1278 1469 etiam
1298 1450 1347 1477 pro
1363 1444 1415 1470 vita
1433 1448 1461 1470 et
1480 1443 1611 1478 sanguine
1627 1447 1718 1470 certa-

930 1495 991 1516 men
1010 1488 1186 1520 subiverunt,
1204 1496 1265 1515 cum
1282 1488 1325 1515 bis
1343 1488 1492 1516 illustribus
1507 1488 1588 1516 factis
1604 1494 1720 1515 currunt

929 1535 963 1561 ad
981 1541 1106 1568 suprema
1124 1534 1277 1562 habitacula
1295 1543 1302 1562 :
1318 1542 1412 1562 verum
1430 1540 1560 1570 quantum
1578 1535 1611 1561 ad
1626 1535 1718 1562 consi-

930 1580 995 1607 Iiutu
1020 1588 1113 1607 eorum
1140 1580 1185 1615 qui
1211 1580 1325 1608 insidias
1350 1584 1593 1615 comparaverunt,
1620 1581 1719 1608 mortui

930 1632 994 1655 sunt
1007 1632 1034 1654 et
1047 1627 1196 1662 perierunt.
1212 1627 1306 1662 Itaque
1317 1628 1448 1662 judicium
1461 1633 1555 1655 contra
1570 1628 1644 1659 istos.
1659 1627 1718 1655 sive

86 1669 145 1703 πον,
165 1671 315 1707 τεθνήκασί
334 1680 365 1698 τε
386 1673 433 1698 καὶ
455 1671 636 1699 ἀπολώλασιν.
663 1672 770 1699 οὐκοῦν
795 1674 812 1708 ἡ
830 1674 875 1700 ἐπὶ

968 1679 1029 1700 itum
1045 1673 1175 1707 judicium
1193 1673 1240 1700 tiet
1254 1674 1365 1700 omnino
1379 1681 1394 1700 ο
1413 1674 1477 1701 Deo.
1492 1674 1544 1707 Qui
1564 1675 1636 1702 enim
1657 1682 1720 1709 pro-

87 1716 187 1748 τούτοις
202 1717 305 1753 κρίσις,
326 1718 383 1754 ἦτοι
397 1718 581 1754 δικαιοκρισία
595 1719 684 1754 πάντη
697 1727 728 1745 τε
744 1718 790 1745 καὶ
809 1719 876 1746 πάν·-

87 1771 139 1794 τως
154 1762 232 1790 ἔσται
252 1763 330 1800 παρὰ
343 1763 421 1790 Θεοῦ.
432 1765 463 1791 Ol
482 1764 531 1800 μὲν
544 1764 598 1800 γὰρ
611 1764 644 1791 δι’
661 1765 801 1791 εὐσέϐειαν
812 1765 876 1797 τοὺς

89 1809 300 1842 εὐκλεεστάτους
327 1810 436 1842 ἀγῶνας
467 1810 670 1845 διανηξάμενοι,
703 1810 750 1837 καὶ
779 1811 819 1842 είς
845 1812 876 1837 τὸ

90 1855 213 1890 βραϐεῖον
227 1857 278 1892 τῆς
292 1857 348 1883 ἀνω
364 1857 487 1892 κλήσεως
506 1858 728 1892 καταντήσαντες
738 1876 745 1888 ,
762 1857 808 1883 τὸν
826 1857 876 1892 τῆς

90 1901 241 1937 ἀφθαρσίας
258 1903 436 1938 ἀναδήσονται
452 1902 595 1937 στέφανον.
611 1903 643 1929 υἱ
657 1902 687 1929 δέ
705 1911 737 1936 γε
751 1903 801 1938 τὴν
814 1903 876 1930 δίω-

91 1948 128 1980 ξιν
151 1949 348 1983 ἐπενεγκόντες
369 1950 472 1981 αὺτοῖς,
499 1949 546 1976 καὶ
567 1949 747 1981 ἀπεκτονότες
764 1949 875 1981 ἀδίκως,

90 1994 134 2026 οὒς
147 1992 181 2030 ἦν
195 1995 307 2031 ἄμεινον
318 1996 475 2029 ἐπείγεσθαι
493 1995 602 2030 ζηλοῦν,
618 1995 669 2027 τὰς
681 1995 784 2022 ἑαυτῶν
804 1995 876 2022 ἐδον-

90 2049 132 2067 ται
157 2041 272 2077 σάρκας,
298 2042 346 2069 καὶ
375 2042 406 2068 οὺ
430 2041 461 2068 τὸ
484 2041 538 2068 τῶν
564 2041 738 2068 πεπονθότων
763 2041 875 2076 μᾶλλον,

92 2086 156 2112 ἀλλά
173 2086 204 2113 τὺ
224 2088 325 2114 οἰκεῖον
340 2087 436 2122 ὥσπερ
450 2087 648 2122 ὲκροφήσουσιν
671 2084 751 2122 αἷμα.
770 2086 803 2112 "A
822 2086 876 2122 γὰρ

93 2132 191 2167 ἑτέροις
219 2134 370 2168 ἐπήγαγον,
397 2133 448 2159 οὐκ
469 2134 498 2160 ὲν
522 2133 583 2168 δίκῃ
610 2132 749 2159 πείσονται
776 2131 876 2167 μᾶλλον

92 2177 171 2213 ψήφῳ
185 2178 278 2215 δικαίᾳ
291 2180 370 2212 Θεοῦ,
385 2178 580 2213 στεφανοῦντος
603 2178 652 2214 μὲν
666 2178 729 2209 τοὺς
745 2176 876 2204 πεπονθό-

927 1724 989 1754 pter
1005 1719 1131 1753 pietatem
1149 1717 1232 1754 685
1249 1725 1264 1745 e
1282 1718 1456 1746 nobilissimis
1476 1719 1550 1746 hisce
1564 1719 1720 1747 certamini—

928 1765 979 1791 bus
1001 1769 1162 1797 enatarunt,
1183 1770 1210 1791 et
1231 1764 1266 1791 ad
1287 1764 1409 1791 bravium
1429 1772 1551 1799 supernae
1571 1766 1720 1793 vocationis

927 1810 1106 1840 devenerunt,
1123 1808 1338 1843 incorruptionis
1355 1816 1454 1836 corona
1475 1809 1669 1836 revincientur.
1683 1810 1720 1837 At

926 1855 974 1889 qui
996 1854 1119 1882 insectati
1143 1858 1208 1881 sunt
1229 1862 1285 1887 eos,
1307 1859 1335 1881 et
1357 1854 1457 1887 injuste
1478 1862 1525 1882 eos
1547 1855 1716 1888 occiderunt,

927 1908 994 1934 quos
1011 1901 1158 1935 prmstabat
1173 1900 1304 1932 :enmlari.
1321 1908 1384 1928 suas
1399 1908 1498 1928 carnes
1514 1901 1605 1933 edent,
1622 1907 1648 1928 et
1666 1909 1718 1928 non

927 1952 1020 1971 eorum
1036 1944 1081 1978 qui
1098 1944 1169 1978 passi
1185 1949 1266 1978 sunt,
1281 1945 1329 1972 sed
1345 1946 1484 1980 proprium
1500 1945 1573 1973 velut
1587 1946 1719 1974 absorba.

927 1990 993 2017 bunt
1005 1991 1174 2024 sanguinem.
1186 1990 1252 2017 Nam
1262 1999 1322 2025 qua:
1334 1991 1488 2026 irrogarunt
1499 1992 1560 2019 aliis
1571 2000 1624 2018 non
1633 1992 1717 2027 juste.

927 2037 1064 2071 patientur
1084 2036 1134 2071 ipsi
1156 2036 1230 2071 justa
1254 2037 1409 2069 sententia,
1429 2037 1485 2064 Deo
1507 2046 1554 2064 eos
1575 2038 1621 2072 qui
1644 2038 1718 2072 passi

927 2086 990 2109 sunt
1019 2087 1169 2109 coronante
1189 2093 1194 2109 :
1214 2089 1261 2109 eos
1283 2083 1328 2117 qui
1354 2082 1452 2116 injuria
1475 2082 1632 2116 atl‘ecerunt,
1656 2084 1718 2110 diu-

929 2132 1014 2154 turna:
1032 2132 1058 2155 et.
1074 2133 1181 2155 teter-na:
1200 2128 1334 2163 punitioni
1352 2129 1523 2163 subjiricnte.
1538 2129 1649 2163 Eritque
1666 2130 1717 2157 hoc

924 2173 1027 2208 justum
1046 2173 1180 2208 judicium
1210 2175 1284 2201 omni
1303 2175 1390 2206 carni,
1409 2174 1435 2202 id
1452 2179 1506 2206 est,
1524 2175 1595 2202 omni
1615 2175 1718 2202 homini

93 2231 148 2257 τας,
161 2225 344 2261 ὑποφέροντος
358 2226 386 2252 δὲ
400 2225 494 2261 μακρᾷ
515 2225 563 2252 καὶ
579 2224 751 2259 ἀτελευτήτῳ
766 2223 875 2250 κολάσει

968 2219 1112 2247 tissimum.
1130 2219 1196 2246 Nam
1218 2220 1265 2254 qui
1289 2224 1399 2254 propter
1417 2221 1544 2254 pietatem
1565 2220 1592 2247 in
1612 2222 1718 2255 perich

92 2271 152 2302 τοὺς
167 2271 358 2307 ἀδικήσαντας.
374 2272 471 2298 Ἔσται
485 2271 514 2298 δὲ
530 2273 546 2306 ὴ
563 2270 674 2306 τοιαύτη
694 2270 875 2305 δικαιοκρισία

968 2273 982 2291 n
996 2265 1118 2297 veniunt,
1131 2266 1241 2292 omnino
1255 2265 1383 2292 auxilium
1398 2264 1501 2293 feretur
1513 2265 1566 2293 illis
1578 2273 1593 2294 ο
1607 2274 1659 2300 me,
1671 2266 1718 2301 qui

94 2318 288 2352 γνωριμωτάτη
313 2317 386 2353 πάσῃ
414 2317 506 2353 σαρκὶ,
531 2316 603 2344 τοῦτ’
624 2316 715 2348 ἐστιν,
740 2315 875 2351 ἀνθρώπῳ

969 2310 1065 2344 juvare
1079 2317 1199 2345 possum,
1221 2309 1315 2342 Jacob,
1337 2311 1363 2338 id
1377 2317 1427 2342 est,
1449 2318 1480 2338 ex
1501 2311 1606 2339 semine
1621 2311 1716 2339 Jacob.

95 2362 180 2388 παντί.
192 2363 318 2390 Ἔσονται
332 2363 386 2398 γὰρ
404 2364 432 2389 ὲν
440 2364 496 2394 τοῖς
505 2362 540 2389 δι’
551 2362 693 2389 εὐσέϐειαν
705 2361 875 2388 κινδυνεύου-

968 2357 987 2382 ti
1008 2361 1098 2384 autem
1120 2356 1193 2383 hunc
1210 2364 1363 2383 sermonem
1382 2357 1571 2391 propheticum
1587 2358 1717 2392 scriptum

97 2414 145 2434 σιν.
163 2408 206 2439 Ὠς
230 2409 406 2444 ἀντιλήψεται
425 2409 514 2443 πάντη
530 2417 559 2434 τε
579 2408 627 2434 καὶ
645 2407 753 2438 πάντως
771 2407 788 2441 ἡ
811 2407 876 2442 παρ’
891 2434 898 2440 ,

96 2453 158 2488 ιμοῦ
181 2455 290 2490 βοήθεια
314 2455 361 2481 τοῦ
386 2455 434 2481 καὶ
455 2454 625 2489 ὲνισχύοντός
647 2462 677 2480 σε
697 2453 743 2480 τὸν
768 2452 876 2484 Ἰακὼϐ,

96 2499 162 2526 τοῦτ’
176 2501 232 2528 ἐστι
242 2523 249 2534 ,
264 2502 310 2528 τὸν
324 2503 356 2530 ὲκ
372 2502 526 2536 σπέρματος
546 2500 654 2527 Ἰακώϐ.
674 2500 762 2535 Ἔφην
782 2499 822 2531 δὲ,
836 2499 877 2525 ὅτι

97 2545 243 2580 γέγραπταί
270 2556 328 2578 πως
344 2549 358 2574 ὁ
378 2546 546 2583 προφητικὺς
568 2547 598 2573 ὲν
612 2545 716 2577 τούτοις
730 2545 819 2579 λόγος,
837 2546 877 2575 είς

100 2593 235 2626 πρόσωπον
260 2594 316 2621 τῶν
335 2594 421 2627 ἁγίων
435 2593 591 2620 ἀποστόλων
613 2600 643 2618 τε
666 2592 713 2618 καὶ
732 2589 875 2625 εὐαγγελι-

99 2638 170 2669 στῶν,
193 2641 272 2676 οἵπερ
295 2639 366 2676 ἦσαν
391 2640 420 2672 ἑξ
447 2638 555 2671 Ἰακὼϐ,
585 2637 656 2665 κατά
675 2638 706 2672 γέ
726 2645 808 2672 φημι,
825 2636 875 2670 τὴν

100 2684 189 2720 σάρκα.
213 2688 268 2714 Οὐκ
293 2687 425 2714 ἀπίθανον
448 2687 476 2713 δὲ
497 2687 546 2713 καὶ
575 2685 672 2712 Ἰακὼῆ
694 2683 877 2718 ὀνομάζεσθαι

926 2409 986 2429 esse
1015 2402 1041 2429 in
1067 2409 1180 2437 persona
1217 2407 1389 2435 sanctorum,
1414 2408 1440 2430 et
1464 2402 1667 2437 apostolorum,
1690 2407 1717 2429 et

927 2447 1154 2482 evangelistarum
1165 2467 1173 2480 ,
1190 2447 1237 2482 qui
1254 2453 1334 2475 erant
1350 2456 1383 2475 ex
1398 2448 1498 2482 Jacob,
1514 2451 1585 2484 quod
1601 2457 1668 2477 sane
1683 2450 1717 2478 ad

928 2501 1038 2521 carnem
1056 2494 1164 2520 attinet.
1180 2493 1235 2521 Nec
1253 2498 1341 2522 tamen
1361 2495 1507 2522 absurdum
1525 2500 1575 2529 est,
1592 2501 1621 2523 ut
1635 2495 1720 2523 Iacob

929 2540 1084 2567 nominetur
1098 2540 1186 2574 quivis
1201 2540 1398 2574 suppluntutor,
1415 2541 1441 2567 id
1471 2546 1511 2568 est
1529 2541 1574 2576 qui
1591 2542 1719 2576 supplau—

922 2591 968 2618 ,ιοι
985 2586 1129 2618 Satanam,
1144 2591 1169 2613 et
1185 2587 1231 2621 qui
1245 2587 1342 2614 callide
1358 2592 1384 2615 et
1397 2588 1474 2622 quasi
1488 2588 1601 2622 juvenili
1618 2589 1718 2623 impetu

929 2633 1039 2668 laqueos
1057 2632 1160 2668 peccati
1179 2633 1305 2660 transilit.
1318 2633 1401 2661 Jacob
1417 2639 1509 2661 autem
1527 2635 1720 2669 interpretatur

931 2678 1128 2713 suppiantator.

100 2734 251 2768 πτερνιστὴν
269 2734 387 2765 ἅπαντα,
407 2732 479 2760 τοῦτ’
499 2733 567 2764 ἐστι,
580 2732 625 2758 τὸν
638 2730 818 2767 πτερνίζοντα
850 2727 895 2754 τὸν
913 2725 1045 2757 Σατανᾶν,
1062 2725 1109 2750 καὶ
1121 2724 1183 2755 τοὺς
1218 2724 1268 2759 τῆς
1289 2723 1427 2760 ἁμαρτιας
1439 2724 1642 2760 παρελαύνοντα
1657 2724 1719 2760 βρο-

102 2784 157 2810 χιιυς
169 2779 298 2815 εὐτέχνως
310 2788 341 2806 τι
351 2779 409 2815 ἅμα
421 2780 466 2806 καὶ
477 2778 619 2810 νεανικῶς.
630 2776 797 2813 Πτερνιστὴς
825 2774 879 2810 γὰρ
898 2775 913 2800 ὁ
933 2771 1030 2800 Ἰακὼϐ
1046 2771 1238 2808 ἑρμηνεύεται.

134 2832 225 2867 οὕτως
240 2835 318 2869 λέγει
340 2836 462 2877 κύριος’
483 2836 572 2863 Ποῖον
591 2835 713 2867 ,βιϐλίον
732 2833 784 2861 τοῦ
800 2833 873 2860 ἀπο-

103 2878 219 2907 traeicit
245 2881 293 2915 τῆς
314 2881 426 2917 μηη-ιῖς
449 2882 549 2917 ὑμῶν·
572 2881 606 2908 ὲν
626 2877 651 2914 ᾧ
673 2879 873 2913 ἑξαπέσῐεῐλτι

923 2835 927 2839 ’
962 2833 1026 2860 CAP.
1047 2831 1077 2859 ιι.
1097 2831 1178 2859 Vens.
1199 2833 1222 2859 I.
1251 2831 1296 2860 Sic
1324 2832 1387 2858 diri!
1403 2832 1546 2859 Dominus:
1564 2831 1656 2864 Qualia
1675 2835 1713 2856 au

929 2879 990 2906 libri
1011 2878 1111 2912 repudii
1127 2878 1217 2905 nia/ria
1232 2879 1343 2906 vestrm?
1357 2879 1398 2904 cui
1418 2877 1507 2904 dimisi
1519 2885 1574 2904 eam
1584 2876 1597 2902 ?
1609 2881 1653 2903 aut
1668 2876 1712 2901 cui
