1883 3055
166 154 233 184 ωσι

658 147 687 176 S.
708 146 847 175 CYRILLI
866 144 1103 174 ΑιεΧΑΝυιιιΝι
1121 143 1282 172 ARClIlEP.

1740 141 1820 169 £09!

166 214 210 243 nis
222 213 393 242 occasionem
413 209 553 237 vertimus.
579 208 717 237 Habemus
742 208 824 242 igitur
847 207 954 235 aurium

1022 207 1103 239 ;κοαῖς
1118 206 1198 240 αὐτὰ,
1216 205 1392 242 μεθιστάντες
1405 205 1468 237 τους
1479 203 1582 237 τύπους
1603 204 1644 237 εἰς
1660 203 1820 240 ἀλήθειαν,

165 260 370 295 appositionem.
401 255 548 291 Disciplina
577 255 650 282 enim
676 261 725 289 per
747 253 896 286 Christum,
926 252 953 279 id

164 310 218 337 est,
241 303 397 339 praedicatio
415 300 572 335 evangelica
585 304 613 328 et
625 299 684 334 ejus
701 299 879 335 mystagogia,
906 298 956 326 do-

165 355 209 378 cet
233 349 317 384 legem
342 347 520 382 spiritualitcr
544 345 709 380 intelligere,
730 349 759 372 et
774 344 863 379 aperit
880 342 955 371 velut

166 401 246 422 aures
274 401 367 422 eorum
392 393 438 427 qui
463 392 491 419 in
517 392 591 419 illum
618 391 801 422 crediderunt,
827 397 889 417 cum
905 389 957 416 hoc

166 438 297 467 Israelita:
311 445 362 466 non
381 438 522 465 haberent.
547 436 702 470 Alloquitur
727 435 821 470 itaque
838 441 887 462 eos
904 433 957 462 Do-

166 485 256 513 minus
270 490 361 512 noster
374 483 452 511 Jesus
465 482 591 510 Christus
604 491 611 510 :
626 490 636 508 ι
652 481 817 509 Scrutamini
832 480 957 515 Scriptu-

165 538 223 564 ns,
248 531 310 565 quia
332 530 359 557 in
378 530 431 557 illis
447 529 547 564 putatis
569 535 618 556 vos
641 533 772 555 mternam
796 527 881 554 vitam
907 526 956 554 ha-

163 577 241 609 bere,
271 580 298 603 et
325 575 376 602 illae
402 579 465 601 sunt
481 581 542 609 quae
569 573 749 600 testiﬁcantur
772 572 807 600 de
828 577 957 599 me:nec

164 623 289 650 voluistis
299 622 332 649 ad
343 628 385 648 me
397 621 477 657 σοι
491 620 594 652 venire,
603 625 632 647 ut
642 620 723 647 vitam
737 618 862 646 habeatis
874 617 928 644 "".
939 626 950 644 ι

165 669 322 704 Scribitqne
338 668 371 695 de
386 668 439 695 illis
452 666 670 701 sapientissimus
689 664 787 692 Paulus
800 673 807 691 :
824 663 956 696 tQuando

164 715 264 750 legitur
289 713 408 750 Moyses.
436 711 617 740 velamentum
638 718 731 739 eorum
756 709 883 737 cordibus
903 708 956 734 im-

166 763 289 797 ponitur,
308 768 395 796 neque
407 761 547 795 delegatur
568 758 639 793 quod
655 765 703 793 per
716 756 855 784 Christum
868 754 958 783 obolo-

165 807 238 835 bitur
249 807 282 835 ³⁸.
296 816 306 833 ι

1005 252 1053 279 καὶ
1076 252 1264 288 πνευματικῆς
1286 251 1402 287 θεωρίας
1419 250 1554 287 πρόφασιν
1576 249 1746 286 ποιούμενοι
1763 252 1821 286 τὴν

1008 298 1097 326 σκιάν.
1122 298 1296 334 Ἐσχήκαμεν
1310 295 1357 325 οὖν
1385 297 1475 325 ὠτίων
1502 296 1675 333 προσθήκην.
1696 296 1737 324 Ἡ
1758 299 1821 333 γὰρ

1007 343 1052 371 διὰ
1069 344 1188 380 Χριστοῦ
1204 343 1324 376 παιδεία,
1338 343 1411 370 τοῦτ’
1424 343 1493 375 ἔστι,
1508 343 1538 370 τὸ
1555 344 1691 379 κήρυγμα
1704 345 1746 369 τὸ
1767 344 1820 369 εὐ-

1007 390 1164 424 αγγελικδν,
1181 391 1229 417 καὶ
1245 391 1263 426 ἡ
1284 390 1319 416 δι’
1337 389 1420 417 αὑτοῦ
1439 387 1630 425 μυσταγωγια,
1647 396 1818 423 πνευματι-

1009 436 1064 468 κῶς
1084 436 1226 463 ἀναπείθει
1251 437 1321 464 νοεῖν
1337 436 1383 463 τὸν
1406 437 1498 472 νόμον.
1522 434 1680 472 ’Δνευρύνει
1708 434 1819 469 ὥσπερ

1009 479 1044 506 τὰ
1057 477 1116 507 ὦτα
1138 480 1193 507 τῶν
1211 480 1415 509 πιστευσάντων
1439 481 1480 513 είς
1494 481 1576 508 αὐτὸν
1587 500 1595 514 ,
1613 480 1665 507 οὒκ
1686 480 1818 515 ἑχόντων

1009 525 1090 553 τοῦτο
1103 526 1157 553 τῶν
1170 526 1201 559 ιε
1215 527 1334 562 Ἰσραήλ.
1344 527 1417 562 Ἔφη
1431 526 1497 562 γοῦν
1508 527 1524 553 ὀ
1540 526 1590 562 μὲν
1603 525 1709 561 Κύριος
1729 525 1817 560 ἡμῶν
1861 547 1864 550 .

1016 571 1121 608 Ἰησοῦς
1133 573 1251 609 Χριστὸς
1266 573 1335 610 πρὸς
1349 573 1449 605 αὐτούς
1460 581 1467 588 ·
1479 582 1489 600 ι
1508 573 1654 609 Ἐριυνᾶτε
1669 573 1722 604 τὰς
1737 573 1762 598 Γ
1764 581 1816 608 ρα-

1010 617 1075 652 φὰς,
1092 619 1134 644 ὅτι
1146 618 1175 646 ὲν
1188 619 1284 650 αὐταῖς
1298 619 1400 646 δοκεῖτε
1413 619 1493 653 ὑμεῖς
1506 617 1580 654 ζωὴν
1595 617 1708 646 αἰώνιον
1720 618 1814 653 ἔχειν,

1009 664 1056 690 καὶ
1072 661 1152 691 αὗταί
1171 665 1240 692 είσιν
1262 665 1290 691 αἱ
1314 664 1499 701 μαρτυροῦσαι
1515 665 1580 700 περὶ
1603 664 1690 700 ἐμοῦ,
1706 665 1761 690 καὶ
1781 665 1813 690 οὐ

1009 708 1102 736 θέλετε
1125 709 1212 738 ἐλθεῖν
1229 711 1299 746 πρός
1318 719 1351 746 με
1378 711 1423 738 ῖνα
1438 710 1511 746 ζωὴν
1522 710 1755 746 ἐχητε.ιΓράφει
1783 709 1813 736 δὲ

1010 755 1075 789 περὶ
1090 755 1180 782 αὐτῶν
1193 756 1208 782 ό
1219 756 1356 791 πάνσοφός
1370 765 1400 784 τε
1414 757 1462 783 καὶ
1473 756 1617 788 θεσπέσιος
1631 755 1758 787 Παῦλος,
1769 756 1812 782 ὅτι

1013 810 1023 827 t
1034 801 1130 828 Ἡνίκα
1137 802 1355 838 ἀναγινώσκηται
1365 803 1477 839 Μωσῆς,
1485 803 1618 838 κάλυμμα.
1626 803 1674 829 ἐπὶ
1681 802 1734 838 τὴν
1743 810 1814 837 up

166 856 226 884 δίαν
239 856 330 884 αὐτῶν
346 856 447 886 κεῖται,
461 853 498 890 μὴ
514 852 782 888 ἀνακαλυπτόμενον,
796 851 839 879 ὅτι
854 850 883 877 ἐν
901 849 1012 886 Χριστῷ
1025 849 1113 886 Ἰησοῦ
1126 850 1222 887 Κυρίῳ
1236 851 1314 887 ἡμῶν
1328 851 1376 878 καὶ
1385 851 1518 888 Λυτρωτῇ
1533 852 1727 888 καταργεῖται.
1742 861 1753 878 r

470 912 598 940 ORATIO
620 911 649 938 V.

202 968 285 996 Vsus.
302 967 328 1001 6,
346 966 373 995 7.
394 966 451 1002 Ego
471 972 558 994 autent
582 974 633 993 non
651 974 742 1005 renuo,
756 973 837 1001 neque
852 970 960 992 contra-

1323 910 1433 937 ΛΟΓΟΣ
1448 910 1489 938 ε’.

1051 963 1125 999 Ἐγὼ
1139 964 1174 992 δὲ
1189 966 1245 993 οὐκ
1258 965 1379 1000 ἀπειθῶ,
1391 966 1454 994 οὐδ’
1468 966 1626 1002 ἀντιλέγω.
1637 967 1695 994 Τὸν
1707 965 1811 994 νῶτόν

167 1015 238 1043 dico.
263 1013 378 1041 Dorium
400 1021 485 1040 meum
504 1012 604 1047 prtrbui
629 1012 662 1038 ad
686 1011 804 1046 ﬂagella.
824 1019 855 1038 ac
879 1018 958 1045 genus

1022 1019 1067 1038 ιου
1078 1010 1192 1039 δέδωκα
1200 1013 1245 1045 εις
1252 1011 1410 1048 μάστιγας,
1421 1014 1475 1046 τὰς
1488 1012 1522 1040 δὲ
1533 1014 1680 1049 σιαγόνας
1686 1022 1750 1048 μου
1765 1015 1809 1047 εἰς

168 1068 239 1088 meas
254 1060 288 1086 ad
311 1059 414 1093 alapas,
436 1066 517 1093 neque
537 1057 632 1092 [aciem
648 1065 732 1084 meum
745 1056 827 1084 averti
841 1057 873 1082 ob
887 1057 960 1090 igno-

1022 1057 1190 1092 λωτίσματα,
1204 1057 1237 1085 τὸ
1253 1057 1288 1084 δὲ
1299 1058 1462 1092 πρόσωπόν
1477 1067 1538 1094 μου
1551 1060 1607 1086 οὐκ
1624 1059 1809 1094 ἀπέστρεψεν

168 1107 251 1133 ninia
270 1109 420 1140 epularum,
439 1109 464 1131 et
483 1104 610 1131 Dominus
630 1103 779 1130 auxiliator
794 1102 857 1129 mihi
872 1103 960 1136 factus

168 1156 217 1179 est.
245 1150 389 1184 Propterea
411 1158 462 1176 non
481 1157 540 1176 sum
557 1148 693 1183 confusus,
712 1151 757 1175 sed
777 1148 851 1183 posui
865 1147 960 1182 facient

168 1206 254 1224 meam
281 1197 349 1224 sicut
373 1195 479 1230 ﬁrmum
499 1200 610 1229 petram,
631 1199 655 1221 et
685 1194 744 1221 novi
760 1193 884 1228 quoniam
907 1200 959 1220 non

169 1242 326 1278 confundor,
342 1242 404 1277 quia
422 1249 503 1276 prope
518 1245 555 1268 ut
565 1241 612 1276 qui
623 1239 696 1275 justi.
711 1244 754 1266 cat
771 1246 822 1266 me.

203 1341 242 1370 Ex
258 1342 302 1370 his
320 1349 381 1377 quae
405 1348 486 1376 supra
510 1340 566 1376 jam
592 1339 661 1368 lecta
688 1342 754 1366 sunt
777 1342 805 1366 et
833 1343 961 1369 excussa.

169 1387 315 1425 plurimum
330 1388 453 1415 invectus
468 1392 511 1414 est
521 1386 548 1413 in
564 1385 720 1414 Judaorum
740 1383 961 1412 inobedientiam.

169 1434 324 1462 Dixiteuim
341 1441 349 1460 :
367 1433 448 1466 Veni,
463 1436 492 1460 et
506 1439 560 1460 non
569 1436 629 1460 erat
641 1432 721 1459 homo
735 1439 743 1459 :
757 1435 785 1458 et
797 1429 902 1460 vocavi.
913 1436 963 1457 nec

169 1485 228 1509 erat
254 1480 379 1508 audiens.
405 1479 516 1507 interim
540 1485 654 1514 persona
685 1485 780 1505 eorum
809 1476 855 1511 qui
883 1476 961 1504 ﬁdem

171 1525 318 1560 eritplexati
348 1529 411 1552 sunt
436 1523 580 1558 interiecta
599 1527 651 1555 est,
674 1522 720 1557 qui
741 1522 890 1548 dixerunt:
909 1520 961 1547 Do-

1010 1101 1069 1128 ἀπὸ
1087 1103 1237 1138 αἰσχύνης
1257 1103 1492 1139 ἐμπτυσμάτων,
1509 1105 1558 1132 καὶ
1578 1106 1595 1132 ὁ
1609 1106 1722 1140 Κύριος
1743 1106 1808 1140 ἐγε-

1010 1146 1088 1181 νήθη
1103 1147 1218 1182 ,βοηθός
1225 1157 1294 1183 μου.
1306 1149 1359 1176 Διὰ
1371 1149 1459 1176 τοῦτο
1473 1150 1530 1177 οὐκ
1543 1149 1724 1184 ἐνετράπην,
1734 1150 1806 1178 ἀλλ’

1010 1193 1106 1227 ἔθηκα
1124 1195 1158 1221 τὸ
1168 1195 1330 1228 πρόσωπόν
1343 1203 1403 1230 μου
1418 1195 1458 1229 ὡς
1471 1196 1597 1230 στερεὰν
1611 1197 1738 1231 πέτραν.
1756 1197 1806 1223 καὶ

1009 1238 1105 1274 ἔγνων
1117 1239 1162 1266 ὅτι
1183 1240 1219 1267 οὐ
1228 1240 1273 1275 μὴ
1288 1240 1453 1276 αισχυνθῶ,
1468 1240 1514 1269 ὅτι
1526 1240 1632 1277 erg-(ﬁn
1651 1243 1668 1269 ὀ
1685 1241 1806 1269 δικαιώ-

1011 1293 1070 1318 σας
1080 1293 1128 1320 με.

1049 1342 1097 1369 Διά
1117 1343 1171 1370 τῶν
1187 1343 1237 1378 ἤδη
1253 1343 1530 1379 προανεγνωσμένων,
1551 1345 1633 1381 ἧτουν
1649 1344 1803 1380 προεξητα-

1014 1388 1137 1424 σμένων,
1163 1388 1293 1424 πλείστην
1318 1389 1384 1425 ὅσην
1409 1390 1556 1426 πεποίηται
1577 1390 1628 1425 τῆς
1666 1390 1804 1417 Ἰουδαίων

1012 1434 1153 1465 ἀπειθείας
1169 1434 1218 1470 τὴν
1240 1435 1388 1471 καταϐοήν.
1410 1436 1483 1471 Ἔφη
1501 1435 1556 1472 γὰρ
1571 1437 1612 1463 ὅτι
1630 1433 1735 1463 Ἦλθον
1757 1437 1803 1463 καὶ

1011 1479 1063 1506 οὐκ
1075 1477 1110 1515 ἧν
1123 1479 1277 1515 ἄνθρωπος,
1291 1479 1418 1513 ὲκάλεσα,
1434 1481 1482 1507 καὶ
1502 1481 1552 1508 οὑκ
1566 1478 1601 1516 ἦν
1616 1482 1631 1508 ὁ
1642 1481 1801 1512 ὑπακούων,

1014 1523 1278 1562 παρεισῦεεληκότος
1286 1526 1315 1553 δὲ
1327 1525 1429 1562 μεταξὺ
1439 1526 1485 1553 τοῦ
1498 1527 1644 1563 προσώπου
1654 1527 1710 1554 τῶν
1723 1535 1804 1562 προσ.

171 1573 262 1600 minus
296 1570 361 1598 mihi
389 1571 435 1597 dat
459 1569 577 1604 linguam
619 1568 786 1603 disciplina),
816 1571 845 1595 ut
878 1567 960 1594 sciam

1022 1570 1159 1606 ᾖκαμένων
1174 1571 1222 1606 τὴν
1243 1571 1344 1604 πίστιν,
1363 1572 1409 1598 καὶ
1431 1571 1574 1606 λέγοντοςο
1592 1571 1697 1608 Κύριος
1711 1571 1802 1599 δίδωσί

171 1618 280 1653 quando
293 1622 418 1651 oporteat
435 1622 589 1643 sermonem
611 1613 695 1649 loqui,
712 1619 739 1641 et
756 1621 816 1649 qua:
829 1617 889 1648 post
904 1613 962 1640 hate

171 1663 245 1691 illata
262 1667 334 1695 sunt,
350 1662 397 1696 qui
412 1662 493 1689 etiam
510 1660 725 1696 gratulabundas
748 1666 828 1687 voces
851 1666 962 1686 resona-

173 1710 247 1735 bant.
279 1703 382 1734 Rursus
411 1705 570 1733 intercurrit
596 1711 711 1739 persona
738 1703 821 1738 ipsius
851 1702 962 1735 Christi,

172 1761 250 1781 suam
285 1751 467 1779 obedientiam
494 1750 649 1778 Iudaeorum
674 1749 851 1777 contumaciae
877 1755 963 1782 oppo-

173 1799 273 1832 nentis,
293 1804 322 1825 ut
343 1797 455 1825 omnino
474 1804 521 1823 eos
543 1796 590 1823 Dei
613 1797 704 1822 hostes
728 1802 789 1822 esse
808 1794 962 1826 convincat,

171 1851 274 1879 eosque
288 1843 333 1879 qui
355 1843 500 1879 superbum
519 1846 545 1869 el
562 1843 659 1869 durum
682 1841 781 1868 collum
807 1840 913 1872 t‘ollnnt,
929 1839 963 1866 ad

173 1890 287 1918 salutem
317 1889 454 1917 vocantis.
484 1888 541 1924 Ego
563 1887 635 1916 enim
661 1887 766 1919 vocavi,
791 1886 887 1921 inquit.
915 1893 965 1912 nec

173 1940 234 1963 erat
246 1935 368 1963 audiens.
396 1933 508 1962 Desides
530 1932 594 1960 facti
634 1937 707 1965 sunt,
739 1932 772 1959 ad
786 1931 963 1958 obediendum

175 1981 256 2014 tardi,
269 1985 297 2008 et
312 1980 410 2015 ignari,
427 1985 510 2014 atque
528 1978 611 2014 inepti
630 1979 663 2006 ad
683 1977 886 2013 intelligendum
900 1976 963 2011 quid

174 2025 242 2061 ipsis
256 2025 282 2052 in
298 2032 353 2052 rem
382 2024 502 2051 futurum
524 2023 558 2050 sit
575 2033 581 2050 :
600 2024 751 2057 quibusque
767 2022 854 2049 modis
868 2021 964 2048 verisi-

175 2071 240 2098 mile
250 2074 308 2098 erat
319 2078 397 2105 posse
409 2077 468 2102 eos,
484 2074 511 2096 et
523 2069 630 2103 quidem
644 2068 716 2095 nullo
728 2068 826 2099 labore,
845 2075 905 2095 cnm
924 2072 965 2103 ty-

177 2118 316 2145 rannidem
346 2116 460 2151 peccati,
480 2120 536 2141 tum
564 2113 705 2141 diabolicae
719 2113 906 2147 perversitatis
922 2112 964 2139 iu-

176 2163 259 2191 sidias
273 2161 471 2198 cﬂugerened
496 2160 521 2187 hi
544 2163 705 2187 renuerunt.
726 2158 781 2193 Ego
798 2163 887 2186 autem
910 2165 963 2186 non

177 2208 266 2242 renui,
296 2215 347 2235 nec
370 2205 540 2234 contradico.
565 2203 633 2231 Nam
659 2211 720 2231 cum
748 2203 820 2231 Deus
837 2207 865 2230 et
885 2203 965 2231 Pater

1015 1625 1060 1651 μοι
1076 1616 1202 1650 γλῶσσαν
1225 1617 1350 1648 παιδείας
1369 1617 1416 1643 τοῦ
1433 1617 1535 1651 γνῶναι
1554 1618 1636 1652 ἡνίκα
1650 1618 1693 1644 δεῖ
1717 1620 1802 1645 εἰπεῖν

1012 1662 1101 1696 λόγον,
1119 1663 1166 1689 καὶ
1190 1664 1224 1689 τὰ
1246 1663 1351 1694 τούτοις
1367 1663 1585 1698 ἐπενηνεγμένη..
1606 1663 1654 1690 καὶ
1674 1673 1802 1699 ppu-:1;-

1015 1708 1090 1744 ρίους
1104 1707 1301 1734 ἅνατεινάντων
1317 1708 1568 1744 φωνάς.Εὶστρέχει
1579 1709 1661 1736 πάλιν
1677 1709 1709 1735 τὸ
1720 1710 1801 1737 αὐτοῦ

1014 1754 1160 1789 πρόσωπον
1174 1753 1221 1780 τοῦ
1238 1753 1369 1789 Χριστοῦ,
1382 1754 1432 1789 τὴν
1444 1754 1511 1780 ίδίαν
1524 1754 1649 1790 ὑπακοὴν
1663 1757 1724 1788 ταῖς
1738 1757 1799 1783 Ἰου-

1013 1799 1095 1826 δαίων
1111 1799 1251 1831 ὰπονοίαις
1274 1799 1514 1835 ἀντιπαρατιθέναι
1537 1800 1732 1833 σπουδάζοντος
1743 1823 1750 1834 ,
1769 1801 1800 1828 ἵν’

1013 1845 1167 1880 ὀλοτρόπως
1180 1845 1279 1876 αὐτοὺς
1291 1845 1427 1880 θεομισεῖς
1439 1845 1518 1877 ὄντας
1533 1845 1641 1882 ἐλέγξῃ,
1659 1846 1760 1882 γαῦρόν
1772 1855 1799 1874 τι

1013 1891 1061 1917 καὶ
1068 1891 1158 1926 ἀπηνῆ
1176 1890 1214 1926 τῷ
1233 1890 1358 1918 καλοῦντι
1370 1890 1437 1926 πρὸς
1453 1891 1589 1927 σωτηρίαν
1605 1891 1738 1926 ὺῴοῦντας
1753 1894 1799 1919 αόο

1013 1936 1090 1972 χένα.
1108 1935 1179 1970 Ἐγὼ
1205 1936 1255 1971 μὲν
1279 1935 1334 1971 γὰρ
1352 1936 1484 1972 κέκληκα,
1501 1937 1579 1973 φησὶ,
1598 1937 1646 1964 καὶ
1667 1938 1718 1965 οὐκ
1736 1936 1769 1974 ἦν
1785 1938 1799 1964 6

1014 1982 1171 2009 ὑπακούων.
1188 1982 1314 2018 Ὀκνηροὶ
1327 1982 1455 2017 γεγόνασι
1471 1983 1539 2018 πρὸς
1555 1983 1721 2017 εὐπείθειαν,
1736 1985 1798 2020 βρα-

1015 2028 1070 2059 δεῖς
1083 2028 1131 2054 καὶ
1147 2028 1272 2055 ἀσύνετοι
1285 2028 1425 2060 παντελῶς
1438 2028 1477 2060 εῐς
1490 2037 1522 2063 γε
1533 2029 1564 2055 τὸ
1577 2029 1675 2064 χρῆναι
1691 2032 1760 2057 νοεῖν
1771 2030 1796 2056 τὸ

1014 2072 1108 2099 τελοῠν
1123 2074 1163 2104 εις
1176 2073 1268 2108 δνησιν
1282 2074 1384 2105 αὐτοῖς,
1405 2074 1452 2100 καὶ
1467 2073 1500 2101 τὰ
1512 2074 1545 2101 δι’
1558 2071 1595 2101 ὧν
1610 2073 1645 2110 ἦν
1658 2075 1730 2107 εἰκὸς
1742 2076 1795 2102 δια-

1013 2117 1110 2153 δρᾶναι
1132 2117 1278 2150 δύνασθαι,
1297 2119 1345 2145 καὶ
1362 2118 1421 2146 λίαν
1441 2120 1568 2155 ἀμογητὶ,
1582 2120 1629 2148 καὶ
1644 2120 1695 2155 τῆς
1709 2122 1795 2157 ἁμαρ-

1014 2164 1075 2196 τίας
1092 2164 1141 2199 τὴν
1157 2164 1312 2199 τυραννίδα,
1334 2165 1380 2191 καὶ
1402 2165 1451 2200 τῆς
1467 2165 1623 2201 διαϐολικῆς
1643 2167 1795 2199 σκαιότητος

1015 2209 1064 2241 τὰς
1075 2209 1231 2242 ἐπιϐουλάς.
1240 2210 1309 2237 Ἀλλ’
1320 2211 1397 2239 αὐτοὶ
1412 2211 1460 2246 μὲν
1473 2211 1638 2246 ἠπείθησαν,
1651 2211 1708 2246 ἐγὼ
1719 2212 1794 2239 δὲοὺκ

177 2254 258 2282 vellet
268 2253 423 2281 summatim
441 2250 675 2284 comprehendere
694 2249 783 2277 omnia
800 2249 892 2281 inme,
907 2253 960 2276 tum

1022 2255 1134 2283 ιπειθῶ.
1161 2255 1353 2292 Ἑθελήσαντος
1375 2244 1431 2293 γὰρ
1452 2244 1499 2284 to:
1524 2244 1610 2290 Θεοῦ,
1627 2244 1677 2284 και
1699 2258 1795 2294 Πατρίις

176 2300 311 2332 cmlestia,
337 2303 392 2325 tum
407 2297 489 2324 etiam
512 2297 648 2324 terrestria
662 2306 670 2324 :
686 2296 782 2323 demisi
800 2303 843 2323 me
862 2300 893 2322 ut
916 2303 964 2323 ex-

181 2346 316 2374 inanirem
341 2343 490 2378 meipsum,
519 2346 546 2369 et
573 2342 605 2369 ad
634 2341 758 2369 humanae
785 2341 966 2369 mendicitatis

179 2390 307 2420 descendi
333 2395 499 2421 mensuram,
527 2388 608 2414 homo
625 2395 768 2422 apparens,
793 2392 822 2414 ut
837 2387 966 2415 obediens

179 2443 267 2464 essem
297 2441 384 2468 usque
398 2433 429 2459 ad
444 2437 572 2463 mortem,
593 2437 621 2459 et
639 2421 746 2466 quidem
767 2437 881 2459 mortem
905 2421 967 2459 cru-

179 2482 229 2509 cis.
244 2478 328 2515 692
349 2477 451 2505 l’ra'bu‘i
473 2477 555 2513 igitur
569 2481 672 2511 tergum
689 2484 778 2504 meum
793 2477 826 2503 ad
842 2477 964 2510 verbera,

179 2531 207 2553 ct
220 2532 303 2560 genus
318 2531 393 2551 mea:
406 2523 439 2550 ad
459 2523 562 2558 alapas.
577 2521 686 2550 Faciem
706 2528 795 2549 autem
812 2529 900 2550 meum
915 2530 968 2549 non

180 2571 266 2600 averti
283 2571 315 2598 ab
333 2569 479 2606 ignominia
503 2574 654 2604 spulorum.
675 2567 731 2596 Hoc
751 2569 822 2595 enim
839 2568 864 2595 ei
880 2570 968 2596 conti-

180 2618 219 2653 git
236 2617 299 2652 pati,
315 2625 376 2643 cum
396 2621 424 2643 et
443 2615 597 2643 Iudaeorum
616 2615 768 2650 ignorantia
783 2615 810 2642 in
827 2615 901 2642 illum
918 2616 965 2643 de-

179 2664 369 2695 baccharetur,
382 2667 410 2690 et
424 2661 529 2689 Pilatus
552 2661 638 2696 plagis
659 2661 804 2694 laceraret,
824 2666 852 2688 et
865 2669 898 2688 ex
913 2662 964 2689 im-

180 2711 234 2747 piis
249 2710 380 2738 ministris
400 2717 471 2737 unus
493 2708 687 2737 contumeliose
717 2713 855 2742 tractaret,
878 2710 965 2737 caede-

180 2762 287 2794 retque,
312 2763 340 2785 et
364 2756 461 2792 reliqui
488 2755 656 2791 despuerenl.
679 2754 778 2782 Verum
805 2754 850 2784 hic
870 2757 965 2785 unicus

216 2849 260 2866 "“
269 2847 347 2877 Joau.
366 2856 390 2882 ν,
407 2847 452 2879 39,
473 2847 516 2874 40.
558 2847 580 2863 ³⁸
597 2847 615 2874 ll
634 2847 696 2874 Cor.
716 2853 757 2877 111,
773 2847 815 2879 15,
834 2845 873 2873 Nl.

1017 2302 1311 2337 ἀνακεφαλαιώσασθαι
1325 2303 1359 2330 τὰ
1383 2304 1471 2330 πάντα
1489 2304 1517 2330 ὲν
1533 2303 1605 2338 ἐμοὶ,
1625 2304 1661 2330 τά
1679 2313 1709 2330 τε
1723 2305 1749 2331 ὲν
1762 2304 1794 2339 τῷ

1016 2347 1124 2382 οὐρανῷ
1138 2348 1184 2374 καὶ
1199 2349 1245 2375 ἐπὶ
1258 2349 1307 2383 τῆς
1319 2349 1380 2383 γῆς,
1393 2348 1500 2384 καθῆκα
1512 2349 1580 2384 πρὸς
1594 2349 1710 2376 κένωσιν
1720 2350 1794 2384 ἐμαυ-

1017 2392 1072 2424 τὸν,
1090 2394 1136 2420 καὶ
1152 2395 1181 2420 ὲν
1197 2395 1252 2426 τοῖς
1268 2396 1318 2430 τῆς
1337 2395 1510 2430 ἀνθρωπίνης
1530 2395 1668 2430 πτωχείας
1685 2403 1793 2422 καταπε-

1018 2439 1135 2474 φοίτηκα
1161 2439 1282 2475 μέτροις,
1307 2439 1450 2476 ἄνθρωπος
1472 2440 1601 2475 πεφηνὼς
1619 2441 1664 2467 ἴνα
1688 2442 1794 2476 ὑπήκοος

1018 2484 1153 2520 γένωμαι,
1176 2486 1223 2512 καὶ
1238 2486 1319 2522 μέχρι
1343 2486 1470 2520 θανάτου,
1485 2486 1602 2514 θανάτου
1626 2486 1656 2513 δὲ
1675 2487 1791 2522 σταυροῦ.

1017 2531 1128 2558 Δέδωκα
1142 2531 1231 2558 τοίνυν
1252 2532 1298 2558 τὸν
1316 2532 1399 2559 νῶτόν
1415 2541 1466 2568 μου
1487 2534 1528 2564 είς
1543 2533 1692 2568 μάστιγας,
1709 2534 1754 2565 τὰς
1770 2533 1792 2559 5i

1019 2578 1147 2611 σιαγόνας
1163 2586 1214 2612 μου
1239 2578 1280 2609 εἰς
1296 2579 1466 2614 ῥαπίσματα.
1485 2579 1522 2606 Τὸ
1537 2579 1566 2605 δὲ
1588 2579 1735 2615 πρόσωπόν
1752 2587 1791 2614 μου

1018 2623 1068 2650 οὐκ
1084 2624 1243 2660 ἁπέστρεψα
1266 2624 1322 2651 ἀπὸ
1341 2625 1472 2660 αίσχύνης
1488 2623 1705 2659 ὲμπτυσμάτων.
1722 2623 1792 2651 Ταυτὶ

1018 2668 1073 2704 γὰρ
1087 2669 1162 2705 αὺτῷ
1178 2670 1278 2706 συνέΰη
1293 2670 1401 2703 παθεῖν,
1419 2671 1469 2706 τῆς
1483 2669 1619 2697 Ἰουδαίων
1632 2670 1792 2701 ἀπαιδευσίας

1018 2715 1240 2752 ἑμπαροινούσης
1253 2716 1340 2752 αὐτῷ,
1350 2717 1398 2743 καὶ
1409 2716 1524 2743 Πιλάτου
1537 2715 1587 2751 μὲν
1601 2716 1712 2751 μάστιξι
1725 2725 1792 2743 mw

1019 2760 1165 2795 ξαίνοντος,
1177 2763 1237 2795 ἐνὸς
1251 2763 1279 2790 δὲ
1289 2763 1343 2791 τῶν
1356 2762 1470 2790 ἀνοσίων
1481 2761 1626 2798 ὑπηρετῶν
1637 2761 1790 2798 ὑϐρίσαντος,
