1883 3055
72 166 144 198 5M3

642 172 676 200 1³
697 172 813 201 ISMAM
832 172 896 200 LIB.
917 171 962 201 IV.
982 172 1090 202 (ΕΔΤ.
1103 172 1140 202 ν.

1642 179 1654 205 1
1659 178 1711 205 σοι

73 231 123 257 καὶ
136 230 315 266 ῥαπίσαντος,
328 232 376 260 καὶ
386 233 616 269 κατεμπυόντων
630 233 742 270 ἐτέρων.
758 234 827 261 Ἀλλ’
838 232 872 270 ἧν

968 239 984 262 ιι
997 241 1094 270 scopas
1109 235 1247 270 patientis,
1271 239 1300 263 ιιι
1315 235 1481 264 voluntatem
1504 237 1603 265 bonam
1624 236 1713 265 Patris

72 271 114 306 εἷς
125 274 139 300 ὁ
156 274 261 307 σκοπὸς
276 275 315 311 τῷ
331 277 462 312 πάσχοντι
478 277 510 304 τὸ
532 279 573 310 εἰς
592 278 680 314 πέρας
698 279 870 314 διεξαγαγεῖν

72 319 103 346 sb
119 320 225 354 ἀγαθὸν
250 320 357 357 θέλημα
378 321 426 349 τοῦ
449 323 567 359 Πατρός.
591 324 645 350 Καὶ
663 324 728 358 γοῦν
744 324 796 360 εφη
817 333 869 351 που

71 366 205 402 Χριστὸς,
218 367 259 394 ὅτι
273 375 282 393 t
295 367 481 403 Kasa6é6rpta
503 370 535 395 ἐκ
555 369 602 396 τοῦ
618 370 745 405 οὐρανοῦ,
762 371 812 406 οὐχ
828 371 871 398 ἵνα

71 411 146 438 ποιῶ
160 412 192 439 τδ
211 412 318 448 θέλημα
333 413 365 440 τὸ
384 414 461 449 ὲμδν,
478 414 546 442 ἀλλά
561 415 591 442 τὺ
608 416 714 452 θέλημα
731 416 779 443 τοῦ
796 417 869 452 πέμ-

71 456 178 492 ψαντός
198 466 233 494 με
252 459 368 495 Πατρός.
384 468 394 485 ι
416 459 502 487 Τοῦτο
519 460 547 487 δὲ
569 462 599 487 τὸ
613 461 719 497 θέλημά
738 463 797 488 ἐστι
823 461 872 489 τοῦ

72 503 238 539 πέμψαντός
254 513 298 540 με,
312 514 321 531 t
333 505 392 532 Ἴνα
404 506 459 532 πᾶν
469 505 484 532 ὃ
496 506 599 533 δέδωκέ
613 516 669 542 μοι,
686 508 724 543 μὴ
739 507 872 535 ἁπωλέσω

72 549 105 582 ἐξ
123 550 220 582 αὑτοῦ,
235 551 302 578 ἀλλὰ
316 551 462 588 ἀναστήσω
476 552 558 579 αὑτὸν
578 554 606 579 ἑν
621 555 653 589 τῇ
680 554 781 590 ἐσχάτῃ
803 555 873 590 ἡμέ-

75 604 122 632 ρᾳ.
136 605 147 622 ι
163 597 268 624 οὐκοῦν
281 597 351 634 ὑπέρ
366 607 398 632 γε
417 598 464 625 τοῦ
477 599 650 635 κατορθῶσαι
668 600 724 631 τοῖς
737 601 778 632 εἰς
791 600 873 628 αὑτὸν

75 641 238 668 πιστεύουσι
254 641 303 677 τὴν
318 642 402 678 ζωὴν,
419 644 468 678 οὐχ
489 643 592 679 ὕϐρεις,
611 644 642 670 οὑ
658 644 803 680 μάστιγας,
823 645 873 672 οὐκ

76 688 284 723 ὲμπτυσμάτων
309 690 408 724 πεῖραν
425 689 579 724 ἀπόϐλητον
604 691 763 726 ἐποιήσατο,
782 691 872 718 καίτοι

76 733 145 766 Θεὸς
159 733 198 761 ὢν
214 733 306 769 φύσει,
323 735 368 761 καὶ
384 734 484 770 Κύριος
499 735 638 771 ἀληθινός.
655 734 724 763 Εἶτά
738 745 821 772 φησιν
835 736 873 768 ὥς

75 778 233 816 ᾶνθμυπος,
246 781 300 807 Καὶ
312 781 414 816 Κύριος
427 781 523 816 βοηοός
539 790 590 817 μου
599 782 727 818 ἐγενήθη,
739 783 783 809 διὰ
794 783 874 810 τοῦτο

76 826 129 853 οὒκ
151 826 326 862 ἐνετράπην,
347 826 404 853 ἀλλ’
420 827 506 862 ἔθηκα
529 827 560 854 τὸ
582 828 730 863 πρόσωπόν
759 837 809 864 μου
836 828 874 860 ὡς

78 871 195 907 στερεὰν
212 872 325 908 πέτραν,
342 873 390 900 καὶ
410 872 497 906 ἔγνων
512 873 553 900 ὅτι.
568 873 599 899 οὺ
620 873 657 910 μὴ
671 874 810 909 αἰσχυνοιῦ
832 875 873 902 ὄτι

920 284 1125 314 exsequeretur.
1147 278 1286 313 Siquidet
1302 278 1428 307 Christus
1450 280 1518 308 dixit
1533 290 1539 307 :
1555 289 1565 306 t
1582 279 1712 308 Descendl

921 325 954 352 de
978 325 1060 357 calo,
1088 332 1140 353 non
1168 330 1198 352 ut
1223 325 1321 353 faciam
1343 325 1508 354 voluntatem
1536 335 1635 360 meam,
1665 331 1713 354 seu

922 371 1088 398 voluntatem
1107 372 1166 407 ejus
1187 372 1231 406 qui
1257 372 1331 399 misit
1357 380 1420 399 me:
1438 378 1467 400 ιιι
1489 381 1522 400 ex
1545 373 1618 400 omni
1640 373 1712 407 quod

920 417 996 444 dedit
1016 418 1093 450 mitti,
1119 418 1187 445 nihil
1203 419 1325 452 perdam,
1350 421 1397 446 sed
1423 420 1585 447 resuscitem
1603 419 1668 446 illud
1683 419 1713 446 in

920 467 1046 490 extremo
1059 463 1103 490 die
1115 463 1161 490 ⁸⁶·.
1175 473 1185 489 ι
1204 464 1296 498 Itaque
1311 471 1366 498 quo
1375 469 1536 499 procuraret
1552 465 1593 491 his
1616 464 1661 499 qui
1686 464 1713 491 in

923 509 1010 543 ipsum
1034 509 1149 536 credunt
1174 509 1270 540 vitam.
1294 517 1346 536 non
1368 509 1545 537 contumelias
1568 510 1710 543 recusavit,

922 559 975 579 non
990 553 1114 585 verbera,
1132 560 1185 580 non
1202 559 1342 588 sputorum
1360 555 1547 586 teutationcm,
1564 561 1711 589 quantum-

922 596 964 623 vis
984 596 1056 624 Deus
1067 602 1140 624 esset
1156 603 1252 625 natura
1270 605 1297 625 et
1310 607 1389 626 verus
1404 599 1544 627 Dominus.
1561 601 1604 627 Ait
1617 600 1713 627 deinde

924 644 953 668 ut
971 641 1052 668 homo
1068 650 1076 668 :
1094 641 1225 670 Dominus
1247 643 1314 670 tnilii
1337 644 1445 677 adjutor
1469 645 1556 671 lactus
1572 651 1623 672 est.
1644 644 1714 672 Pro—

923 692 1016 722 pterea
1040 695 1094 714 non
1116 695 1175 715 sum
1200 689 1342 723 confusus,
1362 690 1408 716 sed
1422 691 1497 724 posui
1513 691 1609 718 facicm
1627 699 1713 718 nteant

923 733 994 760 sicut
1008 733 1114 761 firmam
1131 738 1246 768 petram.
1265 735 1299 762 Et
1321 737 1433 770 cognovi
1451 744 1493 763 me
1512 737 1582 763 nulla
1601 737 1715 771 ignomi-

923 779 968 806 nia
993 779 1120 807 aﬂ‘ectutn
1149 780 1194 813 iri,
1215 781 1279 816 quia
1300 789 1384 816 prope
1402 787 1444 809 est
1459 782 1504 817 qni
1519 783 1714 817 tnejustilicat.

925 825 1037 853 Disserit
1059 825 1153 860 igitur,
1171 827 1208 854 uti
1227 827 1294 860 dixi,
1318 827 1437 855 lmmano
1454 835 1539 860 more.
1560 833 1588 855 et
1608 836 1716 862 semper

924 872 1118 899 exinanitionis
1154 880 1290 900 mensura:
1318 878 1509 907 congruenter.
1541 872 1640 900 Verum
1671 873 1714 901 his

77 917 186 951 ἐγγίζει
200 918 215 943 ὁ
232 917 379 950 δικαιώσας
398 927 442 954 με.
462 918 623 953 Διαλέγεται
639 919 688 954 μὲν
708 918 755 946 οὖν
767 920 873 956 ἀνθρω-

968 917 1015 944 'bis
1040 918 1214 946 subiudicare
1236 919 1343 946 videtur
1367 918 1528 953 supplicium
1567 919 1638 954 quod
1662 919 1716 947 illis

77 962 178 994 πίνως,
195 963 232 995 ὡς
249 963 328 998 ἔφην,
341 963 387 990 καὶ
403 964 463 991 κατ’
476 965 571 991 οὐδένα
591 965 691 1001 τρόπον
705 965 874 998 ἀπεοικότως

76 1009 135 1040 τοῖς
150 1009 202 1043 τῆς
223 1009 363 1040 κενώσεως
380 1009 500 1045 μέτροις.
520 1010 595 1046 Πλὴν
607 1011 695 1037 ῐοικεν
721 1012 874 1040 ὑπαινίττε-

78 1054 143 1082 σθαι
153 1055 200 1082 διὰ
212 1055 314 1082 τούτων
330 1055 384 1082 τῶν
406 1055 493 1089 λόγων
507 1056 558 1092 τὴν
570 1057 626 1088 τοῖς
643 1057 732 1092 λόγοις
757 1058 874 1092 ἐγκατα-

78 1100 226 1136 σκὴψσσαν
249 1100 340 1136 δίκην.
367 1101 418 1136 τῆς
441 1102 482 1133 είς
497 1101 577 1129 αὐτὸν
597 1102 756 1135 δυσσεϐείας
781 1104 873 1131 ἕνεκα.

77 1146 180 1180 Γέγονε
204 1146 268 1183 γὰρ.
287 1147 366 1181 φησι,
381 1146 487 1182 Κύριος
502 1147 598 1184 βοηθός
621 1157 682 1184 μου.
699 1149 821 1185 Ὅμοιον,
837 1150 875 1181 ὡς

77 1193 104 1219 el
116 1192 209 1226 λέγοι.
225 1193 321 1224 Δόντος
335 1201 387 1228 μου
403 1193 451 1220 τὸν
465 1193 549 1220 νῶτον
569 1195 607 1226 είς
622 1195 768 1230 μάστιγας,
783 1195 833 1227 τὰς
847 1195 875 1222 δὲ

79 1239 211 1273 σιαγόνας
228 1247 280 1274 μου
299 1240 339 1271 είς
363 1240 534 1275 ῥαπίσματα,
546 1242 713 1273 πεπονθότος
732 1242 760 1269 δὲ
778 1242 825 1269 καὶ
840 1241 876 1268 τὰ

78 1287 127 1313 ἐπὶ
143 1285 182 1321 τῷ
201 1285 308 1321 σταυρῷ
326 1285 411 1322 πάθη,
430 1287 525 1321 γέγονε
542 1287 639 1324 βοηθὸς
655 1289 669 1315 ό
685 1289 792 1325 Πατήρ.
815 1289 877 1315 Ἑπ-

78 1334 170 1368 ήμυνε
191 1332 265 1368 γὰρ,
286 1333 333 1359 καὶ
351 1333 383 1359 οὺ
407 1334 620 1369 συγκεχώρηκεν
640 1335 681 1367 εἰς
696 1335 726 1362 τὸ
745 1335 876 1368 παντελὲς

78 1379 248 1415 ἔντραπῆναι
258 1379 304 1406 τὸν
319 1379 385 1406 ἴδιον
401 1379 476 1413 Υῑὸν,
492 1379 555 1406 οὔτε
574 1380 628 1416 μὴν
647 1381 694 1407 καὶ
711 1390 875 1418 καταισχυν-

78 1425 173 1460 οῆναι.
189 1425 396 1461 Τετιμώρηνται
412 1426 476 1461 γὰρ,
490 1426 536 1453 καὶ
557 1427 611 1453 τῶν
626 1428 665 1459 είς
678 1427 730 1463 ἐμὲ
747 1427 876 1463 πλημμε-

75 1470 211 1506 λημάτων
223 1471 381 1497 ὲκτετίκασι
392 1471 469 1502 δίκας
491 1472 516 1498 οι
536 1471 706 1508 θεομαχῆσαι
727 1472 877 1508 τολμήσαν-

77 1525 136 1548 τες.
168 1516 341 1550 Ἐπινεγκὼν
363 1516 391 1543 δὲ
415 1517 456 1544 δτι
475 1515 596 1551 Ἐγγίζει
614 1518 628 1544 ὸ
647 1516 794 1549 δικαιώσας
821 1525 872 1552 με,

924 963 1073 997 impietatis
1087 965 1113 991 in
1128 964 1215 999 ipsum
1231 972 1295 1000 ergo
1309 965 1450 992 incumbit.
1463 964 1564 992 Factus
1575 970 1616 992 est
1630 965 1714 998 enim,

923 1009 1023 1044 inquit,
1046 1011 1176 1038 Dominus
1203 1011 1267 1037 mibi
1294 1011 1449 1038 auxiliator.
1478 1010 1593 1039 Perinde
1617 1017 1660 1039 est
1684 1020 1716 1039 ac

924 1055 1033 1082 si--licat
1053 1064 1060 1083 :
1083 1056 1150 1084 Cum
1169 1057 1260 1084 darem
1285 1061 1388 1092 tergum
1420 1065 1507 1084 meum
1534 1058 1567 1085 ad
1589 1059 1714 1090 verbera.

923 1106 1044 1136 etgenas
1059 1110 1134 1130 meas
1151 1103 1184 1130 ad
1201 1103 1304 1137 alapas,
1322 1108 1349 1131 et
1363 1104 1516 1137 passionem
1535 1104 1625 1131 crucis
1638 1109 1716 1138 palc-

924 1155 979 1179 rer.
1000 1148 1088 1176 factus
1110 1153 1152 1176 est
1174 1149 1321 1177 auxiliator
1346 1149 1436 1176 Pater.
1468 1149 1609 1177 Succurrit
1630 1151 1715 1183 enim,

923 1200 1014 1228 neque
1032 1195 1169 1222 concessit
1191 1199 1220 1221 ut
1237 1193 1323 1222 Filius
1341 1202 1406 1222 suus
1423 1202 1534 1230 prorsus
1546 1195 1644 1222 rubore
1657 1194 1716 1222 alli-

924 1245 1031 1267 ceretsr
1046 1248 1078 1267 ac
1092 1241 1251 1275 pudelieret.
1267 1240 1332 1268 Nam
1349 1241 1480 1276 supplicio
1493 1241 1581 1268 allecti
1596 1246 1670 1273 sunt,
1688 1245 1716 1267 et

924 1286 1085 1313 delictorum
1115 1294 1225 1314 suorum
1253 1286 1279 1314 in
1303 1294 1345 1314 tne
1374 1294 1470 1322 poenas
1491 1287 1645 1318 solverunt,
1669 1286 1716 1322 qui

926 1332 985 1359 ausi
1001 1336 1064 1359 sunt
1075 1340 1137 1359 cttm
1162 1332 1218 1360 Deo
1237 1339 1365 1367 pugnare.
1383 1332 1451 1360 Cum
1475 1331 1598 1367 adjungit
1610 1341 1617 1359 ε
1630 1331 1717 1367 Prope

923 1380 967 1403 est
984 1376 1030 1411 qui
1044 1384 1087 1404 me
1096 1376 1240 1412 juslilicat,
1252 1377 1390 1412 eleganter
1401 1384 1496 1404 rursus
1508 1377 1594 1404 innuit
1609 1385 1716 1412 poenam

927 1421 954 1449 in
967 1422 1042 1450 illum
1058 1422 1250 1450 bacchantium
1264 1431 1317 1450 non
1331 1424 1426 1450 abesse
1440 1423 1545 1458 procul,
1558 1431 1608 1451 nec
1620 1424 1717 1451 deinde

927 1469 1193 1501 procrastinamlam,
1211 1470 1258 1496 sed
1272 1468 1347 1496 velut
1365 1476 1449 1504 prope
1466 1476 1537 1504 esse,
1556 1475 1583 1497 et
1597 1469 1718 1504 ipsorqu

928 1514 1061 1542 factorum
1093 1517 1220 1543 comitem
1252 1516 1312 1545 fore
1350 1517 1429 1552 quasi
1466 1522 1494 1544 et
1529 1517 1716 1553 pedisequam.

78 1562 162 1590 πάλιν
181 1548 319 1598 ὑπέφηνεν
340 1562 466 1594 ἀστείως,
487 1548 536 1589 ουκ
562 1548 602 1594 εἰς
624 1563 743 1598 μακρὰν,
760 1548 875 1596 οὐδ’-εἰς

968 1560 1075 1588 stilicari
1097 1566 1189 1589 autent
1215 1562 1332 1590 dicimus
1363 1562 1478 1595 Filium,
1505 1563 1717 1597 quodammodo.

79 1609 232 1644 ἀνάὂλησιν
246 1608 281 1635 τὰ
294 1609 344 1643 τῆς
357 1608 436 1643 δίκης
450 1609 594 1645 δραμεῖται
605 1608 660 1636 τῶν
674 1609 714 1640 είς
729 1609 810 1636 αὐτὸν
827 1617 874 1636 πε-

79 1654 296 1691 παρῳνηκότων,
308 1654 366 1681 ἀλλ’
383 1652 438 1681 οἷον
457 1655 551 1690 ἐγγὺς,
569 1655 617 1682 καὶ
637 1656 709 1682 κατὰ
725 1654 809 1687 πόδας
824 1654 874 1690 βα-

78 1702 178 1729 διεῖται
189 1701 244 1728 τῶν
255 1701 474 1736 ὶγχειρημάτων.
485 1700 716 1728 Δεδικαιῶσθαιδέ
729 1709 818 1735 φαμεν
829 1700 874 1727 τὸν

84 1747 150 1775 Υίὸν
164 1747 236 1775 κατὰ
253 1747 353 1774 τοιόνδε
368 1747 430 1774 τινὰ.
442 1747 554 1783 τρόπον.
569 1747 678 1782 Ἐπειδὴ
692 1746 747 1782 γὰρ
761 1747 826 1774 ὂντα
840 1747 876 1774 δί-

79 1804 170 1829 καιον,
194 1796 242 1822 καὶ
261 1795 320 1821 κατ’
336 1795 430 1821 οὐδένα
450 1795 560 1831 τρόπον,
574 1794 614 1826 ὡς
637 1794 728 1829 ἔνοχον
743 1793 874 1828 γεγονότα

80 1842 253 1877 πταίσμασιν
275 1841 435 1868 ἀποκτεῖναι
451 1841 645 1876 τετολμήκασι,
660 1839 873 1875 τετιμώρηνται,

80 1889 211 1924 καθάπερ
221 1888 301 1923 ἔφην,
312 1888 360 1914 καὶ
369 1889 386 1924 ἡ
395 1888 449 1914 τῶν
456 1886 630 1914 πεπονθότων
641 1887 751 1918 κόλασις
759 1886 790 1912 τὸ
798 1885 875 1912 ἀνεύ-

82 1935 161 1962 θυνον
175 1933 315 1965 παντελῶς
329 1933 526 1969 μεμαρτύρηκε
540 1932 578 1969 τῷ
588 1934 653 1969 παρ’
661 1932 750 1959 αὐτῶν
759 1931 874 1964 ἀνοσίως

81 1980 283 2016 ἒξυϐρισμένῳ.
302 1979 374 2014 Ἔφη
398 1987 428 2006 τι
450 1978 571 2005 τοιοῦτον
589 1980 604 2005 ὁ
620 1978 687 2010 Θεὸς
704 1977 750 2005 καὶ
767 1978 862 2013 Πατήρ

84 2035 94 2052 t
107 2026 164 2052 Καὶ
186 2024 267 2052 δώσω
285 2024 348 2056 τοὺς
367 2024 503 2059 πονηροὺς
525 2024 586 2050 ἀντὶ
610 2024 660 2059 τῆς
674 2024 763 2058 ταφῆς
781 2022 875 2054 αὐτοῦ,

81 2072 129 2098 καὶ
146 2071 212 2103 τοὺς
226 2070 372 2101 πλουσίους
387 2070 448 2096 ἀντὶ
458 2069 505 2096 τοῦ
517 2069 634 2096 θανάτου
651 2069 745 2096 αὑτοῦ.
762 2077 772 2095 ι
789 2069 876 2096 Πλου-

81 2119 158 2149 σίους
178 2117 208 2143 δὲ
222 2117 270 2144 καὶ
282 2116 428 2152 πονηροὺς,
444 2116 508 2147 τοὺς
525 2115 579 2142 τῶν
604 2116 740 2142 Ἰουδαίων
751 2115 875 2150 καθηγη-

927 1607 995 1634 Cum
1011 1607 1083 1635 enim
1096 1608 1198 1642 justum
1213 1614 1240 1636 et
1253 1609 1326 1636 nullo
1340 1610 1420 1637 modo
1434 1609 1595 1638 criminibus
1610 1608 1717 1636 allineut

928 1655 1054 1682 occidere
1081 1655 1141 1682 ausi
1168 1655 1296 1689 fuissent,
1327 1661 1355 1682 ut
1379 1655 1445 1688 dixi,
1474 1655 1606 1690 supplicio
1628 1655 1718 1682 aﬂ'ectl

927 1705 1008 1733 sunt;
1025 1705 1052 1728 et
1065 1702 1171 1735 punitio
1187 1709 1280 1729 eorum
1298 1701 1343 1736 qui
1362 1703 1437 1736 passi
1454 1706 1526 1733 sunt,
1545 1701 1618 1729 illius
1633 1706 1717 1729 testa-

927 1752 975 1774 tur
993 1747 1176 1775 innocentiam
1203 1749 1248 1782 qui
1272 1748 1306 1775 ab
1331 1748 1385 1775 illis
1404 1748 1598 1776 contumeliose
1623 1749 1717 1783 exagi-

929 1797 1000 1820 tatus
1019 1797 1102 1821 estet
1119 1793 1210 1829 impie.
1236 1794 1393 1829 Cujustnodi
1416 1799 1458 1821 est
1480 1795 1550 1828 quod
1564 1795 1631 1821 dixit
1647 1794 1717 1822 Deus

927 1843 954 1865 et
968 1838 1067 1866 Pater:
1088 1849 1099 1866 ι
1111 1839 1145 1867 Ει
1154 1840 1224 1868 dabo
1240 1841 1325 1868 malos
1341 1848 1389 1875 pro
1401 1840 1483 1877 693
1495 1839 1630 1874 sepultura
1644 1839 1716 1874 ejus,

925 1889 954 1913 et
973 1885 1073 1913 divites
1085 1894 1134 1920 pro
1151 1891 1239 1913 morte
1252 1887 1310 1921 ejus
1324 1887 1358 1914 ³⁸.
1373 1896 1382 1913 ι
1398 1888 1497 1914 llivites
1516 1892 1542 1914 et
1558 1886 1653 1919 malos,
1667 1884 1717 1912 Ju-

926 1931 1047 1959 daeorum
1062 1932 1145 1959 duces
1165 1932 1298 1960 nominat.
1318 1933 1424 1960 Etenim
1440 1933 1586 1967 cupiditate
1602 1933 1719 1959 incredi-

926 1976 974 2004 bili
990 1977 1128 2009 ardentes,
1144 1982 1288 2012 propterca
1305 1978 1330 2005 in
1347 1979 1417 2006 banc
1430 1978 1531 2006 detrusi
1550 1982 1615 2006 sunt
1639 1978 1717 2005 mali-

928 2023 1003 2051 tiam.
1022 2023 1089 2050 Nam
1105 2023 1168 2050 licet
1187 2024 1362 2059 agnovissent.
1377 2026 1462 2057 illum,
1479 2026 1606 2052 dixerunt
1620 2033 1627 2051 :
1644 2033 1654 2050 ι
1669 2024 1718 2051 Hic

927 2072 969 2096 est
985 2069 1091 2095 Ιιωηιιε
1119 2068 1221 2102 venite,
1246 2069 1402 2096 occidamus
1424 2077 1496 2103 eum,
1514 2075 1541 2097 et
1555 2076 1717 2103 occupemus

927 2113 1007 2142 nobis
1023 2114 1089 2149 ipsis
1106 2114 1292 2142 hereditatem
1309 2115 1368 2150 ejus
1382 2115 1426 2143 "‘.
1441 2125 1451 2143 ι

80 2166 130 2197 τὰς
147 2165 286 2200 ὀνομάζει.
308 2164 529 2200 Φιλοχρηματίαν
567 2164 622 2200 γὰρ
646 2163 789 2196 νοσοῦντες
825 2164 953 2199 ἐσχάτην,
991 2163 1230 2199 κατεκομίσθησαν
1259 2164 1293 2190 δι’
1317 2165 1417 2200 αὐτῆς,
1438 2165 1478 2197 εἱς
1499 2166 1549 2201 τὴν
1566 2166 1611 2193 ἐπ’
1644 2164 1719 2202 αὑτῷ

79 2213 228 2249 πονηρίαν.
242 2212 338 2239 Καίτοι
356 2212 411 2248 γὰρ
433 2213 622 2247 ἐπεγνωκότες
638 2211 720 2240 αὐτὸν
738 2211 872 2246 ἔφασκον·
896 2221 906 2238 ι
937 2208 1023 2244 Οὗτός
1044 2212 1118 2238 ἐστιν
1138 2212 1153 2238 ό
1175 2210 1360 2247 κληρονόμος·
1384 2211 1473 2246 δεῦτε,
1501 2213 1716 2249 ἀποκτείνωμεν,

81 2261 130 2288 καὶ
142 2259 253 2296 σχῶμεν
267 2260 372 2292 ἑαυτοῖς
388 2259 438 2296 τὴν
452 2259 634 2296 κληρονομίαν
650 2258 744 2286 αὑτοῦ.
758 2269 768 2285 ι

121 2309 170 2342 Τις
184 2310 202 2336 ὀ
221 2310 397 2344 κρινόμενός
415 2317 484 2344 μοι;
506 2307 675 2343 ἁντιστήτω
699 2307 768 2343 ἅμα.
791 2308 839 2340 Τίς
861 2307 877 2334 d
893 2307 917 2337 D

80 2356 263 2390 κρινόμενός
270 2364 339 2391 μοις
357 2355 504 2391 ὲγτισάτω
516 2364 577 2390 μοι.

118 2443 184 2470 ὀτι
199 2444 249 2479 μὲν
260 2444 373 2477 δίκαιος,
390 2444 436 2470 καὶ
451 2444 540 2476 anno;
552 2443 590 2470 ὢν
604 2443 744 2475 παντελῶς
754 2450 761 2457 ·
775 2443 805 2470 οὐ
822 2442 877 2477 γὰρ

81 2488 215 2525 εποίησεν
239 2489 389 2524 ἁμαρτίας·
412 2488 461 2521 τὰς
485 2489 518 2515 ὲκ
541 2488 597 2514 τῶν
617 2487 750 2514 Ἰουδαίων
773 2486 877 2521 ὑπέστη

81 2535 240 2570 παροινίας,
265 2534 433 2562 πιστώσεται
446 2534 534 2568 λέγων
551 2534 599 2561 καὶ
613 2533 695 2565 αὐτὸς
710 2534 724 2559 ὁ
735 2532 877 2563 Θεσπέσιος

82 2580 231 2616 προφήτης
244 2581 308 2614 περὶ
321 2580 404 2607 αὑτοῦ
413 2587 422 2594 ”
435 2589 445 2606 t
458 2579 540 2606 Ἴδετε
551 2579 590 2610 ὡς
598 2579 613 2605 ὸ
624 2578 728 2609 δίκαιος
743 2577 877 2609 ἀπώλετο,

83 2625 132 2652 καὶ
148 2625 238 2657 οὐδεὶς
261 2625 400 2661 indixerat.
419 2627 452 2661 τῇ
469 2624 578 2661 καρδίᾳ.
596 2633 606 2650 ι
626 2624 681 2651 Καὶ
695 2623 776 2650 πάλιν
793 2623 830 2654 ὡς
846 2623 878 2649 ix

82 2670 235 2706 προσώπου
257 2670 313 2697 τῶν
339 2670 475 2697 Ἰουδαίων
499 2670 566 2705 περὶ
591 2669 693 2696 αὑτοῦ·
714 2678 724 2694 t
748 2668 879 2704 Δήσωμεν

80 2718 130 2745 τὸν
148 2717 265 2750 δίκαιον,
288 2718 332 2744 ὅτι
351 2717 518 2754 δύσχρηστος
534 2718 600 2752 ἡμῖν
625 2717 693 2743 ἐστι.
712 2725 722 2741 ι
740 2715 793 2742 Καὶ
812 2714 877 2741 αὐτὸ

82 2763 114 2789 δὲ
128 2761 161 2789 τὺ
171 2764 268 2798 χρῆμα
289 2763 457 2798 διαδοήσειεν
475 2762 517 2789 ἄν.
529 2762 585 2797 Τὴν
601 2761 655 2797 γάρ
668 2769 709 2787 τοι
727 2760 812 2793 θείαν,
831 2760 877 2786 καὶ

83 2809 226 2844 ἀκήρατον
245 2808 294 2836 τοῦ
311 2809 391 2843 λόγου
406 2808 496 2844 φύσιν,
514 2808 573 2840 πῶς
594 2805 630 2844 ἦν
651 2806 763 2842 ινικτὸν
786 2807 877 2842 ἀμαρ-

976 2303 1058 2331 Vens.
1074 2303 1100 2330 8.
1125 2303 1192 2337 Qui:
1219 2308 1257 2331 est
1282 2304 1327 2338 qui
1356 2303 1442 2340 litigat
1467 2306 1593 2332 metum?
1612 2306 1717 2332 resislal

926 2349 990 2377 milli
1015 2350 1103 2376 simul.
1133 2349 1165 2376 Et
1184 2351 1242 2385 quis
1265 2358 1366 2377 mecum
1396 2351 1510 2386 litigat?
1531 2352 1717 2386 appropinquel

926 2395 1002 2422 milii.

961 2441 1040 2474 Quod
1053 2441 1144 2476 justus
1167 2447 1194 2469 et
1216 2442 1295 2477 plene
1318 2442 1410 2470 insons
1426 2443 1471 2474 sit.
1489 2451 1539 2471 nec
1555 2444 1649 2470 fecerit
1671 2444 1717 2470 illa

928 2491 1037 2522 peccata
1065 2494 1125 2521 qua:
1147 2486 1230 2515 Judaei
1250 2496 1282 2515 ex
1298 2489 1508 2516 debacchatione
1537 2489 1574 2516 illi
1597 2489 1717 2524 impege-

928 2536 1001 2567 runt,
1015 2533 1186 2561 conﬁrmabit
1217 2534 1329 2569 ipsemet
1345 2536 1425 2563 etiam
1449 2536 1557 2563 divinus
1584 2536 1716 2571 propheta

929 2579 1027 2612 Isaias,
1042 2579 1136 2607 dicens
1161 2579 1194 2607 de
1209 2588 1258 2608 eo:
1276 2592 1284 2606 ι
1303 2581 1396 2610 Videte
1424 2583 1486 2618 quia
1510 2581 1600 2616 justus
1626 2583 1716 2617 periit.

928 2629 956 2653 et
977 2632 1056 2653 nemo
1080 2626 1237 2653 attendit“.
1259 2636 1270 2653 ι
1289 2627 1322 2654 Et
1337 2628 1433 2656 iterum
1452 2629 1526 2657 velut
1550 2630 1576 2657 in
1600 2637 1715 2665 persona

929 2670 1081 2699 Judzeorum
1106 2671 1140 2699 de
1155 2679 1187 2698 eo
1203 2681 1209 2700 :
1228 2681 1237 2698 ι
1252 2672 1379 2708 Ligemus
1400 2675 1513 2710 justum.
1527 2676 1588 2711 quia
1617 2675 1718 2703 inutilis

931 2722 972 2744 est
995 2718 1073 2746 nobis
1087 2717 1118 2744 δ’.
1142 2727 1151 2743 ι
1168 2717 1225 2746 Hoc
1239 2718 1320 2746 etiam
1344 2726 1388 2747 res
1409 2720 1466 2755 ipsa
1487 2720 1596 2748 clamat.
1613 2721 1717 2748 Etenim

930 2762 1020 2789 divina
1046 2767 1073 2789 et
1100 2762 1205 2790 sincera
1233 2763 1308 2791 verbi
1343 2768 1450 2798 natura,
1473 2769 1502 2792 ut
1525 2766 1560 2794 ab
1589 2773 1622 2794 eo
1644 2765 1718 2800 quod

931 2807 1057 2836 decorum
1087 2808 1191 2843 ipsique
1220 2809 1384 2838 conveniens
1414 2815 1455 2838 est
1479 2811 1596 2846 aberret,
1613 2810 1717 2838 delicti-

119 2900 155 2917 ³³·
167 2898 246 2927 Jon.
261 2907 300 2934 vt,
313 2899 359 2934 58,
377 2900 421 2928 ω.
460 2901 483 2917 ³⁸
497 2900 546 2928 lsa.
567 2907 625 2932 un,
638 2897 665 2926 9.
704 2898 739 2914 ⁸⁹’
754 2897 849 2925 Μειιιίι.
872 2905 877 2924 I

989 2897 1076 2927 “Ian.
1101 2906 1164 2931 uti.
1189 2899 1215 2926 l.
1253 2900 1274 2916 δ’
1292 2900 1356 2935 Sap.
1371 2907 1399 2933 tt,
1417 2899 1461 2926 li.
