1883 3055
93 175 163 202 1105

661 175 697 203 ΙΝ
718 175 834 203 ISAIAM
856 175 920 204 LlB.
943 175 986 204 IV.
1008 175 1110 204 ORAT.
1135 177 1164 204 Υ.

1647 180 1712 208 1106

91 230 258 266 ἁγιαζούσης
271 231 298 257 ὲν
315 230 465 266 Πνεῦματι,
481 231 527 258 καὶ
538 231 568 258 τὸ
588 232 711 268 λαμπρὸν
725 234 775 267 τῆς
790 235 831 260 υῑο

968 239 1074 261 “autem
1086 234 1198 269 justum,
1214 242 1266 261 non
1289 235 1360 262 velut
1375 235 1547 271 proﬂigantes
1572 238 1635 264 illud
1659 243 1685 265 et
1697 247 1711 265 η

91 278 152 309 σίας
171 277 364 312 περιποιούσης
384 278 522 313 καύχημα.
537 277 668 306 Διώκουσι
682 280 710 306 δὲ
724 280 753 306 τὸ
765 280 876 312 δίκαιον,

89 324 139 358 οὐχ
160 323 196 354 ὡς
218 323 375 354 ἐλαύνοντες
396 323 470 352 αὐτὸ,
501 323 613 359 καὶτῆς
634 325 737 352 ἑαυτῶν
759 326 877 360 ἀποστή-

90 377 188 400 σαντες
200 369 327 399 διανοίας,
347 368 405 395 ἀλλ’
422 369 459 400 ὡς
473 370 516 395 ἐπ’
531 370 595 396 αὐτὸ
606 371 755 406 τρέχοντες.
773 372 815 398 ἵνα
831 372 878 398 καὶ

89 414 276 440 καταλάϐωσι.
297 413 422 440 Τοιοῦτόν
432 423 457 440 τι
474 415 521 441 καὶ
535 416 548 441 ὁ
559 415 702 446 θεσπέσιος
714 416 764 451 ἔφη
779 417 860 443 Δαῦἰδ
869 425 875 431 ·

92 468 101 484 t
116 460 239 494 Ζήτησον
251 459 372 494 εἰρήνην,
391 460 437 485 καὶ
457 459 551 492 δίωξον
569 461 664 496 αὑτήν.
679 471 688 486 ›
711 463 812 495 Ἥγουν
831 462 878 488 καὶ

89 505 150 531 κατ’
166 506 254 531 ἐκεῖνο
265 506 380 538 νοήσεις,
394 505 408 531 ὃ
424 506 565 540 ἐνήνεκται
585 507 670 540 λέγων
686 509 748 542 παρ’
765 507 804 534 ἑνὶ
825 508 878 534 τῶν

88 551 176 585 ἁγίων
204 550 366 586 προρητῶν·
390 551 432 577 Ἐν
452 551 504 577 τίνι
531 552 676 579 καταλάϐω
698 553 742 579 τὴν
765 549 875 588 Κύριον,

88 597 273 632 ἀντιλήψομαι
288 596 354 622 Θεοῦ
373 606 423 631 μου
438 597 567 631 ὑψίστοιη
590 598 721 626 Διώκουσι
740 601 829 626 τοῐνυν
848 601 878 626 τὸ

89 643 207 675 δίκαιον,
224 644 261 676 ὼς
276 645 354 680 ἔφην,
373 646 416 672 ἵνα
427 646 551 682 εὑρόντες
569 647 738 682 ἁρπάσωσιν.
762 645 841 674 Οὗτοι
855 649 877 674 δ’

89 687 122 714 ἂν
142 686 198 715 εἶεν
222 690 247 716 οἱ
267 692 314 717 καὶ
342 691 421 717 αὑτὸν
436 691 578 727 ζητοῦντες
600 693 645 719 τὸν
665 693 776 729 Κύριον,
806 693 877 720 τοῦτ’

89 733 151 760 ἔστι
181 736 227 762 τὸν
256 737 383 772 Χριστόν.
400 738 565 774 Εὑρίσκουσι
594 738 648 774 γὰρ
675 739 719 766 διὰ
746 739 874 771 πίστεως,

89 780 238 813 καλοῦντος
261 783 300 814 είς
329 783 407 810 τοῦτο
427 785 525 817 αὐτοὺς
540 784 586 811 τοῦ
605 784 672 812 Θεοῦ
696 786 742 812 καὶ
761 786 875 820 Πατρός.

89 826 147 852 Καὶ
166 827 230 860 γοῦν
248 827 297 863 ἔφη
322 837 372 856 που
393 831 507 865 Χριστὸς
525 832 581 862 τοῖς
609 831 741 858 Ἰουδαίων
761 832 875 866 δήμοις”

92 872 174 915 χΜὴ
211 873 358 907 γογγύζετε
390 875 448 909 μετ’
474 875 606 911 ἀλλήλων.
643 877 736 908 Οὐδεὶς
766 877 877 904 δύναται

90 917 179 943 ἐλθεῖν
190 918 257 954 πρὸς
267 928 310 953 με,
326 920 372 946 ἐὰν
386 920 422 955 μὴ
431 922 446 950 ῥ
456 921 561 956 Πατὴρ,
571 923 584 948 ὁ
597 921 707 957 πέμψας
719 931 763 957 με,
776 923 878 959 ἐλκύσῃ

88 963 183 989 αὐτόν.
197 973 206 988 ι
237 964 308 999 Πλὴν
327 966 414 992 ἐκεῖνο
428 966 505 1001 ἄθρει
516 975 523 982 ·
545 967 770 1002 Προσδιαλέγεται
784 970 797 995 ὁ
812 969 878 1000 Θεὸς

87 1008 119 1034 οὗ
135 1009 218 1035 πᾶσιν
234 1009 336 1041 ἁπλῶς,
350 1011 472 1049 ,ἐκείνοις
494 1011 522 1038 δὲ
546 1013 645 1048 μᾶλλον
669 1013 748 1048 οἵπερ
768 1014 801 1040 ἂν
823 1013 878 1041 εἷεν

87 1054 234 1087 διώκοντες
250 1056 299 1090 μὲν
315 1056 344 1083 τὸ
365 1057 478 1088 δίκαιον,
500 1057 643 1092 ζητοῦντες
664 1059 693 1086 δὲ
711 1061 764 1087 καὶ
784 1061 875 1095 αὑτὸν,

87 1100 163 1126 κατά
174 1109 206 1134 γε
222 1102 284 1133 τοὺς
297 1102 396 1137 ἀρτίως
407 1104 472 1138 ἡμῖν
489 1103 649 1139 εἰρημένους
665 1105 790 1140 τρόπους.
806 1107 877 1134 Οὐκ-

86 1146 137 1172 οῦν
159 1147 320 1174 θεοδίδακτοι
341 1149 439 1180 πάντες
454 1150 522 1176 εἰσὶν
541 1151 565 1176 οἱ
578 1151 622 1177 διὰ
645 1151 762 1184 πίστεως
777 1154 827 1188 τῆς
848 1155 877 1180 ἐν

89 1193 202 1228 Χριστῷ
216 1194 378 1229 κεκλημένοι
396 1196 463 1231 πρὸς
479 1196 625 1230 ἐπίγνωσιν
642 1198 780 1233 ἀληθείας.
802 1199 834 1225 Τί
855 1200 877 1227 δ’

89 1238 123 1264 ἂν
154 1238 273 1272 βούλοιτο
296 1240 392 1275 δηλοῦν
424 1241 472 1268 καὶ
497 1241 551 1268 τῶν
580 1243 689 1269 ἐννοιῶν
711 1244 727 1279 ἡ
749 1243 873 1279 δύναμις,

89 1283 209 1318 ἐροῦμεν
234 1284 270 1315 ὡς
291 1284 340 1311 ἔνι.
366 1285 483 1321 Πλείστη
504 1286 553 1321 μὲν
575 1288 629 1322 γὰρ
645 1287 693 1322 ὅση
710 1297 750 1319 τις
772 1286 806 1323 ἦν
823 1289 878 1316 τῶν

93 1329 231 1355 Ἰουδαίων
245 1329 357 1365 πληθὺς,
375 1331 506 1365 ὀλιγοστοὶ
517 1332 545 1358 δὲ
563 1333 701 1365 παντελῶς
717 1335 739 1360 οἱ
751 1333 779 1367 ἐξ
789 1334 878 1361 αὐτῶν

87 1373 296 1405 πιστεύσαντες.
313 1375 383 1411 Πλὴν
395 1376 434 1402 ὅτι
448 1377 628 1412 προϐήσονται
641 1378 712 1404 κατὰ
730 1380 842 1414 καιροὺς
853 1380 878 1405 οἱ

88 1419 286 1452 πιστεύσαντες
311 1421 351 1452 εὶς
369 1421 486 1457 ἀριθμοῦ
512 1423 651 1457 κρείττονα
667 1423 779 1459 πληθὺν,
794 1433 878 1460 προσ-

86 1464 277 1499 ενηνεγμένων
291 1467 346 1497 τοῖς
363 1467 395 1493 ὲκ
407 1469 559 1503 περιτομῆς
581 1470 628 1495 καὶ
642 1470 691 1504 τῆς
708 1470 875 1506 καλουμένης

87 1509 290 1542 ἀκροΰυστίας,
315 1510 386 1537 τοῦτ’
410 1511 467 1538 ἐστι
487 1512 542 1538 τῶν
567 1513 668 1545 ὲθνῶν,
693 1514 759 1541 Θεοῦ
787 1515 879 1541 συλλέ-

931 286 1019 307 mente
1029 288 1076 307 sua
1089 280 1261 314 expellentes.
1273 281 1318 308 sed
1339 282 1411 308 velut
1427 281 1460 308 ad
1479 282 1504 309 id
1514 288 1666 315 currentes,
1684 289 1713 310 ut

930 331 1118 360 assequuntur.
1128 326 1282 358 Cujusmodi
1295 331 1335 353 est
1357 329 1428 361 quod
1446 328 1513 355 dixit
1535 328 1615 355 etiam
1645 329 1713 356 divi—

929 379 978 398 ntts
997 370 1079 398 David
1095 380 1101 398 :
1124 381 1132 397 t
1143 371 1238 405 Qutere
1253 380 1355 406 pacem,
1370 378 1396 400 et
1418 381 1578 408 persequere
1593 382 1651 402 eam
1659 374 1709 401 δ’.»

931 418 1045 444 Scilicet
1059 418 1136 452 juxta
1152 418 1214 445 illud
1230 419 1311 445 etiam
1326 419 1563 454 intelligesquoda
1582 420 1712 455 propheta

929 469 1022 490 sancto
1038 465 1162 498 qut-piant
1173 465 1295 494 infertur.
1313 465 1420 492 dicente
1434 475 1440 493 :
1455 465 1481 492 lu
1491 473 1545 500 quo
1561 466 1712 501 apprehen-

929 510 988 535 tlaut
1004 509 1143 536 Dominum
1158 510 1169 536 ?
1184 511 1328 545 suscipiam
1342 511 1424 539 Deum
1436 519 1524 538 meum
1537 512 1709 540 altissimum.

930 554 1010 588 700
1023 554 1224 589 Persequuntur
1238 555 1330 590 igitur,
1355 560 1383 582 ιιι
1411 555 1477 588 dixi,
1508 557 1578 590 quod
1607 557 1711 590 justum

928 605 980 632 est,
998 604 1026 626 ut
1036 608 1095 626 cum
1107 600 1258 627 invenerint
1276 601 1420 635 arripiant.
1434 601 1463 628 lli
1477 606 1540 628 sunt
1553 602 1599 636 qui
1623 602 1710 636 ipsum

929 650 1052 679 quaerunt
1080 645 1239 678 Dominum,
1263 647 1288 673 id
1312 652 1353 674 est
1384 646 1532 676 Christum.
1563 648 1710 675 lnveniunt

928 692 998 718 enim
1015 699 1061 726 per
1077 691 1165 724 fidem,
1182 697 1293 719 vocante
1313 694 1345 718 ad
1369 693 1418 720 hnc
1438 701 1484 720 eos
1501 693 1554 721 Deo
1570 698 1597 721 et
1618 693 1709 722 Patre.

929 736 1066 771 Siquidem
1095 738 1163 764 dixit
1179 738 1300 765 Christus
1321 737 1435 765 Judaico
1459 739 1573 773 popttlo:
1593 747 1603 765 ‹
1626 739 1712 766 Nolite

928 791 1099 810 murmurare
1111 784 1180 810 inter
1195 791 1251 810 vos.
1265 783 1350 810 Nemo
1364 788 1451 818 potest
1480 785 1571 811 venire
1589 785 1622 812 ad
1651 792 1707 817 me,

929 827 977 854 nisi
994 827 1084 860 Pater,
1098 828 1142 862 qui
1163 828 1236 854 misit
1263 835 1314 860 me,
1335 829 1447 855 traxerit
1462 837 1522 856 ettm
1537 829 1569 856 ⁸⁸.
1584 838 1593 855 ι
1613 829 1714 857 Verum

929 872 991 899 illud
1017 874 1127 900 observa
1146 883 1152 901 :
1166 873 1270 901 AlTatnr
1282 875 1349 901 Dens
1366 883 1417 901 non
1432 883 1525 903 omnes
1541 876 1709 910 simpliciter.

929 919 973 944 sed
989 919 1048 946 illos
1067 920 1154 953 potius
1165 921 1211 954 qui
1230 927 1430 955 persequuntur
1450 923 1522 956 quod
1535 922 1639 957 justum
1654 928 1706 955 est,

930 965 1008 999 idque
1028 967 1203 999 quaeruutltis
1214 967 1257 1000 qui
1270 967 1324 1000 jam
1338 968 1470 994 dictismtt
1493 969 1588 996 modis.
1618 968 1717 1003 Itaque-

928 1019 943 1037 a
965 1010 1019 1037 Deo
1034 1010 1104 1037 docti
1119 1015 1181 1038 sunt
1198 1019 1293 1039 omnes
1317 1014 1361 1046 qui
1392 1020 1440 1047 per
1456 1012 1534 1040 [idem
1552 1014 1578 1041 in
1601 1013 1709 1041 Christo

928 1055 1014 1082 vocati
1032 1059 1094 1082 sunt
1110 1055 1142 1082 ad
1155 1055 1320 1090 agnitionem
1337 1057 1470 1084 veritatis.
1484 1057 1553 1090 Quid
1566 1062 1656 1085 autem
1669 1059 1709 1085 si-

928 1101 1069 1135 gniﬁcetur
1084 1101 1126 1128 Itis
1138 1102 1291 1134 sententiis,
1306 1102 1393 1136 quoad
1409 1103 1566 1136 poterimus,
1576 1103 1708 1131 dicemus.

928 1146 1042 1174 Maxima
1059 1147 1129 1173 enim
1139 1152 1197 1174 erat
1208 1147 1348 1174 multitudo
1358 1147 1522 1180 Judtcorum,
1542 1149 1588 1176 sed
1601 1149 1719 1177 omninov

929 1193 1080 1227 paucis-simi
1093 1201 1125 1219 ex
1140 1193 1181 1220 his
1191 1194 1370 1221 crediderunt.
1398 1194 1496 1221 Verum
1513 1194 1583 1228 quod
1613 1201 1710 1221 excre-

928 1243 1004 1265 scent
1030 1239 1194 1272 temporibus
1221 1239 1280 1266 suis
1300 1240 1441 1266 credentes
1469 1240 1494 1266 in
1513 1239 1708 1267 multitudinem

929 1284 1159 1316 innumerabilem,
1171 1285 1298 1320 adjuncto
1323 1284 1365 1311 his
1380 1285 1425 1319 qui
1439 1292 1471 1311 ex
1501 1285 1710 1311 circumcisione

927 1335 1002 1362 sunt,
1019 1331 1160 1366 praeputio,
1177 1335 1206 1358 ut
1228 1335 1350 1363 vocatur,
1375 1331 1401 1357 id
1424 1335 1465 1357 est
1491 1330 1626 1365 gentibus,
1654 1330 1710 1358 Deo

929 1377 1082 1411 colligente,
1096 1382 1209 1404 conatur
1221 1378 1345 1412 probare,
1361 1382 1470 1411 sumpto
1481 1376 1572 1404 divino
1587 1377 1710 1405 Abraha-

929 1430 982 1454 mo,
994 1428 1091 1449 etcum
1110 1431 1142 1450 eo
1155 1422 1247 1457 Sarra,
1261 1422 1375 1458 exempli
1388 1430 1468 1450 causa
1484 1427 1512 1450 et
1524 1423 1555 1450 ad
1567 1423 1623 1458 spei
1642 1431 1710 1451 con-

930 1468 1118 1496 ﬁrmationem.
1139 1468 1223 1496 Radix
1235 1469 1306 1496 enittt
1319 1468 1426 1495 luerunt
1440 1469 1560 1496 omnium
1574 1469 1710 1504 gentium,

928 1515 1034 1542 etiamsi
1048 1515 1158 1542 senilem
1173 1519 1200 1542 et
1215 1515 1355 1550 plusquam
1374 1519 1506 1542 tnatttratn
1534 1519 1639 1542 aetatem
1670 1521 1712 1542 at-

895 908 913 933 11

87 1562 195 1588 γοντος,
213 1557 340 1591 πειρᾶται
362 1556 554 1593 πληροφορεῖν,
571 1560 612 1591 εἰς
631 1560 806 1596 παράδειγμα

963 1562 1047 1594 ;erint,
1064 1568 1113 1588 nec
1131 1567 1192 1595 spes
1215 1560 1296 1588 fuerit
1321 1568 1399 1595 posse
1419 1560 1478 1588 illos
1503 1560 1572 1588 ultra
1599 1567 1706 1595 parere.

87 1601 262 1636 πράγματος,
288 1603 370 1638 ἤγουν
400 1604 439 1635 εἰς
467 1604 611 1639 βεϐαίωσιν
640 1606 744 1638 ἐλπίδος
765 1608 814 1642 τῆς
839 1607 879 1639 εἰς

86 1646 171 1674 τοῦτο
194 1648 283 1674 λαϐὼν
301 1649 346 1675 τὸν
359 1649 499 1676 Θεσπέσιον
518 1651 653 1686 Ἀϐραὰμ,
674 1653 721 1679 καὶ
739 1653 786 1679 σὺν
806 1653 879 1688 αὐτῷ

87 1693 140 1728 τὴν
156 1694 273 1730 Σάρραν.
297 1695 370 1728 Ῥίζα
382 1696 435 1731 γὰρ
447 1696 574 1730 γεγόνασι
598 1697 643 1724 τοῦ
661 1698 760 1730 παντὸς
775 1698 877 1731 ἔθνους,

87 1738 180 1764 καίτοι
208 1739 394 1775 πρεσϐυτικὴν
416 1741 462 1766 καὶ
480 1741 620 1776 ὺπέρωρον
639 1741 745 1776 ἔχοντες
760 1742 876 1778 ἡλικίαν,

87 1784 138 1811 καὶ
153 1785 202 1811 οὐκ
218 1785 247 1812 ἐν
259 1785 365 1812 ἐλπίσιν
386 1785 426 1812 ἔτι
447 1786 494 1813 τοῦ
512 1787 640 1814 δύνασθαι
656 1789 756 1815 τεκεῖν.
777 1789 806 1814 Ὁ
827 1788 877 1823 μὲν

87 1830 150 1865 γὰρ
167 1831 263 1857 ἑκατὸν
282 1832 348 1858 ὲτῶν
378 1829 422 1867 ἦν,
451 1833 467 1867 ὴ
492 1832 519 1858 δὲ
548 1834 641 1868 στεῖρα
664 1841 694 1859 τε
733 1834 779 1859 καὶ
802 1833 875 1867 ἅτεξ.

94 1875 207 1910 Ἐπειδὴ
222 1876 250 1902 δὲ
263 1876 320 1911 Θεῷ
333 1877 480 1912 δυσήνυτον
495 1878 579 1910 οὐδὲν,
607 1878 665 1904 λεῖα
679 1879 706 1905 δὲ
719 1879 806 1905 πάντα
831 1879 877 1905 καὶ

86 1921 219 1956 εὐήλατα.
242 1922 383 1956 γεγόνασιν
402 1923 473 1959 ἁρχὴ
490 1924 536 1950 καὶ
555 1923 617 1959 ῥίζα
637 1924 755 1960 πληθύος
773 1924 877 1960 ἀνθρώ-

87 1975 150 1993 πων
172 1967 377 2003 ῳιλονεικοὺσης
401 1970 456 2000 τοῖς
477 1969 596 2004 ἄστροις.
620 1969 732 2005 Εἴρηται
752 1969 806 2006 γάρ
826 1978 876 1997 που

86 2014 159 2049 πρὸς
171 2014 216 2041 τὸν
231 2014 372 2041 θεσπέσιον
391 2014 524 2050 Ἀϐραὰμ,
537 2015 685 2050 ἀναϐλέψαι
702 2016 750 2050 μὲν
761 2016 800 2047 εἰς
814 2016 877 2051 cui);

87 2059 221 2095 ἀστέρας,
241 2060 384 2087 πιστεῦσαι
398 2061 425 2087 δὲ
443 2062 484 2087 ὅτι
496 2062 551 2092 τοῖς
567 2061 877 2096 ὁρωμένοιςίσάριθμον

87 2106 167 2133 ἔσται
186 2107 217 2133 τὸ
235 2107 341 2142 σπέρμα
357 2106 449 2134 αὑτοῦ.
471 2107 531 2133 Ὅτι
543 2107 570 2133 δὲ
585 2107 614 2133 οὐ
630 2107 700 2133 κατά
717 2115 748 2141 γε
767 2106 812 2133 τὸν
827 2106 877 2141 τῆς

86 2152 263 2188 ἀνθρωπίνης
289 2151 394 2186 φύσεως
413 2153 492 2187 νόμον
514 2153 655 2180 ὲκτέτοκεν
673 2154 689 2188 ἡ
706 2153 808 2188 Σάρρα,
830 2152 877 2179 καὶ

86 2198 183 2232 πατὴρ
195 2197 290 2231 γέγονε
307 2197 400 2228 παιδὸς
415 2199 429 2224 ὀ
443 2198 585 2230 θεσπέσιος
606 2198 739 2233 Ἀϐραὰμ,
753 2198 875 2233 ὑπέργη-

87 2251 145 2277 ρως
178 2242 229 2277 ¹ήδη
257 2243 302 2268 καὶ
330 2242 481 2277 ἁφηϐηκὼς
508 2242 660 2278 ἄνθρωπος,

87 2287 323 2323 παραδείγματα·
347 2288 450 2323 πέτραν
470 2296 498 2313 τε
526 2288 639 2323 στερεὰν
662 2287 876 2323 λατομουμένην,

86 2334 137 2360 καὶ
159 2333 244 2368 βαθὺν
271 2333 369 2360 λάκκον
391 2333 591 2368 ὀρωρυγμένον.
616 2334 720 2368 Ὥσπερ
747 2334 801 2369 γάρ
821 2334 877 2360 ἐστι

85 2379 142 2405 τῶν
164 2378 234 2412 ἄγαν
248 2378 468 2413 δυσχερεστάτων
490 2379 524 2405 τὰ
540 2379 572 2405 ὲκ
589 2379 691 2414 πέτρας
719 2380 831 2414 στερεᾶς
848 2387 876 2405 τε

86 2432 136 2451 και
152 2424 273 2458 ἀπηνοῦς
287 2425 437 2460 λιθοτομεῖν
456 2425 595 2456 δύνασθαι,
612 2425 658 2452 καὶ
673 2425 761 2460 φρέαρ
784 2425 891 2460 ὀρύξαιτ

87 2470 169 2506 βαθύ·
179 2470 250 2497 κατὰ
262 2471 305 2496 τὸν
319 2471 386 2503 ἴσον,
396 2469 482 2506 οἶμαι,
495 2471 603 2506 τρόπιν,
619 2471 668 2497 οὐκ
677 2471 807 2505 εὐήλατον
819 2470 874 2506 εἴη,

89 2516 193 2551 μᾶλλόν
231 2525 260 2542 τε
294 2517 340 2543 καὶ
376 2517 517 2552 ἀμήχανον
543 2517 573 2543 τὸ
593 2517 625 2543 ἐκ
651 2517 803 2552 πρεσὸύτου
831 2517 877 2543 καὶ

88 2561 201 2596 στείρας
215 2561 330 2595 ἐκφῦναι
345 2562 448 2588 τέκνον.
462 2561 534 2597 Πλὴν
545 2561 699 2588 τετέλεσται
709 2561 875 2596 παραδόξως,

87 2605 235 2640 καὶτοῦτο,
253 2606 319 2633 Θεοῦ
333 2607 535 2638 κατανεύοντος.
550 2607 633 2634 Ὅταν
650 2607 739 2635 τοίνυν
755 2608 833 2642 ὑμεῖς
852 2607 877 2633 οἱ

87 2651 287 2682 πιστεύσαντες
314 2652 469 2686 ὀλιγοστοὺς
500 2653 612 2684 ἑαυτοὺς
642 2650 712 2679 εἶναι
736 2653 876 2689 νομίσητε,

88 2697 137 2724 ᾶτε
152 2697 184 2732 δὴ
202 2697 248 2723 καὶ
263 2697 338 2729 ὄντος
361 2698 389 2723 ὲν
406 2698 501 2733 ἀρχαῖς
523 2698 568 2725 τοῦ
590 2699 661 2724 θείου
684 2707 713 2724 τε
735 2698 782 2724 καὶ
803 2698 876 2733 ἱεροῦ

88 2743 280 2778 κηρύγματος,
297 2741 407 2770 ἀλλὀὖν
421 2743 559 2779 ἀραρότως
576 2742 763 2776 διατέθεινται,
784 2743 874 2777 φησὶν,

88 2789 130 2815 Et:
144 2789 192 2815 καὶ
213 2789 254 2819 εἰς
270 2788 375 2823 πληθὺν
388 2789 514 2815 ἐπιδώσει
529 2789 577 2824 τὴν
594 2788 711 2824 ἀριθμοῦ
734 2788 875 2823 κρείττονα

130 2876 150 2891 ³⁷
169 2875 241 2903 Psal.
266 2883 361 2910 χχχιιι,
379 2876 420 2902 15.
443 2876 463 2890 ⁸·
478 2875 557 2903 Joan.
577 2874 673 2908 \‘l,"5,
687 2875 731 2902 Η.

931 1605 976 1633 ille
993 1606 1064 1633 enim
1075 1610 1181 1632 centum
1200 1613 1330 1633 anttoruttt
1346 1609 1416 1637 erat,
1427 1605 1486 1633 htec
1501 1605 1601 1632 sterilis
1621 1609 1649 1632 et
1671 1605 1712 1631 in-

931 1651 1055 1680 fecunda.
1072 1651 1124 1678 Sed
1145 1650 1270 1686 qttoniatn
1293 1651 1346 1678 Deo
1358 1650 1423 1678 nihil
1437 1658 1489 1678 non
1518 1650 1592 1677 factu
1621 1650 1709 1682 facile,

929 1695 1076 1730 muniaque
1091 1700 1154 1723 sunt
1170 1696 1298 1731 proclivia
1316 1695 1443 1730 etplana,
1463 1695 1489 1722 hi
1510 1694 1670 1730 principium
1684 1700 1712 1722 et

929 1743 1012 1776 stirps
1023 1743 1184 1770 exstiterunt
1207 1742 1384 1769 multitudinis
1407 1741 1545 1769 hominum
1567 1748 1627 1776 quae
1649 1749 1710 1768 cum

929 1787 1013 1814 stellis
1024 1788 1108 1822 possit
1122 1787 1294 1815 contendere.
1322 1787 1426 1814 Dictum
1451 1787 1584 1821 siquidem
1612 1791 1654 1815 est
1677 1787 1710 1812 ad

929 1832 1048 1860 divinum
1063 1833 1247 1860 Abrahamum
1264 1837 1292 1859 ut
1305 1832 1395 1860 stellas
1407 1832 1564 1866 respiceret,
1580 1839 1611 1859 ac
1649 1840 1710 1859 cre-

929 1878 1003 1905 deret
1030 1886 1079 1912 par
1099 1886 1212 1905 nttmero
1238 1878 1295 1906 fore
1307 1886 1398 1906 semen
1423 1878 1482 1912 ejus
1503 1878 1545 1904 Itis
1558 1885 1624 1912 quas
1647 1886 1711 1905 con-

928 1928 1063 1958 spexerat.
1085 1923 1153 1958 Quia
1167 1932 1230 1952 vero
1244 1933 1295 1952 non
1311 1924 1434 1952 humana:
1445 1928 1545 1951 natura:
1561 1924 1619 1958 lege
1632 1932 1712 1958 pepe-

928 1971 964 1997 rit
991 1970 1084 2004 Sarra,
1107 1976 1236 2006 paterque
1261 1971 1306 1997 [ilii
1335 1970 1421 1998 factus
1438 1973 1479 1998 est.
1508 1969 1614 1997 divinus
1627 1970 1711 1997 Abra-

928 2016 1089 2050 ham,valde
1103 2020 1237 2051 provectae
1252 2020 1279 2043 et
1290 2016 1424 2043 inclinata:
1435 2015 1491 2050 jam
1508 2015 1595 2042 aetatis
1610 2016 1689 2043 homo
1702 2024 1710 2042 :

928 2062 981 2089 duo
989 2061 1111 2096 exempla
1129 2062 1209 2097 capit,
1222 2066 1326 2096 petram
1339 2062 1464 2095 solidam,
1481 2069 1542 2096 quae
1556 2062 1645 2089 excisa
1659 2067 1711 2093 est,

929 2111 956 2133 et
969 2106 1072 2133 foveam
1084 2106 1170 2138 lacus,
1247 2112 1308 2139 qua:
1358 2105 1455 2133 eﬂossa
1469 2111 1520 2133 est.
1533 2105 1712 2139 Quemadmo-

929 2152 992 2179 dum
1006 2153 1076 2180 enim
1090 2151 1277 2179 diﬂicillimum
1286 2155 1327 2178 est
1337 2159 1369 2178 ex
1383 2155 1458 2186 petra
1469 2151 1553 2178 solida
1562 2156 1588 2178 et
1602 2150 1711 2177 immani

929 2198 1029 2232 lapides
1040 2197 1208 2229 exscindere,
1220 2201 1246 2224 et
1260 2201 1367 2230 puteum
1383 2197 1543 2231 profundum
1558 2197 1711 2224 exhaurire:

699 2242 744 2269 δύο
770 2242 875 2277 δέχεται
892 2248 913 2275 D
928 2244 1033 2276 eodem,
1046 2244 1138 2276 credo,
1155 2243 1234 2270 modo
1246 2243 1316 2269 haud
1332 2242 1442 2276 proclirt

968 2244 1033 2276 lem,
1046 2244 1138 2276 credo,
1155 2243 1234 2270 modo
1246 2243 1316 2269 haud
1332 2242 1450 2276 proclive
1473 2247 1524 2274 est,
1541 2242 1596 2270 imo
1613 2243 1711 2277 impos-

930 2289 1061 2322 siltile,ex
1076 2296 1139 2316 sene
1150 2293 1177 2316 et
1199 2288 1284 2315 sterili
1318 2288 1392 2315 nasci
1411 2288 1505 2315 lilium.
1533 2288 1633 2316 Verum
1662 2289 1712 2316 hoc

929 2335 1053 2363 cll‘ectum
1067 2340 1109 2363 cst
1120 2342 1201 2369 supra
1211 2335 1375 2369 opinionem,
1384 2335 1438 2362 Deo
1446 2340 1590 2362 annuente.
1601 2335 1712 2368 Quando

929 2381 1009 2416 igitur
1021 2380 1157 2415 putabitis,
1173 2387 1220 2407 vos
1238 2380 1282 2414 qui
1297 2379 1459 2411 credidistis,
1472 2387 1533 2407 esse
1544 2388 1591 2407 vos
1604 2381 1711 2415 paucis-

928 2427 1021 2458 simos,
1032 2425 1156 2453 videlicet
1164 2433 1224 2453 cum
1236 2425 1313 2460 701
1324 2425 1438 2459 printum
1448 2426 1535 2453 divina
1547 2430 1575 2453 et
1586 2433 1662 2453 εποιει
1671 2433 1712 2453 es-

930 2475 971 2498 set
986 2471 1139 2506 praedicatio
1158 2480 1164 2497 :
1184 2475 1258 2498 certo
1274 2471 1446 2502 credendum,
1468 2471 1571 2507 inquit,
1592 2476 1711 2499 vestrum

932 2523 1072 2542 numerum
1080 2523 1111 2543 ac
1119 2515 1317 2543 multitudinem
1329 2516 1385 2542 fore
1393 2516 1622 2544 innumerabilem.
1639 2515 1712 2544 Unus

931 2561 1000 2589 enim
1008 2561 1246 2593 eratAbraltatn,et
1255 2561 1345 2588 vocavi
1353 2559 1465 2593 illum,et
1472 2560 1607 2594 benedixi,
1618 2565 1644 2588 et
1652 2567 1712 2587 cutn

932 2606 1228 2639 hencdixissem,etiant
1238 2605 1329 2639 dilexi,
1341 2611 1435 2633 etcum
1443 2606 1608 2640 dilexissem,
1623 2606 1712 2632 multi-

931 2652 1036 2687 plit‘avi,
1045 2652 1126 2683 idest,
1136 2656 1237 2686 patrem
1245 2652 1370 2679 constitui
1380 2652 1466 2687 gemis
1475 2653 1594 2679 omnium
1607 2651 1710 2679 Judmo-

932 2705 1000 2729 rum,
1011 2702 1038 2724 et
1057 2704 1149 2724 eorum
1165 2701 1295 2730 prmterea
1310 2697 1354 2731 qtti
1367 2705 1398 2724 ex
1418 2698 1597 2731 promissione
1623 2701 1710 2725 erant.

930 2742 1067 2776 Siquidem
1080 2742 1180 2768 dictum
1196 2745 1236 2768 cst
1248 2742 1401 2769 Abraltamo
1417 2743 1553 2770 :«Patrem
1570 2742 1711 2770 multarum

929 2787 1045 2822 gentium
1057 2786 1182 2815 constitui
1197 2786 1272 2814 ω’.»
1289 2786 1380 2821 Itaque
1390 2788 1434 2822 qui
1446 2793 1553 2816 vocatus
1568 2793 1619 2822 cst,
1631 2789 1710 2815 bene~

771 2874 792 2891 ι’
807 2875 873 2901 Gen.
891 2881 953 2908 xvu,
975 2874 1000 2901 ὅ.
