1883 3055
73 183 130 212 “09

611 177 646 205 IN
667 176 782 205 ISAIAM
800 177 863 204 LIB.
887 175 930 204 iV.
951 172 1054 203 ORAT.
1076 170 1109 199 V.

1605 163 1703 201 iiio_

71 244 127 272 υἱοῖς
139 238 212 270 Θεοῦ,
231 236 501 271 καταπλουτήσαντες
520 235 548 262 δὲ
564 235 594 261 τὸ
609 235 679 262 θεῖον
694 235 776 263 αὑτοῦ
791 235 835 262 καὶ

911 233 997 264 rimus,
1031 239 1062 259 ac
1088 228 1168 258 simul
1198 227 1372 262 regnabimus
1394 232 1457 253 cum
1478 230 1520 254 eo,
1549 221 1672 249 collocati

72 284 188 321 ζωοποιὸν
201 283 318 318 Πίεῦμα.
337 281 515 317 Προσάγομέν
528 289 557 307 τε
575 281 622 307 καὶ
636 282 716 315 ἡμεῖς
737 281 838 315 εὐκαρ-

72 334 126 360 πίαν
138 330 230 365 νοητὴν
242 327 326 363 αὐτῷ,
339 328 388 362 τήν
401 336 431 353 τε
445 327 618 362 ὲξομολογίαν
645 326 778 360 καὶ’ῲδὰς
791 326 838 358 τὰς

71 375 256 413 χαριστηρίους.
281 373 425 406 Τοιαέταις
448 373 501 408 γὰρ
525 373 630 405 θυσίαις
654 373 840 408 εὐαρεστεῖται

71 423 136 455 Θεός.

107 510 260 540 Ἀκούσατέ
268 519 336 544 μου,
347 510 421 542 λαός
429 517 499 544 μου.
518 508 566 535 καὶ
577 508 757 540 οὶβασιλεῐς,
767 508 841 542 πρός

71 568 102 594 με
111 556 296 588 ἐνωτίσασθε,
312 555 356 581 ὅτι
372 555 463 588 νόμος
478 554 545 587 παρ’
556 553 628 588 ἐμοῦ
639 553 840 585 ἐξελεύσεται,

74 601 114 629 καὶ
130 603 147 637 ἠ
162 602 255 634 κρίσις
268 609 324 633 μου
337 601 379 632 εὶς
393 599 455 634 φῶς
468 599 573 626 ἐθνῶν.

109 646 284 683 ¹Ανάδειξ[ε]ιν
293 645 506 681 ὑπισχνούμενος
522 645 651 681 πλείστην
665 654 694 671 τε
709 645 755 671 καὶ
767 644 842 680 ἀριθ-

75 695 117 731 μοῦ
129 693 264 729 κρείττονα
274 693 323 728 τὴν
333 692 386 719 τῶν
396 693 435 723 είς
443 692 523 718 αὑτὸν
534 691 715 718 πιστευόντων
727 689 841 725 πληθὺν,

73 741 133 767 οὕτω
147 739 211 773 αὐτῇ
224 738 461 773 προσδιαλέγεται,
476 737 659 773 καθάπερῆδη
675 745 844 771 συναγηγερ-

75 785 141 821 μένῃ.
153 785 334 818 Μυσταγωγεῐ
344 783 372 810 δὲ
385 783 477 810 λοιπὸν
491 783 529 815 ὡς
544 783 625 815 ἰδίους
637 782 716 814 ὄντας
728 790 845 818 προσκυ-

73 831 154 865 νητὰς,
170 830 210 856 ἵνα
231 829 278 856 καὶ
296 829 394 864 ἀληθὲς
416 829 548 865 ὑπάρχειν
568 829 655 864 ὁρῷτο
675 829 706 855 τὸ
722 837 845 864 γεγραμ-

75 877 142 912 μένον
165 875 227 910 περὶ
246 875 351 901 αὐτῶν·
377 875 452 901 «Καὶ
476 874 581 902 ἔσονται
605 875 704 905 πάντες
725 874 845 901 διδακτοὶ

893 278 963 305 inter
978 277 1046 305 (ilics
1060 276 1116 307 Dei,
1131 282 1162 302 ac
1177 274 1270 301 divino
1282 272 1339 307 ejus
1354 276 1380 298 et
1393 269 1500 297 viviﬁeo
1513 268 1590 295 dilati
1611 267 1671 302 Spi-

893 325 958 351 ritu.
973 323 1137 350 Adducimus
1151 321 1233 348 etiam
1258 327 1306 346 nos
1330 317 1496 345 fertilitatem
1516 313 1671 349 intelligibi—

894 371 947 398 lem
979 370 1023 402 ei,
1058 368 1255 396 confessionem
1286 370 1312 392 et
1340 371 1432 391 vocem
1461 362 1561 393 laudis,
1586 361 1611 386 id
1634 365 1676 386 est

894 415 1009 450 hymnos
1018 419 1044 441 et
1057 412 1213 447 dnxologias
1229 415 1256 438 et
1270 411 1335 438 odas
1351 408 1551 444 gratulatorins.
1565 405 1676 432 Talibus

894 459 965 486 enim
983 457 1123 485 sacriﬁciis
1135 456 1282 483 delectatur
1298 454 1378 482 Dens.

932 503 1014 530 Vens.
1032 503 1059 529 4.
1078 501 1147 528 Audi
1162 510 1211 532 me.
1225 499 1318 535 popule
1335 499 1380 531 mi,
1407 503 1430 525 et
1443 505 1525 532 reges,
1540 496 1605 523 mihi
1628 503 1677 521 au-

895 549 1015 581 scultate,
1034 548 1097 583 quia
1111 547 1153 574 lea:
1168 556 1182 574 α
1199 555 1239 582 nte
1250 546 1406 582 egredietur,
1418 550 1440 571 el
1450 543 1582 578 judicium
1594 549 1679 569 meum

896 595 923 620 in
935 593 1017 620 lucem
1035 594 1162 627 gentium.
1536 597 1538 599 ι

935 639 1183 666 Demonstraturum
1201 645 1231 664 se
1246 636 1380 671 pollicitus
1406 634 1464 662 fore
1489 633 1629 667 copiosam
1653 635 1680 658 et

897 683 1121 712 innumerabilem
1136 684 1162 710 in
1178 684 1266 717 ipsum
1283 682 1451 709 credentium
1465 679 1678 707 multitudinem,

897 732 935 759 sic
952 738 1011 758 eam
1032 729 1140 760 aifalur,
1157 729 1268 764 perinde
1291 728 1367 762 quasi
1388 726 1444 760 jam
1467 730 1540 753 esset
1567 730 1681 758 congre-

897 782 969 812 gata,
985 782 1013 804 et
1026 777 1086 804 illos
1101 776 1218 804 instituit
1231 783 1263 802 ac
1278 774 1411 802 iuitiatde
1423 776 1532 803 αξιοι-ο,
1552 774 1680 804 tanquam

898 831 961 851 suos
975 824 1143 856 adoratores,
1161 827 1189 849 ut
1205 829 1296 849 verum
1312 827 1373 848 esse
1387 821 1514 854 appareat
1526 815 1596 851 quod
1614 815 1683 842 seri-

899 874 972 904 ptum
984 874 1024 896 est
1040 870 1072 896 de
1081 869 1133 896 illis
1146 878 1152 896 ι
1172 877 1182 894 ‹
1194 868 1225 894 Et
1236 870 1315 894 erunt
1324 872 1418 893 omnes
1429 863 1501 891 docti
1516 870 1531 889 a
1543 861 1597 889 Deo
1612 861 1656 888 δυ’.
1670 869 1679 886 ι

74 908 140 949 θεοῦ.
152 932 161 948 ι
175 908 278 949 ιθάλλει
294 921 359 956 γοῦν
383 922 430 948 καὶ
445 922 459 948 ὀ
479 921 621 953 θεσπέσιος
641 921 731 953 Δαϐὶδ,
749 917 802 948 ὧδέ
815 921 846 948 τέ

911 916 989 944 ’sallit
1009 916 1091 951 igitur
1106 920 1132 943 et
1149 915 1256 942 divinus
1273 913 1356 940 David
1385 912 1434 944 sic,
1464 914 1491 937 et.
1507 910 1545 936 ait
1562 908 1595 935 ad
1621 908 1682 934 nni-

74 977 144 1002 φησιν
158 967 222 1003 πρὸς
238 967 284 994 τὸν
301 968 354 994 τῶν
367 967 435 995 ὅλων
447 968 560 1003 Σωτῆρα
572 968 688 1003 Χριστόν
698 977 705 983 ·
732 978 741 993 ι
750 967 847 1004 Μακά-

75 1023 123 1050 ριος
142 1014 280 1050 ἄνθρωπος
296 1014 325 1040 ὃν
340 1013 373 1041 ἂν
395 1015 426 1041 σὺ
450 1014 606 1051 παιδεύσῃς,
629 1014 725 1049 Κύριε⁹
749 1014 794 1040 καὶ
816 1014 848 1040 ὲκ

73 1060 113 1088 τοῦ
125 1060 202 1095 νόμου
219 1068 268 1086 σου
285 1059 393 1096 διδάξῃς
405 1059 493 1087 αὐτόν.
508 1069 517 1086 ›
537 1059 734 1095 Ἐπηγγέλλετο
749 1059 777 1086 δὲ
801 1059 849 1086 καὶ

74 1106 116 1140 τῆς
127 1105 169 1131 ἐπὶ
181 1105 268 1140 τούτῳ
283 1105 437 1140 φιλοτιμίας
454 1107 511 1137 τοῖς
529 1105 698 1139 ἐπεγνωκόσι
719 1105 768 1141 τὴν
790 1103 849 1132 ἐπέ-

76 1151 176 1184 φάνειαν
189 1151 282 1177 αὑτοῦ.
304 1151 359 1178 Καὶ
371 1151 402 1186 δὴ
431 1151 477 1177 καί
489 1160 556 1186 φησι
572 1152 605 1178 δι’
621 1151 679 1183 ἑνὸς
694 1150 747 1178 τῶν
763 1151 849 1185 ἁγίων

75 1196 207 1231 προφητῶν
227 1196 355 1232 περὶτῆς
378 1196 473 1223 ἑαυτοῦ
494 1196 655 1232 παρουσίας,
668 1196 718 1230 τῆς
737 1196 850 1231 γενομέ-

75 1250 116 1277 νης
132 1243 159 1269 ὲν
173 1241 244 1277 τῷδε¹
257 1242 297 1277 τῷ
319 1242 414 1277 κόσμῳ
438 1242 505 1278 μετὰ
527 1243 637 1277 σαρκὸς.
663 1242 704 1269 ὅτι
724 1252 732 1267 ι
745 1243 789 1268 Ἐν
811 1241 851 1277 τῷ

75 1287 153 1322 καιρῷ
167 1288 274 1323 ἐκείνῳ,
290 1288 364 1322 λέγει
388 1288 500 1324 Κύριος,
518 1288 604 1320 διδοὺς
624 1288 722 1324 νόμους
739 1297 789 1324 μου
810 1288 850 1319 είς

76 1333 116 1368 τὴν
139 1333 255 1360 διάνοιαν
280 1333 379 1366 αὐτῶν,
408 1333 456 1360 καὶ
481 1335 520 1366 εἰς
545 1333 594 1365 τὰς
623 1334 737 1369 καρδίας
762 1333 850 1360 αὐτῶν

76 1379 207 1414 ἐπιγράψω
227 1379 335 1411 αὐτούς.
351 1389 360 1405 ι
389 1380 492 1415 Ὀρθῶς
512 1379 540 1406 δὲ
571 1379 618 1406 καὶ
635 1379 713 1406 τοῦτο
732 1380 821 1411 συνεὶς
837 1381 851 1405 ὁ

76 1425 200 1458 πᾶνσοςξος
227 1425 331 1456 Παῦλος
363 1425 474 1460 γράφει,
505 1425 552 1452 καί
580 1434 646 1460 φησι
672 1427 728 1457 τοῖς
756 1425 850 1451 τούτου

76 1470 250 1505 τετυχηκόσιν·
265 1471 317 1497 «ἹΙ
334 1471 488 1506 ἐπιστολὴὴ
507 1471 585 1506 ἡμῶν
597 1472 676 1506 ὑμεῖς
692 1471 763 1503 ἐστε,
773 1472 851 1505 ὲγγε-

76 1518 208 1554 γραμμένη
227 1519 258 1544 οὐ
277 1518 381 1553 μέλανι,
399 1518 466 1545 ἀλλὰ
477 1518 610 1554 πνεύματι
629 1518 696 1544 Θεοῦ
710 1517 821 1549 ζῶντος.
839 1528 848 1543 ι

77 1563 169 1589 Οὐκοῦν
182 1564 317 1591 ἀκούσατέ
334 1573 394 1599 μου.
410 1565 486 1600 φησὶ,
502 1565 573 1590 τοῦτ’
591 1564 658 1596 ἔστι,
681 1565 744 1596 τοὺς
769 1564 852 1599 ἐμοὺς

898 970 1037 990 versornm
1064 962 1236 989 Servatorem
1263 959 1421 988 Christum:
1445 966 1454 983 ι
1485 957 1584 983 Beatus
1603 955 1683 982 homo

899 1016 977 1043 quem
991 1013 1017 1035 tu
1033 1008 1176 1040 erudieris,
1197 1007 1320 1039 Domine,
1335 1011 1362 1032 et
1377 1005 1411 1032 de
1425 1004 1484 1038 lege
1499 1007 1542 1029 tua
1558 1001 1683 1029 docueris

899 1062 961 1082 eum
978 1055 1010 1080 ⁵⁸.
1034 1064 1042 1079 ι
1061 1053 1200 1081 Promittit
1227 1053 1310 1079 etiam
1335 1054 1476 1085 propterea
1502 1048 1615 1083 gloriam
1642 1047 1683 1073 his

900 1102 944 1136 qui
963 1101 1021 1135 ejus
1052 1099 1249 1135 apparitionem
1284 1099 1460 1132 agnoverunt.
1491 1094 1561 1127 Quin
1587 1097 1614 1120 et
1636 1099 1685 1127 per

900 1154 980 1173 unum
998 1153 1014 1173 e
1031 1145 1132 1172 sanctis
1152 1143 1290 1178 prophelis
1310 1142 1386 1174 dicit,
1405 1142 1438 1173 de
1459 1147 1508 1168 suo
1524 1139 1640 1167 adventu
1659 1139 1684 1164 in

901 1192 952 1219 hoc
968 1191 1067 1218 mundo
1091 1198 1150 1218 cum
1176 1197 1260 1217 carne
1282 1197 1289 1216 :
1312 1197 1321 1214 ι
1350 1188 1378 1215 lu
1405 1193 1526 1222 tempore
1545 1185 1600 1218 illo,
1620 1184 1686 1211 dicit

902 1236 1048 1268 Dominus,
1077 1235 1137 1263 dedi
1160 1235 1233 1269 leges
1258 1240 1330 1260 meas
1354 1233 1379 1260 in
1399 1231 1518 1259 animum
1537 1236 1640 1262 earum,
1658 1232 1687 1255 et

901 1283 1028 1310 enrdibus
1040 1289 1132 1309 eorum
1147 1280 1293 1308 inscribam
1310 1287 1356 1306 eas
1370 1279 1404 1304 ".
1428 1287 1437 1304 ι
1461 1275 1536 1310 Quod
1553 1279 1626 1302 recte
1642 1273 1685 1301 iu-

902 1329 1024 1363 telligens
1049 1327 1265 1362 sapientissimus
1285 1325 1395 1357 Paulus,
1423 1323 1529 1354 scribit,
1554 1327 1581 1349 et
1600 1321 1688 1363 inquit

903 1376 943 1402 his
960 1375 1004 1409 qui
1023 1375 1073 1401 hoc
1088 1373 1205 1401 assecuti
1221 1377 1285 1400 sunt
1300 1379 1308 1399 :
1329 1370 1466 1406 (Epistola
1480 1373 1570 1396 nostra
1582 1360 1688 1395 vos'es-

903 1422 952 1452 tis,
969 1421 1069 1455 scripta
1083 1439 1089 1451 ,
1104 1427 1156 1446 non
1176 1422 1338 1450 atramento,
1355 1417 1401 1444 sed
1418 1415 1515 1450 spiritu
1533 1413 1579 1441 Dei
1593 1412 1688 1439 viven-

905 1469 937 1494 tis
949 1467 972 1483 ⁵³
995 1476 1004 1492 ι
1023 1467 1116 1500 itaque
1131 1465 1221 1492 audite
1237 1471 1290 1497 me,
1307 1461 1492 1497 inquit,703
1507 1461 1531 1488 id
1545 1464 1597 1492 est,
1612 1467 1687 1486 meos

903 1513 1017 1548 accipite
1033 1518 1189 1543 sermones;
1206 1518 1304 1545 neque.
1320 1509 1391 1537 sicut
1415 1508 1508 1540 Israel,
1526 1506 1640 1534 eil‘renes
1661 1508 1689 1532 et

904 1557 1017 1585 rebelles
1030 1556 1201 1591 sitis,legalis
1212 1555 1309 1582 litterae
1322 1553 1448 1581 vetustati
1459 1553 1687 1583 adhaerescentes,

77 1608 220 1641 εἰσδέξασθε
237 1598 344 1643 λόγους,
377 1611 426 1636 καὶ
442 1598 485 1645 μὴ
501 1609 626 1645 καθάπερ
647 1610 661 1635 ὁ
684 1609 791 1645 Ἰσραὴλ
810 1609 849 1642 ἐξ·

911 1608 930 1630 :t
954 1608 1052 1637 praeter
1074 1607 1151 1637 typos
1172 1601 1297 1628 videntes
1320 1598 1397 1626 nihil.
1417 1598 1457 1625 Ad
1478 1602 1583 1631 tempus
1604 1603 1691 1630 usque

77 1653 138 1688 ήνιοι
157 1654 277 1688 γένεσθε,
294 1656 326 1690 τῇ
343 1655 388 1681 τοῦ
402 1654 513 1690 νομικοῦ
534 1655 697 1690 γράμματος
721 1655 849 1690 προσκεί-

78 1707 144 1732 μενοι
170 1699 341 1735 παλαιότητι,
365 1701 414 1726 κα)⁹
437 1699 512 1735 παρὰ
544 1699 598 1726 τῶν
619 1699 712 1726 τύπων
734 1699 851 1734 ὁρῶντες

76 1745 153 1771 οὐδέν.
178 1747 268 1781 Μέχρι
299 1746 394 1781 καιροῦ
416 1745 583 1782 διορθώσεως
612 1746 628 1781 ἡ
655 1745 698 1772 διὰ
731 1746 851 1776 Μωσέως

77 1791 184 1818 τέθειται
198 1792 303 1827 ἐντολὴ,
317 1792 407 1827 φησίν.
428 1791 538 1827 Ἐπειδὴ
550 1791 577 1817 δὲ
590 1792 604 1818 ὁ
619 1791 667 1826 τῆς
682 1791 854 1826 ὲνανθρωπή-

78 1846 139 1869 σεως
159 1837 189 1864 οὑ
215 1838 398 1874 προσδοκᾶται
420 1837 530 1873 μᾶλλον,
556 1837 613 1864 ἀλλ’
633 1837 776 1873 ἐνέστηκεν
802 1838 851 1873 ἤδη

77 1884 172 1918 καιρὸς,
193 1885 387 1920 μεταχωρείτω
404 1885 471 1920 πρὸς
485 1884 612 1920 ἀλήθειαν
632 1885 649 1919 ἡ
668 1884 741 1912 σκιά.
771 1884 853 1918 Ὲμοῦ

77 1928 158 1955 τοίνυν
170 1929 295 1962 ἀκούετε,
315 1929 377 1961 λαός
398 1938 457 1965 μου.
481 1930 576 1964 Λέγων
593 1929 633 1961 δὲ,
648 1930 714 1961 λαόςς
732 1938 793 1965 μου,
805 1929 854 1964 τὴν

78 1975 256 2011 πνευματικὴν
272 1975 425 2011 οἰκειότητα
444 1976 494 2011 τὴν
513 1975 680 2011 δωρηθεῖσαν
694 1976 786 2007 αὐτοῖς
809 1976 854 2003 ἐπὶ

77 2020 165 2056 καιροῦ
183 2021 354 2056 προΐσχεται,
374 2022 521 2056 δυσωπῶν,
533 2021 571 2053 ὦς
590 2030 621 2056 γε
638 2020 725 2057 οἶμαι,
745 2023 793 2048 καὶ
811 2021 854 2048 διὰ

77 2066 178 2098 τούτου,
207 2067 256 2094 καὶ
283 2067 504 2104 προθυμοτέρους
530 2068 669 2095 ἀποτελῶν
701 2068 740 2098 εἴς
767 2076 799 2101 γε
825 2067 855 2094 τὺ

76 2112 177 2147 χρῆναι,
189 2113 272 2148 φημὶ,
293 2113 339 2140 τὸν
364 2115 428 2149 παρ’
444 2113 525 2142 αὐτοῦ
542 2113 732 2149 προσήκασθαι
757 2113 846 2147 λόγον.

78 2157 154 2184 Καλεῖ
166 2158 195 2185 δὲ
211 2158 272 2193 οὐχὶ
287 2158 383 2194 μόνους
399 2160 462 2198 τοῦς
475 2159 617 2191 τελοῦντας
639 2160 668 2185 ὲν
687 2159 769 2190 λαοῖς,
787 2158 856 2184 ἀλλὰ

77 2203 126 2238 γὰρ
145 2204 192 2230 σὺν
213 2204 304 2236 αὐτοῖς
338 2206 385 2231 καὶ
409 2204 546 2239 βασιλέας,
563 2205 616 2236 ¹ἵνα
637 2205 699 2236 τοὺς
723 2204 855 2240 ἄρχοντας

77 2248 130 2283 ἢτοι
143 2250 205 2281 τοὺς
217 2249 271 2276 τῶν
285 2249 355 2277 λαῶν
367 2250 533 2285 ἡγουμένους
547 2251 647 2285 ἐννοῇς.
666 2250 732 2276 Ἀπὸ
744 2249 797 2286 γὰρ
807 2250 857 2285 τῆς

907 1648 1121 1682 instaurationis,
1139 1646 1237 1681 inquit,
1252 1650 1416 1680 praeceptum
1439 1651 1486 1679 per
1510 1643 1617 1678 Moysen
1639 1649 1689 1676 po-

907 1694 987 1720 situm
1004 1699 1054 1721 est.
1075 1695 1109 1720 At
1130 1693 1173 1720 ubi
1192 1691 1368 1719 humanitatis
1394 1695 1500 1725 tempus
1518 1697 1570 1716 non
1595 1695 1692 1723 exspa-

906 1745 1005 1773 ctatur,
1019 1740 1066 1767 sed
1079 1739 1135 1774 jam
1152 1739 1235 1766 instat
1252 1746 1259 1764 :
1280 1742 1401 1764 transeat
1427 1737 1460 1764 ad
1477 1737 1618 1763 veritatem
1633 1744 1691 1762 uui-

908 1787 965 1815 bra.
987 1786 1028 1812 Me
1057 1786 1148 1820 itaque
1167 1785 1240 1818 audi,
1262 1783 1389 1819 opopule
1416 1783 1463 1809 mi.
1488 1782 1555 1809 Cum
1586 1782 1660 1813 dicit,
1676 1789 1693 1808 ο

908 1832 1004 1868 popule
1022 1831 1069 1864 mi,
1090 1829 1257 1865 spiritualem
1272 1828 1492 1863 coniunctionem
1520 1827 1585 1862 ipsis
1605 1828 1692 1854 dona~

909 1882 962 1904 tam
986 1880 1135 1911 opportune
1155 1874 1268 1910 profert,
1301 1873 1480 1909 persuadens,
1502 1877 1533 1900 ut
1553 1872 1692 1905 arbitror,

909 1923 971 1950 hinc
981 1927 1009 1950 et
1021 1921 1201 1956 promptiores
1216 1928 1263 1948 eos
1276 1920 1401 1953 reddens,
1413 1924 1443 1946 ut
1454 1919 1512 1954 eius
1527 1918 1632 1946 scilicet
1645 1919 1692 1944 ad-

909 1970 1020 1998 mittant
1037 1968 1198 1995 orationem.
1219 1967 1275 1994 Nec
1288 1974 1335 1994 eos
1350 1966 1436 1994 solum
1464 1970 1541 1993 vocat
1565 1965 1611 1999 qui
1642 1972 1693 1991 nu-

910 2018 1050 2042 merantur
1062 2014 1088 2040 in
1103 2012 1211 2048 populo,
1224 2012 1271 2039 sed
1287 2020 1347 2039 eum
1363 2011 1416 2039 illis
1440 2019 1493 2038 una
1510 2015 1538 2038 et
1556 2018 1646 2045 reges,
1665 2015 1695 2036 ut

909 2059 1045 2095 principes
1058 2058 1099 2086 vel
1115 2058 1277 2094 populorum
1289 2057 1433 2092 prmfeetos
1453 2056 1599 2091 intelligas.
1616 2055 1692 2083 Multi

910 2107 982 2134 enim
995 2114 1027 2134 ex
1041 2106 1209 2134 credentium
1237 2105 1407 2132 multitudine
1434 2104 1467 2132 ad
1488 2105 1538 2132 hoc
1562 2109 1626 2131 sunt
1646 2104 1695 2131 ad-

910 2151 1002 2185 ducti,
1020 2158 1134 2186 quorum
1155 2149 1284 2184 primitiae
1307 2149 1418 2177 fuerunt
1440 2149 1522 2176 divini
1545 2148 1694 2184 discipuli;

911 2197 1008 2224 deinde
1022 2199 1083 2230 post
1118 2195 1178 2222 illos
1194 2195 1280 2222 secuti
1303 2202 1397 2222 eorum
1419 2194 1532 2229 vestigia
1547 2194 1573 2221 hi
1597 2194 1696 2228 quibus

911 2242 1014 2277 regium
1040 2248 1139 2269 nomen
1163 2240 1319 2275 impositum
1349 2244 1409 2272 est,
1439 2241 1539 2275 quique
1553 2240 1696 2268 constituti

78 2294 127 2322 τῶν
136 2295 336 2323 πιστευσάντων
346 2296 465 2331 πληθύος
479 2296 720 2332 παρεκομίσθησαν
730 2297 770 2327 εἰς
780 2296 849 2323 τοῦτ‹

911 2293 974 2317 sunt
989 2294 1018 2316 ut
1035 2287 1145 2322 prmsint
1167 2287 1276 2322 populo,
1294 2287 1342 2319 illi,
1357 2287 1479 2320 inquam,
1496 2285 1572 2320 regio
1586 2286 1696 2313 nomine

75 2341 174 2374 πολλοὶ,
189 2338 228 2369 ὧν
243 2341 355 2377 ἀπαρχὴ
367 2342 511 2376 γεγόνασιν
523 2343 549 2369 oi
567 2342 704 2368 θεσπέσιοι
721 2341 840 2377 μαθηταί
852 2351 859 2358 ν

79 2383 132 2412 εἶτα
149 2387 208 2420 μετ’
229 2386 351 2418 ἐκείνους
368 2387 428 2413 κατ’
448 2386 520 2421 ἴχνος
543 2387 628 2418 ἰόντες
643 2387 666 2412 οἱ
688 2386 746 2421 μετ’
763 2386 861 2417 αὐτοὺς

77 2432 104 2458 τδ
121 2432 169 2467 τῆς
193 2432 334 2467 βασιλείας
352 2432 437 2467 δνομα
453 2432 649 2467 περιετέθησαν
661 2440 667 2447 ·
690 2432 737 2459 ἆτε
763 2431 795 2467 δὴ
814 2431 859 2458 καὶ

79 2477 210 2510 βασιλείας
225 2478 310 2513 ὄνομα
324 2478 554 2513 πεπλουτηκότες,
579 2477 741 2512 τεταγμένοι
757 2477 785 2503 δὲ
811 2477 858 2503 καὶ

77 2523 113 2553 εἰς
131 2523 161 2549 τὸ
174 2523 354 2558 καθηγεῖσθαι
370 2522 451 2550 λαῶν.
475 2523 531 2549 Καὶ
551 2522 615 2556 γοῦν
638 2522 675 2554 ὡς
699 2522 731 2548 ἐκ
759 2521 859 2555 πολλῆς

78 2568 140 2601 ἄγαν
163 2570 251 2604 χαρᾶς
279 2569 471 2604 χαριστηρίους
505 2568 576 2603 ᾠδὰς
603 2568 772 2595 ἀνατείνουσι
800 2567 859 2602 Θεῷ

78 2614 195 2647 λέγοντες
205 2622 212 2629 ⁶
231 2624 240 2640 ‹
256 2614 388 2646 ’Υπέταξε
405 2614 484 2646 λαοὺς
499 2615 575 2650 ἡμῖν,
591 2615 637 2641 καὶ
647 2613 711 2649 ἔθνη
728 2614 780 2640 ὑπὸ
797 2614 859 2644 τοὺς

79 2660 156 2691 πόδας
176 2661 264 2696 ἡμῶν.
284 2670 293 2686 ›
312 2661 416 2687 Ψάλλει
435 2661 463 2688 δὲ
485 2661 549 2696 περὶ
564 2660 652 2687 αὐτῶν
671 2661 716 2687 καὶ
733 2661 746 2687 ὁ
761 2659 860 2685 θεσπέ-

80 2714 129 2737 σιος
143 2706 284 2742 Μελῳδός·
305 2715 314 2732 ι
331 2707 476 2742 ’Ἄρχοντες
499 2707 571 2734 λαῶν
595 2706 768 2742 συνήχθησαν
790 2705 859 2740 μετὰ

79 2752 120 2778 τοῦ
137 2752 205 2779 Θεοῦ
235 2752 367 2788 Ἀϐραάμ.
383 2762 392 2778 ι
413 2750 448 2779 Ὦ
462 2752 551 2779 τοίνυν
573 2753 632 2779 λαοὶ
656 2753 703 2779 καὶ
727 2750 856 2786 βασιλεῖς,

111 2853 206 2880 "‘lsa.
229 2862 284 2888 uv,
303 2855 352 2888 15;
373 2854 451 2882 Joan.
473 2861 509 2886 vr,
525 2853 570 2880 45.

93 2853 284 2891 f‘flpanuv,
303 2855 352 2888 15;
373 2854 451 2882 Joan.
473 2861 509 2886 vr,
525 2853 570 2880 45.
608 2853 629 2869 “
646 2852 715 2880 Psal.
729 2860 805 2884 xciu,
833 2850 873 2879 12-

79 2888 100 2904 ³³
116 2888 194 2930 nini,
212 2890 253 2916 lt).

910 2334 999 2366 ditati,
1014 2334 1085 2361 velut
1101 2341 1156 2368 prae
1170 2332 1266 2367 insigni
1283 2332 1393 2368 gaudio,
1406 2331 1529 2359 carmina
1546 2331 1695 2366 gratiarum

911 2379 1025 2407 actionis
1041 2379 1158 2406 oil‘erunt
1179 2378 1244 2411 Deo,
1263 2378 1386 2405 dicentes
1403 2385 1410 2403 ι
1427 2386 1435 2402 ι
1451 2376 1572 2410 Subjecit
1584 2376 1697 2411 populos

910 2426 1000 2457 nobis,
1013 2430 1039 2452 ct
1055 2429 1150 2458 gentes
1165 2423 1214 2450 sub
1227 2422 1339 2457 pedibus
1359 2422 1459 2450 nostris
1474 2421 1696 2449 “'.Psallititem

910 2471 945 2499 de
964 2471 1016 2498 illis
1031 2470 1138 2497 divinus
1151 2470 1233 2497 etiam
1258 2468 1357 2496 Cantor
1381 2476 1387 2494 ε
1410 2476 1418 2494 ι
1448 2468 1587 2501 Principes
1613 2474 1697 2502 popu-

914 2518 1001 2546 lorum
1019 2517 1175 2551 congregati
1190 2519 1255 2546 sunt
1270 2523 1330 2543 cum
1346 2515 1400 2542 Deo
1429 2514 1566 2542 Abraham
1583 2514 1616 2542 ⁵³.
1637 2523 1646 2540 ι
1675 2513 1697 2542 0

914 2565 1004 2599 igitur,
1023 2562 1112 2597 pupilli
1134 2566 1161 2589 et
1180 2561 1326 2596 principes,
1354 2561 1459 2595 inquit,
1491 2560 1583 2587 audite
1601 2567 1644 2586 me
1671 2563 1697 2586 et

915 2607 1081 2640 auscultate,
1103 2611 1130 2633 et
1146 2607 1210 2641 quid
1226 2607 1261 2633 sit
1280 2605 1400 2633 futurum
1424 2605 1592 2632 annuntiate.
1609 2605 1662 2632 Lex
1683 2613 1698 2632 a

914 2661 956 2681 ine
973 2652 1138 2688 egredietur,
1153 2657 1181 2680 et
1205 2651 1336 2686 judicium
1352 2659 1439 2679 meum
1468 2651 1494 2678 iu
1518 2651 1607 2679 lumen
1633 2658 1694 2685 gen-

915 2703 992 2731 tium,
1009 2701 1106 2736 Legem
1121 2697 1164 2725 hic
1180 2697 1299 2724 divinam
1314 2702 1341 2724 et
1356 2697 1541 2731 evangelicani
1564 2695 1697 2731 praedica-

914 2750 1014 2776 tionem
1030 2746 1103 2774 dicit.
1125 2744 1174 2772 Est
1185 2744 1259 2771 enim
1277 2743 1418 2771 aliusmodi
1441 2742 1548 2777 quidem
1569 2741 1698 2777 quodam-

912 2850 934 2865 "
957 2849 1008 2876 lsa.
1028 2854 1081 2881 XLI,
1097 2846 1142 2873 2‘2.
1180 2846 1203 2861 “
1224 2844 1244 2872 ll
1261 2845 1321 2872 (lor.
1344 2844 1414 2877 “1,5.
1453 2842 1568 2871 "‘l’sal.
1584 2850 1654 2875 tm,
1670 2842 1696 2869 4.
