1883 3054
154 130 224 159 {illi

645 132 673 160 S.
695 132 834 171 CYBlLLl
855 132 1093 161 ALEXANDHINI
1112 132 1273 161 ARCIIIEP.

1724 130 1794 157 1116

153 189 276 217 tionibus
293 191 368 224 quasi
381 189 508 217 ﬂuctibus
527 191 645 226 agitate,
668 191 875 220 eollaurlntionis
888 202 931 221 co-
946 213 951 224 ε

1039 203 1075 226 at;
1096 195 1192 228 γέγονε
1207 195 1264 225 τοῖς
1288 193 1318 225 ἐξ
1338 193 1458 228 Ἰσραὴλ,
1472 192 1540 219 ἀλλά
1572 191 1628 228 γὰρ
1649 191 1699 217 καὶ
1725 193 1795 217 πᾶσι

153 242 248 261 rcnam
267 242 315 269 per
329 235 485 269 patientiam
500 235 636 264 aul‘eruut.
652 236 787 271 Operatur
799 239 872 266 enim
888 249 936 275 p.1-

155 278 249 306 tin-ntia
263 279 458 314 probationem,
474 281 596 316 probatio
608 289 694 316 spem,
707 291 769 317 spes
782 288 871 311 autem
885 294 937 313 non

154 325 304 352 contundit.
312 325 428 352 Proinde
442 326 524 353 Deum
538 333 706 362 exspectare,
719 329 864 358 nihilaliud
877 338 938 359 esse

159 369 342 404 intelligatur,
367 377 447 405 quatn
477 379 525 405 per
550 372 718 400 tolerantiam
737 379 764 401 et
782 375 938 409 patientiam

156 416 179 441 ei
193 420 265 442 recte
279 415 394 450 placere,
409 422 436 444 et
451 422 591 452 propterea
610 419 795 448 misericordia
814 422 898 456 ipsius
913 427 941 449 et

160 465 280 493 respectu
296 461 411 495 dignari.
427 462 563 497 Scriptum
578 469 618 490 est
634 465 704 491 enim
719 474 725 491 :
746 475 754 491 ι
777 466 943 501 Exspcctaus

157 506 311 540 exspectavi
333 507 484 540 Dominum,
497 512 523 535 et
538 509 651 536 intendit
670 510 733 537 mihi
749 511 782 538 ⁸⁷.
799 521 807 537 ι

986 241 1042 272 τοϊς
1055 240 1160 266 ἔθνεσιν
1172 248 1179 254 ·
1206 239 1235 266 ὃν
1247 239 1278 274 δὴ
1297 239 1345 265 καὶ
1371 237 1538 273 ὑπομενοῦσι
1557 238 1646 273 νῆσοι.
1669 237 1728 263 Καὶ
1748 238 1795 270 νή-

989 294 1062 318 σους,
1079 286 1117 317 ὥς
1130 294 1160 320 γε
1174 283 1262 320 οἶμαι,
1283 286 1350 319 φησὶ
1363 285 1414 316 τὰς
1429 285 1457 317 ἐξ
1475 285 1559 311 ἐθνῶν
1572 283 1729 318 ἐκκλησίας
1740 303 1747 314 ,
1767 284 1794 309 αῖ

995 330 1121 365 καθάπερ
1130 331 1158 356 ἐν
1170 330 1240 364 μέσῃ
1252 329 1370 365 θαλάττῃ
1383 329 1579 364 κείμεναι,ταῖς
1592 328 1647 355 τῶν
1659 328 1794 362 πραγμα-

991 385 1046 403 των
1062 375 1225 410 προσϐολαῖς
1239 375 1276 407 ὡς
1299 375 1350 402 ὑπὸ
1372 375 1501 410 κυμάτων
1527 375 1731 410 πληττόμεναι,
1749 374 1794 399 τὸν

990 422 1040 457 τῆς
1062 421 1264 456 εὑδοκιμήσεως
1296 420 1429 454 στέφανον
1457 420 1643 454 ἀποφέρονται
1671 418 1719 445 διὰ
1744 418 1793 452 τῆς

996 466 1146 502 ὑπομονῆς.
1166 466 1374 502 Κατεργάζεται
1388 466 1442 502 γὰρ
1458 466 1475 501 ἠ
1491 464 1616 500 ὑπομονὴ
1625 463 1757 498 δοκιμὴν,
1775 464 1792 497 ἡ

996 512 1025 538 δὲ
1038 512 1136 547 δοκιμὴ
1152 512 1258 543 ἐλπίδα,
1277 513 1293 547 ἡ
1305 512 1333 538 δὲ
1346 512 1423 543 ἐλπὶς
1437 512 1467 538 οὑ
1481 510 1671 546 καταισχύνει.
1687 508 1793 536 οὐκοῦν

157 553 187 579 τὸ
199 553 344 589 ὑπομένειν
356 554 421 581 Θεὸν
443 555 553 591 νοηθείη
566 557 598 583 ἂν
610 557 703 592 ἕτερον
723 559 814 591 οὐδὲν,
831 559 900 595 πλὴν
919 558 960 586 ὅτι
979 559 1024 587 διὰ
1056 559 1204 595 καρτερίας
1226 560 1273 586 καὶ
1302 560 1441 594 ὑπομονῆς
1467 559 1626 594 εὐαρεστεῖν
1640 556 1728 591 αὑτῷ.
1746 564 1794 583 κει

157 601 207 636 τῆς
217 602 280 638 παρ’
292 602 374 629 αὑτοῦ
392 603 498 638 φειδοῦς
518 613 547 631 τε
567 605 614 632 καὶ
637 607 783 638 ἐποπτείας
817 606 957 640 ἀξιοῦσθαι
975 608 1019 635 διὰ
1035 608 1124 635 τοῦτο.
1140 608 1297 644 Γέγραπται
1317 607 1384 642 γὰρ,
1398 607 1438 633 ὅτι
1455 616 1463 633 ι
1483 605 1644 641 Ὑπομένων
1660 604 1794 638 ὑπέμεινα

158 650 203 676 τὸν
220 650 331 686 Κύριον,
346 651 394 678 καὶ
408 653 543 688 προσέσχε
560 662 615 688 μοι.
633 664 642 679 ι

197 695 279 724 νειιε.
293 696 319 724 6.
335 697 429 725 Tollite
445 698 471 725 in
489 699 580 726 caelum
595 700 684 727 oculos
701 706 808 732 vestros.
822 706 847 728 et
865 702 949 734 impi-

159 743 209 769 rite
224 743 251 769 in
268 748 362 770 terram
380 744 510 776 deorsum.
524 746 648 780 quoniam
666 747 757 773 caelum
774 747 841 774 sicut
859 748 947 782 fumus

159 789 295 822 ﬁrmatum
318 795 369 822 est,
389 795 412 817 et
435 795 506 817 terra
529 792 596 818 sicut
621 792 798 818 vestimentum
824 798 948 820 vetustate

160 841 326 861 consumatur
348 843 358 862 :
379 835 554 864 inhabitantes
574 842 661 864 autem
681 842 790 870 terram,
806 839 872 864 sicut
893 839 948 865 ἠως

161 881 314 907 morientur.
340 881 372 908 At
398 881 471 908 salus
497 890 553 908 mea
580 883 607 909 in
631 883 815 917 sempiternum
840 885 903 916 erit,
928 889 951 911 et

159 925 268 960 justitia
285 934 342 952 mea
358 935 410 954 non
424 927 537 961 deﬁciet.

197 971 263 998 Cum
280 979 309 998 se
326 972 350 998 in
367 980 441 1006 spem
459 973 582 1008 gentibus
601 973 657 1001 fore
676 976 758 1007 dicit,
773 977 952 1004 necessariam

163 1017 215 1044 illis
234 1018 328 1045 auexit
347 1019 550 1054 mystagogiam.
567 1019 625 1047 Non
643 1022 713 1048 enim
731 1022 811 1049 aliter
830 1027 955 1057 poterant

162 1063 293 1096 spirituali
309 1064 470 1098 cognatione
485 1065 538 1092 Deo
554 1066 725 1100 agglutinari,
742 1068 787 1102 qui
805 1067 879 1094 illum
899 1075 952 1094 non

165 1114 312 1142 noverttnt,
330 1109 379 1136 nisi
398 1110 512 1144 pristino
528 1118 620 1139 errore
639 1112 761 1144 liberati,
777 1117 804 1140 et
820 1121 834 1140 e
851 1113 955 1147 laqueis

164 1164 195 1182 ac
212 1155 343 1182 diabolica
360 1157 538 1191 perversitate
551 1157 630 1184 soluti
649 1158 761 1190 fuerint,
775 1166 807 1186 ac
824 1159 875 1186 nisi
891 1167 954 1186 vera

163 1201 430 1236 ctirreprehcnsihili
450 1202 496 1229 Dei
518 1202 670 1237 cognitione
683 1203 890 1237 locupletentur.
903 1205 956 1242 Ad-

165 1246 218 1273 ilus
233 1247 304 1273 enlm
322 1247 397 1281 qttasi
410 1248 435 1274 in
455 1247 663 1275 familiaritatem
687 1256 719 1276 ac
738 1248 955 1284 cunjunctionem

164 1300 225 1319 cum
244 1292 297 1319 Deo
314 1297 370 1325 est,
387 1292 464 1327 plane
481 1293 550 1320 scire
568 1299 594 1321 et
611 1294 732 1321 conﬁteri
769 1294 854 1322 Deum
874 1295 955 1321 alium

164 1345 263 1372 ιιι-αξιοι·
278 1338 364 1372 ipsum
377 1346 438 1366 esse
454 1339 597 1366 neminem.
612 1339 743 1372 Quoniam
760 1339 841 1375 igitur
852 1340 957 1374 opinati

170 1388 233 1411 sunt
249 1384 346 1411 caelum
362 1392 421 1412 esse
437 1385 530 1418 Deum,
541 1390 567 1413 et
580 1385 670 1413 stellas
682 1386 829 1414 lucidiores
842 1387 957 1414 adorare

166 1430 288 1462 persuasi
311 1435 388 1462 sttnt,
410 1430 549 1465 ipsamque
572 1434 671 1458 terram
697 1431 817 1458 omnium
842 1433 957 1466 pedibus

167 1475 314 1510 subiectam
335 1475 486 1508 coluerunt,
500 1476 612 1503 omnino
629 1477 661 1503 ab
679 1477 851 1511 opinionibus
869 1478 957 1512 pieta-

168 1520 214 1552 tis,
230 1525 255 1546 et
272 1520 305 1547 ab
318 1528 350 1546 eo
365 1521 410 1555 qui
426 1526 521 1548 natura
538 1522 724 1549 universomm
740 1523 808 1550 Deus
825 1528 877 1555 est,
894 1532 956 1558 pro-
970 1541 990 1569 C

168 1566 296 1600 ducitque
313 1566 338 1592 in
357 1571 444 1593 ortum
463 1575 522 1601 qua:
539 1567 681 1602 aliquando
699 1576 751 1596 non
768 1574 860 1601 erant,
879 1578 954 1596 recc-

167 1612 263 1638 dentes
279 1621 285 1638 :
301 1612 364 1639 hinc
378 1617 528 1639 creaturam
543 1613 623 1640 aliam
637 1621 652 1640 a
669 1621 698 1641 se
714 1619 838 1641 naturam
857 1615 956 1643 habere

170 1657 329 1689 ostendens,
346 1662 373 1684 et
394 1657 629 1692 incomparabilem
650 1667 710 1686 esse
730 1659 832 1687 lictoris
853 1665 880 1687 et
902 1660 954 1688 [icti

171 1702 350 1731 ditl‘erentiam
366 1704 518 1737 declarans,
535 1705 714 1739 lollerejubet
727 1705 820 1732 oculos
833 1706 913 1741 707
930 1707 955 1733 in

169 1749 279 1782 malum,
300 1749 324 1776 id
346 1754 398 1781 est,
414 1751 499 1785 ipsum
523 1751 733 1783 ﬁrmamentum,
753 1757 779 1779 et
800 1759 858 1786 qua:
878 1753 903 1779 in
925 1760 956 1780 eo

172 1799 244 1826 sunt,
259 1795 443 1828 considerare,
459 1802 485 1824 et
504 1802 620 1824 mentem
641 1797 666 1823 in
686 1801 786 1824 terram
805 1797 956 1828 demittere,

171 1848 203 1867 ac
218 1848 278 1875 qu:e
297 1840 323 1868 in
337 1849 368 1868 ea
389 1846 451 1868 sunt
472 1842 628 1875 animantia,
641 1850 682 1874 ac,
706 1846 734 1869 ut
759 1842 841 1869 semel
857 1842 956 1874 dicam,

169 1885 261 1913 omnia
289 1887 483 1922 contemplari;
511 1889 587 1922 sique
611 1887 791 1915 velint-illum
816 1888 956 1920 admirari,

171 1939 225 1958 non
247 1931 282 1958 ibi
305 1938 421 1959 tuentem
443 1934 549 1965 sistere,
566 1933 612 1960 sed
635 1941 667 1960 ex
690 1941 801 1968 operum
826 1933 959 1968 tuaguitu-

173 1975 245 2007 dine,
260 1976 373 2004 artiﬁcis
391 1979 536 2012 potentiam
552 1978 651 2010 tuetiri,
665 1983 693 2005 et
703 1979 822 2005 omniutu
833 1979 959 2006 Condito—

173 2021 210 2047 ris
224 2029 357 2049 summam
373 2028 400 2050 et
416 2023 576 2050 ineli'abilem
591 2023 713 2058 gloriam.
729 2023 853 2052 Solemus
868 2029 957 2052 autent

174 2066 219 2094 Dei
239 2068 417 2102 cognitionem
438 2077 497 2095 cum
519 2075 550 2094 ex
570 2068 707 2103 Scriptura
730 2069 856 2097 divinitus
877 2070 960 2105 inspi-

173 2117 247 2144 rata,
263 2116 318 2138 tum
336 2120 367 2139 ex
386 2118 572 2139 creaturarum
592 2118 643 2140 tam
663 2114 862 2148 magniﬁcentia
880 2123 959 2150 quam

172 2157 356 2185 concinnitate
388 2158 523 2192 colligere.
556 2158 664 2186 Deridet
696 2159 828 2194 siquidem
862 2160 960 2187 Paulus

1040 701 1143 735 Ἄρατε
1156 701 1200 734 είς
1214 700 1265 727 τὸν
1275 699 1406 734 οὐρανὸν
1420 699 1491 732 τοὺς
1506 697 1685 732 ὀφθαλμοὺς
1696 695 1791 730 ὑμῶν,

1002 747 1052 774 καὶ
1068 746 1236 781 ὲμϐλέψατε
1254 747 1297 778 εὶς
1312 745 1369 779 τὴν
1387 744 1445 779 γῆν
1465 744 1554 775 κάτω,
1573 743 1618 769 ὅτι
1633 744 1650 769 ὁ
1666 742 1794 775 οὐρανὸς

1001 792 1042 825 ὡς
1057 791 1173 824 καπνὸς
1195 790 1377 824 ἐστερεώθη.
1397 790 1415 823 ἠ
1436 789 1468 816 δὲ
1486 789 1522 824 γῆ
1539 789 1580 821 ὡς
1601 788 1719 822 ἱμάτιον
1745 796 1795 813 πα-

1000 836 1208 870 λιιιωθήσέται,
1222 838 1249 863 οί
1265 836 1300 862 δὲ
1316 835 1524 868 κατοικοῦντες
1537 834 1594 867 τὴν
1608 833 1668 868 γῆν
1693 833 1793 866 ὥσπερ

1003 882 1096 909 ταῦτα
1113 883 1342 910 ἀποθανοῦνται.
1360 882 1396 908 Τὸ
1406 881 1439 907 δὲ
1451 881 1599 915 σωτήριόν
1612 889 1672 915 μου
1686 881 1730 913 εις
1744 880 1794 906 τὸν

1003 928 1095 955 αἰῶνα
1106 929 1202 959 ἔσται,
1217 928 1235 961 ἠ
1252 928 1286 954 δὲ
1299 928 1474 960 δικαιοσύνη
1483 935 1542 961 μου
1557 928 1593 953 οὐ
1604 927 1647 961 μὴ
1658 926 1793 959 ἐκλείπῃ.

1039 975 1086 1005 Εἰς
1093 974 1188 1000 ἐλπίδα
1199 975 1253 1004 τοῖς
1264 973 1366 999 ἔθνεσιν
1379 972 1474 999 ἑαυτὸν
1483 971 1592 998 ἔσεσθαι
1604 971 1704 1005 λέγων,
1716 971 1796 1004 ἀναγ-

1004 1020 1084 1047 καίαν
1097 1021 1188 1050 αὐτοῖς
1201 1019 1337 1054 ὲξυφαίνει
1355 1020 1404 1053 τὴν
1419 1018 1622 1053 μυσταγωγίαν.
1639 1018 1677 1044 Οὑ
1699 1017 1753 1051 γὰρ
1763 1015 1796 1052 ἦν

1005 1064 1105 1100 ἑτέρως
1118 1063 1247 1090 δύνασθαι
1261 1063 1406 1089 κολλᾶσθαι
1423 1062 1482 1097 Θεῷ
1506 1063 1567 1088 κατ’
1582 1062 1738 1095 οἰκειότητα
1749 1061 1797 1096 τὴν

1009 1109 1208 1144 πνευματικὴν,
1228 1110 1291 1140 τοὺς
1308 1108 1358 1134 οὐκ
1373 1108 1475 1139 είδότας
1489 1107 1580 1138 αὐτὸν,
1597 1107 1667 1142 πλὴν
1690 1108 1731 1133 ὅτι
1754 1106 1798 1133 διὰ

1006 1155 1053 1182 τοῦ
1067 1156 1116 1189 τῆς
1132 1154 1246 1189 ἀρχαίας
1259 1153 1478 1181 ἀπαλλάττεσθαι
1491 1153 1596 1188 πλάνης
1607 1172 1614 1182 .
1630 1152 1679 1179 καὶ
1694 1152 1797 1187 βρόχων

1005 1201 1058 1233 ἔξω
1070 1201 1196 1235 γενέσθαι
1216 1201 1262 1227 καὶ
1287 1200 1447 1235 σκαιότητος
1469 1199 1634 1234 διαϐολικῆς,
1647 1198 1799 1225 καταπλου-

1006 1247 1088 1282 τῆσαι
1105 1247 1133 1273 δὲ
1149 1247 1198 1281 τὴν
1218 1246 1307 1281 ἀληθῆ
1330 1246 1378 1272 καὶ
1392 1245 1542 1281 ἀμώμητον
1559 1246 1624 1280 περὶ
1642 1244 1712 1271 Θεοῦ
1727 1243 1797 1278 γνῶ-

1008 1299 1060 1317 σιν.
1074 1290 1190 1325 Εἱσῦολὴ
1202 1290 1256 1325 γὰρ
1275 1289 1369 1325 ὥσπερ
1383 1291 1433 1324 τῆς
1450 1290 1490 1321 είς
1505 1289 1572 1316 Θεὸν
1587 1289 1757 1323 οἰκειότητος
1769 1288 1800 1314 τὸ

1007 1338 1107 1364 εἰδέναι
1132 1346 1161 1363 τε
1189 1337 1282 1371 σαφῶς
1314 1337 1361 1363 καὶ
1377 1337 1528 1371 ὁμολογεῖν,
1555 1337 1595 1363 ὅτι
1620 1336 1686 1368 Θεὸς
1707 1335 1800 1370 ἔτερος

1008 1380 1071 1416 παρ’
1083 1381 1163 1407 αὑτὸν
1178 1380 1274 1412 οὐδείς.
1287 1381 1392 1407 Οὐκοῦν
1404 1381 1554 1416 ἐπειδήπερ
1570 1381 1653 1416 ᾤοντο
1671 1381 1721 1415 μὲν
1735 1380 1800 1407 Θεὸν

1008 1424 1078 1453 εἶναι
1095 1427 1140 1453 τὸν
1159 1426 1282 1462 οὐρανὸν,
1307 1427 1354 1453 καὶ
1373 1428 1432 1458 τοῖς
1443 1426 1498 1453 τῶν
1517 1426 1626 1461 ἄστρων
1651 1433 1802 1461 περιφανε-

1009 1473 1114 1508 στέροις
1138 1474 1302 1508 προσκυνεῖν
1324 1472 1508 1504 ἁνεπείθοντο,
1537 1473 1585 1499 καὶ
1600 1472 1688 1507 αὐτὴν
1710 1472 1740 1498 δὲ
1754 1471 1802 1506 τὴν

1009 1517 1062 1544 ὑπὸ
1080 1517 1162 1549 πόδας
1174 1517 1303 1544 ἁπάντων
1315 1518 1447 1553 κειμένην
1464 1517 1591 1544 ἐσέϐοντο
1608 1518 1672 1552 γῆν.
1690 1517 1803 1551 ἀποφοι-

1007 1565 1138 1599 τήσαντες
1156 1564 1311 1600 ὁλοτρόπως
1331 1565 1383 1590 τῶν
1406 1564 1456 1598 τῆς
1477 1563 1619 1595 εὐσεϐείας
1639 1563 1802 1597 δογμάτων.

1008 1610 1055 1636 καὶ
1068 1609 1110 1640 τίς
1121 1610 1134 1635 ό
1150 1609 1294 1644 φύσειτῶν
1309 1609 1376 1636 ὅλων
1387 1609 1463 1641 Θεὸς,
1485 1609 1532 1635 καὶ
1557 1608 1740 1644 παρενεγκὼν
1765 1609 1804 1638 εἰς

1007 1655 1036 1681 τὸ
1048 1653 1117 1681 εἶναι
1131 1654 1164 1681 τὰ
1175 1655 1225 1681 οὐκ
1239 1655 1303 1681 ὅντα
1321 1655 1537 1690 ποτέ-ταὺτῃτοί
1552 1663 1646 1689 φησιν,
1668 1654 1805 1688 ἑτεροψυᾶ

1007 1700 1056 1735 τὴν
1067 1701 1155 1727 κτίσιν
1166 1701 1204 1732 ὡς
1220 1701 1287 1736 προς
1302 1701 1398 1727 ἑαυτὸν
1413 1701 1569 1734 ἀποφαίνων
1583 1709 1589 1715 ·
1603 1700 1651 1726 καὶ
1667 1699 1804 1734 ἀσύγκρι-

1007 1755 1053 1772 τον
1078 1744 1159 1773 οῦσαν
1174 1747 1224 1782 τὴν
1238 1747 1369 1781 διαφορὰν
1392 1747 1506 1781 ποιητοῦ
1532 1747 1580 1773 καὶ
1603 1747 1761 1781 ποιήματος
1776 1743 1805 1772 εῦ

1010 1792 1083 1826 μάλα
1098 1792 1250 1823 διαδεικνὺς
1263 1813 1270 1824 ,
1291 1793 1413 1827 ἐπαίρειν
1434 1792 1539 1818 κελεύει
1562 1793 1627 1823 τοὺς
1648 1792 1806 1827 ὀφθαλμοκ

1009 1840 1049 1870 είς
1063 1839 1108 1865 τὸν
1124 1839 1251 1874 οὐρανὸν.
1267 1838 1339 1865 τοῦτ’
1363 1838 1438 1866 ἔστιν
1451 1859 1458 1871 ,
1478 1839 1545 1866 αὐτὸ
1561 1838 1806 1865 κατασκέπτεσθαι

1008 1885 1038 1911 τὸ
1051 1885 1194 1920 στερέωμα
1218 1885 1263 1911 καὶ
1275 1885 1308 1911 τὰ
1323 1886 1352 1911 ἓν
1369 1884 1454 1920 αὐτῷ,
1470 1885 1593 1912 κατιέναι
1605 1885 1634 1911 δὲ
1653 1885 1735 1911 πάλιν
1760 1885 1806 1911 τὶν

1009 1930 1071 1957 νοῦν
1082 1931 1127 1957 καὶ
1138 1931 1177 1962 εις
1192 1930 1241 1965 τὴν
1256 1931 1317 1965 γῆν,
1332 1931 1391 1965 ἦτοι
1404 1931 1472 1966 πρὸς
1486 1931 1604 1967 θεωρίαν
1614 1931 1669 1957 τῶν
1678 1932 1707 1957 ὲν
1722 1931 1805 1965 αὐτῇ,

1010 1976 1087 2009 ζώων
1096 1985 1136 2009 τε,
1146 1977 1226 2012 φημὶ,
1235 1977 1282 2003 καὶ
1295 1976 1461 2008 ἁπαξαπλῶς
1469 1977 1598 2003 ἁπάντων
1611 1977 1667 2003 τῶν
1683 1977 1711 2002 ἐν
1722 1977 1805 2011 αὐτῇ,

1011 2021 1062 2048 κᾶν
1074 2023 1097 2048 εἰ
1116 2021 1218 2047 ἕλοιντο
1245 2021 1396 2055 θαυμάζειν
1419 2021 1512 2053 αὑτὸν,
1535 2022 1574 2057 μὴ
1607 2021 1690 2057 μέχρι
1706 2021 1803 2048 τούτου

1011 2067 1107 2102 στῆσαι
1122 2068 1167 2094 τὸν
1180 2067 1253 2100 νοῦν,
1273 2067 1331 2093 ἀλλ’
1343 2068 1374 2093 ὲκ
1388 2067 1437 2102 τῆς
1454 2067 1507 2094 τῶν
1521 2067 1609 2103 ἔργων
1627 2068 1807 2103 μεγαλειότη-

1010 2122 1056 2145 τος
1073 2114 1236 2148 ἁναμετρεῖν
1253 2113 1300 2140 τοῦ
1315 2113 1516 2149 τεχνησαμένου
1538 2114 1588 2148 τὴν
1605 2113 1738 2148 δύναμιν,
1760 2114 1806 2140 καὶ

1009 2157 1057 2184 τοῦ
1076 2158 1183 2185 πάντων
1199 2158 1391 2194 γενεσιουργοῦ
1407 2160 1456 2195 τὴν
1479 2160 1636 2194 ὑπερτάτην
1650 2159 1697 2185 καὶ
1716 2159 1804 2194 5M1}-

175 2202 328 2228 Grzecortnn
353 2203 502 2236 sapientes,
526 2203 596 2238 quod
622 2211 682 2231 ctnn
708 2205 843 2239 opinionis
867 2213 951 2233 errort

1039 2215 1055 2231 ην
1069 2205 1158 2238 δόξαν.
1186 2205 1335 2240 Είθίσμεθα
1357 2206 1386 2233 δέ
1399 2215 1457 2239 πως
1467 2206 1516 2242 τὴν
1533 2206 1598 2241 περὶ
1612 2205 1682 2232 Θεοῦ
1701 2206 1804 2239 γνῶσιν

174 2249 276 2282 seipsos
304 2249 440 2282 sapientes
467 2256 526 2276 esse
558 2249 704 2285 ﬁngerent,
731 2258 778 2278 cor
808 2251 959 2279 habuerunt

176 2293 302 2320 refertum
323 2295 395 2320 omni
417 2294 581 2329 insipientia.
605 2304 613 2321 ι
638 2295 764 2323 Venerati
788 2298 860 2324 enim
883 2302 956 2328 sunt.

176 2337 276 2372 inquit,
294 2343 321 2365 et
342 2338 481 2366 coluerunt
499 2344 649 2366 creaturam
670 2347 724 2374 pra:
745 2340 874 2368 Creatore
889 2341 922 2367 ⁸³.
946 2351 955 2367 ι

176 2383 298 2416 Increpat
312 2383 393 2409 etiam
412 2383 478 2411 alios
493 2384 536 2418 qui
555 2391 648 2412 rursus
665 2385 697 2411 ad
717 2385 821 2412 iutirma
840 2390 866 2413 et
884 2394 959 2414 tuen-

175 2427 234 2454 dica
260 2429 351 2454 mundi
377 2428 508 2455 elementa
533 2434 717 2462 revertuntur,
737 2429 842 2465 illisque
868 2430 958 2458 volunt

177 2479 274 2507 ιιι-αξιοι·
289 2481 393 2508 aequum
410 2475 562 2510 bonumque
578 2476 690 2502 servire.
708 2475 778 2511 Natu
793 2477 954 2504 cordatiori-

178 2520 227 2545 bus
242 2526 293 2546 non
308 2521 409 2547 erroris
428 2528 534 2547 causam
553 2529 647 2555 parere
663 2521 762 2556 opiﬁcii
781 2522 958 2556 pulchritudi-

178 2572 254 2598 nem,
268 2566 314 2593 sed
332 2573 400 2593 verat
415 2567 448 2594 de
467 2568 519 2594 Deo
537 2569 696 2602 cognitionis
713 2568 883 2595 occasionem
901 2575 960 2595 esse

176 2611 338 2644 declaravit,
356 2619 417 2638 cum
434 2613 471 2638 ait
490 2622 496 2639 :
519 2622 528 2638 ι
549 2613 614 2640 Nam
634 2613 834 2648 inaspectabilia
852 2614 910 2647 ejus
927 2621 959 2639 ex

175 2657 312 2684 creatione
335 2657 424 2684 tnundi
446 2659 572 2692 operibus
593 2659 726 2686 intellecta
749 2659 959 2694 perspiciuntur,

176 2708 274 2729 a-terua
297 2702 354 2737 eius
376 2705 493 2737 potentia
512 2708 538 2731 et
555 2705 682 2732 divinitas
695 2705 729 2732 ‘°.
752 2714 760 2730 ι
778 2705 890 2738 Quando
908 2705 959 2731 ila-

175 2757 238 2783 quc,
254 2749 350 2784 iuqttit,
367 2749 500 2777 firmatum
522 2751 619 2778 cmlum
644 2750 819 2782 tnirabiutiui,
838 2755 865 2778 ct.
890 2750 960 2778 velut.

211 2838 237 2855 ’τ
258 2839 328 2866 Psal.
343 2839 472 2873 xxxtxﬂ.
512 2841 533 2855 "
550 2840 626 2867 lium.
647 2848 665 2872 ι,

769 2842 790 2857 Μ
812 2841 894 2873 lbid.,
912 2841 955 2868 2t).

1012 2251 1152 2285 συλλέγειν
1169 2252 1224 2279 ἀπὸ
1235 2253 1284 2287 τῆς
1301 2252 1479 2279 θεοπνεύστου
1498 2252 1624 2288 Γραφῆς,
1643 2251 1691 2278 καὶ
1707 2252 1741 2277 ὲκ
1756 2251 1804 2286 τῆς

1009 2296 1064 2322 τῶν
1084 2297 1240 2332 κτισμάτων
1262 2298 1462 2332 μεγαλουργίας
1478 2306 1507 2324 τε
1530 2296 1598 2332 ὁμοῦ
1622 2298 1670 2323 καὶ
1687 2296 1802 2328 τάξεως.

1010 2342 1079 2377 Γελᾷ
1093 2342 1158 2377 γοῦν
1170 2344 1183 2370 ό
1200 2343 1305 2375 Παῦλος
1320 2344 1382 2376 τοὺς
1398 2343 1462 2378 παρ’
1478 2343 1592 2378 Ἕλλησι
1618 2343 1736 2376 σοφοὺς,
1765 2342 1804 2368 ὅτι

1011 2389 1107 2422 σοφίας
1122 2389 1233 2424 δόκησιν
1246 2389 1334 2417 καίτοι
1345 2390 1453 2421 ἑαυτοῖς
1470 2389 1713 2423 περιπλάττοντες,
1726 2388 1804 2414 ἀϐελ-

1013 2435 1110 2470 τηρίας
1122 2435 1230 2470 ἁπάσης
1245 2435 1396 2470 ἀνάμεστον
1409 2435 1499 2470 ἔχουσι
1511 2435 1559 2470 τὴν
1573 2435 1700 2470 καρδίαν.
1714 2433 1803 2460 «Ἐσε-

1012 2480 1151 2515 ϐἀσοτισαν
1167 2482 1231 2517 γὰρ,
1250 2483 1326 2518 φησὶ,
1340 2482 1386 2509 καὶ
1401 2482 1566 2517 ἐλάτρευσαν
1579 2483 1613 2515 τῇ
1627 2481 1718 2507 κτίσει
1730 2479 1803 2515 παρὰ

1013 2526 1058 2553 τὸν
1070 2527 1210 2554 κτίσαντα.
1228 2537 1237 2554 ι
1259 2528 1389 2563 Ἐπιτιμᾷ
1403 2527 1468 2562 γοῦν
1484 2528 1530 2554 καὶ
1543 2527 1659 2561 ἑτέροις,
1676 2526 1716 2557 ὡς
1744 2527 1802 2551 ἐπι-

1012 2572 1156 2608 στρέφουσι
1173 2574 1252 2600 πάλιν
1268 2574 1314 2600 ἐπὶ
1328 2574 1362 2600 τὰ
1379 2573 1478 2608 ἀσθενῆ
1509 2573 1557 2599 καὶ
1574 2572 1672 2606 πτωχὰ
1686 2572 1800 2605 στοιχεῖα

1011 2617 1058 2644 τοῦ
1075 2618 1188 2653 κόσμου.
1207 2619 1254 2646 καὶ
1270 2619 1404 2646 δουλεύειν
1425 2619 1518 2650 αὐτοῖς
1529 2618 1653 2644 ἐθέλουσι
1677 2617 1754 2651 παρὰ
1775 2616 1801 2641 τὸ

1009 2664 1092 2695 εἰκός.
1109 2664 1239 2700 ’Ὀτιγὰρ
1254 2666 1310 2696 τοῖς
1334 2665 1550 2699 νουνεχεστέροις
1574 2664 1604 2690 οὗ
1622 2662 1670 2689 τοῦ
1701 2663 1800 2688 πλανᾶ-

1012 2708 1073 2734 σθαι
1088 2708 1224 2744 πρόφασιν
1231 2708 1265 2736 ἂν
1278 2708 1382 2735 ἐντέκοι
1395 2709 1444 2743 τῆς
1454 2707 1636 2743 δημιουργίας
1650 2707 1681 2732 τδ
1697 2705 1799 2735 κάλλος.

1010 2753 1136 2788 ἀφορμὰς
1149 2753 1177 2780 δὲ
1193 2752 1320 2787 γνώσεως
1335 2752 1452 2788 ἀληθοῦς
1469 2751 1517 2787 τῆς
1532 2751 1597 2786 περὶ
1617 2749 1699 2783 Θεοῦ,
1717 2749 1803 2776 διεσά-
