1883 3054
57 206 134 233 1169

624 207 657 235 ΙΝ
677 206 880 235 ιεΑιιιι-ωιι.
905 209 935 237 ν’.
957 208 1075 237 TUMUS
1096 209 1117 237 Ι.

1621 215 1690 242 ηιδ

53 265 202 300 γεὶλαμεν,
219 266 266 293 καί
285 266 427 302 μονονουχὶ
443 267 688 304 διεμαρτυράμεθα
716 268 849 302 λέγοντες,

921 278 1025 304 ampus,
1042 270 1067 296 id
1082 274 1134 302 est,
1148 276 1225 304 quam
1243 276 1306 305 ager
1329 269 1440 298 flOridus
1462 276 1489 298 et
1505 270 1633 306 frugifer:
1649 273 1690 299 Vel

53 313 96 340 ὅτι
118 313 255 348 Ἐσόμεθα
268 313 389 340 ἐναντίον
415 313 498 341 αὐτοῦ
516 314 555 345 ὡς
578 315 680 348 πεδίον,
699 316 847 347 τουτέστιν,

51 358 92 390 ὡς
109 359 198 394 ἀγρὸς
218 359 334 394 εὐανθὴς
350 359 398 385 καὶ
424 360 608 396 καρποφόρος,
625 361 642 395 ἢ
664 361 711 388 καὶ
734 361 772 393 ὡς
788 361 850 396 ῥίζα

51 405 82 430 ιν
99 406 139 440 γῇ
155 404 270 441 διψώσῃ,
281 405 453 440 -ἀρδεύοντος
472 406 546 441 ἡμᾶς
565 405 687 442 δηλονότι
708 406 790 438 θείοις
820 416 856 433 τε·

53 449 102 475 καὶ
122 450 289 485 ἀπορρήτοις
302 449 391 484 λόγοις
409 449 455 476 τοῦ
474 451 654 485 Μονογενοῦς,
670 452 699 478 ἐν
712 449 734 485 ᾧ
750 452 857 483 πάντες

52 495 127 521 εἰσὶν
139 496 164 522 οἱ
173 495 305 531 θησαυροὶ
314 496 363 531 τῆς
372 496 468 530 σοφίας
483 497 530 523 καὶ
548 497 674 531 γνώσεως
682 498 849 532 ἀπόκρυφοι.

53 540 149 567 Πάλαι
169 541 217 576 μὲν
232 541 286 577 γὰρ
300 541 317 576 ἠ
334 541 465 577 σύμπασα
480 542 526 577 γῆ,
547 542 616 579 ξηρά
635 552 677 575 τις
693 543 788 579 ὥσπερ
803 544 874 571 καις

53 586 186 621 ἄκαρπος
191 583 236 622 ἦν,
248 587 295 614 καὶ
306 584 362 613 οἷον
373 587 476 622 διψῶσα
486 587 532 623 γῆ,
544 588 590 614 καὶ
598 589 721 623 καρποὺς
731 588 851 624 ἡμέρους

55 631 257 667 [οὐκ]μέχουσα.
280 632 389 667 Ἐπειδὴ
404 632 432 659 δὲ
447 633 491 659 τὸν
506 633 580 669 παρὰ
596 633 714 669 Χριστοῦ
729 633 849 660 πεπλού-

53 686 145 712 τηχεν
160 678 247 710 ὑετὸν,
271 679 455 713 πνευματικὸν
470 679 600 714 δηλονότι,
622 679 668 706 καὶ
679 679 727 714 τὴν
742 679 786 706 διὰ
804 679 850 706 τοῦ

54 723 139 756 ἁγίου
158 723 315 759 Πνεύματος
333 725 477 760 χορηγίαν,
497 724 705 761 ἀνεθάλ[λ]ομεν
719 725 757 756 ὡς
775 725 849 760 ῥίζα,

53 769 201 796 τουτέστιν
228 770 266 802 ὡς
290 769 388 805 βοτάνη
413 779 443 797 τε
469 771 539 807 καλὴ
575 772 622 798 καὶ
639 771 764 807 εὐανθής.
795 772 854 798 Καὶ

54 815 124 849 γοῦν
158 816 209 852 ἔφη
236 825 278 848 τις
303 817 371 852 πρὸς
393 817 466 852 ἡμᾶς
493 817 547 844 τῶν
579 818 664 851 ἁγίων
693 818 855 854 προφητῶνκ

57 872 66 887 ι
84 863 145 888 Καὶ
160 862 341 898 μακαριοῦσιν
354 863 426 898 ὑμᾶς
436 864 525 890 πάντα
536 863 569 890 τὰ
585 863 660 899 ἔθνη,
673 864 741 890 διότι
755 864 850 891 ἔσεσθε

54 907 140 941 ὑμεῖς
153 908 190 942 γῆ
209 908 318 943 θελητὴ,
339 908 413 942 λέγει
427 908 528 944 Κύριος
542 909 750 945 παντοκράτωρ.
766 919 774 935 ι
798 911 850 936 Θε-

54 953 143 988 λητὴν
165 954 195 981 δὲ
221 954 295 989 λέγει
321 955 370 990 τὴν
396 954 535 991 εὔκαρπον
568 955 614 983 καὶ
648 956 848 992 γονιμωτάτην·

54 999 189 1034 amant,
204 999 263 1036 γὰρ
274 1000 344 1035 αὕτη
358 1000 497 1035 γηπόνοις.
513 1001 574 1026 Ὅτι
585 1000 613 1026 δὲ
631 1002 647 1036 ἡ
671 1000 850 1033 ἀκανθοτόκος

55 1044 123 1070 ποτὲ
150 1044 222 1079 ξηρά
243 1054 272 1071 τε
301 1046 348 1072 καὶ
370 1046 482 1081 ἄνυδρος
506 1046 540 1081 γῆ
563 1046 797 1082 μεταπεφοίτηκεν
809 1048 850 1078 εἰς

53 1091 260 1126 γονιμωτάτην,
278 1092 324 1118 καὶ
347 1092 386 1123 εἰς
404 1092 435 1118 τὸ
453 1091 581 1118 δύνασθαι
605 1091 729 1118 πλουτεῖν
746 1092 849 1127 εὐκαρ-

54 1137 135 1168 πίαις
150 1138 211 1169 ταῖς
229 1139 434 1173 πνευματικαῖς,
452 1139 577 1173 σαφηνιεῑ
587 1138 674 1172 λέγων
690 1139 704 1164 ὁ
717 1138 772 1164 τῶν
781 1138 853 1166 ὅλων.

54 1183 122 1214 θεὸς
141 1183 188 1209 διὰ
204 1184 295 1218 φωνῆς
315 1183 440 1210 Ἡσαΐου·
458 1184 528 1210 «Καὶ
541 1184 627 1216 ἔσται,
642 1184 702 1210 ἀντὶ
714 1184 765 1218 τῆς
779 1192 850 1210 στοι-

55 1230 106 1264 Gil;
132 1230 300 1265 ἀναϐήσεται
328 1231 508 1266 κυπάρισσος,
528 1231 588 1257 ἀντὶ
614 1231 642 1257 δὲ
662 1231 711 1265 τῆς
735 1231 850 1266 κονύζης

55 1274 226 1309 ἀναβήσεται
244 1275 386 1311 μυρσίνη.»
400 1276 464 1311 Εῖδη
478 1275 528 1311 μὲν
537 1276 592 1311 γὰρ
605 1275 740 1307 ἀκανθῶν,
755 1276 847 1311 στοιϐή

54 1329 83 1345 τε
99 1321 149 1346 καὶ
163 1321 413 1357 κόνυξα,τρέφειδὲ
428 1322 546 1348 αὺτὰάεί
559 1323 642 1358 πωςὴ
655 1321 752 1357 χέρσος
761 1331 789 1348 τε
803 1322 849 1348 καὶ

53 1365 172 1401 ἄνυδρος
183 1367 229 1402 γῆο
241 1367 357 1403 μυρσίνη
374 1368 402 1394 δὲ
414 1368 459 1394 καὶ
470 1369 639 1403 κυπάρισσος
652 1369 850 1404 διαπρέπουσιν

53 1412 82 1437 ὲν
95 1412 209 1446 κήποις.
230 1413 418 1449 Ἐξῃρημὲνης
436 1414 525 1441 τοίνυν
536 1414 669 1450 ἀκάνθης,
683 1415 775 1450 φησιν,
788 1415 850 1440 ἀνα.

54 1458 206 1493 ϐλαστήσει
237 1458 328 1486 λοιπὸν
348 1460 380 1486 τὰ
400 1460 572 1495 εὐοσμότατα
587 1460 640 1486 τῶν
655 1460 756 1494 φυτῶν,
783 1461 847 1487 ὅταν

54 1504 69 1537 ἡ
81 1503 166 1538 διψὰς
180 1503 226 1539 [aL
239 1505 355 1542 διψῶσα]
369 1505 476 1542 ἔνυδρος
489 1506 611 1541 γένηται,
624 1506 691 1532 Θεοῦ
714 1506 846 1540 λέγοντος,

53 1551 95 1576 ὅτι
113 1551 226 1586 Ποιήσω
240 1552 289 1588 τὴν
303 1552 405 1588 ἔρημον
418 1553 457 1582 είς
469 1553 528 1587 ἕλη,
541 1553 588 1579 καὶ
601 1552 648 1588 τὴν
660 1552 781 1587 διψῶσαν
797 1552 848 1587 γῆν

53 1597 82 1622 ἐν
99 1597 283 1632 ὑδραγωγοίς.
304 1598 385 1634 Θήσω
409 1600 449 1630 εἰς
465 1598 515 1634 τὴν
529 1599 641 1632 ἄνυδρον
665 1599 717 1634 γῆν
741 1598 846 1634 κέδρον,

55 1643 103 1669 1.1".
121 1642 217 1675 πύξον,
234 1644 280 1670 καὶ
303 1645 445 1680 μυρσίνην,
469 1645 514 1671 καὶ
535 1646 715 1681 κυπάρισσον,
732 1645 778 1671 καὶ
790 1644 850 1671 λεύν

53 1696 119 1723 κην.
151 1689 257 1716 Οὐκοῦν
277 1690 488 1725 ἀνηγγείολαμεν,
518 1691 559 1716 ὅτι
589 1690 781 1722 πιστεύσαντες
810 1690 850 1721 εἰς

901 315 983 342 etiam
1001 320 1030 341 ut
1044 315 1118 342 radix
1133 315 1159 341 in
1178 320 1248 342 terra
1264 315 1385 348 sitiente,
1403 316 1534 351 irrigante
1553 325 1601 344 nos
1617 318 1690 345 scili-

900 365 944 387 cet
958 360 1057 387 divinis
1074 365 1101 388 et
1119 361 1226 388 arcanis
1239 362 1410 389 sermonibus
1425 362 1579 397 Uuigeuito,
1595 363 1621 389 in
1638 371 1691 397 quo

901 414 995 434 omnes
1005 407 1126 434 thesauri
1139 408 1278 441 sapientia:
1288 413 1314 435 et
1328 408 1489 442 cognitionis
1503 414 1563 435 sunt
1575 409 1691 436 abscon-

902 451 962 478 diti.
978 451 1047 479 Olim
1063 453 1135 480 enim
1151 454 1241 481 omnis
1254 458 1339 486 terra,
1357 454 1431 480 arida
1455 455 1587 490 quaepiam
1603 459 1629 482 et
1650 456 1690 482 in-

902 497 1038 525 fructuosa
1054 499 1125 526 velut
1141 504 1211 527 terra
1233 500 1293 530 fuit.
1306 505 1334 527 et
1349 500 1426 534 quasi
1443 501 1548 533 sitiens,
1580 507 1608 528 et
1632 501 1689 529 fru-

901 546 961 569 ctus
973 543 1072 571 sativos
1089 551 1140 570 non
1153 544 1264 572 habens.
1279 544 1331 571 Sed
1347 545 1391 572 ubi
1407 545 1491 572 ditata
1506 549 1548 572 est
1561 545 1691 574 actu-isto

903 588 1001 621 imbre,
1015 589 1150 622 spirituali
1167 589 1304 624 videlicet,
1318 595 1344 618 et
1363 591 1449 618 sancti
1470 591 1588 625 Spiritus
1599 591 1690 618 subsi-

901 633 963 666 dio,
981 635 1055 668 quasi
1087 634 1166 661 radix
1194 635 1376 668 reﬂoruimus,
1390 636 1415 663 id
1429 641 1481 668 est,
1500 637 1577 671 quasi
1605 637 1689 664 herba

901 679 1013 714 pulchra
1040 684 1066 706 et
1091 679 1195 706 ﬂorida.
1212 679 1352 714 Siquidem
1378 681 1446 708 dixit
1473 682 1554 708 etiam
1583 682 1660 709 nobis
1676 689 1692 709 e

901 725 1003 752 sanctis
1023 725 1162 760 prophetis
1174 726 1325 760 quispiam:
1346 735 1355 752 ι
1370 725 1403 752 Ει
1418 726 1511 754 beatos
1535 735 1583 754 vos
1600 727 1691 755 dicent

902 778 995 798 omnes
1004 775 1097 806 gentes
1109 779 1116 803 ;
1130 776 1273 806 propterea
1289 771 1366 798 eritis
1381 779 1429 799 vos
1444 776 1513 799 terra
1529 778 1691 807 spontanea,

902 815 968 843 dicit
997 816 1126 844 Dominus
1149 817 1323 852 omnipotens
1333 816 1366 844 ⁸⁸.
1381 827 1391 843 ι
1412 817 1594 852 Spontaneam
1615 824 1694 846 vocat

902 861 1067 888 fructuosam
1095 867 1123 888 et
1152 861 1367 893 feracissimam;
1384 866 1460 897 grata
1480 863 1553 891 enim
1570 862 1614 890 illa
1641 862 1693 890 fuit

902 907 1039 942 agricolis.
1057 908 1133 940 Quod
1160 912 1250 935 autem
1280 909 1389 942 spinosa
1406 909 1541 944 quondam
1568 914 1594 936 et
1615 909 1690 936 arida

903 958 930 981 et
955 961 1024 989 aqua
1041 961 1139 982 carens
1168 958 1239 981 terra
1271 955 1368 982 abierit
1380 955 1406 981 in
1424 960 1525 982 terram
1554 955 1690 984 feracissi-

904 1006 987 1031 mam,
1004 999 1040 1026 ita
1053 1003 1082 1027 ιιι
1095 999 1172 1026 dives
1181 999 1253 1026 facta
1270 999 1353 1027 fuerit
1363 1000 1497 1034 spirituali
1511 1000 1690 1035 fecunditate,

903 1044 1050 1072 declarabit
1077 1045 1170 1071 dicens
1199 1045 1386 1072 universorum
1400 1045 1488 1078 .Deus
1510 1053 1576 1073 voce
1594 1045 1690 1075 Isaia;

907 1100 916 1116 ι
930 1090 964 1118 Ει
979 1091 1041 1123 erit,
1056 1097 1106 1125 pro
1123 1091 1210 1117 stmba
1227 1095 1332 1118 crescet
1355 1092 1526 1126 cyparissus,
1540 1096 1566 1118 et
1583 1099 1632 1126 pro
1646 1100 1695 1122 εο-⁵

904 1144 973 1172 nyza
998 1140 1105 1164 crescet
1135 1140 1239 1172 myrtus
1251 1136 1284 1163 δ’.
1301 1145 1311 1162 ι
1337 1135 1429 1164 Sueba
1457 1137 1529 1164 enim
1548 1143 1576 1164 et
1589 1145 1690 1172 conyza

903 1187 1008 1210 suntex
1026 1189 1126 1217 genere
1141 1182 1292 1217 spinarum,
1308 1187 1335 1210 et
1346 1190 1454 1217 semper
1473 1191 1504 1211 ea
1523 1184 1607 1210 nutrit
1619 1188 1690 1211 terra

904 1228 1005 1256 inculta
1018 1233 1046 1255 et
1067 1228 1224 1256 siticulosa:
1240 1233 1268 1255 at
1297 1234 1400 1263 myrtus
1425 1233 1452 1256 et
1479 1230 1637 1264 cyparissus
1663 1229 1691 1258 in

903 1274 989 1301 hortis
1020 1274 1166 1302 excellunt.
1191 1275 1344 1309 Exstirpata
1372 1281 1446 1309 ergo,
1476 1275 1574 1310 inquit,
1603 1276 1690 1310 spina.

902 1320 1102 1350 odoratissimae
1130 1321 1227 1347 deinde
1243 1320 1340 1354 plantae
1360 1321 1545 1352 reflorescenl.
1563 1327 1633 1348 terra
1652 1323 1689 1349 si-

904 1367 972 1394 tiens
989 1366 1015 1393 in
1031 1374 1158 1400 aquosam
1183 1371 1312 1399 vertetur,
1335 1366 1388 1394 Deo
1413 1367 1539 1395 dicente:
1556 1377 1566 1393 ‹
1583 1367 1691 1395 Ver-tam

902 1413 1040 1440 desertum
1056 1412 1081 1438 iu
1095 1412 1200 1444 latices,
1216 1416 1243 1438 et
1269 1412 1406 1440 sitientem
1435 1417 1534 1440 terram
1553 1414 1579 1440 in
1599 1421 1692 1447 aquai:

902 1459 1008 1485 ductus.
1039 1458 1140 1484 Ponam
1159 1459 1184 1485 in
1206 1463 1277 1485 terra
1305 1458 1383 1492 aquis
1398 1463 1508 1486 careute
1525 1460 1647 1491 cedrum,
1666 1464 1690 1486 ιιι
1708 1481 1709 1484 η

901 1504 1013 1536 buxum,
1033 1508 1060 1531 et
1084 1508 1212 1539 myrtum,
1239 1504 1406 1539 cyparissum
1424 1505 1590 1538 etpnpulum
1606 1505 1639 1521 δν
1659 1515 1686 1532 .ι

901 1549 1127 1576 Annuntiavimus
1145 1549 1236 1584 itaque
1251 1550 1392 1577 credentes
1408 1550 1433 1576 in
1450 1549 1536 1584 ipsum
1551 1549 1692 1577 Christum

903 1595 959 1622 fore
974 1594 1000 1622 in
1015 1599 1160 1628 conspectu
1173 1595 1268 1629 ipsius,
1286 1595 1311 1622 id
1327 1599 1377 1627 est,
1390 1595 1423 1622 ab
1438 1601 1472 1622 eo
1482 1595 1694 1630 conspiciemur,

901 1641 976 1675 quasi
993 1641 1200 1675 campus,quasi
1218 1641 1304 1673 radix,
1322 1641 1348 1668 id
1364 1645 1415 1672 est,
1432 1645 1462 1668 ut
1477 1641 1560 1668 herba
1575 1641 1602 1668 in
1619 1646 1690 1669 terra

901 1687 1061 1722 quandoque
1075 1686 1193 1717 sitiente,
1209 1694 1267 1720 quae
1279 1687 1312 1713 ab
1327 1695 1360 1714 eo
1377 1686 1447 1714 facta
1457 1690 1500 1714 est
1513 1695 1626 1720 aquosa.

54 1734 140 1761 αὐτὸν
151 1735 197 1761 τὸν
209 1736 335 1771 Χριστὸν,
346 1736 464 1771 ἐσόμεθα
477 1736 596 1763 ἐναντίον
606 1736 699 1768 αὐτοῦ,
711 1737 859 1768 τουτέστιν,
879 1734 1051 1769 ἐφορώμενοι
1067 1732 1131 1768 παρ’
1157 1729 1252 1765 αὑτοῦ,
1267 1732 1306 1764 ὡς
1326 1733 1427 1766 πεδίον,
1450 1733 1488 1764 ὼς
1514 1734 1590 1769 ῥίζα,
1614 1742 1691 1762 causa

54 1782 133 1808 ἐστιν
161 1782 199 1814 ὡς
220 1783 316 1817 βοτάνη
340 1784 369 1809 ὲν
389 1785 424 1818 γῇ
449 1792 513 1810 ποτε
538 1783 654 1819 διψώσῃ,
684 1783 787 1819 ἐνύδρῳ
811 1792 842 1817 γε
865 1782 917 1818 μὴν
931 1782 993 1817 παρ’
1011 1779 1093 1807 αὑτοῦ
1107 1779 1252 1815 γενομένῃ.

87 1830 154 1855 Οὐκ
168 1828 254 1856 ἐστιν
271 1828 351 1862 εἶδος
371 1828 461 1863 αὐτῷ,
479 1830 548 1858 οὔτε
562 1831 651 1863 δόξα·
667 1831 716 1858 καί
729 1831 849 1866 εἴδομεν

54 1874 154 1900 αὑτὸν
176 1873 224 1899 καὶ
239 1875 294 1900 οὐκ
311 1872 394 1908 εἶχεν
412 1873 500 1907 εἶδος,
521 1876 590 1902 οὐδὲ
607 1876 730 1909 κάλλος,
757 1877 850 1904 Ἀλλὰ

55 1919 88 1945 τὸ
118 1917 200 1952 εἶδος
222 1919 301 1952 αὐτῷ
323 1920 439 1955 ἄτιμον,
461 1921 604 1950 ἐκλεῖπον
628 1923 708 1957 παρὰ
734 1922 849 1960 πάντας

54 1965 246 1998 ἀνθρώπους.

94 2009 129 2036 Τί
154 2010 187 2045 δὴ
201 2011 254 2045 ἄρα
270 2013 351 2046 φησιν
365 2012 379 2038 ὁ
395 2014 538 2049 προφήτης
552 2015 580 2040 ἐν
596 2013 702 2045 τούτοις
712 2034 719 2046 ,
741 2014 757 2050 ἢ
773 2015 849 2040 ποῖον

54 2055 88 2080 ἄν
122 2063 165 2086 τις
193 2057 249 2088 τοῖς
276 2057 430 2092 εἰρημένοις
448 2059 602 2094 ἐφαρμόσαι
628 2060 699 2091 νοῦν,
727 2060 793 2094 φέρε
817 2060 849 2095 δὴ

57 2101 144 2127 πάλιν
159 2102 386 2138 καταθρήσωμεν,
406 2104 444 2135 ὡς
465 2105 515 2132 ἔνι.
536 2105 701 2141 Ὠμολόγηκε
719 2106 767 2141 μὲν
784 2105 847 2141 γὰρ,

54 2146 98 2172 ὅτι
119 2146 166 2172 καὶ
183 2147 404 2184 Ἀνηγγείλαμεν,
417 2150 566 2181 τουτέστιν,
581 2150 710 2185 ἀνελλιπῆ
734 2151 849 2185 πεποιή-

57 2191 133 2224 μεθα
147 2190 196 2226 τὴν
209 2192 418 2228 προαγόρευσιν,
430 2194 467 2226 ὡς
476 2195 535 2230 ἥξει
551 2197 621 2222 κατὰ
633 2197 754 2232 καιρούς.
777 2197 847 2223 Ἀλλ’

935 1827 1103 1864 742Veas.
1115 1827 1142 1854 2.
1163 1826 1224 1854 Non
1240 1833 1278 1854 eu
1292 1827 1388 1861 species
1404 1828 1438 1857 ei.
1452 1836 1532 1862 neque
1546 1828 1630 1861 gloria
1649 1836 1690 1855 :ct

900 1875 1011 1900 uidimus
1026 1878 1128 1905 eunt,et
1141 1881 1192 1899 non
1207 1873 1315 1899 habebat
1335 1873 1544 1907 speciem,neque
1552 1873 1692 1900 decorem“

901 1917 952 1944 Sed
966 1919 1105 1952 ,προσῄειεὶ
1118 1918 1168 1951 fuit
1185 1918 1353 1950 inhonorata,
1370 1923 1393 1944 et
1406 1918 1529 1951 deﬁciens
1556 1927 1610 1952 pra:
1633 1928 1689 1945 0m-

901 1967 975 1992 niims
989 1966 1150 1993 hominibus.

938 2012 1007 2045 Quid
1025 2020 1090 2047 ergo
1102 2012 1128 2038 in
1143 2012 1185 2039 his
1201 2012 1290 2039 verbis
1302 2012 1367 2039 dicit
1379 2012 1534 2047 propheta?
1549 2018 1595 2040 aut
1611 2021 1689 2047 queui

903 2059 945 2086 his
958 2059 1038 2086 dictis
1051 2066 1161 2085 sensum
1174 2058 1430 2090 accommodaverit,
1446 2066 1495 2093 age
1515 2065 1609 2086 rursus
1626 2067 1689 2088 con:

902 2105 1064 2137 sideremus,
1078 2105 1166 2139 quoad
1196 2104 1268 2131 licet.
1281 2103 1426 2132 Confessus
1441 2105 1512 2132 enim
1526 2109 1577 2137 est,
1594 2109 1621 2132 et
1641 2113 1693 2131 an—.

902 2151 1096 2182 nuntiavimus,
1126 2151 1152 2178 id
1179 2156 1229 2184 est,
1250 2152 1330 2186 plene
1358 2159 1390 2178 ac
1417 2151 1496 2186 plane
1517 2152 1690 2186 praediximus

901 2202 1107 2224 venturmuasuo
1124 2202 1255 2232 tempore.
1275 2197 1328 2225 Sed
1354 2198 1477 2225 fortassis
1497 2198 1596 2226 dixerit
1615 2198 1689 2233 quis-

55 2237 124 2267 ίσως
150 2236 203 2272 ἔφη
222 2237 256 2264 ἄν
273 2246 315 2270 τις
334 2239 401 2273 πρδς
423 2240 514 2267 τοῦτο·
537 2241 569 2267 Τί
585 2240 650 2275 οὖν,
678 2244 702 2268 εἰ
726 2242 849 2269 καθίκετο

919 2244 976 2271 riam
993 2244 1026 2271 ad
1055 2245 1129 2271 hac:
1146 2243 1214 2285 Qgid
1229 2243 1313 2280 ergo?
1341 2243 1453 2271 Venitne
1469 2244 1502 2271 de
1519 2244 1588 2272 coelo
1620 2245 1688 2271 Deus

57 2282 111 2317 μὲν
122 2282 153 2315 ἐξ
170 2283 292 2318 οὐρανῶν
302 2284 368 2316 Θεὸς
384 2284 421 2311 ὢν
435 2287 449 2312 ο
461 2286 559 2321 Λόγος,
579 2286 726 2323 θεοπρεπεῖ
738 2288 766 2315 δὲ
786 2288 849 2324 δόξῃ

55 2328 291 2363 κατεστεμμένος,
308 2330 354 2356 καὶ
366 2331 506 2367 ἀπροσίτῳ
519 2332 589 2366 φωτὶ
607 2333 766 2368 διαπρέπων
798 2335 849 2360 ἐπ-

55 2373 143 2407 ἐφανε
158 2375 214 2405 τοῖς
229 2375 275 2401 ἐπὶ
284 2375 340 2410 τῆς
353 2376 415 2412 γῆς,
436 2378 482 2404 καὶ
500 2379 750 2414 ὰπροσωπόληπτος
764 2378 798 2416 ἦν
808 2381 851 2407 διὰ

55 2419 108 2454 τὴν
118 2420 169 2454 τῆς
184 2419 262 2455 δόξης
281 2422 448 2458 ύπερόολήν;
470 2424 524 2450 Καὶ
538 2424 603 2458 γοῦν
618 2425 662 2452 ὅτε
685 2426 850 2461 πεφοίτηκεν

55 2465 87 2490 ὲν
108 2465 176 2491 εῖδει
187 2466 273 2501 πυρὸς
286 2468 332 2493 ἐπὶ
349 2467 381 2494 τὸ
399 2468 462 2504 ὅρος
482 2469 512 2496 τὸ
530 2471 605 2502 Σινᾶ,
623 2470 718 2502 σκότος
739 2469 784 2506 ἦν,
803 2471 847 2498 καλ

56 2511 169 2545 γνόφος,
198 2512 244 2538 καὶ
269 2513 377 2546 θύελλα,
400 2515 447 2541 καὶ
469 2515 525 2551 πῦρ
555 2516 622 2551 ὑψοῦ
650 2517 767 2553 διᾷττον,
804 2518 850 2544 καὶ

55 2556 173 2588 καπνὸς,
188 2556 302 2584 πλεῖστά
314 2567 344 2585 τε
360 2560 428 2595 πρὸς
441 2561 546 2593 τούτοις
561 2560 595 2597 ἦν
609 2562 701 2599 ἕτερα,
713 2563 854 2598 δειμάτων,

56 2602 106 2629 καὶ
130 2602 229 2634 πτοίας
249 2604 298 2639 τῆς
321 2605 361 2637 είς
379 2606 464 2641 ἄκρον
488 2607 627 2642 ποιητικὰ,
650 2609 688 2640 ὡς
713 2609 849 2645 ἀφόρητον

56 2648 187 2684 γενέσθαι
202 2651 258 2681 τοῖς
271 2650 418 2686 θεωμένοις
441 2653 489 2688 τὴν
511 2653 582 2688 ὄψιν.
607 2654 661 2681 Καὶ
683 2655 748 2688 γοῦν
771 2664 849 2690 μεσι-

57 2694 188 2720 τεύεσθαι
216 2697 388 2731 παρεκάλουν
415 2699 441 2725 οἱ
466 2699 496 2732 ἐξ
530 2699 636 2734 Ἰσραὴλ
659 2700 783 2734 λέγοντες
807 2699 847 2735 τῷ

57 2741 220 2776 παναρίστῳ
243 2742 354 2769 Musei"
386 2753 394 2769 ι
410 2744 493 2771 Δάλει
512 2745 544 2770 σὺ
555 2745 622 2779 πρὸς
644 2745 726 2780 ἡμᾶς,
746 2745 791 2771 καὶ
810 2746 846 2780 μὴ

58 2786 174 2813 λαλείτω
192 2787 261 2822 πρὸς
277 2789 349 2823 ἡμᾶς
369 2790 384 2816 ό
407 2790 482 2823 Θεὸς,
509 2791 551 2817 ἵνα
574 2792 610 2827 μὴ
630 2791 819 2826 ἀποθάνοιμεν.
835 2802 844 2816 ι

58 2832 141 2858 Οὐδὲν
161 2830 210 2859 οὖν
231 2833 261 2859 τὸ
285 2833 386 2870 θαῦμα,
399 2837 492 2871 φησιν,
513 2838 536 2863 εί
560 2837 778 2872 προηγορεύσατε
799 2837 846 2871 μὲν

59 2919 209 2947 ".llalach.
226 2929 265 2955 ιιι,
287 2922 328 2949 12.
367 2923 388 2939 ‘l‘
407 2923 456 2952 lsa.
470 2933 512 2958 ιν,
531 2926 568 2953 15.

903 2289 1032 2322 Verbum,
1046 2290 1137 2317 divina
1164 2295 1276 2317 ornatus
1303 2289 1486 2324 gloriaiNum
1503 2290 1585 2317 etiam
1615 2290 1688 2317 inae-

902 2343 977 2363 cessa
1003 2335 1063 2363 luce
1076 2335 1224 2368 collucens,
1243 2340 1323 2363 terra:
1350 2335 1445 2362 incolis
1460 2334 1687 2369 apparuit?’Num

903 2380 986 2408 facies
1006 2380 1065 2415 ejus
1091 2381 1208 2415 conspici
1237 2388 1290 2407 non
1316 2384 1435 2415 poterat,
1459 2383 1569 2414 propter
1597 2378 1688 2414 gloria:

902 2427 1108 2461 pra-stantiam?
1122 2426 1262 2461 Siquidem
1277 2434 1338 2453 cum
1359 2426 1448 2460 specie
1461 2425 1533 2460 ignis
1548 2425 1688 2452 descendit

901 2473 929 2499 in
951 2478 1071 2500 montem
1099 2473 1175 2505 Sina,
1194 2474 1310 2500 tenebrze
1325 2477 1414 2506 erant,
1430 2472 1564 2507 ctcaligo,
1583 2475 1608 2499 et
1626 2478 1686 2506 pro-

898 2519 977 2551 cella,
992 2525 1019 2546 et
1045 2520 1113 2554 ignis
1138 2519 1172 2546 ab
1197 2519 1250 2546 alto
1265 2519 1395 2550 emicans,
1419 2513 1451 2545 ac
1470 2517 1557 2549 fumi,
1580 2517 1686 2551 aliaque

899 2565 1040 2599 complura
1052 2565 1144 2591 videre
1157 2564 1243 2598 licuit,
1262 2572 1322 2598 quae
1342 2565 1509 2591 timoremet
1525 2563 1683 2597 trepidatio-

899 2618 960 2637 nem
974 2618 1106 2638 summam
1124 2610 1307 2642 incusserunt,
1323 2612 1358 2637 ita
1378 2616 1406 2637 ιιι
1422 2614 1550 2644 aspectus
1566 2613 1639 2636 esset
1649 2609 1686 2635 iu-

899 2656 1055 2682 toleraudus
1073 2656 1269 2689 spectantibus.
1286 2655 1351 2681 Nam
1373 2660 1501 2689 rogarunt
1512 2658 1682 2689 sequestrem

901 2701 1039 2733 Israelitae,
1070 2701 1189 2728 dicentes
1217 2702 1317 2735 optimo
1341 2700 1443 2735 Moysi:
1466 2700 1632 2734 «Alloquere
1657 2703 1684 2724 tu

902 2755 958 2778 nos.
974 2751 1001 2774 ct
1029 2755 1062 2773 ne
1076 2746 1228 2781 alloquetur
1241 2754 1289 2773 nos
1305 2746 1386 2778 Deus,
1414 2754 1447 2773 ne
1464 2746 1611 2773 moriamur
1624 2745 1657 2771 ¹⁰.
1671 2754 1680 2770 ι

902 2792 959 2819 Non
975 2792 1057 2826 igitur
1076 2792 1184 2824 mirum,
1214 2791 1312 2826 inquit,
1328 2791 1350 2817 si
1372 2799 1418 2818 vos
1433 2790 1622 2825 prmdixeritis,
1637 2798 1684 2823 ap-

901 2839 1044 2873 paruitque
1066 2837 1110 2864 illa
1132 2841 1209 2864 teme
1239 2837 1436 2866 habitatoribus
1468 2844 1520 2864 nou
1539 2836 1684 2871 spectanda

619 2927 649 2941 ”"
667 2926 715 2953 isa,
733 2926 799 2960 XLI,
822 2927 861 2958 IS,
881 2926 923 2954 19.
964 2926 1080 2954 "Exod.
1101 2934 1146 2956 xx.
1168 2927 1209 2955 19.
