1883 3054
96 189 164 217 11⁵15

654 190 690 216 ΙΝ
709 190 824 218 ΙὸΛΙΛΜ
843 191 909 218 LIB.
930 191 961 218 ν.
983 191 1103 220 TOMUS
1122 192 1142 219 I.

1645 194 1713 221 ΜΗ

91 246 169 280 φησὶ,
185 250 215 271 το
231 246 374 280 πρόσωπον
392 246 475 281 αὐτῷ.
494 247 530 273 Τὸ
545 247 584 279 δὲ,
595 247 878 283 Ἀπέστραπται,ἀντὶ

956 259 1021 278 :vcra
1042 252 1190 279 exstitisse.
1208 253 1308 277 Aversa
1332 254 1385 282 est,
1411 250 1506 285 inquit,
1531 251 1614 278 facies
1645 251 1712 285 ejus.

90 290 149 323 τοῦ,
159 290 350 328 Κατῃσχύνθη,
363 290 511 327 ἡτιμάσθη,
527 294 574 320 καὶ
587 294 637 320 οὐκ
648 294 783 330 ἐλογίσθη.
797 295 880 322 Πιλά-

89 345 137 368 τος
152 337 202 372 μὲν
216 337 270 372 γὰρ
283 337 388 372 ἔπεμψε
410 338 456 364 τὸν
479 338 582 373 Ἰησοῦν
599 339 668 374 πρὸς
680 340 726 367 τὸν
746 340 879 375 Ἡρώδην

88 382 103 408 ὀ
128 382 155 408 δέ
173 391 216 416 γε,
233 382 325 417 φησὶν,
343 382 518 418 ἐξουθενήσας
535 383 615 410 αὑτὸν
627 385 880 419 ἀνέπεμψεναύτὸν.

89 428 128 454 Οὐ
141 428 196 464 γὰρ
211 428 351 462 ἐλογίσατο
364 426 433 455 εἷναι
444 429 489 455 τὸν
505 429 620 464 Ἰησοῦν,
636 430 773 465 ὴτιμάσθη
783 430 811 457 δὲ
835 431 882 458 καὶ

88 473 121 499 τὸ
153 474 298 509 πρόσωπον
328 474 428 507 αὑτοῦ,
466 475 648 510 πεμπομένων
674 475 794 510 δηλονότι
828 475 882 502 τῶν

88 519 268 554 πτυσμάτων,
285 520 332 547 καὶ
353 520 562 547 καταωιόντων
576 520 657 546 αὐτὸν
671 520 724 547 τῶν
732 521 779 547 τοῦ
798 521 882 548 Πιλά-

87 574 138 592 του
150 566 332 601 στρατιωτῶν,
344 566 391 593 καὶ
403 565 534 599 λεγόντων
548 574 555 582 ·
569 575 578 591 ι
593 566 785 601 Προφήτευσον
803 567 880 601 ἡμῖν,

89 612 204 647 Χριστὲ,
221 611 262 643 τίς
279 612 353 638 ἐστιν
370 613 383 638 ὁ
396 611 495 643 παίσας
519 620 561 639 σε.
576 621 586 637 ι
614 611 767 646 Ἠτιμάσθη
789 611 818 638 δὲ
837 612 884 638 καὶ

88 658 206 693 ἑτέρως,
222 657 271 689 τὰς
286 657 331 684 διὰ
348 658 488 693 μαστίγων
504 658 595 688 αἰκίας
610 656 779 691 ὑπενεγκὼν,
790 658 837 684 καὶ
850 657 891 684 τὰ.

89 705 125 731 ἐκ
141 704 194 731 τῶν
207 704 352 740 ὑπηρετῶν
370 704 540 740 ῥαπίσματα.
564 705 636 739 Ἔφη
652 703 716 739 γοῦν
727 704 772 731 διὰ
793 704 884 739 φωνῆς

96 750 221 776 Ἡσαΐου·
232 759 252 775 Ἰ
271 750 323 776 Τὸν
336 749 419 777 νῶτόν
437 759 486 785 μου
495 750 596 777 δέδωκα
617 751 656 781 εἰς
670 749 813 785 μάστιγας,
835 750 885 781 τὰς

88 796 121 821 δὲ
133 794 262 829 σιαγόνας
279 803 328 830 μου
341 795 381 826 εἰς
400 794 655 830 ῥαπίσματαιτδδὲ
673 794 817 829 πρόσωπόν
833 802 884 830 μου

90 841 143 866 οὐκ
154 840 312 876 ἁπέστρεψα
325 840 379 867 ἀπὸ
390 839 521 876 αἰσχύνης
535 840 747 875 ὲμπτυσμάτων.
755 840 884 872 »Οὐκοῦν,

91 885 132 916 ὠς
145 885 224 920 ἔφην,
239 885 359 912 ἐοίκασιν
373 885 397 912 οἰ
415 885 553 911 θεσπέσιοι
566 885 704 921 προφῆται
716 885 775 911 καθ’
789 885 886 920 ὅρασιν

90 917 217 965 δηλονότι
231 930 280 965 τὴν
293 930 336 957 διὰ
350 930 397 957 τοῦ
410 930 488 964 ἁγίου
504 917 662 965 Πνεῦματος
677 930 740 957 ἰδεῖν
751 930 796 957 τὸν
806 917 884 962 Ῠίὸν,
902 917 922 946 Β

92 976 154 1010 ἤτοι
167 975 197 1002 τὸ
208 975 292 1003 αὑτοῦ
312 976 458 1011 πρόσωπον
471 975 622 1011 κατηφείας
634 975 886 1011 ἀνθρωποπρεποῦς

91 1020 145 1046 οὐκ
160 1019 381 1054 ἀπηλλαγμένον,
397 1020 443 1046 ἂτε
459 1019 491 1055 δὴ
507 1019 553 1046 καὶ
566 1019 741 1055 ἐνεστηκότος
758 1020 806 1046 τοῦ
826 1028 887 1047 και-

93 1064 155 1100 ροῦ,
174 1064 235 1092 καθ’
253 1065 282 1090 ὃν
304 1065 357 1091 ἔδει
375 1065 471 1092 παθεῖν
488 1065 580 1099 αὑτὸν,
601 1065 644 1091 ἵνα
655 1065 693 1100 τῷ
713 1065 822 1100 θανάτῳ
836 1065 887 1100 τῆς

93 1109 166 1140 ιδίας
178 1106 279 1144 σαρκὸς
296 1110 456 1145 καταργήσῃ
470 1109 516 1136 τὸν
529 1109 653 1142 θάνατον,
668 1110 826 1145 ἀποστήσας
839 1110 886 1137 τοῦ

93 1153 200 1189 κόσμου
217 1154 265 1190 τὴν
282 1154 431 1190 ἁμαρτίαν.

129 1197 224 1232 Οὗτος
237 1200 289 1233 τὰς
298 1201 443 1235 ἁμαρτίας
454 1200 538 1236 ἡμῶν
549 1201 640 1236 φέρει,
660 1202 710 1230 καὶ
725 1202 791 1236 περί
804 1201 888 1237 ἡμῶν

93 1244 250 1272 ὁδυνᾶται·
261 1246 310 1272 καὶ
322 1245 408 1280 ἡμεῖς
432 1246 630 1281 ἐλογισάμεθα
651 1247 744 1274 αὑτὸν
763 1245 839 1274 εἶναι
854 1247 888 1274 ἐν

93 1292 189 1325 πόνῳ,
206 1292 254 1318 καὶ
269 1292 303 1318 ἐν
317 1292 432 1327 πληγῇ,
453 1293 502 1319 καὶ
524 1293 559 1319 ἐν
580 1293 719 1320 κακώσει.
741 1294 833 1326 Αὐτὸς
854 1293 889 1320 δὲ

95 1335 320 1371 ἐτραυματίσθη
335 1337 384 1364 διὰ
396 1337 449 1371 τὰς
460 1338 604 1373 ἁμαρτίας
621 1338 714 1373 ἡμῶν,
729 1339 779 1366 καί
794 1348 888 1374 μεμα-

93 1382 239 1409 .ιιίκισται
251 1382 299 1410 διὰ
312 1384 366 1415 τὰς
377 1384 503 1418 ἀνομίας
521 1383 615 1418 ἡμῶν.
632 1384 753 1411 Παιδεία
769 1384 889 1418 εἰρήνης

95 1427 182 1461 ἡμῶν
196 1428 243 1454 ἐπ’
258 1428 361 1461 αὐτὸν,
375 1428 412 1461 τῷ
417 1429 540 1464 μώλωπι
552 1429 644 1457 αὐτοῦ
655 1430 742 1464 ἡμεῖς
755 1429 887 1464 hiatum.

97 1471 215 1504 Πάντες
232 1472 271 1505 ὡς
286 1473 417 1507 πρόϐατα
434 1474 661 1509 ἐπλανήθημεν¹
675 1475 839 1509 -ᾰνθρωπος
853 1474 890 1509 τῇ

96 1516 159 1549 ὁδῷ
171 1517 264 1544 αὐτοῦ
280 1518 448 1553 ἐπλανήθη,
463 1520 511 1546 καὶ
525 1521 631 1555 Κύριος
645 1519 815 1554 παρέδωκεν
835 1522 888 1552 αὑ-

96 1561 154 1588 τὸν
169 1562 231 1595 ταῖς
247 1563 402 1598 ἁμαρτίαις
413 1564 508 1598 ἡμῶν.

143 1583 290 1643 ’Υπέμειῦε
304 1583 577 1644 ἔταυρὶνῖθαίσχυνης
589 1609 795 1645 καταφρονήσας
808 1609 822 1635 ὁ
833 1609 889 1635 Κύο
903 1583 925 1612 c

98 1661 161 1687 ριος
173 1652 251 1688 ἡμῶν
271 1653 374 1689 Ἰησοῦς
386 1654 512 1690 Χριστὸς,
527 1655 574 1681 καὶ
594 1655 704 1689 γέγονεν
719 1655 838 1690 ὑπήκοος
850 1655 890 1690 τῷ

99 1699 191 1734 Πατρὶ
210 1698 291 1734 μέχρι
312 1699 439 1731 θανάτου,
463 1699 510 1726 καὶ
532 1699 583 1734 τῆς
607 1700 740 1727 Ἰουδαίων
762 1700 891 1735 ἠνέσχετο

97 1744 271 1777 δῦσσεσείας,
285 1746 340 1777 ἵνα,
355 1744 392 1776 ὡς
409 1744 476 1780 ἔφην
497 1745 608 1781 ἀρτίως,
627 1746 714 1782 ἀφέλῃ
728 1746 775 1772 τοῦ
787 1746 890 1782 κόσμου

97 1791 151 1827 τὴν
166 1790 315 1825 ἁμαρτίαν,
330 1789 406 1816 οὐδὲν
427 1790 466 1822 εἰς
491 1790 569 1816 τοῦτο
587 1790 737 1826 κατορθοῦν
753 1791 891 1826 ἰσχύοντος

98 1835 148 1863 τοῦ
158 1835 270 1871 νομικοῦ
279 1836 451 1871 γράμματος,
464 1835 522 1865 ἦτοι
530 1835 579 1871 τῆς
588 1836 658 1862 κατὰ
668 1836 747 1871 νόμον
755 1836 889 1871 λατρείας.

100 1881 158 1908 Καὶ
181 1881 236 1916 γὰρ
260 1879 294 1917 ἦν
319 1881 458 1916 ἀμήχανον
482 1878 550 1915 αἷμα
575 1879 684 1915 τράγων
711 1881 756 1909 καί
784 1881 892 1916 ταύρων

101 1927 232 1962 ἀφαιρεῖν
252 1926 399 1962 ἁμαρτίας.
415 1926 488 1958 Ἐξω
501 1935 533 1961 γε
546 1926 600 1961 μὴν
613 1926 662 1962 τῆς
675 1926 761 1962 πύλης
780 1926 891 1960 ἔπαθεν,

102 1974 158 2005 ῑνα,
175 1973 212 2004 ὡς
227 1973 241 1999 ὁ
255 1972 360 2004 Παῦλός
374 1980 450 2007 φησι,
465 1972 508 1998 διὰ
523 1972 569 1999 τοῦ
583 1972 647 1999 ἰδίου
660 1973 775 2008 αἵματος
791 1974 893 2009 ἁγιάσῃ

100 2018 149 2044 τὸν
164 2017 242 2044 λαόν·
256 2017 373 2043 πέπονθε
385 2016 449 2051 γὰρ,
467 2017 516 2052 οὐχ
534 2017 602 2052 ὑπέρ
619 2018 649 2050 γε
672 2018 771 2052 μᾶλλον
785 2018 892 2050 ἑαυτοῦ,

101 2063 204 2090 πολλοῦ
223 2071 254 2098 γε
268 2063 314 2090 καὶ
329 2063 379 2094 δεῖ,
394 2062 450 2089 ἀλλ’
466 2062 536 2098 ὑπὲρ
553 2062 642 2098 πάσης
653 2063 702 2098 τῆς
713 2063 758 2089 ὑπ’
769 2063 891 2099 οὐρανόν.

102 2108 162 2135 Καὶ
188 2108 355 2143 μαρτυρήσει
377 2107 490 2142 γράφων
512 2108 526 2133 ὸ
549 2107 685 2142 πάνσοφος
702 2108 808 2141 Παῦλος
830 2109 894 2144 περὶ

102 2153 153 2180 τοῦ
171 2153 237 2180 Θεοῦ
250 2150 294 2179 καῖ
308 2153 424 2188 Πατρὸς,
438 2153 477 2179 ὅτι
500 2162 508 2178 ι
521 2152 574 2179 Τοῦ
592 2153 656 2180 ἰδίου
677 2154 742 2180 Υἰοῦ
756 2155 805 2182 οὑκ
819 2155 894 2189 ἐφεί-

105 2208 184 2231 σατο,
199 2199 256 2225 ἀλλ’
267 2199 337 2233 ὑπὲρ
353 2198 431 2234 ἡμῶν
450 2198 557 2225 πάντων
573 2199 729 2234 παρέδωκεν
744 2200 834 2233 αὑτὸν,
852 2201 894 2227 ἵνα

105 2245 155 2271 καὶ
166 2245 215 2271 σὺν
230 2244 304 2278 αὐτῷ
317 2244 351 2270 τὰ
368 2243 456 2271 πάντα
470 2244 537 2279 ἡμῖν
554 2245 708 2280 χαρίσηται.
722 2254 732 2270 ›
747 2247 801 2274 Καὶ
813 2246 895 2278 αὐτὸς
911 2259 933 2288 D

104 2291 133 2317 δέ
151 2289 202 2316 πού
219 2298 285 2325 φησι
297 2289 341 2316 διὰ
358 2290 407 2324 τῆς
426 2289 473 2316 τοῦ
487 2289 641 2321 Ψάλλοντος
659 2290 743 2326 λύρας
759 2291 827 2326 πρὸς
849 2292 894 2318 τὸν

106 2337 136 2363 ἑν
157 2337 212 2367 τοῖς
233 2336 356 2371 οὐρανοῖς
381 2336 490 2371 Πατέρα
510 2335 557 2362 καὶ
581 2335 664 2362 Θεὸν’
696 2346 704 2362 ι
719 2336 819 2363 Θυσίαν
849 2337 896 2364 καὶ

104 2381 265 2417 προσφορὰν
286 2381 335 2408 οὐκ
350 2381 494 2417 ἠθέλησας,
514 2382 593 2417 σῶμα
612 2382 640 2409 δὲ
661 2383 816 2417 κατηρτίσω
829 2392 875 2418 μοι
887 2404 894 2411 .

111 2427 341 2462 Ὀλοκαυτώματα
367 2428 414 2454 καί⁵
432 2428 498 2463 περὶ
514 2428 649 2463 ἁμαρτίας
672 2429 722 2454 οὐκ
738 2427 896 2463 εὐδόκησας,

105 2473 167 2499 τότε
189 2471 264 2500 εἷπον
278 2481 285 2488 ·
314 2473 379 2500 Ἰδοὺ
394 2474 464 2509 ἥκω.
490 2474 535 2500 Ἐν
548 2473 670 2508 κεφαλίδι
685 2473 786 2508 βιὸλίου
799 2474 900 2508 γέγρα-

107 2528 174 2547 πται
191 2520 256 2554 περὶ
268 2519 346 2554 ἐμοῦ,
363 2520 409 2546 τοῦ
425 2519 547 2555 ποιῆσαι,
561 2521 575 2546 ὁ
596 2519 672 2552 Θεὸς,
685 2520 716 2547 τὸ
730 2519 837 2555 θέλημά
853 2528 899 2546 σου

105 2564 275 2599 ὴόουλήθην.
293 2573 302 2589 ι
324 2565 467 2599 Ἀνονήτου
487 2565 540 2599 γὰρ
553 2564 636 2599 οὕσης
649 2565 704 2596 τοῖς
721 2565 767 2591 ἐπὶ
780 2564 831 2599 τῆς
849 2564 900 2599 γῆς

107 2611 148 2641 εἰς
162 2610 192 2636 τὸ
209 2610 317 2644 ἀφελεῖν
334 2610 472 2645 ἁμαρτίας
499 2610 549 2645 τῆς
571 2610 641 2637 κατὰ
659 2610 740 2645 νόμον
761 2609 899 2645 λατρείας,

108 2656 226 2691 ἐπείπερ
246 2654 316 2691 ἦσαν
338 2657 482 2692 ἀϐούλητοι
498 2656 537 2691 τῷ
551 2655 610 2691 Θεῷ
636 2656 775 2691 βουθυσίαι
799 2665 828 2682 τε
851 2656 897 2682 καὶ

108 2701 256 2736 προόάτων
275 2702 389 2736 σφαγαὶ,
403 2702 624 2738 προσχεκόμικεν
638 2702 734 2729 ἑαυτὸν
749 2703 788 2733 εἰς
810 2702 897 2737 ὀσμὴν

108 2747 223 2777 εὐωδίας
237 2747 307 2783 ὑπὲρ
323 2747 402 2782 ὴμῶν
416 2748 430 2774 ὁ
446 2747 532 2783 ἀμνὸς
546 2748 560 2775 ὁ
571 2746 706 2782 ἀληθινὸς,
721 2747 735 2773 ὁ
752 2747 837 2783 αἴρων
850 2748 898 2782 τὴν

109 2793 249 2829 ἁμαρτίαν
259 2793 305 2820 τοῦ
314 2786 429 2829 κόᾶμουο
444 2791 503 2820 εἶτα
513 2793 558 2820 τὸν
572 2793 623 2828 τῆς
637 2787 737 2828 σαρκὸς
749 2793 898 2828 ὑπομείνας

932 298 1045 329 Aversa,
1064 305 1121 332 pro,
1141 297 1251 325 confusa
1275 301 1509 331 estrcontempta,
1525 302 1550 324 et
1569 305 1620 324 non
1634 306 1714 332 repu-

934 348 1000 372 tata.
1013 343 1113 370 Pilatus
1126 343 1197 370 enim
1213 343 1285 370 misit
1298 341 1389 369 Jesum
1405 342 1438 369 ad
1455 341 1604 375 llerodem;
1618 347 1645 369 at
1660 338 1714 374 illc,

933 388 1030 422 inquit,
1045 395 1107 415 eum
1123 387 1198 414 nihili
1211 387 1311 414 factum
1327 385 1442 414 remisit.
1459 385 1518 413 Non
1544 386 1616 413 enim
1638 395 1716 421 repu-

933 434 1073 461 tavitesse
1091 433 1194 464 Iesum.
1212 432 1374 467 Contempla
1388 439 1495 467 quoque
1520 432 1570 459 t‘uit
1593 432 1651 467 ejus
1675 433 1716 460 fa-

933 479 998 511 cies,
1016 478 1146 513 conjectis
1158 466 1261 505 scilicet
1274 477 1299 505 in
1317 466 1378 504 eum
1397 466 1494 511 sputis.
1511 481 1537 504 et
1552 476 1629 504 Pilati
1647 477 1716 504 mili-

900 546 910 555 ,
934 523 1004 552 tibus
1024 531 1084 551 eum
1095 523 1262 558 pulsantibus
1279 530 1311 550 ac
1327 522 1480 550 dicentibus
1501 531 1508 550 :
1529 533 1538 549 ι
1554 523 1715 557 Propltetiza

934 568 1024 600 nobis,
1043 567 1161 598 Christe.
1173 568 1235 602 quis
1251 571 1292 595 est
1305 567 1351 602 qui
1369 572 1394 594 le
1412 567 1543 601 percussit
1555 567 1593 595 "l
1616 577 1625 594 ι
1647 569 1718 596 Cott-

935 616 1052 646 temptus
1064 616 1106 638 est
1120 612 1173 639 alio
1182 619 1294 647 quoque.
1305 613 1393 644 modo,
1406 613 1519 640 verbera
1535 620 1567 641 ac
1587 613 1716 648 supplicia

934 658 1055 690 subiens,
1070 662 1097 685 et
1113 658 1296 685 tninistrorum
1309 658 1411 692 alapas.
1427 657 1565 692 Siquidem
1578 659 1718 686 dixitvoce

935 703 1016 740 744
1030 703 1104 731 Isaia:
1123 713 1129 730 :
1151 713 1159 729 t
1175 702 1292 738 'l‘crgum
1321 709 1409 730 meum
1430 704 1515 737 obieci
1541 704 1697 731 verberibus
1709 724 1717 737 ,

935 755 962 777 et
978 750 1101 778 maxillas
1112 757 1189 778 meas
1204 750 1306 785 alapis,
1322 749 1418 777 laciem
1436 754 1526 777 autem
1554 757 1639 777 meam
1666 758 1718 777 non

935 797 1019 824 averti
1041 804 1056 823 a
1077 797 1210 824 dedecore
1232 803 1372 832 sputorum
1388 796 1431 823 "‘t
1454 805 1464 821 ι
1483 796 1577 823 Vident
1592 803 1665 830 ergo,
1689 801 1720 823 ut

936 843 1001 875 dixi,
1016 843 1099 871 divini
1125 843 1262 879 prophetas
1290 850 1338 877 per
1361 843 1504 874 visionem.
1537 842 1651 874 scilicet,
1672 849 1720 876 per

937 888 1065 923 Spiritqu
1081 893 1214 920 sanctum,
1240 889 1331 916 videre
1345 887 1454 921 Filium,
1486 887 1528 914 vel
1543 887 1638 915 faciem
1651 886 1719 921 ejus,

936 941 951 959 ιι
970 933 1078 961 tristitia
1090 934 1205 959 humana
1223 932 1333 959 minime
1345 932 1469 964 liberam,
1497 931 1616 958 instante
1641 932 1714 959 nimi-

936 986 995 1010 rum
1014 983 1135 1012 tempore
1158 985 1212 1012 quo
1241 985 1302 1004 eum
1327 977 1380 1011 pati
1408 976 1526 1012 oportuit
1549 984 1556 1002 :
1583 980 1613 1003 ut
1636 983 1721 1004 mottc

937 1024 1052 1058 propria:
1068 1023 1158 1051 carnis
1184 1028 1298 1051 mortem
1317 1022 1447 1055 aboleret,
1465 1027 1491 1050 et
1508 1023 1601 1053 mundi
1628 1030 1721 1061 pecca-

937 1073 993 1106 tum
1011 1069 1128 1096 tolleret.

974 1201 1054 1229 Vens.
1075 1201 1136 1228 4—6.
1155 1201 1204 1228 llic
1217 1206 1320 1235 peccata
1335 1206 1423 1229 nostra
1437 1206 1533 1235 portat,
1553 1207 1575 1228 et
1589 1210 1636 1236 pro
1651 1204 1722 1229 nobis
1736 1225 1739 1227 _

937 1247 1030 1274 dolet:
1045 1252 1069 1275 et
1087 1255 1133 1274 nos
1150 1248 1296 1279 putarimus
1310 1247 1385 1274 illum
1405 1248 1432 1274 in
1456 1247 1544 1274 labore
1565 1255 1630 1280 esse,
1648 1253 1671 1275 et
1696 1248 1723 1274 in

937 1293 1026 1327 plaga,
1039 1299 1062 1320 et
1074 1293 1100 1320 in
1115 1293 1262 1328 afﬂictione.
1275 1292 1334 1327 Ipse
1349 1297 1436 1320 autem
1454 1292 1602 1320 vulneratur
1612 1298 1650 1320 est
1662 1301 1723 1327 pra-

937 1344 994 1373 pter
1006 1343 1112 1372 peccata
1124 1344 1226 1371 nostra,
1238 1343 1264 1365 et
1274 1338 1394 1372 inﬁrmus
1405 1338 1490 1372 factus
1505 1343 1543 1364 est
1560 1342 1663 1372 propter
1679 1337 1724 1365 ini-.

938 1384 1052 1419 quitales
1072 1389 1187 1411 nostras.
1205 1384 1346 1419 Disciplina
1359 1385 1429 1418 pacis
1445 1388 1542 1410 unum
1557 1391 1634 1418 super
1653 1392 1722 1414 sum.

939 1429 1020 1456 livore
1034 1429 1091 1463 ejus
1111 1437 1157 1456 nos
1172 1429 1257 1456 sanati
1273 1437 1374 1456 sumus.
1392 1427 1487 1456 Omnes
1501 1433 1528 1455 ut
1550 1436 1606 1456 oves
1623 1429 1723 1455 errati—

940 1483 998 1502 mus
1012 1482 1022 1501 :
1033 1475 1110 1501 homo
1125 1475 1151 1501 in
1171 1475 1214 1501 ria
1230 1483 1278 1502 sua
1292 1474 1397 1507 errauit,
1414 1479 1443 1502 et,
1462 1474 1588 1502 Dominus
1614 1474 1724 1501 tradidit

939 1527 998 1551 eum
1011 1519 1191 1554 iniquitatibus
1208 1521 1314 1547 nostris.

981 1607 1090 1635 Subivit
1104 1614 1223 1640 crucem,
1241 1607 1386 1642 ignominia
1407 1609 1571 1640 contempta,
1597 1606 1728 1634 Dominus

945 1657 1037 1681 noster
1048 1652 1128 1680 Jesus
1141 1652 1276 1684 Christus,
1295 1656 1322 1679 et
1333 1653 1421 1679 factus
1435 1656 1477 1679 est
1498 1652 1627 1679 nltediens
1653 1651 1727 1679 Patri

944 1705 1030 1732 usque
1042 1699 1075 1725 ad
1094 1704 1220 1729 mortem,
1240 1702 1267 1725 et
1283 1697 1436 1727 Iudaeorum
1458 1698 1623 1732 impietatem
1643 1697 1727 1725 susti-

944 1743 1013 1775 uuit,
1031 1747 1070 1774 ut,
1087 1742 1312 1777 quemadmodum
1328 1742 1383 1777 jam
1399 1742 1464 1774 disi,
1484 1742 1573 1768 mutuli
1590 1747 1727 1776 peccatum

945 1787 1076 1819 auferret.
1094 1794 1154 1814 cum
1169 1786 1235 1813 nihil
1251 1786 1283 1813 ad
1302 1787 1352 1813 hoc
1367 1786 1459 1821 legalis
1478 1786 1566 1814 littera
1593 1786 1634 1813 vel
1663 1787 1729 1820 legis

945 1832 1034 1860 cultus
1044 1833 1216 1860 conduceret.
1234 1831 1288 1859 Nec
1303 1833 1376 1859 euint
1396 1832 1523 1867 pottsihlle
1543 1837 1601 1860 erat
1621 1834 1729 1867 sangui-

946 1880 1007 1904 nem
1026 1882 1163 1906 taurorum
1181 1882 1208 1904 et
1222 1877 1358 1905 hircorum
1374 1877 1480 1905 aufem
1503 1883 1622 1913 peccata.
1646 1878 1728 1905 Extra

946 1927 1161 1958 portampassus
1176 1926 1230 1955 est,
1242 1927 1281 1955 ut,
1293 1923 1372 1950 sicuti
1386 1922 1484 1951 Paulus
1506 1923 1545 1950 ait
1565 1923 1598 1956 ⁵⁷,
1623 1924 1730 1958 proprio

946 1968 1080 2003 sanguine
1104 1967 1231 2003 p0pulutn
1250 1968 1456 2004 sanctiﬁcaret;
1470 1976 1566 2003 passus
1594 1974 1636 1996 est
1658 1970 1729 1996 enim
1747 1994 1750 1998 λ

948 2021 999 2041 non
1013 2022 1062 2049 pro
1079 2015 1180 2050 seipso,
1195 2014 1220 2041 id
1235 2014 1306 2041 enim
1320 2013 1400 2048 longe
1415 2014 1489 2042 abest
1504 2022 1518 2041 ιι
1534 2022 1608 2047 vero,
1621 2015 1668 2042 sed
1683 2023 1732 2049 pro

948 2066 1004 2089 tota
1022 2061 1072 2089 sttb
1086 2061 1147 2089 cteli
1160 2061 1301 2096 complexu
1315 2066 1398 2089 terra.
1409 2061 1441 2088 Et
1453 2061 1639 2089 lestillcabitur
1649 2062 1733 2089 etiam

948 2107 1048 2134 Paulus
1064 2107 1292 2140 sapientissimus.
1310 2106 1433 2134 scribens
1447 2107 1480 2134 de
1497 2106 1552 2135 Deo
1571 2111 1598 2135 et
1621 2107 1702 2134 Patre
1724 2116 1729 2133 :

950 2162 961 2180 ς
979 2152 1094 2187 Proprio
1108 2152 1176 2180 Filio
1188 2159 1240 2179 non
1255 2152 1386 2186 pepercit,
1401 2152 1448 2180 sed
1460 2159 1508 2187 pro
1520 2153 1597 2180 nobis
1608 2153 1733 2181 omnibus

949 2199 1060 2226 tradidit
1073 2206 1145 2231 eum,
1159 2203 1188 2225 ut
1201 2203 1229 2225 et
1241 2206 1301 2225 cum
1311 2198 1548 2232 ipsoomnianobis
1561 2199 1711 2226 donaret".
1721 2209 1730 2224 ι

948 2245 1007 2280 Ipse
1037 2245 1100 2272 item
1115 2244 1180 2272 dicit
1200 2251 1247 2278 per
1271 2243 1355 2278 lyram
1382 2243 1493 2271 Psalttc,
1512 2244 1547 2273 ad
1573 2244 1681 2272 Patrem
1707 2251 1734 2271 et

948 2291 1032 2319 Deum
1050 2291 1077 2318 itt
1093 2290 1170 2319 cretis
1187 2298 1194 2316 ε
1215 2298 1224 2315 t
1248 2289 1415 2319 Sacriﬁcium
1434 2293 1461 2316 el.
1474 2289 1636 2317 oblationem
1649 2289 1741 2317 uolui<.

948 2337 983 2364 sti
1001 2346 1008 2364 :
1027 2343 1124 2371 corpus
1142 2340 1231 2365 autem
1259 2335 1396 2369 perl'ecisti
1423 2335 1499 2362 milii.
1519 2335 1678 2362 Holocausla
1708 2342 1735 2362 ct

949 2391 998 2417 pro
1015 2387 1128 2418 peccato
1143 2389 1196 2413 non
1208 2381 1368 2416 acceptasti,
1384 2386 1446 2408 tunc
1457 2380 1512 2408 dixi
1532 2387 1540 2407 :
1561 2381 1630 2408 Ecce
1645 2382 1734 2408 venio.

950 2428 978 2454 ln
993 2429 1081 2462 capite
1094 2427 1155 2455 libri
1173 2427 1302 2462 scriptttm
1324 2432 1365 2454 est
1385 2428 1419 2454 de
1445 2435 1497 2460 me,
1520 2431 1550 2454 ut
1569 2427 1694 2461 facerem,
1719 2437 1736 2455 ο

950 2474 1030 2505 Deus,
1044 2473 1208 2500 voluntatem
1227 2477 1298 2499 tuam
1312 2472 1381 2499 volui
1401 2473 1435 2499 δν.
1457 2481 1466 2498 ι
1490 2471 1556 2498 Nam
1580 2480 1639 2499 cuttt
1669 2473 1746 2507 legis.

948 2517 1035 2545 cultus
1067 2518 1100 2544 ad
1123 2517 1242 2544 tollenda
1272 2521 1382 2552 peccata
1407 2521 1484 2544 terrae
1512 2516 1607 2544 ittcolis
1642 2525 1734 2551 parum

949 2563 1110 2597 prodesset:
1129 2570 1181 2590 non
1198 2562 1270 2588 enim
1290 2561 1344 2589 Deo
1368 2561 1510 2596 placebant
1532 2561 1612 2588 boutn
1634 2568 1735 2589 macta.—

950 2609 1047 2640 tiones,
1059 2613 1086 2636 et
1095 2608 1184 2637 ovium
1202 2607 1315 2634 lanienae
1332 2617 1338 2634 :
1358 2608 1476 2642 seipsum
1495 2608 1520 2634 itt
1538 2607 1648 2635 odorem
1661 2608 1738 2635 bona:

951 2653 1105 2690 l‘ragrantim
1119 2660 1166 2688 pro
1191 2651 1270 2680 nobis
1293 2652 1400 2684 obtulit,
1429 2652 1509 2689 745
1538 2660 1623 2688 agnus
1648 2661 1737 2682 verus,

951 2700 998 2734 qui
1014 2699 1082 2727 tollit
1097 2702 1236 2734 peccatum
1261 2697 1352 2724 tnundi
1381 2707 1388 2725 :
1414 2697 1511 2725 deinde
1532 2699 1621 2726 carnis
1651 2702 1738 2726 morte

953 2753 1089 2783 perpessa,
1104 2749 1189 2772 totum
1201 2743 1293 2771 orbem
1308 2743 1357 2771 sub
1369 2744 1430 2771 caeli
1455 2745 1597 2780 complexu
1616 2745 1737 2773 liberavit

953 2798 980 2822 ct
995 2802 1010 2821 a
1025 2796 1112 2821 morte
1125 2795 1152 2819 ct
1169 2798 1183 2818 a
1202 2793 1322 2825 peccato.
1342 2789 1415 2817 Unus
1433 2790 1504 2817 enim
1519 2791 1603 2818 instar
1618 2790 1737 2818 omnium

145 2887 237 2915 “Luc
254 2885 378 2919 “11,65.
418 2882 450 2901 ⁸³⁸
467 2885 516 2914 lsa.
533 2894 558 2920 L,
574 2887 600 2914 Ε.
639 2887 660 2902 ⁵⁷
675 2886 754 2915 llebr.
772 2887 888 2920 xttt,12.
929 2887 1040 2914 “Hom.
1056 2893 1114 2918 vut,
1133 2885 1177 2912 52.
1217 2885 1238 2899 "
1253 2884 1325 2927 Psal.
1347 2890 1440 2914 nux,
1456 2883 1514 2910 7-9,
