1883 3054
167 157 235 185 11⁸19

677 149 696 176 5
727 148 862 180 CYRILLI
882 146 1117 176 ALEXANDRINI
1138 147 1299 175 AllClllEl‘.

1733 143 1795 170 “Bt;

165 218 259 249 silent,
275 218 340 244 etin
363 221 409 241 eos
435 213 478 248 qui
493 213 543 239 hoc
558 211 658 239 faciunt
680 218 732 237 non
760 210 891 239 insiliunt.

1051 209 1119 234 ντίον
1132 208 1179 235 τοῦ
1197 208 1332 244 κείροντος
1350 206 1444 239 αὐτὸν,
1461 206 1576 238 ἄφωνος.
1600 203 1794 239 ’Δποφέροντσι

165 262 290 289 Christus
307 259 437 287 conviciis
457 257 599 292 appetitus,
614 256 734 284 convicia
752 263 803 282 non
826 255 949 288 regessit,

166 308 270 343 patiens
286 313 338 333 non
354 305 472 332 minatus
486 308 538 336 est,
565 303 611 330 sed
637 302 709 336 jnste
733 301 865 335 judicanti
894 308 949 328 rem

165 351 311 379 commisit.
328 351 426 378 Verum
445 350 526 384 igitur
542 353 594 380 est,
612 349 638 375 in
655 347 806 375 humilitate
817 346 950 381 judicium

165 399 224 431 ejus
236 397 370 425 sublatum
385 403 455 423 esse.
473 395 540 428 Quia
558 395 630 422 enim
649 394 702 421 illis
723 394 799 420 visus
821 399 863 420 est
886 400 951 420 con-

167 443 323 478 temptibilis
335 443 481 477 quispiam,
501 446 528 468 et
545 441 622 476 valde
634 440 777 473 demissus,
795 439 951 466 facillimum

166 487 310 521 calculum,
326 494 374 514 seu
395 486 526 520 judicium
554 486 581 512 in
609 493 672 512 eum
699 484 848 519 proferunt.
876 483 951 517 Quod

167 534 214 568 qui
227 536 276 566 'etn
292 533 389 560 faciunt
407 533 510 567 judices
529 531 649 566 quidam,
663 530 708 566 qui
727 534 828 557 emota:
842 535 951 557 senten-

169 580 213 612 tia:
229 585 254 607 et
268 579 388 608 veritatis
407 586 500 613 partnn
521 577 664 604 admodum
689 577 762 610 pensi
788 576 898 609 habent,
925 580 953 603 et

167 625 212 661 qui
227 632 258 654 ex
272 630 384 658 persona
399 623 486 658 potius
501 630 581 657 quam
602 629 634 649 ex
660 622 737 648 factis
761 621 893 655 judieaut.
922 621 949 649 Si

168 664 240 708 enim
257 671 302 705 qui
322 671 349 697 in
362 670 491 704 judicium
505 674 625 701 vocatur,
642 668 678 695 sit
694 668 791 703 aliquis
809 668 835 695 itt
853 668 953 694 mundo

168 717 293 748 illustris,
310 716 397 744 exacti
412 721 439 742 et
459 723 536 742 acres
558 714 734 748 inquisitores
759 720 823 740 esse
845 721 953 747 compc-

169 763 285 794 riuntur,
303 767 330 789 ct
347 766 401 789 turn
416 762 497 789 etiam
512 760 634 788 fortassis
649 759 756 787 veritati
774 765 955 794 repugnantes

169 809 348 843 undecunque
363 807 474 835 subsidii
491 814 589 842 genera
606 811 633 833 et
652 806 744 833 auxilii
760 811 894 832 conantur
906 813 953 833 ex-

169 854 300 889 cogitare.
317 853 369 880 Sed
387 852 495 887 ignobili
510 852 634 886 quopiam
650 851 778 883 adducto,
803 855 867 878 tunc
891 856 953 879 tunc

1002 254 1051 289 μὲν
1062 254 1116 288 γὰρ
1131 254 1171 285 είς
1183 254 1214 279 τὸ
1225 253 1395 288 καθαρθῆναι
1408 251 1479 279 κατὰ
1494 251 1606 286 καιροὺς
1616 249 1652 276 τὰ
1664 248 1796 284 πρόδατα,

1001 299 1112 330 καὶτὰς
1132 299 1259 334 κουρίδας
1287 300 1380 330 αὐτοῖς
1405 298 1542 334 μαχαίρας
1565 296 1749 331 ἐπιφέρουσιν
1774 295 1797 320 ot

1001 344 1139 379 ποιμένες.
1153 344 1192 371 Τὰ
1205 344 1242 377 δὲ,
1261 345 1348 371 καίτοι
1363 344 1500 382 πάσχοντα
1516 341 1733 378 (παραψαύουσα
1747 339 1799 374 γὰρ

1001 390 1057 416 ἐσθ’
1077 391 1120 416 ὅτε
1137 389 1192 416 τῶν
1207 390 1350 425 δερμάτων
1364 391 1380 425 ἡ
1398 390 1521 424 μάχαιρα
1533 388 1638 422 λυπεῖ),
1655 386 1737 421 φέρει
1754 387 1799 412 καὶ

1003 436 1102 471 σιωπᾷ,
1119 436 1165 462 καὶ
1191 437 1248 467 τοῖς
1261 434 1339 462 τοῦτο
1358 434 1458 470 δρῶσιν
1485 434 1535 460 οὐκ
1560 432 1697 467 ὲπιπηδᾷ.
1725 431 1800 457 Οὕτω

1002 482 1049 508 xci.
1076 482 1090 508 ὀ
1116 481 1253 517 Χριστὸς,
1282 480 1486 516 λοιδορούμενος
1515 480 1566 506 οὐκ
1596 476 1798 512 ἀντελοιδόρει,

1003 529 1114 563 πάσχων
1128 528 1177 554 οὐκ
1200 527 1318 561 ἠπείλει,
1346 526 1491 562 παρεδίδου
1515 525 1544 552 δὲ
1559 524 1600 559 τῷ
1614 524 1741 559 κρίνοντι
1762 522 1800 548 δι-

1003 574 1098 605 καίως.
1120 573 1231 608 Ἀληοὲς
1240 571 1296 604 οὖν,
1313 574 1354 600 ὗτι
1377 572 1422 599 Ἐν
1437 573 1469 607 τῇ
1482 570 1652 598 ταπεινώσει
1676 569 1694 603 ἡ
1714 568 1801 603 κρίσις

1003 619 1084 647 αὐτοῦ
1103 619 1184 654 ἤρθη.
1214 618 1322 653 Ἐπειδὴ
1348 618 1403 654 γὰρ
1427 616 1515 649 ἔδοξεν
1540 614 1612 652 εἶναί
1638 623 1684 645 τις
1712 613 1801 643 αὐτοῖς

1003 666 1123 700 εὐτελὴς,
1136 666 1183 692 καὶ
1196 666 1224 692 ἐν
1240 666 1294 696 τοῖς
1309 664 1379 698 ἄγαν
1395 664 1563 699 ὑφειμένοις,
1581 660 1802 698 προχειροτάτην

1004 713 1063 739 κατ’
1086 711 1168 738 αὑτοῦ
1196 711 1245 745 τὴν
1274 710 1373 746 ψῆφον,
1402 710 1461 745 ἦτοι
1487 709 1588 745 κρίσιν,
1611 707 1802 742 ἐξενηνόχασι.

1004 757 1093 792 Δρῶσι
1110 757 1137 783 δὲ
1152 757 1230 783 τοῦτο
1241 756 1295 782 τῶν
1307 756 1470 788 δικαζόντων
1483 756 1565 787 τινὲς,
1583 752 1625 786 οἷς
1647 754 1745 787 ὀλίγος
1757 753 1803 788 μὲν

1004 804 1102 838 κομιδῇ
1118 803 1167 838 τῆς
1192 802 1343 838 ἀκριϐείας,
1371 803 1430 838 ἦτοι
1446 801 1496 837 τῆς
1520 801 1665 836 ἀληθείας,
1680 801 1695 826 ὁ
1711 799 1802 832 λόγος·

1005 848 1160 884 προσώποις
1177 849 1205 875 δὲ
1232 849 1348 884 μᾶλλον,
1369 849 1385 883 ἢ
1404 849 1461 880 τοῖς
1481 848 1606 882 γεγονόσι
1629 846 1802 877 δικάζουσιν.

169 900 330 935 praecipites,
347 899 461 931 audaces
472 903 499 925 et
520 898 577 925 sine
593 898 764 925 cunctatione
776 898 860 929 omni,
881 905 912 924 ea

1059 896 1104 930 μὲν
1120 895 1174 930 γάρ
1188 903 1230 926 τις
1243 895 1284 930 εἴη
1305 894 1360 920 τῶν
1375 894 1404 921 ὲν
1419 894 1514 929 κόσμῳ
1526 892 1664 928 λαμπρῶν
1679 893 1695 918 ὁ
1710 890 1802 926 κρινό-

171 945 250 971 talem
264 944 289 970 in
303 951 363 971 eum
382 944 472 975 ferunt
487 942 659 970 sententiam.
676 942 816 969 Suhlatutn
834 947 876 969 est
891 949 955 977 ergo

168 990 299 1025 judicium
316 990 375 1024 cjus
388 990 413 1015 in
433 988 594 1020 humilitate,
616 988 711 1022 inquit.
726 988 859 1021 Quoniam
872 987 955 1021 igitur

171 1037 244 1062 visus
267 1040 308 1061 cst
330 1035 490 1069 quibusdam
524 1034 594 1068 apud
625 1032 731 1067 Iudaeos
757 1033 797 1059 vel
819 1033 956 1067 jndicibns

169 1081 247 1115 plane
269 1080 388 1112 humiliS,
403 1079 532 1114 propheta
554 1078 644 1106 animo
665 1078 862 1112 contemplatus
882 1078 957 1108 uobi-

170 1126 253 1153 litatis
270 1134 328 1160 quae
341 1126 367 1154 in
385 1125 429 1152 illo
445 1129 503 1152 erat
525 1124 739 1161 amplitudinem,
759 1129 786 1150 et
803 1125 873 1158 quod
888 1123 956 1150 Deus

169 1172 250 1199 fuerit
266 1172 292 1198 in
308 1171 396 1206 specie
413 1176 516 1202 nostra,
532 1171 604 1200 visus
618 1175 696 1197 terrm
715 1169 821 1201 incolis,
851 1174 955 1196 tantunt

169 1224 222 1244 non
234 1217 323 1251 capite
337 1221 409 1243 moto
421 1215 541 1249 deplorat
557 1221 614 1247 eos,
635 1215 678 1248 qui
697 1214 829 1249 judicium
847 1214 872 1240 in
893 1221 955 1240 eutn

169 1267 332 1294 statuerunt,
346 1267 373 1289 ct
389 1261 474 1295 inquit
491 1270 497 1287 ε
515 1259 723 1287 Generationem
735 1260 793 1294 ejus
807 1259 866 1293 quis
878 1266 957 1286 enar-

171 1308 259 1335 rabit?
274 1307 331 1334 Non
355 1307 466 1340 etenim,
484 1306 580 1340 inquit,
607 1310 634 1332 ut
653 1305 764 1340 putatis.
786 1311 878 1335 contra
901 1305 958 1340 ple-

169 1355 258 1383 beium
276 1359 303 1381 et
326 1354 405 1381 vilem
431 1353 568 1380 hominem
594 1351 654 1379 duri
679 1356 706 1379 et
743 1351 827 1386 iniqui
851 1351 956 1386 indices

169 1399 315 1433 exstitistis
331 1409 338 1427 ;
352 1399 398 1427 sed
421 1399 447 1429 in
467 1406 528 1426 eum
546 1397 739 1436 potiuspcujus
753 1399 966 1432 generationem

169 1442 211 1469 vel
228 1447 316 1476 ortum
333 1441 404 1469 nulla
419 1441 495 1468 vobis
512 1440 648 1475 explicare
667 1445 754 1475 potest
779 1440 878 1473 Oratio.
903 1439 957 1467 Du-

168 1484 278 1522 pliciter
303 1493 392 1515 autent
411 1488 461 1514 hoc
482 1487 622 1521 intelliges.
648 1485 733 1514 Natus
759 1490 801 1513 est
830 1486 902 1520 enim
924 1493 959 1515 es,

171 1534 226 1562 Deo
243 1539 270 1562 et
286 1534 364 1567 Patre
391 1535 462 1565 Deus
478 1534 595 1561 Verbum
613 1541 620 1560 ε
639 1537 666 1560 et
685 1532 832 1559 nativitatis
850 1533 955 1564 modus,

172 1589 222 1608 nec
237 1581 362 1608 oratioae
378 1580 459 1613 valet,
478 1588 527 1608 nec
550 1578 725 1614 intelligentia
755 1579 956 1613 comprehendi.

172 1627 229 1659 Non
244 1627 315 1654 enim
331 1626 506 1661 corporaliter
519 1625 602 1662 748
618 1625 723 1660 genitus
734 1630 786 1657 est,
798 1626 845 1652 scd
864 1630 893 1652 ut
912 1632 959 1652 ua-

175 1678 241 1699 turae
255 1672 304 1699 sub
319 1671 520 1706 intelligentiam
538 1671 644 1698 cadenti
660 1675 686 1698 et
707 1672 875 1706 incorporea:
894 1679 957 1698 con-

172 1718 258 1746 venit.
276 1717 334 1745 Lux
349 1717 420 1745 enim
439 1717 602 1752 resplenduit
617 1717 653 1748 de,
666 1717 736 1750 luce,
752 1722 779 1744 ct
790 1718 843 1744 vita
859 1725 891 1744 ex
906 1717 959 1744 vita

171 1769 247 1792 ortus
263 1769 313 1791 est.
335 1763 367 1790 Et
383 1763 504 1797 genitum
525 1770 585 1791 esse
600 1770 672 1795 vere.
688 1771 723 1790 ex
737 1763 886 1791 substantia
912 1762 958 1790 Dei

171 1817 203 1836 ac
213 1808 310 1841 Patris,
325 1808 433 1836 iudubie
448 1808 580 1835 credimus
594 1817 601 1835 :
630 1813 658 1834 at
671 1808 816 1842 quomodo.
839 1815 891 1834 non
920 1811 960 1834 est

172 1854 310 1882 facultatis
326 1859 440 1887 nostrae,
457 1854 500 1882 vel
517 1854 679 1889 exprimere,
695 1854 736 1881 vel
750 1854 878 1888 cogitare.
907 1854 959 1881 Sed

172 1908 234 1928 cum
248 1905 319 1928 esset
334 1905 427 1927 natura
447 1900 525 1932 Deus,
542 1907 572 1927 se
588 1900 645 1934 ipse
667 1899 784 1931 demisit.
803 1903 832 1926 ut
854 1904 961 1934 propter

173 1954 221 1974 nos
235 1947 445 1974 cxinanitioncm
464 1950 612 1980 pateretur,
625 1954 656 1974 sc
671 1946 742 1974 servi
760 1946 873 1973 formam
887 1953 960 1973 sum-

173 1993 277 2027 psil,ct
290 1992 364 2019 nasci
384 1993 416 2020 de
438 1991 551 2020 muliere
570 1991 717 2020 secundum
743 1999 851 2019 carnem
878 1991 959 2019 susti-

174 2039 244 2072 nuit,
256 2047 310 2066 non
324 2039 448 2066 humana).
464 2043 553 2066 tamen
575 2037 726 2065 nativitatis
747 2037 819 2073 leges
841 2042 959 2065 secutus.

172 2083 230 2111 Non
249 2084 320 2111 enim
335 2092 368 2111 ex
385 2084 443 2111 viro
460 2088 486 2110 et
504 2083 616 2110 muliere
628 2088 704 2110 ortus
720 2088 787 2115 crat,
805 2083 851 2111 sed
866 2083 961 2119 mysti-

172 2137 221 2156 cus
236 2130 325 2164 potius
335 2133 363 2155 et
384 2128 553 2162 peregrinus,
577 2133 605 2155 et
630 2135 711 2163 supra
737 2136 796 2162 nos,
822 2136 854 2156 ac
877 2136 961 2164 prope

173 2174 375 2203 inenarrabilis.
395 2173 502 2201 Dictum
526 2173 597 2201 enim
621 2178 663 2201 est
688 2179 788 2202 sancta)
820 2174 923 2209 Virgini
953 2183 959 2202 :

1008 951 1096 976 μενος,
1108 941 1232 976 ἀκριϐεῖς
1245 941 1299 967 τῶν
1313 940 1483 976 πραγμάτων
1498 939 1645 973 ἐξετασταὶ
1659 938 1803 973 εὑρίσκον-

1005 997 1061 1019 ται,
1073 988 1143 1022 τάχα
1164 995 1214 1014 που
1231 987 1278 1013 καὶ
1294 986 1355 1013 τότε
1369 987 1402 1021 τῇ
1419 985 1533 1021 ἀληθείᾳ
1557 985 1713 1020 μαχόμενοι
1724 1004 1732 1015 ,
1758 983 1802 1008 καὶ

1005 1034 1123 1069 τρόπους
1139 1033 1297 1069 ἐπικουρίας
1311 1033 1434 1068 ἀνευρεῖν
1445 1031 1620 1067 πειρώμενοι·
1647 1029 1804 1065 ἀσήμουτδέ

1006 1088 1077 1111 τινος
1087 1078 1370 1115 προσκεκομισμένου,
1392 1078 1453 1105 τότε
1475 1077 1519 1113 δὴ,
1541 1077 1602 1104 τότε
1618 1077 1737 1112 θερμοὶ,
1761 1077 1803 1102 καὶ

1006 1125 1134 1161 θρασεῖς,
1165 1125 1211 1152 καὶ
1241 1124 1399 1152 ἀοκνότατοι
1426 1123 1496 1155 λίαν,
1524 1123 1571 1150 καὶ
1596 1123 1648 1157 τὴν
1669 1122 1719 1149 ἐπὶ
1750 1122 1803 1151 τοίς

1006 1170 1131 1205 ἐσχάτοις
1146 1169 1228 1197 αὐτοῦ
1243 1170 1427 1205 καταφέρουσι
1446 1168 1547 1203 ψῆφον.
1570 1167 1663 1203 Ἦρθη
1679 1167 1771 1193 τοίνυν
1786 1167 1802 1200 ἡ

1007 1217 1097 1252 κρίσις
1111 1216 1194 1244 αὐτοῦ
1215 1217 1242 1243 ὲν
1256 1217 1288 1251 τῇ
1299 1214 1463 1241 ταπεινώσει
1478 1213 1571 1246 αὑτοῦ,
1581 1213 1677 1248 φησίν.
1691 1212 1803 1247 Ἐπειδὴ

1006 1263 1034 1289 δὲ
1048 1262 1116 1294 ὅλως
1128 1261 1201 1294 ἔδοξέ
1217 1269 1288 1287 τισιν
1303 1258 1374 1288 εἶναι
1393 1260 1468 1295 παρὰ
1495 1260 1551 1290 τοῖς
1568 1258 1724 1290 Ἰουδαίοις.
1743 1258 1802 1293 ἦτοι

1006 1310 1062 1343 τοῖς
1090 1309 1225 1344 κρίνουσι,
1255 1307 1392 1340 ταπεινὸς,
1410 1306 1539 1342 ἐννοήσας
1556 1307 1570 1333 ό
1587 1307 1738 1341 προφήτης
1755 1307 1803 1340 τῆς

1007 1354 1121 1388 ἐνούσης
1138 1353 1263 1385 εὐκλείας
1289 1352 1364 1388 αὺτῷ
1378 1352 1409 1379 τὸ
1427 1351 1586 1389 περιφανὲς,
1613 1351 1663 1377 καὶ
1679 1351 1722 1377 ὅτι
1740 1351 1803 1382 Θεὸς

1005 1399 1051 1436 ἦν,
1075 1402 1104 1427 ἐν
1119 1400 1185 1426 εῖδει
1201 1399 1240 1435 τῷ
1264 1399 1325 1426 καθ’
1352 1399 1424 1434 ἡμᾶς
1442 1397 1580 1434 ὁρώμενος
1606 1396 1736 1428 τοίςὲπὶ
1757 1397 1804 1431 τῆς

1007 1447 1068 1482 γῆς·
1084 1445 1226 1482 μονονουχὶ
1242 1445 1382 1478 κατασείει
1397 1445 1446 1479 τὴν
1471 1443 1602 1478 κεφαλὴν,
1622 1443 1672 1469 καὶ
1693 1442 1801 1468 κατολο-

1008 1493 1122 1529 φύρεται
1140 1493 1203 1524 τοὺς
1217 1492 1266 1527 τὴν
1295 1491 1338 1518 ἐπ’
1366 1490 1440 1526 αὺτῷ
1463 1491 1555 1526 κρίσιν
1583 1490 1743 1525 ὁρίσαντας,
1759 1489 1804 1515 καί

1009 1547 1092 1575 φησι·
1120 1539 1175 1574 Τὴν
1193 1538 1289 1573 γενεὰν
1315 1537 1398 1564 αὐτοῦ
1425 1537 1467 1569 τίς
1491 1537 1669 1572 διηγήσεται;
1691 1535 1730 1562 Οὑ
1752 1535 1804 1569 γὰρ

1009 1584 1078 1612 κατὰ
1093 1584 1139 1611 τοῦ
1151 1584 1288 1619 τυχόντος,
1303 1583 1395 1619 φησὶν,
1413 1583 1451 1614 ὡς
1469 1582 1534 1616 γοῦν
1550 1582 1671 1617 ᾠήθητε,
1691 1581 1802 1616 σκληροὶ

1010 1631 1057 1657 καὶ
1073 1630 1161 1657 ἄδικοι
1176 1630 1307 1664 γεγόνατε
1320 1629 1458 1656 δικασταί·
1479 1629 1549 1659 κατὰ
1568 1628 1666 1658 τούτου
1691 1627 1721 1654 δὲ
1739 1627 1802 1662 μᾶλ-

1010 1676 1064 1708 λον,
1076 1672 1107 1702 οὗ
1122 1676 1171 1711 τὴν
1182 1675 1289 1709 γενεὰν,
1299 1675 1358 1711 ἤτοι
1371 1675 1571 1710 τὴν-γέννησιν,
1585 1673 1676 1705 οὐδεὶς
1691 1673 1726 1699 ἂν
1742 1674 1804 1707 ἡμῖν

1009 1720 1234 1758 διερμηνεὺσει[ε]
1243 1721 1330 1755 λόγος.
1339 1721 1406 1756 Διχῆ
1414 1721 1442 1746 δὲ
1450 1720 1529 1747 τοῦτο
1539 1721 1657 1755 νοήσεις.
1671 1719 1799 1754 Γεγέννη-

1010 1776 1054 1795 ται
1065 1767 1175 1803 μὲνγὰρ
1187 1768 1219 1794 ὲκ
1230 1766 1297 1794 Θεοῦ
1309 1768 1364 1794 Ila:
1370 1767 1414 1801 ρὺς
1428 1766 1494 1798 Θεὸς
1505 1766 1542 1792 ὢν
1554 1767 1571 1793 ὁ
1579 1766 1677 1800 Λόγος,
1687 1766 1804 1800 ἄῤῥητο;

1009 1812 1038 1839 δὲ
1050 1812 1096 1838 καὶ
1107 1811 1285 1847 ἀπερινόητος
1295 1811 1433 1842 παντελῶς
1443 1812 1456 1837 ὁ
1466 1811 1514 1846 τῆς
1525 1812 1679 1845 γεννήσεως
1693 1810 1803 1844 τρόπος,

1011 1858 1048 1885 Οὐ
1068 1858 1122 1893 γὰρ
1139 1857 1209 1884 κατὰ
1224 1857 1302 1892 σῶμα
1315 1857 1436 1891 γέγονεν,
1466 1857 1523 1883 ἀλλ’
1538 1856 1575 1888 ὡς
1596 1857 1631 1883 ἂν
1650 1855 1754 1892 πρέποι
1772 1856 1803 1890 τῇ

1011 1904 1092 1938 νοερᾷ
1108 1912 1138 1930 τε
1165 1903 1212 1930 καὶ
1227 1903 1367 1938 ἀσωμάτῳ
1383 1902 1472 1937 φύσει.
1495 1901 1555 1933 Φῶς
1585 1905 1639 1937 γάρ
1654 1900 1804 1936 ἐξέλαμψεν

1012 1950 1045 1976 ἐκ
1060 1949 1159 1984 φωτὸς,
1182 1949 1268 1983 ἀνέφυ
1289 1949 1318 1975 δὲ
1341 1949 1388 1975 καὶ
1399 1948 1456 1983 ζωὴ
1484 1948 1516 1974 ἐκ
1531 1948 1614 1982 ζωῆς
1632 1947 1682 1973 καὶ
1702 1947 1744 1973 ὃτι
1759 1947 1804 1980 μὲν

1012 1992 1145 2028 ἐγεννήθη
1157 1992 1227 2019 κατὰ
1241 1992 1370 2027 ἀλήθειαν
1386 1993 1418 2018 ὲκ
1437 1991 1487 2026 τῆς
1499 1991 1592 2022 οὐσίας
1612 1991 1658 2017 τοῦ
1676 1991 1745 2017 Θεοῦ
1761 1999 1803 2016 και

1013 2033 1130 2074 Πατρδς,
1143 2039 1338 2070 ἀνενδοιάοτως
1351 2038 1523 2072 πιστεύομεν·
1540 2037 1571 2064 τὸ
1585 2038 1613 2064 δὲ
1625 2037 1711 2069 ὅπως,
1722 2037 1803 2062 εἰπεῖν

1014 2084 1113 2119 ἢνοεῖν
1127 2085 1178 2111 οὐκ
1194 2084 1262 2111 ἔστι.
1281 2084 1346 2116 Θεὸς
1358 2085 1386 2111 δὲ
1404 2084 1443 2110 ὢν
1461 2084 1551 2118 φύσει.
1575 2084 1696 2118 καθῆκεν
1713 2084 1802 2110 iambi

1013 2130 1053 2161 εἰς
1069 2130 1100 2155 τὸ
1116 2129 1224 2156 ἑλέσθαι
1242 2129 1339 2165 παθεῖν
1353 2129 1386 2156 δι’
1399 2130 1473 2164 ἡμᾶς
1496 2129 1545 2164 τὴν
1560 2129 1688 2156 κένωσιν.
1709 2129 1802 2155 Ἔλείι

1013 2175 1042 2201 δὲ
1053 2174 1148 2202 δούλου
1169 2174 1288 2210 μορφὴν,
1304 2174 1352 2203 καὶ
1374 2175 1505 2210 ὑπέμεινε
1527 2175 1656 2209 γέννησιν
1671 2174 1722 2209 τὴν
1740 2182 1803 2199 κατ)

176 2230 185 2246 ι
204 2220 322 2255 Spiritus
338 2223 447 2246 sanctus
465 2218 636 2253 superveniet
651 2218 678 2246 iu
701 2224 734 2252 te,
752 2223 779 2246 et
801 2220 887 2247 virtus
911 2222 919 2246 λ

1058 2228 1102 2246 ma
1114 2220 1146 2245 ὲκ
1159 2219 1297 2253 γυναικὸς,
1325 2218 1355 2244 οὺ
1375 2220 1431 2254 τοῖς
1443 2219 1492 2253 τῆς
1508 2218 1684 2253 ἀνθρωπείας
1702 2218 1801 2252 etiam;

175 2266 270 2293 tissimi
285 2265 457 2293 obutnbrabit
474 2265 530 2292 tibi.
557 2264 618 2292 Ideo
635 2265 703 2300 qttod
728 2270 818 2292 natum
836 2270 878 2292 est
895 2274 959 2293 sanv

174 2316 258 2340 ctum,
282 2309 422 2335 vocabitur
436 2308 519 2336 Filius
536 2308 582 2336 Dei
598 2309 631 2336 °'.
651 2318 661 2334 ι
678 2309 812 2342 Quoniam
837 2317 902 2337 vero
915 2317 960 2338 su-

174 2362 221 2390 pra
238 2360 340 2381 naturm
357 2362 411 2381 sua)
427 2355 607 2382 conditionem
630 2355 681 2382 hoc
700 2355 818 2382 carnalis
833 2355 960 2383 nativita-

174 2401 208 2427 tis
222 2399 280 2432 ejus
293 2401 449 2435 mysterium
466 2400 565 2427 factum
588 2408 648 2428 esse
667 2401 796 2433 creditur.
816 2406 956 2436 propterea

172 2446 381 2480 dicitpropheta
399 2455 405 2473 :
421 2446 627 2474 Gcncrationent
643 2446 701 2481 ejus
720 2447 781 2481 quis
805 2448 959 2475 cnarrabit?

172 2491 240 2524 Quia
258 2491 360 2518 tollitur
374 2491 406 2518 de
422 2496 493 2519 terra
511 2492 564 2519 vita
578 2492 647 2526 ejus.
665 2492 791 2524 Tollitur,
814 2493 888 2526 dicit,
910 2501 958 2528 pro

172 2537 314 2569 attollitur,
329 2542 357 2565 ct
373 2538 426 2564 vita
443 2537 501 2572 ejus
519 2539 636 2565 terrenis
649 2539 802 2566 ltominibus
819 2544 859 2566 est
875 2540 959 2566 subli-

172 2584 252 2617 mior,
269 2583 294 2610 id
309 2588 361 2616 cst,
380 2583 549 2612 conversatio
562 2588 589 2610 et
601 2583 659 2617 ejus
676 2584 702 2611 in
720 2592 802 2612 carne
824 2585 888 2612 vita.
906 2585 957 2612 So-

172 2631 216 2658 lus
229 2630 300 2657 cnim
314 2638 346 2657 ex
363 2631 498 2662 omnibus,
514 2629 565 2657 etsi
587 2634 685 2657 nostra:
698 2630 861 2657 conditionis
878 2631 959 2658 homo

171 2677 245 2706 visus
261 2676 307 2709 sit,
335 2683 389 2703 non
412 2675 530 2709 patravit
549 2680 699 2710 peccatum.
721 2683 808 2710 neque
836 2676 959 2703 iuvuuus

174 2724 213 2749 est
228 2720 305 2748 dolus
320 2721 346 2748 in
362 2728 410 2748 ore
427 2720 495 2754 ejus,
511 2727 571 2747 cum
583 2720 738 2748 mortalium
752 2721 778 2747 in
793 2725 864 2748 terra
879 2729 958 2748 nemo

172 2768 223 2794 hoc
237 2767 394 2802 perfecerit.
411 2767 464 2794 Nec
485 2767 556 2794 enim
580 2766 650 2794 inter
673 2775 723 2795 nos
749 2768 891 2802 quisquam
917 2773 959 2796 est

208 2857 230 2873 “
248 2857 314 2885 Luc.
325 2865 341 2884 t.
358 2857 400 2884 3-5.

1012 2265 1200 2301 ἀκολουθήσας
1214 2265 1317 2299 νόμοις.
1332 2265 1369 2291 Ut)
1387 2265 1440 2301 γὰρ
1453 2264 1484 2297 ἐξ
1499 2265 1606 2300 ἀνδρὸς,
1618 2265 1635 2300 ἢ
1648 2264 1779 2298 γυναικὸς
1791 2266 1803 2295 ἡ

1013 2310 1136 2346 πρόοδος·
1155 2310 1275 2345 μυστικὴ
1300 2310 1328 2337 δὲ
1347 2310 1458 2345 μᾶλλον,
1485 2311 1532 2338 καὶ
1562 2310 1643 2344 ξένη,
1671 2310 1721 2336 καὶ
1739 2309 1803 2343 ὑπὲρ

1011 2356 1097 2391 ἡμᾶς,
1116 2356 1163 2382 καὶ
1187 2355 1272 2390 ἐγγὺς
1297 2356 1452 2391 ἀδιήγητος.
1469 2355 1583 2391 Εἴρηται
1597 2355 1652 2391 γὰρ
1666 2356 1737 2391 πρὸς
1761 2355 1802 2390 τὴ)

1012 2402 1092 2436 ἁγίαν
1104 2401 1252 2437 Παρθένον,
1273 2401 1314 2428 ὅτι
1335 2402 1465 2437 «Πνεῦμα
1478 2402 1556 2436 ἂγιον
1569 2402 1749 2428 ἐπελεύσεται
1762 2403 1802 2427 ἐπι

1012 2448 1053 2481 σὲ,
1072 2447 1119 2474 καὶ
1130 2447 1244 2482 δύναμις
1269 2447 1396 2482 Ὑψίστου
1411 2448 1566 2476 ἐπισκιάσει
1584 2458 1636 2476 σοι.
1655 2449 1702 2475 Διὸ
1716 2449 1761 2475 καὶ
1778 2448 1803 2473 τὸ

1011 2492 1179 2528 γεννώμενον
1195 2493 1284 2527 ἅγιον,
1313 2493 1479 2528 κληθήσεται
1495 2493 1560 2524 Υἱὸς
1574 2493 1654 2519 Θεοῦ.
1669 2503 1678 2518 ι
1699 2492 1801 2527 Ἐπειδὴ

1011 2539 1039 2566 δὲ
1068 2539 1115 2565 καὶ
1129 2539 1199 2574 ὑπὲρ
1215 2538 1295 2573 φύσιν
1316 2538 1366 2574 τὴν
1394 2538 1456 2566 καθ’
1475 2539 1550 2574 ἡμᾶς
1576 2539 1738 2574 πεπρᾶχθαι
1761 2547 1801 2564 πι-

1010 2584 1134 2611 στεύεται
1150 2584 1180 2611 τὸ
1190 2584 1239 2619 τῆς
1251 2584 1326 2611 κατὰ
1344 2585 1434 2620 σάρκα
1449 2585 1603 2620 γεννήσεως
1612 2584 1696 2611 αὑτοῦ
1710 2585 1801 2619 μυστή-

1008 2639 1076 2665 ριον,
1099 2630 1143 2658 διὰ
1167 2630 1245 2657 τοῦτό
1264 2639 1347 2666 φησιν
1368 2632 1382 2657 ὁ
1397 2631 1549 2666 προφήτης,
1565 2632 1608 2657 ὃτι
1635 2631 1693 2666 Τὴν
1706 2630 1798 2664 γενεὰν

1007 2675 1089 2701 αὐτοῦ
1101 2675 1142 2707 τίς
1160 2675 1317 2710 διηγήσεται
1327 2683 1333 2707 ;
1342 2675 1518 2710 Ὅτιαῐρεται
1529 2675 1584 2701 ἀπὸ
1597 2675 1647 2709 τῆς
1659 2675 1737 2709 γῆςή
1748 2671 1798 2709 ζωὴ

1007 2721 1101 2749 αὑτοῦ.
1125 2721 1161 2747 Τὸ
1171 2721 1210 2755 δὲ,
1223 2720 1346 2756 Αἵρεται,
1362 2722 1455 2756 φησὶν,
1473 2721 1534 2746 ἀντὶ
1554 2721 1614 2753 τοῦ,
1631 2717 1796 2755 Ἐπαίρεται,

1008 2768 1055 2794 καὶ
1071 2767 1224 2803 ὑψηλοτέρα
1243 2767 1296 2793 τῶν
1320 2767 1366 2793 ἐπὶ
1381 2767 1430 2802 τῆς
1448 2767 1499 2802 γῆς
1512 2767 1585 2793 ἐστιν
1599 2768 1614 2801 ἡ
1632 2767 1690 2802 ζωὴ
1702 2765 1795 2796 αὐτοῦ.
