1883 3054
118 162 183 192 “3|

677 163 710 190 IN
730 163 847 191 ISAIAM
867 165 931 192 LIB.
955 165 985 194 V.
1009 166 1129 195 TOMUS
1150 167 1171 195 Ι.

1676 170 1746 197 1182

114 219 260 246 τουτέστιν
277 220 293 254 ἡ
310 219 430 246 πολιτεία
444 219 490 246 καὶ
513 219 527 246 6
549 219 619 246 κατὰ
634 220 722 255 σάρκα
737 221 803 256 βίος.
817 222 906 253 Μόνος

1006 224 1069 251 nino
1091 225 1136 259 qui
1161 224 1372 259 reprehensione
1395 230 1497 253 careat.
1524 225 1638 253 Tollitur
1663 227 1743 254 etiam

115 264 172 299 γὰρ
187 264 219 290 ἐκ
235 263 352 294 πάντων,
376 264 463 290 καίτοι
481 264 541 291 καθ’
558 265 633 300 ἡμᾶς
649 265 787 301 ὁρώμενος
801 266 904 301 ἄνθρω-

115 316 180 339 πος.
201 308 251 334 οὐκ
266 307 392 342 ἐποίησεν
405 308 558 344 ἁμαρτίαν,
587 309 645 336 οὐδὲ
669 310 767 345 εὑρέθη
785 310 858 342 δόλος
876 312 905 337 ὲν

115 352 157 387 τῷ
175 353 288 388 στόματι
304 353 398 386 αὐτοῦ,
415 354 502 380 καίτοι
518 354 597 381 τοῦτο
618 356 829 391 κατωρθωκότος
845 357 905 383 οὐδ-

115 397 178 428 ενὸς
193 397 247 424 τῶν
266 397 312 424 ἐπὶ
326 398 375 432 τῆς
392 398 454 436 γῆς·
469 398 619 435 ἀμώμητος
642 400 696 435 γὰρ
717 401 856 433 παντελῶς
877 403 906 428 ἐν

116 445 185 477 ἡμῖν
197 443 293 475 οὐδείς.
306 443 418 478 Αἵρεται
436 444 464 470 δὲ
480 445 526 470 καὶ
539 445 647 480 ἑτέρως,
660 446 706 473 καὶ
722 447 791 482 ὑπὲρ
803 447 906 480 πάντας

116 490 177 526 ξἐστὶ
197 489 259 521 τοὺς
272 489 318 515 ἐπὶ
334 489 383 525 τῆς
402 489 453 525 γῆς
469 491 485 525 ἠ
506 490 572 526 ζωὴ,
587 492 724 519 τουτέστιν
745 494 762 528 ὴ
778 493 894 529 ὗπαρξις

115 535 166 562 τοῦ
181 535 360 570 Μονογενοῦς,
374 536 438 563 ὅταν
455 535 507 569 ἔξω
523 537 614 574 νοῆται
631 539 740 573 σαρκὸς,
762 539 808 565 καὶ
830 539 906 566 οΰπω

117 581 180 607 καθ’
195 581 270 616 ἡμᾶς
287 581 431 617 γενόμενος
456 582 606 618 ἅνθρωπος.
625 581 661 610 Οὗ
683 584 771 611 τοίνυν
789 586 907 619 παράδο-

117 626 165 658 ξος
178 627 224 653 καὶ
239 627 307 663 ὑπὲρ
331 627 410 662 φύσιν
430 628 446 663 ἡ
461 628 531 655 κατὰ
548 629 636 665 σάρκα
655 629 796 666 γέννησις,
814 631 908 657 τούτου

116 674 168 707 καὶ
186 675 202 708 ἡ
227 673 284 709 ζωὴ
301 674 347 700 καὶ
366 675 379 700 6
407 674 463 709 βίος
492 675 674 710 ὑπερνήχεται
697 676 728 702 τὸ
746 677 844 711 μέτρον
855 676 909 702 τῶν

117 719 166 744 ἐπὶ
178 719 226 753 τῆς
241 719 302 754 γῆς.
325 719 395 745 Ἀλλ’
412 719 506 755 ὥσπερ
522 720 594 752 τινὸς
622 716 689 757 πρός
715 722 801 748 ταῦτα
818 721 910 756 λέγον-

117 773 175 795 τος·
195 765 255 796 Πῶς
273 765 286 791 6
306 765 344 800 μὴ
359 764 436 797 εἰδὼς
455 766 602 801 ἁμαρτίαν,
621 767 721 801 ψήφοις
731 767 910 801 ὑπενήνεκται

119 808 250 841 Θανάτου,
261 810 308 835 καὶ
321 809 389 845 μετὰ
401 810 454 836 τῶν
465 810 572 846 ἀνόμων
584 810 709 845 ἐλογίσθη
720 820 727 844 ;
743 812 912 847 Κατακέκρι-

118 863 165 889 ται
182 855 236 890 γὰρ
249 855 286 886 ὡς
300 855 470 892 ἁμαρτωλός·
484 857 625 892 μονονουχὶ
645 857 691 883 καὶ
719 858 910 886 ἀντανίσταται

959 268 1010 295 alio
1029 269 1118 301 modo,
1133 273 1160 296 et
1175 277 1255 303 supra
1271 277 1366 297 omnes
1380 271 1508 298 mortales
1519 275 1561 298 est
1574 271 1639 302 vita,
1655 271 1680 297 id
1692 276 1744 303 est.

961 315 1096 350 Unigeniti
1111 316 1241 349 essentia,
1254 316 1362 350 quando
1370 321 1445 344 extra
1455 324 1564 344 carnem
1575 317 1743 351 intelligitur,

960 365 987 387 et
1006 366 1151 395 antequam
1166 361 1254 389 iactus
1265 361 1301 389 sit
1315 362 1396 390 homo
1422 363 1507 390 nostri
1530 363 1636 389 similis.
1662 362 1746 395 Cujus

961 406 1042 441 igitur
1053 407 1193 442 generatio
1209 407 1327 434 carnalis
1343 414 1449 434 onmem
1473 408 1627 442 opinionem
1649 412 1676 434 et
1699 415 1744 433 na-

962 457 1049 479 turam
1066 457 1176 487 superat
1193 461 1201 480 :
1218 453 1297 488 hujus
1312 453 1393 480 etiam
1418 454 1471 479 vita
1490 457 1516 479 et
1539 453 1644 479 vivendi
1669 453 1744 480 insti-

963 501 1047 524 tutum
1059 505 1090 525 ac
1101 498 1170 525 ratio
1181 497 1334 525 mortalium
1349 499 1487 525 hominum
1501 507 1652 526 mensuram
1665 505 1745 525 exce-

962 543 1001 570 dit
1016 548 1043 570 et
1067 543 1146 577 longe
1172 544 1338 578 praeeminet.
1365 543 1499 571 Caeterum
1533 544 1642 578 perinde
1669 543 1744 577 quasi

962 593 1056 616 contra
1075 589 1131 616 [nec
1145 589 1247 616 diceret
1262 590 1395 624 quispiam
1412 599 1418 616 :
1435 589 1574 622 Quomodo
1588 589 1632 622 qni
1651 596 1747 622 pecca--

963 638 1018 660 tum
1032 641 1084 661 non
1100 634 1186 665 novit.
1200 635 1342 662 sententiae
1366 635 1462 661 mortis
1486 635 1622 669 subjectus
1641 638 1693 665 est,
1719 639 1748 660 et

964 686 1023 705 cum
1039 679 1139 712 iniquis
1159 684 1298 713 repntatns
1315 680 1374 706 est?
1394 680 1588 706 condemnatus
1612 684 1652 705 est
1675 679 1747 705 enim

964 730 992 755 ut
1007 731 1150 760 peccator:
1168 726 1359 760 propemodum
1371 726 1490 752 occurrit
1521 726 1590 753 Deus
1605 730 1632 751 et
1657 725 1746 756 Pater,

964 776 990 798 et
1004 771 1091 805 inquit
1106 780 1112 798 :
1128 771 1167 797 Ab
1187 771 1377 805 iniquitatibus
1399 770 1487 805 populi
1514 770 1564 796 mei
1582 771 1678 796 ductus
1707 774 1748 796 est

965 816 996 842 ad
1012 821 1134 843 mortem.
1153 815 1202 843 Vel
1216 816 1288 842 enim
1305 816 1355 843 hoc
1369 816 1434 843 dicit
1449 827 1455 843 ;
1474 816 1524 843 Pro
1539 820 1648 850 peccan
1660 815 1749 848 populi

967 863 1030 894 mei,
1045 862 1138 890 volens
1151 862 1245 889 mortis
1257 862 1419 889 sententiam
1437 862 1536 894 subiit;
1554 861 1594 888 vel
1613 861 1676 887 illud
1693 860 1748 887 for-

118 900 209 935 λὲγων
220 902 234 928 6
245 901 308 933 Θεὸς
324 902 370 928 καὶ
385 902 489 938 Πατήρ⁸
504 902 571 929 Ἀπὸ
582 903 636 930 τῶν
651 903 770 938 ἀνομιῶν
788 903 834 930 τοῦ
848 904 907 931 λαοῐ

1002 908 1044 934 μεὶς
1061 917 1067 934 :
1085 908 1150 941 Quia
1172 908 1310 940 nimirum,
1327 908 1426 942 inquit,
1450 907 1614 942 iniquissimi
1635 906 1748 934 exstite-

121 956 176 989 μου
206 947 275 983 ἤχθη
303 949 342 980 εἰς
362 948 486 975 Θάνατον.
511 949 546 975 ’Ἦ
568 949 622 984 γὰρ
652 949 732 976 τοῦτό
758 958 851 984 φησιν,
871 951 911 977 ὅτι

127 994 217 1030 Ὑπὲρ
231 995 277 1029 τῆς
289 994 424 1029 ἁμαρτίας
439 994 486 1020 τοῦ
503 994 567 1021 λαοῦ
591 1003 642 1030 μου
665 995 715 1030 τὴν
735 995 781 1021 τοῦ
798 995 911 1022 Θανάτου

120 1040 214 1076 ψῆςον
235 1040 442 1075 ὑπομεμένηκεν
463 1039 543 1073 ἑκὼν,
560 1041 644 1076 ἤγουν
665 1041 754 1068 ἐκεῖνό
769 1051 820 1069 που
832 1043 912 1077 τάχα.

128 1085 239 1121 Ἐπειδὴ
253 1085 306 1121 γὰρ
320 1086 499 1120 ἀνομώτατοι,
513 1086 589 1121 φησὶ,
606 1087 749 1121 γεγόνασιν
766 1087 791 1113 οἱ
805 1088 913 1114 τελοῦν-

120 1139 171 1162 τες
187 1132 227 1163 είς
237 1131 281 1158 τὸν
290 1131 355 1166 ἐμὸν
365 1131 439 1163 λαὸν,
450 1131 493 1158 διὰ
506 1131 584 1158 τοῦτο
598 1132 645 1167 τῆς
657 1133 746 1159 αὐτῶν
760 1132 912 1168 ὠμότητος,

122 1177 175 1204 καὶ
207 1177 375 1212 μιαιφονίας,
400 1177 448 1203 καὶ
484 1178 528 1204 ἐπ’
552 1177 634 1205 αὐτὸν
661 1177 742 1214 ἦλθον
760 1180 784 1205 oi
810 1179 913 1215 βρόχοι,

122 1220 198 1260 ἤχθη
210 1224 238 1250 δὲ
253 1220 330 1256 οὗτος
347 1225 386 1256 εἰς
404 1223 649 1259 οάνατον.¹Λληθὲς
669 1224 697 1250 δὲ
717 1225 825 1257 πάντως
836 1225 914 1252 τοῦτό

122 1279 155 1297 τε
175 1270 294 1297 κάκεῖνο.
316 1269 446 1296 Ἀπέθανε
460 1270 514 1306 γὰρ
530 1270 572 1296 ἵνα
586 1271 748 1307 καταργήσῃ
765 1271 813 1306 τὴν
824 1271 916 1307 ἁμαρ-

122 1316 189 1343 τίαν
202 1315 256 1342 τῶν
276 1315 320 1342 ἐπὶ
346 1316 395 1350 τῆς
410 1315 476 1350 γῆς,
492 1315 538 1342 καὶ
556 1315 604 1342 σὺν
627 1316 695 1352 αὐτῇ
724 1316 769 1343 τὸν
786 1317 816 1349 ἐξ
832 1317 916 1352 αὐτῆς

123 1361 268 1396 ἀναᾳύντα
284 1360 425 1396 καταλύσῃ
439 1361 562 1387 Θάνατον.
581 1361 713 1387 Ἀπέθανε
729 1361 776 1388 καὶ
795 1361 895 1396 ἑτέρως
908 1381 916 1394 ,

961 959 1024 982 runt
1044 953 1069 980 hi
1097 953 1142 987 qui
1170 953 1267 988 populo
1297 960 1357 980 meo
1379 953 1485 980 accensi
1511 956 1581 984 sunt,
1609 957 1749 986 propterea

962 1005 1056 1024 eorum
1073 997 1240 1024 crudelitatis
1254 1002 1282 1024 et
1298 997 1380 1025 caedis
1393 997 1479 1032 laquei
1496 997 1521 1024 in
1537 998 1610 1024 illum
1636 997 1750 1024 devene-

964 1050 1036 1077 runt,
1051 1044 1141 1079 itaque
1158 1046 1191 1071 ad
1208 1049 1322 1072 mortem
1338 1045 1434 1071 ductus
1447 1049 1497 1071 est.
1515 1044 1613 1070 Verum
1641 1044 1751 1070 omnino

964 1095 1005 1118 est
1019 1095 1047 1117 et
1062 1090 1112 1117 hoc
1123 1095 1151 1117 et
1166 1090 1241 1117 illud.
1260 1090 1380 1118 Mortuus
1393 1091 1464 1118 enim
1482 1094 1532 1122 est,
1553 1094 1580 1116 ut
1595 1089 1748 1116 mortalium

965 1135 1084 1163 aboleret
1104 1140 1257 1171 peceatum,
1274 1140 1299 1163 et
1320 1143 1371 1162 una
1387 1143 1447 1162 cum
1461 1143 1493 1162 eo
1515 1139 1626 1162 mortem
1651 1143 1683 1161 ex
1707 1135 1752 1160 illo

966 1181 1047 1217 749
1061 1186 1169 1209 enatam
1186 1181 1298 1209 deleret.
1313 1180 1434 1208 Mortuus
1449 1184 1491 1208 est
1506 1180 1558 1207 alio
1570 1180 1648 1207 modo
1659 1181 1750 1211 etiam,

965 1227 1066 1254 Juda-is
1083 1228 1108 1254 in
1127 1227 1200 1254 illum
1217 1227 1309 1261 inique
1328 1226 1480 1261 agentibus.
1505 1225 1560 1252 Etsi
1580 1227 1652 1253 cnim
1671 1233 1753 1259 agno-

966 1277 1062 1300 verunt
1084 1281 1144 1300 eum
1166 1280 1226 1300 esse
1260 1272 1405 1304 lucredeni,
1436 1272 1506 1306 apud
1533 1279 1561 1299 se
1591 1272 1717 1298 dixerunt
1744 1279 1752 1298 :

970 1326 979 1342 t
997 1317 1103 1349 Venite,
1117 1317 1274 1344 occidamus
1292 1325 1364 1350 eum,
1381 1321 1407 1344 et
1422 1316 1608 1344 hmreditatem
1623 1317 1681 1350 ejus
1705 1324 1754 1343 no-

968 1362 1010 1389 bis
1029 1369 1192 1397 occupemus
1208 1362 1240 1388 ".
1257 1371 1265 1388 ι

124 1409 321 1445 ἁνομησάντων
333 1410 372 1440 εἰς
389 1408 469 1435 αὑτὸν
495 1408 638 1435 Ἰουδαίων.
663 1408 762 1435 Καίτοι
783 1409 837 1444 γὰρ
853 1410 1039 1443 ἐπεγνωκότες
1067 1411 1108 1437 ὅτι
1128 1410 1207 1441 αὑτός
1239 1410 1312 1436 ἐστιν
1328 1409 1342 1436 6
1363 1408 1540 1444 κληρονόμος,
1556 1406 1632 1435 εἶπον
1646 1409 1675 1434 ἐν
1689 1409 1754 1447 ἑαυ-

125 1459 193 1489 τοῖς·
214 1457 319 1489 «Δεῦτε,
333 1456 537 1492 ἀποκτείνωμεν
546 1456 637 1490 αὑτὸν,
654 1457 701 1483 καὶ
714 1456 823 1492 σχῶμεν
835 1458 941 1489 ἑαυτοῖς
959 1458 1009 1494 τὴν
1024 1457 1204 1494 κληρονομίαν
1224 1457 1333 1484 αὑτοῦ.»

168 1505 218 1532 Καὶ
230 1504 314 1531 δώσω
329 1504 398 1537 τοὺς
417 1504 569 1538 πονηροὺς
594 1504 660 1531 ἀντὶ
678 1503 733 1538 τῆς
754 1504 850 1538 ταφῆς
864 1506 918 1532 αὐ·
932 1508 953 1536 C

125 1551 195 1583 τοῦ,
204 1551 252 1578 καί
266 1551 337 1583 τοὺς
349 1551 517 1583 πλουσίους
527 1550 594 1578 ἀντὶ
608 1551 660 1578 τοῦ
675 1551 804 1577 θανάτου
815 1551 917 1578 αὑτοῦ.

127 1597 196 1623 "Ott
213 1596 358 1630 ἁμαρτίαν
373 1597 428 1623 οὐκ
453 1596 608 1629 ἐποίησεν,
627 1595 699 1623 οὐδὲ
708 1596 814 1631 εὑρέθη
831 1596 920 1631 δόλος

127 1642 166 1671 ἐν
184 1641 224 1674 τῷ
235 1642 360 1676 στόματι
375 1642 478 1669 αὐτοῦ.

169 1688 276 1714 Ἔοικεν
292 1689 320 1714 ἐν
337 1687 442 1720 τούτοις
468 1687 557 1715 ἐκεῖνο
582 1687 726 1723 βούλεσθαι
744 1687 850 1723 δηλοῦν,
875 1689 921 1716 καὶ

129 1734 231 1770 ἀληθὲς
245 1734 274 1760 ὃν
303 1734 475 1768 ἀποφαίνειν,
507 1734 576 1770 ὅπερ
608 1734 711 1769 ἔφαμεν
735 1735 851 1770 ἀρτίως,
880 1735 922 1761 ὅτι

129 1781 176 1807 διὰ
192 1780 222 1806 τὸ
248 1778 317 1806 εἶναι
345 1779 482 1810 δυσσεϐεῖς
510 1779 621 1815 σφόδρα,
653 1778 699 1805 καὶ
731 1779 922 1814 ἀνομωτάτους

129 1827 196 1858 τοὺς
207 1826 349 1857 τελοῦντας
367 1826 406 1856 εἰς
418 1825 480 1851 λαὸν
499 1824 577 1856 Θεοῦ,
597 1824 666 1860 ἤχθη
689 1824 803 1858 Χριστὸς
818 1824 857 1855 εἰς
874 1823 922 1850 θά-

130 1881 223 1900 νατον.
246 1872 353 1907 Ἐπειδὴ
373 1871 438 1907 γὰρ,
459 1871 551 1906 φησιν,
573 1871 805 1905 πεπαρῳνήκασιν
821 1870 860 1901 εἰς
872 1869 922 1896 αὐ-

130 1920 179 1950 τὸν
194 1919 320 1950 ἀνοσίως,
335 1919 382 1945 καὶ
395 1917 514 1954 ἀρχηγὸν
525 1917 589 1943 ὄντα
599 1916 649 1951 τῆς
659 1916 732 1951 ζωῆς
747 1915 922 1946 ἀπεκτόνασι,

132 1966 328 2003 βυσσεὸοῦντες
345 1965 508 2000 ἀφυλάκτως
523 1964 571 1990 καὶ
583 1965 622 1995 εις
634 1963 714 1990 αὑτὸν
726 1963 771 1990 τὸν
786 1962 906 1994 σώζοντα
915 1969 922 1976 ·

133 2012 265 2048 ταύτῃτοι
295 2012 342 2038 καὶ
371 2011 443 2047 μάλα
471 2010 582 2041 δικαίως
612 2010 674 2040 τοὺς
706 2008 840 2044 πονηροὺς
880 2007 925 2034 καὶ

134 2051 279 2090 πλουσίους
292 2056 380 2089 δώσω,
391 2058 484 2091 φησὶν.
500 2057 540 2087 εὶς
565 2057 659 2090 χεῖρας
674 2054 790 2090 ἐχθρῶν,
804 2054 862 2081 ἀντὶ
876 2054 925 2089 τῆς

134 2104 224 2139 ταφῆς
236 2103 330 2136 αὐτοῦ,
346 2102 392 2129 καὶ
408 2103 467 2128 ἀντὶ
479 2101 526 2128 τοῦ
546 2102 661 2128 θανάτου
678 2100 771 2128 αὑτοῦ.
795 2100 925 2135 Πεπλημ-

137 2149 274 2185 μελήκασι
309 2150 363 2184 γὰρ
392 2148 513 2174 Ἰουδαῖοι
542 2147 613 2174 κατὰ
643 2146 689 2173 δύο
716 2147 853 2182 τρόπους,
879 2145 927 2172 καὶ

134 2195 316 2226 ἀπεκτονότες
330 2193 375 2220 τὸν
389 2194 501 2229 Κύριον,
526 2193 574 2220 καὶ
593 2192 823 2226 συκοφαντοῦντες
842 2191 925 2218 αὐτοῦ

134 2242 187 2276 τὴν
204 2241 301 2279 ταφήν.
319 2240 373 2267 Καὶ
398 2240 462 2267 τινα
486 2239 597 2280 τρόπον,
611 2238 736 2274 ἐροῦμεν.
758 2238 858 2273 Ἐτάφη
878 2238 926 2273 μὲν

135 2296 153 2321 γ
162 2288 194 2320 ip
205 2288 352 2323 ὑπομείνας
364 2287 408 2315 τὸν
418 2287 489 2323 κατὰ
506 2287 595 2322 σάρκα
608 2286 731 2314 θάνατον·
748 2286 816 2322 πλὴν
827 2286 928 2313 ἀνεϐίω

136 2334 297 2369 τριήμερος,
307 2332 426 2368 σεισμοῦ
439 2333 579 2367 γεγονότος
599 2333 626 2358 ἐν
649 2332 687 2367 τῷ
709 2331 843 2367 μνημείῳ·
858 2331 929 2357 ὥστε

138 2380 189 2406 καὶ
204 2380 266 2411 τοὺς
280 2379 466 2414 φυλάσσοντας
490 2377 657 2415 στρατιώτας
671 2379 699 2405 ὲν
713 2377 838 2412 αἰσθήσει
852 2376 925 2411 γενέ-

141 2426 205 2452 σθαι
218 2425 264 2452 τοῦ
290 2425 461 2460 πράγματος,
486 2424 631 2459 ἀφικέσθαι
655 2433 685 2450 τε
714 2424 781 2458 πρὸς
793 2423 856 2454 τοὺς
873 2422 928 2448 τῶν

147 2471 282 2499 Ἰουδαίων
300 2471 467 2506 καθηγητὰς,
483 2469 648 2505 ἀπαγγεῖλαί
664 2478 694 2495 τε
709 2469 800 2501 τοῦτο,
817 2469 864 2494 καὶ
881 2467 929 2495 af»

139 2519 192 2551 τὴν
204 2517 290 2553 δὲτὴν
305 2509 466 2544 ἀνάστασιν,
489 2517 522 2543 Οἱ
539 2516 578 2548 δὲ,
603 2516 675 2542 καθά
701 2523 783 2550 φησιν
806 2515 820 2541 ὁ
847 2514 930 2547 εὐαγ-

140 2564 280 2598 γελιστὴς,
301 2563 420 2599 ἀργύρια
435 2562 515 2590 ἱκανὰ
530 2562 632 2593 ἔδωκαν
657 2563 714 2593 τοῖς
733 2560 913 2597 στρατιώταις
923 2580 931 2593 ,

143 2612 189 2638 ἵνα
205 2611 328 2642 εἴπωσιν,
344 2610 385 2636 ὅτι
409 2609 434 2635 οἱ
451 2609 571 2645 μαθηταὶ
593 2607 675 2635 αὑτοῦ
691 2607 813 2638 ἐλθόντες
836 2605 932 2637 νυκτὸς

144 2656 264 2691 ἔκλεψαν
283 2655 373 2682 αὐτόν.
396 2655 453 2682 Καὶ
479 2654 618 2690 ἐφημίσθη
639 2655 653 2680 6
675 2653 752 2687 λόγος
767 2650 844 2684 οὗτος
858 2652 933 2687 παρὰ

143 2703 202 2734 τοῖς
222 2701 360 2732 Ἰουδαίοις
378 2701 458 2736 μέχρι
474 2701 524 2735 τῆς
548 2701 667 2735 σήμερον
691 2699 807 2734 ἡμέρας.
831 2697 934 2724 Οὐκοῦν

145 2748 246 2779 διττοῖς
263 2746 479 2782 πλημμελήμασι
502 2746 637 2781 γράφεται
651 2746 713 2776 τοὺς
737 2744 907 2779 ὴσεὸηκότας
921 2744 936 2769 6

147 2792 214 2825 Θεὸς
237 2792 285 2820 καὶ
303 2792 408 2827 Πατὴρ’
421 2792 555 2826 πονηροὺς
566 2791 594 2817 δὲ
608 2791 706 2822 αὐτοὺς
730 2791 777 2816 καὶ
796 2789 938 2820 πλουσίους

165 2881 189 2898 ⁸⁷
206 2879 301 2921 blatth.
319 2887 374 2913 xxr,
390 2879 434 2908 δε.
473 2880 495 2895 ⁵⁸
519 2878 612 2907 Matth.
634 2885 731 2916 xxviii,
756 2877 797 2918 l2,
822 2878 861 2904 l5.

1008 1505 1090 1533 Vens.
1103 1506 1129 1533 9.
1154 1506 1187 1532 Et
1204 1505 1272 1532 dabo
1300 1504 1429 1539 improbos
1455 1511 1502 1538 pro
1525 1503 1658 1538 sepultura
1684 1505 1753 1538 ejus.

970 1557 993 1579 et
1008 1553 1102 1580 divite:
1123 1560 1170 1585 pro
1184 1557 1266 1578 morte
1276 1552 1343 1586 ejus.
1362 1551 1431 1583 Quia
1447 1550 1612 1585 iniquitatem
1641 1558 1691 1577 non
1712 1549 1755 1581 [eo

971 1599 1015 1632 cit,
1032 1606 1112 1633 neque
1126 1599 1244 1625 inventus
1266 1603 1301 1624 est
1316 1597 1392 1624 dolus
1409 1597 1436 1623 in
1458 1604 1501 1623 ore
1517 1596 1584 1630 ejus.

1010 1689 1120 1716 Videtur
1136 1689 1162 1716 in
1178 1688 1221 1716 bis
1245 1688 1335 1715 verbis
1356 1687 1420 1715 illud
1439 1688 1508 1715 velle
1542 1687 1706 1722 signiﬁcare,
1733 1694 1759 1715 ct

973 1734 998 1761 i.l
1013 1734 1105 1761 verum
1120 1741 1181 1761 esse
1205 1734 1358 1767 ostendere,
1387 1733 1457 1767 quod
1484 1733 1540 1767 jam
1564 1733 1691 1763 diximus,
1725 1738 1758 1758 eo

973 1781 1043 1814 quod
1061 1780 1134 1814 itupii
1151 1780 1296 1806 admodum
1314 1785 1341 1807 et
1374 1779 1537 1813 iniquissimi
1566 1778 1682 1809 fuerant,
1712 1778 1760 1811 qui

974 1825 1073 1860 populo
1091 1825 1136 1852 Dei
1150 1825 1257 1852 accensi
1274 1829 1363 1856 erant,
1375 1829 1517 1859 propterea
1535 1823 1672 1850 Christum
1699 1829 1760 1849 esse

974 1873 1005 1898 ad
1023 1875 1137 1899 mortem
1152 1871 1306 1906 abreptum.
1325 1869 1404 1902 Nam,
1424 1869 1522 1903 inquit,
1539 1867 1758 1902 quandoquidem

975 1918 1055 1953 impie
1071 1918 1096 1944 in
1109 1917 1182 1944 illum
1203 1917 1360 1944 debaccbati
1378 1920 1452 1947 sunt,
1476 1919 1503 1942 ct
1522 1915 1670 1949 principem
1698 1915 1761 1940 vita:

976 1962 1182 1993 interfecerunt,
1217 1961 1420 1989 inconsiderate
1457 1959 1622 1994 impietatem
1650 1959 1676 1985 in
1699 1966 1762 1985 eum

976 2009 1058 2036 etiam
1083 2008 1128 2042 qui
1145 2013 1237 2035 servat
1249 2011 1408 2034 exercentes
1422 2015 1429 2033 :
1446 2006 1510 2033 hinc
1524 2008 1550 2032 et
1562 2005 1669 2039 quidem
1686 2005 1763 2032 valde

977 2055 1073 2081 merito
1085 2052 1223 2088 improbos
1235 2057 1262 2080 et
1272 2052 1378 2084 divites,
1389 2051 1486 2086 inquit,
1496 2058 1544 2085 pro
1559 2051 1695 2085 sepultura
1705 2049 1762 2084 ejus

977 2105 1004 2128 et
1020 2107 1069 2134 pro
1084 2103 1171 2126 morte
1186 2098 1258 2133 ejus,
1269 2098 1340 2126 dabo
1354 2098 1379 2124 in
1393 2105 1489 2124 manus
1507 2097 1634 2124 hostium.
1654 2095 1763 2122 Duobus

978 2146 1048 2173 enim
1065 2145 1153 2172 ntodis
1168 2144 1340 2178 deliquerunt
1354 2143 1449 2174 Judaei,
1469 2148 1524 2170 tum
1535 2142 1606 2176 qttod
1618 2141 1764 2168 interfece-

979 2191 1033 2218 rint
1047 2190 1201 2222 Dominum,
1215 2194 1270 2216 tum
1294 2189 1364 2223 quod
1392 2188 1451 2222 ejus
1478 2187 1644 2222 sepulturam
1662 2186 1765 2213 calum-

981 2237 1047 2264 niati
1063 2236 1173 2264 fuerint.
1191 2235 1251 2269 Quo
1267 2239 1356 2262 autem
1373 2234 1463 2267 modo,
1480 2233 1611 2260 dicemus.
1638 2232 1766 2266 Sepultus

980 2289 1022 2312 est
1050 2283 1122 2310 enim
1150 2287 1292 2317 postquam
1343 2280 1433 2307 carnis
1467 2284 1581 2306 mortem
1627 2279 1764 2308 subiisscl,

981 2335 1007 2357 et
1020 2334 1109 2356 tamen
1137 2327 1217 2355 tertio
1240 2327 1282 2355 die
1309 2325 1416 2357 revixit,
1448 2329 1526 2351 teme
1554 2329 1626 2350 motu
1650 2324 1766 2358 quodam

982 2375 1099 2403 excitato
1115 2374 1140 2402 in
1161 2377 1348 2405 monumento,
1376 2371 1444 2399 adeo
1460 2375 1488 2397 ut
1502 2370 1601 2397 milites
1614 2369 1767 2396 custodien-

982 2427 1022 2449 tes
1040 2429 1096 2448 rem
1120 2420 1263 2453 sentirent,
1277 2424 1304 2446 et
1320 2419 1353 2446 ad
1371 2417 1521 2445 Judteorum
1531 2418 1671 2451 praefectos
1684 2415 1767 2446 irent.

981 2475 1095 2502 eamque
1110 2467 1276 2499 nuntiarent,
1307 2465 1445 2500 ipsamque
1474 2463 1712 2490 resurrectionem.
1736 2461 1767 2487 lli

982 2521 1057 2546 vero,
1088 2513 1165 2540 sicuti
1191 2511 1356 2547 evangelista
1385 2509 1479 2542 refert,
1510 2513 1652 2542 argenteos
1671 2506 1769 2533 tnultos

983 2560 1114 2586 dederunt
1146 2558 1287 2591 tnilitibus,
1323 2561 1352 2584 ut
1381 2557 1502 2584 dicerent
1531 2554 1678 2588 discipulos
1712 2553 1770 2587 ejus

984 2605 1090 2632 venisse
1104 2609 1196 2638 noctu,
1217 2611 1334 2638 eumque
1361 2601 1525 2637 surripuisse
1538 2600 1572 2627 "‘.
1603 2600 1703 2634 Estque
1721 2599 1765 2624 hic

984 2657 1073 2677 sermo
1094 2649 1247 2683 divulgatus
1262 2650 1332 2684 apud
1356 2648 1463 2676 Iudaeos
1486 2647 1518 2674 ad
1539 2645 1699 2673 hodierntun
1725 2651 1770 2670 us-

986 2703 1039 2732 que
1058 2695 1139 2724 diem.
1161 2695 1253 2729 Itaque
1268 2696 1303 2722 ob
1315 2695 1373 2721 haec
1385 2695 1438 2721 duo
1454 2693 1556 2720 scelera
1590 2694 1700 2718 accusat
1723 2696 1770 2716 eos

987 2743 1032 2778 qui
1052 2742 1132 2776 impie
1153 2740 1321 2776 praevaricati
1333 2744 1405 2772 sunt,
1426 2739 1497 2766 Deus
1518 2742 1546 2766 et
1559 2737 1659 2770 Pater;
1685 2739 1771 2761 eteos

990 2789 1074 2816 malos
1092 2788 1209 2824 appellat
1223 2791 1251 2815 et
1263 2786 1360 2815 divites
1377 2793 1384 2812 :
1399 2784 1494 2818 malos,
1507 2788 1536 2811 ut
1555 2783 1601 2819 qui
1616 2779 1770 2810 calumniati
