1883 3054
157 148 222 175 “87

672 140 700 167 S.
722 139 855 167 CYﬂlLLl
875 137 1109 165 ALl‘lXANDRINl
1131 135 1291 164 AliClllEP.

1726 125 1790 163 me

156 203 229 236 plum
240 206 267 228 et
278 208 358 228 causa
367 200 389 227 ei
401 200 561 227 exstiterunt
581 197 728 232 corporalis
737 196 876 227 essentia:
890 203 898 222 t

1049 195 1171 231 υγατέρα
1187 195 1256 231 ὑπὲρ
1279 195 1339 230 ἐμὲ,
1357 196 1407 223 οὐκ
1431 196 1488 221 ἔστι
1505 204 1556 230 μου
1568 195 1653 228 ἄξιος,
1668 204 1677 219 ι
1695 195 1789 228 Μήτηρ

158 255 297 275 versorum
334 252 422 273 autem
453 245 523 272 Deus
541 248 569 271 et
598 243 679 270 Pater
701 241 789 270 tno'rte
811 242 947 273 delentes,

156 299 185 322 et
214 294 298 320 instar
318 292 464 319 herbarum
497 289 643 321 marcidos,
659 289 692 316 ad
715 287 947 316 inmortalitatem

156 346 204 373 per
219 338 355 365 Christum
382 337 407 363 in
421 335 525 370 Spiritu
543 334 723 370 regeneravit,
763 333 948 366 l'ortioresque

157 383 274 411 reddidit
300 390 380 417 quam
399 386 427 409 ut
444 381 580 415 corrumpi
602 385 723 416 possent,
767 379 795 407 et
820 380 948 406 diuturna

156 434 238 463 atque
259 428 366 455 infinita
381 428 434 455 vita
462 427 613 454 coronavit.
634 426 728 461 Itaque
744 426 795 453 hac
822 432 886 459 erga
914 425 947 452 il-

157 475 212 502 lum
225 474 358 502 charitate
384 481 437 501 non
454 474 512 501 sine
532 476 612 501 cauSa
652 473 763 500 inferior
780 477 822 500 est
848 472 892 499 illa
922 472 947 498 in

156 525 284 554 parentes
304 520 479 547 reverentia:
506 524 534 546 at
560 519 698 547 Christum
727 523 780 546 tota
808 519 895 546 anima
921 523 949 546 et

157 567 244 593 corde
262 566 387 601 diligere,
411 569 439 592 et
456 566 566 592 nutibtts
577 573 607 592 ac
619 564 800 592 sacrosanctis
829 564 947 592 oraculis

156 611 282 645 obsequi,
299 612 349 639 hoc
359 616 403 639 est
424 612 489 638 dare
503 619 552 645 pro
574 616 696 646 peccato,
721 615 748 638 et
769 611 846 638 simul
869 611 947 638 iidem

161 655 188 682 in
202 655 276 683 illum
291 660 392 684 rectam
404 661 431 683 et
444 656 605 691 inculpatum
615 656 740 683 retinere.
755 656 861 682 Videbit
871 663 946 690 ergo,

156 702 258 736 inquit,
271 702 362 729 anima
378 706 467 729 vestra
481 703 575 729 semen
595 703 754 737 longaevum.
784 701 844 729 Vult
874 703 946 729 enim

157 747 287 776 Dominus
299 748 406 776 auferre
425 749 546 776 laborem
569 749 666 776 anima:
680 749 750 783 eju‘s,
766 754 793 775 et
808 749 832 776 ei
860 748 946 776 lucem

159 794 314 828 ostendere,
348 802 380 822 ac
401 794 520 822 formare
546 794 736 829 intelligentia.
763 790 847 822 Valde
873 795 946 821 enim

157 840 243 867 tristis
263 845 331 872 erat,
352 845 416 868 ante
427 841 573 875 pretiosam
587 848 708 873 crucem,
725 849 808 875 usque
833 841 866 868 ad
876 849 947 868 mor-

1000 242 1049 277 μὲν
1071 241 1124 277 γὰρ
1142 240 1298 276 ,ἀνθρώπου
1313 241 1361 267 καὶ
1378 241 1480 276 πατὴρ,
1495 241 1567 276 ἀρχὴ
1588 240 1636 267 καὶ
1656 241 1792 275 πρόφασις

998 287 1072 322 αὐτῷ
1084 287 1213 321 γεγόνασι
1231 287 1282 322 τῆς
1297 287 1337 319 εἰς
1349 287 1381 314 τὸ
1393 284 1461 314 εἶναι
1477 287 1594 322 προόδου
1612 286 1790 325 σωματικῆς·

998 335 1012 360 ὁ
1026 334 1054 360 δέ
1071 342 1102 367 γε
1117 334 1171 359 τῶν
1185 333 1252 360 ὅλων
1278 332 1344 364 Θεὸς
1361 333 1408 359 καὶ
1428 332 1523 367 Πατὴρ
1534 351 1542 365 ,
1569 331 1791 367 κεκρατημένους

999 380 1117 415 θανάτῳ,
1130 379 1177 406 καὶ
1198 379 1415 415 μαραινομένους
1431 379 1459 405 ἒν
1478 379 1527 413 ίσῳ
1545 378 1635 410 πόαις,
1647 377 1792 412 ἀνεγέννη-

1000 433 1046 451 σεν
1060 425 1100 456 εὶς
1123 424 1278 459 ἀφθαρσίαν
1302 423 1347 450 διὰ
1371 423 1491 458 Χριστοῦ
1514 424 1543 449 ὲν
1564 423 1720 457 Πνεῦματι,
1749 426 1793 449 καὶ

999 471 1141 507 κρείττους
1159 471 1282 505 ἀπέφηνε
1294 470 1344 505 τῆς
1361 470 1481 506 φθορᾶς,
1497 470 1592 504 μακρᾷ
1613 469 1660 496 καὶ
1682 468 1792 495 ἀτελευ-

998 517 1072 552 τήτῳ
1088 516 1262 551 στεφανώσας
1281 515 1349 552 ζωῇ.
1364 515 1468 544 Οὐκοῦν
1489 516 1605 551 ἣττηται
1633 515 1667 548 ἂν
1680 514 1792 546 εἰκότως

997 563 1047 597 τῆς
1063 563 1102 594 είς
1113 562 1192 589 αὑτὸν
1209 563 1320 597 ἀγάπης
1334 562 1350 596 ή
1366 562 1406 593 είς
1420 561 1516 596 γονέας
1532 558 1673 593 αιδὼςητὸ
1686 559 1714 586 δὲ
1729 558 1792 592 ἀγα-

999 607 1086 642 πῆσαι
1100 607 1217 643 Χριστὸν
1231 607 1261 639 ἐξ
1274 607 1336 642 ὅλης
1353 607 1443 643 ψυχῆς
1456 607 1503 633 καὶ
1517 606 1630 641 καρδίας
1641 625 1648 636 .
1667 605 1716 632 καὶ.
1738 606 1791 636 toi;

998 652 1081 678 αὐτοῦ
1094 652 1240 687 νεύμασιν,
1267 652 1351 686 ήγουν
1373 652 1455 687 ἱεροῖς
1472 650 1652 686 θεσπίσμασι,
1671 659 1789 676 κατακο-

999 697 1114 730 λουθεῖν,
1137 698 1168 724 τὸ
1187 697 1278 725 δοῦναί
1303 699 1361 724 ἐστι
1385 697 1450 732 περὶ
1471 697 1608 732 ἁμαρτίας
1621 717 1630 729 ,
1657 697 1728 732 μετᾶ
1745 695 1789 722 τοῦ

998 745 1047 780 τὴν
1063 746 1102 776 εἰς
1117 744 1197 770 αὐτὸν
1215 744 1304 770 πίστιν
1319 743 1406 779 ὀρθῶς
1433 751 1462 769 τε
1481 743 1529 770 καὶ
1544 743 1704 778 ἀμωμήτως
1717 742 1790 776 έχουα

1000 800 1050 818 σαν
1066 791 1175 818 ἑλέσθαι
1196 792 1299 827 τηρεῖν.
1316 790 1430 824 Ὀψεται
1454 789 1544 817 τοίνυν
1565 789 1670 824 ἡψυχὴ
1695 789 1789 823 ὑμῶν,

999 838 1076 873 φησὶ,
1094 837 1206 873 σπέρμα
1221 837 1377 872 μακρόϐιον.
1390 835 1517 862 Βούλεται
1531 835 1585 871 γὰρ
1602 835 1709 870 Κύριος
1739 835 1790 868 ἁφ-

158 891 221 912 tcm.
245 886 290 913 Sic
304 894 419 921 namque
436 895 450 914 a
488 887 589 914 sanctis
614 888 787 922 evangelistis
812 888 901 922 scriptu

1046 885 1066 910 ἰν
1075 883 1129 910 ἀπὸ
1140 884 1186 910 τοῦ
1202 883 1283 910 πόνου
1294 883 1343 916 τῆς
1353 882 1441 917 ψυχῆς
1454 881 1546 913 αὐτοῦ,
1557 881 1604 908 καὶ
1613 881 1700 912 δεῖξαι
1716 881 1789 915 αὐτῷ

156 935 206 958 est.
223 931 366 966 Postquam
384 939 446 959 vero
463 932 574 960 calcatis
586 932 693 966 inferis,
711 934 792 961 tertio
814 934 856 961 die
873 934 944 961 revi-

156 982 244 1009 xerat,
257 985 372 1012 moxque
390 979 529 1006 contuitus
545 981 618 1006 esset
630 979 748 1007 hominis
769 984 894 1007 naturam
915 981 940 1007 in

156 1023 245 1055 seipso
265 1023 486 1051 transformatam
499 1024 532 1051 ad
547 1025 790 1058 immortalitatem,
809 1031 837 1054 et
852 1027 898 1053 Dei
913 1034 945 1054 ac

156 1067 469 1096 Patrisbenevolentiam
504 1077 551 1104 per
569 1070 723 1098 universam
758 1071 813 1105 jam
844 1076 943 1099 terram

157 1112 330 1146 atnplilieari,
347 1121 378 1140 ac
397 1113 517 1147 gentium
541 1113 738 1141 multitudinem
755 1115 944 1142 collustratutn

156 1157 201 1189 iri,
222 1162 248 1184 et
268 1158 382 1192 pristino
400 1166 431 1185 ac
447 1158 526 1186 simul
538 1166 600 1186 cum
620 1159 689 1193 ipsis
705 1160 825 1187 enutrito
853 1168 945 1188 errore

156 1202 264 1235 abduci,
277 1208 303 1230 et
316 1203 349 1230 ad
367 1204 531 1238 agnitionem
545 1204 584 1231 sui
599 1211 631 1231 ac
647 1204 736 1232 Patris
757 1206 846 1232 vocari
864 1215 870 1232 :
894 1207 942 1232 ab-

155 1248 220 1282 iecit
244 1249 380 1283 passionis
393 1249 524 1281 laborem,
540 1255 568 1277 et
599 1250 742 1278 victoriam
774 1251 850 1278 dedit
875 1252 944 1280 bene

155 1293 345 1321 sentientibus.
381 1293 467 1321 Simul
490 1294 563 1322 enim
598 1300 679 1330 atque
700 1303 716 1322 e
731 1297 846 1324 mortuis
874 1299 945 1325 exci-

156 1343 226 1366 tatus
248 1343 300 1373 est,
318 1344 345 1366 et
367 1340 429 1374 quia
460 1341 546 1368 bonus
568 1346 620 1373 est,
639 1341 715 1369 valde
728 1342 760 1369 de
788 1344 879 1371 mundi
901 1351 945 1371 sa-

155 1384 211 1412 lute
240 1392 272 1412 ac
306 1386 360 1412 vita
384 1386 513 1420 gavisus,
547 1387 649 1415 sanctis
685 1388 824 1424 discipulis
856 1390 943 1417 dixit:

155 1429 235 1465 753
254 1439 265 1457 ι
286 1430 352 1458 Data
367 1436 409 1459 est
424 1432 491 1459 mihi
504 1432 593 1459 omnis
616 1438 733 1466 potestas
754 1439 782 1461 et
797 1435 822 1461 in
837 1435 906 1462 coelo
919 1441 946 1463 et

155 1476 183 1502 in
200 1480 282 1504 terra.
311 1476 364 1508 ite.
389 1477 484 1504 docete
504 1485 598 1505 omnes
613 1481 887 1516 gentes,baptizantcs
899 1489 945 1509 eos

156 1522 182 1548 in
212 1529 308 1549 nomen
338 1522 438 1556 Patris,
456 1529 483 1550 et
505 1523 578 1558 Filii,
594 1530 621 1552 et
642 1526 727 1552 sancti
755 1526 871 1560 Spiritus
883 1528 916 1554 ⁷⁸.
933 1538 941 1553 ι

158 1564 187 1591 Si
199 1573 263 1600 ergo
276 1566 407 1594 dederitis
425 1575 473 1602 pro
484 1573 604 1602 peccato,
621 1569 697 1597 eritis
714 1570 794 1597 etiam
811 1570 860 1605 ipsi
886 1570 944 1597 lon-

155 1612 247 1646 giuqui
259 1612 383 1644 seminis,
399 1612 523 1640 videlicet
538 1619 694 1642 sanctorum
707 1616 863 1650 participes.
881 1615 943 1643 Vult

155 1658 227 1684 cnitn
262 1657 333 1685 Deus
346 1663 374 1686 et
387 1658 469 1686 Pater
490 1659 597 1687 auferre
617 1660 737 1687 laborem
757 1661 855 1689 anime
873 1661 940 1696 eius,

155 1704 261 1731 scilicet
292 1704 405 1738 Christi,
424 1705 449 1732 id
466 1709 523 1737 est,
549 1705 638 1732 crucis
663 1706 800 1733 tristitiam
821 1714 942 1734 contmn-

156 1755 213 1779 tare
233 1751 351 1785 gaudio:
368 1751 547 1778 monstrando
569 1751 606 1778 illi
629 1752 774 1779 translatos
800 1753 826 1779 in
844 1752 940 1785 lucetn,

154 1796 200 1830 qui
213 1796 351 1830 quondam
364 1800 442 1824 erant
458 1796 588 1828 tenebrae,
614 1797 640 1824 id
659 1802 710 1830 est,
735 1798 780 1832 qui
806 1799 941 1833 quondam

157 1846 320 1869 erraverunt
334 1850 340 1868 :
357 1842 456 1876 quibus
467 1841 549 1869 etiam
563 1843 779 1876 sapientissimus
794 1843 894 1871 Paulus
914 1845 940 1872 in

153 1886 273 1921 Epistola
298 1889 404 1920 scribit,
429 1888 521 1916 dicens
537 1898 544 1916 :
563 1897 571 1914 t
587 1889 637 1922 Qui
659 1890 794 1924 quondam
811 1890 940 1923 tenebrae,

154 1941 226 1961 nunc
246 1939 337 1962 autem
360 1935 404 1962 lux
430 1936 455 1963 in
475 1936 589 1964 Domino
602 1936 634 1962 ".
653 1946 662 1962 ι
685 1936 747 1964 Vult
764 1936 882 1964 formare
897 1937 940 1964 in-

153 1980 311 2015 telligentia.
329 1981 400 2015 Quid
417 1987 507 2011 autem
527 1983 578 2010 hoc
591 1983 636 2016 sit,
652 1983 759 2010 docebit
771 1984 941 2017 sapientissi—

153 2035 213 2054 mtts
234 2026 345 2061 Paulus,
367 2036 428 2055 cum
449 2029 535 2057 dicit:
556 2039 565 2055 ι
579 2029 633 2056 Nos
644 2030 716 2056 enim
730 2037 825 2056 omnes
838 2034 939 2056 retecta

152 2071 222 2099 facie
234 2072 347 2107 gloriam
363 2072 470 2099 Domini
488 2074 668 2108 speculantes,
684 2074 717 2100 ad
734 2075 854 2101 eamdem
873 2076 939 2101 itnn-

152 2117 240 2151 ginem
254 2117 492 2149 transformamur,
508 2126 521 2144 a
535 2118 618 2152 gloria
633 2119 658 2146 in
671 2119 796 2154 gloriam,
811 2123 938 2155 tanquam

152 2170 167 2189 a
185 2163 289 2189 Domini
311 2162 413 2197 Spiritu
426 2163 459 2188 ⁸⁸.
473 2172 482 2189 ι
500 2162 549 2196 Qui
576 2164 646 2191 enim
670 2171 816 2192 versantur
834 2166 859 2192 iu
876 2173 937 2200 pec-

151 2208 282 2241 catis,|et
302 2214 457 2236 creaturam
473 2216 526 2243 pne
543 2209 670 2237 Creatore
692 2211 794 2244 colunt,
815 2211 936 2238 deforme

152 2254 307 2282 habentcor
318 2255 408 2288 aliquo
419 2255 509 2287 modo,
521 2260 548 2282 et
562 2256 679 2282 animum
691 2255 880 2284 fmilissimum.
895 2258 934 2283 Ad

151 2299 295 2334 quemdam
314 2300 396 2334 igitur
409 2299 507 2327 dictum
530 2307 572 2328 est
595 2309 660 2328 voce
681 2301 825 2329 Jeremim:
843 2311 852 2328 ι
867 2302 936 2330 Ecce

152 2355 204 2374 non
227 2352 290 2374 sunt
316 2346 386 2373 oculi
411 2347 459 2380 tui,
483 2355 531 2374 nec
554 2355 601 2375 cor
623 2353 697 2375 tuum
717 2349 858 2383 pulchrum
871 2349 904 2375 ⁸¹.
924 2359 933 2376 ι

151 2392 206 2420 Sed
228 2400 288 2419 cum
317 2392 394 2419 tidem
416 2392 442 2419 in
462 2392 598 2420 Cltristnm
621 2393 832 2428 atnplectuntur,
849 2400 936 2422 trans-

152 2440 305 2464 lormantur
324 2437 530 2472 intelligibilitcr
548 2438 581 2465 ad
597 2439 714 2465 divinam
729 2438 786 2472 ejus
803 2444 829 2466 et
844 2439 934 2466 excel-

151 2483 251 2509 lentem
272 2482 509 2518 pulehritudinem.
530 2483 630 2510 Scribit
646 2483 785 2511 enimvero
801 2486 833 2511 ad
852 2493 933 2519 quos-

150 2528 212 2555 dam
235 2527 451 2562 sapientissimus
475 2527 574 2555 Paulus
588 2536 595 2554 :
612 2536 621 2553 ι
635 2526 733 2559 Filioli,
751 2536 818 2562 quos
835 2529 932 2555 iterum

149 2573 284 2608 parturio,
307 2574 396 2608 quoad
422 2573 553 2601 formetur
577 2574 604 2601 in
631 2574 708 2602 vobis
733 2574 858 2601 Christus
870 2574 903 2601 ⁸⁸.
921 2584 930 2599 ι

150 2618 212 2646 Vult
237 2623 326 2645 autem
343 2619 414 2646 Deus
427 2625 455 2646 et
470 2619 550 2646 Pater
566 2619 757 2655 intelligentia,
772 2621 797 2647 id
813 2626 854 2648 est
884 2629 932 2649 sua

147 2665 291 2700 sapientia,
309 2665 399 2691 divina
417 2665 532 2698 scilicet,
548 2673 595 2693 eos
609 2666 655 2700 qui
672 2666 697 2692 iu
713 2666 800 2701 ipsum
817 2667 932 2694 credunt

147 2711 276 2744 loruiare,
305 2710 413 2745 ipsique
426 2710 590 2742 ,conformes
616 2711 727 2739 reddere
748 2719 796 2746 per
813 2713 931 2739 sanctiﬁ—

147 2758 279 2785 cationem
297 2757 323 2785 in
345 2757 453 2792 spiritu.
473 2766 482 2782 ι
501 2757 578 2791 Nam,
595 2758 682 2793 inquit
697 2780 703 2791 ,
717 2767 783 2794 quos
801 2760 884 2792 novit,
903 2764 930 2786 et

996 930 1064 964 φῶς,
1078 929 1126 956 καὶ
1141 929 1242 956 πλάσαι
1254 930 1287 964 τῇ
1305 929 1422 955 συνέσει.
1445 924 1542 962 Γέγονε
1568 928 1618 963 μὲν
1633 928 1690 963 γὰρ
1713 926 1788 962 περί-

995 976 1079 1007 λυπος
1096 975 1149 1007 ἕως
1162 975 1277 1002 θανάτου
1298 974 1350 1010 πρὸ
1368 974 1416 1000 τοῦ
1429 973 1520 1009 τιμίου
1539 974 1670 1009 σταυροῦ·
1684 973 1788 1009 γέγρα-

996 1029 1062 1047 πται
1086 1020 1140 1056 γὰρ
1168 1019 1239 1046 οὕτω
1266 1019 1342 1054 παρὰ
1372 1019 1427 1049 τοῖς
1451 1018 1538 1052 ἁγίοις
1567 1018 1787 1052 εὐαγγελισταίς.

1001 1066 1109 1101 Ἐπειδὴ
1121 1065 1149 1091 δὲ
1162 1066 1283 1100 πατήσας
1296 1064 1342 1090 τὸν
1362 1064 1429 1099 ᾅδην
1442 1064 1542 1091 ἀνεϐίω
1553 1065 1716 1100 τριήμερος,
1731 1061 1789 1090 εἶτα

994 1108 1120 1138 τεθέαται
1135 1110 1183 1146 τὴν
1198 1110 1341 1146 ἀνθρώπου
1359 1110 1439 1144 φύσιν
1453 1111 1482 1136 ὲν
1495 1109 1585 1145 ἐαυτῷ
1601 1117 1788 1145 μεταμορφω-

995 1157 1087 1183 θεῖσαν
1099 1157 1139 1188 είς
1155 1156 1320 1191 ἀφθαρσίαν,
1334 1156 1379 1182 καὶ
1390 1156 1440 1190 τὴν
1450 1155 1496 1182 τοῦ
1521 1155 1589 1182 Θεοῦ
1614 1154 1663 1181 καὶ
1681 1154 1789 1189 Πατρὸς

995 1204 1118 1231 εὐδοκίαν
1133 1203 1223 1238 πάσης
1249 1203 1299 1238 ἤδη
1320 1202 1556 1238 κατευρυνομένην
1579 1201 1629 1236 τῆς
1642 1202 1707 1236 γῆς,
1727 1201 1789 1235 μέλ-

995 1248 1094 1274 λουσάν
1119 1257 1148 1274 τε
1170 1247 1407 1282 καταφωτίζεσθαι
1424 1247 1477 1273 τῶν
1491 1247 1575 1273 ἐθνῶν
1595 1246 1645 1282 τὴν
1669 1246 1788 1281 πληθὺν,

995 1295 1042 1320 καὶ
1055 1294 1104 1329 τῆς
1121 1294 1170 1329 μὲν
1185 1294 1300 1329 ἀρχαίας
1324 1293 1370 1319 καὶ
1385 1294 1534 1328 συντρόφου
1551 1293 1657 1328 πλάνης
1674 1293 1789 1327 ἀποφοι-

995 1340 1054 1375 τᾷν,
1069 1339 1210 1366 καλεῖσθαι
1225 1339 1253 1365 δὲ
1267 1339 1335 1374 πρὸς
1345 1340 1493 1373 ἐπίγνωσιν
1508 1339 1604 1365 ἑαυτοῦ
1621 1347 1650 1364 τε
1680 1339 1728 1365 καὶ
1742 1337 1788 1364 τοῦ

996 1386 1101 1420 Πατρός
1114 1393 1120 1399 ⁸
1150 1384 1322 1420 ἀποὸἑϐληκε
1337 1385 1382 1411 τὸν
1398 1384 1444 1411 ἐπὶ
1456 1384 1495 1420 τῷ
1509 1385 1606 1411 παθεῖν
1623 1384 1705 1410 πόνον
1721 1404 1728 1415 ,
1743 1384 1789 1411 καὶ

995 1433 1050 1462 τοῖς
1067 1429 1097 1458 εὖ
1110 1431 1238 1466 φρονοῦσι
1252 1431 1351 1458 δέδωκε
1367 1430 1398 1457 τὸ
1414 1432 1502 1466 νικᾷν,
1528 1431 1604 1466 Ἅμα
1619 1431 1676 1465 γὰρ
1692 1431 1726 1457 ὲκ
1747 1439 1788 1456 νε-

996 1477 1071 1512 κρῶν
1085 1477 1245 1511 ἐγήγερται,
1265 1477 1311 1503 καὶ
1328 1477 1443 1512 ἐπείπερ
1457 1477 1531 1503 ἐστὶν
1548 1476 1668 1511 ἀγαθὸς,
1694 1476 1787 1511 ἡσθεὶς

996 1524 1065 1557 ἄγαν
1076 1523 1121 1549 ἐπὶ
1132 1525 1164 1558 τῇ
1180 1523 1227 1550 τοῦ
1239 1523 1342 1557 κόσμου
1354 1523 1476 1558 σωτηρία
1486 1524 1532 1550 καὶ
1545 1523 1614 1559 ζωῇ,
1626 1524 1684 1554 τοῖς
1700 1523 1787 1556 ἁγίοις

995 1570 1045 1606 ἔφη
1062 1571 1197 1606 μαθηταῖς
1208 1579 1214 1586 ·
1233 1580 1242 1596 ι
1268 1570 1359 1606 Ἐδόθη
1380 1580 1424 1606 μοι
1441 1572 1515 1598 πᾶσα
1532 1570 1642 1603 ἐξουσία
1652 1570 1682 1596 έν
1694 1579 1725 1596 τε
1742 1570 1786 1597 οὺ-

994 1617 1077 1652 ρανῴ.
1091 1617 1137 1642 καὶ
1151 1614 1198 1643 ἐντὶ
1211 1618 1272 1651 γῆς·
1290 1616 1466 1651 πορευθέντες
1490 1617 1682 1652 μαθητεύσατε
1699 1617 1786 1643 πάντα

977 1662 1026 1688 -τὰ
1043 1662 1119 1696 ἔθνη,
1138 1662 1316 1697 βαπτίζοντες
1330 1663 1430 1694 αὐτοὺς
1453 1663 1493 1694 είς
1509 1658 1539 1689 τδ
1557 1663 1644 1697 ονομα
1667 1654 1715 1690 τοῦ
1730 1662 1784 1689 Πα-

992 1708 1064 1744 τρδς,
1082 1709 1129 1735 καὶ
1140 1708 1187 1734 τοῦ
1200 1708 1276 1740 Υξοῦ,
1289 1709 1335 1735 καὶ
1349 1709 1395 1735 τοῦ
1417 1709 1494 1742 ἁγίου
1508 1708 1679 1743 Πνεύματος.
1694 1717 1703 1734 ι
1714 1708 1783 1735 οὐκ·

991 1754 1038 1781 οὖν
1048 1754 1095 1780 ἐὰν
1102 1754 1169 1780 δῶτε
1179 1755 1242 1789 περὶ
1256 1755 1402 1790 ἁμαρτίας,
1416 1753 1510 1780 ἔσεσθε
1524 1754 1634 1789 μέτοχοι
1648 1754 1697 1779 καὶ
1709 1753 1797 1780 αὐτοὶ”

994 1800 1142 1835 μακροϐίου
1158 1801 1326 1835 σπέρματος,
1341 1799 1389 1826 τοῦ
1405 1800 1456 1826 τῶν
1471 1799 1556 1833 ἁγίων
1566 1799 1704 1834 ¹δηλονότι.
1720 1799 1783 1825 Βού-

991 1846 1066 1873 λεται
1079 1846 1134 1881 γὰρ
1147 1847 1161 1872 ὀ
1172 1846 1237 1878 Θεὸς
1252 1846 1297 1872 καὶ
1313 1846 1409 1881 Πατὴρ
1427 1845 1536 1879 ἀφελεῖν
1553 1845 1608 1872 ἀπὸ
1632 1845 1680 1872 τοῦ
1702 1845 1783 1883 πόνου

991 1892 1040 1926 τῆς
1050 1892 1141 1927 ψυχῆς
1152 1892 1245 1923 αὑτοῦ,
1259 1892 1338 1927 δῆλον
1352 1892 1380 1918 δὲ
1392 1892 1433 1918 ὅτι
1445 1891 1575 1927 Χριστοῦ,
1588 1890 1782 1925 τουτέστι,τὴν

990 1938 1037 1964 ἐπὶ
1050 1938 1089 1972 τῷ
1104 1937 1212 1973 σταυρῷ
1227 1937 1315 1973 λύπην
1330 1937 1500 1973 μεταστῆσαι
1514 1937 1582 1972 πρὸς
1605 1937 1695 1972 χαρὰν
1705 1957 1712 1970 ,
1739 1937 1781 1963 διὰ

990 1984 1036 2010 τοῦ
1050 1985 1135 2017 δεῖξαι
1147 1984 1221 2019 αὑτῷ
1238 1983 1470 2020 μεταποιηθέντας
1482 1984 1522 2015 εἰς
1545 1983 1603 2018 φῶς
1626 1983 1692 2014 τούς
1716 1990 1779 2010 ποτε

991 2030 1097 2062 σκότος,
1112 2030 1235 2057 τουτέστι
1249 2029 1312 2061 τούς
1328 2037 1394 2056 ποτε
1416 2029 1618 2064 πλανωμένους-
1638 2026 1681 2060 οἷς
1707 2029 1753 2055 καὶ
1766 2029 1780 2054 ὁ

990 2077 1127 2110 πάνσοφος
1139 2074 1243 2107 Παῦλος
1258 2075 1421 2108 ἐπιστέλλει,
1436 2075 1523 2109 λέγων
1534 2083 1541 2090 ο
1559 2084 1569 2100 ‹
1581 2075 1613 2102 Οἱ
1632 2075 1699 2101 ποτὲ
1717 2075 1778 2101 σκό-

989 2130 1045 2153 τος,
1063 2121 1121 2148 νυνὶ
1133 2121 1161 2148 δὲ
1180 2121 1239 2156 φῶς
1258 2122 1287 2147 ὲν
1313 2120 1417 2157 Κυρίῳ.
1432 2130 1442 2147 ι
1460 2120 1589 2147 Βούλεται
1615 2120 1721 2147 πλάσαι
1748 2121 1778 2154 τῇ

990 2167 1106 2193 συνέσει.
1126 2167 1180 2193 Καὶ
1195 2166 1221 2192 τί
1232 2167 1264 2202 δὴ
1280 2166 1359 2192 τοῦτό
1369 2168 1428 2193 ἐστι
1438 2187 1444 2199 ,
1459 2166 1558 2198 διδάξει
1576 2165 1666 2200 λέγων
1683 2167 1698 2192 ὁ
1714 2167 1780 2193 πάνθ

990 2220 1071 2247 σοφος
1083 2211 1187 2246 Παῦλος
1197 2221 1203 2228 ·
1219 2221 1228 2237 ι
1244 2213 1337 2246 Ἡμεῖς
1347 2211 1401 2246 γὰρ
1415 2212 1514 2244 πάντες
1526 2212 1780 2248 ἀνακεκαλυμμένῳ

988 2258 1126 2294 προσώπῳ
1138 2258 1187 2293 τὴν
1200 2258 1279 2291 δόξαν
1289 2258 1391 2293 Κυρίου
1399 2258 1653 2293 κατοπτριζόμενοι,
1669 2259 1720 2293 τὴν
1731 2259 1779 2285 αὺ-

985 2304 1035 2340 τὴν
1059 2305 1151 2331 εἰκόνα
1181 2305 1430 2340 μεταμορφούμεθα
1451 2302 1505 2331 ἀπὸ
1524 2304 1603 2339 δόξης
1619 2305 1661 2336 είς
1680 2305 1777 2337 δόξαν,

986 2349 1111 2384 καθάπερ
1126 2350 1179 2376 ἀπὸ
1194 2350 1297 2385 Κυρίου
1312 2350 1479 2385 [Ινεύματος.
1492 2360 1502 2376 ι
1516 2351 1548 2376 Ol
1564 2351 1615 2385 μὲν
1630 2352 1686 2385 γὰρ
1705 2351 1779 2382 ὄντες

986 2395 1015 2421 ὲν
1031 2395 1190 2430 ἁμαρτίαις,
1207 2396 1252 2422 καὶ
1265 2395 1313 2430 τὴν
1326 2395 1415 2422 κτίσιν
1433 2395 1509 2430 παρὰ
1527 2395 1573 2422 τὸν
1593 2396 1717 2431 Κτίστην
1734 2396 1779 2422 λα-

986 2440 1138 2476 τρεύοντες,
1169 2440 1276 2475 δυσειδῆ
1305 2449 1364 2473 πως
1387 2440 1478 2476 ἔχουσι
1492 2441 1543 2476 τὴν
1570 2441 1703 2476 καρδίαν,
1732 2441 1778 2468 καὶ

986 2485 1188 2521 ἀκαλλεστάτην
1216 2486 1316 2521 σφόδρα
1346 2486 1395 2521 τὴν
1419 2487 1549 2513 διάνοιαν.
1574 2487 1693 2521 Εἴρηται
1714 2487 1777 2520 γοῦν

987 2532 1056 2567 πρός
1073 2540 1133 2558 τινα
1147 2532 1192 2559 διὰ
1207 2532 1256 2567 τῆς
1265 2532 1397 2567 Ἰερεμίου
1409 2532 1501 2567 φωνῆς
1511 2541 1518 2548 ·
1531 2542 1540 2557 ι
1564 2533 1630 2559 Ἰδοὺ
1641 2533 1692 2559 οὐκ
1709 2533 1777 2558 εἰσὶν

985 2578 1009 2603 οἱ
1025 2576 1160 2612 ὀφθαλμοί
1174 2585 1232 2608 σου,
1247 2577 1307 2603 οὐδὲ
1324 2578 1340 2611 ἡ
1353 2577 1453 2611 καρδία
1465 2584 1511 2603 σου
1531 2576 1612 2611 καλή.
1627 2587 1636 2602 ι
1652 2577 1776 2603 Ἐπειδὰν

986 2623 1013 2649 δὲ
1037 2624 1085 2658 τὴν
1107 2623 1148 2654 εἰς
1169 2622 1287 2658 Χριστὸν
1304 2622 1519 2658 παραδέξωνται,
1541 2623 1775 2657 μεταπλάττοντσι

986 2669 1088 2704 νοητῶς
1105 2669 1173 2704 πρὸς
1185 2669 1216 2695 τὸ
1231 2669 1302 2696 θεῖον
1321 2669 1404 2695 αὐτοῦ
1434 2669 1480 2695 καὶ
1501 2669 1640 2704 ἐξαίρετον
1667 2669 1773 2700 κάλλος.

985 2715 1087 2750 Γράφει
1103 2715 1169 2749 γοῦν
1184 2724 1254 2742 τισιν
1265 2716 1279 2742 ό
1296 2715 1434 2750 πάνσοφος
1450 2715 1553 2746 Παῦλος
1563 2723 1569 2729 ·
1584 2724 1594 2740 ι
1606 2715 1718 2747 Τεκνία,
1730 2714 1774 2745 οὓς

985 2761 1065 2788 πάλιν
1079 2762 1176 2793 ὠδίνω,
1201 2762 1280 2797 ἄχρις
1296 2758 1326 2788 οὗ
1344 2762 1473 2798 μορφωθῇ
1493 2762 1611 2797 Χριστός
1624 2762 1652 2788 ἐν
1670 2762 1743 2796 ὑμῖν.
1761 2770 1770 2785 ι

180 2849 202 2865 ⁷⁸
217 2849 311 2876 Matth.
331 2856 407 2882 xvnt,
424 2849 512 2883 l8,l9.
551 2851 573 2867 "
592 2850 613 2877 ll
633 2850 696 2878 Cor.
716 2859 754 2883 χι,
771 2847 812 2877 Η.
850 2851 872 2868 ⁸ο
895 2851 912 2877 ll

934 2851 1110 2882 Cut'.ttt,18.
1151 2853 1172 2868 ⁸¹
1191 2851 1243 2880 Jer.
1263 2861 1329 2886 un,
1352 2853 1394 2880 l7.
1433 2853 1455 2868 ⁸¹
1475 2852 1534 2879 (ιρι.
1558 2860 1592 2885 tv,
1618 2851 1660 2880 l9.
