1883 3054
71 157 132 186 llS9

625 158 660 185 lN
681 158 797 186 ISAIAM
819 158 884 186 LIB.
906 158 937 187 V.
959 158 1079 187 TOMUS
1098 160 1117 186 Ι.

1615 160 1678 187 “illi

61 207 190 242 ’Βούλεται
204 215 292 243 τοίνυν
302 216 316 243 ὀ
329 216 395 249 Θεὸς
420 217 466 244 καὶ
483 217 579 253 Πατὴρ
592 219 625 254 τῇ
641 218 757 250 συνέσει,
770 226 848 244 τουτ-

903 217 1105 253 praedestinavit
1129 217 1280 244 (enformes
1307 216 1416 251 imagini
1441 216 1502 249 Filii
1519 217 1570 249 sui,
1593 218 1641 244 hos
1656 220 1683 242 et

69 263 121 288 ἐστι
131 263 161 297 τῇ
177 261 274 288 ἑαυτοῦ
292 262 385 297 σοφίᾳ,
396 262 542 298 θεοπρεπεῖ
554 263 582 289 δὲ
593 263 725 299 δηλονότι,
738 263 851 290 διαπλά-

68 316 109 335 ea:
121 307 188 342 πρὸς
201 307 281 334 αὑτὸν
300 308 364 339 τοὺς
375 307 563 341 πιστεύοντας,
584 309 725 344 ἀποφῆναί
738 318 767 336 τε
783 318 851 344 συμ-

69 355 182 393 μόρφους
197 353 271 389 αὑτῷ
285 353 318 380 δι’
334 353 471 389 ἁγιασμοῦ
488 355 518 380 ἐν
528 354 675 390 πνεύματι.
698 364 707 380 ι
721 355 775 387 Οὓς
795 355 850 390 γὰρ

68 398 141 431 ιγνω,
161 398 238 433 φησὶ,
265 398 313 425 καὶ
328 398 466 434 προώρισε
489 400 669 434 συμμόρφους
684 399 734 434 τῆς
748 400 850 432 εἰκόνος

67 442 110 469 τοῦ
132 442 195 469 Υίοῦ
211 442 305 476 αὑτοῦ,
331 443 443 475 τούτους
468 444 515 471 καὶ
535 444 658 471 ἐκάλεσε.
678 454 687 470 ι
707 445 806 471 Κτίσαι
821 444 849 471 δὲ

67 488 167 522 λέγεται
193 487 258 519 Θεὸς
274 488 321 514 καὶ
335 487 399 519 τοὺς
414 488 461 514 δύο
479 488 560 520 λαοὺς
575 489 615 520 είς
629 489 678 516 ἕνα
692 489 785 516 καινὸν
802 489 850 516 ἄν-

68 533 312 569 θρωπονΒούλεται
324 533 363 567 δὲ,
373 531 460 568 οἶμαι,
469 533 565 565 όΘεὸς,
579 535 625 560 καὶ
639 534 734 570 Πατὴρ
741 534 850 561 δικαιῶ-

69 586 108 604 aut
117 577 230 610 δίκαιον,
246 576 275 605 εὖ
291 578 450 606 δουλεύοντα
464 579 581 611 πολλοῖς,
594 580 640 606 καὶ
650 579 700 610 τὰς
712 579 849 614 ἁμαρτίας

68 623 149 650 αὐτῶν
162 624 243 656 αὐτὸς
257 624 363 660 ἀνήσει.
387 625 415 651 '0
429 625 478 660 μὲν
490 623 537 651 οὖν
562 625 664 657 δίκαιος
674 623 704 652 εὖ
718 625 849 652 δουλεύων

69 668 176 701 πολλοῖς,
187 669 296 705 νοηθείη
310 669 343 696 ἂν
353 670 402 704 οὐχ
412 669 516 705 ἕτερος,
533 668 620 705 οἶμαι,
639 671 682 701 τἰς
695 691 701 702 ,
728 670 803 706 παρά
818 678 849 704 γε

68 714 108 740 τὸν
130 714 229 750 Κύριον
253 715 331 750 ἡμῶν
351 714 454 750 Ἰησοῦν
463 715 508 741 τὸν
523 715 650 750 Χριστόν.
663 716 700 742 Οὐ
719 716 772 751 γὰρ
784 713 849 750 ἦ).οε

68 760 260 795 διακονηθῆναι,
281 760 354 787 καθά
365 769 447 796 φησιν
457 761 549 793 αὐτὸς,
563 761 722 796 διακονῆσαι
738 761 766 787 δὲ
781 761 849 796 μᾶλ-

69 805 117 838 λον,
131 806 199 832 κατὰ
208 806 259 842 τὴν
275 807 323 842 τῆς
338 807 570 842 ινανθρωπήσεως
579 807 852 842 οἱκονομίαν.Ταύτῃ-

69 860 104 877 τοι
117 851 237 879 διάκονον
250 852 334 879 ἐδόκει
345 852 435 887 λέγειν
448 852 487 887 τῷ
498 852 625 888 μακαρίῳ
646 852 753 887 Παύλῳ.
776 853 847 887 Ἔφη

902 263 1007 290 vocavit
1021 263 1076 288 ⁸².‹
1103 263 1136 290 Ει
1158 262 1311 289 condidisse
1333 262 1433 289 dicitur
1455 262 1523 290 Deus
1549 263 1574 289 in
1600 271 1683 289 unum

900 317 998 337 novum
1026 309 1162 337 hominem
1183 309 1251 337 duos
1274 308 1403 344 p0pulos;
1428 308 1548 344 vultque,
1575 310 1684 344 opinor,

901 355 971 383 Deus
998 359 1025 382 et
1035 354 1117 382 Pater
1135 354 1286 388 iustiﬁcare
1305 354 1405 389 justum
1428 354 1496 382 bene
1519 356 1683 382 servientem

901 401 1003 434 multis,
1028 405 1055 429 ct
1079 407 1187 435 peccata
1209 408 1302 428 eorum
1317 401 1374 435 ipse
1388 401 1515 428 remittet.
1529 400 1620 428 Justus
1634 409 1667 428 au
1677 415 1683 420 -

903 452 956 475 tem
983 448 1052 475 bene
1079 447 1199 475 serviens
1226 447 1327 480 multis,
1346 454 1399 474 non
1420 447 1501 479 alius,
1514 451 1543 474 ut
1555 447 1682 478 arbitror,

900 493 1045 528 quisquam
1058 492 1170 528 intelligi
1185 497 1282 527 potest,
1298 497 1395 527 praeter
1410 492 1549 520 Dominum
1563 497 1682 520 nostrum

898 538 990 567 Iesum
1008 539 1155 566 Christum.
1178 538 1236 566 Non
1254 539 1325 565 enim
1343 539 1456 566 venitut
1468 539 1491 565 ei
1505 538 1683 571 ministretur,

899 583 978 611 siculi
991 584 1048 618 ipse
1063 584 1101 610 ait
1114 583 1148 615 ",
1176 583 1222 610 sed
1244 587 1273 610 ut
1288 583 1421 610 ministret
1436 583 1536 617 potius,
1561 583 1684 610 inhuma-

901 629 1018 656 nationis
1049 628 1259 662 dispensatione.
1298 627 1366 654 lliuc
1408 629 1493 655 visum
1534 628 1685 664 est_beato

900 674 984 701 Paulo
1003 681 1063 700 cum
1082 673 1236 700 miuistrutn
1255 673 1354 700 dicere.
1378 673 1422 699 Ait
1441 674 1512 700 enim
1530 673 1563 700 de
1583 675 1640 708 lege
1656 679 1685 700 et

899 719 973 747 Novo
991 719 1166 747 Testamento
1183 727 1189 745 :
1213 728 1221 744 ι
1238 719 1266 745 Si
1280 719 1351 746 enim
1363 719 1540 746 ministerium
1557 719 1684 746 condem-

901 766 1017 792 natiouis
1038 765 1121 799 gloria
1149 765 1278 799 (gloriosa
1304 765 1375 792 enim
1401 764 1471 791 facta
1503 770 1561 791 erat
1585 765 1686 799 Νομία

899 815 1047 846 persona),
1070 811 1154 838 multo
1176 810 1258 846 754
1278 811 1363 846 magis
1381 809 1487 837 excellit
1504 811 1681 838 ministerium

896 857 1008 890 iustitia:
1029 857 1053 883 iu
1068 855 1152 891 gloria
1166 856 1200 882 ⁵⁵.
1221 865 1230 882 ι
1247 855 1337 882 Justus
1353 855 1433 890 igitur
1445 861 1471 882 et
1489 856 1682 890 irreprehensi-

70 898 116 934 γὰρ
131 898 233 933 περίτε
248 898 294 925 τοῦ
305 899 387 934 νόμου
407 899 454 926 καὶ
467 900 516 934 τῆς
530 900 632 934 Καινῆς
648 899 848 934 Διαθῆκης¹ιΕἱ

903 901 960 929 bilis
979 901 1115 933 Christus,
1132 901 1200 928 bene
1214 900 1334 928 serviens
1353 900 1453 928 multis.
1469 900 1593 927 Formam
1610 901 1681 927 enim

70 945 115 980 γὰρ
126 945 140 976 ἡ
153 944 275 971 διακονία
287 945 337 979 τῆς
349 945 538 980 κατακρίσεως
551 945 614 977 δόξα
632 944 787 981 (δεδόξαστο
795 945 848 979 γὰρ

69 990 95 1016 τὸ
108 990 225 1021 Μωσέως
237 991 404 1026 πρόσωπον),
416 991 504 1026 πολλῷ
523 991 622 1026 μᾶλλον
634 990 756 1026 διαφέρει
769 991 786 1025 ὴ
796 990 850 1016 διαδ

69 1035 137 1062 κονία
152 1035 201 1070 τῆς
216 1035 392 1072 δικαιοσύνης
405 1037 434 1063 ὲν
449 1036 522 1073 δόξῃ.
536 1046 545 1062 ι
562 1037 671 1068 Δίκαιος
695 1037 785 1063 τοίνυν
802 1036 849 1063 καὶ

69 1083 174 1117 ἄμωμος
185 1083 199 1108 ὁ
209 1083 328 1118 Χριστὸς
344 1081 373 1110 εὖ
389 1083 521 1110 δουλεύων
545 1083 662 1114 πολλοῖς.
680 1082 780 1109 Ἔλαῦε
795 1082 850 1118 γὰρ

69 1127 153 1154 δούλου
167 1129 275 1163 μορφὴν
287 1127 353 1159 Θεὸς
369 1128 407 1155 ὢν
418 1130 432 1156 ὁ
446 1129 541 1163 Λόγος,
554 1129 603 1164 οὺχ
617 1128 660 1155 ἴνα
674 1128 722 1163 τὴν
744 1128 850 1154 οἰκείαν

70 1173 142 1205 αὐτὸς
157 1174 244 1210 ὀνήσῃ
255 1174 345 1208 φύσιν,
361 1175 419 1202 ἀλλ’
434 1176 500 1210 ἡμῖν
512 1175 560 1202 καὶ
579 1174 659 1201 τοῦτο
669 1173 848 1210 δωρούμενος,

71 1219 112 1245 καὶ
128 1218 221 1253 ὥσπερ
248 1219 309 1245 τινὰ
332 1219 469 1247 διακονίαν
484 1219 651 1255 ἀποπληρῶν
667 1219 707 1250 εἰς
720 1219 803 1253 ἡμᾶς,
817 1217 850 1244 δι’

70 1261 99 1295 ἧς
111 1265 154 1291 καὶ
165 1264 337 1300 σεσώσμεθα.
351 1264 508 1292 Δικαιοῠταί
519 1273 552 1299 γε
569 1265 624 1301 μὴν
635 1264 684 1300 τὴν
701 1265 748 1291 τοῦ
764 1265 850 1291 δοκεῖν

71 1306 133 1335 ιῐναι
143 1309 271 1345 πονηρὸς,
291 1310 350 1345 ἦτοι
359 1309 471 1341 δικαίως
483 1309 579 1335 παθεῖν
592 1309 638 1335 τὸν
651 1309 698 1335 ἐπὶ
709 1307 787 1341 ξύλου
802 1308 850 1335 θά-

71 1361 151 1386 νατον,
167 1353 286 1389 ὑποψίαν
301 1354 521 1389 ἀποκρουόμενος
532 1354 576 1381 διὰ
587 1353 634 1380 τοῦ
652 1353 700 1381 καὶ⁸
714 1353 790 1384 δίκας
804 1353 851 1380 ὲκ-

72 1400 137 1426 sicut
150 1399 199 1433 τῆς
212 1400 254 1431 είς
273 1400 355 1427 αὐτὸν
372 1400 531 1431 δυσσεϐείας
545 1399 609 1431 τοὺς
622 1399 652 1433 ἐξ
673 1399 789 1435 Ἰσραὴλ,
805 1399 852 1426 καὶ

73 1445 114 1471 τοῦ
123 1445 276 1480 βασιλεῦσαι
289 1447 345 1478 τοῖς
360 1447 405 1472 ὑπ’
416 1446 529 1482 οὐρανὸν
542 1445 671 1473 ἁπάντων
683 1444 758 1480 αὑτῷ
770 1452 853 1480 προσ‹

72 1491 272 1526 όεδραμηκότων
285 1491 381 1519 ἐθνῶν.
397 1492 458 1518 Ὀτι
471 1491 526 1527 γὰρ
541 1491 679 1523 διακονίας
693 1491 769 1526 ἰσχὺν
779 1491 793 1516 ὁ
803 1490 852 1525 τῆς

73 1537 294 1573 ἑνανθρωπήσεως
308 1537 364 1573 ἔχει
381 1538 469 1572 λόγος,
485 1537 645 1574 παρέδειξεν
655 1535 755 1563 εἰπών·
774 1545 783 1562 ι
797 1535 852 1562 Καὶ

73 1582 144 1614 αὐτὸς
157 1583 205 1614 τὰς
219 1583 358 1618 ἁμαρτίας
375 1583 464 1609 αὐτῶν
479 1583 584 1618 ἀνήσει.
608 1592 617 1608 ι
636 1583 694 1609 Ἵνα
711 1581 766 1617 γὰρ
782 1581 850 1607 ἀπο-

75 1627 151 1662 στήσῃ
164 1627 210 1654 τοῦ
231 1628 334 1663 κόσμου
357 1629 406 1662 τὴν
423 1627 569 1663 ἁμαρτίαν,
599 1627 679 1660 αὐτὸς
707 1627 749 1661 ἐφ’
763 1626 852 1661 ἑαυτῷ

73 1673 166 1708 ταύτην
179 1673 333 1706 ἀναλαϐὼν,
354 1673 402 1700 καὶ
419 1672 461 1705 εἷς
478 1673 549 1709 ὑπὲρ
563 1674 672 1700 πάντων
683 1672 827 1700 ἀποθανὼν
838 1673 853 1698 ό

75 1718 175 1746 πάντων
200 1719 337 1752 ἀντάξιος,
364 1719 408 1746 διὰ
421 1718 500 1746 τοῦτο
513 1719 670 1746 δεδούλευκε
687 1718 803 1749 πολλοῖς.
816 1717 853 1744 Τὸ

77 1764 175 1797 Πολλοῖς
192 1765 220 1791 δὲ
249 1765 348 1799 λέγων,
362 1764 398 1791 τὰ
411 1764 474 1799 ἔθνη
488 1763 571 1799 δηλοῖ.
593 1764 641 1790 Ἕν
660 1764 714 1798 γὰρ
730 1761 764 1798 ἦν
778 1763 854 1795 ἔθνος

81 1810 188 1846 Ἰσραήλ.
206 1810 315 1845 Ἐπειδὴ
330 1810 358 1836 δὲ
373 1809 423 1841 τὰς
437 1810 573 1846 ἁμαρτίας
589 1808 678 1836 αὐτῶν
702 1809 781 1841 αὐτὸς
805 1809 854 1836 ἀν-

76 1857 176 1891 ήνεγκε,
184 1857 260 1892 φησὶ,
266 1856 309 1883 διὰ
319 1855 397 1883 τοῦτο
408 1856 606 1891 κληρονομήσει
615 1854 737 1887 πολλοὺς,
747 1854 793 1881 καὶ
802 1854 855 1881 τῶν

77 1902 185 1938 ἰσχυρῶν
196 1903 286 1938 μεριεῖ
296 1901 393 1929 σκύλα.
406 1902 492 1928 Πάλιν
504 1901 596 1928 ἐνθάδε
606 1901 719 1932 πολλοὺς
730 1900 855 1935 συνήσεις

75 1947 131 1979 τοὺς
142 1947 170 1981 ἑξ
186 1948 280 1974 ὲθνῶψ
310 1947 523 1983 μυριοπλασίους
547 1947 602 1982 γάρ
617 1947 669 1973 εἰσι
682 1946 736 1973 τῶν
752 1945 782 1977 ἐξ
802 1945 855 1972 Ἰσ-

77 1991 148 2026 ραήλ·
169 1992 296 2028 ἰσχυροὺς
311 1993 338 2019 δέ
349 2001 392 2027 γε,
406 1992 423 2027 ἢ
437 1993 500 2024 τοὺς
523 1990 616 2025 ἁγίους
638 1989 804 2021 ἀποστόλους
815 2008 822 2021 ,
837 1988 854 2023 ἥ

79 2039 120 2064 καὶ
142 2038 261 2071 ἅπαντας
286 2039 379 2070 ἁπλῶς
393 2039 456 2070 τοὺς
471 2039 499 2065 ὲν
515 2037 627 2074 Χριστῷ
647 2037 786 2070 δυνατοὺς,
808 2036 856 2063 καὶ

75 2085 209 2121 εὐανδρίαν
222 2085 335 2121 ἔχοντας
350 2085 400 2121 τὴν
421 2084 619 2120 πνευματικὴν,
629 2081 670 2115 οἷς
685 2083 733 2110 ἅτε
750 2091 856 2117 νενικη-

75 2131 130 2157 κόσι
142 2131 186 2158 τὸν
197 2132 333 2163 Σατανᾶν,
341 2131 477 2158 διαδίδωσι
489 2129 584 2156 σκύλα.
595 2129 723 2164 Διανέμει
734 2128 788 2163 γὰρ
800 2129 857 2160 τοῖς

76 2177 156 2211 ἁγίοις
169 2177 286 2212 πλουσίᾳ
301 2177 374 2213 χειρὶ
389 2176 444 2203 τῶν
460 2174 654 2210 πνευματικῶν
680 2173 856 2210 χαρισμάτων

899 947 969 974 servi
993 946 1097 979 aeeepit
1121 944 1191 972 Deus
1216 944 1343 976 Verbum,
1359 952 1412 971 non
1429 949 1456 971 ut
1471 946 1607 980 propriam
1623 945 1685 979 ipse

899 997 1025 1019 naturam
1042 990 1192 1024 adiuvaret,
1209 990 1255 1018 sed
1267 990 1345 1017 nobis
1365 990 1415 1017 hoc
1430 990 1544 1023 donans,
1562 994 1588 1017 et
1603 991 1682 1017 veluti

900 1037 1016 1072 quodam
1037 1036 1064 1063 in
1081 1043 1129 1063 nos
1145 1036 1262 1070 fungens
1280 1035 1443 1067 ministerio,
1461 1042 1514 1070 quo
1530 1035 1609 1062 etiam
1624 1043 1683 1062 ser-

899 1082 955 1108 vati
977 1089 1080 1109 suntus.
1097 1080 1267 1108 Justilicatur
1283 1085 1386 1113 autem,
1401 1080 1463 1107 dum
1477 1087 1536 1107 eam
1551 1081 1683 1114 suspicio—

900 1134 960 1154 nem
981 1126 1117 1159 amolitur,
1137 1133 1188 1161 qua
1213 1125 1301 1153 malus
1317 1132 1386 1157 esse,
1403 1125 1512 1159 etjuste
1528 1131 1641 1152 mortem
1657 1126 1685 1152 in

899 1173 973 1208 ligno
991 1179 1087 1207 passus
1100 1171 1242 1198 videbatur
1257 1179 1265 1198 ε
1283 1175 1340 1197 ιιιιιι
1354 1171 1426 1204 quod
1446 1177 1540 1205 poenas
1556 1170 1686 1198 solverint

901 1226 957 1246 suae
966 1219 992 1246 in
1001 1218 1076 1246 illum
1086 1217 1238 1252 impietatis
1245 1217 1383 1249 Israelita,
1392 1222 1446 1244 tum
1462 1218 1523 1252 quia
1534 1217 1688 1244 dominetur

900 1264 958 1292 orbi
981 1269 1136 1297 terrarum,
1149 1268 1176 1290 et
1196 1263 1322 1291 omnibus
1340 1263 1372 1290 ad
1392 1271 1453 1290 eum
1476 1263 1685 1290 accurrentibus

901 1311 1036 1346 gentibus.
1045 1310 1122 1344 Quod
1135 1310 1207 1337 enim
1218 1315 1314 1345 potens
1325 1309 1503 1337 ministerium
1517 1310 1616 1336 haheat
1628 1310 1686 1336 ha-c

902 1356 1098 1384 incarnationis
1131 1355 1213 1388 ratio,
1239 1356 1357 1382 ostendit
1382 1363 1442 1382 cum
1470 1355 1527 1382 ait:
1548 1355 1602 1381 «Et
1629 1355 1686 1388 ipse

903 1407 1012 1436 peccata
1050 1409 1144 1428 eorum
1187 1401 1318 1428 remittet.
1343 1410 1353 1427 ι
1390 1399 1424 1427 Ut
1449 1401 1520 1427 enim
1546 1406 1685 1434 peccatum

902 1451 1037 1474 averteret
1063 1455 1078 1474 ιι
1103 1447 1214 1478 mundo,
1240 1447 1296 1481 ipse
1318 1447 1344 1473 in
1362 1453 1391 1474 se
1407 1446 1470 1473 illud
1486 1447 1640 1481 assumpsit,
1660 1451 1686 1472 et

905 1500 975 1520 unus
992 1500 1042 1528 pro
1062 1493 1187 1520 omnibus
1203 1497 1323 1519 mortuus
1337 1497 1390 1524 est,
1405 1492 1450 1526 qui
1468 1492 1585 1518 omnium
1603 1492 1687 1518 instar

903 1544 979 1566 erat:
994 1542 1135 1573 propterea
1161 1538 1274 1565 servivit
1287 1538 1388 1565 multis.
1407 1539 1473 1564 Cum
1488 1537 1563 1569 dit-lt,
1584 1537 1685 1567 Multis,

904 1589 996 1618 gentes
1020 1583 1164 1617 signiﬁcat.
1186 1582 1244 1610 Una
1261 1582 1335 1610 enim
1350 1589 1416 1617 gens
1431 1587 1490 1609 erat
1509 1582 1598 1609 Israel.
1620 1582 1687 1614 Quia

902 1636 978 1660 vero,
1002 1629 1098 1663 inquit,
1121 1629 1179 1663 ipse
1199 1633 1311 1662 peccata
1329 1631 1423 1655 eorum
1444 1627 1516 1660 tulit,
1546 1633 1687 1663 propterea

904 1674 1001 1702 multos
1027 1674 1185 1708 possidebit,
1209 1679 1237 1700 et
1266 1674 1373 1700 fortium
1397 1673 1498 1700 dividet
1521 1673 1616 1708 spolia.
1638 1672 1689 1700 llic

904 1718 1002 1746 multos
1013 1718 1147 1753 intelliges
1158 1726 1205 1746 eos
1220 1726 1252 1745 ex
1263 1719 1387 1753 gentibus
1399 1727 1405 1745 :
1420 1718 1530 1745 inlinitis
1543 1718 1614 1745 enim
1628 1726 1686 1753 par-

905 1765 977 1791 tibus
993 1764 1083 1799 plures
1095 1769 1176 1791 erant
1191 1771 1271 1798 quam
1294 1764 1421 1791 Israelita:
1437 1764 1550 1795 :l'ortes,
1566 1763 1607 1790 vel
1623 1771 1688 1790 san-

904 1814 962 1836 ctos
992 1809 1138 1844 apostolos,
1168 1809 1210 1839 vel
1235 1809 1316 1836 etiam
1347 1815 1442 1836 omnes
1472 1808 1634 1843 simpliciter
1662 1809 1689 1836 in

903 1855 1012 1882 Christo
1035 1860 1170 1890 potentes,
1194 1860 1222 1882 et
1241 1855 1369 1882 virilitate
1385 1855 1518 1888 spirituuli
1537 1855 1664 1888 prmditos
1680 1864 1687 1881 :

909 1901 1007 1936 quibus
1021 1901 1101 1928 veluti
1121 1901 1250 1928 Satanam
1268 1900 1439 1928 vincentibus
1462 1901 1601 1928 distribuit
1626 1908 1690 1935 spe-

904 1945 950 1974 lia.
967 1946 1134 1981 Dispartitur
1150 1946 1224 1974 enim
1242 1940 1343 1973 sanctis
1368 1946 1450 1972 divite
1467 1954 1546 1972 manu
1561 1946 1690 1981 spiritua-

905 1991 970 2019 lium
995 1991 1128 2019 donorum
1156 1991 1288 2019 subsidia.
1318 1991 1370 2018 Alii
1394 1991 1479 2023 enim,
1496 1991 1593 2026 inquit,
1610 1993 1690 2019 datus

904 2041 946 2064 est
958 2044 1005 2071 per
1016 2035 1144 2071 Spiritum
1157 2044 1246 2064 sermo
1262 2036 1410 2071 sapientiae,
1426 2036 1470 2063 alii
1495 2043 1586 2064 sermo
1599 2038 1690 2072 cogni.

906 2082 998 2116 tionis,
1016 2086 1043 2109 et
1058 2083 1217 2117 prophetiae,
1239 2087 1267 2109 et
1289 2081 1469 2109 discretioncs
1492 2082 1645 2116 spirituum,
1663 2088 1691 2110 et

906 2128 975 2156 dona
989 2128 1161 2156 sauationum
1175 2128 1247 2155 "-"I.
1271 2127 1410 2167 Sermonis
1426 2133 1514 2156 autem
1544 2129 1691 2163 potentiam

907 2174 1012 2202 sanctis
1041 2174 1171 2209 apostolis
1203 2174 1366 2208 tribuimus,
1406 2174 1524 2209 illudque
1556 2174 1690 2203 dicimus:

76 2221 120 2253 τὰς
128 2222 266 2258 χορηγίας.
279 2219 313 2258 ᾯ
328 2222 377 2257 μὲν
388 2221 444 2257 γὰρ
457 2221 567 2252 δίδοται,
577 2221 655 2256 φησὶ,
665 2219 710 2246 διὰ
717 2219 763 2246 τοῦ
776 2218 852 2246 πνεύ‹

912 2219 995 2246 luisse
1016 2218 1089 2246 velut
1108 2219 1307 2253 possessionem
1341 2219 1448 2246 Satanae
1468 2227 1563 2247 omnes
1586 2224 1690 2254 gentes.

79 2275 154 2301 ματος
165 2268 243 2302 λόγος
258 2268 364 2302 σοφίας,
378 2268 450 2303 ἄλλῳ
460 2267 488 2294 δὲ
500 2267 578 2302 λόγος
589 2266 726 2302 γνώσεως,
749 2274 855 2301 προφη-

76 2312 139 2338 τεῖαί
166 2321 195 2339 τε
212 2313 260 2340 καὶ
273 2313 422 2348 διακρίσεις
434 2312 607 2348 πνευμάτων,
625 2311 672 2338 καὶ¹
689 2311 723 2337 τὰ
748 2310 801 2337 τῶν
817 2311 857 2337 ια-

79 2357 162 2391 tuier
178 2358 346 2393 χαρίσματα.
365 2358 584 2393 Περιστήσαντες
607 2357 636 2384 δὲ
657 2356 703 2383 τοῦ
718 2356 797 2391 λόγου
807 2356 856 2391 τὴν

77 2401 182 2438 δύναμιν
195 2404 236 2435 εἰς
249 2404 310 2435 τοὺς
327 2403 420 2438 ἁγίους
436 2403 603 2434 ἀποστόλους
613 2423 621 2436 ,
643 2403 732 2429 ἱκείνό
745 2410 836 2437 φαμεν
847 2409 854 2416 ·

77 2445 139 2481 ἦσαν
155 2448 202 2483 μὲν
218 2449 272 2484 γὰρ
284 2449 381 2483 κτῆσις
397 2448 492 2484 ὥσπερ
516 2448 562 2475 τοῦ
581 2449 688 2475 Σατανᾶ
711 2448 800 2475 πάντα
824 2447 859 2474 τὰ

78 2492 145 2528 ἓῦνη,
160 2494 216 2521 ἀλλ’
228 2495 356 2530 ἐμέρισεν
374 2494 444 2522 αὐτὰ
458 2496 515 2527 τοῖς
529 2494 617 2529 ἁγίοις
641 2494 831 2530 μυσταγωγοῖς
844 2493 859 2519 ό

78 2539 275 2576 κληρονομήσας
288 2541 412 2573 πολλοὺς.
426 2542 456 2567 υἱ
468 2540 518 2576 μὲν
528 2541 593 2576 γὰρ,
604 2540 648 2567 διὰ
658 2539 705 2566 τοῦ
714 2539 860 2566 θεσπεσίου

79 2585 173 2620 Πέτρου
187 2586 333 2622 κέκληνται
347 2587 416 2622 πρὸς
432 2586 580 2622 Επίγνωσιν
592 2585 638 2613 τοῦ
654 2586 763 2613 πάντων
777 2586 794 2620 ὴ
799 2584 857 2620 μῶν

79 2631 194 2667 Σωτῆρος
211 2633 342 2668 Χριστοῦ⁸
358 2633 422 2660 οἱδὲ
436 2633 482 2660 διὰ
495 2634 544 2668 τῆς
558 2633 604 2659 τοῦ
623 2632 767 2658 θεσπεσίου
790 2631 862 2657 Παύ-

79 2675 119 2703 λου
133 2680 334 2713 μυσταγωγίας,
345 2679 429 2715 ἤγουν
441 2679 535 2715 ἑτέρου
546 2679 619 2710 τινὸς
630 2678 685 2705 τῶν
693 2677 779 2712 ἁγίων
793 2677 861 2704 ἁπο-

80 2722 182 2757 στόλων,
192 2724 231 2756 εἰς
242 2724 272 2751 τὸ
279 2725 328 2760 τῆς
338 2724 466 2760 ἀληθείας
477 2723 698 2760 ἑσαγηνεὺθησαν
707 2723 774 2757 φῶς.
783 2721 863 2757 Ἐμὲ-

112 2840 133 2856 ⁶³
147 2841 223 2870 Rom.
254 2851 314 2877 vut,
327 2843 416 2871 29-30.
474 2845 496 2860 "
514 2843 607 2871 Matth.
623 2851 668 2877 xx,
683 2843 727 2870 28.

782 2842 805 2857 ⁸⁸
827 2842 847 2868 ll
863 2842 924 2870 Cor.
944 2849 986 2873 ut,
1006 2841 1034 2868 9.

909 2262 963 2291 Sed
984 2262 1076 2290 divisit
1100 2269 1147 2290 eos
1170 2263 1273 2290 sanctis
1300 2264 1466 2298 mystagogis
1494 2264 1516 2290 is
1535 2264 1580 2298 qui
1594 2265 1692 2292 multos

909 2309 1039 2344 possedit.
1058 2307 1110 2335 Alii
1122 2308 1194 2335 enim
1210 2315 1225 2335 a
1243 2307 1335 2336 divino
1355 2308 1437 2336 Petro
1462 2309 1550 2336 vocati
1576 2314 1639 2336 sunt
1659 2310 1694 2336 ad

908 2355 1074 2390 agnitionem
1096 2358 1217 2381 nostrum
1246 2354 1366 2381 omnium
1386 2354 1539 2382 Servatoris
1560 2355 1661 2382 Clu-isti
1685 2365 1691 2382 :

910 2401 955 2429 alii
972 2409 1020 2436 per
1034 2400 1230 2435 mystagogiatn
1244 2399 1331 2432 Pauli,
1352 2401 1394 2428 vel
1417 2401 1529 2429 alterius
1543 2403 1693 2436 cuiuspiam

910 2451 1064 2474 sanctorum
1084 2446 1281 2481 apOstolorum,
1295 2445 1328 2473 ad
1344 2446 1467 2474 veritatis
1483 2447 1570 2475 lucem
1585 2449 1694 2475 addm-ti

910 2497 984 2521 sunt.
1007 2492 1102 2520 Divisit
1123 2499 1188 2527 ergo
1212 2491 1267 2519 illis
1285 2491 1416 2519 Servator
1433 2493 1510 2527 quasi
1523 2493 1608 2528 spol'ra
1623 2502 1694 2528 quau

911 2539 984 2571 dam,
998 2538 1024 2565 id
1037 2543 1089 2571 est,
1106 2537 1165 2565 belli
1178 2538 1292 2573 pradas,
1305 2544 1397 2565 eorum
1413 2538 1458 2572 qui
1472 2538 1611 2572 quondam
1624 2547 1696 2566 erra-

906 2588 970 2611 runt
983 2583 1187 2612 conversionem
1199 2588 1226 2611 et
1240 2583 1418 2611 vocationem.
1433 2583 1591 2618 Oportuisse
1602 2591 1695 2613 autem

910 2639 986 2664 eum,
999 2632 1045 2667 qui
1058 2639 1108 2667 pro
1121 2632 1246 2660 omnibus
1269 2635 1392 2659 mortuus
1415 2635 1468 2663 est,
1490 2632 1611 2659 omnium
1628 2640 1694 2660 cou-

911 2678 978 2713 spici
996 2678 1153 2712 Dominum,
1167 2678 1324 2714 persuadet,
1350 2678 1474 2713 inquiens
1489 2687 1496 2705 :
1511 2678 1562 2704 Pro
1578 2686 1610 2705 eo
1624 2680 1694 2712 quod

914 2724 1013 2751 tradita
1037 2728 1079 2751 est
1104 2724 1131 2751 in
1156 2728 1272 2752 mortem
1289 2724 1379 2751 anima
1393 2723 1463 2758 ejus,
1479 2728 1506 2752 et
1524 2722 1603 2758 755
1625 2724 1696 2751 inter

1097 2840 1154 2857 “"7
1180 2841 1187 2867 Ι
1206 2841 1268 2868 Cor.
1285 2848 1334 2874 xu,
1350 2840 1397 2868 l0.
