1883 3054
83 151 153 181 ΗΞΠ

631 146 664 173 ις
685 146 802 174 ΙΒΗΔΜ
824 146 888 173 Lib.
911 145 943 173 γ.
965 143 1085 173 τοιιυδ
1106 143 1137 171 ll.

1644 143 1716 173 H98

82 209 180 242 ἓνομα
207 206 296 239 αὐτῷ,
320 204 368 232 καὶ
392 206 408 232 o'
426 204 599 239 ρυσάμενός
616 212 663 237 σε,
689 204 781 236 αὐτὸς
808 203 877 236 Θεὲς

959 206 966 228 ι
991 207 1025 234 te,
1042 201 1168 229 Dominus
1205 201 1319 229 Sabaatlt
1353 208 1443 228 nomen
1465 201 1499 233 ei,
1524 205 1547 226 et
1573 202 1618 236 qui
1646 204 1716 230 erui:

89 253 217 288 Ἰσραὴλ
237 251 321 285 πάσῃ
338 250 373 285 τῇ
388 249 427 285 τῇ
442 250 635 284 κληθήσεται.

118 339 326 375 Δεδικαιώμεθα
350 339 399 375 μὲν
417 339 445 366 ἐν
458 338 578 375 Χριστῷ,
595 339 642 366 καὶ
664 339 713 366 οὐκ
736 339 766 372 ἐξ
789 339 878 374 ἔργων

83 386 138 413 τῶν
155 387 187 412 ὲν
207 380 374 421 δικαιοσύνῃ,
395 385 412 412 ἃ
429 385 597 420 ἐποιήσαμεν
612 386 703 420 ἡμεῖς,
720 384 788 411 ἀλλὰ
809 383 880 411 κατὰ

83 432 114 459 τὸ
137 432 207 459 πολὺ
234 431 317 459 αὐτοῦ
343 431 425 463 ἔλεος.
442 431 543 466 Γράφει
562 431 591 457 δὲ
613 430 698 463 οὕτως
714 432 728 457 6
742 431 879 465 πάνσοφος

84 478 205 509 Παῦλος.
231 477 443 513 ’Λπηλλάγμεθα
460 477 514 512 γὰρ
545 477 593 504 καὶ¹
611 477 732 508 σκότους,
749 477 796 504 καὶ
810 477 878 504 πλά-

85 533 144 559 νης.
162 524 212 550 mi.
230 523 400 558 ἀνοσιότητος
419 523 670 558 πατροπαραδότου,
686 522 753 549 καθδ
768 523 801 558 τῇ
821 522 880 549 κτί-

87 579 127 596 σει
154 569 232 605 παρὰ
255 569 299 595 τὸν
312 569 432 604 κτίστην
454 568 694 604 λελατρεύκαμεν,
714 567 761 594 xui.
781 568 880 603 τρόπος

87 616 256 650 φαυλότητος
273 612 306 650 ἦν
319 615 406 647 ουδεὶς
419 616 480 646 ταῖς
496 615 549 641 τῶν
562 614 646 641 ἐθνῶν
660 614 772 648 ἀγέλαις
785 615 880 641 ἀνεπι-

86 662 227 696 τήδευτος·
239 662 277 693 ὡς
286 662 340 697 γάρ
350 670 430 697 φησιν
445 662 459 688 6
471 660 763 696 Ψαλμῳδδς,ιΠάντες
775 660 879 692 ὲξέκλι-
905 664 909 668 ’

86 717 144 739 νανὶ
164 707 225 742 ἅμα
241 708 439 744 ὴχρειώθησαν,
456 708 505 735 οὐκ
519 705 552 743 ἧν
568 708 582 734 6
596 707 680 735 ποιῶν
698 707 879 742 χρηστότητα,

86 754 136 780 οὐκ
152 751 188 789 ἦν
202 753 254 785 ἓως
269 753 337 785 ἑνός.
353 762 362 778 ι
374 753 538 788 Ὀνειδισμὸς
550 750 596 780 οὖν
612 752 665 788 ἄρα
679 754 734 783 τοῖς
747 752 836 779 ἔθνεσι
850 751 881 778 ct

88 799 184 834 χρῆμα
201 799 322 833 γέγονεν⁷
338 799 403 825 αὐτὸ
415 799 446 834 δὴ
461 799 535 825 τουτὶ
549 798 579 825 τὸ
595 798 783 834 πεπλανῆσθαι
798 807 880 833 φημι,

89 846 133 872 καὶ
159 845 195 872 τὰ
214 846 245 872 ὲκ
268 845 314 872 τοῦ
338 845 526 880 πεπλανῆσθαι
540 845 723 881 συμϐαίνοντα
737 845 833 881 βλάϐη.
848 844 881 871 Τί

930 254 964 281 te,
987 248 1042 283 ipse
1062 248 1133 275 Deus
1156 247 1259 281 In'acl,
1283 247 1351 274 Dens
1369 247 1452 273 omni:
1470 251 1547 273 term
1569 249 1714 275 vocabitur.

965 339 1108 368 Jusdlicati
1127 339 1198 367 enim
1220 346 1313 366 sumus
1337 338 1362 366 in
1383 338 1542 370 Christo,et
1565 337 1647 373 759
1664 345 1715 365 non

929 393 961 414 ex
982 386 1110 422 operibus
1125 385 1238 420 iustitia;
1249 393 1308 420 quae
1324 385 1436 413 fecimus
1458 392 1516 418 nos,
1540 384 1587 412 sed
1608 392 1640 411 ex
1660 392 1718 411 ma-

930 440 982 467 gna
1004 432 1063 467 ejus
1083 431 1289 464 misericordia;
1309 438 1372 458 nam
1395 430 1434 457 sic
1454 430 1549 457 scribit
1575 429 1718 465 sapientis-

931 479 1015 505 simus
1032 477 1130 505 Paulus
1141 478 1176 505 ".
1200 476 1320 504 Liberali
1343 476 1415 504 enim
1437 484 1531 503 sumus
1553 483 1567 503 a
1589 477 1716 509 tenebris,

930 529 958 552 et
974 531 1077 556 errore,
1101 529 1128 552 et
1147 524 1284 559 impietate
1311 531 1325 550 a
1347 523 1471 558 patribus
1493 523 1607 555 tradita,
1622 527 1717 558 quate-

932 577 982 597 ntts
1005 573 1158 597 creaturam
1175 577 1229 604 prie
1248 568 1379 596 Creatore
1398 568 1541 601 coluimus,
1554 573 1581 596 et
1596 569 1717 603 gentium

931 623 996 650 grex
1017 616 1043 644 in
1066 615 1139 642 nullo
1157 622 1209 642 non
1238 615 1363 642 vitiorum
1397 622 1495 650 genere
1527 619 1586 642 erat
1612 615 1720 642 voluta-

933 666 996 695 tus;
1024 666 1052 688 ut
1075 665 1104 688 et
1134 660 1292 688 Psalmodus
1315 661 1375 688 ait:
1410 669 1420 686 ι
1439 661 1538 689 Omnes
1565 660 1719 688 declinave-

931 711 1005 739 runt,
1026 706 1106 734 simul
1128 705 1236 733 inutiles
1255 705 1317 732 l‘aeti
1333 711 1405 737 sunt,
1437 710 1558 733 nouerat
1577 706 1623 741 qui
1649 706 1719 733 bene

932 753 1046 786 faceret,
1067 760 1100 780 ne
1122 759 1191 779 unus
1213 752 1362 787 quidem".
1385 761 1394 779 ›
1410 750 1486 785 Quod
1509 752 1618 787 quidem
1632 751 1718 786 ipsum

932 799 1030 834 probro
1050 799 1142 826 datum
1156 802 1197 826 est
1209 798 1348 834 gentibus;
1360 804 1447 831 error,
1465 797 1585 832 inquam,
1597 801 1623 824 et
1635 805 1668 824 ex
1677 806 1720 824 er-

933 852 994 872 rore
1013 844 1182 871 incommoda
1203 849 1357 872 consecuta.
1377 843 1447 877 Quid
1473 843 1544 870 enim
1575 847 1616 869 est
1649 843 1720 876 quod

89 890 141 926 γὰρ
156 889 246 922 οὕτως
268 890 410 926 ἀσχήμονα
423 879 469 916 καὶ
484 879 698 926 ἀκαλλεατάτην,
714 879 760 917 καὶ
773 879 877 926 μυρίοις

959 890 1048 917 lminis
1071 890 1188 917 animam
1212 891 1247 917 ita
1281 889 1474 925 turpiﬁcatam,
1493 893 1519 916 et
1536 888 1720 929 invenustam,

90 936 252 971 αἰτιάμασιν
273 936 364 971 ἔνοχον
383 936 547 972 ἁποφήνειεν
561 936 594 963 ἂν
607 936 656 972 τὴν
671 935 718 962 τοῦ
736 935 880 972 ἀνθρώπου

89 980 187 1016 ψυχὴν,
211 981 248 1013 ὡς
266 981 298 1007 τὸ
318 982 469 1016 ἀποστῆναι
491 981 558 1007 Θεοῦ
585 981 703 1014 ζῶντος,
724 980 832 1007 ἑλέσθαι
854 980 882 1006 δὲ

91 1028 256 1062 προσκυνεῐν
279 1027 342 1062 παρ’
358 1026 440 1054 αὑτὸν
462 1028 519 1058 τοῖς
544 1026 709 1062 ἀκαθάρτοις
734 1026 881 1061 πνεύμασι,

90 1071 136 1098 καὶ
157 1073 218 1103 τοῖς
239 1072 288 1108 τῆς
311 1072 449 1108 ἁμαρτίας
473 1069 517 1099 οἷά
536 1081 588 1099 τινι
608 1072 686 1108 πηλῷ
700 1072 747 1099 καὶ
763 1072 884 1108 βορϐόρῳ

91 1115 250 1149 ἔγκαθιέναι
263 1116 411 1151 τέλμασιν;
435 1116 516 1143 Ἀλλὰ
528 1117 554 1142 τι
568 1125 650 1151 φησιν
664 1118 678 1143 ὀ
692 1116 882 1152 φιλάνθρωπος

96 1164 145 1194 τοῖς
164 1162 345 1198 κεκλημένοις
368 1163 408 1194 εἰς
430 1162 527 1196 ἄφεσιν
545 1162 682 1198 ἁμαρτίας
694 1163 740 1190 διὰ.
756 1163 882 1196 πίστεως,

93 1208 166 1243 δῆλον
181 1208 212 1235 δὲ
226 1209 267 1235 ὅτι
282 1208 330 1243 τῆς
340 1209 379 1239 εἰς
392 1208 490 1242 αὑτόν;
504 1208 548 1244 Μὴ
569 1208 663 1243 φοϐοῦ,
677 1208 717 1235 ὅτι
732 1209 885 1244 κατῃσχύν-

92 1254 150 1288 θης.
161 1254 272 1290 Ἐπειδὴ
294 1254 349 1289 γὰρ
368 1254 445 1286 ὅλως,
468 1254 560 1286 καθὼς
587 1254 768 1290 κατοικτείρει
795 1255 887 1292 πατὴρ

95 1300 178 1332 υἱοὺς,
202 1300 352 1336 ᾠκτείρηςε
375 1300 476 1336 Κύριος
497 1301 560 1332 τοὺς
584 1300 767 1336 φοϐουμένους
794 1301 884 1334 αὐτὸν,

96 1346 141 1372 καὶ
161 1345 277 1372 καθόσον
296 1345 444 1381 ἀπέχουσιν
469 1345 597 1372 ἀνατολαὶ
622 1346 676 1373 ἀπδ
695 1347 805 1383 δυσμῶν
819 1348 885 1383 ἐμά-

97 1400 194 1428 κρυνεν
210 1392 257 1426 dup‘
272 1392 349 1427 ἡμῶν
387 1393 436 1423 τὰς
454 1392 568 1428 ἀνομίας
582 1393 660 1428 ἡμῶν
671 1402 677 1408 ·
695 1394 754 1425 πῶς
769 1394 819 1421 οὐκ
835 1394 888 1421 ἔδει

97 1439 151 1469 τοῖς
165 1438 250 1465 πάλαι
265 1438 495 1472 διεπταισμένοις,
516 1439 563 1465 καὶ
579 1439 624 1465 τὸν
645 1439 689 1466 ἐπ’
705 1440 796 1471 αὐτοῖς
814 1441 888 1476 ἡμᾶς

97 1483 301 1510 συναποπτύσαι
319 1483 410 1517 φόϐον,
430 1484 590 1520 μνησικάκῳ
611 1485 701 1521 χάριτι
723 1485 889 1517 δικαιοῦντος

97 1528 174 1561 Θεοῦ,
189 1529 238 1556 καὶ
257 1530 306 1555 οὐκ
320 1528 489 1562 ἐξαιτοῦντος
508 1531 585 1563 δίκας
603 1532 648 1558 τὸν
663 1531 817 1567 ἀλιτήριον;
835 1532 889 1560 Καὶ

99 1574 162 1610 γοῦν
177 1576 228 1611 ἔφη
245 1576 361 1610 Χριστὸς
377 1578 426 1611 τῆς
441 1577 587 1612 ἐπιδημίας
601 1577 645 1603 τὸν
656 1578 752 1613 καιρὸν
762 1579 802 1609 εὶς
820 1580 887 1614 ἡμε-

101 1621 198 1656 ρότητα
219 1621 407 1652 καταδεικνύςο
425 1630 433 1646 ι
451 1622 488 1647 Οὐ
503 1621 557 1657 γὰρ
567 1621 726 1648 ἀπέστειλεν
739 1623 753 1649 6
766 1622 831 1654 Θεὸς
841 1622 887 1650 τὸν

101 1664 161 1691 Ϊῑδν
177 1665 260 1691 αὐτοῦ
284 1666 323 1696 εις
349 1666 394 1692 τὸν
425 1666 526 1701 κόσμον
545 1667 588 1694 ἵνα
603 1667 683 1702 κρίνῃ
706 1668 751 1694 τὸν
774 1667 876 1703 κόσμον

101 1710 156 1737 ἀλλ’
172 1711 215 1738 ἵνα
233 1711 305 1746 σωοῇ
322 1712 336 1737 6
351 1711 450 1746 κόσμος
463 1712 496 1738 δι’
509 1712 602 1739 αὐτοῦ.
617 1722 625 1738 ι
644 1713 748 1739 Οὐκοῦν
760 1713 797 1745 ὡς
811 1713 888 1748 δίκης

101 1756 313 1791 ἀπηλλαγμένοι,
330 1757 376 1783 καὶ
393 1758 441 1793 τὴν
457 1759 485 1784 ἐν
498 1759 553 1789 τοῖς
567 1758 844 1794 πεπλημμελημένοις
857 1763 889 1789 οὐ

103 1803 305 1838 προσδοκῶντες
317 1803 436 1835 κόλασιν,
450 1805 496 1831 καὶ
506 1804 640 1840 δειμάτων
652 1805 796 1840 ἐλευθέραν
808 1806 889 1841 ἐσχή-

103 1857 187 1883 καμεν
206 1849 256 1885 τὴν
278 1849 408 1883 διάνοιαν,
425 1850 485 1877 οὐδὲ
510 1850 564 1877 τῶν
589 1850 777 1886 προλαϐόντων
795 1852 890 1878 ὀνειδι-

105 1896 178 1930 σμῶν
198 1895 372 1932 μεμνήμεθα.
389 1897 462 1932 Νικᾷ
482 1896 536 1932 γὰρ
554 1897 570 1932 ὴ
587 1897 666 1932 χάρις
688 1897 829 1925 δικαιοῦντα
845 1899 890 1925 τὸν

104 1941 197 1976 ἀσεϐῆ,
217 1941 261 1967 καὶ
277 1940 372 1976 μώμου
389 1941 489 1973 παντὸς
507 1941 714 1969 ἀπαλλάττουσα
727 1943 791 1975 τοὺς
811 1943 890 1978 ἠλεη-

107 1987 210 2021 μένους.
220 1988 264 2019 Ὠς
286 1988 340 2023 γὰρ
361 1989 375 2014 ὁ
397 1988 534 2023 πάνσοφος
555 1988 661 2021 Παῡλός
679 1997 755 2024 φησι,
774 1999 783 2015 ι
798 1990 863 2021 Θεὸς
877 1991 892 2016 ό

106 2031 226 2064 δικαιῶν,
239 2031 282 2063 τίς
305 2032 319 2058 ὁ
342 2032 533 2068 κατακρίνων;
551 2042 560 2056 ι
577 2032 841 2068 Ἀμνησικακοῦντος
863 2032 892 2059 δὲ

106 2076 151 2103 τοῦ
163 2078 270 2104 πάντων
279 2078 425 2110 Δεσπότου,
435 2078 476 2110 τίς
486 2079 552 2114 ἡμῖν
562 2078 685 2105 ὀνειδίσει
696 2078 750 2105 τῶν
762 2078 893 2114 ὲνργνοίᾳ

108 2123 284 2158 πταισμάτων
297 2123 344 2151 τὸν
359 2123 459 2159 ρύπον;
485 2122 615 2160 Ἐπιλῆσῃ
630 2125 728 2158 τοίνυν,
743 2125 835 2160 φησιν,
850 2125 891 2152 αι-

108 2169 208 2203 ,σχύνην
218 2168 326 2196 αἰώνιον
338 2169 408 2205 (ἀντὶ
416 2169 473 2199 τοῦ,
490 2170 619 2204 μακρὰν),
635 2171 681 2197 καὶ
693 2171 723 2198 τὸ
737 2171 836 2203 ὄνειδος
845 2171 894 2207 τῆς

110 2214 220 2250 mpetu;
244 2223 290 2242 σου
302 2215 331 2242 οὐ
344 2216 381 2252 μὴ
396 2215 672 2252 μνησθήσῃ.¹ονειδος
683 2217 711 2243 δὲ
727 2217 848 2252 χηρείας,
863 2217 896 2244 τὸ

931 944 962 964 ac
979 937 1092 964 infinitis
1112 937 1185 965 vitiis
1215 937 1378 972 implicatam
1399 937 1498 969 reddit,
1520 941 1550 963 ut
1567 944 1580 964 a
1605 937 1660 964 Deo
1679 938 1718 962 vi-

932 986 1012 1009 vente
1034 981 1162 1016 deficere,
1183 987 1209 1010 et
1240 990 1319 1017 supra
1352 982 1425 1010 illum
1449 982 1562 1016 impuris
1578 981 1719 1017 spiritibus

932 1035 962 1055 se
979 1033 1166 1062 prosternere,
1186 1028 1249 1055 etin
1262 1028 1363 1063 peccati
1374 1028 1445 1054 velut
1462 1027 1547 1054 lutum
1569 1027 1718 1061 quoddam,

932 1082 964 1102 ac
992 1082 1099 1102 omnum
1131 1079 1159 1102 et
1178 1079 1286 1109 puteum
1310 1073 1454 1108 dejicere?
1475 1073 1529 1100 Sed
1560 1073 1623 1107 quid
1653 1073 1719 1099 dicit

934 1120 1073 1147 hominum
1095 1127 1189 1147 amans
1212 1119 1254 1147 bis
1273 1119 1318 1154 qui
1339 1119 1373 1146 ad
1398 1118 1582 1146 remissionem
1605 1117 1719 1153 peccati.

933 1173 983 1201 per
1002 1165 1082 1193 [idem
1102 1166 1128 1192 iu
1147 1166 1233 1200 ipsum
1252 1165 1365 1197 scilicet,
1387 1164 1473 1192 vocati
1499 1164 1583 1191 sunt?
1602 1163 1661 1190 Noli
1690 1164 1723 1190 ti-

937 1219 1022 1244 mere,
1037 1210 1100 1246 quia
1120 1211 1232 1238 confusa
1246 1218 1285 1238 es.
1300 1210 1366 1237 Nam
1385 1217 1447 1237 cum
1465 1209 1576 1237 omnino
1593 1209 1664 1236 velut
1676 1217 1722 1244 pa-

938 1261 980 1285 ter
1006 1258 1151 1285 miseretur
1180 1257 1308 1289 liliornm,
1325 1256 1364 1284 sic
1393 1257 1520 1283 misertus
1532 1255 1567 1283 sit
1593 1256 1724 1283 Dominus

937 1304 1088 1331 timentium
1114 1311 1154 1336 se,
1171 1307 1197 1330 et
1219 1307 1346 1338 quantum
1371 1303 1451 1330 distat
1473 1307 1549 1330 ortus
1570 1302 1603 1329 ab
1623 1309 1722 1330 occasu

938 1349 1015 1384 longe
1032 1353 1169 1376 removeat
1188 1357 1202 1376 a
1224 1349 1299 1376 nobis
1319 1353 1428 1382 peccata
1445 1344 1649 1382 nostra,qnidni
1679 1347 1725 1375 tle-

938 1399 998 1422 ceat
1019 1402 1067 1422 nos
1085 1394 1129 1429 qui
1152 1394 1284 1428 quondam
1307 1393 1374 1428 lapsi
1392 1401 1486 1421 sumus
1509 1400 1616 1420 omnem
1644 1393 1724 1419 timo-

939 1448 996 1468 rem
1023 1447 1166 1475 exspuere,
1190 1440 1244 1467 Deo
1263 1440 1348 1474 gratia
1370 1439 1514 1468 oblivionis
1547 1439 1724 1474 justitleante,

941 1491 968 1512 et
979 1493 995 1512 ιι
1015 1485 1146 1512 scelerato
1166 1492 1260 1519 pmnas
1272 1492 1324 1512 nan
1337 1484 1485 1519 exigente?
1496 1484 1635 1518 Siquidem
1648 1483 1726 1510 Chri-

942 1537 1000 1560 stus
1030 1532 1097 1559 dixit
1125 1532 1257 1559 adventus
1280 1535 1385 1566 tempus
1405 1530 1438 1558 ad
1465 1530 1635 1557 clementiam
1664 1536 1725 1564 ενοι

940 1583 1031 1605 ctare:
1044 1587 1054 1604 ι
1064 1577 1121 1605 Non
1132 1577 1214 1610 enim,
1226 1586 1236 1603 ι
1248 1577 1343 1612 inquit,
1353 1585 1364 1602 ι
1380 1577 1452 1604 misit
1461 1577 1531 1603 Deus
1541 1576 1638 1603 Filium
1649 1583 1726 1602 suum

941 1624 967 1652 in
1001 1623 1129 1650 mundtun
1150 1628 1178 1650 ut
1193 1621 1295 1656 iudicet
1312 1622 1453 1655 mundum,
1472 1623 1519 1649 sed
1536 1626 1565 1648 ut
1579 1629 1627 1657 per
1641 1622 1726 1655 ipsum

941 1669 1059 1697 mundus
1080 1669 1247 1697 servetur“.
1259 1677 1268 1695 ι
1285 1668 1375 1701 Quare
1389 1669 1462 1695 \‘clul.
1487 1675 1567 1702 poena
1595 1668 1728 1694 inmunes

942 1715 1023 1747 lacti,
1041 1719 1068 1743 et
1086 1714 1246 1742 delictorum
1272 1714 1433 1748 supplicium
1458 1721 1509 1740 non
1527 1717 1727 1748 exspectantes,

942 1763 1025 1790 etiam
1051 1762 1138 1790 libero
1156 1769 1188 1789 ac
1207 1762 1356 1789 terroribus
1381 1768 1466 1788 vacuo
1493 1762 1584 1788 animo
1613 1760 1728 1791 luimus,

945 1817 995 1837 occ
1012 1809 1218 1844 prtecedeutium
1237 1807 1443 1842 opprobriorum
1459 1807 1640 1833 meminimus.
1661 1806 1728 1834 Vitt-

944 1857 981 1883 cit
1010 1855 1142 1890 siquidem
1180 1854 1279 1889 gratia,
1304 1861 1363 1887 qua:
1402 1853 1532 1888 justiﬁeat
1564 1852 1688 1886 impium,
1703 1858 1729 1878 et

944 1902 1018 1929 omni
1044 1901 1104 1928 labe
1126 1908 1174 1928 cos
1197 1900 1241 1935 qui
1269 1898 1482 1926 misericordiam
1508 1898 1646 1925 consecuti
1667 1902 1732 1924 sunt

945 1946 1050 1974 liberat.
1068 1946 1102 1973 Ut
1114 1946 1185 1972 enim
1206 1945 1422 1980 sapientissimus
1436 1943 1534 1970 Paulus
1548 1943 1586 1970 ait
1600 1951 1607 1969 :
1624 1952 1633 1969 ι
1661 1944 1732 1970 Deus

945 1997 986 2020 est
1002 1992 1047 2026 qui
1063 1991 1204 2026 justiticat,
1218 1991 1279 2026 quis
1293 1996 1335 2018 est
1351 1990 1396 2025 qui
1411 1990 1574 2017 condemnet
1587 1989 1610 2005 ⁸⁸
1621 1989 1651 2016 Υ»
1665 1989 1730 2016 Cum

946 2042 1035 2065 autem
1056 2037 1185 2065 Dominus
1210 2037 1331 2064 omnium
1353 2035 1542 2067 obliviscatur,
1560 2036 1619 2070 quis
1653 2030 1730 2062 nobis

947 2084 1040 2112 sordes
1058 2088 1211 2110 erratorum
1233 2082 1259 2110 in
1277 2082 1429 2118 ignorantia
1453 2081 1633 2109 admissorum
1663 2081 1732 2114 obji-

947 2129 1001 2157 ciet
1013 2127 1025 2156 ?
1037 2127 1213 2156 Oblivisceris
1230 2128 1333 2162 itaque,
1361 2127 1460 2162 inquit,
1475 2126 1630 2162 ignominia!
1658 2134 1731 2154 sem-

947 2175 1070 2211 piternze,
1086 2182 1145 2209 pro,
1159 2175 1311 2206 diuturnae;
1328 2178 1355 2201 et
1370 2173 1505 2208 opprobrii
1522 2173 1662 2200 viduitatis
1682 2178 1735 2199 tum.

949 2228 1002 2249 non
1021 2220 1218 2248 recordaberis.
1235 2219 1368 2246 Probrum
1385 2223 1477 2246 autem
1502 2219 1639 2245 viduitatis
1664 2224 1734 2247 erat.

113 2263 209 2297 μηδένα
234 2263 334 2299 τρόπον
353 2263 563 2299 καρποφορῆσαι
584 2263 644 2298 Θεῷ
668 2264 731 2295 τοὺς
756 2264 785 2297 ἐξ
811 2263 877 2290 eave

959 2267 1018 2302 μιοᾱ
1056 2271 1149 2301 gentes
1175 2265 1275 2293 nullum
1306 2272 1391 2299 genus
1427 2265 1563 2292 fructuum
1588 2265 1652 2291 olim
1682 2263 1737 2289 l)--o

114 2309 218 2344 ἰσχύσαι
235 2310 311 2342 ποτὲ,
332 2309 392 2336 καθ’
403 2309 432 2336 ὃν
450 2309 605 2337 ἐπλανῶντο
621 2310 726 2346 καιρόν.
740 2311 777 2337 υὺ
797 2310 851 2346 γὰρ
863 2309 897 2346 ἦν

113 2355 174 2389 παρ’
184 2355 286 2387 αὐτοῖς,
301 2354 338 2386 ὡς
353 2354 433 2389 ἔφην,
448 2355 462 2380 ὀ
478 2354 507 2387 ἐξ
521 2354 636 2390 οὐρανοῦ
650 2354 777 2390 νυμφίος,
789 2355 803 2381 6
816 2363 899 2381 πνευ-

116 2400 230 2435 ματικῆς
245 2400 397 2436 εὐκαρπίας
416 2400 509 2436 δοτὴρ,
524 2402 538 2427 ὁ
552 2400 718 2436 σπερμάτων
734 2400 843 2435 ἀγαθῶν
856 2402 899 2427 ὲν-

115 2445 195 2478 τιθεὶς
203 2446 329 2481 ἀφορμὰς
339 2446 443 2483 ἑκάστῃ
453 2445 536 2481 ψυχῇ.
555 2446 609 2473 Καὶ
619 2446 682 2480 γοῦν
690 2447 720 2473 ὲν
734 2446 900 2482 παραϐολαῖς

117 2493 302 2527 ιὺαγγελικαῖς
315 2492 435 2519 τοιοῦτον
457 2493 523 2527 ἡμῖν
547 2491 643 2520 ἑαυτὸν
662 2492 842 2524 διαδείκνυσι,
861 2492 901 2519 λέ-

117 2547 194 2572 γων-ι
208 2539 334 2574 Ἐξῆλθεν
345 2540 358 2566 ὁ
371 2540 489 2575 σπείρων
500 2540 546 2567 τοῦ
562 2541 670 2576 σπεῖραι
681 2540 726 2566 τὸν
741 2540 840 2576 σπόρον
853 2541 900 2567 αὐ-

118 2583 171 2612 τοῦ.
185 2595 194 2611 ›
213 2585 279 2613 Τίνα
293 2586 321 2613 δὲ
336 2586 436 2621 τρόπον
458 2585 672 2622 ἀφανισθήσεται
689 2586 719 2612 τὸ
734 2586 834 2617 ὄνειδος
850 2587 900 2622 τῆς

119 2633 226 2667 χηρείας
239 2633 334 2667 αὐτῆς,
351 2633 488 2668 διατρανοῖ
500 2633 597 2666 λέγων,
615 2633 656 2659 ὅτι
671 2632 772 2667 Κύριος
786 2633 799 2658 ὸ
817 2632 901 2660 ποιῶν

121 2685 158 2709 σε,
175 2678 274 2713 Κύριος
284 2677 395 2705 Σαϐαὼο
410 2678 586 2713 ὅνομαναὺτιξ).
595 2678 630 2705 Τὸ
645 2679 683 2710 δὲ,
698 2678 784 2706 [latth
797 2687 837 2710 σε,
849 2687 902 2713 φη-

123 2724 171 2754 σὶν,
187 2725 246 2751 ἀντὶ
259 2725 316 2756 τοῦ,
329 2723 428 2756 κτίζων
445 2733 485 2756 σε,
502 2725 548 2751 καὶ
563 2725 746 2760 μεταμορφῶν
760 2726 798 2756 εἰς
813 2725 904 2760 ἑτερό-

122 2775 215 2803 τροπον
232 2769 377 2798 πολιτείαν,
396 2769 441 2794 καὶ
467 2769 506 2800 εἰς
529 2769 685 2804 εὐσχήμονα
708 2769 794 2804 ζωήν·
816 2778 905 2804 μετα-

161 2859 181 2875 ”
196 2861 247 2888 Tit.
263 2868 303 2892 ιιι,
326 2860 350 2886 5.
389 2859 411 2874 "
426 2858 459 2886 Ps
480 2859 495 2885 1.
513 2867 571 2891 ml,
587 2858 613 2885 5.

949 2312 1086 2347 potuerint
1106 2311 1198 2344 edere,
1212 2318 1245 2338 eo
1273 2317 1328 2346 quo
1352 2309 1481 2338 errabant
1510 2314 1641 2344 tempore.
1672 2307 1730 2335 Non

949 2359 1023 2388 enim
1039 2363 1098 2385 erat
1115 2357 1185 2392 apud
1199 2364 1257 2388 eos,
1270 2360 1299 2383 ut
1319 2356 1410 2388 dirue
1427 2355 1503 2383 ctelis
1522 2362 1637 2389 sponsus
1658 2354 1738 2389 spiri-

951 2403 1030 2431 tualis
1054 2402 1137 2438 760
1166 2401 1313 2428 fertilitatis
1338 2401 1425 2433 dator,
1440 2400 1485 2435 qui
1501 2399 1632 2427 seminum
1654 2399 1738 2425 bono-

953 2459 1010 2477 rum
1039 2449 1196 2476 occasiones
1217 2447 1315 2481 cuique
1342 2446 1440 2473 anima:
1468 2445 1573 2473 inserit.
1599 2444 1737 2478 Siquidem

956 2495 1036 2522 talem
1066 2494 1092 2521 in
1116 2492 1278 2528 evangelicis
1309 2491 1444 2527 parabolis
1467 2499 1497 2519 se
1521 2498 1582 2518 esse
1607 2491 1737 2521 ostendit,

954 2549 1015 2569 cum
1030 2539 1135 2575 inquit:
1150 2548 1159 2564 ι
1176 2538 1248 2566 Exiit
1264 2538 1309 2572 qui
1337 2538 1404 2565 serit
1426 2538 1458 2565 ad
1478 2537 1620 2565 serendum
1646 2543 1738 2563 semen

954 2594 1032 2613 suum
1044 2586 1077 2612 ".
1105 2594 1114 2611 ›
1142 2584 1281 2618 Quomodo
1314 2589 1405 2611 autem
1435 2583 1577 2610 viduitatis
1593 2583 1652 2616 ejus
1682 2590 1730 2616 pro

956 2634 1033 2659 brum
1057 2630 1236 2662 amovebitur,
1251 2629 1371 2663 exponit,
1383 2629 1500 2656 dicens:
1524 2629 1591 2662 Quia
1613 2628 1739 2655 Dominus

957 2677 1060 2705 faciens
1076 2681 1111 2709 te,
1140 2675 1267 2703 Dominus
1289 2674 1407 2701 Sabaoth
1428 2682 1524 2701 nomen
1549 2674 1584 2702 ei.
1608 2674 1739 2704 Faciens.

958 2723 1033 2755 dicit,
1053 2729 1112 2757 pro,
1127 2721 1244 2749 condens
1261 2724 1296 2751 te,
1324 2723 1352 2747 et
1375 2719 1572 2747 transformans
1597 2720 1629 2746 ad
1658 2719 1741 2746 alius-

959 2769 1032 2797 modi
1047 2769 1109 2796 vitze
1126 2767 1287 2800 institutum,
1299 2770 1325 2793 et
1345 2766 1377 2794 ad
1393 2767 1472 2794 aliam
1494 2767 1574 2793 vitam
1589 2767 1740 2794 honestam.

652 2858 674 2873 9⁷
685 2857 762 2886 Joan.
782 2865 821 2889 tu,
842 2857 873 2884 l7

965 2858 1042 2885 Rom.
1061 2865 1116 2889 vnt,
1133 2858 1176 2890 33,
1192 2857 1236 2884 54.
1275 2858 1297 2874 θ’
1315 2857 1408 2884 Matth.
1426 2864 1483 2889 κιιι,
1503 2856 1529 2884 3.
