1883 3054
620 188 654 215 ΙΝ
672 187 788 216 lSAlAM
810 188 874 216 LIB.
899 188 929 216 V.
950 188 1070 217 ’I'OMUS
1089 189 1121 217 ll.

1616 187 1683 215 12:1!

69 247 158 280 ἀσθενῆ
172 247 216 271 καὶ
238 246 473 281 συντετριμμένην
481 245 573 273 οὐκέτι
584 246 632 281 τὴν
643 246 762 273 διάνοιαν
774 246 812 281 ἐχ(

942 268 949 278 ,
966 251 993 274 et
1011 247 1147 274 infirmum
1160 253 1192 274 ac
1207 245 1376 274 confractum
1398 245 1518 271 animum
1535 243 1614 279 777
1632 243 1683 272 neu

69 303 113 324 σιν,
136 290 214 328 [ἀλλ’]
235 291 296 326 ὑγιῆ
324 299 352 317 τε
376 291 422 318 καὶ
437 291 609 328 ἐρρωμένην,
628 293 674 319 καὶ
689 292 848 327 ἐπιτηδείως

68 340 171 375 ἔχουσαν
180 337 246 373 πρὸς
254 337 420 373 παραδοχὴν,
435 338 482 365 καὶ
491 337 659 374 κατόρθωσιν
671 339 773 373 ἀγαθοῦ
782 347 848 365 παν-

67 386 106 416 τὸς
118 384 162 410 καὶ
181 381 312 418 σωτηρίου
329 383 502 419 πράγματος.
513 383 586 418 Πλὴν
598 383 675 419 ἄθρει
689 384 720 410 τὸ
735 383 849 419 ἀκριϐὲς

68 431 108 457 τοῦ
114 429 294 464 λόγου.Εἰπὼν
301 429 366 465 γὰρ.
374 429 421 461 Εἰς
430 429 578 465 μαρτύριον
587 430 642 461 τοῖς
649 429 737 456 ἔθνεσι
746 429 849 456 δέδωκα

68 477 149 506 αὐτὸν,
172 475 214 502 ἵνα
231 477 268 511 μή
284 476 327 507 τίς
346 483 407 502 τινα
427 475 481 502 τῶν
503 475 588 510 ἁγίων
604 474 753 511 προφητῶν
767 475 848 503 αὑτὸν

69 522 191 556 ὑπάρχειν
200 521 407 556 ὑποτοπήσειεν,
419 521 533 555 ὲνειδείη
545 520 573 547 δὲ
585 520 685 556 μᾶλλον
699 521 753 552 πᾶς
760 522 850 548 ὁστισ-

68 568 116 598 οὖν,
128 568 168 594 ὃτι
180 567 213 602 τῇ
230 567 279 602 τῆς
298 567 459 603 κυριότητος
473 566 620 603 διαπρέπει
631 567 781 602 δόξῃ-Θεὸς
794 568 848 603 γὰρ

68 614 99 640 ὦν
114 613 246 647 ἑπέφανεν
263 613 343 648 ἡμῖν·
359 613 388 640 οὐ
407 613 487 648 μόνον
510 613 590 640 αὐτὸν
614 613 763 649 μαρτύριον
777 613 849 641 διεδό⁴

69 660 121 686 σθαι
135 658 225 694 φησὶν,
238 658 306 685 ἀλλὰ
323 658 378 694 γὰρ
391 659 438 685 καὶ
449 658 569 694 ἄρχοντα
586 659 633 686 καὶ
644 659 849 694 προστάσσοντα

69 706 172 732 ἔθνεσιν.
190 705 222 731 Οἱ
239 705 288 740 μὲν
313 705 368 741 γὰρ
395 705 526 741 μακάριοι
549 705 706 740 προφῆται,
728 707 775 733 καὶ
796 707 849 742 πρὸ

68 752 146 779 αὐτῶν
166 751 206 778 ἔτι
216 751 329 786 Μωσῆς,
348 751 447 787 μέτρον
466 751 573 787 ἔχοντες
590 751 621 777 τὸ
643 751 790 784 οίκετικὺν,
806 753 846 785 τὸ,

72 809 78 824 ι
96 798 159 825 Τάδε
180 797 255 832 λέγει
273 796 386 832 Κύριος,
402 805 411 822 ι
431 797 587 832 ἐπεφώνουν
605 797 649 823 ἀεὶ
671 799 727 830 τοῖς
743 799 849 834 ἀκροω-

71 845 161 879 μένοις,
177 843 228 879 οὺχ
239 843 276 875 ὡς
288 844 504 879 προστάσσοντες
521 843 631 879 μᾶλλον,
643 843 699 870 ἀλλ’
711 844 748 876 ὼς
763 844 846 876 Θείαις

69 889 244 921 διακονοῦντες
257 891 375 924 φωναῖς·
397 891 411 916 ὁ
426 889 454 917 δέ
472 898 504 924 γε
521 890 624 926 Κύριος
640 889 717 926 ἡμῶν
746 889 848 924 Ἰησοῦς

69 935 202 972 ὁΧρισ-τὺς
220 935 472 971 θεοπρεπεστάτους
490 937 608 963 ἐποιεῖτο
627 936 732 970 λόγους.
752 936 847 962 Ἐθαυ-

71 981 161 1017 μάζετο
178 980 244 1015 γοῦν
266 981 312 1008 xui.
333 982 398 1017 παρ’
419 982 510 1013 αὐτοῖς
528 983 584 1014 τοῖς
601 981 746 1015 Ἰουδαίοις,
768 983 808 1009 ὅτι
822 983 851 1009 ἐν

70 1027 168 1062 ἐξουσίᾳ
189 1025 224 1062 ἦν
246 1027 260 1053 ὁ
278 1027 357 1062 λόγος
374 1027 459 1063 αὐτῷ,
474 1029 522 1054 καὶ
544 1029 585 1055 ὅτι
601 1029 740 1056 ἐδίδασκεν
754 1029 851 1061 αὐτοὺς

69 1074 100 1104 ὡς
113 1073 235 1105 ἐξουσίαν
248 1073 329 1109 ἔχων,
341 1074 388 1101 καὶ
400 1074 449 1109 οὐχ
461 1074 499 1106 ὡς
515 1074 540 1100 οἱ
559 1075 734 1110 Γραμματεῖς
749 1075 849 1103 αὐτῶν.

69 1119 101 1145 Οὐ
114 1119 164 1155 γὰρ
180 1117 214 1154 ἦν
231 1120 245 1145 ὁ
266 1119 345 1154 λόγος
363 1120 439 1155 αὐτῷ
454 1120 505 1155 τῆς
524 1120 571 1147 τοῦ
588 1120 669 1156 νόμου
687 1122 776 1153 amt-1;,
792 1121 850 1148 ἀλλ’

69 1166 100 1197 ὡς
112 1166 188 1197 αὐτὸς
202 1165 241 1193 ὣν
260 1167 274 1192 ὀ
293 1166 442 1202 νομοθέτης
459 1166 592 1202 μετετίθει
608 1166 638 1193 τὸ
648 1167 766 1202 γράμμα
783 1167 850 1202 πρὸς

70 1211 198 1247 ἀλήθειαν,
213 1212 260 1238 καὶ
274 1213 336 1244 τοὺς
357 1212 460 1244 τύπους
477 1213 517 1244 εἰς
535 1213 690 1248 ἐμφάνειαν·
704 1214 752 1248 τὴν
770 1222 851 1240 πνευ-

71 1257 194 1291 ματικήν·
219 1257 310 1292 ἄρχων
325 1257 379 1292 γὰρ
394 1255 437 1292 ἦν,
454 1258 500 1284 καὶ
519 1258 566 1286 τοῦ
584 1259 763 1294 προστάττειν
782 1259 851 1294 ἔχων

69 1303 253 1338 τὴνέξουσίαν.
268 1304 328 1330 ’Ὁτι
345 1303 372 1330 δὲ
391 1305 457 1340 περὶ
476 1304 529 1331 τῶν
545 1305 628 1332 ἐθνῶν
643 1307 656 1333 ὁ
673 1306 722 1340 τῆς
742 1314 850 1341 προφη-

69 1350 134 1381 τείας
149 1350 325 1384 ὲξυφαίνεται
346 1350 436 1384 λόγος,
453 1351 587 1382 ἀναμάθοι
602 1360 644 1383 τις
659 1352 703 1384 ἂν,
720 1352 766 1379 καὶ
790 1352 850 1379 λίαν

69 1395 191 1430 ἀμογητὶ,
204 1395 253 1422 τοῦ
265 1395 331 1422 Θεοῦ
341 1396 388 1422 καὶ
397 1396 503 1432 Πατρὺς
513 1397 676 1432 ποιουμένου
685 1398 747 1430 τοὺς
755 1398 850 1433 λόγους

69 1441 101 1473 ὡς
115 1441 178 1475 πρὸς
196 1441 277 1468 αὐτὸν
296 1441 341 1468 τὸν
363 1442 427 1468 ἴδιον
444 1442 517 1469 Υίόν.
533 1443 614 1478 Ἔθνη
631 1443 694 1479 γὰρ,
721 1444 813 1479 φησὶν,
834 1444 852 1471 ἃ

69 1486 112 1512 οὐκ
128 1486 238 1521 ᾖδεισάν
254 1495 294 1519 σε,
313 1487 519 1515 ἐπικαλέσονταί
544 1497 572 1514 σε
583 1509 590 1520 ,
607 1490 653 1515 καὶ
671 1489 740 1522 λαοὶ,
761 1490 785 1516 οἳ
802 1490 852 1516 οὐκ

68 1532 207 1566 ἠπίσταντό
224 1540 253 1560 σε
270 1533 326 1564 ,ἐπὶ
349 1533 378 1559 σὲ
400 1534 624 1568 καταφεύξονται.
649 1536 680 1561 Οἱ
697 1535 751 1571 γὰρ
767 1535 850 1562 πάλαι

68 1577 175 1612 Χριστὸν
190 1578 240 1604 οὐκ
253 1579 365 1611 εἰδότες,
383 1579 427 1606 διὰ
446 1580 476 1606 τὸ
491 1581 520 1607 ὲν
538 1581 616 1615 sxw:
631 1582 677 1607 καὶ
691 1582 779 1616 σκότῳ
793 1582 851 1609 δια-

901 292 999 319 habent
1028 292 1206 327 amplius,'-at
1229 299 1326 320 sanum
1338 296 1365 319 et
1380 291 1413 318 ad
1436 290 1636 324 susdpiendum
1655 297 1686 315 ac

900 338 1094 372 perliciendum
1130 346 1210 366 omne
1239 339 1338 366 bonum
1367 345 1398 365 ac
1414 345 1457 365 res
1473 337 1605 364 salutares
1631 336 1685 363 idov

900 392 990 412 neum.
1006 384 1058 411 Sed
1074 385 1188 412 observa
1206 385 1337 412 orationis
1350 383 1513 411 elaboratam
1529 381 1685 417 dispositio-

899 436 972 456 nem.
985 429 1058 457 Dixit
1079 430 1150 457 enim
1166 439 1172 458 :
1188 429 1217 457 In
1239 429 1422 457 testimonium
1438 429 1499 456 dedi
1519 435 1580 455 eum
1597 427 1683 463 genti-

899 473 959 504 bus.
977 482 1010 502 ne
1023 475 1085 509 quis
1102 483 1163 502 eum
1181 483 1196 503 e
1211 475 1315 503 sanctis
1331 474 1469 509 prophetis
1493 473 1608 508 aliquem
1624 479 1686 500 esse

901 520 1091 555 suspicaretur
1104 530 1111 553 ;
1126 522 1172 548 sed
1187 526 1216 548 nt
1230 528 1325 548 omnes
1338 521 1493 555 quicunque
1509 524 1571 547 sunt
1588 518 1686 547 intelli~

899 570 983 600 gant,
1006 566 1200 594 dominationis
1217 567 1356 602 majestate
1370 566 1484 601 quadam
1497 573 1558 593 eum
1579 564 1687 600 praecel-

899 611 964 639 lere.
984 612 1054 640 Deus
1083 614 1155 641 enim
1178 614 1304 648 apparuit
1322 613 1400 641 nobis
1424 620 1496 640 :nec
1517 612 1603 640 solum
1624 619 1686 638 eum

899 657 991 685 datum
1017 665 1076 686 esse
1105 659 1132 686 in
1155 659 1340 687 testimonium
1363 659 1448 690 dicit,
1470 658 1516 686 scd
1537 657 1686 692 principem

898 711 959 732 esse
972 712 1003 732 ac
1020 709 1212 740 praeceptorem
1230 705 1300 733 inter
1317 709 1421 740 gentes.
1444 704 1518 731 Beati
1535 703 1606 731 enim
1625 709 1688 738 pro~

899 751 996 786 phetas,
1015 756 1041 778 et
1055 752 1101 786 qui
1116 756 1179 780 ante
1193 759 1240 780 eos
1255 751 1306 779 fuit
1319 751 1435 787 Moyses,
1451 758 1512 778 eum
1527 749 1687 777 fatnulorum

901 797 987 824 vicem
1009 797 1150 831 haberent,
1166 804 1274 832 semper
1298 795 1686 824 acclamabantauditoribus:

901 852 910 867 ι
925 843 987 870 ίίιεο
1003 843 1068 870 dicit
1080 843 1230 871 Dominus:
1245 853 1254 870 ι
1273 851 1326 871 non
1338 843 1410 870 velut
1424 842 1621 877 praecipientes,
1640 841 1689 869 sed

901 889 973 916 velut
990 889 1089 917 divinis
1112 889 1224 918 vocibus
1239 890 1438 917 ministrantes.
1454 888 1586 916 Dominus
1599 893 1688 914 autem

863 944 883 969 η
898 939 989 963 noster
1011 934 1090 964 Iesus
1121 936 1246 964 Christus
1266 935 1348 963 verba
1368 934 1486 963 faciebat
1511 934 1565 962 Deo
1591 941 1689 962 conve-

896 981 1084 1023 nientissima.
1102 981 1281 1010 Admirationi
1302 988 1398 1016 nempe
1419 981 1467 1008 fuit
1492 980 1558 1015 ipsis
1576 979 1688 1011 Iudaeis,

902 1029 972 1062 quod
987 1035 1047 1055 cum
1061 1032 1194 1063 potestate
1210 1028 1352 1064 conjuncta
1370 1031 1442 1055 esset
1464 1026 1524 1061 ejus
1544 1026 1631 1054 oratio
1645 1035 1651 1053 :
1663 1030 1691 1052 et

903 1073 993 1101 docuit
1007 1081 1065 1107 eos,
1082 1075 1159 1109 quasi
1175 1078 1335 1109 potestatem
1354 1073 1467 1105 habens,
1480 1076 1509 1099 et
1525 1079 1577 1099 non
1594 1076 1624 1098 ut
1643 1078 1690 1098 eo-

903 1127 960 1146 rum
979 1119 1081 1147 Scribze
1092 1119 1161 1148 “"7.
1174 1119 1232 1147 Non
1253 1120 1324 1146 enim
1345 1119 1417 1146 illius
1431 1117 1517 1146 oratio
1543 1125 1577 1144 ex
1595 1116 1690 1144 umbra

903 1166 969 1200 legis
979 1170 1049 1198 erat,
1064 1166 1112 1193 sed
1129 1170 1255 1200 tanquam
1271 1165 1328 1200 ipse
1342 1163 1481 1200 legislator
1493 1162 1690 1194 cxsistens,lit-

903 1216 988 1239 teram
1005 1213 1039 1240 ad
1064 1213 1219 1245 veritatem,
1235 1217 1313 1247 typos
1338 1211 1371 1238 ad
1394 1210 1563 1246 spiritualem
1586 1210 1691 1245 perspi’

903 1258 1030 1285 cuitatem
1049 1258 1217 1287 traducebat.
1234 1257 1361 1292 Princeps
1375 1257 1448 1284 enim
1466 1260 1535 1289 erat,
1548 1260 1575 1284 et
1595 1255 1690 1291 praeci-

903 1305 994 1338 piendi
1021 1309 1184 1339 potestatem
1219 1304 1346 1332 habebat.
1379 1303 1568 1338 Propheticam
1599 1307 1689 1330 autem

902 1350 1051 1377 orationem
1076 1350 1109 1377 de
1131 1350 1259 1384 gentibus
1279 1350 1400 1382 contexi,
1418 1349 1496 1376 facile
1513 1353 1556 1376 est
1576 1348 1640 1375 illud
1664 1353 1691 1376 et

903 1396 1011 1431 quidem
1037 1396 1096 1424 sine
1120 1395 1212 1423 labore
1241 1396 1365 1423 discere:
1381 1402 1443 1422 cum
1467 1395 1539 1422 Deus
1563 1399 1590 1422 et
1609 1393 1691 1422 Pater

903 1443 983 1470 verba
1000 1442 1080 1470 faciat
1092 1442 1169 1477 quasi
1184 1450 1245 1469 cum
1262 1442 1320 1476 ipso
1333 1449 1382 1470 suo
1396 1441 1476 1470 Filio.
1491 1441 1592 1469 Gentes
1604 1441 1688 1474 enim,

903 1489 1001 1523 inquit,
1017 1496 1077 1524 quae
1089 1494 1114 1516 te
1132 1497 1184 1517 non
1206 1493 1351 1521 noverunt,
1367 1489 1531 1516 iuvocabunt
1547 1492 1583 1521 te,
1597 1492 1623 1516 et
1641 1494 1690 1522 ρο·

903 1534 957 1568 puli
972 1534 1017 1568 qui
1042 1542 1095 1562 non
1124 1534 1263 1562 sciverunt
1280 1538 1316 1566 te,
1336 1534 1369 1560 ad
1395 1538 1420 1561 te
1441 1533 1608 1568 confugient.
1622 1531 1690 1559 Nam

901 1580 948 1615 qui
972 1581 1036 1608 olim
1061 1579 1198 1608 Christum
1229 1580 1397 1614 ignorarunt,
1423 1586 1455 1606 eo
1482 1579 1552 1614 quod
1577 1579 1603 1605 in
1628 1577 1692 1605 eali.

68 1623 157 1656 τελεῖν,
170 1624 381 1659 ἐπεκαλέσαντο,
401 1627 554 1658 τουτέστιν,
573 1626 639 1654 Θεὸν
662 1628 811 1663 ἐπεγράψω

946 1634 966 1654 ιθ
989 1631 1017 1654 et
1043 1626 1162 1653 tenebris
1182 1630 1366 1659 versarentur,
1391 1625 1565 1657 invocabant,
1587 1625 1613 1652 id
1639 1629 1689 1658 est,

68 1667 108 1694 τὸν
121 1668 232 1704 Ἰησοῦν,
255 1669 302 1696 καὶ
322 1669 365 1697 ἐπ’
385 1671 466 1698 αὑτὸν
488 1671 658 1706 κατέφυγον,
675 1673 787 1706 ἐλπίδα,
806 1675 854 1702 κα)⁸

70 1715 229 1750 σκεπαστὴν,
245 1715 292 1742 καὶ
309 1717 446 1752 σωτηρίας
461 1718 588 1753 πρόξενον
600 1719 789 1754 ὀνομάζοντες,
807 1721 854 1747 καὶ

69 1759 101 1791 ὡς
109 1759 171 1787 Θεὸν
182 1761 403 1797 ἐπικαλούμενοι·
418 1763 464 1790 καὶ
476 1763 519 1790 διὰ
534 1764 613 1791 ποίαν
623 1764 712 1791 αἰτίαν
722 1773 729 1798 ;
741 1765 854 1793 Ἕνεκεν

68 1806 162 1842 Κυρίου
175 1807 222 1834 τοῦ
245 1807 312 1834 Θεοῦ
334 1816 392 1839 σου,
416 1809 493 1844 φησὶ,
510 1810 555 1836 τοῦ
576 1810 655 1844 ἁγίου
673 1811 792 1847 Ἰσραὴλ,
813 1812 854 1838 ὃτι

69 1853 170 1887 ἑδόξασέ
181 1862 220 1881 σε·
230 1854 355 1890 πρόσεισι
365 1855 414 1890 μὲν
425 1855 479 1890 γὰρ
492 1856 530 1892 τῷ
541 1857 598 1892 rei}
606 1857 762 1890 δοξάζοντες
773 1858 853 1885 αὑτὸν

68 1898 102 1930 ὡς
116 1901 147 1926 ἐκ
163 1899 230 1927 Θεοῦ
249 1901 353 1937 Πατρὸς
367 1902 533 1938 γεννηθέντα
550 1904 622 1930 κατά
635 1905 726 1938 φύσιν,
738 1904 786 1931 καὶ
803 1905 853 1940 τὴν

68 1945 143 1972 αὑτοῦ
157 1945 204 1973 τοῦ
221 1947 345 1979 τεκόντος
360 1946 457 1982 ἔχοντα
473 1948 561 1981 δόξαν.
571 1950 600 1976 '0
616 1950 669 1984 γὰρ
681 1950 800 1984 δοξάζων
807 1951 852 1978 τὸν

68 1991 170 2027 Πατέρα
184 1992 288 2026 δοξάζει
299 1993 344 2020 τὸν
356 1993 386 2027 ἐξ
396 1994 490 2026 αὑτοῦ,
504 1995 550 2022 καὶ
565 1997 579 2021 ὁ
590 1995 708 2027 δοξάζων
727 1996 773 2023 τὸν
789 1996 852 2023 Υίὺν

69 2036 217 2069 συνδοξάζει
241 2038 348 2070 πάντως
368 2038 443 2074 αὐτῷ
467 2039 514 2065 καὶ
535 2039 580 2065 τὸν
595 2039 624 2072 ἐξ
643 2037 674 2066 οὗ
693 2040 852 2076 γεγέννηται

69 2081 133 2108 κατὰ
145 2082 234 2116 φύσιν·
246 2083 330 2118 ἤγουν
345 2085 391 2111 καὶ
409 2084 469 2111 καθ’
482 2084 585 2120 ἕτερον,
595 2086 620 2112 εὶ
636 2085 736 2120 βούλει,
751 2086 852 2121 τρόπον

68 2129 117 2159 τοῖς
133 2129 287 2164 εἰρημένοις
301 2130 472 2166 προσϐάλῃς·
490 2141 498 2156 ι
517 2132 662 2167 ’Υπάρχων
675 2133 726 2168 μὲν
745 2134 799 2170 γὰρ
823 2135 853 2160 ὲν

71 2175 154 2209 μορφῇ
169 2174 216 2200 τοῦ
235 2175 314 2208 Θεοῦ,
334 2177 380 2202 καὶ
400 2177 506 2211 Πατρὸς
521 2178 535 2204 ὁ
550 2177 623 2209 Υἱὸς,
640 2178 689 2214 οὐχ
706 2179 852 2215 ἁρπαγμὸν

68 2219 183 2254 ἡγήσατο
197 2220 228 2246 τὸ
242 2217 311 2246 εἶναι.
326 2220 370 2248 ἴσα
385 2222 454 2257 Θεῷ,
468 2222 526 2249 ἀλλ’
544 2223 640 2250 ἑαυτὸν
651 2224 770 2252 ὲκένωσε
790 2235 852 2262 μορ-

69 2262 116 2296 φὴν
132 2263 224 2290 δούλου
240 2264 376 2299 λαϐὼν,ὲν
394 2267 549 2303 ὁμοιώματι
568 2268 720 2304 ἀνθρώπων
738 2271 852 2306 γενόμε-

905 1673 988 1700 Deum
1005 1673 1197 1707 nuncupabant
1211 1672 1314 1705 Iesum,
1331 1676 1358 1699 et
1370 1672 1403 1699 ad
1416 1679 1477 1699 eum
1489 1670 1690 1706 confugiebant,

904 1726 979 1754 spem
1001 1723 1028 1746 et
1043 1723 1234 1754 protectorem,
1257 1723 1284 1746 et
1299 1718 1395 1746 salutis
1410 1717 1614 1745 coneiliatorem
1630 1724 1691 1743 eum

905 1765 1122 1797 nominautes.et
1137 1771 1263 1800 tanquam
1281 1764 1365 1792 Deum
1377 1765 1544 1792 invocantes.
1560 1763 1594 1790 Et
1610 1770 1691 1798 quam

904 1811 939 1838 ob
950 1811 1082 1838 causam?
1098 1810 1212 1846 Propter
1233 1810 1375 1838 Dominum
1391 1809 1475 1837 Deum
1490 1813 1576 1840 tuum,
1594 1809 1692 1842 inquit,

905 1863 1027 1885 sanetum
1053 1858 1146 1892 Israel,
1164 1857 1226 1892 quia
1243 1857 1388 1892 gloriosum
1414 1860 1439 1882 te
1457 1854 1533 1883 fecit.
1553 1853 1693 1881 Accedunt

904 1903 978 1930 enim
990 1903 1023 1930 ad
1039 1902 1137 1930 Filium
1149 1909 1265 1938 eumque
1277 1901 1435 1936 praedicant,
1449 1900 1527 1935 quasi
1543 1903 1641 1926 natura
1658 1906 1690 1926 ex

905 1948 959 1976 Deo
972 1947 1054 1975 Patre
1067 1947 1356 1981 natum,eamdemque
1371 1953 1431 1972 cum
1446 1944 1566 1980 genitore
1579 1943 1692 1978 gloriam

904 1995 1058 2023 habentem.
1080 1994 1130 2027 Qui
1151 1994 1222 2021 enim
1252 1993 1368 2020 illustrat
1384 1993 1502 2024 Patrem,
1520 1997 1548 2018 et
1569 1998 1629 2018 cum
1646 1992 1691 2026 qui

903 2047 936 2068 ex
953 2040 1012 2075 ipso
1026 2044 1069 2067 est
1085 2039 1220 2071 illustrat;
1237 2044 1263 2067 et
1284 2039 1330 2073 qui
1353 2038 1469 2065 illustrat
1487 2037 1596 2069 Filium,
1612 2036 1692 2063 simul

903 2093 964 2113 cum
978 2093 1010 2114 eo
1029 2092 1137 2120 semper
1165 2085 1281 2112 illustrat
1302 2090 1330 2112 et
1347 2085 1420 2112 illum
1436 2092 1468 2112 ex
1492 2092 1544 2119 quo
1561 2083 1692 2110 naturali-

903 2138 944 2160 ter
962 2132 1067 2167 genitus
1081 2137 1134 2160 est.
1148 2131 1204 2164 Vel,
1222 2131 1244 2159 si
1262 2131 1360 2166 placet,
1377 2131 1430 2158 alio
1444 2131 1524 2158 modo
1539 2131 1595 2165 jam
1614 2129 1694 2157 dictis

903 2178 990 2206 adde:
1009 2187 1018 2203 ι
1030 2177 1116 2205 Filius
1132 2177 1203 2205 cnint
1218 2184 1278 2204 cum
1291 2177 1316 2203 in
1338 2176 1422 2203 forma
1441 2175 1487 2203 Dei
1506 2180 1533 2202 et
1547 2175 1636 2202 Patris
1655 2182 1694 2202 es-

902 2228 954 2256 set,
980 2231 1034 2251 non
1059 2224 1183 2258 rapinam
1209 2223 1359 2250 arbitratus
1376 2227 1417 2249 est
1436 2228 1495 2248 esse
1518 2228 1547 2248 se
1561 2220 1693 2256 aequalem

904 2270 975 2302 Deo;
1000 2270 1047 2298 sed
1076 2269 1189 2297 iuanivit
1212 2268 1344 2303 seipsuin,
1370 2267 1456 2295 forma
1478 2268 1550 2294 servi
1574 2271 1692 2302 sumpta,

68 2316 116 2339 νος,
130 2309 175 2335 καὶ
192 2311 310 2346 σχήματι
322 2312 444 2347 εὑρεθεὶς
458 2313 495 2345 ὡς
506 2305 811 2350 dvﬂpwnog,é1a1tefth

949 2316 987 2352 f8
998 2317 1024 2343 in
1041 2315 1217 2344 similitudine
1234 2315 1373 2342 hominum
1389 2314 1487 2346 factus,
1500 2319 1526 2342 et
1541 2314 1634 2342 habitu
1647 2321 1692 2341 re-

68 2353 155 2381 ἑαυτὸν
165 2355 308 2390 γενόμενος
322 2357 441 2393 ὑπήκοος
459 2359 539 2395 μέχρι
548 2360 676 2395 Θανάτου,
691 2362 806 2390 θανάτου
819 2364 848 2391 δὲ

68 2400 191 2435 σταυροῦ.
202 2401 247 2427 Διὸ
260 2401 305 2436 καὶ
317 2403 330 2428 ό
340 2402 406 2434 Θεὸς
417 2403 498 2431 αὑτὸν
509 2404 684 2440 ὑπερύψωσε,
699 2408 745 2434 καὶ
756 2409 847 2443 ἐχαρί-

68 2452 127 2471 σατο
134 2446 208 2481 αὑτῷ
218 2446 302 2482 δνομα
311 2447 341 2474 τδ
352 2448 421 2484 ὑπὲρ
431 2449 483 2476 πᾶν
493 2449 588 2485 ὄνομα,
598 2451 641 2477 ῖνα
652 2453 680 2478 ὲν
688 2452 726 2488 τῷ
735 2453 846 2488 ὀνόματι

73 2490 154 2525 Ἰησοῦ
161 2492 278 2527 Χριστοῦ
291 2494 344 2519 πᾶν
357 2494 420 2527 γόνυ
437 2495 543 2531 κάμψῃ,
553 2497 783 2532 ἑπουρανίων,καὶ
796 2500 853 2526 Em-

67 2537 152 2570 γείων,
163 2539 209 2565 καὶ
221 2540 416 2574 καταχθονίων,
425 2542 472 2568 καὶ
488 2543 562 2569 πᾶσα
572 2543 682 2577 γλῶσσα
693 2545 853 2582 ἐξομολογή-

68 2586 147 2616 σεται,
162 2585 202 2611 ὅτι
224 2585 325 2620 Κύριος
353 2587 455 2622 Ἰησοῦς
475 2589 601 2624 Χριστὸς,
627 2592 666 2623 εἰς
691 2592 769 2625 δόξαν
785 2594 852 2620 Θεοῦ

67 2627 176 2665 Πατρός.
186 2630 280 2666 Ἀμήν.
289 2642 298 2657 r
309 2633 418 2668 Ἐπειδὴ
427 2634 479 2671 γὰρ
491 2635 535 2661 διὰ
547 2631 576 2663 τό
585 2637 632 2672 τῆς
643 2638 691 2664 ἀνθ
697 2639 852 2674 ρωπότητος

68 2675 160 2710 μέτρον
181 2677 278 2712 ἀκλεής
293 2686 332 2709 τις
345 2677 415 2706 εἶναι
433 2680 563 2716 ἐνομίσθη
574 2682 701 2717 Χριστὸς,
717 2685 850 2721 ἁναφοιτᾷ

67 2720 144 2747 πάλιν
158 2722 199 2753 είς
214 2722 264 2757 τὴν
283 2722 396 2750 ἐνοῦσαν
414 2723 488 2759 αὐτῷ
503 2724 644 2762 θεοπρεπῆ
660 2735 689 2753 τε
710 2729 755 2755 καὶ
769 2720 853 2764 ὑπεργ-

66 2765 146 2816 τάέην
161 2767 298 2816 ὑπεροχήν
315 2777 345 2795 τε
360 2769 407 2795 καὶ
423 2769 512 2803 δόξαν,
533 2771 579 2798 καὶ
592 2774 660 2807 μετὰ
677 2774 785 2809 σαρκός.
799 2775 853 2802 Καὶ

66 2811 148 2845 τοῦτο,
157 2811 245 2848 οἶμαι,
258 2815 315 2840 ἐστὶ
335 2815 364 2841 τὸ
371 2814 492 2842 δεδόσθαι
501 2816 589 2850 λέγειν
602 2817 640 2852 τῷ
652 2818 709 2854 Υἱῷ
717 2819 792 2855 παρὰ
807 2820 853 2847 τοῦ

97 2907 151 2925 ⁸⁴·δ⁷
170 2908 251 2936 Marc.
273 2917 291 2940 ι,
305 2909 350 2936 ‘22.
389 2909 411 2924 "
431 2907 547 2942 Philipp.
566 2915 595 2941 II,
608 2907 685 2935 6-H.

221 2957 359 2990 I'ATROL.
381 2958 438 2989 GR.
455 2956 547 2989 LXX.

903 2366 994 2394 pertus
1014 2365 1043 2388 ut
1068 2361 1148 2388 homo
1167 2382 1175 2395 ,
1191 2359 1289 2395 dejeeit
1305 2359 1363 2394 ipse
1375 2366 1404 2386 se
1422 2381 1429 2393 ,
1451 2359 1537 2386 factus
1565 2359 1692 2387 obediens

901 2414 985 2440 usque
998 2407 1031 2434 ad
1047 2411 1172 2440 mortem,
1192 2409 1218 2433 et
1240 2405 1349 2440 quidem
1375 2410 1489 2432 mortem
1517 2404 1694 2439 crucistPro-

901 2457 959 2488 pler
973 2453 1043 2487 quod
1054 2453 1158 2480 etDeus
1172 2452 1302 2480 exultavit
1312 2455 1421 2483 eum,et
1433 2450 1541 2488 donayit
1556 2450 1578 2478 ei
1596 2457 1691 2477 nomen

907 2457 959 2480 )tcr
973 2457 1043 2487 quod
1054 2458 1080 2480 et
1090 2457 1158 2480 Deus
1172 2457 1421 2483 exaltav1teu1n,et
1433 2457 1500 2478 dona
1521 2457 1541 2477 ιι
1556 2458 1578 2478 et
1596 2457 1690 2477 nomen

907 2506 987 2533 supra
1014 2506 1093 2526 omne
1126 2507 1235 2532 nomen,
1253 2503 1282 2526 ut
1309 2498 1336 2526 in
1366 2497 1474 2525 nomine
1502 2457 1566 2524 Iesu
1589 2497 1690 2524 Christi

907 2552 986 2572 omne
1003 2553 1072 2576 genu
1104 2552 1133 2572 se
1156 2544 1258 2576 flectat,
1280 2544 1443 2575 ctelestium,
1468 2543 1636 2570 terrestrium
1666 2549 1694 2569 et

907 2591 1154 2623 subterraneorum,
1167 2594 1194 2616 et
1218 2590 1306 2616 omnis
1330 2589 1422 2624 lingua
1445 2587 1607 2615 confiteatur
1631 2586 1693 2621 quia.

908 2636 1038 2663 Dominus
1059 2635 1138 2663 Iesus
1162 2634 1288 2663 Christus
1310 2639 1351 2662 cst
1374 2635 1400 2662 in
1424 2634 1507 2669 gloria
1533 2633 1579 2660 Dei
1595 2632 1691 2660 Patris.

906 2681 990 2708 Amen
1003 2680 1036 2707 "‘.
1051 2690 1060 2707 ι
1078 2680 1146 2714 Quia
1160 2679 1232 2708 enim
1245 2685 1354 2715 propter
1372 2678 1547 2706 humanitatis
1564 2677 1694 2705 conditio-

907 2735 968 2755 nem
996 2727 1120 2762 iguobilis
1141 2726 1277 2762 quispiam
1300 2733 1359 2754 esse
1382 2725 1507 2753 Christus
1529 2724 1691 2760 putabatur.

908 2781 1001 2801 rursus
1012 2774 1045 2800 ad
1060 2761 1176 2800 divinant
1191 2779 1267 2800 suam
1280 2776 1307 2799 et
1322 2778 1454 2799 sttmmam
1469 2769 1653 2804 prmstantiam
1668 2761 1704 2796 ct.

908 2819 1021 2854 gloriam
1036 2826 1097 2846 eum
1115 2825 1197 2846 carne
1212 2818 1294 2846 etiam
1315 2817 1392 2845 re.lit.
1411 2817 1503 2851 quue,
1520 2814 1626 2849 Opinor,
1641 2819 1692 2850 cst,

1459 2954 1495 2986 33
