1883 3054
76 190 148 218 ἘΞ-’ἰ

641 191 675 218 ΙΝ
693 190 809 219 ΙΒΛΙΑΜ
830 192 895 220 LIB.
919 192 950 219 ν.
971 191 1091 220 TOMUS
1110 192 1142 221 ll.

1637 191 1704 219 1316

75 248 175 282 ἀσθενῆ
190 249 236 274 καὶ
259 249 494 284 συντετριμμένην
502 248 593 277 οὐκέτι
605 249 653 285 τὴν
663 249 782 276 διάνοιαν
795 249 818 284 ἐ)

962 271 969 282 ,
987 255 1013 278 et
1032 251 1167 277 infirmum
1181 257 1212 277 ac
1228 249 1396 278 confractum
1419 249 1538 275 animum
1555 247 1635 283 777
1653 247 1703 276 nun

75 303 127 326 σιν,
152 293 234 329 [ἀλλ’]
255 294 318 329 ὑγιῆ
345 303 373 320 τε
397 295 443 320 καὶ
458 294 630 331 ἐρρωμένην,
649 296 695 322 καὶ
710 295 869 330 ἐπιτηδείως

74 341 190 376 ἔχουσαν
199 339 266 376 πρὸς
274 340 440 376 παραδοχὴν,
456 341 502 368 καὶ
511 341 679 378 κατόρθωσιν
691 341 793 376 ἀγαθοῦ
802 351 869 368 παν-

71 387 120 417 τὸς
133 386 181 412 καὶ
200 384 333 421 σωτηρὶου
350 386 523 422 πράγματος.
533 385 606 422 Πλὴν
619 386 696 422 ἆορει
709 387 740 413 τὸ
756 387 869 423 ἀκριϐὲς

73 432 121 458 τοῦ
128 432 315 466 λόγου.Εὶπὼν
322 432 387 468 γὰρ.
394 433 441 464 Εἰς
450 431 598 468 μαρτύριον
607 434 662 464 τοῖς
670 432 758 459 ἔθνεσι
767 432 869 460 δέδωκα

73 478 168 510 αὐτὸν,
191 478 234 505 ἵνα
252 480 288 514 μή
305 480 348 510 τίς
366 487 427 505 τινα
448 479 502 504 τῶν
523 479 609 512 ἁγίων
624 478 773 514 προφητῶν
787 479 869 506 αὑτὸν

75 523 212 558 ὑπάρχειν
221 523 427 559 ὑποτοπήσειεν,
440 524 554 559 ἑνειδείη
566 524 593 550 δὲ
605 524 706 559 μᾶλλον
719 525 773 556 πᾶς
780 526 870 552 ὁστισ-

73 569 130 600 οῦν,
144 570 187 596 ὅτι
201 570 233 605 τῇ
251 570 299 605 τῆς
319 570 479 606 κυριότητος
494 569 640 606 διαπρέπει
652 570 801 606 δόξῃοθεὺς
815 571 869 607 γὰρ

73 615 110 641 ὢν
128 615 266 650 ὲπέφανεν
283 617 364 651 ἡμῖν·
380 616 408 642 οὔ
428 616 508 651 μόνον
530 616 611 643 αὑτὸν
634 616 784 652 μαρτύριον
797 617 869 644 δεδό-

75 661 135 688 situ
151 661 246 696 φησὶν,
259 661 326 688 ἀλλὰ
343 661 398 697 γὰρ
411 662 458 688 καὶ
470 661 589 697 ἄρχοντα
606 662 654 689 καὶ
664 662 869 698 προστάσσοντα

73 707 192 735 ἔθνεσιν.
211 708 243 734 Οἱ
260 708 309 743 μὲν
333 708 388 744 γὰρ
415 708 546 744 μακάριοι
569 708 726 744 προφῆται,
748 710 795 736 καὶ
816 710 869 745 πρὸ

72 754 164 781 αὐτῶν
186 754 227 780 ἔτι
237 754 349 789 Μωσῆς,
368 754 467 790 μέτρον
486 754 593 790 ἔχοντες
610 754 641 781 τὸ
663 755 810 788 οἰκετικὸν,
827 756 867 789 τὸ,

78 810 86 825 ι
107 801 128 826 Τ
131 800 180 828 ἅδε
201 800 275 835 λέγει
293 799 406 835 Κύριος,
422 809 432 825 )
451 800 607 835 ἐπεφώνουν
626 800 669 827 ἀεὶ
691 802 747 834 τοῖς
762 802 869 838 ἀκροωο

76 846 182 881 μένοις,
198 847 248 882 οὐχ
259 846 296 878 ὡς
308 847 525 882 προστάσσοντες
541 846 652 883 μᾶλλον,
663 846 720 873 ἀλλ’
731 847 768 879 ὡς
783 847 866 879 θείαις

74 892 264 924 διακονοῦντες
277 894 379 927 φωναῖς
390 901 396 907 ⁸
417 894 432 920 ὁ
446 893 475 920 δέ
493 901 524 927 γε
541 893 644 929 Κύριος
661 892 738 929 ἡμῶν
766 893 867 928 Ἰησοῦς

922 296 1020 323 habent
1048 295 1226 331 aniplius,7at
1249 302 1346 323 sanum
1358 299 1386 323 et
1401 295 1433 322 ad
1456 294 1657 328 susdpicudnm
1675 301 1707 319 ac

920 341 1114 376 perliciendum
1151 349 1231 370 omne
1260 342 1358 370 bonum
1388 349 1418 368 ac
1435 348 1477 368 res
1494 341 1625 368 salutares
1651 340 1706 367 idov

920 395 1011 415 neum.
1026 387 1078 415 Sed
1094 388 1208 416 observa
1226 388 1358 415 orationis
1371 387 1534 414 elaboratam
1549 385 1706 421 dispositio-

920 440 992 460 nem.
1006 433 1079 461 Dixit
1099 434 1170 461 enim
1186 443 1192 462 :
1208 433 1236 461 In
1260 433 1443 461 testimonium
1459 432 1519 460 dedi
1540 439 1601 459 cum
1618 431 1704 467 genti-

919 477 980 508 bus,
998 485 1030 505 ne
1043 479 1105 513 quis
1121 487 1183 506 eum
1201 487 1216 507 e
1231 479 1335 507 sanctis
1351 478 1489 513 prophetis
1513 477 1629 512 aliquem
1644 483 1706 504 esse

921 524 1111 558 suspicaretur
1124 534 1132 557 ;
1145 526 1192 553 sed
1207 531 1236 552 ut
1249 532 1345 552 omnes
1358 524 1514 559 quicunque
1529 528 1591 550 sunt
1608 522 1706 551 intelli~

919 574 1003 604 gant,
1027 569 1220 598 dominationis
1237 571 1376 605 majestate
1390 570 1505 605 quadam
1517 577 1578 597 eum
1598 568 1707 604 praecel-

919 614 984 643 lere.
1004 615 1074 644 Deus
1103 617 1176 645 enim
1198 617 1324 652 apparuit
1342 617 1420 645 nobis
1445 626 1451 644 :
1468 624 1517 644 nec
1537 615 1624 644 solum
1645 623 1706 643 eum

920 660 1011 688 datum
1037 669 1097 690 esse
1125 662 1152 689 in
1176 663 1360 691 testimonium
1384 662 1469 694 dicit,
1490 662 1537 690 sed
1557 661 1706 697 principem

919 714 979 735 esse
992 715 1023 735 ac
1040 713 1233 744 praeceptorem
1250 709 1320 736 inter
1337 713 1441 743 gentes.
1465 707 1538 736 Beati
1555 707 1626 735 enim
1645 713 1708 742 pro-

920 755 1017 789 phetaz,
1035 760 1062 782 et
1075 755 1121 790 qui
1136 759 1199 783 ante
1213 763 1260 783 eos
1276 755 1326 783 fuit
1339 755 1456 791 Moyses,
1472 762 1533 782 cum
1547 753 1707 781 famulorum

921 801 1007 827 vicem
1029 800 1170 834 haberent,
1186 808 1294 835 semper
1319 801 1504 828 acclamabant
1517 799 1706 827 auditoribus:

921 855 930 871 ι
945 846 1008 874 llaec
1023 846 1088 874 dicit
1100 846 1250 874 Dominus:
1265 856 1274 874 ›
1292 854 1345 874 non
1358 846 1430 874 velut
1444 846 1641 881 praecipientes,
1661 845 1708 873 sed

921 892 993 919 velut
1010 893 1109 921 divinis
1133 893 1244 921 vocibus
1259 893 1458 921 ministrantes.
1474 892 1606 920 Dominus
1619 897 1708 918 autem

74 939 89 964 ὁ
103 938 224 974 Χριστὸς
240 938 492 974 θεοπρεπεστάτους
510 940 628 966 ἐποιεῖτο
646 939 752 974 λόγους.
772 939 815 965 ἘΟ

965 943 1010 966 iter
1031 937 1110 967 Iesus
1141 939 1266 967 Christus
1287 939 1368 967 verba
1388 937 1505 966 faciebat
1531 938 1585 965 Deo
1611 945 1708 966 conve-

76 984 181 1020 μάζετο
199 983 264 1018 γοῦν
286 984 333 1011 καῒ
353 985 418 1020 παρ’
439 985 530 1017 αὐτοῖς
548 987 604 1017 τοῖς
621 984 765 1018 Ἰουδαίοις,
787 985 828 1012 ὄτι
842 986 871 1013 ἐν

74 1030 189 1065 ἐξουσία
211 1028 244 1066 ἦν
266 1031 280 1056 ὸ
298 1030 376 1065 λόγος
394 1031 479 1066 αὐτῷ,
494 1032 542 1058 καὶ
564 1033 604 1058 ὅτι
621 1032 760 1059 ἐδίδασκεν
774 1033 871 1065 αὐτοὺς

73 1076 113 1106 ὡς
128 1075 255 1108 ἐξουσίαν
268 1076 348 1112 ἔχων,
361 1077 408 1104 καὶ
419 1077 469 1112 οὐχ
481 1078 518 1109 ὡς
535 1077 560 1104 οἱ
579 1078 754 1113 Γραμματεῖς
769 1079 869 1106 αὐτῶν.

74 1123 114 1148 Οὐ
129 1122 184 1158 γὰρ
202 1119 235 1158 ἦν
251 1122 265 1148 ὁ
285 1122 365 1157 λόγος
384 1123 459 1158 αὐτῷ
474 1123 525 1158 τῆς
543 1123 591 1150 τοῦ
607 1124 689 1159 νόμου
707 1125 796 1156 σκιᾶς,
812 1124 870 1151 ἀλλ’

73 1169 113 1199 ὡς
127 1169 209 1200 αὐτὸς
223 1168 260 1196 ὢν
280 1169 294 1196 ὸ
313 1169 462 1205 νομοθέτης
479 1169 612 1205 μετετίοει
628 1170 658 1196 τὸ
668 1170 785 1206 γράμμα
803 1170 870 1206 πρὸς

74 1214 219 1250 ἀλήθειαν,
233 1215 280 1242 καὶ
294 1216 355 1247 τοὺς
377 1215 480 1248 τύπους
497 1216 536 1247 εἰς
555 1217 711 1251 ἐμφάνειαν·
724 1217 772 1252 τὴν
790 1225 870 1243 πνευ-

75 1260 216 1294 ματικήν·
239 1260 330 1295 ἅρχων
345 1260 399 1296 γὰρ
413 1258 457 1296 ἦν,
473 1261 520 1288 καὶ
538 1261 586 1288 τοῦ
604 1263 782 1298 προστάττειν
801 1262 870 1297 ἔχων

73 1306 126 1341 τὴν
137 1305 272 1338 ἐξουσίαν.
287 1307 348 1333 ’Ότι
364 1307 392 1333 δὲ
411 1307 477 1343 περὶ
495 1307 549 1334 τῶν
564 1308 648 1335 ἐθνῶν
663 1310 676 1337 ὁ
693 1309 742 1344 τῆς
762 1317 869 1344 προφη-

73 1353 153 1384 τείας
169 1353 344 1387 ὲξυφαίνεται
365 1353 455 1388 λόγος,
473 1354 606 1385 ἁναμάθοι
621 1363 664 1386 τις
679 1355 723 1387 ἂν,
739 1355 786 1382 καὶ
809 1355 870 1382 λίαν

73 1398 212 1433 ἀμογητὶ,
225 1398 273 1425 τοῦ
284 1398 351 1425 Θεοῦ
361 1399 407 1425 καὶ
416 1399 522 1435 Πατρδς
533 1400 696 1436 ποιουμένου
704 1401 767 1433 τοὺς
775 1401 870 1435 λόγους

73 1444 115 1476 ὡς
130 1444 200 1479 πρὸς
217 1444 297 1472 αὑτὸν
316 1445 361 1471 τὴν
382 1444 447 1471 ἴδιον
463 1445 536 1472 Υίόν.
552 1446 634 1481 ’Ξονη
651 1446 714 1482 γὰρ,
740 1448 832 1483 φησὶν,
853 1447 871 1474 ἂ.

73 1489 126 1515 οὐκ
146 1489 257 1524 ᾔδεισαν
274 1498 314 1522 σε,
333 1490 538 1518 ἐπικαλέσονταί
564 1500 609 1524 σε,
626 1493 672 1518 καὶ
690 1492 760 1525 λαοὶ,
780 1493 804 1520 οἳ
821 1493 871 1520 οὐκ

72 1535 227 1570 ἠπίσταντό
243 1543 273 1562 σε
289 1536 346 1567 ,ἐπὶ
368 1536 397 1562 σὲ
419 1537 643 1571 καταφεύξονται,
669 1539 700 1565 Οἱ
717 1539 770 1574 γὰρ
786 1539 870 1567 πάλαι

73 1580 196 1615 Χριστὸν
210 1581 260 1607 οὐκ
273 1581 384 1614 εἰδότες,
402 1582 446 1609 διὰ
465 1583 495 1609 τὸ
511 1584 540 1610 ἐν
558 1584 635 1618 ἁχλύῖ
651 1585 697 1611 καὶ
711 1585 799 1620 σκότῳ
813 1585 870 1612 δια-

916 985 1104 1026 .nientissiina.
1122 985 1301 1013 Admirationi
1322 992 1418 1020 nempe
1439 984 1487 1012 fuit
1512 984 1578 1019 ipsis
1596 983 1708 1016 Judaeis,

922 1032 992 1065 quod
1007 1039 1067 1058 cum
1080 1036 1214 1066 potestate
1229 1032 1371 1067 conjuncta
1389 1035 1462 1059 esset
1485 1030 1544 1065 ejus
1564 1030 1651 1058 oratio
1664 1038 1671 1057 :
1683 1034 1711 1056 et

923 1077 1013 1104 docuit
1027 1085 1085 1110 eos,
1102 1078 1179 1112 quasi
1194 1082 1355 1112 potestatem
1374 1077 1487 1108 habens,
1501 1080 1529 1103 et
1545 1083 1598 1103 non
1615 1080 1644 1102 ut
1663 1082 1710 1102 eo-

922 1130 980 1149 rum
999 1122 1180 1152 Scribae‘M'.
1194 1122 1252 1150 Non
1273 1123 1344 1150 enim
1365 1122 1436 1150 illius
1451 1121 1537 1149 oratio
1563 1128 1596 1148 ex
1615 1120 1710 1148 umbra

923 1169 988 1203 legis
999 1174 1069 1202 erat,
1084 1169 1132 1197 sed
1148 1173 1276 1204 tanquam
1290 1169 1348 1204 ipse
1363 1167 1501 1204 legislator
1513 1166 1709 1198 exsisteus,lit-

923 1219 1007 1243 teram
1026 1216 1058 1243 ad
1083 1216 1238 1249 veritatem,
1255 1221 1333 1251 typos
1357 1215 1391 1242 ad
1414 1214 1583 1250 spiritualem
1606 1213 1710 1249 perspi-

923 1261 1050 1289 cuitatem
1068 1262 1236 1291 traducebat.
1254 1261 1381 1296 Princeps
1395 1260 1468 1288 enim
1486 1264 1555 1293 erat,
1568 1264 1595 1287 et
1614 1259 1710 1294 praeci-

923 1308 1014 1342 piendi
1040 1312 1204 1342 potestatem
1239 1307 1365 1336 habebat.
1399 1306 1587 1342 Proplieticam
1618 1311 1709 1333 autem

921 1353 1071 1381 orationem
1095 1353 1129 1381 de
1151 1353 1279 1388 gentibus
1298 1353 1420 1386 contexi,
1437 1353 1516 1380 facile
1533 1358 1575 1380 est
1595 1352 1660 1379 illud
1683 1357 1711 1380 et

922 1399 1031 1434 quidem
1057 1399 1116 1427 sine
1140 1399 1232 1426 labore
1261 1399 1384 1426 discere:
1401 1406 1463 1426 eum
1487 1399 1558 1426 Deus
1582 1403 1610 1426 et
1629 1397 1711 1426 Pater

923 1446 1003 1474 verba
1019 1445 1100 1474 faciat
1112 1446 1188 1481 quasi
1204 1454 1265 1473 cum
1282 1445 1341 1480 ipso
1352 1452 1402 1473 suo
1415 1445 1495 1473 Filio.
1511 1445 1611 1473 Gentes
1624 1444 1708 1478 enim,

922 1493 1021 1527 inquit,
1037 1500 1096 1528 quae
1108 1498 1134 1520 te
1151 1501 1204 1520 non
1226 1497 1370 1525 noverunt,
1387 1493 1551 1520 iuvocabunt
1566 1496 1603 1525 te,
1616 1496 1643 1520 et
1661 1498 1710 1526 po-

922 1537 976 1572 puli
992 1538 1036 1572 qui
1061 1545 1115 1565 non
1144 1538 1283 1566 sciverunt
1300 1542 1335 1570 te,
1355 1537 1389 1564 ad
1415 1542 1440 1564 te
1461 1537 1627 1572 confugient.
1641 1535 1709 1564 Nam

921 1584 967 1619 qui
991 1585 1055 1611 olim
1080 1583 1217 1611 Christum
1248 1584 1416 1618 ignorarunt,
1443 1590 1475 1610 eo
1501 1583 1572 1618 quod
1597 1583 1622 1609 in
1647 1581 1711 1609 eli-

73 1626 177 1659 τελετν,
191 1627 400 1662 ἐπεκαλέσαντο,
420 1629 573 1661 τουτέστιν,
592 1630 658 1657 Θεὸν
682 1631 816 1667 ὲπεγράψι

965 1637 986 1657 ιο
1009 1635 1036 1658 et
1062 1630 1181 1657 tenebris
1201 1634 1385 1662 versarentur,
1411 1629 1584 1661 invocabant,
1607 1629 1632 1655 id
1658 1634 1708 1662 est,

72 1671 122 1697 τὸν
138 1671 251 1707 Ἰησοῦν,
275 1672 321 1698 καιὶ
341 1673 384 1700 ἐπ’
404 1673 484 1701 αὑτὸν
507 1675 677 1710 κατέφυγον,
694 1677 806 1709 ἐλπίδα,
825 1679 873 1706 καὶ

75 1718 248 1753 σκεπαστὴν,
264 1719 311 1745 καὶ
328 1720 465 1755 σωτηρίας
479 1721 607 1756 πρόξενον
619 1722 808 1757 ὀνομάζοντες,
827 1724 873 1751 κιιῖ¹

74 1763 113 1795 ὡς
124 1762 191 1790 Θεὸν
203 1764 332 1791 ὲπικαλού
337 1773 422 1800 μενοι·
437 1766 483 1793 καὶ
495 1766 538 1793 διὰ
553 1767 632 1794 ποίαν
643 1768 731 1794 αἰτίαν
742 1777 748 1802 ;
760 1769 873 1797 Ἕνεκεν

73 1810 182 1845 Κυρίου
195 1810 241 1837 τοῦ
264 1810 331 1837 Θεοῦ
353 1819 411 1842 σου,
435 1812 513 1847 φησὶ,
529 1813 575 1840 τοῦ
596 1813 674 1847 ἁγίου
693 1814 812 1850 Ἰσραὴλ,
832 1816 873 1842 δτι

74 1856 189 1890 ἐδόξασέ
200 1865 239 1883 σε·
249 1857 374 1892 πρόσεισι
385 1858 433 1893 μὲν
444 1859 499 1894 γὰρ
511 1859 550 1895 τῷ
561 1860 617 1895 Υιῷ
625 1860 780 1893 δοξάζοντες
792 1861 872 1889 αὑτὸν

73 1902 114 1934 ὡς
133 1904 165 1929 ἐκ
182 1902 248 1930 Θεοῦ
268 1904 372 1940 Πατρὸς
387 1905 552 1941 γεννηθέντα
569 1907 641 1934 κατὰ
655 1908 746 1941 φύσιν,
757 1907 805 1934 καὶ
823 1908 872 1944 τὴν

73 1948 161 1975 αὑτοῦ
176 1949 223 1975 τοῦ
239 1950 364 1982 τεκόντος
379 1950 476 1985 ἔχοντα
493 1951 580 1984 δόξαν.
590 1953 619 1979 '0
634 1953 689 1987 γὰρ
700 1953 819 1987 δοξάζων
826 1955 871 1981 τὸν

73 1995 189 2030 Πατέρα
203 1995 308 2029 δοξάζει
319 1996 363 2023 τὸν
375 1996 405 2030 ἐξ
415 1996 509 2030 αὑτοῦ,
523 1998 569 2025 καὶ
584 2000 598 2025 ὁ
609 1998 727 2031 δοξάζων
746 1999 792 2026 τὸν
808 2000 871 2027 Υίὸν

75 2039 236 2072 συνδοξάζει
260 2040 367 2073 πάντως
387 2042 461 2076 αὐτῷ
487 2042 533 2068 καὶ
554 2042 600 2068 τὸν
614 2042 643 2076 ἐξ
663 2040 693 2070 οὗ
712 2043 871 2079 γεγέννηται

73 2085 149 2113 κατὰ
162 2085 253 2119 φύσιν·
265 2086 348 2121 ἤγουν
363 2088 410 2114 καὶ
428 2087 488 2114 καθ’
501 2088 604 2123 ἕτερον,
615 2089 638 2115 εἰ
655 2088 755 2124 βούλει,
770 2089 871 2125 τρόπον

73 2132 133 2163 τοῖς
150 2132 306 2167 εἰρημένοις
320 2133 491 2169 προσϐάλῃς-
509 2144 517 2159 ι
537 2135 681 2171 ’Υπάρχων
694 2136 745 2171 μὲν
765 2138 818 2172 γὰρ
842 2138 872 2164 ὲν

77 2178 172 2212 μορφῇ
187 2177 236 2204 τοῦ
254 2177 333 2210 Θεοῦ,
352 2179 399 2205 καὶ
419 2180 524 2214 Πατρὺς
540 2181 554 2207 ὁ
569 2180 642 2212 Υἱὸς,
659 2182 708 2217 οὺχ
724 2183 871 2218 ἁρπαγμὸν

74 2222 202 2258 ἡγήσατο
216 2223 246 2248 τὸ
261 2220 330 2249 εἶναι
345 2223 389 2251 ἴσα
403 2225 472 2260 θεῷ,
488 2225 546 2252 ἀλλ’
563 2227 660 2253 ἑαυτὸν
670 2227 789 2255 ἐκένωσε
809 2238 871 2265 μορ-

75 2266 131 2300 φὴν
149 2266 243 2292 δούλου
259 2267 395 2302 λαϐὼν,ὲν
412 2270 568 2306 ὁμοιώματι
587 2271 739 2307 ἀνθρώπων
757 2275 871 2310 γενόμε-

924 1677 1008 1704 Deum
1025 1676 1217 1710 nuncupabant
1231 1675 1334 1708 Jesum,
1351 1680 1377 1703 et
1389 1675 1422 1703 ad
1435 1683 1496 1702 eum
1508 1673 1710 1709 confugiebant,

924 1730 998 1758 spem
1020 1727 1048 1750 et
1063 1727 1254 1758 protectorem,
1276 1727 1304 1750 et
1319 1722 1414 1750 salutis
1430 1721 1633 1749 conciliatorem
1649 1728 1710 1747 eum

925 1769 1141 1800 nominantes.et
1156 1774 1282 1803 tanquam
1301 1767 1384 1796 Deum
1396 1769 1564 1796 invocantes.
1580 1766 1613 1794 Et
1630 1774 1710 1801 quam

924 1815 958 1842 ob
969 1815 1102 1842 causata?
1118 1814 1231 1850 Propter
1252 1813 1395 1841 Dominum
1410 1813 1494 1840 Deum
1509 1817 1595 1844 tuum,
1613 1812 1711 1846 inquit,

923 1867 1046 1889 sanctum
1072 1861 1166 1895 Israel,
1183 1861 1245 1896 quia
1263 1860 1407 1895 gloriosum
1433 1863 1458 1886 te
1476 1858 1552 1886 fecit.
1572 1857 1712 1885 Accedunt

924 1907 997 1934 enim
1009 1908 1042 1934 ad
1058 1906 1156 1934 Filium
1168 1913 1285 1941 eumque
1297 1905 1454 1940 praedicant,
1468 1903 1546 1940 quasi
1563 1907 1660 1930 natura
1677 1911 1709 1930 ex

924 1952 978 1980 Deo
991 1951 1073 1979 Patre
1086 1950 1374 1984 natum,eamdemque
1390 1956 1450 1976 cum
1465 1948 1585 1984 genitore
1598 1947 1711 1982 gloriam

923 1999 1078 2026 habentem.
1099 1998 1149 2031 Qui
1170 1998 1241 2025 enim
1271 1997 1387 2025 illustrat
1403 1996 1522 2028 Patrem,
1539 2000 1567 2022 et
1588 2002 1648 2022 cum
1665 1995 1711 2029 qui

922 2051 956 2071 ex
972 2044 1031 2078 ipso
1045 2048 1089 2071 est
1103 2044 1239 2076 illustrat;
1256 2048 1282 2071 et
1303 2042 1349 2077 qui
1372 2041 1488 2068 illustrat
1506 2040 1615 2073 Filium,
1631 2040 1711 2067 simul

922 2096 982 2116 cum
997 2097 1029 2118 eo
1049 2095 1156 2124 semper
1184 2089 1300 2117 illustrat
1321 2093 1348 2116 et
1366 2088 1438 2115 illum
1455 2096 1487 2116 ex
1511 2095 1563 2122 quo
1580 2087 1711 2114 naturali—

922 2141 963 2163 ter
981 2136 1086 2170 gcnitus
1101 2141 1153 2164 est.
1167 2135 1223 2168 Vel,
1241 2135 1263 2163 si
1281 2136 1379 2171 placet,
1396 2134 1449 2162 alio
1464 2135 1542 2161 modo
1558 2134 1614 2168 jam
1632 2133 1713 2161 dictis

922 2181 1009 2208 adde:
1028 2180 1135 2209 «Filius
1151 2182 1223 2208 enim
1237 2188 1297 2208 cum
1310 2181 1335 2208 in
1357 2180 1441 2207 forma
1461 2179 1506 2206 Dei
1525 2183 1551 2206 et
1566 2179 1655 2206 Patris
1673 2186 1713 2206 es-

922 2232 972 2259 set,
999 2234 1052 2254 non
1078 2227 1202 2261 rapinam
1228 2227 1378 2254 arbitratus
1395 2231 1436 2253 est
1455 2232 1515 2253 esse
1537 2232 1565 2251 sc
1581 2224 1711 2259 mqualem

923 2273 994 2305 Deo;
1019 2273 1066 2300 sed
1095 2272 1208 2300 inanivit
1231 2273 1363 2307 seipsum,
1389 2272 1476 2300 forma
1497 2272 1568 2299 servi
1593 2275 1711 2306 sumpta,

75 2321 131 2343 νος,
146 2312 194 2339 καὶ
211 2313 329 2348 σχήματι
341 2315 463 2351 εὑρεθεὶς
477 2316 514 2348 ὠς
525 2317 677 2352 ἄνθρωπος,
689 2319 818 2347 ἐταπείνοι

967 2319 1006 2355 is
1017 2319 1043 2346 in
1060 2318 1236 2347 similitudine
1253 2319 1392 2346 hominum
1407 2318 1506 2351 factus,
1519 2323 1546 2346 et
1560 2318 1653 2346 habitu
1666 2325 1710 2345 re-

74 2358 173 2384 ἑαυτὸν
183 2358 327 2394 γενόμενος
341 2360 459 2396 ὑπήκοος
477 2362 558 2398 μέχρι
567 2363 694 2398 Θανάτου,
710 2365 825 2393 θανάτου
838 2367 867 2394 δὲ

75 2403 209 2439 σταυροῦ.
221 2404 266 2430 Διὸ
279 2404 324 2439 καὶ
336 2406 349 2431 ὁ
359 2405 424 2437 Θεὸς
436 2407 516 2434 αὑτὸν
528 2408 703 2444 ὑπερύψωσε,
718 2411 764 2438 καὶ
775 2413 867 2447 ἐχαρί»

75 2457 143 2476 σατο
151 2449 226 2484 αὐτῷ
236 2449 321 2485 ὄνομα
330 2450 360 2476 τὸ
371 2451 440 2487 ὑπὲρ
450 2452 502 2479 πᾶν
512 2453 607 2488 ὄνομα,
617 2454 660 2480 ἵνα
671 2456 699 2481 ὲν
707 2455 745 2492 τῷ
753 2457 865 2492 ὀνόματι

80 2494 171 2529 Ἰησοῦ
179 2495 296 2530 Χριστοῦ
309 2497 362 2522 πᾶν
376 2497 439 2530 γόνυ
455 2498 561 2534 κάμᾲῃ,
571 2500 748 2535 ἐπουρανίων,
757 2503 802 2529 καὶ
815 2503 872 2529 ὲπι-

74 2541 171 2575 γείων,
181 2542 227 2568 καὶ
239 2542 435 2577 καταχθονίων,
444 2545 490 2570 καὶ
507 2546 581 2572 πᾶσα
591 2547 701 2580 γλῶσσα
713 2549 872 2585 ὲξομολογή·

75 2591 165 2620 σεται,
179 2588 220 2615 ὅτι
243 2588 344 2624 Κύριος
371 2590 473 2625 Ἰησοῦς
494 2592 619 2627 Χριστὸς,
646 2595 685 2626 εἰς
710 2595 788 2628 δόξαν
804 2597 870 2624 Θεοῦ

74 2633 194 2670 Πατρός.
204 2634 316 2670 Ἀμήν.»
328 2636 436 2671 Ἐπειδὴ
446 2637 498 2674 γὰρ
510 2638 553 2664 δία
566 2634 595 2666 τδ
604 2640 651 2674 τῆς
662 2641 870 2678 ἁνϐρωπὸτητος

76 2680 178 2715 μέτρον
198 2679 297 2715 ἀκλεής
311 2689 351 2712 τις
364 2679 434 2708 εἶναι
452 2683 581 2719 ἐνομίσθη
593 2685 719 2720 Χριστὸς,
736 2687 869 2724 ἁναῳοιτᾷ

75 2725 160 2752 πάλιν
175 2725 216 2756 είς
232 2725 282 2760 τὴν
301 2725 415 2753 ἐνοῦσαν
433 2726 507 2762 αὺτῷ
522 2727 662 2765 Θεοπρεπῆ
679 2738 708 2756 τε
729 2732 774 2758 καὶ
788 2732 872 2767 ὑπερ-

74 2771 162 2806 τάτην
177 2771 317 2806 ὑπεροχήν
333 2780 364 2798 τε
378 2772 426 2798 καὶ
442 2772 532 2806 δόξαν,
552 2775 597 2801 καὶ
611 2777 678 2810 μετὰ
695 2777 803 2812 σαρκός.
817 2778 872 2805 Καὶ

74 2813 164 2849 τοῦτο,
174 2814 263 2851 οἶμαι,
277 2818 334 2843 ἐστὶ
353 2817 382 2843 τὸ
390 2817 510 2845 δεδόσθαι
519 2819 608 2853 λέγειν
620 2820 659 2856 τῷ
671 2821 728 2857 Υἱῷ
736 2823 811 2858 παρὰ
825 2823 872 2850 τοῦ

63 2910 66 2912 ⁷
109 2913 167 2930 κ’δτ
186 2911 270 2939 Marc.
291 2920 309 2943 ι,
324 2912 368 2938 22.
407 2912 430 2927 "
449 2910 565 2944 Philipp.
584 2918 614 2944 lt,
627 2909 704 2938 6-H.

239 2960 377 2993 I’ATROL.
399 2961 456 2992 Gn.
474 2959 566 2991 LXX.

922 2369 1013 2398 pertus
1033 2368 1062 2390 ut
1087 2363 1167 2390 homo
1185 2384 1194 2398 ,
1209 2362 1308 2398 dejecit
1324 2363 1382 2397 ipse
1394 2371 1424 2391 se
1441 2385 1448 2397 ,
1470 2363 1556 2391 factus
1583 2363 1711 2391 obediens

921 2417 1004 2444 usque
1017 2410 1050 2436 ad
1065 2413 1190 2442 mortem,
1211 2412 1237 2436 et
1259 2408 1368 2442 quidem
1394 2414 1508 2436 mortem
1536 2408 1712 2443 crucis._Pro-

919 2461 978 2491 pter
992 2456 1062 2490 quod
1073 2455 1176 2483 ctDcus
1191 2454 1321 2482 exultavit
1331 2459 1439 2486 eum,et
1452 2454 1519 2481 dona
1540 2455 1560 2481 it
1575 2455 1598 2482 ei
1615 2462 1710 2482 nomen

926 2510 1006 2527 supra
1033 2510 1112 2527 omne
1144 2509 1254 2527 nomen.
1272 2506 1301 2527 ut.
1328 2501 1354 2527 in
1384 2501 1493 2527 nomine
1521 2461 1585 2527 ἔθευ
1609 2501 1710 2527 Christi

926 2510 1006 2536 supra
1033 2510 1112 2529 omne
1144 2509 1254 2534 nomen,
1272 2506 1301 2528 ut
1328 2501 1354 2528 in
1384 2501 1493 2528 nomine
1521 2501 1585 2528 Jesu
1609 2501 1710 2528 Christi

926 2557 1005 2576 onine
1022 2556 1092 2580 genu
1123 2555 1151 2576 se
1175 2547 1276 2579 ﬂectat,
1299 2547 1462 2578 cmlestium,
1486 2547 1655 2574 terrestrium
1685 2553 1713 2573 ct

926 2595 1213 2626 subterraneorum,et
1236 2592 1324 2619 otnnis
1349 2591 1439 2626 lingua
1464 2590 1626 2618 conﬁteatur
1650 2591 1713 2625 quia,

927 2639 1057 2667 Dominus
1078 2639 1156 2667 Jesus
1181 2638 1307 2666 Christus
1329 2641 1369 2665 est
1393 2638 1419 2664 in
1442 2636 1525 2671 gloria
1552 2636 1598 2663 Dei
1614 2635 1711 2664 Patris.

924 2685 1009 2712 Amen
1022 2684 1055 2711 ".
1070 2695 1080 2712 ι
1097 2685 1166 2718 Quia
1180 2684 1251 2712 enim
1264 2688 1373 2719 propter
1391 2680 1566 2709 humanitatis
1582 2680 1713 2708 conditio.

926 2739 986 2758 nem
1015 2731 1138 2766 ignobilis
1160 2730 1296 2766 quispiam
1318 2737 1378 2757 esse
1401 2727 1525 2756 Christus
1547 2727 1723 2769 putabatur.’

927 2785 1019 2804 rursus
1031 2778 1064 2804 ad
1078 2777 1195 2804 divinam
1210 2783 1287 2804 suam
1299 2780 1326 2804 et
1341 2780 1473 2803 summam
1488 2771 1672 2808 praestantiam
1687 2776 1714 2799 et

927 2822 1039 2858 gloriam
1055 2830 1115 2849 cum
1134 2829 1216 2850 carne
1231 2822 1313 2850 etiam
1333 2821 1412 2849 redit.
1430 2820 1522 2854 quue,
1539 2817 1645 2852 opinor,
1661 2822 1711 2852 cst,

1479 2958 1516 2990 39
