1883 3054
58 186 69 213 l
77 186 128 214 2‘29

624 184 656 212 IN
676 184 794 213 lSAlAM
814 184 888 220 ΑΛΒ,
910 185 943 214 Y.
965 185 1083 215 TOMUS
1102 185 1135 214 ll.

1619 188 1689 217 1250

57 246 104 272 καὶ
139 246 188 282 τὴν
222 245 270 273 τοῦ
303 246 550 281 πλεονεκτήσαντος
575 247 665 282 χεῖρα,
688 247 760 274 τοῦτ’
778 247 816 274 ἔστ

935 253 1041 282 stquam
1059 247 1136 275 vobis
1154 247 1420 283 appropinquaverit,
1436 248 1569 282 relinquat
1590 248 1689 283 impius

55 292 103 319 τοῦ
125 293 244 320 Σατανᾶ.
270 292 427 327 Γέγραπται
454 292 519 327 γὰρ,
548 293 589 320 ὅτι
611 303 620 319 ι
635 293 724 320 Λὶνῶν
747 295 848 321 ἐπικα-

55 339 172 373 λέσομαι
192 339 237 365 τὸν
256 339 367 374 Κύριον,
381 339 428 365 καὶ
447 339 479 365 ἐκ
494 339 547 366 τῶν
565 340 669 375 ἐχθρῶν
691 349 741 376 μου
758 341 847 377 σωοή-

56 394 148 420 σομαι.
167 395 177 411 ›
198 386 241 412 Ἐν
261 385 290 412 δὲ
311 385 350 420 τῷ
375 386 522 420 εὑρίσκειν,
540 386 664 419 γενέσθαι
683 387 711 413 δὲ
730 387 778 414 καὶ
802 388 849 420 ὲγ-

53 432 113 466 γὺς,
130 431 294 458 ἁπολιπέτω
309 432 323 458 ὁ
337 431 437 466 ἀσεϐὴς
456 431 505 466 τὴν
528 431 586 459 ὁδὸν
607 432 700 464 αὑτοῦ,
719 433 764 459 καὶ
778 433 849 468 ἀνὴρ

52 478 155 511 ἄνομος
180 477 231 513 τῂν
259 476 355 512 βουλὴν
380 476 483 510 αὐτοῦ,
508 477 555 504 καὶ
584 479 780 513 ἐπιστραφήτω
803 480 847 505 ἐπὶ

53 522 177 558 Κύριον,
196 523 243 550 καὶ
268 522 454 559 ὲλεηθήσεται.
475 524 506 550 Οἱ
523 523 577 560 γὰρ
598 524 666 556 ὅλως
687 525 848 558 ἀξιωθέντες

53 568 179 604 κλήσεώς
189 579 219 596 τε
235 569 282 595 καὶ
293 569 472 604 ἐπιστροφῆς,
491 571 538 596 καὶ
553 570 607 597 τῶν
619 571 683 606 παρ’
700 571 782 597 αὐτοῦ
799 580 847 606 χα-

54 615 209 649 ρισμάτων,
236 615 438 651 προσδοκῶντες
469 616 518 651 τὴν
544 616 663 652 μέθεξιν,
697 618 848 654 ἀποφοιτᾷν

51 661 193 694 ὀφείλουσι
204 661 257 688 τῶν
268 661 391 696 ἀρχαίων
403 662 637 698 ἐπιτηδευμάτων,
651 663 698 689 καὶ
709 664 758 699 τῆς
767 665 807 695 εἰς
818 664 848 691 τὸ

52 706 156 740 φαῦλον
171 707 243 740 ὁδοῦ,
257 707 305 735 καὶ
323 708 410 743 ῥοπῆς
427 708 475 743 τῆς
493 709 533 740 εἰς
550 708 697 745 ἁμαρτίαν,
712 710 759 736 καὶ
770 711 848 746 φιλη-

51 751 142 784 δονίας
164 753 308 788 σαρκικῆς.
339 753 529 789 Ἐλεηθήσεται
541 753 595 790 γὰρ
612 755 699 787 οὕτως
713 756 742 788 ἐξ
753 756 848 791 ἀληθι-

51 798 98 832 νῆς
115 798 231 833 καρδίας
246 798 430 833 ποιησάμενος
444 799 493 833 τὴν
505 800 684 836 ἐπιστροφὴν,
696 801 846 836 ὅτιὰφήσει

51 844 95 869 ἐπὶ
107 843 178 870 πολὺ
195 843 244 876 τὰς
267 844 403 880 ἁμαρτίας
418 844 504 880 ὑμῶν.
522 845 559 872 Τὸ
573 845 611 878 δὲ,
628 846 673 873 ἐπὶ
685 846 763 879 πολὺ,
781 847 848 881 φησὶ

50 889 110 914 ἀντὶ
120 888 180 921 τοῦ,
191 888 329 920 παντελῶς
345 888 393 915 καὶ
403 888 519 916 εἰσάπαν
530 897 536 904 ·
553 886 606 916 «οὖ
617 889 671 924 γὰρ
685 889 847 916 ἐπλεόνασεν

903 293 973 320 viam
994 301 1082 326 suam,
1101 299 1129 322 et
1148 294 1191 321 vir
1213 294 1323 329 iniquus
1339 295 1530 329 cogitationem
1555 303 1643 328 suam,
1661 301 1689 322 et

902 343 1055 366 revertatur
1067 339 1100 366 ad
1115 339 1269 372 Dominum,
1290 347 1321 367 ac
1337 345 1519 375 consequetur
1533 340 1689 368 misericor-

902 384 984 411 diam.
1001 383 1052 417 Qui
1064 384 1137 412 enim
1156 391 1217 412 vere
1230 384 1303 419 digni
1324 384 1410 412 habili
1431 385 1649 412 sunt.vocatione
1662 390 1690 412 et

901 430 1098 463 conversione,
1124 435 1151 458 et
1178 430 1414 466 participationem
1455 431 1588 458 donorum
1629 431 1688 466 ejus

901 475 1107 509 exspectabant,
1134 476 1233 504 debent
1258 483 1271 502 a
1287 476 1408 511 pristinis
1433 476 1493 503 vitae
1514 476 1654 508 institutis,
1672 483 1688 503 a

903 521 943 547 via
966 521 999 548 ad
1023 521 1181 556 nequitiam,
1199 521 1232 548 ab
1257 521 1418 556 impulsione
1443 522 1475 549 ad
1499 527 1652 556 peccatum,
1673 528 1688 547 a

901 566 1004 594 carnali
1034 566 1192 600 voluptatis.
1210 568 1300 595 studio
1338 568 1474 596 recedere.
1501 569 1689 603 Consequetur

901 613 973 640 enim
1004 613 1054 640 hoc
1073 617 1151 648 pacto
1171 613 1385 642 misericordiam
1415 619 1535 647 sanctus,
1565 622 1598 642 ex
1625 622 1688 641 vero

900 658 983 686 corde
993 666 1142 687 conversus
1153 679 1160 692 ,
1174 660 1302 694 quoniam
1321 660 1433 687 multum
1446 660 1564 688 dimittet
1577 666 1688 695 peccata

900 709 1000 732 vestra.
1027 704 1141 733 Multum
1164 706 1241 740 dicit,
1268 714 1334 741 pro,
1354 707 1466 734 omnino
1483 711 1510 734 et
1534 707 1561 734 in
1590 712 1685 734 totum.

904 760 912 778 ι
926 751 976 779 Ubi
993 752 1065 780 enim
1081 753 1230 781 abundavit
1244 758 1396 788 peccatum,
1416 754 1647 789 superabundavit
1661 758 1688 781 et

900 799 984 833 gratia
1001 799 1034 833 ⁸⁵,
1049 809 1057 825 ι
1074 800 1220 827 secundum
1236 800 1262 827 id
1275 800 1345 835 quod
1360 800 1489 835 scriptmn
1507 804 1560 827 est.
1580 799 1687 827 Nullum

899 845 970 872 enim
991 846 1093 873 crimen
1114 846 1139 873 in
1164 847 1247 881 nobis.
1263 846 1408 874 indelebile
1429 851 1480 878 est,
1493 847 1516 874 si
1534 846 1596 873 velit
1619 845 1689 873 Dens

900 891 1065 927 abstergere.
1083 892 1219 928 Scriptum
1237 898 1279 921 est
1293 893 1365 921 enim
1383 894 1416 920 de
1431 893 1551 920 omnium
1564 897 1687 920 nostrum

50 935 65 969 ἡ
80 935 206 971 ἁμαρτία
214 934 480 970 ὑπερεπερίσσευσεν
505 936 522 971 ἠ
542 935 632 971 χάρις,
647 945 656 961 ι
672 936 742 963 κατὰ
757 936 787 962 τὸ
805 945 816 970 γ

936 942 1044 965 rvatore
1065 938 1174 966 Christo
1193 947 1200 966 :
1217 948 1226 964 ι
1239 939 1307 966 Ecce
1334 939 1392 974 ipse
1426 939 1580 973 egredietur
1611 939 1687 973 quasi

50 982 214 1016 γραμμένον
227 988 232 995 ·
252 980 451 1007 δυσαπόνιπτον
465 981 520 1016 γὰρ
532 981 586 1007 τῶν
601 982 630 1007 ἐν
642 981 706 1016 ὑμῖν
721 981 816 1016 αἰτιαμ

935 983 965 1010 tis
996 983 1171 1017 conﬂatorii,
1197 989 1224 1011 et
1251 984 1323 1012 velut
1350 984 1433 1011 herba
1460 985 1618 1011 lavantium.
1657 984 1689 1011 Et.

47 1035 102 1052 των
113 1026 205 1059 οὐδὲν,
220 1025 383 1062 διασμήχειν.
389 1026 527 1058 ἐθέλοντος
538 1026 616 1053 Θεοῦ.
626 1027 781 1062 Γέγραπται
794 1035 816 1062 γκ

935 1029 979 1064 30
1002 1029 1106 1057 sedebit
1127 1030 1260 1062 conﬂatis,
1277 1034 1304 1057 et
1320 1031 1471 1058 emundans
1495 1036 1621 1066 tanquam
1642 1038 1688 1057 ar-

50 1073 113 1108 περὶ
131 1073 180 1099 τοῦ
192 1073 301 1100 πάντων
319 1073 444 1108 Σωτῆρος
455 1072 534 1107 ἡμῶν
562 1073 649 1109 Ἰησοῦ
665 1073 794 1108 Χριστοῦ,
807 1074 816 1101 ἓ

935 1079 1005 1102 ntum
1030 1079 1058 1102 et
1078 1083 1175 1102 aurum
1188 1075 1222 1102 ⁵⁸.
1239 1085 1248 1102 ι
1268 1075 1392 1110 Baptizat
1412 1075 1483 1103 enim
1509 1083 1558 1103 nos
1585 1075 1687 1110 Spiritu

51 1129 59 1144 ι
76 1119 147 1145 Ἰδοὺ
165 1118 246 1150 αὐτὸς
257 1118 448 1154 εἱσι-πορεύεται
459 1119 496 1150 ὡς
511 1118 566 1153 πῦρ
579 1119 774 1154 χωνευτηρίου,
800 1129 816 1146 κ

935 1125 990 1148 tcto
1006 1124 1034 1149 et
1046 1121 1108 1156 igne
1120 1121 1165 1148 “2
1181 1120 1272 1156 Ignem
1292 1126 1381 1148 autem
1400 1128 1460 1149 esse
1479 1121 1594 1148 dicimus
1615 1119 1686 1147 velut

53 1166 92 1197 ὡς
118 1166 175 1192 πόα
207 1165 374 1192 πλυνόντων.
407 1165 460 1192 Kal.
485 1165 619 1192 καθιεῖται
641 1165 776 1200 χωνεύων,
801 1167 848 1193 καὶ

48 1211 210 1247 καθαρίζων
221 1211 258 1244 ὡς
271 1211 302 1238 τὸ
314 1211 446 1247 ἀργύριον
457 1211 545 1238 καὶτὸ
560 1204 680 1246 χρυσίονξ
689 1221 697 1237 ι
717 1211 848 1243 Βαπτίςει

900 1166 986 1194 sancti
999 1166 1116 1201 Spiritus
1129 1167 1183 1194 vim
1212 1167 1427 1202 abstergentem,
1443 1167 1528 1194 instar
1539 1167 1609 1202 ignis
1626 1174 1686 1194 sor-

901 1212 948 1240 des
964 1212 1124 1240 delictorum
1139 1213 1164 1240 in
1178 1213 1256 1241 nobis
1270 1213 1417 1247 liquentem
1431 1216 1457 1240 et
1470 1217 1686 1240 consumentem.

52 1258 108 1294 γὰρ
136 1260 212 1295 ἡμᾶς
233 1258 373 1294 Πνεύματι
398 1259 469 1294 ἁγίῳ
489 1258 536 1286 καὶ
562 1259 638 1294 πυρὶ.
661 1258 721 1294 Πῦρ
744 1259 773 1285 δὲ
796 1257 866 1286 εἷναί
893 1268 983 1294 φαμεν
1006 1260 1056 1295 τὴν
1081 1257 1136 1287 οἷον
1161 1261 1315 1296 σμηκτικὴν
1340 1260 1387 1287 τοῦ
1419 1261 1496 1295 ἁγίου
1527 1260 1688 1295 Πνεύματος

47 1304 178 1340 δύναμιν,
195 1305 279 1341 πυρὸς
292 1305 370 1341 δίκην
394 1306 564 1342 ὲκτήκουσαν
584 1305 639 1332 τῶν
654 1306 682 1332 ὲν
701 1306 767 1341 ἡμῖν
780 1305 1023 1341 πλημμελημάτων
1038 1306 1083 1334 τὸν
1098 1306 1194 1341 ῥύπον.

85 1355 130 1381 Οὐ
149 1353 204 1388 γάρ
220 1354 298 1380 εἰσιν
308 1355 338 1380 al
351 1353 464 1386 ,βουλαί
487 1362 546 1388 μου
573 1353 675 1388 ὥσπερ
691 1355 720 1381 al
732 1353 846 1385 ,βουλαὶ

46 1399 147 1434 ὑμῶν,
172 1399 244 1426 οὐδὲ
269 1398 370 1434 ὥσπερ
395 1400 425 1426 (ιι
443 1398 507 1426 ὁδοί
523 1407 594 1433 μου,
614 1400 643 1426 αἱ
663 1398 727 1425 ὁδοὶ
751 1398 845 1434 ὑμῶν,

47 1446 120 1473 ἀλλ’
144 1444 245 1480 ὥσπερ
259 1444 363 1479 ἀπέχει
380 1446 396 1472 d
413 1445 542 1478 οὐρανὸς
557 1444 616 1471 ἀπὸ
633 1444 689 1478 τῆς
704 1444 771 1479 γῆς,
794 1444 846 1470 οὕ-

47 1496 105 1521 τως
121 1487 228 1522 ἀπέχει
242 1487 260 1521 ἡ
271 1487 341 1520 ὁδός
357 1496 417 1522 μου
435 1486 494 1513 ἀπὸ
510 1486 569 1513 τῶν
589 1485 667 1513 ὁδῶν
683 1486 775 1521 ὑμῶν,
795 1485 844 1512 καὶ

47 1536 84 1561 τὰ
97 1533 289 1568 διανοήματα
303 1533 386 1568 ὑμῶν
400 1532 459 1560 ἀπὸ
472 1532 528 1566 τῆς
540 1531 675 1565 διανοίας
686 1541 756 1566 μου.

91 1580 234 1606 Ἀπιστεῖν
245 1579 294 1616 οὐκ
309 1579 341 1614 ἐᾷ
355 1578 399 1605 διὰ
421 1578 540 1614 Χριστοῦ
556 1578 649 1614 χάριτι
666 1578 729 1610 τοὺς
750 1577 847 1604 καλου-

49 1627 154 1662 μένους
170 1627 209 1657 si;
225 1625 402 1661 ἐπιστροφὴν,
417 1625 464 1652 καὶ
477 1624 620 1660 λύτρωσιν,
630 1625 678 1651 καὶ
689 1624 847 1660 ἀποκάθαρ-

48 1684 90 1702 σιν
122 1674 272 1710 ἁμαρτεας.
304 1672 390 1699 Τοῦτο
418 1671 587 1698 πεπόνθασιν
616 1671 640 1697 ol
671 1670 701 1703 ἐξ
733 1670 847 1706 αἵματος

54 1720 188 1756 Ἰσραήλ·
213 1719 281 1746 Θεοῦ
298 1719 352 1754 γὰρ
375 1717 520 1750 καλοῦντος
545 1718 585 1749 εἰς
612 1716 781 1752 ἐπιστροφὴν
799 1715 847 1742 καὶ

49 1767 239 1802 μετάγνωσιν,
255 1767 311 1797 τοῖς
323 1764 368 1791 τοῦ
384 1764 533 1796 συνειδότος
546 1763 667 1798 ἐλέγχοις
679 1763 846 1790 καταδακνό-

49 1821 144 1847 μενοι,
159 1811 206 1838 καὶ
218 1810 397 1837 δυσέκνιπτον
414 1809 512 1844 κομιδῇ
530 1808 576 1835 τὸν
589 1808 637 1844 τῆς
654 1807 758 1834 ἑαυτῶν
775 1816 844 1842 φαυ-

47 1857 165 1892 irim-to;
187 1855 273 1890 ῥύπον
288 1853 476 1889 λογιζόμενοι,
501 1854 533 1880 Αἱ
550 1853 650 1880 πλάναι
674 1852 763 1888 ἡμῶν,
780 1852 847 1887 ἔφα-

48 1912 128 1935 σκον,
146 1903 174 1929 ἐν
190 1902 256 1937 ἡμῖν
269 1901 349 1933 εἰσιν,
365 1900 413 1927 καὶ
429 1901 457 1926 ὲν
476 1900 571 1931 αὑταῖς
585 1900 666 1935 ἡμεῖς
685 1898 844 1934 τικτόμεοα.

46 1950 105 1977 Καὶ
127 1949 188 1980 πῶς
202 1947 359 1983 ζησόμεθα,
373 1948 428 1974 Καὶ
443 1947 468 1973 τί
490 1947 558 1982 πρὸς
572 1945 656 1972 ταῦτα
671 1945 754 1978 Θεὸς;
775 1944 847 1972 Ἐπι-

48 1995 157 2030 στροφῇ
182 1992 371 2028 ἀποστρέψαντε
393 1991 447 2019 ἀπὸ
465 1992 513 2028 τῆς
528 1991 588 2017 ὁδοῦ
608 1991 696 2026 ὑμῶν,
711 1988 784 2022 οἶκος
798 1990 846 2016 τοῦ

53 2039 178 2076 Ἰσραὴλ,
196 2039 243 2066 καὶ
258 2039 309 2065 οὐκ
324 2037 430 2065 ἔσονται
457 2039 519 2074 ὑμῖν
536 2038 575 2069 εἰς
592 2037 702 2065 κόλασιν
728 2036 844 2068 ἀδικίας.

47 2086 139 2113 Ὅταν
151 2085 243 2112 τοίνυν
254 2084 386 2119 ἀπιστῆτε
410 2083 456 2110 καὶ
468 2084 555 2118 ὑμεῖς,
572 2082 652 2114 αὐτός
665 2091 741 2117 φησι,
757 2081 847 2108 διαϐε-

47 2130 219 2166 ϐαιουμένου
233 2138 261 2156 τε
275 2128 322 2156 καὶ
339 2129 464 2163 λέγοντος
479 2128 546 2163 ἐμοῦ
561 2127 607 2154 τοῦ
630 2128 717 2154 πάντα
730 2126 846 2162 Ιίσχύον-

47 2187 105 2209 τος,
122 2177 166 2204 ὅτι
190 2176 285 2210 Πάσης
313 2175 384 2211 ὑμᾶς
411 2174 558 2206 ἀπαλλάξω
589 2174 708 2209 κηλῖδος,
733 2173 846 2200 καὶτῶν

47 2222 362 2257 πάλαιόιεπταισμένων
375 2220 533 2256 ἐλευθέρους
553 2220 694 2254 ἀποφανῶ,
710 2211 769 2247 τότε
784 2220 844 2246 καθ’
861 2215 885 2245 D

47 2270 168 2302 ἑαυτοὺς
183 2269 339 2304 ἐννοήσατε,
359 2268 400 2299 τίς
415 2267 463 2302 μὲν
477 2266 541 2300 ἐγὼ,
556 2266 627 2298 τίνες
641 2266 669 2293 δὲ
686 2267 732 2293 καὶ
754 2266 842 2301 ὑμεῖς,

44 2316 96 2343 καὶ
111 2316 154 2342 ὅτι
173 2314 300 2341 τοσοῦτον
323 2314 496 2349 διεστήκασιν
511 2313 543 2339 ἐκ
563 2313 617 2339 τῶν
634 2312 701 2339 ὁδῶν
724 2312 800 2348 ὑμῶν
815 2313 844 2338 αἱ

46 2362 102 2389 ὁδοί
119 2370 186 2398 μου,
204 2361 248 2387 καὶ
265 2360 299 2387 τὰ
315 2360 481 2395 διανοήματα
495 2359 570 2394 ὑμῶν
586 2358 639 2385 ἀπὸ
654 2359 704 2393 τῆς
726 2358 844 2390 διανοίας

49 2417 115 2443 μου,
130 2408 185 2442 ὅση
199 2406 241 2438 τίς
256 2408 312 2433 ἐστι
327 2406 373 2433 καὶ
386 2405 440 2432 τῶν
463 2405 571 2440 φύσεων
592 2405 609 2440 ἡ
631 2404 757 2439 διαφορά.
780 2405 843 2431 Ἀν-

47 2454 157 2489 Ορωποι
179 2452 228 2488 μὲν
256 2452 310 2487 γὰρ
331 2452 421 2486 ὑμεῖς,
439 2450 494 2486 ἐγὼ
508 2451 536 2478 δὲ
558 2451 633 2482 Θεός.
653 2449 757 2477 Οὐκοῦν
781 2450 848 2484 ἀμέ-

46 2500 153 2536 τρητον
166 2508 197 2525 τε
215 2499 243 2525 τὸ
255 2498 367 2534 μεταξὺ,
389 2498 435 2525 καὶ
455 2497 637 2533 ἀπαράὸλητα
655 2496 794 2528 παντελῶς
813 2496 848 2522 τὰ

47 2546 131 2573 Θεοῦ.
148 2546 224 2581 Νικᾷ
241 2545 294 2579 γὰρ
308 2544 390 2579 ἰσχύϊ,
407 2544 454 2569 καὶ
467 2543 539 2578 δόξῃ,
556 2543 603 2569 καὶ
623 2542 781 2578 ἡμερότητι,
801 2541 847 2568 καὶ

47 2593 128 2620 οὐδὲν
144 2591 204 2618 ἐστι
218 2590 356 2622 παντελῶς
371 2590 399 2616 ἐν
412 2590 561 2624 γεννητοῖς,
578 2589 592 2614 ὃ
609 2589 665 2620 τοῖς
677 2588 781 2614 ἐνοῦσιν
798 2588 847 2614 αὺ-

47 2639 87 2675 τῷ
104 2638 327 2672 πλεονεκτήμασι
344 2635 552 2667 συνεκτείνεται,
575 2635 658 2670 ἤγουν
679 2634 763 2668 ἐγγὺς
782 2635 846 2669 ὁρᾶ-

49 2695 96 2712 ται
124 2685 175 2711 καὶ
190 2681 365 2718 παραϐραχύ.
386 2682 540 2717 Ἄνθρωποι
561 2680 610 2715 μὲν
627 2680 681 2716 γὰρ
697 2679 846 2715 ἁοργησίαν

48 2732 101 2757 οὐκ
116 2730 244 2764 ἔχουσιν·
269 2728 356 2754 ἔνεστι
374 2727 401 2754 δὲ
417 2727 495 2754 τοῦτο
510 2728 542 2762 τῇ
556 2727 624 2762 ὑπὲρ
645 2725 733 2753 πάντα
754 2725 845 2760 φύσει·

47 2777 78 2802 οὐ
94 2775 153 2809 γὰρ
166 2774 307 2809 κρατεῖται
316 2772 403 2808 θυμῷ.
416 2773 516 2808 Πικρδς
530 2773 544 2798 ὁ
554 2771 696 2807 ἅνθρωπος
705 2771 753 2798 καὶ
765 2771 849 2803 πολὺς

48 2823 89 2853 εις
106 2819 254 2855 πονηρίας,
272 2819 372 2853 ἀγαθὸς
387 2819 415 2845 δὲ
440 2820 473 2854 τῇ
495 2818 574 2852 φύσει
599 2817 675 2849 Θεὸς,
699 2817 800 2853 μᾶλλον
820 2817 848 2844 δὲ

937 1352 1018 1389 Vsus.
1034 1352 1061 1385 8,
1079 1352 1106 1380 9.
1125 1353 1186 1380 Non
1201 1353 1269 1380 enim
1283 1356 1345 1380 aunt
1368 1352 1541 1387 cogitatione:
1557 1360 1621 1379 mea:
1637 1353 1688 1379 sic-

899 1404 927 1426 ut
952 1399 1124 1434 cogitationes
1149 1402 1256 1431 vestra;
1275 1406 1355 1433 neque
1380 1399 1427 1426 via:
1455 1407 1519 1425 mea:
1546 1399 1614 1425 sicut
1637 1399 1688 1426 via:

899 1449 1000 1472 vestrm.
1019 1443 1084 1478 Sed,
1096 1448 1124 1470 ut
1140 1444 1219 1470 distat
1234 1444 1326 1470 caelum
1341 1453 1357 1470 a
1373 1447 1455 1476 terra,
1479 1443 1517 1470 sic
1543 1444 1623 1470 distat
1645 1444 1687 1470 t'ia

899 1498 956 1517 mea
975 1499 989 1516 a
1004 1490 1051 1517 viis
1068 1490 1169 1522 vestris,
1199 1495 1222 1516 et
1237 1490 1406 1524 cogitationes
1423 1494 1512 1517 vestra:
1525 1498 1540 1516 ιι
1553 1490 1688 1525 cogitatio~

859 1541 882 1572 ς
900 1543 930 1562 ne
943 1542 1013 1561 mea.

934 1581 1050 1610 Vocatos
1067 1581 1101 1608 ad
1125 1581 1330 1609 conversionem
1354 1585 1382 1608 et
1409 1580 1624 1615 redemptionem
1655 1587 1687 1606 ac

898 1627 1116 1654 emundationem
1145 1631 1318 1661 peccatorum
1345 1633 1398 1653 non
1427 1625 1493 1653 sinit
1520 1625 1613 1661 gratia:
1639 1632 1687 1660 per

897 1673 1033 1701 Christum
1055 1672 1186 1700 dillidere.
1201 1672 1277 1706 Quod
1303 1672 1424 1700 fecerunt
1456 1672 1595 1700 Israelita).
1629 1672 1685 1699 Deo

898 1727 1015 1753 namque
1031 1719 1063 1746 ad
1079 1719 1284 1746 conversionem
1297 1722 1324 1746 et
1336 1718 1686 1752 resipiscentiamvocante,

898 1764 1117 1792 accusationibus
1133 1764 1306 1791 conscientia
1317 1764 1471 1799 compuncti
1486 1768 1512 1791 et
1528 1764 1686 1794 commorsi,

897 1811 1044 1845 sordcsque
1063 1817 1119 1838 suae
1135 1810 1293 1837 vitiositatis
1309 1809 1354 1836 vix
1379 1809 1432 1836 elui
1461 1816 1545 1844 posse
1575 1809 1685 1836 omnino

897 1858 1057 1891 cogitantes,
1068 1856 1180 1883 Errores
1192 1855 1287 1888 nostri,
1297 1854 1466 1889 inquiebant,
1479 1855 1506 1881 in
1522 1855 1598 1882 nobis
1612 1859 1686 1886 sunt,

897 1909 923 1930 et
942 1911 991 1931 nos
1004 1903 1031 1930 in
1047 1902 1100 1930 illis
1113 1902 1170 1930 nati
1189 1909 1293 1929 sumus.
1314 1901 1345 1934 Et
1371 1901 1506 1935 quomodo
1541 1900 1686 1928 vivemus?

896 1951 935 1977 Ad
944 1957 1003 1985 quae
1015 1950 1086 1977 Deus
1100 1959 1107 1977 :
1121 1948 1198 1977 Serio
1211 1947 1384 1975 revertamini
1399 1954 1413 1974 a
1426 1947 1469 1974 via
1485 1947 1684 1979 vestra,domus

900 1995 979 2023 lsrael
991 2015 998 2028 ,
1014 2000 1041 2024 et
1054 2003 1109 2023 non
1126 1995 1223 2023 cedent
1244 1993 1319 2022 vobis
1334 1993 1361 2020 in
1392 1992 1552 2027 supplicium
1579 1991 1684 2024 injusti-

898 2043 950 2070 tite.
965 2042 1078 2075 Quando
1094 2041 1175 2077 igitur
1194 2048 1252 2073 vos,
1275 2039 1372 2074 inquit,
1410 2039 1540 2072 diiiitlitis,
1566 2045 1609 2065 me
1637 2038 1684 2073 qui

897 2088 986 2115 omnia
1007 2095 1126 2122 possum,
1152 2087 1302 2115 aﬂirmante
1328 2090 1355 2114 et
1373 2085 1498 2113 dicente:
1531 2084 1610 2114 Omni
1635 2092 1684 2112 vos

898 2133 1001 2161 macula
1016 2133 1145 2166 liberabo,
1162 2139 1190 2161 et
1202 2133 1236 2160 ab
1249 2132 1407 2160 inveteratis
1420 2131 1528 2166 ﬂagitiis
1548 2131 1683 2159 immunes

898 2179 1028 2212 reddam;
1050 2183 1113 2206 tunc
1137 2178 1207 2213 apud
1227 2185 1274 2205 vos
1288 2177 1406 2213 cogitate
1420 2177 1481 2212 quis
1503 2184 1553 2211 ego
1570 2177 1633 2216 sim,
1658 2181 1684 2204 et

898 2226 942 2262 qui
960 2233 1006 2253 vos
1021 2225 1091 2259 sitis,
1110 2229 1137 2252 et
1159 2229 1262 2252 tantum
1276 2225 1336 2252 vias
1351 2230 1426 2251 meas
1455 2231 1468 2250 a
1493 2223 1545 2250 viis
1574 2223 1683 2255 vestris,

897 2280 929 2300 ac
949 2271 1126 2307 cogitationes
1141 2275 1246 2298 vestras
1258 2278 1272 2298 a
1293 2269 1456 2305 cogitatione
1475 2275 1534 2295 mea
1565 2267 1682 2300 diil‘erre,

898 2321 998 2351 quanta
1015 2320 1057 2344 est
1072 2316 1154 2343 etiam
1170 2320 1328 2342 naturarum
1342 2313 1503 2342 differentia.
1529 2313 1582 2341 Vos
1611 2314 1684 2341 enim

898 2363 1022 2390 homines
1038 2362 1115 2394 estis,
1132 2369 1182 2396 ego
1206 2360 1289 2389 Deus.
1308 2361 1378 2395 Ergo
1400 2360 1561 2388 immensum
1575 2365 1618 2387 est
1643 2360 1686 2387 in-

899 2408 1050 2441 tcrvallum,
1075 2411 1103 2435 et
1121 2414 1181 2442 quae
1195 2407 1240 2434 Dei
1263 2411 1336 2439 sunt,
1354 2407 1465 2434 omnino
1486 2410 1549 2433 sunt
1583 2406 1685 2433 incom—

897 2453 1038 2489 parabilia.
1061 2453 1150 2480 Vincit
1171 2453 1242 2480 enim
1257 2452 1425 2484 fortitudine,
1440 2452 1536 2487 gloria,
1567 2451 1685 2479 clemen-

897 2501 950 2528 tia:
978 2508 1029 2528 nec
1045 2505 1086 2527 est
1106 2499 1251 2535 quidquatn
1268 2499 1294 2526 in
1314 2506 1403 2526 rertun
1429 2502 1523 2525 natura
1548 2499 1618 2532 quod
1634 2505 1683 2525 cx-

896 2546 1049 2574 cellentiam
1064 2545 1122 2580 eius
1136 2546 1288 2579 adaequare,
1303 2548 1348 2571 aut
1364 2552 1448 2579 prope
1462 2545 1542 2571 etiam
1555 2545 1686 2571 accedere

895 2599 974 2627 posse
990 2591 1124 2619 videatur.
1147 2591 1276 2619 Homines
1296 2591 1367 2618 enim
1386 2590 1425 2617 ira
1439 2597 1490 2617 non
1509 2594 1606 2616 vacant
1622 2597 1627 2615 :
1656 2595 1684 2617 at

898 2635 949 2662 hoc
964 2634 1085 2662 omnium
1106 2642 1219 2662 summae
1237 2639 1340 2662 natura:
1355 2635 1435 2668 inest,
1457 2634 1607 2668 utquaeira
1630 2642 1683 2661 non

897 2684 1030 2707 teneatur.
1047 2680 1118 2708 Acer
1142 2681 1223 2708 homo
1238 2685 1265 2709 et
1288 2688 1389 2716 pronus
1412 2681 1437 2707 in
1467 2680 1634 2714 nequitiam:
1658 2685 1686 2706 at

896 2725 982 2753 bonus
995 2730 1090 2753 natura
1103 2726 1184 2758 Deus,
1218 2727 1272 2754 itno
1290 2727 1380 2762 potius
1405 2726 1538 2762 ipsissima
1564 2726 1682 2753 bonitas.

898 2771 1026 2799 Retnittet
1039 2779 1104 2806 ergo
1120 2776 1149 2798 ut
1159 2764 1242 2804 Deus,
1252 2776 1280 2799 et
1296 2771 1589 2807 justiticabitimpiutn,
1608 2771 1685 2804 igno-

898 2817 992 2844 rantia:
1008 2817 1098 2852 lapsus
1114 2817 1249 2846 oblivione
1263 2817 1390 2851 obruens,
1407 2822 1434 2845 et
1457 2817 1558 2845 erroris
1593 2816 1686 2843 sordes

87 2911 113 2928 "
130 2910 212 2937 Rom.
229 2917 253 2942 v,
266 2910 310 2936 ‘30.
349 2909 372 2924 ⁵⁵
385 2907 478 2936 Malae.
495 2915 535 2941 ill,
550 2906 579 2940 2,
595 2907 634 2943 5.,
660 2906 702 2943 ιδ’
713 2905 808 2935 Matth.
827 2906 930 2942 ιιιηΗ.
