1883 3054
86 129 167 157 1253
660 130 694 158 ΙΝ
713 130 831 158 ISAIAM
850 129 913 157 LIB.
931 128 963 157 Υ.
984 128 1103 157 Τοιιυδ
1123 128 1153 157 ll.
1492 142 1496 143 ν
1660 128 1727 156 ιεᾳι

86 188 200 224 ἀληθὴς
211 188 225 214 ὁ
236 188 313 222 λόγος
323 197 330 204 ⁸
345 189 383 221 ὠς
399 189 452 224 γὰρ
469 189 483 215 ό
502 190 646 226 προφήτης
662 190 745 225 φησὶν
764 191 882 221 Ἡσαΐας,

974 194 1052 216 nctus
1076 188 1203 221 decrevit,
1219 188 1280 222 quis
1307 187 1470 223 dissipabit?
1487 188 1518 215 Et
1545 195 1652 214 manum
1681 196 1728 215 ct-

90 245 100 260 ι
111 235 149 261 Ἀ
162 235 178 261 ὁ
192 234 259 266 Θεὸς
274 236 288 261 ὁ
305 235 381 269 ᾰγιος
394 235 627 270 βεὸούλευται,τίς
643 236 824 268 διασκεδάσει.
841 237 882 264 καῖ

972 235 1040 262 lsam
1070 235 1130 268 quis
1149 238 1253 262 avertet
1265 234 1311 262 “‘3
1332 244 1342 260 ι
1362 234 1428 267 Quis
1454 235 1526 262 enim
1555 234 1608 261 erit
1636 238 1727 261 tantus

87 280 141 315 τὴν
170 281 249 316 χεῖρα
267 280 318 316 τὴν
341 280 445 316 ὑψηλὴν
468 281 510 313 τίς
536 281 717 317 ἁποστρέψει;
738 292 747 308 ι
767 282 814 313 Τίς
834 281 882 316 γὰρ

990 281 1082 308 divino
1101 281 1208 309 resistat
1230 280 1344 312 calculo,
1361 285 1387 307 et
1400 280 1504 307 Domini
1521 280 1652 306 voluntati
1679 279 1724 305 oh-

87 325 170 352 Ξσται
182 326 320 358 τοσοῦτος,
337 326 375 357 ὡς
387 326 472 358 θείαις
485 327 644 362 ἀντιστῆναι
653 327 764 363 ψήφοις,
779 327 827 354 καὶ
844 325 882 353 θε-

971 327 1063 354 tatur?
1084 326 1198 354 Prorsus
1211 334 1302 354 nemo.
1335 325 1426 361 Itaque
1440 325 1572 360 quidquid
1602 324 1726 360 egredie-

87 370 213 406 λήμασιν
224 372 425 406 ἀνταναστῆναι
436 372 620 405 δεσποτικοῖςς
630 373 725 404 Οὐδεὶς
736 373 882 404 παντελῶς.

971 381 982 400 r
1001 373 1036 400 de
1059 380 1107 400 ore
1133 372 1190 408 ejus
1209 372 1253 407 qui
1278 379 1341 399 vere
1369 372 1440 399 Deus
1467 377 1518 404 est,
1543 371 1593 398 hoc
1616 371 1732 398 omnino-

89 416 202 443 Οὑκοῦν
219 418 288 453 ὅπερ
303 417 336 445 ἂν
352 418 384 445 ἐκ
397 418 530 453 στόματος
546 418 648 451 ἐξέλθοι
670 418 716 445 τοῦ
732 418 802 445 κατὰ
824 418 882 454 ἁλή·

982 426 1089 454 semper
1106 419 1140 446 ad
1153 419 1232 446 linem
1251 418 1353 446 tendet.
1375 417 1448 445 lnest
1464 417 1545 445 enim‘
1572 416 1619 449 illi,
1643 421 1670 444 et
1698 421 1727 442 ut

88 463 169 489 θειαν
185 463 263 494 ὄντος
286 463 365 496 Θεοῦ,
380 464 459 490 τοῦτο
475 464 564 499 πάντη
578 473 607 491 τε
631 465 678 491 καὶ
692 464 801 496 πάντως
823 464 882 499 δρα⁴

971 464 1026 491 mia
1055 466 1184 498 praestare
1215 462 1313 497 possit,
1333 466 1361 490 et
1373 465 1513 497 praeterea‘
1527 462 1608 488 ctiam
1627 466 1655 488 ut
1669 469 1722 488 non

90 511 185 543 μεῐται
209 509 278 545 πρὸς
303 509 391 546 πέρας
404 519 411 525 ·
431 510 520 536 ἔνεστι
533 510 589 545 γὰρ
612 510 643 537 τὸ
654 510 743 537 πάντα
757 510 882 537 δύνασθαι

971 509 1093 537 entiatur.
1125 508 1178 536 Sed
1210 509 1282 536 enim
1324 508 1434 535 demisit
1462 508 1539 535 nobis
1567 507 1725 534 mortalibus

90 555 244 591 κατορθοῦν
270 555 354 591 αὐτῷ,
376 556 424 583 καὶ
446 557 513 591 πρός
535 566 567 591 γε
586 557 673 592 τούτῳ
698 557 729 584 τὸ
750 556 886 591 ἀψευδεῖν.

90 600 167 635 Πλὴν
184 601 361 636 κατέπεμψεν
375 602 441 637 ἡμῖν
451 603 508 634 τοῖς
524 602 572 628 ἐπὶ
588 602 641 637 γῆς
660 603 674 629 ὁ
685 602 751 634 Θεὸς
764 603 811 629 καὶ
829 603 885 629 ﬂet.

87 646 143 680 τὴρ
157 646 236 672 ὑετὸν
249 645 344 682 ὥσπερ
367 647 429 674 τινὰ
446 647 517 674 θεῖόν
544 656 573 674 τε
598 648 645 674 καὶ
668 647 762 682 νοητὸν
776 647 826 683 τὴν
843 647 887 675 διὰ

87 691 213 725 Χριστοῦ
230 692 412 727 παράκλησιν,
427 693 487 727 ἦτοι
502 692 556 719 τῶν
576 692 763 727 εὐαγγελικῶν
780 701 885 728 κηρυγ-

90 737 188 770 μάτων
209 737 259 772 τὴν
282 737 425 773 χορηγίαν,
446 737 479 765 δι’
493 735 527 774 ἧς
541 737 679 774 εὕκαρπος
701 738 748 765 καὶ
772 747 886 774 γονιμω-

88 782 162 817 τάτη
176 782 287 816 γέγονεν
301 784 317 818 ἡ
333 781 464 818 σύμπασα
476 783 522 818 γῆ.
530 782 633 810 Ψάλλει
644 783 709 817 γοῦν
719 784 734 810 ὁ
743 783 886 815 θεσπέσιος

89 828 185 862 Δαὸὶδ,
199 829 246 855 καί
265 837 360 863 φησιν·
381 837 391 854 ι
407 829 566 864 Ἐπεσκέψω
580 829 629 865 τὴν
646 829 708 863 γῆν,
724 829 772 857 καὶ
788 829 886 865 ἐμέθυ-

937 556 1009 584 Deus
1032 560 1059 582 et
1073 554 1162 587 Pater,
1185 555 1262 589 quasi
1287 554 1405 589 pluviam
1426 554 1571 589 quamdam
1602 553 1721 580 divinam

936 606 963 629 ct
975 601 1026 629 sub
1041 600 1244 635 intelligentiam
1261 600 1415 633 cadentem,
1435 599 1648 627 consolationeut
1675 607 1726 634 per

934 647 1084 679 Christum,
1101 646 1159 674 sive
1173 645 1337 680 evangelicae
1371 645 1573 680 praedicationis
1609 645 1725 672 admini-

935 693 1106 724 strationem,
1126 699 1175 726 per
1187 691 1409 727 quam‘universa
1433 696 1505 719 terra
1526 691 1647 719 redditur
1662 691 1720 718 lru~

936 739 1021 774 gil‘era
1038 742 1066 767 et
1102 737 1306 766 fecundissima.
1334 737 1429 766 Psallit
1459 738 1586 766 nimirum
1618 738 1725 765 divinus

936 785 1032 818 David,
1045 788 1072 812 et
1088 784 1195 819 inquit:
1218 793 1228 810 ι
1251 783 1373 811 Visitasti
1389 788 1502 818 terram,
1522 788 1549 811 et.
1583 783 1725 822 inebriasti

936 837 1007 863 eam,
1033 829 1218 864 multiplicasti
1247 829 1413 864 locupletare
1445 837 1515 858 eam.
1549 828 1633 856 llivos
1667 829 1727 863 ejus

89 881 142 903 σας
168 873 272 908 αὐτὴν,
288 872 440 914 ὲπλήουνας
465 873 513 900 τοῦ
537 874 680 902 πλουτίσαι
706 875 802 910 αὑτήν·
823 874 882 906 τοὺς

971 875 1052 907 ebria,
1070 874 1218 909 multiplica
1263 874 1385 909 germina
1413 873 1485 909 ejus,
1516 874 1543 900 in
1581 873 1725 901 stillicidiis

88 919 218 950 αὔλακας
241 919 325 954 αὐτῆς
352 920 478 954 μέθυσον,
505 920 639 955 πλήθυνον
668 920 702 947 τὰ
726 921 884 956 γεννήματα

89 962 188 997 αὐτῆς,
204 963 234 989 ὲν
249 963 309 994 ταῖς
322 963 448 998 σταγόσιν
471 964 556 1000 αὐτῆς
579 964 798 1000 εὐφρανθήσεται
823 966 885 994 ἀνα-

89 1008 232 1034 τέλλουσα.
247 1020 255 1033 ι
269 1009 323 1035 Καὶ
336 1008 389 1044 μὴν
404 1010 450 1035 καὶ
464 1009 508 1036 διὰ
516 1011 607 1046 φωνῆς
619 1011 749 1043 Μωσέως,
767 1021 776 1037 ι
789 1012 882 1039 Κατα-

89 1055 224 1089 ειήσεται,
243 1054 336 1090 φησὶν,
354 1055 392 1087 ὡς
419 1055 495 1087 ὑετὸς
517 1056 548 1083 τὺ
566 1057 733 1093 ἀπόφθεγμα
757 1066 819 1092 μου,
835 1059 883 1085 καὶ

89 1100 241 1136 καταὸήτω
253 1100 290 1132 ὡς
303 1100 398 1137 δρόσος
412 1101 445 1128 τὰ
462 1102 571 1138 ῥήματά
585 1112 662 1138 μου.»
673 1103 840 1130 Ἐπιστὲλλει
854 1105 882 1131 δέ

89 1153 145 1171 τισι
162 1145 210 1170 καὶ
221 1146 235 1171 ὁ
248 1145 383 1179 πάνσοφος
399 1146 515 1178 Παῦλος
529 1157 538 1173 ι
550 1148 580 1174 '0
590 1148 618 1174 δὲ
628 1148 695 1180 Θεὸς
708 1148 758 1184 τῆς
771 1149 882 1185 εἰρήνης

89 1190 209 1225 αὐξῆσαι
222 1191 267 1217 τὸν
286 1192 387 1227 σπόρον
414 1192 502 1227 ὑμῶν,
520 1194 566 1220 καὶ
589 1194 722 1229 πληθύναι
746 1195 780 1222 τὰ
791 1196 884 1231 γεννήο

91 1245 168 1271 ματα
191 1236 242 1272 τῆς
265 1237 436 1273 δικαιοσύνης
461 1238 549 1273 ὑμῶν.
569 1248 578 1265 ι
597 1239 702 1266 ίιύκοῦν
731 1240 883 1276 εὐκαρπίαν

90 1282 251 1317 ἐσχήκαμεν
267 1282 315 1318 τὴν
331 1284 529 1320 πνευματικήν,
541 1284 590 1320 τὴν
605 1285 648 1312 διὰ.
670 1285 790 1321 Χριστοῦ
805 1295 883 1322 χορηο

90 1327 155 1362 γίαν
181 1329 309 1361 λαὸόντες
333 1331 372 1362 εἰς
400 1330 473 1363 νοῦν,
493 1330 562 1357 ὥστε
579 1331 616 1366 μὴ
639 1332 718 1367 μόνον
731 1332 780 1368 τὴν
806 1333 882 1368 ἱερὰν

91 1374 218 1408 συλλέξαι
235 1375 348 1411 τροφὴν,
357 1376 416 1411 ἦτοι
431 1376 476 1402 τὸν
488 1376 569 1412 ἄρτον
583 1377 656 1412 ἔχειν
673 1379 747 1413 ἡμᾶς
760 1378 806 1405 τὸν
819 1379 883 1411 ζωο-

91 1419 179 1451 ποιὸν,
197 1420 264 1446 ἀλλὰ
281 1421 334 1456 γὰρ
350 1421 398 1446 καὶ
415 1420 527 1456 σπέρμα
551 1421 590 1456 τῷ
613 1421 763 1457 σπείροντι.
780 1423 812 1448 Οἱ
827 1423 881 1458 γάρ

92 1475 133 1493 τοι
150 1466 222 1493 λαῶν
241 1467 450 1502 προεστηκότες,
467 1468 513 1493 καὶ
527 1467 670 1503 δογμάτων
681 1467 760 1504 ἱερῶν
773 1469 882 1502 ἐπιστή-

94 1520 186 1546 μονες,
203 1512 249 1539 καὶ
262 1512 446 1546 παιδαγωγεῖν
462 1513 572 1548 ἐτέρους
591 1512 642 1540 οἷοί
661 1523 689 1540 τε
711 1515 758 1541 καὶ
772 1515 817 1541 τὸν
832 1515 881 1550 τῆς

94 1559 292 1594 μυσταγωγίας
310 1560 366 1590 τοῖς
390 1560 442 1586 ὑπὸ
455 1561 534 1595 χεῖρα
552 1560 625 1592 λαοῖς
637 1560 825 1596 ἐξυφαίνοντες
839 1561 882 1587 λό-

93 1612 153 1638 γον,
167 1604 324 1640 σπείρουσιν
339 1606 369 1630 ἐν
385 1606 445 1637 ταῖς
460 1605 583 1641 καρδίαις
601 1606 700 1638 αὐτῶν,
718 1606 747 1633 ὃν
768 1606 883 1642 ἐθησαύ-

95 1660 174 1686 ρισαν
196 1651 288 1682 αὐτοῖς
311 1651 426 1686 σπόρον,
444 1652 757 1688 προκατασωρεύσαντες
780 1654 809 1679 ὲν
823 1655 881 1684 ταῖς

93 1698 199 1724 ἑαυτῶν
215 1697 323 1733 ψυχαῖς.
347 1698 390 1729 Ὠς
403 1698 458 1733 γὰρ
477 1700 490 1725 ὁ
509 1699 645 1733 πάνσοφος
664 1699 768 1731 Παῦλός
785 1708 879 1735 φησιν,

95 1743 183 1771 «Θεοῦ
204 1744 336 1779 γεώργιον
363 1745 457 1778 ἐσμεν*
488 1755 497 1770 ι
525 1746 650 1780 συνεργοὶ
667 1745 721 1780 γὰρ
742 1745 809 1772 Θεοῦ
833 1746 879 1772 τοῦ

93 1790 250 1825 σπείροντας
265 1791 292 1816 ἐν
306 1790 380 1825 ἡμῖν,
393 1790 439 1816 καὶ
449 1790 616 1825 ὄογματικῆς
626 1791 766 1826 εὐτεχνίας
780 1791 880 1824 γνῶσιν

91 1837 204 1872 ἀκριϐῆ,
219 1837 265 1863 καὶ
283 1836 419 1868 πολιτείας
433 1837 548 1871 εὑαγοῦς
562 1837 728 1872 ἐπιστήμην,
751 1837 797 1864 καὶ
811 1846 880 1864 παν-

935 921 992 956 ejus
1005 921 1140 949 laetabitur
1159 919 1312 955 germinans
1327 919 1361 948 ⁸⁸.
1374 929 1388 946 ν)
1403 919 1472 953 Quin
1484 925 1511 946 et
1523 926 1588 947 voce
1602 919 1703 954 Moysis
1717 939 1723 950 ,

937 975 947 992 ι
965 966 1128 998 Descendet,
1146 965 1242 1000 inquit,
1261 969 1389 999 tanquam
1412 964 1502 1000 pluvia
1530 972 1614 992 sonus
1637 972 1725 998 meus,

933 1017 960 1040 et
981 1012 1146 1040 descendant
1160 1019 1209 1040 ceu
1229 1019 1274 1039 ros
1284 1012 1364 1039 verba
1379 1019 1438 1038 utea
1450 1011 1511 1037 "ﬁt
1527 1011 1629 1038 Scribit
1641 1011 1724 1038 etiam

934 1059 967 1086 ad
985 1058 1116 1093 quosdam
1149 1057 1370 1092 sapientissimus
1384 1056 1505 1084 Paulus:
1524 1066 1534 1082 ι
1566 1056 1637 1083 Deus
1650 1056 1724 1091 pacis

934 1109 1032 1140 augeat
1045 1108 1194 1132 sementem
1211 1107 1344 1136 vestram.
1358 1109 1385 1130 et
1413 1103 1574 1138 multiplicet
1599 1102 1723 1137 germina

932 1150 1045 1185 iustitiae
1057 1153 1152 1177 vestra:
1168 1150 1201 1177 °°.
1222 1158 1234 1176 ι
1251 1149 1403 1177 Habuimus
1433 1149 1524 1184 itaque
1548 1149 1574 1176 in
1604 1149 1724 1176 animum

933 1197 1100 1229 ubertatem,
1124 1201 1236 1232 accepta
1263 1195 1378 1231 spiritali
1404 1203 1452 1231 per
1478 1196 1616 1224 Christum
1645 1195 1725 1230 largi-

933 1242 1017 1274 tione,
1035 1242 1072 1269 ita
1086 1246 1114 1269 ut
1127 1249 1180 1269 non
1195 1242 1281 1270 solum
1299 1248 1407 1269 sacrum
1419 1241 1509 1269 cibum
1523 1241 1722 1276 collegerimus,

932 1296 964 1316 ac
985 1295 1082 1323 partem
1105 1287 1240 1315 viviﬁcum
1257 1295 1306 1315 nos
1328 1288 1485 1320 habeamus,
1499 1287 1547 1315 sed
1572 1291 1653 1314 etiam
1681 1295 1725 1315 se-

933 1342 994 1361 tuen
1006 1333 1117 1361 serenti.
1147 1333 1235 1360 Duces
1259 1333 1332 1361 enim
1346 1333 1517 1368 populorum,
1533 1338 1561 1361 et
1579 1341 1722 1361 sacrorum

933 1381 1091 1413 dogmatum
1105 1379 1194 1414 periti,
1214 1379 1315 1413 quique
1340 1379 1476 1414 paedagogi
1495 1379 1555 1407 aliis
1567 1387 1628 1406 esse
1658 1387 1724 1414 pos-

934 1431 1006 1458 sunt,
1029 1430 1056 1452 et
1072 1425 1245 1461 mystagogiae
1262 1431 1415 1452 sermonem
1423 1425 1520 1459 populo
1537 1425 1644 1452 subdito
1657 1433 1725 1459 prte-

935 1476 1039 1504 texere,
1056 1476 1151 1498 serunt
1168 1471 1194 1498 iu
1208 1471 1336 1499 cordibus
1353 1478 1446 1498 eorum
1474 1478 1567 1498 semen
1585 1472 1657 1506 quod
1684 1479 1724 1499 rc-

932 1518 1121 1549 condiderunt,
1138 1517 1266 1552 quodque
1287 1517 1362 1551 prius
1384 1517 1412 1544 in
1424 1517 1522 1544 animis
1541 1518 1598 1545 suis
1610 1525 1725 1552 cenges‘

936 1568 1039 1591 serunt.
1069 1563 1102 1590 Ut
1124 1563 1197 1590 enim
1225 1562 1443 1597 sapientissimus
1459 1562 1558 1590 Paulus
1579 1563 1636 1590 ait:
1655 1572 1664 1588 ι
1679 1562 1726 1590 Dei

936 1610 1092 1644 agricolatio
1106 1617 1200 1637 sumus
1213 1609 1246 1636 ⁵¹.
1264 1618 1273 1635 ι
1299 1608 1456 1643 Cooperarii
1485 1616 1602 1643 namque
1631 1617 1726 1635 sumus

937 1657 995 1688 Dei.
1021 1656 1065 1691 qui
1088 1656 1165 1683 nobis
1184 1656 1340 1690 dogmatum
1356 1655 1536 1690 cognitionem
1554 1660 1687 1686 exactam,
1698 1659 1728 1682 et.

935 1706 1035 1729 sancta:
1046 1700 1261 1729 conversationis
1272 1700 1424 1732 scientiam,
1440 1704 1466 1727 ct
1481 1700 1569 1727 omnis
1575 1699 1655 1734 783
1664 1698 1727 1725 boui

934 1747 1096 1775 desiderium
1117 1746 1222 1774 inserit.
1239 1745 1288 1773 llic
1312 1749 1401 1772 autcttt
1427 1751 1468 1772 cst
1482 1745 1618 1776 Christus,
1635 1745 1680 1778 qui
1694 1744 1727 1770 de

933 1801 963 1821 se
977 1794 1034 1828 ipso
1049 1793 1114 1820 dicit
1132 1800 1139 1819 :
1162 1801 1172 1818 ι
1189 1791 1260 1819 Ειιίἰι
1273 1792 1319 1826 qui
1339 1791 1406 1819 serit
1420 1791 1454 1818 ad
1471 1791 1615 1819 serendum
1633 1798 1725 1818 semen

934 1847 1011 1866 suum
1028 1839 1061 1865 °‘.
1081 1849 1090 1865 ι

91 1885 140 1915 τὸς
155 1884 245 1917 ἔφεσιν
259 1883 361 1917 ἁγαθοῦ
384 1884 553 1919 πράγματος·
567 1881 643 1916 οὗτος
657 1884 685 1911 δέ
704 1885 776 1911 ἐστιν
795 1885 809 1911 ὁ
825 1885 952 1920 Χριστὸς,
964 1886 992 1917 ὃς
1011 1885 1044 1920 δὴ
1056 1885 1101 1912 καὶ
1113 1885 1177 1920 περὶ
1196 1883 1278 1910 αὑτοῦ
1292 1892 1373 1919 φησιν
1384 1892 1390 1898 ·
1416 1893 1424 1908 ι
1437 1883 1564 1918 Ἐξῆλθεν
1576 1884 1590 1910 ὁ
1603 1883 1725 1916 σπείρων

91 1930 140 1957 τοῦ
152 1930 260 1965 σπεῖραι
273 1929 318 1955 τὸν
331 1929 430 1964 σπόρον
445 1929 536 1956 αὐτοῦ.
554 1939 563 1954 ι

131 1977 183 2004 Kal
201 1976 339 2003 εὑοδώσω
349 1976 401 2009 τὰς
414 1976 504 2009 όδούς
516 1985 585 2010 μου,
598 1976 645 2003 καὶ
664 1975 699 2003 τὰ
711 1976 882 2012 ἑντιὶλματά

90 2033 161 2059 μου.
177 2023 224 2059 Ἐν
233 2022 286 2058 γὰρ
299 2023 471 2057 εὐφροσύνῃ
481 2021 688 2055 ἑξελεύσεσθε,
700 2022 749 2049 καί
762 2023 797 2050 ἐν
806 2022 883 2058 χαρᾷ

93 2069 327 2103 διδαχθήσεσϐε.

135 2115 335 2150 ’Υποσχόμενος
349 2114 391 2140 ὅτι
401 2113 488 2149 πάντη
499 2122 529 2140 τε
543 2115 590 2140 καὶ
603 2114 711 2146 πάντως
721 2115 882 2150 ἐλεηθήσον-

96 2170 140 2188 ται
159 2160 221 2192 τοὺς
239 2161 290 2194 τῆς
315 2159 450 2194 ἁμαρτίας
467 2159 662 2195 ἀπονιψάμενοι
681 2160 782 2196 ῥύπους
794 2180 800 2192 ,
823 2158 882 2187 εἶτα

97 2207 213 2242 καθαροὶ
223 2207 362 2241 γεγονότες
371 2206 445 2241 αὐτῷ
456 2206 670 2241 συναφθήσονται
682 2206 882 2241 πνευματικῶς,

97 2254 203 2280 ἔσονται
217 2253 245 2280 δὲ
256 2254 279 2279 οἱ
292 2252 399 2288 μακρὰν
415 2253 506 2287 ἐγγὺς,
519 2253 566 2279 καὶ
586 2253 644 2283 ταῖς
663 2252 727 2287 παρ’
740 2252 821 2278 αὐτοῦ
839 2261 883 2287 φι-

97 2300 230 2334 λοτιμίαις
243 2300 517 2335 κατοπτιανϐήσονται,
532 2300 577 2326 καὶ
588 2299 631 2326 διὰ
643 2299 724 2333 μέσου
739 2299 883 2334 παρενθεὶς

96 2346 128 2373 τὰ
141 2346 175 2372 δι’
190 2343 228 2373 ὧν
235 2343 269 2381 ἦν
277 2345 404 2373 δύνασθαι
419 2345 556 2373 πιστεύειν
570 2346 678 2377 αὐτοὺς,
689 2346 730 2372 ὃτι
745 2345 792 2372 καὶ
803 2345 882 2379 ἀψευ-

96 2394 144 2428 δὴς
160 2390 188 2428 ᾖ,
206 2392 272 2424 Θεὸς
295 2393 333 2419 ὢν
352 2393 442 2426 φύσει,
470 2393 517 2419 καὶ
535 2392 590 2419 τῶν
605 2392 745 2427 δυνάμεων
771 2392 881 2427 Κύριος,

96 2439 187 2473 ἔχεται
204 2438 285 2465 πάλιν
307 2438 362 2464 τῶν
381 2438 489 2473 ἐφεξῆς,
516 2438 575 2473 ἤτοι
591 2438 640 2473 τῆς
667 2436 883 2473 ἁπαριθμήσεως

95 2485 149 2511 τῶν
160 2484 346 2519 δοθησομένων
361 2484 453 2516 αὐτοῖς
479 2484 672 2519 πνευματικῶν
696 2483 881 2518 χαρισμάτων.

97 2530 229 2558 Εὑοδώσω
250 2530 314 2564 γὰρ,
330 2531 407 2565 φησι.
431 2530 480 2561 τὰς
497 2530 573 2560 ὁδούς
588 2538 650 2564 μου,
664 2529 711 2556 καὶ
732 2529 766 2556 τὰ
788 2529 882 2555 ἐντάλ-

98 2577 170 2612 ματά
198 2584 258 2612 μου·
283 2576 354 2612 μέγα
367 2575 444 2602 τοῦτο
458 2576 505 2603 καὶ
519 2576 679 2611 ἁξιόληπτον
701 2576 812 2610 ἀγαθὸν,
837 2576 884 2602 καὶ

97 2624 183 2656 ξένιον
199 2621 314 2658 οὐρανοῦ
326 2630 333 2637 ·
352 2622 398 2649 καί
409 2622 470 2649 τίνα
486 2622 595 2657 τρόπον,
610 2621 736 2657 ἐροῦμεν.
756 2623 817 2653 Τοῖς
835 2622 884 2656 μὲν

97 2670 150 2704 γὰρ
163 2670 195 2695 ὲκ
207 2668 361 2704 φιληδονίας
371 2668 506 2703 κοσμικῆς
516 2668 555 2699 εἰς
564 2668 718 2703 εὐσχήμονα
731 2667 802 2703 ζωὴν
819 2667 883 2702 μεθ-

96 2714 256 2750 ορμίζεσθαι
276 2713 447 2749 βουλομένοις
465 2713 515 2740 οὐκ
530 2713 632 2748 ἄτραχυ
649 2713 678 2739 τὸ
694 2714 787 2748 χρῆμά
800 2714 883 2741 ἐστιν.

97 2761 153 2789 ὰἰ.λ“
164 2761 224 2788 οὐδὲ
238 2760 350 2795 βάσιμον
365 2760 393 2785 ἐν
406 2760 512 2795 ἀρχαῖς.
546 2759 748 2786 Ἀντοινίσταται
769 2758 822 2793 γὰρ
836 2758 883 2785 αὐ-

133 2821 156 2836 ”
174 2820 225 2846 lsa.
243 2827 298 2848 xtv,
315 2819 359 2844 Ἦ.
414 2819 435 2833 ⁵“
453 2817 522 2845 l‘sal.
543 2826 615 2850 LXH',
648 2819 686 2847 [0.
709 2818 748 2844 ll.

100 2856 120 2871 "
138 2855 227 2883 Matth.
245 2862 304 2887 xm,
323 2854 349 2881 ὅ.

806 2819 838 2833 δῖ’·
856 2818 931 2845 Deut.
964 2825 1050 2850 χχχιι,
1076 2816 1101 2842 2.

971 1976 1052 2003 Vens.
1083 1975 1126 2001 l2.
1157 1973 1189 2000 Et
1203 1972 1360 2008 prosperabo
1379 1972 1434 1999 vias
1457 1980 1526 2000 mea:
1549 1978 1572 1999 et
1596 1979 1726 2008 pra'ceptn

936 2030 1002 2049 mea.
1024 2020 1095 2047 Nam
1110 2027 1170 2047 cum
1184 2019 1276 2046 lwlilia
1291 2017 1468 2053 egredientiui,
1488 2024 1513 2045 et
1545 2027 1603 2045 cum
1628 2020 1726 2054 gaudia

935 2065 1104 2094 docebimini.

971 2113 1037 2140 Cum
1051 2112 1086 2139 sit
1101 2111 1236 2146 pollicitus
1254 2110 1438 2146 plenissimam
1459 2115 1651 2138 consecuturos
1665 2118 1726 2138 esse

935 2157 1159 2188 miscricordiam,
1174 2156 1219 2190 qui
1237 2157 1340 2191 peccati
1361 2157 1456 2183 sordes
1477 2156 1602 2187 clueriut,
1620 2161 1646 2182 ct
1668 2157 1727 2190 qui,

940 2203 1032 2232 mundi
1049 2202 1122 2235 facti,
1137 2201 1240 2229 fuerint
1255 2201 1393 2236 conjuncti
1414 2209 1474 2229 cutn
1494 2209 1527 2229 eo
1541 2201 1726 2236 spiritualiter.

937 2258 968 2278 ac
980 2251 1038 2277 fore
1048 2248 1212 2283 propinquos
1228 2247 1272 2282 qui
1287 2247 1424 2281 longinqui
1439 2247 1558 2278 fuerunt,
1571 2255 1602 2274 ac
1619 2247 1727 2274 muniti»

938 2296 1025 2324 centia
1040 2295 1098 2330 ejus
1113 2293 1276 2329 saginandus
1287 2301 1319 2320 ac
1330 2294 1509 2324 recreandos;
1520 2293 1666 2326 cutuqnciu
1678 2302 1728 2319 nu:-

937 2343 980 2370 dio
990 2334 1182 2376 interposuerit
1197 2347 1227 2367 ea
1247 2340 1317 2366 unde
1330 2339 1409 2366 ﬁdem
1426 2338 1516 2366 facere
1537 2344 1626 2372 posset
1638 2347 1667 2366 se
1682 2347 1729 2365 ve-

934 2395 992 2414 rum
1003 2379 1064 2414 esse
1079 2391 1174 2413 natura
1186 2385 1268 2412 Dcttnt
1283 2392 1314 2412 ac
1324 2384 1639 2411 Domitwntexcrcituum
1654 2394 1659 2411 :
1673 2393 1730 2411 rur-

934 2440 981 2460 sus
989 2439 1049 2466 qua:
1063 2435 1213 2466 sequuntur
1224 2428 1406 2464 prosequitur,
1422 2434 1449 2456 et
1461 2430 1599 2456 continuat
1613 2439 1726 2457 cnumc-

935 2478 1069 2504 ratiouem
1087 2476 1268 2511 spiritualium
1283 2475 1413 2502 donorum
1428 2483 1486 2509 quae
1502 2475 1555 2501 illis
1580 2475 1726 2502 dabuntur.

935 2523 1113 2557 l‘rospcrabo,
1130 2523 1225 2556 inquit,
1245 2523 1300 2549 vias
1317 2529 1389 2548 meas
1403 2527 1429 2547 ct
1440 2525 1570 2556 prmcopta
1586 2529 1653 2548 mea.
1670 2521 1729 2548 Ma—

938 2577 1019 2604 gnum
1032 2569 1093 2602 hoc,
1101 2573 1128 2595 et
1138 2574 1189 2594 non
1198 2567 1394 2601 aspernandth
1409 2567 1579 2599 benelicium,
1593 2572 1619 2594 et
1630 2569 1727 2594 donum

939 2616 1048 2644 caeleste
1059 2623 1067 2642 :
1080 2613 1214 2649 quontodo
1231 2617 1331 2644 autem,
1346 2613 1476 2641 dicemus.
1484 2613 1532 2646 Qui
1548 2614 1641 2641 enimn
1652 2622 1730 2640 mutt-

938 2664 1014 2691 dana:
1020 2661 1163 2696 voluptatis
1172 2667 1263 2687 amore
1274 2660 1307 2688 ad
1317 2660 1457 2687 honestam
1467 2661 1548 2687 vitam
1563 2661 1675 2688 transire
1686 2668 1731 2687 vc-

939 2709 1007 2742 lnnt,
1018 2709 1044 2736 hi
1054 2708 1169 2742 primunt
1179 2706 1205 2734 in
1217 2713 1312 2741 aspera
1322 2713 1351 2734 re
1360 2714 1392 2733 ac
1405 2714 1457 2734 non
1470 2707 1505 2734 ita
1517 2714 1598 2741 prona
1606 2712 1632 2734 et
1640 2707 1730 2741 pervia

938 2763 1089 2786 versantur.
1106 2757 1272 2784 Adversatur
1287 2754 1358 2782 enim
1380 2754 1432 2782 illis
1446 2755 1516 2782 trita:
1527 2755 1604 2789 quasi
1616 2761 1732 2782 consuc‘

1159 2815 1181 2830 εί·
1202 2813 1223 2841 ll
1244 2813 1305 2841 Cor.
1332 2820 1370 2846 ιι,
1388 2813 1430 2840 10.
1486 2813 1505 2828 ⁶¹
1527 2811 1535 2838 l
1555 2812 1615 2840 Cor.
1635 2819 1675 2844 ιιι,
1705 2810 1731 2836 9.
