1883 3054
153 134 164 161 1
171 134 223 162 255

647 131 674 158 S.
697 130 832 160 CVRIILI
854 128 1086 157 ALEXANDRINI
1107 128 1265 158 ARCHIEP.

1716 128 1780 156 1236

152 192 256 220 tudinis
276 191 398 224 dulcedo,
426 195 453 218 et
478 194 594 218 mentem
618 198 710 218 eorum
735 190 845 218 tristitia
862 190 936 218 velut

1037 200 1041 221 ς
1062 190 1157 226 ὥσπερ
1171 190 1220 225 τῆς
1241 189 1381 225 ὲντριὸοὗς
1402 188 1547 224 συνηθείας
1568 189 1598 215 τὸ
1617 188 1720 222 γλυκὺ,
1740 195 1783 214 και

153 235 281 263 inebriat.
294 235 348 262 Nec
362 235 432 262 enim
444 233 667 262 carnis'affectus
682 234 762 263 facile
779 239 842 262 sunt
856 235 939 262 evita-

153 281 232 314 biles,
246 288 294 308 nec
307 281 425 316 proclive
451 285 492 309 est
503 281 665 314 volentibus,
683 282 717 309 ad
735 281 863 308 virtutem
878 288 940 308 cur-

154 334 230 355 rere.
246 328 280 354 At
294 332 470 362 prosperante
486 336 518 356 ac
537 333 712 363 promovente
737 328 803 359 Deo,
825 332 852 355 et
880 327 939 354 loca

155 372 225 399 invia
243 377 270 400 et
281 378 414 408 przerupta
444 374 586 402 alleviante
608 379 634 402 et
651 373 849 409 complanante,
865 373 941 400 facil—

154 417 218 445 lime
229 418 288 453 quis
300 418 442 446 aﬂ‘erluum
457 419 573 447 assultus
587 420 678 455 fugere
693 420 836 455 poterit,et
848 419 940 446 fortis-

155 462 223 489 sime
233 463 266 489 ad
275 463 404 490 virtutum
414 464 521 492 culmen
532 465 646 492 assilire.
656 465 790 499 Scriptum
801 469 841 492 est
851 465 938 492 enim:

158 518 167 534 ι
194 509 298 537 Montes
324 511 422 538 excelsi
445 512 532 538 cervis
546 511 579 539 ".
596 520 606 537 ›
631 510 701 544 Quid
723 518 788 544 ergo
817 510 942 545 promisit

162 554 232 581 Deus
247 554 273 581 in
288 555 374 588 ipsutn
387 556 582 583 credentibus?
597 555 765 590 Prosperabo
784 556 841 582 vias
856 562 940 586 meas,

157 604 184 627 ct
195 601 322 628 mandata
338 608 408 634 mea,
432 605 459 629 et
472 608 524 628 non
540 609 600 628 cum
619 602 727 628 tristitia
753 601 940 636 cgredicmini,

159 645 207 672 sed
223 653 284 672 cum
294 646 391 680 gaudio
399 646 572 674 docebiutini.
585 646 641 675 Hoc
654 647 760 674 demum
774 652 825 680 est.
835 647 941 682 opinor,

156 691 226 725 quod
245 691 307 719 alibi
319 699 412 720 rursus
429 693 498 720 dixit
513 692 652 728 Scriptura
667 693 825 728 prophetica
840 702 846 720 :
866 702 875 719 ι
892 692 943 720 Via

157 737 262 768 piorum
279 742 352 766 recta
366 738 436 766 facta
448 743 498 772 est,
515 744 541 766 et
553 744 703 774 praeparata
719 740 760 767 via
776 741 881 775 piorum
890 739 940 766 “.t

156 782 206 810 Via
227 783 298 811 enim
314 785 418 812 Domini
440 784 581 819 judicium.
599 785 678 812 Alius
704 785 784 812 etiam
811 793 826 813 e
841 785 943 812 sanctis

156 831 313 865 prophetis,
325 841 334 857 ι
350 831 451 865 Rectae,
471 841 480 857 ›
504 831 602 866 inquit,
618 839 628 856 ί
645 836 708 859 sttnt
721 831 772 859 vite
787 831 904 864 Domini,
916 836 943 858 et

154 876 219 910 justi
234 876 409 904 ambulabunt
428 877 454 904 in
466 877 506 905 eis
519 887 526 904 ι
539 877 612 912 impii
625 881 714 904 autem
735 877 944 905 inﬂrmabuntur

157 923 183 948 in
196 922 274 950 eis“.
291 932 300 948 ›
315 923 369 950 Deo
379 923 450 950 enim
464 923 516 951 illis
530 923 588 951 vias
603 931 655 951 non
669 923 814 959 levigante,
824 931 872 959 per
885 923 944 952 illas

157 967 222 994 ferri
254 975 307 995 non
341 973 478 1003 poterunt.
496 967 572 1002 Quod
595 969 678 1002 enim,
705 973 734 996 ut
761 968 827 1002 dixi,
843 968 943 996 donum

159 1014 269 1042 caeleste
282 1015 328 1047 sit,
344 1015 402 1042 vias
416 1015 520 1043 divinas
543 1016 582 1042 ire
599 1022 688 1050 posse,
705 1019 732 1042 et
746 1015 859 1050 implere
872 1023 943 1042 man-

157 1061 219 1087 data
235 1060 333 1095 quibus
350 1061 383 1088 ad
407 1061 490 1089 Deum
511 1061 609 1096 aliquis
623 1060 736 1093 feratur,
753 1060 854 1093 docuit,
883 1068 944 1088 cum

157 1106 230 1134 velut
242 1107 275 1134 de
288 1107 428 1143 Synagoga
448 1107 612 1140 Judaaorum,
627 1106 709 1142 784
721 1107 866 1142 Propterea
881 1115 945 1135 ecce

157 1160 219 1186 ego,
238 1153 334 1188 inquit,
351 1154 490 1180 obstruam
508 1155 565 1181 vias
579 1153 636 1188 ejus
647 1154 768 1187 sudibus,
785 1157 812 1181 et
843 1158 945 1188 qumret

156 1198 226 1230 vias,
239 1203 266 1225 et
280 1206 332 1226 non
345 1199 480 1226 inveniet.
504 1198 597 1234 Itaque
623 1207 676 1231 me,
711 1199 807 1234 inquit.
833 1206 944 1234 prospe-

158 1249 234 1271 rante
268 1245 404 1277 mandata,
427 1252 488 1272 cum
514 1245 607 1272 latitia
636 1245 868 1279 egredieminiﬂd
891 1250 943 1277 est,

156 1290 241 1318 dolori
265 1298 316 1318 non
343 1291 534 1323 succumbetis,
550 1298 599 1318 nec
619 1291 701 1318 corde
725 1291 894 1326 pungemini,
917 1296 945 1319 et

157 1335 297 1363 affectibus
308 1337 385 1364 vaCui
402 1337 488 1369 eritis,
500 1340 527 1364 et
554 1337 587 1364 ad
601 1336 740 1364 meliorem
761 1342 788 1364 et
805 1337 944 1364 admiran-

158 1381 218 1408 dam
237 1381 320 1408 vitam
337 1382 541 1409 transcurretis.
555 1382 722 1409 Doceliimini
739 1382 812 1409 enim
827 1383 946 1417 gauden-

157 1430 210 1459 tes,
224 1431 252 1454 et
264 1427 446 1454 sacrosanctis
462 1427 632 1455 sermonibus
647 1431 752 1455 vosmet
765 1427 942 1455 obiectantes.

158 1471 292 1500 Nimirum
304 1473 413 1500 divinus
431 1472 533 1500 David:
553 1482 562 1499 ι
582 1473 667 1506 Quam
682 1472 782 1507 dulcia,
795 1483 805 1500 ι
844 1474 943 1508 inquit,

160 1527 170 1543 ‹
188 1517 311 1545 faucibus
333 1518 400 1545 meis
424 1518 533 1545 oracula
548 1519 611 1545 tua!
632 1517 719 1552 Supra
734 1518 787 1546 mel
803 1523 830 1546 et
854 1518 944 1546 favum
959 1531 980 1560 ρ

157 1563 198 1590 ori
209 1571 269 1590 meo
281 1563 313 1595 ⁵⁸,
329 1572 339 1589 ι
355 1570 387 1590 ac
397 1563 607 1598 prudentissime
616 1561 759 1590 aﬂirmavit
770 1564 941 1598 gaudendum

158 1609 185 1634 in
202 1608 254 1635 illis
277 1609 362 1644 magis
378 1616 458 1643 quam
477 1609 504 1637 in
518 1609 645 1636 omnibus
661 1608 772 1637 divitiis.
789 1608 857 1636 Cum
878 1617 944 1644 gau-

160 1654 204 1681 dio
212 1662 356 1681 accurrere
368 1655 479 1689 intelligi
489 1659 633 1689 possuntet
641 1655 730 1682 aliter.
741 1655 860 1683 Liberali
871 1656 943 1684 enim

158 1709 173 1727 a
192 1701 306 1735 pristino
319 1708 422 1733 errore,
434 1701 580 1735 gaudentes
593 1701 760 1728 vocationem
776 1708 791 1728 a
806 1701 860 1728 Deo
874 1701 944 1728 arri-

157 1746 243 1780 piunt.
260 1746 335 1779 Quod
354 1753 447 1773 verum
464 1753 534 1776 esse.
546 1753 578 1773 ex
590 1745 656 1780 ipsis
674 1747 755 1773 rebus
766 1746 858 1773 videre
869 1746 944 1774 licet.

990 235 1192 271 καταμεθύσκει
1206 237 1265 267 ταῖς
1280 235 1379 266 λύπαις
1406 235 1451 261 τὸν
1467 236 1496 262 ὲν
1511 235 1602 266 αὐτοῖς
1629 234 1697 260 ὄντα
1712 233 1782 260 νοῖεν.

991 281 1048 308 Οὐκ
1067 280 1232 315 εὑδιάφυκτα
1249 280 1304 315 γὰρ
1321 281 1355 306 τὰ
1366 280 1417 315 τῆς
1435 279 1536 315 σαρκὸς
1552 280 1638 313 πάθη,
1657 279 1722 305 οὒτε
1735 279 1784 313 μὴν

990 328 1046 359 τοῖς
1068 327 1204 354 ἐθέλουσιν
1226 326 1349 362 εὑτριδὲς
1365 325 1396 352 τὸ
1412 326 1518 361 τρέχειν
1542 327 1582 356 εἰς
1603 325 1718 360 ἀρετήν.
1738 324 1782 349 Εὑ-

991 373 1112 406 οδοῦντός
1138 381 1169 407 γε
1188 373 1241 408 μὴν
1261 372 1308 399 τοῦ
1323 371 1400 403 Θεοῦ,
1428 372 1475 398 καὶ
1490 372 1524 398 τὰ
1547 371 1723 406 δυσπόρευτα
1741 370 1786 395 καὶ
1832 400 1838 409 _

991 419 1091 454 ἀνάντη
1109 419 1175 453 ψιλὰ
1199 417 1318 449 τιθέντος
1331 417 1378 444 καὶ
1392 418 1521 452 εὐήλατα,
1540 417 1621 452 φύγοι
1638 425 1680 447 τις
1696 415 1730 442 ἂν
1743 416 1786 441 καὶ

993 465 1065 500 μάλα
1080 465 1178 500 ῥᾳδίως
1193 464 1239 491 ml.
1255 464 1369 496 τὰςιτῶν
1389 464 1483 491 παθῶν
1504 463 1669 499 προσϐολὰς,
1691 461 1786 488 εὐσθε-

992 510 1109 538 νέστατα
1127 510 1156 537 δὲ
1180 510 1228 537 καὶ
1242 511 1281 541 είς
1296 510 1331 537 τὰ
1343 509 1398 536 τῶν
1413 509 1518 545 ἀρετῶν
1535 509 1672 544 ὑψώματα
1689 508 1786 542 διαπη-

992 556 1107 592 δὴσειεν.
1124 556 1280 591 Γέγραπται
1301 556 1355 591 γάρ
1365 563 1371 570 ·
1389 555 1474 590 «Ὀρη
1488 555 1522 581 τὰ
1537 554 1629 589 ὑψηλὰ
1651 555 1714 584 ταῖς
1728 553 1787 580 ἐλά-

993 611 1063 636 φοις.
1084 611 1093 628 ι
1108 602 1141 628 Τί
1161 602 1251 629 τοίνυν
1273 601 1339 633 Θεὸς
1352 600 1549 635 ἐπαγγέλλεται
1568 601 1625 631 τοῖς
1647 601 1688 630 εἰς
1710 599 1788 625 αὐτὴν

994 648 1184 681 πιστεύσασιν;
1202 646 1333 674 Εὑοδώσω
1345 647 1394 678 τὰς
1408 646 1484 677 ὁδούς
1497 654 1561 681 μου,
1577 646 1624 672 καὶ
1644 645 1679 671 τὰ
1696 644 1787 671 ἐντάλσ

995 691 1068 726 ματά
1086 700 1147 726 μου,
1159 691 1206 718 καὶ
1218 692 1268 718 οὐκ
1280 691 1308 717 ἐν
1322 691 1394 726 λύπῃ
1409 689 1593 724 ὲξελεύσεσθε,
1609 690 1668 717 ἀλλ’
1681 690 1711 715 ἐν
1722 690 1790 724 χαρᾷ

992 737 1195 772 διδαχθήσεσῦε.
1214 737 1310 770 Τοῦτο,
1329 735 1417 773 οἶμαι,
1437 737 1522 769 ἐστὶν,
1539 737 1609 772 ὅπερ
1629 736 1682 771 ἔφη
1712 736 1790 762 πάλιν

993 783 1106 819 ἑτέρωθί
1122 792 1172 809 που
1189 783 1220 810 τὸ
1229 784 1347 819 γράμμα
1358 783 1389 810 τὸ
1403 783 1573 818 προφητικόν
1583 791 1590 798 θ
1602 791 1610 808 ι
1621 781 1700 813 Ὁδὸς
1714 782 1790 807 εὐσε-

994 830 1048 856 6ὧν
1063 829 1155 856 εὐθεῖα
1168 829 1284 863 ἐγένετο,
1296 829 1343 856 καὶ
1361 828 1609 864 παρεσκευασμένη
1630 829 1647 863 ἡ
1663 827 1726 859 ὁδὸς
1741 827 1791 853 τών

996 876 1123 903 εὐσεϐῶν.
1136 886 1144 902 ι
1163 876 1195 902 Ἦ
1209 876 1263 911 γὰρ
1278 875 1336 907 ὁδὸς
1350 875 1453 911 Κυρίου
1466 875 1686 911 κρίσις.Ἕτερος
1700 874 1729 900 δὲ
1740 873 1791 900 τῶν

995 922 1080 957 ἁγίων
1108 922 1267 958 προφητῶν,
1287 931 1296 947 t
1310 921 1429 953 Εὐθεῖαι,
1446 921 1539 956 φησὶν,
1557 921 1584 947 αἱ
1604 920 1660 946 ὁδοὶ
1675 919 1790 953 Κυρίου,

995 969 1041 996 καὶ
1054 968 1152 995 δίκαιοι
1167 967 1347 1004 πορεύσονται
1361 967 1390 994 ὲν
1400 967 1507 998 αὐταῖς,
1517 967 1541 992 οἱ
1551 966 1579 992 δὲ
1589 966 1700 996 ἀσεῆεἰς
1714 965 1792 991 ἀσθε-

995 1003 1121 1050 νῆσουσιν
1135 1016 1163 1041 ὲν
1176 1015 1281 1045 αὑταῖς,
1299 1023 1308 1040 ›
1327 1014 1395 1040 Θεοῦ
1418 1013 1472 1049 γὰρ
1490 1013 1580 1045 αὐτοῖς
1597 1012 1648 1044 τὰς
1665 1012 1746 1043 ὁδοὺς
1763 1011 1792 1038 οὺ

995 1061 1295 1093 καταλειαίνοντος,οὺκ
1307 1060 1339 1087 ἂν
1351 1061 1490 1096 ίσχύσειαν
1504 1059 1635 1094 φέρεσθαι
1647 1058 1682 1084 δι’
1692 1058 1790 1084 αὐτῶν.

996 1110 1056 1136 ’Ότι
1069 1109 1122 1145 γὰρ
1135 1109 1220 1142 ξένιον
1233 1109 1316 1141 ἐστιν,
1332 1108 1369 1140 ὼς
1386 1107 1463 1142 ἔφην,
1479 1106 1595 1142 οὐρανοῦ
1608 1106 1639 1132 τὸ
1655 1105 1706 1137 τὰς
1720 1105 1793 1136 Θείας

995 1155 1125 1182 δύνασθαι
1145 1154 1263 1190 βαδίζειν
1276 1153 1362 1185 ὀδοὺς,
1374 1153 1422 1180 καὶ
1433 1152 1554 1187 πληροῦν
1574 1150 1791 1184 τάίὲντάλματα,

995 1200 1028 1227 δι’
1041 1197 1078 1226 ὦν
1098 1200 1130 1227 ἄν
1153 1208 1194 1231 τις
1219 1199 1316 1225 ἐλάσαι
1331 1198 1400 1233 πρὸς
1415 1198 1490 1230 Θεδν,
1507 1196 1624 1229 ἐδίδαξεν
1649 1195 1740 1221 εἰπὼν
1757 1195 1793 1225 ὠς

996 1246 1122 1281 περὶτῆς
1141 1245 1274 1271 Ἰουδαίων
1288 1244 1462 1279 Συναγωγῆς·
1485 1242 1535 1269 Διὰ
1551 1241 1630 1268 τοῦτο
1651 1240 1707 1267 ἰδοὺ
1728 1238 1792 1273 ἐγὼ,

996 1292 1074 1327 φησὶ,
1091 1291 1205 1326 φράπσω
1215 1291 1262 1322 τὰς
1277 1291 1354 1322 ὀδοὺς
1364 1289 1449 1324 αὐτῆς
1464 1289 1493 1315 ὲν
1509 1288 1631 1322 σκόλοψι,
1649 1287 1698 1313 καὶ
1713 1285 1794 1320 ζητή-

997 1347 1037 1365 σει
1051 1338 1100 1369 τὰς
1117 1337 1192 1368 ὀδοὺς
1205 1337 1300 1372 αὐτῆς,
1326 1336 1371 1362 καὶ
1383 1336 1413 1362 οὐ
1427 1335 1464 1371 μὴ
1480 1334 1558 1370 εὕρῃ.
1582 1332 1692 1361 Οὐκοῦν
1715 1330 1792 1366 ἐμοῦ,

996 1385 1088 1420 φησὶν,
1099 1384 1251 1416 εὐοδοῦντος
1262 1383 1296 1410 τὰ
1307 1383 1471 1418 ἐντάλματα,
1482 1383 1511 1407 ὲν
1519 1379 1675 1415 εὐφροσύνη
1688 1377 1794 1410 ἐξελεύ-

996 1431 1085 1463 σεσοε,
1101 1431 1250 1462 τουτέστιν,
1265 1429 1394 1465 ἀμείνους
1409 1427 1503 1454 ἔσεσθε
1517 1426 1616 1461 λύπης,
1628 1426 1661 1452 οὐ
1677 1423 1794 1457 καταδη-

996 1477 1128 1512 χοήσεσοε
1143 1477 1192 1512 τὴν
1209 1476 1332 1511 καρδίαν,
1353 1475 1404 1507 ἔξω
1423 1474 1566 1509 γεγονότες
1577 1471 1686 1503 παθῶν,
1697 1471 1745 1497 καὶ
1756 1471 1794 1501 εἰς

997 1521 1044 1556 τὴν
1056 1521 1159 1555 ἀμείνω
1173 1521 1220 1547 καὶ
1230 1519 1460 1554 τεθαυμασμένην
1482 1526 1564 1553 μετατ
1571 1517 1700 1552 ρὲχοντες
1711 1515 1792 1549 ζωήν.

997 1566 1194 1602 Διδαχθήσεσοε
1212 1566 1266 1601 γὰρ
1286 1566 1445 1602 χαίροντες,
1463 1566 1510 1591 καὶ
1530 1564 1586 1594 τοῖς
1603 1563 1687 1598 ἱεροῖς
1705 1563 1795 1594 ἐντρυ-

998 1613 1102 1647 φῶντες
1127 1612 1229 1646 λόγοις.
1245 1613 1300 1638 Καὶ
1324 1611 1389 1646 γοῦν
1404 1612 1417 1637 ὸ
1434 1609 1577 1640 Θεσπέσιος
1603 1607 1688 1634 Δαϐίό
1699 1616 1706 1622 ”
1731 1617 1739 1631 ι
1752 1607 1794 1637 Ὠς

997 1659 1109 1694 γλυκέα,
1125 1659 1202 1693 φησὶ,
1219 1657 1258 1692 τῷ
1277 1657 1395 1693 λάρυγγί
1413 1666 1464 1692 μου
1479 1656 1512 1683 τὰ
1531 1655 1610 1689 λόγιά
1636 1663 1684 1680 σου
1699 1654 1705 1680 !
1723 1653 1792 1687 ὑπὲρ

999 1704 1060 1739 μέλι
1072 1703 1118 1730 καὶ
1129 1703 1225 1738 κηρίον
1237 1702 1277 1737 τῷ
1291 1702 1404 1737 στόματί
1418 1710 1479 1736 μου.
1495 1711 1504 1726 ι
1523 1700 1637 1736 Χαίρειν
1653 1698 1682 1725 δὲ
1695 1697 1794 1733 μᾶλλον

998 1748 1041 1775 ἐπ’
1058 1748 1150 1779 αὐτοῖς
1169 1747 1362 1777 διεϐεϐαιοῦτο,
1379 1747 1426 1773 καὶ
1443 1746 1515 1781 μάλα
1529 1745 1676 1780 ἐμφρόνως
1691 1744 1730 1774 ὡς
1748 1743 1794 1769 ἐπὶ

158 1791 238 1818 παντὶ
256 1791 370 1826 πλούτῳ·
382 1792 411 1818 ὲν
427 1792 499 1827 χαρᾷ
510 1791 539 1817 δὲ
552 1791 599 1817 καὶ
613 1791 712 1827 ἑτέρως
726 1791 846 1826 νοηθεῖεν
866 1792 899 1818 ἂν
928 1792 1112 1829 ἐκτρέχοντες·
1133 1792 1364 1827 ἀπαλλαττόμενοι
1387 1791 1440 1827 γὰρ
1464 1791 1515 1826 τῆς
1540 1790 1657 1826 ἀρχαίας
1673 1790 1791 1825 ἀπάτης,

159 1837 310 1873 ἁρπάζουσι
331 1838 470 1874 χαίροντες
486 1837 536 1873 τὴν
557 1838 632 1873 παρὰ
643 1838 709 1864 Θεοῦ
735 1838 843 1874 κλῆσιν,
865 1840 912 1866 καὶ
937 1839 1036 1876 ἀληῦὲς
1052 1840 1131 1867 τοῦτο
1146 1839 1268 1874 ὑπάρχον
1291 1839 1320 1872 ἐξ
1341 1839 1429 1865 αὐτῶν
1446 1838 1534 1865 ἔνεστι
1550 1837 1604 1864 τῶν
1620 1837 1794 1872 πραγμάτων

159 1884 231 1910 ἰδεῖν.

196 1931 277 1959 Vens.
296 1931 337 1958 Η.
360 1931 462 1959 Montes
478 1932 546 1958 enim
567 1937 589 1958 et
605 1931 681 1959 colles
698 1932 830 1965 exsiliunt,
853 1941 944 1968 εχτρε-

158 1981 259 2003 ctantes
273 1985 317 2003 vos
333 1985 391 2003 cum
408 1978 516 2012 gaudio,
529 1983 555 2004 et
574 1979 661 2004 omnia
676 1977 747 2012 ligna
762 1979 820 2014 agri
837 1979 946 2013 applau-

158 2024 219 2050 tlent
232 2024 323 2050 ruinis.
347 2023 381 2050 Et
398 2032 445 2059 pro
466 2024 546 2051 stwba
568 2029 711 2050 succretcet
730 2025 891 2059 cyparissus,
921 2030 945 2052 et

158 2078 206 2103 pro
232 2078 331 2105 conyza
359 2074 456 2096 crescet
483 2074 594 2104 myrtus.
628 2069 660 2095 Et
685 2071 733 2096 erit
761 2070 887 2098 Dominus
919 2072 946 2098 in

160 2124 264 2149 nomen,
281 2121 305 2142 et
320 2116 455 2150 insignum
472 2119 608 2147 a’ternum,
622 2121 645 2141 et
663 2123 714 2142 non
730 2116 842 2150 deﬁciet.

195 2205 299 2232 Montes
316 2205 359 2232 hic
380 2205 446 2231 dicit
459 2211 570 2240 superas
588 2210 615 2232 et
636 2204 761 2232 cmlestes
788 2210 946 2240 potestates,

159 2259 218 2285 qua:
229 2259 243 2277 a
259 2250 314 2277 Deo
331 2251 483 2277 constitutae
499 2255 560 2278 sunt
577 2251 602 2277 in
619 2251 768 2278 subsidium
783 2252 946 2279 mortalium.

109 2331 112 2334 Α
161 2296 229 2322 Sunt
242 2295 313 2322 cnim
347 2295 458 2329 spiritus
479 2295 643 2328 administri,
677 2296 724 2330 qui
754 2296 879 2331 lcgantur
913 2298 946 2324 ad

160 2342 352 2374 ministerium,
367 2346 476 2376 propter
491 2349 538 2369 eos
553 2342 596 2376 qui
616 2341 730 2369 salutem
754 2342 946 2376 adipiscentur,

161 2395 188 2416 et
197 2388 314 2424 gaudent
322 2396 401 2423 super
411 2396 462 2415 uno
471 2394 615 2423 peccatore
626 2389 849 2423 resipiscentew.
864 2390 946 2425 Equi-

161 2435 221 2462 dem
237 2435 333 2462 merito
349 2426 510 2467 comparari.
529 2440 642 2469 possunt
663 2435 814 2468 montibus,
847 2437 947 2471 quippe

160 2480 293 2515 quialtam
309 2480 465 2516 dignitatem
474 2480 624 2512 obtineant,
638 2487 686 2514 pro
699 2481 808 2507 virtutis
824 2480 946 2515 ipsorum

160 2525 355 2560 magnitudine.
372 2525 419 2552 Vel
443 2525 524 2552 etiam
554 2530 661 2552 montes
692 2526 809 2559 accipies
832 2533 880 2560 pro
906 2526 948 2553 his

161 2571 206 2605 qui
216 2571 327 2598 docendi
344 2578 440 2598 munus
454 2570 553 2598 habent
572 2570 599 2598 in
611 2571 750 2604 Ecclesiis,
768 2571 888 2606 nihilque
901 2573 949 2599 liu-

162 2616 226 2643 mile
238 2617 356 2651 sapiunt,
370 2617 416 2644 sed
429 2624 488 2651 qua:
497 2624 593 2651 supena
603 2622 665 2644 sunt
681 2622 814 2651 qumrunt,
832 2623 858 2644 et
869 2626 949 2653 supra

162 2670 206 2690 res
229 2667 349 2690 terrenas
368 2663 531 2689 transiliunt.
549 2663 637 2690 Colles
660 2669 749 2690 autem
773 2672 822 2698 pro
840 2664 881 2691 his
905 2672 949 2691 su-

163 2715 219 2735 mes
236 2708 281 2743 qui
302 2708 355 2734 illis
374 2709 534 2734 auctoritate
552 2708 694 2735 inferiores
714 2715 786 2742 sinit,
818 2713 845 2735 et
870 2709 947 2743 quasi

163 2761 255 2781 (trum
270 2753 360 2788 gIOria:
371 2753 509 2781 subsident
522 2758 548 2782 et
571 2754 763 2788 subjiciuntur.
791 2754 859 2781 Sunt
874 2756 945 2781 enim

1037 1934 1075 1960 Τὰ
1090 1933 1144 1968 γὰρ
1160 1933 1213 1967 ὅρη
1232 1932 1282 1959 καὶ
1299 1931 1443 1964 οίβουνοὶ
1463 1930 1644 1962 ἑξαλοῦνται
1664 1926 1794 1963 προσδε-

999 1981 1111 2015 χόμενιι
1138 1978 1215 2013 ὑμᾶς
1238 1978 1272 2004 ὲν
1295 1977 1383 2012 χαρᾷ,
1400 1977 1449 2004 καὶ
1470 1975 1570 2002 πάντα
1586 1975 1622 2002 τὰ
1643 1975 1723 2007 ξύλα
1741 1974 1794 2001 τοῦ

999 2025 1090 2059 ἀγιοοῦ
1115 2024 1305 2058 ἐπικροτήσει
1327 2023 1388 2056 τοῖς
1418 2021 1552 2054 κλάδοις,
1573 2021 1624 2048 καὶ
1650 2020 1719 2048 ἀντὶ
1740 2019 1795 2053 τῆς

999 2070 1123 2105 στοιϐῆς
1135 2070 1318 2103 ἀναϐήσεται
1339 2068 1540 2102 κυπάρισσος,
1552 2066 1620 2093 ἀντὶ
1632 2065 1668 2092 δὲ
1682 2064 1738 2099 τῆς
1751 2073 1795 2091 κο-

999 2117 1089 2150 νύζης
1103 2116 1287 2150 ἀναϐήσεται
1296 2115 1439 2150 μυρσίνη.
1456 2113 1510 2140 Kal
1526 2113 1613 2147 ἔσται
1629 2112 1741 2146 Κύριος
1753 2112 1795 2143 εἰς

1001 2162 1104 2197 ὄνομα,
1119 2162 1168 2188 καὶ
1179 2163 1222 2194 εἰς
1233 2160 1360 2195 σημεῖον
1369 2160 1498 2191 αἰώνιον,
1512 2158 1559 2186 καὶ
1572 2159 1628 2185 οὐχ
1646 2158 1792 2191 ἐκλείψει.

1037 2209 1106 2243 Ὅρη
1119 2207 1200 2242 φησὶν
1214 2208 1243 2234 ἐν
1257 2206 1361 2235 τούτοις
1374 2206 1445 2240 τάχα
1460 2213 1510 2231 που
1528 2204 1578 2236 τὰς
1592 2203 1650 2230 ἄνω
1660 2212 1690 2229 τε
1700 2197 1747 2230 καί
1765 2203 1793 2228 ἐν

997 2253 1104 2289 οὐρανῷ
1125 2253 1273 2288 δυνάμεις,
1292 2252 1320 2279 αἳ
1344 2251 1376 2286 δὴ
1392 2251 1438 2278 καὶ
1457 2250 1603 2285 τετάχαται
1628 2249 1707 2284 παρὰ
1727 2249 1793 2275 Θεοῦ

998 2301 1067 2336 πρὸς
1086 2300 1244 2335 ἐπικουρίαν
1255 2299 1309 2326 τῶν
1320 2299 1366 2325 ἐπὶ
1377 2299 1427 2333 τῆς
1440 2298 1501 2332 γῆς.
1513 2297 1662 2332 Πνεύματα
1676 2297 1732 2331 γάρ
1742 2296 1793 2321 εἱσι

997 2347 1172 2382 λειτουργικὰ
1187 2346 1353 2381 πεμπόμενα
1364 2344 1432 2380 πρὸς
1445 2343 1584 2371 διακονίαν
1599 2343 1643 2369 διὰ
1658 2342 1723 2373 τοὺς
1736 2342 1795 2377 μέλ-

997 2392 1091 2423 λοντας
1116 2392 1294 2427 κληρονομεῖν
1317 2391 1465 2426 σωτηρίαν,¹
1480 2390 1608 2425 χαίρουσι
1627 2389 1657 2415 δὲ
1681 2388 1729 2415 καὶ
1753 2389 1793 2421 ἐρ’

1001 2437 1040 2463 ἑνὶ
1054 2437 1108 2472 ἁμα
1115 2437 1208 2472 ρτωλῷ
1221 2435 1405 2471 μετανοοῦντι,
1417 2435 1470 2461 Ναὶ
1483 2435 1536 2470 μὴν
1551 2434 1598 2460 καὶ
1610 2433 1689 2469 ὄρεσι
1701 2441 1791 2467 παρει-

1001 2483 1125 2515 κάζοιντο
1138 2482 1170 2508 ἂν
1188 2482 1300 2513 εἰκότως
1310 2481 1348 2512 ὡς
1363 2481 1393 2507 τὸ
1409 2479 1476 2515 ὑψοῦ
1494 2480 1554 2506 λίαν
1568 2478 1638 2505 εἷναι
1653 2478 1782 2513 λαχόντες

1002 2530 1072 2556 κατά
1099 2537 1129 2554 τε
1152 2528 1202 2563 τῆς
1231 2527 1343 2562 ἐνούσης
1369 2527 1460 2558 αὐτοῖς
1480 2526 1580 2561 ἀρετῆς
1606 2525 1637 2551 τὸ
1666 2524 1790 2559 μέγεθος.

1003 2576 1106 2608 ’Ἡγουν
1131 2574 1180 2609 ὅρη
1201 2573 1251 2609 μὲν
1267 2573 1372 2608 ἐκλήψῃ
1390 2572 1453 2604 τοὺς
1481 2571 1511 2598 τὸ
1540 2570 1734 2598 διδασκαλικὸν
1764 2570 1790 2595 ἐν

1005 2621 1177 2656 Ἐκκλησίαις
1189 2620 1298 2655 ἔχοντας
1312 2618 1491 2653 ἐπιτήδευμα,
1505 2618 1552 2644 καὶ
1566 2616 1733 2652 φρονοῦντας
1746 2616 1791 2650 μὲν

998 2666 1053 2692 τῶν
1067 2666 1244 2701 χαμαιπετῶν
1255 2665 1341 2696 οὐδὲν,
1357 2664 1505 2699 ζητουντας
1519 2664 1548 2689 δὲ
1563 2663 1666 2698 μᾶλλον
1680 2664 1714 2688 τὰ
1729 2662 1789 2691 ἄνω,

997 2712 1043 2738 καὶ
1066 2711 1120 2738 τῶν
1144 2711 1244 2746 γηΐνων
1274 2711 1517 2746 ἀναπηδήσαντας·
1545 2709 1657 2744 βουνούς
1683 2717 1714 2742 γε
1741 2708 1790 2743 μὴν

1002 2758 1064 2789 τοὺς
1089 2757 1138 2792 τῆς
1167 2757 1278 2784 ἐκείνων
1298 2756 1438 2792 ’ὑπεροχῆς
1464 2755 1647 2791 ἡττωμένους,
1673 2757 1720 2782 καὶ
1739 2753 1790 2781 οἷον

168 2855 177 2861 κ
199 2843 222 2860 ⁸³
240 2844 380 2878 l'sal.cm,
402 2845 440 2873 i8.
483 2847 501 2858 “
516 2845 567 2872 lsu.
585 2853 658 2875 uti.
676 2845 699 2872 7.
739 2847 759 2861 θ’
776 2846 836 2874 Osc.
856 2854 910 2878 λιν,
930 2846 968 2874 10.
1009 2847 1113 2883 “l‘aal.
1131 2846 1300 2881 CX\‘|II,103.
1342 2846 1373 2862 ‘3“
1389 2845 1469 2873 Ilubr.
1487 2854 1505 2879 ι,
1524 2845 1553 2873 li
1569 2854 1574 2878 ;
1593 2845 1657 2872 Luc.
1677 2852 1720 2878 xv,
1736 2843 1777 2886 7..
