1883 3054
65 181 126 210 (257
166 182 171 186 ”

66 237 277 272 ὑποκαθημένους
293 235 381 262 αὐτῶν
397 235 446 271 τὴν
460 235 547 267 δόξαν.
565 236 723 272 Μὲτραγὰρ
738 237 768 263 ὲν
782 237 843 263 Ἐκ·
857 238 880 267 Α

67 283 183 319 χλησίαις
211 282 264 308 εἰσὶ
289 281 336 307 καὶ
362 280 444 316 τιμῆς
471 281 518 306 καὶ
539 279 735 316 λειτουργιῶνο
757 280 843 307 ταῦτά

68 337 127 364 φησι
139 327 171 354 τὰ
183 327 232 362 ὄρη
246 325 279 353 τὰ
293 325 386 360 νοητὰ,
407 325 454 352 καὶ
477 326 525 352 σὺν
541 326 631 358 αὐτοῖς
654 327 678 353 oi
696 325 785 361 βουνοὶ
799 326 843 358 ἐξ·

69 374 196 406 αλούνται,
201 372 338 411 τουτέστιν
344 373 492 408 ἅνασκιρτή
496 381 581 405 σουσι,
592 373 720 408 χαίροντα
726 372 844 407 δηλονότι

68 422 106 448 διὰ
119 420 165 455 τὴν
180 418 257 454 ὑμῶν
272 419 439 454 ἐπιστροφήν
459 427 489 445 τε
511 419 557 445 καὶ
573 418 678 454 κλῆσιν,
697 419 744 445 καὶ
761 428 846 454 προσ-

69 465 178 498 δέξονται
204 465 276 500 ὑμᾶς
302 464 371 499 μετὰ
390 465 491 500 χαρᾶς·
513 464 717 500 ὲπιγαννύμεθα
733 464 787 500 γὰρ
815 465 852 491 οὐν

72 511 189 547 μετρίως,
204 511 268 537 ὅταν
284 510 355 542 τινὲς
370 510 424 537 τῶν
444 510 669 546 πεπλανημένων,
683 510 718 537 τὸ
729 511 758 538 ὲν
768 510 849 546 ἀχλύὲ

71 558 111 584 καὶ
119 557 203 591 σκότῳ
213 556 344 583 διατελεῖν
364 555 404 582 ἔτι
419 555 545 590 μεθέντες
555 575 562 587 ,
591 556 657 591 πρὸς
671 557 702 583 τὸ
714 557 765 592 τῆς
780 556 847 591 ἁλη-

72 601 127 632 ὒοῦς
140 599 264 632 Oeam-fa;
278 600 385 628 ἇττουσι
403 600 471 634 φῶς.
485 600 578 632 Οὕτως
589 601 680 632 αὐτοῖς
694 602 741 628 καὶ
754 602 768 627 ὁ
779 601 848 628 πάν-

73 655 144 680 copo;
155 645 259 677 Παῦλος
269 644 447 680 προσεφώνει,
459 645 545 679 λέγων
557 654 562 661 -
577 655 585 672 ι
597 646 676 680 Χαρά
689 647 735 673 καὶ
749 647 848 682 στέφα-

74 691 111 723 νός
127 699 186 725 μου.
199 700 208 716 ι
237 690 314 717 Ἀλλὰ
330 690 379 718 καὶ
396 690 485 717 πάντα
499 691 534 717 τὰ
548 691 614 723 ξύλα
630 690 676 717 τοῦ
686 691 784 727 ἀγροῦ.
797 700 849 727 φη-

74 737 119 769 σὶν,
131 737 304 773 ἐπικροτήσει
313 737 366 770 τοῖς
379 736 494 769 κλάδοις.
504 737 560 764 Καὶ
572 737 638 770 ξύλα
647 738 753 773 νοήσεις
764 738 849 773 ἀγροῦ

73 784 129 814 τοὺς
139 783 281 815 τελοῦντας
295 783 324 809 ὲν
335 782 418 815 λαοῖς.
437 783 558 819 Εὐανθὴς
571 784 624 818 γὰρ
638 783 684 810 τοῦ
700 783 824 819 Σωτῆρος
836 785 850 810 ο

74 829 161 865 κῆπος.
176 829 232 855 Καὶ
245 829 310 863 γοῦν
326 829 440 864 ἐπείπερ
459 829 532 856 ἐστὶν
545 829 661 865 εὐθαλὴς
688 838 716 856 τε
739 830 787 857 καὶ
805 830 850 856 εὕ-

74 884 168 910 καρπος
193 876 210 910 ἠ
234 876 264 902 ὲν
280 875 319 911 τῷ
336 875 454 911 ’ᾼσματι
475 876 529 902 τῶν
545 875 675 911 ᾀσμάτων
691 876 850 912 γραφομένη

74 921 167 956 νύμφη,
179 921 261 956 φησί·
276 931 286 948 ι
297 921 450 957 Καταϐήτω
464 923 478 948 ὁ
495 923 634 957 ἀδελφιδός
648 932 699 959 μου
712 923 752 955 εις
766 923 853 958 κῆπον
870 914 890 942 Β

74 968 157 999 αὐτοῦ,
175 968 222 995 καὶ
239 968 350 1003 φαγέτιο
364 968 469 1003 καρπὸν
481 969 638 1004 ἀκροδρύων
652 970 744 997 αὐτοῦ.
758 979 767 996 ι
786 971 856 997 Οὐκ-

75 1015 116 1040 οῦν
125 1013 157 1040 τὰ
173 1013 239 1046 ξύλα
256 1015 290 1041 τὰ
302 1013 384 1049 νοητά
395 1015 451 1046 τοῖς
462 1014 569 1047 κλάδοις
581 1016 765 1052 ὲπικροτήσει,
778 1016 854 1052 φησί.

76 1060 265 1096 Χαίρουσιγὰρ
285 1061 310 1087 οῑ
329 1061 532 1094 πιστεύσαντες,
552 1062 678 1098 καθάπερ
693 1063 788 1098 ἀμέλει
809 1064 856 1090 καὶ

77 1105 107 1132 τὰ
120 1106 167 1140 δρη
181 1105 228 1132 καὶ
247 1106 272 1132 οἱ
289 1105 388 1141 βουνοὶ,
403 1106 552 1140 τουτέστιν,
568 1107 593 1134 οἱ
619 1108 798 1144 καθηγεῖσθαι
810 1109 857 1136 λα-

77 1149 161 1184 χόντες
180 1150 264 1183 λαῶν,
277 1150 324 1177 ἐπὶ
346 1152 379 1186 τῇ
399 1152 522 1188 σωτηρίᾳ
546 1152 600 1178 τῶν
629 1153 803 1189 καλουμένων
817 1155 858 1186 εἰς

78 1195 153 1230 ζωὴν.
167 1196 214 1222 καὶ
227 1195 281 1231 τῆς
293 1195 427 1231 ἀκράντου
448 1198 642 1232 μυσταγωγίας
657 1199 698 1231 εἰς
710 1199 806 1235 πέρας,
824 1201 857 1227 δι’

78 1239 107 1276 ἧς
118 1241 147 1268 τὺ
161 1241 232 1268 θεῖον
245 1243 337 1274 αὐτοῖς
348 1243 447 1271 ὲνίεται
463 1244 530 1279 φῶς.
539 1243 617 1275 ,Εἶτα
634 1245 676 1272 ὃτι
688 1246 801 1282 πλείστη
816 1256 858 1279 τις

79 1286 146 1313 ἔσται
157 1287 210 1313 τῶν
220 1287 397 1323 κεκλημένων
409 1289 544 1325 μεταϐολὴ
556 1289 625 1325 πρὸς
639 1290 669 1317 τὸ
686 1291 858 1327 ἀσυγκρίτως

81 1332 192 1368 ἄμεινον,
205 1333 384 1360 διαδείκνυσιν
396 1333 476 1366 εὐθὺς
492 1334 588 1369 λέγων,
603 1336 641 1367 ὡς
655 1336 715 1363 ἀντὶ
727 1337 775 1372 τῆς
787 1345 859 1364 στοι-

82 1378 126 1411 εὲἦς
141 1378 215 1406 ἔσται
229 1379 408 1414 κυπάρισσος,
420 1380 480 1406 ἀντὶ
492 1380 519 1407 δὲ
530 1380 581 1415 τῆς
597 1381 712 1418 κονύζης
725 1382 859 1418 ἀναϐήσε-

82 1423 257 1460 ταιμυρσίνη.
268 1424 382 1459 Στοιϐὴν
392 1425 438 1451 καὶ
450 1425 567 1458 κόνυζαν
579 1426 691 1462 πικρὰς,
700 1427 748 1453 καὶ
757 1428 858 1464 ἀπροσ-

81 1468 187 1505 6λήτους
200 1469 253 1505 [ιιι.
268 1469 449 1506 ἁποῆλήτους]
460 1471 581 1502 ἀκάνθας
596 1470 667 1498 εῖναι
681 1480 772 1506 φασιν,
788 1474 862 1500 ὲντε-

83 1513 171 1549 θήλασι
185 1514 212 1540 δὲ
235 1515 346 1550 χωρίοις
363 1515 412 1550 μὲν
438 1517 492 1547 τοῖς
508 1516 560 1543 ὑπὸ
575 1517 710 1551 γηπόνους
724 1518 860 1553 οὐδαμῶς,

83 1559 165 1613 ἕὲρσῳ
178 1560 205 1586 δὲ
230 1561 278 1587 καὶ
304 1561 404 1596 ἁλμάδι
431 1561 555 1597 χαίρουσι
575 1563 621 1597 γῇ.
650 1563 770 1590 Τοιοῦτοί
790 1572 861 1596 τινες
876 1586 897 1615 C

83 1603 145 1640 ἦσαν
163 1606 186 1632 οἱ
204 1606 390 1641 πλανώμενοι,
419 1608 465 1634 καὶ
483 1610 516 1643 τῇ
533 1609 619 1635 κτίσει
642 1610 716 1645 παρά
742 1610 788 1637 τὸν
806 1610 863 1637 κτί-

84 1660 161 1678 σαντα
171 1652 357 1688 λατρεύοντες.
380 1653 488 1688 Ἐπειδὴ
513 1653 540 1679 δὲ
554 1653 699 1688 κέκληνται
717 1656 784 1689 πρὸς
805 1655 864 1682 ἐπί-

84 1705 175 1731 γνωσιν
185 1698 324 1734 ἀληθείας,
332 1698 445 1733 ἀφέντες
455 1699 484 1725 τὸ
500 1696 568 1726 εἶναι
580 1700 684 1736 στοίῦη,
695 1701 742 1728 καὶ
753 1701 862 1734 κόνυζα,

86 1745 323 1780 μετακεχωρήκασι
340 1745 442 1782 νοητῶς
458 1747 498 1778 εἰς
513 1747 546 1774 τὰ
563 1747 671 1782 εὐμήκη
687 1748 733 1774 καὶ
749 1748 865 1783 εὐοσμό-

85 1796 146 1815 τατα
164 1788 217 1815 τῶν
232 1789 334 1824 φυτῶν.
352 1791 558 1826 Χρηματιζουσι
572 1791 627 1827 γὰρ
636 1791 804 1827 κυπάρισσος
818 1793 866 1819 καὶ

86 1835 207 1870 μυρσίνη.
225 1835 305 1870 Μέγα
315 1835 403 1863 τοίνυν
417 1836 447 1863 τὸ
461 1836 553 1872 θαῦμα
566 1837 612 1863 τοῦ
623 1837 804 1872 γηπονοῦντος
816 1838 865 1874 τὴν

91 1878 258 1915 Ἐκκλησίαν,
276 1882 409 1915 τουτέστι,
429 1882 475 1909 τοῦ
496 1883 627 1918 Χριστοῦ.
643 1883 795 1919 Μεθίστησι
813 1884 867 1919 γὰρ

85 1925 129 1958 τὰς
144 1927 265 1959 ἀκάνθας
278 1928 318 1959 είς
331 1928 365 1954 τὰ
377 1929 474 1964 εὐγενῆ
490 1930 536 1955 καὶ
549 1929 675 1965 ἐξαίρετα
688 1930 742 1956 τῶν
765 1931 866 1964 φυτῶν,

87 1972 128 1998 καὶ
149 1973 258 2008 ἑτέρους
281 1973 338 2001 ἀνθ’
358 1974 460 2010 ἐτέρων
474 1971 620 2009 ἀποφαίνει
645 1976 785 2012 πατρικῶς
804 1975 865 2012 [γρ.

87 2019 293 2056 πνευματικῶς].
310 2021 470 2056 Εὑρήσομεν
494 2021 521 2048 δὲ
547 2022 621 2048 τουτὶ
651 2022 760 2057 γεγονὸς
779 2022 826 2049 καὶ
840 2023 868 2048 ὲν

87 2063 137 2095 τοῖς
152 2063 180 2096 ἐξ
193 2065 307 2100 αἵματος
326 2065 443 2102 Ἰσραήλ.
453 2066 550 2101 Στοιϐὴ
563 2066 617 2102 γὰρ
627 2066 703 2098 ὄντες
714 2067 760 2093 καὶ
770 2067 870 2099 κόνυζά

88 2116 147 2134 ποτε
166 2110 305 2142 Ματθαῖος
320 2111 366 2137 καὶ
380 2111 495 2143 Παῦλος
518 2111 532 2137 ὁ
553 2112 601 2147 μὲν
617 2112 671 2147 γὰρ
685 2109 719 2147 ἦν
742 2112 868 2147 τελώνης,

88 2155 143 2181 ὸδὲ
168 2156 284 2191 διώκτης
314 2157 360 2183 καὶ
383 2157 529 2193 ὑϐριστής·
560 2158 701 2193 φωστῆρες
726 2158 870 2192 γεγόνασιν

88 2201 276 2237 οἶκουμενικοὶ,
303 2204 349 2230 καὶ
376 2203 493 2238 Χριστὸν
521 2203 713 2235 εὑώιάζουσιν
736 2204 764 2230 ὲν
790 2203 871 2230 παντὶ

616 176 650 204 IN
670 176 785 205 ISAIAM
805 175 867 204 LIB.
888 177 920 204 ν.
943 176 1059 205 TOMUS
1078 176 1122 204 Ill:

1610 175 1686 201 1253)

896 244 1028 264 mensurae
1042 242 1069 264 et
1081 236 1178 270 gradus
1207 234 1319 263 honoris
1349 241 1380 261 ac
1410 233 1622 261 ministeriorum
1652 234 1678 259 in

896 282 1036 310 Ecclesiis.
1053 282 1096 314 Hi.
1111 282 1210 317 inquit,
1222 285 1327 308 montes
1341 279 1390 307 sub
1420 279 1623 313 intelligentiam
1636 287 1681 306 ca-

897 329 1001 362 dentes,
1013 333 1108 356 etcum
1122 328 1173 356 illis
1185 327 1267 355 colles
1289 326 1425 358 exsilient,
1436 325 1521 357 idest,
1531 324 1679 356 sallabtml.

896 375 1041 408 gaudentes
1056 374 1198 407 videlicet,
1212 377 1324 408 propter
1337 376 1456 400 vestram
1470 370 1678 398 conversionem

897 424 922 447 et
941 420 1119 452 vocationem,
1138 424 1168 446 et
1182 427 1243 446 cum
1255 418 1355 454 gaudio
1377 425 1425 446 vos
1449 417 1590 452 recipient.
1623 415 1680 442 Non

897 465 968 493 enim
986 465 1115 493 mediocri
1131 464 1223 492 laetitia
1239 463 1382 494 allicimur,
1405 470 1466 490 cum
1490 461 1572 495 aliqui
1587 468 1681 488 eorum

898 509 943 545 qui
956 514 1124 543 erraverunt,
1140 510 1254 546 caligine
1262 514 1290 537 et
1303 510 1423 537 tenebris
1438 508 1549 540 relictis,
1563 507 1596 533 ad
1611 513 1682 533 vera:

901 555 946 583 Dei
957 555 1039 591 785
1049 556 1284 591 contemplationis
1309 555 1396 582 lucem
1413 554 1544 582 emicant.
1573 551 1618 580 Sic
1637 558 1684 578 eos

899 600 979 628 etiam
993 600 1089 628 aﬂ'atur
1107 600 1321 636 sapientissimus
1332 599 1443 633 Paulus,
1457 599 1552 626 dicens
1565 606 1572 625 :
1597 606 1605 622 ι
1617 596 1686 624 Gau-

900 647 973 674 dium
993 650 1021 675 et
1034 654 1134 674 corona
1155 653 1214 674 mea
1223 647 1257 673 ‘7.
1275 656 1285 672 ι
1302 646 1355 674 Sed
1370 652 1397 673 et
1414 645 1503 674 omnia
1529 644 1602 679 ligna
1616 642 1685 677 agri,

901 692 999 727 inquit,
1011 691 1177 727 applaudent
1190 692 1284 719 ramis.
1297 691 1381 726 Ligna
1399 691 1456 726 agri
1489 690 1626 725 intelliges
1641 695 1687 716 eos

901 738 987 773 quiin
1003 738 1100 774 populo
1112 743 1267 766 censentur.
1290 737 1337 764 Est
1362 737 1435 764 enim
1463 736 1559 763 hortus
1592 735 1688 762 Serva-

903 785 969 813 toris
982 784 1104 812 ﬂoridus.
1120 784 1152 811 Et
1166 784 1273 818 quidem
1290 783 1402 811 viridem
1431 789 1492 810 esse
1517 789 1550 809 ac
1573 780 1688 816 frugife-

903 839 962 859 rum
977 835 1071 858 narrat
1101 830 1216 865 Sponsa,
1242 837 1304 865 quae
1325 830 1351 857 in
1376 829 1488 857 Cantico
1520 827 1688 855 canticorum

904 876 1070 904 describitur
1099 885 1105 902 :
1134 885 1143 901 ι
1160 875 1310 903 Descendat
1330 881 1413 910 nepos
1437 880 1513 901 meus
1536 873 1562 900 in
1582 873 1690 899 hortum

905 931 995 956 suum,
1020 928 1048 949 et
1077 921 1200 950 comedat
1229 921 1347 950 fructum
1373 928 1476 948 nucum
1498 918 1657 947 suarum“.
1677 926 1687 943 ι

905 968 998 1002 Itaque
1009 968 1082 1004 ligna
1093 968 1271 1004 intelligibilia
1282 967 1456 1003 applaudent,
1472 966 1570 1001 inquit,
1597 965 1691 992 ramis.

905 1015 1108 1043 Gaudentenim
1132 1017 1284 1048 credentes,
1300 1022 1353 1043 non
1369 1015 1451 1042 aliter
1465 1014 1593 1042 videlicet
1610 1020 1696 1048 quam

906 1065 1012 1089 montes
1025 1066 1052 1089 et
1065 1061 1166 1095 colles,
1183 1062 1209 1090 id
1225 1066 1279 1096 est,
1292 1060 1347 1096 qui.
1370 1065 1492 1096 praesunt
1519 1059 1629 1094 populo,
1659 1059 1694 1084 de

907 1107 993 1136 salute
1010 1116 1104 1136 eorum
1120 1108 1165 1143 qui
1183 1109 1217 1136 ad
1236 1108 1319 1135 vitam
1333 1108 1406 1136 et‘ad
1423 1115 1497 1142 pura:
1521 1105 1702 1142 myslagogiaa-

907 1153 1100 1188 perfectionem
1115 1154 1202 1181 vocati
1215 1158 1288 1187 sunt,
1311 1161 1359 1189 per
1374 1160 1454 1188 quam
1465 1152 1554 1179 divina
1580 1151 1695 1178 illisqu

908 1198 1028 1235 alIulget.
1047 1199 1116 1227 Fore
1133 1204 1229 1227 autem
1240 1207 1334 1228 eorum
1353 1199 1398 1234 qui
1415 1198 1503 1226 vocati
1520 1201 1583 1225 Sunt
1609 1197 1696 1224 maxi-

909 1253 979 1273 ntain
1013 1246 1190 1273 mutationem
1229 1246 1263 1273 ad
1290 1245 1316 1273 id
1339 1245 1411 1280 quod
1442 1243 1695 1279 incomparabiliter

909 1295 1026 1326 praestat,
1039 1292 1159 1320 ostendit
1170 1299 1232 1320 cum
1250 1291 1326 1319 dicit:
1343 1291 1395 1319 Pro
1406 1290 1493 1319 stwba
1510 1290 1562 1318 erit
1573 1289 1694 1325 cyparis-

909 1344 964 1369 sus,
981 1344 1030 1372 pro
1040 1344 1143 1372 conyza
1156 1341 1260 1365 crescet
1269 1341 1381 1372 myrtus.
1399 1336 1519 1364 Stoebam
1530 1339 1695 1371 etconyzam

910 1390 1017 1410 amaras
1033 1383 1125 1417 spinas
1139 1386 1165 1409 et
1182 1382 1330 1417 rejectitias
1349 1389 1409 1410 esse
1424 1382 1516 1410 dicunt
1538 1390 1544 1408 :
1570 1385 1697 1408 crescunt

911 1433 999 1455 autem
1015 1427 1040 1454 in
1053 1427 1117 1455 locis
1128 1428 1161 1456 ad
1178 1427 1369 1462 agriculturam
1384 1435 1437 1455 non
1446 1425 1697 1458 accomniodis,sed

913 1478 989 1500 ωηο
1006 1472 1107 1500 inculta
1123 1479 1151 1502 et
1171 1474 1340 1510 salsuginosa
1367 1473 1494 1507 gaudent.
1523 1471 1603 1499 Tales
1635 1475 1697 1498 sunt

912 1520 957 1552 qui
987 1524 1090 1554 errant,
1117 1524 1145 1548 et
1172 1526 1325 1548 creaturam
1361 1527 1417 1554 prta
1441 1519 1571 1546 Creatore
1592 1516 1696 1545 colunt.

915 1564 1057 1601 Postquam
1074 1571 1164 1593 autem
1183 1566 1273 1594 vocati
1287 1570 1350 1593 sunt
1366 1567 1399 1593 ad
1414 1565 1580 1600 agnitionem
1598 1563 1700 1591 verita-

915 1611 960 1643 tis,
976 1612 1062 1639 stmba
1076 1616 1103 1640 et
1113 1619 1216 1648 eonyza
1232 1618 1292 1640 esse
1310 1611 1455 1643 desinunt,
1473 1618 1505 1638 ac
1518 1614 1634 1645 vergunt
1658 1609 1700 1636 in-

915 1656 1088 1691 telligibiliter
1115 1658 1139 1684 in
1169 1665 1294 1691 proceras
1312 1663 1340 1685 et
1359 1657 1557 1693 pulcherrimas
1579 1655 1700 1682 arbores.

916 1701 981 1729 Nam
1001 1704 1157 1738 cyparissus
1173 1708 1360 1738 nuncupantur
1387 1708 1416 1731 et
1441 1708 1556 1738 myrtus.
1574 1702 1700 1737 Magnum

916 1746 1009 1780 itaque
1023 1751 1066 1773 est
1081 1746 1240 1774 miraculum
1263 1747 1321 1781 ejus
1337 1747 1382 1782 qui
1397 1747 1464 1775 colit
1491 1746 1649 1774 Ecclesiam.
1674 1743 1702 1772 id

916 1791 1101 1824 est,.Christi.
1130 1792 1296 1828 Transpouit
1317 1794 1390 1821 enim
1419 1793 1512 1828 spinas
1546 1794 1572 1820 in
1599 1792 1703 1820 nobiles

917 1842 944 1864 et
963 1841 1121 1872 prastantes
1136 1838 1260 1872 arbores,
1272 1843 1300 1866 et
1320 1840 1387 1867 alias
1411 1847 1444 1867 ex
1461 1839 1521 1866 aliis
1536 1839 1600 1866 facit
1622 1838 1703 1873 spiri-

919 1883 1036 1910 luuliter.
1050 1884 1106 1912 Hoc
1125 1884 1224 1913 factum
1243 1892 1304 1913 esse
1326 1885 1494 1913 inveniemus
1508 1885 1533 1912 in
1563 1885 1703 1912 lsraclitis.

924 1928 1068 1956 Matthmus
1082 1931 1153 1958 enim
1168 1935 1196 1958 et
1208 1931 1318 1963 Paulus,
1334 1938 1447 1966 quorum
1463 1931 1508 1958 ille
1535 1931 1704 1966 publicanus,

921 1975 964 2002 hic
978 1980 1136 2010 persecutor
1153 1981 1180 2004 et
1193 1977 1270 2005 ferox
1289 1982 1359 2010 erat,
1375 1985 1434 2004 cum
1451 1982 1542 2004 essent
1567 1976 1705 2012 quondam

921 2022 1008 2050 slteha
1022 2027 1049 2050 et
1063 2030 1175 2058 conyza,
1190 2024 1251 2051 facti
1273 2029 1335 2051 sunt
1351 2025 1432 2052 totius
1457 2024 1530 2052 orbis
1543 2023 1648 2058 publica
1666 2023 1705 2049 lu-

921 2069 1004 2101 mina,
1019 2074 1048 2096 et
1060 2069 1199 2096 Christum
1224 2072 1249 2096 in
1268 2071 1341 2098 omni
1367 2070 1438 2104 loco,
1460 2074 1515 2096 tum
1530 2070 1555 2096 iu
1578 2069 1706 2101 servatis,

922 2117 976 2140 tum
1006 2114 1032 2140 in
1054 2114 1168 2149 perditis
1208 2115 1340 2149 redolent,
1369 2116 1594 2150 quemadmodum
1621 2115 1708 2150 inquit

921 2158 1021 2186 Paulus
1033 2159 1273 2188 sanctissinms'i“.
1286 2161 1363 2195 Quod
1379 2166 1467 2190 autem
1480 2162 1600 2189 omnium
1612 2161 1706 2189 horum

922 2205 1109 2239 snppeditalor
1123 2213 1154 2232 ac
1168 2206 1280 2240 largitor
1305 2211 1405 2234 acterna
1430 2207 1514 2241 gloria
1536 2211 1563 2234 et
1591 2206 1708 2233 nominis

89 2247 167 2283 τόπῳ,
181 2248 210 2275 ἕν
224 2257 254 2274 τε
269 2250 325 2281 τοῖς
339 2249 512 2285 σωζομένοις,
536 2249 583 2276 καὶ
598 2249 626 2275 ὲν
637 2250 694 2280 τοῖς
717 2249 856 2284 ἀπολλυμέ

943 2250 1101 2284 erpetuitate
1130 2250 1165 2277 sit
1194 2250 1340 2285 petiturus,
1366 2251 1446 2278 docet
1473 2258 1534 2278 cum
1567 2250 1629 2277 ait:
1652 2248 1708 2275 Erit

89 2301 150 2325 νοις,
166 2294 238 2321 καθά
253 2303 333 2330 φησιν
347 2295 361 2321 ὁ
374 2295 519 2330 ἱερώτατος
532 2294 712 2326 Παῦλος.Ὂτι
730 2294 758 2321 δὲ
781 2295 795 2321 ὁ
809 2295 870 2321 τού-

89 2347 138 2366 των
155 2340 263 2366 πάντων
290 2340 405 2376 χορηγὸς
431 2341 478 2368 καὶ
506 2340 637 2376 πρύτανις
655 2341 684 2366 ἐν
701 2337 871 2375 ἀτελευτήτῳ

90 2386 204 2413 κείσεται
215 2386 278 2422 δόξῃ
286 2387 332 2414 καὶ
344 2386 469 2422 διαμονῇ,
482 2387 602 2414 διδάσκει
616 2386 714 2421 λέγων,
725 2386 766 2412 ὅτι
774 2386 871 2412 Ἔσται

91 2431 187 2466 Κύριος
205 2433 244 2464 είς
257 2433 351 2468 ὄνομα,
369 2433 414 2460 καὶ
431 2434 470 2464 είς
490 2433 602 2468 σημεῖον
623 2431 741 2463 αἰώνιον,
757 2431 803 2458 καὶ
822 2432 872 2457 οὐκ

92 2478 216 2513 ἐκλείψει·
231 2479 315 2514 ὄνομα
328 2480 357 2506 δέ
374 2488 455 2514 φησιν
472 2480 500 2505 ὲν
519 2477 623 2510 τούτοις
639 2477 688 2513 τὴν
705 2477 783 2510 δόξαν
795 2496 801 2507 ,
823 2485 871 2511 ση-

93 2524 161 2557 μεῖον
176 2524 214 2557 δὲ,
230 2525 267 2557 ὦς
282 2534 313 2560 γε
340 2522 426 2561 οἶμαι,
438 2525 487 2560 τὴν
501 2524 546 2551 διὰ
565 2522 682 2559 σταυροῦ
695 2522 871 2558 φαιδρότητα,

90 2568 121 2595 δι’
134 2566 163 2596 οὗ
176 2571 224 2598 καὶ
243 2571 402 2606 σεσώσμεθα
416 2591 423 2603 ,
449 2570 567 2605 ἐσόμεθα
602 2569 628 2595 δὲ
650 2568 844 2603 ἀκαταλήκτως
878 2567 906 2592 ἐν

92 2619 180 2646 οὐδένα
191 2619 285 2654 καιρὸν
297 2619 312 2654 ἢ
327 2619 438 2654 τρόπον.

341 2687 457 2714 ΤυΜοΣ
484 2675 615 2713 mm.

130 2758 198 2785 Ίάόε
217 2757 297 2792 λέγει
312 2757 432 2790 Κύριος·
452 2754 650 2782 Φυλάσσεσθε
666 2754 775 2787 κρίσιν,
789 2752 874 2784 ποιή-

93 2812 162 2831 σατε
177 2804 384 2838 δικαιοσύνην.
399 2804 520 2838 Ἴιγγικε
534 2802 587 2837 γὰρ
602 2802 634 2829 τὸ
651 2801 797 2835 σωτήριόν
816 2808 873 2834 μου

128 2897 148 2911 ⁸⁷
167 2895 262 2930 Philip.
278 2903 314 2929 Iv,
335 2896 358 2922 l.
397 2895 418 2910 "‘
435 2895 514 2922 Cant.
532 2902 558 2928 v,
577 2895 597 2921 Ι.
624 2888 656 2904 ⁶⁸¹
692 2893 710 2919 ll
727 2892 787 2920 Cor.
807 2900 835 2923 ιι,
856 2891 896 2918 l6.

927 2295 1056 2323 Dominus
1068 2296 1095 2323 in
1111 2303 1208 2323 nomen
1223 2297 1289 2323 etin
1313 2297 1419 2331 signum
1448 2297 1652 2330 sempiternum.
1683 2300 1708 2322 et

926 2348 978 2367 non
1003 2341 1118 2368 deficiet.
1135 2341 1238 2368 Nomen
1255 2341 1298 2369 hic
1327 2347 1405 2369 vocat
1430 2341 1567 2376 gloriam;
1592 2342 1708 2375 signum,

925 2391 953 2413 ut
968 2395 1017 2422 ego
1032 2388 1138 2422 quidem
1156 2388 1360 2421 censeo,crncis
1371 2388 1552 2423 splendorem,
1568 2395 1616 2421 per
1630 2395 1709 2420 quam

924 2432 1005 2459 etiam
1015 2433 1113 2459 servati
1130 2441 1232 2466 sumus,
1247 2433 1275 2460 in
1286 2441 1337 2467 qua
1353 2431 1434 2462 ell‘avu
1448 2433 1548 2467 iugiter
1564 2439 1707 2466 permnue-
1739 2445 1741 2465 ε

924 2477 1022 2505 bimus.
1038 2477 1181 2513 Nunquam
1194 2478 1265 2505 enim
1281 2478 1338 2512 ejus
1352 2478 1439 2513 gratia
1451 2478 1505 2505 ullo
1515 2482 1636 2511 tempore
1663 2481 1709 2503 aut

926 2523 1004 2550 modo
1021 2531 1069 2551 nos
1081 2525 1196 2552 deﬁciet.

925 2567 1021 2601 τούτῳ.
1045 2569 1178 2604 Ἐκλείψει
1202 2572 1255 2607 γὰρ
1270 2573 1334 2608 ἡμῖν
1350 2571 1365 2607 ή
1383 2571 1446 2606 παρ’
1460 2569 1543 2596 αὐτοῦ
1557 2569 1636 2603 χάρις
1653 2566 1709 2593 κατ’

1115 2681 1197 2717 786
1216 2682 1333 2710 TOMUS
1352 2682 1521 2718 _'l'ERTlUS.

963 2751 1026 2778 (lar.
1043 2749 1108 2777 LVI.
1125 2749 1205 2778 Vens.
1224 2751 1248 2778 1.
1265 2750 1328 2778 Ilazc
1340 2751 1403 2778 dicit
1417 2750 1543 2777 Dominus
1560 2749 1715 2776 :Cttslodilo

924 2797 1077 2831 judicium,
1107 2797 1184 2831 facile
1214 2797 1353 2831 juslilirim.
1388 2796 1608 2831 .lpprnpiuquarit
1643 2796 1713 2821 enim
