1883 3054
161 184 172 215 ί
178 186 229 216 1139

656 186 684 213 S.
706 184 841 214 CYRlLLI
860 182 1094 213 ALEXANDIHNI
1114 181 1202 210 Αῐιειτ

1725 175 1797 202 1941)

162 237 279 264 salutare
301 244 384 263 meum
420 240 447 262 ut
477 235 573 266 veniat.
588 240 611 262 et
628 235 812 262 misericordia
828 242 899 266 mea,
916 239 944 261 ut

1029 231 1236 267 ιραγενέσθαι,
1262 229 1310 256 καὶ
1338 228 1370 255 τὸ
1397 226 1483 258 ἔλεός
1519 235 1578 261 μου
1610 225 1799 257 ἀποκαλυρ-

162 282 284 316 pateﬁat.

198 327 235 354 De
249 325 367 361 gentium
393 325 534 354 vocatione
569 334 616 362 per
652 326 742 359 ﬁdem,
771 327 897 355 videlicet
920 327 947 354 in

161 372 278 404 Christo,
303 371 423 405 pluribus
448 372 537 400 verbis
561 373 616 408 egit
645 373 672 400 iu
697 373 777 408 paqu
802 373 948 409 superiori-

162 418 214 446 bus
234 428 240 445 :
265 425 319 453 quo
338 420 472 451 confeclo,
487 420 584 447 transit
597 419 694 447 iterum
711 421 744 447 ad
760 419 947 447 commonefa-

161 463 286 490 ciendum
304 463 449 491 Israelitas.
474 464 575 492 Natura
587 465 660 493 enim
673 465 758 492 bonus
771 466 840 493 Deus
855 473 950 493 omnes

163 509 285 537 homines
302 510 360 536 vult
375 511 465 538 salvos
483 510 551 544 ﬁeri,
575 515 602 538 et
618 511 652 538 ad
667 511 833 546 agnitionem
846 512 948 539 verita-

164 555 198 582 tis
209 557 303 584 venire
313 555 370 584 ⁶⁸“·.
390 557 521 590 Quoniam
535 562 627 585 autem
645 557 769 585 solebant
783 562 894 592 propter
907 565 951 584 no-

163 599 294 628 bilitatem
308 607 413 636 patrum
433 602 606 637 supercilium
630 601 732 634 tollere,
747 607 774 629 et
787 602 838 629 hac
851 602 907 629 sola
917 602 951 629 de

164 652 244 673 causa
254 646 338 674 altum
353 654 457 681 sapere,
472 651 499 675 et
510 648 572 682 quia
589 647 640 675 hoc
657 648 708 676 sibi
722 648 856 682 putabant
880 649 948 676 satis

165 697 233 723 esse,
250 691 355 718 etiamsi
380 691 451 719 nulla
472 693 561 727 proba:
579 693 640 720 vitae
657 693 714 720 laus
739 693 859 721 eluceret
872 713 879 724 .
903 700 951 721 co-

165 732 244 763 natur
270 738 385 770 probare
402 737 508 766 inanem
523 738 581 766 fore
606 739 660 766 illis
688 739 799 766 omnino
827 740 853 767 in
878 739 952 767 hisce

167 782 245 809 rebus
261 787 411 811 tumorem:
427 784 472 812 sed
484 792 531 812 eos
547 785 625 812 docet
638 785 820 813 excellentem
836 785 951 820 gloriam

167 829 306 863 consequi,
323 830 369 865 qui
382 837 414 857 ea
434 838 493 865 qua:
518 831 638 866 injuncta
666 835 741 862 sunt.
754 837 952 866 exsequuntur,

167 878 193 900 et
204 874 229 901 iu
245 875 326 902 factis
340 875 509 909 splendorem
540 877 672 904 ambiunt.
692 876 834 905 Custodite
861 877 951 912 igitur,

1000 278 1098 306 θῆναι.

1058 288 1098 305 αι.

1020 288 1100 359 ηῐῖερὶ
1114 323 1163 358 τῆς
1175 321 1227 349 τῶν
1239 321 1323 348 ὲθνῶν
1338 319 1460 355 κλήσεως
1479 318 1529 354 τῆς
1545 317 1589 344 διὰ
1601 316 1737 347 πίστεως,
1748 315 1800 349 δῖ-

998 369 1084 396 λονότι
1098 368 1148 403 τῆς
1162 369 1190 394 ὲν
1205 366 1327 402 Χριστῷ,
1343 365 1463 401 μακροὺς
1481 363 1629 399 πεποίηται
1651 362 1755 395 λόγους
1773 361 1802 386 ἐν

999 415 1055 446 τοϊς
1068 413 1163 441 ὰνόπιν
1176 413 1274 448 βραχὺ,
1290 410 1458 446 διαπεράνας
1467 410 1495 436 δὲ
1502 408 1581 435 τοῦτο
1592 407 1701 443 μέτεισι
1717 406 1806 432 πᾶλιν

1000 461 1046 487 ἐπὶ
1062 460 1092 487 τὸ
1109 460 1207 495 χρῆναι
1232 458 1366 484 νουθετεῖν
1379 457 1442 488 τοὺς
1465 455 1494 487 ὲξ
1522 455 1642 490 αἵματος
1674 451 1806 487 Ἰσραῆλ-

1000 506 1080 533 Φύσει
1097 504 1151 541 γὰρ
1167 504 1298 540 ὑπάρχων
1312 502 1414 537 ἀγαθὸς
1430 501 1534 532 πάντας
1549 499 1716 535 ἀνθρώπους
1729 497 1805 524 θέλει

1003 552 1131 587 σωθῆναι,
1148 551 1194 578 καὶ
1208 552 1247 582 εἰς
1263 550 1411 584 ἐπίγνωσιν
1427 547 1554 583 ἀληθείας
1565 546 1664 573 ἐλθεῖν.
1689 544 1805 577 Ἐπειδὴ

1001 599 1029 626 δὲ
1041 596 1075 634 ἦν
1091 598 1151 630 ἔθος
1158 597 1249 629 αὐτοῖς
1265 596 1311 623 ἐπὶ
1325 597 1357 631 τῇ
1380 595 1435 621 τῶν
1459 593 1587 628 πατέριον
1604 591 1738 626 εὐγενείᾳ
1754 590 1806 624 τὴν

1003 645 1088 680 ὀφρῦν
1097 643 1232 678 ἁνασπᾷν,
1242 641 1289 669 καὶ
1303 642 1373 677 μέγα
1386 640 1504 676 φρονεῖν,
1517 639 1559 665 ἐπ’
1572 637 1649 672 αὐτῷ
1656 637 1690 672 δὴ
1702 636 1805 670 τούτῳ,

1003 692 1050 719 καὶ
1067 691 1154 730 μόνῳ,
1171 689 1219 716 καὶ
1233 688 1400 723 ἀποχρήσειν
1417 686 1508 716 αὐτοῖς
1523 684 1628 711 οἴεσθαι
1644 682 1741 712 ταυτὶ,
1758 681 1807 730 κῗὶ

1003 738 1028 764 εἰ
1042 729 1078 772 μή
1100 735 1179 771 μετὸν
1193 735 1280 771 ὁρῷτο
1290 734 1340 768 τῆς
1353 733 1469 764 εὐζωῒας
1482 731 1512 758 τὺ
1530 730 1673 765 καύχημα,
1703 729 1805 762 πειρὶ-

1003 791 1048 810 ται
1063 782 1257 818 πληροφορεϊν,
1278 781 1315 812 ὡς
1328 780 1431 806 εἰκαῖον
1455 778 1546 809 αὐτοῖς
1564 777 1641 803 ἔσται
1661 774 1807 804 παντελῶς

1003 829 1033 856 το
1051 830 1097 856 ἐπὶ
1120 828 1210 863 τούτῳ
1234 827 1359 862 φύσημα,
1385 825 1462 857 δόξαν
1478 823 1506 850 δὲ
1527 823 1628 858 μᾶλλον
1654 820 1807 854 ἀποφαίνει

1005 875 1134 911 λαχόντας
1151 873 1299 910 θεοπρεπῆ.
1312 873 1341 899 τὸ
1359 870 1479 906 πληροῦν
1493 869 1600 896 ἑλέσθαι
1610 868 1645 895 τὰ
1657 867 1807 899 διατεταγ-

167 920 265 954 inquit,
279 921 422 954 judicium.
438 922 464 950 id
481 926 532 954 est,
548 928 651 950 rectum
679 922 821 956 judicium,
841 923 882 950 vel
910 923 951 950 di-

1029 921 1082 954 ένα,
1109 921 1202 948 καὶτὸ
1225 920 1274 955 τὴν
1293 920 1323 945 ἐν
1341 918 1432 954 ἔργοις
1450 915 1618 950 φαιδρότητα
1645 912 1808 948 μεταποιεῖ-

168 965 230 992 vina
254 965 366 1000 judicia.
398 967 501 997 scilicet
528 968 664 996 mandata.
693 968 784 997 Facite
809 969 952 1004 justitiam.

168 1009 227 1036 Non
242 1011 313 1038 enim
329 1011 512 1040 mododivinis
530 1013 632 1048 legibus
640 1013 708 1041 velle
718 1014 859 1049 adhaerere
888 1015 955 1042 satis

168 1059 220 1087 est,
237 1060 263 1083 et
280 1063 295 1082 a
310 1057 456 1091 praestandi
473 1065 504 1084 ac
519 1057 677 1093 perﬁciendi
696 1059 784 1087 otlicio
804 1059 953 1092 discedere,

169 1101 216 1128 sed
245 1106 351 1136 oportet
379 1110 461 1137 porro
485 1111 625 1134 sacrorum
646 1104 811 1139 iudiciorum
831 1106 956 1134 custodes

172 1153 313 1181 apparere,
336 1152 362 1174 et
376 1149 448 1176 omni
465 1150 597 1177 bonorum
609 1157 720 1185 operum
735 1158 834 1186 genere
865 1151 955 1178 excel-

171 1192 237 1218 lere.
255 1191 294 1220 Ne
306 1200 370 1220 vero
382 1193 443 1228 quis
460 1199 582 1228 nostrum
598 1198 674 1229 putet
694 1195 736 1222 his
751 1196 841 1223 verbis
869 1194 957 1223 Israe-

172 1236 232 1264 litas
240 1236 273 1264 ad
287 1236 504 1265 observationem
518 1237 594 1272 legis,
603 1245 663 1273 qua:
675 1239 701 1264 iu
714 1239 819 1266 umbris
827 1239 955 1266 nimirum

171 1282 221 1309 sita
249 1286 337 1311 estet
363 1283 389 1310 in
417 1284 496 1319 typis,
528 1283 639 1311 excitari
664 1284 857 1318 :justiticatur
886 1285 956 1312 enim

174 1335 253 1355 nemo
277 1328 304 1356 in
329 1328 389 1364 lege
412 1329 480 1364 apud
507 1330 602 1363 Deum,
616 1330 841 1364 quemadmodum
862 1329 959 1358 Paulus

171 1373 216 1400 ille
229 1377 269 1401 ter
285 1374 402 1408 optimus
417 1374 573 1410 scripsit":
588 1382 672 1409 prope
686 1383 747 1403 esse
761 1375 826 1403 dicit
841 1376 960 1404 salutare

172 1427 263 1452 suum.
281 1424 309 1454 et
326 1421 538 1449 miscricordiam
551 1421 778 1456 patefaciendam.
803 1421 959 1450 Misericor-

173 1466 244 1493 diam
261 1471 288 1494 et
303 1467 424 1495 salutare
434 1474 514 1497 vocat
528 1468 665 1496 Christum
682 1478 688 1496 :
703 1476 752 1504 per
770 1469 858 1502 ipsum
887 1470 959 1497 enim

171 1511 388 1540 misericordiam
411 1513 501 1548 adepti
534 1521 638 1547 sumus,
661 1519 688 1542 et
718 1515 904 1542 remissionem
928 1523 959 1543 ac

172 1557 287 1586 salutent
303 1566 351 1594 per
369 1559 447 1587 fidem
460 1559 575 1587 lucrati:
594 1559 689 1588 Simile
705 1567 764 1588 esse
777 1561 892 1589 dicimus
910 1561 962 1589 hoc

1007 968 1068 994 σθαι
1085 967 1182 1002 φιλεῖν.
1199 965 1303 993 Οὐκοῦν
1323 963 1504 999 φυλάσσεσθε,
1520 962 1597 997 φησὶ,
1610 960 1717 996 κρίσιν,
1728 966 1809 984 τουτ-

1006 1015 1074 1045 έστι,
1085 1013 1133 1048 τὴν
1144 1011 1330 1049 ὀρθοκρισίαν,
1343 1011 1402 1046 ἦτοι
1414 1010 1448 1036 τὰ
1461 1009 1520 1036 θεῖα
1533 1007 1669 1043 κρίματα,
1684 1004 1770 1039 δῆλον
1779 1003 1807 1028 δὲ

1005 1060 1046 1086 ὅτι
1060 1058 1109 1090 τὰς
1122 1057 1241 1089 ἐντολάς.
1261 1057 1365 1083 Ποιεῖτε
1378 1054 1560 1089 δικαιοσύνην
1573 1052 1604 1079 οὺ
1622 1051 1679 1086 γὰρ
1693 1049 1807 1085 ἀρκέσει

1008 1105 1088 1140 μόνον
1103 1105 1135 1131 τὸ
1149 1103 1293 1139 βούλεσθαι
1309 1103 1360 1136 μὲν
1380 1102 1436 1133 τοῖς
1458 1100 1541 1131 θείοις
1563 1097 1748 1134 προσκεῖσθαι
1766 1095 1807 1121 νό-

1009 1157 1078 1183 μοις.
1093 1148 1243 1183 ἀποφοιτᾷν
1256 1147 1283 1174 δὲ
1299 1146 1347 1173 τοῦ
1365 1145 1464 1182 χρῆναι
1481 1142 1671 1180 διαπεραίνειν
1686 1140 1788 1170 αὐτούς
1799 1147 1805 1153 ·

1007 1195 1047 1222 δεῖ
1061 1195 1089 1222 δὲ
1101 1193 1224 1229 φύλακας
1236 1193 1350 1229 ὁρᾶσθαι
1363 1192 1417 1218 τῶν
1427 1191 1508 1227 ἱερῶν
1520 1189 1676 1225 χριμάτων,
1696 1187 1807 1221 διαπρέ-

1008 1249 1068 1268 πειν
1081 1248 1111 1267 τε
1126 1241 1194 1275 πρὸς
1206 1239 1292 1275 τούτῳ
1308 1239 1351 1266 διὰ
1373 1238 1463 1274 πάσης
1490 1235 1688 1271 ἀγαθουργίας.
1707 1233 1766 1260 "Iv:
1780 1232 1806 1259 δὲ

1010 1288 1046 1323 μή
1067 1295 1108 1318 τις
1120 1286 1210 1322 οἴηται
1225 1285 1278 1312 τῶν
1291 1285 1350 1312 καθ’
1371 1285 1446 1320 ἡμᾶς
1464 1284 1510 1310 ἐπὶ
1526 1282 1574 1318 τὴν
1594 1281 1644 1308 τοῦ
1662 1281 1749 1315 νόμου
1763 1279 1807 1314 τή-

1010 1342 1098 1369 ρησιν,
1117 1334 1166 1368 τὴν
1177 1333 1215 1364 ὡς
1235 1332 1263 1358 ἐν
1276 1332 1308 1366 γέ
1323 1340 1394 1366 φημι
1409 1331 1499 1362 σκιαῖς
1520 1338 1548 1356 τε
1572 1329 1620 1355 καὶ
1635 1327 1736 1358 τύποις
1756 1335 1806 1353 πα-

1010 1378 1176 1415 ραθήγεσθαι
1197 1377 1241 1405 διὰ
1266 1377 1368 1404 τούτων
1385 1377 1447 1408 τοὺς
1460 1376 1490 1408 ἐξ
1511 1375 1636 1411 Ἰσραήλ’
1655 1373 1805 1401 δικαιοῦται

1009 1424 1062 1460 γὰρ
1072 1424 1158 1455 οὐδεὶς
1171 1425 1199 1450 ἐν
1211 1423 1285 1459 νόμῳ
1305 1423 1379 1458 παρὰ
1401 1422 1471 1457 Θεῷ,
1495 1421 1568 1448 καθὰ
1587 1419 1716 1455 γέγραφέ
1737 1427 1805 1444 τιςιί

1009 1471 1023 1496 6
1036 1471 1200 1506 πανάριστος
1218 1469 1321 1501 Παῦλος
1331 1478 1337 1484 '
1350 1469 1432 1503 ἐγγὺς
1449 1465 1518 1495 εἶναί
1534 1475 1600 1502 φησι
1615 1467 1648 1492 τὸ
1663 1466 1804 1500 σωτήριον,

1010 1516 1056 1543 καὶ
1074 1516 1105 1542 τὸ
1128 1515 1202 1547 ἔλεος
1224 1514 1307 1541 αὑτοῦ
1332 1513 1571 1548 ἀποκαλυφθῆναι.
1604 1511 1704 1542 Ἔλεος
1720 1510 1748 1536 δὲ
1762 1510 1805 1536 καὶ

1012 1562 1143 1597 σωτήριον
1159 1560 1286 1596 ὀνομάζει
1296 1560 1425 1596 Χριστόν·
1442 1559 1582 1595 ἠλεήμεθα
1600 1558 1656 1593 γὰρ
1668 1558 1702 1584 δι’
1716 1556 1803 1587 αὑτοῦ,

175 1603 212 1630 illi
235 1604 307 1639 quod
320 1611 335 1631 a
350 1604 405 1632 Deo
415 1604 516 1632 dictum
531 1609 573 1634 est
600 1606 634 1633 ad
659 1606 767 1633 beatum
798 1606 936 1634 Abbaeum
951 1615 958 1634 :

1029 1607 1061 1641 ὴν
1085 1607 1129 1633 διὰ
1142 1606 1259 1638 πίστεως
1272 1607 1369 1641 ἄφεσιν
1382 1605 1429 1632 καὶ
1445 1605 1580 1640 σωτηρίαν
1596 1603 1803 1638 ἁποκερδαίνον-

179 1658 188 1674 ι
206 1650 302 1677 Adhuc
314 1650 463 1685 paululum,
478 1651 523 1686 qui
539 1652 613 1680 venit
624 1652 725 1685 veniet.
739 1657 766 1680 et
778 1660 830 1680 non
857 1660 962 1681 moram

176 1697 265 1724 trahet
278 1697 312 1724 το.
330 1707 340 1724 ι
364 1697 500 1732 Pateﬁeri,
522 1699 587 1726 dicit
601 1706 650 1733 pro
663 1699 842 1728 manifestari.
873 1700 964 1735 Siqui-

177 1744 237 1771 dem
276 1745 490 1779 prtcnuntiarunt
532 1746 602 1774 beati
637 1747 777 1782 propheta:
811 1747 964 1775 Servatoris

176 1791 339 1823 adventum,
369 1791 450 1826 787
481 1796 508 1819 et
538 1792 688 1826 patefactus
714 1797 755 1821 est
785 1793 963 1825 mortalibus.

177 1837 287 1872 quando
310 1838 593 1872 potenti-dominatori
611 1839 698 1866 visum
713 1837 766 1867 est.
783 1839 859 1873 Quod
881 1839 964 1867 etiam

176 1883 285 1911 divinus
305 1883 388 1911 David
400 1883 518 1916 docebit,
533 1884 643 1912 dicens:
674 1894 684 1912 ι
699 1885 798 1920 Notum
814 1885 881 1913 fecit
913 1886 965 1913 Do-

178 1930 267 1958 minus
280 1930 399 1958 salutare
414 1938 503 1963 suum,
515 1931 542 1958 in
560 1937 706 1967 conspectu
728 1932 848 1967 gentium
862 1931 964 1960 revela-

176 1975 356 2011 vitjuStitiam
366 1985 441 2005 suam
457 1977 490 2005 ⁷⁸.
504 1986 513 2003 ι
527 1977 715 2006 Manifestatus
727 1978 800 2006 enim
827 1982 870 2006 est
887 1977 966 2005 Chri-

181 2027 239 2050 stus
260 2024 397 2058 gentibus,
418 2024 463 2059 qui
481 2029 524 2052 est
545 2024 664 2052 salutare
688 2030 714 2052 et
728 2025 853 2060 iustitia,
867 2024 965 2059 quippe

178 2068 206 2095 in
225 2069 292 2103 ipso,
306 2068 398 2104 utjam
413 2069 478 2101 dixi,
496 2070 566 2098 Deus
587 2078 618 2097 ac
636 2071 715 2097 Pater
741 2079 790 2099 nos
807 2070 924 2098 servavit
938 2074 963 2097 et

177 2116 347 2150 justiﬁeavit.

219 2248 300 2276 Vens.
326 2248 354 2274 2.
371 2248 468 2274 Beatus
483 2248 521 2275 vir
546 2248 590 2282 qui
617 2246 753 2281 facit/uec,
768 2253 791 2275 et
814 2247 890 2274 homo
922 2248 969 2282 qui

1014 1661 1068 1685 τες.
1087 1652 1191 1684 Ἐοικὺς
1199 1649 1269 1679 εἶναί
1280 1661 1317 1686 φα
1322 1652 1466 1687 μενςτούτῳ
1475 1651 1504 1677 τὸ
1516 1652 1576 1686 είρη
1582 1650 1663 1685 μένον
1675 1649 1724 1686 [aL
1733 1648 1804 1675 τοῦτο

1014 1699 1053 1733 τῷ
1072 1697 1220 1734 εἰρημένῳ]
1234 1698 1310 1733 παρὰ
1324 1696 1392 1724 Θεοῦ
1407 1697 1475 1733 πρὸς
1489 1696 1533 1723 τὸν
1550 1696 1688 1730 μακάριον
1713 1694 1803 1720 ’Δϐϐιι-

1015 1746 1095 1781 κούμ·
1108 1755 1116 1771 ι
1125 1745 1185 1779 Ἔτι
1201 1745 1308 1780 μικρὸν,
1317 1745 1331 1771 ὁ
1344 1743 1489 1779 ἐρχόμενος
1497 1742 1567 1778 ἥξει,
1577 1742 1623 1768 καὶ
1634 1742 1665 1768 οὐ
1680 1742 1801 1776 χρονιεῖ.»

1016 1792 1053 1818 Τὸ
1065 1792 1094 1818 δέ
1109 1801 1140 1826 γε
1154 1790 1381 1825 ἀποκαλυφθῆναι
1400 1798 1493 1825 φησιν,
1511 1789 1571 1815 ἀντὶ
1590 1788 1637 1814 τοῦ
1652 1787 1799 1822 φανερωθῆ-

1015 1846 1072 1865 ναι·
1088 1837 1313 1874 προαπήγγελλον
1334 1836 1385 1871 μὲν
1402 1835 1456 1870 γὰρ
1474 1836 1499 1861 οἱ
1526 1835 1656 1870 μακάριοι
1673 1834 1804 1868 προφῆται

1015 1884 1062 1911 τοῦ
1078 1884 1204 1919 Σωτῆρος
1218 1883 1267 1918 τὴν
1280 1882 1372 1918 ἄφιξιν
1384 1889 1391 1896 ·
1409 1881 1504 1916 γέγονε
1517 1881 1544 1907 δὲ
1559 1882 1616 1912 τοῖς
1630 1880 1679 1906 ἐπὶ
1700 1880 1747 1914 τῆς
1759 1880 1804 1914 γῆς

1016 1929 1135 1964 ἐναργὴς
1147 1930 1175 1955 ὲν
1196 1929 1303 1963 καιροῖς
1313 1947 1321 1958 .
1341 1927 1402 1954 καθ’
1419 1926 1467 1957 οὒς
1484 1925 1617 1961 ἠθέλησεν
1630 1926 1644 1950 6
1655 1924 1786 1958 δυνάστης
1798 1931 1802 1936 ·

1017 1975 1063 2002 καὶ
1076 1975 1156 2002 τοῦτο
1168 1973 1269 2007 διδάξει
1285 1973 1370 2008 λέγων
1384 1974 1397 2000 6
1410 1972 1553 2003 θεσπέσιος
1564 1970 1646 1998 Δαϐίδ
1659 1978 1666 1986 ·
1687 1980 1696 1995 ‹
1712 1969 1804 2003 Ἐγνώ-

1018 2027 1075 2055 ρισε
1093 2019 1194 2055 Κύριος
1205 2019 1235 2046 τὸ
1250 2019 1382 2054 σωτήριον
1394 2017 1487 2048 αὐτοῦ,
1515 2017 1637 2044 ἐναντίον
1654 2015 1709 2042 τῶν
1727 2015 1803 2041 ὲθνῶν

1017 2065 1175 2100 ἀπεκάλυψε
1200 2065 1249 2101 τὴν
1265 2064 1440 2099 δικαιοσύνην
1459 2063 1552 2090 αὐτοῦ.
1573 2073 1581 2088 ι
1614 2062 1802 2097 Πεςνανέρωται

1017 2112 1071 2147 γὰρ
1086 2113 1141 2143 τοῖς
1157 2111 1245 2138 ἔθνεσι
1265 2111 1394 2148 Χριστος,
1410 2112 1439 2142 ὃς
1453 2103 1519 2136 ἔστι
1545 2109 1691 2144 σωτήριον,
1706 2109 1750 2134 καὶ
1768 2107 1801 2133 δι-

1018 2157 1157 2193 καιοσύνη·
1175 2158 1211 2189 ὡς
1228 2158 1281 2194 γὰρ
1296 2158 1362 2193 ἔφην
1387 2157 1497 2193 ἀρτίως,
1515 2157 1620 2183 σέσωκέ
1637 2165 1668 2183 τε
1681 2156 1727 2182 καὶ
1741 2156 1801 2182 δεδι-

1018 2204 1136 2230 καῐωκεν
1152 2205 1225 2240 ἡμᾶς
1242 2204 1256 2230 6
1271 2204 1337 2236 Θεὸς
1351 2203 1397 2230 καὶ
1417 2202 1512 2238 Πατὴρ
1523 2203 1552 2228 ὲν
1569 2201 1656 2237 αὐτῷ.

1053 2250 1203 2285 Μακάριος
1220 2250 1298 2284 ἀνὴρ
1314 2252 1330 2277 ό
1350 2249 1442 2276 ποιῶν
1459 2249 1564 2282 ταῦτα,
1582 2248 1633 2275 καὶ
1657 2248 1800 2281 ἂνθρωπις

180 2296 274 2324 retinet
290 2295 356 2326 lucc,
374 2299 396 2320 et
410 2293 524 2320 custodit
544 2294 670 2327 Snbbata,
682 2299 710 2321 ut
730 2303 781 2322 non
794 2295 960 2329 profanetea,

1029 2297 1034 2319 Ξ
1046 2295 1246 2329 ἀντεχόμενος
1260 2294 1368 2325 αὐτῶν,
1382 2294 1429 2320 καὶ
1445 2293 1617 2328 φυλάσσων
1631 2293 1670 2319 τὰ
1679 2291 1802 2319 Σὰϐὔητιὶ

180 2348 204 2370 et
214 2345 299 2370 servat
315 2349 407 2369 manus
418 2349 491 2373 suae,
503 2349 534 2368 ne
549 2341 649 2376 faciant
662 2340 829 2375 injustitiam.

215 2431 334 2466 Cognata
349 2430 480 2458 suntlth
489 2429 544 2464 jam
561 2429 651 2460 dictis.
674 2434 701 2456 et
721 2429 815 2456 eodem
831 2429 942 2456 tendunt
960 2436 966 2455 :

181 2477 228 2505 sed
264 2477 346 2505 habet
374 2476 463 2504 oratio
493 2476 616 2510 quaedam
651 2475 844 2502 observatione
877 2475 966 2509 digna.

181 2524 328 2551 Considera
343 2523 414 2551 enim
433 2530 486 2557 quo
506 2527 585 2557 pacto
604 2521 749 2549 dicateum
775 2523 882 2548 beatum
897 2528 969 2552 esse,

181 2578 235 2598 non
253 2569 412 2605 simpliciter
424 2569 470 2604 qui
487 2576 519 2596 ex
533 2568 639 2596 semine
660 2567 776 2595 Abrahae
787 2573 839 2600 est,
856 2575 909 2595 non
924 2567 969 2602 qui

181 2615 284 2643 carnali
299 2615 441 2643 nobilitate
461 2618 561 2648 turget,
591 2618 618 2640 ct
643 2614 670 2640 in
688 2620 721 2640 eo
747 2613 819 2639 inani
845 2614 970 2648 superbia

182 2661 332 2692 iusolescit,
361 2660 408 2688 sed
437 2659 511 2686 illum
528 2659 554 2686 iu
568 2665 622 2693 quo
639 2659 716 2685 home
736 2663 763 2685 et
786 2658 895 2685 illibata:
909 2658 971 2685 vita:

181 2706 255 2734 velut
265 2705 405 2741 splendida
425 2709 452 2732 et
465 2704 578 2732 illustris
599 2704 717 2740 dignitas
737 2704 827 2732 inesse
850 2703 971 2731 cernitur

182 2757 210 2780 et
220 2753 380 2780 enitescere.
397 2749 462 2778 Tale
474 2750 601 2784 quiddam
620 2750 715 2778 beatus
726 2748 842 2777 Joannes
852 2749 970 2784 Baptista

220 2843 264 2859 “‘"
281 2843 288 2869 1
305 2841 374 2870 'Iim.
387 2850 418 2874 Il,
434 2844 460 2870 ι.

222 2922 258 2957 υ)
277 2919 357 2955 tu,
376 2921 463 2947 tam.

501 2843 521 2859 ⁵³
539 2843 626 2872 Galat.
641 2850 681 2876 lli,
704 2842 752 2877 ll;
771 2841 848 2871 Rom.
864 2851 883 2876 1,
904 2843 953 2875 l7;
975 2842 1056 2871 llebr.
1075 2852 1101 2877 κ,
1121 2844 1163 2871 58.

1017 2350 1077 2376 μου
1089 2340 1132 2375 μὴ
1151 2340 1314 2374 ,βεϐηλοῦν,
1334 2340 1383 2366 καὶ
1403 2338 1549 2373 διατηρῶν
1565 2339 1618 2371 τὰς
1642 2338 1744 2373 χεῖρας
1758 2339 1801 2365 αὑ-

1022 2386 1073 2413 τοῦ
1085 2386 1127 2421 μὴ
1140 2387 1237 2413 ποιεῖν
1249 2386 1378 2420 ἀδίκημα
1392 2386 1441 2420 (1).

1063 2433 1177 2467 Ἀδελφὰ
1194 2434 1240 2460 καὶ
1255 2432 1342 2460 ταῦτα
1359 2433 1414 2463 τοῖς
1436 2431 1536 2468 ἀρτίως
1557 2432 1623 2466 ἡμῖν
1646 2431 1800 2466 εἰρημένοις,

1023 2480 1070 2506 καὶ
1084 2479 1127 2505 διὰ
1137 2478 1191 2505 τῶν
1205 2479 1269 2505 ἴσων
1281 2478 1400 2514 ἔρχεται,
1413 2476 1574 2512 ἐπιτήρησίν
1589 2484 1621 2510 γε
1639 2475 1694 2511 μὴν
1708 2477 1720 2502 6
1734 2476 1801 2510 λόγος

1024 2525 1080 2559 ἔχει
1093 2524 1303 2560 πολλήν,“¹Λθρει
1317 2524 1371 2558 γὰρ
1387 2524 1461 2555 ὅπως
1478 2522 1615 2558 μακάριον
1632 2520 1704 2548 εἶναί
1719 2530 1799 2557 φησιν,

1017 2570 1077 2605 οὐχὶ
1089 2570 1176 2605 δήπου
1189 2570 1297 2600 πάντως
1316 2569 1360 2596 τὸν
1377 2570 1409 2596 ἐκ
1427 2569 1584 2603 σπέρματος
1601 2566 1799 2602 ’Ᾱϐραὰμ,οὕτε

1019 2616 1072 2651 μὴν
1093 2616 1138 2643 τὸν
1162 2616 1243 2651 σαρκὶ
1266 2617 1312 2642 καί
1337 2614 1486 2649 εὐγενείαις
1508 2612 1740 2648 ἐπικομπάζοντα,
1761 2613 1799 2639 καὶ

1018 2664 1121 2688 εἰκαῖον
1144 2661 1239 2697 ἔχοντα
1259 2662 1289 2688 τὸ
1317 2661 1362 2688 ἐπὶ
1382 2661 1469 2694 τούτῳ
1493 2660 1637 2697 φρόνημα,
1660 2659 1756 2685 ἐκεῖνον
1774 2658 1798 2684 δὲ

1022 2708 1131 2742 μᾶλλον,
1145 2707 1239 2742 ὥσπερ
1263 2706 1296 2734 ἂν
1322 2706 1476 2741 ἐνυπάρχον
1492 2705 1580 2740 ὁρῷτο
1603 2705 1635 2730 τὸ
1654 2703 1798 2739 διαπρέπειν

1027 2754 1055 2779 ἐν
1072 2753 1193 2787 ἀγαθοῖς,
1212 2747 1263 2779 καῖ’
1273 2752 1322 2786 τῆς
1337 2751 1469 2785 ἁδεὸήλου
1483 2751 1554 2785 ζωῆς
1568 2749 1598 2776 τὸ
1611 2749 1743 2785 λαμπρὸν,
1760 2748 1798 2776 καὶ

1203 2845 1224 2859 ⁷⁵
1239 2843 1339 2871 llubac.
1360 2851 1390 2876 ιι,
1405 2843 1430 2870 5.
1470 2842 1491 2858 ”
1514 2841 1583 2869 Psal.
1599 2848 1671 2868 xcru
1699 2840 1723 2867 2.
