1883 3054
79 156 165 188 1241

644 158 681 186 IN.
699 159 813 187 ISMAM
835 158 898 188 LIB.
920 159 950 188 ν.
971 158 1089 187 TOMUS
1104 158 1149 186 III.

1666 158 1732 187 1252

79 219 250 254 περιφανὲς
265 218 383 254 ἀξίωμα.
397 219 524 247 Τοιοῦτόν
538 228 564 246 τι
593 220 640 247 καὶ
659 221 673 247 ὁ
693 220 828 256 μακάριος
842 220 892 247 Βα-

981 221 1049 248 tisse
1063 220 1170 247 videtur
1186 217 1340 246 Jndaeorum
1367 218 1461 244 turbae.
1488 216 1669 244 Accesserant
1697 220 1731 245 ad

78 266 215 301 τιτιστῆς
234 265 360 301 Ἰωάννης
372 268 431 299 ταῖς
448 266 582 294 Ἰουδαίων
595 267 707 302 ἀγέλαις
717 268 893 303 ἐπιφωνήσας

78 308 211 344 ὁρᾶται*
231 311 385 346 προσῄεσαν
398 312 447 347 μὲν
458 311 512 347 γὰρ
531 312 560 338 τὸ
577 313 642 348 παρ’
654 312 737 340 αὑτοῦ
757 313 892 347 τιμῶντες

81 353 254 391 βάπτισμα,
271 357 415 391 μετανοίας
429 357 458 384 δὲ
470 355 515 393 ἦν,
531 358 578 385 καὶ
597 359 712 394 πικροὺς
733 359 813 390 ὄντας
832 358 892 385 λίαν

79 399 224 438 διήλεγχε
240 403 340 437 λέγων·
358 413 367 429 ι
391 404 552 440 Γεννήματα
565 404 686 440 ἐχιδνῶν,
697 405 738 437 τίς
752 404 890 438 ὑπέδειξεν

79 446 161 500 ὑμῖν
193 450 288 500 φυγεῖν
389 450 611 500 τῆςημελλούσης
632 451 730 487 ὀργῆς;
757 451 892 486 Ποιήσατε

80 493 143 541 οἶῗν
162 494 286 541 καρπους
309 493 401 541 ἀξίους
424 495 474 531 τῆς
493 496 647 531 μετανοίας,
664 497 712 523 καὶ
738 497 775 532 μὴ
796 496 892 532 δόξητε

83 536 190 571 λέγειν
212 538 241 565 ἐν
262 539 383 570 ἑαυτοῖς
397 539 507 575 Πατέρα
522 540 620 576 ἔχομεν
638 540 684 568 τὸν
700 541 851 577 Ἀὗραάμ.ι
862 542 891 568 '0

81 583 120 609 δέ
140 592 240 620 φησιν·
260 594 270 611 ι
284 586 317 612 Et
332 586 438 622 πατέρα
453 587 540 623 εἴχετε
556 587 601 614 τὸν
617 587 753 623 Ἀϐραὰμ,
769 586 804 614 τὰ
821 587 891 624 ἔργα

81 627 142 656 τοῦ
163 631 290 667 Ἀϐραὰμ
303 632 418 659 ἐποιεῖτε
435 633 477 659 ἄν.
493 642 502 658 ο
519 633 661 669 Μακάριος
677 633 775 664 τοίνυν,
796 635 888 668 φησιν,

82 676 146 702 οὐκ
175 676 202 702 εἴ
227 686 269 709 τις
298 677 355 710 υίός
382 679 455 705 ἐστιν
475 678 611 714 Ἀϐραὰμ,
637 679 695 706 ἀλλ’
712 680 725 706 ὁ
745 679 889 714 φυλάσσων

83 721 198 749 ταῦτα’
217 724 280 749 ποῖα
301 723 330 750 δὲ
343 723 448 756 rubra;
466 723 561 758 Κρίμα
577 724 625 751 καὶ
637 724 824 759 δικαιοσύνην,
842 725 889 752 καὶ

83 768 165 804 πρός
191 777 222 803 γε
244 770 332 805 τούτῳ
351 769 491 805 φυλάττων
516 770 562 798 καὶ
581 770 722 806 κατορθῶν
744 771 823 805 αὐτὰ,
840 773 889 799 καὶ

83 814 275 850 ἀντεχόμενος
292 815 393 849 αὐτῶν,
407 816 555 851 τουτέστιν,
577 818 607 843 οὐ
623 817 769 853 παρέργως
785 818 801 854 ἢ
822 827 890 854 παρ-

83 861 214 895 ειμένως
231 861 274 888 ἐπ’
285 861 355 889 αὐτὰ
370 862 478 898 χωρῶν,
491 862 549 889 ἀλλ’
564 861 620 890 οἷον
633 865 662 890 ὲν
679 864 755 900 πάσῃ
772 865 886 901 σπουδῇ,

944 268 1001 303 ejus
1016 266 1163 302 baptisma,
1178 264 1249 300 quod
1265 263 1514 299 eratptnnitenlim,
1537 267 1564 289 et
1590 263 1616 290 in
1646 264 1732 298 pretio

943 315 1095 342 habuerunt
1108 321 1115 340 :
1129 319 1198 347 quos
1213 315 1242 338 ut
1255 310 1447 338 acerbissimos
1467 309 1592 337 homines
1607 313 1635 337 et
1646 317 1731 337 saevus

941 359 1124 396 reprehendit,
1141 359 1255 386 dicens:
1274 366 1283 383 ι
1298 356 1444 392 Progenies
1476 356 1642 391 viperarum,
1670 356 1730 390 quis

942 406 1103 435 monstravit
1119 405 1196 434 vobis
1221 409 1249 432 ut
1261 403 1390 439 lugeretis
1417 410 1432 430 a
1463 401 1553 429 futura
1587 402 1650 429 ira?
1678 401 1730 428 Fa-

934 457 995 484 .cite
1014 455 1095 490 igitur
1108 454 1214 482 fructus
1230 452 1327 487 dignos
1346 450 1517 485 paenitentia,
1531 454 1557 478 et
1569 457 1603 478 ne
1623 449 1686 477 sitis
1699 456 1730 476 ea

941 503 1069 538 Opinione
1086 506 1117 529 ut
1143 499 1242 528 dicatis
1264 498 1335 534 apud
1360 505 1432 525 vos:
1460 496 1568 524 Patrem
1602 496 1732 524 habemus

940 549 1078 577 Abraham
1091 549 1141 574 τ’.»
1160 546 1211 583 [(2)
1223 546 1301 574 Certe
1311 552 1419 581 quoque
1439 543 1569 571 Servator
1585 543 1655 570 idem
1672 550 1732 577 per-

941 599 1050 624 secutus
1060 599 1113 626 est,
1130 598 1156 620 et
1172 592 1269 619 aﬁ‘atus
1292 595 1335 618 est
1362 597 1408 617 eos
1432 588 1532 616 obnixe
1548 595 1657 622 semper
1681 587 1732 614 hoc

941 639 1138 677 praetendentes
1151 638 1327 672 dicentesque
1342 645 1349 663 :
1366 645 1375 662 ι
1396 636 1450 664 Nos
1467 640 1571 671 patrem
1601 634 1732 661 habemus

939 687 1076 715 Abraham
1089 684 1136 720 ".]
1167 683 1214 711 Ille
1238 690 1326 710 vero:
1346 682 1395 709 «Si
1419 686 1532 716 patrem,
1560 679 1657 714 inquit,
1683 679 1732 706 ha-

939 731 1042 760 beretis
1054 730 1190 757 Abraham
1200 749 1208 762 ,
1222 726 1356 755 fecissetis
1368 733 1449 761 opera
1464 725 1588 753 Abrahae.
1602 733 1611 750 ι
1633 724 1732 750 Beatus

939 782 981 805 est
996 777 1088 812 igitur,
1107 775 1205 809 inquit,
1220 781 1274 801 non
1289 773 1311 800 si
1327 772 1388 808 quis
1399 772 1434 799 sit
1450 771 1521 798 illius
1541 771 1665 801 Abrahae,
1685 770 1732 796 scd

939 824 986 858 qui
1000 822 1117 850 custodit
1128 821 1196 849 hac.
1211 819 1338 854 Quzenam
1356 819 1368 846 ?
1384 818 1532 849 Judicium,
1545 816 1690 852 justitiam,
1705 819 1732 842 et

939 873 1070 904 prreterea
1095 867 1140 902 qui
1163 865 1282 894 custodit
1303 865 1361 898 illa,
1387 869 1415 892 et
1431 863 1513 890 elIicit
1525 869 1556 889 ac
1582 862 1691 894 retinet,
1706 861 1731 888 id

84 906 141 933 καὶ
159 907 303 940 νεανικῶς,
319 907 390 935 ὥστε
406 909 452 935 καὶ
471 909 632 944 ἀντέχεσθαι
648 910 708 937 λίαν
726 911 827 944 αὐτῶν,
842 911 890 938 καὶ

985 936 992 948 ,
1003 915 1048 949 qui
1063 921 1116 942 non
1132 913 1227 940 leviter
1239 915 1285 939 aut
1296 911 1420 944 remisse,
1434 911 1482 938 sed
1496 909 1570 937 omni
1585 908 1659 936 velut
1675 911 1732 935 stu-

84 952 244 986 φυλάσσειν
260 953 296 980 τὰ
311 954 436 982 Σάϐϐατα
448 955 485 990 μὴ
495 955 625 992 βεὸηλοῦν
639 957 722 984 αὑτά.
733 956 792 983 Ἵνα
805 957 888 984 πάλιν

83 998 202 1026 τοιοῦτο
222 1002 295 1036 νοῇς·
314 1002 365 1028 οὐκ
382 1001 445 1038 ἐξῆν
464 1003 492 1029 ἐν
508 1003 639 1044 Σαϐϐάτῳ
657 1004 786 1039 φροντίδα
806 1006 889 1032 ποιεῖ-

87 1046 159 1072 σθαί
173 1056 234 1074 τινα
244 1048 299 1074 τῶν
316 1048 380 1090 περὶ
398 1049 446 1085 τὴν
463 1050 554 1086 σάρκα
573 1050 661 1077 πόνων
680 1050 695 1086 ἢ
714 1051 888 1087 σπουδασμά-

83 1092 238 1119 των.¹Έδει
256 1093 285 1120 δὲ
302 1093 402 1128 μᾶλλον
415 1095 511 1130 ἀργεῖν
532 1095 611 1122 τοῦτο
635 1096 684 1122 τοῦ
710 1096 783 1123 θείου
807 1105 888 1132 προσ-

85 1137 242 1186 τάσσοντος
257 1139 352 1174 νόμου,
373 1139 442 1176 πλὴν
461 1141 610 1176 ἀργοῦντες
625 1142 674 1175 τὰς
691 1142 888 1178 νενομισμένας

86 1184 192 1238 θυσίας
211 1185 409 1238 προσεκξμιζον
426 1186 463 1222 τῷ
478 1187 548 1222 Θεῷ,
562 1188 608 1215 τοῦ
628 1189 741 1224 νομικοῦ
757 1189 888 1225 γράμμα-

86 1231 366 1281 τοςμίνιγματωδῶς
381 1232 587 1267 ὑποφαίνοντος,
602 1234 644 1261 ὅτι
666 1235 805 1270 φροντίδος
821 1244 887 1271 σαρ-

87 1276 177 1311 κικῆς
199 1276 402 1312 ἀποσχομένους
425 1278 570 1313 ἐμφρόνως
588 1279 738 1315 ἱερουργεῖν
754 1281 888 1316 προσήκει

87 1322 132 1357 τῷ
148 1322 207 1358 Θεῷ
232 1322 327 1355 θυσίας
341 1323 540 1358 πνευματικὰς,
554 1325 600 1351 καὶ
613 1325 663 1357 τὰς
678 1326 718 1358 εἰς
735 1326 823 1362 ὀσμὴν
841 1326 887 1352 εὐ-

87 1369 176 1401 ωδίας
195 1369 244 1404 τῆς
265 1369 373 1405 νοητῆς.
383 1370 493 1406 Ἀργίας
508 1368 553 1397 οὖν
567 1371 621 1407 ἄρα
638 1373 686 1406 τῆς
703 1371 732 1404 eg
747 1372 888 1407 ἁμαρτιῶν

88 1416 141 1442 καὶ
167 1415 306 1451 σαρκικῶν
323 1416 476 1451 ἐπιθυμιῶν
493 1415 576 1443 τύπον
601 1417 720 1452 ἐπλήρου
743 1418 793 1452 τῆς
817 1418 888 1446 κατὰ

87 1460 122 1487 τὸ
139 1460 278 1507 Σάιὸϐατον
292 1460 391 1496 ἀργίας
416 1461 432 1496 ἡ
457 1461 570 1496 δύναμις
583 1470 589 1477 ·
607 1461 678 1489 οὕτω
692 1463 826 1498 προσήκει
840 1472 889 1497 φυ-

88 1506 240 1534 λάττεσθαι
256 1506 303 1533 καὶ
325 1507 398 1542 ἡμᾶς
419 1506 466 1533 τοῦ
492 1507 529 1543 μὴ
545 1507 675 1542 βεϐηλοῦν
689 1508 724 1534 τὰ
741 1508 868 1535 Σάϐϐατα
879 1517 886 1523 ·

88 1552 319 1588 ἀποπαυσάμενοι
333 1551 397 1587 γὰρ,
408 1552 445 1584 ὡς
462 1551 539 1588 ἔφην,
550 1553 688 1588 φροντίδος
698 1554 807 1589 ἁπάσης
820 1554 889 1588 γεώ-

88 1599 155 1630 δους
171 1599 219 1626 καὶ
236 1599 380 1634 σαρκικῆς,
401 1599 504 1634 νοητῶς
521 1599 731 1634 σαϐϐατίζομεν,
745 1600 776 1626 οὐ
792 1600 841 1631 τὰς
853 1600 887 1626 δι’

89 1645 219 1680 αἱμάτων
235 1645 282 1672 καὶ
303 1645 414 1671 καπνῶν
434 1644 575 1677 τελοῦντες
599 1645 705 1677 θυσίας,
734 1645 792 1672 ἀλλ’
807 1646 890 1680 ἱεροῖς

91 1692 284 1727 σπουδάσμασι
302 1691 545 1726 κατευφραίνοντες
561 1690 653 1723 αὑτὸν,
674 1691 722 1717 καὶ¹
743 1691 782 1722 εἰς
802 1690 889 1726 ὀσμὴν

89 1739 209 1770 εὐωδίας
225 1738 338 1770 ἑαυτοὺς
354 1737 544 1773 ἀναφέροντες.
558 1736 702 1768 Τοιαύταις
715 1737 769 1771 γὰρ
784 1737 890 1769 θυσίαις

90 1780 282 1820 εὐαρεστεῖται
294 1785 308 1811 ὁ
320 1784 396 1816 Θεὸς,
409 1784 480 1810 καθὰ,
493 1784 657 1819 γέγραπται.
673 1783 719 1809 Δεῖ
730 1782 762 1818 δὴ
780 1780 825 1809 οὖν
836 1783 889 1819 ἄρα

92 1831 133 1866 μὴ
150 1829 282 1866 βεϐηλοῧν
296 1830 331 1856 τὰ
345 1829 481 1860 Σάϐϐατα,
497 1829 636 1864 διατηρεῖν
660 1828 689 1855 δὲ
712 1828 781 1861 πρὸς
803 1829 890 1864 τούτῳ

91 1876 141 1902 καὶ
159 1875 209 1907 τὰς
225 1875 319 1910 χεῖρας
333 1874 542 1910 κεκαθαρμένας
555 1884 561 1890 -
578 1874 624 1900 καὶ
640 1873 702 1901 τίνα
716 1874 829 1909 τρόπον.
841 1874 889 1900 αὺ-

91 1921 140 1954 τδς
155 1921 275 1954 ἐδίδαξεν
288 1921 387 1948 εἰπών·
403 1921 456 1948 Τοῦ
476 1921 513 1957 μὴ
529 1922 616 1948 ποιεῖν
633 1920 754 1955 ἀδίκημα
787 1920 818 1947 οὺ
834 1920 889 1955 γὰρ

91 1967 152 1994 ἔστι
168 1967 315 2001 φυλάσσειν
328 1966 459 1994 δύνασθαι
473 1967 574 2002 κρίσιν,
592 1966 639 1993 καὶ
651 1966 737 1992 ποιεῖν
751 1965 890 1992 δικαιοσύ-

91 2021 143 2047 νην
163 2012 266 2038 ἀδικεῖν
278 2011 431 2044 ἐθέλοντας,
444 2012 491 2038 καὶ
505 2012 561 2042 τοῖς
574 2011 624 2045 τῆς
641 2011 778 2046 ἁμαρτίας
793 2009 890 2046 ῥύποις

91 2060 143 2095 τὴν
160 2060 239 2094 χεῖρα
249 2058 487 2094 καταμιαίνοντας.
502 2058 588 2094 Χεῖρα
603 2058 632 2084 δὲ
644 2058 705 2092 οὐχὶ
717 2057 827 2089 πάντως
840 2057 889 2092 τὴν

91 2105 141 2132 τοῦ
158 2104 294 2139 σώματος,
314 2104 374 2131 ἀντὶ
394 2103 424 2130 δέ
441 2112 473 2138 γε
496 2104 546 2138 τῆς
561 2103 650 2140 χειρὸς
665 2103 714 2138 τὴν
734 2103 889 2138 πρακτικὴν

92 2151 202 2186 νοήσεις
228 2149 387 2185 ἐνέργειαν,
413 2149 476 2176 καθ’
491 2149 524 2184 ἣν
551 2149 658 2185 ἑκάστῳ
681 2149 815 2186 πρόσιμεν
836 2149 889 2176 τῶν

93 2206 171 2234 πραγ
175 2197 278 2233 μάτων.

938 962 983 990 dio
998 969 1030 989 ac
1043 960 1159 988 viriliter
1172 967 1204 987 ea
1219 958 1390 994 aggreditur,
1407 961 1436 984 ut
1460 965 1491 985 ea
1502 957 1648 991 diligenter
1668 955 1732 982 reti—

938 1013 1012 1041 neat,
1030 1012 1057 1035 et
1083 1007 1209 1040 custodit,
1221 1006 1340 1033 Sabbata
1357 1009 1386 1031 ut
1420 1011 1473 1031 non
1492 1002 1616 1038 profanct
1639 1009 1681 1029 ea.
1699 1000 1733 1028 Ut

938 1062 1034 1082 rursus
1049 1053 1114 1080 illud
1127 1052 1262 1087 intelligas
1276 1059 1284 1078 :
1298 1058 1351 1079 non
1364 1050 1462 1078 licebat
1481 1049 1507 1076 in
1526 1048 1646 1076 Sabbato
1658 1047 1733 1074 labo-

939 1107 998 1127 rum
1017 1103 1045 1126 et
1060 1098 1211 1126 studiorum
1237 1097 1271 1124 ad
1297 1103 1410 1124 carnem
1427 1093 1621 1130 pertinentium
1638 1099 1731 1119 curam

938 1145 1057 1180 aliquam
1082 1150 1173 1179 agere.
1189 1143 1245 1171 Sed
1261 1142 1343 1170 otiari
1368 1141 1459 1177 potius
1473 1140 1626 1174 oportebat,
1641 1137 1732 1165 divina

939 1191 998 1227 lege
1013 1193 1064 1218 hoc
1072 1190 1211 1218 sanciente
1225 1195 1232 1215 :
1247 1188 1366 1215 otiantes
1382 1191 1473 1214 tamen
1501 1188 1573 1212 stata
1596 1183 1732 1211 sacriﬁcia

939 1236 994 1264 Deo
1018 1235 1167 1264 oﬂ'erebant
1186 1244 1193 1261 :
1213 1233 1292 1268 legali
1324 1232 1413 1260 littera
1438 1229 1609 1266 mnigmatice
1633 1228 1730 1256 subin-

939 1287 1049 1314 nuente,
1064 1281 1156 1308 carnis
1171 1287 1236 1307 cura
1266 1278 1433 1306 abstinentes
1453 1277 1552 1304 debere
1580 1275 1733 1310 spirituales

939 1329 1052 1362 hostias,
1069 1328 1098 1355 in
1127 1327 1240 1354 odorem
1264 1325 1341 1352 bonae
1360 1323 1515 1358 fragrantia:
1539 1320 1732 1356 intelligibilis,

939 1375 1023 1410 788
1039 1374 1094 1402 Deo
1109 1373 1256 1408 prudenter
1269 1371 1435 1398 ministrare.
1456 1369 1539 1403 Hujus
1565 1368 1647 1402 igitur
1670 1374 1727 1394 cess

939 1422 1050 1450 sationis
1063 1421 1089 1448 in
1110 1415 1229 1447 Sabbato
1254 1419 1340 1446 virtus
1358 1417 1442 1445 otium
1470 1420 1498 1443 et
1524 1413 1702 1442 cessationem
1718 1420 1731 1439 a

939 1472 1052 1504 peccato
1061 1471 1089 1495 et
1107 1466 1200 1494 carnis
1225 1464 1418 1499 cupiditatibus
1437 1461 1580 1496 ﬁgurabat.
1598 1460 1644 1487 Sic
1659 1467 1733 1486 eam—

939 1515 999 1542 dem
1014 1520 1108 1542 curam
1121 1520 1170 1541 nos
1186 1512 1324 1546 suscipere
1345 1510 1485 1540 debemus.
1503 1515 1536 1535 ne
1549 1507 1666 1534 Sabbata
1677 1506 1734 1532 vio-

943 1561 1039 1588 lemus.
1059 1559 1275 1594 Supersedentes
1289 1556 1374 1588 enim,
1386 1559 1415 1582 ut
1428 1553 1578 1586 dixi,omni
1594 1559 1659 1580 cura
1679 1556 1734 1578 lcr-

943 1615 1006 1635 rena
1018 1611 1045 1634 et
1060 1605 1176 1637 carnali,
1194 1602 1399 1638 intelligibiliter
1428 1600 1650 1629 sabbatizamus:
1681 1606 1733 1625 non

940 1662 990 1690 per
1006 1654 1165 1688 sanguinem
1183 1656 1211 1679 et
1227 1650 1316 1678 fumos
1345 1648 1514 1677 celebrantes
1531 1645 1674 1676 sacriﬁcia,
1688 1644 1734 1671 sed

941 1700 1036 1728 studiis
1053 1699 1154 1727 sanctis
1173 1697 1248 1725 illum
1262 1695 1456 1726 exhilarantes,
1469 1695 1496 1721 et
1506 1694 1533 1720 in
1546 1692 1656 1719 odorem
1671 1698 1735 1717 sua-

940 1746 1032 1774 vitatis
1053 1749 1159 1773 nosmet
1180 1743 1335 1772 oﬁ‘erentes.
1351 1740 1461 1768 Talibus
1491 1737 1563 1765 enim
1585 1734 1730 1764 sacriﬁciis

940 1793 1060 1828 placatur
1076 1791 1156 1824 Deus,
1170 1789 1250 1817 sicuti
1263 1788 1394 1821 scriptum
1403 1784 1496 1813 esti".
1513 1784 1626 1816 Oportet
1643 1781 1736 1815 itaque

941 1840 1059 1868 Sabbata
1075 1845 1127 1866 non
1145 1837 1259 1868 violare,
1282 1835 1328 1862 sed
1344 1834 1376 1860 ad
1391 1832 1447 1860 haec
1472 1836 1568 1858 manus
1581 1835 1663 1864 puras
1680 1835 1737 1854 ser-

941 1892 1018 1913 vare.
1039 1883 1180 1917 Quomodo
1204 1885 1304 1913 autem,
1320 1880 1435 1914 ipsemet
1465 1877 1568 1906 docuit.
1589 1874 1734 1909 inquiens:

941 1930 980 1958 Ne
993 1930 1095 1958 faciant
1111 1928 1249 1963 injuriam.
1271 1925 1326 1953 Nec
1340 1925 1412 1952 cnim
1427 1922 1565 1950 custodire
1590 1920 1736 1955 judicium,

940 1984 990 2005 nec
1004 1976 1094 2004 colere
1107 1975 1241 2011 justitiam
1260 1975 1372 2007 possunt
1386 1971 1413 1997 hi
1429 1969 1475 2004 qui
1500 1967 1629 2002 injuriam
1643 1966 1738 1992 volunt

942 2022 1054 2054 inferre,
1063 2025 1092 2049 et
1109 2027 1220 2048 manum
1242 2017 1346 2053 peccati
1360 2016 1485 2044 sordibus
1510 2013 1664 2048 inquinare.
1679 2011 1735 2038 bia-

941 2076 1005 2096 num
1016 2072 1107 2094 autem
1127 2073 1178 2094 non
1195 2064 1356 2100 simpliciter
1377 2069 1437 2089 eam
1455 2069 1514 2096 qua:
1535 2064 1577 2088 est
1602 2057 1734 2092 corporis,

940 2115 986 2142 sed
1008 2122 1057 2149 pro
1090 2120 1171 2140 manu
1202 2117 1338 2139 actuosam
1365 2108 1510 2144 quamdam
1550 2107 1605 2133 vim
1639 2103 1739 2131 intelli—

941 2169 999 2196 ges,
1023 2168 1071 2196 per
1096 2167 1177 2195 qttam
1204 2159 1237 2186 ad
1260 2166 1304 2186 res
1323 2163 1445 2192 quasque
1471 2153 1603 2190 gerendas
1626 2151 1736 2178 accedi-

941 2216 1010 2236 mus.

130 2254 180 2288 Μὴ
194 2254 304 2289 λεγέτω
327 2255 343 2281 ό
364 2254 534 2288 ἀλλογενὴς
549 2255 564 2281 ό
580 2254 797 2288 προσκείμενος
813 2254 887 2288 πρὸς

981 2254 1059 2281 Vens.
1075 2253 1135 2281 3-5.
1153 2251 1194 2279 Ne
1208 2251 1279 2278 dicat
1312 2250 1460 2284 alienigena
1479 2247 1524 2282 qui
1547 2245 1682 2280 appositus
1701 2248 1739 2269 est

94 2301 217 2335 Κύριον·
232 2299 355 2335 Ἆφοριεῖ
379 2308 416 2334 με
440 2299 496 2334 ἄρα
523 2300 630 2334 Κύριος
653 2300 713 2327 ἀπὸ
736 2300 790 2328 τοῦ
810 2301 886 2328 λαοῦ

95 2347 215 2374 τούτου.
236 2345 290 2373 Καὶ
305 2345 349 2380 μὴ
363 2345 474 2380 λεγέτω
488 2347 504 2372 ὁ
518 2341 676 2380 εὐνοῦχος,
692 2345 818 2380 ὄτιἘγὼ
830 2345 888 2380 ειμι

96 2388 194 2426 ξύλον
207 2392 312 2427 ξηρόν.
330 2391 403 2419 Τάδε
416 2391 496 2426 λέγει
508 2392 615 2425 Κύριος
634 2392 696 2424 τοῖς
712 2392 870 2426 εὐνούχοις
880 2400 886 2406 ·

97 2439 185 2466 Ὀσοι
199 2437 239 2465 ἂν
251 2437 444 2473 φυλάξωνται
458 2437 496 2465 τὰ
511 2436 645 2464 Σάϐϐατά
656 2446 728 2472 μου,
741 2437 790 2464 καὶ
804 2437 890 2464 ἐκλέ-

96 2486 206 2517 ξωγι-αι
219 2484 238 2511 ἂ
252 2484 310 2518 ἐγὼ
326 2484 413 2516 θέλω,
425 2483 473 2510 καὶ
484 2483 666 2517 ἀπέχωνται
679 2482 733 2516 τῆς
746 2481 892 2516 διαθήκης

94 2538 166 2564 μου,
181 2528 267 2555 δώσω
280 2528 381 2561 αὐτοῖς
397 2528 432 2554 ἐν
448 2527 489 2560 τῷ
501 2528 572 2561 οἴκῳ
590 2536 649 2562 μου
667 2527 716 2554 καὶ
734 2527 769 2553 ἐν
780 2527 820 2559 τῷ
832 2527 892 2553 τεί-

52 2597 53 2604 η
99 2584 144 2610 χει
156 2583 216 2609 μου
234 2574 329 2600 τόπον
344 2573 523 2608 ὀνομαστὸν,
547 2572 692 2608 κρεῖσσον
705 2573 743 2607 (1)
757 2572 831 2600 υἱῶν
843 2573 893 2599 καὶ

99 2619 279 2654 θυγατέρων,
297 2619 390 2654 ὄνομα
405 2618 525 2646 αἰώνιον
538 2618 624 2645 δώσω
638 2618 751 2652 αὐτοῖς,
767 2618 815 2646 καὶ
835 2619 891 2645 οὐκ

99 2666 245 2700 ἐκλείψει.

141 2712 255 2748 Ἑτέραν
276 2712 362 2747 ὀφρὺν
385 2711 440 2738 τῶν
464 2711 493 2743 ἐξ
514 2712 629 2746 αἵματος
651 2711 758 2746 Ἰσραὴλ
772 2731 779 2744 ,
809 2712 892 2746 ἠγουν

943 2301 1052 2328 Domino
1069 2307 1077 2326 :
1093 2297 1231 2333 Separabit
1246 2305 1286 2323 me
1300 2297 1389 2330 utique
1403 2294 1530 2321 Dominus
1544 2301 1559 2318 a
1572 2290 1667 2325 )ropulo
1681 2297 1738 2316 suo.

944 2346 1035 2381 Neque
1062 2345 1132 2372 dicat
1154 2343 1312 2370 eunuchus:
1340 2340 1397 2376 Ego
1408 2349 1466 2367 sum
1493 2339 1592 2373 lignum
1623 2336 1737 2362 aridum.

944 2393 1008 2420 lla'c
1021 2391 1084 2418 dicit
1112 2389 1241 2416 Dominus
1266 2388 1393 2415 eunuchis
1413 2394 1422 2413 :
1442 2385 1596 2419 Quicunque
1608 2381 1739 2409 custodie-

944 2438 995 2464 rint
1011 2435 1127 2464 Sabbata
1141 2443 1208 2465 mea,
1225 2439 1248 2461 et
1271 2432 1394 2468 elegerint
1417 2439 1477 2466 qua:
1493 2438 1540 2464 ego
1564 2428 1632 2460 volo,
1658 2433 1682 2454 et
1701 2432 1739 2453 te-

944 2482 1045 2510 nuerint
1059 2485 1242 2509 testamentum
1265 2486 1362 2507 meum.
1382 2477 1449 2504 dabo
1472 2476 1526 2503 illis
1550 2476 1578 2502 in
1591 2475 1669 2501 domo
1683 2481 1738 2500 mea

943 2535 968 2557 et
995 2530 1066 2556 intra
1088 2528 1200 2563 parietes
1219 2533 1290 2553 meo:
1322 2525 1407 2551 locum
1433 2523 1568 2555 celebrem,
1605 2520 1739 2548 meliorem

943 2576 1008 2611 filii:
1020 2585 1050 2603 ac
1078 2575 1194 2610 ﬁliabus,
1211 2581 1305 2601 nomen
1327 2576 1453 2599 wternum
1481 2569 1549 2596 dabo
1571 2567 1636 2602 illis,
1647 2571 1672 2594 et
1686 2573 1738 2593 mm

944 2623 1045 2657 deﬁciet
1050 2643 1056 2648 .

981 2711 1060 2739 Aliud
1088 2709 1261 2746 supercilium
1296 2705 1479 2735 Israclitarum
1522 2707 1549 2730 ct
1579 2699 1740 2736 arrogantia:

137 2790 161 2806 ⁷¹
180 2788 274 2817 Matth.
291 2797 332 2821 ιιι,
347 2789 404 2816 7-9.
443 2789 554 2816 "toan.
576 2796 633 2822 v'tn,
649 2788 692 2816 59.
731 2789 764 2804 ⁷³⁸
781 2789 863 2817 Hebr.
883 2798 892 2816 ι

981 2789 1007 2817 6.

139 2869 178 2902 (I)
194 2867 276 2899 LXX,
291 2867 417 2902 κρείττω.

139 2903 178 2938 ('2)
194 2904 259 2936 Qum
275 2901 351 2930 uncis
369 2902 472 2929 inclusa
490 2905 562 2934 sunt,
577 2901 688 2929 Graccus
704 2901 790 2930 codex
805 2910 857 2931 non
871 2901 961 2930 habet.
