1883 3054
170 157 239 185 £9.43

663 164 691 192 S.
712 166 850 196 CYIIlLLl
871 169 1105 202 ALEXANDRINI
1125 173 1289 205 ARCHIEP.

1741 187 1750 213 l
1758 186 1802 214 34ςί

166 225 276 246 causam
287 219 403 254 ptttidam
419 225 445 248 et
460 220 580 249 frivolam
597 222 667 252 Deus
690 225 852 257 insectatur.
869 231 909 257 Αιι

167 264 237 276 nni...
264 265 300 276 μιὶ
320 265 370 276 .l!..!
399 266 479 276 ___!-I
495 275 502 276 ε
528 272 535 276 .
574 268 588 276 ο-
648 275 652 276 ν
751 273 767 276 .-

1038 235 1167 269 ιαζονείας
1183 238 1330 273 πρόφασιν,
1347 239 1450 276 σαθράν
1467 249 1495 268 τε
1517 243 1563 269 καὶ
1584 243 1669 270 ἕωλον
1686 247 1805 272 κατασύ-

165 264 249 296 enim,
264 265 300 291 uti
317 265 381 299 dixi,
396 266 547 300 sapiebaut,
565 268 686 298 dicentes
703 281 709 299 :
725 281 734 298 ι
750 273 859 302 Patrem
873 276 956 303 habe-

167 317 228 337 mus
253 310 388 338 Abraham
404 311 438 345 ⁷⁸,
451 321 460 338 ι
478 317 526 340 et:
544 313 658 349 Populus
666 322 777 346 sanctus
795 327 889 348 sumus
901 321 956 348 ele-

166 360 235 385 rtus,
253 360 334 391 alque
345 357 370 384 in
388 363 488 386 sortem
504 359 621 388 divinam
646 363 723 390 asciti
740 371 845 393 sumus.
870 366 955 402 Fuge-

165 404 227 426 runt
244 401 325 428 etiam
352 403 508 438 orbitatem,
533 410 625 440 utpote
658 415 719 436 cum
749 411 855 445 primus
879 401 956 447 pater

164 443 299 473 Abraham
316 447 374 475 loco
389 448 586 479 benedictionis
600 454 748 488 accepisset
760 463 774 482 a
785 456 850 490 Deo,
860 465 953 486 semen

163 496 242 518 suum
276 491 304 519 in
333 493 493 523 immensam
522 497 722 528 multitudinem
743 504 953 538 propagandum,

162 537 232 570 quod
248 537 318 566 Deus
334 541 458 574 promisit
476 542 568 571 stellas
597 552 710 573 numero
731 537 897 582 aequaturum
909 537 952 578 7“,

165 582 289 619 Dixitque.
314 585 367 613 illis
384 594 432 622 per
460 589 686 624 sapientissimum
704 593 822 630 Moysem
839 605 846 624 :
867 606 876 622 ι
895 597 952 625 Νοιι

162 629 214 656 erit
228 630 253 658 in
268 632 343 660 vobis
357 633 450 668 orbus,
467 642 554 671 neque
579 638 680 666 sterilis
692 640 727 667 ⁷⁵.
748 650 758 667 ι
771 641 846 675 Quod
863 648 952 671 autent

163 682 257 710 magna
273 682 298 705 et
316 679 446 713 prmclara
463 688 507 708 res
529 689 688 712 censeretur
704 686 738 713 ab
755 686 807 715 illis
833 688 953 716 fecundi-

164 725 205 749 tas
227 723 329 756 prolis,
351 732 365 752 e
389 726 490 753 sanctis
508 728 646 762 prophetis
665 731 775 765 quidam
805 734 951 768 probabit:

163 774 172 790 ι
190 766 279 795 Gloria
296 777 389 798 eorum
411 780 445 800 ex
466 776 606 809 partubus,
631 782 658 805 et
678 766 910 815 parturitionihus,
926 787 953 810 et

160 814 378 848 conceptionibus
395 818 428 846 ⁷⁸.
446 828 456 845 ι
470 819 602 855 Propheta
623 822 705 860 789
717 825 778 853 item
795 827 879 856 Isaias
903 814 952 856 rdi-

159 857 196 884 cit
206 864 308 894 septem
320 862 444 893 mulieres
458 868 673 901 apprehensuras
682 879 762 899 unum
775 873 871 906 virum,
890 883 950 910 qua:

160 903 268 933 dicant:
286 916 295 933 ι
313 907 412 938 Panem
429 917 550 941 nostrum
570 917 753 950 eomedemus.
763 925 790 947 et
802 921 947 949 vestimen-

159 949 195 977 tis
211 953 312 981 nostris
337 956 514 992 amiciemur;
529 967 714 990 verumtamen
726 970 838 993 vocetur
849 975 945 997 nomen

159 999 234 1023 tuum
251 1006 333 1033 super
361 1009 432 1030 nos:
451 1004 527 1032 aufer
546 1008 719 1041 opprobrium
744 1017 867 1040 nostrum
881 1014 914 1043 "'.
934 1024 943 1041 ι

158 1040 214 1069 Νοη
226 1043 298 1071 enim
314 1046 449 1080 volebant.
468 1054 498 1077 ut
515 1040 587 1084 dixi,
611 1057 738 1089 tanquam
765 1057 857 1086 liberis
872 1061 946 1089 orbae

157 1092 184 1114 et
199 1089 305 1118 steriles
322 1093 418 1121 notari.
433 1094 502 1128 Quia
531 1097 612 1132 igitur
633 1100 795 1130 videbantur
817 1105 946 1135 Israelita:

157 1139 267 1168 propter
289 1137 424 1166 carnalem
441 1141 608 1171 nobilitatem
623 1151 649 1172 et
662 1147 763 1176 sobolis
793 1149 945 1179 fecundita-

158 1183 211 1206 tem
225 1180 294 1209 elato
307 1189 366 1211 esse
380 1185 481 1219 animo,
509 1195 556 1216 eos
569 1193 724 1221 necessario
738 1195 772 1222 ah
787 1195 837 1223 hac
865 1197 943 1232 igno-

157 1227 242 1253 rantia
254 1227 371 1262 abducit,
387 1231 510 1266 inquiens
525 1244 532 1262 :
554 1234 593 1263 Ne
613 1236 685 1266 dicat
713 1227 889 1277 alienigena,"
898 1245 943 1278 qui

155 1273 292 1305 appositus
303 1280 344 1303 est
358 1277 391 1303 ad
408 1278 564 1308 Dominum:
575 1281 720 1318 Separabit
733 1294 775 1314 me
786 1273 914 1317 dominus.
928 1299 942 1317 a

155 1317 251 1350 populo
265 1327 322 1348 suo.
340 1321 398 1350 Non
413 1324 497 1357 enim,
515 1326 577 1360 quia
589 1333 630 1356 est
655 1330 816 1367 alienigena,
833 1335 862 1362 id
890 1341 940 1368 est,

153 1369 204 1388 nou
217 1371 248 1390 ex
270 1367 400 1401 sanguine
415 1369 508 1404 Israel,
527 1378 669 1408 propterea
685 1384 738 1403 non
756 1379 808 1406 erit
820 1379 939 1414 ejusde-

153 1417 248 1438 i:orum
263 1416 289 1438 et
299 1413 496 1448 conjunctionis
509 1425 570 1445 cum
585 1420 651 1453 ipso,
669 1422 795 1451 videlicet
811 1413 939 1460 spiritua-

153 1455 194 1488 lis,
206 1457 356 1493 particeps;
372 1461 417 1488 sed
433 1462 454 1489 si
470 1461 583 1491 Domino
597 1466 748 1499 atlltmreat,‘
768 1471 879 1499 omnino
895 1473 938 1500 in-

152 1506 192 1528 ter
210 1503 371 1533 domesticos
386 1511 414 1533 et
429 1513 507 1536 notos
521 1509 751 1545 collocabitur.’et
779 1516 812 1543 ad
834 1523 939 1552 gentem

1010 289 1050 316 ρει
1069 281 1152 314 Θεός·
1169 283 1300 319 ἐφρόνουν
1317 285 1367 319 μὲν
1386 285 1451 322 γὰρ,
1467 287 1505 320 ὡς
1521 287 1598 324 έφην,
1618 289 1701 325 μέγα,
1715 290 1805 325 λέγονο

1006 335 1061 359 τες,
1085 330 1217 367 «Πατέρα
1246 331 1345 367 ἔχομεν
1369 332 1414 360 τὸν
1433 333 1569 370 Ἀϐραὰμ,
1583 344 1592 361 ι
1613 335 1662 362 καὶ
1686 336 1744 376 μὴν
1767 337 1804 364 ὅτι

1006 372 1077 405 Λαὺς
1096 374 1172 408 ἅγιός
1196 377 1281 411 ἐσμεν
1300 377 1498 413 ἐξειλεγμένος,
1524 379 1683 415 τετάγμεθα
1706 373 1736 407 δὲ
1761 384 1804 408 καὶ

1011 419 1051 451 εἰς
1064 419 1165 456 κλῆρον
1178 422 1256 449 Θεοῦ.
1275 423 1411 458 Ἐφευγον
1427 424 1456 451 δὲ
1470 425 1516 451 καὶ
1530 425 1579 461 τὴν
1599 426 1744 459 ἀπαιδίαν,
1760 428 1803 454 ita

1005 463 1037 500 δὴ
1048 465 1095 492 τοῦ
1109 468 1282 504 προπάτορος
1299 469 1423 505 Ἀδραὰμ
1437 471 1466 497 ὲν
1480 472 1606 506 εὐλογίας
1617 472 1692 505 τάξει
1707 473 1802 500 λαϐόν-

1005 519 1053 543 τος
1075 513 1150 548 παρὰ
1177 515 1246 541 Θεοῦ
1268 516 1299 542 τὸ
1328 517 1368 549 εἰς
1392 517 1496 553 πληθὺν
1526 519 1732 554 ὲκταθήσεσθαι
1757 521 1802 556 τὴν

1005 557 1159 593 ἀμέτρητον
1182 561 1212 587 τὸ
1238 561 1348 597 σπέρμα
1372 563 1474 590 αὐτοῦ’
1497 564 1641 600 ίσάριθμον
1664 565 1722 601 γὰρ
1750 568 1801 598 τοῖς

1005 601 1115 638 ἄστροις
1129 606 1312 640 ἐπηγγέλλετο
1326 608 1392 640 Θεὸς
1403 609 1551 642 ἀναδείξειν
1566 610 1642 638 αὑτό.
1658 612 1762 647 Εἵρητο
1775 613 1801 639 δὲ

1005 647 1074 682 πρὸς
1095 650 1194 683 αὐτοὺς
1215 652 1262 679 καὶ
1287 653 1331 680 διὰ
1350 653 1397 680 τοῦ
1427 655 1565 690 πανσόφου
1584 657 1730 688 Μωῦσέως
1752 659 1796 684 τό·

1008 702 1017 718 ι
1031 693 1087 720 Οὺκ
1107 694 1183 722 ἔσται
1208 698 1237 724 ὲν
1260 698 1324 732 ὑμῖν
1345 699 1442 734 ἄγονος
1458 701 1517 728 οὐδὲ
1540 703 1644 737 στεῖρα.
1663 712 1672 727 ι
1689 703 1752 730 *Οτι
1774 704 1798 730 δὲ

1007 739 1078 774 μέγα
1090 749 1115 767 τι
1126 742 1220 778 χρῆμα
1233 744 1280 771 καὶ
1295 744 1461 782 ὲξαίρετονὴ
1474 748 1640 776 πολυπαιδία
1657 749 1800 784 νενόμιστο

1005 786 1068 821 παρ’
1089 788 1206 822 αὐτοὺς,
1229 790 1432 828 πληροφορήσει
1461 803 1503 826 τις
1525 794 1612 829 λέγων
1633 795 1691 822 τῶν
1717 797 1799 830 ἁγίων

1006 834 1165 869 προφητῶν·
1185 845 1194 861 ι
1220 837 1253 863 At
1267 836 1340 870 δόξαι
1360 839 1448 866 αὐτῶν
1464 840 1495 867 ὲκ
1509 841 1596 868 τόκων
1613 843 1661 869 καὶ.
1683 842 1796 874 ὠδίνων,

1004 880 1050 906 καὶ
1058 881 1224 917 συλλήψεων.
1233 893 1243 910 ι
1261 884 1345 911 Ἑπτὰ
1356 885 1383 911 δὲ
1398 887 1530 920 γυναῖκας
1542 888 1729 923 ἐπιλήψεσθαι
1742 890 1798 921 ἐνὸς

966 910 986 936 Β
1000 925 1098 960 ἀνδρὸς
1110 946 1118 958 ,
1176 929 1317 965 προφήτης
1441 910 1554 964 Ἠσαίας
1565 941 1572 947 ·
1599 910 1677 960 είζτόν
1703 943 1733 961 τε
1759 936 1797 962 ὅτι

1000 980 1009 996 ι
1026 971 1077 999 Τὸν
1095 973 1177 1008 ἄρτον
1201 975 1280 1010 ἡμῶν
1305 977 1461 1012 φαγόμεοα,
1485 979 1531 1005 καὶ
1549 979 1582 1006 τὰ
1600 980 1700 1014 ἱμάτια
1721 981 1799 1015 ἡμῶν

997 1018 1229 1054 περιῦαλοὺμεθα,
1245 1022 1314 1058 πλὴν
1327 1023 1357 1049 τὸ
1373 1024 1457 1059 ὄνομα
1478 1024 1509 1051 τὸ
1532 1026 1578 1052 σὺν
1594 1026 1744 1062 κεκλήσθω
1757 1028 1798 1062 ἐφ’

996 1064 1080 1098 ἡμᾶς,
1095 1065 1177 1100 ἄφελε
1194 1067 1238 1093 τὸν
1255 1068 1406 1104 ὀνειδισμὸν
1427 1071 1516 1105 ἡμῶν.
1530 1080 1538 1096 ι
1560 1072 1596 1098 Ub
1616 1073 1671 1109 γὰρ
1689 1073 1801 1108 ἤθελον,

996 1109 1034 1142 ὡς
1059 1111 1138 1145 ἔφην,
1152 1113 1189 1144 ὡς
1208 1113 1299 1148 ἄγονοί
1313 1124 1343 1141 τε
1361 1116 1409 1142 καὶ
1424 1118 1528 1153 στεῖραι
1551 1119 1795 1151 κατονειδίζεσθαι.

996 1156 1100 1184 Οὐκοῦν
1114 1158 1264 1196 ἐπειδήπερ
1278 1160 1322 1187 ὲπ⁴
1333 1161 1456 1198 εὐγενείᾳ
1470 1165 1600 1199 σαρκικῇ,
1618 1165 1668 1191 καὶ
1684 1166 1796 1200 προσέτι

994 1203 1026 1237 τῇ
1048 1202 1213 1240 πολυπαιδίᾳ
1231 1205 1304 1240 μέγα
1321 1208 1429 1241 φρονεῖν
1449 1208 1535 1235 ἐδόκει
1551 1211 1607 1241 τοῖς
1621 1209 1653 1242 ἐξ
1676 1211 1794 1246 Ἰσραὴλ,

994 1248 1150 1283 ἀναγκαίως
1166 1251 1264 1283 αὐτοὺς
1278 1252 1324 1279 καὶ
1341 1253 1444 1289 ταύτης
1458 1254 1580 1290 ἐξίστησι
1593 1255 1644 1290 τῆς
1661 1256 1794 1290 ἀμαθίας,

995 1294 1081 1321 εἰπών
1091 1303 1097 1309 ·
1110 1296 1155 1330 Μὴ
1171 1295 1273 1330 λεγέτω
1287 1299 1301 1324 ό
1316 1297 1463 1334 ἀλλογενὴς
1480 1300 1494 1325 ὁ
1512 1300 1714 1335 προσκείμενος
1727 1301 1796 1336 πρὸς

993 1341 1107 1376 Κύριον,
1117 1342 1239 1378 ’Λφοριεῖ
1253 1352 1285 1378 με
1301 1345 1355 1379 ἄρα
1369 1344 1472 1379 Κύριος
1486 1346 1540 1372 ἀπὸ
1555 1346 1601 1372 τοῦ
1616 1346 1683 1373 λαοῦ
1698 1347 1792 1374 αὐτοῦ.

993 1386 1031 1412 οὐ
1045 1387 1100 1422 γὰρ
1115 1388 1230 1423 ἐπείπερ
1244 1389 1400 1425 ἀλλογενὴς,
1413 1391 1560 1424 τουτέστιν,
1572 1392 1622 1418 οὐκ
1632 1392 1664 1424 ἐξ
1677 1392 1796 1427 αἵματος

999 1432 1122 1468 Ἰσραὴλ,
1148 1434 1192 1461 διὰ
1213 1435 1291 1462 τοῦτο
1316 1436 1362 1462 καὶ
1386 1436 1519 1472 ἀμέτοχος
1544 1438 1598 1464 τῶν
1625 1439 1698 1475 παρ’
1710 1439 1794 1466 αὐτοῦ

993 1479 1179 1514 χαρισμάτων,
1198 1481 1283 1516 ἦγουν
1297 1481 1348 1517 τῆς
1362 1483 1430 1518 πρὸς
1449 1483 1532 1510 αὑτὸν
1550 1484 1729 1519 οίκειότητος,
1743 1486 1790 1519 δη-

991 1523 1078 1550 λονότι
1103 1526 1310 1562 πνευματικῆς
1327 1528 1385 1554 ἀλλ’
1398 1529 1422 1555 εἰ
1440 1528 1601 1564 προσκέοιτο
1620 1529 1659 1565 τῷ
1683 1531 1790 1565 Κυρίῳ,

152 1553 286 1582 sanctam,
300 1551 332 1577 ad
348 1552 450 1586 regium
465 1557 656 1591 sacerdotium,
666 1558 691 1585 in
708 1565 808 1588 sortem
826 1562 873 1591 Dei
888 1573 913 1593 ς(

152 1592 286 1610 nni-alti“...
311 1599 335 1610 ιιι
369 1596 394 1610 :..
421 1597 480 1610 nm-
517 1600 565 1610 ii-
586 1601 598 1610 i,
787 1607 811 1610 ..
882 1609 902 1610 η

1175 1551 1180 1560 ι
1200 1551 1204 1552 ν
1223 1551 1293 1562 νην-ιι
1399 1551 1422 1555 --
1444 1551 1599 1564 --ι---η-ν--ε
1626 1551 1658 1565 -τ
1684 1551 1790 1565 -ηιηιπνε

1038 1570 1100 1600 ἱεται
1115 1571 1224 1603 πάντως
1238 1573 1266 1598 έν
1278 1573 1399 1606 οίκείοις,
1414 1574 1461 1601 καὶ
1474 1575 1667 1610 ἐγνωσμένοις,
1687 1577 1735 1603 καὶ
1751 1577 1791 1609 εἰς

149 1592 296 1626 optabitur,
310 1599 338 1623 et
369 1596 394 1622 in
421 1597 481 1625 [iliis
511 1600 646 1628 Abraham
671 1607 868 1636 numerabitur.
881 1592 937 1638 Non

149 1637 220 1664 enim
233 1646 327 1668 omnes
342 1642 387 1675 qui
404 1648 467 1670 sunt
482 1651 514 1672 ex
531 1645 622 1681 Israel,
638 1648 664 1675 hi
691 1649 786 1685 Israel,
802 1653 882 1682 sicuti
898 1663 938 1683 sa-

154 1685 337 1719 pientissimus
356 1687 455 1717 Paulus
474 1691 521 1724 ait,
541 1700 590 1720 nec
601 1695 664 1729 quia
688 1704 779 1725 semen
809 1699 935 1735 Abrahae,

149 1738 246 1759 omnes
275 1733 333 1766 lilii,
359 1736 406 1763 sed
427 1736 474 1764 lilii
501 1740 688 1772 promissionis
714 1749 874 1778 repulantur
909 1748 936 1776 in

153 1778 259 1806 semine
272 1779 305 1806 ⁷⁸.
325 1780 392 1809 Data
407 1787 449 1810 est
459 1788 547 1812 autetn
561 1785 678 1815 Abrahae
686 1791 830 1823 promissio
845 1800 858 1820 a
873 1794 936 1827 Deo.

149 1831 200 1851 non
211 1825 297 1853 solum
310 1832 419 1862 propter
431 1837 478 1858 eos
492 1831 537 1865 qui
553 1834 698 1862 secundum
725 1844 833 1865 carnem
856 1840 889 1867 ab
904 1848 936 1868 eo

147 1875 219 1904 sunt,
232 1871 278 1899 sed
290 1877 400 1908 propter
410 1882 504 1904 omnes
519 1885 568 1912 per
581 1878 660 1906 ﬁdem
671 1881 786 1918 genitos,
805 1883 850 1913 Sic
863 1886 935 1914 enim

145 1916 456 1953 Ahrahamjustiﬁeatus
470 1927 522 1950 est.
535 1922 606 1960 Ergo
619 1926 665 1960 qui
693 1916 822 1958 insistunt
847 1933 932 1960 vesti—

145 1961 195 1995 giis
209 1961 269 1990 fidei
283 1963 502 2001 Abrahamitiew,
513 1968 554 1995 his
568 1971 679 1999 omnino
705 1973 813 2002 dabitur
831 1981 859 2004 ut
873 1977 934 2007 Iiliis

144 2014 347 2038 aceenseautur.
362 2011 419 2039 Non
436 2012 517 2047 igitur
528 2016 692 2051 proselytum
706 2021 842 2054 separabit
856 2030 870 2049 a
885 2031 933 2059 po-

143 2051 205 2086 pulo
219 2060 287 2080 suo:
305 2060 331 2081 at
347 2057 429 2083 semel
454 2057 573 2086 additum
597 2065 625 2088 et
645 2051 770 2091 vocatum
788 2073 836 2100 per
851 2051 930 2097 ﬁdem

142 2097 280 2132 suscipiet,
305 2101 487 2136 populumque
515 2099 638 2133 sanctum
673 2097 833 2139 nominabit.
860 2113 930 2147 Quin

142 2143 223 2170 etiam
243 2144 266 2171 si
277 2146 350 2179 quis,
368 2146 464 2180 inquit,
486 2149 683 2185 sitennuchus,
696 2153 722 2181 id
739 2160 886 2186 estcarens
898 2159 931 2187 li-

142 2189 215 2216 beris
228 2195 255 2217 et
270 2191 374 2224 sobole,
391 2200 425 2219 ne
440 2193 512 2222 dicat
528 2197 597 2230 apud
625 2199 742 2234 seipsum
759 2211 767 2229 :
784 2203 839 2238 Ego
868 2213 927 2234 sum

142 2234 240 2268 lignum
259 2236 376 2269 aridum,
393 2237 417 2265 id
439 2244 489 2271 est,
507 2247 540 2267 ne
551 2242 662 2271 moleste
677 2243 748 2273 ferat
770 2234 925 2280 orbitatem.
944 2263 968 2293 ι)

145 2281 214 2293 Δ.....Ι
232 2281 313 2293 Ιὶ....υ.
333 2283 373 2293 -..ξ
386 2292 389 2293 ν
436 2285 452 2293 ιι
466 2285 482 2293 οι
503 2286 509 2292 υ
529 2292 533 2293 ν
568 2288 573 2293 ι

139 2281 214 2314 Apud
232 2281 313 2309 Deum
330 2283 401 2310 enim
418 2285 482 2312 nihil
502 2286 573 2314 istud
597 2294 647 2321 est,
668 2298 790 2321 neceum
810 2295 924 2330 rejiciet.

140 2326 206 2353 Nam
237 2335 296 2361 quae
313 2329 398 2357 virtus
435 2337 486 2364 est,
524 2333 602 2368 cujus
633 2338 756 2370 prmclari
796 2340 926 2372 facinorls

138 2371 274 2406 splendor,
295 2374 376 2407 prolis
393 2375 553 2406 fecunditas?
567 2379 663 2410 Carnis
676 2384 748 2411 enim
767 2393 849 2421 opera
861 2395 924 2418 sunt

139 2417 204 2448 lucc,
220 2425 268 2445 nec
282 2421 491 2454 reprehensione
502 2433 552 2453 nec
567 2426 644 2455 laude
657 2429 746 2464 digna.
770 2431 826 2460 Etsi
849 2435 921 2462 enim

138 2463 271 2497 aliquibus
285 2465 479 2498 benedictionis
491 2470 551 2499 loco
575 2473 666 2502 datum
696 2476 743 2508 sit,
761 2478 793 2505 ad
806 2479 857 2507 hoc
870 2481 924 2509 Deo

136 2515 257 2544 vucanlc,
282 2517 309 2538 at
329 2513 394 2541 nihil
407 2515 459 2543 erit
475 2524 526 2544 non
555 2518 715 2548 habentibus
748 2523 920 2554 incommodi.

135 2557 203 2589 Quid
230 2558 300 2586 enim
321 2566 413 2589 contra
433 2570 480 2590 eos
498 2563 550 2591 dici
574 2571 661 2600 potest
689 2569 734 2602 qui
759 2577 920 2603 prmmatnre

135 2603 233 2630 mortui
253 2610 326 2638 sunt,
344 2606 384 2634 vel
401 2612 463 2635 ante
489 2611 595 2644 nuptias
608 2617 636 2639 et
651 2613 751 2640 coitum
767 2616 846 2643 rebus
870 2617 918 2644 Iut-

135 2649 221 2675 umuis
233 2649 362 2683 defumcti,
381 2652 480 2681 liberos
499 2663 551 2682 non
571 2660 765 2692 susceperunt?
780 2661 918 2694 Quomodo

134 2694 214 2721 etiam
228 2695 334 2729 juvabit
357 2700 475 2732 peccatis
492 2701 517 2727 in
546 2701 597 2730 hac
619 2705 671 2730 vita
696 2705 827 2737 addictos.
846 2709 916 2741 quod

134 2739 277 2768 multorum
293 2741 441 2771 [iliorumct
457 2745 570 2772 liliarum
585 2753 674 2782 patres
699 2751 844 2779 exsistunt?
862 2753 914 2779 Nn-

133 2793 185 2819 que
200 2786 279 2819 dicat,
297 2788 445 2824 inquil.qui
462 2791 561 2820 liberos
575 2802 625 2821 non
649 2796 729 2823 habet
747 2805 751 2822 :
773 2797 826 2833 ligo
856 2807 913 2826 smn

168 2871 190 2886 ”
209 2871 285 2901 .loan.
305 2883 362 2909 \‘III,
381 2878 423 2904 59.
462 2880 494 2894 7'“
507 2881 573 2907 Gen.
594 2890 636 2916 xv,

717 2885 737 2896 Ἰ
755 2886 837 2913 Ewd.
863 2889 998 2923 “111,25.

992 1609 1068 1647 ἔθνος
1092 1615 1180 1650 ἅγιον,
1202 1617 1248 1644 καὶ
1270 1618 1311 1650 εἰς
1341 1619 1475 1654 βασίλειον
1500 1609 1662 1657 ἱεράτευμα,
1678 1623 1725 1648 καὶ
1750 1624 1792 1654 εἰς

991 1660 1092 1696 κλῆρον
1104 1661 1171 1689 Θεοῦ
1188 1671 1197 1680 ⁸
1213 1664 1317 1690 τελέσει
1330 1665 1359 1692 δὲ
1374 1666 1420 1692 καὶ
1435 1666 1464 1693 ὲν
1478 1667 1584 1699 τέκνοις
1600 1668 1739 1704 Ἀϐραάμ.
1751 1670 1789 1695 Οῠ

990 1704 1043 1740 γὰρ
1058 1705 1159 1738 πάντες
1173 1707 1197 1733 οἱ
1217 1707 1247 1740 ἐξ
1265 1709 1374 1745 Ἰσραὴλ
1387 1706 1459 1738 οὗτοι
1479 1712 1596 1747 Ἰσραὴλ,
1617 1713 1690 1740 καθά
1706 1722 1790 1749 φησιν

988 1748 1002 1774 ὁ
1021 1748 1158 1784 πάνσοφος
1174 1751 1289 1784 Παῦλος,
1305 1754 1365 1780 οὐδὲ
1381 1755 1420 1781 ὃτι
1437 1756 1490 1782 εἰσὶ
1514 1756 1627 1792 σπέρμα
1647 1748 1786 1794 Ἀϐραὰμ,

988 1793 1089 1826 πάντες
1105 1795 1198 1829 τέκνα,
1211 1797 1280 1825 ἀλλὰ
1291 1799 1325 1825 τὰ
1339 1800 1422 1827 τέκνα
1436 1801 1484 1836 τῆς
1497 1803 1666 1837 ἐπαγγελίας
1680 1793 1787 1838 λογίζε-

987 1846 1033 1865 ται
1052 1840 1092 1871 είς
1107 1841 1227 1877 σπέρμα.
1242 1843 1351 1871 Δέδοται
1366 1845 1394 1871 δὲ
1409 1845 1448 1880 τῷ
1467 1846 1592 1883 Ἀϐραὰμ
1603 1849 1620 1883 ἡ
1632 1850 1786 1883 ἐπαγγελία

987 1884 1064 1919 παρὰ
1077 1885 1155 1919 Θεοῦ,
1171 1887 1222 1914 οὐκ
1238 1888 1285 1915 ἐπὶ
1306 1889 1397 1924 μόνοις
1413 1892 1469 1923 τοῖς
1489 1891 1518 1924 ἐξ
1533 1893 1617 1920 αὑτοῦ
1633 1896 1706 1921 κατὰ
1722 1896 1785 1930 σάρ-

986 1938 1032 1963 κα,
1048 1931 1115 1959 ἀλλὰ
1133 1933 1187 1968 γὰρ
1206 1934 1252 1961 καὶ
1271 1934 1357 1962 ἅπασι
1376 1938 1431 1969 τοῖς
1453 1938 1496 1965 διὰ
1509 1939 1560 1974 τῆς
1577 1940 1712 1973 πίστεως·
1732 1942 1784 1968 ἐδι-

984 1977 1088 2013 καιώθη
1104 1977 1158 2014 γὰρ
1173 1979 1260 2012 οὕτως
1275 1981 1409 2017 Ἀϐραάμ.
1436 1983 1541 2011 Οὐκοῦν
1565 1987 1623 2018 τοῖς
1643 1988 1782 2022 στοιχοῦσι

983 2023 1039 2054 τοῖς
1054 2023 1138 2058 ἴχνεσι
1153 2025 1203 2061 τῆς
1217 2026 1336 2058 πίστεως
1365 2028 1491 2064 Ἀϐραὰμ
1506 2029 1649 2066 δοθήσεται
1670 2033 1780 2065 πάντως

982 2067 1013 2094 τὸ
1022 2068 1109 2096 τελεῖν
1121 2070 1150 2096 ὲν
1162 2070 1276 2104 τέκνοις.
1290 2073 1346 2100 Οὐκ
1360 2073 1470 2110 ἀφοριεῖ
1483 2077 1628 2112 τοιγαροῦν
1639 2079 1687 2105 τὸν
1698 2089 1780 2116 προσ-

982 2114 1081 2150 ήλυτον
1093 2116 1124 2142 ἐκ
1137 2117 1184 2143 τοῦ
1197 2117 1262 2144 λαοῦ
1285 2119 1378 2152 αὑτοῦ,
1394 2121 1441 2148 τὸν
1453 2122 1481 2148 δὲ
1498 2123 1572 2157 ἅπαξ
1593 2127 1779 2160 προστεθέντα

982 2162 1029 2188 καὶ
1042 2162 1210 2198 κεκλημένον
1221 2165 1249 2191 ὲν
1265 2165 1355 2193 πίστει
1370 2167 1556 2203 προσδέξεται,
1567 2171 1614 2198 καὶ
1625 2171 1690 2198 λαὸν
1701 2174 1777 2208 ἆγιον

979 2207 1118 2243 ὀνομάσει.
1128 2209 1209 2236 Ἀλλὰ
1217 2210 1244 2237 εί
1251 2219 1293 2243 τις
1303 2212 1428 2248 εὐνοῦχός
1440 2214 1509 2247 ἐστι,
1520 2217 1612 2249 φησιν,
1622 2219 1774 2253 τουτέστιν,

979 2251 1063 2284 ἄπαις
1081 2253 1097 2288 ἢ
1116 2253 1223 2288 ἄγονος,
1249 2255 1285 2291 μὴ
1311 2256 1412 2290 λεγέτω
1434 2259 1496 2286 καθ’
1511 2260 1618 2292 ἑαυτὸν,
1639 2263 1681 2289 ὅτι
1706 2251 1775 2298 Ἑγῶ

978 2298 1036 2332 εἰμι
1058 2298 1135 2331 ξύλον
1157 2299 1247 2336 ξηρὸν,
1272 2303 1413 2335 τουτέστι,
1438 2305 1476 2341 μὴ
1500 2306 1636 2335 λυπείσθω
1658 2309 1702 2337 διὰ
1725 2311 1774 2346 τὴν

977 2343 1115 2371 ἀπαιδίαν.
1127 2345 1209 2372 Οὐδὲν
1226 2347 1281 2383 γὰρ
1295 2348 1373 2375 τοῦτο
1387 2350 1463 2386 παρὰ
1477 2351 1546 2387 Θεῷ,
1559 2353 1621 2380 οὔτε
1637 2355 1692 2391 μὴν
1704 2343 1773 2383 ἀπό-

978 2389 1074 2425 ϐλητον
1100 2391 1256 2426 ἀποφαίνει.
1279 2394 1384 2428 ὐποῖος
1407 2397 1461 2433 γάρ
1484 2400 1584 2434 τρόπος
1607 2389 1729 2437 ἀρετῆς,
1754 2404 1770 2438 ἦ

976 2436 1060 2463 ποίων
1087 2439 1307 2474 κατορθωμάτων
1338 2442 1518 2480 λαμπρότης,
1542 2447 1559 2482 ὴ
1584 2436 1769 2483 πολυπαιὸἱα,

973 2482 1078 2517 Σαρκὺς
1093 2483 1160 2519 ἔργα
1172 2486 1251 2512 ταυτὶ
1266 2486 1362 2522 μώμου
1374 2498 1403 2515 τε
1417 2490 1464 2517 καὶ¹
1475 2492 1588 2520 ἐπαίνου
1603 2497 1725 2531 μακράν.
1738 2497 1768 2523 Εἰ

971 2528 1025 2563 γὰρ
1047 2530 1093 2556 καὶ¹
1113 2530 1217 2558 δέδοταί
1232 2541 1304 2559 τισιν
1324 2535 1353 2560 έν
1375 2535 1500 2570 εὐλογίας
1514 2538 1589 2571 τάξει
1605 2528 1637 2567 τὸ
1660 2528 1766 2577 ᾖρῆμα,

970 2575 1067 2610 καιροῦ
1089 2576 1232 2609 καλοῦντος
1255 2579 1294 2610 είς
1316 2579 1403 2612 τοῦτο,
1419 2582 1477 2608 ἀλλ’
1491 2583 1540 2610 οὐκ
1562 2584 1717 2621 ἀδικήσειεν
1734 2588 1766 2614 ἂν

968 2620 1043 2648 οὐδὲν
1063 2621 1125 2653 τοὺς
1141 2622 1178 2658 μὴ
1195 2623 1327 2659 λαχόντας
1344 2626 1418 2654 αὑτό.
1429 2627 1504 2654 Ἐπεὶ
1524 2630 1599 2661 ποῖος
1615 2630 1649 2657 ἃν
1663 2633 1764 2665 γένοοτο

973 2667 1168 2702 καταρῥήσεως
1181 2669 1283 2704 τρόπος
1297 2671 1353 2702 τοῖς
1367 2672 1496 2700 τεθνεῶσι
1513 2675 1566 2709 πρὸ
1581 2675 1667 2710 ὧρας,
1683 2677 1698 2711 ἧ
1712 2678 1763 2712 πρὸ

971 2711 1061 2747 γάμου
1087 2713 1134 2739 καὶ
1152 2715 1261 2748 μίξεως,
1278 2716 1332 2742 τῶν
1346 2718 1405 2745 καθ’
1421 2719 1493 2753 ἡμᾶς
1509 2722 1682 2755 πραγμάτιον
1695 2723 1760 2748 ἀπο-

969 2757 1132 2793 δημήσασιν,
1149 2756 1189 2790 οἷς
1213 2761 1317 2787 παίδοιν
1333 2763 1380 2796 οὐχ
1398 2763 1501 2798 ὑπῆρξε
1523 2766 1606 2800 γονή;
1625 2767 1715 2802 ὀνήσει
1732 2767 1757 2793 δὲ

968 2803 1066 2837 τρόπον
1086 2804 1144 2830 τινὰ
1170 2805 1230 2836 τοὺς
1255 2806 1496 2843 φιλαμαρτήμονας
1511 2811 1540 2836 ἐν
1556 2811 1620 2845 τῷδε
1642 2812 1680 2846 τῷ
1699 2813 1756 2847 βίῳ,

1038 2891 1058 2905 τί
1076 2890 1135 2919 (ὶδυι
1161 2901 1195 2926 l\,
1214 2894 1252 2920 ll.
1294 2895 1314 2910 ⁷⁷
1328 2895 1377 2922 lsa.
1397 2904 1432 2928 Il",
1455 2896 1462 2922 l
1517 2897 1630 2926 “diem.
1648 2907 1684 2931 Ix,
1699 2898 1754 2928 08.
