1883 3054
61 175 132 203 HAS

630 174 666 202 ΙΝ
684 173 802 202 lSAIAM
823 172 887 200 LIB.
911 173 943 201 ν.
963 173 1081 202 TOMUS
1098 173 1143 202 lli.

1627 171 1693 199 1246

58 234 169 262 πολλῶν
186 235 307 270 πατέρας
324 233 389 261 υἱῶν
407 233 454 260 καὶ
467 233 641 269 θυγατέρων;
658 234 735 270 Μηδὲ
749 233 861 269 λεγέτω,

956 233 996 270 Ιο
1009 233 1109 268 lignum
1131 232 1249 260 aridum.
1268 231 1338 260 Nihil
1353 235 1442 259 autem
1461 235 1551 264 nocet,
1566 230 1619 258 itno
1631 237 1695 256 vero

59 282 156 316 φησὶν,
169 281 183 306 ὁ
198 280 294 312 παῖδας
307 280 357 306 οὐκ
369 280 448 315 ἔχων,
457 280 497 307 ὅτι
510 279 581 314 Ἑγὼ
597 280 653 315 εἰμι
670 279 747 312 ξύλον
762 280 853 315 ξηρόν.

59 328 152 354 Λυπεί
170 327 198 354 δὲ
212 327 298 358 οὐδὲν,
316 325 416 361 μᾶλλον
429 326 457 352 δὲ
468 327 615 360 ἀναγκαῖον
627 323 697 352 εἷναί
714 335 785 361 φημι
796 325 854 353 διας

60 373 252 408 μνημονεῦσαι
268 373 316 400 καὶ
330 372 377 400 νῦν
391 372 446 400 τῶν
461 372 674 408 εὐνουχισάντων
689 373 801 404 ἑαυτοὺς
811 372 856 399 διὰ

57 419 111 454 τὴν
129 419 268 454 βασιλείαν
289 419 344 446 τῶν
367 419 498 454 οὐρανῶν,
514 419 584 446 κατὰ
598 419 648 455 τὴν
663 419 709 446 τοῦ
729 419 855 454 Σωτῆρος

58 465 165 500 φωνὴν,
178 462 218 496 οἷς
232 464 264 492 ἂν
279 465 444 500 ἐφαρμόσειέ
458 473 509 497 τις,
529 465 576 492 καὶ
589 465 661 500 μάλα
670 465 793 498 εἰκότως,
809 465 855 492 τὸν

58 511 89 536 ἔν
109 519 141 544 γε
161 510 266 542 τούτοις
289 511 365 546 παρὰ
387 509 454 537 Θεοῦ
476 510 565 545 λόγον.
581 511 664 538 Δώσω
681 511 734 546 γὰρ
752 512 854 542 αὐτοῖς,

59 557 157 591 φησὶν,
178 557 207 583 ὲν
219 556 257 592 τῷ
271 556 336 592 οἴκῳ
352 565 413 592 μου,
430 556 477 583 καὶ
499 557 527 582 ἐν
547 556 587 591 τῷ
602 556 685 591 τείχει
703 564 753 591 μου
772 555 855 582 τόπον

58 603 220 638 ὀνομαστόν.
236 601 317 630 Οΐκον
329 603 358 630 δὲ
379 603 426 629 καὶ
446 603 545 637 τεῖχος,
562 603 622 637 ἦτοι
644 602 691 629 τὸν
713 601 855 638 περίϐολον

59 648 110 676 καὶ
131 649 280 683 ἀσφάλειαν
295 648 442 676 ἀποκαλεῖν
461 648 532 675 ἔοικε
545 648 594 682 τὴν
616 648 789 683 Ἐκκλησίαν,
805 647 856 683 τὴν

59 694 119 721 ἅνω
135 703 188 721 που
211 695 282 729 τάχα
303 695 350 721 καὶ
372 695 401 721 ὲν
417 694 552 730 οὐρανοῖς,
567 694 651 728 ἤγουν
664 693 714 729 τὴν
730 693 777 720 ἐπὶ
793 694 853 728 γῆς,

60 741 102 772 εἰς
130 741 163 775 ἣν
179 740 375 775 διαπρέπουσιν
397 739 493 775 ἄνδρες
518 739 616 775 ἁγνείᾳ
640 739 687 766 καὶ
712 739 856 774 σεμνότητι

62 786 219 821 σύντροφοι,
242 786 290 812 καὶ
311 786 342 812 τὸ
356 787 406 822 τῆς
421 785 581 821 ἐγκρατείας
599 785 776 820 ἀναδούμενοι
790 785 856 812 καύ-

60 842 150 870 χημα,
162 834 209 859 καὶ
222 832 401 864 πολυπαιδίας
411 832 552 868 κρείττονα
565 832 614 867 τὴν
625 831 671 858 ἐπὶ
681 831 767 867 τούτῳ
778 832 856 865 δόξαν

61 879 221 914 ἡγούμενοι,
236 879 283 905 καὶ
298 879 328 905 τό
341 887 372 913 γε
387 876 454 914 ἧκον
470 879 512 910 είς
534 877 687 913 σεμνότητα
716 877 856 909 πολιτείας

62 925 198 959 εὐνούχων
220 925 296 952 οὐδὲν
319 924 501 960 διαφέροντες.
529 921 608 951 Οὗτοι
631 924 754 959 δέχονται
782 923 857 959 παρὰ

61 972 131 998 Θεοῦ
145 971 224 1004 δόξαν
238 970 362 999 αἰώνιον·
377 971 452 1006 δηλοῖ
467 971 494 997 δὲ
511 971 589 998 τοῦτο
606 970 734 1006 τοῦνομα,
747 970 794 997 καὶ
808 970 859 997 οὐκ

62 1017 96 1044 ἂν
111 1017 232 1052 ἐκλείψοι
247 1017 276 1043 ἐν
292 1017 383 1048 αὺτοῖς
404 1017 421 1051 ή
441 1017 505 1051 παρ’
520 1015 604 1043 αὑτοῦ
623 1016 718 1051 χάρις·
731 1015 858 1050 ἐξαίρετα

63 1063 119 1098 γὰρ
145 1063 196 1097 τῆς
220 1062 381 1098 ἐγκρατείας
397 1062 431 1089 τὰ
446 1063 524 1097 γέρα,
538 1062 616 1096 ,πλὴν
640 1061 689 1097 οὐχ
704 1061 799 1093 ἁπλοῖς
812 1061 859 1087 ei»

63 1108 172 1143 νοὺχοις
184 1108 232 1143 τὴν
246 1108 299 1134 τῶν
315 1107 386 1134 οὕτω
398 1108 533 1143 λαμπρῶν
550 1107 713 1143 ἀξιωμάτων
726 1106 860 1141 ἐπαγγέλ-

63 1155 142 1181 λεται
170 1154 311 1190 χορηγίαν,
326 1154 394 1181 ἀλλὰ
415 1155 472 1186 τοῖς
499 1154 663 1188 φυλάττουσι
682 1153 716 1180 τὰ
732 1152 860 1180 Σάὃῦατα

64 1201 162 1232 αὐτοῦ,
179 1200 297 1236 Χριστοῦ
311 1200 339 1227 δὲ
353 1200 490 1236 δηλονότιυ
511 1200 594 1236 ἕτερα
615 1201 653 1232 δὲ,
669 1201 707 1232 ὼς
728 1199 808 1235 ἔφην,
826 1199 861 1226 τὰ

66 1248 150 1274 αὑτοῦ
169 1248 296 1274 Σάϐϐατα
313 1247 389 1280 παρὰ
408 1247 454 1274 τοῦ
471 1247 568 1282 νόμου.
584 1247 624 1273 Τὰ
639 1247 688 1282 μὲν
704 1247 758 1282 γὰρ
777 1244 811 1282 ἦν
832 1246 862 1272 ὲν

66 1294 175 1325 τύποις,
191 1293 226 1320 τὰ
237 1294 265 1320 δὲ
280 1294 318 1329 τῷ
332 1293 381 1328 τῆς
394 1293 524 1329 ἀληθείας
540 1293 789 1329 καταφαιδρύνεται
801 1293 863 1320 κάλ-

67 1341 119 1367 λει.
136 1340 191 1367 Καὶ
206 1340 266 1366 ἐπεὶ
277 1341 332 1371 τοῖς
349 1339 553 1374 ἐπιλεξαμένοις
567 1338 661 1375 [ἅπερ]
672 1339 753 1370 αὐτὸς
773 1338 863 1374 βούλε-

68 1397 123 1418 ται,
136 1388 183 1414 καὶ
191 1387 381 1422 ἀντεχομένοις
393 1387 442 1421 τῆς
452 1386 584 1421 διαθήκης
593 1384 687 1412 αὐτοῦ.
698 1384 826 1410 Βούλεται
835 1384 864 1410 δὲ

70 1434 187 1470 Χριστὸς
201 1434 230 1460 οὺ
241 1434 274 1460 τὰ
284 1434 312 1459 ὲν
325 1434 413 1464 σκιαῖς
430 1433 478 1459 καὶ
492 1432 638 1467 γράμμασι
653 1431 781 1467 νομικῶς,
795 1429 865 1457 ἀλλὰ

71 1481 118 1507 καὶ
134 1480 168 1506 τὰ
184 1480 212 1506 ὲν
223 1481 255 1515 τῇ
269 1479 384 1515 διαθήκῃ
394 1480 427 1514 τῇ
444 1478 508 1513 παρ’
523 1477 605 1504 αὐτοῦ
616 1485 622 1492 ·
643 1477 721 1513 δῆλον
737 1477 765 1504 δὲ
779 1477 821 1503 ("At
831 1477 864 1512 τῇ

70 1527 119 1562 νέᾳ
133 1535 163 1552 τε
176 1525 223 1553 καὶ
240 1525 417 1560 εὑαγγελικῇ.

107 1572 163 1599 Καὶ
178 1572 239 1604 τοῖς
252 1570 432 1606 deuorare“)?
445 1569 508 1603 τοῖς
525 1570 755 1604 προσκειμένοις
767 1569 864 1603 Κυρίῳ
878 1576 899 1604 c

71 1614 323 1649 δουνῖεὐεινιιὺτῷ,
341 1615 389 1642 καὶ
403 1614 523 1649 ἀγαπᾷν
536 1615 569 1641 τὸ
583 1615 676 1649 ὄνομα
690 1614 817 1649 Κυρίου,
831 1613 864 1640 τὸ

71 1661 149 1689 εἶναι
177 1660 257 1694 αὐτῷ
274 1663 317 1694 εις
336 1661 466 1694 δούλους
484 1661 534 1688 καὶ
551 1661 673 1694 δούλας,
685 1661 734 1688 καὶ
751 1661 867 1693 πάντας

71 1709 143 1741 τοὺς
154 1708 410 1742 φυλασσομένους
430 1707 465 1734 τὰ
486 1707 621 1734 Σάϐϐατιὶ
636 1716 696 1742 μου
713 1707 756 1742 μὴ
776 1708 867 1741 ,βεϐη-

71 1753 160 1783 λοῦν.
176 1753 224 1780 καὶ
245 1753 468 1788 ἀντεχομένους
488 1753 541 1787 τῆς
561 1753 707 1787 διαθήκης
723 1762 792 1788 μου,
806 1755 867 1780 εἱσ-

72 1800 135 1833 ἀξω
145 1800 257 1832 αὐτοὺς
265 1801 309 1832 εὶς
323 1799 356 1826 τὸ
368 1799 436 1834 ὄρος
447 1801 479 1826 τὸ
493 1799 580 1834 ἅγιόν
589 1809 658 1834 μου,
671 1800 720 1826 καὶ
730 1799 868 1834 εὐφρανῶ

72 1846 188 1878 αὐτοὺς
204 1845 238 1872 ἐν
254 1845 293 1878 τῷ
307 1845 380 1878 οἴκῳ
393 1844 448 1879 τῆς
467 1844 643 1880 προσευχῆς
661 1854 729 1880 μου.
747 1845 786 1872 Τὰ
804 1847 869 1872 ὀλο-

74 1892 256 1927 καυτώματα
277 1890 447 1923 nil-tangam!
468 1892 498 1918 al
518 1891 620 1918 θυσίαι
637 1890 737 1918 αὐτῶν
746 1890 869 1917 ἔσονται

77 1939 182 1966 δεκταὶ
194 1939 243 1965 ἐπὶ
258 1939 291 1965 τὸ
308 1938 525 1972 θυσιαστήριον
533 1938 638 1972 μου.’0
649 1938 704 1972 γὰρ
721 1935 802 1970 οῒκός
810 1946 869 1972 μου

75 1984 161 2018 οἶκος
179 1983 353 2019 προσευχῆς
365 1984 609 2018 προκληθήσεται
621 1983 696 2010 πᾶσι
711 1983 774 2015 τοῖς
789 1983 870 2010 ἔθνε-

75 2040 140 2063 σιν,
152 2029 218 2058 εἷπε
231 2031 335 2064 Κύριος
353 2031 369 2057 ό
384 2029 525 2064 συνάγων
539 2030 610 2062 τοὺς
631 2029 870 2064 διεσπαρμένους

83 2077 219 2112 Ἰσραήλ.

115 2123 270 2151 Συναπτέον
283 2123 339 2154 τοῖς
354 2122 448 2149 ἀνόπιν
465 2122 510 2149 καὶ
524 2122 620 2154 ταῦτα,
635 2119 694 2158 ἵν“ᾖ
710 2120 829 2148 τοιοῦτον
841 2121 871 2147 τὸ

77 2170 237 2205 λεγόμενον·
252 2169 321 2195 Τάδε
331 2168 404 2202 λέγει
416 2168 518 2203 Κύριος
528 2169 583 2200 τοῖς
593 2167 739 2202 εὐνούχοις,
753 2167 800 2194 καὶ
815 2168 871 2199 τοῖς

77 2215 236 2249 ἀλλογενὲσι
248 2216 305 2245 τοῖς
317 2214 525 2249 προσκειμένοις
537 2214 631 2249 Κυρίῳ
641 2213 776 2240 δουλεύειν
786 2213 870 2248 αὐτῷ.

78 2261 186 2289 Οὐκοῦν
198 2259 350 2294 διαλέγεται
365 2261 421 2291 τοῖς
435 2260 463 2292 ἐξ
479 2259 574 2291 ἐθνῶν,
589 2261 636 2286 καὶ
647 2259 705 2286 οῧτι
718 2268 770 2286 που
783 2259 873 2294 μόνοις

77 2310 136 2340 τοῖς
156 2308 184 2340 ἐξ
209 2307 323 2341 αἵματος
347 2306 465 2341 Ἰσραὴλ,
483 2306 507 2332 οἳ
531 2306 579 2340 τὴν
601 2305 686 2341 ὀφρὺν
700 2305 875 2336 ἀνασπῶντες

78 2352 186 2387 ὑψηλὴν
213 2351 415 2385 κατεπεφύοντο
441 2350 496 2377 τῶν
517 2350 686 2385 ἀλλογενῶν,
709 2351 805 2386 μερίδα
829 2351 877 2377 καὶ

79 2399 183 2433 κλῆρον
211 2397 278 2423 Θεοῦ
297 2396 344 2423 καὶ
367 2396 431 2423 λαὸν
453 2397 530 2430 ἅγιον
552 2397 664 2428 ἑαυτοὺς
679 2397 855 2432 ὀνομάζοντες
868 2406 874 2412 ·

80 2445 233 2479 φάσκοντες
263 2443 310 2475 τὺ,
343 2452 352 2468 t
369 2443 506 2478 Μακάριοί
531 2443 615 2478 ἐσμεν
633 2443 758 2479 Ἰσραὴλ,
781 2444 822 2470 ὅτι
844 2443 878 2470 τὰ

79 2490 184 2526 ἀρεστὰ
208 2489 303 2524 Κυρίῳ
327 2488 435 2523 γνωστὰ
461 2489 526 2523 ἡμῖν
549 2489 617 2515 ἐστι.
634 2499 642 2514 ι
664 2490 799 2524 Πρόδηλον
816 2487 873 2522 οὖν,

79 2537 121 2563 ὅτι
148 2536 178 2562 οὐ
204 2535 340 2570 σαρκικῆς
364 2534 503 2568 εὐγενείας
518 2534 632 2569 δύναμις
649 2535 776 2563 συνάπτει
793 2535 853 2570 Θεῷ
866 2544 872 2550 -

81 2583 111 2609 οὐ
131 2582 187 2617 γὰρ
201 2582 241 2608 ὅτι
256 2581 399 2615 γεγόνασιν
420 2581 449 2612 ἐξ
465 2581 600 2616 Ἀϐραὰμ,
624 2582 723 2616 κλῆρος
739 2582 806 2609 Θεοῦ
825 2591 874 2617 με-

83 2629 231 2663 μενήκασι,
252 2625 472 2660 καταλογισοεῖεν
487 2626 508 2652 δ’
523 2625 557 2653 ἂν
580 2627 619 2657 εἰς
642 2626 704 2653 λαὸν
728 2626 809 2653 αὑτοῦ
831 2627 876 2654 διὰ

83 2672 233 2706 συναφείας
249 2671 299 2706 τῆς
316 2671 503 2705 πνευματικῆς
525 2673 549 2697 οἱ
571 2671 644 2707 αὺτῷ
671 2673 875 2707 προσκείμενοι,

83 2718 135 2744 xiv
160 2718 187 2744 εἴ
208 2725 279 2748 τινες
307 2714 361 2742 εἷεν
385 2716 547 2750 ἀλλογενείς,
566 2716 758 2752 προσκείμενοι
784 2717 812 2743 δὲ
833 2717 876 2744 διὰ

84 2766 203 2796 πίστεώς
227 2773 277 2795 τε,
300 2764 346 2790 καὶ
370 2763 418 2799 τὴν
441 2764 485 2789 ὑπ’
502 2763 575 2797 αὐτῷ
601 2763 721 2790 δουλείαν
750 2763 875 2797 ἡγεῖσθαι

84 2809 295 2845 καύχημανκαὶ
318 2809 430 2843 ἀγαπᾷν
453 2808 484 2834 τὸ
509 2808 593 2843 ὄνομα
615 2809 832 2844 αὺτοῦ-ἀγαπᾷν
847 2810 874 2836 δὲ

121 2904 144 2919 ⁷³
159 2902 259 2930 Matth.
273 2911 328 2935 th,
347 2902 387 2929 12.
425 2902 447 2918 ⁸ο
464 2902 578 2930 Baruclt.
601 2910 637 2936 tv,
652 2902 676 2929 ιι.

906 287 1020 308 necesse
1029 287 1090 308 esse
1105 279 1178 312 dico,
1194 283 1225 306 ut
1237 279 1401 306 mentionem
1421 277 1552 304 faciamus
1567 282 1637 303 nunc
1648 281 1695 302 eo-

905 335 965 355 rum
983 326 1028 361 qui
1044 333 1073 353 se
1086 329 1197 361 propter
1212 331 1323 359 regnum
1340 323 1470 351 emlorum
1483 321 1621 349 eunuchos
1633 321 1694 348 red-

905 373 1033 401 diderunt
1047 372 1081 404 7’,
1095 372 1171 406 juxta
1185 377 1278 398 vocem
1297 369 1450 398 Servatoris
1464 377 1471 395 :
1484 369 1581 403 quibus
1608 367 1695 396 oratio

907 427 921 446 a
930 419 983 446 Deo
993 419 1044 446 hoc
1053 418 1111 446 loco
1119 417 1211 445 habita
1221 423 1276 444 noa
1283 416 1333 444 abs
1346 423 1376 443 re
1386 414 1584 443 accommodari
1594 417 1694 447 potest.

906 465 980 492 Dabo
994 464 1066 492 enim
1081 463 1146 496 illis,
1164 463 1262 497 inquit,
1280 462 1306 490 in
1320 462 1399 489 domo
1417 467 1476 487 mea
1509 463 1534 486 et
1549 459 1619 486 intra
1638 466 1695 484 mll-

906 518 965 537 rum
991 517 1079 537 meum
1105 509 1194 537 locum
1218 507 1363 536 celebrem.
1388 507 1500 534 Domum
1524 510 1551 532 et
1577 511 1693 534 murum,

906 555 948 583 vel
978 555 1152 583 munitionem
1174 558 1202 581 et
1223 554 1408 585 securitatem,
1430 550 1566 586 appellare
1590 549 1696 576 videtur

906 601 1064 633 Ecclesiam,
1078 607 1202 634 superam
1219 603 1247 626 et
1266 599 1414 631 caelestem,
1430 596 1472 625 vel
1494 597 1563 624 hanc
1587 602 1645 630 quae
1669 594 1695 621 iu

906 647 986 675 terris
1004 649 1128 674 versatur
1145 654 1153 672 :
1169 646 1196 672 in
1215 652 1266 680 qua
1291 643 1462 679 resplendent
1484 641 1535 669 viri
1553 640 1697 669 sanctimo-

907 693 959 720 nia:
982 696 1009 719 et
1028 691 1153 726 gravitati
1180 690 1257 725 quasi
1280 689 1422 722 innutriti,
1442 693 1468 715 et
1489 687 1534 722 qui
1559 686 1696 714 continen-

909 739 951 766 tite
972 745 1070 766 corona
1091 737 1207 765 reditniti
1232 740 1306 767 sunt,
1323 742 1355 762 ac
1387 733 1499 769 gloriam
1519 733 1586 760 hanc
1612 731 1696 766 potio-

908 792 964 812 rem
993 783 1159 811 fecunditate
1181 782 1358 813 existimant,
1380 783 1407 807 et.
1426 779 1513 813 quoad
1533 777 1693 812 gravitatem

907 839 939 858 ac
957 831 1129 859 sanctitatem
1160 827 1375 858 conversationis
1409 825 1443 853 ab
1474 823 1606 852 eunuchis
1633 821 1698 849 ttihi.

908 875 1089 904 dilferunt.‘lli
1103 875 1241 909 accipiunt
1253 881 1268 900 a
1283 872 1338 900 Deo
1351 871 1465 906 gloriam
1489 873 1631 899 aeternam,
1648 867 1698 894 hoc

909 923 981 950 enim
998 921 1101 949 illustre
1120 921 1173 948 illis
1186 927 1282 947 nomen
1296 922 1348 950 est,
1363 917 1477 950 illosque
1501 914 1588 950 gratia
1616 913 1699 948 ipsius

909 975 963 995 non
983 967 1099 995 deﬁciet.
1116 966 1219 993 Exitnia
1243 968 1307 992 sunt
1331 962 1402 990 enitn
1432 959 1606 989 continentiae
1632 965 1699 992 pra;-

910 1018 972 1046 ntia.
988 1013 1087 1041 Verum
1101 1019 1154 1039 non
1172 1009 1331 1044 simpliciter
1347 1006 1479 1034 eunuchis
1503 1005 1573 1032 hanc
1588 1003 1654 1030 adeo
1666 1002 1699 1029 il~

910 1062 1004 1090 lustris
1021 1057 1161 1099 dignitatis
1178 1052 1460 1084 subministrationem
1489 1050 1640 1085 pollicetur,
1653 1047 1700 1075 sed

911 1095 1117 1137 observantibus
1133 1103 1251 1130 Sabbata
1269 1101 1339 1136 ejus,
1353 1098 1451 1127 Christi
1479 1097 1614 1125 videlicet.
1641 1094 1701 1121 Alia

911 1162 975 1183 vero
990 1157 1062 1185 sunt,
1080 1152 1117 1178 uti
1131 1149 1198 1181 dixi,
1213 1148 1272 1182 ejus
1297 1147 1426 1175 Sabhata.
1441 1151 1521 1179 quam
1548 1141 1624 1176 legis.
1640 1140 1702 1167 llarc

912 1205 1029 1233 namque
1044 1197 1070 1224 in
1088 1196 1157 1231 typis
1171 1198 1250 1222 erant
1264 1192 1315 1220 sita
1326 1211 1333 1223 ,
1352 1190 1396 1218 illa
1418 1188 1537 1217 veritatis
1554 1185 1702 1222 pulchritu-

916 1232 1171 1274 dineillustrantur.
1183 1239 1329 1274 Addit,qui
1343 1237 1473 1272 elegerint
1487 1242 1546 1270 qua:
1565 1233 1623 1269 ipse
1635 1232 1700 1263 vult,

914 1298 945 1318 ac
964 1288 1100 1317 tenuerint
1133 1288 1322 1314 testamentum
1345 1289 1434 1309 suum.
1464 1279 1589 1308 Christus
1613 1282 1702 1304 autent

914 1337 969 1363 vult
985 1343 1036 1362 non
1052 1341 1112 1369 qua.I
1128 1333 1154 1359 in
1182 1330 1285 1357 umbris
1301 1334 1329 1356 et
1348 1327 1445 1355 litteris
1460 1324 1589 1359 legalibus
1614 1320 1704 1350 consi-

914 1386 1000 1414 stunt,
1017 1380 1064 1408 sed
1074 1386 1133 1414 quae
1146 1377 1178 1404 ad
1196 1379 1386 1403 testamentum
1402 1379 1480 1400 suum
1492 1369 1638 1406 pertinent,
1653 1374 1703 1394 no-

915 1436 977 1456 vum
999 1426 1103 1455 scilicet
1119 1429 1147 1452 et
1163 1421 1360 1457 evangelicum.

953 1569 1105 1598 \'sns.6—8.
1123 1568 1156 1595 Et
1186 1566 1290 1598 alienis,
1306 1564 1350 1600 qui
1372 1562 1471 1590 addicti
1494 1565 1554 1588 sunt
1580 1558 1703 1589 Domino,

917 1618 1012 1646 servire
1029 1617 1063 1648 ci,
1077 1621 1101 1642 et
1119 1614 1227 1649 diligere
1241 1619 1334 1638 nomen
1360 1608 1478 1639 Domini,
1502 1611 1530 1633 ut
1549 1605 1600 1632 sint
1619 1605 1643 1631 ei
1678 1604 1706 1630 in

917 1672 1002 1692 servos
1013 1668 1036 1690 et
1062 1661 1182 1692 ancillas,
1203 1664 1225 1686 et
1249 1657 1393 1693 quicunque
1419 1653 1568 1680 custodiunt
1591 1649 1706 1677 Sabbnm

919 1717 986 1739 mea,
1013 1715 1043 1734 ne
1080 1705 1218 1739 profanant
1245 1710 1287 1734 ett,
1309 1704 1333 1727 et
1352 1700 1397 1733 qui
1417 1702 1503 1725 leuent
1525 1699 1707 1723 testamentum

918 1761 1014 1785 meum,
1031 1751 1157 1779 inducant
1175 1757 1217 1776 eos
1242 1748 1270 1773 in
1296 1750 1408 1773 montem
1426 1747 1545 1770 sanctum
1569 1748 1664 1770 meum,
1684 1743 1707 1765 et

920 1798 1072 1827 exhilambo
1090 1805 1132 1823 ens
1156 1796 1184 1822 in
1198 1795 1274 1821 domo
1292 1791 1419 1819 orationis
1442 1797 1504 1816 mete
1523 1795 1532 1814 :
1556 1785 1710 1814 holocausta

920 1853 1008 1874 eorum
1019 1847 1043 1870 et
1054 1842 1164 1870 uictima:
1178 1847 1267 1867 eorum
1284 1841 1358 1864 erunt
1374 1832 1542 1868 atceptabiles
1569 1838 1646 1864 super
1665 1830 1706 1856 (tt-

921 1896 977 1918 tare
995 1896 1089 1916 meum.
1107 1886 1204 1913 Domus
1224 1884 1293 1911 enim
1311 1891 1367 1910 mea
1391 1882 1484 1907 domus
1502 1876 1629 1904 orationis
1660 1883 1704 1902 vo-

921 1936 1024 1964 cabitur
1036 1932 1134 1961 cunctis
1149 1929 1279 1966 gentibus,
1295 1927 1358 1955 dicit
1376 1926 1513 1958 Dominus,
1537 1922 1581 1957 qui
1598 1929 1706 1956 congre-

922 1987 964 2018 gat
978 1981 1107 2016 dispersos
1120 1977 1216 2005 Israel.

960 2120 1133 2149 Adnectenda
1147 2124 1209 2147 sunt
1221 2119 1277 2146 haec
1293 2123 1400 2152 quoque
1412 2113 1604 2149 superioribus,
1621 2115 1650 2139 ut
1661 2110 1713 2137 tale

925 2169 990 2204 quid
1008 2168 1114 2195 dicatur
1129 2174 1136 2192 ι
1155 2165 1217 2192 Haec
1231 2164 1296 2191 dicit
1309 2162 1437 2190 Dominus
1452 2159 1591 2190 eunuchis,
1609 2162 1636 2185 et
1650 2157 1712 2184 alie-

926 2213 1042 2249 nigenis,
1060 2211 1177 2239 addictis
1190 2210 1313 2241 Domino,
1330 2213 1359 2235 ιιι
1374 2208 1492 2234 serviant
1507 2206 1541 2232 ei.
1554 2204 1639 2231 Habet
1650 2211 1713 2238 ergo

925 2247 1078 2287 sermonem
1109 2263 1170 2284 eum
1188 2254 1323 2289 gentibus,
1337 2260 1390 2279 tton
1410 2258 1470 2279 cum
1484 2249 1549 2278 solis
1572 2247 1712 2276 lsraelitis.

925 2304 1004 2340 791
1014 2303 1059 2337 qui
1076 2301 1158 2328 altum
1176 2298 1350 2334 supercilium
1363 2296 1511 2331 erigebant,
1537 2298 1564 2321 et
1588 2291 1714 2326 alienige-

928 2359 977 2380 nas
997 2347 1173 2384 impetebant,
1193 2352 1222 2372 se
1235 2344 1384 2378 portionem
1397 2348 1424 2369 ct
1436 2347 1536 2369 sortem
1554 2340 1611 2373 Dei,
1627 2343 1654 2365 et
1668 2345 1714 2372 po-

927 2397 1018 2433 pulum
1036 2383 1159 2422 sanetum
1174 2391 1353 2422 nominantes,
1366 2396 1398 2416 ac
1413 2388 1567 2415 dictitantes
1584 2394 1591 2411 τ
1610 2394 1618 2410 t
1640 2383 1714 2410 Beati

927 2431 1020 2472 sumus
1032 2439 1125 2470 Israel,
1140 2437 1202 2472 quia
1222 2443 1283 2470 quae
1297 2440 1361 2462 sunt
1383 2438 1492 2467 accepta
1510 2431 1633 2463 Domino,
1652 2434 1714 2456 nota

927 2493 990 2518 sunt
1013 2486 1089 2514 nobis
1099 2485 1159 2511 ⁸⁸.»
1185 2482 1298 2509 Constat
1329 2487 1394 2514 ergo
1423 2477 1540 2505 carnalis
1567 2475 1716 2503 nobilitatis

928 2534 1054 2559 virtutem
1071 2537 1120 2557 nos
1139 2528 1194 2555 Deo
1219 2534 1271 2554 non
1294 2525 1474 2558 conjungere;
1494 2530 1544 2549 nec
1556 2523 1627 2548 enim
1646 2520 1715 2554 quod

928 2579 983 2607 nali
1000 2582 1063 2606 sunt
1073 2575 1237 2606 Abraltamo,
1263 2579 1323 2600 sors
1348 2571 1393 2598 Dei
1416 2573 1587 2600 manserunt;
1606 2567 1652 2594 sed
1669 2575 1714 2601 po-

929 2626 991 2661 pttlo
1003 2623 1049 2651 Dei
1061 2619 1255 2650 annumerandi
1267 2623 1339 2650 sunt,
1351 2616 1398 2652 qui
1408 2614 1539 2650 spirituali
1555 2614 1648 2647 copula
1665 2612 1714 2646 ipsi

929 2659 1077 2702 adhaerent,
1092 2667 1198 2696 etiamsi
1225 2664 1382 2700 alienigena;
1406 2662 1471 2693 sint,
1483 2661 1563 2688 modo
1577 2667 1624 2694 per
1637 2659 1715 2685 lidettt

929 2718 953 2746 ei
966 2718 1020 2745 sint
1034 2715 1144 2747 addicti,
1164 2713 1276 2748 ejusque
1290 2710 1446 2738 servitutem
1465 2707 1557 2743 gloriae
1588 2706 1638 2732 sibi
1665 2705 1715 2730 du—

928 2767 1000 2795 cant,
1015 2770 1046 2790 ac
1059 2768 1156 2789 nomen
1168 2760 1227 2795 ejus
1254 2757 1377 2793 diligant,
1392 2759 1419 2782 et
1436 2755 1473 2781 ita
1491 2752 1613 2786 diligant,
1627 2754 1656 2777 ttt
1669 2757 1717 2784 per

928 2807 1134 2837 submissionem
1146 2806 1171 2833 in
1188 2804 1324 2837 omnibus,
1337 2801 1409 2837 regni
1427 2797 1599 2832 illiusjugum
1612 2801 1717 2829 seraper
