1883 3054
192 149 261 182 1267

684 156 712 183 S.
732 155 868 184 CYRILLI
890 156 1124 187 ALEXANDRINI
1144 159 1303 189 ARCHIEP.

1754 167 1820 196 12ίὲ

189 213 311 246 subeant,
330 220 381 240 non
398 213 430 240 ad
451 221 482 240 ea
497 222 557 249 quae
573 214 614 243 fas
638 224 692 245 non
712 222 754 245 est
777 218 932 254 digredienti

1076 229 1109 253 ως
1122 221 1160 252 ὡς
1173 222 1218 249 διὰ
1231 222 1279 257 τῆς
1294 222 1409 250 εἰσάπαν
1424 223 1565 260 ὑποταγῆς
1578 225 1628 260 τῆς
1638 225 1725 253 αὑτοῦ
1743 228 1819 262 βατι-

189 265 238 285 nec
253 258 384 293 prmei‘piti
398 260 498 295 impetu
512 261 545 288 ad
561 261 710 290 alienorum
735 264 846 292 deorum
870 265 973 293 cultum

188 308 367 338 recurrentes,
378 306 425 333 sed
438 307 516 334 ﬁxam
529 315 560 336 ac
582 308 721 337 immotam
749 314 864 338 mentem
877 312 974 339 haben-

188 353 236 380 tes,
247 354 273 376 et
285 350 321 376 ita
339 349 455 379 Sabbata
472 352 538 388 ejus,
550 355 672 384 videlicet
685 356 797 389 Christi,
822 357 972 386 observan-

186 399 236 426 tes,
257 400 326 423 utea
340 405 393 426 non
412 399 522 428 violent.
543 400 690 430 Sabbatum
712 403 784 431 enim
812 404 903 432 colunt
924 404 972 432 Ju-

184 440 233 466 dmi
249 448 281 468 ex
298 441 364 477 legis
381 446 549 480 praescripto.
580 455 689 476 carnem
713 450 785 476 omni
807 450 900 477 labore
928 459 972 478 va-

183 493 261 514 cuam
273 494 424 521 servantes,
437 496 464 518 et
479 493 564 520 otium
581 495 663 522 veluti
690 496 716 522 in
749 498 866 532 negotiis
879 505 971 533 corpo-

184 532 285 561 ralibus
295 540 416 569 agentes.
433 538 486 565 Sed
500 538 544 566 hic
558 540 739 570 sabbatismus
750 550 765 570 a
780 543 835 571 Deo
855 532 968 579 rejectus

181 581 232 605 est.
248 579 297 612 Qui
313 589 376 609 vero
389 583 414 610 in
428 586 546 619 requiem
560 585 663 615 Christi
677 588 834 624 ingreditur,
844 594 871 618 et
879 595 968 619 mente

184 624 346 660 sabbatizat,
360 636 373 654 a
391 630 448 658 suis
477 630 590 659 feriatur
609 634 746 668 operibus.
766 635 812 662 Sic
839 636 966 664 nimirum

183 670 277 698 scribit
292 674 506 708 sapientissimus
520 678 628 707 Paulus.
643 680 733 715 Itaque
746 682 920 711 inducturum
938 691 966 712 se

182 716 322 750 pollicetur
339 720 505 756 alienigenas
519 724 544 751 in
560 731 679 754 montem
690 735 768 755 suum
783 736 918 762 sanctum,
939 736 966 758 et

180 761 270 791 ltetitia
287 764 444 794 aﬁ'eeturum
460 769 485 795 in
501 770 581 798 domo
593 772 723 800 orationis
751 781 816 802 suae.
836 775 884 803 llic
899 777 963 804 mihi

179 808 249 841 vide,
267 811 390 839 umbram
403 813 471 847 legis
483 823 605 843 eversam
614 824 684 850 esse,
694 823 721 846 et
733 819 828 848 littera:
843 827 963 850 vetusta-

181 857 234 881 tem
258 855 314 889 iam
342 857 505 887 inetlicaeem
536 863 742 896 quodammodo.
767 866 862 894 Omnia
891 869 962 896 enim

180 898 250 928 facta
274 907 337 929 sunt
361 903 386 930 in
400 903 507 933 Christo
523 914 610 940 nova;
626 910 812 943 prmterierunt
825 917 914 940 vetera
927 915 960 942 ⁸¹.

179 945 267 974 Vetuit
278 949 319 975 lex
339 949 503 986 alienigenas
522 953 628 982 domum
640 955 684 982 Dei
698 956 817 991 ingredi;
832 966 893 986 nam
904 961 958 988 ait:

179 1001 189 1017 ι
211 992 269 1020 Non
284 994 395 1024 intrabit
409 998 561 1027 Ammonita
576 1005 603 1028 et
626 1001 740 1030 Moabita
770 1005 795 1031 in
814 1005 960 1035 Ecclesiam

178 1037 281 1068 Domini
298 1041 331 1069 ".
347 1052 357 1069 ι
372 1043 605 1074 Atuniversorum
621 1047 750 1077 Servator
773 1055 800 1078 et
821 1052 960 1088 Dominus,

177 1086 256 1113 rebus
270 1089 370 1116 nostris
383 1091 408 1118 in
426 1093 570 1121 novitatem
593 1095 761 1130 spiritualem
778 1086 958 1133 commutatis,

175 1132 339 1169 alienigenas
356 1135 381 1162 in
395 1137 502 1165 domum
515 1145 636 1168 sanctam
652 1149 726 1170 suam
744 1143 915 1172 inducturum
931 1153 961 1173 se

176 1178 324 1211 pollicetur.
341 1180 456 1210 Montem
471 1185 542 1211 enim
562 1192 683 1214 sanctum
695 1189 795 1216 nullum
807 1190 887 1217 alium
900 1199 960 1219 esse

175 1225 241 1252 dicit
266 1233 346 1261 quam
374 1236 448 1256 suam
481 1230 627 1259 Ecclesiam
646 1242 653 1260 :
671 1234 697 1260 ln
724 1242 804 1269 quam
835 1237 957 1271 ingressi,

172 1271 367 1306 exltilarantur,
382 1275 458 1302 donis
471 1277 530 1309 ejus
541 1276 687 1312 afﬂuentes,
703 1284 730 1306 et
745 1288 793 1314 spe
804 1286 957 1310 sanctorum

173 1316 261 1344 dilati.
278 1318 352 1351 Quod
365 1325 454 1347 autem
472 1329 537 1355 pure
563 1328 591 1349 et
608 1324 713 1359 integre
739 1328 870 1354 versaturi
892 1329 956 1361 sint,

172 1366 195 1387 et
214 1361 295 1390 Deum
311 1366 497 1394 universorum
521 1368 680 1403 placabilem
705 1379 736 1399 ac
751 1374 894 1407 propitium
908 1376 958 1402 ha-

174 1405 264 1438 bituri,
280 1407 444 1442 signiﬁcavit
462 1411 603 1446 inquiens:
620 1423 628 1439 ι
649 1405 808 1444 llolocausta
821 1425 914 1446 eorum
930 1425 957 1448 et

172 1450 285 1478 victima:
295 1459 389 1480 eorum
403 1461 482 1483 erunt
495 1460 674 1492 acceptaliiles
687 1461 767 1497 792
779 1471 860 1497 super
872 1465 957 1493 altare

173 1503 274 1523 meum.
288 1507 297 1523 ι
315 1497 407 1527 Oratio
425 1507 515 1529 autem
532 1503 587 1530 lucc
601 1509 727 1539 tanquatn
751 1509 784 1535 ab
798 1511 920 1545 exemplo
930 1517 957 1539 et

1025 265 1098 298 λείας
1113 267 1273 302 ὑποτρέχειν
1286 268 1330 295 ἀεὶ
1341 269 1386 295 τὸν
1399 269 1493 303 ζυγὸν,
1510 271 1546 306 μὴ
1562 271 1761 306 ἐξισταμένους
1778 275 1818 308 ἐφ’

1023 311 1041 338 ἃ
1055 312 1092 347 μὴ
1107 311 1195 348 θέμις,
1211 314 1281 348 μήτε
1302 314 1356 350 μὴν
1378 315 1579 352 εὐωραφὸρως
1599 317 1716 352 ἔχοντας
1734 319 1773 350 εἰς
1792 320 1820 345 τὸ

1023 357 1129 384 ἑλέσθαι
1155 359 1345 395 παλινδρομεῖν
1370 361 1416 388 ἐπί
1443 370 1474 396 γε
1500 362 1531 388 τὺ
1554 363 1609 390 δεῖν
1636 365 1820 398 προσκεῖσθαι

1023 402 1092 435 θεοῖς
1114 404 1227 439 ἑτέροις,
1244 406 1442 442 ἐρηρεισμένην
1455 407 1482 434 δὲ
1499 409 1599 444 μᾶλλον
1615 410 1663 436 καὶ
1681 410 1821 445 ἀκράδαν-

1021 457 1066 474 τον
1088 448 1199 484 ἔχοντας
1222 450 1357 483 διάνοιαν,
1385 451 1456 478 οὕτω
1477 461 1506 479 τε
1531 454 1760 489 φυλασσομένους
1787 456 1820 482 τὰ

1021 493 1146 520 Σάϐϐατα
1160 494 1254 529 αὑτοῦ,
1266 495 1336 523 ὥστε
1353 497 1391 532 μὴ
1409 497 1540 533 βεϐηλοῦν
1556 500 1638 531 αὐτὰ,
1653 500 1779 536 Χριστοῦ
1791 501 1818 527 δὲ

1019 538 1149 574 δηλονότι.
1162 540 1359 573 Σαϐϐατίζουσι
1370 543 1426 579 γὰρ
1442 545 1562 572 Ἰουδαῖοι
1577 546 1647 572 κατὰ
1661 546 1708 572 τὸν
1722 547 1816 581 νόμον,

1018 585 1068 619 τὴν
1083 585 1172 621 σάρκα
1187 587 1332 623 τηροῦντες
1350 589 1402 621 ἔξω
1418 590 1499 617 πόνου
1518 592 1628 623 παντὸς,
1645 592 1695 618 καὶ
1715 593 1816 626 ἀργίαν

1019 630 1223 666 ἐπιτηδεύοντες
1245 633 1294 668 τὴν
1314 634 1351 665 ὡς
1365 635 1395 661 ὲν
1412 635 1503 670 ἔργοις
1525 639 1704 671 σωματικοῖς.
1715 638 1787 663 Ἀλλ’
1801 642 1814 663 ο

1017 676 1136 708 τοιοῦτος
1153 677 1337 714 σαὸϐατισμὺς
1351 680 1503 715 ἀπόϐλητος
1517 679 1551 717 ἦν
1568 683 1645 718 παρᾶ
1666 683 1738 717 (θεῷ’
1753 684 1767 709 ὁ
1786 684 1812 709 δὲ

1017 721 1144 750 εἰσελθὼν
1167 723 1207 755 είς
1225 724 1274 759 τὴν
1290 725 1462 753 κατάπαυσιν
1477 727 1523 754 τοῦ
1539 728 1669 762 Χριστοῦ,
1686 729 1736 755 καὶ
1751 737 1813 763 νοη-

1016 767 1069 800 τῶς
1090 768 1271 802 σαὸϐατίξων,
1288 771 1458 799 κατέπαυσεν
1475 774 1528 799 ἀπὸ
1547 773 1602 800 τῶν
1618 775 1693 801 ἰδίων
1712 774 1810 810 ἔργων.

1016 814 1116 849 Γράφει
1131 815 1193 849 γοῦν
1207 816 1292 848 οὕτως
1306 817 1320 843 ὁ
1334 818 1470 852 πάνσοφος
1485 819 1600 851 Παῦλος.
1615 821 1687 852 Τοὺς
1695 820 1752 847 νῦν

1014 858 1133 893 λογενεῖς
1153 860 1270 892 εἰσάξειν
1291 862 1487 896 ἐπαγγέλλεται
1500 865 1540 896 εἰς
1557 865 1586 891 τὸ
1603 865 1668 898 ὅρος
1685 865 1717 891 τὸ
1734 866 1811 900 ἅγιον

1013 905 1107 937 αὑτοῦ,
1130 906 1177 933 καὶ
1200 909 1407 941 κατευψραίνειν
1430 910 1528 942 αὐτοὺς
1551 911 1579 937 ἐν
1601 911 1641 946 τῷ
1667 912 1737 946 οἴκῳ
1760 912 1810 946 τῆς

1014 953 1167 987 προσευχῆς
1184 953 1278 981 αὑτοῦ.
1292 954 1426 982 Ἐνταῦοά
1443 965 1488 991 μοι
1498 957 1578 991 βλέπε
1595 958 1646 992 τὴν
1660 958 1709 984 τοῦ
1726 959 1811 993 νόμου

1013 1000 1093 1027 σκιὰν
1115 1001 1382 1037 ἀνατετραμμένην,
1409 1005 1456 1030 καὶ
1486 1005 1535 1039 τὴν
1563 1005 1736 1040 παλαιότητα
1762 1007 1808 1032 τοῦ

1011 1044 1174 1080 γράμματος
1190 1047 1382 1082 ἀπρακτοῦσαν
1397 1050 1447 1085 ἤδη
1462 1059 1529 1082 πως.
1551 1051 1644 1078 Πάντα
1659 1051 1715 1086 γὰρ
1731 1053 1810 1086 γέγο-

1011 1099 1055 1117 νεν
1068 1092 1096 1117 ὲν
1110 1092 1221 1128 Χριστῷ
1231 1094 1322 1125 καινὰ,
1338 1095 1372 1121 τὰ
1389 1096 1489 1131 ἀρχαῖα
1506 1097 1654 1132 παρῆλθεν.
1666 1098 1806 1132 Ἀπέφηςε

1012 1138 1061 1172 μὲν
1075 1139 1089 1164 ὁ
1106 1138 1186 1173 νόμος
1202 1139 1248 1166 τοῦ
1263 1140 1317 1166 δεῖν
1332 1141 1371 1173 εἰς
1390 1139 1463 1168 οἷκον
1479 1143 1546 1169 ἱέναι
1563 1143 1629 1169 Θεοῦ
1646 1143 1711 1174 τοὺς
1729 1143 1806 1169 ἀλλο-

1010 1184 1114 1217 γενεῖς·
1129 1184 1180 1220 ἔφη
1191 1186 1245 1221 γάρ
1255 1193 1261 1200 ’
1280 1195 1289 1212 (
1303 1187 1359 1213 Οὔκ
1374 1187 1556 1215 εἰσελεύσεται
1574 1189 1745 1224 Ἀμμονίτης
1759 1190 1804 1215 καὶ

1010 1230 1157 1266 Μωαϐίτης
1171 1232 1211 1263 εἰς
1229 1231 1393 1268 Έκκλησίαν
1401 1234 1515 1269 Κυρίου.
1523 1244 1532 1260 ι
1554 1235 1583 1261 '0
1594 1234 1622 1261 δέ
1631 1243 1663 1269 γε
1674 1235 1728 1261 τῶν
1737 1235 1809 1262 ὅλων

1009 1275 1105 1310 Σωτὴρ
1129 1277 1176 1303 καὶ
1193 1278 1295 1314 Κύριος
1311 1280 1350 1311 εἰς
1374 1280 1521 1315 καινότητα
1540 1280 1589 1315 τὴν
1611 1281 1803 1316 πνευματικὴν

1008 1321 1042 1347 τὰ
1063 1322 1123 1347 καθ’
1139 1323 1212 1356 ἡμᾶς
1230 1324 1369 1358 μεθιστὰς,
1384 1325 1501 1357 εἰσάξειν
1524 1326 1564 1357 εἰς
1587 1326 1632 1352 τὸν
1657 1324 1733 1352 οἷκον
1758 1327 1802 1353 τὸν

1008 1365 1084 1399 ἅγιον
1096 1367 1192 1394 ἑαυτοῦ
1209 1370 1459 1403 κατεπαγγέλλεται
1472 1372 1537 1402 τοὺς
1549 1371 1803 1408 ἀλλογενεῖς.’ορος

1007 1412 1060 1448 γάρ
1076 1412 1151 1446 ἅγιον
1166 1414 1241 1440 οὐδὲν
1255 1414 1346 1450 ἕτερον
1360 1414 1428 1443 εἷναί
1444 1426 1522 1452 φησι,
1539 1418 1609 1452 πλὴν
1625 1418 1667 1444 ὅτι
1682 1418 1732 1453 τὴν
1744 1419 1801 1445 ἑαυν

1006 1458 1232 1494 τοῦνῈκκλησίαν,
1247 1462 1287 1492 εἰς
1299 1462 1330 1497 ἣν
1350 1463 1539 1495 εἰσελάσαντες
1555 1465 1799 1499 κατευφραίνονται

1006 1507 1061 1536 τοῖς
1082 1506 1145 1541 παρ’
1159 1506 1241 1532 αὐτοῦ
1263 1508 1439 1543 χαρίσμασιν,
1458 1509 1644 1544 ἐντρυφῶντες
1667 1511 1798 1544 δηλονότι,

172 1546 233 1576 typo
246 1542 336 1576 legalis
351 1547 439 1574 cultus
453 1555 558 1583 sumpta
581 1556 632 1578 est.
644 1551 711 1579 Nam
738 1554 802 1582 olim
819 1557 915 1585 arietes

1070 1551 1118 1586 τὴν
1134 1552 1188 1578 τῶν
1208 1553 1293 1586 ἁγίων
1314 1554 1490 1586 πλουτοῦντες
1504 1555 1613 1582 ἐλπίδων
1626 1557 1669 1582 ὅτι
1683 1556 1712 1582 δὲ
1725 1557 1797 1583 πολι-

171 1588 262 1616 hircos
276 1590 425 1623 incendere.
443 1602 475 1622 ac
488 1597 618 1624 sacriﬁcia
632 1598 729 1628 offerre
739 1601 860 1630 solebant
869 1603 954 1632 lsrae-

171 1633 233 1662 litae.
250 1635 302 1663 Sed
318 1639 454 1672 quoniam,
471 1642 574 1675 utdixi,
592 1646 686 1673 umbra
701 1648 817 1680 transiit,
836 1658 889 1677 non
907 1659 954 1685 per

169 1681 314 1715 sanguines
333 1685 432 1712 aditum
450 1686 500 1714 sibi
532 1689 643 1724 faciunt,
660 1700 692 1719 ex
708 1695 833 1728 gentibus
845 1699 952 1730 vocati;

169 1728 215 1753 sed
231 1727 311 1756 veluti
324 1731 425 1765 seipsos
439 1733 492 1760 Deo
511 1737 681 1771 sacriﬁcant,
700 1741 806 1767 mundo
834 1743 952 1770 morien-

170 1777 218 1805 les,
231 1773 341 1807 jnstitia:
358 1778 489 1811 viventes.
505 1781 583 1808 sicuti
602 1784 730 1818 scriptum
743 1791 784 1814 est
798 1787 842 1814 δ”.
867 1788 952 1816 Erunt

167 1823 257 1845 autem
271 1822 384 1856 accepti,
406 1829 432 1850 et
451 1825 476 1851 in
493 1827 603 1854 odorem
617 1830 768 1864 suavitatis,
783 1836 837 1859 tum
864 1834 890 1861 hi
906 1836 950 1869 qui

169 1868 250 1892 totam
266 1868 342 1901 quasi
359 1868 440 1896 vitam
452 1877 572 1899 sanctam
590 1875 713 1908 reddunt.
740 1878 812 1905 velut
825 1879 952 1908 holocau-

168 1915 276 1944 ton‘ata,
309 1917 362 1940 tum
383 1917 464 1944 etiam
491 1918 516 1945 hi
531 1920 575 1953 qui
604 1918 771 1956 particulare'
789 1926 950 1955 sacriﬁcium

167 1956 281 1985 nll'eruut
296 1967 303 1985 :
329 1961 416 1994 qualis
429 1967 470 1990 cst
494 1965 546 1992 vita
568 1973 660 1994 eorum
676 1970 723 2003 qui
740 1972 847 2005 nuptias
858 1972 885 2000 in
898 1973 950 2001 Do-

167 2002 238 2030 mino
252 2009 452 2041 contraxerunt,
465 2009 542 2037 divisi
561 2012 757 2045 quodammodo
774 2016 827 2044 Deo
839 2023 865 2044 et
873 2026 950 2046 mun-

166 2046 210 2074 do.
239 2048 392 2078 Animantia
423 2054 494 2081 enim
522 2056 548 2082 in
573 2058 736 2086 sacriﬁcium
769 2069 815 2089 seu
834 2063 948 2092 hostiam

166 2092 264 2125 oblata,
278 2102 329 2122 non
344 2096 456 2130 integra,
473 2100 519 2125 sed
545 2100 656 2129 dimidia
684 2104 726 2130 vel
756 2113 789 2133 ex
805 2112 880 2141 parte
895 2111 950 2138 aris

166 2137 382 2172 imponeliantur.
395 2143 504 2177 Accepti
524 2151 586 2172 sunt
600 2154 665 2182 ergo
689 2149 856 2186 alienigenae,
873 2155 949 2190 seip-

164 2191 208 2211 sos
220 2185 244 2212 in
259 2185 432 2220 fragrantiam
441 2190 607 2223 spiritualem
619 2185 851 2231 oll'erentesﬂuod
859 2205 947 2228 autem

164 2238 217 2258 non
239 2232 303 2259 solis
322 2232 450 2262 lsraelitis
463 2236 593 2264 tributum
618 2239 653 2266 sit
674 2241 792 2269 divinum
809 2245 946 2280 templum,

163 2285 209 2303 seu
224 2278 320 2305 domus
337 2279 468 2308 orationis
486 2281 532 2308 Dei
553 2284 596 2317 qui
615 2290 657 2312 est
683 2293 762 2320 supra
776 2296 880 2320 omnes.
900 2292 946 2318 sed

138 2315 143 2352 ᾖ
162 2323 288 2351 omnibus
304 2331 351 2357 per
366 2326 460 2353 orbem
478 2332 624 2361 terrarum.
639 2333 816 2362 conversione
838 2341 866 2363 et
896 2337 948 2365 ﬁde

163 2369 196 2395 ad
209 2369 370 2403 agnitionem
383 2370 465 2405 ipsius
475 2374 576 2403 vocatis
592 2376 764 2411 patefactum,
776 2382 946 2415 perspicuutn

164 2413 237 2446 facit,
259 2415 402 2449 inquiens:
419 2418 517 2447 Domus
540 2429 596 2448 mea
618 2423 713 2452 domus
737 2427 868 2454 orationis
897 2435 945 2456 vo-

162 2460 267 2488 cabitur
287 2464 413 2492 omnibus
434 2467 567 2500 gentibus.
594 2468 660 2502 Quis
674 2475 791 2506 estergo
817 2473 862 2507 qui
892 2474 948 2502 haec

162 2508 301 2540 promisit?
316 2509 383 2538 Num
395 2511 502 2540 divinus
515 2514 642 2548 propheta
668 2516 760 2550 Isaias,
775 2519 847 2546 velut
857 2527 889 2547 ex
900 2528 948 2547 sua

161 2554 313 2582 sententia?
339 2555 456 2585 Minime.
485 2558 559 2586 Dixit
585 2561 656 2589 cnim
685 2563 824 2596 Dominus,
849 2564 946 2600 inquit,

161 2599 206 2634 qui
233 2608 377 2637 congregat
408 2605 545 2640 dispersos
571 2607 662 2635 lsrael.
696 2609 742 2636 lla;
777 2615 840 2638 sunt
865 2599 947 2647 igitur

161 2645 306 2678 orationes.
324 2648 366 2675 hae
381 2656 461 2677 voces
485 2652 714 2681 commiserantis.
741 2654 842 2683 Natura
871 2657 943 2684 enim

162 2691 247 2719 bonus
258 2699 320 2720 cum
332 2693 377 2726 sit,
388 2702 484 2723 omnes
496 2696 619 2725 homines
632 2698 720 2726 salvos
730 2699 786 2727 ﬁeri
800 2700 866 2733 vult,
880 2702 945 2730 etad

160 2737 324 2772 agnitionem
341 2740 463 2768 veritatis
477 2743 570 2770 venire
580 2743 635 2771 κν.
648 2745 782 2772 (Ζιιιιοι-ιιιιι
798 2746 946 2775 clementia:

160 2784 371 2818 magnitudiuctn
400 2794 452 2813 non
477 2787 502 2814 in
528 2788 592 2817 solis
621 2791 745 2823 gentibus
777 2793 933 2827 apparuisse

1010 1596 1149 1624 ’πεύσονται
1174 1598 1312 1634 καθαρῶς,
1335 1599 1435 1634 εὐμενῆ
1460 1610 1489 1627 τε
1517 1602 1564 1628 καὶ
1588 1602 1654 1628 ἵλεω
1677 1603 1727 1628 τὸν
1746 1602 1798 1629 τῶν

1009 1642 1076 1669 ὅλων
1095 1643 1184 1676 ἕξουσι
1199 1644 1273 1677 Θεὸν,
1296 1645 1499 1681 διαμεμήνυκεν
1515 1647 1610 1679 εξπὼν,
1627 1648 1669 1674 ὅτι
1686 1648 1728 1674 Τὰ
1741 1649 1798 1675 ὁλο-

1009 1689 1175 1724 καυτώματα
1189 1691 1286 1722 αὐτῶν,
1301 1691 1347 1717 καὶ
1364 1693 1392 1718 αἱ
1406 1692 1496 1720 θυσίαι
1520 1694 1609 1720 αὐτῶν
1627 1694 1738 1721 ἔσονται
1758 1695 1795 1721 δε-

1009 1735 1070 1761 κταὶ
1089 1736 1134 1761 ἐπὶ
1151 1736 1180 1762 τὸ
1194 1736 1385 1772 θυσιαστήριόν
1406 1747 1468 1773 μου.
1486 1739 1582 1773 Γέγονε
1597 1740 1625 1766 δὲ
1639 1742 1653 1766 ὁ
1666 1740 1745 1774 λόγος
1761 1741 1795 1772 ὡς

1008 1780 1039 1806 ὲκ
1064 1780 1284 1816 παραδείγματος
1304 1783 1350 1809 καὶ
1369 1783 1455 1810 τύπου
1478 1784 1528 1819 τῆς
1549 1785 1620 1812 κατὰ
1648 1786 1732 1820 νόμον
1752 1786 1796 1812 λα-

1006 1826 1109 1860 τρείας.
1125 1827 1214 1853 Πάλαι
1223 1828 1271 1862 μὲν
1280 1829 1333 1864 γὰρ
1345 1829 1439 1864 κριοὺς
1451 1830 1498 1856 καὶ
1506 1830 1622 1865 ταύρους
1635 1832 1797 1858 ὁλοκαυτοῦν

1006 1872 1066 1904 ἔθος
1079 1870 1112 1908 ἦν
1128 1875 1184 1905 τοῖς
1198 1873 1227 1906 ἐξ
1241 1875 1356 1910 Ἰσραὴλ,
1372 1875 1466 1908 θυσίας
1479 1886 1508 1903 τε
1521 1878 1681 1912 προσάγειν.
1691 1879 1795 1913 Ἐπειδὴ

1005 1919 1044 1949 δὲ.
1057 1919 1094 1950 ὡς
1108 1919 1187 1955 ἔφην,
1202 1921 1391 1956 παρελήλακεν
1403 1924 1418 1958 ἡ
1435 1924 1508 1954 σκιὰ,
1524 1925 1554 1950 οὐ
1564 1924 1613 1959 τὴν
1626 1925 1660 1951 δι’
1675 1927 1795 1960 αἱμάτων

1007 1965 1143 1992 ποιοῦνται
1170 1967 1300 2002 πρόσοδον
1325 1968 1350 1994 οἱ
1377 1968 1407 2000 ἐξ
1432 1969 1517 1995 ἐθνῶν
1539 1970 1718 2004 κεκλημένοι,
1740 1973 1794 1998 ἀλλ’

1004 2007 1059 2036 οἷον
1077 2011 1190 2044 ἑαυτοὺς
1213 2013 1383 2048 ἱερουργοῦσι
1403 2014 1442 2048 τῷ
1461 2014 1530 2049 θεῷ,
1545 2015 1642 2050 κόσμῳ
1662 2017 1713 2051 μὲν
1729 2019 1793 2043 ἀπο-

1004 2057 1176 2092 θνήσκοντες,
1194 2057 1294 2090 ζῶντες
1310 2059 1336 2085 δὲ
1358 2061 1390 2094 τῇ
1414 2060 1582 2096 δικαιοσύνῃ.
1601 2062 1675 2088 καθὰ
1697 2063 1793 2098 γέγρξμ

1004 2111 1078 2130 πται.
1099 2104 1225 2130 Ἔσονται
1236 2103 1264 2130 δὲ
1286 2104 1384 2136 δεκτοὶ,
1402 2105 1448 2131 καὶ
1463 2106 1503 2137 είς
1518 2106 1606 2141 ὀσμὴν
1627 2107 1753 2141 εὐωδίας,
1769 2110 1790 2135 οἰ

1005 2148 1053 2183 μὲν
1066 2149 1129 2183 ὅλην
1140 2150 1243 2176 ἑαυτῶν
1255 2150 1303 2184 τὴν
1314 2150 1384 2185 ζωὴν
1394 2150 1489 2186 ὥσπερ
1500 2152 1576 2187 ἱερὰν
1586 2153 1791 2186 ἀποψαὺιοντες,

1003 2195 1040 2227 ὡς
1060 2196 1088 2222 ἐν
1110 2195 1184 2227 τάξει
1208 2195 1326 2223 νοεῖσθαι
1341 2197 1393 2223 τῶν
1410 2198 1644 2233 ὁλοκαυτωμάτων
1658 2208 1664 2214 ·
1679 2201 1704 2226 οἱ
1719 2200 1746 2226 δὲ
1758 2201 1792 2232 ὡς

1001 2241 1095 2268 θυσίαν
1120 2242 1251 2277 μερικὴν,
1269 2241 1349 2269 ὁποία
1370 2242 1411 2274 τίς
1437 2244 1510 2270 ἐστιν
1529 2245 1544 2279 ἡ
1563 2244 1617 2270 τῶν
1643 2245 1674 2271 ἐν
1702 2247 1793 2282 Κυρίῳ

1000 2288 1196 2323 γεγαμηκότων
1221 2288 1288 2324 ζωὴ,
1311 2290 1521 2325 μεμερισμένων
1535 2291 1636 2325 τρόπον
1652 2292 1715 2318 τινὰ
1737 2293 1792 2327 θεῷ

999 2341 1029 2359 τε
1045 2333 1091 2358 καὶ
1104 2333 1208 2368 κόσμῳ.
1221 2334 1261 2360 Τά
1273 2333 1327 2370 γὰρ
1342 2335 1382 2366 εἰς
1397 2335 1491 2366 θυσίας
1510 2337 1723 2371 προσφερόμενα
1742 2338 1790 2363 τῶν

1000 2379 1076 2410 ζώων
1095 2379 1143 2413 οὐχ
1164 2379 1298 2415 ὁλόκληρα
1319 2382 1375 2412 τοῖς
1397 2380 1600 2416 θυσιαστηρίοις
1619 2383 1791 2409 ὲναπετίθετο

1002 2425 1110 2459 μᾶὶλλον⁹
1125 2425 1182 2452 ἀλλ’
1196 2425 1226 2457 ἐξ
1249 2426 1482 2461 ὴμισείας,ῆγουν
1506 2428 1539 2453 ἐκ
1563 2427 1672 2463 μέρους.
1699 2429 1791 2454 Δεκτοὶ

996 2470 1138 2506 τοιγαροῦν
1153 2471 1178 2497 οἱ
1193 2471 1355 2505 ἀλλογενεῖς,
1372 2472 1486 2503 ἑαυτοὺς
1506 2472 1680 2504 ἀνατιθέντες
1694 2475 1734 2504 εἰς
1747 2474 1790 2499 εῦ-

996 2513 1094 2548 οσμίαν
1121 2515 1317 2550 πνευματικήν.
1337 2516 1398 2542 Ὅτι
1427 2516 1454 2542 δὲ
1479 2517 1540 2552 οὐχὶ
1565 2517 1657 2551 μόνοις
1682 2519 1739 2549 τοῖς
1763 2518 1790 2550 ἐξ

1002 2561 1111 2598 Ἰσραὴλ
1124 2563 1139 2588 ὁ
1156 2562 1225 2592 θεῖος
1237 2563 1415 2598 ἐκνενέμηται
1428 2564 1506 2595 νεὼς,
1521 2564 1604 2599 ἤγουν
1621 2566 1635 2591 ὁ
1651 2563 1725 2596 οἶκος
1743 2565 1789 2599 τῆς

997 2608 1151 2643 προσευχῆς
1175 2607 1222 2635 τοῦ
1238 2609 1286 2635 ὲπὶ
1301 2610 1401 2642 πάντας
1417 2610 1497 2643 Θεοῦ,
1515 2612 1631 2638 αἰνεῖται
1647 2611 1675 2638 δὲ
1693 2611 1788 2646 μᾶλλον

994 2655 1052 2685 τοῖς
1067 2654 1119 2681 ὰνά
1134 2655 1223 2681 πᾶσαν
1237 2655 1285 2690 τὴν
1301 2656 1355 2691 γῆν
1371 2651 1404 2682 Bt‘
1416 2657 1584 2692 ἐπιστροφῆς
1601 2657 1649 2683 καὶ
1674 2657 1788 2688 πίστεως

996 2699 1170 2735 καλουμένοις
1185 2701 1224 2733 είς
1235 2701 1382 2735 ἐπίγνωσιν
1397 2702 1489 2735 αὑτοῦ,
1501 2702 1663 2737 καθίστησιν
1680 2703 1787 2737 ἐναργὲς

996 2746 1090 2777 εἰπὼν.
1108 2748 1149 2774 ὅτι
1168 2748 1197 2774 '0
1211 2745 1283 2779 οἶκός
1309 2757 1358 2783 μου
1387 2746 1461 2780 οἶκος
1484 2750 1640 2784 προσευχῆς
1659 2749 1787 2783 κληθήσε-

994 2801 1038 2819 ται
1063 2793 1128 2818 πᾶσι
1152 2794 1207 2824 τοῖς
1230 2793 1326 2820 ἔθνεσι.
1354 2794 1399 2825 Τίς
1423 2792 1468 2822 οὖν
1493 2794 1546 2828 ἄρα
1575 2795 1650 2820 ἐστὶν
1666 2794 1680 2820 ὁ
1706 2793 1786 2820 ταῦτα

196 2869 216 2884 ⁸¹
238 2870 256 2897 ll
273 2871 337 2899 Cor.
351 2880 376 2906 v,
397 2873 438 2900 l7.
477 2874 498 2890 "
512 2875 589 2903 Dcul.
612 2884 689 2910 mn,
707 2878 732 2904 5.
756 2878 939 2917 A"‘t.loul.Ga

864 2880 891 2905 il.
903 2879 989 2908 Galat.
1006 2888 1043 2914 vt,
1059 2881 1104 2915 li,
1120 2881 1129 2907 l
1144 2881 1217 2927 l‘ctr.
1235 2890 1264 2916 ιι,
1281 2883 1326 2910 :23.
1344 2924 1347 2925 ν
1426 2883 1434 2909 l
1451 2883 1518 2910 'l‘itu.
1536 2890 1566 2917 ιι,
1580 2883 1604 2910 4.
