  <div class='ocr_page' id='page_1' title='image "/cluster/home/n/w/nwhite01/storage/ocr_20150623/70/njp.32101077772737/740.png"; bbox 0 0 1883 3054; ppageno 0'>
   <div class='ocr_carea' id='block_1_1' title="bbox 103 150 192 178">
    <p class='ocr_par' dir='ltr' id='par_1_1' title="bbox 103 150 192 178">
     <span class='ocr_line' id='line_1_1' title="bbox 103 150 192 178; baseline 0 0"><span class='ocrx_word' id='word_1_1' title='bbox 103 150 192 178; x_wconf 67' lang='lat'><strong>12:9</strong></span> 
     </span>
    </p>
   </div>
   <div class='ocr_carea' id='block_1_2' title="bbox 676 147 1192 177">
    <p class='ocr_par' dir='ltr' id='par_1_2' title="bbox 676 147 1192 177">
     <span class='ocr_line' id='line_1_2' title="bbox 676 147 1192 177; baseline -0.002 -1"><span class='ocrx_word' id='word_1_2' title='bbox 676 148 709 176; x_wconf 82' lang='lat' dir='ltr'><strong>IN</strong></span> <span class='ocrx_word' id='word_1_3' title='bbox 735 147 849 175; x_wconf 66' lang='lat' dir='ltr'><strong>ISAIAM</strong></span> <span class='ocrx_word' id='word_1_4' title='bbox 872 148 936 176; x_wconf 87' lang='lat' dir='ltr'><strong>LIB.</strong></span> <span class='ocrx_word' id='word_1_5' title='bbox 958 147 990 175; x_wconf 83' lang='lat' dir='ltr'><strong>V.</strong></span> <span class='ocrx_word' id='word_1_6' title='bbox 1012 147 1130 177; x_wconf 81' lang='lat' dir='ltr'><strong>TOMUS</strong></span> <span class='ocrx_word' id='word_1_7' title='bbox 1148 147 1192 176; x_wconf 86' lang='grc'><strong>111.</strong></span> 
     </span>
    </p>
   </div>
   <div class='ocr_carea' id='block_1_3' title="bbox 1684 150 1752 177">
    <p class='ocr_par' dir='ltr' id='par_1_3' title="bbox 1684 150 1752 177">
     <span class='ocr_line' id='line_1_3' title="bbox 1684 150 1752 177; baseline 0 -1"><span class='ocrx_word' id='word_1_8' title='bbox 1684 150 1752 177; x_wconf 66' lang='grc' dir='ltr'>ίῗίῖἱθ</span> 
     </span>
    </p>
   </div>
   <div class='ocr_carea' id='block_1_4' title="bbox 102 196 1753 245">
    <p class='ocr_par' dir='ltr' id='par_1_4' title="bbox 102 196 1753 245">
     <span class='ocr_line' id='line_1_4' title="bbox 102 196 1753 245; baseline -0.001 -11"><span class='ocrx_word' id='word_1_9' title='bbox 102 206 642 245; x_wconf 54' lang='lat' dir='ltr'><strong>npobnzaxvodpevogfltp‘Mser-tiam;</strong></span> <span class='ocrx_word' id='word_1_10' title='bbox 652 207 914 243; x_wconf 80' lang='grc' dir='ltr'>προφήτηςἩσαῖας</span> <span class='ocrx_word' id='word_1_11' title='bbox 930 216 951 244; x_wconf 70' lang='grc' dir='ltr'><strong>Α</strong></span> <span class='ocrx_word' id='word_1_12' title='bbox 967 196 1108 242; x_wconf 86' lang='lat' dir='ltr'><strong>postquam</strong></span> <span class='ocrx_word' id='word_1_13' title='bbox 1123 206 1222 234; x_wconf 90' lang='lat' dir='ltr'><strong>mundo</strong></span> <span class='ocrx_word' id='word_1_14' title='bbox 1251 205 1374 234; x_wconf 74' lang='lat' dir='ltr'><strong>Christus</strong></span> <span class='ocrx_word' id='word_1_15' title='bbox 1395 204 1528 238; x_wconf 84' lang='lat' dir='ltr'><strong>illuxeral,</strong></span> <span class='ocrx_word' id='word_1_16' title='bbox 1550 207 1598 234; x_wconf 87' lang='lat' dir='ltr'><strong>sed</strong></span> <span class='ocrx_word' id='word_1_17' title='bbox 1622 207 1703 234; x_wconf 86' lang='lat' dir='ltr'><strong>etiam</strong></span> <span class='ocrx_word' id='word_1_18' title='bbox 1721 215 1753 236; x_wconf 82' lang='lat' dir='ltr'><strong>ex</strong></span> 
     </span>
    </p>
   </div>
   <div class='ocr_carea' id='block_1_5' title="bbox 99 251 913 291">
    <p class='ocr_par' dir='ltr' id='par_1_5' title="bbox 99 251 913 291">
     <span class='ocr_line' id='line_1_5' title="bbox 99 251 913 291; baseline -0.001 -11"><span class='ocrx_word' id='word_1_19' title='bbox 99 255 154 287; x_wconf 82' lang='grc' dir='ltr'>ὡς</span> <span class='ocrx_word' id='word_1_20' title='bbox 169 255 225 283; x_wconf 79' lang='grc' dir='ltr'>ἁπδ</span> <span class='ocrx_word' id='word_1_21' title='bbox 243 255 356 291; x_wconf 82' lang='grc' dir='ltr'><strong>γνώμης</strong></span> <span class='ocrx_word' id='word_1_22' title='bbox 377 255 444 287; x_wconf 84' lang='grc' dir='ltr'>ἰδίας</span> <span class='ocrx_word' id='word_1_23' title='bbox 457 264 463 288; x_wconf 88' lang='grc'><strong>;</strong></span> <span class='ocrx_word' id='word_1_24' title='bbox 476 255 512 282; x_wconf 79' lang='grc' dir='ltr'><strong>Οὐ</strong></span> <span class='ocrx_word' id='word_1_25' title='bbox 530 255 579 290; x_wconf 85' lang='grc' dir='ltr'>μὲν</span> <span class='ocrx_word' id='word_1_26' title='bbox 594 252 649 281; x_wconf 79' lang='grc' dir='ltr'>οὖν,</span> <span class='ocrx_word' id='word_1_27' title='bbox 671 251 738 280; x_wconf 66' lang='lat' dir='ltr'><strong>Eine</strong></span> <span class='ocrx_word' id='word_1_28' title='bbox 754 254 809 290; x_wconf 84' lang='grc' dir='ltr'>γὰρ</span> <span class='ocrx_word' id='word_1_29' title='bbox 828 254 842 279; x_wconf 84' lang='grc' dir='ltr'>ὁ</span> <span class='ocrx_word' id='word_1_30' title='bbox 858 253 913 279; x_wconf 81' lang='grc' dir='ltr'><strong>Κύ-</strong></span> 
     </span>
    </p>
   </div>
   <div class='ocr_carea' id='block_1_6' title="bbox 101 299 910 336">
    <p class='ocr_par' dir='ltr' id='par_1_6' title="bbox 101 299 910 336">
     <span class='ocr_line' id='line_1_6' title="bbox 101 299 910 336; baseline 0 -10"><span class='ocrx_word' id='word_1_31' title='bbox 101 309 185 335; x_wconf 82' lang='grc' dir='ltr'>ριος,</span> <span class='ocrx_word' id='word_1_32' title='bbox 205 302 296 336; x_wconf 73' lang='grc' dir='ltr'>φησὶν,</span> <span class='ocrx_word' id='word_1_33' title='bbox 310 302 324 328; x_wconf 79' lang='grc' dir='ltr'>ὁ</span> <span class='ocrx_word' id='word_1_34' title='bbox 337 301 460 335; x_wconf 84' lang='grc' dir='ltr'><strong>συνάγων</strong></span> <span class='ocrx_word' id='word_1_35' title='bbox 483 301 544 332; x_wconf 75' lang='grc' dir='ltr'>τοὺς</span> <span class='ocrx_word' id='word_1_36' title='bbox 563 299 777 336; x_wconf 76' lang='grc' dir='ltr'><strong>διεσπαρμένους</strong></span> <span class='ocrx_word' id='word_1_37' title='bbox 794 300 910 335; x_wconf 84' lang='grc' dir='ltr'>Ἰσραήλ.</span> 
     </span>
    </p>
   </div>
   <div class='ocr_carea' id='block_1_7' title="bbox 101 345 913 382">
    <p class='ocr_par' dir='ltr' id='par_1_7' title="bbox 101 345 913 382">
     <span class='ocr_line' id='line_1_7' title="bbox 101 345 913 382; baseline -0.002 -9"><span class='ocrx_word' id='word_1_38' title='bbox 101 345 198 374; x_wconf 75' lang='grc' dir='ltr'>Οὗτοι</span> <span class='ocrx_word' id='word_1_39' title='bbox 217 347 362 382; x_wconf 78' lang='grc' dir='ltr'>τοιγαροῦν</span> <span class='ocrx_word' id='word_1_40' title='bbox 378 347 402 373; x_wconf 74' lang='lat' dir='ltr'><strong>oi</strong></span> <span class='ocrx_word' id='word_1_41' title='bbox 416 346 498 380; x_wconf 84' lang='grc' dir='ltr'>λόγοι,</span> <span class='ocrx_word' id='word_1_42' title='bbox 515 346 562 373; x_wconf 77' lang='grc' dir='ltr'><strong>καὶ</strong></span> <span class='ocrx_word' id='word_1_43' title='bbox 578 345 625 372; x_wconf 91' lang='grc' dir='ltr'><strong>τοῦ</strong></span> <span class='ocrx_word' id='word_1_44' title='bbox 639 345 868 380; x_wconf 73' lang='grc' dir='ltr'>κατοικτείροντος</span> <span class='ocrx_word' id='word_1_45' title='bbox 885 347 913 371; x_wconf 72' lang='grc' dir='ltr'>αἱ</span> 
     </span>
    </p>
   </div>
   <div class='ocr_carea' id='block_1_8' title="bbox 100 391 914 429">
    <p class='ocr_par' dir='ltr' id='par_1_8' title="bbox 100 391 914 429">
     <span class='ocr_line' id='line_1_8' title="bbox 100 391 914 429; baseline -0.002 -9"><span class='ocrx_word' id='word_1_46' title='bbox 100 395 223 427; x_wconf 70' lang='grc' dir='ltr'>φωναί·</span> <span class='ocrx_word' id='word_1_47' title='bbox 240 394 320 428; x_wconf 80' lang='grc' dir='ltr'>φύσει</span> <span class='ocrx_word' id='word_1_48' title='bbox 345 393 399 429; x_wconf 86' lang='grc' dir='ltr'>γὰρ</span> <span class='ocrx_word' id='word_1_49' title='bbox 423 392 552 429; x_wconf 78' lang='grc' dir='ltr'><strong>ὑπάρχων</strong></span> <span class='ocrx_word' id='word_1_50' title='bbox 573 391 674 426; x_wconf 79' lang='grc' dir='ltr'>ἀγαθὸς</span> <span class='ocrx_word' id='word_1_51' title='bbox 689 392 793 424; x_wconf 79' lang='grc' dir='ltr'>πάντας</span> <span class='ocrx_word' id='word_1_52' title='bbox 808 391 914 427; x_wconf 87' lang='grc' dir='ltr'>ἀνθρώ-</span> 
     </span>
    </p>
   </div>
   <div class='ocr_carea' id='block_1_9' title="bbox 100 436 914 475">
    <p class='ocr_par' dir='ltr' id='par_1_9' title="bbox 100 436 914 475">
     <span class='ocr_line' id='line_1_9' title="bbox 100 436 914 475; baseline -0.002 -10"><span class='ocrx_word' id='word_1_53' title='bbox 100 448 185 472; x_wconf 81' lang='grc' dir='ltr'>πους</span> <span class='ocrx_word' id='word_1_54' title='bbox 202 440 273 467; x_wconf 76' lang='grc' dir='ltr'>θέλει</span> <span class='ocrx_word' id='word_1_55' title='bbox 290 439 421 475; x_wconf 82' lang='grc' dir='ltr'>σωθῆναι,</span> <span class='ocrx_word' id='word_1_56' title='bbox 436 439 484 466; x_wconf 73' lang='grc' dir='ltr'><strong>καὶ</strong></span> <span class='ocrx_word' id='word_1_57' title='bbox 501 439 540 470; x_wconf 77' lang='grc' dir='ltr'>εἰς</span> <span class='ocrx_word' id='word_1_58' title='bbox 555 437 702 472; x_wconf 72' lang='grc' dir='ltr'><strong>ἐπίγνωσιν</strong></span> <span class='ocrx_word' id='word_1_59' title='bbox 727 437 855 473; x_wconf 74' lang='grc' dir='ltr'><strong>ἀληθείας</strong></span> <span class='ocrx_word' id='word_1_60' title='bbox 872 436 914 463; x_wconf 87' lang='grc' dir='ltr'><strong>ὲλ--</strong></span> 
     </span>
    </p>
   </div>
   <div class='ocr_carea' id='block_1_10' title="bbox 100 483 914 522">
    <p class='ocr_par' dir='ltr' id='par_1_10' title="bbox 100 483 914 522">
     <span class='ocr_line' id='line_1_10' title="bbox 100 483 914 522; baseline -0.002 -11"><span class='ocrx_word' id='word_1_61' title='bbox 100 485 184 513; x_wconf 75' lang='grc' dir='ltr'><strong>οεῖν.</strong></span> <span class='ocrx_word' id='word_1_62' title='bbox 206 487 279 522; x_wconf 81' lang='grc' dir='ltr'>Πλὴν</span> <span class='ocrx_word' id='word_1_63' title='bbox 294 487 334 513; x_wconf 81' lang='grc' dir='ltr'>ὅτι</span> <span class='ocrx_word' id='word_1_64' title='bbox 350 486 380 512; x_wconf 78' lang='grc' dir='ltr'><strong>τὸ</strong></span> <span class='ocrx_word' id='word_1_65' title='bbox 401 485 451 521; x_wconf 84' lang='grc' dir='ltr'>τῆς</span> <span class='ocrx_word' id='word_1_66' title='bbox 472 484 642 520; x_wconf 80' lang='grc' dir='ltr'><strong>ἡμερότητος</strong></span> <span class='ocrx_word' id='word_1_67' title='bbox 661 483 774 519; x_wconf 82' lang='grc' dir='ltr'>μέγεθος</span> <span class='ocrx_word' id='word_1_68' title='bbox 798 483 848 509; x_wconf 78' lang='grc' dir='ltr'><strong>οὐκ</strong></span> <span class='ocrx_word' id='word_1_69' title='bbox 867 483 914 509; x_wconf 73' lang='grc' dir='ltr'><strong>ἐπὶ</strong></span> 
     </span>
    </p>
   </div>
   <div class='ocr_carea' id='block_1_11' title="bbox 105 527 914 567">
    <p class='ocr_par' dir='ltr' id='par_1_11' title="bbox 105 527 914 567">
     <span class='ocr_line' id='line_1_11' title="bbox 105 527 914 567; baseline -0.005 -9"><span class='ocrx_word' id='word_1_70' title='bbox 105 532 211 564; x_wconf 78' lang='grc' dir='ltr'>μόνοις</span> <span class='ocrx_word' id='word_1_71' title='bbox 227 532 305 567; x_wconf 79' lang='grc' dir='ltr'>ὤφθη</span> <span class='ocrx_word' id='word_1_72' title='bbox 317 532 373 563; x_wconf 89' lang='grc' dir='ltr'>τοῖς</span> <span class='ocrx_word' id='word_1_73' title='bbox 388 531 416 564; x_wconf 80' lang='grc' dir='ltr'><strong>ἐξ</strong></span> <span class='ocrx_word' id='word_1_74' title='bbox 433 530 528 561; x_wconf 77' lang='grc' dir='ltr'>ἐθνῶν,</span> <span class='ocrx_word' id='word_1_75' title='bbox 547 529 751 565; x_wconf 71' lang='grc' dir='ltr'><strong>ἐπιλάμψαντος</strong></span> <span class='ocrx_word' id='word_1_76' title='bbox 766 529 805 563; x_wconf 84' lang='grc' dir='ltr'>τῷ</span> <span class='ocrx_word' id='word_1_77' title='bbox 819 527 914 563; x_wconf 83' lang='grc' dir='ltr'>κόσμῳ</span> 
     </span>
    </p>
   </div>
   <div class='ocr_carea' id='block_1_12' title="bbox 103 574 913 613">
    <p class='ocr_par' dir='ltr' id='par_1_12' title="bbox 103 574 913 613">
     <span class='ocr_line' id='line_1_12' title="bbox 103 574 913 613; baseline -0.004 -10"><span class='ocrx_word' id='word_1_78' title='bbox 103 578 248 613; x_wconf 77' lang='grc' dir='ltr'>Χριστοῦ,</span> <span class='ocrx_word' id='word_1_79' title='bbox 263 578 330 604; x_wconf 77' lang='grc' dir='ltr'>ἀλλὰ</span> <span class='ocrx_word' id='word_1_80' title='bbox 349 578 402 613; x_wconf 87' lang='grc' dir='ltr'>γὰρ</span> <span class='ocrx_word' id='word_1_81' title='bbox 418 577 465 604; x_wconf 77' lang='grc' dir='ltr'>καὶ</span> <span class='ocrx_word' id='word_1_82' title='bbox 481 577 527 603; x_wconf 76' lang='grc' dir='ltr'><strong>ἐπὶ</strong></span> <span class='ocrx_word' id='word_1_83' title='bbox 541 576 604 608; x_wconf 79' lang='grc' dir='ltr'>τοὺς</span> <span class='ocrx_word' id='word_1_84' title='bbox 616 576 646 608; x_wconf 80' lang='grc' dir='ltr'><strong>ἑξ</strong></span> <span class='ocrx_word' id='word_1_85' title='bbox 660 576 774 610; x_wconf 78' lang='grc' dir='ltr'>αἵματος</span> <span class='ocrx_word' id='word_1_86' title='bbox 794 574 913 610; x_wconf 86' lang='grc' dir='ltr'>Ἰσραὴλ,</span> 
     </span>
    </p>
   </div>
   <div class='ocr_carea' id='block_1_13' title="bbox 105 618 915 658">
    <p class='ocr_par' dir='ltr' id='par_1_13' title="bbox 105 618 915 658">
     <span class='ocr_line' id='line_1_13' title="bbox 105 618 915 658; baseline -0.004 -9"><span class='ocrx_word' id='word_1_87' title='bbox 105 624 202 658; x_wconf 78' lang='grc' dir='ltr'>σαφὲς</span> <span class='ocrx_word' id='word_1_88' title='bbox 214 624 246 650; x_wconf 79' lang='grc' dir='ltr'>ἂν</span> <span class='ocrx_word' id='word_1_89' title='bbox 259 625 363 658; x_wconf 76' lang='grc' dir='ltr'>γένοιτο</span> <span class='ocrx_word' id='word_1_90' title='bbox 373 623 522 654; x_wconf 80' lang='grc' dir='ltr'>διειπόντος</span> <span class='ocrx_word' id='word_1_91' title='bbox 533 621 615 649; x_wconf 81' lang='grc' dir='ltr'>αὐτοῦ</span> <span class='ocrx_word' id='word_1_92' title='bbox 631 621 671 654; x_wconf 81' lang='grc' dir='ltr'>τὸ,</span> <span class='ocrx_word' id='word_1_93' title='bbox 688 618 772 647; x_wconf 83' lang='grc' dir='ltr'>Εῐπεν</span> <span class='ocrx_word' id='word_1_94' title='bbox 783 621 797 647; x_wconf 83' lang='grc' dir='ltr'><strong>ὁ</strong></span> <span class='ocrx_word' id='word_1_95' title='bbox 813 620 915 656; x_wconf 85' lang='grc' dir='ltr'>Κύριος</span> 
     </span>
    </p>
   </div>
   <div class='ocr_carea' id='block_1_14' title="bbox 104 664 914 704">
    <p class='ocr_par' dir='ltr' id='par_1_14' title="bbox 104 664 914 704">
     <span class='ocr_line' id='line_1_14' title="bbox 104 664 914 704; baseline -0.002 -10"><span class='ocrx_word' id='word_1_96' title='bbox 104 670 124 694; x_wconf 74' lang='grc' dir='ltr'>ὁ</span> <span class='ocrx_word' id='word_1_97' title='bbox 156 670 280 704; x_wconf 78' lang='grc' dir='ltr'>συνάγων</span> <span class='ocrx_word' id='word_1_98' title='bbox 305 670 367 701; x_wconf 75' lang='grc' dir='ltr'>τοὺς</span> <span class='ocrx_word' id='word_1_99' title='bbox 390 668 606 704; x_wconf 80' lang='grc' dir='ltr'><strong>διεσπαρμένους</strong></span> <span class='ocrx_word' id='word_1_100' title='bbox 627 666 745 703; x_wconf 83' lang='grc' dir='ltr'>Ἰσραήλ.</span> <span class='ocrx_word' id='word_1_101' title='bbox 754 664 844 693; x_wconf 84' lang='grc' dir='ltr'>Ἦσαν</span> <span class='ocrx_word' id='word_1_102' title='bbox 868 664 914 692; x_wconf 78' lang='grc' dir='ltr'>οὖν</span> 
     </span>
    </p>
   </div>
   <div class='ocr_carea' id='block_1_15' title="bbox 95 712 915 750">
    <p class='ocr_par' dir='ltr' id='par_1_15' title="bbox 95 712 915 750">
     <span class='ocr_line' id='line_1_15' title="bbox 95 712 915 750; baseline -0.006 -8"><span class='ocrx_word' id='word_1_103' title='bbox 95 716 171 750; x_wconf 66' lang='grc' dir='ltr'>-ἇρα</span> <span class='ocrx_word' id='word_1_104' title='bbox 188 716 234 742; x_wconf 74' lang='grc' dir='ltr'>καὶ</span> <span class='ocrx_word' id='word_1_105' title='bbox 247 715 322 742; x_wconf 78' lang='grc' dir='ltr'>αὐτοὶ</span> <span class='ocrx_word' id='word_1_106' title='bbox 339 714 595 749; x_wconf 81' lang='grc' dir='ltr'>κατεσκεδασμένοι,</span> <span class='ocrx_word' id='word_1_107' title='bbox 609 714 656 740; x_wconf 83' lang='grc' dir='ltr'><strong>καὶ</strong></span> <span class='ocrx_word' id='word_1_108' title='bbox 668 712 729 747; x_wconf 72' lang='grc' dir='ltr'>οὐχ).</span> <span class='ocrx_word' id='word_1_109' title='bbox 747 712 847 747; x_wconf 81' lang='grc' dir='ltr'>μᾶλλον</span> <span class='ocrx_word' id='word_1_110' title='bbox 861 720 915 738; x_wconf 82' lang='grc' dir='ltr'>σω-</span> 
     </span>
    </p>
   </div>
   <div class='ocr_carea' id='block_1_16' title="bbox 108 756 914 796">
    <p class='ocr_par' dir='ltr' id='par_1_16' title="bbox 108 756 914 796">
     <span class='ocr_line' id='line_1_16' title="bbox 108 756 914 796; baseline -0.006 -9"><span class='ocrx_word' id='word_1_111' title='bbox 108 761 253 795; x_wconf 78' lang='grc' dir='ltr'>ματικῶς,</span> <span class='ocrx_word' id='word_1_112' title='bbox 267 761 351 796; x_wconf 71' lang='grc' dir='ltr'>ἤγουν</span> <span class='ocrx_word' id='word_1_113' title='bbox 368 760 420 792; x_wconf 73' lang='grc' dir='ltr'><strong>ἔξω</strong></span> <span class='ocrx_word' id='word_1_114' title='bbox 437 768 488 786; x_wconf 80' lang='grc' dir='ltr'><strong>που</strong></span> <span class='ocrx_word' id='word_1_115' title='bbox 506 759 555 794; x_wconf 79' lang='grc' dir='ltr'>τῆς</span> <span class='ocrx_word' id='word_1_116' title='bbox 575 758 706 789; x_wconf 79' lang='grc' dir='ltr'><strong>Ἰουδαίας</strong></span> <span class='ocrx_word' id='word_1_117' title='bbox 728 756 914 792; x_wconf 79' lang='grc' dir='ltr'>ἀπενηνεγμέ-</span> 
     </span>
    </p>
   </div>
   <div class='ocr_carea' id='block_1_17' title="bbox 106 802 914 840">
    <p class='ocr_par' dir='ltr' id='par_1_17' title="bbox 106 802 914 840">
     <span class='ocr_line' id='line_1_17' title="bbox 106 802 914 840; baseline -0.004 -8"><span class='ocrx_word' id='word_1_118' title='bbox 106 816 167 838; x_wconf 63' lang='lat' dir='ltr'><strong>wn,</strong></span> <span class='ocrx_word' id='word_1_119' title='bbox 185 806 233 832; x_wconf 77' lang='grc' dir='ltr'>καὶ</span> <span class='ocrx_word' id='word_1_120' title='bbox 249 807 288 838; x_wconf 80' lang='grc' dir='ltr'>εἰς</span> <span class='ocrx_word' id='word_1_121' title='bbox 317 806 408 838; x_wconf 80' lang='grc' dir='ltr'>πόλεις</span> <span class='ocrx_word' id='word_1_122' title='bbox 432 805 506 837; x_wconf 77' lang='grc' dir='ltr'>ὄντες</span> <span class='ocrx_word' id='word_1_123' title='bbox 531 805 627 840; x_wconf 77' lang='grc' dir='ltr'>ἑτέρας</span> <span class='ocrx_word' id='word_1_124' title='bbox 648 804 664 840; x_wconf 86' lang='grc' dir='ltr'>ἢ</span> <span class='ocrx_word' id='word_1_125' title='bbox 685 803 786 839; x_wconf 86' lang='grc' dir='ltr'>χώρας,</span> <span class='ocrx_word' id='word_1_126' title='bbox 805 803 861 830; x_wconf 76' lang='grc' dir='ltr'>ἀλλ’</span> <span class='ocrx_word' id='word_1_127' title='bbox 877 802 914 834; x_wconf 86' lang='grc' dir='ltr'>ὡς</span> 
     </span>
    </p>
   </div>
   <div class='ocr_carea' id='block_1_18' title="bbox 104 848 914 887">
    <p class='ocr_par' dir='ltr' id='par_1_18' title="bbox 104 848 914 887">
     <span class='ocr_line' id='line_1_18' title="bbox 104 848 914 887; baseline -0.005 -9"><span class='ocrx_word' id='word_1_128' title='bbox 104 853 164 887; x_wconf 74' lang='grc' dir='ltr'>τῆς</span> <span class='ocrx_word' id='word_1_129' title='bbox 189 852 302 887; x_wconf 76' lang='grc' dir='ltr'>ἐννόμου</span> <span class='ocrx_word' id='word_1_130' title='bbox 328 851 464 883; x_wconf 75' lang='grc' dir='ltr'>πολιτείας</span> <span class='ocrx_word' id='word_1_131' title='bbox 486 851 729 886; x_wconf 82' lang='grc' dir='ltr'>ἀποφοιτὴσαντες,</span> <span class='ocrx_word' id='word_1_132' title='bbox 748 849 796 876; x_wconf 75' lang='grc' dir='ltr'><strong>καὶ</strong></span> <span class='ocrx_word' id='word_1_133' title='bbox 809 848 859 883; x_wconf 83' lang='grc' dir='ltr'><strong>τῆς</strong></span> <span class='ocrx_word' id='word_1_134' title='bbox 874 849 914 880; x_wconf 79' lang='grc' dir='ltr'><strong>εἰς</strong></span> 
     </span>
    </p>
   </div>
   <div class='ocr_carea' id='block_1_19' title="bbox 965 251 1753 288">
    <p class='ocr_par' dir='ltr' id='par_1_19' title="bbox 965 251 1753 288">
     <span class='ocr_line' id='line_1_19' title="bbox 965 251 1753 288; baseline 0.001 -8"><span class='ocrx_word' id='word_1_135' title='bbox 965 254 1095 288; x_wconf 73' lang='lat' dir='ltr'><strong>sanguine</strong></span> <span class='ocrx_word' id='word_1_136' title='bbox 1110 252 1258 280; x_wconf 87' lang='lat' dir='ltr'><strong>lsraelitico</strong></span> <span class='ocrx_word' id='word_1_137' title='bbox 1279 251 1410 284; x_wconf 85' lang='lat' dir='ltr'><strong>oriundis,</strong></span> <span class='ocrx_word' id='word_1_138' title='bbox 1437 252 1545 287; x_wconf 86' lang='lat' dir='ltr'><strong>planqu</strong></span> <span class='ocrx_word' id='word_1_139' title='bbox 1569 259 1631 280; x_wconf 88' lang='lat' dir='ltr'><strong>esse</strong></span> <span class='ocrx_word' id='word_1_140' title='bbox 1654 257 1753 288; x_wconf 86' lang='lat' dir='ltr'><strong>potest,</strong></span> 
     </span>
    </p>
   </div>
   <div class='ocr_carea' id='block_1_20' title="bbox 965 296 1755 337">
    <p class='ocr_par' dir='ltr' id='par_1_20' title="bbox 965 296 1755 337">
     <span class='ocr_line' id='line_1_20' title="bbox 965 296 1755 337; baseline 0.005 -11"><span class='ocrx_word' id='word_1_141' title='bbox 965 300 1024 335; x_wconf 86' lang='lat' dir='ltr'><strong>ipso</strong></span> <span class='ocrx_word' id='word_1_142' title='bbox 1048 296 1180 328; x_wconf 76' lang='lat' dir='ltr'><strong>dicente:</strong></span> <span class='ocrx_word' id='word_1_143' title='bbox 1209 300 1281 327; x_wconf 83' lang='lat' dir='ltr'><strong>Dixit</strong></span> <span class='ocrx_word' id='word_1_144' title='bbox 1303 300 1433 328; x_wconf 87' lang='lat' dir='ltr'><strong>Dominus</strong></span> <span class='ocrx_word' id='word_1_145' title='bbox 1459 300 1504 335; x_wconf 96' lang='lat' dir='ltr'><strong>qui</strong></span> <span class='ocrx_word' id='word_1_146' title='bbox 1541 307 1686 337; x_wconf 76' lang='lat' dir='ltr'><strong>congregat</strong></span> <span class='ocrx_word' id='word_1_147' title='bbox 1715 303 1755 330; x_wconf 91' lang='lat' dir='ltr'><strong>di-</strong></span> 
     </span>
    </p>
   </div>
   <div class='ocr_carea' id='block_1_21' title="bbox 963 346 1755 382">
    <p class='ocr_par' dir='ltr' id='par_1_21' title="bbox 963 346 1755 382">
     <span class='ocr_line' id='line_1_21' title="bbox 963 346 1755 382; baseline 0.003 -9"><span class='ocrx_word' id='word_1_148' title='bbox 963 353 1072 381; x_wconf 88' lang='lat' dir='ltr'><strong>spersos</strong></span> <span class='ocrx_word' id='word_1_149' title='bbox 1095 346 1186 376; x_wconf 82' lang='lat' dir='ltr'><strong>Israel.</strong></span> <span class='ocrx_word' id='word_1_150' title='bbox 1215 346 1299 374; x_wconf 89' lang='lat' dir='ltr'><strong>Erant</strong></span> <span class='ocrx_word' id='word_1_151' title='bbox 1319 347 1431 381; x_wconf 87' lang='lat' dir='ltr'><strong>proinde</strong></span> <span class='ocrx_word' id='word_1_152' title='bbox 1445 351 1473 374; x_wconf 88' lang='lat' dir='ltr'><strong>et</strong></span> <span class='ocrx_word' id='word_1_153' title='bbox 1505 347 1532 373; x_wconf 91' lang='lat' dir='ltr'><strong>hi</strong></span> <span class='ocrx_word' id='word_1_154' title='bbox 1547 347 1680 382; x_wconf 75' lang='lat' dir='ltr'><strong>dissipati,</strong></span> <span class='ocrx_word' id='word_1_155' title='bbox 1701 355 1755 376; x_wconf 90' lang='lat' dir='ltr'><strong>non</strong></span> 
     </span>
    </p>
   </div>
   <div class='ocr_carea' id='block_1_22' title="bbox 964 391 1756 427">
    <p class='ocr_par' dir='ltr' id='par_1_22' title="bbox 964 391 1756 427">
     <span class='ocr_line' id='line_1_22' title="bbox 964 391 1756 427; baseline 0.003 -8"><span class='ocrx_word' id='word_1_156' title='bbox 964 391 1050 420; x_wconf 90' lang='lat' dir='ltr'><strong>solum</strong></span> <span class='ocrx_word' id='word_1_157' title='bbox 1066 399 1180 427; x_wconf 83' lang='lat' dir='ltr'><strong>corpore</strong></span> <span class='ocrx_word' id='word_1_158' title='bbox 1197 397 1274 420; x_wconf 89' lang='lat' dir='ltr'><strong>tenus</strong></span> <span class='ocrx_word' id='word_1_159' title='bbox 1297 396 1373 420; x_wconf 85' lang='lat' dir='ltr'><strong>extra</strong></span> <span class='ocrx_word' id='word_1_160' title='bbox 1395 391 1515 419; x_wconf 70' lang='lat' dir='ltr'><strong>Iudaeam</strong></span> <span class='ocrx_word' id='word_1_161' title='bbox 1535 392 1656 427; x_wconf 87' lang='lat' dir='ltr'><strong>abducti,</strong></span> <span class='ocrx_word' id='word_1_162' title='bbox 1672 397 1700 421; x_wconf 86' lang='lat' dir='ltr'><strong>et</strong></span> <span class='ocrx_word' id='word_1_163' title='bbox 1722 395 1756 421; x_wconf 89' lang='lat' dir='ltr'><strong>ad</strong></span> 
     </span>
    </p>
   </div>
   <div class='ocr_carea' id='block_1_23' title="bbox 964 438 1755 475">
    <p class='ocr_par' dir='ltr' id='par_1_23' title="bbox 964 438 1755 475">
     <span class='ocr_line' id='line_1_23' title="bbox 964 438 1755 475; baseline 0.004 -10"><span class='ocrx_word' id='word_1_164' title='bbox 964 438 1033 466; x_wconf 89' lang='lat' dir='ltr'><strong>alias</strong></span> <span class='ocrx_word' id='word_1_165' title='bbox 1060 439 1186 466; x_wconf 86' lang='lat' dir='ltr'><strong>civitates</strong></span> <span class='ocrx_word' id='word_1_166' title='bbox 1213 446 1261 466; x_wconf 90' lang='lat' dir='ltr'><strong>seu</strong></span> <span class='ocrx_word' id='word_1_167' title='bbox 1286 439 1410 474; x_wconf 80' lang='lat' dir='ltr'><strong>regiones</strong></span> <span class='ocrx_word' id='word_1_168' title='bbox 1426 439 1608 474; x_wconf 76' lang='lat' dir='ltr'><strong>evagati,sed</strong></span> <span class='ocrx_word' id='word_1_169' title='bbox 1628 445 1755 475; x_wconf 84' lang='lat' dir='ltr'><strong>tanquam</strong></span> 
     </span>
    </p>
   </div>
   <div class='ocr_carea' id='block_1_24' title="bbox 964 484 1755 519">
    <p class='ocr_par' dir='ltr' id='par_1_24' title="bbox 964 484 1755 519">
     <span class='ocr_line' id='line_1_24' title="bbox 964 484 1755 519; baseline 0.004 -8"><span class='ocrx_word' id='word_1_170' title='bbox 964 486 1009 519; x_wconf 90' lang='lat' dir='ltr'><strong>qui</strong></span> <span class='ocrx_word' id='word_1_171' title='bbox 1022 492 1036 512; x_wconf 88' lang='lat' dir='ltr'><strong>a</strong></span> <span class='ocrx_word' id='word_1_172' title='bbox 1051 485 1104 512; x_wconf 84' lang='lat' dir='ltr'><strong>vita</strong></span> <span class='ocrx_word' id='word_1_173' title='bbox 1119 484 1191 519; x_wconf 86' lang='lat' dir='ltr'><strong>jnsta</strong></span> <span class='ocrx_word' id='word_1_174' title='bbox 1207 490 1387 518; x_wconf 79' lang='lat' dir='ltr'><strong>recesserant,</strong></span> <span class='ocrx_word' id='word_1_175' title='bbox 1402 489 1430 512; x_wconf 86' lang='lat' dir='ltr'><strong>et</strong></span> <span class='ocrx_word' id='word_1_176' title='bbox 1444 493 1458 512; x_wconf 91' lang='lat' dir='ltr'><strong>a</strong></span> <span class='ocrx_word' id='word_1_177' title='bbox 1475 485 1619 514; x_wconf 84' lang='lat' dir='ltr'><strong>dilectione</strong></span> <span class='ocrx_word' id='word_1_178' title='bbox 1632 487 1657 514; x_wconf 91' lang='lat' dir='ltr'><strong>in</strong></span> <span class='ocrx_word' id='word_1_179' title='bbox 1671 487 1755 514; x_wconf 87' lang='lat' dir='ltr'><strong>Deum</strong></span> 
     </span>
    </p>
   </div>
   <div class='ocr_carea' id='block_1_25' title="bbox 964 531 1755 560">
    <p class='ocr_par' dir='ltr' id='par_1_25' title="bbox 964 531 1755 560">
     <span class='ocr_line' id='line_1_25' title="bbox 964 531 1755 560; baseline 0.003 -2"><span class='ocrx_word' id='word_1_180' title='bbox 964 531 1130 559; x_wconf 87' lang='lat' dir='ltr'><strong>resilierant.</strong></span> <span class='ocrx_word' id='word_1_181' title='bbox 1147 531 1205 560; x_wconf 91' lang='lat' dir='ltr'><strong>Non</strong></span> <span class='ocrx_word' id='word_1_182' title='bbox 1222 531 1293 560; x_wconf 88' lang='lat' dir='ltr'><strong>enim</strong></span> <span class='ocrx_word' id='word_1_183' title='bbox 1313 532 1472 559; x_wconf 82' lang='lat' dir='ltr'><strong>mandatum</strong></span> <span class='ocrx_word' id='word_1_184' title='bbox 1485 532 1536 559; x_wconf 88' lang='lat' dir='ltr'><strong>sibi</strong></span> <span class='ocrx_word' id='word_1_185' title='bbox 1548 532 1639 560; x_wconf 89' lang='lat' dir='ltr'><strong>datum</strong></span> <span class='ocrx_word' id='word_1_186' title='bbox 1664 540 1755 560; x_wconf 87' lang='lat' dir='ltr'><strong>serva-</strong></span> 
     </span>
    </p>
   </div>
   <div class='ocr_carea' id='block_1_26' title="bbox 965 577 1755 612">
    <p class='ocr_par' dir='ltr' id='par_1_26' title="bbox 965 577 1755 612">
     <span class='ocr_line' id='line_1_26' title="bbox 965 577 1755 612; baseline 0.003 -8"><span class='ocrx_word' id='word_1_187' title='bbox 965 582 1047 605; x_wconf 89' lang='lat' dir='ltr'><strong>runt:</strong></span> <span class='ocrx_word' id='word_1_188' title='bbox 1066 582 1095 605; x_wconf 89' lang='lat' dir='ltr'><strong>at</strong></span> <span class='ocrx_word' id='word_1_189' title='bbox 1111 585 1296 612; x_wconf 77' lang='lat' dir='ltr'><strong>stcpenumero</strong></span> <span class='ocrx_word' id='word_1_190' title='bbox 1316 585 1363 605; x_wconf 91' lang='lat' dir='ltr'><strong>eos</strong></span> <span class='ocrx_word' id='word_1_191' title='bbox 1388 577 1557 605; x_wconf 88' lang='lat' dir='ltr'><strong>inveniemus</strong></span> <span class='ocrx_word' id='word_1_192' title='bbox 1576 582 1604 605; x_wconf 88' lang='lat' dir='ltr'><strong>et</strong></span> <span class='ocrx_word' id='word_1_193' title='bbox 1622 578 1648 605; x_wconf 93' lang='lat' dir='ltr'><strong>in</strong></span> <span class='ocrx_word' id='word_1_194' title='bbox 1669 578 1755 606; x_wconf 91' lang='lat' dir='ltr'><strong>idolo-</strong></span> 
     </span>
    </p>
   </div>
   <div class='ocr_carea' id='block_1_27' title="bbox 965 623 1755 659">
    <p class='ocr_par' dir='ltr' id='par_1_27' title="bbox 965 623 1755 659">
     <span class='ocr_line' id='line_1_27' title="bbox 965 623 1755 659; baseline 0.003 -9"><span class='ocrx_word' id='word_1_195' title='bbox 965 624 1135 651; x_wconf 90' lang='lat' dir='ltr'><strong>rumcnltum</strong></span> <span class='ocrx_word' id='word_1_196' title='bbox 1145 623 1285 659; x_wconf 89' lang='lat' dir='ltr'><strong>prolapsos</strong></span> <span class='ocrx_word' id='word_1_197' title='bbox 1307 631 1376 655; x_wconf 86' lang='lat' dir='ltr'><strong>esse,</strong></span> <span class='ocrx_word' id='word_1_198' title='bbox 1406 629 1432 652; x_wconf 85' lang='lat' dir='ltr'><strong>et</strong></span> <span class='ocrx_word' id='word_1_199' title='bbox 1463 625 1541 652; x_wconf 86' lang='lat' dir='ltr'><strong>labiis</strong></span> <span class='ocrx_word' id='word_1_200' title='bbox 1566 625 1650 652; x_wconf 86' lang='lat' dir='ltr'><strong>Deum</strong></span> <span class='ocrx_word' id='word_1_201' title='bbox 1671 626 1755 653; x_wconf 89' lang='lat' dir='ltr'><strong>hono-</strong></span> 
     </span>
    </p>
   </div>
   <div class='ocr_carea' id='block_1_28' title="bbox 965 670 1756 705">
    <p class='ocr_par' dir='ltr' id='par_1_28' title="bbox 965 670 1756 705">
     <span class='ocr_line' id='line_1_28' title="bbox 965 670 1756 705; baseline 0.004 -10"><span class='ocrx_word' id='word_1_202' title='bbox 965 676 1037 701; x_wconf 83' lang='lat' dir='ltr'><strong>rare,</strong></span> <span class='ocrx_word' id='word_1_203' title='bbox 1046 670 1165 702; x_wconf 85' lang='lat' dir='ltr'><strong>animum</strong></span> <span class='ocrx_word' id='word_1_204' title='bbox 1175 674 1264 696; x_wconf 85' lang='lat' dir='ltr'><strong>autem</strong></span> <span class='ocrx_word' id='word_1_205' title='bbox 1275 670 1421 697; x_wconf 82' lang='lat' dir='ltr'><strong>alienatum</strong></span> <span class='ocrx_word' id='word_1_206' title='bbox 1433 670 1513 705; x_wconf 83' lang='lat'><strong>793</strong></span> <span class='ocrx_word' id='word_1_207' title='bbox 1527 670 1639 703; x_wconf 71' lang='lat' dir='ltr'><strong>habere,</strong></span> <span class='ocrx_word' id='word_1_208' title='bbox 1650 678 1682 698; x_wconf 85' lang='lat' dir='ltr'><strong>ac</strong></span> <span class='ocrx_word' id='word_1_209' title='bbox 1694 678 1756 698; x_wconf 87' lang='lat' dir='ltr'><strong>eum</strong></span> 
     </span>
    </p>
   </div>
   <div class='ocr_carea' id='block_1_29' title="bbox 964 713 1756 750">
    <p class='ocr_par' dir='ltr' id='par_1_29' title="bbox 964 713 1756 750">
     <span class='ocr_line' id='line_1_29' title="bbox 964 713 1756 750; baseline 0.005 -10"><span class='ocrx_word' id='word_1_210' title='bbox 964 713 1065 741; x_wconf 78' lang='lat' dir='ltr'><strong>frustra</strong></span> <span class='ocrx_word' id='word_1_211' title='bbox 1081 714 1180 748; x_wconf 87' lang='lat' dir='ltr'><strong>colere,</strong></span> <span class='ocrx_word' id='word_1_212' title='bbox 1200 714 1391 749; x_wconf 84' lang='lat' dir='ltr'><strong>doctrinasque</strong></span> <span class='ocrx_word' id='word_1_213' title='bbox 1419 720 1446 742; x_wconf 81' lang='lat' dir='ltr'><strong>et</strong></span> <span class='ocrx_word' id='word_1_214' title='bbox 1459 721 1591 750; x_wconf 82' lang='lat' dir='ltr'><strong>praecepta</strong></span> <span class='ocrx_word' id='word_1_215' title='bbox 1617 716 1756 744; x_wconf 82' lang='lat' dir='ltr'><strong>hominum</strong></span> 
     </span>
    </p>
   </div>
   <div class='ocr_carea' id='block_1_30' title="bbox 965 759 1757 797">
    <p class='ocr_par' dir='ltr' id='par_1_30' title="bbox 965 759 1757 797">
     <span class='ocr_line' id='line_1_30' title="bbox 965 759 1757 797; baseline 0.003 -10"><span class='ocrx_word' id='word_1_216' title='bbox 965 760 1072 788; x_wconf 85' lang='lat' dir='ltr'><strong>docere.</strong></span> <span class='ocrx_word' id='word_1_217' title='bbox 1089 759 1126 788; x_wconf 82' lang='lat' dir='ltr'><strong>Ne</strong></span> <span class='ocrx_word' id='word_1_218' title='bbox 1140 761 1231 796; x_wconf 85' lang='lat' dir='ltr'><strong>itaque</strong></span> <span class='ocrx_word' id='word_1_219' title='bbox 1243 761 1374 797; x_wconf 72' lang='lat' dir='ltr'><strong>glorietur</strong></span> <span class='ocrx_word' id='word_1_220' title='bbox 1386 767 1482 788; x_wconf 79' lang='lat' dir='ltr'><strong>contra</strong></span> <span class='ocrx_word' id='word_1_221' title='bbox 1496 761 1662 795; x_wconf 76' lang='lat' dir='ltr'><strong>alienigenas</strong></span> <span class='ocrx_word' id='word_1_222' title='bbox 1672 762 1757 789; x_wconf 81' lang='lat' dir='ltr'><strong>refra-</strong></span> 
     </span>
    </p>
   </div>
   <div class='ocr_carea' id='block_1_31' title="bbox 964 805 1755 841">
    <p class='ocr_par' dir='ltr' id='par_1_31' title="bbox 964 805 1755 841">
     <span class='ocr_line' id='line_1_31' title="bbox 964 805 1755 841; baseline 0.004 -9"><span class='ocrx_word' id='word_1_223' title='bbox 964 805 1067 832; x_wconf 90' lang='lat' dir='ltr'><strong>ctarius</strong></span> <span class='ocrx_word' id='word_1_224' title='bbox 1082 806 1174 833; x_wconf 84' lang='lat' dir='ltr'><strong>Israel.</strong></span> <span class='ocrx_word' id='word_1_225' title='bbox 1185 806 1327 841; x_wconf 63' lang='lat' dir='ltr'><strong>Equalcm</strong></span> <span class='ocrx_word' id='word_1_226' title='bbox 1345 807 1416 834; x_wconf 91' lang='lat' dir='ltr'><strong>enim</strong></span> <span class='ocrx_word' id='word_1_227' title='bbox 1439 814 1453 833; x_wconf 86' lang='lat' dir='ltr'><strong>a</strong></span> <span class='ocrx_word' id='word_1_228' title='bbox 1469 807 1524 834; x_wconf 90' lang='lat' dir='ltr'><strong>Deo</strong></span> <span class='ocrx_word' id='word_1_229' title='bbox 1542 808 1755 835; x_wconf 87' lang='lat' dir='ltr'><strong>miscricordiam</strong></span> 
     </span>
    </p>
   </div>
   <div class='ocr_carea' id='block_1_32' title="bbox 964 850 1755 888">
    <p class='ocr_par' dir='ltr' id='par_1_32' title="bbox 964 850 1755 888">
     <span class='ocr_line' id='line_1_32' title="bbox 964 850 1755 888; baseline 0.003 -11"><span class='ocrx_word' id='word_1_230' title='bbox 964 854 992 877; x_wconf 85' lang='lat' dir='ltr'><strong>ct</strong></span> <span class='ocrx_word' id='word_1_231' title='bbox 1006 850 1058 885; x_wconf 84' lang='lat' dir='ltr'><strong>ipsi</strong></span> <span class='ocrx_word' id='word_1_232' title='bbox 1073 852 1212 879; x_wconf 75' lang='lat' dir='ltr'><strong>consecuti</strong></span> <span class='ocrx_word' id='word_1_233' title='bbox 1239 856 1322 885; x_wconf 89' lang='lat' dir='ltr'><strong>sunt;</strong></span> <span class='ocrx_word' id='word_1_234' title='bbox 1340 857 1422 888; x_wconf 86' lang='lat' dir='ltr'><strong>atque</strong></span> <span class='ocrx_word' id='word_1_235' title='bbox 1446 853 1606 888; x_wconf 81' lang='lat' dir='ltr'><strong>deprehensi</strong></span> <span class='ocrx_word' id='word_1_236' title='bbox 1633 858 1696 881; x_wconf 90' lang='lat' dir='ltr'><strong>sunt</strong></span> <span class='ocrx_word' id='word_1_237' title='bbox 1720 854 1755 880; x_wconf 92' lang='lat' dir='ltr'><strong>illi</strong></span> 
     </span>
    </p>
   </div>
   <div class='ocr_carea' id='block_1_33' title="bbox 104 893 907 934">
    <p class='ocr_par' dir='ltr' id='par_1_33' title="bbox 104 893 907 933">
     <span class='ocr_line' id='line_1_33' title="bbox 104 893 907 933; baseline -0.005 -9"><span class='ocrx_word' id='word_1_238' title='bbox 104 898 183 923; x_wconf 69' lang='grc' dir='ltr'>Θεὸν</span> <span class='ocrx_word' id='word_1_239' title='bbox 199 898 309 933; x_wconf 77' lang='grc' dir='ltr'><strong>ἀγάπης</strong></span> <span class='ocrx_word' id='word_1_240' title='bbox 321 897 559 932; x_wconf 79' lang='grc' dir='ltr'>ἀποπηδήσαντες-</span> <span class='ocrx_word' id='word_1_241' title='bbox 574 897 603 923; x_wconf 81' lang='grc' dir='ltr'><strong>οὐ</strong></span> <span class='ocrx_word' id='word_1_242' title='bbox 615 895 670 931; x_wconf 80' lang='grc' dir='ltr'>γὰρ</span> <span class='ocrx_word' id='word_1_243' title='bbox 685 895 853 930; x_wconf 82' lang='grc' dir='ltr'>τετηρήκασι</span> <span class='ocrx_word' id='word_1_244' title='bbox 863 893 907 928; x_wconf 57' lang='grc' dir='ltr'>τὴν</span> 
     </span>
    </p>
   </div>
   <div class='ocr_carea' id='block_1_34' title="bbox 1001 893 1757 934">
    <p class='ocr_par' dir='ltr' id='par_1_34' title="bbox 1002 897 1757 934">
     <span class='ocr_line' id='line_1_34' title="bbox 1002 897 1757 934; baseline 0.004 -11"><span class='ocrx_word' id='word_1_245' title='bbox 1002 904 1018 923; x_wconf 85' lang='grc' dir='ltr'><strong>ιι</strong></span> <span class='ocrx_word' id='word_1_246' title='bbox 1034 897 1217 933; x_wconf 79' lang='lat' dir='ltr'><strong>satisingenui</strong></span> <span class='ocrx_word' id='word_1_247' title='bbox 1234 905 1266 926; x_wconf 90' lang='lat' dir='ltr'><strong>ac</strong></span> <span class='ocrx_word' id='word_1_248' title='bbox 1290 899 1412 932; x_wconf 88' lang='lat' dir='ltr'><strong>stabiles,</strong></span> <span class='ocrx_word' id='word_1_249' title='bbox 1426 907 1476 926; x_wconf 90' lang='lat' dir='ltr'><strong>nec</strong></span> <span class='ocrx_word' id='word_1_250' title='bbox 1506 899 1531 926; x_wconf 91' lang='lat' dir='ltr'><strong>in</strong></span> <span class='ocrx_word' id='word_1_251' title='bbox 1559 899 1632 927; x_wconf 88' lang='lat' dir='ltr'><strong>omni</strong></span> <span class='ocrx_word' id='word_1_252' title='bbox 1658 906 1757 934; x_wconf 75' lang='lat' dir='ltr'><strong>genere</strong></span> 
     </span>
    </p>
   </div>
   <div class='ocr_carea' id='block_1_35' title="bbox 105 940 911 979">
    <p class='ocr_par' dir='ltr' id='par_1_35' title="bbox 105 940 911 979">
     <span class='ocr_line' id='line_1_35' title="bbox 105 940 911 979; baseline -0.006 -9"><span class='ocrx_word' id='word_1_253' title='bbox 105 944 238 970; x_wconf 76' lang='grc' dir='ltr'>δοθεῖσαν</span> <span class='ocrx_word' id='word_1_254' title='bbox 266 944 393 978; x_wconf 73' lang='grc' dir='ltr'>ἐντολήν·</span> <span class='ocrx_word' id='word_1_255' title='bbox 424 944 577 979; x_wconf 84' lang='grc' dir='ltr'><strong>εὑρήσομεν</strong></span> <span class='ocrx_word' id='word_1_256' title='bbox 601 943 630 969; x_wconf 81' lang='grc' dir='ltr'>δὲ</span> <span class='ocrx_word' id='word_1_257' title='bbox 654 940 816 975; x_wconf 80' lang='grc' dir='ltr'>πλεισταχοῦ</span> <span class='ocrx_word' id='word_1_258' title='bbox 830 961 837 972; x_wconf 93' lang='grc'><strong>,</strong></span> <span class='ocrx_word' id='word_1_259' title='bbox 864 940 911 966; x_wconf 84' lang='grc' dir='ltr'>καὶ</span> 
     </span>
    </p>
   </div>
   <div class='ocr_carea' id='block_1_36' title="bbox 105 986 911 1024">
    <p class='ocr_par' dir='ltr' id='par_1_36' title="bbox 105 986 911 1024">
     <span class='ocr_line' id='line_1_36' title="bbox 105 986 911 1024; baseline -0.006 -8"><span class='ocrx_word' id='word_1_260' title='bbox 105 991 176 1021; x_wconf 79' lang='grc' dir='ltr'>ταῖς</span> <span class='ocrx_word' id='word_1_261' title='bbox 188 990 242 1016; x_wconf 86' lang='grc' dir='ltr'><strong>τῶν</strong></span> <span class='ocrx_word' id='word_1_262' title='bbox 258 989 374 1016; x_wconf 83' lang='grc' dir='ltr'>είδὼλων</span> <span class='ocrx_word' id='word_1_263' title='bbox 390 989 549 1024; x_wconf 81' lang='grc' dir='ltr'>θεραπείαις</span> <span class='ocrx_word' id='word_1_264' title='bbox 559 987 791 1023; x_wconf 80' lang='grc' dir='ltr'>προσνενευκὸτας</span> <span class='ocrx_word' id='word_1_265' title='bbox 802 986 911 1018; x_wconf 82' lang='grc' dir='ltr'>αὐτοὺς,</span> 
     </span>
    </p>
   </div>
   <div class='ocr_carea' id='block_1_37' title="bbox 965 942 1755 979">
    <p class='ocr_par' dir='ltr' id='par_1_37' title="bbox 965 942 1755 979">
     <span class='ocr_line' id='line_1_37' title="bbox 965 942 1755 979; baseline 0.005 -11"><span class='ocrx_word' id='word_1_266' title='bbox 965 942 1127 970; x_wconf 69' lang='lat' dir='ltr'><strong>obedientiaa</strong></span> <span class='ocrx_word' id='word_1_267' title='bbox 1153 942 1339 977; x_wconf 85' lang='lat' dir='ltr'><strong>inculpabiles,</strong></span> <span class='ocrx_word' id='word_1_268' title='bbox 1356 944 1403 971; x_wconf 84' lang='lat' dir='ltr'><strong>sed</strong></span> <span class='ocrx_word' id='word_1_269' title='bbox 1433 943 1554 979; x_wconf 83' lang='lat' dir='ltr'><strong>dissipati</strong></span> <span class='ocrx_word' id='word_1_270' title='bbox 1602 952 1634 972; x_wconf 87' lang='lat' dir='ltr'><strong>ac</strong></span> <span class='ocrx_word' id='word_1_271' title='bbox 1658 945 1755 979; x_wconf 83' lang='lat' dir='ltr'><strong>sparsi,</strong></span> 
     </span>
    </p>
   </div>
   <div class='ocr_carea' id='block_1_38' title="bbox 952 988 1337 1023">
    <p class='ocr_par' dir='ltr' id='par_1_38' title="bbox 952 988 1337 1023">
     <span class='ocr_line' id='line_1_38' title="bbox 952 988 1337 1023; baseline 0.008 -10"><span class='ocrx_word' id='word_1_272' title='bbox 952 988 1192 1021; x_wconf 41' lang='lat' dir='ltr'><strong>,quemadmodum</strong></span> <span class='ocrx_word' id='word_1_273' title='bbox 1205 989 1259 1023; x_wconf 83' lang='lat' dir='ltr'><strong>jam</strong></span> <span class='ocrx_word' id='word_1_274' title='bbox 1272 989 1337 1016; x_wconf 82' lang='lat' dir='ltr'><strong>dixi.</strong></span> 
     </span>
    </p>
   </div>
   <div class='ocr_carea' id='block_1_39' title="bbox 108 1034 1756 1074">
    <p class='ocr_par' dir='ltr' id='par_1_39' title="bbox 108 1034 1756 1074">
     <span class='ocr_line' id='line_1_39' title="bbox 108 1034 1756 1074; baseline 0.001 -10"><span class='ocrx_word' id='word_1_275' title='bbox 108 1038 164 1064; x_wconf 62' lang='grc' dir='ltr'>λαὶ</span> <span class='ocrx_word' id='word_1_276' title='bbox 188 1038 289 1073; x_wconf 75' lang='grc' dir='ltr'>χείλεσι</span> <span class='ocrx_word' id='word_1_277' title='bbox 315 1038 364 1072; x_wconf 79' lang='grc' dir='ltr'><strong>μὲν</strong></span> <span class='ocrx_word' id='word_1_278' title='bbox 384 1037 522 1072; x_wconf 79' lang='grc' dir='ltr'>τιμῶντας</span> <span class='ocrx_word' id='word_1_279' title='bbox 537 1036 613 1068; x_wconf 74' lang='grc' dir='ltr'>Θεὸν,</span> <span class='ocrx_word' id='word_1_280' title='bbox 634 1035 878 1070; x_wconf 80' lang='grc' dir='ltr'>ἀπεσχοινισμένην</span> <span class='ocrx_word' id='word_1_281' title='bbox 897 1034 925 1060; x_wconf 84' lang='grc' dir='ltr'><strong>δὲ</strong></span> <span class='ocrx_word' id='word_1_282' title='bbox 945 1034 1034 1061; x_wconf 82' lang='grc' dir='ltr'>αὐτῶν</span> <span class='ocrx_word' id='word_1_283' title='bbox 1049 1035 1098 1069; x_wconf 82' lang='grc' dir='ltr'><strong>τὴν</strong></span> <span class='ocrx_word' id='word_1_284' title='bbox 1115 1035 1234 1063; x_wconf 84' lang='grc' dir='ltr'>διάνοιαν</span> <span class='ocrx_word' id='word_1_285' title='bbox 1253 1036 1374 1072; x_wconf 78' lang='grc' dir='ltr'>ἔχοντας,</span> <span class='ocrx_word' id='word_1_286' title='bbox 1398 1037 1444 1064; x_wconf 77' lang='grc' dir='ltr'><strong>καὶ</strong></span> <span class='ocrx_word' id='word_1_287' title='bbox 1463 1038 1552 1074; x_wconf 86' lang='grc' dir='ltr'><strong>μάτην</strong></span> <span class='ocrx_word' id='word_1_288' title='bbox 1569 1039 1650 1066; x_wconf 83' lang='grc' dir='ltr'>αὑτὸν</span> <span class='ocrx_word' id='word_1_289' title='bbox 1678 1039 1756 1066; x_wconf 76' lang='grc' dir='ltr'>σεϐο-</span> 
     </span>
    </p>
   </div>
   <div class='ocr_carea' id='block_1_40' title="bbox 111 1080 1758 1120">
    <p class='ocr_par' dir='ltr' id='par_1_40' title="bbox 111 1080 1758 1120">
     <span class='ocr_line' id='line_1_40' title="bbox 111 1080 1758 1120; baseline 0.001 -9"><span class='ocrx_word' id='word_1_290' title='bbox 111 1086 225 1120; x_wconf 78' lang='grc' dir='ltr'>μένους,</span> <span class='ocrx_word' id='word_1_291' title='bbox 240 1085 413 1116; x_wconf 75' lang='grc' dir='ltr'>διδάσκοντας</span> <span class='ocrx_word' id='word_1_292' title='bbox 434 1093 465 1110; x_wconf 85' lang='grc' dir='ltr'><strong>τε</strong></span> <span class='ocrx_word' id='word_1_293' title='bbox 488 1083 670 1116; x_wconf 75' lang='grc' dir='ltr'>διδασκαλίας,</span> <span class='ocrx_word' id='word_1_294' title='bbox 691 1082 845 1117; x_wconf 80' lang='grc' dir='ltr'>ἐντάλματα</span> <span class='ocrx_word' id='word_1_295' title='bbox 864 1080 1025 1116; x_wconf 80' lang='grc' dir='ltr'>ἀνθρώπων.</span> <span class='ocrx_word' id='word_1_296' title='bbox 1052 1082 1156 1109; x_wconf 83' lang='grc' dir='ltr'>Οὐκοῦν</span> <span class='ocrx_word' id='word_1_297' title='bbox 1177 1083 1214 1118; x_wconf 88' lang='grc' dir='ltr'><strong>μὴ</strong></span> <span class='ocrx_word' id='word_1_298' title='bbox 1238 1083 1386 1119; x_wconf 77' lang='grc' dir='ltr'><strong>καυχάσθω</strong></span> <span class='ocrx_word' id='word_1_299' title='bbox 1404 1083 1459 1110; x_wconf 82' lang='grc' dir='ltr'>τῶν</span> <span class='ocrx_word' id='word_1_300' title='bbox 1476 1084 1626 1119; x_wconf 81' lang='grc' dir='ltr'>ἀλλογενῶν</span> <span class='ocrx_word' id='word_1_301' title='bbox 1653 1086 1666 1112; x_wconf 84' lang='grc' dir='ltr'>ὁ</span> <span class='ocrx_word' id='word_1_302' title='bbox 1694 1086 1758 1111; x_wconf 75' lang='grc' dir='ltr'>διιπ-</span> 
     </span>
    </p>
   </div>
   <div class='ocr_carea' id='block_1_41' title="bbox 109 1128 1757 1168">
    <p class='ocr_par' dir='ltr' id='par_1_41' title="bbox 109 1128 1757 1168">
     <span class='ocr_line' id='line_1_41' title="bbox 109 1128 1757 1168; baseline 0.001 -11"><span class='ocrx_word' id='word_1_303' title='bbox 109 1132 224 1166; x_wconf 66' lang='grc' dir='ltr'>άγωγος</span> <span class='ocrx_word' id='word_1_304' title='bbox 243 1132 365 1168; x_wconf 81' lang='grc' dir='ltr'>Ἰσραήλ·</span> <span class='ocrx_word' id='word_1_305' title='bbox 391 1131 518 1167; x_wconf 75' lang='grc' dir='ltr'>ὴλέηνται</span> <span class='ocrx_word' id='word_1_306' title='bbox 541 1131 596 1166; x_wconf 76' lang='grc' dir='ltr'>γὰρ</span> <span class='ocrx_word' id='word_1_307' title='bbox 619 1131 648 1156; x_wconf 82' lang='grc' dir='ltr'><strong>ὲν</strong></span> <span class='ocrx_word' id='word_1_308' title='bbox 673 1130 723 1165; x_wconf 79' lang='grc' dir='ltr'><strong>ἴσῳ</strong></span> <span class='ocrx_word' id='word_1_309' title='bbox 741 1129 833 1164; x_wconf 82' lang='grc' dir='ltr'>τρόπῳ</span> <span class='ocrx_word' id='word_1_310' title='bbox 847 1128 895 1154; x_wconf 76' lang='grc' dir='ltr'><strong>καὶ</strong></span> <span class='ocrx_word' id='word_1_311' title='bbox 913 1128 990 1155; x_wconf 75' lang='grc' dir='ltr'>αὐτοὶ</span> <span class='ocrx_word' id='word_1_312' title='bbox 1010 1128 1086 1164; x_wconf 81' lang='grc' dir='ltr'>παρὰ</span> <span class='ocrx_word' id='word_1_313' title='bbox 1106 1128 1174 1155; x_wconf 84' lang='grc' dir='ltr'>Θεοῦ</span> <span class='ocrx_word' id='word_1_314' title='bbox 1186 1138 1192 1144; x_wconf 87' lang='grc'>·</span> <span class='ocrx_word' id='word_1_315' title='bbox 1210 1131 1419 1166; x_wconf 79' lang='grc' dir='ltr'>κατελήφθησαν</span> <span class='ocrx_word' id='word_1_316' title='bbox 1447 1131 1511 1167; x_wconf 86' lang='grc' dir='ltr'>γὰρ,</span> <span class='ocrx_word' id='word_1_317' title='bbox 1526 1132 1576 1158; x_wconf 77' lang='grc' dir='ltr'>οὐκ</span> <span class='ocrx_word' id='word_1_318' title='bbox 1590 1131 1757 1167; x_wconf 84' lang='grc' dir='ltr'>ὰκράδαντον</span> 
     </span>
    </p>
   </div>
   <div class='ocr_carea' id='block_1_42' title="bbox 111 1174 1756 1214">
    <p class='ocr_par' dir='ltr' id='par_1_42' title="bbox 111 1174 1756 1214">
     <span class='ocr_line' id='line_1_42' title="bbox 111 1174 1756 1214; baseline 0.001 -11"><span class='ocrx_word' id='word_1_319' title='bbox 111 1177 225 1212; x_wconf 76' lang='grc' dir='ltr'>ἔχοντες</span> <span class='ocrx_word' id='word_1_320' title='bbox 249 1178 279 1204; x_wconf 81' lang='grc' dir='ltr'><strong>τδ</strong></span> <span class='ocrx_word' id='word_1_321' title='bbox 302 1179 422 1213; x_wconf 83' lang='grc' dir='ltr'>γνήσιον,</span> <span class='ocrx_word' id='word_1_322' title='bbox 438 1177 499 1204; x_wconf 77' lang='grc' dir='ltr'>οὔτε</span> <span class='ocrx_word' id='word_1_323' title='bbox 522 1177 574 1212; x_wconf 81' lang='grc' dir='ltr'>μὴν</span> <span class='ocrx_word' id='word_1_324' title='bbox 589 1176 738 1212; x_wconf 82' lang='grc' dir='ltr'><strong>ἀμώμητον</strong></span> <span class='ocrx_word' id='word_1_325' title='bbox 767 1175 881 1201; x_wconf 79' lang='grc' dir='ltr'>εἰσάπαν</span> <span class='ocrx_word' id='word_1_326' title='bbox 899 1174 930 1200; x_wconf 75' lang='grc' dir='ltr'>τὸ</span> <span class='ocrx_word' id='word_1_327' title='bbox 943 1174 1069 1207; x_wconf 78' lang='grc' dir='ltr'>εὐπαθὲς,</span> <span class='ocrx_word' id='word_1_328' title='bbox 1089 1175 1338 1211; x_wconf 82' lang='grc' dir='ltr'>κατεσκεδασμένοι</span> <span class='ocrx_word' id='word_1_329' title='bbox 1357 1177 1384 1204; x_wconf 81' lang='grc' dir='ltr'>δὲ</span> <span class='ocrx_word' id='word_1_330' title='bbox 1405 1177 1503 1212; x_wconf 80' lang='grc' dir='ltr'>μᾶλλον</span> <span class='ocrx_word' id='word_1_331' title='bbox 1516 1178 1563 1204; x_wconf 67' lang='grc' dir='ltr'>καὶ</span> <span class='ocrx_word' id='word_1_332' title='bbox 1578 1177 1756 1214; x_wconf 81' lang='grc' dir='ltr'>ἐσπαρμένοι,</span> 
     </span>
    </p>
   </div>
   <div class='ocr_carea' id='block_1_43' title="bbox 112 1224 452 1260">
    <p class='ocr_par' dir='ltr' id='par_1_43' title="bbox 112 1224 452 1260">
     <span class='ocr_line' id='line_1_43' title="bbox 112 1224 452 1260; baseline 0.003 -10"><span class='ocrx_word' id='word_1_333' title='bbox 112 1224 244 1259; x_wconf 73' lang='grc' dir='ltr'>καθάπερ</span> <span class='ocrx_word' id='word_1_334' title='bbox 259 1224 326 1259; x_wconf 63' lang='grc' dir='ltr'>ἔφην</span> <span class='ocrx_word' id='word_1_335' title='bbox 340 1225 452 1260; x_wconf 80' lang='grc' dir='ltr'>ἀρτίως.</span> 
     </span>
    </p>
   </div>
   <div class='ocr_carea' id='block_1_44' title="bbox 155 1266 914 1304">
    <p class='ocr_par' dir='ltr' id='par_1_44' title="bbox 155 1266 914 1304">
     <span class='ocr_line' id='line_1_44' title="bbox 155 1266 914 1304; baseline -0.005 -7"><span class='ocrx_word' id='word_1_336' title='bbox 155 1271 221 1297; x_wconf 80' lang='grc' dir='ltr'>’Ότι</span> <span class='ocrx_word' id='word_1_337' title='bbox 238 1270 360 1302; x_wconf 81' lang='grc' dir='ltr'><strong>συνάξω</strong></span> <span class='ocrx_word' id='word_1_338' title='bbox 376 1271 422 1297; x_wconf 81' lang='grc' dir='ltr'><strong>ἐπ’</strong></span> <span class='ocrx_word' id='word_1_339' title='bbox 441 1270 534 1297; x_wconf 60' lang='grc' dir='ltr'>αὐτὰ*</span> <span class='ocrx_word' id='word_1_340' title='bbox 550 1269 739 1304; x_wconf 75' lang='grc' dir='ltr'>συναγωγή-ν.</span> <span class='ocrx_word' id='word_1_341' title='bbox 763 1268 863 1295; x_wconf 81' lang='grc' dir='ltr'>Πάντα</span> <span class='ocrx_word' id='word_1_342' title='bbox 877 1266 914 1293; x_wconf 86' lang='grc' dir='ltr'>τὰ</span> 
     </span>
    </p>
   </div>
   <div class='ocr_carea' id='block_1_45' title="bbox 115 1313 914 1351">
    <p class='ocr_par' dir='ltr' id='par_1_45' title="bbox 115 1313 914 1351">
     <span class='ocr_line' id='line_1_45' title="bbox 115 1313 914 1351; baseline -0.005 -8"><span class='ocrx_word' id='word_1_343' title='bbox 115 1317 208 1349; x_wconf 81' lang='grc' dir='ltr'>θηρία</span> <span class='ocrx_word' id='word_1_344' title='bbox 226 1317 261 1343; x_wconf 72' lang='lat' dir='ltr'><strong>fit</strong></span> <span class='ocrx_word' id='word_1_345' title='bbox 284 1317 380 1351; x_wconf 60' lang='lat' dir='ltr'><strong>arma,</strong></span> <span class='ocrx_word' id='word_1_346' title='bbox 396 1316 492 1348; x_wconf 78' lang='grc' dir='ltr'>δεῦτε,</span> <span class='ocrx_word' id='word_1_347' title='bbox 514 1316 632 1351; x_wconf 61' lang='grc' dir='ltr'>φάγετε,</span> <span class='ocrx_word' id='word_1_348' title='bbox 657 1315 755 1342; x_wconf 77' lang='grc' dir='ltr'>πάντα</span> <span class='ocrx_word' id='word_1_349' title='bbox 770 1315 805 1341; x_wconf 82' lang='grc' dir='ltr'>τὰ</span> <span class='ocrx_word' id='word_1_350' title='bbox 826 1313 914 1348; x_wconf 78' lang='grc' dir='ltr'>θηρία</span> 
     </span>
    </p>
   </div>
   <div class='ocr_carea' id='block_1_46' title="bbox 116 1360 912 1396">
    <p class='ocr_par' dir='ltr' id='par_1_46' title="bbox 116 1360 912 1396">
     <span class='ocr_line' id='line_1_46' title="bbox 116 1360 912 1396; baseline -0.005 -8"><span class='ocrx_word' id='word_1_351' title='bbox 116 1361 173 1388; x_wconf 60' lang='lat' dir='ltr'><strong>rut-1</strong></span> <span class='ocrx_word' id='word_1_352' title='bbox 193 1361 317 1396; x_wconf 68' lang='grc' dir='ltr'>δρυμοῦ.</span> <span class='ocrx_word' id='word_1_353' title='bbox 348 1361 442 1389; x_wconf 78' lang='grc' dir='ltr'>Ἴδετε</span> <span class='ocrx_word' id='word_1_354' title='bbox 467 1362 511 1388; x_wconf 77' lang='grc' dir='ltr'>ὅτι</span> <span class='ocrx_word' id='word_1_355' title='bbox 528 1361 640 1393; x_wconf 76' lang='grc' dir='ltr'>πάντες</span> <span class='ocrx_word' id='word_1_356' title='bbox 661 1360 912 1394; x_wconf 57' lang='grc' dir='ltr'>ἐκτετύφλωντιιι,</span> 
     </span>
    </p>
   </div>
   <div class='ocr_carea' id='block_1_47' title="bbox 117 1404 913 1442">
    <p class='ocr_par' dir='ltr' id='par_1_47' title="bbox 117 1404 913 1442">
     <span class='ocr_line' id='line_1_47' title="bbox 117 1404 913 1442; baseline -0.003 -10"><span class='ocrx_word' id='word_1_357' title='bbox 117 1406 169 1433; x_wconf 74' lang='grc' dir='ltr'><strong>καί</strong></span> <span class='ocrx_word' id='word_1_358' title='bbox 190 1408 246 1434; x_wconf 76' lang='grc' dir='ltr'><strong>οὐκ</strong></span> <span class='ocrx_word' id='word_1_359' title='bbox 269 1408 407 1442; x_wconf 77' lang='grc' dir='ltr'><strong>ἔγνωσαν</strong></span> <span class='ocrx_word' id='word_1_360' title='bbox 429 1407 590 1442; x_wconf 61' lang='grc' dir='ltr'>φρονῆσαι.</span> <span class='ocrx_word' id='word_1_361' title='bbox 615 1406 728 1438; x_wconf 82' lang='grc' dir='ltr'>Πάντες</span> <span class='ocrx_word' id='word_1_362' title='bbox 755 1406 845 1437; x_wconf 79' lang='grc' dir='ltr'>κύνες</span> <span class='ocrx_word' id='word_1_363' title='bbox 866 1404 913 1431; x_wconf 84' lang='grc' dir='ltr'><strong>ὲν-</strong></span> 
     </span>
    </p>
   </div>
   <div class='ocr_carea' id='block_1_48' title="bbox 116 1450 913 1489">
    <p class='ocr_par' dir='ltr' id='par_1_48' title="bbox 116 1450 913 1489">
     <span class='ocr_line' id='line_1_48' title="bbox 116 1450 913 1489; baseline -0.005 -9"><span class='ocrx_word' id='word_1_364' title='bbox 116 1453 184 1480; x_wconf 76' lang='grc' dir='ltr'>νεοὶ</span> <span class='ocrx_word' id='word_1_365' title='bbox 199 1454 235 1480; x_wconf 84' lang='grc' dir='ltr'>οὺ</span> <span class='ocrx_word' id='word_1_366' title='bbox 250 1453 410 1489; x_wconf 78' lang='grc' dir='ltr'>δυνάμενοι</span> <span class='ocrx_word' id='word_1_367' title='bbox 424 1453 576 1487; x_wconf 74' lang='grc' dir='ltr'>ὑλακτεῖν,</span> <span class='ocrx_word' id='word_1_368' title='bbox 592 1452 833 1485; x_wconf 75' lang='grc' dir='ltr'>ἐνυπνιαζόμενοι</span> <span class='ocrx_word' id='word_1_369' title='bbox 850 1450 913 1476; x_wconf 76' lang='grc' dir='ltr'>κοί-</span> 
     </span>
    </p>
   </div>
   <div class='ocr_carea' id='block_1_49' title="bbox 117 1497 914 1535">
    <p class='ocr_par' dir='ltr' id='par_1_49' title="bbox 117 1497 914 1535">
     <span class='ocr_line' id='line_1_49' title="bbox 117 1497 914 1535; baseline -0.006 -8"><span class='ocrx_word' id='word_1_370' title='bbox 117 1509 187 1534; x_wconf 77' lang='grc' dir='ltr'>την,</span> <span class='ocrx_word' id='word_1_371' title='bbox 205 1500 367 1535; x_wconf 63' lang='grc' dir='ltr'>φιλοῦντες</span> <span class='ocrx_word' id='word_1_372' title='bbox 382 1499 566 1534; x_wconf 68' lang='grc' dir='ltr'>νυσταῃιὸν,</span> <span class='ocrx_word' id='word_1_373' title='bbox 586 1499 634 1526; x_wconf 78' lang='grc' dir='ltr'><strong>καὶ</strong></span> <span class='ocrx_word' id='word_1_374' title='bbox 655 1499 694 1531; x_wconf 86' lang='grc' dir='ltr'>ὡς</span> <span class='ocrx_word' id='word_1_375' title='bbox 718 1498 808 1530; x_wconf 80' lang='grc' dir='ltr'>κύνες</span> <span class='ocrx_word' id='word_1_376' title='bbox 832 1497 914 1524; x_wconf 79' lang='grc' dir='ltr'>ἀναι-</span> 
     </span>
    </p>
   </div>
   <div class='ocr_carea' id='block_1_50' title="bbox 115 1542 912 1580">
    <p class='ocr_par' dir='ltr' id='par_1_50' title="bbox 115 1542 912 1580">
     <span class='ocr_line' id='line_1_50' title="bbox 115 1542 912 1580; baseline -0.005 -8"><span class='ocrx_word' id='word_1_377' title='bbox 115 1546 181 1578; x_wconf 70' lang='grc' dir='ltr'>δεῖς</span> <span class='ocrx_word' id='word_1_378' title='bbox 217 1545 254 1580; x_wconf 70' lang='grc' dir='ltr'>τῇ</span> <span class='ocrx_word' id='word_1_379' title='bbox 282 1545 377 1580; x_wconf 68' lang='grc' dir='ltr'>ψυχῇ,</span> <span class='ocrx_word' id='word_1_380' title='bbox 407 1547 462 1572; x_wconf 80' lang='grc' dir='ltr'><strong>οὐκ</strong></span> <span class='ocrx_word' id='word_1_381' title='bbox 494 1545 603 1578; x_wconf 77' lang='grc' dir='ltr'>ειδότες</span> <span class='ocrx_word' id='word_1_382' title='bbox 638 1542 833 1578; x_wconf 72' lang='grc' dir='ltr'>πλησμονὴν,</span> <span class='ocrx_word' id='word_1_383' title='bbox 863 1543 912 1568; x_wconf 78' lang='grc' dir='ltr'><strong>καὶ</strong></span> 
     </span>
    </p>
   </div>
   <div class='ocr_carea' id='block_1_51' title="bbox 115 1588 912 1626">
    <p class='ocr_par' dir='ltr' id='par_1_51' title="bbox 115 1588 912 1626">
     <span class='ocr_line' id='line_1_51' title="bbox 115 1588 912 1626; baseline -0.006 -7"><span class='ocrx_word' id='word_1_384' title='bbox 115 1593 177 1619; x_wconf 77' lang='grc' dir='ltr'>εἰσὶ</span> <span class='ocrx_word' id='word_1_385' title='bbox 192 1592 317 1626; x_wconf 76' lang='grc' dir='ltr'>πονηροὶ</span> <span class='ocrx_word' id='word_1_386' title='bbox 332 1593 387 1618; x_wconf 69' lang='grc' dir='ltr'><strong>οὐκ</strong></span> <span class='ocrx_word' id='word_1_387' title='bbox 403 1591 514 1624; x_wconf 67' lang='grc' dir='ltr'>εἰδότες</span> <span class='ocrx_word' id='word_1_388' title='bbox 527 1592 665 1620; x_wconf 78' lang='grc' dir='ltr'>σύνεσιν,</span> <span class='ocrx_word' id='word_1_389' title='bbox 679 1589 790 1622; x_wconf 73' lang='grc' dir='ltr'>πάντες</span> <span class='ocrx_word' id='word_1_390' title='bbox 803 1590 837 1615; x_wconf 78' lang='grc' dir='ltr'><strong>ἑυν</strong></span> <span class='ocrx_word' id='word_1_391' title='bbox 848 1588 912 1622; x_wconf 78' lang='grc' dir='ltr'>ταῖς</span> 
     </span>
    </p>
   </div>
   <div class='ocr_carea' id='block_1_52' title="bbox 116 1633 911 1671">
    <p class='ocr_par' dir='ltr' id='par_1_52' title="bbox 116 1633 911 1671">
     <span class='ocr_line' id='line_1_52' title="bbox 116 1633 911 1671; baseline -0.005 -7"><span class='ocrx_word' id='word_1_392' title='bbox 116 1638 201 1670; x_wconf 73' lang='grc' dir='ltr'>ὁδοῖς</span> <span class='ocrx_word' id='word_1_393' title='bbox 223 1637 321 1664; x_wconf 70' lang='grc' dir='ltr'>αὐτῶν</span> <span class='ocrx_word' id='word_1_394' title='bbox 337 1637 595 1671; x_wconf 75' lang='grc' dir='ltr'>ἐξηκολούθησαν,</span> <span class='ocrx_word' id='word_1_395' title='bbox 621 1636 749 1668; x_wconf 76' lang='grc' dir='ltr'>ἕκαστος</span> <span class='ocrx_word' id='word_1_396' title='bbox 785 1633 859 1661; x_wconf 79' lang='grc' dir='ltr'>κατὰ</span> <span class='ocrx_word' id='word_1_397' title='bbox 879 1634 911 1660; x_wconf 80' lang='grc' dir='ltr'>τὸ</span> 
     </span>
    </p>
   </div>
   <div class='ocr_carea' id='block_1_53' title="bbox 117 1685 205 1712">
    <p class='ocr_par' dir='ltr' id='par_1_53' title="bbox 117 1685 205 1712">
     <span class='ocr_line' id='line_1_53' title="bbox 117 1685 205 1712; baseline 0 -1"><span class='ocrx_word' id='word_1_398' title='bbox 117 1685 205 1712; x_wconf 71' lang='grc' dir='ltr'>αὐτό.</span> 
     </span>
    </p>
   </div>
   <div class='ocr_carea' id='block_1_54' title="bbox 155 1726 901 1764">
    <p class='ocr_par' dir='ltr' id='par_1_54' title="bbox 155 1726 901 1764">
     <span class='ocr_line' id='line_1_54' title="bbox 155 1726 901 1764; baseline -0.001 -9"><span class='ocrx_word' id='word_1_399' title='bbox 155 1729 222 1764; x_wconf 86' lang='grc' dir='ltr'>Διχῆ</span> <span class='ocrx_word' id='word_1_400' title='bbox 238 1730 293 1761; x_wconf 80' lang='grc' dir='ltr'>τοῖς</span> <span class='ocrx_word' id='word_1_401' title='bbox 309 1729 512 1764; x_wconf 77' lang='grc' dir='ltr'>γεγραμμένοις</span> <span class='ocrx_word' id='word_1_402' title='bbox 524 1727 728 1764; x_wconf 77' lang='grc' dir='ltr'>προσ6α).εῖ;·ἥ</span> <span class='ocrx_word' id='word_1_403' title='bbox 746 1726 799 1762; x_wconf 76' lang='grc' dir='ltr'><strong>γὰρ</strong></span> <span class='ocrx_word' id='word_1_404' title='bbox 819 1726 901 1762; x_wconf 85' lang='grc' dir='ltr'>θηρία</span> 
     </span>
    </p>
   </div>
   <div class='ocr_carea' id='block_1_55' title="bbox 118 1772 912 1810">
    <p class='ocr_par' dir='ltr' id='par_1_55' title="bbox 118 1772 912 1810">
     <span class='ocr_line' id='line_1_55' title="bbox 118 1772 912 1810; baseline -0.004 -9"><span class='ocrx_word' id='word_1_405' title='bbox 118 1775 204 1810; x_wconf 68' lang='grc' dir='ltr'>φησὶν</span> <span class='ocrx_word' id='word_1_406' title='bbox 241 1774 373 1801; x_wconf 77' lang='grc' dir='ltr'>ἀτίθασσά</span> <span class='ocrx_word' id='word_1_407' title='bbox 391 1783 421 1800; x_wconf 87' lang='grc' dir='ltr'><strong>τε</strong></span> <span class='ocrx_word' id='word_1_408' title='bbox 447 1774 494 1800; x_wconf 74' lang='grc' dir='ltr'>καὶ</span> <span class='ocrx_word' id='word_1_409' title='bbox 519 1775 654 1808; x_wconf 79' lang='grc' dir='ltr'>ἀνήμερα,</span> <span class='ocrx_word' id='word_1_410' title='bbox 677 1773 742 1804; x_wconf 79' lang='grc' dir='ltr'>τοὺς</span> <span class='ocrx_word' id='word_1_411' title='bbox 765 1772 794 1805; x_wconf 76' lang='grc' dir='ltr'>ἐξ</span> <span class='ocrx_word' id='word_1_412' title='bbox 816 1772 912 1803; x_wconf 73' lang='grc' dir='ltr'>ἐθνῶν,</span> 
     </span>
    </p>
   </div>
   <div class='ocr_carea' id='block_1_56' title="bbox 117 1817 913 1855">
    <p class='ocr_par' dir='ltr' id='par_1_56' title="bbox 117 1817 913 1855">
     <span class='ocr_line' id='line_1_56' title="bbox 117 1817 913 1855; baseline -0.004 -8"><span class='ocrx_word' id='word_1_413' title='bbox 117 1821 168 1848; x_wconf 72' lang='grc' dir='ltr'><strong>ἅτε</strong></span> <span class='ocrx_word' id='word_1_414' title='bbox 192 1820 225 1855; x_wconf 82' lang='grc' dir='ltr'>δὴ</span> <span class='ocrx_word' id='word_1_415' title='bbox 249 1820 295 1846; x_wconf 66' lang='grc' dir='ltr'><strong>καὶ</strong></span> <span class='ocrx_word' id='word_1_416' title='bbox 320 1820 371 1846; x_wconf 67' lang='grc' dir='ltr'>ὑπὸ</span> <span class='ocrx_word' id='word_1_417' title='bbox 392 1819 514 1854; x_wconf 66' lang='grc' dir='ltr'>τυράννῳ</span> <span class='ocrx_word' id='word_1_418' title='bbox 539 1819 716 1854; x_wconf 75' lang='grc' dir='ltr'>τεθραμμένα</span> <span class='ocrx_word' id='word_1_419' title='bbox 736 1818 860 1853; x_wconf 73' lang='grc' dir='ltr'>τοιούτῳ,</span> <span class='ocrx_word' id='word_1_420' title='bbox 875 1817 913 1853; x_wconf 84' lang='grc' dir='ltr'>τῷ</span> 
     </span>
    </p>
   </div>
   <div class='ocr_carea' id='block_1_57' title="bbox 116 1864 912 1902">
    <p class='ocr_par' dir='ltr' id='par_1_57' title="bbox 116 1864 912 1902">
     <span class='ocr_line' id='line_1_57' title="bbox 116 1864 912 1902; baseline -0.005 -8"><span class='ocrx_word' id='word_1_421' title='bbox 116 1867 235 1902; x_wconf 72' lang='grc' dir='ltr'>διαϐόλῳ</span> <span class='ocrx_word' id='word_1_422' title='bbox 255 1867 337 1901; x_wconf 73' lang='grc' dir='ltr'>φημὶ,</span> <span class='ocrx_word' id='word_1_423' title='bbox 354 1866 401 1893; x_wconf 74' lang='grc' dir='ltr'>καὶ</span> <span class='ocrx_word' id='word_1_424' title='bbox 421 1864 475 1892; x_wconf 76' lang='grc' dir='ltr'>οἷον</span> <span class='ocrx_word' id='word_1_425' title='bbox 491 1865 733 1901; x_wconf 77' lang='grc' dir='ltr'>ὲκτεθηριωμένοι,</span> <span class='ocrx_word' id='word_1_426' title='bbox 748 1866 796 1891; x_wconf 76' lang='grc' dir='ltr'>καὶ</span> <span class='ocrx_word' id='word_1_427' title='bbox 811 1864 912 1897; x_wconf 78' lang='grc' dir='ltr'>ζῶντες</span> 
     </span>
    </p>
   </div>
   <div class='ocr_carea' id='block_1_58' title="bbox 117 1910 913 1947">
    <p class='ocr_par' dir='ltr' id='par_1_58' title="bbox 117 1910 913 1947">
     <span class='ocr_line' id='line_1_58' title="bbox 117 1910 913 1947; baseline -0.003 -8"><span class='ocrx_word' id='word_1_428' title='bbox 117 1915 170 1939; x_wconf 58' lang='grc' dir='ltr'>οὶκ</span> <span class='ocrx_word' id='word_1_429' title='bbox 194 1911 388 1947; x_wconf 81' lang='grc' dir='ltr'>ἀνθρωπίνως·</span> <span class='ocrx_word' id='word_1_430' title='bbox 416 1911 500 1946; x_wconf 70' lang='grc' dir='ltr'>ἤγουν</span> <span class='ocrx_word' id='word_1_431' title='bbox 525 1910 608 1947; x_wconf 80' lang='grc' dir='ltr'>θηρία</span> <span class='ocrx_word' id='word_1_432' title='bbox 635 1911 728 1939; x_wconf 85' lang='grc' dir='ltr'>καλεῖν</span> <span class='ocrx_word' id='word_1_433' title='bbox 754 1911 825 1938; x_wconf 75' lang='grc' dir='ltr'>ἔοικε</span> <span class='ocrx_word' id='word_1_434' title='bbox 850 1911 913 1942; x_wconf 82' lang='grc' dir='ltr'>τοὺς</span> 
     </span>
    </p>
   </div>
   <div class='ocr_carea' id='block_1_59' title="bbox 119 1957 912 1995">
    <p class='ocr_par' dir='ltr' id='par_1_59' title="bbox 119 1957 912 1995">
     <span class='ocr_line' id='line_1_59' title="bbox 119 1957 912 1995; baseline 0.001 -11"><span class='ocrx_word' id='word_1_435' title='bbox 119 1958 351 1994; x_wconf 73' lang='grc' dir='ltr'>καταδῃώσαντας</span> <span class='ocrx_word' id='word_1_436' title='bbox 377 1959 423 1984; x_wconf 77' lang='grc' dir='ltr'><strong>τὸν</strong></span> <span class='ocrx_word' id='word_1_437' title='bbox 448 1957 565 1994; x_wconf 77' lang='grc' dir='ltr'>Ἰσραὴλ,</span> <span class='ocrx_word' id='word_1_438' title='bbox 591 1959 636 1985; x_wconf 79' lang='grc' dir='ltr'>καὶ</span> <span class='ocrx_word' id='word_1_439' title='bbox 660 1959 712 1994; x_wconf 79' lang='grc' dir='ltr'><strong>ὅλῳ</strong></span> <span class='ocrx_word' id='word_1_440' title='bbox 732 1958 771 1995; x_wconf 83' lang='grc' dir='ltr'><strong>τῷ</strong></span> <span class='ocrx_word' id='word_1_441' title='bbox 798 1959 912 1994; x_wconf 80' lang='grc' dir='ltr'>στόματι</span> 
     </span>
    </p>
   </div>
   <div class='ocr_carea' id='block_1_60' title="bbox 118 2005 914 2040">
    <p class='ocr_par' dir='ltr' id='par_1_60' title="bbox 118 2005 914 2040">
     <span class='ocr_line' id='line_1_60' title="bbox 118 2005 914 2040; baseline 0 -9"><span class='ocrx_word' id='word_1_442' title='bbox 118 2005 257 2040; x_wconf 64' lang='grc' dir='ltr'>φαγόντας</span> <span class='ocrx_word' id='word_1_443' title='bbox 273 2005 353 2031; x_wconf 67' lang='grc' dir='ltr'>αὐτὸν</span> <span class='ocrx_word' id='word_1_444' title='bbox 368 2005 412 2031; x_wconf 69' lang='grc' dir='ltr'><strong>διὰ</strong></span> <span class='ocrx_word' id='word_1_445' title='bbox 432 2006 482 2039; x_wconf 82' lang='grc' dir='ltr'><strong>τὴν</strong></span> <span class='ocrx_word' id='word_1_446' title='bbox 499 2006 538 2036; x_wconf 80' lang='grc' dir='ltr'><strong>είς</strong></span> <span class='ocrx_word' id='word_1_447' title='bbox 556 2005 673 2040; x_wconf 84' lang='grc' dir='ltr'>Χριστὸν</span> <span class='ocrx_word' id='word_1_448' title='bbox 693 2005 832 2032; x_wconf 79' lang='grc' dir='ltr'>ἀσέϐειαν.</span> <span class='ocrx_word' id='word_1_449' title='bbox 858 2005 914 2033; x_wconf 75' lang='grc' dir='ltr'>Καὶ</span> 
     </span>
    </p>
   </div>
   <div class='ocr_carea' id='block_1_61' title="bbox 117 2050 913 2088">
    <p class='ocr_par' dir='ltr' id='par_1_61' title="bbox 117 2050 913 2088">
     <span class='ocr_line' id='line_1_61' title="bbox 117 2050 913 2088; baseline 0.001 -11"><span class='ocrx_word' id='word_1_450' title='bbox 117 2052 142 2077; x_wconf 76' lang='grc' dir='ltr'>εἰ</span> <span class='ocrx_word' id='word_1_451' title='bbox 164 2051 213 2085; x_wconf 79' lang='grc' dir='ltr'><strong>μὲν</strong></span> <span class='ocrx_word' id='word_1_452' title='bbox 238 2050 290 2077; x_wconf 81' lang='grc' dir='ltr'><strong>τῶν</strong></span> <span class='ocrx_word' id='word_1_453' title='bbox 315 2051 400 2077; x_wconf 83' lang='grc' dir='ltr'>ἐθνῶν</span> <span class='ocrx_word' id='word_1_454' title='bbox 423 2051 461 2082; x_wconf 82' lang='grc' dir='ltr'>ὡς</span> <span class='ocrx_word' id='word_1_455' title='bbox 483 2051 585 2087; x_wconf 83' lang='grc' dir='ltr'>θηρίων</span> <span class='ocrx_word' id='word_1_456' title='bbox 606 2051 807 2087; x_wconf 80' lang='grc' dir='ltr'>διαμέμνηται,</span> <span class='ocrx_word' id='word_1_457' title='bbox 825 2052 913 2088; x_wconf 72' lang='grc' dir='ltr'>φαμὲν</span> 
     </span>
    </p>
   </div>
   <div class='ocr_carea' id='block_1_62' title="bbox 118 2091 913 2132">
    <p class='ocr_par' dir='ltr' id='par_1_62' title="bbox 118 2091 913 2132">
     <span class='ocr_line' id='line_1_62' title="bbox 118 2091 913 2132; baseline 0.003 -9"><span class='ocrx_word' id='word_1_458' title='bbox 118 2098 214 2129; x_wconf 80' lang='grc' dir='ltr'>αὐτοῖς</span> <span class='ocrx_word' id='word_1_459' title='bbox 231 2097 479 2132; x_wconf 72' lang='grc' dir='ltr'>προσ-πεφωνῆσθαι</span> <span class='ocrx_word' id='word_1_460' title='bbox 500 2097 576 2132; x_wconf 76' lang='grc' dir='ltr'>παρὰ</span> <span class='ocrx_word' id='word_1_461' title='bbox 594 2091 665 2123; x_wconf 75' lang='grc' dir='ltr'>Θεοῦ</span> <span class='ocrx_word' id='word_1_462' title='bbox 689 2097 732 2129; x_wconf 84' lang='grc' dir='ltr'><strong>τὸ,</strong></span> <span class='ocrx_word' id='word_1_463' title='bbox 749 2097 842 2129; x_wconf 80' lang='grc' dir='ltr'>Δεῦτε,</span> <span class='ocrx_word' id='word_1_464' title='bbox 859 2098 913 2132; x_wconf 79' lang='grc' dir='ltr'><strong>φά-</strong></span> 
     </span>
    </p>
   </div>
   <div class='ocr_carea' id='block_1_63' title="bbox 117 2142 914 2178">
    <p class='ocr_par' dir='ltr' id='par_1_63' title="bbox 117 2142 914 2178">
     <span class='ocr_line' id='line_1_63' title="bbox 117 2142 914 2178; baseline 0 -9"><span class='ocrx_word' id='word_1_465' title='bbox 117 2151 194 2176; x_wconf 74' lang='grc' dir='ltr'>γετε.</span> <span class='ocrx_word' id='word_1_466' title='bbox 221 2142 350 2178; x_wconf 80' lang='grc' dir='ltr'>Σημαίνει</span> <span class='ocrx_word' id='word_1_467' title='bbox 368 2143 395 2169; x_wconf 88' lang='grc' dir='ltr'>δὲ</span> <span class='ocrx_word' id='word_1_468' title='bbox 421 2142 500 2170; x_wconf 86' lang='grc' dir='ltr'>τοῦτο</span> <span class='ocrx_word' id='word_1_469' title='bbox 522 2143 612 2170; x_wconf 81' lang='grc' dir='ltr'>πᾶσαν</span> <span class='ocrx_word' id='word_1_470' title='bbox 635 2143 725 2174; x_wconf 62' lang='grc' dir='ltr'>αὐτοῖς</span> <span class='ocrx_word' id='word_1_471' title='bbox 741 2143 914 2178; x_wconf 80' lang='grc' dir='ltr'>ἀμφιλαφίαν</span> 
     </span>
    </p>
   </div>
   <div class='ocr_carea' id='block_1_64' title="bbox 117 2188 914 2225">
    <p class='ocr_par' dir='ltr' id='par_1_64' title="bbox 117 2188 914 2225">
     <span class='ocr_line' id='line_1_64' title="bbox 117 2188 914 2225; baseline 0.001 -10"><span class='ocrx_word' id='word_1_472' title='bbox 117 2188 244 2215; x_wconf 78' lang='grc' dir='ltr'>δεδόσθαι</span> <span class='ocrx_word' id='word_1_473' title='bbox 270 2189 334 2224; x_wconf 79' lang='grc' dir='ltr'>παρ’</span> <span class='ocrx_word' id='word_1_474' title='bbox 360 2188 442 2215; x_wconf 81' lang='grc' dir='ltr'>αὑτοῦ</span> <span class='ocrx_word' id='word_1_475' title='bbox 464 2188 518 2216; x_wconf 83' lang='grc' dir='ltr'>τῶν</span> <span class='ocrx_word' id='word_1_476' title='bbox 543 2188 624 2225; x_wconf 79' lang='grc' dir='ltr'>ἱερῶν</span> <span class='ocrx_word' id='word_1_477' title='bbox 648 2189 836 2224; x_wconf 85' lang='grc' dir='ltr'>χαρισμάτων,</span> <span class='ocrx_word' id='word_1_478' title='bbox 865 2190 914 2216; x_wconf 76' lang='grc' dir='ltr'><strong>καὶ</strong></span> 
     </span>
    </p>
   </div>
   <div class='ocr_carea' id='block_1_65' title="bbox 118 2234 912 2271">
    <p class='ocr_par' dir='ltr' id='par_1_65' title="bbox 118 2234 912 2271">
     <span class='ocr_line' id='line_1_65' title="bbox 118 2234 912 2271; baseline 0.001 -11"><span class='ocrx_word' id='word_1_479' title='bbox 118 2234 334 2270; x_wconf 78' lang='grc' dir='ltr'>παρατεθεῖσθαι</span> <span class='ocrx_word' id='word_1_480' title='bbox 357 2234 497 2269; x_wconf 75' lang='grc' dir='ltr'>τράπεζαν</span> <span class='ocrx_word' id='word_1_481' title='bbox 519 2235 567 2270; x_wconf 82' lang='grc' dir='ltr'><strong>τὴν</strong></span> <span class='ocrx_word' id='word_1_482' title='bbox 595 2235 741 2266; x_wconf 80' lang='grc' dir='ltr'>ζωοποιόν’</span> <span class='ocrx_word' id='word_1_483' title='bbox 768 2235 912 2271; x_wconf 85' lang='grc' dir='ltr'>κατεδηδό-</span> 
     </span>
    </p>
   </div>
   <div class='ocr_carea' id='block_1_66' title="bbox 119 2280 912 2318">
    <p class='ocr_par' dir='ltr' id='par_1_66' title="bbox 119 2280 912 2318">
     <span class='ocr_line' id='line_1_66' title="bbox 119 2280 912 2318; baseline 0.001 -12"><span class='ocrx_word' id='word_1_484' title='bbox 119 2289 185 2307; x_wconf 77' lang='grc' dir='ltr'>κασι</span> <span class='ocrx_word' id='word_1_485' title='bbox 199 2280 254 2316; x_wconf 82' lang='grc' dir='ltr'>γὰρ</span> <span class='ocrx_word' id='word_1_486' title='bbox 267 2281 315 2307; x_wconf 71' lang='grc' dir='ltr'>καὶ</span> <span class='ocrx_word' id='word_1_487' title='bbox 328 2280 404 2307; x_wconf 72' lang='grc' dir='ltr'>αὐτοὶ</span> <span class='ocrx_word' id='word_1_488' title='bbox 417 2281 461 2307; x_wconf 83' lang='grc' dir='ltr'>τὸν</span> <span class='ocrx_word' id='word_1_489' title='bbox 477 2281 558 2316; x_wconf 84' lang='grc' dir='ltr'>ἄρτον</span> <span class='ocrx_word' id='word_1_490' title='bbox 575 2280 624 2316; x_wconf 83' lang='grc' dir='ltr'>τῆς</span> <span class='ocrx_word' id='word_1_491' title='bbox 640 2280 723 2315; x_wconf 80' lang='grc' dir='ltr'>ζωῆς,</span> <span class='ocrx_word' id='word_1_492' title='bbox 736 2281 845 2316; x_wconf 81' lang='grc' dir='ltr'>μέτοχοι</span> <span class='ocrx_word' id='word_1_493' title='bbox 858 2281 912 2318; x_wconf 81' lang='grc' dir='ltr'>γὰρ</span> 
     </span>
    </p>
   </div>
   <div class='ocr_carea' id='block_1_67' title="bbox 118 2325 912 2361">
    <p class='ocr_par' dir='ltr' id='par_1_67' title="bbox 118 2325 912 2361">
     <span class='ocr_line' id='line_1_67' title="bbox 118 2325 912 2361; baseline 0.003 -10"><span class='ocrx_word' id='word_1_494' title='bbox 118 2326 250 2360; x_wconf 72' lang='grc' dir='ltr'>γεγόνασι</span> <span class='ocrx_word' id='word_1_495' title='bbox 272 2325 319 2351; x_wconf 81' lang='grc' dir='ltr'><strong>τοῦ</strong></span> <span class='ocrx_word' id='word_1_496' title='bbox 341 2325 471 2360; x_wconf 74' lang='grc' dir='ltr'>Χριστοῦ,</span> <span class='ocrx_word' id='word_1_497' title='bbox 495 2325 544 2353; x_wconf 72' lang='grc' dir='ltr'><strong>καὶ</strong></span> <span class='ocrx_word' id='word_1_498' title='bbox 570 2325 708 2361; x_wconf 81' lang='grc' dir='ltr'>σύσσωμοι</span> <span class='ocrx_word' id='word_1_499' title='bbox 738 2325 792 2352; x_wconf 84' lang='grc' dir='ltr'><strong>τῶν</strong></span> <span class='ocrx_word' id='word_1_500' title='bbox 814 2327 912 2360; x_wconf 84' lang='grc' dir='ltr'>ἁγίων,</span> 
     </span>
    </p>
   </div>
   <div class='ocr_carea' id='block_1_68' title="bbox 119 2369 912 2406">
    <p class='ocr_par' dir='ltr' id='par_1_68' title="bbox 119 2369 912 2406">
     <span class='ocr_line' id='line_1_68' title="bbox 119 2369 912 2406; baseline 0 -10"><span class='ocrx_word' id='word_1_501' title='bbox 119 2371 193 2398; x_wconf 81' lang='grc' dir='ltr'>ὥστε</span> <span class='ocrx_word' id='word_1_502' title='bbox 208 2370 254 2397; x_wconf 69' lang='grc' dir='ltr'>καὶ</span> <span class='ocrx_word' id='word_1_503' title='bbox 278 2370 422 2405; x_wconf 80' lang='grc' dir='ltr'>χαίροντας</span> <span class='ocrx_word' id='word_1_504' title='bbox 439 2370 544 2405; x_wconf 82' lang='grc' dir='ltr'>λέγειν·</span> <span class='ocrx_word' id='word_1_505' title='bbox 561 2379 570 2395; x_wconf 79' lang='lat' dir='ltr'><strong>t</strong></span> <span class='ocrx_word' id='word_1_506' title='bbox 587 2369 688 2404; x_wconf 84' lang='grc' dir='ltr'>Κύριος</span> <span class='ocrx_word' id='word_1_507' title='bbox 710 2370 847 2405; x_wconf 82' lang='grc' dir='ltr'>ποιμαίνει</span> <span class='ocrx_word' id='word_1_508' title='bbox 868 2379 912 2406; x_wconf 88' lang='grc' dir='ltr'><strong>με,</strong></span> 
     </span>
    </p>
   </div>
   <div class='ocr_carea' id='block_1_69' title="bbox 120 2414 914 2450">
    <p class='ocr_par' dir='ltr' id='par_1_69' title="bbox 120 2414 914 2450">
     <span class='ocr_line' id='line_1_69' title="bbox 120 2414 914 2450; baseline -0.003 -8"><span class='ocrx_word' id='word_1_509' title='bbox 120 2416 168 2443; x_wconf 71' lang='grc' dir='ltr'><strong>καὶ</strong></span> <span class='ocrx_word' id='word_1_510' title='bbox 182 2416 258 2442; x_wconf 69' lang='grc' dir='ltr'>οὐδὲν</span> <span class='ocrx_word' id='word_1_511' title='bbox 275 2424 308 2450; x_wconf 86' lang='grc' dir='ltr'><strong>με</strong></span> <span class='ocrx_word' id='word_1_512' title='bbox 323 2416 478 2450; x_wconf 82' lang='grc' dir='ltr'>ὑστερήσει,</span> <span class='ocrx_word' id='word_1_513' title='bbox 492 2416 531 2446; x_wconf 81' lang='grc' dir='ltr'><strong>είς</strong></span> <span class='ocrx_word' id='word_1_514' title='bbox 543 2414 625 2441; x_wconf 83' lang='grc' dir='ltr'>τόπον</span> <span class='ocrx_word' id='word_1_515' title='bbox 640 2414 720 2449; x_wconf 69' lang='grc' dir='ltr'>χλόης</span> <span class='ocrx_word' id='word_1_516' title='bbox 733 2414 791 2440; x_wconf 77' lang='grc' dir='ltr'><strong>ἐκεῖ</strong></span> <span class='ocrx_word' id='word_1_517' title='bbox 801 2422 834 2449; x_wconf 87' lang='grc' dir='ltr'><strong>με</strong></span> <span class='ocrx_word' id='word_1_518' title='bbox 849 2422 914 2440; x_wconf 85' lang='grc' dir='ltr'>κατ-</span> 
     </span>
    </p>
   </div>
   <div class='ocr_carea' id='block_1_70' title="bbox 120 2459 910 2496">
    <p class='ocr_par' dir='ltr' id='par_1_70' title="bbox 120 2459 910 2496">
     <span class='ocr_line' id='line_1_70' title="bbox 120 2459 910 2496; baseline -0.001 -8"><span class='ocrx_word' id='word_1_519' title='bbox 120 2462 286 2496; x_wconf 81' lang='grc' dir='ltr'>εσκήνωσεν,</span> <span class='ocrx_word' id='word_1_520' title='bbox 321 2461 367 2487; x_wconf 72' lang='grc' dir='ltr'><strong>ἐπὶ</strong></span> <span class='ocrx_word' id='word_1_521' title='bbox 389 2460 484 2492; x_wconf 76' lang='grc' dir='ltr'>ὕδατος</span> <span class='ocrx_word' id='word_1_522' title='bbox 508 2460 689 2492; x_wconf 81' lang='grc' dir='ltr'>ἀναπαύσεως</span> <span class='ocrx_word' id='word_1_523' title='bbox 714 2459 842 2496; x_wconf 73' lang='grc' dir='ltr'>ἐξέθρεψέ</span> <span class='ocrx_word' id='word_1_524' title='bbox 865 2469 910 2496; x_wconf 80' lang='grc' dir='ltr'><strong>με,</strong></span> 
     </span>
    </p>
   </div>
   <div class='ocr_carea' id='block_1_71' title="bbox 120 2506 910 2542">
    <p class='ocr_par' dir='ltr' id='par_1_71' title="bbox 120 2506 910 2542">
     <span class='ocr_line' id='line_1_71' title="bbox 120 2506 910 2542; baseline -0.001 -9"><span class='ocrx_word' id='word_1_525' title='bbox 120 2507 171 2542; x_wconf 82' lang='grc' dir='ltr'><strong>τὴν</strong></span> <span class='ocrx_word' id='word_1_526' title='bbox 191 2507 280 2542; x_wconf 75' lang='grc' dir='ltr'>ψυχήν</span> <span class='ocrx_word' id='word_1_527' title='bbox 296 2515 345 2542; x_wconf 87' lang='grc' dir='ltr'><strong>μου</strong></span> <span class='ocrx_word' id='word_1_528' title='bbox 362 2506 539 2542; x_wconf 68' lang='grc' dir='ltr'>ἐπέστρεψεν.</span> <span class='ocrx_word' id='word_1_529' title='bbox 553 2507 719 2542; x_wconf 82' lang='grc' dir='ltr'>Ἠτοίμασας</span> <span class='ocrx_word' id='word_1_530' title='bbox 730 2506 844 2533; x_wconf 79' lang='grc' dir='ltr'>ἐνώπιόν</span> <span class='ocrx_word' id='word_1_531' title='bbox 860 2515 910 2542; x_wconf 83' lang='grc' dir='ltr'>μου</span> 
     </span>
    </p>
   </div>
   <div class='ocr_carea' id='block_1_72' title="bbox 120 2551 912 2588">
    <p class='ocr_par' dir='ltr' id='par_1_72' title="bbox 120 2551 912 2588">
     <span class='ocr_line' id='line_1_72' title="bbox 120 2551 912 2588; baseline -0.001 -9"><span class='ocrx_word' id='word_1_532' title='bbox 120 2553 268 2588; x_wconf 74' lang='grc' dir='ltr'>τράπεζαν.</span> <span class='ocrx_word' id='word_1_533' title='bbox 290 2562 299 2578; x_wconf 69' lang='grc' dir='ltr'><strong>ι</strong></span> <span class='ocrx_word' id='word_1_534' title='bbox 316 2553 389 2587; x_wconf 80' lang='grc' dir='ltr'>Ἔφη</span> <span class='ocrx_word' id='word_1_535' title='bbox 404 2552 432 2578; x_wconf 85' lang='grc' dir='ltr'>δὲ</span> <span class='ocrx_word' id='word_1_536' title='bbox 448 2553 494 2579; x_wconf 67' lang='grc' dir='ltr'>καὶ</span> <span class='ocrx_word' id='word_1_537' title='bbox 506 2552 539 2579; x_wconf 76' lang='grc' dir='ltr'>δι’</span> <span class='ocrx_word' id='word_1_538' title='bbox 560 2551 618 2583; x_wconf 76' lang='grc' dir='ltr'>ἐνὸς</span> <span class='ocrx_word' id='word_1_539' title='bbox 632 2552 685 2578; x_wconf 80' lang='grc' dir='ltr'>τῶν</span> <span class='ocrx_word' id='word_1_540' title='bbox 702 2552 787 2586; x_wconf 83' lang='grc' dir='ltr'>ἁγίων</span> <span class='ocrx_word' id='word_1_541' title='bbox 806 2560 912 2587; x_wconf 86' lang='grc' dir='ltr'>προφη-</span> 
     </span>
    </p>
   </div>
   <div class='ocr_carea' id='block_1_73' title="bbox 120 2598 909 2634">
    <p class='ocr_par' dir='ltr' id='par_1_73' title="bbox 120 2598 909 2634">
     <span class='ocr_line' id='line_1_73' title="bbox 120 2598 909 2634; baseline -0.001 -8"><span class='ocrx_word' id='word_1_542' title='bbox 120 2599 185 2626; x_wconf 80' lang='grc' dir='ltr'>τῶν·</span> <span class='ocrx_word' id='word_1_543' title='bbox 205 2608 213 2624; x_wconf 89' lang='lat' dir='ltr'><strong>l</strong></span> <span class='ocrx_word' id='word_1_544' title='bbox 232 2599 345 2633; x_wconf 81' lang='grc' dir='ltr'>Φάγετε,</span> <span class='ocrx_word' id='word_1_545' title='bbox 363 2598 448 2630; x_wconf 84' lang='grc' dir='ltr'>πίετε,</span> <span class='ocrx_word' id='word_1_546' title='bbox 469 2599 516 2625; x_wconf 78' lang='grc' dir='ltr'>καὶ</span> <span class='ocrx_word' id='word_1_547' title='bbox 540 2598 703 2634; x_wconf 80' lang='grc' dir='ltr'>μεθύσθητε,</span> <span class='ocrx_word' id='word_1_548' title='bbox 725 2600 749 2625; x_wconf 83' lang='lat' dir='ltr'><strong>ol</strong></span> <span class='ocrx_word' id='word_1_549' title='bbox 771 2599 909 2634; x_wconf 74' lang='grc' dir='ltr'>πλησίον.»</span> 
     </span>
    </p>
   </div>
   <div class='ocr_carea' id='block_1_74' title="bbox 121 2644 913 2680">
    <p class='ocr_par' dir='ltr' id='par_1_74' title="bbox 121 2644 913 2680">
     <span class='ocr_line' id='line_1_74' title="bbox 121 2644 913 2680; baseline 0.001 -10"><span class='ocrx_word' id='word_1_550' title='bbox 121 2644 240 2680; x_wconf 78' lang='grc' dir='ltr'>Μακρὰν</span> <span class='ocrx_word' id='word_1_551' title='bbox 266 2644 320 2680; x_wconf 82' lang='grc' dir='ltr'>γὰρ</span> <span class='ocrx_word' id='word_1_552' title='bbox 347 2644 422 2676; x_wconf 81' lang='grc' dir='ltr'>ὅντες</span> <span class='ocrx_word' id='word_1_553' title='bbox 447 2644 514 2671; x_wconf 81' lang='grc' dir='ltr'>Θεοῦ</span> <span class='ocrx_word' id='word_1_554' title='bbox 538 2644 682 2678; x_wconf 84' lang='grc' dir='ltr'>γεγόνασιν</span> <span class='ocrx_word' id='word_1_555' title='bbox 704 2645 787 2679; x_wconf 79' lang='grc' dir='ltr'>ἐγγὺς</span> <span class='ocrx_word' id='word_1_556' title='bbox 805 2644 848 2671; x_wconf 73' lang='grc' dir='ltr'>διὰ</span> <span class='ocrx_word' id='word_1_557' title='bbox 865 2645 913 2680; x_wconf 77' lang='grc' dir='ltr'><strong>τῆς</strong></span> 
     </span>
    </p>
   </div>
   <div class='ocr_carea' id='block_1_75' title="bbox 123 2689 914 2725">
    <p class='ocr_par' dir='ltr' id='par_1_75' title="bbox 123 2689 914 2725">
     <span class='ocr_line' id='line_1_75' title="bbox 123 2689 914 2725; baseline -0.001 -8"><span class='ocrx_word' id='word_1_558' title='bbox 123 2690 252 2723; x_wconf 82' lang='grc' dir='ltr'>πίστεως,</span> <span class='ocrx_word' id='word_1_559' title='bbox 270 2691 295 2716; x_wconf 83' lang='grc' dir='ltr'>οἱ</span> <span class='ocrx_word' id='word_1_560' title='bbox 320 2690 385 2716; x_wconf 77' lang='grc' dir='ltr'>ποτὲ</span> <span class='ocrx_word' id='word_1_561' title='bbox 409 2689 579 2725; x_wconf 80' lang='grc' dir='ltr'>πλανώμενοι</span> <span class='ocrx_word' id='word_1_562' title='bbox 602 2689 649 2716; x_wconf 74' lang='grc' dir='ltr'><strong>καὶ</strong></span> <span class='ocrx_word' id='word_1_563' title='bbox 667 2690 716 2725; x_wconf 82' lang='grc' dir='ltr'>τῆς</span> <span class='ocrx_word' id='word_1_564' title='bbox 734 2690 809 2724; x_wconf 78' lang='grc' dir='ltr'>ἱερᾶς</span> <span class='ocrx_word' id='word_1_565' title='bbox 828 2689 914 2725; x_wconf 82' lang='grc' dir='ltr'>ἐμπέ-</span> 
     </span>
    </p>
   </div>
   <div class='ocr_carea' id='block_1_76' title="bbox 125 2734 914 2770">
    <p class='ocr_par' dir='ltr' id='par_1_76' title="bbox 125 2734 914 2770">
     <span class='ocr_line' id='line_1_76' title="bbox 125 2734 914 2770; baseline 0 -9"><span class='ocrx_word' id='word_1_566' title='bbox 125 2736 240 2770; x_wconf 79' lang='grc' dir='ltr'>πληνται</span> <span class='ocrx_word' id='word_1_567' title='bbox 252 2735 355 2770; x_wconf 67' lang='grc' dir='ltr'>τροφῆς</span> <span class='ocrx_word' id='word_1_568' title='bbox 368 2742 374 2749; x_wconf 93' lang='grc'><strong>·</strong></span> <span class='ocrx_word' id='word_1_569' title='bbox 392 2734 547 2770; x_wconf 81' lang='grc' dir='ltr'>γέγραπται</span> <span class='ocrx_word' id='word_1_570' title='bbox 559 2734 623 2770; x_wconf 85' lang='grc' dir='ltr'>γὰρ,</span> <span class='ocrx_word' id='word_1_571' title='bbox 636 2735 676 2761; x_wconf 84' lang='grc' dir='ltr'><strong>ὅτι</strong></span> <span class='ocrx_word' id='word_1_572' title='bbox 690 2735 804 2770; x_wconf 78' lang='grc' dir='ltr'>«Ἃρτος</span> <span class='ocrx_word' id='word_1_573' title='bbox 821 2735 914 2770; x_wconf 81' lang='grc' dir='ltr'>στηρί-</span> 
     </span>
    </p>
   </div>
   <div class='ocr_carea' id='block_1_77' title="bbox 122 2779 914 2816">
    <p class='ocr_par' dir='ltr' id='par_1_77' title="bbox 122 2779 914 2816">
     <span class='ocr_line' id='line_1_77' title="bbox 122 2779 914 2816; baseline -0.004 -8"><span class='ocrx_word' id='word_1_574' title='bbox 122 2780 164 2811; x_wconf 71' lang='grc' dir='ltr'>ξει</span> <span class='ocrx_word' id='word_1_575' title='bbox 180 2781 293 2816; x_wconf 79' lang='grc' dir='ltr'>καρδεαν</span> <span class='ocrx_word' id='word_1_576' title='bbox 307 2779 461 2816; x_wconf 83' lang='grc' dir='ltr'>ἀνθρώπου.</span> <span class='ocrx_word' id='word_1_577' title='bbox 475 2790 484 2805; x_wconf 77' lang='grc' dir='ltr'><strong>ι</strong></span> <span class='ocrx_word' id='word_1_578' title='bbox 500 2780 532 2807; x_wconf 82' lang='grc' dir='ltr'>Εἰ</span> <span class='ocrx_word' id='word_1_579' title='bbox 544 2780 571 2806; x_wconf 78' lang='grc' dir='ltr'><strong>δὲ</strong></span> <span class='ocrx_word' id='word_1_580' title='bbox 584 2780 616 2815; x_wconf 76' lang='grc' dir='ltr'>δὴ</span> <span class='ocrx_word' id='word_1_581' title='bbox 633 2779 715 2815; x_wconf 82' lang='grc' dir='ltr'>θηρία</span> <span class='ocrx_word' id='word_1_582' title='bbox 734 2781 835 2806; x_wconf 75' lang='grc' dir='ltr'>νοοῖντο</span> <span class='ocrx_word' id='word_1_583' title='bbox 846 2780 914 2815; x_wconf 75' lang='grc' dir='ltr'>πρὸς</span> 
     </span>
    </p>
   </div>
   <div class='ocr_carea' id='block_1_78' title="bbox 1003 1265 1758 1305">
    <p class='ocr_par' dir='ltr' id='par_1_78' title="bbox 1003 1265 1758 1305">
     <span class='ocr_line' id='line_1_78' title="bbox 1003 1265 1758 1305; baseline 0.005 -13"><span class='ocrx_word' id='word_1_584' title='bbox 1003 1265 1085 1293; x_wconf 70' lang='lat' dir='ltr'><strong>Vens.</strong></span> <span class='ocrx_word' id='word_1_585' title='bbox 1106 1266 1185 1294; x_wconf 72' lang='lat'><strong>9-12.</strong></span> <span class='ocrx_word' id='word_1_586' title='bbox 1208 1266 1278 1300; x_wconf 85' lang='lat' dir='ltr'><strong>Quia</strong></span> <span class='ocrx_word' id='word_1_587' title='bbox 1300 1269 1459 1303; x_wconf 83' lang='lat' dir='ltr'><strong>congregabo</strong></span> <span class='ocrx_word' id='word_1_588' title='bbox 1482 1269 1516 1295; x_wconf 84' lang='lat' dir='ltr'><strong>ad</strong></span> <span class='ocrx_word' id='word_1_589' title='bbox 1538 1278 1596 1296; x_wconf 86' lang='lat' dir='ltr'><strong>eum</strong></span> <span class='ocrx_word' id='word_1_590' title='bbox 1617 1278 1758 1305; x_wconf 73' lang='lat' dir='ltr'><strong>congrega-</strong></span> 
     </span>
    </p>
   </div>
   <div class='ocr_carea' id='block_1_79' title="bbox 967 1309 1757 1346">
    <p class='ocr_par' dir='ltr' id='par_1_79' title="bbox 967 1309 1757 1346">
     <span class='ocr_line' id='line_1_79' title="bbox 967 1309 1757 1346; baseline 0.006 -10"><span class='ocrx_word' id='word_1_591' title='bbox 967 1311 1075 1338; x_wconf 84' lang='lat' dir='ltr'><strong>tionem.</strong></span> <span class='ocrx_word' id='word_1_592' title='bbox 1093 1309 1190 1338; x_wconf 82' lang='lat' dir='ltr'><strong>Omnes</strong></span> <span class='ocrx_word' id='word_1_593' title='bbox 1208 1312 1296 1338; x_wconf 77' lang='lat' dir='ltr'><strong>bettiw</strong></span> <span class='ocrx_word' id='word_1_594' title='bbox 1313 1313 1387 1346; x_wconf 70' lang='lat' dir='ltr'><strong>ferte,</strong></span> <span class='ocrx_word' id='word_1_595' title='bbox 1406 1313 1499 1345; x_wconf 78' lang='lat' dir='ltr'><strong>venite,</strong></span> <span class='ocrx_word' id='word_1_596' title='bbox 1515 1314 1652 1345; x_wconf 77' lang='lat' dir='ltr'><strong>comedite,</strong></span> <span class='ocrx_word' id='word_1_597' title='bbox 1669 1323 1757 1341; x_wconf 72' lang='lat' dir='ltr'><strong>omnes</strong></span> 
     </span>
    </p>
   </div>
   <div class='ocr_carea' id='block_1_80' title="bbox 967 1355 1757 1392">
    <p class='ocr_par' dir='ltr' id='par_1_80' title="bbox 967 1355 1757 1392">
     <span class='ocr_line' id='line_1_80' title="bbox 967 1355 1757 1392; baseline 0.006 -11"><span class='ocrx_word' id='word_1_598' title='bbox 967 1355 1030 1390; x_wconf 74' lang='lat' dir='ltr'><strong>ferte</strong></span> <span class='ocrx_word' id='word_1_599' title='bbox 1060 1355 1148 1390; x_wconf 77' lang='lat' dir='ltr'><strong>sylvte.</strong></span> <span class='ocrx_word' id='word_1_600' title='bbox 1161 1355 1253 1383; x_wconf 79' lang='lat' dir='ltr'><strong>Videte</strong></span> <span class='ocrx_word' id='word_1_601' title='bbox 1277 1358 1339 1392; x_wconf 83' lang='lat' dir='ltr'><strong>quia</strong></span> <span class='ocrx_word' id='word_1_602' title='bbox 1368 1365 1455 1385; x_wconf 68' lang='lat' dir='ltr'><strong>omnes</strong></span> <span class='ocrx_word' id='word_1_603' title='bbox 1476 1359 1601 1385; x_wconf 71' lang='lat' dir='ltr'><strong>ezcwcati</strong></span> <span class='ocrx_word' id='word_1_604' title='bbox 1620 1363 1691 1391; x_wconf 78' lang='lat' dir='ltr'><strong>sunt,</strong></span> <span class='ocrx_word' id='word_1_605' title='bbox 1706 1368 1757 1386; x_wconf 86' lang='lat' dir='ltr'><strong>non</strong></span> 
     </span>
    </p>
   </div>
   <div class='ocr_carea' id='block_1_81' title="bbox 965 1401 1777 1436">
    <p class='ocr_par' dir='ltr' id='par_1_81' title="bbox 965 1401 1777 1436">
     <span class='ocr_line' id='line_1_81' title="bbox 965 1401 1777 1436; baseline 0.006 -9"><span class='ocrx_word' id='word_1_606' title='bbox 965 1406 1061 1428; x_wconf 83' lang='lat' dir='ltr'><strong>norunt</strong></span> <span class='ocrx_word' id='word_1_607' title='bbox 1088 1410 1189 1436; x_wconf 76' lang='lat' dir='ltr'><strong>sapere.</strong></span> <span class='ocrx_word' id='word_1_608' title='bbox 1204 1401 1301 1430; x_wconf 72' lang='lat' dir='ltr'><strong>Omnes</strong></span> <span class='ocrx_word' id='word_1_609' title='bbox 1327 1411 1405 1431; x_wconf 72' lang='lat' dir='ltr'><strong>canes</strong></span> <span class='ocrx_word' id='word_1_610' title='bbox 1430 1405 1507 1436; x_wconf 82' lang='lat' dir='ltr'><strong>muti,</strong></span> <span class='ocrx_word' id='word_1_611' title='bbox 1524 1413 1574 1431; x_wconf 87' lang='lat' dir='ltr'><strong>non</strong></span> <span class='ocrx_word' id='word_1_612' title='bbox 1589 1405 1702 1432; x_wconf 72' lang='lat' dir='ltr'><strong>valentes</strong></span> <span class='ocrx_word' id='word_1_613' title='bbox 1716 1406 1757 1432; x_wconf 87' lang='lat' dir='ltr'><strong>lu-</strong></span> <span class='ocrx_word' id='word_1_614' title='bbox 1774 1418 1777 1421; x_wconf 67' lang='grc' dir='ltr'><strong><em>ι</em></strong></span> 
     </span>
    </p>
   </div>
   <div class='ocr_carea' id='block_1_82' title="bbox 963 1447 1756 1482">
    <p class='ocr_par' dir='ltr' id='par_1_82' title="bbox 963 1447 1756 1482">
     <span class='ocr_line' id='line_1_82' title="bbox 963 1447 1756 1482; baseline 0.008 -11"><span class='ocrx_word' id='word_1_615' title='bbox 963 1447 1221 1477; x_wconf 80' lang='lat' dir='ltr'><strong>trare,somniautes</strong></span> <span class='ocrx_word' id='word_1_616' title='bbox 1248 1447 1274 1473; x_wconf 84' lang='lat' dir='ltr'><strong>in</strong></span> <span class='ocrx_word' id='word_1_617' title='bbox 1300 1447 1378 1480; x_wconf 70' lang='lat' dir='ltr'><strong>let-to,</strong></span> <span class='ocrx_word' id='word_1_618' title='bbox 1390 1452 1509 1475; x_wconf 78' lang='lat' dir='ltr'><strong>amantes</strong></span> <span class='ocrx_word' id='word_1_619' title='bbox 1532 1449 1756 1482; x_wconf 82' lang='lat' dir='ltr'><strong>dormitalionem,</strong></span> 
     </span>
    </p>
   </div>
   <div class='ocr_carea' id='block_1_83' title="bbox 963 1491 1755 1526">
    <p class='ocr_par' dir='ltr' id='par_1_83' title="bbox 963 1491 1755 1526">
     <span class='ocr_line' id='line_1_83' title="bbox 963 1491 1755 1526; baseline 0.008 -10"><span class='ocrx_word' id='word_1_620' title='bbox 963 1495 986 1516; x_wconf 88' lang='lat' dir='ltr'><strong>et</strong></span> <span class='ocrx_word' id='word_1_621' title='bbox 1014 1491 1091 1524; x_wconf 84' lang='lat' dir='ltr'><strong>quasi</strong></span> <span class='ocrx_word' id='word_1_622' title='bbox 1121 1499 1198 1517; x_wconf 76' lang='lat' dir='ltr'><strong>canes</strong></span> <span class='ocrx_word' id='word_1_623' title='bbox 1225 1492 1400 1526; x_wconf 77' lang='lat' dir='ltr'><strong>impudentes,</strong></span> <span class='ocrx_word' id='word_1_624' title='bbox 1415 1493 1503 1520; x_wconf 87' lang='lat' dir='ltr'><strong>animo</strong></span> <span class='ocrx_word' id='word_1_625' title='bbox 1520 1495 1660 1522; x_wconf 76' lang='lat' dir='ltr'><strong>nescientes</strong></span> <span class='ocrx_word' id='word_1_626' title='bbox 1675 1496 1755 1522; x_wconf 72' lang='lat' dir='ltr'><strong>satie-</strong></span> 
     </span>
    </p>
   </div>
   <div class='ocr_carea' id='block_1_84' title="bbox 964 1538 1756 1576">
    <p class='ocr_par' dir='ltr' id='par_1_84' title="bbox 964 1538 1756 1576">
     <span class='ocr_line' id='line_1_84' title="bbox 964 1538 1756 1576; baseline 0.009 -14"><span class='ocrx_word' id='word_1_627' title='bbox 964 1540 1042 1562; x_wconf 83' lang='lat' dir='ltr'><strong>tatem</strong></span> <span class='ocrx_word' id='word_1_628' title='bbox 1065 1544 1073 1564; x_wconf 90' lang='lat'><em>:</em></span> <span class='ocrx_word' id='word_1_629' title='bbox 1093 1542 1116 1564; x_wconf 85' lang='lat' dir='ltr'><strong>et</strong></span> <span class='ocrx_word' id='word_1_630' title='bbox 1149 1538 1213 1564; x_wconf 80' lang='lat' dir='ltr'><strong>ntali</strong></span> <span class='ocrx_word' id='word_1_631' title='bbox 1247 1542 1331 1571; x_wconf 79' lang='lat' dir='ltr'><strong>sunt,</strong></span> <span class='ocrx_word' id='word_1_632' title='bbox 1362 1539 1503 1566; x_wconf 67' lang='lat' dir='ltr'><strong>nescientes</strong></span> <span class='ocrx_word' id='word_1_633' title='bbox 1529 1540 1726 1576; x_wconf 77' lang='lat' dir='ltr'><strong>intelligentiam</strong></span> <span class='ocrx_word' id='word_1_634' title='bbox 1746 1551 1756 1569; x_wconf 95' lang='lat'><em>:</em></span> 
     </span>
    </p>
   </div>
   <div class='ocr_carea' id='block_1_85' title="bbox 926 1572 1754 1621">
    <p class='ocr_par' dir='ltr' id='par_1_85' title="bbox 926 1572 1754 1621">
     <span class='ocr_line' id='line_1_85' title="bbox 926 1572 1754 1621; baseline 0.01 -14"><span class='ocrx_word' id='word_1_635' title='bbox 926 1572 947 1600; x_wconf 69' lang='grc' dir='ltr'>ο</span> <span class='ocrx_word' id='word_1_636' title='bbox 965 1589 1053 1608; x_wconf 71' lang='lat' dir='ltr'><strong>omnes</strong></span> <span class='ocrx_word' id='word_1_637' title='bbox 1068 1582 1124 1609; x_wconf 80' lang='lat' dir='ltr'><strong>vias</strong></span> <span class='ocrx_word' id='word_1_638' title='bbox 1140 1591 1202 1610; x_wconf 68' lang='lat' dir='ltr'><strong>sua;</strong></span> <span class='ocrx_word' id='word_1_639' title='bbox 1216 1584 1299 1610; x_wconf 72' lang='lat' dir='ltr'><strong>secuti</strong></span> <span class='ocrx_word' id='word_1_640' title='bbox 1313 1589 1390 1618; x_wconf 72' lang='lat' dir='ltr'><strong>sunt,</strong></span> <span class='ocrx_word' id='word_1_641' title='bbox 1407 1586 1584 1621; x_wconf 76' lang='lat' dir='ltr'><strong>unusquisque</strong></span> <span class='ocrx_word' id='word_1_642' title='bbox 1597 1587 1623 1612; x_wconf 87' lang='lat' dir='ltr'><strong>in</strong></span> <span class='ocrx_word' id='word_1_643' title='bbox 1641 1595 1719 1615; x_wconf 84' lang='lat' dir='ltr'><strong>unum</strong></span> <span class='ocrx_word' id='word_1_644' title='bbox 1732 1594 1754 1615; x_wconf 84' lang='lat' dir='ltr'><strong>et</strong></span> 
     </span>
    </p>
   </div>
   <div class='ocr_carea' id='block_1_86' title="bbox 966 1627 1046 1654">
    <p class='ocr_par' dir='ltr' id='par_1_86' title="bbox 966 1627 1046 1654">
     <span class='ocr_line' id='line_1_86' title="bbox 966 1627 1046 1654; baseline 0.013 -1"><span class='ocrx_word' id='word_1_645' title='bbox 966 1627 1046 1654; x_wconf 79' lang='lat' dir='ltr'><strong>idem.</strong></span> 
     </span>
    </p>
   </div>
   <div class='ocr_carea' id='block_1_87' title="bbox 1000 1716 1755 1753">
    <p class='ocr_par' dir='ltr' id='par_1_87' title="bbox 1000 1716 1755 1753">
     <span class='ocr_line' id='line_1_87' title="bbox 1000 1716 1755 1753; baseline 0.005 -9"><span class='ocrx_word' id='word_1_646' title='bbox 1000 1716 1150 1752; x_wconf 83' lang='lat' dir='ltr'><strong>Dupliciter</strong></span> <span class='ocrx_word' id='word_1_647' title='bbox 1170 1717 1304 1752; x_wconf 77' lang='lat' dir='ltr'><strong>intelligas</strong></span> <span class='ocrx_word' id='word_1_648' title='bbox 1324 1725 1384 1753; x_wconf 72' lang='lat' dir='ltr'><strong>qua:</strong></span> <span class='ocrx_word' id='word_1_649' title='bbox 1403 1719 1502 1753; x_wconf 89' lang='lat' dir='ltr'><strong>scripta</strong></span> <span class='ocrx_word' id='word_1_650' title='bbox 1523 1724 1596 1747; x_wconf 87' lang='lat' dir='ltr'><strong>sunt.</strong></span> <span class='ocrx_word' id='word_1_651' title='bbox 1617 1720 1663 1748; x_wconf 85' lang='lat' dir='ltr'><strong>Vel</strong></span> <span class='ocrx_word' id='word_1_652' title='bbox 1683 1722 1755 1748; x_wconf 70' lang='lat' dir='ltr'><strong>enim</strong></span> 
     </span>
    </p>
   </div>
   <div class='ocr_carea' id='block_1_88' title="bbox 964 1764 1755 1803">
    <p class='ocr_par' dir='ltr' id='par_1_88' title="bbox 964 1764 1755 1803">
     <span class='ocr_line' id='line_1_88' title="bbox 964 1764 1755 1803; baseline 0.005 -12"><span class='ocrx_word' id='word_1_653' title='bbox 964 1764 1036 1792; x_wconf 85' lang='lat' dir='ltr'><strong>l‘cras</strong></span> <span class='ocrx_word' id='word_1_654' title='bbox 1054 1765 1199 1792; x_wconf 89' lang='lat' dir='ltr'><strong>indomitas</strong></span> <span class='ocrx_word' id='word_1_655' title='bbox 1219 1769 1245 1792; x_wconf 86' lang='lat' dir='ltr'><strong>et</strong></span> <span class='ocrx_word' id='word_1_656' title='bbox 1265 1765 1382 1793; x_wconf 84' lang='lat' dir='ltr'><strong>immites</strong></span> <span class='ocrx_word' id='word_1_657' title='bbox 1399 1766 1516 1801; x_wconf 86' lang='lat' dir='ltr'><strong>appellat</strong></span> <span class='ocrx_word' id='word_1_658' title='bbox 1535 1771 1643 1802; x_wconf 78' lang='lat' dir='ltr'><strong>gentes,</strong></span> <span class='ocrx_word' id='word_1_659' title='bbox 1663 1772 1755 1803; x_wconf 88' lang='lat' dir='ltr'><strong>utpote</strong></span> 
     </span>
    </p>
   </div>
   <div class='ocr_carea' id='block_1_89' title="bbox 964 1810 1756 1847">
    <p class='ocr_par' dir='ltr' id='par_1_89' title="bbox 964 1810 1756 1847">
     <span class='ocr_line' id='line_1_89' title="bbox 964 1810 1756 1847; baseline 0.005 -9"><span class='ocrx_word' id='word_1_660' title='bbox 964 1812 1014 1838; x_wconf 88' lang='lat' dir='ltr'><strong>sub</strong></span> <span class='ocrx_word' id='word_1_661' title='bbox 1043 1811 1091 1837; x_wconf 86' lang='lat' dir='ltr'><strong>tali</strong></span> <span class='ocrx_word' id='word_1_662' title='bbox 1110 1815 1240 1846; x_wconf 82' lang='lat' dir='ltr'><strong>tyranno,</strong></span> <span class='ocrx_word' id='word_1_663' title='bbox 1262 1810 1379 1844; x_wconf 86' lang='lat' dir='ltr'><strong>diabolo,</strong></span> <span class='ocrx_word' id='word_1_664' title='bbox 1409 1811 1533 1847; x_wconf 84' lang='lat' dir='ltr'><strong>inquam,</strong></span> <span class='ocrx_word' id='word_1_665' title='bbox 1558 1813 1703 1847; x_wconf 86' lang='lat' dir='ltr'><strong>educatas,</strong></span> <span class='ocrx_word' id='word_1_666' title='bbox 1727 1820 1756 1842; x_wconf 91' lang='lat' dir='ltr'><strong>et</strong></span> 
     </span>
    </p>
   </div>
   <div class='ocr_carea' id='block_1_90' title="bbox 964 1856 1754 1892">
    <p class='ocr_par' dir='ltr' id='par_1_90' title="bbox 964 1856 1754 1892">
     <span class='ocr_line' id='line_1_90' title="bbox 964 1856 1754 1892; baseline 0.006 -9"><span class='ocrx_word' id='word_1_667' title='bbox 964 1857 1041 1892; x_wconf 83' lang='lat' dir='ltr'><strong>quasi</strong></span> <span class='ocrx_word' id='word_1_668' title='bbox 1058 1856 1199 1891; x_wconf 65' lang='lat' dir='ltr'><strong>eﬂeratas,</strong></span> <span class='ocrx_word' id='word_1_669' title='bbox 1216 1865 1248 1885; x_wconf 89' lang='lat' dir='ltr'><strong>ac</strong></span> <span class='ocrx_word' id='word_1_670' title='bbox 1263 1865 1316 1885; x_wconf 89' lang='lat' dir='ltr'><strong>non</strong></span> <span class='ocrx_word' id='word_1_671' title='bbox 1333 1858 1450 1886; x_wconf 85' lang='lat' dir='ltr'><strong>humano</strong></span> <span class='ocrx_word' id='word_1_672' title='bbox 1465 1867 1540 1887; x_wconf 86' lang='lat' dir='ltr'><strong>more</strong></span> <span class='ocrx_word' id='word_1_673' title='bbox 1553 1860 1675 1888; x_wconf 75' lang='lat' dir='ltr'><strong>viventes</strong></span> <span class='ocrx_word' id='word_1_674' title='bbox 1692 1872 1698 1889; x_wconf 78' lang='grc' dir='ltr'>ε</span> <span class='ocrx_word' id='word_1_675' title='bbox 1713 1862 1754 1890; x_wconf 85' lang='lat' dir='ltr'><strong>vel</strong></span> 
     </span>
    </p>
   </div>
   <div class='ocr_carea' id='block_1_91' title="bbox 972 1904 1755 1943">
    <p class='ocr_par' dir='ltr' id='par_1_91' title="bbox 972 1904 1755 1943">
     <span class='ocr_line' id='line_1_91' title="bbox 972 1904 1755 1943; baseline 0.006 -12"><span class='ocrx_word' id='word_1_676' title='bbox 972 1905 1065 1932; x_wconf 88' lang='lat' dir='ltr'><strong>dicere</strong></span> <span class='ocrx_word' id='word_1_677' title='bbox 1079 1904 1186 1932; x_wconf 86' lang='lat' dir='ltr'><strong>videtur</strong></span> <span class='ocrx_word' id='word_1_678' title='bbox 1209 1904 1281 1932; x_wconf 86' lang='lat' dir='ltr'><strong>feras</strong></span> <span class='ocrx_word' id='word_1_679' title='bbox 1297 1912 1344 1933; x_wconf 88' lang='lat' dir='ltr'><strong>eos</strong></span> <span class='ocrx_word' id='word_1_680' title='bbox 1358 1906 1403 1940; x_wconf 87' lang='lat' dir='ltr'><strong>qui</strong></span> <span class='ocrx_word' id='word_1_681' title='bbox 1419 1905 1545 1934; x_wconf 81' lang='lat' dir='ltr'><strong>lsraclent</strong></span> <span class='ocrx_word' id='word_1_682' title='bbox 1561 1912 1712 1943; x_wconf 86' lang='lat' dir='ltr'><strong>vastarunt,</strong></span> <span class='ocrx_word' id='word_1_683' title='bbox 1727 1915 1755 1936; x_wconf 89' lang='lat' dir='ltr'><strong>ct</strong></span> 
     </span>
    </p>
   </div>
   <div class='ocr_carea' id='block_1_92' title="bbox 964 1950 1755 1985">
    <p class='ocr_par' dir='ltr' id='par_1_92' title="bbox 964 1950 1755 1985">
     <span class='ocr_line' id='line_1_92' title="bbox 964 1950 1755 1985; baseline 0.009 -9"><span class='ocrx_word' id='word_1_684' title='bbox 964 1954 1075 1985; x_wconf 84' lang='lat' dir='ltr'><strong>propter</strong></span> <span class='ocrx_word' id='word_1_685' title='bbox 1095 1950 1263 1985; x_wconf 84' lang='lat' dir='ltr'><strong>impietatem</strong></span> <span class='ocrx_word' id='word_1_686' title='bbox 1286 1951 1313 1978; x_wconf 93' lang='lat' dir='ltr'><strong>in</strong></span> <span class='ocrx_word' id='word_1_687' title='bbox 1333 1951 1471 1980; x_wconf 86' lang='lat' dir='ltr'><strong>Christum</strong></span> <span class='ocrx_word' id='word_1_688' title='bbox 1495 1957 1552 1981; x_wconf 92' lang='lat' dir='ltr'><strong>toto</strong></span> <span class='ocrx_word' id='word_1_689' title='bbox 1573 1961 1621 1982; x_wconf 88' lang='lat' dir='ltr'><strong>ore</strong></span> <span class='ocrx_word' id='word_1_690' title='bbox 1643 1955 1755 1983; x_wconf 82' lang='lat' dir='ltr'><strong>devora-</strong></span> 
     </span>
    </p>
   </div>
   <div class='ocr_carea' id='block_1_93' title="bbox 965 1995 1754 2032">
    <p class='ocr_par' dir='ltr' id='par_1_93' title="bbox 965 1995 1754 2032">
     <span class='ocr_line' id='line_1_93' title="bbox 965 1995 1754 2032; baseline 0.006 -8"><span class='ocrx_word' id='word_1_691' title='bbox 965 2000 1036 2024; x_wconf 85' lang='lat' dir='ltr'><strong>runt.</strong></span> <span class='ocrx_word' id='word_1_692' title='bbox 1053 1995 1081 2023; x_wconf 88' lang='lat' dir='ltr'><strong>Si</strong></span> <span class='ocrx_word' id='word_1_693' title='bbox 1097 1997 1217 2032; x_wconf 76' lang='lat' dir='ltr'><strong>gentium</strong></span> <span class='ocrx_word' id='word_1_694' title='bbox 1232 2001 1262 2024; x_wconf 92' lang='lat' dir='ltr'><strong>ut</strong></span> <span class='ocrx_word' id='word_1_695' title='bbox 1276 1997 1395 2025; x_wconf 79' lang='lat' dir='ltr'><strong>ferarum</strong></span> <span class='ocrx_word' id='word_1_696' title='bbox 1412 1999 1544 2032; x_wconf 88' lang='lat' dir='ltr'><strong>meminit,</strong></span> <span class='ocrx_word' id='word_1_697' title='bbox 1571 2000 1686 2028; x_wconf 87' lang='lat' dir='ltr'><strong>dicimus</strong></span> <span class='ocrx_word' id='word_1_698' title='bbox 1702 2001 1754 2029; x_wconf 86' lang='lat' dir='ltr'><strong>illis</strong></span> 
     </span>
    </p>
   </div>
   <div class='ocr_carea' id='block_1_94' title="bbox 964 2042 1754 2082">
    <p class='ocr_par' dir='ltr' id='par_1_94' title="bbox 964 2042 1754 2082">
     <span class='ocr_line' id='line_1_94' title="bbox 964 2042 1754 2082; baseline 0.006 -13"><span class='ocrx_word' id='word_1_699' title='bbox 964 2042 1016 2070; x_wconf 91' lang='lat' dir='ltr'><strong>hoc</strong></span> <span class='ocrx_word' id='word_1_700' title='bbox 1038 2042 1139 2069; x_wconf 89' lang='lat' dir='ltr'><strong>dictum</strong></span> <span class='ocrx_word' id='word_1_701' title='bbox 1162 2050 1222 2070; x_wconf 84' lang='lat' dir='ltr'><strong>esse</strong></span> <span class='ocrx_word' id='word_1_702' title='bbox 1247 2050 1263 2070; x_wconf 88' lang='lat' dir='ltr'><strong>a</strong></span> <span class='ocrx_word' id='word_1_703' title='bbox 1292 2043 1348 2072; x_wconf 90' lang='lat' dir='ltr'><strong>Deo</strong></span> <span class='ocrx_word' id='word_1_704' title='bbox 1375 2053 1381 2071; x_wconf 92' lang='lat'>:</span> <span class='ocrx_word' id='word_1_705' title='bbox 1408 2043 1514 2076; x_wconf 75' lang='lat' dir='ltr'><strong>Vertite,</strong></span> <span class='ocrx_word' id='word_1_706' title='bbox 1529 2047 1661 2074; x_wconf 86' lang='lat' dir='ltr'><strong>comedite</strong></span> <span class='ocrx_word' id='word_1_707' title='bbox 1679 2057 1685 2075; x_wconf 88' lang='lat'><strong>:</strong></span> <span class='ocrx_word' id='word_1_708' title='bbox 1702 2056 1754 2082; x_wconf 87' lang='lat' dir='ltr'><strong>quo</strong></span> 
     </span>
    </p>
   </div>
   <div class='ocr_carea' id='block_1_95' title="bbox 964 2090 1755 2120">
    <p class='ocr_par' dir='ltr' id='par_1_95' title="bbox 964 2090 1755 2120">
     <span class='ocr_line' id='line_1_95' title="bbox 964 2090 1755 2120; baseline 0.006 -5"><span class='ocrx_word' id='word_1_709' title='bbox 964 2095 1072 2116; x_wconf 86' lang='lat' dir='ltr'><strong>omnem</strong></span> <span class='ocrx_word' id='word_1_710' title='bbox 1086 2093 1242 2116; x_wconf 85' lang='lat' dir='ltr'><strong>sanctorum</strong></span> <span class='ocrx_word' id='word_1_711' title='bbox 1254 2090 1449 2118; x_wconf 87' lang='lat' dir='ltr'><strong>charismatum</strong></span> <span class='ocrx_word' id='word_1_712' title='bbox 1463 2091 1628 2119; x_wconf 84' lang='lat' dir='ltr'><strong>allluentiam</strong></span> <span class='ocrx_word' id='word_1_713' title='bbox 1642 2093 1695 2120; x_wconf 88' lang='lat' dir='ltr'><strong>illis</strong></span> <span class='ocrx_word' id='word_1_714' title='bbox 1709 2094 1755 2120; x_wconf 88' lang='lat' dir='ltr'><strong>da-</strong></span> 
     </span>
    </p>
   </div>
   <div class='ocr_carea' id='block_1_96' title="bbox 966 2135 1755 2174">
    <p class='ocr_par' dir='ltr' id='par_1_96' title="bbox 966 2135 1755 2174">
     <span class='ocr_line' id='line_1_96' title="bbox 966 2135 1755 2174; baseline 0.006 -12"><span class='ocrx_word' id='word_1_715' title='bbox 966 2139 1019 2162; x_wconf 86' lang='lat' dir='ltr'><strong>tam</strong></span> <span class='ocrx_word' id='word_1_716' title='bbox 1034 2142 1094 2163; x_wconf 86' lang='lat' dir='ltr'><strong>esse</strong></span> <span class='ocrx_word' id='word_1_717' title='bbox 1108 2135 1253 2170; x_wconf 76' lang='lat' dir='ltr'><strong>significat,</strong></span> <span class='ocrx_word' id='word_1_718' title='bbox 1273 2141 1300 2163; x_wconf 87' lang='lat' dir='ltr'><strong>et</strong></span> <span class='ocrx_word' id='word_1_719' title='bbox 1313 2144 1434 2164; x_wconf 88' lang='lat' dir='ltr'><strong>mensam</strong></span> <span class='ocrx_word' id='word_1_720' title='bbox 1449 2145 1509 2165; x_wconf 84' lang='lat' dir='ltr'><strong>esse</strong></span> <span class='ocrx_word' id='word_1_721' title='bbox 1531 2139 1680 2173; x_wconf 87' lang='lat' dir='ltr'><strong>appositam</strong></span> <span class='ocrx_word' id='word_1_722' title='bbox 1694 2147 1755 2174; x_wconf 64' lang='lat' dir='ltr'><strong>quae</strong></span> 
     </span>
    </p>
   </div>
   <div class='ocr_carea' id='block_1_97' title="bbox 965 2181 1754 2218">
    <p class='ocr_par' dir='ltr' id='par_1_97' title="bbox 965 2181 1754 2218">
     <span class='ocr_line' id='line_1_97' title="bbox 965 2181 1754 2218; baseline 0.006 -10"><span class='ocrx_word' id='word_1_723' title='bbox 965 2181 1093 2209; x_wconf 79' lang='lat' dir='ltr'><strong>viviticat.</strong></span> <span class='ocrx_word' id='word_1_724' title='bbox 1113 2181 1234 2209; x_wconf 86' lang='lat' dir='ltr'><strong>Ederunt</strong></span> <span class='ocrx_word' id='word_1_725' title='bbox 1253 2182 1325 2209; x_wconf 89' lang='lat' dir='ltr'><strong>enim</strong></span> <span class='ocrx_word' id='word_1_726' title='bbox 1346 2187 1373 2210; x_wconf 88' lang='lat' dir='ltr'><strong>et</strong></span> <span class='ocrx_word' id='word_1_727' title='bbox 1394 2183 1446 2217; x_wconf 84' lang='lat' dir='ltr'><strong>ipsi</strong></span> <span class='ocrx_word' id='word_1_728' title='bbox 1466 2191 1562 2218; x_wconf 86' lang='lat' dir='ltr'><strong>panem</strong></span> <span class='ocrx_word' id='word_1_729' title='bbox 1581 2185 1643 2213; x_wconf 81' lang='lat' dir='ltr'><strong>vitae</strong></span> <span class='ocrx_word' id='word_1_730' title='bbox 1664 2195 1671 2213; x_wconf 90' lang='lat'><strong>:</strong></span> <span class='ocrx_word' id='word_1_731' title='bbox 1693 2194 1754 2213; x_wconf 89' lang='lat' dir='ltr'><strong>nam</strong></span> 
     </span>
    </p>
   </div>
   <div class='ocr_carea' id='block_1_98' title="bbox 965 2227 1754 2265">
    <p class='ocr_par' dir='ltr' id='par_1_98' title="bbox 965 2227 1754 2265">
     <span class='ocr_line' id='line_1_98' title="bbox 965 2227 1754 2265; baseline 0.005 -10"><span class='ocrx_word' id='word_1_732' title='bbox 965 2227 1044 2263; x_wconf 87' lang='lat' dir='ltr'><strong>partis</strong></span> <span class='ocrx_word' id='word_1_733' title='bbox 1058 2227 1160 2256; x_wconf 89' lang='lat' dir='ltr'><strong>Chriin</strong></span> <span class='ocrx_word' id='word_1_734' title='bbox 1178 2227 1325 2263; x_wconf 78' lang='lat' dir='ltr'><strong>participes</strong></span> <span class='ocrx_word' id='word_1_735' title='bbox 1340 2228 1404 2255; x_wconf 81' lang='lat' dir='ltr'><strong>iacti</strong></span> <span class='ocrx_word' id='word_1_736' title='bbox 1422 2235 1498 2263; x_wconf 85' lang='lat' dir='ltr'><strong>sunt,</strong></span> <span class='ocrx_word' id='word_1_737' title='bbox 1513 2235 1541 2257; x_wconf 81' lang='lat' dir='ltr'><strong>et</strong></span> <span class='ocrx_word' id='word_1_738' title='bbox 1557 2231 1677 2265; x_wconf 86' lang='lat' dir='ltr'><strong>ejusdem</strong></span> <span class='ocrx_word' id='word_1_739' title='bbox 1693 2239 1754 2259; x_wconf 91' lang='lat' dir='ltr'><strong>cum</strong></span> 
     </span>
    </p>
   </div>
   <div class='ocr_carea' id='block_1_99' title="bbox 967 2273 1756 2308">
    <p class='ocr_par' dir='ltr' id='par_1_99' title="bbox 967 2273 1756 2308">
     <span class='ocr_line' id='line_1_99' title="bbox 967 2273 1756 2308; baseline 0.004 -7"><span class='ocrx_word' id='word_1_740' title='bbox 967 2273 1069 2301; x_wconf 88' lang='lat' dir='ltr'><strong>sanctis</strong></span> <span class='ocrx_word' id='word_1_741' title='bbox 1081 2273 1217 2308; x_wconf 82' lang='lat' dir='ltr'><strong>corporis,</strong></span> <span class='ocrx_word' id='word_1_742' title='bbox 1231 2273 1297 2300; x_wconf 87' lang='lat' dir='ltr'><strong>adeo</strong></span> <span class='ocrx_word' id='word_1_743' title='bbox 1311 2278 1340 2300; x_wconf 90' lang='lat' dir='ltr'><strong>ut</strong></span> <span class='ocrx_word' id='word_1_744' title='bbox 1352 2273 1500 2308; x_wconf 79' lang='lat' dir='ltr'><strong>gaudentes</strong></span> <span class='ocrx_word' id='word_1_745' title='bbox 1513 2276 1605 2303; x_wconf 86' lang='lat' dir='ltr'><strong>dicant</strong></span> <span class='ocrx_word' id='word_1_746' title='bbox 1617 2284 1624 2303; x_wconf 89' lang='lat'><strong>:</strong></span> <span class='ocrx_word' id='word_1_747' title='bbox 1639 2285 1649 2302; x_wconf 85' lang='grc'><em>‹</em></span> <span class='ocrx_word' id='word_1_748' title='bbox 1665 2275 1756 2304; x_wconf 83' lang='grc' dir='ltr'><strong>Ι)οωὶ-</strong></span> 
     </span>
    </p>
   </div>
   <div class='ocr_carea' id='block_1_100' title="bbox 963 2320 1755 2359">
    <p class='ocr_par' dir='ltr' id='par_1_100' title="bbox 963 2320 1755 2359">
     <span class='ocr_line' id='line_1_100' title="bbox 963 2320 1755 2359; baseline 0.006 -12"><span class='ocrx_word' id='word_1_749' title='bbox 963 2328 1016 2348; x_wconf 86' lang='lat' dir='ltr'><strong>nus</strong></span> <span class='ocrx_word' id='word_1_750' title='bbox 1033 2320 1119 2356; x_wconf 87' lang='lat' dir='ltr'><strong>pascit</strong></span> <span class='ocrx_word' id='word_1_751' title='bbox 1136 2328 1188 2354; x_wconf 87' lang='lat' dir='ltr'><strong>tne,</strong></span> <span class='ocrx_word' id='word_1_752' title='bbox 1205 2325 1233 2347; x_wconf 90' lang='lat' dir='ltr'><strong>et</strong></span> <span class='ocrx_word' id='word_1_753' title='bbox 1250 2320 1315 2347; x_wconf 91' lang='lat' dir='ltr'><strong>nihil</strong></span> <span class='ocrx_word' id='word_1_754' title='bbox 1333 2320 1398 2347; x_wconf 88' lang='lat' dir='ltr'><strong>mihi</strong></span> <span class='ocrx_word' id='word_1_755' title='bbox 1416 2320 1514 2354; x_wconf 86' lang='lat' dir='ltr'><strong>deerit,</strong></span> <span class='ocrx_word' id='word_1_756' title='bbox 1529 2322 1556 2350; x_wconf 89' lang='lat' dir='ltr'><strong>in</strong></span> <span class='ocrx_word' id='word_1_757' title='bbox 1575 2323 1633 2351; x_wconf 85' lang='lat' dir='ltr'><strong>loco</strong></span> <span class='ocrx_word' id='word_1_758' title='bbox 1649 2331 1755 2359; x_wconf 70' lang='lat' dir='ltr'><strong>pascuae</strong></span> 
     </span>
    </p>
   </div>
   <div class='ocr_carea' id='block_1_101' title="bbox 964 2366 1754 2402">
    <p class='ocr_par' dir='ltr' id='par_1_101' title="bbox 964 2366 1754 2402">
     <span class='ocr_line' id='line_1_101' title="bbox 964 2366 1754 2402; baseline 0.006 -8"><span class='ocrx_word' id='word_1_759' title='bbox 964 2367 1000 2394; x_wconf 89' lang='lat' dir='ltr'><strong>ibi</strong></span> <span class='ocrx_word' id='word_1_760' title='bbox 1016 2375 1059 2394; x_wconf 87' lang='lat' dir='ltr'><strong>me</strong></span> <span class='ocrx_word' id='word_1_761' title='bbox 1074 2367 1226 2395; x_wconf 83' lang='lat' dir='ltr'><strong>collocavit.</strong></span> <span class='ocrx_word' id='word_1_762' title='bbox 1242 2366 1329 2402; x_wconf 85' lang='lat' dir='ltr'><strong>Super</strong></span> <span class='ocrx_word' id='word_1_763' title='bbox 1342 2375 1440 2402; x_wconf 88' lang='lat' dir='ltr'><strong>aquam</strong></span> <span class='ocrx_word' id='word_1_764' title='bbox 1458 2368 1614 2397; x_wconf 81' lang='lat' dir='ltr'><strong>refectionis</strong></span> <span class='ocrx_word' id='word_1_765' title='bbox 1627 2371 1754 2400; x_wconf 84' lang='lat' dir='ltr'><strong>educavit</strong></span> 
     </span>
    </p>
   </div>
   <div class='ocr_carea' id='block_1_102' title="bbox 965 2413 1753 2451">
    <p class='ocr_par' dir='ltr' id='par_1_102' title="bbox 965 2413 1753 2451">
     <span class='ocr_line' id='line_1_102' title="bbox 965 2413 1753 2451; baseline 0.006 -11"><span class='ocrx_word' id='word_1_766' title='bbox 965 2421 1018 2446; x_wconf 88' lang='lat' dir='ltr'><strong>me,</strong></span> <span class='ocrx_word' id='word_1_767' title='bbox 1035 2413 1154 2440; x_wconf 85' lang='lat' dir='ltr'><strong>animam</strong></span> <span class='ocrx_word' id='word_1_768' title='bbox 1173 2421 1260 2440; x_wconf 82' lang='lat' dir='ltr'><strong>meam</strong></span> <span class='ocrx_word' id='word_1_769' title='bbox 1278 2414 1422 2441; x_wconf 84' lang='lat' dir='ltr'><strong>convertit.</strong></span> <span class='ocrx_word' id='word_1_770' title='bbox 1440 2414 1543 2442; x_wconf 84' lang='lat' dir='ltr'><strong>Parasti</strong></span> <span class='ocrx_word' id='word_1_771' title='bbox 1562 2416 1588 2442; x_wconf 91' lang='lat' dir='ltr'><strong>in</strong></span> <span class='ocrx_word' id='word_1_772' title='bbox 1607 2422 1753 2451; x_wconf 87' lang='lat' dir='ltr'><strong>conspectu</strong></span> 
     </span>
    </p>
   </div>
   <div class='ocr_carea' id='block_1_103' title="bbox 964 2459 1755 2495">
    <p class='ocr_par' dir='ltr' id='par_1_103' title="bbox 964 2459 1755 2495">
     <span class='ocr_line' id='line_1_103' title="bbox 964 2459 1755 2495; baseline 0.008 -10"><span class='ocrx_word' id='word_1_773' title='bbox 964 2465 1026 2486; x_wconf 90' lang='lat' dir='ltr'><strong>meo</strong></span> <span class='ocrx_word' id='word_1_774' title='bbox 1044 2466 1163 2486; x_wconf 87' lang='lat' dir='ltr'><strong>mensam</strong></span> <span class='ocrx_word' id='word_1_775' title='bbox 1175 2459 1208 2486; x_wconf 77' lang='grc'><strong>⁸³.</strong></span> <span class='ocrx_word' id='word_1_776' title='bbox 1231 2469 1240 2486; x_wconf 74' lang='grc' dir='ltr'><strong>ι</strong></span> <span class='ocrx_word' id='word_1_777' title='bbox 1265 2460 1336 2487; x_wconf 83' lang='lat' dir='ltr'><strong>Dixit</strong></span> <span class='ocrx_word' id='word_1_778' title='bbox 1355 2460 1436 2488; x_wconf 86' lang='lat' dir='ltr'><strong>etiam</strong></span> <span class='ocrx_word' id='word_1_779' title='bbox 1457 2469 1504 2495; x_wconf 86' lang='lat' dir='ltr'><strong>per</strong></span> <span class='ocrx_word' id='word_1_780' title='bbox 1520 2469 1601 2489; x_wconf 89' lang='lat' dir='ltr'><strong>unum</strong></span> <span class='ocrx_word' id='word_1_781' title='bbox 1619 2470 1636 2490; x_wconf 87' lang='lat' dir='ltr'><strong>e</strong></span> <span class='ocrx_word' id='word_1_782' title='bbox 1652 2464 1755 2492; x_wconf 83' lang='lat' dir='ltr'><strong>sanctis</strong></span> 
     </span>
    </p>
   </div>
   <div class='ocr_carea' id='block_1_104' title="bbox 966 2504 1750 2541">
    <p class='ocr_par' dir='ltr' id='par_1_104' title="bbox 966 2504 1750 2541">
     <span class='ocr_line' id='line_1_104' title="bbox 966 2504 1750 2541; baseline 0.006 -10"><span class='ocrx_word' id='word_1_783' title='bbox 966 2504 1104 2539; x_wconf 84' lang='lat' dir='ltr'><strong>prophetis</strong></span> <span class='ocrx_word' id='word_1_784' title='bbox 1118 2513 1124 2531; x_wconf 93' lang='lat'><strong>:</strong></span> <span class='ocrx_word' id='word_1_785' title='bbox 1142 2514 1150 2530; x_wconf 83' lang='lat' dir='ltr'><strong>t</strong></span> <span class='ocrx_word' id='word_1_786' title='bbox 1167 2505 1253 2539; x_wconf 86' lang='lat' dir='ltr'><strong>Editc,</strong></span> <span class='ocrx_word' id='word_1_787' title='bbox 1267 2505 1358 2540; x_wconf 89' lang='lat' dir='ltr'><strong>bibite,</strong></span> <span class='ocrx_word' id='word_1_788' title='bbox 1371 2511 1398 2534; x_wconf 92' lang='lat' dir='ltr'><strong>et</strong></span> <span class='ocrx_word' id='word_1_789' title='bbox 1411 2507 1682 2541; x_wconf 82' lang='lat' dir='ltr'><strong>inebriamiui,vicini</strong></span> <span class='ocrx_word' id='word_1_790' title='bbox 1692 2509 1724 2536; x_wconf 73' lang='grc'><strong>⁸⁸.</strong></span> <span class='ocrx_word' id='word_1_791' title='bbox 1741 2519 1750 2535; x_wconf 72' lang='grc' dir='ltr'><strong>ι</strong></span> 
     </span>
    </p>
   </div>
   <div class='ocr_carea' id='block_1_105' title="bbox 966 2550 1753 2590">
    <p class='ocr_par' dir='ltr' id='par_1_105' title="bbox 966 2550 1753 2590">
     <span class='ocr_line' id='line_1_105' title="bbox 966 2550 1753 2590; baseline 0.01 -14"><span class='ocrx_word' id='word_1_792' title='bbox 966 2550 1016 2584; x_wconf 83' lang='lat' dir='ltr'><strong>Qui</strong></span> <span class='ocrx_word' id='word_1_793' title='bbox 1030 2550 1101 2577; x_wconf 87' lang='lat' dir='ltr'><strong>enim</strong></span> <span class='ocrx_word' id='word_1_794' title='bbox 1117 2551 1208 2586; x_wconf 90' lang='lat' dir='ltr'><strong>procul</strong></span> <span class='ocrx_word' id='word_1_795' title='bbox 1222 2552 1337 2580; x_wconf 82' lang='lat' dir='ltr'><strong>aberant</strong></span> <span class='ocrx_word' id='word_1_796' title='bbox 1350 2560 1365 2580; x_wconf 85' lang='lat' dir='ltr'><strong>a</strong></span> <span class='ocrx_word' id='word_1_797' title='bbox 1380 2554 1444 2585; x_wconf 87' lang='lat' dir='ltr'><strong>Deo,</strong></span> <span class='ocrx_word' id='word_1_798' title='bbox 1457 2554 1599 2589; x_wconf 85' lang='lat' dir='ltr'><strong>propinqui</strong></span> <span class='ocrx_word' id='word_1_799' title='bbox 1614 2563 1662 2590; x_wconf 89' lang='lat' dir='ltr'><strong>per</strong></span> <span class='ocrx_word' id='word_1_800' title='bbox 1674 2556 1753 2585; x_wconf 82' lang='lat' dir='ltr'><strong>fidem</strong></span> 
     </span>
    </p>
   </div>
   <div class='ocr_carea' id='block_1_106' title="bbox 966 2597 1754 2633">
    <p class='ocr_par' dir='ltr' id='par_1_106' title="bbox 966 2597 1754 2633">
     <span class='ocr_line' id='line_1_106' title="bbox 966 2597 1754 2633; baseline 0.008 -10"><span class='ocrx_word' id='word_1_801' title='bbox 966 2597 1029 2624; x_wconf 86' lang='lat' dir='ltr'><strong>facti</strong></span> <span class='ocrx_word' id='word_1_802' title='bbox 1052 2601 1111 2624; x_wconf 88' lang='lat' dir='ltr'><strong>sunt</strong></span> <span class='ocrx_word' id='word_1_803' title='bbox 1133 2606 1139 2624; x_wconf 92' lang='lat'><strong>:</strong></span> <span class='ocrx_word' id='word_1_804' title='bbox 1160 2598 1204 2632; x_wconf 91' lang='lat' dir='ltr'><strong>qui</strong></span> <span class='ocrx_word' id='word_1_805' title='bbox 1229 2600 1363 2633; x_wconf 85' lang='lat' dir='ltr'><strong>quondam</strong></span> <span class='ocrx_word' id='word_1_806' title='bbox 1385 2601 1526 2633; x_wconf 85' lang='lat' dir='ltr'><strong>errabant,</strong></span> <span class='ocrx_word' id='word_1_807' title='bbox 1546 2606 1573 2628; x_wconf 86' lang='lat' dir='ltr'><strong>et</strong></span> <span class='ocrx_word' id='word_1_808' title='bbox 1594 2609 1673 2629; x_wconf 89' lang='lat' dir='ltr'><strong>sacro</strong></span> <span class='ocrx_word' id='word_1_809' title='bbox 1693 2602 1754 2630; x_wconf 83' lang='lat' dir='ltr'><strong>cibo</strong></span> 
     </span>
    </p>
   </div>
   <div class='ocr_carea' id='block_1_107' title="bbox 965 2643 1754 2678">
    <p class='ocr_par' dir='ltr' id='par_1_107' title="bbox 965 2643 1754 2678">
     <span class='ocr_line' id='line_1_107' title="bbox 965 2643 1754 2678; baseline 0.006 -8"><span class='ocrx_word' id='word_1_810' title='bbox 965 2643 1060 2678; x_wconf 88' lang='lat' dir='ltr'><strong>repleti</strong></span> <span class='ocrx_word' id='word_1_811' title='bbox 1077 2647 1149 2670; x_wconf 86' lang='lat' dir='ltr'><strong>sunt.</strong></span> <span class='ocrx_word' id='word_1_812' title='bbox 1164 2643 1299 2678; x_wconf 87' lang='lat' dir='ltr'><strong>Scriptum</strong></span> <span class='ocrx_word' id='word_1_813' title='bbox 1316 2645 1387 2671; x_wconf 88' lang='lat' dir='ltr'><strong>enim</strong></span> <span class='ocrx_word' id='word_1_814' title='bbox 1398 2651 1458 2673; x_wconf 88' lang='lat' dir='ltr'><strong>est:</strong></span> <span class='ocrx_word' id='word_1_815' title='bbox 1476 2656 1484 2672; x_wconf 79' lang='grc' dir='ltr'><strong>ι</strong></span> <span class='ocrx_word' id='word_1_816' title='bbox 1497 2646 1577 2675; x_wconf 83' lang='lat' dir='ltr'><strong>Panis</strong></span> <span class='ocrx_word' id='word_1_817' title='bbox 1592 2647 1754 2675; x_wconf 86' lang='lat' dir='ltr'><strong>roboratcor</strong></span> 
     </span>
    </p>
   </div>
   <div class='ocr_carea' id='block_1_108' title="bbox 966 2688 1754 2729">
    <p class='ocr_par' dir='ltr' id='par_1_108' title="bbox 966 2688 1754 2729">
     <span class='ocr_line' id='line_1_108' title="bbox 966 2688 1754 2729; baseline 0.004 -12"><span class='ocrx_word' id='word_1_818' title='bbox 966 2690 1083 2717; x_wconf 83' lang='lat' dir='ltr'><strong>hominis</strong></span> <span class='ocrx_word' id='word_1_819' title='bbox 1100 2688 1135 2705; x_wconf 65' lang='grc' dir='ltr'><strong>δν</strong></span> <span class='ocrx_word' id='word_1_820' title='bbox 1150 2699 1173 2717; x_wconf 76' lang='grc' dir='ltr'><strong>,ι</strong></span> <span class='ocrx_word' id='word_1_821' title='bbox 1187 2689 1233 2717; x_wconf 85' lang='lat' dir='ltr'><strong>Sin</strong></span> <span class='ocrx_word' id='word_1_822' title='bbox 1252 2690 1315 2717; x_wconf 68' lang='lat' dir='ltr'><strong>fera:</strong></span> <span class='ocrx_word' id='word_1_823' title='bbox 1326 2691 1510 2726; x_wconf 81' lang='lat' dir='ltr'><strong>intelligantur</strong></span> <span class='ocrx_word' id='word_1_824' title='bbox 1521 2702 1535 2719; x_wconf 87' lang='lat' dir='ltr'><strong>a</strong></span> <span class='ocrx_word' id='word_1_825' title='bbox 1548 2694 1633 2727; x_wconf 84' lang='lat' dir='ltr'><strong>nobis,</strong></span> <span class='ocrx_word' id='word_1_826' title='bbox 1653 2694 1697 2729; x_wconf 87' lang='lat' dir='ltr'><strong>qui</strong></span> <span class='ocrx_word' id='word_1_827' title='bbox 1709 2695 1754 2720; x_wconf 80' lang='lat' dir='ltr'><strong>de-</strong></span> 
     </span>
    </p>
   </div>
   <div class='ocr_carea' id='block_1_109' title="bbox 967 2735 1753 2771">
    <p class='ocr_par' dir='ltr' id='par_1_109' title="bbox 967 2735 1753 2771">
     <span class='ocr_line' id='line_1_109' title="bbox 967 2735 1753 2771; baseline 0.009 -11"><span class='ocrx_word' id='word_1_828' title='bbox 967 2741 1062 2762; x_wconf 74' lang='lat' dir='ltr'><strong>vorant</strong></span> <span class='ocrx_word' id='word_1_829' title='bbox 1072 2735 1207 2769; x_wconf 85' lang='lat' dir='ltr'><strong>lsraelem,</strong></span> <span class='ocrx_word' id='word_1_830' title='bbox 1221 2735 1283 2763; x_wconf 92' lang='lat' dir='ltr'><strong>illud</strong></span> <span class='ocrx_word' id='word_1_831' title='bbox 1296 2745 1303 2763; x_wconf 88' lang='lat'><strong>:</strong></span> <span class='ocrx_word' id='word_1_832' title='bbox 1317 2737 1422 2770; x_wconf 88' lang='lat' dir='ltr'><strong>Venite,</strong></span> <span class='ocrx_word' id='word_1_833' title='bbox 1437 2739 1518 2771; x_wconf 82' lang='lat' dir='ltr'><strong>edite,</strong></span> <span class='ocrx_word' id='word_1_834' title='bbox 1530 2745 1571 2767; x_wconf 86' lang='lat' dir='ltr'><strong>est</strong></span> <span class='ocrx_word' id='word_1_835' title='bbox 1585 2745 1686 2767; x_wconf 88' lang='lat' dir='ltr'><strong>tantum</strong></span> <span class='ocrx_word' id='word_1_836' title='bbox 1701 2748 1753 2768; x_wconf 87' lang='lat' dir='ltr'><strong>non</strong></span> 
     </span>
    </p>
   </div>
   <div class='ocr_carea' id='block_1_110' title="bbox 966 2781 1754 2823">
    <p class='ocr_par' dir='ltr' id='par_1_110' title="bbox 966 2781 1754 2823">
     <span class='ocr_line' id='line_1_110' title="bbox 966 2781 1754 2823; baseline 0.008 -15"><span class='ocrx_word' id='word_1_837' title='bbox 966 2781 1116 2815; x_wconf 82' lang='lat' dir='ltr'><strong>objicientis</strong></span> <span class='ocrx_word' id='word_1_838' title='bbox 1136 2781 1188 2809; x_wconf 90' lang='lat' dir='ltr'><strong>illis</strong></span> <span class='ocrx_word' id='word_1_839' title='bbox 1209 2789 1256 2810; x_wconf 84' lang='lat' dir='ltr'><strong>cos</strong></span> <span class='ocrx_word' id='word_1_840' title='bbox 1279 2782 1324 2817; x_wconf 90' lang='lat' dir='ltr'><strong>qui</strong></span> <span class='ocrx_word' id='word_1_841' title='bbox 1344 2783 1424 2817; x_wconf 86' lang='lat' dir='ltr'><strong>impie</strong></span> <span class='ocrx_word' id='word_1_842' title='bbox 1442 2791 1572 2818; x_wconf 77' lang='lat' dir='ltr'><strong>egerunt,</strong></span> <span class='ocrx_word' id='word_1_843' title='bbox 1603 2786 1754 2823; x_wconf 83' lang='lat' dir='ltr'><strong>quibusque</strong></span> 
     </span>
    </p>
   </div>
   <div class='ocr_carea' id='block_1_111' title="bbox 155 2860 966 2903">
    <p class='ocr_par' dir='ltr' id='par_1_111' title="bbox 155 2860 966 2903">
     <span class='ocr_line' id='line_1_111' title="bbox 155 2860 966 2903; baseline 0 -6"><span class='ocrx_word' id='word_1_844' title='bbox 155 2867 177 2884; x_wconf 79' lang='grc'><strong>⁸³</strong></span> <span class='ocrx_word' id='word_1_845' title='bbox 197 2869 268 2898; x_wconf 79' lang='lat' dir='ltr'><strong>Psal.</strong></span> <span class='ocrx_word' id='word_1_846' title='bbox 285 2878 352 2902; x_wconf 76' lang='lat' dir='ltr'><strong>xxii,</strong></span> <span class='ocrx_word' id='word_1_847' title='bbox 376 2869 429 2896; x_wconf 83' lang='grc'><strong>1-5.</strong></span> <span class='ocrx_word' id='word_1_848' title='bbox 468 2870 490 2885; x_wconf 65' lang='grc'><strong>³³³</strong></span> <span class='ocrx_word' id='word_1_849' title='bbox 508 2869 585 2897; x_wconf 84' lang='lat' dir='ltr'><strong>Cant.</strong></span> <span class='ocrx_word' id='word_1_850' title='bbox 603 2877 627 2903; x_wconf 90' lang='lat' dir='ltr'><strong>v,</strong></span> <span class='ocrx_word' id='word_1_851' title='bbox 645 2869 669 2896; x_wconf 87' lang='lat' dir='ltr'><strong>l.</strong></span> <span class='ocrx_word' id='word_1_852' title='bbox 707 2868 741 2884; x_wconf 77' lang='grc'><strong>⁸⁸·</strong></span> <span class='ocrx_word' id='word_1_853' title='bbox 761 2868 831 2896; x_wconf 81' lang='lat' dir='ltr'><strong>Psal.</strong></span> <span class='ocrx_word' id='word_1_854' title='bbox 847 2860 905 2902; x_wconf 71' lang='lat' dir='ltr'><strong>eiu,</strong></span> <span class='ocrx_word' id='word_1_855' title='bbox 922 2868 966 2897; x_wconf 82' lang='grc'><strong>15.</strong></span> 
     </span>
    </p>
   </div>
  </div>
