1883 3054
162 133 227 162 1251

657 135 685 163 S.
706 134 844 163 CYRILLI
863 133 1097 162 ALEXANDRINI
1119 133 1279 162 ARCHIEP.

1735 135 1808 163 i252

161 194 258 221 merito
281 194 393 229 contigit
414 200 442 221 ut
464 194 490 222 id
511 195 656 230 patiantur,
677 195 775 230 quippe
797 194 879 230 794
899 203 904 221 ι

1064 203 1076 221 ν
1088 195 1111 221 οἱ
1130 194 1333 228 καταφαγόντες
1346 193 1391 220 τὸν
1404 193 1521 229 Ἰσραὴλ,
1537 193 1567 220 τὸ
1579 192 1676 224 Δεῦτε,
1687 193 1807 228 φάγετε.

160 241 308 274 principem
320 241 382 267 vita:
394 240 600 273 interfecerunt,
614 241 692 268 iidem
706 249 757 268 non
771 242 950 272 admiserunt,

160 294 192 313 ac
210 286 286 321 longe
304 286 392 313 abacti
410 292 474 314 sunt
492 288 537 321 qui
557 294 639 322 prope
656 291 751 318 erant,
769 294 819 314 nec
836 286 951 321 amplius

162 331 208 358 Dei
229 331 354 366 populus,
372 332 420 360 sed
440 332 502 360 odio
523 333 607 360 habiti
627 338 699 365 sunt,
720 337 813 368 utpote
836 333 952 360 domini-

160 377 237 404 cidae.
253 376 292 404 Ne
308 382 398 405 autem
413 377 472 405 sine
486 385 567 406 causa
583 379 680 413 punire
694 379 816 406 videatur
829 377 912 410 Deus.
924 382 952 405 et

159 422 193 450 de
209 430 237 449 re
252 423 328 451 nihili
344 431 438 458 pmnas
453 424 575 459 exigere,
603 425 694 452 statim
710 424 763 452 illis
777 424 890 452 crimina
905 432 952 458 ap-

160 468 244 502 ponit,
260 469 359 503 quibus
377 470 522 504 implicati,
539 471 594 497 dati
612 475 676 497 sunt
693 471 719 497 in
736 470 850 498 exitium
868 471 951 498 hosti-

161 514 219 545 bus,
248 515 289 542 νει
318 515 344 542 in
373 522 450 542 esum
482 516 586 544 besﬂis.
603 516 698 544 Videte
729 517 813 550 enim,
846 517 950 551 inquit,

159 562 221 595 quia
249 570 343 590 omnes
374 564 501 590 excaecati
531 567 610 597 sunt,
628 571 682 590 non
713 568 812 591 norunt
843 571 962 598 sapere.‘

162 608 229 635 Vere
236 608 307 635 enim
316 608 380 636 caeci
391 608 522 637 Israelita:
534 609 653 642 fuerunt,
663 614 690 637 et
701 617 756 643 prae
766 610 826 638 aliis
835 610 952 638 maxime

160 653 261 681 Scriba:
272 661 303 681 ac
315 654 456 687 Pharisaei,
468 660 496 683 et
507 655 628 691 prail‘ecti
640 656 801 692 Synagogac.
813 655 866 684 Nec
878 656 950 684 enim

160 706 252 726 verum
273 699 359 727 lucem
381 700 561 734 admiserunt,
582 709 631 731 nec
654 702 792 729 Christum
814 701 885 729 scire
904 709 951 729 vo-

160 744 279 777 luerunt,
298 744 360 772 licet
375 751 467 780 aperte
484 746 659 779 clamantem,
677 755 748 775 nunc
766 756 772 774 :
791 757 801 773 ‹
820 747 875 782 Ego
891 755 949 774 sum

160 790 203 817 lux
214 791 308 817 mundi
316 789 374 823 ⁸¹”““;
389 800 399 817 ι
417 792 596 820 nuuciterum
609 801 616 820 :
629 803 638 817 ο
652 793 760 828 Egolux
778 794 805 821 in
822 794 950 820 mundtun

161 835 232 862 hunc
245 835 304 863 veni
321 845 328 862 :
345 836 389 870 qui
403 837 527 871 sequitur
540 845 596 871 me,
612 838 639 865 in
655 839 775 866 tenebris
789 845 842 867 non
855 839 950 867 ambu-

1003 241 1143 276 μονονουχὶ
1157 239 1414 276 παραρῤιπτοῦντός
1431 241 1506 266 ἐστιν
1518 239 1610 271 αὐτοῖς
1623 239 1689 269 τοὺς
1700 239 1810 274 ὴσεὸης

1002 287 1094 319 κότας,
1108 287 1154 312 καὶ
1168 284 1208 318 οἷς
1224 287 1255 312 τὸ
1270 285 1366 312 παθεῖν
1382 285 1493 320 πρέπει,
1514 286 1562 312 κα)⁵
1578 285 1652 320 μάλα
1669 285 1808 315 εἰκότως·

1001 332 1167 359 ἀπεκτόνασι
1191 332 1245 367 γὰρ
1269 331 1315 358 τὸν
1331 332 1452 366 ἀρχηγὸν
1471 331 1520 365 τῆς
1535 331 1618 366 ζωῆς,
1637 330 1693 365 τὴν
1712 331 1811 356 πίστιν

1001 379 1031 404 οὺ
1046 377 1264 414 προσηκάμενοι,
1279 378 1326 403 καὶ
1339 377 1466 411 γεγόνασι
1483 376 1591 412 μακρὰν
1605 377 1631 402 οἱ
1644 376 1746 409 ὲγγίις,
1761 376 1811 401 καὶ

1001 424 1066 454 λαὸς
1079 423 1170 450 οὐκέτι
1183 422 1262 454 Θεοῦ,
1275 422 1509 457 κατεστυγημένοι
1522 422 1550 448 δὲ
1569 421 1672 456 μᾶλλον
1686 420 1727 451 ὡς
1748 421 1809 446 Κυ-

1004 470 1144 505 ριοκτόνοι.
1170 468 1228 495 Ἵνα
1250 468 1278 494 δὲ
1295 468 1331 503 μὴ
1352 467 1480 502 φαίνηται
1496 466 1561 497 Θεὸς
1580 465 1710 497 κολάζων
1731 465 1808 499 είκῆ,

1002 517 1048 543 καὶ
1061 516 1139 548 δίκας
1153 515 1237 543 αἰτῶν
1259 515 1308 546 τὰς
1332 515 1376 541 ἐπ’
1395 514 1492 547 οὐδενὶ,
1517 513 1707 548 παρατίθησιν
1724 512 1809 542 εὐθὺς

1001 563 1049 593 τὰς
1066 560 1166 593 αἰτίας,
1180 557 1223 591 αἷς
1234 559 1267 594 δὴ
1282 559 1328 586 καὶ
1341 558 1427 593 ἔνοχοι
1441 558 1583 592 γεγονότες
1594 557 1722 584 δέδονται
1737 556 1808 590 πῶς

1001 606 1110 642 ΙΒλεθρον
1129 607 1187 637 τοῖς
1207 605 1332 641 ἐχθροῖς,
1347 604 1407 639 ἦτοι
1430 604 1487 635 τοῖς
1509 602 1592 638 θηρσὶ
1614 601 1686 637 πρὸς
1715 601 1807 627 κατὰ.

1001 652 1110 688 ϐρωμα.
1126 651 1208 677 Ἴδετε
1220 651 1283 685 γὰρ,
1297 649 1391 684 φησὶν,
1401 649 1442 675 ὅτι
1453 648 1554 680 πάντες
1565 645 1805 680 ἐτι-τετύφλωνται,

1001 697 1051 723 οὐκ
1075 696 1197 730 ἔγνωσαν
1222 696 1365 731 φρονῆσαι.
1399 692 1500 728 Τυφλοὶ
1521 692 1577 727 γὰρ
1604 691 1695 722 ὖντως
1724 691 1750 715 οἱ
1777 690 1806 721 ἐξ

1008 743 1125 778 Ἰσραὴλ,
1153 742 1270 777 μάλιστα
1297 741 1326 768 δὲ
1347 741 1401 767 τῶν
1420 740 1507 767 ἄλλων
1524 739 1548 765 οἱ
1566 739 1585 764 Γ
1589 738 1753 773 ραμματεῖς
1777 746 1803 762 τε

1002 790 1049 816 καὶ¹
1070 790 1095 815 οἱ
1108 789 1261 823 Φαρισαῖοι,
1279 787 1327 814 καὶ
1346 788 1370 813 οξ
1393 785 1573 822 καθηγεῖσθαι
1595 784 1730 819 λαχόντες
1753 782 1804 818 τῆς

1001 835 1175 868 Συναγωγῆς.
1199 833 1234 860 οὐ
1253 833 1307 868 γὰρ
1328 832 1509 867 παρεδέξαντο
1528 831 1586 865 φῶς
1607 831 1639 857 τὸ
1659 829 1802 864 ἀληθινὸν,

159 881 235 913 labil,
253 882 300 909 sed
311 882 422 910 habebit
437 883 523 910 lucem
539 883 601 910 vita:
611 883 645 911 “.
661 893 672 910 ι
689 883 755 911 Cum
763 891 828 918 ergo
845 883 902 911 licet

1059 888 1064 906 ι
1083 880 1136 915 μὴν
1160 879 1295 914 ἠθέλησαν
1317 878 1419 912 γνῶναι
1441 877 1568 913 Χριστὸν,
1586 876 1677 903 καίτοι
1694 875 1802 910 βοῶντα

159 927 212 954 ﬁde
226 933 365 962 suscepta,
381 928 441 956 luce
456 929 552 961 ditari,
569 930 595 957 id
611 930 719 964 quidem
734 937 789 958 non
806 929 944 962 fecerunt,

159 977 188 1000 ut
205 977 233 1000 et
251 974 381 1008 propheta
402 974 488 1009 inquit
507 983 514 1002 :
534 975 758 1011 Exspectanlibus
776 976 828 1004 illis
847 976 944 1009 lucem,

158 1018 235 1046 facta:
256 1024 318 1047 sunt
340 1020 457 1048 tenebrat
477 1029 484 1048 :
507 1025 534 1048 et
556 1026 744 1056 exspectantes
765 1021 945 1056 splendorem,

159 1062 185 1088 iu
206 1063 320 1097 caligine
336 1065 436 1092 versati
458 1070 531 1092 sunt.
548 1065 581 1093 Et
605 1067 662 1100 ipse
684 1066 812 1094 Servator
827 1066 896 1093 dixit
914 1066 946 1093 de

160 1107 212 1134 illis
222 1112 250 1135 et
262 1108 295 1135 de
313 1108 412 1143 populo
425 1109 530 1137 illorum
544 1111 633 1137 manui
650 1111 793 1138 commisso
817 1119 825 1133 ε
847 1120 857 1137 ι
877 1111 945 1138 Casei

159 1158 232 1187 sunt,
246 1159 272 1181 et
288 1161 420 1182 catcorum
433 1156 566 1184 ducetis".
582 1165 591 1182 ι
612 1156 712 1184 Omnes
729 1156 822 1192 igitur,
840 1157 943 1191 inquit,

159 1200 283 1227 excaecati
315 1205 388 1233 sunt,
410 1209 497 1236 neque
519 1208 614 1237 sapere
639 1207 747 1230 norunt.
781 1201 846 1230 Erat
873 1203 944 1230 enim

158 1252 222 1272 vere
243 1246 380 1273 hominum
402 1247 562 1281 prudentum
584 1253 611 1275 et
634 1248 853 1283 intelligentium,
874 1249 944 1276 cele-

159 1292 224 1319 riter
235 1299 358 1327 prmseus
369 1293 465 1320 salutis
479 1298 584 1328 tempus
597 1294 808 1329 apprehendere.
819 1294 858 1322 Ad
872 1295 944 1329 quod

158 1343 185 1365 et
201 1338 307 1366 divinus
323 1338 405 1366 David
421 1346 468 1367 eos
483 1340 640 1369 cohortatus
655 1344 712 1374 est,
727 1340 819 1368 dicens
835 1349 840 1366 :
859 1349 868 1365 ι
888 1342 942 1375 Ap-

157 1384 315 1418 prehcndite
332 1384 518 1419 disciplinam,
536 1392 571 1412 ne
582 1387 690 1420 quando
703 1386 835 1414 irascatur
854 1387 944 1414 Domi-

157 1437 218 1462 nus,
231 1433 257 1457 et
270 1430 387 1464 pereatis
401 1436 415 1456 a
429 1429 471 1456 via
484 1429 568 1464 iusta,
582 1438 642 1458 cum
657 1430 711 1458 cito
723 1431 856 1458 exarserit
872 1430 944 1458 furor

157 1476 216 1510 ejus
235 1476 261 1502 in
279 1483 326 1502 vos
341 1475 398 1502 9“”.
417 1484 427 1501 ι
446 1475 577 1509 Quoniam
595 1484 658 1504 vero
670 1477 739 1504 hanc
750 1485 797 1512 per
807 1477 942 1505 Christum

157 1521 325 1556 disciplinam
345 1528 396 1548 non
414 1522 665 1557 apprehenderunt,
681 1523 782 1550 exarsit
798 1523 825 1550 in
838 1531 885 1551 eos
901 1524 942 1550 fu-

158 1575 212 1598 ror,
225 1571 253 1594 et
267 1567 299 1594 de
313 1567 352 1594 via
366 1566 436 1601 iusta
450 1568 600 1602 perierunt,
612 1569 637 1596 id
650 1573 703 1602 est,
713 1569 793 1596 alieni
807 1568 868 1596 facti
881 1574 944 1596 sunt
957 1578 980 1609 ο

157 1620 172 1639 a
188 1613 392 1640 conversatione
403 1613 570 1646 evangelica,
585 1621 633 1648 per
644 1622 724 1649 quam
739 1619 765 1642 et
779 1614 886 1649 quidem
901 1622 946 1642 so-

158 1656 210 1683 lam
232 1657 326 1684 modus
340 1657 450 1692 justitia:
473 1658 528 1685 Deo
543 1663 626 1693 grata:
648 1659 745 1687 elucet.
762 1659 944 1694 Prmterquam

157 1701 240 1737 quod,
265 1702 362 1736 inquit,
386 1703 450 1730 caici
474 1703 538 1735 sint,
560 1703 642 1730 etiam
665 1711 746 1732 canes
768 1706 833 1733 muti
856 1698 944 1739 erant,

157 1756 211 1775 non
234 1748 354 1776 valentes
378 1749 492 1782 latrare,
514 1750 681 1777 somniantes
705 1750 733 1777 in
757 1751 841 1783 lecto,
863 1751 944 1778 dediti

156 1801 261 1822 somno.
296 1794 333 1821 De
352 1794 404 1822 illis
420 1795 493 1822 Velut
509 1796 544 1822 ab
561 1796 686 1830 exemplo
703 1796 847 1824 manifesto
862 1798 944 1823 verba

157 1841 231 1867 facit.
253 1840 305 1873 Qui
327 1841 397 1883 enim
419 1849 529 1876 gregem
552 1846 705 1876 sequuntur
721 1849 812 1875 canes,
827 1842 945 1876 undique

160 1891 360 1918 circumeuntes
386 1898 504 1926 semper.
518 1898 568 1918 nec
582 1898 677 1918 somno
691 1898 740 1918 nec
755 1891 945 1918 dormitatione

155 1937 308 1964 vincuntur.
327 1937 354 1964 Si
375 1937 446 1971 quod
464 1937 536 1964 enim
556 1936 816 1965 attintal.elferatunt
837 1937 944 1972 conspi-

155 1982 251 2014 ciatur,
270 1981 396 2008 allatrant
417 1981 534 2014 fortiter,
552 1986 580 2009 et
599 1982 726 2010 omnibus
744 1982 846 2009 viribus
865 1990 879 2008 a
898 1989 943 2016 pe-

155 2035 218 2055 c0re
231 2035 324 2055 arcere
337 2032 474 2062 satagunt.
488 2033 570 2062 atque
584 2028 635 2055 hoc
648 2036 742 2055 eorum
757 2033 798 2056 est
813 2028 941 2056 ofﬁcium.

155 2073 210 2101 llos
225 2073 326 2101 imitari
341 2080 449 2100 necesse
461 2078 503 2100 est
517 2073 606 2107 gnegis
621 2073 703 2108 795
719 2074 823 2101 ratione
838 2074 942 2108 praediti

155 2120 306 2154 przclectos,
323 2120 406 2146 duces
419 2119 544 2146 videlicet
555 2123 582 2146 et
595 2119 729 2152 doctores,
740 2124 769 2146 ut
785 2128 877 2147 curam
891 2121 941 2148 ha-

155 2167 234 2193 beant
253 2166 439 2197 subditorum,
457 2170 484 2192 et
505 2165 631 2193 omnibus
649 2166 735 2193 modis
751 2174 798 2194 eos
815 2167 938 2202 abigant,

153 2212 198 2245 qui
216 2211 339 2245 iniuriam
360 2216 470 2245 parant,
493 2210 592 2244 quique
613 2219 628 2238 a
647 2211 792 2240 dilectione
810 2213 836 2240 in
857 2212 940 2239 Deum

1000 925 1093 960 σαφῶς
1109 924 1174 951 ποτὲ
1190 924 1249 959 μὲν,
1259 924 1300 950 ὅτι
1312 933 1321 948 ι
1334 922 1404 957 Ἐγώ
1416 923 1473 958 εἰμι
1486 922 1516 948 τὸ
1530 921 1588 956 φῶς
1599 920 1646 947 τοῦ
1661 920 1798 955 κόσμοι»

999 972 1065 998 ποτὲ
1076 971 1104 997 δὲ
1116 970 1207 1003 πάλιν,
1220 979 1229 996 ι
1242 969 1312 1004 Ἐγὼ
1324 969 1381 1003 φῶς
1395 970 1434 1000 εἰς
1451 968 1495 994 τὸν
1506 967 1608 1002 κόσμον
1622 967 1721 993 τοῦτον
1735 966 1800 1000 ἐλή-

998 1018 1066 1045 λυθα
1079 1026 1086 1033 ⁶
1101 1018 1116 1044 ό
1129 1016 1285 1045 ἀκολουθῶν
1300 1017 1373 1051 ἐμοὶ,
1388 1016 1418 1042 οὐ
1443 1014 1481 1050 μὴ
1507 1014 1687 1050 περιπατήσῃ
1714 1014 1743 1038 ἐν
1765 1014 1798 1047 τῇ

1000 1064 1105 1100 σκοτίᾳ,
1118 1064 1173 1090 ἀλλ’
1188 1063 1243 1097 ἕξει
1258 1063 1288 1090 τὸ
1310 1063 1365 1097 φῶς
1379 1063 1430 1097 τῆς
1453 1062 1536 1096 ζωῆς.
1556 1070 1565 1086 ι
1589 1060 1665 1093 Ἐξὸν
1681 1057 1730 1086 οὖν
1745 1059 1799 1096 ἄρα

998 1110 1220 1146 καταπλουτῆσαι
1234 1111 1264 1137 τὸ
1286 1110 1343 1145 φῶς
1370 1108 1597 1145 προσηκαμένους
1620 1108 1671 1142 τὴν
1691 1108 1795 1138 πίστιν,

998 1157 1076 1183 τοῦτο
1095 1157 1143 1192 μὲν
1159 1157 1189 1183 οὺ
1210 1156 1393 1191 πεπράχασιν,
1409 1155 1446 1186 ὠς
1458 1155 1485 1181 δὲ
1503 1156 1516 1181 ὁ
1534 1153 1680 1189 προφήτης
1703 1153 1793 1187 φησὶν,

1005 1202 1224 1237 ’Υπομεινάντων
1235 1202 1323 1228 αὐτῶν
1333 1201 1401 1235 φῶς,
1411 1200 1518 1234 ἐγένετο
1524 1199 1615 1230 αὐτοῖς
1623 1198 1732 1231 σκότος,
1740 1198 1796 1233 μεί-

998 1255 1091 1278 ναντες
1114 1247 1200 1282 αὐγὴν
1215 1248 1243 1273 ἐν
1264 1246 1352 1282 ἁωρίᾳ
1368 1247 1587 1281 περιεπάτησαν.
1603 1241 1678 1279 Ἔφη
1699 1244 1728 1270 δὲ
1749 1244 1794 1270 καὶ

998 1293 1100 1325 αὐτὸςὸ
1109 1293 1204 1329 Σωτὴρ
1214 1293 1277 1328 περί
1287 1302 1317 1320 τε
1329 1293 1419 1319 αὐτῶν
1433 1294 1479 1319 καὶ
1490 1293 1543 1319 τῶν
1554 1291 1605 1318 ὑπὸ
1615 1292 1697 1327 χεῖρα
1711 1290 1792 1321 λαῶν,

997 1339 1038 1365 δτι
1067 1348 1076 1365 ι
1091 1339 1192 1373 Τυφλοί
1214 1340 1266 1365 εἰσι
1293 1339 1340 1365 καὶ
1364 1339 1471 1373 τυφλῶν
1503 1338 1605 1373 ὁδηγοί,
1620 1348 1630 1363 ι
1657 1338 1792 1368 Ἅπαντες

996 1385 1085 1412 τοίνυν
1105 1385 1333 1420 ἐκτετύφλωνται,
1348 1386 1424 1420 φησι,
1440 1385 1487 1411 καὶ
1509 1384 1559 1410 οὐκ
1580 1383 1706 1418 ἔγνωσαν
1728 1391 1792 1419 φρο-

999 1431 1088 1466 νῆσαι.
1115 1430 1169 1457 Καὶ
1186 1430 1240 1466 γὰρ
1255 1428 1288 1465 ἦν
1309 1430 1378 1456 κατὰ
1396 1429 1425 1456 τὸ
1437 1429 1536 1464 ἀληθὲς
1553 1428 1659 1463 ἀνδρῶν
1688 1428 1790 1463 ἐμφρό-

996 1486 1048 1503 νων
1061 1477 1107 1503 κα).
1124 1476 1252 1507 συνετῶν,
1278 1476 1308 1502 τὸ
1335 1474 1531 1510 ἐπιδράξασθαι
1547 1473 1655 1509 γοργῶς
1671 1473 1719 1500 τοῦ
1742 1473 1789 1508 τῆς

997 1522 1133 1558 σωτηρίας
1154 1522 1286 1557 παρόντος
1309 1521 1422 1556 καιροῦ·
1440 1521 1592 1557 προέτρεπε
1609 1520 1676 1554 γοῦν
1695 1520 1788 1551 αὐτοὺς

996 1569 1036 1599 εἰς
1066 1568 1143 1595 τοῦτο
1176 1567 1263 1601 λέγων
1288 1568 1302 1593 ὁ
1327 1566 1470 1597 θεσπέσιος
1498 1566 1596 1592 Δαϐίδ’
1623 1575 1632 1591 ι
1650 1566 1786 1600 Δράξατθε

997 1615 1120 1646 παιδείας
1144 1615 1248 1650 μήποτε
1264 1613 1379 1649 όργισθῇ
1397 1613 1510 1648 Κύριος,
1531 1612 1578 1639 καὶ
1594 1612 1741 1638 ἀπολεῖσθε
1758 1612 1786 1644 ἐξ

996 1660 1056 1687 ὁδοῦ
1070 1660 1271 1692 δικαίας,’ὅταν
1291 1658 1412 1694 ὲκκαυθῇ
1437 1659 1465 1684 ἐν
1483 1659 1560 1693 τάχει
1574 1659 1589 1684 ό
1604 1658 1691 1693 θυμὸς
1707 1658 1783 1684 αὐτοῦ

995 1708 1037 1742 ἐφ’
1063 1707 1144 1742 ὑμᾶς.
1174 1716 1183 1732 ι
1208 1705 1317 1740 Ἐπειδὴ
1338 1705 1366 1732 δὲ
1390 1706 1439 1731 οὐκ
1463 1705 1647 1740 ἐπεδράξαντο
1671 1705 1721 1739 τῆς
1744 1704 1784 1731 διὰ

995 1753 1112 1788 Χριστοῦ
1125 1752 1257 1784 παιδείας,
1270 1751 1403 1787 ἐξεκαύθη
1422 1752 1484 1777 κατ’
1497 1751 1588 1777 αὐτῶν
1600 1751 1614 1777 ὁ
1630 1751 1728 1786 ουμὲς,
1741 1751 1783 1777 καὶ

996 1798 1166 1825 ἀπολώλασιν
1176 1798 1205 1831 ἐξ
1219 1797 1278 1824 ὁδοῦ
1293 1797 1411 1830 δικαίας,
1426 1797 1577 1829 τουτέστιν,
1591 1797 1645 1830 ἕξω
1659 1798 1783 1831 γεγόνασι

995 1844 1131 1875 πολιτείας
1157 1843 1348 1878 εὐαγγελικῆς,
1374 1843 1408 1869 δι’
1433 1841 1468 1879 ἦς
1494 1843 1542 1869 καὶ
1569 1843 1656 1878 μόνης
1686 1845 1711 1870 οἱ
1738 1844 1783 1879 τῆς

994 1889 1165 1925 ἀρεσκούσης
1193 1889 1253 1924 Θεῴ
1278 1889 1454 1924 δικαιοσύνης
1477 1889 1650 1924 ἐκλάμπουσι
1680 1891 1780 1925 τρόποι.

994 1936 1065 1972 Πρὸς
1085 1936 1113 1963 δέ
1134 1945 1165 1970 γε
1181 1936 1212 1962 τὸ
1230 1933 1301 1962 εἶναι
1319 1935 1426 1970 τυφλοὶ,
1449 1935 1525 1971 φησὶ,
1542 1937 1589 1962 καὶ
1614 1935 1697 1966 κύνες
1716 1934 1782 1971 ἦσαν

992 1983 1089 2014 ὲννεοὶ,
1105 1982 1135 2008 οὺ
1151 1982 1293 2017 δυνάμενοι
1318 1981 1455 2013 ὑλακτεῖν,
1480 1982 1706 2016 ἐνυπνιαζόμενοι
1728 1982 1781 2008 κοί.

991 2036 1051 2063 την,
1082 2027 1220 2062 φιλοῦντες
1247 2026 1413 2062 νυσταγμόνο
1440 2026 1477 2059 ὡς
1504 2027 1536 2053 ἐκ
1562 2026 1781 2062 παραδείγματος

992 2073 1123 2109 ἐναργοῦς
1136 2073 1199 2105 τοὺς
1219 2072 1389 2108 περὶαύτῶν
1413 2073 1529 2098 ποιεῖται
1545 2071 1652 2106 λόγους.
1679 2072 1710 2098 Οἱ
1734 2071 1779 2106 μὲν

992 2119 1046 2155 γὰρ
1067 2120 1126 2151 ταῖς
1143 2118 1271 2154 ποίμναις
1299 2118 1426 2153 ἑπόμενοι
1450 2117 1532 2149 κύνες
1557 2117 1650 2153 κύκλῳ
1676 2127 1780 2154 περινο-

992 2165 1117 2196 στοῦντες
1132 2166 1186 2198 ἀεὶ,
1205 2165 1344 2200 κρείττους
1372 2164 1425 2190 είσὶ
1441 2164 1488 2191 καὶ
1506 2164 1589 2192 ὕπνου
1605 2165 1653 2191 καὶ
1671 2174 1778 2199 νυσταγ-

993 2211 1053 2247 μοῦ.
1078 2211 1109 2238 Εἰ
1123 2211 1177 2246 γάρ
1195 2211 1245 2237 πού
1263 2219 1290 2236 τι
1312 2209 1366 2237 τῶν
1385 2209 1540 2238 ἀτιθὰσσων
1556 2210 1653 2246 ὀφθείη
1671 2210 1775 2246 θηρίων,

152 2256 298 2289 abducunt,
313 2257 505 2290 persuadentes
522 2257 701 2284 reverentiam
713 2265 774 2292 quae
788 2265 850 2292 erga
866 2259 893 2285 ill

1031 2257 1207 2285 θυλακτοῦσιν
1222 2257 1348 2290 εὐτόνως,
1364 2257 1412 2283 καὶ
1432 2258 1514 2283 παντὶ
1534 2256 1622 2283 σθένει
1646 2257 1774 2292 χρώμενοι

152 2302 274 2329 habenda
292 2306 342 2334 est,
362 2302 436 2337 parvi
460 2302 558 2334 facere,
575 2307 602 2329 et
623 2303 656 2330 ad
676 2303 746 2337 quod
767 2303 832 2337 ipsis
853 2303 941 2338 placet

152 2349 332 2376 attrahentes.
349 2348 400 2376 Sed
419 2348 487 2375 tales
518 2355 579 2375 esse
597 2348 722 2376 nolebant
737 2348 854 2376 Iudaica:
871 2348 940 2384 Syn-

152 2401 243 2429 agoga:
258 2395 393 2429 praepositi
407 2403 413 2420 :
425 2394 480 2421 imo
495 2401 577 2422 canes
591 2400 668 2422 erant
684 2395 937 2427 muti,dormitatio-

152 2448 211 2467 nem
229 2445 360 2474 amantes,
376 2445 404 2468 et
421 2440 447 2468 in
467 2440 535 2468 lecto
554 2440 733 2468 somniantes.
751 2441 856 2468 Etenim
876 2440 939 2468 licet

151 2485 249 2519 populo
268 2493 316 2514 suo
336 2485 412 2512 utilia
432 2485 594 2521 prmcipere,
615 2493 647 2513 ac
668 2491 762 2513 contra
783 2485 937 2513 docentium

151 2531 267 2565 impetus
280 2533 438 2567 propulsare
451 2532 590 2565 deberent,
604 2532 629 2559 id
643 2533 750 2566 quidem
766 2539 819 2559 non
833 2532 937 2567 praesti-

151 2582 250 2612 terunt,
272 2578 319 2606 sed
338 2578 388 2613 ipsi
411 2578 500 2612 potius
518 2586 565 2608 eos
588 2579 615 2606 in
636 2579 790 2614 voraginem
814 2579 937 2606 interitus

150 2622 362 2657 prmcipitarunt.
378 2624 453 2657 Quod
469 2625 576 2652 docebit
592 2625 780 2652 uuivursorum
795 2625 876 2657 Deus,
893 2626 935 2652 iu-

149 2667 245 2702 qniens
260 2677 267 2695 :
284 2678 293 2694 ι
313 2668 474 2696 Sacerdotes
490 2670 527 2696 tui
544 2678 595 2697 non
611 2669 811 2698 dixerunlzllbi
827 2676 868 2697 est
884 2670 935 2697 Do-

149 2713 257 2740 minus?
288 2719 315 2741 et
333 2715 378 2749 qui
397 2719 490 2744 tenent
508 2716 594 2750 legem
613 2723 709 2747 meam,
729 2724 780 2742 non
798 2716 936 2743 sciverunt

150 2767 208 2791 me,
224 2767 254 2786 ac
274 2764 396 2794 pastores
413 2761 438 2787 in
457 2769 498 2788 me
514 2767 626 2796 egerunt
645 2762 739 2796 impie,
755 2767 781 2789 et
800 2761 935 2797 propheta:

181 2848 230 2865 ’μ’
248 2847 324 2876 Joau.
342 2857 398 2881 vui,
418 2849 460 2876 l2.
498 2849 520 2865 ⁸⁷
535 2849 611 2877 Joan.
631 2858 677 2883 xu,
694 2850 737 2877 46.

170 2977 182 2988 ι

993 2305 1047 2331 τῶν
1074 2303 1240 2340 Θρεμμάτων
1264 2303 1410 2330 ἀποσοϐεῖν
1434 2303 1608 2337 ἐπείγονται,
1635 2303 1684 2330 καὶ
1705 2303 1775 2330 τοῦτο

993 2350 1073 2385 ἔργον
1090 2350 1191 2380 αὐτοῖς,
1215 2348 1325 2380 Τούτοις
1340 2349 1458 2376 ἑοικέναι
1478 2349 1530 2384 χρὴ
1553 2350 1617 2380 τοὺς
1638 2349 1694 2376 τῶν
1708 2349 1774 2383 λογι-

993 2395 1049 2420 κῶν
1075 2394 1206 2429 ποιμνίων
1233 2394 1445 2430 προεστηκότας,
1468 2394 1628 2429 καθηγητὰς
1662 2394 1773 2430 δηλονότι

993 2441 1040 2467 καὶ
1053 2440 1240 2472 διδασκάλους,
1264 2440 1334 2467 ὥστε
1359 2440 1490 2474 κήδεσθαι
1514 2441 1628 2467 καὶτῶν
1649 2441 1773 2475 ὑπεζευγ-

988 2487 1089 2522 μένων,
1115 2495 1161 2514 και
1184 2486 1345 2515 ἀπελαύνειν
1368 2486 1430 2518 τοὺς
1465 2487 1525 2513 καθ’
1549 2486 1689 2513 ὁντιναοῦν
1719 2489 1773 2523 τρά-

986 2541 1036 2559 πον
1048 2533 1151 2559 ἀδικεῖν
1169 2533 1321 2565 ἐθέλοντας,
1337 2534 1383 2560 καὶ
1399 2533 1587 2568 ἀποφέροντας
1605 2533 1657 2567 μὲν
1675 2534 1723 2568 τῆς
1737 2535 1771 2564 εἰς

986 2579 1050 2605 Θεὸν
1076 2579 1197 2614 ἀγάπης,
1227 2580 1420 2614 κατολιγωρεῖν
1444 2579 1641 2610 ἁναπείθοντας
1667 2580 1715 2614 τῆς
1738 2581 1772 2610 εἰς

986 2625 1065 2652 αὑτὸν
1082 2625 1183 2656 αἰδοῦς,
1199 2626 1238 2657 εἰς
1264 2625 1292 2652 δὲ
1317 2625 1346 2651 τὺ
1367 2625 1457 2656 αὐτοῖς
1480 2624 1576 2651 δοκοῦν
1594 2625 1768 2660 ἁρπάζοντας.

994 2671 1064 2697 Ἀλλ’
1075 2671 1125 2698 οὐκ
1134 2671 1227 2706 ἤθελον
1237 2669 1306 2698 εἶναι
1322 2672 1425 2698 τοιοῦτο
1440 2671 1488 2706 τῆς
1506 2671 1641 2698 Ἰουδαίων
1651 2672 1768 2704 Συναγω-

988 2717 1040 2752 γῆς
1055 2718 1079 2744 οἱ
1090 2718 1288 2752 προεστηκότες
1298 2725 1304 2731 ·
1320 2718 1416 2753 μᾶλλον
1433 2718 1486 2752 γὰρ
1502 2715 1572 2752 ἦσαν
1589 2717 1671 2748 κύνες
1685 2717 1767 2749 ὲννεοὶ,

988 2763 1140 2797 νυτταγμὸν
1167 2763 1318 2797 φιλοῦντες.
1345 2765 1391 2790 καὶ
1423 2765 1514 2799 κοίτην
1544 2763 1766 2798 ἐνυπνιαζόμενοι.

778 2851 810 2866 ⁵⁵⁸
825 2849 921 2878 Matth.
937 2859 981 2885 xv,
1001 2852 1042 2880 10.
1083 2852 1126 2867 ⁵⁸⁸⁸⁸
1146 2852 1215 2880 l‘sal.
1234 2860 1262 2884 Il,
1281 2852 1323 2886 l‘l,
1341 2852 1381 2880 l3.
