1883 3054
75 171 150 199 1255

646 165 679 192 IN
699 165 815 193 ISAIAM
837 164 901 194 LIB.
924 165 955 192 V.
977 165 1094 195 TOIIUS
1114 167 1158 196 III.

1650 170 1717 196 I253:

73 230 176 257 Καίτοι
200 229 254 264 γὰρ
273 228 331 255 δέον
356 229 411 260 τοῖς
436 227 487 254 ὑπὸ
506 228 584 263 χεῖρα
611 227 684 259 λαοῖς
704 227 816 262 εἰσηγεῖέ

976 227 1122 262 phetarnnt
1142 227 1205 255 Baal
1219 227 1251 254 ⁸⁸.
1277 237 1285 254 ι
1308 227 1398 262 Itaque
1420 229 1546 256 nolebam
1566 237 1614 256 ceu
1636 237 1716 258 canes

73 276 112 302 τὰ
128 276 264 311 χρήσιμα,
284 274 330 301 καὶ
346 273 401 300 τῶν
416 273 664 309 ἑτεροδιδασκαλεῖν
680 272 812 299 εἰωθότων
823 273 872 304 τὰς

73 321 190 355 ἐφόδους
206 320 360 350 ἀποσοϐεῖν,
382 319 460 346 τοῦτο
484 319 533 354 μὲν
558 320 608 345 οὐκ
633 318 728 353 ἔδρων,
753 318 829 345 αὐτοὶ
843 318 871 344 δὲ

74 367 182 401 μᾶλλον
207 366 304 397 αὐτοὺς
320 366 377 397 τοῖς
399 365 448 399 τῆς
472 364 609 396 ἀπωλείας
627 364 732 390 ἐνίεσαν
755 362 870 399 βόθροις.

73 413 132 439 Καὶ
150 412 231 439 τοῦτο
245 411 344 444 διδάξει
359 410 446 445 λέγων
461 411 475 437 ὁ
493 410 548 437 τῶν
563 410 630 437 ὅλων
647 409 712 441 Θεός
723 417 729 423 ⁸
749 419 758 435 ι
783 410 814 436 Οἱ
836 410 872 436 εε-

74 459 134 492 ρεῐς
157 467 204 484 σου
219 458 269 484 οὐκ
287 455 376 483 εἶπαν·
390 456 444 483 Ποῦ
457 457 514 483 ἐστι
530 456 645 492 Κύριος;
663 455 709 482 καὶ
726 456 750 482 οἱ
761 456 871 491 ἀντεχό-

75 513 157 538 μενοι
170 505 217 531 τοῦ
241 505 323 539 νόμου
338 503 387 530 οὐκ
401 502 550 538 ἠπίσταντό
576 511 619 538 με,
643 503 689 529 καὶ
704 502 728 528 οἱ
744 501 871 537 ποιμένες

73 551 195 584 ἠσέϐουν
217 551 256 581 εἰς
272 549 333 585 ἐμὲ,
354 549 400 575 καὶ
425 550 449 575 οἱ
473 550 612 584 προφῆται
628 548 815 583 ἐπροφήτευον
837 549 870 584 τῇ

74 596 164 623 Βάαλ.
186 605 194 622 ι
212 595 316 622 Οὐκοῦν
340 595 436 630 ὥσπερ
459 594 539 626 κύνες
558 593 736 620 καθυλακτεῖν
756 593 803 628 μὲν
817 592 871 619 τῶν

73 644 137 674 ταῖς
155 642 285 677 ποίμναις
307 641 514 677 ἐπηρεαζόντων
529 641 579 667 οὐκ
598 640 704 676 ἠθελον,
725 640 871 676 ἐμιμοῦντο

73 689 103 715 δὲ
123 689 180 715 civ
203 687 292 715 κυνῶν
307 688 356 723 τὴν
380 686 583 722 ἀναισχυντίαν,
604 685 652 712 καὶ
671 685 702 712 τὸ
720 685 757 721 μὴ
772 685 870 711 εἰδέναι

73 735 249 771 πλησμονήν.
269 734 444 761 Φιλόπλουτοι
469 734 523 769 γὰρ
542 733 629 764 ὅντες,
650 732 696 758 καὶ
719 731 870 767 λημμάτων

73 782 201 817 αἰσχρῶν
221 780 382 816 ἡττώμενοι,
398 781 445 807 καὶ
465 779 638 815 δωροδοκίαις
660 778 869 813 ὲπιγαννύμενοι

75 828 266 862 παρηνὸμουν,
293 827 317 853 οἳ
333 826 380 853 καὶ
396 825 585 860 αἰσχυνόμενοι
606 824 696 861 ψῆφον
712 824 804 851 ἄδικον
819 831 870 850 κα-

73 874 244 908 ταφέροντες
255 872 310 899 ἐσθ’
322 873 365 899 ὅτε
380 871 434 898 τῶν
449 871 611 899 ἀδικούντων
628 870 722 906 μηδὲν,
735 869 870 897 δικαιοῦν-

924 277 1016 300 eontra
1033 273 1192 302 infestantes
1208 280 1316 309 gregem
1331 274 1440 306 latrare,
1456 275 1502 302 sed
1517 283 1615 303 canum
1630 276 1717 310 impu-

924 318 1042 344 dentiam
1057 318 1243 351 imitabantur,
1267 323 1294 346 et
1315 319 1490 347 voracitatem
1514 321 1647 349 satietatis
1670 329 1712 348 nc.

923 363 1017 391 sciam.
1029 363 1097 391 Nam
1112 364 1233 400 pecuniae
1246 370 1380 396 amantes.
1392 370 1419 392 et
1433 366 1501 400 turpi
1516 366 1590 394 lucro
1602 367 1713 400 addicti,

923 412 950 436 et
967 418 1108 438 munerum
1127 411 1316 446 largitionibus
1332 411 1467 444 delectati,
1484 412 1568 447 iugem
1587 414 1716 447 prmvari»

922 456 976 483 cati
998 461 1060 483 sunt
1078 464 1085 483 :
1105 457 1150 491 qui
1179 457 1261 484 etiam
1288 465 1348 484 cum
1369 457 1471 492 pudore
1488 458 1623 486 interdum
1643 460 1715 493 inju-

923 505 992 528 stnm
1013 501 1146 529 calculum
1163 502 1285 530 ferebant
1301 503 1327 529 in
1344 509 1391 530 eos
1406 503 1451 537 qui
1470 503 1595 538 injuriam
1615 504 1714 531 nullam

924 548 1053 581 fecerant,
1081 548 1249 584 impiumque
1260 549 1456 584 justilicabaut.
1474 549 1531 576 Non
1547 550 1618 576 enim
1634 557 1715 577 nove-

922 599 986 621 runt
1008 595 1177 628 satietatem,
1202 595 1229 623 id
1255 600 1313 630 est,
1337 596 1430 624 satiari
1456 597 1618 631 nequibant,
1644 597 1714 632 turpi

922 645 1027 675 quaestu
1044 641 1179 668 videlicet.
1196 641 1244 668 llis
1261 643 1342 669 etiam
1358 643 1391 670 de
1407 642 1498 670 causis
1515 649 1560 670 eos
1578 644 1714 670 accusavit

922 685 1053 713 Servalor
1068 686 1138 720 ipse,
1155 686 1249 714 direns
1264 695 1270 713 :
1290 696 1300 712 ι
1320 687 1365 714 Vae
1379 687 1470 719 vobis,
1488 687 1589 714 Scriba:
1603 692 1630 715 et
1645 687 1715 715 Plia-

922 733 991 760 risazi
1009 733 1157 768 hypocrita:
1173 742 1179 760 :
1195 733 1338 761 decimatis
1355 734 1504 768 mentitam,
1526 739 1554 761 et
1576 735 1712 766 anethum,

921 783 948 806 et
963 780 1116 813 cuminum,
1140 784 1167 807 et
1190 787 1249 814 qua:
1266 780 1390 814 graviora
1408 779 1474 815 legis
1489 784 1550 807 sunt
1568 781 1712 812 omisistis,

918 824 1064 860 judicium.
1082 826 1297 853 miscricordiam
1317 831 1343 854 et
1361 826 1438 853 [idem
1451 826 1484 853 ³⁷.
1504 836 1514 853 ι
1544 827 1581 854 De
1598 827 1650 854 illis
1666 835 1713 854 au-

923 875 975 897 tem
989 871 1057 898 dixit
1072 871 1179 898 divinus
1193 873 1321 906 propheta
1339 872 1423 900 Isaias
1438 882 1444 900 :
1462 882 1471 899 ‹
1490 873 1629 906 Quomodo
1643 873 1713 901 facta

73 928 122 950 τες
137 920 164 946 δὲ
180 919 225 945 τὸν
242 919 338 954 ἀσεῦῆ,
358 918 388 944 οὐ
411 918 465 954 γὰρ
480 918 590 953 ᾔδεισαν
610 916 778 952 πλησμονὴν,
793 924 816 942 τ(

983 917 1110 944 meretrix
1129 917 1226 945 civitas
1245 918 1343 950 ﬁdelis,
1363 919 1438 951 Sion,
1457 919 1534 954 plena
1554 919 1667 954 judicio,
1686 920 1711 946 in

74 966 148 997 ἐστι,
172 965 252 1000 κόρον
277 964 428 1000 λημμάτων
452 963 572 999 αἰσχρῶν
596 962 733 997 δηλονότι·
761 962 808 988 καὶ
826 961 872 988 ἐπὶ

74 1011 185 1042 τούτοις
208 1011 308 1042 αὐτοὺς
333 1010 379 1037 καὶ
396 1009 479 1041 αὐτὸς
501 1009 515 1034 ὁ
539 1009 634 1044 Σωτὴρ
657 1009 751 1044 ᾐτιᾶτο
774 1007 870 1041 λέγων·

77 1068 88 1085 ι
106 1059 177 1086 Οὐαὶ
196 1057 270 1093 ὑμῖν,
287 1057 464 1092 Γραμματεῖς
486 1054 534 1082 καὶ
552 1055 693 1090 Φαρισαῖοι
716 1053 871 1089 ὑποκριταὶ,

75 1105 118 1131 ὅτι
141 1102 341 1131 ἀποδεκατοῦτε
363 1102 394 1128 τὸ
419 1101 564 1137 ἡδύοσμον,
581 1101 628 1127 καὶ
648 1100 679 1127 τὸ
700 1100 810 1136 ἄνηθον,
826 1099 872 1126 καὶ

82 1149 117 1175 τὸ
143 1148 270 1184 κύμινον,
285 1147 333 1174 καὶ
351 1146 475 1182 ἀφήκατε
497 1145 532 1171 τὰ
552 1145 688 1180 ιξέτιρύτερα
708 1144 754 1172 τοῦ
776 1144 870 1180 νόμου,

77 1194 129 1229 τὴν
145 1195 246 1230 κρίσιν,
263 1194 310 1220 καὶ
326 1193 370 1220 τὸν
387 1193 460 1219 ἔλεον
476 1191 522 1218 καὶ
536 1191 584 1226 τὴν
602 1191 702 1217 πίστιν.
721 1200 729 1216 ι
753 1191 825 1226 Ἔφη
843 1191 872 1217 δὲ

78 1242 146 1276 περὶ
171 1240 260 1266 αὐτῶν
292 1239 339 1266 καὶ
362 1240 377 1265 ὁ
402 1237 543 1269 θεσπέσιος
569 1237 711 1273 προφήτης
739 1237 869 1268 Ἡσαΐας·

80 1297 90 1312 ι
111 1287 175 1318 Πῶς
198 1286 306 1320 ἐγένετο
331 1285 417 1321 πόρνη
446 1284 523 1316 πόλις
547 1283 629 1319 πιστὴ
652 1283 740 1315 Σιὼν,
765 1283 871 1318 πλήρης

78 1333 209 1368 κρίσεως,
222 1332 250 1358 ἐν
295 1330 451 1364 δικαιοσύνη
464 1329 608 1365 ἐκοιμήθη,
625 1329 671 1355 νῦν
686 1329 713 1355 δὲ
727 1328 870 1363 φονευταί;

80 1377 118 1404 Τὸ
129 1378 259 1413 ἀργύριον
275 1376 351 1412 ὑμῶν
362 1377 502 1412 ἀδόκιμον,
515 1376 539 1402 οἱ
556 1375 673 1410 κὰπηλοί
685 1383 731 1402 σου
745 1374 871 1410 μίσγουσι

77 1424 126 1450 τὸν
138 1421 211 1450 οἶνον
227 1423 313 1455 ὕδατι,
328 1424 352 1450 οι
361 1417 496 1458 ’ἄρχοντές
514 1430 560 1447 σου
581 1420 734 1453 ἀπειθοῦσι,
750 1420 872 1447 κοινωνοὶ

79 1469 217 1501 κλεπτῶν,
234 1470 396 1503 ἀγαπωντες
415 1468 500 1503 δῶρα,
518 1467 662 1498 διώκοντες
685 1466 868 1500 ἀνταπόδομα,

78 1517 210 1552 ὀρφανοῖς
221 1516 250 1542 οὐ
259 1515 406 1551 κρίνοντες,
421 1514 468 1540 καὶ
477 1513 566 1549 κρίσει
575 1514 663 1548 χήρας
676 1514 707 1540 οὺ
722 1512 869 1548 προσέχων

79 1570 154 1593 τες.)
172 1561 226 1587 Ναὶ
242 1561 294 1596 μὴν
307 1560 354 1586 καὶ
367 1561 381 1586 ὁ
401 1559 543 1590 θεσπέσιος
557 1558 722 1593 Ἀϐϐακοὺμ,
740 1558 782 1584 ἐπ’
796 1557 870 1592 αὑτῴ

78 1607 112 1642 δὴ
133 1605 232 1641 τούτῳ,
250 1605 391 1641 μονονουχὶ
409 1605 456 1631 καὶ
475 1603 688 1639 δεδακρυμένως,
703 1602 871 1638 προσεφώνει

79 1653 149 1688 πρὸς
165 1652 231 1678 Θεὸν
244 1660 249 1666 ·
263 1661 272 1678 t
283 1652 355 1683 Ἕως
365 1651 449 1683 τίνος,
465 1650 561 1686 Κύριε,
571 1650 668 1685 Κύριε,
678 1649 813 1684 κράξομαι
824 1648 870 1674 καὶ

79 1698 156 1736 [οὐκ]
167 1698 329 1734 εἰσακούσῃς
341 1697 471 1733 βοήσομαι
484 1696 550 1732 πρὸς
558 1697 586 1723 σὲ
594 1696 684 1722 ἁδικού
689 1703 778 1730 μενος,
786 1694 831 1721 καὶ
839 1694 868 1721 οὺ

79 1746 197 1778 σώσεις;
215 1741 298 1772 Ἰνατί
317 1753 360 1779 μοι
379 1743 481 1776 ἔδειξας
494 1743 604 1774 κόπους,
627 1743 672 1768 καὶ
688 1742 795 1773 πόνους,
811 1742 869 1768 ἐπι-

78 1792 194 1818 ϐλέπειν
210 1789 406 1825 ταλαιπωρίαν,
421 1788 468 1815 καὶ
483 1788 624 1819 ἀσέϐειαν;
637 1787 666 1820 ἐξ
681 1787 802 1818 ἐναντίας
819 1795 869 1822 μου

79 1838 178 1872 γέγονε
193 1837 293 1872 κρίσις,
308 1836 354 1862 καὶ
373 1837 386 1862 ὁ
405 1834 501 1870 κριτὴς
518 1833 661 1869 λαμϐάνει.
676 1833 726 1859 Διά
738 1832 815 1859 τοῦτο
829 1833 869 1859 δι-

79 1883 243 1910 εσκέδασται
257 1882 348 1917 νόμος,
359 1882 405 1907 καὶ
418 1880 447 1906 οὐ
462 1879 613 1913 διεξάγεται
627 1879 667 1910 εἰς
681 1878 756 1909 τέλος
771 1877 868 1913 κρίμα,

78 1930 122 1957 ὅτι
143 1930 159 1956 ὁ
183 1929 282 1963 ἀσεϐὴς
308 1926 534 1954 καταδυναστεύει
551 1925 596 1952 τὸν
623 1924 736 1951 δίκαιον.
758 1924 869 1950 ’Ἕνεκεν

78 1976 176 2002 τούτου
193 1973 360 2007 ἐξελεύσεται
379 1973 410 2000 τὸ
424 1972 511 2008 κρίμα
526 1970 749 2006 διεστραμμένον.
771 1979 780 1995 ι
797 1970 868 1996 Οὐκ-

78 2023 127 2049 οῦν
147 2022 177 2048 τὸ
197 2021 244 2056 μὲν
261 2019 457 2055 φιλογρήγορον
471 2017 524 2044 τῶν
539 2018 567 2044 ἐν
586 2016 697 2050 ἀγέλαις
718 2015 806 2042 κυνῶν
822 2015 870 2051 ζη-

79 2067 144 2093 λοῦν
159 2066 209 2092 οὐκ
223 2065 328 2100 ἤθελον,
346 2062 532 2098 ἀπεμιμοῦντο
546 2062 574 2089 δὲ
594 2061 673 2097 μόνον
687 2060 784 2092 αὐτοὺς
799 2060 870 2087 κατά

79 2120 112 2145 γε
127 2112 159 2138 τὸ
167 2109 240 2137 εἶναι
256 2108 467 2144 καταφρονητὰς
481 2109 532 2143 μὲν
547 2107 656 2143 ἁπάσης
667 2106 769 2138 αἰδοῦς,
785 2107 871 2140 ἐγκεῖ-

80 2158 145 2185 σθαι
158 2157 186 2184 δὲ
194 2155 346 2192 ἀκορέστως
360 2156 419 2186 ταῖς
428 2154 481 2180 τῶν
489 2153 641 2189 λημμάτων
654 2152 804 2187 συλλογαῖς.
815 2152 869 2178 Καὶ

81 2204 153 2238 πρός
167 2211 199 2237 γε
214 2201 311 2237 τούτῳ,
326 2201 460 2236 πονηροὺς
470 2200 568 2231 αὐτοὺς
584 2197 654 2225 εἶναί
670 2207 746 2234 φησι,
762 2198 809 2225 καὶ
820 2198 869 2224 οὐκ

79 2249 182 2275 εἰδέναι
199 2247 315 2273 σύνεσιν.
334 2244 437 2272 Οὐκοῦν
452 2244 579 2275 ἀσύνετος
592 2244 607 2270 ὁ
627 2243 760 2278 πονηρός·
777 2243 793 2278 ἡ
814 2242 869 2278 γὰρ

81 2295 191 2325 σύνεσις
211 2295 310 2330 πρέποι
331 2292 363 2319 ἂν
382 2291 498 2327 μάλιστα
520 2290 576 2322 τοῖς
592 2289 715 2316 εἰωθόσιν
731 2288 868 2323 ἀγαθουρ-

79 2341 151 2374 γεῖν,
173 2338 291 2374 πονηρία
307 2338 335 2364 δὲ
352 2336 448 2373 φρενὸς
466 2336 576 2363 ἀπέστω
597 2335 646 2370 τῆς
661 2334 775 2369 ἀγαθῆς.
798 2335 868 2360 Ἴσον

80 2385 136 2420 γὰρ
156 2384 219 2410 ἰδεῖν
249 2383 344 2418 ψώραν
359 2391 388 2409 τε
403 2382 450 2408 καὶ
474 2381 551 2412 ἕλκος
567 2381 596 2406 ὲν
619 2379 735 2415 σώματι,
753 2380 800 2406 καὶ
819 2389 868 2406 πο-

80 2431 179 2466 νηρίαν
195 2431 233 2461 εἰς
249 2429 324 2456 νοῦν·
349 2427 476 2454 ἀσύνετον
497 2426 551 2462 γὰρ
566 2426 646 2453 αὑτὸν
660 2426 805 2460 ἀποφαίνει
822 2435 869 2452 κα-

80 2478 240 2512 τατρέρουσα
254 2475 321 2510 πρὸς
338 2474 496 2509 σκαιότητα,
510 2473 558 2499 καὶ
571 2471 738 2499 ἀποτελοῦσα
757 2471 869 2507 δύστρο-

84 2532 148 2550 πον.
185 2521 294 2557 Ἐπειδὴ
319 2520 347 2547 δὲ
372 2519 484 2555 πονηροὶ
509 2518 635 2553 γεγόνασι
659 2518 706 2544 καὶ
734 2517 868 2550 ἁσύνετοι,

81 2569 185 2604 ταύτης
208 2568 289 2594 ἕνεκα
312 2566 362 2602 τῆς
388 2565 484 2598 αἰτίας,
498 2565 610 2597 Πάντες,
636 2564 733 2599 φησιν,
757 2565 786 2590 ἐν
809 2565 869 2596 ταῖς

80 2615 152 2645 ὁδοῖς
169 2613 259 2640 αὐτῶν
284 2611 498 2647 ὲξηκολούθησαν
521 2610 634 2641 ἕκαστος
655 2609 725 2636 κατὰ
741 2609 771 2636 τὸ
787 2609 852 2636 αὑτό
863 2618 869 2626 ι

82 2660 196 2695 ἀφέντες
213 2659 267 2694 γὰρ
282 2658 376 2693 ῶσπερ
401 2657 431 2684 τὸ
452 2656 516 2683 εὐθὺ
533 2656 663 2691 φέρεσθαι
687 2655 786 2687 παντὸς
801 2656 870 2690 ἀγαο

83 2706 141 2738 θοῦ,
159 2706 206 2732 καὶ
227 2705 257 2731 τὸ
281 2704 333 2731 δεῖν
350 2703 465 2730 ’έπεσθαι
489 2703 544 2734 τοῖς
561 2702 792 2736 τεθεσπισμένοις,
817 2703 872 2732 τοῖς

926 969 978 996 qua
996 963 1101 998 justitia
1122 963 1258 996 dormivit,
1278 971 1349 991 nunc
1371 970 1460 992 autem
1485 965 1645 993 homicidae?
1663 965 1712 992 Ar-

923 1014 1031 1042 gentum
1045 1013 1162 1036 vestrum
1177 1009 1357 1036 aduiteratum
1374 1019 1380 1036 :
1395 1018 1532 1045 caupones
1545 1011 1583 1039 tui
1598 1013 1714 1040 miscent

923 1054 1013 1081 vinum
1035 1062 1115 1089 aqua,
1135 1055 1271 1090 principes
1292 1056 1330 1083 tui
1355 1063 1407 1083 non
1428 1057 1569 1089 ohediunt,
1587 1059 1652 1085 socii
1674 1059 1713 1085 fus

924 1108 993 1132 rum,
1005 1100 1147 1136 diligentes
1159 1110 1284 1137 munera,
1296 1107 1488 1138 persequentes
1498 1104 1712 1137 retributionem,

922 1147 1052 1180 orplianis
1064 1155 1117 1175 non
1130 1147 1292 1182 judicantes,
1305 1153 1332 1176 et
1342 1149 1444 1184 judicio
1459 1150 1545 1178 vidua:
1557 1158 1610 1178 non
1625 1156 1712 1178 atten-

923 1193 1016 1221 dentes
1028 1193 1077 1220 ⁹⁸.›
1095 1194 1163 1227 Quin
1175 1195 1318 1222 ctdivinus
1334 1195 1488 1229 Abbacum,
1506 1197 1600 1223 eadem
1618 1197 1649 1224 de
1668 1205 1711 1230 re,

924 1242 1026 1264 tantum
1044 1245 1095 1265 non
1115 1239 1305 1274 illacrymans,
1321 1239 1474 1274 appellabat
1494 1240 1576 1268 Deum
1591 1250 1598 1268 :
1611 1251 1622 1267 ι
1642 1241 1714 1276 Quo-

923 1291 1018 1318 usque,
1034 1284 1156 1316 Βοιιιίιιε,
1166 1285 1287 1316 Domine,
1303 1285 1437 1318 clamabo,
1452 1290 1480 1314 et
1495 1295 1547 1314 non
1564 1288 1713 1316 exaudiesV

923 1329 1090 1357 voeiferabor
1105 1331 1138 1357 ad
1155 1334 1190 1364 te,
1207 1330 1303 1364 injuria
1319 1330 1447 1365 amictus,
1462 1337 1488 1360 ct
1503 1340 1554 1360 non
1570 1334 1712 1362 servabis?

922 1375 1011 1408 Quare
1026 1376 1090 1403 mihi
1105 1376 1247 1404 ostendisti
1264 1376 1371 1405 labores
1387 1383 1413 1405 et
1429 1378 1579 1411 molestias,
1594 1385 1622 1407 ut
1637 1379 1712 1408 vide—

924 1428 979 1448 rem
997 1421 1133 1449 miseriam
1150 1427 1177 1450 et
1193 1423 1537 1457 impietatemiAdversum
1555 1433 1597 1453 me
1610 1425 1711 1454 factum

922 1471 963 1492 est
979 1466 1121 1500 judicium,
1139 1472 1166 1495 et
1184 1467 1265 1502 judex
1289 1469 1398 1504 accipit.
1418 1469 1564 1504 Propterea
1583 1471 1711 1507 dissipata

923 1511 1005 1547 796
1019 1517 1059 1540 e5t
1077 1512 1135 1545 lex,
1152 1517 1180 1540 et
1197 1521 1248 1541 non
1267 1514 1408 1542 deducitur
1424 1515 1450 1542 in
1469 1515 1548 1543 linem
1565 1516 1710 1551 judicium.

923 1558 1024 1592 Impius
1040 1559 1113 1586 enim
1131 1559 1201 1587 valet
1217 1564 1310 1587 contra
1326 1560 1439 1595 justum.
1456 1561 1560 1591 Idcirco
1574 1564 1712 1598 egreditur

921 1602 1051 1638 judicium
1073 1612 1229 1639 perversum
1242 1605 1275 1633 ⁸⁵.
1299 1615 1309 1631 ι
1334 1605 1427 1641 itaque
1448 1607 1632 1643 vigilantiam,
1652 1617 1712 1645 quae

921 1653 962 1675 est
976 1648 1002 1675 in
1018 1655 1099 1684 grege
1114 1657 1213 1677 canum
1224 1671 1232 1683 ,
1247 1651 1393 1679 noluerunt
1407 1654 1529 1681 aemulari
1549 1663 1555 1682 :
1572 1656 1620 1682 sed
1636 1656 1663 1683 in
1679 1664 1712 1684 eo

921 1693 1006 1720 solum
1028 1694 1123 1722 imitati
1142 1700 1215 1727 sunt,
1237 1697 1307 1731 quod
1326 1697 1380 1724 sint
1401 1703 1604 1734 contemptores
1621 1702 1711 1729 omnis

921 1741 1099 1772 verecundiae,
1117 1741 1327 1777 incumbautque
1343 1744 1440 1777 praedis
1458 1748 1651 1775 coacervandis
1667 1749 1710 1775 in-

920 1786 1090 1813 satiabiliter.
1106 1787 1146 1814 Ad
1163 1787 1220 1815 haec
1235 1794 1281 1815 eos
1297 1788 1382 1816 malos
1397 1797 1458 1817 esse
1472 1790 1548 1823 dicit,
1564 1797 1590 1819 et
1606 1794 1711 1820 nescire

921 1832 1136 1867 intelligentiam.
1149 1833 1244 1869 Itaque
1256 1835 1355 1864 stultus
1370 1841 1412 1863 est
1427 1837 1513 1864 malus
1527 1847 1535 1865 :
1551 1846 1612 1866 nam
1629 1840 1710 1868 intel-

920 1878 1031 1913 ligentia
1053 1878 1088 1906 iis
1115 1879 1244 1907 convenit
1268 1880 1385 1908 maxime
1403 1882 1448 1916 qui
1470 1883 1539 1910 bene
1558 1883 1646 1912 facere
1665 1893 1711 1913 δον

921 1923 978 1950 lent
995 1933 1002 1951 :
1021 1929 1050 1952 at
1070 1924 1171 1952 malitia
1194 1933 1209 1952 a
1232 1930 1321 1954 mente
1342 1927 1411 1955 bona
1432 1928 1513 1956 absit.
1532 1929 1648 1959 Perinde
1670 1939 1712 1960 est

921 1969 992 1996 enim
1018 1970 1138 1998 scabiem
1161 1975 1188 1998 et
1213 1971 1289 2000 ulcus
1309 1972 1401 2001 videre
1426 1974 1451 2001 in
1476 1982 1605 2010 corpore,
1628 1984 1660 2005 ac
1684 1978 1710 2005 in

920 2017 1011 2045 animo
1035 2018 1176 2046 malitiam.
1200 2019 1318 2047 Stultum
1345 2022 1416 2049 enim
1442 2023 1528 2058 ipsum
1555 2024 1653 2058 reddit,
1677 2028 1710 2054 ali

921 2069 1054 2097 agreStem
1073 2065 1218 2093 ruditatem
1236 2067 1382 2101 adducens,
1399 2073 1426 2096 et
1444 2068 1561 2098 ferocem
1580 2071 1708 2100 etiiciens.

921 2109 988 2141 Quia
1000 2116 1063 2137 vero
1075 2110 1137 2137 mali
1151 2110 1261 2139 luerunt
1272 2117 1300 2139 et
1311 2113 1398 2146 stulti,
1411 2115 1475 2143 hine
1494 2116 1589 2150 etiam,
1599 2116 1709 2150 Omnes,

922 2154 1018 2188 inquit,
1038 2154 1096 2182 vias
1116 2162 1181 2184 suas
1202 2157 1287 2184 secuti
1308 2163 1381 2191 sunt,
1399 2160 1512 2195 quisque
1534 2162 1560 2188 in
1581 2169 1662 2190 unum
1683 2169 1711 2191 et

922 2199 1002 2226 idem.
1016 2199 1081 2226 Nam
1098 2207 1158 2228 cum
1175 2206 1247 2230 recta
1263 2203 1296 2230 ad
1310 2210 1390 2232 omne
1405 2205 1504 2233 bonum
1519 2206 1595 2240 l'erri,
1607 2213 1635 2236 et
1650 2217 1710 2244 quae

885 2258 906 2286 Ι)
921 2245 1037 2273 oraculis
1050 2247 1154 2281 prodita
1169 2253 1243 2282 sunt,
1257 2250 1335 2284 sequi
1352 2250 1514 2280 desisterent
1529 2262 1535 2281 :
1550 2261 1604 2282 sua:
1615 2255 1710 2283 volun-

922 2291 968 2317 tati
989 2295 1059 2318 totas
1076 2292 1197 2320 habenas
1214 2293 1351 2327 laxarunt,
1371 2300 1397 2323 et
1416 2296 1539 2325 fecerunt
1558 2307 1607 2334 pro
1626 2293 1709 2328 animi

921 2337 963 2364 sui
980 2336 1106 2370 libidine;
1122 2345 1172 2366 nec
1188 2339 1276 2366 solum
1295 2340 1462 2376 singulatim,
1478 2344 1526 2371 sed
1543 2344 1569 2371 in
1587 2353 1669 2373 unum
1684 2352 1711 2374 et

923 2382 1011 2415 idem,
1030 2383 1055 2410 id
1073 2387 1113 2410 est
1125 2403 1132 2416 ,
1150 2384 1230 2411 simul
1247 2393 1278 2413 ac
1294 2388 1436 2421 gregatim.
1453 2389 1623 2419 Inveniemus
1639 2392 1710 2420 enim

923 2427 1065 2463 praefectos
1088 2428 1241 2456 Iudaeorum
1255 2430 1325 2458 raeda
1339 2436 1367 2458 et
1381 2433 1478 2462 divinis
1492 2435 1597 2470 legibus
1608 2436 1711 2464 dissen-

921 2474 1014 2501 tieulia
1037 2475 1063 2501 in
1087 2474 1207 2510 collegiis
1228 2483 1260 2503 ac
1282 2478 1455 2506 consessibus
1478 2480 1534 2508 suis
1554 2486 1581 2508 et
1601 2482 1710 2509 consul-

923 2524 993 2546 tasse
1011 2523 1037 2546 et
1054 2519 1161 2546 fecisse.
1180 2519 1218 2547 Ita
1235 2519 1306 2546 enim
1326 2520 1393 2555 lapsi
1414 2526 1477 2549 sunt
1497 2522 1523 2550 in
1541 2523 1709 2552 dominicidii

897 2575 901 2582 ι
922 2565 1035 2597 crimen,
1050 2569 1077 2592 et
1095 2564 1155 2592 aliis
1172 2569 1253 2600 atque
1270 2565 1331 2593 aliis
1349 2567 1437 2594 modis
1453 2568 1569 2603 quisque
1587 2570 1620 2597 ad
1640 2570 1709 2598 viam

924 2618 1000 2638 suam
1011 2611 1099 2638 aversi
1110 2614 1182 2638 sunt.
1200 2610 1371 2646 Voluptatum
1380 2612 1452 2639 enim
1462 2614 1625 2643 amantiores
1633 2620 1711 2643 erant

925 2664 1005 2691 quam
1013 2657 1071 2690 Dei,
1081 2658 1176 2684 etvitaa
1185 2656 1264 2692 hujus
1272 2657 1494 2692 occupationibus
1501 2658 1711 2692 magisoblecta~

926 2702 1035 2734 bantur,
1050 2703 1104 2730 vita
1119 2704 1232 2732 honesta
1248 2709 1275 2731 et
1289 2704 1417 2740 praeclara
1433 2704 1459 2731 in
1475 2706 1709 2740 totum_neglecta.

87 2753 160 2787 σφῶν
175 2752 324 2787 θελήμασιν
347 2751 410 2782 ὅλας
425 2750 518 2784 ὥσπερ
535 2749 648 2783 ἀφέντες
679 2748 768 2784 ἡνίας,
786 2748 919 2784 ἔπραττον
949 2749 979 2775 τὺ
1014 2749 1074 2775 καθ’
1103 2750 1209 2786 ἡδονὴν,
1225 2751 1271 2778 καὶ
1285 2751 1314 2777 οὺ
1329 2750 1389 2777 καθ’
1403 2750 1451 2777 ἕνα
1469 2749 1559 2786 μόνον,
1571 2750 1639 2778 ἀλλὰ
1656 2752 1710 2787 γὰρ

85 2800 130 2826 καὶ
144 2798 216 2826 κατὰ
228 2798 257 2824 τὸ
273 2798 348 2828 αὐτὸ,
364 2797 514 2828 τουτέστιν,
528 2795 594 2830 ὁμοῦ
609 2796 654 2822 καὶ
669 2796 738 2822 κατὰ
772 2795 886 2830 πληθύν.
907 2796 1065 2830 Εὑρήσομεν
1080 2796 1107 2822 δὲ
1121 2797 1182 2828 τοὺς
1212 2796 1264 2823 τῶν
1285 2797 1420 2824 Ἰουδαίων
1435 2795 1593 2832 καθηγητὰς
1608 2796 1711 2825 ἐκτοπά

116 2900 140 2917 ⁸⁸
157 2899 214 2928 Jul.
235 2907 263 2932 ιι,
280 2898 305 2927 3.
345 2897 478 2934 “_llattlt.
497 2905 572 2931 um,
588 2897 632 2925 ‘23.

672 2899 692 2913 ““
708 2897 758 2925 Isa.
774 2906 792 2931 ι,
811 2898 904 2925 ‘2l-‘25.

944 2899 965 2914 ⁸⁸³
985 2898 1086 2927 ιῖιιὶιιις.
1101 2905 1120 2930 ι,
1135 2897 1193 2928 2-4.
