1883 3054
81 196 148 224 1261

629 195 663 224 ΙΝ
683 196 798 225 ISAIAM
817 195 881 225 LIB.
902 196 934 224 V.
950 195 1069 225 TOMUS
1089 194 1131 224 ΙΙΙ.

1647 196 1714 225 1962

78 255 123 281 ᾰτι
139 254 263 290 δαίμοσιν
289 253 453 290 ἀκαθάρτοις
483 254 530 281 καὶ
553 254 669 290 ἀψύχοις
685 254 805 287 εἰδώλοις

962 255 1016 283 avis
1046 255 1073 283 in
1101 261 1149 281 vos
1172 252 1272 280 furoris
1295 252 1346 280 mci
1373 251 1477 279 causa?
1499 256 1526 279 et
1551 251 1711 287 supplicium

80 299 163 334 ἐχεας
188 299 323 332 σπονδὰς,
351 300 490 332 κάκείνοις
513 300 666 336 ἀνήνεγκας
691 300 794 332 θυσίας.
810 298 872 336 Ἆρ’

78 344 128 373 οὖν
150 347 196 373 ἐπὶ
210 346 315 378 τούτοις
331 347 380 373 οὐκ
406 346 620 382 ὀργισθήσομαι;
638 347 720 381 φησίν
732 353 740 362 ⁶
755 346 805 373 οὐκ
828 347 872 373 εύ-

79 393 204 429 άιρορμος
223 393 283 420 καθ’
297 391 399 428 ύμῶνό
414 392 510 427 ουμὸς,
531 393 578 418 καὶ
596 392 629 418 τὰ
644 392 693 426 τῆς
720 391 798 426 δίκης
824 392 873 419 οὑκ

78 439 193 474 εὔλογον
212 439 268 474 ἔχει
281 438 330 474 τὴν
351 439 498 474 ἀφορμήν;
528 438 585 464 Ἐπ’
611 437 674 473 ὅρος
698 437 800 472 ὑψηλὸν
827 437 873 464 καὶ

81 487 232 521 μετέωρον,
247 485 305 511 ἐκεῖ
319 493 365 510 σου
379 485 396 519 ἡ
412 484 500 519 κοίτη,
517 484 575 510 ἐκεῖ
587 483 750 514 ἀνεὸίῦασας
766 482 871 515 θυσίας,

78 533 130 558 καὶ
145 531 232 557 ὀπίσω
245 530 300 557 τῶν
317 529 447 564 σταθμῶν
462 529 513 565 τῆς
529 529 613 565 θύρας
629 537 676 556 σου
693 529 793 564 ἔθηκας
810 537 874 564 μνη-

80 577 199 613 μόσυνόν
216 585 273 603 σου.
289 576 350 602 Ὀτι
368 575 417 611 μὲν
437 572 483 603 οὖν
500 576 529 602 ὲν
550 576 607 607 τοῖς
623 575 713 610 δρεσιν
729 575 873 601 ἐκάθευδον

77 624 215 650 ἐνυπνίων
229 624 321 655 ἕνεκα,
337 622 499 657 πλεισταχοῦ
521 621 726 657 διαμεμήνυκεν
738 621 752 647 ὁ
766 629 873 657 προφη-

76 670 156 702 τικος
177 670 241 705 ἡμῖν
262 669 349 703 λόγος.
366 669 433 695 Φασὶ
448 669 476 695 δὲ
492 669 531 700 είς
548 669 627 695 τοῦτο
648 668 752 704 πλάνης
766 667 873 695 κατολι-

78 715 180 750 σθῆσαι
194 715 238 741 τὸν
256 713 372 750 Ἰσραὴλ,
385 713 454 740 ὥστε
468 713 515 740 καὶ
535 714 563 739 ὲν
579 715 638 744 ταῖς
661 712 758 748 θύραις
783 713 829 739 καὶ
844 713 872 739 ἐν

75 762 137 793 τοῖς
156 760 284 796 σταθμοῖς
299 758 471 795 ὲντορνεῦσαι
483 758 533 790 τὰς
547 758 601 785 τῶν
620 758 737 785 εἰδώλων
754 758 871 793 μορφὰς,

77 807 125 833 ἵνα
139 807 186 834 καὶ
208 806 393 838 εἰσϐάλλοντες
409 806 469 837 ταῖς
485 805 584 836 οἰκίαις
607 804 659 836 ἔξω
674 813 703 830 τε
721 804 768 831 καὶ
793 804 885 842 βαδίη

76 853 174 885 ζοντες
194 852 293 889 ὁρῶσιν
306 852 384 883 αὐτὰ,
399 852 446 878 καὶ
461 851 488 877 ὲν
505 851 693 886 ἁτελευτήτοις
707 850 789 886 ἔχωσι
805 852 872 886 μνήο

928 308 1020 328 nonne
1041 301 1214 327 occasionem
1231 299 1312 326 habet
1326 298 1422 325 rationi
1437 298 1668 325 consentaneam'.’
1685 296 1712 324 In

927 351 1018 373 monte
1043 345 1150 373 excelso
1171 349 1197 372 et
1223 344 1335 379 praealto
1359 349 1401 371 est
1422 344 1510 372 cubile
1540 348 1625 375 tuum,
1650 343 1714 370 illttc

926 392 1072 420 ascemlere
1095 391 1182 419 fecisti
1206 391 1322 423 hostias,
1347 395 1374 418 et
1400 395 1460 425 post
1484 394 1574 425 postes
1589 390 1650 416 ostii
1668 397 1714 424 po-

926 435 1003 462 suisti
1026 440 1230 463 monumentum
1247 439 1334 463 tuum.
1349 435 1515 463 Dormivisse
1528 435 1654 462 nimirum
1667 442 1715 462 eos

926 482 952 509 in
983 482 1135 516 montibus,
1163 482 1359 509 insonmiorum
1380 489 1472 514 causa,
1494 489 1565 516 serpe
1590 482 1714 508 meminit

927 530 1083 565 prophetica
1111 530 1209 558 oratio.
1231 529 1348 557 Narrant
1363 534 1452 557 autem
1468 531 1596 558 lsraelem
1613 530 1639 557 iu
1653 537 1714 557 eum

926 583 1047 603 errorem
1071 576 1237 611 prolapsum,
1265 582 1294 604 ut
1309 583 1358 612 pro
1377 575 1481 604 feribus
1500 581 1526 604 et
1545 577 1571 603 in
1593 576 1716 610 postibus

928 621 1031 648 formas
1060 621 1190 649 idolorum
1215 622 1370 655 inciderint,
1398 630 1452 657 quo
1475 623 1642 649 introeuntes
1669 622 1716 648 dn-

928 675 1000 694 mum
1013 671 1040 695 et
1057 673 1187 696 exeuntes
1203 668 1247 696 illa
1262 669 1397 701 viderent,
1415 675 1439 695 et
1462 669 1626 702 sempiterna
1642 673 1716 695 tene-

927 718 986 740 rent
1012 714 1151 740 memoria.
1182 713 1237 741 lloc
1267 714 1357 748 itaque
1382 714 1409 740 in
1441 714 1492 741 illis
1523 713 1584 748 jure
1612 713 1715 748 optimo

928 760 1022 787 haberi
1053 764 1141 795 potest
1155 767 1268 788 summa:
1283 759 1430 795 impietatis
1446 759 1556 786 evidens
1573 767 1716 794 argumen-

927 810 994 833 tum.
1019 805 1158 834 V'ocabant
1174 811 1264 833 autent
1283 807 1332 833 has
1349 805 1481 833 idolorum
1497 806 1596 833 incisas
1615 805 1716 833 formas

925 856 1091 884 servatores,
1105 857 1132 879 et
1145 852 1284 880 domorum
1298 853 1434 880 custodes.

78 908 158 935 μαις.
177 899 344 934 Ἀφιλοθεῖας
360 899 388 925 δὲ
404 899 452 934 τῆς
469 898 585 925 εἰσάπαν
599 897 736 930 ἀπόδειξις
769 898 886 934 ἐναργὴς
905 899 1114 935 καταλογισοείη
1146 899 1180 926 ἂν
1199 899 1229 926 τὸ
1248 900 1342 936 χρῆμα
1361 899 1470 931 αὐτοῖς,
1492 899 1539 926 καὶ
1555 899 1628 934 μάλα
1645 898 1717 926 εἰκό-

75 955 149 978 τωςο
166 947 279 974 ἐκάλουν
291 947 318 973 δὲ
333 946 366 973 τὰ
380 946 434 972 τῶν
448 946 564 974 εἰδώλων
578 945 830 982 ἐντετορ[ν]ευμένα
854 947 990 983 σωτηρίας
1004 946 1053 983 [ιιι.
1068 947 1206 985 σωτῆρας]
1222 949 1268 975 καὶ
1284 948 1435 984 οἰκουροὺς.

119 993 193 1028 ’ῼου
219 993 264 1019 ὅτι
290 992 345 1019 ἐὰν·
368 993 418 1020 ἀπ’
441 992 514 1027 ἐμοῦ
538 993 691 1027 ἀποστῇς,
720 993 829 1022 πλεῖόν

965 995 1045 1022 Vens.
1060 996 1086 1028 8,
1103 995 1129 1023 9.
1151 995 1280 1028 Putabas,
1304 996 1327 1023 si
1353 997 1488 1023 recesseris
1506 1005 1521 1023 ll
1546 1004 1595 1030 me,
1621 1004 1679 1031 ptua
1692 1001 1716 1023 te

75 1039 171 1072 ἕξεις.
197 1038 367 1074 Ἠτάπησιις
392 1037 463 1071 τοὺς
485 1037 687 1072 κοιμωμένους
707 1039 782 1074 μετὰ
804 1039 873 1071 σοῦ,

77 1085 132 1112 καὶ
154 1084 328 1117 ἐπλήθυνιις
353 1084 411 1118 τὴν
441 1085 586 1119 πορνείαν
605 1092 662 1111 σου
686 1086 750 1120 μετ’
764 1085 873 1118 αὐτῶν,

76 1131 131 1158 καὶ
161 1131 297 1164 πολλοὺς
321 1131 469 1164 ἐποίησας
491 1130 562 1164 τοὺς
578 1130 699 1166 μακρὰν
722 1131 781 1159 ἀπὸ
802 1132 872 1164 σοῦ,

77 1179 131 1205 καὶ
147 1177 328 1211 ἀπέστειλας
341 1176 479 1211 πρέσϐεις
494 1177 570 1211 ὑπὲρ
586 1177 623 1204 τὰ
639 1177 704 1212 opu)
716 1185 786 1205 σου.

117 1225 230 1251 ’Ἅπασα
250 1224 298 1259 μὲν
317 1224 432 1255 ἔκτοπος
448 1223 539 1259 ἡδονὴ.
562 1223 609 1250 καὶ
627 1224 702 1251 πᾶσα
718 1224 813 1257 κακία,
829 1223 875 1251 τὸν

78 1270 255 1307 ἀνθρώπινον
274 1269 514 1305 καταγοητεύουσα
539 1269 612 1303 νοῦν,
639 1270 782 1306 μονονουχὶ
807 1279 875 1297 κατ-

78 1317 281 1351 επαγγέλλεται
304 1317 403 1352 πεῖράν
428 1325 488 1343 τινα
510 1316 672 1352 πράγματος
690 1317 806 1351 ἀγαθοῦ,
829 1317 877 1344 καὶ

78 1365 124 1390 ὅτι
146 1362 255 1398 μεθέξει
277 1362 330 1388 τῶν
350 1362 382 1389 ού
402 1361 486 1388 πάλαι
505 1361 724 1397 διεγνωσμένων,
756 1363 833 1390 ἔσται
847 1363 876 1390 δὲ

79 1410 130 1436 καὶ
143 1409 172 1434 ἑν
187 1408 336 1444 ἀμείνοσιν,
357 1407 373 1442 ἢ
398 1407 529 1442 πρότερον
544 1405 588 1442 ἦν.
613 1407 741 1434 Λαΰοῦσα
761 1408 816 1443 γὰρ
830 1407 876 1434 οὖ-

78 1463 136 1486 τως
152 1455 334 1490 αἰχμάλωτον,
348 1452 429 1490 οἵπερ
441 1455 473 1481 ἂν
482 1453 610 1490 ἓλοι[ν]το
624 1454 716 1481 λοιπὸν
729 1454 874 1490 ἀποφέρει.

85 1499 159 1526 Ἀλλ·
172 1500 197 1525 οἱ
215 1499 262 1534 μὲν
280 1498 414 1530 ἀσύνετοι,
441 1500 524 1536 πείρᾳ
548 1499 680 1534 μαθόντες
699 1499 744 1526 ἵνα
758 1500 812 1526 εἰσὶ
829 1507 878 1526 κα-

80 1546 143 1579 κοῦ,
163 1546 348 1582 μετα’ροιτῶσι
367 1546 443 1582 μόλις
457 1547 504 1573 ἐπὶ
518 1547 549 1573 τὺ
563 1547 591 1573 ὲν
606 1547 704 1582 ἀρχαῖς
716 1554 723 1561 ·
737 1545 765 1572 οἵ
776 1554 808 1580 γε
824 1545 877 1581 μὴν

80 1595 138 1626 τοῖς
155 1593 206 1629 τῆς
221 1593 341 1625 διανοίας
355 1592 462 1628 ὕμμασι
481 1592 693 1628 περιαθροῦντες
707 1589 736 1618 εὖ
756 1592 829 1627 μάλα
847 1591 878 1618 τὸ

79 1640 199 1666 ἑκάστου
214 1640 376 1675 πράγματος
393 1639 489 1675 πέρας,
506 1639 646 1674 ἀποφορᾶς
659 1639 709 1665 οὐκ
723 1638 876 1673 ἀνέχονταν

925 1041 1089 1068 habiturum.
1118 1042 1239 1070 Dilexisti
1264 1043 1423 1070 dormientes
1455 1048 1550 1074 tecum,
1577 1047 1601 1069 et
1626 1042 1716 1069 crebro

926 1087 1056 1122 [tunicata
1070 1096 1096 1115 es
1115 1096 1172 1114 cum
1188 1089 1235 1121 eis,
1254 1093 1279 1115 et
1296 1088 1391 1115 multos
1409 1088 1494 1123 fecisti
1509 1096 1552 1115 eos
1566 1088 1609 1123 qui
1625 1089 1717 1123 procul

925 1141 942 1160 ι
956 1139 990 1165 te,
1009 1139 1032 1161 et
1053 1134 1147 1162 misisti
1162 1134 1262 1169 legatos
1274 1134 1343 1161 ultra
1355 1135 1481 1162 terminos
1495 1139 1564 1161 tuas.

962 1224 1056 1253 Omnis
1076 1225 1146 1253 fmda
1169 1226 1303 1261 voluptas,
1319 1231 1345 1254 et
1355 1227 1445 1254 omnis
1460 1222 1596 1255 vitiositas
1616 1226 1716 1254 buma-

927 1279 990 1299 nam
1017 1276 1132 1299 mentem
1158 1273 1308 1305 incantans,
1337 1273 1475 1308 specimen
1501 1274 1609 1309 aliquod
1640 1274 1716 1301 home

928 1318 967 1345 rei
1009 1322 1115 1346 tantum
1149 1326 1203 1346 non
1240 1319 1398 1354 pollicetur,
1429 1323 1456 1347 et
1490 1327 1533 1347 res
1566 1327 1629 1347 ante
1662 1328 1715 1347 non

929 1365 1049 1400 cognitas
1078 1365 1256 1400 adepturum,
1286 1374 1317 1393 ac
1348 1366 1376 1394 in
1406 1366 1518 1394 meliore
1553 1367 1611 1394 loco
1646 1366 1714 1399 fore,

928 1419 1009 1446 quam
1035 1412 1109 1447 prius
1132 1412 1222 1444 fuerit,
1254 1413 1395 1448 promittit.
1433 1413 1514 1449 θυι
1550 1412 1618 1440 Nam
1653 1422 1714 1440 cum

929 1458 968 1484 sic
1001 1458 1133 1493 captivam
1168 1459 1294 1493 ceperit,
1330 1466 1490 1494 quoexinquo
1528 1459 1635 1486 tandem
1661 1459 1716 1486 vult

929 1504 1026 1531 aufert.
1072 1504 1124 1531 Sed
1155 1504 1230 1532 stulti
1272 1505 1437 1540 experientia
1482 1505 1553 1533 docti
1606 1506 1716 1533 ubinam

929 1550 1059 1577 malorum
1077 1551 1142 1584 sint,
1162 1550 1207 1577 vix
1233 1550 1266 1578 ad
1295 1551 1412 1586 priorem
1432 1555 1530 1578 statttm
1548 1551 1716 1579 relabuntur.

928 1595 978 1629 Qui
996 1601 1085 1623 autem
1113 1596 1199 1623 animi
1215 1596 1302 1624 oculis
1327 1597 1458 1632 cujusque
1476 1597 1513 1624 rei
1534 1597 1636 1624 exitum
1654 1605 1716 1632 per-

931 1643 1044 1669 lustrant
1063 1642 1280 1678 diligentissime,
1298 1643 1451 1678 praecipites
1466 1650 1495 1671 se
1518 1643 1576 1671 dari
1603 1652 1654 1671 non
1678 1645 1716 1671 si-

81 1686 248 1720 φυλάττουσι
264 1685 292 1711 δὲ
314 1685 413 1720 μᾶλλον
437 1684 549 1720 ἀπλῆγα
582 1684 626 1711 τὸν
639 1684 701 1711 νοῦν
717 1684 770 1720 πρὸ
781 1684 826 1710 πεί

962 1692 1007 1718 ιιιι,
1022 1688 1068 1714 sed
1082 1693 1199 1715 mentem
1214 1694 1325 1715 servant
1337 1688 1544 1720 invulneratam.
1574 1695 1638 1716 ante
1659 1693 1716 1716 ten-

80 1732 201 1768 ὁρῶντες
215 1732 248 1759 τὰ
269 1732 338 1767 μετά
352 1731 463 1768 ταύτην.
481 1731 551 1758 Ἀλλ’
562 1732 592 1758 ού
608 1731 719 1766 τοιαύτη
734 1731 846 1765 γέγονεν
860 1731 877 1766 ἡ

80 1779 138 1806 τῶν
154 1778 289 1805 Ἰουδαίων
300 1778 449 1813 Συναγωγή
460 1787 466 1793 ·
479 1775 513 1813 ἦν
530 1777 578 1813 μὲν
596 1777 650 1813 γάρ
666 1777 719 1804 ὑπὸ
734 1779 815 1813 χεῖρα
829 1777 877 1804 τοῦ

84 1827 176 1853 πάντα
199 1825 335 1861 ἰσχύοντος
359 1824 443 1858 Θεοῦ,
469 1825 516 1851 καὶ
539 1824 588 1860 τὴν
605 1825 671 1860 παρ’
693 1824 777 1851 αὑτοῦ
800 1824 878 1858 δόξαν

83 1872 275 1908 ἠμφιεσμένη,
287 1870 362 1906 δεινὴ
375 1871 421 1897 καὶ
435 1870 570 1906 ἀφόρητος
585 1870 640 1901 τοῖς
652 1870 762 1906 ὁμόροις
773 1867 817 1905 ἦν,
833 1870 880 1896 καὶ

83 1918 253 1954 τριπόθητον
273 1918 372 1953 ἔχουσα
394 1917 442 1953 τὴν
458 1917 564 1950 ἐλπίδα,
579 1917 627 1943 καὶ
650 1917 759 1949 ἀπάσης
779 1917 880 1952 εὐημε-

83 1967 147 2001 ρίας
155 1964 316 2000 ἐμπλεω[ς].
326 1964 461 1999 Ἐπομένη
471 1964 570 2000 γὰρτῴ
578 1964 621 1991 διά
630 1963 751 1995 Μωσέως
759 1963 834 1999 νόμῳ
841 1963 879 1998 τῷ

83 2013 166 2047 φύσει
185 2013 231 2039 καὶ
251 2011 360 2047 ἀληθῶς
375 2011 539 2046 λελόιτρευκε
566 2010 640 2046 Θεῷ·
659 2009 830 2036 διατετέλεκε
851 2009 879 2035 δὲ

83 2058 201 2093 καιροὺς
214 2057 306 2093 ἕτερον
322 2057 364 2084 ἐπ’
378 2057 450 2092 αὐτῴ
464 2057 529 2083 Θεὸν
539 2055 590 2082 οὐκ
605 2055 756 2090 ἀνεχομένη
776 2054 880 2087 καλεῖν,

84 2105 171 2140 ἧγουν
196 2104 296 2131 εἰδέναι
320 2104 493 2139 προσκυνεῖν.
514 2102 624 2138 Ἐπειδὴ
647 2101 675 2129 δὲ
703 2099 879 2136 προσεκλήθη

83 2150 143 2177 τισὶ.
155 2149 326 2181 διδασκάλοις
342 2149 389 2176 καὶ
405 2149 524 2180 ἀνοσίοις
539 2148 662 2183 ποιμέσι,
682 2147 826 2174 πέπτωκεν
841 2147 882 2178 εἰς

84 2197 239 2224 ἀπόστασιν
253 2196 302 2231 τὴν
317 2195 371 2222 ἀπὸ
393 2195 472 2227 Θεοῦ,
494 2194 541 2221 καὶ
558 2193 746 2229 προσεκύνησε
761 2194 817 2224 τοῖς
837 2192 882 2228 ἔρ-

84 2251 145 2278 γοις
160 2242 215 2269 τῶν
233 2241 306 2269 ἰδίων
323 2241 432 2277 χειρῶν·
456 2240 578 2276 οἱηθεῖσα
601 2241 671 2275 τάχα
696 2248 761 2271 που,
781 2239 830 2266 καὶ
853 2239 882 2265 ὲν

85 2289 230 2325 ἀμείνοσιν
248 2287 369 2320 ἔσεσθαι,
382 2288 432 2323 τῆς
446 2287 514 2324 πρὸς
530 2287 596 2313 Θεὸν
613 2286 724 2321 ἀγάπης
745 2284 882 2319 ὲξολισθή-

87 2343 173 2363 σασα.
192 2334 255 2361 Ἐπὶ
276 2334 381 2365 τούτοις
405 2333 491 2368 αὐτὴν
505 2333 626 2359 αἰτιᾶται
648 2331 745 2366 λέγων·
762 2332 828 2366 ᾯου
841 2331 882 2357 ὅτι

86 2382 137 2408 ἐὰν
154 2381 202 2408 ἀπ’
216 2380 282 2415 ἐμοῦ
295 2381 427 2415 ἀποστῇς,
446 2379 536 2405 πλεῖόν
550 2387 576 2405 τι
588 2377 668 2410 ἕξεις.
689 2377 758 2404 Ἀλλ’
773 2377 823 2404 οὐκ
840 2377 885 2403 ὲκ-

87 2428 209 2463 6ἑ6ηκεν
224 2427 263 2458 εἰς
279 2427 364 2462 πέρας
378 2426 446 2460 αὐτῇ
466 2425 500 2451 τὰ
514 2424 733 2460 προσδοκηθέντα
748 2423 796 2458 τῆς
810 2422 882 2449 οὕτω

85 2474 197 2510 ψυχρᾶς
218 2473 264 2499 καὶ
283 2471 399 2508 ματαίας
419 2470 538 2502 ἐλπίδος·
559 2470 687 2505 γεγόνασι
707 2469 761 2504 γάρ
783 2468 883 2504 μᾶλλον

87 2524 116 2549 ὲν
138 2519 222 2547 παντὶ
243 2517 330 2553 κακῷ.
354 2517 503 2553 Ἐσχήκασι
523 2516 612 2543 τοίνυν
628 2517 668 2548 είς
684 2524 715 2550 γε
737 2515 766 2542 τὸ
783 2515 884 2550 εὑημε-

90 2569 147 2603 ρείν
161 2567 192 2593 τὸ
208 2565 335 2600 περιττὸν
351 2564 437 2596 οὐδὲν,
455 2562 639 2594 ἁποὸαλόντες
655 2562 686 2589 τὸ
698 2563 820 2597 γνήσιον,
837 2561 884 2588 καὶ

87 2613 119 2639 ἰδ
148 2611 256 2646 ἑδραῖον
280 2611 308 2636 ὲν
333 2609 439 2641 τούτοις
463 2609 561 2645 μικροῦ
584 2608 723 2640 παντελῶς
746 2607 885 2640 ἀξιοῦντες

92 2658 182 2692 λόγου.
196 2657 251 2685 Καὶ
259 2656 289 2683 τὸ
296 2656 336 2683 ἑτι
352 2656 447 2682 τούτου
465 2655 702 2692 παραλογώτερον,
711 2654 884 2690 Ἠγάπησας,

91 2705 171 2740 φησι,
187 2704 251 2736 τοὺς
266 2703 454 2739 κοιμωμένους
470 2702 538 2738 μετά
552 2700 825 2737 σοῦ,καὶὲπλήθυνας
837 2700 886 2735 τὴν

94 2751 224 2787 πορνείαν
237 2758 284 2777 σου
299 2750 356 2785 μετ’
367 2749 467 2776 αὐτῶν’
481 2749 529 2776 καὶ
541 2748 693 2781 διαλέγεται
708 2747 757 2782 μὲν
766 2747 803 2779 ὡς
818 2745 886 2782 πρὸς

92 2799 212 2831 γυναῖκα
236 2796 348 2832 πόρνην.
363 2796 440 2828 Τίνες
463 2795 491 2822 δὲ
513 2793 581 2831 ἦσαν
596 2795 620 2821 oi
641 2793 806 2829 κοιμώμενοι
827 2792 885 2828 μετ’

94 2843 196 2878 αὐτῆς,
216 2843 233 2878 ἦ
249 2843 319 2877 τάχα
338 2851 390 2868 που
415 2851 423 2867 ι
438 2840 655 2875 Ψιυδοποιμένες
680 2839 817 2875 ἄνθρωποι
841 2839 887 2865 τὸν

138 2930 174 2959 ’Ἷ
189 2932 261 2960 Titii.
279 2939 314 2963 μ’,
330 2930 357 2957 ἳ.

931 1733 1057 1760 tationem
1077 1734 1199 1761 videntes
1234 1734 1298 1768 quid
1319 1739 1474 1762 secuturum
1502 1736 1548 1763 sit.
1578 1734 1631 1762 Sed
1659 1734 1719 1762 talis

929 1786 981 1805 non
996 1779 1045 1804 fuit
1061 1778 1215 1806 Judaeorum
1233 1779 1374 1816 Synagoga
1406 1789 1412 1808 :
1443 1785 1500 1808 erat
1518 1781 1589 1808 enim
1610 1781 1717 1809 subdita

930 1826 1020 1852 manui
1033 1825 1226 1860 onmipotentis
1239 1826 1296 1859 Dei,
1309 1832 1336 1854 et
1346 1827 1430 1862 gloria
1443 1826 1476 1854 ab
1488 1827 1547 1862 ipso
1555 1828 1716 1861 convestita,

931 1870 1059 1898 terribilis
1072 1874 1099 1898 et
1116 1871 1298 1899 intolerabilis
1317 1872 1422 1900 exstitit
1441 1872 1573 1906 finitimis,
1589 1878 1617 1900 et
1640 1878 1718 1908 opta-

931 1917 1062 1944 tissimam
1076 1924 1150 1952 spem
1162 1918 1266 1950 habuit,
1278 1918 1407 1953 omnique
1421 1918 1549 1946 felicitate
1561 1920 1718 1947 abundavit.

931 1963 1027 1991 Set-uta
1043 1964 1114 1991 enim
1128 1965 1213 2000 legem
1232 1964 1388 1998 Mosaicam,
1405 1970 1501 1992 natura
1515 1970 1543 1993 et
1557 1974 1618 1994 vere
1634 1966 1718 1994 Deum

931 2011 1028 2044 coluit;
1046 2018 1095 2038 nec
1109 2011 1190 2038 alium
1206 2011 1240 2039 ab
1260 2011 1306 2039 illo
1322 2011 1406 2039 Deum
1423 2012 1502 2046 longo
1519 2017 1641 2047 tempore
1657 2022 1719 2041 sns-

931 2057 1012 2084 tinuit
1041 2057 1186 2092 appellare,
1203 2065 1254 2085 nec
1275 2057 1357 2085 alium
1382 2058 1457 2085 novit
1485 2060 1610 2086 adorare.
1641 2059 1719 2087 Post—

931 2111 1011 2138 quau.
1026 2109 1115 2131 autem
1130 2103 1163 2131 ad
1176 2104 1308 2139 quosdam
1326 2104 1451 2132 doctores
1471 2104 1552 2133 falsos
1568 2105 1667 2134 defecit
1690 2115 1721 2132 ac,

933 2149 1030 2184 impios
1052 2155 1175 2184 pastores
1193 2162 1198 2178 :
1217 2151 1312 2178 recidit
1328 2151 1354 2178 in
1376 2152 1541 2186 apostasiam
1565 2159 1580 2179 a
1606 2153 1671 2186 Deo,
1695 2159 1721 2178 ιιι

933 2201 1013 2229 opera
1030 2202 1159 2222 tnanuum
1185 2203 1293 2222 suarum
1314 2196 1446 2228 adoravit,
1464 2200 1520 2223 rata
1538 2196 1662 2224 fortassis
1680 2206 1722 2225 sc-

933 2248 994 2267 cnm
1011 2241 1108 2268 melius
1121 2246 1211 2269 actum
1235 2242 1279 2274 iri,
1305 2242 1351 2269 ubi
1378 2249 1391 2269 a
1422 2243 1553 2270 cliaritate
1583 2243 1628 2270 Dei
1648 2243 1721 2278 lapsa

935 2285 1040 2313 fuisset.
1058 2285 1138 2313 Hisce
1158 2287 1192 2314 de
1219 2287 1300 2314 rebus
1324 2287 1396 2314 illam
1420 2287 1568 2318 accusavit,
1593 2287 1687 2314 dicens
1714 2297 1720 2313 :

936 2330 1063 2364 Putabas,
1080 2331 1102 2358 si
1119 2332 1259 2360 reeederes
1273 2340 1287 2359 a
1303 2340 1356 2365 me,
1371 2333 1430 2367 plus
1445 2337 1470 2359 te
1485 2332 1653 2359 habiturum.
1671 2331 1722 2359 Sed

937 2385 990 2404 non
1006 2382 1187 2412 pervenerunt
1204 2378 1235 2405 ad
1251 2379 1365 2412 exitum,
1391 2386 1451 2414 qua:
1473 2378 1524 2405 hac
1541 2378 1609 2405 adeo
1626 2377 1723 2413 frigida

934 2427 960 2450 et
974 2423 1047 2450 inani
1065 2431 1112 2458 spe
1123 2424 1364 2458 exspectabantur;
1388 2425 1443 2452 iuno
1461 2424 1486 2452 in
1502 2424 1629 2452 omnibus
1647 2423 1724 2450 malis

936 2469 1126 2496 versabantur.
1144 2468 1299 2496 Habuerunt
1317 2470 1397 2505 igitur
1411 2469 1599 2504 prosperitatis
1617 2468 1724 2496 eximias

937 2515 1015 2548 nihil,
1037 2522 1097 2542 curn
1117 2522 1208 2542 veram
1234 2515 1350 2542 filiorum
1377 2519 1404 2542 et
1429 2515 1573 2550 genuinam
1601 2518 1724 2542 naturam

938 2562 1095 2596 abjicerent,
1111 2565 1138 2588 et
1150 2561 1308 2588 firmitatem
1325 2562 1562 2597 constantiamque
1579 2562 1653 2596 parvi
1677 2560 1726 2589 ad-

938 2608 1045 2635 modum
1062 2608 1199 2634 ducerent.
1215 2607 1248 2634 Et
1261 2607 1333 2642 quod
1350 2607 1437 2634 adhuc
1448 2612 1492 2635 est
1505 2607 1659 2639 absurdius,
1682 2607 1725 2636 Di-

938 2653 1037 2686 lexisli,
1055 2653 1152 2688 inquit,
1169 2653 1333 2681 dormientes
1350 2658 1448 2686 tecum,
1475 2658 1501 2681 et
1521 2654 1617 2682 crebro
1642 2653 1727 2680 forni-

940 2703 999 2726 cata
1021 2707 1051 2726 es
1068 2707 1128 2726 eum
1154 2699 1222 2732 illis;
1252 2702 1280 2725 et
1309 2706 1370 2726 cum
1402 2705 1433 2725 ea
1455 2698 1529 2726 velut
1554 2706 1615 2725 cum
1638 2703 1728 2726 scorto

939 2745 1067 2780 disputat.
1082 2744 1133 2779 Qui
1148 2749 1211 2772 sunt
1226 2752 1291 2779 ergo
1314 2744 1478 2772 dormientes
1503 2751 1565 2772 cum
1582 2744 1631 2772 ea?
1654 2743 1728 2772 Falsi

939 2795 1064 2826 pastores
1080 2794 1155 2824 sunt,
1172 2790 1218 2825 qui
1232 2793 1352 2817 mentem
1367 2789 1486 2818 inustam
1500 2793 1526 2817 et
1538 2789 1660 2817 cauterio
1677 2796 1727 2816 no-

941 2840 1024 2863 tatam
1039 2836 1072 2869 ’⁷,
1096 2836 1174 2865 sicuti
1201 2836 1240 2864 ait
1269 2836 1364 2871 beatus
1389 2835 1500 2869 Paulus,
1531 2842 1563 2862 ac
1594 2834 1728 2862 diabolica
