1883 3054
149 184 218 213 12-37

657 191 686 218 S.
708 190 844 219 CYRlLLl
862 190 1096 218 ALEXANDRINI
1119 190 1278 218 ARCHIEP.

1707 188 1777 217 £263

150 243 179 268 At
196 249 257 270 cum
274 247 325 270 tam
341 243 409 271 {teda
425 248 452 271 et
468 245 645 274 abominanda
667 248 755 277 facere
775 257 856 276 ausus
879 249 917 277 sis

1010 248 1087 280 micon;
1108 248 1188 280 ὄντας
1208 250 1222 276 ὸ
1239 247 1293 276 τῶν
1311 249 1379 276 ὅλων
1403 248 1478 282 θεὸς,
1499 248 1545 276 καί
1570 257 1647 284 φησι·
1670 257 1679 273 ‹
1695 247 1741 282 Μὴ
1762 248 1776 274 ὁ

147 296 180 315 an
199 297 249 316 non
266 289 408 324 oportebat
423 298 517 326 preces
533 292 654 326 fundere,
668 299 694 321 et
716 303 730 322 ιι
750 295 804 322 Deo
823 295 930 322 miseri-

147 335 265 362 cordiam
281 336 391 370 petere?
406 337 527 374 Suscipit
541 340 612 367 enim
627 348 674 368 eos
689 342 734 376 qui
751 342 841 369 volunt
864 342 930 369 resi-

147 381 260 414 piscere,
274 380 360 410 bonus
379 389 474 411 natura
491 393 551 412 cum
572 386 618 418 sil,
631 391 657 414 et
667 388 712 422 qui
730 387 802 415 novit
821 387 931 422 ﬁgmen-

147 431 203 452 tum
221 431 342 454 nostrum
360 428 380 460 ⁸,
393 428 468 462 juxta
483 430 508 456 id
533 432 604 465 quod
627 433 756 467 scriptum
781 437 832 461 est.
860 434 932 460 Dixit

147 472 230 507 igitur
245 480 291 507 per
304 481 385 501 unum
401 483 415 502 e
429 476 529 503 sanctis
541 477 678 512 prophetis
695 487 702 505 :
717 487 726 504 ι
742 478 928 511 Revertimini,

147 517 204 549 ﬁlii,
227 524 401 552 revertentes,
421 526 447 548 et
468 522 569 549 sanabo
584 523 761 551 contritiones
777 529 891 552 vestras.
917 534 926 550 ι

147 563 281 592 Extrema;
294 566 374 600 igitur
389 567 530 594 dementia:
547 569 673 596 indicium
690 575 741 602 est,
758 574 785 597 et
797 571 930 598 omnimo«

145 610 186 637 dae
198 611 361 644 aversionis,
374 617 401 639 ut
419 613 463 647 qui
486 613 511 640 in
527 618 565 640 tot
581 615 659 642 malis
671 616 769 642 versati
791 621 865 648 sunt,
880 616 926 643 de-

146 656 291 690 dignentur
302 665 315 683 a
331 656 386 684 Deo
401 658 614 686 misericordiam
630 660 783 694 implomre,
807 669 866 688 cum
883 669 928 688 er-

146 706 265 728 ratorum
282 703 462 732 confessione.
482 704 616 740 Scriptum
633 711 673 733 est
688 706 759 733 enim
777 716 784 734 :
802 715 811 732 ι
841 707 886 734 Dic
901 711 927 734 tu

143 752 253 780 peccata
270 753 313 775 tua
330 750 412 783 prior,
428 754 456 778 ut
467 750 625 785 justiﬁccris
639 751 658 778 τ.
680 761 689 777 ι
708 751 801 779 Ρδειιιῑι
817 753 926 787 quidam

143 794 236 828 etiam,
249 800 275 822 et
289 796 375 830 inquit
391 804 398 823 :
420 805 429 822 ι
448 796 517 830 Dixi,
535 797 689 825 Enuntiabo
702 803 798 825 contra
817 806 858 825 me
874 799 926 825 iui-

143 842 272 875 quitntem
284 849 369 869 meam
385 843 517 870 Domino:
537 847 563 870 et
577 848 604 870 tu
620 843 745 871 remisisti
762 844 925 879 impietatem

143 887 232 914 cordis
244 888 295 914 mei
312 887 332 915 ⁸.
350 896 359 913 ι
376 887 422 916 Usi
440 891 501 916 sunt
513 893 601 916 autem
616 888 700 916 Judmi
722 890 826 917 ratione
841 890 926 917 imbe-

983 296 1090 322 πίπτων
1100 295 1149 322 οὐκ
1159 295 1300 322 ἀνίσταται
1313 304 1320 328 ;
1336 296 1352 331 ἢ
1370 296 1384 322 ὁ
1395 296 1574 331 ἀποστρέφων
1584 295 1636 322 οὐκ
1648 293 1777 329 ὲπιστρέα

982 349 1046 375 (pst;
1076 340 1147 367 διατι
1173 340 1344 376 ἀπέστρεψεν
1361 341 1374 367 ό
1400 340 1463 372 λαὸς
1491 338 1567 372 οὗτος
1595 339 1775 374 ἀποστροφὴν

981 386 1088 421 ἀναιδῆ.
1100 385 1148 412 καὶ
1163 385 1405 422 κατεκρατήθησαν
1415 387 1443 412 ὲν
1455 387 1487 421 τῇ
1500 386 1660 421 προαιρέσει
1673 384 1774 415 αὐτῶν,

981 432 1027 458 καὶ
1039 432 1089 458 οὐκ
1105 431 1244 467 ἠθέλησαν
1254 431 1301 458 τοῦ
1321 432 1484 467 ἐπιστρέψαι
1497 440 1505 465 ;
1519 441 1528 457 ι
1549 431 1618 457 Ἀλλ’
1631 432 1672 458 ὅτι
1687 430 1775 456 ταῦτα

982 480 1136 514 πέπραχας,
1156 478 1233 514 φησὶ,
1251 478 1294 505 διὰ
1307 478 1387 505 τοῦτο
1400 479 1429 504 οὐ
1442 478 1608 513 κατεδεήοης
1627 486 1690 512 μου.
1707 476 1774 502 Καί-

980 533 1021 551 τοι
1038 525 1097 556 πῶς
1111 524 1142 550 οὐ
1158 524 1257 559 μᾶλλον
1278 524 1371 560 ὲχρῆν,
1388 524 1482 559 ἐπειδὴ
1506 524 1541 550 τὰ
1563 523 1651 554 οὕτως
1671 522 1775 557 αἰσχρὰ

980 571 1027 597 καὶ
1059 570 1200 605 ἀπόϐλητα.
1223 569 1320 606 δράσαι
1345 570 1531 605 τετόλμηκας,
1560 570 1701 596 ἀνατεῖναι
1725 568 1775 599 τας

982 617 1131 652 ἱκετηρίας.
1148 616 1258 651 αἰτῆσαι
1274 625 1304 642 τε
1318 616 1394 651 παρὰ
1406 615 1473 642 Θεοῦ
1488 616 1533 641 τὸν
1554 615 1629 641 ἔλεον
1642 623 1649 647 ;
1663 614 1775 649 δέχεται

980 663 1034 698 γὰρ
1048 663 1112 694 τοὺς
1127 664 1268 698 μετανοεῖν
1285 662 1437 694 ἐθέλοντας,
1453 661 1552 696 ἀγαθὸς
1562 660 1600 687 ὣν
1617 660 1710 694 φύσει,
1725 659 1775 691 καὶ

979 708 1056 740 εἰδὼς
1074 708 1104 734 τὸ
1123 709 1236 743 πλάσμα
1248 708 1336 743 ἡμῶν,
1353 708 1424 734 κατὰ
1434 707 1464 734 τὺ
1476 706 1680 742 γεγραμμένον.
1699 707 1775 740 Ἔφη

979 754 1043 789 γοῦν
1056 754 1158 785 δι’ὲνέλς
1177 754 1228 779 τῶν
1241 754 1326 787 ἁγίων
1344 753 1500 788 προφητῶν·
1519 763 1528 778 ι
1553 753 1773 788 Ἐπιστραφητε,

979 799 1041 831 υἱοὶ,
1058 798 1277 833 ὲπιστρέςοντες,
1303 798 1350 824 καὶ
1378 798 1489 832 ἰάσομαι
1513 797 1547 823 τὰ
1575 797 1774 833 συντρίμματα

978 845 1063 880 ὑμῶν.
1072 855 1081 871 ι
1092 845 1233 875 Ἀπονοίας
1249 842 1294 870 οὖν
1309 843 1444 875 ἀπόδειξις
1457 844 1506 878 τῆς
1517 844 1635 878 ἐσχάτης
1659 843 1708 870 καὶ
1720 843 1773 877 τῆς

977 891 1319 927 εἰσάπανάποστροερῆς,τὺ
1326 892 1354 917 ἐν
1368 893 1462 922 κακοῖς
1474 891 1605 926 γεγονότα
1619 890 1771 924 τοσούτοις,

141 932 203 960 cilla
216 938 242 960 et
257 933 376 967 inﬁrma,
389 941 420 961 ac
436 934 511 969 plena
537 934 705 969 ignorantia.
728 935 921 963 Persuadeban-

1010 936 1201 973 λάνασχὲσθαι
1225 936 1300 970 παρὰ
1325 935 1394 962 Θεοῦ
1418 936 1463 962 καὶ
1489 935 1554 969 γοῦν
1579 935 1610 962 τὸ
1634 934 1772 961 ἐλεεῖσθαι

142 981 187 1004 ιιιι·
197 978 269 1005 enim
284 980 400 1006 deﬁcere
416 987 431 1005 a
445 979 498 1006 Deo
514 979 631 1013 vivente,
646 985 674 1008 et
691 981 724 1008 ad
748 981 813 1009 deos
825 981 927 1008 alienos

141 1024 287 1058 declinare,
315 1026 386 1060 quod
406 1025 568 1061 Babylonica
590 1027 664 1055 acies
682 1027 794 1063 jamjam
815 1033 925 1055 ventura

142 1071 328 1098 nuntiabatur.
347 1071 410 1104 Sed,
429 1079 445 1098 ο
461 1072 600 1107 insjpieus,
617 1066 713 1107 inquit,
725 1081 805 1109 quem
831 1073 927 1102 timens

140 1117 285 1159 pertegita
303 1124 342 1150 es,
359 1122 387 1145 et
403 1115 514 1145 nteutila
532 1126 562 1146 es
575 1119 662 1146 mihi?
679 1119 766 1147 Homo
780 1124 820 1148 est
838 1120 926 1155 Baby-

140 1163 272 1189 loniorum
295 1167 433 1198 tyrannus,
451 1169 477 1192 et
490 1173 545 1200 pm
559 1165 647 1192 divina
660 1167 791 1200 potentia,
815 1168 926 1194 omnino

140 1208 206 1236 nihil
223 1213 260 1236 est
277 1209 334 1243 ejus
351 1211 497 1239 exercitus.
512 1211 648 1246 Scriptum
663 1218 704 1240 est
717 1213 788 1240 enim
806 1214 837 1240 de
851 1213 924 1241 Deo:

142 1265 151 1280 ι
174 1255 224 1288 Qui
252 1256 371 1283 continet
392 1257 483 1285 orbem
505 1263 585 1286 teme
611 1264 638 1286 et
663 1259 814 1286 habitantes
832 1261 858 1286 in
881 1267 923 1292 ca,

139 1301 211 1328 velut
223 1302 332 1329 cicadm.
352 1312 361 1328 ι
378 1303 450 1330 Dixit
467 1312 560 1331 rursus
572 1305 702 1340 propheta
716 1304 799 1332 lsaias
814 1314 821 1332 :
840 1315 849 1331 ‹
860 1306 925 1333 0m-

138 1354 186 1374 nes
197 1353 301 1381 gentes,
317 1352 344 1375 ut
362 1348 431 1375 stilla
445 1348 526 1383 805
541 1350 610 1381 cadi,
628 1354 655 1376 et
668 1355 696 1376 ut
709 1349 792 1376 saliva
817 1356 925 1384 reputa-

137 1392 249 1426 buntur,
277 1400 309 1420 ac
330 1398 358 1420 ut
384 1398 547 1421 momentum
573 1399 682 1422 statcrm
705 1396 922 1424 a‘stimabuntur.

135 1439 185 1466 Cui
200 1440 379 1474 comparastis
394 1440 552 1468 Dominum?
569 1445 596 1468 et
612 1441 654 1468 cui
673 1442 841 1469 similitudini
853 1443 923 1470 assi-

137 1483 253 1511 ntilastis
275 1491 336 1511 eum
359 1484 369 1500 '
388 1485 424 1511 2»
449 1485 648 1513 Dementissimi
673 1486 754 1521 igitur
780 1492 843 1514 sunt
877 1488 922 1522 qui

137 1534 274 1557 terrenum
302 1530 438 1558 hominem
467 1530 522 1558 Deo
552 1531 690 1560 fortiorem
716 1537 868 1566 putarunt,
896 1537 923 1560 et

134 1576 258 1603 ementiti
272 1580 335 1604 sunt
350 1577 476 1612 pietatem
494 1585 557 1613 erga
577 1578 662 1612 illum,
675 1579 726 1606 rati
740 1587 768 1606 se
786 1584 922 1606 serratum

135 1622 168 1647 iri
182 1629 230 1656 per
241 1629 288 1649 eos
300 1623 344 1657 qui
359 1630 410 1650 non
425 1629 486 1650 sunt
509 1624 555 1651 dii.
575 1624 640 1657 Quae
662 1626 733 1652 enim
758 1633 818 1653 esse
835 1630 922 1660 potest

136 1665 238 1694 utilitas
249 1674 281 1694 ex
298 1667 384 1702 lapide
398 1673 424 1695 et
441 1668 528 1703 ligno?
542 1670 588 1696 Est
600 1670 788 1704 igiturdictum
799 1672 831 1699 de
847 1672 918 1699 illis:

136 1712 169 1738 Et
183 1712 208 1739 in
225 1717 344 1746 tempore
363 1713 494 1741 malorum
517 1723 626 1742 suorum
651 1716 750 1748 dicent,
781 1716 866 1753 Surge
895 1722 922 1744 et

135 1764 212 1784 serva
227 1764 285 1784 nos.
301 1756 333 1783 Et
345 1758 388 1785 ubi
407 1764 470 1786 sunt
486 1759 520 1786 dii
539 1761 590 1792 tui,
609 1768 676 1795 quos
690 1761 775 1789 feciin
789 1763 837 1789 tibi
855 1763 921 1797 ipsi?

135 1801 164 1830 Si
181 1808 322 1839 resurgent
335 1805 480 1833 servabunt
499 1810 534 1839 te,
551 1811 670 1842 tempore
686 1807 836 1836 aﬂlictiouis
858 1813 919 1836 tua'.

133 1848 168 1875 Et.
178 1849 284 1876 mentiti
302 1853 364 1877 sunt
383 1849 448 1883 Deo,
469 1858 521 1878 non
537 1853 627 1879 verbis
648 1857 750 1879 tantum
773 1853 822 1880 hcc
843 1854 922 1881 facti-

135 1899 232 1928 tantes,
251 1896 297 1923 sed
314 1897 393 1924 rebus
409 1897 482 1931 ipsis.
498 1897 653 1932 Cuiusmodi
667 1903 708 1926 est
723 1903 751 1926 et
772 1899 841 1926 illud
859 1904 920 1927 tan-

135 1947 190 1968 tum
207 1942 358 1978 exemplum
377 1943 409 1970 de
426 1944 477 1971 illis
491 1945 592 1972 dictum
612 1953 618 1971 :
636 1954 645 1971 (
663 1945 695 1972 Et
717 1947 870 1980 exspectavi
893 1951 921 1974 ut

133 1988 225 2016 ederet
239 1997 328 2022 uvam,
350 1991 396 2017 sed
411 1991 495 2018 edidit
509 1991 609 2025 spinas,
632 1999 686 2018 non
703 1992 850 2026 justitiam,
873 1993 919 2020 sed

131 2034 261 2069 judicium
277 2036 308 2063 ιο.
330 2045 339 2062 ›
358 2037 430 2063 Dixit
441 2038 522 2064 etiam
537 2037 644 2064 divinus
657 2037 765 2069 Cantor,
781 2037 852 2065 velut
868 2038 918 2065 sub

135 2089 248 2115 persona
261 2082 374 2114 Christi,
389 2083 421 2109 de
435 2082 488 2109 illis
503 2092 509 2110 :
530 2092 539 2108 (
559 2083 618 2109 Filii
636 2083 716 2110 alieni
737 2084 840 2111 mentiti
857 2087 919 2110 sunt

132 2127 211 2158 mihi,
227 2132 254 2155 et
271 2128 317 2155 ﬁlii
330 2128 412 2154 alieni
428 2129 569 2155 inveterati
583 2133 655 2162 sunt,
664 2133 691 2155 et
702 2128 920 2158 claudicaverunt

133 2181 146 2198 ιι
162 2174 265 2200 semitis
283 2173 339 2200 suis
353 2174 385 2200 ¹¹.
403 2183 413 2199 ι

978 981 1070 1016 ζητεῖν
1086 981 1155 1016 μετὰ
1164 981 1214 1016 τῆς
1231 981 1285 1008 τῶν
1300 980 1478 1015 πταισμάτων
1494 980 1648 1014 ὁμολογίας.
1665 980 1773 1014 Γέγρα-

978 1033 1043 1052 πται
1060 1026 1124 1060 γὰρ,
1137 1026 1178 1052 ὅτι
1194 1035 1202 1051 ι
1214 1025 1284 1059 Λέγε
1298 1026 1330 1052 σὺ
1341 1025 1387 1056 τὰς
1403 1024 1519 1059 ἀνομίας
1531 1033 1577 1050 σου
1591 1025 1712 1059 πρῶτος,
1726 1024 1772 1050 ἵνα

976 1070 1255 1107 δικαιωθῇς.›Ψάλλει
1264 1071 1292 1097 δέ
1305 1080 1357 1102 τις,
1370 1071 1417 1098 καί
1432 1079 1523 1106 ςησιν·
1533 1079 1542 1096 ‹
1552 1068 1633 1097 Εἷπα·
1655 1070 1772 1104 Ἐξαγο-

978 1117 1066 1153 ρεύσω
1084 1118 1143 1144 κατ’
1158 1116 1225 1151 ἐμοῦ
1247 1117 1295 1151 τὴν
1319 1116 1434 1152 ἀνομίαν
1457 1125 1507 1152 μου
1525 1116 1563 1152 τῷ
1587 1116 1694 1151 Κυρίῳ·
1722 1116 1772 1142 καὶ

977 1165 1009 1190 σὺ
1031 1164 1140 1199 ἀφῆκας
1160 1163 1210 1199 τὴν
1229 1163 1355 1189 ὰσέϋειαν
1379 1164 1428 1198 τῆς
1449 1162 1562 1198 καρδίας
1577 1171 1642 1197 μου.
1665 1171 1674 1186 ι
1698 1161 1771 1187 Ἀλλ’

975 1208 1010 1246 ἦν
1025 1218 1067 1241 τις
1089 1211 1145 1241 τοῖς
1172 1209 1308 1241 Ἰουδαίοις
1321 1209 1410 1243 λόγος,
1427 1209 1526 1244 σαθρός
1536 1217 1565 1235 τε
1580 1208 1627 1235 καὶ
1642 1208 1770 1239 ἄναλκις,

976 1255 1023 1282 καὶ
1047 1255 1166 1291 ἀμαθίας
1189 1255 1329 1289 ἔμπλεως·
1355 1255 1514 1281 διετείνοντο
1536 1254 1591 1289 γὰρ
1614 1253 1771 1288 ἀποστῆναι

975 1301 1030 1327 ἀπὸ
1053 1301 1121 1327 Θεοῦ
1151 1301 1262 1333 ζῶντος,
1292 1301 1339 1326 καὶ
1364 1300 1530 1335 προςνεῦσαι
1557 1301 1629 1331 Θεοῖς
1652 1299 1770 1334 ἑτέροις,

975 1347 1090 1382 ἐπείπερ
1107 1347 1198 1378 αὐτοῖς
1219 1348 1232 1373 ὁ
1247 1347 1424 1374 Βαϐυλωνίων
1440 1347 1517 1382 ὄχλος
1532 1347 1569 1378 ὡς
1587 1347 1649 1373 ὅσον
1662 1347 1771 1372 οὐδέπω

974 1393 1160 1428 παρεσόμενος
1178 1392 1374 1428 ἀπηγγέλλετο.
1384 1392 1462 1424 Ἀλλ’,
1475 1390 1497 1419 ὦ
1509 1393 1675 1428 παράφρων,
1691 1391 1769 1426 φησὶ,

973 1439 1034 1464 τίνα
1049 1438 1199 1473 φοϐηθεῖσα
1209 1438 1377 1473 ηὑλαὸήθης,
1392 1439 1438 1465 καὶ
1454 1438 1560 1472 ἐψεύσω
1572 1447 1605 1472 με
1618 1447 1625 1471 ;
1644 1438 1771 1472 Ἄνθρω-

974 1492 1025 1516 πος
1036 1484 1073 1510 ὢν
1085 1486 1099 1510 ὁ
1113 1484 1292 1511 Βαϐυλωνίων
1307 1484 1448 1518 τύραννος,
1472 1485 1518 1510 καὶ
1538 1485 1575 1515 ὡς
1589 1484 1659 1520 πρός
1673 1492 1706 1518 γε
1720 1483 1770 1518 τὴν

974 1530 1048 1557 θείαν
1065 1531 1151 1565 ἰσχὺν,
1168 1530 1244 1556 οὐδὲν
1270 1530 1409 1562 παντελῶς
1427 1531 1443 1565 ἡ
1465 1531 1507 1557 ἐπ’
1532 1530 1606 1564 αὑτῷ
1641 1530 1769 1565 στρατια.

976 1576 1134 1612 Γέγραπται
1154 1577 1208 1612 γὰρ
1226 1577 1289 1612 περ).
1299 1576 1384 1602 Θεοῦ·
1403 1586 1412 1602 ‹
1432 1577 1459 1603 Ὀ
1480 1578 1604 1611 κατέχων
1620 1577 1667 1602 τὸν
1685 1577 1770 1611 γέρον

974 1623 1023 1658 τῆς
1042 1622 1104 1658 γῆς·
1125 1623 1172 1648 καὶ
1187 1623 1211 1648 οἱ
1232 1622 1399 1653 ἐνοικοῦντες
1420 1623 1448 1648 ὲν
1469 1622 1538 1657 αὐτῇ
1558 1621 1596 1652 ὼς
1619 1622 1744 1656 ἀκρίδες.
1758 1630 1766 1645 ι

976 1670 1049 1704 Ἔφη
1074 1669 1102 1695 δὲ
1117 1668 1197 1695 πάλιν
1213 1669 1227 1694 ὁ
1250 1669 1392 1704 προφήτης
1416 1668 1527 1699 Ἡσαΐας
1541 1677 1562 1693 Ἰ
1578 1669 1609 1694 Εἰ
1622 1668 1715 1694 πάντα
1737 1667 1770 1693 τὰ

975 1715 1038 1750 ἔθνη
1050 1715 1087 1747 ὼς
1105 1715 1211 1749 σταγὼν
1225 1715 1277 1742 ἀπὸ
1296 1715 1388 1746 κάδον,
1406 1715 1453 1741 καὶ
1469 1715 1506 1746 ὡς
1526 1715 1614 1746 sisto;
1637 1714 1768 1750 λογισθή-

976 1770 1076 1792 σονται,
1094 1761 1140 1787 καὶ
1156 1761 1192 1792 ὼς
1210 1760 1279 1796 ῥοπὴ
1293 1760 1376 1794 ζυγοῦ
1388 1760 1577 1794 ἐλογίσθησαν,
1592 1759 1646 1785 τίνι
1659 1758 1769 1794 ὡμοιώ-

976 1815 1040 1833 σατε
1056 1806 1168 1842 Κύριον,
1184 1807 1231 1833 καὶ
1244 1806 1294 1833 τίνι
1305 1806 1457 1841 ὁμοιώματι
1469 1805 1630 1840 ὡμοιώσατε
1643 1806 1727 1832 αὐτόν
1738 1814 1746 1839 ;
1757 1814 1766 1830 ι

981 1853 1151 1880 Ἀνούστατοι
1174 1853 1263 1879 τοίνυν
1282 1854 1305 1879 οἱ
1323 1853 1388 1879 Θεοῦ
1405 1853 1548 1889 κρείττονα
1571 1853 1618 1879 τὸν
1641 1853 1696 1879 ἀπὸ
1718 1853 1769 1888 γῆς

975 1899 1116 1933 ἄνθρωπον
1132 1896 1201 1925 εἶναι
1218 1899 1388 1933 νομίσαντες,
1411 1899 1459 1925 καὶ
1472 1898 1641 1933 ψευσάμενοι
1657 1898 1708 1932 μὲν
1721 1898 1769 1932 τὴν

971 1947 1011 1977 εἰς
1032 1946 1112 1972 αὑτὸν
1136 1936 1288 1978 εὐσέϐειαν,
1319 1944 1456 1980 οἰηθέντες
1479 1945 1507 1970 δὲ
1531 1945 1572 1971 ὅτι
1595 1944 1768 1979 σωθήσονται

971 1992 1016 2019 διὰ
1032 1993 1085 2018 τῶν
1100 1993 1149 2019 οὐκ
1165 1992 1249 2018 ὅντων
1278 1991 1356 2018 θεῶν.
1383 1991 1450 2017 Ποία
1471 1990 1523 2025 γὰρ
1551 1990 1646 2026 ὄνησις
1670 1989 1768 2024 γένοιτ’

973 2038 1005 2065 ἂν
1019 2039 1050 2064 ὲκ
1062 2038 1135 2065 λίθου
1152 2039 1198 2065 καὶ
1211 2037 1288 2070 ξύλου
1299 2046 1306 2069 ;
1318 2037 1432 2072 Εἴρηται
1445 2035 1509 2070 γοῦν
1525 2036 1589 2071 περὶ
1604 2036 1769 2062 αὑτῶν-Καὶ

973 2085 1002 2110 ἐν
1017 2084 1056 2119 τῷ
1071 2083 1160 2119 καιρῷ
1178 2083 1231 2110 τῶν
1245 2082 1338 2110 κακῶν
1355 2081 1442 2108 αὐτῶν
1457 2081 1572 2117 ἐροῦσιν·
1585 2082 1706 2107 Ἀνάστα
1721 2081 1768 2106 καὶ

973 2129 1058 2156 σῶσον
1075 2131 1156 2165 ἡμᾶς.
1172 2129 1226 2156 Καὶ
1240 2128 1290 2155 ποῦ
1306 2127 1375 2154 εἰσὶν
1388 2128 1412 2153 οἱ
1425 2127 1480 2153 θεοί
1496 2136 1553 2158 σου,
1571 2126 1618 2158 οὒς
1636 2127 1768 2162 ἐποίησας

973 2175 1098 2211 σεαυτῷ;
1121 2176 1144 2202 εἰ
1161 2175 1366 2211 ἀναστήσονται,
1383 2176 1430 2202 καὶ
1445 2174 1560 2201 admouet
1580 2182 1610 2200 σε
1633 2175 1663 2199 ἐν
1681 2172 1768 2208 καιρῷ

131 2219 182 2254 τῆς
201 2218 349 2250 κακώσεώς
363 2227 419 2246 σου.
443 2220 605 2255 Ἑψεύσαντο
622 2221 650 2247 δε
664 2221 709 2248 τὸν
724 2221 800 2254 Θεὸν,
819 2222 849 2248 οὐ
864 2221 936 2257 λόγῳ
954 2221 1033 2248 τοῦτο
1051 2221 1168 2257 δρῶντες
1189 2222 1278 2256 μόνον,
1308 2222 1376 2248 ἀλλὰ
1389 2221 1441 2256 γὰρ
1456 2220 1489 2247 δι’
1507 2220 1596 2246 αὐτῶν
1613 2220 1670 2245 τῶν
1697 2228 1765 2254 πρα-

131 2267 256 2302 γμάτων,
286 2268 378 2294 ὁποῖόν
407 2269 462 2295 ἐστι
481 2269 510 2295 τὸ
526 2269 589 2305 περὶ
604 2270 693 2296 αὐτῶν
715 2270 859 2306 εἰρημένον
884 2270 921 2302 ὡς
941 2271 969 2297 ἐν
999 2271 1094 2306 τρόπῳ
1127 2269 1357 2305 παραδείγματος·
1382 2269 1459 2295 «Καὶ
1481 2268 1613 2302 ἐπέμεινα
1630 2267 1680 2293 τοῦ
1694 2268 1768 2300 ποιῆ-

133 2322 178 2339 σαι
197 2313 344 2348 σταφυλὴν,
370 2315 500 2349 ἐποίησαν
514 2315 541 2342 δὲ
558 2316 689 2348 ἀκάνθας,
713 2316 759 2343 καὶ
773 2317 803 2342 οὑ
829 2316 1012 2352 δικαιοσύνην,
1047 2308 1116 2342 ἀλλὰ
1131 2316 1230 2351 κρίσιν.
1248 2325 1257 2341 ι
1281 2317 1353 2350 Ἔφη
1377 2315 1404 2341 δέ
1428 2322 1478 2340 που
1515 2313 1562 2339 καὶ
1576 2314 1589 2338 ὁ
1621 2312 1767 2342 θεσπέςιυς

130 2361 257 2397 Μελῳδδς
283 2362 321 2393 ὡς
346 2363 378 2389 ἐκ
401 2362 545 2398 προσώπου
571 2363 689 2400 Χριστοῦ
732 2364 796 2400 περὶ
825 2364 914 2390 αὐτῶν
929 2372 936 2380 ·
960 2374 968 2390 ι
990 2363 1050 2390 Υἱοὶ
1086 2363 1220 2399 ἀλλότριοι
1255 2362 1402 2397 ἐψεύσαντό
1440 2369 1501 2396 μοι,

1543 2359 1597 2386 υίοὶ
1630 2359 1767 2394 ἀλλότριοι

131 2407 350 2444 ἑπαλαιώθησαν,
391 2410 438 2437 καὶ
468 2410 605 2445 ἐχώλαναν
640 2411 694 2437 ἀπὸ
723 2411 778 2437 τῶν
809 2411 910 2447 τρίϐων
927 2410 1025 2437 αὐτῶν.
1042 2419 1051 2435 ι

167 2456 247 2483 Vsus.
267 2457 358 2484 11-13.
379 2457 469 2492 Neque
484 2459 621 2485 recordata
635 2467 661 2486 es
676 2460 735 2492 mei,
751 2467 831 2493 neque
844 2468 914 2486 sum-

1010 2458 1061 2485 Καὶ
1076 2459 1131 2485 οὐκ
1145 2457 1298 2493 ἐμνήσθης
1309 2466 1380 2492 μου,
1398 2456 1470 2483 οὐδὲ
1481 2454 1589 2487 ἔλαϐές
1597 2462 1636 2488 με
1649 2455 1694 2486 εἰς
1711 2453 1766 2486 τὴν

132 2503 204 2537 psisti
219 2511 259 2530 me
283 2504 310 2530 in
325 2508 445 2536 mentem,
463 2512 544 2539 neque
556 2505 582 2531 in
595 2513 639 2531 cor
659 2510 743 2532 tuum.
776 2505 808 2531 Et
829 2513 874 2540 ego
892 2510 916 2531 te

132 2551 218 2578 ridens
232 2551 357 2586 despicio,
379 2557 402 2578 et
418 2561 458 2579 me
474 2561 524 2578 non
539 2553 658 2581 timuisti.
671 2552 723 2587 Ego
739 2561 796 2579 vero
811 2560 916 2578 annuu-

133 2597 201 2624 tiabo
217 2598 350 2631 justitiam
368 2606 461 2629 meam.
488 2604 510 2624 et
533 2599 602 2624 mala
632 2604 687 2630 tua,
703 2607 760 2633 quw
781 2606 832 2624 twn
857 2606 919 2632 pra-

134 2643 225 2669 derunt
239 2643 297 2670 tibi.
315 2642 380 2670 Cum
398 2643 565 2675 rlamnveris,
585 2644 696 2678 eripient
715 2644 778 2670 tein
792 2643 919 2678 afﬂictio-

132 2696 163 2714 ne
176 2691 232 2715 tua.
256 2687 311 2714 Hos
330 2688 398 2714 enim
429 2696 516 2715 omnes
543 2695 632 2716 uentus
658 2689 740 2722 tollet,
770 2693 795 2716 et
818 2689 918 2720 att/ere:

132 2738 278 2768 tempestas.

168 2821 239 2849 Dixit
255 2822 323 2850 Deus
345 2831 410 2851 voce
439 2823 587 2852 Ezechielis
602 2825 634 2851 ad
665 2830 779 2854 matrem
811 2826 917 2855 Judmo-

167 2914 176 2928 "
193 2913 262 2941 l‘sal.
276 2922 322 2946 cu,
346 2915 387 2943 Η.
426 2915 436 2931 ⁷
454 2915 530 2943 Prov.
547 2924 625 2949 mu,
647 2917 688 2944 Π.

729 2918 738 2933 ⁸
754 2917 824 2945 Psal.
843 2925 916 2951 xut,
933 2918 958 2945 5,

968 2505 1104 2531 διάνοιάν
1119 2513 1177 2531 σου
1189 2526 1196 2537 ,
1218 2505 1290 2531 οὐδὲ
1305 2506 1348 2537 εἰς
1366 2503 1424 2538 τὴν
1445 2502 1571 2536 καρδίαν
1585 2509 1656 2528 σου.
1683 2500 1767 2534 Κάγώ

971 2559 1008 2578 σε
1027 2551 1097 2577 ἰδὼν
1112 2550 1241 2584 πίιρρρῶ,
1267 2550 1315 2576 καὶ
1341 2549 1393 2584 ἐμὲ
1415 2549 1471 2575 οὐκ
1495 2546 1659 2582 ἐφοϐήθης.
1683 2546 1767 2580 Κάγὼ

971 2596 1131 2632 ἀπαγγελῶ
1152 2596 1209 2630 τὴν
1232 2595 1428 2628 δικαιοσύνην
1452 2602 1523 2628 μου,
1551 2592 1601 2619 καὶ
1626 2591 1663 2618 τὰ
1690 2590 1766 2618 κακά

972 2649 1041 2674 σου,
1063 2642 1082 2669 ἃ
1099 2643 1154 2669 οὐκ
1175 2641 1371 2677 ὠφελήσουσι
1395 2649 1440 2667 σε.
1462 2640 1550 2665 Ὅταν
1577 2636 1764 2670 ἀναϐοήσῃ-ις.

972 2689 1184 2721 ἐξελέσθαισάν
1214 2697 1251 2715 σε
1277 2688 1312 2715 ἐν
1339 2687 1375 2722 τῇ
1405 2687 1506 2720 θλίψει
1534 2693 1604 2712 σου.
1638 2685 1764 2716 Τούτους

973 2735 1027 2770 γὰρ
1061 2735 1177 2768 πάντας
1217 2734 1327 2769 ἄνεμος
1363 2732 1512 2766 λήψεται,
1559 2729 1610 2757 καὶ
1644 2729 1763 2757 ἀποίσει

973 2781 1118 2816 καταιγίς.

1010 2827 1082 2862 Ἔφη
1102 2836 1152 2853 που
1168 2826 1234 2858 Θεὸς
1246 2825 1289 2852 διὰ
1304 2824 1395 2859 φωνῆς
1415 2821 1543 2857 Ἰεζεχιὴλ
1563 2822 1633 2856 πρὸς
1645 2819 1697 2856 τὴν
1712 2819 1762 2846 τῶν

1445 2916 1463 2931 ¹¹
1485 2915 1554 2941 Psal.
1575 2921 1642 2947 nn,
1662 2914 1692 2941 ιε

998 2918 1008 2933 ⁹
1024 2918 1075 2945 lsa.
1094 2926 1136 2951 XL,
1153 2918 1192 2944 l5.
1233 2918 1253 2933 “‘
1270 2917 1318 2944 lsa.
1338 2925 1362 2944 ν.
1380 2917 1405 2943 4.
