1883 3054
67 190 139 219 Ιῖ77

624 192 657 219 IN
677 192 796 220 ISAIAM
816 192 881 220 LIB.
902 192 934 220 V.
955 192 1071 220 TOMUS
1091 192 1134 220 Ill.

1623 193 1693 221 i278
1706 179 1708 183 ⁷

67 249 116 286 τῆς
132 249 323 285 ἀποστροφῆς·
347 250 549 286 εἰσδεχοήσεται
565 252 593 278 δὲ
608 252 651 279 διὰ
666 253 793 285 πίστεως.

946 259 986 280 rite
1007 253 1172 284 absolvetiir,
1191 257 1217 279 et
1241 253 1329 288 capiet
1349 260 1440 280 veram
1466 252 1689 280 consolationem.

66 297 122 322 τῶν
144 296 266 331 ἀρχαίων
287 297 496 332 ἁμαρτημάτων
518 298 768 334 ἀπαλλαχθήσεται,
789 299 855 325 Θεοῦ

65 341 312 377 κατοικτείροντος·
327 341 442 377 λήψεται
465 342 492 369 δὲ
507 343 553 369 καὶ
567 344 739 379 παράκλησιν
763 344 857 379 ἀληθι-

66 388 128 422 νήν.
146 387 202 413 Καὶ
216 386 295 413 ποίαν
312 384 381 412 εἶναι
396 387 499 422 ταύτην
514 388 618 423 φαμὲν,
635 388 651 424 ἢ
668 389 790 424 δηλονότι
807 389 857 424 τὴν

66 432 113 458 διὰ
127 430 246 467 Χριστοῦ
260 431 350 466 χάριν,
369 431 526 458 δικαιοῦσαν
540 434 568 458 ἐν
582 433 682 464 πίστει.
702 435 748 460 καὶ
765 434 857 469 ἀμοιρ-

66 478 134 504 τιῶν
157 476 390 507 ἀπαλλάττουσαν.
413 477 594 512 προξενοῦσαν
620 478 647 505 δὲ
674 480 721 505 καὶ
746 479 793 506 τὸν
814 480 857 506 διὰ

68 523 230 559 Πνεῦμα-τος
244 523 395 558 ἁγιασμὸν,
410 524 457 550 καὶ
477 524 527 558 τῆς
543 524 679 556 υἱοθεσίας
700 525 748 560 τὴν
769 526 857 559 δόξαν,

68 570 117 596 καὶ
137 571 227 605 γερῶν
243 569 336 596 ἐλπίδα
358 569 412 596 τῶν
433 571 488 601 τοῖς
504 570 592 603 ἁγίοις
613 571 857 606 ηὺτρεπισμένων;

75 614 206 650 Ἀληθινὴ
219 614 364 648 τοιγαροῦν
380 615 395 649 ή
412 614 595 649 παράκλησις,
609 615 675 650 πρὸς
691 617 748 647 τοῖς
769 616 859 648 ἄλλοις

70 661 176 687 ἅπασιν
191 660 302 694 ἀγαθοῖς
317 660 510 695 εἰσκομίζουσα
523 662 579 692 τοῖς
594 660 750 693 ἀξιωθεῖσιν
775 662 860 697 αὐτῆς

70 706 118 732 καὶ
150 707 259 742 εἰρήνην
283 706 329 732 ἐπὶ
355 707 481 741 εἰρήνην,
509 707 631 733 τουτέστι
666 707 776 742 διηνεκῆ
812 707 860 734 καὶ

71 752 250 778 ἀνέκλειπτον
271 753 320 786 τὴν
346 753 396 787 τῆς
418 752 530 787 εἰρήνης
551 752 651 785 εὐδίαν,
673 753 706 788 ἥν
725 753 824 779 ἔδωκεν
846 754 861 780 ὀ

71 798 170 832 Σωτὴρ
191 797 238 824 καὶ
259 799 315 828 τοῖς
333 797 451 831 μακρὰν,
473 797 590 829 καὶτοῖς
616 797 709 831 ἐγγὺς,
726 797 860 829 τουτέστι,

72 842 122 868 καὶ
144 843 200 873 τοῖς
223 842 252 874 ἐξ
274 841 369 875 ἐθνῶν,
397 842 444 868 καὶ
464 843 519 873 τοῖς
541 842 570 875 ἐξ
597 842 712 878 αἵματος
742 842 860 878 Ἰσραήλ.

73 888 297 923 Προσπεφὼνηκε
314 887 369 922 γὰρ
380 888 435 918 τοῖς
450 887 553 913 εονεσιν
568 888 581 913 ὸ
598 888 732 923 μακάριος
747 887 859 920 Παῦλος,

907 301 942 327 At
959 299 1065 334 qualem
1095 299 1165 325 hanc
1194 306 1252 326 csse
1279 299 1415 327 dicimus?
1438 307 1471 325 an
1496 307 1547 326 non
1570 298 1694 325 videlicet

907 345 1022 381 gratiam
1049 351 1096 378 per
1115 343 1266 374 Christum,
1280 351 1339 377 quae
1362 350 1410 377 per
1436 343 1515 369 tidem
1545 341 1688 377 justiticat,

907 398 922 417 ει
939 391 1056 426 peccatis
1072 390 1179 424 liberal,
1190 395 1217 417 et
1234 389 1476 417 sanctiﬁcationem
1493 395 1540 423 per
1558 388 1690 422 Spiritum

908 436 1044 467 conciliat,
1070 439 1096 462 et
1121 434 1272 469 adoptionis
1306 434 1430 469 gloriam,
1461 438 1488 460 et
1518 433 1691 468 praemiorum

908 489 982 514 spem
1000 488 1060 516 quae
1078 481 1180 508 sanctis
1199 480 1332 506 destinata
1348 479 1434 506 sunt?
1453 478 1521 506 Vera
1547 483 1589 505 est
1614 478 1695 512 igitur

909 528 966 554 hac
983 526 1142 557 consolatio,
1160 533 1220 560 qua:
1238 530 1333 560 praeter
1343 526 1393 552 alia
1409 527 1476 551 bona
1490 525 1591 556 omnia.
1618 523 1696 550 aﬂ'ert

909 572 950 599 his
969 572 1014 607 qui
1028 579 1059 599 ea
1077 572 1264 606 prmditisunt,
1281 579 1374 605 pacem
1391 578 1471 604 super
1491 570 1633 604 pacem,id
1644 574 1694 602 est,

910 623 1064 652 perpetuam
1079 622 1105 645 et
1119 617 1209 651 jiigcin
1227 617 1301 651 pacis
1326 616 1499 643 serenitatem
1515 624 1595 650 quam
1621 615 1697 642 dedit

910 663 1049 694 Servator.
1064 668 1091 690 et
1104 664 1145 690 his
1158 663 1202 696 qui
1215 663 1316 696 procul,
1331 666 1358 689 et
1381 663 1424 690 liis
1439 663 1484 696 qui
1513 669 1598 696 prope
1621 665 1694 693 sunt,

911 709 935 735 id
953 713 1004 740 est.
1016 709 1096 744 811
1107 713 1132 735 et
1143 709 1183 735 his
1196 709 1240 743 qui
1252 716 1282 734 ex
1292 708 1424 742 gentibus,
1435 713 1459 734 et
1470 707 1521 733 illis
1529 707 1574 740 qui
1589 714 1620 732 ex
1635 713 1699 732 san-

910 755 991 789 guine
1015 754 1098 782 Israel
1122 759 1196 781 sunt.
1215 753 1318 780 Alfatus
1337 756 1378 780 est
1391 753 1462 779 enim
1477 756 1572 787 gentes
1604 752 1698 778 beatus

911 801 1028 829 Paulus:
1044 809 1053 826 ι
1073 799 1148 827 Nunc
1161 804 1253 826 autem
1273 799 1317 834 qui
1334 799 1469 833 quondam
1485 798 1568 824 eratis
1591 796 1699 831 procul,

913 847 975 874 facti
986 848 1053 873 estis
1080 853 1163 880 prope
1177 846 1202 873 in
1216 846 1348 880 sanguine
1363 844 1464 872 Christi
1476 844 1509 870 ".
1526 853 1534 869 ι
1553 843 1618 869 Nam
1633 851 1699 876 qua-

913 897 990 920 tenus
1006 892 1087 919 lsrael
1103 892 1260 926 subiugatus
1279 895 1339 918 erat
1354 890 1416 925 legi,
1430 895 1457 917 et
1477 889 1613 916 serviebat
1643 889 1698 914 Dro

71 933 114 959 ὅτι
132 942 142 958 ι
154 933 222 959 Νυνὶ
236 933 264 959 δὲ
280 933 358 966 ὅλως,
367 933 390 959 οί
408 933 472 959 ποτὲ
487 932 562 964 ὅντες
579 933 697 969 μακρὰν,
715 933 812 969 ἐγενήο

959 938 1013 964 enli
1035 942 1061 965 et
1077 945 1150 970 vero,
1180 937 1217 964 ita
1252 941 1281 964 ut
1306 943 1390 964 sacrae
1415 935 1597 970 pracdicationi
1615 935 1701 968 placet

72 979 158 1013 ἔγγὺς
181 979 210 1005 ὲν
223 978 261 1014 τῷ
276 979 372 1012 αἵματι
395 978 441 1004 τοῦ
462 978 588 1013 Χριστοῦ.
610 988 619 1004 ι
645 978 728 1005 ’Ὅσον
747 979 795 1013 μὲν
811 979 866 1013 γὰρ

72 1022 141 1060 ἧκεν
161 1025 201 1056 είς
220 1025 251 1051 τὸ
272 1024 452 1059 κατεζεῦχθαι
469 1024 543 1059 νόμῳ
558 1024 602 1050 τὸν
622 1024 741 1059 Ἰσραὴλ,
756 1025 804 1050 καὶ
819 1024 866 1051 λα-

72 1070 183 1106 τρεύειν
207 1070 266 1105 Θεῷ
289 1069 370 1101 ζῶντι
400 1069 448 1096 καὶ
472 1068 599 1104 ἀληθινῷ,
616 1069 687 1095 κατά
713 1077 745 1103 γε
761 1069 792 1095 τὸ
811 1071 866 1099 τοῖς

73 1117 159 1152 ἱεροῖς
175 1116 334 1151 κηρύγμασι
350 1114 444 1142 δοκοῦν
471 1114 590 1150 (εἴρηται
604 1114 657 1150 γὰρ
671 1115 738 1150 πρὸς
755 1114 864 1145 αὐτούς·

76 1173 86 1189 i
103 1163 206 1199 Κύριος
220 1164 233 1190 ὁ
245 1163 310 1194 Θεός
327 1171 385 1196 σου,
405 1163 508 1198 Κύριος
522 1160 561 1194 εἷς
575 1163 648 1188 ἐστιν
661 1161 783 1196 »),ὲγγὺς
798 1159 867 1187 εἶναι

75 1218 137 1241 πως
161 1209 282 1236 ἐδόκουν·
302 1208 409 1245 μακρὰν
430 1208 458 1235 δὲ
480 1208 515 1234 τὰ
537 1207 610 1244 εονη,
634 1207 678 1234 διὰ
705 1207 735 1233 τὸ
754 1207 868 1234 είσάπαν

77 1254 319 1290 ἁπηλλοτριῶσοαι
343 1255 389 1281 καὶ
404 1252 573 1289 μαθημάτων
588 1253 683 1287 ἁγίων,
708 1253 754 1279 καὶ
769 1252 815 1278 τοῦ
831 1253 870 1278 εί-

77 1301 154 1328 δὲναι
172 1300 217 1327 τὸν
233 1300 286 1326 τῶν
300 1300 368 1327 ὅλων
380 1299 571 1334 γενεσιουργδν
598 1299 644 1325 καὶ
663 1298 775 1333 Κύριον.
800 1297 868 1324 Ἀλλ’

78 1347 177 1382 εἰρήνη
195 1347 298 1373 δέδοται
313 1346 417 1377 τούτοις
429 1354 459 1372 τε
491 1344 628 1376 κάκείνοις
642 1345 716 1380 παρὰ
736 1343 783 1370 τοῦ
801 1343 868 1370 Θεοῦ

79 1395 127 1421 καὶ
141 1394 258 1430 Πατρὸς,
277 1393 348 1428 ἡδιὰ
360 1391 477 1428 Χριστοῦ
494 1391 626 1426 δηλονότι,
643 1390 691 1417 τοῦ
709 1391 870 1424 ποιήσαντος

79 1441 116 1467 τὰ
139 1441 281 1475 ἀμφότερα
296 1439 335 1471 ἓν,
354 1439 400 1466 καὶ
423 1438 485 1469 τοὺς
502 1438 549 1464 δύο
571 1437 651 1468 λαοὺς
671 1437 812 1468 κτίσαντος
831 1437 871 1468 εἰς

80 1487 131 1513 ἕνα
145 1486 237 1512 καινδν
250 1485 401 1521 ἄνθρωπον,
415 1485 461 1511 καὶ
474 1484 505 1510 τὸ
517 1483 670 1519 μεσότοιχον
684 1483 730 1508 τοῦ
743 1481 870 1517 φραγμοῦ

79 1533 225 1564 λύσαντος,
247 1532 294 1558 καὶ
316 1532 361 1558 τὸν
385 1530 467 1565 νόμον
493 1529 548 1555 τῶν
571 1528 685 1555 ἐντολῶν
708 1528 736 1554 ὲν
756 1528 871 1563 δόγμασι

81 1578 317 1613 καταργήσαντος.
345 1575 449 1602 Οὐκοῦν
471 1575 503 1601 δι’
529 1573 610 1600 αὐτοῦ
627 1573 674 1608 τὴν
700 1570 869 1606 καταλλαγὴν
884 1595 905 1624 C

79 1625 252 1660 ἐσχήκαμεν,
265 1623 317 1650 ,καὶ
338 1623 500 1657 ἀδιατμητον
515 1621 562 1655 τὴν
579 1621 702 1655 εἰρήνην,
722 1622 789 1655 πρὸς
805 1618 870 1644 Θεὸν

81 1671 131 1696 καὶ
146 1669 214 1704 πρὸς
233 1668 378 1704 ἀλλήλους.
394 1667 466 1702 Ἔφη
485 1667 539 1701 γάρ
553 1675 603 1692 που
620 1664 734 1700 Χριστὸς
747 1665 814 1699 πρὸς
827 1663 872 1690 τὸν

81 1717 112 1742 ὲν
127 1716 184 1745 τοῖς
198 1715 318 1749 οὐρανοῖς
332 1713 440 1746 Πατέρα
452 1712 498 1738 καὶ
509 1711 574 1737 Θεόν
585 1721 591 1727 ·
607 1721 615 1736 ι
626 1710 699 1736 Θέλω
710 1710 762 1742 ἵνα,
779 1709 872 1745 ὥσπερ

81 1761 141 1796 ἐγὼ
164 1761 211 1788 καὶ
236 1761 268 1787 σὺ
290 1761 319 1786 ἓν
341 1761 435 1795 ἐσμεν,
458 1758 528 1785 οὕτω
544 1757 591 1784 καὶ
613 1757 689 1783 αὐτοὶ
711 1757 739 1782 ὲν
762 1757 827 1791 ἡμῖν
843 1754 872 1781 ἓν

82 1806 163 1834 ὦσιν.
182 1816 191 1833 ι
212 1807 350 1841 Ἐπιφέρει
371 1805 399 1831 δὲ
416 1804 519 1836 τούτοις
533 1805 547 1830 ὁ
562 1803 715 1838 προφήτης·
737 1801 792 1828 Καὶ
812 1798 872 1826 εἶπε

84 1855 199 1890 Κύριος,
216 1853 337 1888 Ἰάσομαι
349 1852 456 1884 αὐτοὺς,
470 1850 702 1885 ἀνακεφαλαίωσιν
713 1847 874 1884 ὧσπερτινὰ

83 1902 133 1929 τοῦ
152 1901 250 1932 παντὸς
271 1900 349 1935 λόγου
367 1899 525 1935 ποιούμενος
545 1898 589 1925 διὰ
612 1897 719 1928 τούτου,
744 1897 790 1923 καὶ
807 1895 873 1922 ὑπό.

86 1957 183 1983 σχεσιν
192 1947 295 1982 ἀψευδῆ
304 1946 351 1972 τοῦ
365 1946 472 1972 πάντων
486 1944 648 1980 κρατοῦντος
661 1942 727 1969 Θεοῦ
743 1942 873 1974 καθιστὰς

84 1994 205 2029 ἐναργῆ·
222 1992 403 2027 ἐπηγγείλατο
417 1991 481 2026 γὰρ,
501 1990 577 2025 φησι,
597 1989 694 2023 λέγων,
711 1988 749 2020 ὡς
769 1988 872 2014 ἰάσεται

85 2039 199 2070 αὐτούς·
223 2040 247 2064 οἱ
272 2038 300 2064 δὲ
316 2037 403 2064 ἄδικοι
429 2036 514 2067 οὕτως
532 2035 806 2069 κλυδωνισοήσονται,
826 2034 874 2060 καὶ

86 2085 299 2115 ἀναπαύσασθαι
310 2085 340 2111 οὑ
357 2083 524 2118 δυνήσονται.
544 2081 652 2116 Ἐπειδὴ
671 2081 725 2115 γὰρ
739 2080 793 2107 τῶν
809 2079 874 2114 κλη-

88 2133 247 2170 θησομένων
273 2130 392 2166 διεξῆλθε
416 2129 450 2156 τὰ
471 2129 550 2163 γέρα,
573 2127 712 2162 ταύτῃτοι,
730 2126 777 2153 καὶ
802 2125 874 2160 μάλα

89 2179 214 2210 εἰκότως,
231 2178 278 2204 καὶ
294 2177 343 2208 τὰς
356 2175 409 2202 τῶν
422 2173 604 2202 ἀπειθούντων
621 2172 753 2203 κολάσεις,
767 2171 812 2198 καὶ
828 2171 875 2197 τὸν

89 2227 120 2253 ὲν
134 2227 226 2256 αὐτοῖς
239 2223 372 2253 κλύδωνα,
388 2222 494 2252 καὶτὰς
509 2219 676 2253 ἀπεράντους
689 2217 780 2249 αἰκίας
791 2225 875 2253 προσ-

90 2271 258 2306 απαγγέλλει
273 2269 424 2305 χρησίμως.
443 2268 479 2293 Οὐ
503 2266 557 2301 γὰρ
575 2265 631 2292 ἔστι
651 2264 757 2299 χαίρειν
772 2264 873 2295 αὐτοῖς,
893 2274 913 2301 D

91 2319 185 2354 φησιν,
202 2315 262 2343 εἷπε
283 2315 385 2350 Κύριος
397 2315 412 2340 ὁ
430 2313 505 2344 Θεός.
520 2312 573 2338 Τοῦ
588 2311 615 2338 δὲ
629 2310 731 2345 Κυρίου
746 2309 792 2335 καὶ
808 2309 877 2335 πάν-

91 2375 146 2393 των
164 2364 232 2393 Θεοῦ
245 2364 275 2390 τὸ
289 2362 393 2398 χαίρειν
405 2360 495 2388 αὐτῶν
506 2359 720 2393 ἀποστήσαντος,
736 2357 812 2388 ποῖος
827 2357 876 2382 αὑ-

91 2414 147 2444 τοῖς
162 2411 297 2446 θυμηδίας
310 2407 425 2443 ὑπάρξει
442 2406 555 2442 τρόπος;
570 2406 630 2430 "Uti.
643 2403 670 2429 δὲ
684 2403 730 2429 καὶ
745 2403 773 2428 ὲν
790 2401 878 2437 καιρῷ

92 2459 142 2493 τῆς
166 2457 289 2492 κλήσεως
312 2454 366 2480 τῶν
389 2453 418 2485 ἐξ
438 2451 555 2487 Ἰσραὴλ,
567 2448 732 2484 ὰπομενοῦσί
757 2456 829 2479 τινες
851 2449 879 2474 ὲν

93 2503 222 2538 ἀπειθείᾳ
235 2501 273 2535 τῷ
288 2501 337 2536 τῆς
353 2498 466 2533 ἀνομίας
478 2497 528 2532 υἱῷ
539 2495 742 2532 προσκείμενοι,
754 2494 880 2529 σαφηνιεῖ

91 2551 180 2584 λέγων
195 2537 354 2580 ὁνπὰνσοςρος
368 2544 481 2575 Παῦλος
497 2552 505 2568 ι
526 2541 597 2568 Ἀνθ’
616 2537 652 2567 ὧν
668 2541 717 2576 τὴν
733 2540 879 2574 ἐπίγνωσιν

91 2597 142 2631 τῆς
157 2593 284 2628 ἀληθείας
302 2592 351 2618 οὐκ
378 2590 511 2622 ἐδέξαντο,
538 2588 582 2614 διὰ
599 2587 678 2614 τοῦτο
696 2587 798 2621 πέμψει
829 2585 878 2612 αὖ-

92 2643 148 2671 ποῖς
165 2642 179 2667 ὁ
197 2639 263 2670 Θεὸς
284 2637 421 2671 ἐνέργειαν
437 2634 550 2670 πλάνης.
567 2643 578 2659 ι
595 2633 668 2666 Ἔφη
685 2632 713 2658 δὲ
732 2632 778 2658 καὶ
799 2631 879 2662 αὐτὸς

91 2690 105 2714 ό
121 2686 218 2720 Σωτήρ
229 2693 236 2700 ’
252 2694 261 2709 ι
273 2683 344 2717 Ἐγὼ
358 2681 473 2716 ἐλήλυθα
489 2681 516 2706 ὲν
531 2679 569 2715 τῷ
584 2679 694 2713 ὀνόματι
713 2678 760 2704 τοῦ
777 2677 881 2712 Πατρός

94 2742 158 2766 μου,
183 2730 231 2759 καὶ
249 2730 278 2756 οὐ
300 2726 453 2763 λαμὸἀνετέ
471 2733 514 2760 με·
536 2725 583 2751 ἐὰν
609 2724 687 2754 ἄλλος
708 2723 771 2758 ἒ).οῃ
794 2724 822 2749 ἐν
843 2723 882 2757 τῷ

96 2778 211 2810 ονομα-τι
227 2774 265 2808 τῷ
280 2773 364 2808 iam,»
384 2771 523 2798 τουτέστιν
543 2771 556 2796 ὁ
567 2769 616 2803 τῆς
632 2768 746 2803 ἀνομίας
763 2768 829 2800 υἱὸς,
845 2768 882 2799 ὡς

93 2823 175 2857 ἔφην,
198 2830 206 2846 ι
223 2820 327 2846 ἐκεῖνον
350 2817 478 2854 λήψεσθε.
496 2826 505 2842 ι
530 2815 633 2842 Οὐκοῦν
647 2815 808 2850 κεκλήσεται
832 2814 881 2849 μὲν

917 983 1037 1020 (dictum
1052 988 1093 1010 est
1105 984 1176 1010 enim
1189 983 1256 1009 illis:
1269 992 1277 1008 ι
1291 982 1419 1009 Dominus
1436 981 1505 1008 Deus
1525 985 1586 1007 tuus
1611 979 1702 1006 Domi-

917 1038 967 1057 nus
982 1037 1051 1057 unus
1063 1034 1103 1056 est
1112 1030 1134 1045 ’³
1146 1039 1155 1055 ι
1164 1028 1183 1063 ),
1199 1035 1281 1062 prope
1296 1035 1354 1055 csso
1364 1027 1559 1061 quodammodo
1572 1025 1665 1052 videba
1672 1033 1704 1052 n-

918 1081 971 1107 III',
985 1081 1078 1111 gentes
1090 1081 1180 1102 autem
1203 1073 1296 1108 procul
1327 1073 1433 1104 abesse,
1448 1081 1480 1100 eo
1499 1073 1569 1107 quod
1590 1077 1702 1106 prorsus

917 1129 933 1149 a
955 1123 1059 1150 sanctis
1083 1120 1223 1156 discipulis
1247 1120 1342 1147 alienae
1364 1123 1467 1153 essent,
1490 1119 1702 1154 ignorarentque

917 1167 1103 1195 universitatis
1124 1166 1280 1193 Creatorem
1291 1170 1319 1192 et
1335 1164 1490 1191 Dominum.
1507 1164 1559 1190 Sed
1578 1171 1629 1198 pax
1641 1163 1703 1190 dat:

919 1218 959 1242 est
978 1218 1005 1241 et
1021 1214 1063 1240 his
1083 1218 1109 1240 et
1124 1212 1176 1239 illis
1193 1220 1207 1238 a
1221 1211 1274 1238 Deo
1290 1216 1316 1238 et
1336 1211 1426 1242 Patre,
1443 1217 1490 1244 per
1505 1209 1642 1240 Christum
1661 1208 1698 1234 vi-

920 1260 1027 1291 delicet,
1039 1259 1084 1294 qui
1099 1258 1163 1286 fecit
1179 1263 1293 1292 utraque
1308 1264 1401 1289 unum,
1426 1262 1452 1282 et
1471 1255 1581 1290 pOpUIOS
1598 1255 1665 1281 duos
1679 1253 1704 1280 in

921 1314 1003 1334 unum
1016 1313 1112 1332 novum
1125 1303 1263 1331 hominem
1279 1303 1408 1334 condidit,
1425 1307 1450 1329 et
1463 1302 1635 1328 intei-stitium
1651 1308 1707 1327 ina<

919 1353 999 1379 ceris:
1011 1350 1099 1382 solvit,
1113 1357 1145 1376 ac
1153 1348 1254 1383 Legem
1271 1355 1462 1384 praceptorum
1479 1348 1504 1373 in
1519 1347 1631 1373 decretis
1640 1346 1707 1372 abo—

920 1394 994 1422 levit.
1008 1393 1101 1428 Itaque
1109 1401 1155 1426 per
1168 1393 1255 1426 ipsam
1269 1392 1512 1419 reconciliationem
1523 1391 1666 1417 habuimus
1681 1394 1708 1416 et

920 1448 1014 1476 pacein
1024 1447 1084 1466 cum
1094 1439 1157 1472 Deo,
1166 1444 1222 1466 tuin
1233 1439 1303 1465 inter
1315 1446 1364 1465 nos
1374 1445 1508 1471 utinquam
1521 1436 1706 1463 scindendum.

921 1485 987 1512 Nam
1004 1485 1131 1512 Christus
1148 1484 1246 1511 alicubi
1265 1484 1331 1511 dixit
1349 1485 1381 1510 ad
1398 1483 1506 1510 Patrem
1528 1487 1555 1509 et
1576 1482 1657 1508 Deum
1681 1481 1707 1507 in

921 1531 997 1559 cmlis
1013 1539 1018 1556 :
1032 1539 1041 1556 ι
1056 1530 1123 1559 Volo
1147 1535 1175 1556 ut
1204 1530 1428 1564 quemadmodum
1457 1536 1506 1562 ego
1525 1532 1552 1554 et
1579 1532 1606 1554 tu
1626 1535 1707 1554 unum

922 1585 1025 1608 smnus,
1038 1577 1077 1603 sic
1094 1581 1121 1603 et
1139 1576 1188 1609 ipsi
1206 1576 1231 1602 in
1245 1575 1322 1602 nobis
1335 1583 1415 1601 unum
1426 1573 1479 1600 sint
1496 1574 1528 1600 ⁸³.
1542 1582 1552 1598 ι
1566 1571 1711 1606 Subjuiigit

925 1623 997 1649 hisce
1007 1622 1151 1656 propheta:
1165 1620 1274 1648 Eldixit
1286 1620 1431 1647 Dominus:
1444 1619 1550 1645 Sanabo
1563 1625 1621 1649 vos,
1633 1617 1706 1644 velut

925 1667 1160 1701 anaceplialaaosin
1182 1666 1324 1700 quamdam
1345 1671 1377 1691 ac
1394 1663 1607 1691 recollectionein
1627 1662 1711 1688 totius

925 1713 1053 1740 orationis
1079 1713 1219 1743 inducens,
1243 1715 1270 1738 cl.
1289 1711 1349 1738 inde
1365 1710 1571 1744 promissionem
1588 1707 1710 1734 omnium

926 1758 1104 1785 doniinatoris
1135 1757 1181 1784 Dei
1205 1764 1296 1783 veram
1322 1762 1382 1785 esse
1407 1755 1557 1782 declarans.
1584 1753 1711 1780 Promisit

925 1805 1008 1836 enim,
1024 1803 1120 1838 inquit,
1136 1802 1229 1830 dicens
1248 1809 1276 1828 se
1297 1801 1356 1828 illos
1373 1805 1529 1827 sanaturum
1547 1807 1554 1825 :
1572 1803 1598 1825 at
1616 1797 1709 1831 injusti

926 1851 966 1878 sic
984 1849 1161 1881 ﬂuctuabant,
1174 1854 1202 1874 et
1225 1848 1398 1882 requiescere
1415 1853 1467 1872 non
1488 1849 1623 1879 poterunt.
1645 1842 1711 1869 Nam

926 1901 1069 1929 postquam
1086 1893 1268 1921 vocandorum
1287 1892 1396 1927 pricniia
1420 1890 1557 1926 percurrit
1573 1899 1579 1915 :
1600 1889 1662 1915 hinc
1685 1889 1713 1914 et

926 1943 1033 1977 quidem
1051 1940 1221 1968 meritiSsiine
1235 1938 1381 1966 inlidelluiii
1396 1937 1536 1972 supplicia,
1554 1941 1581 1963 et
1598 1935 1712 1962 ﬂuctua-

930 1988 1028 2016 tionem
1047 1994 1079 2014 ac
1095 1985 1213 2013 inﬁnitas
1230 1985 1321 2019 plagas
1345 1988 1408 2010 ante
1427 1982 1568 2010 denuntiat
1594 1987 1714 2008 comnio-

927 2034 970 2062 de.
984 2033 1041 2060 Non
1063 2037 1105 2059 est
1121 2031 1204 2063 enim,
1220 2030 1320 2065 inquit,
1342 2029 1393 2056 illis
1411 2030 1549 2064 gaudium,
1565 2027 1634 2054 dixit
1662 2026 1714 2052 Do-

928 2081 1017 2107 minus
1040 2078 1120 2106 Deus.
1136 2077 1248 2104 Domino
1280 2081 1370 2102 autem
1385 2080 1413 2102 et
1436 2073 1557 2102 omnium
1580 2073 1633 2099 Deo
1654 2071 1714 2098 illos

928 2128 1049 2163 privante
1072 2131 1120 2151 suo
1150 2122 1258 2158 gaudio,
1281 2129 1340 2154 qua:
1367 2129 1429 2148 esse
1456 2125 1543 2155 potest
1567 2116 1713 2153 voluptas?

928 2173 1004 2206 Quod
1022 2176 1110 2198 autem
1133 2174 1254 2202 tempore
1279 2168 1430 2194 vocationis
1455 2166 1649 2197 lsraelilaruni,
1670 2171 1713 2190 re-

930 2218 1077 2244 manebunt.
1104 2214 1211 2248 quidam
1232 2214 1258 2240 in
1285 2212 1454 2243 iiilidelitate,
1476 2212 1530 2238 ﬁlio
1566 2209 1712 2243 iniquitatis

929 2262 1107 2290 ailliazreiiles,
1125 2258 1249 2286 ostendet
1271 2258 1349 2292 plane
1374 2256 1593 2291 sapientissimus
1616 2254 1713 2289 Paulus

929 2308 1071 2342 inquiens:
1087 2314 1095 2330 i
1110 2304 1255 2339 Propterea
1267 2303 1337 2338 quod
1349 2302 1512 2337 agnitionem
1526 2301 1648 2327 veritatis
1663 2306 1716 2326 non

931 2354 1101 2386 reci-perunt,
1115 2351 1173 2377 ideo
1190 2350 1278 2376 mittet
1297 2348 1350 2375 illis
1358 2347 1542 2382 operationem
1550 2345 1651 2372 erroris
1663 2345 1712 2370 ³ο.»

933 2400 1057 2433 Dixitque
1077 2398 1133 2432 ipse
1150 2396 1280 2423 Servator
1293 2405 1299 2422 :
1312 2404 1321 2421 ι
1339 2395 1392 2429 Ego
1407 2393 1467 2420 veni
1497 2392 1606 2419 nomine
1627 2390 1716 2417 Patris

933 2445 996 2477 mei,
1021 2450 1047 2471 et
1066 2452 1118 2470 non
1136 2443 1258 2477 accipitis
1276 2449 1338 2468 inc:
1360 2441 1381 2468 si
1396 2440 1465 2467 alius
1482 2438 1585 2466 venerit
1608 2436 1716 2463 nomine

933 2498 1009 2519 suo.)
1029 2489 1053 2515 id
1066 2493 1118 2520 est,
1140 2488 1210 2514 Iilius
1225 2487 1383 2521 iniquitatis,
1403 2491 1431 2512 ut
1447 2485 1514 2518 dixi,
1530 2493 1540 2510 ι
1556 2484 1628 2510 illuni
1648 2482 1717 2509 acci-

933 2535 1012 2569 pietis
1023 2534 1167 2568 "altaque
1180 2534 1319 2560 vocabitur
1335 2533 1398 2560 olim
1410 2531 1490 2559 Israel
1508 2531 1540 2558 ad
1553 2530 1715 2565 agnitionem

934 2583 1045 2614 Christi,
1069 2587 1093 2609 el
1123 2583 1210 2616 gratia
1238 2589 1285 2615 per
1313 2581 1390 2607 Iidem
1409 2580 1434 2606 in
1459 2578 1544 2613 ipsum
1566 2575 1715 2603 diiabitur:

934 2629 1015 2665 812
1039 2632 1066 2654 at
1083 2627 1192 2661 quidam
1213 2626 1286 2660 impii
1310 2631 1337 2652 et
1351 2625 1441 2658 injusti
1458 2621 1716 2650 reiiiaiiehmit:ttiin

935 2682 1024 2702 autem
1051 2673 1134 2700 veluti
1153 2672 1324 2700 iiistabilibus
1344 2671 1438 2706 agitati
1456 2670 1592 2700 ﬂuctibus,
1617 2673 1647 2694 ac
1662 2673 1716 2692 om-

936 2723 962 2750 ni
986 2720 1085 2748 amisso
1106 2719 1214 2754 gaudio,
1230 2717 1399 2751 requiescere
1423 2723 1475 2742 non
1493 2717 1628 2749 poterunt.
1644 2709 1717 2737 Coit-

937 2772 1059 2796 tcrentur
1087 2764 1323 2796 euim,diuturna
1355 2762 1501 2789 etintinita
1533 2767 1610 2795 ptBlla
1651 2755 1717 2784 aﬂu-

933 2815 980 2842 cti.

129 2910 153 2927 ‘7
169 2908 267 2945 Ephes.
287 2916 314 2940 Il,
336 2907 374 2934 l5.
413 2908 435 2923 “
447 2908 522 2934 Deut.
537 2913 574 2938 γι,
591 2905 616 2932 4.
656 2906 677 2920 ’τ’
693 2904 770 2932 ,Ιο;ιιι.
789 2905 872 2934 uini

745 2913 770 2932 ii.
789 2912 852 2934 xvii.
866 2904 910 2931 ‘ll.
949 2905 970 2920 ³ο
986 2904 1007 2931 Il
1026 2902 1120 2930 Thess.
1141 2908 1169 2931 Ii,
1192 2899 1232 2927 I0.
1270 2899 1290 2914 ³¹
1307 2898 1384 2926 Joan.
1400 2905 1424 2928 ν,
1445 2896 1487 2923 65.
