1883 3054
174 124 243 153 ηεδ

687 125 715 152 5.
737 122 876 152 CYBILLI
894 121 1129 150 ALEXANDRINI
1148 123 1299 151 ABCl'IlEP
1315 129 1321 159 ι

1742 126 1815 153 ίῗὶἒς

175 188 220 208 ros
237 180 332 208 videri.
346 179 400 208 ilac
409 180 441 208 de
453 162 534 207 causa
566 180 654 216 inquit
673 189 679 208 :
697 179 853 216 Jejnnastis,
869 184 898 207 at
915 187 960 215 ego

1038 178 1069 206 Iw
1088 180 1346 215 προστεταγμένων
1370 180 1522 216 ὁλοτρόπως
1544 180 1599 215 γὰρ
1621 181 1723 215 ἁγίους
1743 179 1815 208 εἶναι

174 235 227 255 non
249 227 316 258 vidi,
330 227 355 253 id
377 231 428 259 est,
445 234 497 254 non
518 227 618 254 attendi
643 236 650 254 :
674 227 837 254 humiliastis
860 226 964 254 animas

172 277 292 306 vestras,
314 279 342 300 et
372 281 425 300 non
455 274 585 308 cognovi,
609 273 633 300 id
664 278 721 306 est,
748 273 961 300 lmmiliationem

172 322 291 345 vestram
310 325 361 344 non
378 318 502 352 dignatus
516 325 576 345 sum
594 318 648 344 ulla
666 319 790 345 mercede
809 326 816 344 :
835 319 960 352 quoniam

172 364 199 390 in
216 363 310 395 diebus
322 362 486 396 jejuniorum
501 369 652 390 vestrorum
670 363 796 390 invenitis
811 363 961 390 voluntates

173 415 288 436 veSIras.
300 409 349 442 Qui
362 416 427 443 ergo
442 417 506 444 pure
520 416 548 436 et
560 415 652 436 sancte
663 410 788 444 jcjnuare
801 409 903 440 volunt.
915 417 961 438 eos

171 458 277 485 Oportet
300 454 356 481 suis
379 455 533 481 renuntiare
555 454 746 486 voluntatibus,
764 459 791 482 et
813 455 883 489 quod
907 455 960 483 Deo

172 500 279 527 videtur
302 500 442 533 amplecti,
464 505 491 527 et
511 507 560 534 pro
585 500 643 533 ejus
665 500 804 527 voluntate
827 500 958 527 cervicem

171 546 288 572 frenare.
306 546 358 572 Sed
377 546 433 572 hzec
448 546 575 572 Israelita
589 546 745 580 neutiquam
762 546 957 581 praestiterunt,

171 591 216 619 sed
231 591 380 619 voluntates
395 599 458 619 suas
474 593 558 618 secuti
576 596 648 624 sunt,
665 594 736 626 quod
748 597 838 619 autem
851 592 958 625 legisla-

171 637 221 664 tori
250 637 337 671 placet
358 637 534 671 neglexerunt
560 647 566 665 :
593 637 800 672 aﬂlixeruutqne
825 638 959 670 subjectos

168 682 269 718 judicio
285 687 313 710 et
327 682 431 716 iurgiis,
446 691 507 709 cum
524 690 570 710 eos
587 684 632 718 qui
651 684 722 710 inter
736 690 765 710 se
780 683 956 715 dissidebant,

170 730 203 756 ad
220 729 391 756 Concordiam
409 729 541 764 redigere,
554 734 581 755 et
596 736 688 763 pacem
706 729 871 756 constituere
889 728 959 756 inter

170 775 360 802 dissentientes
377 779 522 809 oporteret.
540 774 591 802 Sed
611 775 646 801 illi
664 775 752 801 studia
771 782 817 800 sua
836 779 956 802 transtu-

170 820 259 847 lerunt
272 820 297 847 in
316 821 406 847 omnia
423 827 483 854 quae
500 825 578 847 erant
593 820 738 847 contraria.
753 819 836 855 815
853 820 954 847 Percu-

172 866 274 893 tiebant
288 866 368 893 etiam
385 866 512 893 humilem
529 874 536 893 :
554 873 605 892 non
623 865 746 893 absolute
762 867 895 899 manibus,
910 866 956 893 sed

172 912 278 947 injuriis
295 916 322 938 et
338 912 374 944 vi.
391 911 433 938 vel
451 911 511 938 aliis
531 911 617 938 modis
637 910 754 944 iniustis.
773 910 844 946 Ergo
861 911 958 946 quibus

170 958 256 985 inerat
281 958 342 985 talis
359 965 391 985 ac
408 961 481 984 tanta
499 958 654 992 impnritas,
687 957 820 991 quomodo
837 965 883 985 eos
900 957 958 984 lau-

170 1005 247 1031 daret
266 1003 435 1038 jejunantesi
456 1003 498 1030 vel
520 1003 653 1037 quomodo
677 1002 743 1029 adeo
765 1002 958 1030 sceleratorum

170 1058 264 1086 preces
279 1050 417 1084 suscipere
432 1049 537 1084 posset?

1014 225 1067 261 χρὴ
1084 220 1146 257 τοὺς
1159 226 1320 261 προσιόντας
1342 226 1410 261 Θεῷ,
1423 227 1470 253 καὶ
1493 227 1660 262 διαπρέπειν
1675 229 1707 254 ὲν
1722 229 1814 262 ἀγαθ-

1013 270 1154 305 ουργίαις,
1186 271 1234 297 καὶ
1262 271 1347 305 ῥύπου
1395 271 1497 303 παντὸς
1533 272 1697 308 ἐλευθέρους
1731 274 1814 304 ὄντας

1012 316 1139 351 ὁρᾶσθαι.
1159 316 1266 351 Ταύτης
1286 316 1339 352 γὰρ
1351 316 1433 344 ἕνεκα
1451 317 1501 352 τῆς
1517 318 1608 350 αἰτίας
1623 319 1704 354 φησί·
1722 318 1814 351 New;

1013 361 1148 388 στεύχατε
1163 361 1222 397 μὲν,
1235 361 1289 395 ἐγὼ
1300 362 1327 388 δὲ
1338 363 1387 388 οὐκ
1400 359 1480 395 εἶδον,
1497 364 1649 395 τουτέστιν,
1661 365 1692 390 οὐ
1726 373 1813 400 προς-

1012 407 1108 441 ἐσχον·
1136 407 1338 434 ὲταπεινώσατε
1362 408 1412 439 τὰς
1432 408 1520 443 ψυχὰς
1549 410 1666 441 ἑαυτῶν,
1688 411 1738 436 καὶ
1758 411 1812 437 οὐκ

1011 451 1107 485 ἔγνων,
1138 452 1288 484 τουτέστιν,
1315 453 1365 479 οὐκ
1380 453 1484 487 ἠξίωσά
1514 463 1588 486 τινος
1614 455 1737 489 ἀμοιϐῆς
1760 457 1812 489 τήν

1012 498 1089 532 ὑμῶν
1100 498 1268 524 ταπείνωσιν
1287 506 1293 513 ·
1311 498 1460 534 ἐπειδήπερ
1484 500 1513 525 ἐν
1535 500 1597 531 ταῖς
1613 500 1736 535 ἡμέραις
1755 502 1811 526 τῶν

1010 543 1140 579 νηστειῶν
1164 543 1240 578 ὑμῶν
1263 544 1403 579 εὑρίσκετε
1435 544 1470 570 τὰ
1489 544 1630 580 θελήματα
1649 545 1741 580 ὑμῶν.
1761 548 1809 572 Δεῖ

1009 589 1041 624 δὴ
1056 587 1101 616 οὖν
1115 589 1169 625 ἄρα
1181 610 1188 622 ,
1204 590 1267 620 τοὺς
1294 589 1433 623 νηστεύειν
1448 589 1588 621 ἐθέλοντας
1609 590 1742 625 καθαρῶς
1761 592 1811 617 καὶ

1011 635 1109 668 ἁγὶως,
1131 635 1314 670 ἁποφοιτῆσαι
1329 636 1380 670 μὲν
1397 635 1452 662 τῶν
1467 636 1539 662 ἰδίων
1551 636 1728 671 θελημὰτων,
1745 638 1811 663 ἀηθ-

1009 681 1118 707 ελέσθαι
1131 681 1159 707 δὲ
1183 681 1213 707 τὺ
1231 680 1268 716 τῷ
1281 681 1340 716 Θεῴ
1354 681 1460 713 δοκοῦν,
1484 681 1530 708 καὶ
1551 683 1659 716 εὐήνιον
1676 683 1810 716 ὑποσχεῖν

1007 727 1063 758 τοῖς
1080 727 1163 753 αὐτοῦ
1191 726 1325 762 Θελήμασι
1352 727 1398 753 τὸν
1427 727 1546 762 αὐχένα·
1571 727 1631 754 ἀλλ’
1645 727 1696 753 οὐκ
1722 727 1811 762 ἓέρων

1008 773 1086 799 τοῦτο
1096 773 1120 798 οἱ
1134 772 1163 805 ἐξ
1184 773 1292 808 Ἰσραήλ
1307 772 1398 799 ποθεν·
1411 773 1518 798 εἵποντο
1525 772 1552 798 δὲ
1564 773 1666 807 μᾶλλον
1678 774 1738 803 τοῖς
1749 773 1812 798 ἐαυ-

1009 817 1063 844 τῶν
1080 817 1213 852 θελήμασι
1227 818 1256 844 τὺ
1271 817 1310 852 τῷ
1336 818 1468 855 νομοθέτῃ
1487 818 1582 844 δοκοῦν
1604 819 1790 850 ἀτιμάζοντες
1801 838 1809 846 ,

973 883 993 910 Β
1008 864 1155 890 ὑπένυττον
1185 864 1214 890 δὲ
1233 865 1357 896 καὶτοὺς
1374 865 1545 900 ὑποχειρίους
1572 865 1612 895 εἰς
1640 865 1735 900 κρίσιν
1760 865 1810 890 καὶ

1013 910 1112 945 μάχας·
1135 910 1224 937 καίτοι
1252 910 1311 937 δέον
1336 911 1375 942 είς
1398 911 1550 946 ὁμοιζσυχίαν
1576 911 1717 944 συλλέγειν
1745 912 1809 941 τοὺς

1011 957 1135 992 ἀλλήλοις
1159 956 1413 992 ἀντανισταμένους,
1446 957 1493 983 καὶ
1522 957 1668 993 βραὸεὐειν
1689 958 1808 992 εἰρήνην

1011 1004 1066 1035 τοῖς
1092 1003 1309 1037 διενηνεγμένοις
1336 1003 1376 1033 είς
1407 1003 1548 1038 διαφοράς.
1575 1003 1647 1029 Ἀἰιιϊ
1677 1004 1718 1034 είς
1751 1003 1809 1028 πᾶν

1010 1048 1164 1074 τούναντίον
1179 1047 1227 1079 τὰς
1240 1047 1358 1079 σπονδὰς
1371 1049 1468 1074 ἐκεῖνοι
1482 1048 1658 1083 μεθίστασαν.
1670 1049 1810 1074 Ἕτυπτον

169 1096 198 1124 δὲ
214 1096 261 1123 καὶ
277 1096 412 1128 ταπεινὸν,
423 1094 469 1122 xui.
483 1094 543 1131 οὐχὶ
562 1094 781 1130 πάντωςχερσὶν,
806 1094 863 1121 ἀλλ’
883 1093 976 1129 ὕϐρεσι
996 1094 1044 1121 καὶ
1072 1093 1255 1126 πλεονεξίαις,
1280 1094 1362 1130 ἧγουν
1405 1095 1465 1121 καθ’
1495 1095 1588 1129 ἓτεριν
1615 1104 1676 1121 τινα
1704 1095 1810 1130 τρόπον

169 1143 284 1174 ἀδικίας.
314 1142 381 1170 Εἶτα
407 1143 465 1174 πῶς
484 1141 517 1178 ἦν
543 1141 683 1170 ἐπαινέσαι
704 1141 893 1179 νηστεύοντας,
920 1142 968 1177 τῆς
987 1141 1114 1176 τοιαύτης
1134 1141 1304 1176 ἀκαθαρσίας
1326 1141 1438 1177 ἐνούσης
1460 1143 1569 1175 αὑτοῖς;
1587 1143 1604 1178 ἦ
1627 1143 1686 1174 πῶς
1701 1142 1736 1169 ἂν
1751 1142 1808 1169 ἐδέ-

170 1189 271 1224 χθησαν
283 1188 361 1223 εὐχαὶ
371 1187 425 1215 τῶν
440 1188 526 1220 οὕτως
538 1189 698 1224 ἀλιτηρίων;

210 1235 291 1263 Vens.
308 1236 335 1263 5.
353 1236 439 1268 Quare
462 1236 526 1262 mihi
543 1236 683 1270 jejuuatt's,
699 1240 726 1262 ut
739 1236 816 1263 hodie
836 1237 963 1264 audiatur

170 1282 196 1307 in
219 1282 330 1307 clamore
352 1289 400 1307 vox
420 1282 525 1308 vestra?
546 1281 606 1307 Non
628 1281 680 1307 tale
699 1281 826 1314 jejunium
845 1282 922 1316 elegi,
938 1287 961 1309 el

171 1326 212 1352 die
227 1326 366 1352 humiliore
382 1325 513 1352 hominem
530 1326 644 1352 animum
660 1334 746 1352 suam.
765 1325 871 1361 Neque,
883 1327 905 1353 si
920 1328 962 1354 in-

171 1372 316 1398 curvaeeris
332 1371 400 1398 velut
413 1371 539 1398 circulum
554 1370 649 1397 collum
664 1376 748 1404 tutu",
761 1376 785 1398 et
801 1373 914 1399 cilicium
929 1381 960 1400 ac

171 1418 281 1444 cinerem
293 1417 437 1444 substrata:
445 1417 477 1450 is,
493 1424 538 1443 nec
552 1417 588 1443 sic
604 1417 729 1443 vocabili:
746 1417 871 1451 iejunium
885 1426 959 1445 acre-

172 1462 279 1496 ptabile.

208 1549 271 1577 Veri
288 1549 381 1584 jejunii
398 1549 484 1576 virtus
502 1548 628 1576 eximiam
647 1549 727 1576 habet
744 1549 850 1576 laudent
868 1554 894 1577 et
910 1557 958 1585 ap-

173 1596 369 1632 prolmionem,
384 1599 410 1622 et
426 1595 496 1629 apud
513 1594 706 1629 dominatorem
721 1595 840 1621 omnium
857 1595 957 1628 Deum;

174 1643 288 1670 libenter
315 1641 385 1667 enim
414 1641 526 1674 suscipit
551 1647 646 1675 preces
675 1647 769 1667 eorum
797 1641 840 1675 qui
870 1641 958 1674 ipsum

175 1689 267 1717 colunt
282 1697 289 1716 :
306 1692 332 1714 et
347 1687 367 1714 si
382 1687 472 1714 videat
485 1693 533 1714 eos
548 1694 595 1721 per
610 1686 728 1714 laborem
745 1692 771 1713 et
785 1687 959 1714 exercitatio-

173 1742 235 1762 nem
252 1734 417 1765 huutiliatos,
431 1732 536 1767 abjecta
550 1733 623 1760 omni
637 1733 820 1765 cunctatione,
835 1733 961 1760 concedit

174 1780 318 1815 postulata.
334 1779 408 1812 Quod
431 1785 520 1806 autem
545 1779 664 1814 segniter
686 1779 715 1805 lit
734 1783 761 1805 et
783 1779 958 1813 negligenter,

174 1826 294 1860 repudiat
309 1832 340 1851 ac
357 1824 453 1857 rejicit.
464 1823 598 1858 Jejunium
612 1824 726 1850 dicimus
741 1829 874 1856 sanctum,
887 1824 959 1859 quod

173 1879 204 1898 ex
223 1879 289 1905 pura
307 1870 336 1897 ﬁt
353 1870 515 1897 conscientia
541 1877 548 1896 :
571 1870 642 1904 quod
662 1869 705 1896 ille
721 1869 804 1897 faciat
820 1870 866 1904 qui
886 1871 960 1904 prius

174 1924 261 1944 mores
279 1917 415 1950 improbos
431 1923 593 1950 omnemque
610 1915 696 1942 labem
715 1923 748 1942 ex
768 1916 857 1943 animo
874 1916 961 1949 eiece-

174 1962 218 1993 rit,
231 1967 257 1987 et
269 1961 388 1988 carnalis
403 1960 549 1995 voluptatis
564 1961 659 1988 sordes
672 1960 811 1993 deleverit,
824 1965 850 1987 et
863 1960 960 1987 laverit

173 2007 243 2034 inter
267 2007 423 2033 innocentes
446 2014 540 2033 manus
564 2013 643 2040 suas,
666 2006 813 2033 secundum
839 2006 864 2032 id
889 2006 959 2040 quod

172 2053 301 2086 scriptum
317 2057 357 2078 est
372 2060 379 2078 :
395 2057 421 2078 et
436 2052 461 2078 in
476 2059 591 2083 summa,
603 2051 693 2078 omnis
707 2051 846 2085 probitatis
859 2053 961 2079 studio-

173 2105 218 2124 sus
239 2097 327 2124 cultor
344 2096 457 2124 eli‘ectus
479 2099 524 2124 sit.
542 2097 578 2123 At.
595 2096 727 2131 jejunium
745 2099 816 2132 quod
835 2106 888 2126 non
908 2099 958 2127 hoc

174 2143 253 2170 modo
262 2150 290 2169 se
308 2143 399 2174 habet,
418 2142 498 2169 fallax
516 2147 568 2174 est,
583 2147 611 2170 et
628 2143 743 2176 speciem
763 2149 865 2171 tantum
883 2145 960 2172 habet

1051 1234 1118 1261 Ἵνα
1133 1232 1159 1260 τί
1175 1240 1225 1267 μοι
1235 1231 1405 1266 νηστεύετε,
1415 1231 1454 1266 ὡς
1469 1231 1604 1266 σήμερον
1614 1233 1808 1267 ἀκουσθῆναι

1013 1280 1047 1306 ἐν
1060 1278 1175 1314 κραυγῇ
1191 1279 1248 1312 τὴν
1257 1277 1363 1313 φωνὴν
1375 1278 1457 1313 ὑμῶν
1465 1286 1475 1310 ;
1494 1279 1536 1305 Οὺ
1557 1279 1669 1312 ταύτην
1683 1279 1742 1312 τὴν
1755 1289 1809 1313 νη-

1012 1327 1117 1353 στείαν
1137 1324 1334 1359 ἐξελεξάμην,
1361 1325 1410 1351 καὶ
1435 1325 1550 1358 ἡμέραν
1567 1325 1734 1353 ταπεινοῦν
1755 1326 1808 1352 (ir-

1011 1372 1129 1404 θρωπον
1150 1370 1207 1404 τὴν
1228 1370 1334 1405 ψυχὴν
1355 1371 1458 1397 αὑτοῦ.
1477 1371 1544 1398 οὐδ’
1573 1371 1611 1398 ἂν
1624 1372 1752 1407 κάμψῃς
1769 1375 1808 1407 ὡς

1013 1416 1118 1449 κρίκον
1138 1417 1192 1442 τίν
1212 1415 1365 1450 τράχηλόν
1380 1424 1449 1448 σου,
1461 1417 1510 1443 καὶ
1527 1417 1647 1444 σάκκον
1670 1420 1720 1445 καὶ
1735 1428 1808 1446 σπο-

1013 1461 1069 1488 δὸν
1081 1462 1273 1497 ὑποστρώσῃ,
1296 1462 1360 1489 οὐδ’
1383 1463 1476 1496 οὕτως
1497 1463 1645 1491 καλέσετε
1662 1466 1807 1499 νηστείαν

1011 1508 1132 1541 δεκτήν.

1048 1554 1102 1589 Τῆς
1115 1553 1231 1589 ἀληθοῦς
1248 1555 1374 1590 νηστείας
1390 1554 1531 1590 ήδὺναμις
1551 1555 1674 1588 ἐξαίσιον
1685 1556 1744 1591 ἔχει
1759 1557 1804 1591 τὴν

1013 1601 1077 1636 βοὴν
1091 1601 1166 1636 παρὰ
1182 1601 1220 1635 τῷ
1242 1601 1350 1627 πάντων
1369 1601 1513 1636 κρατοῦντι
1534 1601 1604 1636 Θεῷ.
1624 1603 1743 1637 Δέχεται
1758 1603 1807 1637 γὰρ

1013 1647 1077 1678 ἴσως
1090 1647 1215 1682 ἀσμένως
1230 1646 1284 1672 τῶν
1297 1646 1450 1681 σεόομένων
1465 1647 1546 1673 αὐτὸν
1570 1647 1622 1679 τὰς
1645 1648 1727 1680 λιτάς
1739 1657 1747 1664 ·
1761 1649 1809 1675 κᾶν

1018 1693 1060 1729 ῐδῃ
1079 1693 1306 1727 ταπεινουμένους
1326 1692 1370 1718 διὰ
1385 1693 1473 1719 πόνων
1497 1694 1543 1719 καὶ
1568 1694 1730 1729 ἀσκήσεων,
1748 1695 1808 1729 μεὶ-

1012 1737 1118 1774 λησμοῦ
1148 1738 1210 1773 δίχα
1230 1738 1330 1769 παντὸς
1357 1738 1448 1773 ὀρέγει
1466 1739 1500 1765 τὰ
1522 1739 1677 1774 αἰτήματα.
1702 1740 1759 1774 Τῆς
1779 1749 1807 1774 γε

1014 1785 1077 1820 μὴν,
1093 1786 1166 1821 ἥπερ
1188 1785 1221 1812 ἂν
1237 1785 1341 1818 γένοιτο
1369 1785 1498 1820 ῥᾳθύμως
1520 1793 1550 1811 τε
1574 1786 1622 1812 καὶ
1649 1786 1808 1821 ἀτημελῶς,

1013 1832 1165 1868 ἀπόόλητον
1192 1835 1308 1860 ποιεῖται
1335 1833 1380 1860 τὸν
1401 1833 1511 1867 τρόπον.
1532 1833 1586 1859 Καὶ
1614 1832 1748 1866 νηστείαν
1763 1832 1808 1867 μὲν

1012 1877 1083 1906 εἷναί
1101 1888 1192 1914 φαμεν
1210 1880 1375 1915 ἀγιοπρεπῆ,
1390 1879 1438 1914 τὴν
1467 1879 1500 1905 ὲκ
1520 1878 1642 1914 καθαροῦ
1659 1879 1807 1911 συνειδότος

1013 1924 1235 1960 ἐπιτελουμένην·
1252 1926 1285 1958 ἣν
1312 1925 1344 1951 ἄν
1369 1933 1410 1956 τις
1435 1925 1538 1950 ποιοῖτο
1566 1925 1806 1960 προαποςοιτήσας

1012 1969 1146 2001 εὐσθενῶς
1163 1970 1216 1996 τῶν
1236 1970 1286 2004 τῆς
1307 1969 1474 2004 φαυλότητος
1490 1969 1617 2005 τρόπων,
1642 1970 1694 1996 καὶ
1721 1971 1805 1996 πᾶσαν

1012 2015 1109 2049 κηλῖδα
1128 2015 1178 2048 τῆς
1204 2014 1301 2041 ἑαυτοῦ
1324 2014 1444 2045 διανοίας
1468 2013 1720 2048 ἀποπεμψάμενος,
1744 2013 1805 2040 ἀπο-

1012 2062 1178 2097 τριψάμενός
1202 2069 1231 2087 τε
1253 2062 1303 2096 τῇς
1328 2059 1503 2094 φιλοσαρκίας
1534 2059 1598 2090 τοὺς
1627 2059 1745 2094 ῥύπους,
1762 2059 1804 2086 καὶ

1013 2105 1159 2140 νιψάμενος
1171 2107 1199 2132 ὲν
1214 2104 1312 2136 ἀθώοις
1325 2104 1374 2135 τὰς
1404 2105 1508 2139 χεῖρας,
1530 2103 1601 2130 κατά
1628 2103 1659 2130 τὸ
1686 2112 1802 2138 γεγραμ-

1015 2150 1104 2185 μένον
1120 2150 1166 2177 καὶ
1181 2149 1359 2182 ἁπαξαπλῶς,
1379 2149 1488 2184 ἁπάσης
1509 2148 1702 2184 ἀγαθουργίας
1728 2151 1803 2184 Expe-

174 2189 288 2222 jejuuii:
307 2193 334 2215 et
349 2196 408 2215 cum
425 2189 490 2214 nihil
507 2188 618 2216 omnino
634 2189 731 2216 habeat
750 2190 876 2218 decorutn
893 2191 915 2218 ei
932 2199 960 2220 ac

1038 2195 1096 2232 Trqu
1110 2195 1342 2231 ἁναδεδειγμένος.
1361 2195 1393 2221 Ἡ
1418 2194 1446 2221 δὲ
1468 2195 1518 2220 οὐκ
1533 2192 1602 2221 οὖσα
1616 2194 1742 2229 τοιαύτη,
1759 2203 1800 2220 πε-

173 2240 340 2268 congruens,
358 2233 459 2260 ridetur
480 2239 506 2261 et
528 2238 606 2268 turpe
629 2235 752 2264 habetur.
770 2236 838 2264 Nam
859 2238 959 2272 quibus

173 2279 239 2306 nihil
254 2286 324 2306 curat
339 2284 379 2306 est
392 2283 420 2306 ut
436 2279 511 2314 probi
527 2287 559 2308 ac
574 2281 635 2308 boni
652 2282 717 2314 sint,
730 2290 760 2309 ac
776 2283 875 2310 ltullutlt
892 2292 959 2318 prae-

175 2327 256 2354 clarrc
278 2327 386 2354 virtutis
406 2328 630 2363 significationem
652 2331 749 2363 edunt,
766 2331 959 2359 abstinentiam

174 2379 263 2400 tamen
288 2373 341 2401 cibi
365 2378 393 2401 et
419 2374 534 2401 inediam
560 2375 752 2402 infructuosam
777 2381 804 2403 et
827 2377 958 2410 inutilem,

174 2425 300 2454 tanquam
326 2427 383 2447 rem
408 2420 539 2454 insignem
564 2425 591 2447 et
610 2421 679 2455 apud
704 2421 787 2448 Deum
814 2423 959 2456 pretiosam

173 2471 301 2493 exercent
324 2474 331 2493 :
370 2465 397 2492 hi
420 2466 529 2501 quidem
550 2466 667 2494 inaniter
691 2467 794 2502 pugiles
818 2474 916 2504 agunt,
933 2474 961 2497 et

173 2520 262 2540 aerem
285 2513 439 2540 verberant.
457 2512 515 2540 Non
539 2514 610 2540 enim
634 2513 710 2542 labor
732 2523 824 2542 eorum
851 2517 961 2550 przemio

173 2560 296 2590 allicilur,
310 2560 372 2594 quia
391 2560 472 2587 etiam
491 2560 545 2588 Deo
562 2565 688 2595 acceptus
723 2569 774 2589 non
792 2566 843 2590 est.
872 2564 961 2596 Quare

174 2606 255 2640 igitur
280 2613 350 2632 nunc
376 2606 440 2633 tnihi
464 2606 604 2640 jejunatis,
621 2607 719 2641 inquit,
737 2612 765 2635 ut
792 2608 817 2635 in
839 2609 882 2636 die
909 2617 960 2637 una

172 2651 275 2679 clatnor
287 2651 361 2678 vocis
376 2656 470 2679 vestrae
485 2651 626 2679 audiatur?
666 2653 816 2680 Clamorem
833 2655 907 2688 dicit,
920 2655 961 2682 vel

173 2697 365 2732 precationem,
389 2705 449 2724 cum
473 2698 558 2724 inutili
577 2698 679 2734 jejunio
701 2699 890 2733 coniunctam,
919 2701 961 2728 vel

173 2744 206 2770 ab
223 2743 283 2778 ipso
300 2750 392 2777 opere.
402 2743 507 2770 Habere
524 2744 596 2771 enim
613 2746 740 2772 dicuntur
757 2753 848 2773 vocem
866 2755 961 2781 quamn

173 2788 234 2815 dam
255 2788 288 2815 ad
313 2788 395 2815 Deum
423 2796 482 2824 quae
508 2796 522 2816 a
549 2790 627 2817 nobis
649 2790 814 2824 tiunt,juxta
839 2792 866 2819 id
889 2793 960 2827 quod

175 2833 274 2862 dictum
289 2837 328 2861 est
342 2833 426 2862 Caluo
441 2835 475 2862 ab
489 2842 521 2862 eo
537 2843 544 2862 :
565 2844 574 2860 ι
594 2835 648 2863 Vox
664 2837 802 2872 sanguinis
817 2837 907 2866 fratris
921 2838 959 2865 tni

1012 2242 1171 2277 πλανημένη
1181 2241 1229 2276 μὲν
1241 2241 1395 2276 ὦσπερ,καὶ
1408 2241 1436 2266 ὲν
1452 2240 1515 2266 εἴδει
1529 2241 1578 2275 μὲν
1586 2238 1655 2267 οὖσα
1668 2241 1800 2275 νηστείας,

1012 2288 1111 2324 ἔχουσα
1133 2288 1161 2314 δὲ
1183 2287 1236 2314 τῶν
1263 2287 1331 2322 αὐτῇ
1353 2286 1512 2322 πρεπόντων
1540 2287 1683 2318 παντελῶς
1712 2287 1800 2318 οὐδὲν,

1012 2335 1123 2368 γελᾶται
1151 2334 1197 2360 καὶ
1213 2334 1372 2368 ἀσχημονεῖ.
1392 2333 1424 2359 0i
1435 2333 1489 2368 γὰρ
1506 2333 1537 2358 τὸ
1551 2330 1621 2359 εἶναι
1638 2333 1753 2368 χρηστοί
1774 2341 1799 2358 τε

1013 2380 1060 2406 καὶ
1072 2379 1168 2413 ἀγαθοὶ
1177 2379 1315 2409 παντελῶς
1329 2378 1559 2412 ὀλιγωρήσαντες,
1569 2378 1680 2405 καὶτῶν
1691 2379 1799 2413 ἀρίστων

1013 2425 1265 2460 ἀνδραγαθημάτων
1280 2424 1356 2450 οὐδὲν
1380 2424 1649 2460 προκατωρθωκὸτες
1659 2433 1666 2439 ·
1685 2422 1744 2450 εἶτα
1758 2423 1799 2458 τὴν

1014 2471 1120 2498 ἀσιτίαν
1133 2471 1183 2506 τὴν
1198 2470 1311 2505 ἀκερδῆ,
1325 2470 1372 2496 καὶ
1385 2470 1524 2505 ἀνόνητον,
1537 2470 1574 2502 ὡς
1596 2471 1670 2504 μέγα
1694 2479 1720 2496 τι
1741 2470 1799 2506 χρῆ-

1016 2525 1053 2551 μα
1075 2516 1121 2542 καὶ
1135 2516 1209 2551 παρὰ
1222 2515 1281 2551 Θεῷ
1289 2516 1377 2550 τίμιον
1389 2515 1603 2551 ἐπιτηδεύοντες
1614 2517 1677 2550 εἰκῆ
1693 2515 1798 2542 πυκτεύ-

1014 2571 1083 2593 ουσι,
1097 2562 1144 2588 καὶ
1163 2562 1203 2593 εἰς
1216 2561 1287 2597 ἀέρα
1296 2561 1427 2597 δέρουσιν·
1442 2562 1472 2588 οὺ
1485 2561 1538 2598 γὰρ
1552 2561 1688 2597 ἔμμισθος
1702 2563 1716 2588 ὁ
1729 2562 1798 2591 πόνος

1014 2608 1116 2639 αὐτοῖς,
1132 2608 1173 2634 ὅτι
1191 2608 1238 2634 καὶ
1252 2608 1443 2643 ἀπαράδεκῖος
1462 2608 1500 2643 τῷ
1510 2608 1579 2643 Θεῷ.
1595 2608 1656 2635 Ἵνα
1671 2609 1697 2635 τί
1719 2608 1796 2634 τοίνυν

1014 2655 1159 2689 νηστεὺετέ
1187 2663 1243 2690 μοι,
1279 2655 1372 2690 φησὶν,
1397 2654 1467 2681 ὥστε
1499 2655 1528 2681 ὲν
1560 2655 1654 2691 ἡμέρᾳ
1683 2656 1731 2689 μιᾷ
1756 2655 1796 2687 τὴν

1015 2700 1138 2735 κραυγὴν
1154 2702 1204 2735 τῆς
1222 2701 1314 2736 φωνῆς
1330 2701 1407 2735 ὑμῶν
1434 2699 1619 2735 ἀκουσθῆναι;
1636 2700 1796 2736 Κραυγὴνζέ

1015 2755 1107 2781 φησιν.
1124 2747 1182 2782 ἢτοι
1204 2747 1253 2783 τὴν
1266 2747 1420 2783 προσευχὴν
1432 2747 1482 2783 τὴν
1497 2747 1565 2782 μετά
1583 2755 1627 2780 γε,
1652 2748 1735 2782 φημὶ,
1756 2747 1796 2780 τῆς

1014 2792 1168 2826 ἀνωφελοῦς
1183 2793 1319 2828 νηστείας,
1337 2794 1420 2828 ἤγουν
1436 2793 1486 2828 τὴν
1496 2793 1542 2820 ἀπ’
1556 2792 1640 2819 αὐτοῦ
1656 2793 1703 2819 τοῦ
1720 2792 1795 2827 πράγ-

1016 2847 1108 2873 ματος.
1126 2839 1217 2874 Ἔχειν
1234 2840 1288 2875 γάρ
1313 2849 1372 2866 τινα
1389 2840 1513 2874 λέγονται
1542 2839 1635 2874 φωνὴν
1667 2839 1737 2873 orch
1758 2841 1794 2864 τιν
