1883 3054
40 137 117 166 i985

615 136 647 164 IN
676 135 792 164 ISAIAM
817 136 882 165 LIB.
903 137 935 165 V.
957 138 1075 166 TOMUS
1092 138 1137 165 lll.

1620 137 1693 166 4286-

39 196 114 220 θεον
132 196 167 222 τὰ
181 196 309 232 δρώμενα
324 196 388 230 παρ’
406 194 498 230 ἡμῶν,
517 194 587 221 κατά
612 202 644 228 γε
658 194 688 220 τὺ
701 193 844 229 εἰρημένον

941 201 995 223 mat
1018 196 1053 223 ad
1079 203 1122 224 me
1144 196 1178 224 de
1203 200 1274 223 terra
1293 196 1325 223 ".
1353 205 1362 223 ι
1392 195 1446 224 Sed
1467 195 1600 232 jejunium
1624 197 1686 228 hoc,

41 236 84 273 τῷ
101 242 176 268 Κάῖν
191 242 255 277 παρΙ
281 240 362 268 αὑτοῦ
375 249 382 256 ·
405 251 413 266 ι
426 240 504 276 Φωνὴ
534 240 649 275 αἵματος
662 239 708 266 τοῦ
731 239 847 274 ἀδελφοῦ

42 294 94 312 σου
110 289 163 323 βοᾷ
177 287 245 323 πρός
262 296 294 323 με
319 288 351 313 ὲκ
365 286 426 322 γῆς.
449 296 457 312 ι
480 284 550 312 Ἀλλ’
565 286 594 312 οὑ
612 285 714 321 ταύτην
733 285 782 320 τὴν
798 294 847 320 νη-

43 331 146 357 στείαν
157 332 331 367 ἐξελεξάμην,
351 331 418 366 φησί
437 340 443 346 ³
462 331 510 358 καὶ
521 331 601 358 ποίαν
616 330 728 365 ταύτην,
743 339 848 366 προαπ-

44 376 157 413 έφηνεν
174 377 270 410 εἰπὼν,
286 378 326 404 ὁτι
347 387 356 404 t
378 378 420 404 Ἑν
440 379 500 409 ταῖς
516 377 636 413 ἡμέραις
649 377 702 403 τῶν
717 376 848 412 νηστειῶν

44 423 130 457 ὑμῶν
146 424 289 459 εὑρίσκετε
305 424 338 450 τὰ
349 423 490 459 Θελὴματα
510 423 596 458 ὑμῶν,
613 424 659 449 καὶ
673 423 775 454 πάντας
786 423 849 454 τοὺς

43 469 229 505 ὑποχειρίους
268 469 436 496 ὑπονύσσετε
473 471 512 501 είς
540 469 631 504 κρίσιν
658 470 706 496 καὶ
741 469 841 504 μάχας.

44 513 219 549 Νηστεύετε,
231 516 278 541 καὶ
293 514 410 541 τύπτετε
425 515 547 550 πυγμαῖς
564 515 700 541 ταπεινόν.
714 515 842 546 »οὺκοῦν,

51 560 112 586 οὐδ’
140 561 174 587 ἂν
196 561 308 596 κάμ’έῃς
333 561 370 592 ὡς
388 560 483 596 κρίκον
499 561 544 586 τὸν
563 560 698 596 τράχηλόν
721 569 767 587 σου
780 581 786 591 ,
802 561 848 587 καὶ

46 606 157 632 σάκκον
182 607 229 634 καὶ
245 607 341 634 σποδὸν
363 606 578 643 ὑποστρώσῃ[ς],
589 607 722 638 τουτέστι,
736 607 786 634 κᾶν
800 606 848 642 τὴν

45 653 88 682 είς
100 653 194 687 ἄκραν
209 652 390 688 ἐπιτηδεύσῃς
400 653 574 684 ταπείνωσιν,
592 653 639 679 καὶ
655 653 736 679 πόνου
756 652 849 688 τρίϐον

44 698 156 734 ἐλάσῃς
184 698 213 724 οὐ
230 701 362 734 φορητὴν,
377 699 444 734 μετὰ
455 699 509 725 τῶν
519 698 606 730 οὕτως
625 699 746 734 αἰσχρῶν
761 700 849 725 αἰτια-

46 744 159 777 μέιτων,
173 744 305 770 οὺδόὖτω
325 745 454 771 καλέσετε
471 744 597 780 νηστείαν
614 744 721 779 δεκτήν.
752 745 783 771 El
795 744 848 779 γὰρ

46 789 193 824 βούλεσθε,
207 790 298 825 φησὶν,
315 790 415 825 ἀληθὲς
435 791 534 821 εἰπεῖν,
553 790 608 817 οὐδ’
622 789 655 816 ἂν
673 790 750 825 ὑμεῖς
765 789 848 825 αὐτὴν

46 837 183 870 νηστείαν
197 835 293 871 δεκτήν
310 836 456 871 ὁνομάσετε
471 836 566 870 αὐτήν.

898 242 999 277 inquit,
1018 249 1070 269 non
1094 241 1172 277 elegi.
1191 241 1273 274 Quale
1296 242 1321 269 id
1346 242 1396 276 sit,
1414 242 1561 269 declaravit
1584 250 1664 278 supra
1677 264 1685 275 ,

899 288 1024 323 inquiens
1042 297 1048 315 :
1068 297 1077 314 ε
1096 287 1123 314 ln
1142 288 1236 315 diebus
1251 287 1415 322 jt-juuiorum
1430 287 1514 323 816
1525 293 1687 318 vestrorum.

899 335 1025 363 invenitis
1049 335 1202 362 voluntates
1231 338 1352 366 vestras,
1378 337 1406 361 et
1429 341 1524 361 omnes
1551 333 1688 367 subjectos

898 381 1015 417 alliigitis
1030 381 1133 417 judicio
1143 386 1168 408 et
1179 388 1276 415 pugna.
1291 380 1436 414 Jejunalis,
1451 380 1627 414 etpercutitis
1638 387 1689 413 pu-

899 429 958 463 gnis
969 428 1126 455 humilem.»
1142 427 1235 462 Itaque
1263 427 1285 453 si
1300 425 1484 453 incurvaveris
1497 433 1543 452 ceu
1557 425 1688 452 circulum

899 474 996 502 collum
1006 480 1091 507 tuum,
1106 479 1134 501 et
1150 473 1268 501 cilicium
1287 480 1318 500 ac
1344 472 1463 499 cinerem
1493 471 1686 502 substraveris,

900 521 925 547 id
940 525 992 553 est,
1007 520 1112 547 etiamsi
1126 526 1259 546 summam
1276 517 1490 544 Itumiliationem
1507 523 1644 549 exerceas,
1660 520 1688 542 et

899 565 999 592 laboris
1020 565 1091 591 viam
1117 571 1258 599 capessas,
1276 571 1328 590 non
1352 567 1441 589 tamen
1466 569 1528 589 cum
1552 562 1594 588 bis
1621 562 1688 588 adeo

900 611 979 639 {mdis
1005 611 1079 637 vitiis
1092 610 1243 641 tolerabile,
1258 617 1346 643 neque
1361 609 1401 635 sic
1418 606 1686 641 vocabilisjejunium

900 662 1052 693 acceptum.
1073 656 1102 684 Si
1113 657 1186 683 enim
1200 655 1299 687 velitis,
1317 655 1414 688 inquit,
1429 661 1522 681 verum
1538 653 1638 686 dicere,
1655 660 1688 680 ne

900 704 949 738 ipsi
974 703 1082 738 quidem
1105 709 1154 730 vos
1177 702 1229 730 bac
1251 701 1383 736 jejunium
1407 705 1546 736 acceptum
1569 699 1686 734 appella-

899 750 972 778 bilis.

85 883 166 916 Οὐχὶ
184 882 325 914 τοιαύτην
342 883 488 914 νηστείαν
502 881 559 915 ἐγὼ
583 881 779 916 ἐξελεξάμην,
798 880 847 908 λέ-

936 882 1018 911 Vens.
1041 882 1072 916 6,
1094 882 1120 909 7.
1143 881 1205 909 Non
1229 881 1280 909 tale
1304 889 1349 916 ego
1370 879 1501 915 jejunium
1524 879 1605 914 elegi.
1625 879 1688 906 dicit

47 935 92 962 γει
111 928 232 961 Κύριος,
247 927 326 954 ἀλλὰ
342 927 397 954 λύε
416 927 514 954 πάντα
527 927 702 962 σύνδεσμον
718 927 846 961 ἀδικίας,

46 974 160 1001 διάλυε
195 974 399 1009 στραγγαλιὰς
429 974 539 1006 βιαίων
567 974 846 1008 συναλλαγμάτων,

46 1020 227 1047 ἀπόστελλε
244 1019 488 1054 τεθραυσμένους
499 1020 531 1046 ἐν
550 1019 666 1054 ἀφέσει,
684 1020 732 1046 καί
746 1019 849 1047 ,πᾶσαν

46 1064 234 1099 συγποαφὴν
246 1064 351 1091 ἄδικον
373 1064 497 1091 (Sidona.
530 1065 695 1098 Διάθρυπτε
725 1065 848 1091 πεινῶν-

46 1118 76 1136 τι
101 1110 158 1136 τὸν
175 1109 267 1143 ἄρτον
296 1118 367 1141 σου,
382 1110 431 1136 καὶ
454 1109 591 1143 πτωχοὺς
609 1109 757 1144 ἁστέγους
785 1111 849 1136 εἱσ-

48 1152 146 1188 ἁγαγε
163 1153 207 1185 εὶς
222 1153 275 1180 τὸν
285 1151 370 1180 οἶκόν
383 1161 452 1180 σου.
463 1153 533 1179 Ἐὰν
548 1153 615 1188 ἴδῃς
629 1153 753 1188 γυμνὸν,
765 1154 847 1187 περι-

49 1201 144 1230 σαλε,
171 1199 221 1226 καὶ
241 1199 301 1226 ἀπὸ
322 1199 381 1226 τῶν
406 1199 522 1226 οἰκείων
535 1198 588 1225 τοῦ
608 1200 780 1234 σπέρματός
791 1207 849 1227 σου

49 1246 107 1279 οὐχ
123 1246 280 1279 ὑπερόψει.

87 1291 167 1317 Ἔδει
186 1292 242 1322 τοῖς
268 1291 317 1318 οὐκ
346 1291 428 1318 εἰδόσι
457 1293 507 1328 τῆς
530 1291 647 1328 ἀληθοῦς
668 1293 792 1328 νηστείας
805 1293 850 1320 τὸν

47 1336 165 1371 τρόπον,
182 1336 368 1371 ἐπιδειχθῆναι
384 1336 479 1363 τοῦτον
496 1337 572 1373 παρὰ
591 1336 668 1363 Θεοῦ.
687 1337 754 1373 Παρ“
767 1338 848 1365 αὺτοῦ

47 1381 106 1417 γὰρ
122 1382 199 1408 πᾶσα
215 1381 305 1416 σοφία,
320 1382 367 1408 καὶ
383 1383 502 1414 σύνεσις,
520 1383 592 1418 καὶὴ
615 1382 683 1416 πρὸς
697 1384 750 1408 πᾶν
762 1382 849 1409 ὁτιοῦν

47 1427 106 1453 τῶν
136 1427 257 1462 ἀρίστων
275 1426 334 1458 ὁδὸς
361 1427 560 1454 ἀναδείκνυται.
573 1427 676 1453 Ψάλλει
697 1427 761 1461 γοῦν
776 1427 822 1454 καὶ
835 1428 849 1454 ὁ

48 1472 201 1503 θεσπέσιος
211 1472 302 1502 Δαϐὶδ,
325 1473 372 1500 καί
396 1481 488 1508 φησιν·
507 1482 515 1499 ι
531 1473 677 1507 Ὀδήγησόν
692 1482 735 1508 με,
746 1473 848 1508 Κύριε,

50 1518 79 1544 ὲν
91 1519 127 1553 τῇ
143 1517 196 1552 ὁδῷ
211 1526 268 1550 σου,
287 1518 334 1544 καὶ
349 1518 519 1553 πορεύσομαι
546 1519 575 1545 ὲν
589 1520 622 1554 τῇ
641 1518 755 1554 ἀληθείᾳ
766 1527 822 1546 σου,
836 1528 846 1544 ι

50 1564 162 1590 οὐκοῦν
183 1564 335 1599 ἀπόῦλητον
352 1564 402 1600 μὲν
414 1565 560 1600 ἐποιήσατο
575 1564 623 1600 τὴν
648 1565 846 1600 ἀτεχνεατάτην

50 1611 100 1637 καὶ
124 1611 188 1637 κατ’
203 1610 298 1637 οὐδένα
321 1610 421 1645 τρόπον
447 1610 606 1646 ὀνησιφόρον
635 1609 690 1637 τῶν
714 1610 846 1637 Ἰουδαίων

51 1655 196 1691 νηστείαν,
221 1656 365 1691 ἐμφανίζει
382 1656 410 1682 δὲ
427 1657 476 1691 τῆς
501 1656 629 1691 ἀληθινῆς
655 1656 704 1692 τὴν
720 1657 845 1692 δύναμιν.

51 1701 109 1728 Λύε
124 1701 191 1736 γὰρ,
207 1701 281 1736 φησὶ,
299 1701 387 1727 πάντα
399 1701 545 1736 σύνδεσμον
562 1701 678 1733 ἀδικίας,
691 1702 828 1729 τουτέστιν
838 1723 845 1736 ,

51 1746 227 1774 ἀπαλλάττου
243 1745 286 1773 τοῦ
303 1746 474 1772 πλεονεκτεῖν
490 1745 632 1781 βούλεσθαί
643 1754 728 1778 τινας·
741 1747 847 1779 ἀδικίας

51 1793 109 1828 γὶιρ
126 1789 276 1827 σύνδεσμος
295 1793 311 1826 ἡ
327 1791 480 1824 πλεονεξία,
497 1792 543 1817 καὶ
560 1792 591 1817 τὸ
613 1791 777 1825 ὲπιφύεσθαί
791 1800 847 1818 τισι

51 1838 109 1865 τῶν
134 1838 345 1873 ἀσθενεστέρων,
375 1838 422 1864 καὶ
446 1835 501 1863 οἷον
531 1836 690 1868 ἐπιπλοκαῖς
716 1837 847 1871 ἀφύκτοις

52 1884 227 1919 αἰτιαμάτων
244 1884 426 1919 καταδεσμεῖν
441 1883 549 1915 αὐτοὺς,
570 1883 639 1919 ὑπέρ
657 1892 688 1918 γε
702 1883 747 1910 τοῦ
762 1893 846 1910 κατα-

53 1932 156 1966 στῆσαι
172 1930 314 1966 περιδεεῖς,
327 1929 397 1956 οὕτω
411 1938 440 1955 τε
456 1929 546 1965 ζητεῖν
562 1929 632 1965 ἅπερ
649 1930 681 1957 ἂν
699 1930 847 1965 βούλωνται

53 1978 121 2012 παρ’
136 1976 225 2002 αὐτῶν
242 1976 402 2011 λαμϐάνειν.
422 1976 517 2002 Διάλυε
544 1976 729 2011 στραγγαλιὰς
753 1977 847 2012 βιαίων

53 2023 300 2057 συναλλαγμάτων.
318 2021 532 2057 Συναλλάγματα
548 2021 575 2048 δὲ
588 2021 673 2056 βίαια,
695 2022 742 2048 καὶ
763 2022 796 2048 τὰ
816 2023 848 2048 ἐκ

53 2068 264 2104 στραγγαλιᾶς,
290 2068 373 2103 ἤγουν
398 2068 572 2103 δυστροπίας,
605 2068 741 2103 ἐπίμεστά
759 2077 848 2104 φαμεν

52 2113 126 2141 εἶναι
148 2115 181 2140 τὰ
207 2115 355 2150 ἐμπορικὰ.
379 2115 434 2141 Καὶ
449 2114 517 2150 πρός
531 2123 562 2148 γε
579 2114 683 2146 τούτοις
709 2114 743 2141 τὰ
769 2114 848 2150 ἕτερα

52 2162 108 2188 τῶν
121 2161 298 2196 καλουμένων
323 2160 423 2187 δόσεών
439 2169 468 2187 τε
502 2161 548 2187 καὶ
573 2160 691 2196 λήψεων,
719 2161 736 2187 ἃ
756 2160 849 2187 πλεον-

53 2208 161 2243 ασμούς
176 2215 251 2238 τινας
274 2207 340 2242 ἔχει,
364 2207 410 2233 καὶ
422 2206 573 2242 λημμάτων
597 2206 716 2242 αἰσχρῶν
733 2207 849 2242 ἐραστὰς
866 2220 886 2247 D

52 2253 231 2281 ἀποδείκνυσι
242 2253 305 2284 τοὺς
315 2253 383 2279 αὐτὰ
393 2253 459 2288 δρᾷν
468 2253 606 2284 είωοότας.
617 2253 671 2279 Καὶ¹
681 2252 848 2288 τεθραυσμὲι

53 2308 119 2330 you;
133 2298 172 2330 δὲ,
187 2299 279 2333 φησὶν,
291 2299 451 2325 ἀπόστειλον
467 2300 495 2325 ὲν
506 2298 611 2332 ἀφέσει,
629 2298 761 2331 τουτέστι,
786 2298 848 2330 τοὺς

53 2344 245 2380 ὑπομένοντας
268 2344 431 2379 συντριϐὴν,
452 2344 468 2379 ἧ
489 2344 623 2378 κάματον,
640 2345 656 2380 ἦ
676 2344 708 2370 ὲκ
725 2344 770 2370 τοῦ
786 2352 848 2370 συν-

52 2391 155 2425 δέσμου
171 2390 222 2425 τῆς
247 2390 365 2422 ἀδικίας,
395 2391 479 2425 ἤγουν
507 2391 539 2417 ὲκ
563 2391 616 2417 τῶν
637 2390 731 2426 βιαίων
754 2391 849 2416 συναλ-

53 2437 219 2472 λαγμάτων.
244 2436 390 2463 Ἀπόλυσον
404 2438 432 2463 ὲν
446 2436 553 2471 ἀφέσει,
572 2437 721 2469 τουτέστιν,
742 2436 848 2463 ἐλευθέ-

54 2491 145 2520 ρωπον
170 2483 220 2517 τῆς
250 2482 443 2518 ὲπενεχΟείσης
473 2483 671 2518 στενοχωρίας·
705 2483 850 2519 ἐπίτρεψον

54 2530 207 2564 κάμνουσιν
226 2528 385 2555 ἀναπαῦσαι
402 2529 495 2555 λοιπόν
507 2550 515 2558 .
533 2529 640 2555 Διάσπα
658 2529 685 2555 δὲ
701 2529 748 2555 καὶ
760 2529 850 2555 πᾶσαν

55 2575 148 2601 ἄδικον
165 2575 343 2610 συγγραφήν·
366 2574 403 2606 ὣς
426 2584 457 2609 γε
469 2573 556 2609 οἶμαι,
571 2575 603 2602 τὰ
618 2575 671 2601 τῶν
688 2575 847 2607 τοκιζόντων

55 2619 237 2654 γραμματεῖά
251 2627 344 2654 φησιν,
365 2620 547 2654 συνταχθέντα
563 2620 692 2651 πολλάκις
707 2620 767 2646 οὐδὲ
786 2621 847 2645 ἐπι-

55 2666 128 2692 δόσει
141 2666 292 2701 χρημάτων
308 2665 452 2697 τοσούτων,
470 2666 595 2700 ὅσωνπερ
612 2666 700 2692 ὠδίνει
719 2665 816 2700 μέτρον
829 2667 846 2701 ἡ

57 2713 214 2747 συγγραφή.
245 2711 329 2738 Ὅταν
355 2712 382 2738 δὲ
411 2711 512 2738 τούτων
540 2713 658 2747 ἀπόσχῃ,
676 2713 758 2748 φησὶ,
787 2713 847 2739 τότε

56 2757 197 2793 προστίθει
215 2757 246 2783 τὸ
260 2756 362 2784 λεῖπον.
382 2758 497 2784 Ἐστιδὲ
513 2758 592 2784 τοῦτο
607 2759 791 2794 καρποφορεῖν
810 2759 847 2793 τῷ

96 2847 196 2876 "Gen.
214 2854 251 2876 tv.
269 2845 311 2873 10.
349 2845 370 2862 ⁸⁷
389 2845 458 2873 Psal.
477 2854 537 2880 ur,
556 2846 598 2874 10.
634 2846 658 2885 f‘
674 2846 681 2873 l
703 2846 771 2873 Tim.
787 2854 804 2880 t,
819 2846 844 2873 5.

899 929 1026 956 Dominus
1042 937 1050 956 :
1067 929 1111 956 sed
1127 928 1196 956 solve
1211 936 1312 956 omnem
1329 927 1511 962 colligaturam
1528 925 1684 960 iniquitatis,

898 976 1009 1003 dissolvo
1034 975 1204 1010 obligationes
1227 973 1396 1001 violenlorum
1421 978 1618 1004 contractuum;
1643 971 1687 998 di-

899 1023 971 1048 mitte
992 1021 1088 1055 fractos
1110 1021 1137 1046 in
1160 1019 1325 1050 remissione,
1343 1023 1367 1045 et
1388 1025 1489 1044 onmem
1512 1016 1688 1051 syngrapham

898 1068 1025 1102 injustam
1037 1065 1185 1092 consciude.
1203 1063 1307 1099 Frange
1322 1063 1445 1090 esurienti
1459 1070 1551 1097 panem
1566 1067 1650 1094 tuttur,
1662 1065 1687 1088 et

898 1121 1023 1148 pauperes
1050 1116 1115 1139 terto
1138 1117 1254 1138 carentes
1275 1110 1354 1136 induc
1375 1110 1402 1135 in
1427 1110 1533 1135 domum
1555 1113 1637 1134 luam.
1656 1106 1687 1134 Si

899 1159 993 1186 videris
1015 1158 1128 1190 nudum,
1148 1161 1217 1192 tege,
1236 1161 1260 1183 et
1286 1155 1443 1182 domesticos
1467 1153 1572 1180 seminis
1596 1153 1634 1179 tui
1656 1160 1688 1179 ne

900 1204 1040 1239 despicias.

936 1291 986 1325 Qui
1005 1292 1060 1319 veri
1079 1290 1177 1326 jt-junii
1199 1290 1306 1318 modum
1330 1288 1463 1322 nesciunt,
1482 1289 1524 1316 liis
1542 1293 1647 1324 oportet
1671 1297 1685 1315 a

900 1339 956 1365 Deo
971 1338 1086 1366 ostendi.
1098 1338 1138 1364 Ab
1154 1338 1212 1371 ipso
1224 1337 1295 1363 enim
1308 1336 1396 1363 omnis
1409 1336 1539 1370 sapientia
1551 1341 1577 1362 et
1589 1335 1687 1362 intelli-

900 1385 999 1420 gentia,
1012 1391 1039 1411 et
1050 1384 1092 1410 via
1108 1384 1140 1410 ad
1156 1384 1244 1410 omnia
1259 1390 1318 1417 qua:
1333 1387 1395 1409 sunt
1407 1382 1508 1416 optima
1524 1382 1686 1409 ostenditur.

900 1430 993 1457 Psallit
1006 1430 1096 1464 itaque
1109 1434 1136 1457 et
1150 1429 1255 1456 divinus
1268 1427 1361 1460 David,
1375 1432 1401 1455 et
1412 1427 1519 1462 inquit:
1538 1436 1547 1452 ‹
1566 1427 1622 1454 Duc
1633 1434 1686 1459 me,

901 1476 1024 1509 Domine,
1037 1477 1063 1503 iu
1076 1476 1118 1502 via
1134 1480 1188 1506 tua.
1200 1479 1226 1502 et
1239 1474 1384 1501 ambulabo
1400 1474 1425 1500 in
1440 1473 1555 1500 veritate
1572 1478 1615 1499 tua
1625 1473 1658 1499 ³⁷.
1673 1481 1683 1499 ›

900 1521 981 1548 Proin
999 1521 1152 1548 Judmorum
1172 1519 1371 1547 crassissimum
1390 1523 1416 1546 et
1434 1518 1506 1545 nullo
1525 1518 1604 1546 modo
1622 1517 1686 1545 utile

897 1566 1028 1602 jejunium
1047 1566 1155 1601 rejccit,
1172 1569 1198 1592 et
1213 1565 1267 1592 veri
1282 1565 1336 1591 vim
1353 1564 1481 1592 declarat.
1501 1563 1581 1591 Solve
1598 1564 1685 1595 enim,

901 1614 998 1648 inquit,
1014 1620 1121 1640 onmem
1140 1619 1236 1639 nexum
1253 1611 1400 1646 injustitize,
1418 1610 1443 1637 id
1458 1613 1509 1642 est,
1524 1610 1619 1637 omitte
1633 1609 1686 1636 vim

900 1660 980 1687 alicui
994 1659 1092 1687 facere.
1110 1658 1249 1692 lujuslitize
1264 1658 1335 1685 enim
1352 1664 1437 1684 nexus
1453 1661 1495 1683 est
1511 1655 1649 1687 violentia,
1662 1660 1690 1682 et

900 1705 1092 1733 imbecilliores
1106 1703 1244 1736 invadere,
1256 1709 1282 1731 et
1296 1703 1369 1730 velut
1385 1702 1582 1730 inevitabilibus
1596 1701 1688 1729 crimi-

900 1752 1041 1780 nationum
1053 1750 1167 1778 vinculis
1179 1749 1274 1785 ligare,
1286 1754 1314 1776 ut
1324 1756 1370 1776 cos
1383 1748 1495 1776 reddant
1508 1748 1624 1782 timidos,
1636 1748 1689 1776 sic-

903 1805 955 1833 que
971 1801 1104 1824 concntur
1117 1797 1150 1823 ab
1167 1795 1231 1827 illis,
1245 1803 1304 1830 qua:
1317 1795 1406 1821 volunt
1423 1794 1555 1828 accipere.
1568 1793 1688 1821 Dissolve

901 1844 984 1870 nodos
999 1842 1177 1869 violentorum
1196 1846 1400 1868 contractuum.
1414 1840 1574 1867 Contractus
1587 1839 1688 1866 violen-

902 1893 959 1921 tos,
977 1893 1003 1916 et
1024 1888 1109 1915 nodos
1131 1887 1233 1914 smvitia
1255 1887 1347 1922 plenos
1368 1893 1428 1913 esse
1447 1885 1575 1917 dicimus,
1594 1884 1638 1919 qui
1660 1884 1687 1911 in

901 1932 1128 1968 negotiationibus
1149 1932 1225 1964 ﬁunt,
1243 1935 1270 1958 et
1292 1931 1317 1958 in
1341 1931 1402 1957 aliis
1425 1937 1484 1964 qua:
1506 1936 1637 1957 vocantur
1659 1929 1686 1956 in

900 1978 988 2005 dando
1003 1983 1028 2005 et
1041 1978 1198 2013 accipiendo
1215 1977 1387 2010 commercia,
1403 1984 1462 2011 (pate
1476 1980 1592 2010 qumstus
1605 1983 1687 2010 quos-

901 2025 961 2052 dam
990 2025 1102 2056 habent,
1124 2029 1152 2051 et
1176 2031 1222 2051 eos
1253 2024 1338 2057 turpis
1368 2023 1434 2051 lucri
1464 2028 1597 2050 amatores
1627 2030 1687 2050 esse

901 2075 1027 2106 arguunt,
1042 2071 1086 2104 qui
1103 2078 1134 2098 ea
1153 2070 1240 2097 solent
1255 2077 1346 2104 agere.
1363 2070 1395 2096 Et
1410 2069 1572 2101 contractos,
1589 2069 1686 2102 inquit.

902 2116 1006 2144 dimitte
1030 2116 1056 2143 in
1082 2116 1257 2149 remissione,
1276 2115 1302 2143 id
1328 2120 1385 2148 est,
1401 2115 1446 2150 qui
1469 2119 1622 2142 atteruntur
1645 2114 1687 2141 vel

902 2162 1093 2196 detaiigantur,
1110 2161 1151 2188 vel
1167 2169 1199 2188 ex
1211 2169 1280 2188 nexu
1296 2161 1447 2195 injustitiae,
1461 2161 1502 2188 vel
1518 2169 1551 2188 ex
1564 2160 1687 2188 violentis

903 2207 1096 2236 contractibus.
1111 2208 1220 2234 Dimitte
1235 2207 1260 2234 in
1274 2207 1442 2238 remissione,
1455 2207 1480 2233 id
1495 2212 1545 2239 est,
1558 2207 1591 2234 ab
1604 2215 1687 2242 angu-

901 2253 960 2280 stiis
983 2253 1008 2280 in
1032 2260 1099 2288 quas
1121 2252 1237 2287 conjecti
1259 2259 1321 2280 sunt
1341 2253 1436 2280 libera.
1453 2253 1535 2288 817
1556 2252 1687 2280 Permitte

901 2299 979 2326 lassis
1010 2304 1039 2325 ut
1062 2299 1188 2333 deinceps
1213 2299 1357 2333 respirent.
1385 2308 1394 2325 ε
1426 2299 1577 2326 Conscinde
1604 2299 1686 2326 etiam

901 2353 1007 2372 omnem
1031 2345 1155 2378 injustam
1181 2346 1361 2380 syngrapham
1381 2353 1388 2372 ε
1409 2355 1418 2371 ι
1440 2349 1469 2371 ut
1485 2345 1592 2380 opinor,
1614 2345 1685 2371 fene-

902 2392 1017 2418 rantium
1037 2391 1140 2418 libellos
1158 2393 1238 2422 dicit,
1253 2399 1322 2426 saepe
1341 2391 1506 2425 compositos
1523 2399 1687 2419 coacervan-

902 2439 994 2465 darum
1020 2439 1194 2473 pecuniarum
1221 2445 1318 2470 causa,
1338 2445 1404 2472 quas
1430 2438 1499 2471 parit
1521 2438 1684 2473 syngrapha.

901 2483 967 2510 Cum
991 2491 1070 2515 vero,
1091 2483 1195 2517 inquit,
1212 2483 1246 2510 ab
1269 2482 1312 2509 liis
1338 2483 1517 2514 abstinueris,
1537 2488 1591 2510 tum
1615 2483 1685 2517 quod

901 2529 977 2556 deest
994 2536 1107 2564 appone,
1123 2528 1261 2562 nimirum,
1277 2533 1306 2555 ut
1322 2528 1426 2556 [ructus
1442 2529 1527 2555 boues
1545 2529 1685 2556 cltaritalis

898 2583 961 2609 erga
974 2575 1124 2609 proximum
1137 2575 1272 2608 prtel'eras.
1283 2574 1513 2608 Complemeutum
1524 2574 1595 2601 enim
1619 2574 1685 2609 legis

900 2621 1028 2654 t-ltaritas,
1042 2621 1119 2656 juxta
1141 2621 1165 2648 id
1187 2621 1257 2656 quod
1281 2621 1408 2655 scriptum
1431 2625 1474 2648 est
1487 2619 1519 2645 ⁸⁸.
1538 2620 1685 2648 Charitatis

901 2674 965 2694 vero
989 2667 1107 2702 impletin
1131 2675 1193 2702 erga
1213 2667 1310 2694 fratres
1333 2671 1360 2694 et
1378 2665 1469 2694 causae
1496 2666 1686 2693 misericordia

901 2720 960 2747 qua:
977 2713 1046 2746 apud
1061 2711 1146 2739 Deum
1166 2713 1191 2739 in
1211 2713 1297 2747 pretio
1314 2712 1404 2739 habita
1422 2717 1473 2745 cst,
1491 2710 1686 2738 demonstratio

902 2763 942 2784 est
969 2766 976 2784 :
1004 2758 1132 2785 esurienti
1162 2765 1257 2791 panem
1289 2757 1428 2792 frangere,
1453 2762 1585 2791 pauperes
1614 2759 1686 2783 tecto
