1883 3054
63 197 134 226 1289

637 199 670 226 IN
687 199 804 228 iSAlAM
825 200 889 228 LlB.
914 200 945 227 V.
968 199 1087 228 TOMUS
1104 195 1147 226 IV.

1631 199 1639 226 1
1646 199 1697 227 9.90

61 254 214 289 ἀμεινόνων
231 255 441 293 ἀντεισδρομήν.
460 257 589 292 Ψυχικῶν
604 257 658 293 γὰρ
672 259 845 295 ἀρῤωστημά

936 266 1007 286 arum
1024 258 1171 286 successio.
1199 257 1265 284 Natu
1280 265 1340 284 eum
1356 258 1454 292 aliquis
1469 257 1502 284 ab
1524 258 1607 285 animi
1624 266 1697 285 tuor-

60 298 116 326 των
133 301 197 327 ὅταν
211 301 415 338 ἁπαλλάττηταί
439 311 491 334 τις,
516 303 722 338 καρποφορήσει
746 303 853 334 πάντως

59 346 111 381 τὴν
128 347 169 377 εἰς
183 347 255 374 ἇπαν
265 348 354 374 ὁτιοῦν
367 348 422 375 τῶν
436 348 546 383 ἀγαθῶν
560 348 652 383 ἔφεσιν
666 357 696 375 τε
720 350 766 375 καὶ
786 357 853 384 προ-

60 392 271 428 θυμίαν.Φωτὺς
281 392 327 421 οὖν
338 396 366 421 ὲν
380 396 446 430 ἡμῖν
459 395 657 430 διαυγάσαντος
671 396 718 422 τοῦ
731 395 804 422 θείου
824 403 852 421 τε

59 438 110 464 καὶ
135 439 240 474 νοητοῦ,
261 440 449 467 ωνανατέ).λει
471 441 558 477 πάντη
574 449 603 468 τε
620 442 667 468 καὶ
682 442 791 473 πάντως
807 442 853 468 καὶ

58 483 95 510 τὰ
111 483 223 520 ίάματα,
238 486 306 512 Θεοῦ
322 486 466 522 μοτοῦντός
478 496 507 514 τε
523 489 596 523 ἡμᾶς
616 488 663 514 καὶ
672 488 853 523 ἀπονευροῦν-

57 537 107 561 τος
122 533 157 556 τά
177 530 260 566 πάθη,
278 532 325 558 καὶ
340 532 570 567 ἁντεισκρίνοντος
585 534 614 559 ὲν
628 533 693 568 ἡμῖν
713 532 743 559 τὸ
765 533 853 559 θέλειν

58 575 253 611 ἀγαθουργεῖν,
270 577 317 603 καὶ
328 577 488 613 διαπρέπειν
504 579 532 605 ὲν
542 578 709 614 δικαιοσύνῃ.
718 579 853 615 Ταύτῃτοί

58 631 155 657 φησιν,
175 623 214 649 ὒτι
235 632 244 649 ι
259 624 480 660 Προπορεύσεται
495 623 650 660 ἔμπροσθέν
663 625 736 660 σουὴ
751 625 853 652 δικαιο-

59 669 130 705 σύνη
161 679 219 697 σου.
245 680 254 696 ι
282 671 504 705 Προπορεύσεται
531 671 560 698 δὲ
582 671 853 707 προεξευμαρίζουσα

57 716 182 751 δηλονότι
203 717 252 753 τὴν
273 718 313 749 εἰς
326 718 468 744 εὑσέὗειαν
489 717 558 750 ὁδὸν,
578 718 625 745 καὶ
640 718 670 744 τὸ
684 719 770 754 τραχὺ
787 719 852 754 μεθ-

59 762 165 789 ιστῶσα
180 763 247 799 πρὸς
261 764 290 790 τὺ
301 764 372 791 λεῖόν
384 773 413 790 τε
441 764 488 791 καὶ
502 764 626 799 βάσιμον,
639 764 686 792 καὶ
700 764 730 792 τὸ
740 766 853 798 ἄναντες

58 809 264 845 καταφέρουσα,
279 811 325 837 καὶ
345 810 391 837 τὸν
406 810 449 845 ἐφ’
466 810 551 838 ἅπασι
567 812 622 843 τοῖς
639 812 760 847 ἀρίστοις
772 813 853 840 οἱονεὶ

59 855 266 883 κατευθύνουσα
279 856 388 892 δρόμον.
406 858 579 893 Προσεπάγει
598 857 627 884 δέ
641 867 668 884 τι
688 859 734 885 καὶ
748 858 851 895 ἕτερον.

63 911 72 926 ι
98 901 131 927 'H
147 900 203 937 γὰρ
214 902 276 935 δόξα
289 903 336 929 τοῦ
351 903 429 935 Θεοῦ,
443 903 522 938 φησὶ,
532 903 686 939 περιστελεί
699 912 740 935 σε,
754 914 762 929 ι
775 913 852 931 τουτ-

909 304 950 331 bis
967 305 1098 331 liberatus
1112 303 1204 336 fuerit,
1224 304 1317 338 utique
1338 304 1500 330 desiderium
1526 308 1551 330 et
1568 303 1695 331 alacrita-

909 355 961 377 tetn
979 350 1011 377 ad
1029 351 1121 377 omnia
1137 351 1206 377 bona
1220 349 1407 377 fructiﬂeabit.
1420 350 1514 384 ltaqtte
1524 351 1568 377 ubi
1580 350 1605 377 in
1620 351 1696 379 nobis

909 396 998 423 lumen
1020 396 1140 423 divinttm
1158 401 1185 423 et
1211 396 1262 424 sub
1280 396 1485 431 intelligentiam
1501 397 1602 424 cadens
1617 396 1695 423 etl‘ul-

909 442 976 468 serit
994 449 1001 470 ι
1018 442 1098 469 simul
1114 443 1195 469 etiam
1212 449 1324 476 prorsus
1339 442 1501 476 penitusque
1515 442 1639 469 orientur
1652 449 1696 468 sa-

909 488 1016 520 nitates,
1045 488 1099 515 Deo
1123 488 1251 516 medente
1273 488 1362 521 nobis,
1390 492 1417 514 et
1440 488 1513 515 vires
1542 495 1573 515 ac
1599 495 1697 515 nervos

907 534 983 568 quasi
1002 534 1235 569 perturbationum
1250 534 1377 568 elidente,
1393 539 1420 561 et
1446 538 1541 561 contra
1560 534 1697 561 inserente

908 580 985 607 nobis
1005 580 1182 612 voluntatem,
1199 585 1227 607 ttt
1238 581 1306 608 bene
1325 588 1453 615 agamus.
1473 585 1501 607 et
1522 579 1628 613 iustitia
1647 587 1696 607 ex—

908 624 1047 652 ccllamus.
1064 625 1131 653 liinc
1142 625 1210 654 dicit
1225 635 1231 653 :
1252 636 1261 652 ι
1292 626 1402 653 Praeibit
1420 626 1466 653 tibi
1484 625 1589 660 jtlsliliﬂ
1605 630 1660 652 tua.
1684 634 1693 649 ι

907 669 1018 698 Prmibit
1031 676 1133 705 autem,
1146 672 1277 707 lmvigans
1293 672 1399 700 scilicet
1410 672 1495 708 819
1510 677 1572 698 ante
1587 671 1697 706 pietatis

907 718 989 749 viam,
1004 722 1031 745 et
1048 725 1144 752 aspera
1174 718 1290 746 reddens
1312 719 1386 746 Levia
1416 724 1442 745 et
1456 719 1559 752 pervia,
1582 721 1608 744 ct
1624 718 1695 752 quod

907 766 1072 797 prteruptum
1091 767 1135 790 est
1156 763 1265 796 tollens,
1281 767 1308 791 et
1318 771 1427 791 cursum
1442 764 1474 790 ad
1491 763 1580 790 omnia
1594 763 1695 798 optima

907 809 979 837 velut
996 809 1173 845 patefaciens.
1190 810 1322 845 Adjungit
1341 810 1423 837 etiam
1447 810 1576 844 quiddam
1600 809 1672 836 aliud
1688 817 1695 835 :

913 865 922 881 ι
938 855 1030 883 Gloria
1049 856 1121 883 enim
1137 857 1194 888 Dei,
1213 857 1311 891 inquit,
1323 856 1503 884 circumdabit
1527 861 1563 888 te,
1582 865 1591 882 t
1606 856 1631 882 id
1645 861 1696 886 est.

907 901 999 936 cinget
1016 905 1053 935 te,
1071 906 1098 930 et
1117 906 1143 929 te
1161 903 1365 938 suspiciendum
1390 903 1496 935 reddet,
1516 907 1541 929 et
1570 906 1600 929 ut
1622 909 1696 929 corn-

58 947 129 979 ἐστι,
142 948 277 976 κυκλώσει
291 957 331 982 σε,
342 949 388 976 καὶ
401 946 569 976 ἀπόϐλεπτόν
580 958 608 976 σε
621 951 795 986 καταστήσει,
810 959 845 977 κα

937 955 989 975 une
1018 948 1056 975 sis
1088 949 1234 975 multorum
1262 949 1429 983 praesidium.
1460 948 1596 983 Splendor
1624 949 1695 976 enim

57 993 149 1020 κοινὸν
164 993 297 1030 ὠφέλημα
307 994 423 1026 πολλοῖς.
432 995 464 1022 'H
479 995 534 1032 γὰρ
546 995 600 1022 τῶν
611 996 696 1030 ἁγίων
708 996 853 1032 φαιδρότης

55 1038 165 1074 ὀνίνησι
178 1039 229 1075 μὲν
247 1040 278 1066 οὔ
301 1040 419 1076 μετρίως
435 1041 498 1073 τοὺς
513 1041 663 1077 ἐνορῶντας
681 1041 783 1074 αὐτοῖς.
799 1042 853 1069 Καὶ

54 1085 123 1119 γοῦν
134 1086 188 1123 ἔφη
200 1087 318 1123 Χριστὸς
329 1089 384 1119 τοῖς
399 1087 488 1122 ἁγίοις
502 1089 671 1121 ἀποστόλοις·
689 1099 698 1115 ι
712 1089 853 1124 Λαμψάτω

52 1132 84 1158 τὸ
105 1132 166 1167 φῶς
179 1132 257 1168 ὑμῶν
270 1132 425 1170 ἔμπροσθεν
439 1134 494 1161 τῶν
509 1134 672 1171 ἀνθρώπων,
685 1137 760 1169 ὅπως
777 1137 852 1164 ἴδωσι

52 1178 89 1205 τὰ
109 1178 183 1205 καλὰ
199 1178 267 1215 ἔργα
286 1179 372 1215 ὑμῶν,
385 1180 432 1207 καὶ
448 1180 578 1214 δοξάσωσι
593 1181 639 1208 τὸν
654 1182 764 1218 Πατέρα
775 1182 852 1219 ὑμῶν

53 1223 100 1250 τὸν
120 1224 153 1251 ἐν
167 1225 224 1256 τοῖς
238 1225 374 1260 οὐρανοῖς.
389 1235 399 1251 t
420 1226 525 1253 Οὐκοῦν
540 1227 658 1262 ἐσόμεθα
671 1228 792 1264 λαμπροὶ
804 1237 852 1255 πε-

54 1267 226 1304 ριφοιτώσης
248 1270 323 1304 ἡμᾶς
350 1271 396 1297 καὶ
420 1267 476 1297 οἷον
499 1271 687 1308 ὰμφιεννύσης
712 1272 762 1308 τῆς
775 1273 851 1308 παρὰ

52 1313 125 1340 Θεοῦ
137 1313 227 1349 δόξης,
237 1312 278 1347 οἷς
288 1315 321 1342 ἂν
331 1316 472 1352 χαρίσαιτο
481 1318 537 1349 τοῖς
548 1318 603 1354 [Ion
610 1317 671 1354 τῆς]
679 1319 851 1355 δικαιοσύνης

52 1359 237 1395 ἐπιμεληταῖς
247 1368 255 1376 ·
273 1360 375 1388 τούτων
389 1361 420 1397 δὴ
435 1360 482 1389 οὖν
497 1362 675 1398 ὑπαρξάντων
695 1372 747 1396 σοι,
771 1365 848 1400 φησὶ,

53 1406 146 1441 βοήοτι
159 1406 230 1437 τότε,
243 1406 289 1433 καὶ
304 1407 318 1433 ὁ
328 1407 394 1439 Θεδς
406 1408 596 1435 εἰσακούσεταί
613 1418 671 1442 σου,
684 1409 723 1436 ἔτι
738 1410 851 1437 λαλοῦν-

51 1452 101 1484 τός
114 1460 164 1478 σου
184 1453 251 1487 ὲρεῖ·
261 1452 326 1479 Ἰδοὺ
340 1453 464 1489 πάρειμι·
480 1465 487 1480 ι
502 1454 603 1490 Εὑχαῖς
615 1455 669 1491 γὰρ
678 1455 788 1483 δικαίων
802 1456 851 1483 ἐπ-

51 1498 163 1531 ακούει,
178 1508 187 1525 ι
206 1498 278 1526 κατὰ
291 1499 322 1526 τὺ
335 1499 538 1536 γεγραμμένον.
554 1501 611 1528 Καὶ
632 1501 702 1529 καθά
731 1511 813 1538 φησιν
836 1503 850 1529 ὁ

51 1543 194 1580 Μελῳδδς,
211 1554 221 1571 ι
232 1545 380 1581 Ὀςρϐαλμοὶ
395 1547 499 1582 Κυρίου
513 1547 559 1574 ἐπὶ
580 1547 710 1580 δικαίους,
728 1549 775 1575 καὶ
790 1545 847 1575 ὦτα

50 1590 139 1617 αὑτοῦ
156 1592 196 1623 εἰς
211 1591 302 1627 δέησιν
315 1592 414 1619 αὐτῶν.
433 1602 442 1618 t
469 1593 638 1620 Κατανεύσει
655 1594 706 1629 μὲν
721 1595 775 1631 γάρ
790 1596 846 1627 τοῖς

908 994 1148 1028 sanctorumjuvat
1158 995 1230 1022 haud
1244 995 1418 1023 mediocriter
1428 1002 1474 1022 eos
1484 996 1528 1029 qui
1544 996 1694 1022 intuentur.

909 1038 1051 1073 Siquidem
1066 1040 1191 1068 Christus
1205 1041 1273 1069 dixit
1285 1042 1387 1069 sanctis
1399 1042 1529 1077 apostolis
1546 1052 1552 1068 :
1572 1053 1581 1068 ι
1595 1042 1697 1070 Luccat

907 1084 952 1111 lux
968 1090 1056 1113 vestra
1074 1093 1166 1114 coram
1180 1087 1346 1120 hominibus,
1361 1093 1393 1114 ut
1404 1088 1514 1114 videant
1528 1088 1597 1114 bona
1613 1095 1695 1122 opera

907 1134 1007 1162 vestra,
1040 1134 1067 1158 et
1082 1131 1236 1165 gloriﬁcent
1264 1131 1373 1158 Patrem
1397 1135 1517 1158 vestrttm
1538 1131 1583 1165 qtti
1605 1136 1647 1158 est
1670 1131 1695 1157 in

906 1175 983 1203 caelis
993 1176 1026 1203 ιο.
1041 1186 1051 1203 ι
1071 1177 1179 1205 Erimus
1187 1185 1251 1213 ergo
1267 1177 1399 1211 illustres,
1415 1178 1553 1205 amlticnte
1570 1182 1597 1205 et
1614 1179 1693 1212 quasi

907 1223 1051 1250 atniciente
1070 1231 1119 1251 nos
1137 1224 1225 1251 divina
1239 1224 1339 1258 gloria,
1353 1232 1436 1259 quam
1449 1224 1495 1251 dat
1508 1224 1623 1258 justitim
1637 1224 1694 1251 cul-

908 1267 1091 1296 toribua.H:ec
1104 1269 1150 1296 ubi
1167 1268 1278 1302 fuerint,
1294 1270 1392 1305 inquit,
1409 1269 1607 1302 tibi,clamabis
1619 1275 1694 1301 tune,

906 1319 933 1342 et
952 1314 1023 1342 Deus
1044 1315 1173 1342 exaudiet
1197 1319 1242 1342 te:
1263 1315 1351 1343 adhuc
1384 1315 1511 1349 loquente
1542 1320 1578 1348 te,
1596 1315 1692 1342 dicet:

905 1360 973 1388 Ecce
986 1361 1090 1388 adsum.
1103 1369 1112 1386 ι
1127 1360 1270 1388 Orationes
1285 1361 1356 1388 enim
1368 1360 1502 1395 justoruttt
1513 1361 1691 1393 exauditW,»

902 1406 978 1440 juxta
999 1406 1024 1433 id
1037 1407 1109 1441 quati
1127 1408 1257 1441 scriptum
1271 1412 1325 1440 est,
1341 1412 1366 1434 cl
1382 1408 1461 1435 sicuti
1477 1407 1582 1434 Psaltes
1605 1408 1669 1434 dicit
1685 1416 1692 1434 :

907 1462 916 1479 ι
938 1453 1013 1480 Oculi
1036 1453 1144 1481 Domini
1160 1461 1241 1489 super
1252 1454 1351 1488 justus,
1367 1459 1394 1481 et
1413 1461 1494 1481 aures
1515 1454 1574 1487 ejus
1587 1454 1613 1480 in
1633 1461 1694 1488 pri--

906 1499 1043 1527 cationem
1051 1507 1146 1527 eorum
1156 1500 1190 1526 δ’.
1211 1510 1219 1526 ι
1236 1500 1335 1527 Annuit
1347 1500 1418 1528 cnim
1433 1500 1635 1535 petentibus,ut
1649 1500 1694 1526 lm-

904 1553 966 1580 nus,
985 1546 1032 1574 sed
1050 1553 1102 1573 non
1124 1546 1216 1574 statim
1242 1546 1367 1574 omnibus
1394 1555 1402 1573 :
1425 1546 1471 1574 sed
1498 1546 1692 1574 excellentibus

901 1592 1006 1628 justitia
1025 1592 1126 1627 absque
1153 1593 1227 1619 omni
1255 1600 1330 1620 mora
1346 1592 1479 1627 postulata
1497 1593 1633 1624 concedit,
1645 1600 1691 1619 au-

51 1636 179 1663 αἰτοῦσιν
203 1637 241 1669 ὡς
266 1637 382 1672 ἀγαθὸς,
401 1638 459 1665 ἀλλ’
479 1640 528 1674 οὐχ
554 1640 640 1667 ἅπασι
666 1641 845 1677 παραχρῆμα.

936 1646 1001 1674 sque
1018 1639 1119 1674 prmbet
1136 1638 1189 1666 illis
1208 1639 1441 1673 promptissimas,
1472 1638 1507 1665 ita
1525 1644 1553 1665 ttt
1581 1638 1607 1665 in
1636 1638 1693 1666 sitt-

51 1680 118 1713 Τοῖς
135 1689 168 1715 γε
193 1682 246 1717 μὴν
268 1682 450 1718 διαπρέψασιν
465 1685 492 1710 ἐν
507 1684 675 1722 δικαιοσύνῃ,
693 1686 848 1722 μελλησμοῦ

50 1726 116 1762 δίχα
141 1727 241 1759 παντὸς
263 1728 354 1764 ὀρέγει
377 1729 411 1755 τὰ
435 1730 583 1766 αἰτήματα,
608 1732 654 1758 καὶ
672 1732 849 1768 ἑτοιμοτάτην

50 1774 148 1805 αὐτοῖς
162 1774 256 1809 ὑπέχει
272 1774 321 1811 τὴν
335 1777 430 1812 ἀκοὴν,
448 1777 519 1803 ὥστε
540 1778 587 1804 καὶ
607 1778 650 1812 ἐφ’
668 1778 776 1814 ἑκάστῳ
794 1779 849 1805 τῶν

50 1820 216 1855 αττημάτων
242 1822 386 1857 χαίροντας
411 1823 511 1858 λέγειν·
541 1834 550 1849 ι
569 1824 704 1851 Ἤκουσεν
727 1825 759 1850 ἐκ
784 1824 848 1851 ναοῦ

50 1865 134 1899 ἁγίου
150 1865 232 1894 αὑτοῦ
256 1868 347 1903 φωνῆς
362 1877 425 1904 μου,
441 1870 488 1896 καὶ
508 1871 525 1906 ἡ
542 1870 648 1906 κραυγή
669 1879 719 1906 μου
735 1869 848 1897 ἐνώπιον

49 1912 138 1939 αὐτοῦ
155 1913 339 1941 εἰσελεύσεται
362 1915 402 1947 εἰς
425 1915 459 1942 τὰ
481 1912 538 1942 ὦτα
559 1915 653 1943 αὑτοῦ.
670 1926 679 1941 t
698 1916 802 1943 Οὐκοῦν
818 1916 848 1943 τὺ

904 1684 974 1719 gulis
997 1685 1171 1720 petitionibus
1189 1685 1338 1720 gaudentes
1362 1685 1472 1712 dicant:
1492 1693 1502 1709 ι
1519 1684 1631 1711 Audivit
1659 1684 1694 1711 de

905 1730 1005 1765 templo
1022 1736 1117 1757 sancto
1129 1737 1179 1757 suo
1192 1734 1287 1757 vocent
1308 1737 1407 1760 nteant.
1436 1734 1463 1756 et
1487 1729 1592 1756 clamor
1616 1736 1694 1755 meus

903 1777 1058 1811 coramipso
1069 1775 1312 1813 penetrabitaures
1322 1777 1380 1808 eius
1392 1776 1425 1802 ".
1434 1784 1443 1801 ν
1460 1775 1593 1802 Maturam
1609 1774 1692 1809 igitur

903 1823 1117 1850 muniﬁcentiam
1140 1827 1168 1849 et
1191 1822 1433 1857 prontptitudinem
1458 1821 1547 1848 dantis
1574 1822 1619 1848 Dei
1646 1822 1694 1847 de-

903 1868 990 1896 clarat
1005 1868 1070 1895 illud
1097 1876 1104 1894 :
1128 1868 1200 1895 Ecce
1229 1868 1324 1894 adsum
1340 1887 1347 1899 ,
1372 1867 1481 1894 interim
1495 1867 1559 1893 dum
1574 1866 1693 1901 loquitur

899 1915 1001 1950 justus,
1019 1919 1047 1943 et
1060 1922 1155 1949 preces
1170 1914 1294 1941 intendit.

50 1959 237 1995 ἀνυπέρθετον
251 1961 301 1996 τῆς
316 1962 479 1997 φιλοτιμίας,
495 1964 542 1990 καὶ
557 1964 587 1990 τὸ
601 1963 661 1991 λίαν
690 1964 799 2000 ἕτοιμον
831 1963 877 1991 τοῦ
895 1962 1011 1994 διδόντος
1033 1961 1101 1989 Θεοῦ
1114 1961 1279 1997 παρίστησιν
1295 1960 1417 1996 ἐναργῶς
1429 1961 1470 1995 τὸ,
1486 1961 1550 1987 ’1δοῦ
1566 1960 1691 1995 πάρειμι,

50 2007 184 2043 βοᾷν,⁷ἓτι
197 2008 340 2041 λαλοῦντος
353 2009 468 2041 δικαίου,
483 2011 668 2043 ἁνατείνοντός
689 2020 717 2037 τε
739 2011 788 2043 τὰς
803 2010 887 2041 λιτάς.

94 2054 167 2080 Ἐὰν
182 2054 296 2089 ἀφέλῃς
310 2055 369 2082 ἀπὸ
381 2056 439 2083 σοῦ
454 2057 638 2092 σύνδεσμον,
653 2057 702 2084 καὶ
717 2066 847 2092 χειροτο-

49 2100 134 2132 νίαν,
152 2100 199 2126 καὶ
209 2099 293 2135 ῥῆμα
309 2102 492 2137 γογγυσμοῦ,
508 2103 558 2130 καὶ
573 2103 632 2137 δῷς
644 2104 782 2131 πεινῶντι
794 2104 847 2130 τὸν

49 2146 146 2181 ἄρτον
173 2154 231 2175 σου
249 2147 298 2183 (1),
322 2149 370 2175 καὶ
391 2149 498 2184 ψυχὴν
516 2151 772 2185 τεταπεινωμένην
795 2151 845 2186 ἑμ-

48 2193 188 2227 πλήσῃς,
203 2195 269 2221 τότε
282 2195 421 2222 ἀνατελεῖ
435 2196 469 2222 ἐν
485 2195 524 2228 τῷ
538 2197 640 2223 σκότει
652 2197 684 2223 τὸ
696 2197 757 2231 φῶς
776 2204 845 2228 σου,

48 2239 109 2296 :al)
128 2240 160 2266 τὸ
184 2241 295 2273 σκότος
314 2249 372 2276 σου
393 2242 427 2268 ἐν
445 2244 625 2277 μεσημϐρίᾳ,
649 2243 698 2269 καὶ
719 2244 805 2270 ἔσται
830 2245 846 2270 ό
862 2269 883 2296 D

50 2286 126 2318 Θεός
143 2295 202 2313 σου
216 2288 291 2322 μετὰ
310 2288 367 2315 σοῦ
384 2288 558 2322 διαπαντός.

86 2331 130 2358 Τὰ
141 2332 195 2359 τῶν
208 2333 376 2369 μαθημάτων
389 2335 514 2372 ἐξαίρετα
529 2335 579 2362 κᾶν
591 2336 719 2368 πολλάκις
733 2336 844 2372 λέγηταί

48 2385 135 2408 τισιν,
155 2377 213 2403 ἀλλ’
230 2377 277 2405 οὖν
299 2379 355 2413 ἔχει
377 2380 407 2406 τὸ
432 2380 603 2416 ὀνησιφόρον.
618 2381 721 2417 Γράφει
747 2381 813 2416 γοῦν
832 2383 846 2408 ὁ

50 2423 192 2458 πάνσοφος
204 2424 310 2456 Παῦλος
320 2426 376 2457 τοῖς
388 2425 421 2452 δι’
430 2425 516 2452 αὑτοῦ
524 2426 694 2453 πιστεύσασι·
707 2436 716 2452 t
727 2426 767 2453 Τὰ
778 2427 847 2453 αὐτὰ

50 2469 141 2503 Αέγειν
153 2470 227 2505 ὑμῖν,
240 2471 301 2506 ἐμοὶ
316 2472 364 2507 μὲν
379 2473 428 2499 οὐκ
441 2473 566 2509 ὀκνηρὸν,
579 2473 642 2509 ὑμῖν
654 2474 682 2500 δὲ
693 2473 821 2508 ἀσφαλές.
836 2485 845 2499 ο

49 2515 157 2542 Οὐκοῦν
171 2517 349 2553 πολυτρόπως
363 2518 406 2545 διὰ
423 2519 475 2546 τῶν
490 2519 579 2546 αὐτῶν
595 2521 659 2556 ἡμῖν
674 2520 783 2556 ἔρχεται
798 2520 842 2546 λέ-

48 2570 107 2595 γων
124 2563 172 2588 καὶ
193 2563 243 2595 τὰς
258 2563 309 2598 τῆς
330 2564 531 2599 εὐδοκιμήσεως
546 2565 622 2597 ὁδοὺς
638 2566 762 2601 ἐναργεῖς
777 2565 843 2592 καϐ-

50 2608 138 2641 ιστὰς,
155 2610 203 2635 καὶ
229 2609 283 2636 τῶν
302 2610 488 2647 δοθησομένων
513 2613 569 2644 τοῖς
593 2612 681 2646 ἁγίοις
694 2612 783 2648 γερῶν
796 2612 845 2648 τὴν

49 2654 220 2691 φαιδρότητα
237 2656 426 2692 διηγούμενος,
444 2658 487 2685 ἵνα
506 2659 552 2684 καὶ
574 2659 613 2685 ἔτι
631 2658 761 2693 μειζόνως
778 2668 845 2694 προ-

49 2700 218 2736 θυμοτέρους
233 2702 383 2738 ἐργάσηται
397 2703 465 2738 πρὸς
474 2704 504 2730 τὸ
516 2703 623 2730 ἑλέσθαι
637 2704 703 2740 δρᾷν
717 2704 751 2731 τὰ
762 2705 794 2731 δι’
807 2700 844 2731 ὧν

49 2746 81 2772 ἂν
99 2747 220 2781 γένοιντο
238 2749 340 2782 σεπτοὶ,
356 2749 403 2775 καὶ
425 2749 474 2785 τὴν
497 2748 598 2776 ἄνωθεν
621 2750 667 2776 καὶ
684 2750 747 2782 παρ’
761 2749 843 2776 αὑτοῦ

83 2838 106 2855 ⁸⁸
126 2837 224 2865 Matth.
238 2845 264 2869 v,
280 2837 321 2864 16.
361 2836 392 2852 ‘°‘
406 2836 486 2865 Prov.
502 2837 601 2870 “,29.
641 2837 661 2852 “
678 2837 749 2865 Psal.
772 2845 868 2872 xxxttt,
888 2838 928 2865 16.
968 2838 990 2854 δ’
1008 2837 1078 2867 Psal.
1096 2846 1163 2872 xvtt,
1181 2839 1206 2865 7.

83 2917 119 2949 (Η
135 2916 221 2948 LXX,
239 2916 366 2951 ἄρτον
378 2915 427 2950 τῆς
440 2915 528 2951 ψυχῆς
544 2925 600 2943 σου.

210 2963 349 2993 Ρηιιυι.
372 2963 431 2993 Gtt.
452 2963 497 2993 LX
509 2964 547 2993 Χ.

939 2054 1019 2083 Vatis.
1037 2054 1110 2088 9,10.
1126 2054 1155 2082 Si
1177 2054 1316 2081 abstulerit
1345 2053 1391 2080 ab:
1409 2058 1433 2081 te
1448 2053 1650 2088 colligationem,
1668 2060 1691 2082 et

900 2103 1057 2137 att/fragium
1073 2122 1080 2134 ,
1102 2107 1126 2128 et
1143 2102 1249 2128 verbum
1277 2102 1495 2127 murnmruliouis
1510 2120 1517 2131 ,
1530 2105 1555 2127 et
1587 2100 1690 2127 dederis

901 2150 1024 2177 esurienti
1040 2153 1230 2183 panemtuum,
1248 2153 1271 2174 et
1293 2148 1409 2174 animam
1426 2147 1593 2174 ltumilialam
1613 2154 1688 2174 salu-

901 2197 1012 2227 rnvcrt's;
1026 2201 1087 2222 tum:
1102 2196 1202 2222 orietur
1217 2194 1244 2220 in
1257 2194 1371 2220 tenebris
1383 2193 1472 2220 lumen
1486 2198 1572 2225 tuum,
1599 2198 1622 2220 et
1649 2198 1686 2218 lc-

901 2244 987 2271 ncbra:
1010 2248 1062 2269 tum
1090 2246 1165 2269 erunt
1184 2241 1252 2267 relut
1271 2239 1393 2266 meridies
1408 2244 1453 2267 :et
1466 2240 1517 2266 erit
1534 2239 1603 2266 Deus
1629 2244 1690 2266 Iutis

898 2295 981 2317 tecum
996 2297 1106 2324 semper.

934 2334 1047 2370 Egregia
1070 2338 1202 2369 praecepta
1232 2338 1259 2360 et
1284 2334 1457 2365 documenta,
1482 2331 1590 2359 etiatnsi
1615 2338 1686 2364 σίνερε

899 2382 1026 2410 dicantur
1040 2381 1186 2416 aliquibus,
1206 2381 1306 2408 habent
1322 2385 1412 2407 tamen
1430 2378 1587 2406 utilitatem.
1612 2376 1688 2404 Scri-

901 2428 941 2456 bit
971 2429 1104 2463 siqttidetn
1131 2428 1230 2456 Paulus
1257 2427 1477 2462 sapientissimus
1504 2425 1546 2452 bis
1573 2423 1618 2458 qui
1640 2430 1688 2456 per

902 2474 989 2508 ipsum
1008 2474 1182 2501 crediderunt
1198 2481 1204 2499 ι
1223 2483 1231 2499 ι
1249 2473 1349 2500 Eadem
1364 2471 1484 2500 scribere
1505 2469 1599 2501 vobis,
1620 2468 1685 2495 tttihi

899 2520 1007 2554 quidem
1032 2527 1085 2546 non
1107 2520 1274 2554 molestum,
1303 2520 1379 2548 vobis
1399 2524 1489 2545 atttem
1514 2522 1600 2544 tutum
1616 2516 1649 2543 ".
1675 2525 1684 2541 ι

898 2565 1083 2600 Mnltipltciter
1098 2565 1191 2600 itaque
1204 2567 1236 2593 ad
1253 2566 1376 2593 eamdem
1393 2563 1509 2592 recurrit
1523 2562 1685 2594 orationem,

898 2612 960 2639 dum
976 2619 1047 2638 verte
1061 2611 1149 2639 laudis
1167 2612 1225 2639 vias
1246 2613 1343 2646 aperit,
1363 2616 1390 2639 et
1409 2611 1560 2638 dandorum
1585 2608 1687 2636 sanctis

897 2657 1068 2692 praemiorum
1084 2658 1255 2692 splendorem
1273 2661 1384 2684 enarrat
1406 2666 1412 2683 ε
1431 2664 1483 2691 quo
1499 2655 1588 2682 adhuc
1615 2654 1684 2680 int-i-

896 2703 1009 2730 latiores
1035 2702 1131 2730 reddat
1151 2709 1198 2730 eos
1221 2702 1254 2729 ad
1283 2702 1436 2729 faciendum
1464 2701 1524 2733 illa,
1550 2700 1633 2735 820
1652 2706 1685 2726 ex

896 2749 993 2784 quibus
1009 2748 1110 2783 suspici
1129 2752 1156 2776 et
1176 2748 1202 2775 in
1215 2747 1389 2776 veneratione
1408 2747 1501 2774 haberi
1517 2747 1621 2781 p0.~sittt
1634 2765 1641 2778 ,
1660 2749 1686 2772 et

1248 2839 1269 2855 ⁸³
1286 2837 1383 2873 Philip.
1405 2845 1447 2869 ιιι,
1466 2838 1489 2864 l.

1487 2959 1522 2989 41
