1893 3052
197 169 261 197 1291
709 168 736 194 S.
758 166 894 195 Cl’llll.”
915 163 1031 193 ALICXA

195 235 338 262 supernam
359 233 439 262 atquc
465 228 496 254 ab
526 234 557 254 eo
579 231 768 260 assequuntur.
786 224 903 252 l‘roindc
916 244 923 255 .
937 223 978 249 in-
997 224 1018 252 Α

196 275 255 309 quit
273 282 280 300 :
302 283 311 299 ι
330 274 357 301 Si
372 273 515 300 abstuleris
530 273 579 299 abs
598 277 624 300 te
648 272 847 307 colligationem
874 275 901 297 et
929 269 986 296 sul-

197 319 339 354 lragium.)
361 318 570 354 Colligationem
585 324 630 352 ,ut
653 318 790 349 arbitror,
818 316 892 348 dicit,
918 323 985 350 gcn-

198 368 263 394 tium
283 365 497 401 improbitatem,
517 366 662 393 ruditatcm
679 370 706 392 et
724 363 909 392 contentionis
927 367 985 391 slu-

197 414 271 440 dium
285 433 293 445 ,
307 417 335 440 et
353 412 428 439 velut
445 420 530 440 nexus
553 412 694 439 turbarum
713 411 738 438 in
760 410 865 445 aliquos
883 414 984 442 texere,

196 467 228 487 ac
247 453 529 493 negotia‘cxbibere,
558 463 586 485 et
612 458 783 492 obliqnorum
812 456 984 483 inventorum

196 506 361 540 quaestiones
376 512 496 538 movere,
509 510 538 531 ut
555 505 661 537 aliquos
676 504 823 538 illaqueent
838 503 984 533 interdum.

197 557 224 580 ct
250 553 275 579 iu
300 552 470 579 inevitabiles
490 551 677 586 angustiarum
707 552 801 586 plagas
826 550 984 577 immittam.

197 599 311 634 Oportet
326 600 398 626 enim
412 598 562 633 simplicem
576 605 636 626 esse
651 602 677 625 et
691 601 814 633 apertum
836 596 984 627 hominem,

198 645 331 680 siquidem
350 645 417 672 velit
436 652 450 671 a
472 645 527 672 Deo
541 644 652 678 respici,
674 648 700 670 et
715 642 773 677 ejus
795 643 863 670 dona
881 649 984 669 concu-

197 691 313 726 piscere.
345 690 510 726 Sull‘ragium
528 691 603 723 dicit,
630 690 766 724 corrumpi
785 689 941 717 muneribus
960 693 986 715 et

198 738 287 773 turpia
303 738 377 765 lucra
399 742 537 770 expetere.
558 737 680 764 Dicimus
706 736 779 764 enim
800 735 936 763 interdum
953 735 986 761 de

198 782 346 816 nonnullis,
363 783 395 810 ad
409 782 597 817 acciplendum
626 782 728 809 habere
758 789 866 808 manum
892 785 987 808 exten-

199 836 268 861 sam,
283 833 311 856 et
335 829 368 855 de
381 828 557 856 renuentibus
574 828 693 855 sordium
711 834 803 861 causa,
818 827 919 854 habere
938 833 986 854 eos

198 878 368 901 contractam
387 881 506 901 manum.
526 874 632 901 Dictum
648 876 691 900 est
719 873 803 900 etiatn
827 873 859 899 de
875 872 917 900 bis
940 871 985 907 qui

198 919 317 948 Iudaicae
330 920 479 955 Synagogaz
495 919 614 955 praefecti
632 924 710 947 erant
726 929 732 947 :
756 929 766 945 ι
783 919 907 947 Prmfectl
931 919 988 953 ejus

199 968 233 995 ob
249 974 359 995 munera
374 967 544 1002 judicabant,
563 971 590 994 et
602 967 755 995 sacerdotes
767 966 826 1001 ejus
840 966 874 994 ob
889 973 986 1001 argen—

200 1019 255 1041 tum
269 1013 490 1040 vaticinabantur
508 1012 543 1046 ⁸⁵,
559 1022 568 1039 ι
597 1018 625 1040 ct
643 1013 714 1047 quod
740 1013 805 1040 socii
828 1012 916 1041 furum
940 1019 987 1040 ex-

199 1060 331 1092 stiterittl,
359 1059 499 1095 diligentes
513 1060 594 1092 dona,
618 1063 812 1095 persequentes
834 1059 984 1092 praemium.

200 1106 326 1141 Dixitque
342 1106 448 1134 divinus
461 1105 618 1133 Habbacum
631 1113 637 1131 :
654 1104 822 1132 «Adversum
834 1110 877 1130 me
887 1103 987 1131 factum

199 1157 241 1182 est
257 1152 400 1187 judicium,
417 1156 443 1178 et
454 1151 538 1187 judex
559 1150 702 1185 accipit".
724 1159 733 1175 ι
753 1149 801 1177 Vel
813 1156 879 1183 ergo
890 1155 986 1176 nomen

200 1199 277 1231 illud,
294 1197 460 1234 χειροτονία,
477 1197 547 1224 dona
565 1203 663 1231 capere
678 1195 813 1230 signiﬁcat
828 1202 834 1220 :
855 1195 926 1229 quod
945 1194 989 1221 hic

200 1246 310 1273 auferre
328 1251 359 1271 ac
372 1250 511 1271 removere
535 1242 613 1277 jubet
641 1250 648 1268 :
669 1243 710 1269 vel
735 1241 788 1269 alio
810 1241 891 1269 modo
915 1241 989 1268 vices

201 1291 349 1326 rependere
363 1294 449 1323 notat,
466 1294 493 1317 et
505 1289 605 1315 tnalum
620 1287 690 1315 malo
711 1295 836 1322 pensare.
864 1286 902 1314 De
925 1285 987 1321 qui-

199 1337 314 1364 busdam
331 1336 457 1363 nitnirum
474 1335 542 1363 dixit
553 1334 733 1363 Psalmodus:
749 1342 759 1360 ι
774 1333 903 1360 Extendit
930 1340 988 1360 uta-

201 1391 264 1410 uttm
288 1389 365 1409 suam
392 1383 425 1409 ad
456 1380 660 1408 retribueudum
684 1379 717 1407 “.
756 1387 766 1405 ι
796 1378 877 1406 Addit
895 1384 959 1405 vero
980 1385 988 1405 :

202 1429 431 1456 «Profanaverunt
441 1431 629 1460 testamentum
637 1426 746 1462 cjus“'.
754 1425 870 1460 illaque,
882 1430 913 1453 ut
922 1425 987 1457 dixi,

201 1483 298 1502 manus
309 1473 435 1502 extensio
453 1472 612 1509 signiﬁcare
635 1476 726 1507 potest
746 1471 885 1505 talionem,
906 1478 988 1506 quam

202 1522 288 1549 reddit
313 1521 458 1556 quispiam,
484 1526 541 1551 eos,
558 1519 603 1554 qui
633 1518 737 1553 aliquid
763 1517 913 1546 intulerunt
930 1524 988 1545 mo-

201 1568 288 1595 lestiae
300 1567 444 1598 ulciscens,
463 1570 489 1592 et
505 1565 546 1592 bis
561 1564 608 1599 qui
626 1563 798 1591 oll'euderunt
824 1563 892 1590 iratn
912 1569 988 1598 rege-

203 1622 275 1641 rcns.
298 1612 468 1640 Meminimus
476 1612 558 1639 etiam
575 1611 662 1646 ipsum
679 1609 862 1637 Servatorem
878 1610 989 1638 dicere:

204 1669 213 1685 ι
235 1660 263 1687 Si
275 1659 336 1694 quis
356 1658 461 1693 alapam
477 1657 524 1685 tibi
541 1657 683 1694 impegerit
699 1656 726 1684 in
739 1656 883 1685 dexteram
896 1656 992 1684 maxil-

203 1707 276 1738 lam,
304 1705 415 1733 obverte
438 1704 476 1732 illi
510 1708 538 1732 et
558 1703 671 1732 alteratn
683 1703 716 1731 ".
740 1712 750 1729 ι
778 1702 992 1730 Mansuetudinis

202 1752 275 1780 enim
289 1755 317 1779 et
328 1750 473 1778 vacuitatis
497 1749 545 1777 ira
566 1756 701 1777 summum
730 1752 771 1775 est
788 1752 990 1784 argumentum,

202 1805 281 1833 pOsse
306 1797 361 1824 vim
373 1804 450 1831 atquo
469 1796 561 1824 animo
577 1795 659 1826 ferre,
679 1800 708 1821 et
730 1801 783 1822 non
807 1793 900 1821 ulcisci
914 1800 963 1821 eos
977 1801 991 1820 a

202 1845 300 1879 quibus
315 1843 369 1871 laesi
386 1849 490 1876 sumus,
508 1841 554 1869 sed
572 1841 684 1875 injurias
698 1841 789 1875 potius
811 1847 906 1867 eorum
922 1839 991 1867 obli-

203 1891 280 1918 visci.
298 1890 360 1917 Vult
383 1889 464 1916 etiam
491 1887 600 1915 auferre
623 1887 735 1915 verbum
760 1885 991 1921 obmurmuratio-

203 1939 255 1965 nis.
272 1936 325 1964 Nos
337 1936 408 1964 enim
425 1935 505 1963 hilari
521 1939 549 1962 et
563 1934 647 1961 alacri
661 1933 755 1961 animo
769 1932 867 1967 subiici
882 1936 994 1967 oportet

203 1983 301 2009 divinis
319 1981 431 2016 legibus,
460 1983 488 2007 et
510 1978 618 2006 eximiae
645 1977 848 2006 conversationi
880 1976 991 2004 omnino

204 2037 256 2055 non
279 2027 438 2058 reclamare.
462 2030 510 2052 aut
533 2025 627 2060 jugum
644 2024 722 2059 quasi
752 2028 904 2055 excutere,
931 2030 991 2050 cttnt

204 2081 282 2102 mens
293 2074 423 2108 devergat
437 2072 469 2099 ad
481 2071 659 2106 cupiditatem
691 2078 780 2098 rerum
802 2069 968 2097 deteriorum
983 2088 991 2102 ,

203 2124 230 2146 ct
249 2122 412 2153 voluptatem
442 2117 528 2152 magis
552 2116 641 2143 laudet
665 2123 746 2151 quam
775 2116 990 2152 temperantiam,

202 2164 284 2199 821
298 2167 326 2190 ct
346 2163 408 2189 vitae
422 2161 582 2189 veneranda:
606 2161 756 2188 mundanas
782 2161 893 2188 delicias
915 2165 992 2188 ante-

203 2216 297 2246 ponat.
313 2209 390 2243 Quod
410 2208 568 2235 iactitarunt
583 2207 722 2239 lsraelitte,
732 2214 794 2234 cum
806 2206 870 2234 illud
881 2205 992 2241 profun-

204 2240 266 2283 dum
276 2240 417 2283 desertum
431 2254 639 2289 pertransirent.
654 2253 761 2281 Etenim
771 2253 825 2281 Deo
836 2253 888 2280 illis
900 2253 992 2281 demit-
1008 2240 1030 2269 Β

204 2306 278 2330 tente
295 2308 406 2335 manna,
427 2301 460 2327 ad
487 2301 609 2335 turpiora
629 2299 807 2332 inclinabant,
837 2300 960 2327 dicentes
981 2307 989 2326 :

204 2358 214 2375 ι
240 2348 348 2376 Utinam
369 2347 518 2375 fuissemus
532 2348 630 2375 mortui
645 2347 767 2382 percussi
783 2355 799 2374 a
824 2345 939 2374 Domino
963 2347 990 2373 in

204 2401 274 2423 terra
292 2393 413 2431 Egypti,
440 2394 550 2429 quando
567 2394 718 2422 assedimus
735 2393 795 2421 ollis
814 2393 948 2421 carnium.
964 2398 991 2420 et

201 2440 369 2469 comedimus
380 2447 465 2475 panes
475 2440 508 2467 ad
518 2440 731 2467 saturitatem“!
745 2449 754 2465 ι
768 2440 820 2467 Sed
833 2439 883 2467 hoc
895 2444 989 2466 contra

202 2487 286 2514 Deum
299 2493 423 2513 murmur
440 2485 491 2513 illis
503 2485 607 2512 creavit
620 2485 744 2512 exitium.
760 2484 903 2512 Perierunt
917 2485 988 2513 enim

201 2540 217 2559 a
249 2532 431 2567 serpentibus.
462 2531 532 2559 Hinc
561 2531 660 2559 Paulus
695 2532 916 2566 sapientissimus
948 2532 990 2558 iu-

201 2579 286 2614 quit:
308 2587 316 2604 ι
347 2577 436 2606 Nolite
458 2586 630 2606 murmurare
656 2578 736 2606 sicuti
761 2586 855 2606 eorum
880 2579 989 2613 quidam

201 2629 418 2657 murmurarunt,
434 2629 473 2655 ,el
500 2632 516 2652 a
548 2625 722 2660 serpentibus
745 2625 885 2659 perierunt
911 2624 943 2651 δ’.
977 2633 987 2649 ι

201 2671 293 2704 Quare
310 2670 390 2698 bilari
406 2670 497 2698 animo
516 2678 548 2698 ac
560 2675 684 2705 prompto
699 2671 825 2698 convenit
840 2670 929 2698 omnis
942 2678 989 2697 or-

200 2720 281 2744 natus
293 2721 320 2743 et
339 2715 481 2750 elegantiae
502 2717 654 2744 studiosutu
684 2724 745 2744 esse
760 2737 767 2748 ,
788 2721 869 2751 atque
891 2716 988 2744 eximia

200 2763 273 2791 facta
288 2767 427 2797 expetere.
446 2763 594 2798 Postquam
609 2768 698 2791 autem
718 2763 862 2791 abstuleris
876 2764 989 2790 verbum

202 2808 438 2841 murmurationis,
453 2808 475 2836 si
490 2809 537 2836 des
555 2816 651 2844 panem
667 2810 810 2841 esurienti,
832 2814 859 2836 ct
871 2809 988 2836 animam

209 2862 356 2908 “filioli.
371 2872 412 2908 ut,
431 2864 472 2891 ll.
524 2865 545 2880 "
564 2864 665 2894 llabac.
684 2874 701 2898 ι,
720 2866 746 2893 5.
799 2866 821 2881 ⁸⁶
835 2866 905 2894 l’sal.
923 2873 976 2899 LIV,
992 2866 1036 2894 2|.

237 2899 246 2926 Ι
260 2898 322 2927 Cor.
342 2906 368 2932 κ,
383 2901 409 2926 9.

1004 900 1024 926 Β

1003 1569 1023 1597 C

1034 165 1148 193 NDRINI
1169 169 1330 196 ARCHIEI’.

1034 223 1186 259 φιλοτιμίαν
1204 226 1371 262 εὑρήσουσιν.
1395 225 1509 258 Οὐκοῦν,
1528 237 1535 252 ι
1552 226 1615 253 Ἐὰν
1645 224 1762 260 ἀφέλῃς,
1784 232 1832 259 φη·

1767 168 1832 195 Ιὲθὶ

1038 270 1088 300 σιν,
1120 271 1173 297 ἀπὸ
1199 272 1243 298 σοῦ
1269 272 1426 307 σύνδεσμον,
1450 272 1497 298 καὶ
1520 272 1706 307 χειροτονίαν.
1743 280 1752 295 ι
1781 271 1834 296 Καὶ

1038 316 1185 352 σύνδεσμον
1209 318 1269 353 μὲν,
1292 318 1330 350 ὥς
1347 327 1379 353 γε
1402 316 1489 354 οἶμαι,
1509 318 1576 353 φησι
1601 318 1652 353 τὴν
1679 317 1735 344 τῶν
1752 316 1835 343 ἐθνῶν

1039 363 1198 399 μοχθηρίαν,
1216 364 1364 400 σκαιότητα
1387 373 1416 390 τε
1439 365 1486 391 καὶ
1508 364 1538 391 τὸ
1563 364 1729 399 φιλόνεικον,
1746 363 1793 389 καὶ
1807 362 1837 388 τῦ

1037 407 1091 436 οἷον
1107 410 1272 445 συνδέσμους
1286 405 1458 446 πραγμάτων
1476 410 1642 446 ἐργάζεσθαι
1657 410 1730 436 κατὰ
1745 417 1834 439 τινων,

1038 457 1084 483 καὶ
1100 456 1213 483 σκολιῶν
1228 458 1389 492 εὑρεμάτων
1403 458 1537 484 ποιεῖσθαι
1549 457 1688 493 ζητήσεις,
1701 456 1739 488 ὡς
1754 464 1836 482 κατα-

1037 503 1147 538 δεσμεῖν
1171 503 1285 530 ἐσθ’ὅτε
1305 503 1392 536 τινὰς,
1417 504 1465 530 καὶ
1489 503 1621 538 ἀφύκτοις
1646 502 1836 538 περιστάσεων

1037 549 1137 576 ἐνιέναι
1154 549 1271 585 βρόχοις.
1283 551 1329 576 Δεῖ
1342 550 1395 584 γὰρ
1410 550 1521 580 ἁπλοῦν,
1532 550 1579 576 καὶ
1591 546 1836 584 εὐπρόσιτον-εἶναι

1037 595 1081 622 τὸν
1104 595 1262 631 ἄνθρωπον,
1277 597 1356 632 εἴπερ
1378 597 1434 632 ἔχοι
1461 597 1561 623 σκοπὸν
1583 595 1737 633 ὲφορᾶσθαι
1760 594 1836 630 παρὰ

1037 640 1121 671 Θεοῦ,
1143 641 1188 667 καὶ
1212 641 1266 668 τῶν
1292 642 1357 677 παρ’
1372 641 1455 668 αὑτοῦ
1479 641 1620 676 γλίχεσθαι
1644 640 1834 676 χαρισμάτων.

1038 686 1210 722 Χειροτονίαν
1234 687 1262 714 δὲ
1285 688 1355 723 τάχα
1377 687 1428 715 πού
1453 697 1518 723 φησι
1533 689 1582 723 τὴν
1598 687 1776 723 δωροδοκίαν,
1790 686 1836 713 καὶ

1037 732 1067 757 τὸ
1082 732 1233 768 λημμάτων
1250 733 1371 770 αἰσχρῶν
1386 733 1521 768 ἐφίεσθαι,
1541 734 1631 768 φαμὲν
1646 734 1702 768 γὰρ
1722 732 1780 759 ἐσθ’
1792 732 1836 758 ὅτε

1038 777 1101 812 περί
1115 786 1205 811 τινων,
1219 779 1256 811 ὡς
1269 779 1297 805 δὲ
1311 780 1360 815 τὴν
1374 782 1453 817 χεῖρα
1470 781 1538 816 πρὸς
1559 781 1589 807 τὸ
1610 781 1704 807 λαϐεῖν
1720 782 1836 807 ἐκτετα-

1040 822 1123 858 μένην
1140 823 1206 858 ἔχει,
1225 825 1270 851 καὶ
1289 826 1353 861 περὶ
1370 826 1424 853 τῶν
1447 827 1650 861 ἀποσειομὲνων
1670 827 1836 861 αἰσχροκερ-

1037 867 1131 900 δείαις,
1146 870 1187 895 ὅτι
1205 871 1424 907 συνεσταλμένην
1439 871 1496 907 ἔχει
1511 872 1561 907 τὴν
1574 873 1664 907 χεῖρα.
1682 872 1799 907 Εἴρηται
1810 871 1837 897 δὲ

1040 916 1103 950 περὶ
1121 915 1175 942 τῶν
1192 917 1351 952 ἡγουμένων
1362 918 1412 953 τῆς
1430 918 1564 946 Ἰουδαίων
1580 919 1751 953 Συναγωγῆς
1761 927 1767 933 ·
1782 928 1791 944 ‹
1805 917 1836 945 Οἱ

1039 961 1183 996 ἡγούμενοι
1199 963 1283 999 αὐτῆς
1303 964 1372 999 μετὰ
1390 964 1484 1001 δώρων
1499 965 1616 1001 ἔκρινον,
1633 965 1681 992 καὶ
1705 966 1730 991 οἱ
1757 965 1838 1000 ἱερεῖς

1039 1007 1123 1042 αὐτῆς
1141 1009 1209 1043 μετὰ
1225 1009 1356 1046 ἀργυρίου
1368 1010 1558 1045 ἐμαντεύοντο,
1571 1021 1580 1036 ›
1595 1011 1642 1038 καὶ
1653 1012 1694 1037 ὅτι
1707 1010 1838 1045 γεγόνασι

1039 1054 1161 1080 κοινωνοὶ
1180 1054 1317 1088 κλεπτῶν,
1334 1056 1494 1091 ἀγαπῶντες
1510 1056 1596 1092 δῶρα,
1612 1056 1758 1088 διώκοντες
1774 1057 1837 1083 ἀντ-

1039 1100 1170 1136 απόδομα.
1194 1102 1266 1137 Ἔφη
1286 1101 1314 1128 δέ
1339 1110 1390 1128 που
1406 1103 1452 1129 καὶ
1464 1103 1478 1129 ὁ
1494 1103 1636 1136 θεσπέσιος
1659 1103 1819 1138 ’Λὸϐακοὺμ
1830 1112 1836 1118 ·

1042 1156 1051 1172 ι
1064 1147 1108 1180 Ἐξ
1120 1147 1243 1179 ἐναντίας
1262 1156 1312 1182 μου
1327 1148 1421 1182 γέγονε
1437 1148 1538 1184 κρίσις,
1556 1149 1604 1176 καὶ
1619 1151 1633 1176 ὁ
1653 1150 1754 1185 κριτὴς
1768 1149 1839 1184 λαμ-

1041 1192 1126 1219 ϐάνει.
1153 1202 1162 1218 ι
1200 1193 1305 1219 Οὐκοῦν
1330 1193 1345 1229 ἢ
1369 1193 1540 1229 δωροληψίας
1565 1195 1643 1222 ἔσται
1669 1195 1839 1231 σημαντικὶν

1040 1237 1168 1272 τοῦνομα,
1185 1238 1334 1269 τουτέστιν,
1351 1239 1367 1274 ἡ
1384 1240 1545 1275 χειροτονία,
1565 1239 1598 1275 ἣν
1609 1239 1643 1276 δὴ
1654 1241 1704 1267 καὶ
1716 1240 1838 1275 ἀφελεῖν,

1040 1282 1123 1317 ἠγουν
1151 1283 1304 1319 ἀποστῆσαι
1327 1285 1528 1320 ειτροστιὲτιιχεν⁸
1553 1286 1570 1321 ἢ
1593 1287 1641 1313 καὶ
1666 1286 1730 1313 καθ’
1746 1287 1839 1321 ἕτερον

1040 1329 1139 1365 τρόπον
1153 1330 1182 1356 τὸ
1197 1330 1401 1366 ἁνταμύνασθαι
1417 1332 1500 1367 δηλοῖ,
1516 1332 1564 1359 καὶ
1579 1332 1610 1360 τὸ
1630 1333 1839 1360 ἀνταποδιδόναι

1040 1377 1125 1403 κακὸν
1135 1377 1195 1404 ἀντὶ
1212 1377 1385 1414 κακοῦ.Ἐφη
1396 1378 1462 1413 γοῦν
1473 1380 1487 1405 ὁ
1498 1379 1651 1415 ¹Ιναλμῳδὺς
1669 1379 1736 1414 περί
1749 1388 1838 1408 τινων.

1041 1424 1081 1450 ὅτι
1099 1432 1108 1449 ι
1122 1423 1253 1456 Ἐξέτεινε
1268 1423 1316 1459 τὴν
1331 1425 1408 1459 χεῖρα
1422 1424 1505 1451 αὑτοῦ
1531 1424 1560 1451 ὲν
1581 1424 1620 1459 τῷ
1643 1425 1812 1452 ἀποδιδόναι.
1829 1435 1836 1450 ι

1041 1470 1212 1505 Προσεπάγει
1219 1470 1258 1503 δὲ,
1265 1470 1305 1496 ὅτι
1315 1479 1324 1495 ι
1331 1469 1518 1505 Ἐϐεόήλωσαν
1525 1470 1573 1505 τὴν
1583 1470 1719 1505 διαθήκην
1729 1470 1821 1497 αὑτοῦ.
1829 1482 1837 1497 ι

1041 1515 1145 1542 Οὐκοῦν
1161 1517 1177 1551 ὴ
1194 1515 1243 1551 τῆς
1265 1516 1356 1552 χειρὸς
1372 1517 1480 1548 Ezram;
1501 1518 1729 1553 κατασημὴνειεν
1747 1518 1791 1550 ἂν,
1806 1519 1838 1549 ὡς

1040 1562 1118 1597 ἔφην,
1132 1563 1179 1591 καὶ
1198 1563 1247 1598 τὴν
1272 1563 1459 1596 ἀνταπόδοσιν,
1484 1566 1516 1599 ἦν
1534 1565 1566 1591 ἄν
1589 1573 1630 1596 τις
1650 1566 1759 1591 ποιοῖτο
1782 1565 1838 1596 τοὺς

1043 1609 1183 1643 καταλυπή
1190 1618 1285 1641 nuta;
1296 1611 1473 1644 ἀμυνόμενος,
1484 1611 1530 1636 καί
1545 1612 1599 1642 τοῖς
1615 1610 1839 1646 προσκρούσασιν

1043 1654 1239 1688 ἁντεπαγαγὼν
1254 1656 1286 1681 τὰ
1303 1656 1331 1687 ἐξ
1345 1656 1440 1691 ὀργῆς.
1456 1656 1631 1692 Μεμνὴμεθα
1644 1656 1675 1683 δὲ
1692 1657 1744 1683 καὶ
1762 1656 1839 1684 αὑτοῦ

1042 1700 1089 1727 τοῦ
1108 1702 1230 1736 Σωτῆρος
1255 1703 1388 1735 λέγοντος,
1404 1703 1445 1729 ὅτι
1461 1712 1469 1727 ‹
1483 1704 1543 1730 Ἐάν
1560 1704 1600 1734 τίς
1627 1711 1658 1729 σε
1676 1704 1790 1739 ραπίσῃ
1805 1704 1840 1734 εἰς

1043 1746 1091 1782 τὴν
1107 1747 1195 1779 δεξιὰν
1213 1749 1331 1782 σιαγόνα,
1353 1749 1467 1784 στρέψον
1486 1750 1559 1785 αὐτῷ
1577 1750 1624 1776 καὶ
1646 1750 1699 1785 τὴν
1719 1750 1816 1784 ἄλλην.
1831 1760 1838 1775 ι

1044 1794 1199 1829 Πραότητος
1220 1796 1273 1830 γὰρ
1288 1795 1335 1821 καί
1348 1796 1496 1831 ἀοργησίας
1512 1798 1560 1831 τῆς
1580 1798 1620 1828 εἰς
1637 1796 1720 1831 λῆξιν
1736 1797 1841 1823 ἀπόδει-

1044 1839 1084 1872 ξις
1096 1840 1194 1874 γένοιτ’
1210 1841 1242 1868 ἂν
1255 1841 1285 1868 τὸ
1297 1841 1396 1868 εἰδέναι
1408 1841 1597 1877 διακαρτερεῖν
1613 1843 1643 1869 ἐν
1658 1843 1842 1876 πλεονεξίαις,

1044 1887 1090 1913 καὶ
1119 1887 1155 1922 μὴ
1184 1887 1387 1922 ἀπαμύνεσθαι
1418 1887 1506 1921 φιλεῖν
1532 1888 1596 1920 τοὺς
1620 1888 1820 1925 λελυπηκότας
1836 1908 1843 1920 ,

1043 1932 1239 1968 ἁμνησικὰκως
1267 1933 1295 1959 δὲ
1326 1933 1426 1968 μᾶλλον
1451 1934 1604 1961 διακεῖσθαι
1632 1935 1703 1971 περὶ
1735 1935 1843 1966 αὐτούς.

1050 1978 1170 2012 ’Δφελείν
1190 1978 1217 2005 δὲ
1243 1978 1366 2013 βούλεται
1390 1978 1457 2014 πρὸς
1478 1979 1565 2014 τούτῳ
1581 1980 1628 2006 καὶ
1646 1981 1767 2015 ῥήματα
1783 1989 1843 2014 γογ-

1043 2024 1159 2060 γυσμοῦ.
1176 2026 1221 2051 Δεῖ
1236 2025 1290 2060 γὰρ
1306 2026 1379 2060 ἡμᾶς
1402 2025 1487 2061 ἱλαρῷ
1509 2027 1666 2062 φρονήματι
1687 2028 1748 2059 τοῖς
1765 2028 1844 2059 θείοις

1044 2070 1204 2098 ὑποκεῖσθαι
1226 2071 1328 2107 νόμοις,
1346 2072 1394 2099 καὶ
1412 2072 1461 2108 τῆς
1476 2072 1618 2108 ὲξαιρέτου
1638 2074 1784 2106 πολιτείας
1798 2083 1843 2110 μη-

1043 2118 1138 2153 δεμίαν
1167 2117 1301 2145 ποιεῖσθαι
1333 2118 1487 2154 καταϐοὴν,
1517 2120 1660 2155 μονονουχὶ
1688 2120 1738 2147 τὸν
1764 2121 1842 2155 ζυγὸν

1044 2163 1274 2198 ἀποσειομένους,
1298 2163 1346 2191 καὶ
1379 2164 1598 2198 καταψοιτῶντος
1627 2165 1676 2191 τοῦ
1704 2165 1752 2192 νοῦ
1778 2166 1842 2201 πρὸς

1044 2209 1137 2243 ἔφεσιν
1155 2210 1205 2244 τὴν
1220 2209 1266 2236 ἐπί
1283 2218 1315 2244 γε
1331 2211 1388 2242 τοῖς
1402 2210 1516 2246 χείροσι,
1534 2211 1580 2237 καὶ
1597 2211 1761 2247 φιληδονίαν
1774 2212 1839 2246 μᾶλ-

1045 2254 1088 2281 λον
1106 2255 1280 2287 ἐπαινοῦντος
1311 2256 1326 2291 ἦ
1352 2256 1525 2291 ἐγκράτειαν,
1545 2257 1593 2284 καὶ
1614 2257 1666 2289 τὰς
1692 2259 1723 2284 ἐν
1748 2259 1840 2293 κόσμῳ

1044 2301 1147 2337 τρυφὰς
1172 2302 1366 2336 προτάττοντος
1388 2302 1434 2328 τοῦ
1456 2302 1576 2330 διαϐιοῦν
1592 2302 1707 2330 ἑλέσθαι
1725 2304 1838 2335 σεπτῶς.

1048 2348 1080 2373 Ὀ
1092 2347 1123 2382 δὴ
1139 2347 1185 2373 καὶ
1199 2347 1370 2382 πεπράχασιν
1381 2349 1406 2375 οἱ
1419 2348 1448 2381 ἐξ
1461 2349 1569 2384 Ἰσραὴλ
1579 2349 1631 2384 τὴν
1645 2349 1763 2384 βαθείαν
1774 2351 1840 2377 ὲκεί-

1044 2401 1092 2427 νην
1107 2393 1293 2428 διατρέχοντες
1307 2393 1418 2429 ἔρημον.
1433 2393 1580 2426 Καθιέντος
1594 2394 1650 2431 γὰρ
1663 2395 1714 2422 τοῦ
1733 2395 1801 2423 Θεοῦ
1812 2396 1840 2423 τὸ

1046 2439 1132 2474 μάννα
1147 2440 1247 2471 αὐτοῖς,
1262 2439 1310 2474 τὴν
1326 2440 1392 2475 πρὸς
1405 2440 1439 2467 τὰ
1454 2440 1550 2476 αἰσχίω
1566 2440 1654 2477 ῥοπὴν
1674 2441 1840 2477 είσεδέχοντο

1045 2485 1179 2525 λέγοντες,
1197 2496 1205 2510 ι
1226 2486 1339 2520 ’Ὄφελον
1355 2486 1535 2521 ἀπεθάνομεν,
1554 2486 1709 2522 πληγέντες
1721 2487 1776 2515 ὑπὸ
1786 2488 1838 2514 Κυ-

1046 2531 1103 2566 ρίου
1121 2532 1149 2558 ἐν
1163 2533 1196 2567 γῇ
1213 2533 1361 2566 Αἰγύπτου,
1371 2533 1434 2559 ὅταν
1449 2533 1616 2568 ὲκαθίσαμεν
1634 2534 1684 2560 ἐπὶ
1696 2534 1754 2560 τῶν
1761 2533 1833 2568 156t-

1044 2587 1098 2604 των
1110 2579 1162 2604 τῶν
1175 2579 1273 2613 κρεῶν,
1283 2579 1329 2605 καὶ
1340 2579 1469 2614 ὴσθίομεν
1480 2579 1578 2615 ἄρτους
1594 2581 1635 2612 εἰς
1647 2580 1832 2617 πλησμονήν.)

1052 2624 1120 2650 Ἀλλ’
1145 2624 1295 2659 ἐκϐέϐηκεν
1317 2625 1407 2657 αὐτοῖς
1434 2626 1474 2657 εἰς
1499 2625 1610 2662 ὀλεθρον
1636 2627 1650 2653 ὁ
1673 2627 1748 2654 κατὰ
1771 2625 1834 2653 θεοῦ

1041 2671 1207 2705 γογγυσμὸς,
1222 2671 1362 2697 ἀπώλοντο
1377 2671 1431 2706 γὰρ
1446 2671 1497 2698 ὑπὸ
1509 2671 1564 2698 τῶν
1584 2671 1687 2707 ὄφεων.
1705 2672 1833 2710 Tia-3:510:

1043 2717 1089 2744 καὶ
1114 2717 1127 2742 ὁ
1153 2717 1309 2752 σοφώτατος
1333 2717 1449 2751 Παῦλος,
1468 2727 1476 2743 ε
1500 2718 1545 2753 Μὴ
1569 2718 1736 2754 γογγύζετε,
1760 2718 1831 2754 φησι,

1043 2763 1133 2796 καθώς
1158 2773 1230 2795 τινες
1260 2764 1349 2790 αὐτῶν
1364 2764 1527 2799 ἐγόγγυσαν,
1544 2765 1592 2791 καὶ
1608 2765 1663 2792 ὑπὸ
1683 2765 1740 2792 τῶν
1752 2766 1831 2799 hat-tv

1042 2809 1190 2836 ἀπώλοντο.
1208 2821 1216 2835 ι
1242 2810 1345 2837 (μιὺκοῦν
1367 2810 1451 2846 ἱλαρῷ
1469 2812 1627 2847 φρονήματι
1644 2812 1779 2847 προσήκει
1791 2810 1830 2837 τὸν

1092 2869 1120 2884 δί’
1139 2869 1205 2896 ibid.
1258 2869 1278 2884 ⁸⁷
1301 2868 1395 2898 Matth.
1413 2877 1438 2902 ν,
1451 2868 1495 2896 59.

1565 2869 1589 2884 ⁸⁸
1604 2868 1695 2896 Exod.
1725 2877 1778 2900 nt,
1803 2868 1826 2894 5.
