1893 3052
51 179 63 202 ⁴
68 178 125 206 293

622 176 656 204 IN
677 175 795 203 ISAIAM
816 174 881 202 LIB.
904 174 935 202 V.
957 174 1078 203 TOMUS
1097 174 1139 201 IV.

1620 176 1688 203 1294

48 239 163 273 ἀπάσης
188 238 335 273 εὐκοσμίας
361 238 537 275 ἐπιμελητὴν,
554 239 601 265 καὶ
619 238 675 265 τῶν
695 237 843 274 ὲξαιρὲτων

938 236 1069 264 miliatam
1089 235 1267 267 saturaveris,
1287 236 1313 263 id
1334 239 1375 263 est
1389 255 1396 267 ,
1424 235 1445 263 si
1466 236 1642 268 misericors,
1665 236 1688 264 si

49 283 198 319 ἐφιέμενον
220 284 482 319 ἀνδραγαθημάτων,
498 283 605 319 ἀφελὼν
619 284 648 310 δὲ
660 284 690 311 τὸ
704 284 737 319 ῥῆ
743 292 780 319 μα
801 281 848 310 τοῦ

48 329 224 364 γογγυσμοῦ,
243 329 290 356 ἐὰν
310 329 362 365 δῷς
376 329 422 356 τὸν
437 329 518 365 ἄρτον
534 328 671 362 πεινῶντι,
691 329 737 355 καὶ
759 328 849 364 ψυχὴν

48 375 292 411 τεταπεινωμένην
305 376 457 412 ἐμπλήσεις,
470 375 618 408 τουτέστιν,
631 376 655 402 εί
665 375 752 409 γένοιο
763 374 848 409 φιλοι-

49 420 189 456 κτίρμων,
201 420 351 459 φιλάγαθος
366 429 396 447 τε
417 421 464 447 καὶ
477 420 647 455 φιλάλληλος,
660 420 848 455 εὐμετάδοτος,

48 467 100 492 καὶ
115 466 283 498 κοινωνικὸς,
296 466 343 493 καὶ
355 467 400 493 τὸν
415 467 528 502 πλησίον
545 466 659 501 ἀγαπῶν
671 466 708 497 ὡς
723 465 846 498 σεαυτὸν,

47 512 113 539 τότε
128 513 253 539 ἀνα-τελεῖ
276 513 305 539 ὲν
330 512 369 548 τῷ
391 513 482 540 σκότει
496 513 527 540 τὸ
539 513 596 548 φῶς
608 521 665 540 σου,
683 512 744 544 Πῶς
766 511 795 538 δὲ
817 511 848 547 δὴ

48 558 107 593 ἄρα
124 559 173 585 καὶ
189 558 337 591 τοῦτοςὩς
351 559 405 594 γὰρ
420 561 452 586 ἐκ
467 559 563 591 νυκτὸς
574 559 664 595 ἡμέρα
678 558 792 593 γίνεται.
804 557 849 585 οὖ-

49 613 106 636 τως
133 605 162 630 ὲν
184 604 483 640 ήμῖν,ὲκπεμπομένου
505 605 553 632 τοῦ
577 604 674 640 νοητοῦ
692 604 804 635 σκότους
817 603 849 630 τὸ

49 648 125 676 θεῖον
139 650 354 685 ὰντεισκρίνεται
372 650 439 685 φῶς,
453 650 491 682 ὠς
508 651 595 678 δοκεῖν
609 648 679 677 εἶναι
697 651 726 677 ὲν
743 658 850 685 μεσημ-

49 695 128 731 ϐρίᾳ,
138 696 286 729 τουτέστιν,
301 698 330 724 ἐν
341 698 416 733 ἀκμῇ
428 697 628 732 λαμπρότητος.
644 697 721 732 Mser)
727 696 849 731 μὸρίζων

49 742 108 777 γὰρ
117 744 131 769 ὁ
142 742 189 769 τοῦ
203 742 280 777 ἡλίου
294 742 394 773 κύκλος
416 743 600 778 ἀκμαιότατον
612 742 672 769 τότε
684 742 716 778 δὴ
731 742 848 777 μάλιστα

49 789 109 819 τοῖς
133 788 179 814 ἐπὶ
200 789 251 823 γῆς
267 788 353 824 ἐνίησι
368 787 399 814 τὸ
413 788 580 823 φῶς.”Εσται
597 788 628 824 δὴ
645 787 732 818 οὕτως
750 788 764 814 ὁ
783 787 849 819 Θεός

51 842 101 861 σου
117 834 188 870 μετὰ
200 834 247 861 σοῦ
260 834 305 861 διὰ
322 835 431 866 παντός.
449 834 588 870 Πάμμεγα
603 835 630 861 δὲ
648 834 716 870 πρὸς
731 834 786 865 τοῖς
800 833 847 860 ἄλ-

50 881 110 912 λοις
128 882 175 908 καὶ
191 881 280 909 τοῦτο.
294 881 326 908 Τί
341 881 395 917 γὰρ
412 881 460 916 οὐχ
475 881 593 917 ὑπάρχει
605 880 660 908 τῶν
673 880 782 915 ἀγαθῶν
792 881 849 912 τοῖς

900 277 997 312 ιιιηξιιιε
1017 284 1162 317 bonorum,
1179 287 1206 312 et
1222 288 1313 311 mutua
1327 283 1393 312 alios
1407 284 1592 319 complectens
1606 285 1690 312 liene-

900 332 1033 363 volentia,
1058 331 1080 359 si
1099 331 1133 358 ad
1155 331 1364 367 impertiendum
1383 336 1410 359 et
1435 332 1689 359 communicandum

900 376 989 404 facilis
1016 376 1122 409 fueris,
1148 381 1176 404 et
1203 377 1355 410 proximum
1382 375 1479 412 diligas
1498 381 1528 403 nt
1549 377 1689 411 teipsum:

901 427 965 453 tunc
979 423 1083 450 orietur
1099 423 1125 450 in
1140 422 1260 450 tenebris
1271 422 1361 450 lumen
1379 426 1464 449 tuum.
1477 422 1565 457 Atqui
1581 424 1690 450 tandem

900 469 1222 503 hocYQuemadmodum
1239 469 1311 496 enim
1334 476 1368 496 ex
1394 474 1474 497 nocte
1491 469 1550 497 dies
1570 469 1599 496 ﬁt
1624 489 1632 502 ,
1649 469 1690 496 sic

898 519 926 543 et
944 516 971 542 in
990 515 1080 548 nobis,
1102 515 1271 550 spiritalibus
1283 516 1403 543 tenebris
1416 516 1549 551 depulsisI
1570 516 1690 543 divinum

899 561 991 589 lumen
1009 569 1103 589 earum
1117 562 1176 590 loco
1191 562 1274 595 subit,
1304 562 1340 590 ita
1360 567 1390 589 ut
1408 562 1433 589 in
1447 562 1571 595 meridie,
1591 562 1617 589 id
1637 568 1689 592 est,

900 616 1008 636 summo
1033 608 1061 636 in
1096 609 1241 643 splendore
1255 617 1315 637 esse
1345 609 1496 637 videamur.
1532 608 1691 636 Metidiante

900 655 972 683 enim
987 655 1055 683 solis
1068 655 1182 688 circulo,
1194 655 1241 683 lux
1264 660 1321 683 tum
1349 656 1537 683 intensissima
1553 661 1631 683 terra:
1651 656 1690 682 in-

900 699 968 728 colis
983 699 1149 729 immittitur.
1168 701 1285 736 Eritque
1298 701 1338 729 sic
1352 702 1422 729 Deus
1435 706 1498 729 tuus
1515 706 1602 729 tecum
1619 709 1690 729 sem-

900 751 967 778 per;
985 749 1027 772 est
1043 752 1152 780 quoque
1179 745 1230 773 hoc
1245 751 1345 781 preter
1358 746 1410 773 alia
1435 747 1593 774 maximum.
1621 746 1690 780 Quid

899 789 970 816 enim
991 790 1052 817 boni
1073 798 1125 818 non
1146 791 1224 818 adest
1243 791 1284 818 bis
1307 791 1351 825 qui
1372 791 1423 819 hoc
1447 796 1511 819 sunt
1535 792 1692 820 consecmi?

899 835 951 863 Aut
965 836 1064 870 quibus
1077 835 1157 864 donis
1175 845 1228 864 non
1241 837 1362 865 abundat
1387 837 1477 871 homo,
1491 837 1513 865 si
1537 827 1607 865 Deus
1628 845 1691 864 cum

900 881 945 908 illo
956 881 1002 913 sit,
1017 882 1062 917 qui
1071 883 1162 909 omnia
1171 887 1261 917 potest
1268 888 1295 911 et
1305 883 1391 911 divite
1405 891 1486 910 manu
1496 883 1635 911 distribuit
1646 891 1690 914 ea,

49 927 132 954 τοῦτο
146 927 291 963 λαχοῦσιν;
306 929 323 964 ἢ
339 929 422 956 ποίων
440 929 490 955 οὐκ
503 927 579 955 ἔσται
593 928 771 964 χαρισμάτων
787 927 847 953 ἐπί-

936 934 1012 955 orurn
1028 929 1213 963 suppeditatur
1227 935 1268 958 est
1279 929 1436 965 etlargitor,
1446 930 1492 965 qui
1505 930 1586 957 etiam
1599 934 1690 956 tenta-

51 982 152 1007 μεστος
178 973 330 1010 ἄνθρωπος,
348 973 415 1001 Θεοῦ
442 974 566 1005 συνόντος
590 973 665 1008 αὐτῷ
686 972 734 999 τοῦ
759 972 848 1000 πάντα

51 1019 202 1053 ἰσχύοντος,
220 1019 268 1047 καὶ
292 1020 406 1056 πλουσίᾳ
428 1020 501 1056 χειρὶ
515 1019 688 1055 διανέμοντος
705 1018 739 1046 τὰ
755 1015 849 1054 ὧνπερ

49 1065 109 1092 ἐστι
135 1066 252 1102 χορηγὸς
277 1067 325 1093 καὶ
347 1066 437 1103 δοτὴρ,
451 1067 497 1093 καὶ
520 1065 719 1097 ἀποσοσοῠντος
738 1065 787 1101 μὲν
799 1065 849 1097 τὰς

901 974 1006 1001 tionum
1033 974 1150 1009 impetus
1159 976 1309 1010 propulsat,
1321 977 1442 1011 adeoque
1452 976 1548 1003 fortem
1556 976 1691 1006 reddit,ut

902 1025 928 1047 et
940 1021 966 1047 in
976 1020 1131 1048 universum
1144 1021 1194 1056 ipsi
1204 1021 1313 1049 Satanae
1322 1027 1348 1050 et
1359 1022 1592 1057 perturbationum
1606 1021 1690 1048 msul-

904 1067 975 1095 libus
991 1068 1120 1095 resistat?

49 1112 103 1139 τῶν
120 1113 281 1149 πειρασμῶν
301 1113 423 1148 ἐφόδους,
438 1113 552 1148 εὐσθενῆ
571 1112 599 1140 δὲ
617 1111 690 1139 οὕτω
711 1111 842 1144 τιθέντος,
862 1112 932 1140 ὥστε
947 1115 993 1141 καὶ
1020 1113 1228 1142 ἀντανιστασθαι
1242 1113 1358 1149 γενικῶς
1381 1116 1429 1142 καὶ
1440 1114 1514 1150 αὐτῷ
1523 1115 1563 1151 τῷ
1573 1115 1690 1151 Σατανᾷ.

49 1161 96 1187 καὶ
113 1161 175 1192 ταῖς
192 1160 224 1186 ὲκ
240 1159 334 1187 παθῶν
346 1159 488 1195 ἑπηρείαις
501 1168 508 1192 ;

84 1207 142 1233 Καὶ
167 1206 384 1241 ἐμπλησθήσῃ,
405 1205 536 1240 καθάπερ
556 1205 697 1241 ἐπιθυμεῖ
720 1206 740 1240 ἠ
763 1204 849 1240 ψυχή

50 1261 121 1285 σου,
139 1252 191 1280 καὶ
211 1252 248 1280 τὰ
266 1251 342 1280 ὀστᾶ
362 1261 420 1280 σου
442 1252 671 1287 πιανθήσονται,
693 1252 734 1284 ὡς
752 1251 850 1286 κῆπος

46 1301 181 1335 μεθύων,
203 1299 252 1327 καὶ
268 1299 308 1333 ὠς
326 1299 419 1334 πηγὴ,
433 1299 473 1333 ἣν
485 1299 528 1334 μὴ
547 1298 686 1331 ἐξέλιπεν
698 1298 787 1333 ὕδωρ,
800 1297 850 1325 καὶ

47 1347 85 1374 τὰ
100 1346 181 1374 ὀστᾶ
195 1353 254 1374 σου
269 1346 308 1379 ὡς
316 1345 434 1379 βοτάνη
450 1345 594 1373 (iratae?
606 1344 656 1371 καὶ
666 1343 851 1378 πιανθήσον-

46 1401 110 1425 ται,
128 1392 178 1419 καὶ
194 1391 460 1426 κληρονομήσουσι
474 1391 580 1425 γενεὰς
593 1389 715 1425 γενεῶν.

83 1439 144 1465 Καὶ
161 1439 233 1470 τινος
245 1437 299 1474 ἄρα
311 1436 554 1473 ὲμπλησθήσεσθε;
567 1435 741 1472 φησί.Θείων
753 1434 846 1470 δηλον-

45 1487 89 1513 ότι
112 1485 301 1522 χαρισμάτων,
318 1485 365 1511 καὶ
387 1483 492 1519 τροφῆς
506 1482 708 1519 ἁγιοπρεποῦς·
730 1482 769 1514 ὡς
791 1481 848 1518 γὰρ

44 1533 132 1564 αὐτος
144 1532 196 1567 ἔφη
211 1539 260 1558 που
271 1530 397 1566 Χριστόςν
416 1539 425 1555 ι
440 1530 498 1556 οὐκ
508 1530 551 1557 ἐπ’
563 1529 638 1564 ἄρτῳ
649 1529 721 1564 μόνῳ
735 1528 847 1564 ζήσεται

45 1579 206 1615 ἅνθρωπος,
222 1578 280 1604 ἀλλ’
293 1578 339 1604 ἐπὶ
361 1578 442 1604 παντὶ
459 1577 561 1613 ῥήματι
582 1575 791 1611 ἐκπορευομένῳ
805 1574 848 1602 διὰ

939 1205 1020 1232 Vens.
1037 1204 1083 1232 Η.
1116 1205 1150 1232 ει
1180 1204 1338 1240 impleberis,
1351 1206 1417 1232 sicut
1438 1206 1570 1234 desiderat
1601 1209 1691 1236 anima

901 1255 959 1282 tua,
970 1255 993 1277 et
1008 1258 1069 1278 oua
1086 1255 1132 1278 tua
1156 1251 1336 1286 pinguescenl,
1355 1256 1383 1278 ut
1397 1251 1487 1279 hortus
1511 1253 1608 1287 ebrius,
1624 1261 1647 1283 et
1662 1262 1691 1284 nt

901 1296 961 1331 fons
975 1305 1050 1332 quem
1070 1305 1121 1324 non
1146 1297 1260 1324 deseruit
1288 1305 1366 1333 aqua.
1390 1298 1424 1325 Et
1450 1307 1509 1326 assa
1528 1301 1597 1328 velut
1610 1302 1690 1331 herba

901 1344 1032 1376 orientur,
1046 1347 1070 1370 et
1085 1344 1263 1379 pinguestenl,
1276 1349 1300 1372 el
1310 1345 1502 1373 hereditatium
1511 1349 1690 1382 generationes

900 1391 1109 1424 generationum.

933 1436 966 1463 Et
980 1443 1033 1471 qua
1045 1443 1074 1464 re
1087 1440 1163 1471 ergo,
1188 1437 1285 1472 inquit,
1311 1437 1507 1474 implebimini?
1524 1439 1627 1469 Divinis
1638 1442 1691 1470 sci-

898 1486 959 1514 licet
971 1485 1128 1514 muneribus
1142 1491 1168 1514 et
1178 1492 1272 1515 sancto
1288 1487 1360 1515 cibo.
1375 1486 1412 1515 Ut
1424 1488 1495 1516 enim
1517 1489 1573 1524 ipse
1592 1490 1689 1518 alicubi

900 1533 967 1560 dixit
980 1533 1109 1560 Dominus
1127 1541 1134 1560 :
1153 1541 1164 1559 ι
1183 1532 1240 1560 Non
1257 1532 1284 1560 in
1299 1534 1357 1561 solo
1371 1541 1439 1568 pane
1451 1534 1524 1562 vivet
1541 1535 1630 1568 homo,
1644 1537 1691 1564 sed

900 1580 928 1608 in
949 1581 1024 1609 omni
1048 1579 1132 1607 verbo
1153 1579 1224 1614 quod
1246 1578 1367 1614 precedit
1382 1586 1415 1606 ex
1432 1586 1479 1607 ore
1503 1580 1596 1614 Dei",
1616 1590 1625 1607 ι
1641 1581 1692 1609 hoc

46 1626 191 1661 στῆματος
213 1623 291 1658 Θεοῦ,
308 1634 317 1650 ι
336 1622 414 1650 τοῦτο
441 1624 488 1650 καὶ
506 1622 589 1651 πάλαι
604 1623 659 1652 τοῖς
681 1620 712 1654 ἐξ
732 1621 847 1656 αἵματος

938 1635 980 1655 am
996 1627 1067 1655 ‘liliis
1089 1626 1172 1663 822
1197 1625 1278 1654 Israel
1295 1626 1359 1654 olim
1383 1626 1455 1654 velut
1481 1626 1508 1654 in
1529 1627 1614 1662 ﬁgura
1645 1628 1693 1657 de-

53 1672 170 1708 ἰσραὴλ
185 1671 222 1703 ὡς
239 1672 268 1698 ἐν
283 1671 360 1706 τύπῳ
374 1670 550 1706 ὲνεγράφετο,
580 1667 721 1700 καθιέντος
734 1667 802 1695 Θεοῦ
822 1667 852 1694 τὸ

50 1718 145 1753 μάννα
166 1716 195 1750 ἐξ
216 1715 342 1751 οὐρανοῦ-
367 1715 427 1743 ius!
449 1723 509 1741 τινα
525 1714 626 1749 τρόπον
637 1714 718 1749 ἄρτος
729 1712 851 1747 ἀγγέλων

49 1764 166 1800 νοηθείη
180 1764 223 1796 ἂν,
241 1764 288 1790 καὶ
303 1763 384 1798 ἄρτος
396 1760 522 1798 οὐρανοῦ.
548 1760 579 1787 Εἰ
598 1760 626 1787 δὲ
640 1760 686 1786 καί
702 1768 774 1791 τινες
784 1756 850 1791 εῐεν,

51 1799 99 1841 οἷς
118 1810 150 1836 τὺ
172 1810 243 1837 θεῖον
266 1808 419 1846 ὲνήστροιψε
434 1808 493 1844 φῶς
508 1807 643 1839 πλουσίως
659 1799 698 1838 εἷς
714 1806 786 1839 νοῦν,
806 1805 853 1832 καὶ

50 1857 110 1883 τῶν
122 1856 204 1892 ἱερῶν
219 1856 391 1891 Γραμμάτων
408 1854 511 1889 ἀκριϐῆ
537 1853 584 1881 καὶ
602 1853 751 1889 ἀμώμητον
763 1853 852 1887 ἐνειρ-

51 1904 159 1938 γάσατο
183 1903 295 1937 γνῶσιν,
321 1902 367 1929 καὶ
391 1901 502 1932 τούτους
525 1899 717 1936 ἐμπεπλῆσθαι
749 1906 851 1933 φαμεν,

52 1951 104 1978 καὶ
129 1951 170 1982 εἰς
194 1949 275 1985 κόρον
302 1949 398 1976 ἐλάσαι
416 1948 465 1983 τῆς
487 1947 591 1975 ἄνωθεν
619 1947 666 1973 καὶ
686 1946 762 1981 παρὰ
784 1945 851 1972 Θεοῦ

50 1996 179 2033 τρυφῆς·
196 1996 263 2024 ἀλλὰ
284 1996 379 2023 τούτου
405 1996 453 2031 μὲν
484 1995 662 2023 ἐκπέπτωκεν
689 1994 705 2020 ὁ
732 1993 851 2029 Ἰσραήλ·

52 2042 185 2078 γεγόνασί
199 2051 231 2077 γε
251 2043 305 2078 μὴν
325 2044 354 2070 ὲν
378 2042 474 2077 κτήσει
501 2041 548 2068 καὶ
564 2041 665 2076 κατοχῇ
683 2039 716 2066 τὰ
731 2039 796 2074 εθνη
809 2038 853 2066 διὰ

52 2089 105 2124 τῆς
120 2088 249 2121 πίστεως,
268 2089 314 2116 καὶ
333 2089 389 2115 ὅσοι
403 2088 449 2115 τὸν
463 2086 641 2121 εὐαγγελικὸν
661 2086 710 2112 καὶ
721 2085 853 2121 σωτήριον

53 2135 216 2172 προσιόντες
225 2135 313 2169 λόγον.
326 2134 381 2161 Καὶ
390 2133 455 2168 γοῦν
467 2133 518 2168 ἔφη
531 2133 587 2164 τοῖς
599 2132 686 2167 ἁγίοις
695 2131 853 2163 ἀποστόλοις

52 2184 67 2210 6
84 2183 191 2218 Κύριος
205 2181 283 2217 ἡμῶν
304 2181 407 2215 Ἰησοῦς
422 2179 549 2215 Χριστος,
563 2179 603 2206 ὅτι
622 2188 632 2204 ι
657 2178 736 2212 Ὑμῖν
750 2177 854 2204 δέδοται

52 2229 159 2265 γνῶναι
182 2228 217 2255 τὰ
242 2228 379 2264 μυστήρια
404 2226 455 2261 τῆς
480 2225 619 2261 βασιλείας
643 2224 697 2251 τῶν
719 2223 854 2260 οὐρανῶν,

53 2275 174 2306 ἐκείνοις
187 2274 216 2301 δὲ
232 2274 263 2300 οὐ
275 2273 390 2305 δέδοται,
403 2283 412 2299 ι
423 2273 478 2304 τοῖς
495 2272 661 2306 ἀπιστήσασι
674 2266 854 2305 δηλονότι,οἷς

52 2321 87 2356 δὴ
103 2320 153 2347 καὶ
165 2321 179 2347 6
193 2320 263 2351 θεῖος
278 2319 437 2355 ἐπεφώνησε
448 2318 537 2352 λόγος,
555 2325 564 2343 ι
579 2317 609 2344 Ol
623 2315 795 2347 δουλεύοντές
807 2324 851 2352 μοι

54 2368 201 2402 φάγονται,
217 2367 295 2402 ὑμεῖς
322 2366 350 2393 δὲ
376 2366 529 2393 πεινάσετε.
548 2365 614 2392 Ἰδοὺ
636 2365 660 2391 οἱ
683 2363 853 2395 δουλεύοντές

55 2422 104 2450 μοι
132 2413 251 2446 πίονται,
266 2413 344 2448 ὑμεῖς
370 2412 398 2438 δὲ
422 2411 565 2446 διψήσητε.
581 2419 591 2436 ι
607 2409 770 2436 Ἐπείνασαν
799 2408 853 2445 γὰρ

55 2461 105 2488 καὶ
122 2460 265 2496 ὲδίψησαν,
284 2459 413 2494 ἀμέτοχον.
428 2457 569 2492 γεγονότες
578 2457 631 2484 τῶν
651 2456 695 2483 διὰ
708 2455 755 2482 τοῦ
772 2455 853 2482 πνεύ-

56 2515 143 2543 ματος
158 2505 280 2541 ἀγαθῶν,
298 2505 345 2532 καὶ
359 2505 487 2539 ἄγευστοι
502 2502 641 2534 παντελῶς
659 2502 713 2528 τῶν
729 2502 773 2528 διὰ
788 2502 854 2536 Χρι-

56 2553 123 2580 στοῦ
138 2553 326 2588 χαρισμάτων,
338 2551 396 2587 ἦτοι
409 2551 458 2587 τῆς
469 2551 545 2582 θείας
565 2558 594 2577 τε
611 2549 658 2576 καὶ
672 2548 851 2583 εὐαγγελικῆς

56 2600 318 2634 παιδεύσεως.Ἔςρη
331 2599 385 2634 γάρ
401 2607 453 2625 που
466 2598 499 2625 δι’
513 2597 572 2629 ἐνὸς
585 2596 638 2623 τῶν
653 2596 737 2630 ἁγίων
749 2602 852 2630 προφη-

55 2647 124 2674 τῶν
141 2656 151 2672 ι
162 2647 228 2673 Ἰδοὺ
243 2645 298 2680 ἐγὼ
317 2645 395 2681 λιμὸν
411 2645 508 2679 ἐπάγω
521 2644 566 2671 ἐπὶ
588 2643 636 2680 τὴν
652 2643 714 2678 γῆν,
728 2642 758 2668 οὐ
773 2641 851 2676 λιμὸν

56 2693 153 2728 ἄρτου,
169 2692 230 2718 οὐδὲ
249 2691 327 2726 δίψαν
348 2690 454 2723 ὕδατος,
474 2689 540 2717 ἀλλὰ
568 2689 646 2724 λιμὸν
669 2687 716 2715 τοῦ
738 2687 852 2714 ἀκοῦσαι

56 2739 137 2773 λόγον
152 2738 269 2774 Κυρίου,
283 2738 330 2764 καὶ
350 2737 403 2769 ἀπὸ
419 2736 556 2763 ἀνατολῶν
581 2736 634 2767 ἓως
649 2734 758 2769 δυσμῶν
775 2742 852 2768 περι-

57 2784 228 2820 δραμοῦνται
250 2783 394 2819 ζητοῦντες
416 2782 461 2809 τὸν
482 2782 560 2816 λόγον
576 2782 689 2816 Κυρίου,
707 2780 753 2806 καὶ
766 2780 795 2805 οὺ
814 2779 851 2814 μὴ

58 2828 186 2863 εὕρωσιν.
206 2837 215 2852 ι
236 2827 381 2863 Ἑξῄρηται
406 2826 460 2862 γὰρ
485 2825 535 2860 τῆς
560 2825 692 2852 Ἰουδαίων
716 2823 815 2858 ἀγέλης
838 2824 852 2849 ὁ

903 1674 1086 1706 scribebatur,
1095 1674 1149 1702 Deo
1161 1681 1258 1701 manna
1268 1673 1427 1700 demittente
1438 1673 1560 1706 coalitus;
1571 1674 1692 1708 quando-

903 1720 1011 1755 quidem
1024 1720 1101 1755 pauls
1115 1719 1270 1755 angelorum
1290 1718 1488 1754 quodammodo
1502 1723 1530 1746 ct
1544 1719 1619 1755 panis
1631 1719 1692 1747 mali

904 1765 991 1800 possit
1021 1765 1145 1800 intelligi.
1175 1765 1204 1793 Si
1230 1765 1310 1792 etiam
1340 1765 1393 1792 sint
1419 1765 1540 1799 quidam,
1576 1772 1691 1800 quorum

904 1815 1022 1839 mentem
1037 1811 1130 1838 divina
1162 1811 1207 1838 lux
1232 1811 1374 1846 opulenter
1391 1810 1544 1842 collustrat,
1559 1816 1586 1837 et
1601 1818 1694 1838 sacra-

906 1864 965 1884 rum
982 1857 1146 1884 Litterarum
1171 1862 1294 1885 exactam
1311 1861 1338 1885 et
1355 1857 1489 1885 sinceram
1510 1857 1692 1892 cognitionem

904 1903 1096 1938 ingeneravit:
1113 1903 1173 1931 illos
1202 1911 1310 1939 quoque
1339 1903 1453 1931 dicimus
1482 1903 1579 1938 repleri
1603 1908 1630 1930 et
1651 1910 1693 1931 su-

904 1957 988 1984 perno
1001 1957 1033 1976 ac
1059 1949 1151 1977 divino
1177 1950 1238 1978 cibo
1254 1950 1393 1977 exsatiari.
1423 1949 1476 1977 Sed
1507 1950 1559 1978 hoc
1593 1950 1694 1978 excidit

904 1995 1005 2023 Israel:
1024 2000 1121 2031 gentes
1139 1999 1228 2023 autem
1249 2003 1297 2030 per
1317 1995 1395 2023 ﬁdem
1421 1996 1598 2031 possederunt
1613 2001 1640 2024 et
1654 2004 1694 2024 rc-

904 2042 1062 2074 tinuerunt,
1087 2047 1114 2069 et
1130 2041 1284 2077 quicunque
1301 2042 1486 2078 evangelicum
1503 2048 1529 2070 et
1545 2042 1691 2071 salutarem

904 2094 1056 2115 sermonem
1071 2087 1226 2119 admittunt.
1245 2086 1378 2115 Nimirum
1391 2088 1567 2116 dixitsanctis
1583 2092 1692 2123 aposto-

904 2132 937 2160 lis
950 2132 1079 2160 Dominus
1096 2137 1188 2160 noster
1209 2132 1288 2161 Jesus
1306 2133 1452 2161 Christus:
1474 2142 1483 2159 ι
1504 2132 1586 2161 Vobis
1601 2133 1691 2161 datum

904 2183 947 2207 est
974 2179 1045 2206 scire
1069 2179 1199 2214 mysteria
1228 2179 1304 2214 regni
1332 2179 1475 2213 caelorum,
1492 2183 1519 2206 at
1534 2179 1586 2207 illis
1600 2181 1692 2207 datum

905 2232 958 2253 non
974 2230 1016 2253 est
1028 2225 1060 2259 ",
1075 2234 1084 2251 ι
1101 2225 1255 2253 inﬁdelibus
1263 2225 1380 2259 scilicet,
1395 2233 1463 2262 quos
1474 2226 1556 2253 etiam
1573 2226 1693 2261 compel-

906 2269 971 2298 lavit
984 2270 1074 2297 divina
1091 2270 1196 2297 oratio:
1214 2279 1224 2296 ι
1243 2270 1293 2303 Qui
1306 2271 1428 2298 serviunt
1446 2270 1524 2304 mihi,
1539 2271 1692 2302 comedent,

905 2323 954 2345 vos
968 2321 1057 2344 autem
1077 2315 1216 2343 csurietis.
1250 2316 1321 2344 Ecce
1337 2316 1383 2351 qui
1409 2317 1531 2344 serviunt
1551 2317 1630 2349 mihi,
1651 2317 1693 2344 bi—

903 2363 978 2395 bent,
995 2366 1023 2389 at
1031 2369 1078 2389 vos
1105 2361 1243 2389 sitietis".
1259 2371 1268 2387 ι
1297 2362 1456 2389 Esurierunt
1484 2363 1556 2390 enim
1575 2367 1602 2390 et
1619 2363 1694 2390 sitie-

905 2411 978 2439 runt.
995 2412 1121 2442 expertes
1138 2407 1270 2434 bonorum
1290 2406 1464 2441 spiritalium,
1481 2412 1509 2435 et
1525 2407 1570 2442 qui
1583 2407 1694 2435 omnino

905 2453 976 2480 dona
992 2452 1091 2480 Christi
1105 2460 1157 2480 non
1169 2456 1355 2487 gustaverunt,
1370 2451 1427 2478 sive
1440 2451 1560 2479 divinam
1573 2456 1600 2478 et
1611 2458 1694 2478 evan-

906 2499 1019 2534 gelicum
1053 2498 1214 2526 doctrinam.
1245 2496 1318 2524 Dixit
1346 2496 1446 2524 etenim
1472 2504 1521 2531 per
1547 2496 1692 2532 quemdam

906 2545 1064 2580 prophetam
1100 2548 1247 2572 sanctum:
1267 2552 1277 2569 ι
1297 2542 1367 2570 Ecce
1394 2549 1444 2576 ego
1480 2541 1579 2569 fantem
1593 2542 1694 2570 induco

906 2598 987 2626 super
1012 2595 1125 2623 terram,
1152 2597 1205 2618 non
1234 2590 1333 2617 famem
1360 2588 1448 2622 panis,
1494 2595 1582 2621 neque
1618 2588 1692 2615 sitim

906 2645 994 2672 aqum,
1009 2638 1056 2665 sed
1075 2636 1174 2664 famem
1192 2635 1316 2663 audiendi
1343 2640 1497 2661 sermonem
1520 2633 1626 2660 Domini
1643 2639 1651 2659 :
1666 2637 1693 2659 et

905 2684 940 2711 ab
953 2688 1014 2711 ortu
1034 2684 1068 2711 ad
1083 2690 1208 2711 occasum
1229 2689 1316 2718 usque
1337 2680 1517 2711 cursitabunt,
1542 2684 1693 2713 quaerentes

905 2737 1058 2757 sermonem
1068 2729 1185 2762 Domini,
1201 2734 1229 2756 et
1251 2737 1305 2756 non
1320 2726 1500 2755 invenient".
1516 2735 1525 2751 ι
1545 2724 1694 2758 Ademplns

905 2780 948 2803 est
976 2775 1049 2803 enim
1075 2776 1150 2810 gregi
1175 2774 1328 2803 Judaeorum
1347 2773 1470 2801 viviﬁcus
1491 2776 1518 2799 et
1534 2770 1695 2798 nutrientis-

906 2821 990 2849 simus
1014 2828 1115 2854 sermo,
1140 2825 1168 2848 et
1186 2821 1266 2848 datus
1286 2825 1337 2853 est,
1361 2820 1398 2847 uti
1429 2819 1494 2853 dixi,
1519 2815 1694 2852 diligentibus

95 2920 118 2935 ⁵ο
136 2918 230 2945 Matth.
249 2925 286 2950 tv,
303 2917 329 2944 4.
368 2916 387 2932 δ’
409 2916 501 2944 Matth.
517 2923 575 2948 xm,
593 2915 633 2942 ll.
672 2916 693 2930 “
711 2913 760 2940 lsa.
780 2920 840 2945 nv,

939 2912 973 2949 ,⁸³
986 2913 1068 2939 Amos
1084 2917 1140 2943 \‘lil,
1158 2910 1200 2944 lt,
1221 2910 1262 2937 I2.
