1893 3052
193 158 203 186 ί
210 157 262 186 295

688 156 716 183 S.
738 155 874 182 CYRILLI
897 153 1133 182 ALEXANDl‘tINl
1153 153 1313 182 ARCIIIU’.

1768 153 1833 180 Ιὲξιθ

191 216 341 248 Christum,
368 222 438 250 quos
452 213 631 249 compellavit,
659 214 752 242 dicens
774 223 780 240 :
799 223 808 240 ‹
827 213 917 247 Edite,

1087 213 1158 245 ποιός
1178 221 1208 239 τε
1236 213 1283 239 καὶ
1306 211 1514 247 τροιριμώτατος
1536 211 1584 238 τοῦ
1597 210 1666 237 Θεοῦ
1680 210 1774 245 λόγος.
1788 212 1834 237 Δέ-

192 261 376 294 inebriamini,
395 260 518 288 vicini“.
531 270 542 286 θ
561 260 613 288 Sed
623 260 768 288 ctdivinus
779 259 863 287 David
880 259 978 295 psallit,

193 313 286 343 utpote
311 306 422 342 hujusce
442 307 509 334 adeo
519 307 661 341 praeclarae
675 311 702 334 et
719 307 863 334 uberrimae
892 306 982 335 muni-

191 352 307 380 licentiae
330 352 495 386 particeps:
516 360 526 377 ε
543 351 649 378 Paras‘ti
686 351 712 378 in
744 355 888 386 conspectu
920 357 981 378 meo

193 406 314 426 mensam
347 399 478 426 adversus
506 406 552 426 eos
578 398 623 433 qui
644 398 775 425 tribulam
802 406 856 425 me.
874 397 982 432 Impin—

192 444 281 479 guasti
295 444 322 471 in
336 444 396 472 oleo
415 449 496 480 caput
510 451 611 476 meum,
627 449 656 472 et
673 444 741 472 calix
759 449 820 472 tuus
844 444 982 473 inebrians

192 497 246 524 nte,
261 498 342 525 quam
373 489 519 526 praeclarus
534 496 576 518 est
584 491 618 518 ".
631 499 640 516 ι
663 491 823 526 Quicunque
836 498 901 525 ergo
913 490 982 519 divi-

194 543 290 562 norum
303 536 494 571 mysteriorum
516 537 670 565 habuerunt
685 538 868 572 coguitiouem
882 537 923 565 vel
941 537 982 564 his

193 581 296 617 impleti
315 586 388 616 sunt,
418 583 512 610 horum
539 590 599 610 ossa
621 583 792 619 pingucl'acta
805 588 878 611 sunt.
902 583 982 619 Figu-

194 631 254 654 rata
274 631 364 655 autem
381 631 423 655 est
444 629 543 661 oratio,
559 633 665 664 sumpta
678 629 712 656 ab
730 629 773 656 his
786 629 983 664 quodammodo

193 674 238 708 qui
254 674 328 701 carni
343 679 370 701 et
384 675 464 710 genio
485 675 625 711 indulgere
644 675 745 704 solent.
773 676 875 704 Horum
892 675 982 704 anima

194 720 239 747 ﬁet
254 725 381 755 tanquam
397 721 491 749 hortus
504 721 606 756 ebrius.
631 722 657 750 id
669 728 722 757 est,
736 722 861 756 ﬂoridus,
875 727 903 750 et
916 723 984 750 bene

195 767 293 794 densus
312 767 466 801 arboribus,
500 773 528 795 et
556 768 641 797 variis
656 769 754 796 ﬂorum
779 769 922 804 generibus
935 770 984 796 de-

194 818 313 846 coratus,
347 821 381 841 ac
414 814 576 849 multiplices
601 815 708 843 fructus
731 815 884 850 proferens.
908 814 984 842 Horti

194 860 267 886 cnim
286 860 330 894 qui
359 867 428 895 aqua
445 865 549 893 carent,
571 855 835 889 maximatn’habcnt
856 860 984 888 deformi-

195 911 289 938 talcnt,
321 911 415 941 utpote
441 906 508 933 aridi
526 910 553 933 et
579 907 754 935 onmifructu
784 907 871 940 vacui,
887 908 941 934 imo
957 913 985 935 et

194 952 258 986 ipsis
271 953 370 988 plantis
383 953 512 980 destituti.
522 953 556 980 At
576 953 621 988 qui
639 960 770 988 aquarum
786 953 871 982 libero
885 954 985 988 impetu

195 998 320 1025 iucbriati
343 1001 417 1032 sunt,
443 998 605 1033 omnigenis,
618 999 700 1034 823
718 1004 746 1027 ut
762 999 830 1033 dixi,
850 1007 986 1027 coronan-

196 1048 238 1069 tur
261 1042 407 1071 fructibus.
429 1043 530 1071 Hortus
554 1044 655 1072 Christi
682 1045 751 1073 facta
777 1050 819 1073 est
840 1045 985 1074 Ecclesia:

195 1090 270 1125 cujus
305 1094 412 1125 sumpta
451 1098 565 1126 persona
609 1093 635 1119 in
669 1092 784 1121 Cantico
817 1093 986 1121 canticorum

196 1143 306 1169 sponsa,
333 1144 342 1160 ι
363 1136 526 1170 Descendat,
540 1137 636 1172 inquit,
652 1145 734 1172 nepos
752 1145 828 1166 mcus
840 1138 865 1165 in
879 1139 986 1166 bortutn

196 1189 286 1214 suum,
304 1185 332 1209 et
346 1182 469 1209 comedat
483 1183 597 1210 fructum
616 1190 713 1211 nucum
725 1191 833 1211 suarum
844 1184 878 1211 ⁸⁸.
896 1194 905 1210 ι
919 1184 986 1212 Nam

195 1229 267 1263 quod
286 1228 358 1256 inter
374 1231 486 1256 arbores
512 1233 554 1256 est
584 1237 638 1256 nux
666 1230 707 1257 vel
730 1230 835 1258 fructus
851 1235 987 1264 maturus,

199 1275 252 1303 hoc
278 1279 319 1303 est
345 1275 371 1302 in
401 1275 500 1303 animis
525 1280 680 1304 sanctorqu
711 1277 798 1305 virtus
817 1276 929 1311 pulchra
961 1283 989 1305 et

198 1319 254 1347 Deo
264 1320 473 1355 jucundissima.
498 1320 592 1355 itaque
609 1325 637 1347 ut
654 1321 748 1349 hortus
767 1321 871 1355 ebrius,
889 1322 987 1357 inquit,

196 1363 248 1390 erit
263 1365 352 1391 anima
368 1368 424 1398 tua,
442 1369 467 1391 et
489 1368 517 1391 ut
534 1364 594 1392 fons
611 1372 691 1400 quem
704 1373 760 1393 non
776 1367 895 1394 deseruit
906 1375 986 1402 aqua.

198 1410 277 1438 Tales
289 1410 399 1438 fuerunt
426 1411 509 1439 divini
529 1411 689 1447 mystagogi,
705 1420 718 1439 a
739 1412 821 1440 corde
847 1420 909 1446 suo,
925 1418 987 1441 tan-

198 1463 279 1491 quam
299 1457 436 1492 aperenni
456 1458 540 1490 fonte,
578 1459 629 1492 pice
655 1457 785 1486 doctrinae
814 1459 915 1487 rivulos
943 1460 989 1487 dc-

199 1503 348 1537 tniltentcs,
372 1507 399 1530 et
414 1510 507 1533 eorum
526 1503 570 1538 qui
594 1503 772 1532 instituuntur
801 1505 908 1533 animos
922 1513 988 1541 opu-

199 1549 285 1577 lenter
321 1549 478 1586 irrigantes.
507 1549 684 1578 Contirmabit
713 1551 795 1578 etiam
837 1551 894 1586 ipse
920 1553 989 1580 adeo

200 1596 393 1623 excellentium
434 1597 565 1624 donorum
612 1596 795 1631 dispensator,
835 1598 987 1634 inquiens:

202 1643 274 1677 «Qui
287 1643 374 1670 credit
399 1643 426 1670 in
453 1651 506 1677 me,
526 1643 604 1671 sicuti
618 1643 843 1680 dicitScriptura,
877 1646 987 1673 ﬂumina

199 1689 232 1716 de
249 1694 342 1717 ventre
370 1689 428 1724 ejus
455 1689 539 1718 ﬂuent
564 1698 640 1726 aquae
655 1691 718 1719 vita:
728 1691 763 1719 ⁵⁷.
782 1701 791 1717 ι
808 1691 841 1719 Et
872 1700 966 1720 rursus
980 1701 986 1719 :

201 1743 211 1760 ι
227 1733 321 1762 Omnis
336 1735 380 1769 qui
394 1734 462 1762 bibit
473 1735 505 1763 de
519 1743 588 1771 aqua
601 1737 661 1769 hac,
677 1736 752 1764 sitiet
769 1745 875 1765 rursus.
895 1738 928 1764 At
942 1738 988 1773 qui

199 1783 267 1811 bibit
291 1790 323 1810 ex
340 1790 421 1818 aqua,
438 1790 518 1818 quam
543 1791 594 1819 ego
613 1784 683 1812 dabo
696 1785 737 1817 ei,
770 1784 816 1812 ﬁet
833 1785 859 1812 in
881 1792 913 1812 eo
929 1785 989 1813 forts

198 1837 275 1864 aqua:
302 1830 424 1857 salientis
453 1830 479 1857 itt
511 1830 594 1858 vitam
616 1835 745 1859 aeternam
756 1831 789 1858 '“.
816 1841 825 1857 ι
851 1831 988 1865 Ejusmodi

199 1883 259 1903 csse
279 1875 395 1903 dicimus
411 1879 520 1903 sanctos
544 1876 682 1910 apostolos
706 1881 734 1904 et
756 1877 948 1912 evangelistas,
963 1881 990 1904 et

199 1922 354 1955 quicunque
378 1921 498 1948 divinum
539 1921 650 1948 verbum
682 1919 856 1955 annuntiant,
890 1923 988 1956 partim

201 1968 308 2002 quidem
323 1968 479 2002 dogmatum
511 1967 606 2002 peritia
633 1967 762 2001 illustres,
791 1969 887 2003 partim
901 1969 990 2004 splen-

201 2014 275 2042 doris
291 2021 401 2048 operum
416 2014 487 2041 viam
502 2019 756 2042 commonstrantes.
788 2013 821 2041 Et
852 2021 915 2042 ossa
933 2020 989 2049 tua,

203 2059 299 2095 inquit,
324 2060 395 2087 velut
413 2061 506 2096 herba
530 2061 665 2094 orientur,
693 2065 721 2089 et
747 2062 936 2095 pinguescenl,
963 2067 989 2090 et

203 2106 399 2134 hznreditabunt
426 2107 616 2141 generationes
640 2108 855 2141 generatiununt.
881 2107 991 2136 Videtur

201 2152 244 2179 his
269 2152 359 2179 verbis
385 2153 594 2179 resurrectionis
618 2153 776 2188 mysterittm
792 2155 989 2182 demonstrare.

202 2197 334 2234 Resurget
361 2190 434 2226 enim
464 2203 518 2225 tum
551 2206 661 2234 corpus,
680 2206 729 2227 ceu
751 2199 833 2227 herba
863 2201 890 2227 in
913 2207 989 2235 agro,

1002 895 1021 924 Ii

1030 259 1103 287 δοται
1115 260 1154 293 δὲ,
1172 260 1210 291 ὡς
1227 259 1306 294 ἔφην,
1324 259 1379 291 τοῖς
1395 257 1522 292 ἀγαπῶσι
1537 257 1668 293 Χριστὸν,
1685 255 1726 289 οἷς
1739 257 1773 292 δὴ
1788 258 1835 284 καὶ

1031 305 1190 341 ἐπεφώνησε
1206 305 1302 340 λέγων’
1321 314 1330 330 t
1346 305 1461 339 Φάγετε,
1476 304 1524 331 καὶ⁸
1540 304 1740 340 μεθύσθητε,οἱ
1768 303 1835 338 πλη-

1033 353 1098 379 σίον.
1115 361 1124 378 ι
1139 351 1242 381 mm
1254 351 1319 386 γοῦν
1330 351 1375 378 καὶ
1385 352 1400 377 ὀ
1412 350 1556 382 θεσπέσιος
1570 349 1665 381 Δαὸὶδ,
1680 350 1729 375 ἆτε
1742 349 1776 384 δὴ
1788 351 1834 375 καὶ

1032 399 1060 426 ὲν
1077 397 1185 434 μεθέξει
1200 397 1322 432 γεγονὼς
1347 397 1398 433 τῆς
1421 396 1508 428 οὕτως
1523 396 1629 432 σεπτῆς
1653 396 1701 423 καὶ
1716 395 1835 431 ἀμφιλα-

1032 443 1100 479 φοῦς
1122 443 1295 478 φιλοτιμίας·
1314 442 1501 478 (Ἤτοίμασας
1522 441 1639 468 ἐνώπιόν
1662 450 1715 476 μου
1730 442 1834 475 τράπε-

1033 489 1082 522 ζαν
1103 489 1134 522 ἐξ
1157 489 1282 521 ἐναντίας
1305 488 1360 516 τῶν
1383 488 1527 515 θλιϐόντων
1553 496 1587 522 με
1601 494 1607 501 ·
1642 487 1780 517 ἐλίπανας
1806 486 1835 512 ὲν

1034 536 1116 572 ἐλαίῳ
1139 536 1188 572 τὴν
1213 535 1334 570 κεφαλήν
1352 543 1414 570 μου,
1447 533 1496 561 καὶ
1516 533 1547 560 τὸ
1567 532 1701 568 ποτήριόν
1721 541 1771 559 σου
1787 541 1834 566 με·

1034 583 1132 610 θύσκον
1154 590 1199 617 με,
1212 582 1250 614 ὡς
1267 582 1421 617 κράτιστον.
1439 590 1448 607 ι
1471 580 1576 607 Οὐκοῦν
1601 580 1660 607 ὅσοι
1671 578 1728 606 τῶν
1755 578 1835 606 θείων

1034 628 1116 656 αὑτοῦ
1132 627 1290 664 μυστηρίων
1306 627 1439 663 ἐσχήκασι
1461 627 1571 661 γνῶσιν,
1586 626 1646 662 ἦτοι
1660 625 1829 661 ἐνεπλήσθη-

1035 684 1085 703 σαν
1108 675 1221 707 τούτων,
1241 673 1462 709 κατεπιάνθησαν
1481 673 1514 700 τὰ
1530 671 1832 708 ὀστᾶ.Ἐσχηματὲσθη

1034 722 1062 749 δὲ
1077 723 1092 748 ὁ
1107 721 1185 756 λόγος
1212 721 1250 752 ὼς
1265 721 1318 747 ἀπό
1336 729 1368 755 γε
1382 720 1436 747 τῶν
1451 721 1557 756 τρυφᾷν
1579 719 1719 746 εἰωθότων
1744 727 1835 754 σαρκι-

1035 767 1105 799 κῶς“
1130 767 1185 794 τῶν
1212 766 1340 793 τοιούτων
1363 768 1380 802 ἠ
1403 766 1477 802 ψυχὴ
1500 767 1605 800 γένοιτο
1626 765 1660 792 ἂν
1682 765 1721 796 ὡς
1747 765 1834 800 κῆπος

1037 815 1155 850 μεθύων,
1169 815 1307 842 τουτέστιν
1327 814 1453 850 εὐανθὴς,
1475 814 1523 841 καὶ
1549 814 1769 849 εὐδενδρότατος,
1788 813 1834 839 καὶ

1036 862 1172 894 ποικίλαις
1188 862 1292 889 ἀνθέων
1316 861 1396 894 ίδὲαις
1412 861 1623 896 ἐξωραῖσμένος,
1637 860 1686 886 καὶ¹
1701 859 1834 886 παντοδα-

1036 908 1104 940 ποὺς
1132 908 1255 944 ἐκφέρων
1281 907 1414 943 καρπούς.
1424 908 1456 934 υἱ
1485 907 1535 943 μὲν
1562 907 1616 941 γὰρ
1642 905 1754 941 ἄνυδροι
1780 904 1835 930 τῶν

1037 953 1132 989 κήπων
1159 953 1226 980 πολὺ
1252 952 1312 980 λίαν
1336 952 1428 987 ἔχουσι
1457 952 1486 978 τὸ
1511 951 1644 987 εἰδεχθὲς·
1669 950 1750 986 ξηροὶ
1779 949 1834 984 γάρ

1036 1000 1090 1026 εἱσι
1119 999 1169 1025 καὶ
1187 998 1288 1029 παντὸς
1311 996 1408 1032 ἔρημοι
1435 995 1543 1032 καρποῦ
1556 1017 1564 1029 ,
1585 995 1600 1031 ἢ
1620 995 1694 1031 τάχα
1713 1003 1766 1022 που
1786 996 1833 1020 καὶ

1036 1045 1126 1073 αὐτῶν
1157 1046 1185 1072 ἐν
1217 1044 1306 1080 ἐνδείᾳ
1333 1043 1388 1071 τῶν
1418 1044 1519 1079 φυτῶν.
1551 1043 1584 1069 OE
1602 1051 1634 1077 γε
1654 1042 1709 1078 μὴν
1729 1042 1834 1068 ὑδάτων

1037 1090 1211 1126 ἀταμιεύτοις
1238 1091 1338 1125 ὁρμαῖς
1368 1088 1605 1125 ἐκμεμεθυσμένοι
1636 1088 1833 1119 παντοδαποῖς.

1037 1137 1074 1169 ὡς
1102 1137 1180 1172 ἔφην,
1203 1135 1397 1170 στεφανοῦνται
1433 1136 1561 1170 καρποῖς.
1588 1134 1686 1170 Κῆπός
1720 1142 1753 1168 γε
1780 1134 1835 1168 μὴν

1037 1180 1156 1217 Χριστοῦ
1187 1180 1299 1215 γέγονεν
1320 1180 1338 1216 ἡ
1368 1179 1529 1215 Ἐκκλησία,
1554 1177 1588 1216 ἦς
1605 1179 1638 1215 δὴ
1659 1179 1708 1206 καὶ
1734 1179 1834 1205 ἀναλα-

1037 1227 1124 1254 ϐοῦσα
1140 1227 1171 1254 τὺ
1185 1227 1331 1263 πρόσωπον
1346 1227 1364 1262 ή
1386 1228 1415 1254 ὲν
1433 1226 1473 1262 τῷ
1491 1228 1612 1262 ’ᾼσματι
1627 1225 1681 1253 τῶν
1703 1226 1835 1261 ᾀσμάτων

1037 1275 1200 1311 γραφομένη
1209 1275 1311 1310 νύμφη,
1325 1284 1335 1301 ι
1350 1274 1516 1310 Καταῦήτω,
1525 1273 1770 1310 φησὶν,ἀδελφιόός
1783 1281 1834 1307 μου

1038 1324 1078 1354 εἰς
1103 1323 1191 1358 κῆπον
1215 1321 1308 1355 αὑτοῦ,
1332 1322 1379 1348 καὶ
1404 1321 1515 1357 φαγέτω
1543 1320 1649 1355 καρπον
1673 1319 1835 1356 ἀκροδρύων

1038 1367 1122 1396 αὐτοῦ
1132 1374 1156 1394 ἰ
1166 1368 1235 1403 ὅπερ
1249 1368 1303 1404 γάρ
1320 1367 1395 1394 ἔστιν
1410 1368 1438 1394 ὲν
1451 1368 1545 1402 φυτοῖς
1560 1366 1591 1393 τὸ
1602 1366 1766 1402 ἀκρόδρυον,
1775 1365 1836 1400 ἦτοι

1039 1414 1146 1450 καρπὸς
1160 1414 1270 1450 ὡραῖος,
1294 1413 1373 1441 τοῦτο
1395 1413 1443 1440 καὶ
1469 1414 1499 1440 ἔν
1522 1413 1621 1448 ψυχαῖς
1636 1412 1724 1447 ἁγίων
1749 1412 1834 1447 ἀρετὴ

1039 1460 1110 1495 καλὴ
1137 1460 1184 1487 καὶ
1194 1460 1289 1496 ἡδίστη
1306 1459 1346 1494 τῷ
1360 1459 1428 1495 Θεῷ.
1447 1459 1552 1486 Οὐκοῦν
1568 1459 1606 1491 ὡς
1621 1459 1711 1494 κῆπος
1728 1458 1835 1493 μεθύων

1040 1506 1125 1538 ἔσται,
1139 1506 1234 1542 φησὶν,
1259 1507 1276 1541 ἠ
1292 1506 1365 1541 ψυχή
1382 1514 1440 1539 σου,
1455 1506 1499 1532 ναὶ
1514 1505 1568 1541 μὴν
1582 1501 1629 1532 καὶ.
1647 1505 1686 1536 ὡς
1701 1504 1789 1539 πηγὴ,
1801 1504 1835 1539 ἢ·-

1043 1553 1080 1589 μὴ
1096 1553 1218 1586 ἐξέλιπεν
1237 1553 1319 1588 ὓδωρ.
1337 1552 1460 1579 Τοιοῦτοι
1482 1552 1628 1586 γεγόνασιν
1650 1552 1674 1578 οἱ
1694 1551 1833 1578 θεσπέσιοι

1044 1600 1229 1636 μυσταγωγοὶ,
1246 1599 1372 1635 καθάπερ
1384 1599 1439 1626 ἀπὸ
1454 1599 1546 1634 πηγῆς
1563 1598 1677 1626 ἀεννάου
1699 1598 1751 1633 τῆς
1773 1598 1834 1624 ἑαυ-

1041 1648 1096 1675 τῶν
1111 1647 1225 1683 καρδίας
1244 1645 1279 1673 τά
1296 1647 1347 1681 τῆς
1364 1644 1493 1677 εὐσεϐοῦς
1508 1644 1680 1676 διδασκαλίας
1696 1644 1836 1679 προῖόντες

1041 1694 1150 1729 νάματα
1160 1714 1167 1726 ,
1185 1692 1231 1719 καὶ¹
1243 1692 1293 1724 τὰς
1306 1691 1361 1718 τῶν
1379 1691 1581 1734 παιδευομένων
1595 1690 1684 1725 ψυχὰς
1700 1690 1835 1721 πλουσίως

1042 1739 1266 1775 καταρδεύοντες.
1283 1738 1340 1765 Καὶ
1357 1737 1522 1764 πιστώσεται
1541 1736 1628 1770 λέγων
1645 1736 1727 1768 αὐτὸς
1747 1737 1762 1763 ὁ
1783 1736 1836 1762 τῶν

1042 1785 1128 1816 οὕτως
1149 1784 1296 1820 ὲξαιρέτων
1320 1783 1497 1819 χαρισμάτων
1520 1782 1676 1818 διανομεύς.
1699 1792 1709 1808 ι
1735 1782 1766 1808 ’0
1791 1791 1837 1808 πι-

1047 1831 1152 1858 στεύων
1180 1832 1220 1862 εἱς
1245 1831 1314 1865 ἐμὲ,Ι
1326 1829 1418 1862 καθὼς
1448 1827 1524 1856 εἶπεν
1543 1829 1560 1864 ὴ
1588 1828 1696 1864 Γραφὴ,
1720 1830 1839 1863 ποταμοὶ

1043 1880 1076 1906 ὲκ
1089 1879 1137 1914 τῆς
1160 1878 1262 1909 κοιλίας
1277 1877 1359 1905 αὑτοῦ
1373 1877 1516 1913 ῥεύσουσιν
1535 1876 1632 1908 ὓδατος
1647 1876 1731 1911 ζωῆς.
1756 1885 1766 1902 ι
1781 1876 1840 1902 Καὶ

1043 1927 1125 1955 πάλιν
1135 1935 1141 1942 ·
1161 1936 1170 1953 t
1192 1927 1250 1958 Πᾶς
1266 1927 1281 1953 ὁ
1294 1926 1380 1952 πίνων
1391 1926 1424 1952 ἐκ
1436 1924 1484 1952 τοῦ
1498 1924 1593 1956 ὓδατος
1614 1925 1712 1951 τούτου
1728 1924 1840 1960 διψήσει

1043 1973 1136 2007 πάλιν,
1163 1973 1191 2004 ὃς
1215 1973 1238 1999 δ’
1251 1971 1285 1999 ἂν
1311 1971 1361 2007 πίῃ
1381 1971 1414 1998 ὲκ
1432 1970 1480 1998 τοῦ
1506 1971 1601 2002 ὕδατος
1625 1968 1658 1998 οὗ
1683 1970 1740 2005 ἐγὼ
1760 1970 1841 1998 δώσω

1043 2019 1128 2054 αὐτῷ,
1146 2018 1290 2054 γενήσεται
1319 2018 1347 2044 ὲν
1372 2016 1447 2052 αὐτῷ
1468 2016 1543 2052 πηγὴ
1570 2016 1666 2047 ὕδατος
1690 2016 1840 2051 ἁλλομένου

1044 2064 1084 2096 εἰς
1092 2062 1163 2099 ζωὴν
1172 2062 1291 2089 αίώνιον.
1306 2070 1316 2087 ι
1329 2061 1474 2092 Τοιούτους
1482 2058 1551 2087 εἷναί
1564 2068 1656 2095 φαμεν
1667 2059 1732 2090 τοὺς
1744 2059 1839 2093 ἁγίους

1044 2108 1210 2140 ἀποστόλους
1225 2117 1255 2134 τε
1270 2107 1318 2134 καὶ
1333 2106 1542 2141 εὐαγγελιστάς,
1559 2106 1608 2133 καὶ
1627 2106 1687 2132 ὅσοι.
1706 2105 1752 2132 τὸν
1768 2104 1840 2131 θεῖον

1044 2156 1228 2192 πρεσϐεύουσι
1243 2155 1331 2189 λόγον,
1344 2153 1425 2181 τοῦτο
1447 2153 1497 2189 μὲν
1513 2152 1684 2189 δογματικῆς
1698 2152 1840 2188 εὐτεχνίας

1045 2203 1074 2229 ὲν
1092 2202 1167 2237 καλῷ
1185 2201 1337 2236 γεγονότες,
1351 2200 1430 2227 τοῦτο
1452 2200 1481 2226 δὲ
1496 2199 1544 2226 καὶ
1559 2199 1607 2233 τῆς
1624 2199 1654 2226 ὲν
1669 2198 1762 2234 ἔργοις
1775 2207 1837 2232 φαι-

202 2252 262 2279 quze
278 2250 398 2278 tempore
418 2244 535 2272 hiberno
556 2246 688 2273 emarcuit
707 2246 860 2279 ctoccidit;
887 2248 949 2274 rich

1093 2257 1173 2284 τητος
1193 2248 1242 2283 τὴν
1255 2247 1315 2274 ὁδὸν
1337 2246 1564 2277 ἑκκαλύπτοντες.
1577 2245 1632 2272 Καὶ
1652 2245 1688 2272 τὰ
1710 2245 1778 2272 ὀστᾶ
1792 2253 1839 2271 σου

202 2294 291 2317 autem
307 2297 390 2317 verna
410 2286 569 2324 serenitate,
596 2292 692 2319 iterum
720 2293 797 2328 quasi
826 2295 989 2326 renascitur,

201 2340 230 2364 et
245 2337 278 2364 ad
291 2344 366 2363 suam
381 2337 531 2365 naturalem
544 2339 771 2373 pulchritudinem
786 2339 866 2367 redit.
879 2340 989 2372 Exorta,

202 2382 300 2417 inquit,
325 2389 398 2417 ossa,
425 2383 499 2411 velut
531 2385 635 2416 herba.
662 2378 847 2420 pinguescent,
879 2387 988 2414 vivitiea

202 2429 307 2458 scilicet
322 2430 423 2465 gratia,
440 2438 500 2467 quae
515 2437 556 2460 est
567 2440 581 2459 a
599 2432 665 2460 Deo.
683 2432 779 2460 Psallit
804 2433 874 2462 enim
891 2433 990 2461 alicubi

202 2476 327 2510 etinquit
343 2477 450 2505 divinus
470 2478 555 2506 David
572 2488 579 2506 :
596 2488 606 2504 ι
625 2479 741 2507 Emittes
755 2479 886 2515 Spiritum
904 2484 991 2514 tuum,

201 2526 230 2550 et
255 2522 435 2556 creabantur,
455 2529 483 2551 et
508 2525 650 2552 renovabis
680 2525 774 2553 faciem
803 2525 947 2559 ωτι-ευρ
965 2526 990 2553 id

202 2571 254 2600 est,
276 2569 450 2596 terrestrium
481 2569 642 2598 incolarum.
673 2570 740 2597 Tum
771 2570 991 2599 hacreditabimus

202 2614 391 2649 generationes
404 2617 620 2650 generationum,
637 2617 663 2644 in
675 2617 870 2652 longitudinem
887 2617 991 2644 dierum

171 2672 174 2676 ~
202 2659 336 2693 videlicet.
360 2666 448 2689 morte
464 2662 562 2690 abolita
578 2667 606 2691 et
629 2663 734 2691 sublata
752 2664 778 2690 in
793 2668 878 2691 totum
899 2671 993 2690 corru-

201 2706 304 2741 ptione.
321 2707 451 2734 Dicuntur
466 2715 537 2743 saepe
560 2710 585 2736 in
604 2709 746 2744 Scriptura
761 2709 891 2737 divinitus
906 2709 993 2745 inspi-

198 2759 268 2787 rata,
297 2761 360 2782 ossa
388 2754 473 2781 animi
498 2755 689 2792 intelligibilia,
716 2759 835 2784 actuosa:
866 2756 991 2791 quaedam

238 2857 262 2873 “
276 2855 376 2883 .lcrem.
395 2863 459 2889 nr,
473 2855 518 2882 27.

205 2881 226 2898 ,ς
276 2855 376 2898 .lcrem.
395 2863 459 2898 agr,
473 2855 518 2882 27.
569 2856 592 2873 "
611 2855 682 2884 Psal.
699 2863 767 2890 xm,
788 2856 814 2891 5,
831 2856 858 2884 6.

242 2892 315 2921 Psal.
332 2899 388 2924 cut,
402 2890 446 2918 50.

901 2855 929 2896 "°
948 2855 1027 2884 Cant.
1054 2855 1091 2890 ιι,
1110 2857 1151 2884 t0.

1043 2295 1083 2328 δὲ,
1099 2294 1192 2330 φησιν,
1204 2294 1241 2325 ὠς
1254 2293 1352 2328 βοτάνη
1364 2293 1497 2325 ἀνατελεῖ,
1509 2293 1556 2319 καὶ
1568 2291 1778 2327 πιανθήσονται,
1792 2292 1840 2317 καὶ

1044 2341 1277 2376 κληρονομήσουσι
1293 2338 1390 2373 γενεάς
1404 2339 1518 2373 γενεῶν.
1548 2338 1659 2365 Ἔοικεν
1681 2338 1712 2364 ὲν
1735 2338 1841 2369 τούτοις

1045 2387 1075 2413 τὸ
1089 2386 1140 2422 τῆς
1158 2385 1333 2416 ἀναστάσεως
1348 2383 1516 2418 καταδηλοῦν
1532 2383 1696 2418 μυστήριον·
1721 2383 1841 2417 ἀναστή-

1046 2439 1121 2459 σεται
1137 2430 1192 2465 γάρ
1204 2429 1263 2455 τότε
1279 2429 1308 2455 τὸ
1329 2428 1417 2463 σῶμα,
1432 2428 1557 2463 καθάπερ
1569 2435 1612 2459 τις
1630 2428 1660 2454 ὲν
1677 2427 1758 2463 ἀγρῷ
1776 2428 1840 2457 πόα,

1045 2477 1115 2504 κατὰ
1138 2476 1187 2512 μὲν
1206 2475 1255 2511 τὴν
1271 2474 1317 2501 τοῦ
1342 2473 1475 2510 χειμῶνος
1506 2473 1581 2509 ὥραν
1599 2473 1773 2509 μαρανθεῖσα
1796 2474 1842 2499 καὶ

1045 2522 1234 2557 καταμύσασα,
1249 2520 1371 2555 γελώσης
1387 2529 1418 2554 γε
1440 2519 1492 2555 μὴν
1512 2519 1623 2555 ἐαρινῆς
1645 2518 1752 2552 εὐδίας,
1779 2519 1840 2545 ἀνα·

1046 2571 1145 2604 φυεῖσα
1172 2568 1270 2600 πάλιν,
1298 2567 1344 2594 καὶ
1377 2564 1431 2593 οἷον
1458 2565 1668 2600 ὑπονοστήσασα
1700 2565 1770 2600 πρὸς
1797 2565 1839 2590 τὸν

1045 2616 1139 2644 ἐνόντα
1154 2616 1222 2651 αὑτῇ
1237 2615 1307 2641 κατὰ
1324 2614 1404 2648 φύσιν
1419 2613 1570 2650 ὡραῖσμόν.
1595 2612 1794 2639 ’Δνατείλαντά
1810 2620 1838 2646 γε

1049 2664 1103 2700 μὴν
1119 2663 1157 2694 ὼς
1180 2661 1279 2698 βοτάνη
1310 2661 1343 2687 τά
1363 2659 1430 2687 ὀστᾶ
1464 2659 1747 2694 καταπιανθήσυνται,
1765 2659 1844 2704 φησὶ,

1046 2711 1078 2745 τῇ
1095 2707 1218 2743 ζωοποιῷ
1246 2706 1368 2742 δηλονότι
1383 2706 1474 2742 χάριτι
1493 2707 1526 2741 τῇ
1544 2704 1621 2741 παρὰ
1638 2705 1719 2732 Θεοῦ.
1739 2704 1838 2732 Ψὰλλει

1046 2755 1100 2791 γάρ
1116 2762 1166 2781 που
1182 2753 1228 2780 καί
1249 2761 1331 2788 φησιν
1346 2752 1359 2778 ὁ
1375 2751 1516 2783 θεσπέσιος
1530 2750 1628 2778 Δαϐίδ¹
1644 2759 1655 2777 ι
1679 2750 1839 2783 Ἑξαποστεσ

1203 2858 1228 2874 ⁸⁷
1245 2857 1324 2885 Juan.
1355 2863 1402 2888 vn,
1427 2854 1471 2882 38.
1521 2855 1544 2871 "
1561 2854 1639 2882 Joan.
1663 2863 1701 2889 tv,
1725 2855 1771 2887 15,
1796 2854 1836 2882 Η.
