1893 3052
58 185 128 213 I‘ZO'I

611 185 644 212 IN
665 185 782 213 lSAlAM
803 186 867 213 LIB.
891 186 922 214 V.
944 186 1066 215 TOMUS
1085 186 1131 215 IV.

1626 184 1692 212 1298

53 242 113 274 λεῖς
127 241 158 269 τδ
173 239 285 276 Πνεῦμά
303 250 360 275 σου,
385 242 432 269 καὶ
455 241 656 278 κτισθήσονται,
672 243 719 268 καὶ
735 243 833 270 ἀνακαι

945 252 958 272 s
974 244 1117 272 facultates
1128 248 1156 272 et
1174 244 1302 279 energies,
1336 248 1365 270 ut
1380 250 1442 271 cum
1453 242 1554 270 dicitur
1570 251 1577 269 :
1600 251 1608 268 ι
1623 241 1694 270 Deus

55 290 124 320 νιεῖς
136 287 165 315 τὸ
182 288 327 330 πρόσωπον
341 288 391 323 τῆς
403 288 465 324 γῆς,
485 298 494 314 ι
511 289 645 320 τουτέστι,
656 288 712 316 τῶν
729 289 775 316 ὲπὶ
788 289 852 325 γῆς,

56 334 126 361 Τότε
144 333 383 369 κληρονομήσομεν
399 334 495 367 γενεὰς
513 333 625 368 γενεῶν,
645 334 852 369 μακροημέρευ-

58 388 103 406 σιν
116 379 238 414 δηλονότι
249 379 469 415 καταργηθέντος
481 380 606 412 θανάτου,
621 380 668 406 καὶ
678 379 854 416 ἀνῃρημένης

56 426 176 452 εἱσάπαν
204 425 252 461 τῆς
278 425 391 461 φθορᾶς.
421 426 537 461 Εἴρηται
560 425 589 452 δὲ
614 425 777 461 πλεισταχοῦ
804 425 854 461 τῆς

58 471 243 499 θεοπνεύστου
264 472 388 507 Γραφῆς,
403 472 470 498 ὀστᾶ
484 471 575 507 ψυχῆς
591 472 685 508 νοητὰ,
703 472 855 508 πρακτικαί

57 526 134 549 τινες
154 518 239 553 αὐτῆς
268 517 397 553 δυνάμεις
421 518 469 545 καὶ
490 518 637 554 ἐνέργειαι,
663 518 702 549 ὡς
725 518 753 545 ἔν
770 526 802 551 γε
816 517 855 552 τῷ

60 563 157 598 φάναι,
171 565 212 591 ὅτι
225 573 234 589 ι
247 564 276 590 '0
292 563 358 596 Θεὸς
378 563 567 599 διεσκόρπισεν
590 564 656 590 ὀστᾶ
679 562 856 599 ἀνθρωπαρέ-

61 619 146 636 σκων.
158 619 168 636 ι
180 610 217 637 Οὐ
233 609 288 646 γάρ
302 618 343 637 τοι
357 610 391 636 τὰ
407 609 454 636 τοῦ
470 609 596 646 σώματος
607 609 675 636 ὀστᾶ
688 609 855 644 διασκίδνησι

60 656 141 687 Θεὸς,
165 655 307 692 συνθραύει
329 656 359 683 δὲ
384 655 483 692 μᾶλλον
506 656 556 688 τὰς
578 657 629 692 τῆς
654 655 743 691 ψυχῆς
766 655 856 682 αὐτῶν

59 702 202 737 δυνάμεις,
218 701 288 729 ὥστε
303 702 386 737 μηδὲν
398 702 526 729 δύνασθαι
539 702 688 738 κατορθοῦν
703 702 757 729 τῶν
772 703 857 738 ὁρών-

60 758 118 776 των
131 749 169 784 (l)
186 749 294 781 αὐτοὺς,
310 750 358 775 καὶ
372 749 421 775 οὐκ
437 750 477 781 είς
490 749 568 781 δόξαν
581 749 650 776 Θεοῦ
666 749 777 784 μᾶλλον,
795 749 856 776 οὔτε

66 794 121 830 μὴν
138 795 179 826 εἰς
195 795 288 830 όνησιν
303 795 354 830 τῆς
368 795 457 822 αὐτῶν
471 795 560 831 ψυχῆς
575 795 742 831 πράττεσθαί
757 804 783 822 τι
803 796 857 823 τῶν

61 841 130 876 παρ’
141 841 255 873 ἐκείνοις
264 842 345 876 φιλεῖ.
362 841 433 877 Ἔφη
444 841 472 869 δὲ
485 842 566 869 πάλιν
576 842 591 869 ό
603 842 745 875 θεσπέσιος
758 843 854 878 Μελῳ-

61 887 118 919 δὸς,
132 897 141 913 ι
158 888 220 914 Ὅτι
233 888 360 923 ἐσίγησα,
379 888 538 924 ὲπαλαιώθη
551 888 585 916 τὰ
601 889 668 916 ὀστᾶ
682 897 732 924 μου
746 889 800 916 ἀπὸ
811 888 857 916 τοῦ

63 933 177 969 κράζειν
193 943 226 969 με
236 934 300 969 ὃλην
318 934 367 970 τὴν
389 934 507 971 ήμέραν,
525 944 535 961 ι
560 935 694 967 τουτέστι,
710 934 859 970 δοξολογεῖν

64 980 112 1006 καὶ
136 980 345 1016 προσεύχεσθαι,
362 980 494 1015 σεσίγηκα
516 981 607 1008 πεσὼν
631 982 670 1013 εις
684 981 858 1017 ἀνθρωπίνην

64 1026 261 1062 μικροψυχίαν.
292 1026 464 1062 Ἐπαλαιώθη
490 1036 541 1063 μου
563 1027 598 1055 τὰ
621 1028 698 1062 ὀστᾶ,
711 1028 860 1061 τουτέστιν,

63 1071 262 1107 ὲιαορώθησαν
278 1073 305 1098 αί
320 1073 368 1108 τῆς
391 1072 520 1106 διανοίας,
540 1074 598 1110 ἦτοι
614 1074 663 1109 τῆς
676 1074 766 1110 ψυχῆς
779 1074 860 1101 δυνὰ‹

65 1125 140 1152 pug.
171 1114 257 1144 Αὗται
276 1118 366 1145 τοίνυν
388 1120 420 1145 ἐκ
438 1119 576 1154 ῥᾳθυμίας
608 1119 665 1146 ἐσθ’
678 1120 723 1146 ὅτε
739 1120 862 1156 παραλυ-

65 1162 155 1189 θεῐσαι
176 1163 263 1199 βραχὺ
289 1164 370 1191 πάλιν
392 1165 429 1196 ὡς
454 1165 554 1201 βοτάνη
569 1166 753 1200 ἀνατέλλουσι,
777 1173 862 1193 κατα-

65 1208 221 1241 πιαίνοντος
244 1210 311 1237 Θεοῦ
341 1211 532 1246 παρακλήσεσι
559 1213 620 1244 ταῖς
644 1211 689 1239 διὰ
712 1212 759 1239 τοῦ
785 1212 862 1247 ἁγίου

903 292 1030 326 dispersit
1052 299 1113 319 ossa
1142 298 1237 319 eorum
1257 290 1304 326 qui
1334 289 1490 317 hominibus
1515 288 1663 325 placent".
1681 297 1692 315 ι
1742 320 1749 326 .

903 337 961 364 Non
978 337 1050 364 enim
1069 337 1191 372 corporis
1211 344 1273 364 ossa
1294 336 1411 371 dissipat
1426 335 1508 368 Deus,
1532 335 1580 362 sed
1597 334 1696 362 animae

904 383 977 411 vires
989 391 1021 411 ac
1036 382 1177 410 facultates
1190 382 1338 416 confringit
1350 389 1382 409 ac
1399 381 1570 413 comminuit,
1583 385 1613 408 ut
1628 380 1695 408 nihil

904 429 976 464 quod
1003 434 1106 465 spectet
1130 430 1163 458 ad
1197 429 1323 457 virtutem
1346 427 1430 464 824
1455 427 1561 463 possint
1578 426 1694 455 etlicere.

907 485 917 501 ‹
935 475 1019 504 Nemo
1029 476 1100 504 enim
1112 480 1268 509 coronatur,
1282 475 1332 503 nisi
1347 474 1466 516 legitime
1478 474 1626 502 certaverit
1636 473 1671 507 ει,
1685 483 1694 498 ι

905 522 1053 550 secundum
1072 522 1098 550 id
1115 522 1187 557 quod
1204 523 1336 557 scriptum
1351 526 1402 549 est.
1416 520 1451 547 At
1463 527 1561 556 scopus
1581 525 1609 548 et
1636 519 1697 547 ﬁnis

905 575 999 596 eorum
1013 568 1058 602 qui
1068 568 1222 595 hominibus
1231 568 1338 602 placent
1350 574 1382 595 ac
1396 566 1583 598 blandiuntur,
1594 568 1699 600 spectat
1728 569 1731 572 '

907 615 940 642 ad
966 614 1058 641 laudes
1077 621 1136 649 qua:
1152 614 1184 640 ad
1202 614 1274 648 ipsos
1300 613 1424 641 homines
1456 610 1608 640 redundant
1624 619 1630 638 :
1648 617 1699 637 nec

907 661 949 688 vel
968 661 1000 688 ad
1016 661 1127 696 gloriam
1136 660 1194 693 Dei,
1213 659 1255 688 vel
1267 660 1300 687 ad
1314 659 1457 686 utilitatem
1477 657 1559 685 animi
1575 658 1699 693 ipsorum

906 706 1051 741 quidquam
1079 706 1136 733 ﬁeri
1162 706 1195 733 ah
1225 705 1279 733 illis
1308 704 1386 733 solet.
1406 704 1510 731 Rursus
1525 703 1606 730 ctiam
1632 702 1700 730 dixit

908 753 1015 781 divinus
1031 752 1136 780 Psaltcs
1153 762 1160 781 :
1180 761 1189 778 ι
1210 751 1278 785 Quia
1295 751 1376 784 tacui,
1402 751 1622 778 inveteraverunt
1636 756 1699 776 ossa

908 807 976 830 mea,
1003 805 1036 826 eo
1052 799 1124 833 quod
1149 798 1294 825 clamarem
1312 801 1366 824 tota
1382 797 1424 824 die
1438 797 1472 830 ",
1489 806 1497 822 ι
1519 795 1545 823 id
1559 795 1700 829 est,glori-

909 844 1020 872 ficarent
1040 849 1066 872 et
1086 852 1207 877 orarem,
1228 843 1298 872 Iacui
1331 843 1469 877 deinceps,
1500 842 1526 869 in
1554 842 1699 869 humanam

909 890 1159 927 pusillanimitatent
1183 890 1284 924 lapsus.
1310 888 1533 916 [inveteraverunt
1549 894 1612 915 ossa
1629 884 1699 918 mea,

913 937 939 964 id
953 941 1004 968 est,
1022 940 1243 971 computruerunt
1261 934 1344 963 animi
1370 933 1527 962 facultates.
1548 932 1596 960 Hae
1620 932 1701 967 igitur

912 983 1049 1011 dissoluta:
1082 981 1277 1018 aliquantulum
1306 985 1333 1008 et.
1359 980 1473 1015 torpida:
1496 985 1700 1013 nonnunquam,

911 1036 1015 1061 rursus,
1025 1035 1076 1055 ccu
1091 1027 1186 1060 herba,
1205 1025 1394 1058 reﬂorescunt,
1414 1024 1632 1060 pinguefaciente
1649 1023 1704 1050 Deo

910 1072 1141 1101 consolationibus
1172 1069 1355 1106 spiritualibus
1372 1073 1399 1096 et
1420 1076 1480 1096 eam
1496 1067 1702 1097 corroborante,

911 1125 940 1148 ut
957 1120 1020 1148 inde
1043 1127 1091 1147 nos
1128 1118 1249 1146 hmrcdes
1279 1116 1404 1144 instituat
1435 1115 1462 1142 in
1487 1113 1701 1149 longaevitatcm.

912 1166 983 1194 Nihil
999 1166 1071 1193 enim
1085 1162 1301 1199 aliudsigniiicat
1321 1161 1385 1189 illud
1403 1170 1409 1188 :
1428 1160 1456 1188 ln
1472 1159 1664 1196 generationes
1678 1162 1705 1185 et

913 1212 1112 1248 generationes.

65 1255 239 1290 Πνεύματος,
251 1257 296 1283 καὶ
310 1256 534 1292 ἀναῤῥωννύντος
543 1257 638 1293 αὐτὴν.
650 1257 720 1284 ὥστε
735 1257 779 1285 διὰ
797 1258 876 1285 τοῦτο
896 1257 1079 1294 κληρονόμους
1115 1257 1189 1292 ἡμᾶς
1211 1255 1379 1291 καταστῆναι
1414 1254 1463 1289 τῆς
1481 1254 1520 1285 εἰς
1544 1252 1706 1288 μακραίωνα

65 1301 157 1336 ζωῆς·
175 1301 301 1337 σημαίνει
316 1302 370 1339 γὰρ
385 1302 474 1335 τοῦτο,
490 1302 538 1328 καὶ
555 1302 650 1338 ἕτερον
670 1302 747 1330 οὐδὲν
762 1303 804 1337 τὸ,
816 1303 855 1334 εἰς
875 1302 970 1337 γενεὰς
987 1302 1096 1336 γενεῶν.

102 1349 160 1377 Καὶ
182 1349 471 1385 οἱκοδομηθιξσονταί
492 1358 550 1378 σου
566 1352 595 1377 at
614 1350 718 1386 ἔρημοι
735 1350 860 1383 alt-3mm,

67 1397 119 1424 καὶ
140 1397 227 1423 ἔσται
253 1405 311 1424 σου
327 1397 362 1424 τὰ
384 1397 506 1432 θεμέλια
528 1397 639 1432 γενεῶν
661 1397 789 1433 γενεαῖς.
813 1397 862 1424 καὶ

67 1442 213 1477 κληθήσῃ
236 1442 393 1477 οἰκοδόμος
417 1442 570 1478 φραγμῶν,
592 1443 642 1471 καὶ
669 1442 722 1476 τὰς
743 1443 864 1478 τρίϐους

68 1489 124 1522 τὰς
148 1488 303 1524 ἀναμέσον
319 1490 457 1523 παύσεις.

109 1535 148 1561 Δι’
169 1535 270 1570 ἐτέρων
285 1535 331 1562 δύο
345 1536 574 1571 παραδειγμάτων
592 1537 606 1563 ό
620 1536 787 1572 προφητικδς
799 1537 866 1572 ἡμῖν

72 1581 184 1616 ἔρχεται
201 1581 289 1616 λόγος,
326 1582 373 1608 καὶ
398 1581 452 1608 τῶν
477 1582 676 1619 κεκρυμμένων
705 1583 814 1610 ἐννοιῶν
837 1583 867 1610 τὸ

76 1628 176 1660 κάλλος
193 1629 359 1664 ὲκφαίνεται.
384 1629 428 1661 Ὠς
452 1630 506 1666 γὰρ
526 1630 572 1657 ἐπὶ
588 1630 692 1662 πόλεως
714 1630 867 1667 ἐρημωθεί-

75 1682 127 1709 σης
153 1674 230 1706 ποτὲ,
256 1674 303 1701 καὶ
326 1675 576 1711 κατασεσεισμένης
602 1676 734 1709 είσάπαν,
759 1676 797 1708 ὡς
821 1677 868 1704 καὶ¹

71 1719 228 1755 ἀτείχιστον
243 1719 329 1755 αὐτὴν
341 1720 501 1755 ἀπομεῖναι,
516 1721 545 1747 τὸ
557 1719 604 1747 τοῦ
623 1720 703 1755 λόγου
719 1721 867 1747 πλάττεται

71 1765 179 1800 σχῆμα.
195 1765 229 1791 Αἱ
244 1766 298 1800 γὰρ
311 1764 411 1801 ἔρημοι
428 1774 485 1796 σου,
501 1765 595 1800 φησὶν,
608 1765 868 1802 οίκοδομηθήσονται

70 1811 190 1843 αίώνιοι,
213 1812 361 1844 τουτέστιν,
387 1812 438 1839 οὐκ
463 1812 512 1848 ἔσῃ
537 1813 626 1848 γυμνὴ
644 1812 697 1839 τῶν
723 1813 869 1841 οἰκούντων

70 1857 125 1892 τὴν
145 1856 197 1892 σὴν
211 1858 326 1893 καρδίαν
341 1857 480 1893 λογισμῶν
497 1858 617 1893 ἀγαθῶν,
642 1858 703 1885 οὔτε
726 1859 780 1894 μὴν
795 1859 869 1886 ἀτεί-

75 1910 182 1938 χιστος,
199 1903 216 1938 ἢ
234 1903 405 1940 ἀφρούρητος
419 1905 575 1940 ἁπομενεῖς,
591 1905 638 1932 καὶ
656 1906 734 1941 βάσιν
759 1907 869 1944 ἑδραίαν

74 1948 129 1975 οὐκ
143 1948 252 1984 ἔχουσα.
278 1950 424 1986 Γενήσεται
440 1951 494 1986 γάρ
517 1960 558 1978 σοι
586 1951 709 1987 θεμέλιος
724 1953 738 1979 ό
753 1954 868 1989 Χριστὸς

76 1994 127 2020 καὶ
147 1993 282 2028 ἀσφάλεια
300 1994 435 2031 διηνεκὴς,
461 1996 508 2022 καὶ
530 1995 567 2028 ὡς
582 1996 659 2029 πόλις
680 1996 729 2033 ἔσῃ
752 1998 870 2025 πολυαν-

72 2038 179 2073 δροῦσα
205 2040 257 2074 ,καὶ
281 2040 484 2077 ἀναριθμήτους
506 2041 607 2076 ἔχουσα
629 2043 692 2075 τοὺς
712 2044 867 2080 οἰκήτορας.

72 2085 108 2112 Αἱ
125 2084 182 2121 γὰρ
194 2086 248 2112 τῶν
266 2086 352 2121 ἁγίων
367 2087 454 2122 ψυχαὶ
479 2087 568 2122 λόγων
585 2096 615 2114 τε
630 2089 678 2115 καὶ
691 2089 800 2116 ἐννοιῶν
815 2090 870 2116 εἰσι

74 2131 187 2166 μεσταὶ,
200 2132 255 2159 τῶν
270 2133 335 2168 περὶ
358 2132 425 2159 Θεοῦ
442 2133 575 2169 δηλονότι.
596 2134 719 2170 Πλεῖστοι
743 2135 771 2162 δὲ
786 2132 868 2169 οὗτοι,

74 2177 123 2204 καὶ
140 2177 185 2204 διὰ
203 2178 253 2213 τῆς
265 2179 305 2210 είς
321 2178 397 2215 λῆξιν
422 2179 568 2215 ἀκριϐείας
591 2181 744 2216 ἐρχόμενοι,
762 2181 818 2208 ἀνω
840 2191 870 2208 τε

947 1351 1027 1379 Vnus.
1051 1350 1094 1377 12.
1112 1348 1145 1376 Et
1163 1349 1364 1383 wdiﬁcabunmr
1388 1346 1435 1373 tibi
1465 1346 1570 1373 deserta
1587 1344 1614 1371 in
1634 1349 1709 1371 ceter-

911 1406 983 1430 num,
997 1404 1020 1425 et
1034 1403 1108 1424 erunt
1121 1402 1168 1424 tua
1187 1396 1361 1430 fundamenta
1384 1393 1580 1429 generationum
1597 1399 1706 1425 genera-

912 1444 1049 1472 tionibus:
1068 1448 1092 1471 ει
1118 1442 1252 1470 vocaberis
1284 1441 1432 1476 (edi/icalor
1458 1438 1647 1469 maceriarum,
1681 1442 1705 1463 et

912 1492 1018 1520 semitas
1028 1499 1087 1527 quae
1100 1496 1160 1518 sunt
1175 1491 1201 1516 in
1210 1489 1296 1516 medio
1307 1488 1441 1524 quiescere
1455 1486 1548 1522 facies.

955 1539 1022 1566 Aliis
1047 1537 1153 1566 duobus
1185 1535 1317 1570 exemplis
1357 1533 1515 1570 prophetica
1555 1531 1707 1558 illustratur

919 1587 1017 1618 oratio,
1031 1589 1059 1612 et
1085 1583 1287 1612 reconditarum
1314 1580 1512 1610 sententiarum
1536 1576 1708 1614 pulchritudo

917 1632 1080 1660 ostenditur.
1105 1629 1171 1658 Nam
1187 1628 1261 1657 velut
1280 1636 1295 1656 a
1310 1631 1414 1656 vastata
1438 1625 1574 1662 quondam
1598 1623 1664 1652 urbe
1682 1627 1709 1650 et

919 1677 945 1705 in
960 1682 1044 1705 totum
1063 1676 1223 1709 disturbata,
1241 1682 1302 1710 qua:
1331 1674 1390 1702 sine
1416 1671 1551 1700 mmnibus
1568 1670 1638 1697 nuda
1655 1675 1709 1696 ma-

918 1729 975 1757 net,
1002 1723 1089 1752 oratio
1118 1723 1263 1751 formatur.
1295 1721 1406 1748 Deserta
1433 1719 1519 1750 enim,
1545 1717 1642 1752 inquit,
1663 1720 1709 1742 tua

918 1769 1123 1798 mditicabuntur
1144 1768 1171 1795 in
1190 1772 1333 1798 aeternum,
1353 1765 1380 1792 id
1405 1768 1458 1796 est,
1487 1770 1539 1790 non
1564 1761 1620 1789 eris
1639 1759 1710 1788 nuda

919 1816 996 1844 bonis
1018 1814 1225 1851 cogitationibus
1237 1820 1285 1841 cor
1310 1817 1387 1839 tuum
1416 1807 1640 1839 inhabitantibus,
1661 1813 1711 1833 nec

920 1863 1054 1889 numinibus
1083 1861 1221 1893 destituta,
1248 1863 1294 1886 aut
1326 1855 1489 1885 incustodita
1523 1852 1647 1882 manebis
1683 1855 1711 1879 et

920 1909 998 1936 ﬁrma
1023 1908 1084 1936 basi
1121 1914 1227 1936 carens.
1251 1905 1308 1933 Fiet
1328 1904 1402 1932 enim
1430 1903 1476 1930 tibi
1504 1900 1710 1929 fundamentum

919 1954 1044 1982 Christus
1069 1957 1097 1980 et
1117 1951 1288 1980 incolumitas
1313 1954 1452 1986 perpetua,
1473 1952 1501 1976 et
1523 1945 1600 1982 quasi
1614 1944 1711 1973 civitas

920 2000 975 2027 eris
988 1999 1079 2026 multis
1097 1999 1229 2027 instructa
1249 1997 1325 2029 viris,
1350 2003 1411 2031 qua:
1435 1991 1646 2022 innumerabiles
1661 1991 1711 2018 ha-

920 2047 966 2074 bet
980 2046 1095 2074 incolas.
1125 2044 1291 2074 Sanetorum
1308 2043 1381 2070 enim
1409 2041 1492 2069 animi
1508 2045 1664 2068 sermonum
1685 2040 1712 2064 et

921 2093 1115 2121 sententiarum
1139 2091 1210 2126 pleni
1239 2094 1312 2122 sunt,
1334 2089 1367 2116 de
1384 2088 1442 2116 Deo
1468 2086 1593 2118 scilicet;
1609 2092 1642 2112 ac
1656 2083 1713 2119 plu-

921 2138 982 2166 rimi
1011 2138 1044 2165 ad
1075 2137 1162 2171 ipsum
1193 2134 1367 2171 perfectionis
1398 2133 1514 2169 gradum
1543 2129 1712 2166 perveniunt,

920 2191 1036 2219 eumque
1065 2183 1150 2218 magis
1175 2190 1207 2210 ac
1229 2181 1315 2216 magis
1336 2184 1448 2215 augent.
1479 2186 1511 2206 ac
1541 2176 1614 2205 omni
1643 2175 1713 2203 bono

74 2224 123 2251 καὶ
140 2224 217 2251 κάτω
235 2225 405 2260 περιθέοντες
421 2226 517 2262 αὐτὴν,
542 2226 633 2263 πλήρη
648 2235 678 2253 τε
695 2227 779 2264 αὐτὴν
802 2228 863 2254 ἀπο-

943 2229 1071 2258 umulant.
1089 2228 1235 2257 Vocabcris
1263 2232 1395 2263 praeterea
1411 2225 1560 2253 aedificator
1582 2221 1714 2250 maceria-

73 2271 219 2305 φαίνοντες
235 2271 338 2306 ἀγαθοῦ
355 2272 465 2304 παντὸς.
484 2272 616 2310 κληθήσῃ
638 2273 666 2300 δὲ
684 2274 752 2310 πρὸς
779 2274 869 2311 τούτῳ

73 2316 124 2343 καὶ
147 2316 290 2352 οἰκοδόμος
313 2318 458 2353 φραγμῶν,
484 2319 530 2346 καὶ
555 2319 605 2351 τὰς
618 2319 729 2355 τρίϐους
752 2321 802 2353 τὰς
819 2321 872 2350 ἀνὰ

75 2363 163 2398 μέσον
178 2363 310 2396 παύσεις·
334 2366 397 2396 τοὺς
423 2365 471 2400 μὲν
486 2365 540 2401 γὰρ
559 2366 680 2402 ἐρήμους
700 2366 755 2394 τῶν
776 2368 872 2404 κήπων

74 2409 172 2436 πολλοὶ
194 2409 255 2436 λίαν
277 2410 302 2436 oi
327 2410 565 2446 διαστοιχίζοντες.
595 2412 793 2449 Ἐφεστηκότος
817 2414 872 2450 γὰρ

73 2456 147 2488 ὅλως
169 2455 287 2489 οὐδενὸς,
302 2456 385 2492 ἤγουν
402 2457 632 2494 περιφράττοντος
648 2458 734 2494 ἀπρὶξ
760 2456 815 2486 εἷεν
839 2459 873 2486 ἂν

74 2502 155 2529 οὐδὲν
167 2502 317 2535 κωλύοντες
331 2504 394 2536 τοὺς
418 2504 462 2531 διὰ
486 2504 569 2540 μέσου
586 2504 705 2540 βαδίζειν
718 2504 872 2538 ἐθέλοντας,

77 2548 110 2574 Εἰ
123 2547 152 2575 δὲ
172 2548 206 2584 δὴ
229 2549 348 2583 γένοιντό
372 2558 430 2582 πως
450 2550 502 2576 ὑπὸ
526 2551 646 2586 γηπόνον
672 2551 792 2587 ἀσφαλῆ,
810 2552 873 2579 τότε

77 2593 126 2620 καὶ
142 2593 325 2622 ἀποϐάλλουσι
343 2595 373 2622 τὸ
383 2597 438 2627 τοῖς
456 2595 510 2622 τῶν
527 2596 631 2623 πολλῶν
647 2596 807 2624 ὑποκεῖσθαι
824 2606 872 2624 πο-

78 2639 132 2672 σὶν,
154 2639 341 2675 ἐγηγερμένον
368 2640 488 2676 δηλονότι.
514 2640 654 2677 φραγμοῦ.
682 2641 874 2670 Πεπαύσονται.

78 2685 134 2721 γὰρ
149 2685 235 2718 οὕτως
249 2687 277 2713 αἱ
291 2686 336 2713 διὰ
351 2687 434 2722 μέσου
453 2687 550 2724 τρίὸοι.
571 2689 640 2724 Ἔσῃ
660 2688 762 2723 τοῐνυν,
778 2690 872 2724 φησὶν,

79 2730 117 2761 ὼς
133 2730 268 2767 ἐπιμελὴς
283 2731 400 2767 γηπόνος
419 2733 563 2768 φραγμοὺς
577 2733 701 2770 ἐγείρων,
719 2734 766 2761 καί
777 2734 873 2761 παύων

116 2825 141 2842 ⁸ο
159 2823 233 2851 Psal.
246 2832 295 2857 ιιι,
315 2823 341 2850 fi.
381 2824 401 2840 "
421 2823 442 2851 ll
460 2824 529 2852 Tim.
545 2832 575 2858 ιι,
595 2825 622 2852 5.

925 2284 995 2311 runt,
1011 2281 1038 2304 et
1053 2275 1164 2303 semitas
1176 2282 1235 2310 qua:
1247 2278 1311 2301 sunt
1320 2273 1347 2300 in
1364 2271 1452 2300 medio
1461 2271 1603 2306 quiescere
1616 2267 1712 2295 facies.
1757 2295 1768 2306 .

924 2322 1023 2350 Hortos
1035 2322 1108 2350 enim
1130 2328 1230 2349 vacuos
1246 2319 1354 2356 plurimi
1372 2321 1583 2353 pertranseunt:
1600 2314 1709 2343 nemine

924 2369 996 2396 enim
1022 2367 1187 2400 intendente,
1217 2373 1266 2393 nec
1298 2364 1412 2392 firmiter
1431 2363 1619 2394 obmuniente,
1648 2360 1714 2388 nihil

924 2418 967 2442 est
981 2414 1053 2448 quod
1066 2420 1123 2445 eos,
1135 2412 1181 2446 qui
1199 2419 1247 2447 per
1261 2410 1377 2438 medium
1393 2410 1433 2437 ire
1448 2410 1554 2441 volunt,
1574 2407 1714 2443 impediat.

924 2460 959 2488 At
972 2460 994 2487 si
1013 2464 1071 2487 tuto
1085 2457 1210 2495 agricola:
1221 2456 1435 2487 committantur,
1458 2459 1521 2482 tunc
1533 2462 1585 2482 non
1602 2453 1716 2488 amplius

927 2505 1072 2533 multorum
1101 2504 1214 2540 pedibus
1242 2503 1393 2533 calcantur,
1424 2500 1576 2536 sepimento
1610 2499 1714 2526 scilicet

926 2554 1030 2579 erecto.
1047 2549 1199 2578 Cessabunt
1217 2548 1288 2576 enim
1307 2547 1347 2575 sic
1369 2545 1474 2574 semitae
1488 2552 1548 2579 quae
1571 2544 1600 2571 in
1627 2543 1717 2571 medio

926 2602 999 2625 sunt.
1009 2597 1070 2625 Eris
1083 2596 1174 2631 igitur,
1184 2594 1267 2631 825
1280 2593 1379 2628 inquit,
1394 2599 1444 2620 ceu
1456 2591 1573 2625 diligens
1584 2590 1716 2625 agricola,

926 2643 1077 2677 sepimenta
1092 2646 1120 2669 et
1133 2642 1244 2682 semitas
1274 2638 1451 2668 intermedias
1473 2637 1629 2664 obstruens.
1647 2634 1715 2661 Nam

927 2689 1046 2724 quandiu
1064 2688 1156 2715 anima
1179 2680 1221 2715 est
1243 2685 1416 2718 incustodita,
1437 2686 1555 2711 stertens
1576 2680 1711 2712 socordia,

928 2739 955 2763 et
969 2734 1081 2770 proinde
1100 2733 1180 2762 foedis
1200 2733 1382 2768 voluptatibus
1408 2728 1529 2766 exposita
1543 2737 1549 2755 :
1562 2726 1657 2755 similis
1675 2729 1717 2752 est

680 2825 702 2840 ε’
721 2823 792 2852 Psal.
809 2832 883 2858 xxxi,
903 2824 929 2852 5.

118 2915 158 2952 (ι)
176 2915 273 2944 Dccsse
306 2915 349 2944 hic
371 2915 510 2950 nonnulla,
537 2920 610 2951 patet
630 2924 663 2944 ex
698 2915 837 2944 llumfrcdi
869 2916 1002 2943 versione.
