1893 3052
211 189 279 217 1299

208 251 287 278 horto
306 255 385 283 quem
414 254 508 275 omnes
534 250 698 282 praetereunt
713 250 741 274 et
754 245 915 282 pervadunt.
940 246 989 274 Ubi
1005 247 1027 276 Δ

207 301 296 322 autent
318 293 518 328 expergefacta,
549 300 565 320 e
583 293 710 320 vitiorum
737 292 842 328 laqueis
868 293 990 327 eruperit

206 342 233 365 et
242 336 384 370 exsilierit,
400 342 427 364 et
443 333 510 365 bene
526 337 622 372 agendi
638 337 804 365 voluntatem
828 337 988 372 susceperit,

206 388 355 412 etinenlem
374 383 450 418 quasi
466 383 615 418 sepimento
635 383 752 418 quodam
767 388 823 411 tuto
835 383 990 412 obvallave-

207 429 252 462 rit,
269 427 371 462 divino,
387 429 508 464 inquam,
524 430 631 462 timore,
646 434 675 457 et
694 429 872 465 cogitationes
895 429 988 462 animi,

205 482 266 509 quae
291 474 356 502 olim
376 474 414 502 illi
440 474 585 502 dominans
613 478 686 507 sunt,
714 481 773 509 quae
803 481 852 509 per
872 474 989 503 medium

206 519 264 553 eius
279 520 356 554 quasi
375 519 552 552 transierunt,
577 526 609 546 ac
637 519 751 554 pedibus
768 519 920 554 subjectum
942 519 990 546 ha-

205 563 271 592 bent
301 572 335 592 ac
351 563 520 596 conculcant.
551 571 584 592 eo
613 562 684 598 quod
716 564 741 590 in
766 571 826 591 eum
848 564 989 599 imperium

205 610 354 644 obtineant,
384 610 516 644 expulerit
546 618 553 637 :
580 614 637 637 tum
672 609 813 637 vocabitur
843 611 991 638 aediﬁcator

204 656 394 684 maceriarum.
415 655 560 683 Sciendum
581 663 645 683 vero
670 655 756 685 malas
777 660 805 683 et
821 656 990 684 adversaries

204 706 352 738 potestates
374 702 502 730 miseram
519 702 639 730 animam
668 701 802 729 interdum
839 702 989 735 incursare,

204 755 238 776 ac
261 747 412 784 voluptates
439 747 620 776 exsecrandas
647 755 753 783 parere,
778 753 806 775 et
830 755 990 784 quocunque

203 793 298 823 volunt
311 794 417 822 auferre
431 794 581 830 tyrannice,
593 798 620 822 et
634 794 711 829 quasi
725 794 834 822 hortum
857 794 989 822 incultum

204 845 357 877 penetrare.
389 839 425 868 At
447 839 520 867 illam
548 839 656 867 calcare
688 839 823 873 desinent,
850 844 989 867 exstructa

204 885 332 918 maceria,
363 892 443 920 quam
474 884 582 912 divinus
611 884 692 911 timor
720 884 747 911 in
779 884 858 912 nobis
878 885 987 912 excitat.

203 930 359 967 Appiicabis
373 936 463 958 autem
478 930 548 958 hanc
560 937 668 966 quoque
679 930 829 958 orationem
843 930 987 965 unicuique
1005 921 1026 950 Β

203 979 356 1004 sanctorum
372 979 598 1011 mystagogorum.
619 975 688 1003 Sunt
706 975 779 1002 enim
808 975 987 1003 azdilicatores

209 1021 403 1055 maceriarum,
424 1027 520 1049 secure
533 1021 686 1049 munientes
698 1021 806 1049 virtutis
825 1022 988 1050 motionibus

203 1067 308 1095 animas
331 1075 424 1095 eorum
447 1067 493 1103 qui
522 1067 718 1101 instituuntur,
744 1068 780 1095 ita
811 1073 841 1096 ut
868 1069 988 1097 animum

203 1113 324 1141 habeant
355 1112 523 1148 voluptatum
567 1112 804 1148 impressionibus,
839 1118 868 1142 et
891 1113 990 1149 ineptis

203 1158 282 1194 nugis
313 1157 422 1186 minime
439 1158 562 1194 pervium
589 1165 692 1192 eorum,
711 1159 757 1193 qui
772 1159 907 1194 vaniloqui
929 1167 990 1188 esse

203 1203 301 1236 solent,
325 1203 371 1238 qui
395 1208 499 1231 rectum
526 1203 589 1231 lidei
614 1211 766 1231 sermonem
794 1210 989 1240 cauponantur,

204 1250 356 1277 nescientes
388 1256 478 1286 neque
505 1249 569 1284 quid
584 1249 687 1284 dicunt,
717 1257 804 1286 neque
832 1250 867 1279 de
890 1251 988 1287 quibus

203 1294 347 1322 alllrmant.

701 184 730 213 S.
752 184 889 213 CYRILLI
908 183 1142 212 ALEXANDRINI
1162 183 1320 212 ARCHIEP.

1775 183 1841 211 1500

1041 245 1089 277 τὰς
1113 245 1248 280 ἁναμέσον
1276 245 1397 281 τρίϐους.
1422 244 1494 277 Ἕως
1513 245 1564 280 μὲν
1587 244 1642 281 γὰρ
1665 243 1842 280 ἁφρούρητής

1042 292 1100 318 ἐστι
1114 290 1197 326 ψυχὴ,
1210 291 1345 326 ρἐχουσα
1362 290 1430 327 πρὸς
1447 291 1475 318 τὺ
1490 291 1624 327 ῥᾴθυμον,
1640 291 1690 318 καὶ
1711 292 1774 321 ταῖς
1790 291 1843 317 τῶν

1042 336 1142 372 ἡδονῶν
1156 337 1281 369 ὲκτόποις
1305 337 1408 372 ταύτης
1421 337 1503 364 ἕνεκα
1524 337 1574 372 τῆς
1585 337 1678 369 αἰτίας
1692 337 1746 363 οὐκ
1768 337 1844 363 ἁστι-

1041 382 1111 418 6ὴς,
1137 382 1195 410 ἀλλ’
1221 381 1293 409 ἔοικε
1319 383 1402 418 κήπῳ
1429 382 1608 418 διοδευομὲνῳ
1636 382 1716 418 παρὰ
1740 382 1843 414 παντὸς

1041 428 1160 456 ὁτουοῦν.
1192 428 1276 456 Ἐπὰν
1298 428 1327 456 δὲ
1342 428 1494 465 διανήψασα
1516 428 1571 456 τῶν
1594 429 1646 465 τῆς
1668 428 1843 464 φαυλότητος

1041 473 1206 510 ἀποπηδήσῃ
1225 473 1340 510 βρόχων,
1358 475 1537 511 ὲπιδράξηται
1559 475 1589 502 δὲ
1609 475 1714 511 μᾶλλον
1730 475 1782 502 τοῦ
1795 475 1843 502 θέ-

1041 519 1097 547 λειν
1108 519 1299 556 ἀγαθουργεῖν,
1312 521 1361 548 καὶ
1370 520 1465 556 ὥσπερ
1477 521 1538 549 τινὰ
1551 522 1682 557 φραγμὸν
1696 522 1843 557 ἀναστήσῃ

1041 566 1080 602 τῷ
1097 566 1137 602 νῷ
1149 567 1198 602 τὴν
1211 567 1373 601 ἀσφάλειαν,
1389 567 1440 603 τὴν
1455 568 1509 595 ἀπό
1528 576 1573 602 γε,
1592 569 1676 604 φημὶ,
1691 568 1742 595 τοῦ
1766 568 1842 594 θείου

1041 612 1136 648 φόϐου,
1151 613 1199 640 καὶ
1214 612 1374 649 ἁποσοϐήοῃ
1385 613 1435 649 τῆς
1446 613 1565 646 διανοίας
1578 615 1644 645 τοὺς
1661 613 1751 641 πάλαι
1770 622 1841 649 κρα-

1040 657 1152 690 τοῦντας
1178 659 1264 694 αὐτῆς
1286 659 1489 694 διαλογισμοὺς,
1513 659 1538 686 οἳ
1561 659 1606 687 διὰ
1629 659 1719 695 μέσης
1742 659 1840 694 ὥσπερ

1041 706 1124 742 ᾔεσαν
1140 707 1225 742 αὐτῆς
1243 707 1297 734 ὑπὸ
1319 707 1404 739 πόδας
1419 707 1528 742 ἔχοντες
1548 708 1663 742 ταύτην,
1680 708 1728 734 καὶ
1745 707 1840 738 θέντες

1041 752 1081 783 εἰς
1104 752 1290 787 καταπάτημα
1312 751 1356 778 διὰ
1381 752 1429 778 τοῦ
1453 753 1635 788 κατακρατεῖν
1655 752 1755 786 αὐτῆς.
1774 752 1839 778 τότε

1041 796 1204 832 κεκλὴσιται
1229 799 1276 824 καὶ
1293 798 1432 834 οἰκοδόμος
1448 798 1593 833 φραγμῶν.
1620 798 1720 825 ’ἰστέον
1746 798 1775 825 δὲ
1797 799 1838 824 ὅτι

1041 840 1087 868 καί
1107 842 1136 868 αἰ
1154 842 1271 878 πονηραὶ
1284 843 1332 870 καὶ
1356 842 1541 878 ἀντικείμεναι
1554 843 1683 878 δυνάμεις
1699 842 1838 877 κατατρέ-

1041 895 1132 923 χουσιν
1147 886 1203 914 ἐσθ’
1226 888 1270 915 ὅτε
1294 888 1342 924 τῆς
1369 888 1464 920 ἀθλίας
1479 889 1579 924 ψυχῆς,
1595 888 1722 925 μυσαρὰς
1739 888 1839 923 ἡδονὰς

1040 933 1222 966 ἐκτίκτουσαι,
1245 934 1292 961 καὶ
1315 934 1501 970 ἀποφέρουσαι
1519 935 1690 970 τυραννικῶς
1707 932 1790 970 οἷπερ
1805 935 1838 961 ἂν

1042 977 1200 1013 βούλωνται,
1221 979 1268 1006 καὶ
1293 979 1330 1011 ῶς
1351 979 1396 1006 διὰ
1414 979 1505 1014 κήπου
1529 979 1741 1014 κεχερσωμένου
1759 979 1838 1014 βαδι-

1042 1025 1144 1057 ζουσαι.
1161 1025 1352 1052 Πεπαύσονται
1366 1025 1394 1052 δὲ
1407 1025 1454 1052 τοῦ
1475 1026 1644 1053 καταπατεῖν
1660 1024 1760 1060 αὐτὴν,
1772 1026 1836 1060 ἐγη-

1042 1071 1176 1107 γερμένου
1195 1071 1333 1107 φραγμοῦ,
1345 1071 1378 1098 ὃν
1402 1072 1416 1098 ὁ
1430 1071 1501 1104 θεῖος
1518 1072 1548 1098 ὲν
1562 1072 1629 1107 ἡμῖν
1643 1071 1774 1106 ἀνίστησι
1788 1072 1838 1105 φό-

1043 1117 1099 1149 ϐος.
1123 1117 1306 1154 Ἐςραρμόσιις
1325 1118 1354 1145 δὲ
1365 1117 1412 1145 τδν
1432 1117 1533 1145 τοιόνδε
1555 1118 1636 1152 λόγον
1658 1117 1706 1144 καὶ
1726 1117 1838 1154 ἑκάστῳ

1042 1163 1097 1190 τῶν
1121 1163 1206 1198 ἁγίων
1235 1163 1431 1199 μυσταγωγῶν.
1455 1163 1588 1198 Γεγόνασι
1615 1163 1671 1199 γὰρ
1696 1163 1836 1197 οἰκοδόμοι

1043 1208 1189 1244 φραγμῶν,
1205 1209 1415 1244 ἁσφαλιζόμενοι
1429 1210 1489 1241 ταῖς
1504 1210 1544 1241 εἰς
1557 1209 1659 1244 ἀρετὴν
1680 1208 1836 1239 νουθεσίαις

1041 1254 1091 1285 τὰς
1106 1254 1160 1281 τῶν
1181 1254 1383 1290 παιδευομένων
1407 1254 1507 1290 ψυχὰς,
1528 1254 1599 1281 ὥστε
1623 1254 1673 1281 καὶ
1695 1255 1758 1285 ταῖς
1779 1252 1837 1279 τῶν

1041 1299 1142 1335 ἡδονῶν
1153 1300 1257 1335 ἐφόδοις
1269 1300 1367 1335 ἁστιὸἦ
1381 1300 1480 1336 τρόπον
1493 1300 1555 1327 τινὰ
1566 1299 1616 1335 τὴν
1629 1299 1752 1327 διάνοιαν
1762 1299 1838 1334 ἔχειν

201 1342 248 1369 καὶ
264 1341 454 1379 βωμολοχίαις,
467 1342 499 1370 ἐκ
513 1351 542 1370 τε
560 1343 614 1370 τῶν
627 1344 790 1378 κενοφωνεῖν
805 1343 951 1377 εἰωθότων,
981 1344 1005 1372 οἳ
1024 1345 1069 1373 τὸν
1086 1345 1164 1382 ὀρθὸν
1196 1347 1245 1383 τῆς
1266 1346 1382 1379 πίστεως
1400 1345 1618 1382 ὲκκαπηλεύουσι
1634 1345 1725 1381 λόγον,
1743 1345 1783 1382 μὴ
1796 1347 1836 1372 εἰ-

201 1390 276 1422 δότες
299 1390 367 1426 μήτε
388 1389 406 1418 ἃ
422 1389 541 1425 λέγουσι,
566 1390 635 1427 μήτε
659 1390 724 1427 περὶ
743 1390 825 1418 τίνων
848 1391 1074 1420 διαϐεϐαιοῦνται.

239 1438 318 1466 Vsus.
334 1438 377 1473 l3,
393 1438 437 1468 Η.
452 1437 482 1467 Si
495 1441 619 1467 averteris
633 1439 722 1473 pedem
732 1445 805 1467 tuum
817 1448 834 1466 ιι
854 1439 990 1475 Subbulis,

201 1489 229 1512 ιιι
244 1493 295 1512 non
309 1485 393 1520 [uias
405 1488 552 1512 voluntates
568 1486 661 1513 tuasin
672 1486 714 1513 die
727 1491 831 1519 sancta,
847 1491 872 1513 et
886 1494 992 1514 vocave-

202 1531 238 1558 rit
248 1530 363 1558 Sabbura
377 1536 477 1564 lenem,
492 1530 547 1558 Deo
565 1536 608 1558 tuo
619 1536 720 1564 sancta,
739 1540 789 1559 non
803 1530 877 1559 tolles
899 1532 990 1566 pedem

203 1580 276 1602 tuum
290 1576 324 1603 ad
338 1584 412 1611 aput,
429 1584 509 1611 neque
520 1576 629 1612 loqueris
650 1577 757 1604 verbum
772 1577 800 1603 in
823 1577 864 1603 ira
886 1576 919 1603 de
945 1584 990 1603 ore

203 1626 259 1656 tuo,
274 1626 297 1649 et
308 1622 359 1649 eris
374 1622 505 1657 conﬁdens
521 1630 598 1656 super
612 1621 762 1650 Dominum.
777 1620 812 1650 Et
838 1622 947 1650 eleuubit
965 1627 989 1649 te
1002 1635 1023 1664 ο

202 1676 280 1702 ευμεν
293 1669 479 1701 Ιιοηιιιεννω,ει
494 1667 602 1696 elevabit
614 1671 638 1695 te
645 1667 889 1696 lutredt‘lalelacob
902 1669 987 1704 patrie

202 1713 295 1742 tui.Ot
310 1714 378 1742 enim
390 1712 496 1742 Domini
511 1714 626 1741 loculum
637 1719 674 1741 ett
691 1714 758 1742 haec.

237 1850 349 1879 Divinus
357 1850 457 1879 Paulus
473 1850 538 1887 legis
553 1851 674 1879 umbram
686 1851 759 1880 velut
768 1851 931 1880 inemcacem
944 1859 988 1881 ro-

203 1897 313 1932 pellens,
329 1898 361 1925 ad
376 1897 544 1932 spiritualetn
558 1896 615 1932 ejus
629 1897 879 1930 considerationem
896 1903 987 1926 trans-

202 1944 266 1971 fert.
279 1943 334 1971 Nec
361 1943 432 1971 enim
447 1943 551 1971 videbis
562 1951 622 1970 eum
638 1944 680 1971 vel
700 1945 790 1973 carnis
803 1944 989 1974 circumcisio-

201 1997 274 2023 ncm,
290 1990 332 2017 vel
345 1989 454 2018 Sabbati
468 1991 552 2018 otium
575 1991 710 2026 recepisse
725 2000 731 2018 :
748 1995 776 2018 at
802 1991 989 2019 circumcisio-

202 2044 263 2064 nem
295 2036 382 2072 potius
407 2037 487 2065 simul
515 2044 547 2065 ac
584 2037 778 2066 sabbatismum
820 2037 988 2073 spiritualem

202 2082 347 2117 praedicare
361 2082 478 2111 videtur.
491 2083 536 2110 Ait
550 2084 621 2111 enim
640 2091 647 2110 :
665 2091 674 2108 ι
692 2082 750 2110 Non
765 2083 812 2118 qui
831 2083 858 2110 in
874 2083 989 2112 manife-

201 2129 245 2153 sto
261 2123 370 2153 Iuda-us
384 2130 435 2159 est,
451 2133 539 2160 neque
571 2133 631 2161 quae
657 2126 683 2154 in
701 2127 844 2156 manifesto
862 2128 888 2157 in
906 2135 988 2156 carne

202 2175 243 2198 est
256 2171 441 2205 circumcisio;
460 2172 506 2199 sed
520 2172 564 2206 qui
582 2172 608 2199 in
624 2172 791 2206 abscondito,
805 2173 913 2202 Iudaeus
924 2178 965 2202 est
979 2183 986 2202 :

200 2217 284 2253 823
295 2222 322 2245 et
335 2217 507 2244 circumcisio
524 2217 623 2250 cordis,
640 2218 666 2244 in
680 2217 786 2253 spiritu,
809 2227 861 2247 non
887 2219 986 2253 littera,

201 2264 277 2298 cujus
290 2263 349 2290 laus
363 2270 414 2290 non
427 2270 459 2290 ex
476 2263 640 2296 hominibus,
656 2264 704 2292 sed
729 2273 762 2292 ex
787 2265 842 2293 Deo
869 2267 953 2294 est".
975 2276 984 2292 ι

1081 1439 1147 1469 Ἐὰν
1167 1440 1352 1476 ἐπιστρέψῃς
1366 1440 1419 1467 τὸν
1433 1439 1512 1467 πόδα
1531 1446 1590 1467 σου
1604 1439 1664 1467 ἀπὸ
1681 1438 1742 1466 τῶν
1758 1439 1834 1465 Σαϐ-

1039 1486 1146 1520 ϐάτων,
1162 1486 1216 1513 τοῦ
1236 1486 1280 1521 μὴ
1305 1486 1401 1513 ποιεῖν
1426 1486 1462 1513 τὰ
1483 1485 1637 1520 θελήματά
1659 1492 1718 1512 σου
1737 1485 1774 1511 ἐν
1797 1483 1835 1518 τῇ

1038 1532 1134 1568 ἡμέρα
1158 1531 1195 1567 τῇ
1210 1532 1290 1568 ἁγίᾳ,
1313 1532 1361 1559 καί
1378 1531 1515 1566 καλέσῃς
1538 1531 1577 1558 τὰ
1600 1530 1739 1558 Σάϐϐατα
1764 1539 1832 1564 τρυ-

1037 1578 1124 1614 φερὰ,
1143 1578 1183 1612 τῷ
1197 1577 1258 1611 Θεῷ
1277 1585 1335 1605 σου
1349 1578 1427 1613 ἅγια,
1442 1578 1498 1605 οὐκ
1512 1577 1595 1612 ἀρεῖς
1609 1578 1664 1604 τὸν
1679 1576 1760 1604 πόδα
1774 1584 1832 1603 σου

1039 1624 1085 1650 ἐπ’
1101 1623 1186 1659 ἔργῳ,
1206 1622 1278 1650 οὐδὲ
1295 1621 1437 1657 λαλήσῃς
1459 1623 1553 1657 λόγον
1570 1622 1605 1649 ὲν
1621 1621 1697 1656 ὀργῇ
1718 1621 1755 1648 ἐκ
1778 1621 1831 1648 τοῦ

1039 1669 1188 1704 στόματός
1201 1677 1270 1702 σου,
1282 1669 1331 1697 καί
1346 1668 1404 1703 ἔσῃ
1419 1668 1567 1701 πεποιθὼς
1581 1667 1631 1695 ἐνπί
1645 1668 1767 1702 Κύριον,
1782 1667 1831 1694 καί

1038 1713 1210 1743 ἀναϐιϐάσῃ
1227 1723 1263 1742 σε
1277 1714 1327 1741 ἐπὶ
1345 1713 1381 1741 τὰ
1394 1714 1490 1749 ἀγαθὰ
1504 1713 1560 1748 τῆς
1571 1713 1639 1748 γῆς,
1655 1714 1708 1742 καί
1724 1713 1833 1748 ψωμιεῖ

1039 1769 1076 1789 σε
1091 1761 1147 1796 τὴν
1161 1761 1365 1796 κληρονομίαν
1381 1760 1486 1788 Ἰακὼιό²
1501 1759 1556 1788 τοῦ
1572 1759 1690 1794 Πατρός
1703 1767 1775 1788 σου.
1794 1760 1831 1787 Τὸ

1038 1807 1094 1843 γὰρ
1107 1808 1204 1843 στόμα
1221 1807 1330 1842 Κυρίου
1345 1805 1480 1840 ἐλάλησε
1495 1805 1598 1834 ταῦτα.

1079 1854 1108 1881 '0
1130 1853 1273 1885 θεσπέσιος
1297 1852 1403 1884 Παῦλος
1429 1852 1478 1888 τὴν
1504 1850 1552 1878 τοῦ
1578 1850 1663 1887 νόμον
1690 1850 1771 1878 σκιὰν
1791 1850 1831 1882 ὡς

1038 1898 1140 1934 ἀδρανῆ
1155 1898 1365 1934 παρωθούμενος
1376 1898 1415 1930 εἰς
1431 1897 1618 1933 πνευματικὴν
1634 1897 1753 1933 θεωρίαν
1765 1896 1832 1932 μεθ-

1040 1943 1129 1980 ίστησι
1143 1944 1178 1971 τὰ
1192 1945 1220 1970 ὲν
1236 1943 1320 1979 αὐτῷ.
1338 1943 1406 1970 Οὔτε
1420 1943 1475 1980 γὰρ
1488 1943 1538 1978 τὴν
1561 1943 1632 1970 κατὰ
1650 1943 1741 1978 σάρκα
1753 1950 1832 1978 περι-

1038 1990 1135 2026 τομὴν,
1152 1988 1214 2017 οὔτε
1228 1989 1276 2026 τὴν
1290 1989 1360 2016 κατὰ
1375 1989 1407 2016 τὸ
1422 1989 1561 2016 Σάὸὁατον
1574 1988 1677 2024 ἀργίαν
1695 1986 1830 2020 ἀποδεξά-

1040 2045 1119 2072 μενον
1133 2036 1305 2072 καταθρήσαί
1318 2044 1359 2067 τις
1372 2035 1405 2062 ἂν
1420 2035 1510 2068 αὑτὸν,
1523 2033 1676 2070 περιτομὴν
1688 2034 1716 2060 δὲ
1732 2033 1831 2068 μᾶλλον

1039 2082 1237 2118 πνευματικὴν,
1251 2082 1298 2108 καὶ
1316 2081 1500 2117 σαϐϐατισμὸν
1517 2081 1618 2117 ὁμοίως
1640 2079 1830 2115 διακηρύττων

1039 2128 1146 2164 ὁρᾶται.
1162 2126 1234 2163 Ἔφη
1247 2127 1312 2162 γὰρ,
1330 2127 1371 2154 ὅτι
1388 2136 1397 2152 ι
1416 2127 1472 2162 Οὐχ
1489 2127 1503 2153 ὁ
1525 2127 1555 2153 ἐν
1575 2125 1614 2161 τῷ
1638 2125 1750 2160 φανερῷ
1769 2126 1830 2152 Ἰου-

1038 2173 1110 2205 δαῖός
1126 2174 1208 2206 ἐστιν,
1220 2172 1279 2199 οὐδὲ
1291 2173 1306 2208 ἡ
1322 2174 1349 2198 ὲν
1365 2172 1403 2207 τῷ
1417 2171 1527 2208 φανερῷ
1540 2172 1569 2198 ὲν
1582 2171 1665 2207 σαρκὶ
1681 2170 1828 2206 περιτομὴ,

1038 2219 1096 2246 ἀλλ’
1110 2220 1124 2245 ὁ
1140 2219 1169 2245 ὲν
1189 2218 1227 2254 τῷ
1247 2217 1360 2253 κρυπτῷ
1379 2218 1514 2250 Ἰουδαῖος,
1532 2218 1578 2245 καὶ
1602 2218 1740 2252 περιτομὴ
1763 2225 1829 2252 καρ-

1039 2263 1097 2296 δίας
1110 2265 1138 2290 ἐν
1160 2264 1305 2298 πνεύματι,
1318 2264 1348 2290 οὺ
1364 2264 1518 2299 γράμματι,
1533 2260 1563 2290 οὗ
1578 2264 1592 2290 ό
1609 2263 1723 2294 ἔπαινος
1734 2263 1782 2289 οὐκ
1798 2262 1828 2294 ἐξ

201 2308 276 2342 Quod
293 2308 384 2342 itaque
393 2307 425 2334 ad
440 2307 589 2335 Sabbalum
600 2310 707 2342 attinet,
718 2309 879 2346 relinquitur
891 2311 987 2346 populo

1068 2310 1200 2347 νθρώπων,
1211 2310 1267 2337 ἄλλ’
1281 2311 1312 2336 ἐκ
1328 2309 1373 2336 τοῦ
1384 2310 1478 2336 Θεοῦ.»
1495 2309 1562 2344 Περὶ
1573 2308 1602 2335 δὲ
1623 2307 1671 2334 τοῦ
1688 2307 1826 2334 Σαϐϐάτου

199 2354 245 2381 Dei
264 2353 453 2381 sabbatismus.
468 2353 519 2388 Qui
535 2355 607 2382 enim
634 2355 785 2391 ingreditur
811 2356 838 2383 in
866 2357 984 2391 requiem

199 2399 268 2433 ejus,
284 2398 364 2426 etiam
387 2400 445 2435 ipse
459 2401 603 2436 requiescit
622 2409 637 2428 a
650 2401 706 2430 suis
731 2402 870 2437 operibus,
888 2410 983 2437 quem-

198 2445 341 2473 admodum
354 2453 367 2473 a
383 2447 438 2474 suis
451 2447 528 2475 Deus.
542 2447 613 2483 Ergo
624 2448 647 2475 si
660 2447 721 2483 quis
741 2455 756 2476 ο
772 2449 828 2476 suis
857 2448 985 2483 operibus

198 2496 297 2524 cessat,
315 2497 362 2519 aut
379 2500 434 2519 sua:
459 2491 605 2521 voluntatis
629 2493 771 2529 imperium
803 2493 986 2521 sacrosanctis

200 2537 281 2571 tradit
297 2537 411 2574 legibus,
427 2538 471 2566 hic
494 2539 645 2570 sabbatizat
671 2539 860 2575 spiritualiter,
880 2545 908 2567 et
921 2547 985 2567 san-

199 2589 270 2610 ctum
287 2582 358 2612 diem
371 2592 433 2612 vere
443 2585 570 2612 celebrat.
595 2585 651 2613 lloc
670 2586 751 2613 etiam
774 2585 851 2613 nobis
868 2585 988 2614 ouendit

199 2629 356 2664 prophetiae,
372 2637 431 2664 qua:
444 2638 498 2665 pra:
516 2631 639 2659 manibus
653 2636 704 2664 est,
723 2631 820 2659 oratio.
847 2631 876 2659 Si
902 2632 984 2665 enim,

197 2674 297 2709 inquit,
327 2676 459 2703 averteris
484 2676 577 2710 pedem
606 2681 678 2704 tuum
701 2685 717 2704 a
743 2676 878 2712 Sabbatis,
894 2682 921 2704 ut
936 2685 987 2705 non

196 2721 280 2749 iacias
306 2721 457 2750 voluntates
479 2726 538 2750 tuas
559 2723 584 2750 in
610 2724 653 2751 die
668 2727 771 2752 sancta.
793 2723 981 2758 lliud:Aver-

197 2767 261 2795 teris
277 2767 370 2802 pedem
388 2771 463 2794 tuum
484 2775 498 2794 a
525 2768 660 2802 Sabbatis,
696 2770 768 2797 aliud
788 2770 855 2797 nihil
883 2775 933 2803 est,
952 2775 982 2797 ut

196 2821 246 2848 ego
261 2814 428 2844 censeo.nisi
443 2819 471 2841 ut
483 2823 536 2842 non
553 2820 614 2851 agat
631 2824 690 2851 quze
704 2817 764 2851 quis
779 2817 904 2850 voluerit,
932 2825 981 2845 nec

233 2891 255 2906 n
272 2904 348 2930 Rom.
366 2913 392 2934 ιι,
409 2904 454 2936 28,
471 2905 514 2932 29.

1039 2357 1093 2390 ἄρα
1118 2357 1296 2384 ἀπολείπεται
1327 2355 1511 2390 σασδατισμὸς
1535 2354 1573 2389 τῷ
1597 2354 1656 2389 λαῷ
1679 2354 1727 2380 τοῦ
1751 2352 1826 2379 θεοῦ.

1045 2403 1073 2430 Ὀ
1095 2403 1149 2439 γὰρ
1175 2402 1302 2430 εἰσελθὼν
1324 2403 1364 2434 εἰς
1389 2402 1439 2437 τὴν
1465 2401 1636 2428 κατάπαυσιν
1662 2399 1758 2431 αὑτοῦ,
1782 2399 1826 2425 καὶ

1038 2449 1118 2481 αὐτὸς
1132 2449 1302 2476 κατέπαυσεν
1315 2448 1368 2475 ἀπὸ
1385 2448 1439 2474 τῶν
1453 2447 1540 2483 ἔργων
1554 2445 1647 2477 αὑτοῦ,
1665 2445 1762 2480 ὥσπερ
1776 2444 1827 2471 ἀπὸ

1037 2494 1091 2522 τῶν
1110 2495 1182 2522 ἰδίων
1196 2496 1210 2521 ὁ
1224 2495 1298 2526 Θεός.
1320 2493 1423 2521 Οὐκοῦν
1439 2493 1515 2525 εἴτις
1531 2493 1667 2520 παύσαιτο
1687 2493 1742 2520 τῶν
1758 2492 1826 2519 ἰδίων

1035 2540 1135 2577 ἔργων,
1150 2541 1210 2576 ἦτοι
1226 2540 1280 2567 τῶν
1296 2540 1390 2567 ἑαυτοῦ
1410 2539 1570 2574 θελημάτων
1591 2538 1622 2564 τὸ
1639 2539 1740 2574 χρῆναι
1757 2546 1824 2574 κρα-

1035 2589 1091 2614 τεῖν
1106 2587 1214 2619 ἐπιδοὺς
1231 2587 1288 2618 τοὶς
1305 2587 1386 2621 ἱεροῖς
1409 2585 1600 2620 θεσπίσμασιν,
1614 2585 1703 2616 οὓτως
1719 2584 1824 2611 Σαδόα-

1036 2633 1104 2666 τίζει.
1128 2632 1330 2668 πνευματικῶς,
1356 2633 1402 2659 καὶ
1426 2631 1505 2665 ἁγίαν
1520 2631 1627 2666 ἀληθῶς
1649 2630 1758 2665 ἡμέραν
1770 2630 1823 2656 ἐπι-

1036 2679 1118 2707 τελεῖ.
1141 2679 1226 2706 Τοῦτο
1249 2679 1295 2706 καὶ
1314 2678 1364 2713 τῆς
1384 2680 1412 2704 ἐν
1434 2677 1513 2713 χερσὶ
1540 2677 1710 2712 προφητείας
1731 2675 1824 2703 διαδεί-

1036 2733 1130 2753 κνυσιν
1156 2726 1222 2761 ἡμῖν
1248 2726 1262 2752 ὁ
1277 2725 1365 2759 λόγος.
1389 2724 1451 2750 Ἐὰν
1474 2723 1528 2758 γὰρ
1545 2722 1732 2759 ἁποστρέψῃς,
1750 2722 1823 2758 φησὶ,

1035 2770 1081 2797 τὸν
1102 2770 1169 2796 πόδα
1190 2778 1236 2797 σου
1256 2769 1309 2796 ἀπὸ
1321 2769 1374 2795 τῶν
1393 2768 1602 2800 Σιϐϐάτων,τοῦ
1622 2768 1660 2803 μὴ
1686 2769 1773 2795 ποιεῖν
1791 2767 1823 2794 τὰ

1036 2816 1175 2852 θελήματά
1190 2825 1237 2843 σου
1253 2817 1281 2843 ἐν
1293 2816 1326 2851 τῇ
1344 2815 1434 2851 ἡμέρᾳ
1449 2815 1483 2850 τῇ
1503 2813 1579 2849 ἁγίᾳ.
1593 2814 1629 2840 Ti;
1645 2814 1684 2847 δὲ,
1695 2813 1822 2851 ἀποστρῶ
