  <div class='ocr_page' id='page_1' title='image "/cluster/home/n/w/nwhite01/storage/ocr_20150623/70/njp.32101077772737/766.png"; bbox 0 0 1893 3052; ppageno 0'>
   <div class='ocr_carea' id='block_1_1' title="bbox 88 173 158 202">
    <p class='ocr_par' dir='ltr' id='par_1_1' title="bbox 88 173 158 202">
     <span class='ocr_line' id='line_1_1' title="bbox 88 173 158 202; baseline -0.014 0"><span class='ocrx_word' id='word_1_1' title='bbox 88 173 158 202; x_wconf 73' lang='grc'><strong>1301</strong></span> 
     </span>
    </p>
   </div>
   <div class='ocr_carea' id='block_1_2' title="bbox 645 172 1152 201">
    <p class='ocr_par' dir='ltr' id='par_1_2' title="bbox 645 172 1152 201">
     <span class='ocr_line' id='line_1_2' title="bbox 645 172 1152 201; baseline 0 -2"><span class='ocrx_word' id='word_1_2' title='bbox 645 173 676 199; x_wconf 80' lang='lat' dir='ltr'><strong>IN</strong></span> <span class='ocrx_word' id='word_1_3' title='bbox 697 173 812 200; x_wconf 72' lang='lat' dir='ltr'><strong>ISAIAM</strong></span> <span class='ocrx_word' id='word_1_4' title='bbox 832 172 894 200; x_wconf 84' lang='lat' dir='ltr'><strong>LIB.</strong></span> <span class='ocrx_word' id='word_1_5' title='bbox 917 173 948 201; x_wconf 88' lang='lat' dir='ltr'><strong>V.</strong></span> <span class='ocrx_word' id='word_1_6' title='bbox 971 172 1089 201; x_wconf 84' lang='lat' dir='ltr'><strong>TOMUS</strong></span> <span class='ocrx_word' id='word_1_7' title='bbox 1108 172 1152 199; x_wconf 81' lang='lat' dir='ltr'><strong>IV.</strong></span> 
     </span>
    </p>
   </div>
   <div class='ocr_carea' id='block_1_3' title="bbox 1652 172 1720 199">
    <p class='ocr_par' dir='ltr' id='par_1_3' title="bbox 1652 172 1720 199">
     <span class='ocr_line' id='line_1_3' title="bbox 1652 172 1720 199; baseline -0.015 0"><span class='ocrx_word' id='word_1_8' title='bbox 1652 172 1720 199; x_wconf 70' lang='grc'><strong>1502</strong></span> 
     </span>
    </p>
   </div>
   <div class='ocr_carea' id='block_1_4' title="bbox 85 233 894 270">
    <p class='ocr_par' dir='ltr' id='par_1_4' title="bbox 85 233 894 269">
     <span class='ocr_line' id='line_1_4' title="bbox 85 233 894 269; baseline -0.002 -8"><span class='ocrx_word' id='word_1_9' title='bbox 85 234 150 269; x_wconf 73' lang='grc' dir='ltr'>ψεις</span> <span class='ocrx_word' id='word_1_10' title='bbox 165 233 210 260; x_wconf 78' lang='grc' dir='ltr'>τὸν</span> <span class='ocrx_word' id='word_1_11' title='bbox 227 233 293 260; x_wconf 82' lang='grc' dir='ltr'>πόδα</span> <span class='ocrx_word' id='word_1_12' title='bbox 316 242 362 260; x_wconf 81' lang='grc' dir='ltr'><strong>σου</strong></span> <span class='ocrx_word' id='word_1_13' title='bbox 380 233 433 261; x_wconf 74' lang='grc' dir='ltr'><strong>ἀπὺ</strong></span> <span class='ocrx_word' id='word_1_14' title='bbox 446 233 499 261; x_wconf 83' lang='grc' dir='ltr'>τῶν</span> <span class='ocrx_word' id='word_1_15' title='bbox 513 234 667 266; x_wconf 69' lang='grc' dir='ltr'>Σαϐϐάτων,</span> <span class='ocrx_word' id='word_1_16' title='bbox 688 234 762 261; x_wconf 73' lang='grc' dir='ltr'>οὐδὲν</span> <span class='ocrx_word' id='word_1_17' title='bbox 782 233 873 269; x_wconf 73' lang='grc' dir='ltr'>ἕτερον</span> <span class='ocrx_word' id='word_1_18' title='bbox 890 258 894 268; x_wconf 40' lang='grc' dir='ltr'><em>Α</em></span> 
     </span>
    </p>
   </div>
   <div class='ocr_carea' id='block_1_5' title="bbox 944 233 1721 270">
    <p class='ocr_par' dir='ltr' id='par_1_5' title="bbox 947 233 1721 269">
     <span class='ocr_line' id='line_1_5' title="bbox 947 233 1721 269; baseline 0 -8"><span class='ocrx_word' id='word_1_19' title='bbox 947 234 1042 269; x_wconf 75' lang='lat' dir='ltr'><strong>roprize</strong></span> <span class='ocrx_word' id='word_1_20' title='bbox 1053 233 1208 269; x_wconf 71' lang='lat' dir='ltr'><strong>cupiditatis</strong></span> <span class='ocrx_word' id='word_1_21' title='bbox 1221 233 1332 261; x_wconf 83' lang='lat' dir='ltr'><strong>semitas</strong></span> <span class='ocrx_word' id='word_1_22' title='bbox 1347 238 1536 268; x_wconf 83' lang='lat' dir='ltr'><strong>persequatur.</strong></span> <span class='ocrx_word' id='word_1_23' title='bbox 1549 233 1613 260; x_wconf 75' lang='lat' dir='ltr'><strong>Nam</strong></span> <span class='ocrx_word' id='word_1_24' title='bbox 1626 233 1721 261; x_wconf 84' lang='lat' dir='ltr'><strong>huma-</strong></span> 
     </span>
    </p>
   </div>
   <div class='ocr_carea' id='block_1_6' title="bbox 87 275 878 315">
    <p class='ocr_par' dir='ltr' id='par_1_6' title="bbox 87 275 878 315">
     <span class='ocr_line' id='line_1_6' title="bbox 87 275 878 315; baseline 0 -10"><span class='ocrx_word' id='word_1_25' title='bbox 87 278 131 313; x_wconf 80' lang='grc' dir='ltr'>εἴη</span> <span class='ocrx_word' id='word_1_26' title='bbox 148 278 192 310; x_wconf 85' lang='grc' dir='ltr'>ἂν,</span> <span class='ocrx_word' id='word_1_27' title='bbox 208 277 245 310; x_wconf 86' lang='grc' dir='ltr'>ὦς</span> <span class='ocrx_word' id='word_1_28' title='bbox 261 286 292 312; x_wconf 88' lang='grc' dir='ltr'><strong>γε</strong></span> <span class='ocrx_word' id='word_1_29' title='bbox 309 275 385 313; x_wconf 74' lang='grc' dir='ltr'>οἶμαι</span> <span class='ocrx_word' id='word_1_30' title='bbox 409 278 477 314; x_wconf 83' lang='grc' dir='ltr'>πλὴν</span> <span class='ocrx_word' id='word_1_31' title='bbox 493 278 575 305; x_wconf 77' lang='grc' dir='ltr'>ὅτιτὸ</span> <span class='ocrx_word' id='word_1_32' title='bbox 594 279 631 315; x_wconf 87' lang='grc' dir='ltr'>μὴ</span> <span class='ocrx_word' id='word_1_33' title='bbox 645 279 743 315; x_wconf 72' lang='grc' dir='ltr'>χρῆναι</span> <span class='ocrx_word' id='word_1_34' title='bbox 767 279 843 314; x_wconf 78' lang='grc' dir='ltr'>δρᾷν,</span> <span class='ocrx_word' id='word_1_35' title='bbox 860 278 878 305; x_wconf 78' lang='grc' dir='ltr'>ἃ</span> 
     </span>
    </p>
   </div>
   <div class='ocr_carea' id='block_1_7' title="bbox 87 323 879 360">
    <p class='ocr_par' dir='ltr' id='par_1_7' title="bbox 87 323 879 360">
     <span class='ocr_line' id='line_1_7' title="bbox 87 323 879 360; baseline 0 -9"><span class='ocrx_word' id='word_1_36' title='bbox 87 324 119 351; x_wconf 81' lang='grc' dir='ltr'><strong>ἀν</strong></span> <span class='ocrx_word' id='word_1_37' title='bbox 143 323 263 359; x_wconf 76' lang='grc' dir='ltr'>βούλοιτὸ</span> <span class='ocrx_word' id='word_1_38' title='bbox 279 332 331 356; x_wconf 80' lang='grc' dir='ltr'>τις,</span> <span class='ocrx_word' id='word_1_39' title='bbox 350 323 396 351; x_wconf 73' lang='grc' dir='ltr'>καὶ</span> <span class='ocrx_word' id='word_1_40' title='bbox 412 324 462 356; x_wconf 79' lang='grc' dir='ltr'>τὰς</span> <span class='ocrx_word' id='word_1_41' title='bbox 483 324 536 352; x_wconf 86' lang='grc' dir='ltr'>τῶν</span> <span class='ocrx_word' id='word_1_42' title='bbox 553 325 624 352; x_wconf 84' lang='grc' dir='ltr'>ἰδίων</span> <span class='ocrx_word' id='word_1_43' title='bbox 645 324 796 360; x_wconf 76' lang='grc' dir='ltr'><strong>ἐπιθυμιῶν</strong></span> <span class='ocrx_word' id='word_1_44' title='bbox 813 325 879 351; x_wconf 74' lang='grc' dir='ltr'>ξέναι</span> 
     </span>
    </p>
   </div>
   <div class='ocr_carea' id='block_1_8' title="bbox 86 369 877 407">
    <p class='ocr_par' dir='ltr' id='par_1_8' title="bbox 86 369 877 407">
     <span class='ocr_line' id='line_1_8' title="bbox 86 369 877 407; baseline 0.003 -11"><span class='ocrx_word' id='word_1_45' title='bbox 86 370 208 405; x_wconf 73' lang='grc' dir='ltr'>τρίϐους.</span> <span class='ocrx_word' id='word_1_46' title='bbox 217 370 276 397; x_wconf 88' lang='grc' dir='ltr'>’Ότι</span> <span class='ocrx_word' id='word_1_47' title='bbox 289 369 343 405; x_wconf 77' lang='grc' dir='ltr'><strong>γὰρ</strong></span> <span class='ocrx_word' id='word_1_48' title='bbox 357 369 411 397; x_wconf 84' lang='grc' dir='ltr'>τῶν</span> <span class='ocrx_word' id='word_1_49' title='bbox 425 370 601 406; x_wconf 74' lang='grc' dir='ltr'><strong>ἀνθρωπίνων</strong></span> <span class='ocrx_word' id='word_1_50' title='bbox 611 370 673 407; x_wconf 85' lang='grc' dir='ltr'>θελη</span> <span class='ocrx_word' id='word_1_51' title='bbox 679 371 770 405; x_wconf 78' lang='grc' dir='ltr'>μάτων</span> <span class='ocrx_word' id='word_1_52' title='bbox 786 371 800 397; x_wconf 81' lang='grc' dir='ltr'><strong>ὁ</strong></span> <span class='ocrx_word' id='word_1_53' title='bbox 818 379 877 398; x_wconf 80' lang='grc' dir='ltr'>σκο-</span> 
     </span>
    </p>
   </div>
   <div class='ocr_carea' id='block_1_9' title="bbox 87 415 879 452">
    <p class='ocr_par' dir='ltr' id='par_1_9' title="bbox 87 415 879 452">
     <span class='ocr_line' id='line_1_9' title="bbox 87 415 879 452; baseline 0.001 -11"><span class='ocrx_word' id='word_1_54' title='bbox 87 416 139 447; x_wconf 68' lang='grc' dir='ltr'><strong>πὸς</strong></span> <span class='ocrx_word' id='word_1_55' title='bbox 155 417 194 447; x_wconf 82' lang='grc' dir='ltr'><strong>εις</strong></span> <span class='ocrx_word' id='word_1_56' title='bbox 212 415 242 442; x_wconf 82' lang='grc' dir='ltr'>τὸ</span> <span class='ocrx_word' id='word_1_57' title='bbox 264 415 403 451; x_wconf 71' lang='grc' dir='ltr'>φιλήδονον</span> <span class='ocrx_word' id='word_1_58' title='bbox 419 416 522 452; x_wconf 80' lang='grc' dir='ltr'>βλέπει,</span> <span class='ocrx_word' id='word_1_59' title='bbox 547 416 712 444; x_wconf 79' lang='grc' dir='ltr'>πιστώσεται</span> <span class='ocrx_word' id='word_1_60' title='bbox 733 416 846 452; x_wconf 74' lang='grc' dir='ltr'>γράφων</span> <span class='ocrx_word' id='word_1_61' title='bbox 865 417 879 443; x_wconf 82' lang='grc' dir='ltr'>ὁ</span> 
     </span>
    </p>
   </div>
   <div class='ocr_carea' id='block_1_10' title="bbox 87 461 879 498">
    <p class='ocr_par' dir='ltr' id='par_1_10' title="bbox 87 461 879 498">
     <span class='ocr_line' id='line_1_10' title="bbox 87 461 879 498; baseline 0.003 -11"><span class='ocrx_word' id='word_1_62' title='bbox 87 461 228 498; x_wconf 74' lang='grc' dir='ltr'>πάνσοφος</span> <span class='ocrx_word' id='word_1_63' title='bbox 253 461 376 493; x_wconf 84' lang='grc' dir='ltr'><strong>Παῦλος·</strong></span> <span class='ocrx_word' id='word_1_64' title='bbox 404 471 414 487; x_wconf 84' lang='grc' dir='ltr'><strong>ι</strong></span> <span class='ocrx_word' id='word_1_65' title='bbox 436 463 473 488; x_wconf 81' lang='grc' dir='ltr'>Οὐ</span> <span class='ocrx_word' id='word_1_66' title='bbox 499 462 553 498; x_wconf 81' lang='grc' dir='ltr'><strong>γὰρ</strong></span> <span class='ocrx_word' id='word_1_67' title='bbox 577 462 591 489; x_wconf 81' lang='grc' dir='ltr'>ὅ</span> <span class='ocrx_word' id='word_1_68' title='bbox 616 462 684 489; x_wconf 81' lang='grc' dir='ltr'>θέλω</span> <span class='ocrx_word' id='word_1_69' title='bbox 709 462 787 489; x_wconf 86' lang='grc' dir='ltr'>τοῦτο</span> <span class='ocrx_word' id='word_1_70' title='bbox 810 462 879 489; x_wconf 83' lang='grc' dir='ltr'>ποιῶ</span> 
     </span>
    </p>
   </div>
   <div class='ocr_carea' id='block_1_11' title="bbox 87 508 878 544">
    <p class='ocr_par' dir='ltr' id='par_1_11' title="bbox 87 508 878 544">
     <span class='ocr_line' id='line_1_11' title="bbox 87 508 878 544; baseline 0 -10"><span class='ocrx_word' id='word_1_71' title='bbox 87 508 203 541; x_wconf 74' lang='grc' dir='ltr'>ἀγαθὸν,</span> <span class='ocrx_word' id='word_1_72' title='bbox 215 508 271 534; x_wconf 82' lang='grc' dir='ltr'>ἀλλ’</span> <span class='ocrx_word' id='word_1_73' title='bbox 282 508 296 535; x_wconf 79' lang='grc' dir='ltr'><strong>ὃ</strong></span> <span class='ocrx_word' id='word_1_74' title='bbox 308 508 380 544; x_wconf 82' lang='grc' dir='ltr'>μισῶ</span> <span class='ocrx_word' id='word_1_75' title='bbox 395 508 480 536; x_wconf 81' lang='grc' dir='ltr'>κακὸν</span> <span class='ocrx_word' id='word_1_76' title='bbox 492 508 571 535; x_wconf 84' lang='grc' dir='ltr'>τοῦτο</span> <span class='ocrx_word' id='word_1_77' title='bbox 587 509 712 544; x_wconf 80' lang='grc' dir='ltr'><strong>πράσσω,</strong></span> <span class='ocrx_word' id='word_1_78' title='bbox 732 509 878 544; x_wconf 76' lang='grc' dir='ltr'><strong>συνήδομαι</strong></span> 
     </span>
    </p>
   </div>
   <div class='ocr_carea' id='block_1_12' title="bbox 88 553 878 589">
    <p class='ocr_par' dir='ltr' id='par_1_12' title="bbox 88 553 878 589">
     <span class='ocr_line' id='line_1_12' title="bbox 88 553 878 589; baseline 0.001 -9"><span class='ocrx_word' id='word_1_79' title='bbox 88 555 146 589; x_wconf 74' lang='grc' dir='ltr'>γὰρ</span> <span class='ocrx_word' id='word_1_80' title='bbox 164 553 204 589; x_wconf 84' lang='grc' dir='ltr'>τῷ</span> <span class='ocrx_word' id='word_1_81' title='bbox 231 554 306 589; x_wconf 82' lang='grc' dir='ltr'>νόμῳ</span> <span class='ocrx_word' id='word_1_82' title='bbox 324 553 371 580; x_wconf 81' lang='grc' dir='ltr'>τοῦ</span> <span class='ocrx_word' id='word_1_83' title='bbox 396 554 464 580; x_wconf 80' lang='grc' dir='ltr'>Θεοῦ</span> <span class='ocrx_word' id='word_1_84' title='bbox 492 555 562 581; x_wconf 85' lang='grc' dir='ltr'>κατὰ</span> <span class='ocrx_word' id='word_1_85' title='bbox 585 555 630 581; x_wconf 85' lang='grc' dir='ltr'>τὸν</span> <span class='ocrx_word' id='word_1_86' title='bbox 648 554 702 581; x_wconf 76' lang='grc' dir='ltr'>ἔσω</span> <span class='ocrx_word' id='word_1_87' title='bbox 726 554 878 589; x_wconf 78' lang='grc' dir='ltr'>ἄνθρωπον,</span> 
     </span>
    </p>
   </div>
   <div class='ocr_carea' id='block_1_13' title="bbox 89 600 879 637">
    <p class='ocr_par' dir='ltr' id='par_1_13' title="bbox 89 600 879 637">
     <span class='ocr_line' id='line_1_13' title="bbox 89 600 879 637; baseline 0 -11"><span class='ocrx_word' id='word_1_88' title='bbox 89 600 185 634; x_wconf 75' lang='grc' dir='ltr'>βλέπω</span> <span class='ocrx_word' id='word_1_89' title='bbox 204 600 233 626; x_wconf 79' lang='grc' dir='ltr'>δὲ</span> <span class='ocrx_word' id='word_1_90' title='bbox 250 601 344 635; x_wconf 75' lang='grc' dir='ltr'>ἕτερον</span> <span class='ocrx_word' id='word_1_91' title='bbox 359 600 443 636; x_wconf 83' lang='grc' dir='ltr'>νόμον</span> <span class='ocrx_word' id='word_1_92' title='bbox 457 601 733 637; x_wconf 78' lang='grc' dir='ltr'><strong>ἀντιστρατευόμενον</strong></span> <span class='ocrx_word' id='word_1_93' title='bbox 749 600 787 635; x_wconf 87' lang='grc' dir='ltr'>τῷ</span> <span class='ocrx_word' id='word_1_94' title='bbox 805 601 879 636; x_wconf 86' lang='grc' dir='ltr'>νόμῳ</span> 
     </span>
    </p>
   </div>
   <div class='ocr_carea' id='block_1_14' title="bbox 88 645 881 682">
    <p class='ocr_par' dir='ltr' id='par_1_14' title="bbox 88 645 881 682">
     <span class='ocr_line' id='line_1_14' title="bbox 88 645 881 682; baseline 0.003 -11"><span class='ocrx_word' id='word_1_95' title='bbox 88 645 139 672; x_wconf 83' lang='grc' dir='ltr'>τοῦ</span> <span class='ocrx_word' id='word_1_96' title='bbox 155 645 213 677; x_wconf 86' lang='grc' dir='ltr'>νοός</span> <span class='ocrx_word' id='word_1_97' title='bbox 232 654 292 680; x_wconf 85' lang='grc' dir='ltr'>μου,</span> <span class='ocrx_word' id='word_1_98' title='bbox 309 646 355 672; x_wconf 81' lang='grc' dir='ltr'>καὶ</span> <span class='ocrx_word' id='word_1_99' title='bbox 371 646 605 681; x_wconf 76' lang='grc' dir='ltr'><strong>αἰχμαλωτίζοντά</strong></span> <span class='ocrx_word' id='word_1_100' title='bbox 630 655 663 681; x_wconf 87' lang='grc' dir='ltr'><strong>με</strong></span> <span class='ocrx_word' id='word_1_101' title='bbox 681 646 719 682; x_wconf 85' lang='grc' dir='ltr'><strong>τῷ</strong></span> <span class='ocrx_word' id='word_1_102' title='bbox 736 647 810 681; x_wconf 82' lang='grc' dir='ltr'>νόμῳ</span> <span class='ocrx_word' id='word_1_103' title='bbox 832 646 881 681; x_wconf 77' lang='grc' dir='ltr'>τῆς</span> 
     </span>
    </p>
   </div>
   <div class='ocr_carea' id='block_1_15' title="bbox 89 691 880 728">
    <p class='ocr_par' dir='ltr' id='par_1_15' title="bbox 89 691 880 728">
     <span class='ocr_line' id='line_1_15' title="bbox 89 691 880 728; baseline 0.003 -11"><span class='ocrx_word' id='word_1_104' title='bbox 89 691 230 727; x_wconf 86' lang='grc' dir='ltr'>ἁμαρτίας</span> <span class='ocrx_word' id='word_1_105' title='bbox 245 691 284 727; x_wconf 85' lang='grc' dir='ltr'>τῷ</span> <span class='ocrx_word' id='word_1_106' title='bbox 305 692 362 719; x_wconf 71' lang='grc' dir='ltr'>ὄντι</span> <span class='ocrx_word' id='word_1_107' title='bbox 378 693 407 719; x_wconf 80' lang='grc' dir='ltr'>ὲν</span> <span class='ocrx_word' id='word_1_108' title='bbox 431 694 486 725; x_wconf 87' lang='grc' dir='ltr'>τοῖς</span> <span class='ocrx_word' id='word_1_109' title='bbox 504 693 595 728; x_wconf 83' lang='grc' dir='ltr'>μὲλεσί</span> <span class='ocrx_word' id='word_1_110' title='bbox 614 701 675 727; x_wconf 90' lang='grc' dir='ltr'>μου.</span> <span class='ocrx_word' id='word_1_111' title='bbox 695 702 704 718; x_wconf 79' lang='grc' dir='ltr'><strong>ι</strong></span> <span class='ocrx_word' id='word_1_112' title='bbox 723 693 767 719; x_wconf 82' lang='grc' dir='ltr'><strong>Δεῖ</strong></span> <span class='ocrx_word' id='word_1_113' title='bbox 783 692 815 728; x_wconf 83' lang='grc' dir='ltr'>δὴ</span> <span class='ocrx_word' id='word_1_114' title='bbox 834 691 880 718; x_wconf 79' lang='grc' dir='ltr'>οὖν</span> 
     </span>
    </p>
   </div>
   <div class='ocr_carea' id='block_1_16' title="bbox 88 735 881 771">
    <p class='ocr_par' dir='ltr' id='par_1_16' title="bbox 88 735 881 771">
     <span class='ocr_line' id='line_1_16' title="bbox 88 735 881 771; baseline 0 -9"><span class='ocrx_word' id='word_1_115' title='bbox 88 737 146 771; x_wconf 80' lang='grc' dir='ltr'><strong>ἄρα</strong></span> <span class='ocrx_word' id='word_1_116' title='bbox 160 736 207 763; x_wconf 76' lang='grc' dir='ltr'>καὶ</span> <span class='ocrx_word' id='word_1_117' title='bbox 222 736 294 771; x_wconf 80' lang='grc' dir='ltr'>μάλα</span> <span class='ocrx_word' id='word_1_118' title='bbox 307 737 439 767; x_wconf 76' lang='grc' dir='ltr'><strong>νεανικῶς</strong></span> <span class='ocrx_word' id='word_1_119' title='bbox 454 737 691 771; x_wconf 77' lang='grc' dir='ltr'>καταγωνίσασθαι</span> <span class='ocrx_word' id='word_1_120' title='bbox 707 737 756 771; x_wconf 82' lang='grc' dir='ltr'>μὲν</span> <span class='ocrx_word' id='word_1_121' title='bbox 772 735 802 762; x_wconf 79' lang='grc' dir='ltr'>τὸ</span> <span class='ocrx_word' id='word_1_122' title='bbox 817 735 881 762; x_wconf 79' lang='grc' dir='ltr'>ἴδιον</span> 
     </span>
    </p>
   </div>
   <div class='ocr_carea' id='block_1_17' title="bbox 88 781 881 819">
    <p class='ocr_par' dir='ltr' id='par_1_17' title="bbox 88 781 881 819">
     <span class='ocr_line' id='line_1_17' title="bbox 88 781 881 819; baseline -0.001 -10"><span class='ocrx_word' id='word_1_123' title='bbox 88 783 197 818; x_wconf 78' lang='grc' dir='ltr'>θέλημα</span> <span class='ocrx_word' id='word_1_124' title='bbox 209 784 272 814; x_wconf 84' lang='grc' dir='ltr'>τοὺς</span> <span class='ocrx_word' id='word_1_125' title='bbox 284 783 437 818; x_wconf 79' lang='grc' dir='ltr'><strong>εὐδοκιμεῖν</strong></span> <span class='ocrx_word' id='word_1_126' title='bbox 453 783 592 815; x_wconf 74' lang='grc' dir='ltr'>ἐθέλοντας</span> <span class='ocrx_word' id='word_1_127' title='bbox 609 783 683 818; x_wconf 83' lang='grc' dir='ltr'>παρὰ</span> <span class='ocrx_word' id='word_1_128' title='bbox 697 782 766 819; x_wconf 67' lang='grc' dir='ltr'>Θεῷ,</span> <span class='ocrx_word' id='word_1_129' title='bbox 782 783 838 814; x_wconf 62' lang='grc' dir='ltr'>τοϊις</span> <span class='ocrx_word' id='word_1_130' title='bbox 853 781 881 808; x_wconf 78' lang='grc' dir='ltr'>δὲ</span> 
     </span>
    </p>
   </div>
   <div class='ocr_carea' id='block_1_18' title="bbox 89 827 881 864">
    <p class='ocr_par' dir='ltr' id='par_1_18' title="bbox 89 827 881 864">
     <span class='ocr_line' id='line_1_18' title="bbox 89 827 881 864; baseline -0.003 -9"><span class='ocrx_word' id='word_1_131' title='bbox 89 829 176 861; x_wconf 77' lang='grc' dir='ltr'>θείοις</span> <span class='ocrx_word' id='word_1_132' title='bbox 191 829 274 856; x_wconf 71' lang='grc' dir='ltr'>αὑτοῦ</span> <span class='ocrx_word' id='word_1_133' title='bbox 292 829 384 864; x_wconf 83' lang='grc' dir='ltr'>νόμοις</span> <span class='ocrx_word' id='word_1_134' title='bbox 408 829 544 864; x_wconf 81' lang='grc' dir='ltr'>πανταχοῦ</span> <span class='ocrx_word' id='word_1_135' title='bbox 576 829 724 864; x_wconf 75' lang='grc' dir='ltr'><strong>ἑπομένους</strong></span> <span class='ocrx_word' id='word_1_136' title='bbox 748 828 798 864; x_wconf 81' lang='grc' dir='ltr'>τὴν</span> <span class='ocrx_word' id='word_1_137' title='bbox 825 827 881 860; x_wconf 80' lang='grc' dir='ltr'>ἀξι-</span> 
     </span>
    </p>
   </div>
   <div class='ocr_carea' id='block_1_19' title="bbox 90 873 882 910">
    <p class='ocr_par' dir='ltr' id='par_1_19' title="bbox 90 873 882 910">
     <span class='ocr_line' id='line_1_19' title="bbox 90 873 882 910; baseline 0 -10"><span class='ocrx_word' id='word_1_138' title='bbox 90 875 210 908; x_wconf 79' lang='grc' dir='ltr'>ἀγαστον</span> <span class='ocrx_word' id='word_1_139' title='bbox 224 875 274 910; x_wconf 83' lang='grc' dir='ltr'>τῆς</span> <span class='ocrx_word' id='word_1_140' title='bbox 299 875 471 910; x_wconf 80' lang='grc' dir='ltr'>δικαιοσύνης</span> <span class='ocrx_word' id='word_1_141' title='bbox 485 876 601 902; x_wconf 86' lang='grc' dir='ltr'>διάττειν</span> <span class='ocrx_word' id='word_1_142' title='bbox 616 875 683 902; x_wconf 82' lang='grc' dir='ltr'>ὀδόν.</span> <span class='ocrx_word' id='word_1_143' title='bbox 709 873 838 910; x_wconf 75' lang='grc' dir='ltr'>Τρυφερὰ</span> <span class='ocrx_word' id='word_1_144' title='bbox 853 873 882 900; x_wconf 82' lang='grc' dir='ltr'>δὲ</span> 
     </span>
    </p>
   </div>
   <div class='ocr_carea' id='block_1_20' title="bbox 931 279 1720 314">
    <p class='ocr_par' dir='ltr' id='par_1_20' title="bbox 931 279 1720 314">
     <span class='ocr_line' id='line_1_20' title="bbox 931 279 1720 314; baseline 0 -7"><span class='ocrx_word' id='word_1_145' title='bbox 931 287 1026 307; x_wconf 88' lang='lat' dir='ltr'><strong>narum</strong></span> <span class='ocrx_word' id='word_1_146' title='bbox 1042 279 1208 307; x_wconf 81' lang='lat' dir='ltr'><strong>voluntatum</strong></span> <span class='ocrx_word' id='word_1_147' title='bbox 1227 287 1338 314; x_wconf 85' lang='lat' dir='ltr'><strong>scopum</strong></span> <span class='ocrx_word' id='word_1_148' title='bbox 1350 280 1382 306; x_wconf 85' lang='lat' dir='ltr'><strong>ad</strong></span> <span class='ocrx_word' id='word_1_149' title='bbox 1398 279 1561 314; x_wconf 77' lang='lat' dir='ltr'><strong>voluptatem</strong></span> <span class='ocrx_word' id='word_1_150' title='bbox 1586 284 1720 314; x_wconf 82' lang='lat' dir='ltr'><strong>spectare,</strong></span> 
     </span>
    </p>
   </div>
   <div class='ocr_carea' id='block_1_21' title="bbox 930 324 1720 360">
    <p class='ocr_par' dir='ltr' id='par_1_21' title="bbox 930 324 1720 360">
     <span class='ocr_line' id='line_1_21' title="bbox 930 324 1720 360; baseline -0.003 -7"><span class='ocrx_word' id='word_1_151' title='bbox 930 325 1331 360; x_wconf 83' lang='lat' dir='ltr'><strong>conﬁrmabitsapientissimus</strong></span> <span class='ocrx_word' id='word_1_152' title='bbox 1348 325 1456 358; x_wconf 80' lang='lat' dir='ltr'><strong>Paulus,</strong></span> <span class='ocrx_word' id='word_1_153' title='bbox 1474 325 1615 353; x_wconf 86' lang='lat' dir='ltr'><strong>scribens:</strong></span> <span class='ocrx_word' id='word_1_154' title='bbox 1633 335 1641 350; x_wconf 88' lang='grc' dir='ltr'><strong>ι</strong></span> <span class='ocrx_word' id='word_1_155' title='bbox 1662 324 1720 352; x_wconf 87' lang='lat' dir='ltr'><strong>Non</strong></span> 
     </span>
    </p>
   </div>
   <div class='ocr_carea' id='block_1_22' title="bbox 929 370 1720 406">
    <p class='ocr_par' dir='ltr' id='par_1_22' title="bbox 929 370 1720 406">
     <span class='ocr_line' id='line_1_22' title="bbox 929 370 1720 406; baseline -0.001 -8"><span class='ocrx_word' id='word_1_156' title='bbox 929 371 1001 400; x_wconf 86' lang='lat' dir='ltr'><strong>enim</strong></span> <span class='ocrx_word' id='word_1_157' title='bbox 1020 371 1091 406; x_wconf 89' lang='lat' dir='ltr'><strong>quod</strong></span> <span class='ocrx_word' id='word_1_158' title='bbox 1105 371 1175 403; x_wconf 86' lang='lat' dir='ltr'><strong>volo.</strong></span> <span class='ocrx_word' id='word_1_159' title='bbox 1197 371 1247 398; x_wconf 89' lang='lat' dir='ltr'><strong>hoc</strong></span> <span class='ocrx_word' id='word_1_160' title='bbox 1272 370 1342 398; x_wconf 78' lang='lat' dir='ltr'><strong>facio</strong></span> <span class='ocrx_word' id='word_1_161' title='bbox 1365 370 1475 404; x_wconf 86' lang='lat' dir='ltr'><strong>bonum,</strong></span> <span class='ocrx_word' id='word_1_162' title='bbox 1501 371 1547 398; x_wconf 88' lang='lat' dir='ltr'><strong>sed</strong></span> <span class='ocrx_word' id='word_1_163' title='bbox 1579 371 1651 405; x_wconf 87' lang='lat' dir='ltr'><strong>quod</strong></span> <span class='ocrx_word' id='word_1_164' title='bbox 1676 372 1720 398; x_wconf 87' lang='lat' dir='ltr'><strong>odi</strong></span> 
     </span>
    </p>
   </div>
   <div class='ocr_carea' id='block_1_23' title="bbox 930 415 1722 452">
    <p class='ocr_par' dir='ltr' id='par_1_23' title="bbox 930 415 1722 452">
     <span class='ocr_line' id='line_1_23' title="bbox 930 415 1722 452; baseline -0.005 -7"><span class='ocrx_word' id='word_1_165' title='bbox 930 417 1043 451; x_wconf 84' lang='lat' dir='ltr'><strong>malum,</strong></span> <span class='ocrx_word' id='word_1_166' title='bbox 1055 417 1106 445; x_wconf 91' lang='lat' dir='ltr'><strong>hoc</strong></span> <span class='ocrx_word' id='word_1_167' title='bbox 1119 424 1179 452; x_wconf 73' lang='lat' dir='ltr'><strong>ago.</strong></span> <span class='ocrx_word' id='word_1_168' title='bbox 1198 415 1322 444; x_wconf 86' lang='lat' dir='ltr'><strong>Delector</strong></span> <span class='ocrx_word' id='word_1_169' title='bbox 1338 416 1409 444; x_wconf 90' lang='lat' dir='ltr'><strong>enim</strong></span> <span class='ocrx_word' id='word_1_170' title='bbox 1425 417 1482 452; x_wconf 78' lang='lat' dir='ltr'><strong>lege</strong></span> <span class='ocrx_word' id='word_1_171' title='bbox 1499 416 1558 448; x_wconf 81' lang='lat' dir='ltr'><strong>Dei.</strong></span> <span class='ocrx_word' id='word_1_172' title='bbox 1590 417 1661 450; x_wconf 83' lang='lat' dir='ltr'><strong>quod</strong></span> <span class='ocrx_word' id='word_1_173' title='bbox 1689 417 1722 441; x_wconf 82' lang='lat' dir='ltr'><strong>ad</strong></span> 
     </span>
    </p>
   </div>
   <div class='ocr_carea' id='block_1_24' title="bbox 930 462 1723 491">
    <p class='ocr_par' dir='ltr' id='par_1_24' title="bbox 930 462 1723 491">
     <span class='ocr_line' id='line_1_24' title="bbox 930 462 1723 491; baseline -0.004 0"><span class='ocrx_word' id='word_1_174' title='bbox 930 463 1086 491; x_wconf 86' lang='lat' dir='ltr'><strong>interiorem</strong></span> <span class='ocrx_word' id='word_1_175' title='bbox 1101 463 1236 491; x_wconf 89' lang='lat' dir='ltr'><strong>hominem</strong></span> <span class='ocrx_word' id='word_1_176' title='bbox 1252 462 1358 490; x_wconf 88' lang='lat' dir='ltr'><strong>attinet.</strong></span> <span class='ocrx_word' id='word_1_177' title='bbox 1381 462 1464 490; x_wconf 84' lang='lat' dir='ltr'><strong>Video</strong></span> <span class='ocrx_word' id='word_1_178' title='bbox 1479 467 1570 490; x_wconf 90' lang='lat' dir='ltr'><strong>autem</strong></span> <span class='ocrx_word' id='word_1_179' title='bbox 1586 462 1666 490; x_wconf 84' lang='lat' dir='ltr'><strong>aliam</strong></span> <span class='ocrx_word' id='word_1_180' title='bbox 1683 462 1723 488; x_wconf 84' lang='lat' dir='ltr'><strong>le-</strong></span> 
     </span>
    </p>
   </div>
   <div class='ocr_carea' id='block_1_25' title="bbox 932 508 1720 545">
    <p class='ocr_par' dir='ltr' id='par_1_25' title="bbox 932 508 1720 545">
     <span class='ocr_line' id='line_1_25' title="bbox 932 508 1720 545; baseline -0.004 -8"><span class='ocrx_word' id='word_1_181' title='bbox 932 517 992 545; x_wconf 83' lang='lat' dir='ltr'><strong>gem</strong></span> <span class='ocrx_word' id='word_1_182' title='bbox 1009 517 1068 544; x_wconf 71' lang='lat' dir='ltr'><strong>qua:</strong></span> <span class='ocrx_word' id='word_1_183' title='bbox 1084 514 1215 544; x_wconf 82' lang='lat' dir='ltr'><strong>repugnat</strong></span> <span class='ocrx_word' id='word_1_184' title='bbox 1244 508 1295 544; x_wconf 78' lang='lat' dir='ltr'><strong>legi</strong></span> <span class='ocrx_word' id='word_1_185' title='bbox 1311 508 1410 536; x_wconf 89' lang='lat' dir='ltr'><strong>mentis</strong></span> <span class='ocrx_word' id='word_1_186' title='bbox 1425 516 1500 541; x_wconf 66' lang='lat' dir='ltr'><strong>mete,</strong></span> <span class='ocrx_word' id='word_1_187' title='bbox 1527 513 1554 536; x_wconf 91' lang='lat' dir='ltr'><strong>et</strong></span> <span class='ocrx_word' id='word_1_188' title='bbox 1581 508 1720 542; x_wconf 84' lang='lat' dir='ltr'><strong>captivum</strong></span> 
     </span>
    </p>
   </div>
   <div class='ocr_carea' id='block_1_26' title="bbox 931 554 1719 591">
    <p class='ocr_par' dir='ltr' id='par_1_26' title="bbox 931 554 1719 591">
     <span class='ocr_line' id='line_1_26' title="bbox 931 554 1719 591; baseline -0.003 -8"><span class='ocrx_word' id='word_1_189' title='bbox 931 564 974 583; x_wconf 87' lang='lat' dir='ltr'><strong>me</strong></span> <span class='ocrx_word' id='word_1_190' title='bbox 990 555 1078 584; x_wconf 85' lang='lat' dir='ltr'><strong>reddit</strong></span> <span class='ocrx_word' id='word_1_191' title='bbox 1091 555 1142 591; x_wconf 85' lang='lat' dir='ltr'><strong>legi</strong></span> <span class='ocrx_word' id='word_1_192' title='bbox 1161 556 1273 590; x_wconf 77' lang='lat' dir='ltr'><strong>peccati,</strong></span> <span class='ocrx_word' id='word_1_193' title='bbox 1286 562 1345 589; x_wconf 73' lang='lat' dir='ltr'><strong>qua:</strong></span> <span class='ocrx_word' id='word_1_194' title='bbox 1356 559 1397 582; x_wconf 89' lang='lat' dir='ltr'><strong>est</strong></span> <span class='ocrx_word' id='word_1_195' title='bbox 1411 555 1437 582; x_wconf 94' lang='lat' dir='ltr'><strong>in</strong></span> <span class='ocrx_word' id='word_1_196' title='bbox 1447 555 1576 582; x_wconf 84' lang='lat' dir='ltr'><strong>membris</strong></span> <span class='ocrx_word' id='word_1_197' title='bbox 1591 555 1660 582; x_wconf 85' lang='lat' dir='ltr'><strong>meis</strong></span> <span class='ocrx_word' id='word_1_198' title='bbox 1670 554 1719 580; x_wconf 60' lang='grc'><strong>⁸⁵³.»</strong></span> 
     </span>
    </p>
   </div>
   <div class='ocr_carea' id='block_1_27' title="bbox 931 600 1722 637">
    <p class='ocr_par' dir='ltr' id='par_1_27' title="bbox 931 600 1722 637">
     <span class='ocr_line' id='line_1_27' title="bbox 931 600 1722 637; baseline -0.003 -8"><span class='ocrx_word' id='word_1_199' title='bbox 931 601 982 635; x_wconf 87' lang='lat' dir='ltr'><strong>Qui</strong></span> <span class='ocrx_word' id='word_1_200' title='bbox 997 609 1061 637; x_wconf 85' lang='lat' dir='ltr'><strong>ergo</strong></span> <span class='ocrx_word' id='word_1_201' title='bbox 1076 609 1092 629; x_wconf 88' lang='lat' dir='ltr'><strong>a</strong></span> <span class='ocrx_word' id='word_1_202' title='bbox 1109 602 1164 630; x_wconf 88' lang='lat' dir='ltr'><strong>Deo</strong></span> <span class='ocrx_word' id='word_1_203' title='bbox 1175 602 1286 637; x_wconf 85' lang='lat' dir='ltr'><strong>probari</strong></span> <span class='ocrx_word' id='word_1_204' title='bbox 1304 601 1409 633; x_wconf 81' lang='lat' dir='ltr'><strong>volunt.</strong></span> <span class='ocrx_word' id='word_1_205' title='bbox 1426 600 1533 628; x_wconf 86' lang='lat' dir='ltr'><strong>fortiter</strong></span> <span class='ocrx_word' id='word_1_206' title='bbox 1551 608 1583 628; x_wconf 87' lang='lat' dir='ltr'><strong>ac</strong></span> <span class='ocrx_word' id='word_1_207' title='bbox 1594 600 1722 636; x_wconf 77' lang='lat' dir='ltr'><strong>juvenili-</strong></span> 
     </span>
    </p>
   </div>
   <div class='ocr_carea' id='block_1_28' title="bbox 932 646 1722 682">
    <p class='ocr_par' dir='ltr' id='par_1_28' title="bbox 932 646 1722 682">
     <span class='ocr_line' id='line_1_28' title="bbox 932 646 1722 682; baseline -0.001 -8"><span class='ocrx_word' id='word_1_208' title='bbox 932 652 974 675; x_wconf 87' lang='lat' dir='ltr'><strong>ter</strong></span> <span class='ocrx_word' id='word_1_209' title='bbox 987 655 1063 675; x_wconf 91' lang='lat' dir='ltr'><strong>suam</strong></span> <span class='ocrx_word' id='word_1_210' title='bbox 1079 648 1245 675; x_wconf 82' lang='lat' dir='ltr'><strong>voluntatem</strong></span> <span class='ocrx_word' id='word_1_211' title='bbox 1260 654 1416 682; x_wconf 76' lang='lat' dir='ltr'><strong>oppugnare</strong></span> <span class='ocrx_word' id='word_1_212' title='bbox 1442 647 1561 675; x_wconf 88' lang='lat' dir='ltr'><strong>debent:</strong></span> <span class='ocrx_word' id='word_1_213' title='bbox 1578 650 1606 674; x_wconf 88' lang='lat' dir='ltr'><strong>et</strong></span> <span class='ocrx_word' id='word_1_214' title='bbox 1619 646 1664 682; x_wconf 90' lang='lat' dir='ltr'><strong>qui</strong></span> <span class='ocrx_word' id='word_1_215' title='bbox 1680 647 1722 674; x_wconf 82' lang='lat' dir='ltr'><strong>di-</strong></span> 
     </span>
    </p>
   </div>
   <div class='ocr_carea' id='block_1_29' title="bbox 932 693 1722 728">
    <p class='ocr_par' dir='ltr' id='par_1_29' title="bbox 932 693 1722 728">
     <span class='ocr_line' id='line_1_29' title="bbox 932 693 1722 728; baseline -0.001 -8"><span class='ocrx_word' id='word_1_216' title='bbox 932 694 1008 720; x_wconf 90' lang='lat' dir='ltr'><strong>vinas</strong></span> <span class='ocrx_word' id='word_1_217' title='bbox 1025 693 1083 727; x_wconf 83' lang='lat' dir='ltr'><strong>ejus</strong></span> <span class='ocrx_word' id='word_1_218' title='bbox 1091 693 1164 727; x_wconf 81' lang='lat' dir='ltr'><strong>leges</strong></span> <span class='ocrx_word' id='word_1_219' title='bbox 1177 700 1224 728; x_wconf 88' lang='lat' dir='ltr'><strong>per</strong></span> <span class='ocrx_word' id='word_1_220' title='bbox 1240 693 1330 720; x_wconf 85' lang='lat' dir='ltr'><strong>omnia</strong></span> <span class='ocrx_word' id='word_1_221' title='bbox 1352 697 1513 728; x_wconf 87' lang='lat' dir='ltr'><strong>sequuntur,</strong></span> <span class='ocrx_word' id='word_1_222' title='bbox 1537 693 1722 720; x_wconf 81' lang='lat' dir='ltr'><strong>admirabilem</strong></span> 
     </span>
    </p>
   </div>
   <div class='ocr_carea' id='block_1_30' title="bbox 928 737 1724 773">
    <p class='ocr_par' dir='ltr' id='par_1_30' title="bbox 928 737 1724 773">
     <span class='ocr_line' id='line_1_30' title="bbox 928 737 1724 773; baseline 0 -8"><span class='ocrx_word' id='word_1_223' title='bbox 928 738 1042 773; x_wconf 68' lang='lat' dir='ltr'><strong>jnstitiae</strong></span> <span class='ocrx_word' id='word_1_224' title='bbox 1055 739 1125 766; x_wconf 84' lang='lat' dir='ltr'><strong>viam</strong></span> <span class='ocrx_word' id='word_1_225' title='bbox 1143 738 1270 766; x_wconf 83' lang='lat' dir='ltr'><strong>alacriter</strong></span> <span class='ocrx_word' id='word_1_226' title='bbox 1295 738 1365 766; x_wconf 88' lang='lat' dir='ltr'><strong>inire</strong></span> <span class='ocrx_word' id='word_1_227' title='bbox 1383 742 1498 773; x_wconf 86' lang='lat' dir='ltr'><strong>oportet.</strong></span> <span class='ocrx_word' id='word_1_228' title='bbox 1525 737 1630 765; x_wconf 85' lang='lat' dir='ltr'><strong>Tenera</strong></span> <span class='ocrx_word' id='word_1_229' title='bbox 1654 737 1724 765; x_wconf 87' lang='lat' dir='ltr'><strong>Sab-</strong></span> 
     </span>
    </p>
   </div>
   <div class='ocr_carea' id='block_1_31' title="bbox 932 783 1720 820">
    <p class='ocr_par' dir='ltr' id='par_1_31' title="bbox 932 783 1720 820">
     <span class='ocr_line' id='line_1_31' title="bbox 932 783 1720 820; baseline -0.003 -8"><span class='ocrx_word' id='word_1_230' title='bbox 932 785 994 812; x_wconf 83' lang='lat' dir='ltr'><strong>bata</strong></span> <span class='ocrx_word' id='word_1_231' title='bbox 1011 784 1086 817; x_wconf 88' lang='lat' dir='ltr'><strong>dicit,</strong></span> <span class='ocrx_word' id='word_1_232' title='bbox 1104 785 1130 812; x_wconf 92' lang='lat' dir='ltr'><strong>in</strong></span> <span class='ocrx_word' id='word_1_233' title='bbox 1146 785 1244 820; x_wconf 90' lang='lat' dir='ltr'><strong>quibus</strong></span> <span class='ocrx_word' id='word_1_234' title='bbox 1270 784 1385 820; x_wconf 79' lang='lat' dir='ltr'><strong>propriae</strong></span> <span class='ocrx_word' id='word_1_235' title='bbox 1404 784 1550 812; x_wconf 78' lang='lat' dir='ltr'><strong>voluntatis</strong></span> <span class='ocrx_word' id='word_1_236' title='bbox 1575 783 1642 811; x_wconf 87' lang='lat' dir='ltr'><strong>nihil</strong></span> <span class='ocrx_word' id='word_1_237' title='bbox 1669 789 1720 811; x_wconf 87' lang='lat' dir='ltr'><strong>est.</strong></span> 
     </span>
    </p>
   </div>
   <div class='ocr_carea' id='block_1_32' title="bbox 933 829 1723 865">
    <p class='ocr_par' dir='ltr' id='par_1_32' title="bbox 933 829 1723 865">
     <span class='ocr_line' id='line_1_32' title="bbox 933 829 1723 865; baseline -0.001 -8"><span class='ocrx_word' id='word_1_238' title='bbox 933 830 1002 858; x_wconf 84' lang='lat' dir='ltr'><strong>Dura</strong></span> <span class='ocrx_word' id='word_1_239' title='bbox 1021 835 1111 858; x_wconf 87' lang='lat' dir='ltr'><strong>autem</strong></span> <span class='ocrx_word' id='word_1_240' title='bbox 1127 835 1154 858; x_wconf 86' lang='lat' dir='ltr'><strong>et</strong></span> <span class='ocrx_word' id='word_1_241' title='bbox 1175 829 1315 865; x_wconf 65' lang='lat' dir='ltr'><strong>praefracta</strong></span> <span class='ocrx_word' id='word_1_242' title='bbox 1332 837 1410 858; x_wconf 90' lang='lat' dir='ltr'><strong>mens</strong></span> <span class='ocrx_word' id='word_1_243' title='bbox 1429 835 1482 862; x_wconf 87' lang='lat' dir='ltr'><strong>est,</strong></span> <span class='ocrx_word' id='word_1_244' title='bbox 1504 829 1573 857; x_wconf 87' lang='lat' dir='ltr'><strong>nolle</strong></span> <span class='ocrx_word' id='word_1_245' title='bbox 1593 829 1645 857; x_wconf 89' lang='lat' dir='ltr'><strong>illis</strong></span> <span class='ocrx_word' id='word_1_246' title='bbox 1662 838 1723 865; x_wconf 70' lang='lat' dir='ltr'><strong>quae</strong></span> 
     </span>
    </p>
   </div>
   <div class='ocr_carea' id='block_1_33' title="bbox 934 875 1723 912">
    <p class='ocr_par' dir='ltr' id='par_1_33' title="bbox 934 875 1723 912">
     <span class='ocr_line' id='line_1_33' title="bbox 934 875 1723 912; baseline -0.003 -9"><span class='ocrx_word' id='word_1_247' title='bbox 934 876 1006 904; x_wconf 90' lang='lat' dir='ltr'><strong>Deus</strong></span> <span class='ocrx_word' id='word_1_248' title='bbox 1019 876 1077 904; x_wconf 88' lang='lat' dir='ltr'><strong>vult</strong></span> <span class='ocrx_word' id='word_1_249' title='bbox 1093 876 1200 912; x_wconf 81' lang='lat' dir='ltr'><strong>subjici.</strong></span> <span class='ocrx_word' id='word_1_250' title='bbox 1219 875 1312 903; x_wconf 81' lang='lat' dir='ltr'><strong>Talem</strong></span> <span class='ocrx_word' id='word_1_251' title='bbox 1337 883 1398 904; x_wconf 83' lang='lat' dir='ltr'><strong>esse</strong></span> <span class='ocrx_word' id='word_1_252' title='bbox 1413 875 1540 903; x_wconf 86' lang='lat' dir='ltr'><strong>lsraelem</strong></span> <span class='ocrx_word' id='word_1_253' title='bbox 1565 875 1665 910; x_wconf 81' lang='lat' dir='ltr'><strong>arguit,</strong></span> <span class='ocrx_word' id='word_1_254' title='bbox 1681 875 1723 902; x_wconf 80' lang='lat' dir='ltr'><strong>dt-</strong></span> 
     </span>
    </p>
   </div>
   <div class='ocr_carea' id='block_1_34' title="bbox 90 919 894 957">
    <p class='ocr_par' dir='ltr' id='par_1_34' title="bbox 90 919 882 956">
     <span class='ocr_line' id='line_1_34' title="bbox 90 919 882 956; baseline -0.003 -9"><span class='ocrx_word' id='word_1_255' title='bbox 90 920 221 948; x_wconf 74' lang='grc' dir='ltr'>Σάὁόατά</span> <span class='ocrx_word' id='word_1_256' title='bbox 243 929 313 956; x_wconf 78' lang='grc' dir='ltr'>φησι</span> <span class='ocrx_word' id='word_1_257' title='bbox 327 921 362 948; x_wconf 74' lang='grc' dir='ltr'><strong>τὰ</strong></span> <span class='ocrx_word' id='word_1_258' title='bbox 387 921 470 956; x_wconf 78' lang='grc' dir='ltr'>μηδὲν</span> <span class='ocrx_word' id='word_1_259' title='bbox 489 921 586 956; x_wconf 81' lang='grc' dir='ltr'>ἔχοντα</span> <span class='ocrx_word' id='word_1_260' title='bbox 609 921 663 947; x_wconf 82' lang='grc' dir='ltr'>τῶν</span> <span class='ocrx_word' id='word_1_261' title='bbox 684 920 737 947; x_wconf 73' lang='grc' dir='ltr'>ἀπὸ</span> <span class='ocrx_word' id='word_1_262' title='bbox 759 919 882 954; x_wconf 80' lang='grc' dir='ltr'>γνώμης.</span> 
     </span>
    </p>
   </div>
   <div class='ocr_carea' id='block_1_35' title="bbox 944 919 1724 957">
    <p class='ocr_par' dir='ltr' id='par_1_35' title="bbox 944 921 1724 957">
     <span class='ocr_line' id='line_1_35' title="bbox 944 921 1724 957; baseline -0.001 -8"><span class='ocrx_word' id='word_1_263' title='bbox 944 930 1000 950; x_wconf 89' lang='lat' dir='ltr'><strong>:ens</strong></span> <span class='ocrx_word' id='word_1_264' title='bbox 1016 931 1023 950; x_wconf 86' lang='lat'><strong>:</strong></span> <span class='ocrx_word' id='word_1_265' title='bbox 1049 931 1058 948; x_wconf 82' lang='grc' dir='ltr'><strong>ι</strong></span> <span class='ocrx_word' id='word_1_266' title='bbox 1078 922 1141 950; x_wconf 89' lang='lat' dir='ltr'><strong>Scio</strong></span> <span class='ocrx_word' id='word_1_267' title='bbox 1153 929 1203 957; x_wconf 89' lang='lat' dir='ltr'><strong>ego</strong></span> <span class='ocrx_word' id='word_1_268' title='bbox 1215 926 1242 949; x_wconf 91' lang='lat' dir='ltr'><strong>te</strong></span> <span class='ocrx_word' id='word_1_269' title='bbox 1255 922 1352 949; x_wconf 89' lang='lat' dir='ltr'><strong>durum</strong></span> <span class='ocrx_word' id='word_1_270' title='bbox 1372 929 1443 954; x_wconf 77' lang='lat' dir='ltr'><strong>esse.</strong></span> <span class='ocrx_word' id='word_1_271' title='bbox 1459 927 1486 949; x_wconf 90' lang='lat' dir='ltr'><strong>et</strong></span> <span class='ocrx_word' id='word_1_272' title='bbox 1510 928 1609 948; x_wconf 87' lang='lat' dir='ltr'><strong>nervus</strong></span> <span class='ocrx_word' id='word_1_273' title='bbox 1619 921 1724 948; x_wconf 81' lang='lat' dir='ltr'><strong>ferreus</strong></span> 
     </span>
    </p>
   </div>
   <div class='ocr_carea' id='block_1_36' title="bbox 91 965 884 1003">
    <p class='ocr_par' dir='ltr' id='par_1_36' title="bbox 91 965 884 1003">
     <span class='ocr_line' id='line_1_36' title="bbox 91 965 884 1003; baseline 0 -11"><span class='ocrx_word' id='word_1_274' title='bbox 91 967 204 1002; x_wconf 81' lang='grc' dir='ltr'>Σκληρὰ</span> <span class='ocrx_word' id='word_1_275' title='bbox 215 967 243 993; x_wconf 78' lang='grc' dir='ltr'>δὲ</span> <span class='ocrx_word' id='word_1_276' title='bbox 257 966 352 1003; x_wconf 84' lang='grc' dir='ltr'>γνώμη</span> <span class='ocrx_word' id='word_1_277' title='bbox 369 968 415 994; x_wconf 74' lang='grc' dir='ltr'>καὶ.</span> <span class='ocrx_word' id='word_1_278' title='bbox 429 967 548 1003; x_wconf 83' lang='grc' dir='ltr'>ἀπηνὴς,</span> <span class='ocrx_word' id='word_1_279' title='bbox 564 967 594 994; x_wconf 71' lang='grc' dir='ltr'>τὸ</span> <span class='ocrx_word' id='word_1_280' title='bbox 612 967 649 1002; x_wconf 81' lang='grc' dir='ltr'>μὴ</span> <span class='ocrx_word' id='word_1_281' title='bbox 663 966 822 993; x_wconf 79' lang='grc' dir='ltr'>ὑποκεῖσθαι</span> <span class='ocrx_word' id='word_1_282' title='bbox 841 965 884 992; x_wconf 74' lang='grc' dir='ltr'><strong>θέο</strong></span> 
     </span>
    </p>
   </div>
   <div class='ocr_carea' id='block_1_37' title="bbox 90 1008 886 1046">
    <p class='ocr_par' dir='ltr' id='par_1_37' title="bbox 90 1008 886 1046">
     <span class='ocr_line' id='line_1_37' title="bbox 90 1008 886 1046; baseline -0.003 -9"><span class='ocrx_word' id='word_1_283' title='bbox 90 1011 160 1043; x_wconf 85' lang='grc' dir='ltr'>λειν,</span> <span class='ocrx_word' id='word_1_284' title='bbox 177 1008 218 1043; x_wconf 75' lang='grc' dir='ltr'>οἷς</span> <span class='ocrx_word' id='word_1_285' title='bbox 236 1011 269 1038; x_wconf 83' lang='grc' dir='ltr'>ἂν</span> <span class='ocrx_word' id='word_1_286' title='bbox 286 1011 412 1046; x_wconf 79' lang='grc' dir='ltr'>βούληται</span> <span class='ocrx_word' id='word_1_287' title='bbox 429 1012 507 1043; x_wconf 83' lang='grc' dir='ltr'>Θεός·</span> <span class='ocrx_word' id='word_1_288' title='bbox 525 1011 643 1038; x_wconf 84' lang='grc' dir='ltr'>τοιοῦτον</span> <span class='ocrx_word' id='word_1_289' title='bbox 652 1011 716 1038; x_wconf 76' lang='grc' dir='ltr'>ὄντα</span> <span class='ocrx_word' id='word_1_290' title='bbox 727 1010 771 1037; x_wconf 85' lang='grc' dir='ltr'><strong>τὸν</strong></span> <span class='ocrx_word' id='word_1_291' title='bbox 778 1009 886 1046; x_wconf 85' lang='grc' dir='ltr'>Ἰσραὴλ</span> 
     </span>
    </p>
   </div>
   <div class='ocr_carea' id='block_1_38' title="bbox 90 1054 883 1093">
    <p class='ocr_par' dir='ltr' id='par_1_38' title="bbox 90 1054 883 1093">
     <span class='ocr_line' id='line_1_38' title="bbox 90 1054 883 1093; baseline -0.001 -10"><span class='ocrx_word' id='word_1_292' title='bbox 90 1056 216 1092; x_wconf 70' lang='grc' dir='ltr'>διήλεγξε</span> <span class='ocrx_word' id='word_1_293' title='bbox 237 1057 343 1092; x_wconf 78' lang='grc' dir='ltr'>λέγων,</span> <span class='ocrx_word' id='word_1_294' title='bbox 361 1066 370 1083; x_wconf 83' lang='grc' dir='ltr'><strong>ι</strong></span> <span class='ocrx_word' id='word_1_295' title='bbox 389 1058 517 1085; x_wconf 80' lang='grc' dir='ltr'>Γινώσκω</span> <span class='ocrx_word' id='word_1_296' title='bbox 548 1057 603 1092; x_wconf 69' lang='grc' dir='ltr'><strong>ἐγὼ</strong></span> <span class='ocrx_word' id='word_1_297' title='bbox 633 1058 675 1084; x_wconf 83' lang='grc' dir='ltr'>ὅτι</span> <span class='ocrx_word' id='word_1_298' title='bbox 698 1057 815 1093; x_wconf 79' lang='grc' dir='ltr'>σκληρὸς</span> <span class='ocrx_word' id='word_1_299' title='bbox 848 1054 883 1089; x_wconf 73' lang='grc' dir='ltr'>εἴ,</span> 
     </span>
    </p>
   </div>
   <div class='ocr_carea' id='block_1_39' title="bbox 92 1102 884 1140">
    <p class='ocr_par' dir='ltr' id='par_1_39' title="bbox 92 1102 884 1140">
     <span class='ocr_line' id='line_1_39' title="bbox 92 1102 884 1140; baseline 0 -11"><span class='ocrx_word' id='word_1_300' title='bbox 92 1103 141 1129; x_wconf 76' lang='grc' dir='ltr'>καὶ</span> <span class='ocrx_word' id='word_1_301' title='bbox 153 1102 249 1138; x_wconf 80' lang='grc' dir='ltr'>νεῦρον</span> <span class='ocrx_word' id='word_1_302' title='bbox 267 1103 416 1139; x_wconf 81' lang='grc' dir='ltr'>σιδηροῦνὸ</span> <span class='ocrx_word' id='word_1_303' title='bbox 427 1104 561 1140; x_wconf 75' lang='grc' dir='ltr'>τράχηλος</span> <span class='ocrx_word' id='word_1_304' title='bbox 576 1112 633 1136; x_wconf 90' lang='grc' dir='ltr'>σου,</span> <span class='ocrx_word' id='word_1_305' title='bbox 651 1104 698 1130; x_wconf 79' lang='grc' dir='ltr'>καὶ</span> <span class='ocrx_word' id='word_1_306' title='bbox 713 1103 742 1130; x_wconf 81' lang='grc' dir='ltr'>τὸ</span> <span class='ocrx_word' id='word_1_307' title='bbox 759 1103 884 1138; x_wconf 76' lang='grc' dir='ltr'>μέτωπόν</span> 
     </span>
    </p>
   </div>
   <div class='ocr_carea' id='block_1_40' title="bbox 92 1148 885 1185">
    <p class='ocr_par' dir='ltr' id='par_1_40' title="bbox 92 1148 885 1185">
     <span class='ocr_line' id='line_1_40' title="bbox 92 1148 885 1185; baseline -0.001 -9"><span class='ocrx_word' id='word_1_308' title='bbox 92 1158 142 1176; x_wconf 83' lang='grc' dir='ltr'><strong>σου</strong></span> <span class='ocrx_word' id='word_1_309' title='bbox 158 1150 285 1184; x_wconf 75' lang='grc' dir='ltr'><strong>χαλκοῦν.</strong></span> <span class='ocrx_word' id='word_1_310' title='bbox 304 1160 314 1176; x_wconf 75' lang='grc' dir='ltr'><strong>ι</strong></span> <span class='ocrx_word' id='word_1_311' title='bbox 334 1150 370 1177; x_wconf 83' lang='grc' dir='ltr'><strong>Τὸ</strong></span> <span class='ocrx_word' id='word_1_312' title='bbox 385 1150 508 1182; x_wconf 81' lang='grc' dir='ltr'>εὐπειθὲς</span> <span class='ocrx_word' id='word_1_313' title='bbox 523 1148 569 1178; x_wconf 82' lang='grc' dir='ltr'>οὖν</span> <span class='ocrx_word' id='word_1_314' title='bbox 583 1150 648 1185; x_wconf 83' lang='grc' dir='ltr'>ἄρα,</span> <span class='ocrx_word' id='word_1_315' title='bbox 663 1150 711 1176; x_wconf 62' lang='grc' dir='ltr'><strong>καὶ¹</strong></span> <span class='ocrx_word' id='word_1_316' title='bbox 726 1149 757 1177; x_wconf 80' lang='grc' dir='ltr'>τὸ</span> <span class='ocrx_word' id='word_1_317' title='bbox 769 1150 885 1185; x_wconf 79' lang='grc' dir='ltr'>εὐήνιον,</span> 
     </span>
    </p>
   </div>
   <div class='ocr_carea' id='block_1_41' title="bbox 93 1194 884 1232">
    <p class='ocr_par' dir='ltr' id='par_1_41' title="bbox 93 1194 884 1232">
     <span class='ocr_line' id='line_1_41' title="bbox 93 1194 884 1232; baseline -0.001 -10"><span class='ocrx_word' id='word_1_318' title='bbox 93 1195 141 1222; x_wconf 76' lang='grc' dir='ltr'>καὶ</span> <span class='ocrx_word' id='word_1_319' title='bbox 155 1196 187 1222; x_wconf 82' lang='grc' dir='ltr'>τὸ</span> <span class='ocrx_word' id='word_1_320' title='bbox 200 1196 317 1224; x_wconf 73' lang='grc' dir='ltr'>είκτικὸν</span> <span class='ocrx_word' id='word_1_321' title='bbox 332 1196 380 1223; x_wconf 83' lang='grc' dir='ltr'>τοῦ</span> <span class='ocrx_word' id='word_1_322' title='bbox 395 1196 507 1232; x_wconf 74' lang='grc' dir='ltr'>τρόπον,</span> <span class='ocrx_word' id='word_1_323' title='bbox 522 1196 660 1232; x_wconf 84' lang='grc' dir='ltr'>τρυφερὰν</span> <span class='ocrx_word' id='word_1_324' title='bbox 677 1195 823 1230; x_wconf 79' lang='grc' dir='ltr'>ἀποφαίνει</span> <span class='ocrx_word' id='word_1_325' title='bbox 845 1194 884 1228; x_wconf 84' lang='grc' dir='ltr'>τῷ</span> 
     </span>
    </p>
   </div>
   <div class='ocr_carea' id='block_1_42' title="bbox 92 1240 884 1279">
    <p class='ocr_par' dir='ltr' id='par_1_42' title="bbox 92 1240 884 1279">
     <span class='ocr_line' id='line_1_42' title="bbox 92 1240 884 1279; baseline -0.003 -11"><span class='ocrx_word' id='word_1_326' title='bbox 92 1241 155 1276; x_wconf 82' lang='grc' dir='ltr'><strong>Θεῷ</strong></span> <span class='ocrx_word' id='word_1_327' title='bbox 176 1241 227 1277; x_wconf 80' lang='grc' dir='ltr'>τὴν</span> <span class='ocrx_word' id='word_1_328' title='bbox 248 1242 318 1268; x_wconf 81' lang='grc' dir='ltr'>κατὰ</span> <span class='ocrx_word' id='word_1_329' title='bbox 339 1242 370 1269; x_wconf 78' lang='grc' dir='ltr'><strong>τὸ</strong></span> <span class='ocrx_word' id='word_1_330' title='bbox 389 1242 529 1269; x_wconf 61' lang='grc' dir='ltr'>Σάᾶὼτον</span> <span class='ocrx_word' id='word_1_331' title='bbox 547 1242 656 1279; x_wconf 71' lang='grc' dir='ltr'>ἀργίαν,</span> <span class='ocrx_word' id='word_1_332' title='bbox 673 1242 733 1276; x_wconf 71' lang='grc' dir='ltr'>ἦτοι</span> <span class='ocrx_word' id='word_1_333' title='bbox 751 1243 797 1268; x_wconf 79' lang='grc' dir='ltr'>τὸν</span> <span class='ocrx_word' id='word_1_334' title='bbox 814 1240 884 1267; x_wconf 77' lang='grc' dir='ltr'><strong>κατά</strong></span> 
     </span>
    </p>
   </div>
   <div class='ocr_carea' id='block_1_43' title="bbox 92 1286 885 1323">
    <p class='ocr_par' dir='ltr' id='par_1_43' title="bbox 92 1286 885 1323">
     <span class='ocr_line' id='line_1_43' title="bbox 92 1286 885 1323; baseline -0.003 -9"><span class='ocrx_word' id='word_1_335' title='bbox 92 1288 206 1323; x_wconf 82' lang='grc' dir='ltr'>πνεῦμα</span> <span class='ocrx_word' id='word_1_336' title='bbox 232 1288 435 1323; x_wconf 74' lang='grc' dir='ltr'>σαεὸατισμδν,</span> <span class='ocrx_word' id='word_1_337' title='bbox 461 1288 491 1315; x_wconf 80' lang='grc' dir='ltr'>ὃν</span> <span class='ocrx_word' id='word_1_338' title='bbox 518 1288 542 1314; x_wconf 74' lang='grc' dir='ltr'>οἱ</span> <span class='ocrx_word' id='word_1_339' title='bbox 572 1287 720 1323; x_wconf 79' lang='grc' dir='ltr'>κατορθοῦν</span> <span class='ocrx_word' id='word_1_340' title='bbox 748 1286 885 1317; x_wconf 73' lang='grc' dir='ltr'>ἐθέλοντες</span> 
     </span>
    </p>
   </div>
   <div class='ocr_carea' id='block_1_44' title="bbox 92 1332 886 1369">
    <p class='ocr_par' dir='ltr' id='par_1_44' title="bbox 92 1332 886 1369">
     <span class='ocr_line' id='line_1_44' title="bbox 92 1332 886 1369; baseline 0 -11"><span class='ocrx_word' id='word_1_341' title='bbox 92 1333 254 1368; x_wconf 82' lang='grc' dir='ltr'><strong>ἀμωμήτως</strong></span> <span class='ocrx_word' id='word_1_342' title='bbox 274 1333 324 1360; x_wconf 83' lang='grc' dir='ltr'><strong>οὐκ</strong></span> <span class='ocrx_word' id='word_1_343' title='bbox 347 1333 460 1369; x_wconf 81' lang='grc' dir='ltr'>ἀροῦσιν</span> <span class='ocrx_word' id='word_1_344' title='bbox 488 1333 531 1359; x_wconf 71' lang='grc' dir='ltr'><strong>ἐπ’</strong></span> <span class='ocrx_word' id='word_1_345' title='bbox 549 1333 621 1369; x_wconf 79' lang='grc' dir='ltr'>ἔργῳ</span> <span class='ocrx_word' id='word_1_346' title='bbox 640 1332 686 1359; x_wconf 85' lang='grc' dir='ltr'>τὸν</span> <span class='ocrx_word' id='word_1_347' title='bbox 710 1332 788 1363; x_wconf 82' lang='grc' dir='ltr'>πόδα.</span> <span class='ocrx_word' id='word_1_348' title='bbox 807 1340 886 1358; x_wconf 85' lang='grc' dir='ltr'>τουτ-</span> 
     </span>
    </p>
   </div>
   <div class='ocr_carea' id='block_1_45' title="bbox 93 1377 885 1414">
    <p class='ocr_par' dir='ltr' id='par_1_45' title="bbox 93 1377 885 1414">
     <span class='ocr_line' id='line_1_45' title="bbox 93 1377 885 1414; baseline 0 -10"><span class='ocrx_word' id='word_1_349' title='bbox 93 1378 181 1409; x_wconf 77' lang='grc' dir='ltr'>έστιν,</span> <span class='ocrx_word' id='word_1_350' title='bbox 194 1379 225 1404; x_wconf 76' lang='grc' dir='ltr'><strong>οὐ</strong></span> <span class='ocrx_word' id='word_1_351' title='bbox 238 1378 374 1413; x_wconf 78' lang='grc' dir='ltr'>βαδίζουσι</span> <span class='ocrx_word' id='word_1_352' title='bbox 389 1379 559 1414; x_wconf 82' lang='grc' dir='ltr'>πρακτικῶς,</span> <span class='ocrx_word' id='word_1_353' title='bbox 575 1377 729 1405; x_wconf 68' lang='grc' dir='ltr'>ἐπιτελοῦσι</span> <span class='ocrx_word' id='word_1_354' title='bbox 742 1377 770 1404; x_wconf 78' lang='grc' dir='ltr'>δὲ</span> <span class='ocrx_word' id='word_1_355' title='bbox 785 1377 885 1413; x_wconf 77' lang='grc' dir='ltr'>μᾶλλον</span> 
     </span>
    </p>
   </div>
   <div class='ocr_carea' id='block_1_46' title="bbox 91 1423 882 1460">
    <p class='ocr_par' dir='ltr' id='par_1_46' title="bbox 91 1423 882 1460">
     <span class='ocr_line' id='line_1_46' title="bbox 91 1423 882 1460; baseline -0.003 -10"><span class='ocrx_word' id='word_1_356' title='bbox 91 1424 144 1459; x_wconf 79' lang='grc' dir='ltr'>τὴν</span> <span class='ocrx_word' id='word_1_357' title='bbox 163 1424 258 1459; x_wconf 82' lang='grc' dir='ltr'>εὐαγῆ,</span> <span class='ocrx_word' id='word_1_358' title='bbox 271 1424 316 1451; x_wconf 81' lang='grc' dir='ltr'>καὶ</span> <span class='ocrx_word' id='word_1_359' title='bbox 331 1425 490 1460; x_wconf 80' lang='grc' dir='ltr'>ὀνησιφόρον</span> <span class='ocrx_word' id='word_1_360' title='bbox 500 1424 610 1459; x_wconf 80' lang='grc' dir='ltr'>ἀργίαν,</span> <span class='ocrx_word' id='word_1_361' title='bbox 631 1425 681 1458; x_wconf 83' lang='grc' dir='ltr'>τὴν</span> <span class='ocrx_word' id='word_1_362' title='bbox 689 1423 734 1450; x_wconf 79' lang='grc' dir='ltr'>ὲπί</span> <span class='ocrx_word' id='word_1_363' title='bbox 745 1432 790 1458; x_wconf 86' lang='grc' dir='ltr'><strong>γε,</strong></span> <span class='ocrx_word' id='word_1_364' title='bbox 800 1423 882 1458; x_wconf 78' lang='grc' dir='ltr'>φημὶ,</span> 
     </span>
    </p>
   </div>
   <div class='ocr_carea' id='block_1_47' title="bbox 92 1467 883 1505">
    <p class='ocr_par' dir='ltr' id='par_1_47' title="bbox 92 1467 883 1505">
     <span class='ocr_line' id='line_1_47' title="bbox 92 1467 883 1505; baseline -0.001 -10"><span class='ocrx_word' id='word_1_365' title='bbox 92 1470 151 1501; x_wconf 84' lang='grc' dir='ltr'>τοῖς</span> <span class='ocrx_word' id='word_1_366' title='bbox 169 1469 327 1504; x_wconf 78' lang='grc' dir='ltr'>αἰσχίστοις,</span> <span class='ocrx_word' id='word_1_367' title='bbox 343 1471 389 1496; x_wconf 76' lang='grc' dir='ltr'>καὶ</span> <span class='ocrx_word' id='word_1_368' title='bbox 406 1470 554 1505; x_wconf 78' lang='grc' dir='ltr'>βδελυροῖς,</span> <span class='ocrx_word' id='word_1_369' title='bbox 570 1470 614 1496; x_wconf 69' lang='grc' dir='ltr'>καὶ</span> <span class='ocrx_word' id='word_1_370' title='bbox 628 1469 832 1504; x_wconf 81' lang='grc' dir='ltr'>ἁπηχθημένοις</span> <span class='ocrx_word' id='word_1_371' title='bbox 845 1467 883 1502; x_wconf 86' lang='grc' dir='ltr'>τῷ</span> 
     </span>
    </p>
   </div>
   <div class='ocr_carea' id='block_1_48' title="bbox 93 1513 884 1550">
    <p class='ocr_par' dir='ltr' id='par_1_48' title="bbox 93 1513 884 1550">
     <span class='ocr_line' id='line_1_48' title="bbox 93 1513 884 1550; baseline 0 -10"><span class='ocrx_word' id='word_1_372' title='bbox 93 1513 156 1549; x_wconf 77' lang='grc' dir='ltr'>θεῷ</span> <span class='ocrx_word' id='word_1_373' title='bbox 172 1515 325 1550; x_wconf 72' lang='grc' dir='ltr'>πράγμασι.</span> <span class='ocrx_word' id='word_1_374' title='bbox 357 1515 486 1542; x_wconf 77' lang='grc' dir='ltr'>Βούλεται</span> <span class='ocrx_word' id='word_1_375' title='bbox 519 1515 547 1541; x_wconf 84' lang='grc' dir='ltr'>δὲ</span> <span class='ocrx_word' id='word_1_376' title='bbox 566 1515 629 1546; x_wconf 84' lang='grc' dir='ltr'>τοὺς</span> <span class='ocrx_word' id='word_1_377' title='bbox 655 1514 792 1546; x_wconf 77' lang='grc' dir='ltr'>τοιούτους</span> <span class='ocrx_word' id='word_1_378' title='bbox 837 1514 884 1540; x_wconf 82' lang='grc' dir='ltr'>καὶ</span> 
     </span>
    </p>
   </div>
   <div class='ocr_carea' id='block_1_49' title="bbox 92 1559 881 1596">
    <p class='ocr_par' dir='ltr' id='par_1_49' title="bbox 92 1559 881 1596">
     <span class='ocr_line' id='line_1_49' title="bbox 92 1559 881 1596; baseline -0.001 -10"><span class='ocrx_word' id='word_1_379' title='bbox 92 1561 182 1596; x_wconf 79' lang='grc' dir='ltr'>ὀργῆς</span> <span class='ocrx_word' id='word_1_380' title='bbox 231 1561 277 1588; x_wconf 79' lang='grc' dir='ltr'><strong>καὶ</strong></span> <span class='ocrx_word' id='word_1_381' title='bbox 321 1561 408 1596; x_wconf 75' lang='grc' dir='ltr'>θυμοῦ</span> <span class='ocrx_word' id='word_1_382' title='bbox 453 1561 720 1596; x_wconf 81' lang='grc' dir='ltr'>κατευμεγεῡοῦντας</span> <span class='ocrx_word' id='word_1_383' title='bbox 751 1559 881 1596; x_wconf 74' lang='grc' dir='ltr'>ὁρᾶσθαι,</span> 
     </span>
    </p>
   </div>
   <div class='ocr_carea' id='block_1_50' title="bbox 93 1606 885 1644">
    <p class='ocr_par' dir='ltr' id='par_1_50' title="bbox 93 1606 885 1644">
     <span class='ocr_line' id='line_1_50' title="bbox 93 1606 885 1644; baseline 0 -10"><span class='ocrx_word' id='word_1_384' title='bbox 93 1607 144 1634; x_wconf 76' lang='grc' dir='ltr'>καὶ</span> <span class='ocrx_word' id='word_1_385' title='bbox 182 1607 266 1643; x_wconf 83' lang='grc' dir='ltr'>θύραν</span> <span class='ocrx_word' id='word_1_386' title='bbox 306 1607 417 1642; x_wconf 74' lang='grc' dir='ltr'>ἔχοντας</span> <span class='ocrx_word' id='word_1_387' title='bbox 451 1608 498 1634; x_wconf 71' lang='grc' dir='ltr'><strong>ἐπὶ</strong></span> <span class='ocrx_word' id='word_1_388' title='bbox 539 1607 647 1644; x_wconf 81' lang='grc' dir='ltr'>γλώττῃ</span> <span class='ocrx_word' id='word_1_389' title='bbox 688 1607 736 1634; x_wconf 74' lang='grc' dir='ltr'>καὶ</span> <span class='ocrx_word' id='word_1_390' title='bbox 777 1606 885 1642; x_wconf 86' lang='grc' dir='ltr'>μοχλόν.</span> 
     </span>
    </p>
   </div>
   <div class='ocr_carea' id='block_1_51' title="bbox 93 1649 886 1688">
    <p class='ocr_par' dir='ltr' id='par_1_51' title="bbox 93 1649 886 1688">
     <span class='ocr_line' id='line_1_51' title="bbox 93 1649 886 1688; baseline -0.004 -8"><span class='ocrx_word' id='word_1_391' title='bbox 93 1653 134 1681; x_wconf 75' lang='grc' dir='ltr'><strong>Οὐ</strong></span> <span class='ocrx_word' id='word_1_392' title='bbox 166 1653 220 1688; x_wconf 75' lang='grc' dir='ltr'><strong>γὰρ</strong></span> <span class='ocrx_word' id='word_1_393' title='bbox 241 1652 368 1686; x_wconf 84' lang='grc' dir='ltr'>λαλήσεις</span> <span class='ocrx_word' id='word_1_394' title='bbox 392 1653 480 1687; x_wconf 82' lang='grc' dir='ltr'>Λόγον,</span> <span class='ocrx_word' id='word_1_395' title='bbox 505 1653 597 1687; x_wconf 67' lang='grc' dir='ltr'>φησὶν,</span> <span class='ocrx_word' id='word_1_396' title='bbox 639 1653 668 1678; x_wconf 81' lang='grc' dir='ltr'>ὲν</span> <span class='ocrx_word' id='word_1_397' title='bbox 692 1652 760 1687; x_wconf 82' lang='grc' dir='ltr'>ὀργῇ</span> <span class='ocrx_word' id='word_1_398' title='bbox 781 1652 814 1678; x_wconf 78' lang='grc' dir='ltr'>ὲκ</span> <span class='ocrx_word' id='word_1_399' title='bbox 839 1649 886 1677; x_wconf 87' lang='grc' dir='ltr'>τοῦ</span> 
     </span>
    </p>
   </div>
   <div class='ocr_carea' id='block_1_52' title="bbox 95 1696 886 1734">
    <p class='ocr_par' dir='ltr' id='par_1_52' title="bbox 95 1696 886 1734">
     <span class='ocr_line' id='line_1_52' title="bbox 95 1696 886 1734; baseline 0 -10"><span class='ocrx_word' id='word_1_400' title='bbox 95 1698 231 1733; x_wconf 82' lang='grc' dir='ltr'>στόματός</span> <span class='ocrx_word' id='word_1_401' title='bbox 246 1707 302 1726; x_wconf 83' lang='grc' dir='ltr'>σου.</span> <span class='ocrx_word' id='word_1_402' title='bbox 319 1698 372 1724; x_wconf 81' lang='grc' dir='ltr'><strong>Δύο</strong></span> <span class='ocrx_word' id='word_1_403' title='bbox 391 1698 423 1734; x_wconf 82' lang='grc' dir='ltr'>δὴ</span> <span class='ocrx_word' id='word_1_404' title='bbox 437 1696 484 1724; x_wconf 86' lang='grc' dir='ltr'>οὖν</span> <span class='ocrx_word' id='word_1_405' title='bbox 504 1697 619 1725; x_wconf 76' lang='grc' dir='ltr'>ἐνταῦθα</span> <span class='ocrx_word' id='word_1_406' title='bbox 640 1698 797 1732; x_wconf 82' lang='grc' dir='ltr'>περιτέμνει</span> <span class='ocrx_word' id='word_1_407' title='bbox 812 1696 886 1724; x_wconf 86' lang='grc' dir='ltr'>δεινά</span> 
     </span>
    </p>
   </div>
   <div class='ocr_carea' id='block_1_53' title="bbox 94 1739 885 1779">
    <p class='ocr_par' dir='ltr' id='par_1_53' title="bbox 94 1739 885 1779">
     <span class='ocr_line' id='line_1_53' title="bbox 94 1739 885 1779; baseline -0.005 -8"><span class='ocrx_word' id='word_1_408' title='bbox 94 1745 143 1771; x_wconf 75' lang='grc' dir='ltr'><strong>καὶ</strong></span> <span class='ocrx_word' id='word_1_409' title='bbox 157 1744 328 1779; x_wconf 76' lang='grc' dir='ltr'>παγχάλεπα,</span> <span class='ocrx_word' id='word_1_410' title='bbox 344 1739 382 1771; x_wconf 81' lang='grc' dir='ltr'>ὧν</span> <span class='ocrx_word' id='word_1_411' title='bbox 396 1743 429 1770; x_wconf 78' lang='grc' dir='ltr'><strong>ἀν</strong></span> <span class='ocrx_word' id='word_1_412' title='bbox 442 1751 482 1774; x_wconf 85' lang='grc' dir='ltr'><strong>τις</strong></span> <span class='ocrx_word' id='word_1_413' title='bbox 492 1742 678 1778; x_wconf 75' lang='grc' dir='ltr'>ἀποφοιτήσας</span> <span class='ocrx_word' id='word_1_414' title='bbox 692 1742 794 1772; x_wconf 85' lang='grc' dir='ltr'>τέλειος</span> <span class='ocrx_word' id='word_1_415' title='bbox 810 1740 885 1768; x_wconf 82' lang='grc' dir='ltr'>ἔσται</span> 
     </span>
    </p>
   </div>
   <div class='ocr_carea' id='block_1_54' title="bbox 96 1787 885 1825">
    <p class='ocr_par' dir='ltr' id='par_1_54' title="bbox 96 1787 885 1825">
     <span class='ocr_line' id='line_1_54' title="bbox 96 1787 885 1825; baseline -0.005 -8"><span class='ocrx_word' id='word_1_416' title='bbox 96 1790 175 1825; x_wconf 79' lang='grc' dir='ltr'>παρὰ</span> <span class='ocrx_word' id='word_1_417' title='bbox 198 1789 265 1825; x_wconf 82' lang='grc' dir='ltr'><strong>Θεῷ.</strong></span> <span class='ocrx_word' id='word_1_418' title='bbox 295 1790 368 1824; x_wconf 85' lang='grc' dir='ltr'><strong>Ἔφη</strong></span> <span class='ocrx_word' id='word_1_419' title='bbox 382 1790 437 1824; x_wconf 76' lang='grc' dir='ltr'>γάρ</span> <span class='ocrx_word' id='word_1_420' title='bbox 463 1797 505 1821; x_wconf 87' lang='grc' dir='ltr'><strong>τις</strong></span> <span class='ocrx_word' id='word_1_421' title='bbox 531 1788 584 1815; x_wconf 84' lang='grc' dir='ltr'>τῶν</span> <span class='ocrx_word' id='word_1_422' title='bbox 608 1788 693 1822; x_wconf 83' lang='grc' dir='ltr'>ἁγίων</span> <span class='ocrx_word' id='word_1_423' title='bbox 717 1787 885 1819; x_wconf 81' lang='grc' dir='ltr'>ἀποστόλων,</span> 
     </span>
    </p>
   </div>
   <div class='ocr_carea' id='block_1_55' title="bbox 99 1831 886 1871">
    <p class='ocr_par' dir='ltr' id='par_1_55' title="bbox 99 1831 886 1871">
     <span class='ocr_line' id='line_1_55' title="bbox 99 1831 886 1871; baseline -0.004 -9"><span class='ocrx_word' id='word_1_424' title='bbox 99 1846 108 1862; x_wconf 73' lang='grc' dir='ltr'><strong>ι</strong></span> <span class='ocrx_word' id='word_1_425' title='bbox 130 1836 164 1862; x_wconf 81' lang='grc' dir='ltr'><strong>Εἴ</strong></span> <span class='ocrx_word' id='word_1_426' title='bbox 172 1844 213 1867; x_wconf 82' lang='grc' dir='ltr'><strong>τις</strong></span> <span class='ocrx_word' id='word_1_427' title='bbox 229 1837 257 1862; x_wconf 79' lang='grc' dir='ltr'>ἐν</span> <span class='ocrx_word' id='word_1_428' title='bbox 270 1835 340 1871; x_wconf 85' lang='grc' dir='ltr'>λόγῳ</span> <span class='ocrx_word' id='word_1_429' title='bbox 352 1835 381 1862; x_wconf 80' lang='grc' dir='ltr'><strong>οὐ</strong></span> <span class='ocrx_word' id='word_1_430' title='bbox 395 1835 496 1867; x_wconf 79' lang='grc' dir='ltr'>πταίει,</span> <span class='ocrx_word' id='word_1_431' title='bbox 509 1831 586 1866; x_wconf 73' lang='grc' dir='ltr'>οὗτος</span> <span class='ocrx_word' id='word_1_432' title='bbox 602 1834 704 1866; x_wconf 74' lang='grc' dir='ltr'>τέλειος</span> <span class='ocrx_word' id='word_1_433' title='bbox 723 1833 793 1868; x_wconf 78' lang='grc' dir='ltr'>ἀνὴρ</span> <span class='ocrx_word' id='word_1_434' title='bbox 806 1833 886 1860; x_wconf 81' lang='grc' dir='ltr'>δυνά-</span> 
     </span>
    </p>
   </div>
   <div class='ocr_carea' id='block_1_56' title="bbox 98 1877 900 1918">
    <p class='ocr_par' dir='ltr' id='par_1_56' title="bbox 98 1877 900 1918">
     <span class='ocr_line' id='line_1_56' title="bbox 98 1877 900 1918; baseline -0.005 -10"><span class='ocrx_word' id='word_1_435' title='bbox 98 1890 180 1918; x_wconf 80' lang='grc' dir='ltr'>μενος</span> <span class='ocrx_word' id='word_1_436' title='bbox 194 1881 414 1917; x_wconf 77' lang='grc' dir='ltr'>χαλιναγωγῆσαι</span> <span class='ocrx_word' id='word_1_437' title='bbox 432 1881 478 1908; x_wconf 80' lang='grc' dir='ltr'>καὶ</span> <span class='ocrx_word' id='word_1_438' title='bbox 489 1881 548 1907; x_wconf 79' lang='grc' dir='ltr'>ὅλον</span> <span class='ocrx_word' id='word_1_439' title='bbox 561 1881 590 1907; x_wconf 76' lang='grc' dir='ltr'><strong>τὸ</strong></span> <span class='ocrx_word' id='word_1_440' title='bbox 602 1880 692 1915; x_wconf 81' lang='grc' dir='ltr'>σῶμα.</span> <span class='ocrx_word' id='word_1_441' title='bbox 708 1889 718 1905; x_wconf 74' lang='grc' dir='ltr'><strong>ι</strong></span> <span class='ocrx_word' id='word_1_442' title='bbox 739 1879 768 1907; x_wconf 91' lang='lat'><strong>&#39;0</strong></span> <span class='ocrx_word' id='word_1_443' title='bbox 777 1878 805 1905; x_wconf 79' lang='grc' dir='ltr'>δὲ</span> <span class='ocrx_word' id='word_1_444' title='bbox 813 1877 900 1914; x_wconf 76' lang='grc' dir='ltr'>κρείτ-</span> 
     </span>
    </p>
   </div>
   <div class='ocr_carea' id='block_1_57' title="bbox 94 1925 887 1963">
    <p class='ocr_par' dir='ltr' id='par_1_57' title="bbox 94 1925 887 1963">
     <span class='ocr_line' id='line_1_57' title="bbox 94 1925 887 1963; baseline 0 -11"><span class='ocrx_word' id='word_1_445' title='bbox 94 1934 153 1953; x_wconf 86' lang='grc' dir='ltr'><strong>των</strong></span> <span class='ocrx_word' id='word_1_446' title='bbox 198 1928 291 1963; x_wconf 60' lang='grc' dir='ltr'>λργῆς,</span> <span class='ocrx_word' id='word_1_447' title='bbox 309 1927 417 1958; x_wconf 84' lang='grc' dir='ltr'>πάντως</span> <span class='ocrx_word' id='word_1_448' title='bbox 430 1935 480 1954; x_wconf 80' lang='grc' dir='ltr'><strong>που</strong></span> <span class='ocrx_word' id='word_1_449' title='bbox 497 1927 544 1954; x_wconf 71' lang='grc' dir='ltr'><strong>καὶ</strong></span> <span class='ocrx_word' id='word_1_450' title='bbox 555 1927 709 1962; x_wconf 81' lang='grc' dir='ltr'>εὐσχήμων,</span> <span class='ocrx_word' id='word_1_451' title='bbox 721 1926 800 1961; x_wconf 75' lang='grc' dir='ltr'>εἴπερ</span> <span class='ocrx_word' id='word_1_452' title='bbox 813 1925 887 1952; x_wconf 72' lang='grc' dir='ltr'>ἐστὶν</span> 
     </span>
    </p>
   </div>
   <div class='ocr_carea' id='block_1_58' title="bbox 98 1972 888 2009">
    <p class='ocr_par' dir='ltr' id='par_1_58' title="bbox 98 1972 888 2009">
     <span class='ocr_line' id='line_1_58' title="bbox 98 1972 888 2009; baseline -0.003 -8"><span class='ocrx_word' id='word_1_453' title='bbox 98 1974 200 2009; x_wconf 82' lang='grc' dir='ltr'>ἀληθὲς</span> <span class='ocrx_word' id='word_1_454' title='bbox 216 1975 263 2001; x_wconf 77' lang='grc' dir='ltr'>καὶ</span> <span class='ocrx_word' id='word_1_455' title='bbox 279 1974 309 2000; x_wconf 86' lang='grc' dir='ltr'>τὸ</span> <span class='ocrx_word' id='word_1_456' title='bbox 333 1973 461 2009; x_wconf 73' lang='grc' dir='ltr'>ἔμπαλιν·</span> <span class='ocrx_word' id='word_1_457' title='bbox 482 1973 636 2009; x_wconf 74' lang='grc' dir='ltr'>γέγραπται</span> <span class='ocrx_word' id='word_1_458' title='bbox 657 1972 710 2008; x_wconf 84' lang='grc' dir='ltr'>γὰρ</span> <span class='ocrx_word' id='word_1_459' title='bbox 727 1973 768 1999; x_wconf 75' lang='grc' dir='ltr'>ὅτι</span> <span class='ocrx_word' id='word_1_460' title='bbox 785 1982 793 1998; x_wconf 84' lang='grc' dir='ltr'><strong>ι</strong></span> <span class='ocrx_word' id='word_1_461' title='bbox 805 1972 888 2008; x_wconf 76' lang='grc' dir='ltr'>Ἀνὴρ</span> 
     </span>
    </p>
   </div>
   <div class='ocr_carea' id='block_1_59' title="bbox 99 2016 887 2056">
    <p class='ocr_par' dir='ltr' id='par_1_59' title="bbox 99 2016 887 2056">
     <span class='ocr_line' id='line_1_59' title="bbox 99 2016 887 2056; baseline -0.005 -9"><span class='ocrx_word' id='word_1_462' title='bbox 99 2019 228 2056; x_wconf 79' lang='grc' dir='ltr'>θυμώδης</span> <span class='ocrx_word' id='word_1_463' title='bbox 241 2019 292 2046; x_wconf 76' lang='grc' dir='ltr'><strong>οὐκ</strong></span> <span class='ocrx_word' id='word_1_464' title='bbox 307 2020 462 2054; x_wconf 78' lang='grc' dir='ltr'>εὐσχήμων.</span> <span class='ocrx_word' id='word_1_465' title='bbox 475 2029 484 2044; x_wconf 73' lang='grc' dir='ltr'><strong>ι</strong></span> <span class='ocrx_word' id='word_1_466' title='bbox 503 2019 610 2054; x_wconf 80' lang='grc' dir='ltr'>Πράους</span> <span class='ocrx_word' id='word_1_467' title='bbox 622 2016 668 2045; x_wconf 77' lang='grc' dir='ltr'>οὖν</span> <span class='ocrx_word' id='word_1_468' title='bbox 682 2018 735 2054; x_wconf 84' lang='grc' dir='ltr'>ἄρα</span> <span class='ocrx_word' id='word_1_469' title='bbox 749 2018 796 2044; x_wconf 79' lang='grc' dir='ltr'>καὶ</span> <span class='ocrx_word' id='word_1_470' title='bbox 813 2017 887 2044; x_wconf 85' lang='grc' dir='ltr'>πλεί-</span> 
     </span>
    </p>
   </div>
   <div class='ocr_carea' id='block_1_60' title="bbox 100 2062 889 2101">
    <p class='ocr_par' dir='ltr' id='par_1_60' title="bbox 100 2062 889 2101">
     <span class='ocr_line' id='line_1_60' title="bbox 100 2062 889 2101; baseline -0.005 -8"><span class='ocrx_word' id='word_1_471' title='bbox 100 2075 169 2101; x_wconf 84' lang='grc' dir='ltr'>στην</span> <span class='ocrx_word' id='word_1_472' title='bbox 187 2066 252 2100; x_wconf 83' lang='grc' dir='ltr'>ὅσην</span> <span class='ocrx_word' id='word_1_473' title='bbox 267 2065 378 2099; x_wconf 76' lang='grc' dir='ltr'>ἔχοντας</span> <span class='ocrx_word' id='word_1_474' title='bbox 392 2065 441 2100; x_wconf 84' lang='grc' dir='ltr'>τὴν</span> <span class='ocrx_word' id='word_1_475' title='bbox 455 2065 556 2100; x_wconf 80' lang='grc' dir='ltr'>ἀρετὴν</span> <span class='ocrx_word' id='word_1_476' title='bbox 571 2062 642 2090; x_wconf 80' lang='grc' dir='ltr'>εἶναι</span> <span class='ocrx_word' id='word_1_477' title='bbox 660 2063 783 2099; x_wconf 74' lang='grc' dir='ltr'>βούλεται</span> <span class='ocrx_word' id='word_1_478' title='bbox 798 2064 812 2090; x_wconf 86' lang='grc' dir='ltr'><strong>ὸ</strong></span> <span class='ocrx_word' id='word_1_479' title='bbox 825 2063 889 2095; x_wconf 79' lang='grc' dir='ltr'>Θεὸς</span> 
     </span>
    </p>
   </div>
   <div class='ocr_carea' id='block_1_61' title="bbox 98 2110 890 2146">
    <p class='ocr_par' dir='ltr' id='par_1_61' title="bbox 98 2110 890 2146">
     <span class='ocr_line' id='line_1_61' title="bbox 98 2110 890 2146; baseline -0.005 -7"><span class='ocrx_word' id='word_1_480' title='bbox 98 2113 163 2144; x_wconf 81' lang='grc' dir='ltr'>τοὺς</span> <span class='ocrx_word' id='word_1_481' title='bbox 187 2111 398 2143; x_wconf 79' lang='grc' dir='ltr'>σαϐϐατίζοντας</span> <span class='ocrx_word' id='word_1_482' title='bbox 419 2110 532 2146; x_wconf 86' lang='grc' dir='ltr'>νοητῶς,</span> <span class='ocrx_word' id='word_1_483' title='bbox 547 2111 594 2137; x_wconf 76' lang='grc' dir='ltr'>καὶ</span> <span class='ocrx_word' id='word_1_484' title='bbox 616 2110 711 2144; x_wconf 87' lang='grc' dir='ltr'>ἀγίως,</span> <span class='ocrx_word' id='word_1_485' title='bbox 727 2110 774 2136; x_wconf 87' lang='grc' dir='ltr'><strong>καί</strong></span> <span class='ocrx_word' id='word_1_486' title='bbox 789 2117 890 2145; x_wconf 76' lang='grc' dir='ltr'>τρυφε-</span> 
     </span>
    </p>
   </div>
   <div class='ocr_carea' id='block_1_62' title="bbox 100 2155 891 2195">
    <p class='ocr_par' dir='ltr' id='par_1_62' title="bbox 100 2155 891 2195">
     <span class='ocr_line' id='line_1_62' title="bbox 100 2155 891 2195; baseline -0.006 -9"><span class='ocrx_word' id='word_1_487' title='bbox 100 2159 168 2195; x_wconf 82' lang='grc' dir='ltr'>ρῶς,</span> <span class='ocrx_word' id='word_1_488' title='bbox 183 2159 230 2185; x_wconf 74' lang='grc' dir='ltr'>καὶ</span> <span class='ocrx_word' id='word_1_489' title='bbox 244 2157 403 2185; x_wconf 82' lang='grc' dir='ltr'>πεποιθέναι</span> <span class='ocrx_word' id='word_1_490' title='bbox 418 2156 533 2189; x_wconf 84' lang='grc' dir='ltr'>κελεύει,</span> <span class='ocrx_word' id='word_1_491' title='bbox 549 2156 600 2183; x_wconf 82' lang='grc' dir='ltr'><strong>οὐκ</strong></span> <span class='ocrx_word' id='word_1_492' title='bbox 609 2157 656 2182; x_wconf 72' lang='grc' dir='ltr'><strong>ἐπὶ</strong></span> <span class='ocrx_word' id='word_1_493' title='bbox 671 2156 777 2190; x_wconf 76' lang='grc' dir='ltr'>πλούτῳ</span> <span class='ocrx_word' id='word_1_494' title='bbox 792 2155 891 2190; x_wconf 82' lang='grc' dir='ltr'>μᾶλλον</span> 
     </span>
    </p>
   </div>
   <div class='ocr_carea' id='block_1_63' title="bbox 99 2201 891 2240">
    <p class='ocr_par' dir='ltr' id='par_1_63' title="bbox 99 2201 891 2240">
     <span class='ocr_line' id='line_1_63' title="bbox 99 2201 891 2240; baseline -0.005 -9"><span class='ocrx_word' id='word_1_495' title='bbox 99 2205 116 2240; x_wconf 84' lang='grc' dir='ltr'>ἢ</span> <span class='ocrx_word' id='word_1_496' title='bbox 142 2204 311 2236; x_wconf 73' lang='grc' dir='ltr'>δυναστείαις</span> <span class='ocrx_word' id='word_1_497' title='bbox 330 2204 486 2238; x_wconf 85' lang='grc' dir='ltr'>κοσμικαῖς,</span> <span class='ocrx_word' id='word_1_498' title='bbox 506 2203 556 2229; x_wconf 86' lang='grc' dir='ltr'>οὑκ</span> <span class='ocrx_word' id='word_1_499' title='bbox 580 2203 627 2228; x_wconf 73' lang='grc' dir='ltr'><strong>ἐπὶ</strong></span> <span class='ocrx_word' id='word_1_500' title='bbox 648 2201 726 2238; x_wconf 70' lang='grc' dir='ltr'><strong>ῥώμῃ</strong></span> <span class='ocrx_word' id='word_1_501' title='bbox 747 2201 891 2237; x_wconf 82' lang='grc' dir='ltr'>σωμάτων,</span> 
     </span>
    </p>
   </div>
   <div class='ocr_carea' id='block_1_64' title="bbox 98 2248 892 2286">
    <p class='ocr_par' dir='ltr' id='par_1_64' title="bbox 98 2248 892 2286">
     <span class='ocr_line' id='line_1_64' title="bbox 98 2248 892 2286; baseline -0.005 -8"><span class='ocrx_word' id='word_1_502' title='bbox 98 2251 153 2278; x_wconf 84' lang='grc' dir='ltr'><strong>οὐκ</strong></span> <span class='ocrx_word' id='word_1_503' title='bbox 165 2251 208 2285; x_wconf 73' lang='grc' dir='ltr'><strong>ἐφ’</strong></span> <span class='ocrx_word' id='word_1_504' title='bbox 223 2251 309 2286; x_wconf 76' lang='grc' dir='ltr'>ἑτέρῳ</span> <span class='ocrx_word' id='word_1_505' title='bbox 319 2250 373 2277; x_wconf 75' lang='grc' dir='ltr'>τινὶ</span> <span class='ocrx_word' id='word_1_506' title='bbox 387 2250 441 2277; x_wconf 86' lang='grc' dir='ltr'><strong>τῶν</strong></span> <span class='ocrx_word' id='word_1_507' title='bbox 456 2249 594 2282; x_wconf 79' lang='grc' dir='ltr'>τοιούτων,</span> <span class='ocrx_word' id='word_1_508' title='bbox 610 2248 628 2275; x_wconf 76' lang='grc' dir='ltr'><strong>ὃ.</strong></span> <span class='ocrx_word' id='word_1_509' title='bbox 640 2248 718 2280; x_wconf 81' lang='grc' dir='ltr'>πόαις</span> <span class='ocrx_word' id='word_1_510' title='bbox 730 2249 759 2275; x_wconf 85' lang='grc' dir='ltr'>ὲν</span> <span class='ocrx_word' id='word_1_511' title='bbox 773 2248 822 2283; x_wconf 80' lang='grc' dir='ltr'><strong>ἴσῳ</strong></span> <span class='ocrx_word' id='word_1_512' title='bbox 834 2248 892 2279; x_wconf 86' lang='grc' dir='ltr'>ταῖς</span> 
     </span>
    </p>
   </div>
   <div class='ocr_carea' id='block_1_65' title="bbox 100 2295 893 2334">
    <p class='ocr_par' dir='ltr' id='par_1_65' title="bbox 100 2295 893 2334">
     <span class='ocr_line' id='line_1_65' title="bbox 100 2295 893 2334; baseline -0.004 -10"><span class='ocrx_word' id='word_1_513' title='bbox 100 2299 132 2325; x_wconf 75' lang='grc' dir='ltr'>ὲν</span> <span class='ocrx_word' id='word_1_514' title='bbox 149 2297 243 2334; x_wconf 79' lang='grc' dir='ltr'>ἀγροῖς</span> <span class='ocrx_word' id='word_1_515' title='bbox 267 2297 422 2333; x_wconf 82' lang='grc' dir='ltr'>πρόσκαιρά</span> <span class='ocrx_word' id='word_1_516' title='bbox 444 2296 474 2323; x_wconf 79' lang='grc' dir='ltr'>τέ</span> <span class='ocrx_word' id='word_1_517' title='bbox 496 2297 554 2322; x_wconf 80' lang='grc' dir='ltr'>ἐστι</span> <span class='ocrx_word' id='word_1_518' title='bbox 577 2295 623 2322; x_wconf 76' lang='grc' dir='ltr'>καὶ</span> <span class='ocrx_word' id='word_1_519' title='bbox 653 2295 820 2330; x_wconf 80' lang='grc' dir='ltr'>εὐμάραντα,</span> <span class='ocrx_word' id='word_1_520' title='bbox 845 2295 893 2321; x_wconf 76' lang='grc' dir='ltr'>ἐπὶ</span> 
     </span>
    </p>
   </div>
   <div class='ocr_carea' id='block_1_66' title="bbox 937 966 1724 1000">
    <p class='ocr_par' dir='ltr' id='par_1_66' title="bbox 937 966 1724 1000">
     <span class='ocr_line' id='line_1_66' title="bbox 937 966 1724 1000; baseline -0.003 -5"><span class='ocrx_word' id='word_1_521' title='bbox 937 968 1035 995; x_wconf 90' lang='lat' dir='ltr'><strong>collum</strong></span> <span class='ocrx_word' id='word_1_522' title='bbox 1054 972 1140 1000; x_wconf 85' lang='lat' dir='ltr'><strong>tuum.</strong></span> <span class='ocrx_word' id='word_1_523' title='bbox 1153 973 1180 995; x_wconf 86' lang='lat' dir='ltr'><strong>et</strong></span> <span class='ocrx_word' id='word_1_524' title='bbox 1196 967 1271 995; x_wconf 81' lang='lat' dir='ltr'><strong>frons</strong></span> <span class='ocrx_word' id='word_1_525' title='bbox 1286 972 1330 995; x_wconf 87' lang='lat' dir='ltr'><strong>tua</strong></span> <span class='ocrx_word' id='word_1_526' title='bbox 1343 974 1418 995; x_wconf 68' lang='lat' dir='ltr'><strong>aznea</strong></span> <span class='ocrx_word' id='word_1_527' title='bbox 1444 967 1476 995; x_wconf 80' lang='grc'><strong>⁸⁸.</strong></span> <span class='ocrx_word' id='word_1_528' title='bbox 1499 976 1508 994; x_wconf 77' lang='grc' dir='ltr'><strong>ι</strong></span> <span class='ocrx_word' id='word_1_529' title='bbox 1526 966 1659 995; x_wconf 84' lang='lat' dir='ltr'><strong>Submissi</strong></span> <span class='ocrx_word' id='word_1_530' title='bbox 1674 967 1724 1000; x_wconf 79' lang='lat' dir='ltr'><strong>igi-</strong></span> 
     </span>
    </p>
   </div>
   <div class='ocr_carea' id='block_1_67' title="bbox 940 1013 1724 1048">
    <p class='ocr_par' dir='ltr' id='par_1_67' title="bbox 940 1013 1724 1048">
     <span class='ocr_line' id='line_1_67' title="bbox 940 1013 1724 1048; baseline -0.001 -7"><span class='ocrx_word' id='word_1_531' title='bbox 940 1018 982 1041; x_wconf 89' lang='lat' dir='ltr'><strong>tur</strong></span> <span class='ocrx_word' id='word_1_532' title='bbox 992 1018 1019 1041; x_wconf 88' lang='lat' dir='ltr'><strong>et</strong></span> <span class='ocrx_word' id='word_1_533' title='bbox 1035 1013 1188 1041; x_wconf 88' lang='lat' dir='ltr'><strong>tractabiles</strong></span> <span class='ocrx_word' id='word_1_534' title='bbox 1204 1017 1232 1042; x_wconf 92' lang='lat' dir='ltr'><strong>et</strong></span> <span class='ocrx_word' id='word_1_535' title='bbox 1256 1020 1386 1048; x_wconf 82' lang='lat' dir='ltr'><strong>sequaces</strong></span> <span class='ocrx_word' id='word_1_536' title='bbox 1406 1020 1496 1040; x_wconf 88' lang='lat' dir='ltr'><strong>mores</strong></span> <span class='ocrx_word' id='word_1_537' title='bbox 1522 1017 1643 1041; x_wconf 89' lang='lat' dir='ltr'><strong>tenerum</strong></span> <span class='ocrx_word' id='word_1_538' title='bbox 1671 1013 1724 1040; x_wconf 86' lang='lat' dir='ltr'><strong>Deo</strong></span> 
     </span>
    </p>
   </div>
   <div class='ocr_carea' id='block_1_68' title="bbox 938 1058 1726 1095">
    <p class='ocr_par' dir='ltr' id='par_1_68' title="bbox 938 1058 1726 1095">
     <span class='ocr_line' id='line_1_68' title="bbox 938 1058 1726 1095; baseline 0 -9"><span class='ocrx_word' id='word_1_539' title='bbox 938 1063 1068 1095; x_wconf 62' lang='lat' dir='ltr'><strong>prestant</strong></span> <span class='ocrx_word' id='word_1_540' title='bbox 1079 1060 1106 1086; x_wconf 88' lang='lat' dir='ltr'><strong>in</strong></span> <span class='ocrx_word' id='word_1_541' title='bbox 1122 1058 1241 1087; x_wconf 76' lang='lat' dir='ltr'><strong>Sabbato</strong></span> <span class='ocrx_word' id='word_1_542' title='bbox 1256 1059 1352 1092; x_wconf 87' lang='lat' dir='ltr'><strong>otium,</strong></span> <span class='ocrx_word' id='word_1_543' title='bbox 1366 1059 1406 1087; x_wconf 89' lang='lat' dir='ltr'><strong>vel</strong></span> <span class='ocrx_word' id='word_1_544' title='bbox 1420 1059 1587 1093; x_wconf 85' lang='lat' dir='ltr'><strong>spiritualem</strong></span> <span class='ocrx_word' id='word_1_545' title='bbox 1596 1059 1726 1086; x_wconf 88' lang='lat' dir='ltr'><strong>sabbatis-</strong></span> 
     </span>
    </p>
   </div>
   <div class='ocr_carea' id='block_1_69' title="bbox 938 1104 1724 1140">
    <p class='ocr_par' dir='ltr' id='par_1_69' title="bbox 938 1104 1724 1140">
     <span class='ocr_line' id='line_1_69' title="bbox 938 1104 1724 1140; baseline 0 -8"><span class='ocrx_word' id='word_1_546' title='bbox 938 1113 1029 1132; x_wconf 86' lang='lat' dir='ltr'><strong>mum:</strong></span> <span class='ocrx_word' id='word_1_547' title='bbox 1047 1112 1126 1140; x_wconf 81' lang='lat' dir='ltr'><strong>quem</strong></span> <span class='ocrx_word' id='word_1_548' title='bbox 1150 1105 1195 1140; x_wconf 87' lang='lat' dir='ltr'><strong>qui</strong></span> <span class='ocrx_word' id='word_1_549' title='bbox 1212 1104 1305 1133; x_wconf 87' lang='lat' dir='ltr'><strong>volunt</strong></span> <span class='ocrx_word' id='word_1_550' title='bbox 1324 1105 1383 1132; x_wconf 84' lang='lat' dir='ltr'><strong>sine</strong></span> <span class='ocrx_word' id='word_1_551' title='bbox 1416 1105 1637 1140; x_wconf 84' lang='lat' dir='ltr'><strong>reprehensionis</strong></span> <span class='ocrx_word' id='word_1_552' title='bbox 1662 1109 1724 1132; x_wconf 85' lang='lat' dir='ltr'><strong>nota</strong></span> 
     </span>
    </p>
   </div>
   <div class='ocr_carea' id='block_1_70' title="bbox 939 1150 1725 1186">
    <p class='ocr_par' dir='ltr' id='par_1_70' title="bbox 939 1150 1725 1186">
     <span class='ocr_line' id='line_1_70' title="bbox 939 1150 1725 1186; baseline 0.003 -9"><span class='ocrx_word' id='word_1_553' title='bbox 939 1150 1038 1183; x_wconf 82' lang='lat' dir='ltr'><strong>colere,</strong></span> <span class='ocrx_word' id='word_1_554' title='bbox 1054 1158 1107 1178; x_wconf 87' lang='lat' dir='ltr'><strong>non</strong></span> <span class='ocrx_word' id='word_1_555' title='bbox 1121 1150 1246 1178; x_wconf 81' lang='lat' dir='ltr'><strong>levabunt</strong></span> <span class='ocrx_word' id='word_1_556' title='bbox 1257 1151 1290 1178; x_wconf 84' lang='lat' dir='ltr'><strong>ad</strong></span> <span class='ocrx_word' id='word_1_557' title='bbox 1307 1158 1375 1185; x_wconf 88' lang='lat' dir='ltr'><strong>opus</strong></span> <span class='ocrx_word' id='word_1_558' title='bbox 1389 1150 1497 1186; x_wconf 87' lang='lat' dir='ltr'><strong>pedem,</strong></span> <span class='ocrx_word' id='word_1_559' title='bbox 1518 1151 1544 1179; x_wconf 88' lang='lat' dir='ltr'><strong>id</strong></span> <span class='ocrx_word' id='word_1_560' title='bbox 1559 1157 1615 1184; x_wconf 86' lang='lat' dir='ltr'><strong>est,</strong></span> <span class='ocrx_word' id='word_1_561' title='bbox 1630 1159 1682 1179; x_wconf 92' lang='lat' dir='ltr'><strong>non</strong></span> <span class='ocrx_word' id='word_1_562' title='bbox 1692 1153 1725 1179; x_wconf 86' lang='lat' dir='ltr'><strong>ad</strong></span> 
     </span>
    </p>
   </div>
   <div class='ocr_carea' id='block_1_71' title="bbox 939 1196 1726 1230">
    <p class='ocr_par' dir='ltr' id='par_1_71' title="bbox 939 1196 1726 1230">
     <span class='ocr_line' id='line_1_71' title="bbox 939 1196 1726 1230; baseline 0.003 -8"><span class='ocrx_word' id='word_1_563' title='bbox 939 1202 1031 1222; x_wconf 88' lang='lat' dir='ltr'><strong>rerqu</strong></span> <span class='ocrx_word' id='word_1_564' title='bbox 1048 1200 1138 1223; x_wconf 83' lang='lat' dir='ltr'><strong>sctum</strong></span> <span class='ocrx_word' id='word_1_565' title='bbox 1151 1200 1278 1230; x_wconf 85' lang='lat' dir='ltr'><strong>pergunt,</strong></span> <span class='ocrx_word' id='word_1_566' title='bbox 1292 1196 1338 1223; x_wconf 87' lang='lat' dir='ltr'><strong>sed</strong></span> <span class='ocrx_word' id='word_1_567' title='bbox 1354 1196 1444 1230; x_wconf 89' lang='lat' dir='ltr'><strong>potius</strong></span> <span class='ocrx_word' id='word_1_568' title='bbox 1465 1201 1589 1224; x_wconf 88' lang='lat' dir='ltr'><strong>sanctum</strong></span> <span class='ocrx_word' id='word_1_569' title='bbox 1612 1201 1639 1224; x_wconf 90' lang='lat' dir='ltr'><strong>et</strong></span> <span class='ocrx_word' id='word_1_570' title='bbox 1662 1197 1726 1225; x_wconf 85' lang='lat' dir='ltr'><strong>utile</strong></span> 
     </span>
    </p>
   </div>
   <div class='ocr_carea' id='block_1_72' title="bbox 935 1241 1726 1277">
    <p class='ocr_par' dir='ltr' id='par_1_72' title="bbox 935 1241 1726 1277">
     <span class='ocr_line' id='line_1_72' title="bbox 935 1241 1726 1277; baseline 0.003 -9"><span class='ocrx_word' id='word_1_571' title='bbox 935 1241 1073 1269; x_wconf 77' lang='lat' dir='ltr'><strong>celebrant</strong></span> <span class='ocrx_word' id='word_1_572' title='bbox 1085 1241 1182 1274; x_wconf 87' lang='lat' dir='ltr'><strong>otium,</strong></span> <span class='ocrx_word' id='word_1_573' title='bbox 1195 1249 1209 1268; x_wconf 80' lang='grc' dir='ltr'><strong>ιι</strong></span> <span class='ocrx_word' id='word_1_574' title='bbox 1223 1242 1396 1276; x_wconf 82' lang='lat' dir='ltr'><strong>turpissimis,</strong></span> <span class='ocrx_word' id='word_1_575' title='bbox 1409 1242 1529 1277; x_wconf 78' lang='lat' dir='ltr'><strong>inquam,</strong></span> <span class='ocrx_word' id='word_1_576' title='bbox 1542 1247 1566 1271; x_wconf 90' lang='lat' dir='ltr'><strong>et</strong></span> <span class='ocrx_word' id='word_1_577' title='bbox 1588 1243 1726 1270; x_wconf 85' lang='lat' dir='ltr'><strong>detestan—</strong></span> 
     </span>
    </p>
   </div>
   <div class='ocr_carea' id='block_1_73' title="bbox 935 1286 1726 1321">
    <p class='ocr_par' dir='ltr' id='par_1_73' title="bbox 935 1286 1726 1321">
     <span class='ocr_line' id='line_1_73' title="bbox 935 1286 1726 1321; baseline 0.001 -7"><span class='ocrx_word' id='word_1_578' title='bbox 935 1286 977 1314; x_wconf 79' lang='lat' dir='ltr'><strong>dis</strong></span> <span class='ocrx_word' id='word_1_579' title='bbox 995 1293 1027 1314; x_wconf 82' lang='lat' dir='ltr'><strong>se</strong></span> <span class='ocrx_word' id='word_1_580' title='bbox 1040 1287 1095 1314; x_wconf 88' lang='lat' dir='ltr'><strong>Deo</strong></span> <span class='ocrx_word' id='word_1_581' title='bbox 1112 1287 1208 1314; x_wconf 84' lang='lat' dir='ltr'><strong>invisis</strong></span> <span class='ocrx_word' id='word_1_582' title='bbox 1224 1287 1351 1321; x_wconf 75' lang='lat' dir='ltr'><strong>negotiis.</strong></span> <span class='ocrx_word' id='word_1_583' title='bbox 1364 1287 1417 1315; x_wconf 84' lang='lat' dir='ltr'><strong>Eos</strong></span> <span class='ocrx_word' id='word_1_584' title='bbox 1428 1288 1484 1315; x_wconf 85' lang='lat' dir='ltr'><strong>vult</strong></span> <span class='ocrx_word' id='word_1_585' title='bbox 1505 1289 1588 1316; x_wconf 88' lang='lat' dir='ltr'><strong>etiam</strong></span> <span class='ocrx_word' id='word_1_586' title='bbox 1607 1289 1674 1316; x_wconf 83' lang='lat' dir='ltr'><strong>iram</strong></span> <span class='ocrx_word' id='word_1_587' title='bbox 1694 1295 1726 1315; x_wconf 86' lang='lat' dir='ltr'><strong>ac</strong></span> 
     </span>
    </p>
   </div>
   <div class='ocr_carea' id='block_1_74' title="bbox 935 1331 1728 1370">
    <p class='ocr_par' dir='ltr' id='par_1_74' title="bbox 935 1331 1728 1370">
     <span class='ocr_line' id='line_1_74' title="bbox 935 1331 1728 1370; baseline 0.003 -12"><span class='ocrx_word' id='word_1_588' title='bbox 935 1331 1052 1360; x_wconf 90' lang='lat' dir='ltr'><strong>l&#39;urorem</strong></span> <span class='ocrx_word' id='word_1_589' title='bbox 1068 1333 1216 1364; x_wconf 83' lang='lat' dir='ltr'><strong>vincere,et</strong></span> <span class='ocrx_word' id='word_1_590' title='bbox 1227 1331 1345 1360; x_wconf 79' lang='lat' dir='ltr'><strong>foresac</strong></span> <span class='ocrx_word' id='word_1_591' title='bbox 1358 1333 1515 1368; x_wconf 78' lang='lat' dir='ltr'><strong>repagulum</strong></span> <span class='ocrx_word' id='word_1_592' title='bbox 1530 1333 1627 1368; x_wconf 65' lang='lat' dir='ltr'><strong>linguae</strong></span> <span class='ocrx_word' id='word_1_593' title='bbox 1645 1342 1728 1370; x_wconf 87' lang='lat' dir='ltr'><strong>appo-</strong></span> 
     </span>
    </p>
   </div>
   <div class='ocr_carea' id='block_1_75' title="bbox 937 1377 1725 1414">
    <p class='ocr_par' dir='ltr' id='par_1_75' title="bbox 937 1377 1725 1414">
     <span class='ocr_line' id='line_1_75' title="bbox 937 1377 1725 1414; baseline 0.004 -11"><span class='ocrx_word' id='word_1_594' title='bbox 937 1384 1010 1404; x_wconf 81' lang='lat' dir='ltr'><strong>nere.</strong></span> <span class='ocrx_word' id='word_1_595' title='bbox 1020 1377 1102 1412; x_wconf 70' lang='lat'><strong>327</strong></span> <span class='ocrx_word' id='word_1_596' title='bbox 1115 1377 1171 1405; x_wconf 79' lang='lat' dir='ltr'><strong>Non</strong></span> <span class='ocrx_word' id='word_1_597' title='bbox 1183 1377 1255 1405; x_wconf 88' lang='lat' dir='ltr'><strong>enim</strong></span> <span class='ocrx_word' id='word_1_598' title='bbox 1275 1377 1394 1413; x_wconf 85' lang='lat' dir='ltr'><strong>loqueris</strong></span> <span class='ocrx_word' id='word_1_599' title='bbox 1407 1378 1530 1412; x_wconf 84' lang='lat' dir='ltr'><strong>verbum,</strong></span> <span class='ocrx_word' id='word_1_600' title='bbox 1539 1378 1638 1414; x_wconf 81' lang='lat' dir='ltr'><strong>inquit.</strong></span> <span class='ocrx_word' id='word_1_601' title='bbox 1648 1379 1674 1406; x_wconf 93' lang='lat' dir='ltr'><strong>in</strong></span> <span class='ocrx_word' id='word_1_602' title='bbox 1687 1379 1725 1406; x_wconf 86' lang='lat' dir='ltr'><strong>ira</strong></span> 
     </span>
    </p>
   </div>
   <div class='ocr_carea' id='block_1_76' title="bbox 938 1422 1728 1460">
    <p class='ocr_par' dir='ltr' id='par_1_76' title="bbox 938 1422 1728 1460">
     <span class='ocr_line' id='line_1_76' title="bbox 938 1422 1728 1460; baseline 0.001 -10"><span class='ocrx_word' id='word_1_603' title='bbox 938 1422 971 1450; x_wconf 84' lang='lat' dir='ltr'><strong>de</strong></span> <span class='ocrx_word' id='word_1_604' title='bbox 985 1430 1033 1450; x_wconf 89' lang='lat' dir='ltr'><strong>ore</strong></span> <span class='ocrx_word' id='word_1_605' title='bbox 1046 1429 1101 1450; x_wconf 87' lang='lat' dir='ltr'><strong>tuo.</strong></span> <span class='ocrx_word' id='word_1_606' title='bbox 1122 1423 1178 1450; x_wconf 83' lang='lat' dir='ltr'><strong>Duo</strong></span> <span class='ocrx_word' id='word_1_607' title='bbox 1194 1423 1275 1459; x_wconf 84' lang='lat' dir='ltr'><strong>igitur</strong></span> <span class='ocrx_word' id='word_1_608' title='bbox 1287 1423 1351 1450; x_wconf 91' lang='lat' dir='ltr'><strong>hinc</strong></span> <span class='ocrx_word' id='word_1_609' title='bbox 1363 1423 1632 1460; x_wconf 86' lang='lat' dir='ltr'><strong>circumciditgravia</strong></span> <span class='ocrx_word' id='word_1_610' title='bbox 1645 1429 1672 1452; x_wconf 90' lang='lat' dir='ltr'><strong>et</strong></span> <span class='ocrx_word' id='word_1_611' title='bbox 1687 1425 1728 1451; x_wconf 87' lang='lat' dir='ltr'><strong>in-</strong></span> 
     </span>
    </p>
   </div>
   <div class='ocr_carea' id='block_1_77' title="bbox 939 1466 1725 1504">
    <p class='ocr_par' dir='ltr' id='par_1_77' title="bbox 939 1466 1725 1504">
     <span class='ocr_line' id='line_1_77' title="bbox 939 1466 1725 1504; baseline 0.004 -10"><span class='ocrx_word' id='word_1_612' title='bbox 939 1466 1084 1494; x_wconf 82' lang='lat' dir='ltr'><strong>festissima</strong></span> <span class='ocrx_word' id='word_1_613' title='bbox 1100 1477 1106 1494; x_wconf 89' lang='lat'><strong>:</strong></span> <span class='ocrx_word' id='word_1_614' title='bbox 1123 1475 1137 1494; x_wconf 90' lang='lat' dir='ltr'><strong>a</strong></span> <span class='ocrx_word' id='word_1_615' title='bbox 1154 1468 1252 1503; x_wconf 89' lang='lat' dir='ltr'><strong>quibus</strong></span> <span class='ocrx_word' id='word_1_616' title='bbox 1263 1468 1287 1494; x_wconf 91' lang='lat' dir='ltr'><strong>si</strong></span> <span class='ocrx_word' id='word_1_617' title='bbox 1304 1468 1364 1502; x_wconf 78' lang='lat' dir='ltr'><strong>qui‘s</strong></span> <span class='ocrx_word' id='word_1_618' title='bbox 1382 1469 1534 1501; x_wconf 84' lang='lat' dir='ltr'><strong>recesserit,</strong></span> <span class='ocrx_word' id='word_1_619' title='bbox 1551 1470 1620 1504; x_wconf 88' lang='lat' dir='ltr'><strong>apud</strong></span> <span class='ocrx_word' id='word_1_620' title='bbox 1643 1469 1725 1497; x_wconf 88' lang='lat' dir='ltr'><strong>Deum</strong></span> 
     </span>
    </p>
   </div>
   <div class='ocr_carea' id='block_1_78' title="bbox 937 1511 1727 1549">
    <p class='ocr_par' dir='ltr' id='par_1_78' title="bbox 937 1511 1727 1549">
     <span class='ocr_line' id='line_1_78' title="bbox 937 1511 1727 1549; baseline 0.004 -10"><span class='ocrx_word' id='word_1_621' title='bbox 937 1511 1072 1547; x_wconf 76' lang='lat' dir='ltr'><strong>perfectus</strong></span> <span class='ocrx_word' id='word_1_622' title='bbox 1087 1513 1147 1540; x_wconf 88' lang='lat' dir='ltr'><strong>erit.</strong></span> <span class='ocrx_word' id='word_1_623' title='bbox 1165 1512 1236 1540; x_wconf 83' lang='lat' dir='ltr'><strong>Dixit</strong></span> <span class='ocrx_word' id='word_1_624' title='bbox 1255 1513 1328 1540; x_wconf 90' lang='lat' dir='ltr'><strong>enim</strong></span> <span class='ocrx_word' id='word_1_625' title='bbox 1348 1513 1457 1548; x_wconf 88' lang='lat' dir='ltr'><strong>quidam</strong></span> <span class='ocrx_word' id='word_1_626' title='bbox 1472 1521 1487 1541; x_wconf 90' lang='lat' dir='ltr'><strong>e</strong></span> <span class='ocrx_word' id='word_1_627' title='bbox 1501 1514 1603 1542; x_wconf 84' lang='lat' dir='ltr'><strong>sanctis</strong></span> <span class='ocrx_word' id='word_1_628' title='bbox 1618 1521 1727 1549; x_wconf 88' lang='lat' dir='ltr'><strong>aposto—</strong></span> 
     </span>
    </p>
   </div>
   <div class='ocr_carea' id='block_1_79' title="bbox 937 1557 1727 1594">
    <p class='ocr_par' dir='ltr' id='par_1_79' title="bbox 937 1557 1727 1594">
     <span class='ocr_line' id='line_1_79' title="bbox 937 1557 1727 1594; baseline 0.001 -9"><span class='ocrx_word' id='word_1_629' title='bbox 937 1558 971 1586; x_wconf 86' lang='lat' dir='ltr'><strong>lis</strong></span> <span class='ocrx_word' id='word_1_630' title='bbox 983 1566 990 1585; x_wconf 88' lang='lat'><strong>:</strong></span> <span class='ocrx_word' id='word_1_631' title='bbox 1012 1568 1021 1585; x_wconf 82' lang='grc' dir='ltr'><strong>ι</strong></span> <span class='ocrx_word' id='word_1_632' title='bbox 1034 1557 1062 1585; x_wconf 89' lang='lat' dir='ltr'><strong>Si</strong></span> <span class='ocrx_word' id='word_1_633' title='bbox 1074 1559 1135 1593; x_wconf 87' lang='lat' dir='ltr'><strong>quis</strong></span> <span class='ocrx_word' id='word_1_634' title='bbox 1145 1558 1172 1585; x_wconf 92' lang='lat' dir='ltr'><strong>in</strong></span> <span class='ocrx_word' id='word_1_635' title='bbox 1183 1566 1309 1586; x_wconf 86' lang='lat' dir='ltr'><strong>sermone</strong></span> <span class='ocrx_word' id='word_1_636' title='bbox 1324 1567 1376 1586; x_wconf 92' lang='lat' dir='ltr'><strong>non</strong></span> <span class='ocrx_word' id='word_1_637' title='bbox 1385 1558 1508 1591; x_wconf 75' lang='lat' dir='ltr'><strong>oll&#39;endit,</strong></span> <span class='ocrx_word' id='word_1_638' title='bbox 1533 1560 1577 1587; x_wconf 90' lang='lat' dir='ltr'><strong>hic</strong></span> <span class='ocrx_word' id='word_1_639' title='bbox 1590 1560 1727 1594; x_wconf 80' lang='lat' dir='ltr'><strong>perfectus</strong></span> 
     </span>
    </p>
   </div>
   <div class='ocr_carea' id='block_1_80' title="bbox 940 1603 1724 1639">
    <p class='ocr_par' dir='ltr' id='par_1_80' title="bbox 940 1603 1724 1639">
     <span class='ocr_line' id='line_1_80' title="bbox 940 1603 1724 1639; baseline 0 -8"><span class='ocrx_word' id='word_1_640' title='bbox 940 1604 981 1631; x_wconf 88' lang='lat' dir='ltr'><strong>vir</strong></span> <span class='ocrx_word' id='word_1_641' title='bbox 993 1608 1043 1637; x_wconf 89' lang='lat' dir='ltr'><strong>est,</strong></span> <span class='ocrx_word' id='word_1_642' title='bbox 1055 1604 1101 1638; x_wconf 93' lang='lat' dir='ltr'><strong>qui</strong></span> <span class='ocrx_word' id='word_1_643' title='bbox 1123 1604 1209 1638; x_wconf 81' lang='lat' dir='ltr'><strong>possit</strong></span> <span class='ocrx_word' id='word_1_644' title='bbox 1223 1603 1304 1631; x_wconf 84' lang='lat' dir='ltr'><strong>etiam</strong></span> <span class='ocrx_word' id='word_1_645' title='bbox 1326 1608 1409 1632; x_wconf 89' lang='lat' dir='ltr'><strong>totum</strong></span> <span class='ocrx_word' id='word_1_646' title='bbox 1426 1611 1525 1639; x_wconf 85' lang='lat' dir='ltr'><strong>c0rpus</strong></span> <span class='ocrx_word' id='word_1_647' title='bbox 1541 1604 1647 1633; x_wconf 76' lang='lat' dir='ltr'><strong>frenare</strong></span> <span class='ocrx_word' id='word_1_648' title='bbox 1659 1605 1691 1633; x_wconf 88' lang='lat'><strong>“.</strong></span> <span class='ocrx_word' id='word_1_649' title='bbox 1715 1615 1724 1631; x_wconf 71' lang='grc' dir='ltr'><strong>ι</strong></span> 
     </span>
    </p>
   </div>
   <div class='ocr_carea' id='block_1_81' title="bbox 900 1650 1728 1697">
    <p class='ocr_par' dir='ltr' id='par_1_81' title="bbox 900 1650 1728 1697">
     <span class='ocr_line' id='line_1_81' title="bbox 900 1650 1728 1697; baseline 0.002 -20"><span class='ocrx_word' id='word_1_650' title='bbox 900 1668 922 1697; x_wconf 73' lang='lat' dir='ltr'><strong>C</strong></span> <span class='ocrx_word' id='word_1_651' title='bbox 940 1650 991 1684; x_wconf 88' lang='lat' dir='ltr'><strong>Qui</strong></span> <span class='ocrx_word' id='word_1_652' title='bbox 1005 1655 1094 1678; x_wconf 87' lang='lat' dir='ltr'><strong>autem</strong></span> <span class='ocrx_word' id='word_1_653' title='bbox 1111 1651 1177 1681; x_wconf 89' lang='lat' dir='ltr'><strong>iram</strong></span> <span class='ocrx_word' id='word_1_654' title='bbox 1191 1655 1309 1685; x_wconf 86' lang='lat' dir='ltr'><strong>coercet,</strong></span> <span class='ocrx_word' id='word_1_655' title='bbox 1323 1658 1431 1685; x_wconf 86' lang='lat' dir='ltr'><strong>semper</strong></span> <span class='ocrx_word' id='word_1_656' title='bbox 1457 1650 1613 1679; x_wconf 86' lang='lat' dir='ltr'><strong>moderatus</strong></span> <span class='ocrx_word' id='word_1_657' title='bbox 1636 1656 1678 1679; x_wconf 86' lang='lat' dir='ltr'><strong>est</strong></span> <span class='ocrx_word' id='word_1_658' title='bbox 1701 1655 1728 1679; x_wconf 88' lang='lat' dir='ltr'><strong>et</strong></span> 
     </span>
    </p>
   </div>
   <div class='ocr_carea' id='block_1_82' title="bbox 939 1696 1728 1732">
    <p class='ocr_par' dir='ltr' id='par_1_82' title="bbox 939 1696 1728 1732">
     <span class='ocr_line' id='line_1_82' title="bbox 939 1696 1728 1732; baseline 0 -8"><span class='ocrx_word' id='word_1_659' title='bbox 939 1696 1115 1731; x_wconf 86' lang='lat' dir='ltr'><strong>compositus,</strong></span> <span class='ocrx_word' id='word_1_660' title='bbox 1137 1696 1270 1732; x_wconf 86' lang='lat' dir='ltr'><strong>siquidem</strong></span> <span class='ocrx_word' id='word_1_661' title='bbox 1285 1696 1454 1724; x_wconf 88' lang='lat' dir='ltr'><strong>contrarium</strong></span> <span class='ocrx_word' id='word_1_662' title='bbox 1470 1704 1564 1724; x_wconf 90' lang='lat' dir='ltr'><strong>verum</strong></span> <span class='ocrx_word' id='word_1_663' title='bbox 1582 1701 1623 1724; x_wconf 85' lang='lat' dir='ltr'><strong>est</strong></span> <span class='ocrx_word' id='word_1_664' title='bbox 1638 1704 1646 1724; x_wconf 86' lang='lat'><strong>:</strong></span> <span class='ocrx_word' id='word_1_665' title='bbox 1661 1698 1728 1725; x_wconf 84' lang='lat' dir='ltr'><strong>scri-</strong></span> 
     </span>
    </p>
   </div>
   <div class='ocr_carea' id='block_1_83' title="bbox 936 1742 1727 1778">
    <p class='ocr_par' dir='ltr' id='par_1_83' title="bbox 936 1742 1727 1778">
     <span class='ocr_line' id='line_1_83' title="bbox 936 1742 1727 1778; baseline 0 -8"><span class='ocrx_word' id='word_1_666' title='bbox 936 1748 1011 1778; x_wconf 85' lang='lat' dir='ltr'><strong>ptum</strong></span> <span class='ocrx_word' id='word_1_667' title='bbox 1027 1747 1067 1770; x_wconf 85' lang='lat' dir='ltr'><strong>est</strong></span> <span class='ocrx_word' id='word_1_668' title='bbox 1089 1742 1180 1770; x_wconf 84' lang='lat' dir='ltr'><strong>enim:</strong></span> <span class='ocrx_word' id='word_1_669' title='bbox 1196 1751 1206 1768; x_wconf 80' lang='grc' dir='ltr'><strong>ι</strong></span> <span class='ocrx_word' id='word_1_670' title='bbox 1220 1742 1424 1770; x_wconf 79' lang='lat' dir='ltr'><strong>\‘iriracundus</strong></span> <span class='ocrx_word' id='word_1_671' title='bbox 1440 1743 1633 1771; x_wconf 88' lang='lat' dir='ltr'><strong>immoderatus</strong></span> <span class='ocrx_word' id='word_1_672' title='bbox 1649 1747 1727 1771; x_wconf 86' lang='lat' dir='ltr'><strong>estet</strong></span> 
     </span>
    </p>
   </div>
   <div class='ocr_carea' id='block_1_84' title="bbox 936 1787 1725 1823">
    <p class='ocr_par' dir='ltr' id='par_1_84' title="bbox 936 1787 1725 1823">
     <span class='ocr_line' id='line_1_84' title="bbox 936 1787 1725 1823; baseline 0 -8"><span class='ocrx_word' id='word_1_673' title='bbox 936 1787 1129 1822; x_wconf 84' lang='lat' dir='ltr'><strong>incompositus</strong></span> <span class='ocrx_word' id='word_1_674' title='bbox 1143 1787 1176 1814; x_wconf 87' lang='grc'><strong>⁸⁷.</strong></span> <span class='ocrx_word' id='word_1_675' title='bbox 1188 1796 1198 1813; x_wconf 73' lang='grc' dir='ltr'><strong>ι</strong></span> <span class='ocrx_word' id='word_1_676' title='bbox 1213 1788 1267 1815; x_wconf 87' lang='lat' dir='ltr'><strong>Eos</strong></span> <span class='ocrx_word' id='word_1_677' title='bbox 1288 1788 1371 1823; x_wconf 81' lang='lat' dir='ltr'><strong>igitur</strong></span> <span class='ocrx_word' id='word_1_678' title='bbox 1381 1788 1426 1823; x_wconf 89' lang='lat' dir='ltr'><strong>qui</strong></span> <span class='ocrx_word' id='word_1_679' title='bbox 1441 1787 1612 1816; x_wconf 83' lang='lat' dir='ltr'><strong>sabbatizant</strong></span> <span class='ocrx_word' id='word_1_680' title='bbox 1626 1789 1725 1817; x_wconf 85' lang='lat' dir='ltr'><strong>intelli-</strong></span> 
     </span>
    </p>
   </div>
   <div class='ocr_carea' id='block_1_85' title="bbox 937 1832 1728 1868">
    <p class='ocr_par' dir='ltr' id='par_1_85' title="bbox 937 1832 1728 1868">
     <span class='ocr_line' id='line_1_85' title="bbox 937 1832 1728 1868; baseline 0.004 -9"><span class='ocrx_word' id='word_1_681' title='bbox 937 1832 1065 1868; x_wconf 74' lang='lat' dir='ltr'><strong>gibjlilcr,</strong></span> <span class='ocrx_word' id='word_1_682' title='bbox 1080 1837 1172 1860; x_wconf 85' lang='lat' dir='ltr'><strong>sancte</strong></span> <span class='ocrx_word' id='word_1_683' title='bbox 1187 1837 1214 1860; x_wconf 89' lang='lat' dir='ltr'><strong>et</strong></span> <span class='ocrx_word' id='word_1_684' title='bbox 1229 1833 1343 1861; x_wconf 85' lang='lat' dir='ltr'><strong>delicate</strong></span> <span class='ocrx_word' id='word_1_685' title='bbox 1359 1840 1406 1860; x_wconf 89' lang='lat' dir='ltr'><strong>seu</strong></span> <span class='ocrx_word' id='word_1_686' title='bbox 1419 1837 1522 1867; x_wconf 89' lang='lat' dir='ltr'><strong>tenere,</strong></span> <span class='ocrx_word' id='word_1_687' title='bbox 1550 1834 1630 1861; x_wconf 88' lang='lat' dir='ltr'><strong>mites</strong></span> <span class='ocrx_word' id='word_1_688' title='bbox 1668 1841 1728 1862; x_wconf 86' lang='lat' dir='ltr'><strong>esse</strong></span> 
     </span>
    </p>
   </div>
   <div class='ocr_carea' id='block_1_86' title="bbox 937 1881 1724 1917">
    <p class='ocr_par' dir='ltr' id='par_1_86' title="bbox 937 1881 1724 1917">
     <span class='ocr_line' id='line_1_86' title="bbox 937 1881 1724 1917; baseline -0.001 -8"><span class='ocrx_word' id='word_1_689' title='bbox 937 1881 995 1909; x_wconf 82' lang='lat' dir='ltr'><strong>vult</strong></span> <span class='ocrx_word' id='word_1_690' title='bbox 1008 1881 1089 1914; x_wconf 87' lang='lat' dir='ltr'><strong>Deus,</strong></span> <span class='ocrx_word' id='word_1_691' title='bbox 1105 1886 1133 1909; x_wconf 84' lang='lat' dir='ltr'><strong>et</strong></span> <span class='ocrx_word' id='word_1_692' title='bbox 1148 1882 1272 1916; x_wconf 88' lang='lat' dir='ltr'><strong>plurimis</strong></span> <span class='ocrx_word' id='word_1_693' title='bbox 1294 1881 1440 1909; x_wconf 86' lang='lat' dir='ltr'><strong>virtutibus</strong></span> <span class='ocrx_word' id='word_1_694' title='bbox 1451 1881 1578 1917; x_wconf 82' lang='lat' dir='ltr'><strong>praeditos</strong></span> <span class='ocrx_word' id='word_1_695' title='bbox 1593 1890 1600 1909; x_wconf 90' lang='lat'><strong>:</strong></span> <span class='ocrx_word' id='word_1_696' title='bbox 1614 1884 1642 1908; x_wconf 86' lang='lat' dir='ltr'><strong>et</strong></span> <span class='ocrx_word' id='word_1_697' title='bbox 1661 1888 1724 1909; x_wconf 88' lang='lat' dir='ltr'><strong>con-</strong></span> 
     </span>
    </p>
   </div>
   <div class='ocr_carea' id='block_1_87' title="bbox 938 1926 1726 1964">
    <p class='ocr_par' dir='ltr' id='par_1_87' title="bbox 938 1926 1726 1964">
     <span class='ocr_line' id='line_1_87' title="bbox 938 1926 1726 1964; baseline 0.001 -10"><span class='ocrx_word' id='word_1_698' title='bbox 938 1926 1022 1954; x_wconf 78' lang='lat' dir='ltr'><strong>lidere</strong></span> <span class='ocrx_word' id='word_1_699' title='bbox 1032 1927 1110 1962; x_wconf 89' lang='lat' dir='ltr'><strong>jubet</strong></span> <span class='ocrx_word' id='word_1_700' title='bbox 1120 1935 1172 1956; x_wconf 92' lang='lat' dir='ltr'><strong>non</strong></span> <span class='ocrx_word' id='word_1_701' title='bbox 1184 1927 1352 1961; x_wconf 81' lang='lat' dir='ltr'><strong>divitiis,aut</strong></span> <span class='ocrx_word' id='word_1_702' title='bbox 1363 1929 1456 1956; x_wconf 90' lang='lat' dir='ltr'><strong>mundi</strong></span> <span class='ocrx_word' id='word_1_703' title='bbox 1469 1929 1599 1964; x_wconf 86' lang='lat' dir='ltr'><strong>potentia,</strong></span> <span class='ocrx_word' id='word_1_704' title='bbox 1615 1936 1668 1956; x_wconf 93' lang='lat' dir='ltr'><strong>non</strong></span> <span class='ocrx_word' id='word_1_705' title='bbox 1683 1936 1726 1955; x_wconf 90' lang='lat' dir='ltr'><strong>ro-</strong></span> 
     </span>
    </p>
   </div>
   <div class='ocr_carea' id='block_1_88' title="bbox 938 1972 1726 2010">
    <p class='ocr_par' dir='ltr' id='par_1_88' title="bbox 938 1972 1726 2010">
     <span class='ocr_line' id='line_1_88' title="bbox 938 1972 1726 2010; baseline 0.004 -11"><span class='ocrx_word' id='word_1_706' title='bbox 938 1972 1004 2000; x_wconf 89' lang='lat' dir='ltr'><strong>bore</strong></span> <span class='ocrx_word' id='word_1_707' title='bbox 1023 1973 1155 2007; x_wconf 89' lang='lat' dir='ltr'><strong>corporis,</strong></span> <span class='ocrx_word' id='word_1_708' title='bbox 1173 1973 1214 2000; x_wconf 88' lang='lat' dir='ltr'><strong>vel</strong></span> <span class='ocrx_word' id='word_1_709' title='bbox 1232 1973 1312 2002; x_wconf 83' lang='lat' dir='ltr'><strong>rebus</strong></span> <span class='ocrx_word' id='word_1_710' title='bbox 1326 1974 1469 2010; x_wconf 88' lang='lat' dir='ltr'><strong>ejusmodi,</strong></span> <span class='ocrx_word' id='word_1_711' title='bbox 1481 1982 1541 2010; x_wconf 68' lang='lat' dir='ltr'><strong>quae</strong></span> <span class='ocrx_word' id='word_1_712' title='bbox 1553 1974 1645 2002; x_wconf 85' lang='lat' dir='ltr'><strong>herbis</strong></span> <span class='ocrx_word' id='word_1_713' title='bbox 1670 1975 1726 2010; x_wconf 88' lang='lat' dir='ltr'><strong>agri</strong></span> 
     </span>
    </p>
   </div>
   <div class='ocr_carea' id='block_1_89' title="bbox 939 2018 1727 2055">
    <p class='ocr_par' dir='ltr' id='par_1_89' title="bbox 939 2018 1727 2055">
     <span class='ocr_line' id='line_1_89' title="bbox 939 2018 1727 2055; baseline 0.004 -9"><span class='ocrx_word' id='word_1_714' title='bbox 939 2018 1043 2046; x_wconf 87' lang='lat' dir='ltr'><strong>similes</strong></span> <span class='ocrx_word' id='word_1_715' title='bbox 1057 2024 1130 2051; x_wconf 89' lang='lat' dir='ltr'><strong>sunt,</strong></span> <span class='ocrx_word' id='word_1_716' title='bbox 1150 2023 1178 2047; x_wconf 88' lang='lat' dir='ltr'><strong>et</strong></span> <span class='ocrx_word' id='word_1_717' title='bbox 1190 2021 1360 2054; x_wconf 72' lang='lat' dir='ltr'><strong>temporaria:</strong></span> <span class='ocrx_word' id='word_1_718' title='bbox 1389 2028 1422 2048; x_wconf 87' lang='lat' dir='ltr'><strong>ac</strong></span> <span class='ocrx_word' id='word_1_719' title='bbox 1446 2021 1589 2055; x_wconf 73' lang='lat' dir='ltr'><strong>mareidae;</strong></span> <span class='ocrx_word' id='word_1_720' title='bbox 1606 2022 1653 2049; x_wconf 88' lang='lat' dir='ltr'><strong>sed</strong></span> <span class='ocrx_word' id='word_1_721' title='bbox 1677 2021 1727 2049; x_wconf 89' lang='lat' dir='ltr'><strong>Do-</strong></span> 
     </span>
    </p>
   </div>
   <div class='ocr_carea' id='block_1_90' title="bbox 940 2064 1727 2103">
    <p class='ocr_par' dir='ltr' id='par_1_90' title="bbox 940 2064 1727 2103">
     <span class='ocr_line' id='line_1_90' title="bbox 940 2064 1727 2103; baseline 0.006 -13"><span class='ocrx_word' id='word_1_722' title='bbox 940 2064 1014 2091; x_wconf 87' lang='lat' dir='ltr'><strong>mino</strong></span> <span class='ocrx_word' id='word_1_723' title='bbox 1033 2065 1122 2098; x_wconf 90' lang='lat' dir='ltr'><strong>inniti,</strong></span> <span class='ocrx_word' id='word_1_724' title='bbox 1132 2065 1178 2100; x_wconf 88' lang='lat' dir='ltr'><strong>qui</strong></span> <span class='ocrx_word' id='word_1_725' title='bbox 1188 2066 1276 2093; x_wconf 88' lang='lat' dir='ltr'><strong>omnis</strong></span> <span class='ocrx_word' id='word_1_726' title='bbox 1288 2066 1491 2102; x_wconf 81' lang='lat' dir='ltr'><strong>tranquillitatis</strong></span> <span class='ocrx_word' id='word_1_727' title='bbox 1506 2067 1619 2103; x_wconf 88' lang='lat' dir='ltr'><strong>largitor</strong></span> <span class='ocrx_word' id='word_1_728' title='bbox 1632 2072 1674 2095; x_wconf 87' lang='lat' dir='ltr'><strong>est</strong></span> <span class='ocrx_word' id='word_1_729' title='bbox 1695 2075 1727 2095; x_wconf 87' lang='lat' dir='ltr'><strong>ac</strong></span> 
     </span>
    </p>
   </div>
   <div class='ocr_carea' id='block_1_91' title="bbox 941 2110 1726 2148">
    <p class='ocr_par' dir='ltr' id='par_1_91' title="bbox 941 2110 1726 2148">
     <span class='ocr_line' id='line_1_91' title="bbox 941 2110 1726 2148; baseline 0.003 -10"><span class='ocrx_word' id='word_1_730' title='bbox 941 2110 1119 2145; x_wconf 84' lang='lat' dir='ltr'><strong>dispensator.</strong></span> <span class='ocrx_word' id='word_1_731' title='bbox 1140 2111 1217 2145; x_wconf 87' lang='lat' dir='ltr'><strong>Quod</strong></span> <span class='ocrx_word' id='word_1_732' title='bbox 1241 2117 1332 2140; x_wconf 83' lang='lat' dir='ltr'><strong>autent</strong></span> <span class='ocrx_word' id='word_1_733' title='bbox 1356 2119 1404 2141; x_wconf 82' lang='lat' dir='ltr'><strong>eos</strong></span> <span class='ocrx_word' id='word_1_734' title='bbox 1418 2113 1464 2148; x_wconf 88' lang='lat' dir='ltr'><strong>qui</strong></span> <span class='ocrx_word' id='word_1_735' title='bbox 1479 2114 1515 2140; x_wconf 89' lang='lat' dir='ltr'><strong>ita</strong></span> <span class='ocrx_word' id='word_1_736' title='bbox 1540 2115 1622 2140; x_wconf 88' lang='lat' dir='ltr'><strong>vitam</strong></span> <span class='ocrx_word' id='word_1_737' title='bbox 1647 2113 1726 2140; x_wconf 89' lang='lat' dir='ltr'><strong>insti-</strong></span> 
     </span>
    </p>
   </div>
   <div class='ocr_carea' id='block_1_92' title="bbox 943 2156 1728 2191">
    <p class='ocr_par' dir='ltr' id='par_1_92' title="bbox 943 2156 1728 2191">
     <span class='ocr_line' id='line_1_92' title="bbox 943 2156 1728 2191; baseline 0.003 -9"><span class='ocrx_word' id='word_1_738' title='bbox 943 2159 1018 2184; x_wconf 88' lang='lat' dir='ltr'><strong>tuere</strong></span> <span class='ocrx_word' id='word_1_739' title='bbox 1032 2156 1133 2190; x_wconf 86' lang='lat' dir='ltr'><strong>solent,</strong></span> <span class='ocrx_word' id='word_1_740' title='bbox 1147 2157 1301 2191; x_wconf 89' lang='lat' dir='ltr'><strong>quicunque</strong></span> <span class='ocrx_word' id='word_1_741' title='bbox 1317 2159 1423 2185; x_wconf 88' lang='lat' dir='ltr'><strong>tandem</strong></span> <span class='ocrx_word' id='word_1_742' title='bbox 1433 2159 1498 2191; x_wconf 86' lang='lat' dir='ltr'><strong>sint,</strong></span> <span class='ocrx_word' id='word_1_743' title='bbox 1512 2161 1728 2191; x_wconf 88' lang='lat' dir='ltr'><strong>coronet.osten—</strong></span> 
     </span>
    </p>
   </div>
   <div class='ocr_carea' id='block_1_93' title="bbox 941 2201 1729 2238">
    <p class='ocr_par' dir='ltr' id='par_1_93' title="bbox 941 2201 1729 2238">
     <span class='ocr_line' id='line_1_93' title="bbox 941 2201 1729 2238; baseline 0.005 -10"><span class='ocrx_word' id='word_1_744' title='bbox 941 2201 992 2234; x_wconf 89' lang='lat' dir='ltr'><strong>dit,</strong></span> <span class='ocrx_word' id='word_1_745' title='bbox 1004 2202 1118 2229; x_wconf 84' lang='lat' dir='ltr'><strong>dicens:</strong></span> <span class='ocrx_word' id='word_1_746' title='bbox 1135 2211 1145 2228; x_wconf 81' lang='grc' dir='ltr'><strong>ι</strong></span> <span class='ocrx_word' id='word_1_747' title='bbox 1165 2202 1266 2230; x_wconf 83' lang='lat' dir='ltr'><strong>Evehet</strong></span> <span class='ocrx_word' id='word_1_748' title='bbox 1281 2208 1307 2230; x_wconf 87' lang='lat' dir='ltr'><strong>te</strong></span> <span class='ocrx_word' id='word_1_749' title='bbox 1325 2204 1359 2230; x_wconf 89' lang='lat' dir='ltr'><strong>ad</strong></span> <span class='ocrx_word' id='word_1_750' title='bbox 1374 2203 1443 2231; x_wconf 89' lang='lat' dir='ltr'><strong>bona</strong></span> <span class='ocrx_word' id='word_1_751' title='bbox 1458 2208 1546 2238; x_wconf 69' lang='lat' dir='ltr'><strong>terrae,</strong></span> <span class='ocrx_word' id='word_1_752' title='bbox 1572 2210 1600 2232; x_wconf 91' lang='lat' dir='ltr'><strong>et</strong></span> <span class='ocrx_word' id='word_1_753' title='bbox 1629 2205 1729 2232; x_wconf 75' lang='lat' dir='ltr'><strong>cibabit</strong></span> 
     </span>
    </p>
   </div>
   <div class='ocr_carea' id='block_1_94' title="bbox 943 2248 1728 2284">
    <p class='ocr_par' dir='ltr' id='par_1_94' title="bbox 943 2248 1728 2284">
     <span class='ocr_line' id='line_1_94' title="bbox 943 2248 1728 2284; baseline 0.003 -8"><span class='ocrx_word' id='word_1_754' title='bbox 943 2252 969 2276; x_wconf 84' lang='lat' dir='ltr'><strong>te</strong></span> <span class='ocrx_word' id='word_1_755' title='bbox 981 2249 1138 2277; x_wconf 62' lang='lat' dir='ltr'><strong>hatreditate</strong></span> <span class='ocrx_word' id='word_1_756' title='bbox 1149 2248 1232 2276; x_wconf 86' lang='lat' dir='ltr'><strong>Jacob</strong></span> <span class='ocrx_word' id='word_1_757' title='bbox 1241 2249 1325 2284; x_wconf 87' lang='lat' dir='ltr'><strong>patris</strong></span> <span class='ocrx_word' id='word_1_758' title='bbox 1342 2249 1389 2277; x_wconf 91' lang='lat' dir='ltr'><strong>tui.</strong></span> <span class='ocrx_word' id='word_1_759' title='bbox 1405 2259 1415 2275; x_wconf 81' lang='grc' dir='ltr'><strong>ι</strong></span> <span class='ocrx_word' id='word_1_760' title='bbox 1431 2250 1559 2278; x_wconf 81' lang='lat' dir='ltr'><strong>Premisit</strong></span> <span class='ocrx_word' id='word_1_761' title='bbox 1582 2251 1653 2278; x_wconf 85' lang='lat' dir='ltr'><strong>enim</strong></span> <span class='ocrx_word' id='word_1_762' title='bbox 1679 2250 1728 2278; x_wconf 80' lang='lat' dir='ltr'><strong>Ju-</strong></span> 
     </span>
    </p>
   </div>
   <div class='ocr_carea' id='block_1_95' title="bbox 944 2294 1728 2332">
    <p class='ocr_par' dir='ltr' id='par_1_95' title="bbox 944 2294 1728 2332">
     <span class='ocr_line' id='line_1_95' title="bbox 944 2294 1728 2332; baseline 0.004 -11"><span class='ocrx_word' id='word_1_763' title='bbox 944 2294 1062 2322; x_wconf 68' lang='lat' dir='ltr'><strong>daeorum</strong></span> <span class='ocrx_word' id='word_1_764' title='bbox 1086 2295 1207 2330; x_wconf 89' lang='lat' dir='ltr'><strong>patribus</strong></span> <span class='ocrx_word' id='word_1_765' title='bbox 1228 2295 1415 2323; x_wconf 84' lang='lat' dir='ltr'><strong>universorum</strong></span> <span class='ocrx_word' id='word_1_766' title='bbox 1436 2296 1508 2324; x_wconf 87' lang='lat' dir='ltr'><strong>Deus</strong></span> <span class='ocrx_word' id='word_1_767' title='bbox 1535 2301 1635 2325; x_wconf 87' lang='lat' dir='ltr'><strong>terram</strong></span> <span class='ocrx_word' id='word_1_768' title='bbox 1665 2305 1728 2332; x_wconf 87' lang='lat' dir='ltr'><strong>pro-</strong></span> 
     </span>
    </p>
   </div>
   <div class='ocr_carea' id='block_1_96' title="bbox 101 2339 894 2380">
    <p class='ocr_par' dir='ltr' id='par_1_96' title="bbox 101 2339 892 2378">
     <span class='ocr_line' id='line_1_96' title="bbox 101 2339 892 2378; baseline -0.006 -8"><span class='ocrx_word' id='word_1_769' title='bbox 101 2343 206 2378; x_wconf 79' lang='grc' dir='ltr'>Κύριον</span> <span class='ocrx_word' id='word_1_770' title='bbox 217 2342 245 2369; x_wconf 84' lang='grc' dir='ltr'>δὲ</span> <span class='ocrx_word' id='word_1_771' title='bbox 259 2342 358 2378; x_wconf 80' lang='grc' dir='ltr'>μᾶλλον</span> <span class='ocrx_word' id='word_1_772' title='bbox 377 2342 422 2368; x_wconf 74' lang='grc' dir='ltr'>τὸν</span> <span class='ocrx_word' id='word_1_773' title='bbox 439 2341 547 2376; x_wconf 84' lang='grc' dir='ltr'>ἁπάσης</span> <span class='ocrx_word' id='word_1_774' title='bbox 567 2340 696 2376; x_wconf 75' lang='grc' dir='ltr'>εὐθυμίας</span> <span class='ocrx_word' id='word_1_775' title='bbox 711 2340 757 2366; x_wconf 78' lang='grc' dir='ltr'>καὶ</span> <span class='ocrx_word' id='word_1_776' title='bbox 776 2339 892 2375; x_wconf 82' lang='grc' dir='ltr'>χορηγὸν</span> 
     </span>
    </p>
   </div>
   <div class='ocr_carea' id='block_1_97' title="bbox 944 2339 1729 2380">
    <p class='ocr_par' dir='ltr' id='par_1_97' title="bbox 947 2339 1729 2380">
     <span class='ocr_line' id='line_1_97' title="bbox 947 2339 1729 2380; baseline 0.005 -13"><span class='ocrx_word' id='word_1_777' title='bbox 947 2339 1091 2374; x_wconf 85' lang='lat' dir='ltr'><strong>missionis,</strong></span> <span class='ocrx_word' id='word_1_778' title='bbox 1106 2345 1133 2368; x_wconf 90' lang='lat' dir='ltr'><strong>et</strong></span> <span class='ocrx_word' id='word_1_779' title='bbox 1146 2340 1172 2368; x_wconf 94' lang='lat' dir='ltr'><strong>in</strong></span> <span class='ocrx_word' id='word_1_780' title='bbox 1183 2347 1241 2368; x_wconf 86' lang='lat' dir='ltr'><strong>eam</strong></span> <span class='ocrx_word' id='word_1_781' title='bbox 1255 2341 1399 2369; x_wconf 89' lang='lat' dir='ltr'><strong>introducti</strong></span> <span class='ocrx_word' id='word_1_782' title='bbox 1407 2347 1480 2375; x_wconf 87' lang='lat' dir='ltr'><strong>sunt,</strong></span> <span class='ocrx_word' id='word_1_783' title='bbox 1502 2343 1570 2371; x_wconf 86' lang='lat' dir='ltr'><strong>duce</strong></span> <span class='ocrx_word' id='word_1_784' title='bbox 1580 2343 1729 2380; x_wconf 81' lang='lat' dir='ltr'><strong>Jesu,Moy-</strong></span> 
     </span>
    </p>
   </div>
   <div class='ocr_carea' id='block_1_98' title="bbox 101 2385 892 2424">
    <p class='ocr_par' dir='ltr' id='par_1_98' title="bbox 101 2385 892 2424">
     <span class='ocr_line' id='line_1_98' title="bbox 101 2385 892 2424; baseline -0.006 -8"><span class='ocrx_word' id='word_1_785' title='bbox 101 2390 151 2416; x_wconf 76' lang='grc' dir='ltr'>καὶ</span> <span class='ocrx_word' id='word_1_786' title='bbox 173 2388 314 2424; x_wconf 82' lang='grc' dir='ltr'>πρύτανιν.</span> <span class='ocrx_word' id='word_1_787' title='bbox 349 2388 390 2414; x_wconf 86' lang='grc' dir='ltr'><strong>Τά</strong></span> <span class='ocrx_word' id='word_1_788' title='bbox 424 2387 477 2414; x_wconf 84' lang='grc' dir='ltr'>τῶν</span> <span class='ocrx_word' id='word_1_789' title='bbox 499 2387 570 2414; x_wconf 78' lang='grc' dir='ltr'>οὕτω</span> <span class='ocrx_word' id='word_1_790' title='bbox 599 2386 649 2421; x_wconf 81' lang='grc' dir='ltr'><strong>ζῇν</strong></span> <span class='ocrx_word' id='word_1_791' title='bbox 678 2385 821 2417; x_wconf 80' lang='grc' dir='ltr'>εἰωθότων,</span> <span class='ocrx_word' id='word_1_792' title='bbox 851 2385 892 2412; x_wconf 83' lang='grc' dir='ltr'>ὅτι</span> 
     </span>
    </p>
   </div>
   <div class='ocr_carea' id='block_1_99' title="bbox 99 2431 891 2470">
    <p class='ocr_par' dir='ltr' id='par_1_99' title="bbox 99 2431 891 2470">
     <span class='ocr_line' id='line_1_99' title="bbox 99 2431 891 2470; baseline -0.005 -9"><span class='ocrx_word' id='word_1_793' title='bbox 99 2433 153 2462; x_wconf 76' lang='grc' dir='ltr'>οἷοί</span> <span class='ocrx_word' id='word_1_794' title='bbox 177 2443 249 2466; x_wconf 81' lang='grc' dir='ltr'>τινες</span> <span class='ocrx_word' id='word_1_795' title='bbox 277 2431 343 2466; x_wconf 82' lang='grc' dir='ltr'>εἷεν,</span> <span class='ocrx_word' id='word_1_796' title='bbox 368 2434 528 2470; x_wconf 81' lang='grc' dir='ltr'>ἀνθρώπους</span> <span class='ocrx_word' id='word_1_797' title='bbox 552 2434 699 2468; x_wconf 80' lang='grc' dir='ltr'>στεφανοῖ,</span> <span class='ocrx_word' id='word_1_798' title='bbox 725 2432 891 2459; x_wconf 83' lang='grc' dir='ltr'>διαδείκνυσι</span> 
     </span>
    </p>
   </div>
   <div class='ocr_carea' id='block_1_100' title="bbox 100 2477 892 2515">
    <p class='ocr_par' dir='ltr' id='par_1_100' title="bbox 100 2477 892 2515">
     <span class='ocr_line' id='line_1_100' title="bbox 100 2477 892 2515; baseline -0.003 -9"><span class='ocrx_word' id='word_1_799' title='bbox 100 2481 200 2515; x_wconf 78' lang='grc' dir='ltr'>λέγων,</span> <span class='ocrx_word' id='word_1_800' title='bbox 220 2481 261 2507; x_wconf 82' lang='grc' dir='ltr'>ὃτι</span> <span class='ocrx_word' id='word_1_801' title='bbox 283 2489 293 2506; x_wconf 81' lang='grc' dir='ltr'><strong>ι</strong></span> <span class='ocrx_word' id='word_1_802' title='bbox 322 2480 494 2506; x_wconf 76' lang='grc' dir='ltr'>Ἀναὸιῦάσει</span> <span class='ocrx_word' id='word_1_803' title='bbox 509 2488 537 2506; x_wconf 85' lang='grc' dir='ltr'><strong>σε</strong></span> <span class='ocrx_word' id='word_1_804' title='bbox 553 2479 600 2506; x_wconf 77' lang='grc' dir='ltr'><strong>ἐπὶ</strong></span> <span class='ocrx_word' id='word_1_805' title='bbox 611 2479 646 2506; x_wconf 78' lang='grc' dir='ltr'><strong>τὰ</strong></span> <span class='ocrx_word' id='word_1_806' title='bbox 661 2478 752 2512; x_wconf 84' lang='grc' dir='ltr'>ἀγαθά</span> <span class='ocrx_word' id='word_1_807' title='bbox 768 2477 817 2513; x_wconf 87' lang='grc' dir='ltr'>τῆς</span> <span class='ocrx_word' id='word_1_808' title='bbox 830 2477 892 2512; x_wconf 78' lang='grc' dir='ltr'>γῆς,</span> 
     </span>
    </p>
   </div>
   <div class='ocr_carea' id='block_1_101' title="bbox 102 2524 893 2562">
    <p class='ocr_par' dir='ltr' id='par_1_101' title="bbox 102 2524 893 2562">
     <span class='ocr_line' id='line_1_101' title="bbox 102 2524 893 2562; baseline -0.004 -9"><span class='ocrx_word' id='word_1_809' title='bbox 102 2527 151 2553; x_wconf 79' lang='grc' dir='ltr'>καὶ</span> <span class='ocrx_word' id='word_1_810' title='bbox 166 2526 269 2561; x_wconf 76' lang='grc' dir='ltr'>ψωμιεῖ</span> <span class='ocrx_word' id='word_1_811' title='bbox 283 2535 312 2552; x_wconf 85' lang='grc' dir='ltr'><strong>σε</strong></span> <span class='ocrx_word' id='word_1_812' title='bbox 330 2527 377 2553; x_wconf 73' lang='grc' dir='ltr'><strong>ἐπὶ</strong></span> <span class='ocrx_word' id='word_1_813' title='bbox 393 2526 442 2562; x_wconf 80' lang='grc' dir='ltr'>τὴν</span> <span class='ocrx_word' id='word_1_814' title='bbox 455 2526 635 2562; x_wconf 86' lang='grc' dir='ltr'>κληρονομίαν</span> <span class='ocrx_word' id='word_1_815' title='bbox 659 2524 755 2552; x_wconf 85' lang='grc' dir='ltr'>Ἰακὼὸ</span> <span class='ocrx_word' id='word_1_816' title='bbox 775 2524 822 2551; x_wconf 79' lang='grc' dir='ltr'><strong>τοῦ</strong></span> <span class='ocrx_word' id='word_1_817' title='bbox 840 2532 893 2550; x_wconf 75' lang='grc' dir='ltr'>παι-</span> 
     </span>
    </p>
   </div>
   <div class='ocr_carea' id='block_1_102' title="bbox 101 2570 891 2608">
    <p class='ocr_par' dir='ltr' id='par_1_102' title="bbox 101 2570 891 2608">
     <span class='ocr_line' id='line_1_102' title="bbox 101 2570 891 2608; baseline -0.003 -10"><span class='ocrx_word' id='word_1_818' title='bbox 101 2572 166 2608; x_wconf 79' lang='grc' dir='ltr'>τρός</span> <span class='ocrx_word' id='word_1_819' title='bbox 180 2581 237 2599; x_wconf 86' lang='grc' dir='ltr'>σου.</span> <span class='ocrx_word' id='word_1_820' title='bbox 250 2583 259 2598; x_wconf 72' lang='grc' dir='ltr'><strong>ι</strong></span> <span class='ocrx_word' id='word_1_821' title='bbox 281 2572 476 2607; x_wconf 78' lang='grc' dir='ltr'>Ἐτιηγγείλατο</span> <span class='ocrx_word' id='word_1_822' title='bbox 490 2572 538 2608; x_wconf 83' lang='grc' dir='ltr'>μὲν</span> <span class='ocrx_word' id='word_1_823' title='bbox 555 2572 609 2608; x_wconf 79' lang='grc' dir='ltr'><strong>γὰρ</strong></span> <span class='ocrx_word' id='word_1_824' title='bbox 621 2573 676 2603; x_wconf 81' lang='grc' dir='ltr'>τοῖς</span> <span class='ocrx_word' id='word_1_825' title='bbox 686 2570 740 2598; x_wconf 87' lang='grc' dir='ltr'>τῶν</span> <span class='ocrx_word' id='word_1_826' title='bbox 758 2570 891 2597; x_wconf 85' lang='grc' dir='ltr'>Ἰουδαίων</span> 
     </span>
    </p>
   </div>
   <div class='ocr_carea' id='block_1_103' title="bbox 102 2614 890 2652">
    <p class='ocr_par' dir='ltr' id='par_1_103' title="bbox 102 2614 890 2652">
     <span class='ocr_line' id='line_1_103' title="bbox 102 2614 890 2652; baseline -0.004 -8"><span class='ocrx_word' id='word_1_827' title='bbox 102 2617 239 2652; x_wconf 80' lang='grc' dir='ltr'>πατράσιν</span> <span class='ocrx_word' id='word_1_828' title='bbox 254 2618 268 2643; x_wconf 86' lang='grc' dir='ltr'><strong>ό</strong></span> <span class='ocrx_word' id='word_1_829' title='bbox 282 2617 335 2644; x_wconf 85' lang='grc' dir='ltr'>τῶν</span> <span class='ocrx_word' id='word_1_830' title='bbox 353 2617 420 2644; x_wconf 81' lang='grc' dir='ltr'>ὅλων</span> <span class='ocrx_word' id='word_1_831' title='bbox 433 2617 497 2646; x_wconf 77' lang='grc' dir='ltr'>Θεὸς</span> <span class='ocrx_word' id='word_1_832' title='bbox 512 2616 561 2652; x_wconf 83' lang='grc' dir='ltr'>τὴν</span> <span class='ocrx_word' id='word_1_833' title='bbox 580 2616 631 2652; x_wconf 78' lang='grc' dir='ltr'>γῆν</span> <span class='ocrx_word' id='word_1_834' title='bbox 650 2617 697 2651; x_wconf 82' lang='grc' dir='ltr'>τῆς</span> <span class='ocrx_word' id='word_1_835' title='bbox 716 2614 890 2649; x_wconf 69' lang='grc' dir='ltr'>ἐπαγγελίας,</span> 
     </span>
    </p>
   </div>
   <div class='ocr_carea' id='block_1_104' title="bbox 103 2660 891 2699">
    <p class='ocr_par' dir='ltr' id='par_1_104' title="bbox 103 2660 891 2699">
     <span class='ocr_line' id='line_1_104' title="bbox 103 2660 891 2699; baseline -0.003 -10"><span class='ocrx_word' id='word_1_836' title='bbox 103 2662 194 2699; x_wconf 51' lang='grc' dir='ltr'>καίιδὴ</span> <span class='ocrx_word' id='word_1_837' title='bbox 221 2663 268 2689; x_wconf 75' lang='grc' dir='ltr'>καὶ</span> <span class='ocrx_word' id='word_1_838' title='bbox 280 2662 508 2698; x_wconf 79' lang='grc' dir='ltr'>εἰσεκομίσθησαν</span> <span class='ocrx_word' id='word_1_839' title='bbox 522 2663 562 2694; x_wconf 84' lang='grc' dir='ltr'><strong>εἰς</strong></span> <span class='ocrx_word' id='word_1_840' title='bbox 576 2662 660 2697; x_wconf 84' lang='grc' dir='ltr'>αὐτὴν</span> <span class='ocrx_word' id='word_1_841' title='bbox 676 2660 891 2697; x_wconf 73' lang='grc' dir='ltr'>στρατηγοῦντος</span> 
     </span>
    </p>
   </div>
   <div class='ocr_carea' id='block_1_105' title="bbox 110 2704 894 2744">
    <p class='ocr_par' dir='ltr' id='par_1_105' title="bbox 110 2704 894 2744">
     <span class='ocr_line' id='line_1_105' title="bbox 110 2704 894 2744; baseline -0.003 -9"><span class='ocrx_word' id='word_1_842' title='bbox 110 2708 199 2744; x_wconf 78' lang='grc' dir='ltr'><strong>Ἰησοῦ</strong></span> <span class='ocrx_word' id='word_1_843' title='bbox 219 2708 287 2743; x_wconf 86' lang='grc' dir='ltr'><strong>μετά</strong></span> <span class='ocrx_word' id='word_1_844' title='bbox 311 2708 356 2735; x_wconf 76' lang='grc' dir='ltr'>τὸν</span> <span class='ocrx_word' id='word_1_845' title='bbox 381 2708 542 2744; x_wconf 74' lang='grc' dir='ltr'>ἱεροφάντην</span> <span class='ocrx_word' id='word_1_846' title='bbox 563 2707 678 2734; x_wconf 84' lang='grc' dir='ltr'>Μωσέα.</span> <span class='ocrx_word' id='word_1_847' title='bbox 691 2704 760 2734; x_wconf 75' lang='grc' dir='ltr'>Εἶτα</span> <span class='ocrx_word' id='word_1_848' title='bbox 771 2706 829 2738; x_wconf 84' lang='grc' dir='ltr'>πῶς</span> <span class='ocrx_word' id='word_1_849' title='bbox 850 2706 894 2734; x_wconf 82' lang='grc' dir='ltr'><strong>διὰ</strong></span> 
     </span>
    </p>
   </div>
   <div class='ocr_carea' id='block_1_106' title="bbox 104 2752 894 2790">
    <p class='ocr_par' dir='ltr' id='par_1_106' title="bbox 104 2752 894 2790">
     <span class='ocr_line' id='line_1_106' title="bbox 104 2752 894 2790; baseline -0.001 -10"><span class='ocrx_word' id='word_1_850' title='bbox 104 2754 159 2781; x_wconf 85' lang='grc' dir='ltr'>τῶν</span> <span class='ocrx_word' id='word_1_851' title='bbox 188 2754 379 2790; x_wconf 78' lang='grc' dir='ltr'>προκειμένων</span> <span class='ocrx_word' id='word_1_852' title='bbox 404 2754 519 2789; x_wconf 85' lang='grc' dir='ltr'>στίχων,</span> <span class='ocrx_word' id='word_1_853' title='bbox 542 2753 579 2786; x_wconf 82' lang='grc' dir='ltr'><strong>ὡς</strong></span> <span class='ocrx_word' id='word_1_854' title='bbox 605 2753 681 2780; x_wconf 73' lang='grc' dir='ltr'>οῠτιω</span> <span class='ocrx_word' id='word_1_855' title='bbox 706 2753 818 2780; x_wconf 77' lang='grc' dir='ltr'>λαϐοῦσι</span> <span class='ocrx_word' id='word_1_856' title='bbox 848 2752 894 2779; x_wconf 79' lang='grc' dir='ltr'><strong>τὸν</strong></span> 
     </span>
    </p>
   </div>
   <div class='ocr_carea' id='block_1_107' title="bbox 105 2799 893 2836">
    <p class='ocr_par' dir='ltr' id='par_1_107' title="bbox 105 2799 893 2836">
     <span class='ocr_line' id='line_1_107' title="bbox 105 2799 893 2836; baseline -0.001 -10"><span class='ocrx_word' id='word_1_857' title='bbox 105 2800 206 2835; x_wconf 77' lang='grc' dir='ltr'>κλῆρον</span> <span class='ocrx_word' id='word_1_858' title='bbox 230 2799 276 2826; x_wconf 81' lang='grc' dir='ltr'>τὸν</span> <span class='ocrx_word' id='word_1_859' title='bbox 299 2799 502 2834; x_wconf 79' lang='grc' dir='ltr'>ὲπαγγελθέντα</span> <span class='ocrx_word' id='word_1_860' title='bbox 533 2799 572 2834; x_wconf 87' lang='grc' dir='ltr'>τῷ</span> <span class='ocrx_word' id='word_1_861' title='bbox 599 2800 756 2836; x_wconf 85' lang='grc' dir='ltr'>πατριάρχῃ</span> <span class='ocrx_word' id='word_1_862' title='bbox 786 2799 893 2831; x_wconf 81' lang='grc' dir='ltr'>Ἰακὼϐ,</span> 
     </span>
    </p>
   </div>
   <div class='ocr_carea' id='block_1_108' title="bbox 144 2890 392 2924">
    <p class='ocr_par' dir='ltr' id='par_1_108' title="bbox 144 2890 392 2924">
     <span class='ocr_line' id='line_1_108' title="bbox 144 2890 392 2924; baseline 0 -7"><span class='ocrx_word' id='word_1_863' title='bbox 144 2890 167 2907; x_wconf 71' lang='grc'><strong><em>⁸⁵</em></strong></span> <span class='ocrx_word' id='word_1_864' title='bbox 188 2890 264 2918; x_wconf 79' lang='lat' dir='ltr'><strong>Rom.</strong></span> <span class='ocrx_word' id='word_1_865' title='bbox 284 2898 333 2924; x_wconf 86' lang='lat' dir='ltr'><strong>vn,</strong></span> <span class='ocrx_word' id='word_1_866' title='bbox 348 2890 392 2918; x_wconf 74' lang='lat'><strong>9.5.</strong></span> 
     </span>
    </p>
   </div>
   <div class='ocr_carea' id='block_1_109' title="bbox 432 2890 912 2925">
    <p class='ocr_par' dir='ltr' id='par_1_109' title="bbox 432 2890 912 2925">
     <span class='ocr_line' id='line_1_109' title="bbox 432 2890 912 2925; baseline 0.002 -7"><span class='ocrx_word' id='word_1_867' title='bbox 432 2891 453 2906; x_wconf 73' lang='grc'><strong>”⁵</strong></span> <span class='ocrx_word' id='word_1_868' title='bbox 468 2891 518 2920; x_wconf 82' lang='lat' dir='ltr'><strong>lsa.</strong></span> <span class='ocrx_word' id='word_1_869' title='bbox 538 2899 631 2925; x_wconf 78' lang='lat' dir='ltr'><strong>xtvtn,</strong></span> <span class='ocrx_word' id='word_1_870' title='bbox 647 2892 674 2919; x_wconf 76' lang='grc' dir='ltr'><strong>ιί.</strong></span> <span class='ocrx_word' id='word_1_871' title='bbox 713 2891 734 2907; x_wconf 75' lang='grc'><strong>⁵⁸</strong></span> <span class='ocrx_word' id='word_1_872' title='bbox 753 2890 809 2919; x_wconf 80' lang='lat' dir='ltr'><strong>Jac.</strong></span> <span class='ocrx_word' id='word_1_873' title='bbox 830 2899 870 2922; x_wconf 85' lang='lat' dir='ltr'><strong>Ill.</strong></span> <span class='ocrx_word' id='word_1_874' title='bbox 886 2892 912 2919; x_wconf 74' lang='lat'><strong>2.</strong></span> 
     </span>
    </p>
   </div>
   <div class='ocr_carea' id='block_1_110' title="bbox 945 2386 1729 2425">
    <p class='ocr_par' dir='ltr' id='par_1_110' title="bbox 945 2386 1729 2425">
     <span class='ocr_line' id='line_1_110' title="bbox 945 2386 1729 2425; baseline 0.005 -12"><span class='ocrx_word' id='word_1_875' title='bbox 945 2386 984 2414; x_wconf 87' lang='lat' dir='ltr'><strong>sis</strong></span> <span class='ocrx_word' id='word_1_876' title='bbox 1002 2394 1141 2414; x_wconf 89' lang='lat' dir='ltr'><strong>sacrorum</strong></span> <span class='ocrx_word' id='word_1_877' title='bbox 1162 2387 1295 2415; x_wconf 87' lang='lat' dir='ltr'><strong>antistitis</strong></span> <span class='ocrx_word' id='word_1_878' title='bbox 1315 2395 1482 2416; x_wconf 83' lang='lat' dir='ltr'><strong>successore.</strong></span> <span class='ocrx_word' id='word_1_879' title='bbox 1511 2388 1572 2416; x_wconf 82' lang='lat' dir='ltr'><strong>.lam</strong></span> <span class='ocrx_word' id='word_1_880' title='bbox 1594 2397 1658 2417; x_wconf 80' lang='lat' dir='ltr'><strong>vero</strong></span> <span class='ocrx_word' id='word_1_881' title='bbox 1683 2392 1729 2425; x_wconf 81' lang='lat' dir='ltr'><strong>qui</strong></span> 
     </span>
    </p>
   </div>
   <div class='ocr_carea' id='block_1_111' title="bbox 946 2432 1728 2468">
    <p class='ocr_par' dir='ltr' id='par_1_111' title="bbox 946 2432 1728 2468">
     <span class='ocr_line' id='line_1_111' title="bbox 946 2432 1728 2468; baseline 0.004 -9"><span class='ocrx_word' id='word_1_882' title='bbox 946 2432 986 2464; x_wconf 83' lang='lat' dir='ltr'><strong>lit,</strong></span> <span class='ocrx_word' id='word_1_883' title='bbox 1000 2433 1070 2466; x_wconf 91' lang='lat' dir='ltr'><strong>quod</strong></span> <span class='ocrx_word' id='word_1_884' title='bbox 1081 2433 1154 2460; x_wconf 83' lang='lat' dir='ltr'><strong>hisce</strong></span> <span class='ocrx_word' id='word_1_885' title='bbox 1167 2433 1288 2461; x_wconf 87' lang='lat' dir='ltr'><strong>versibus</strong></span> <span class='ocrx_word' id='word_1_886' title='bbox 1298 2434 1437 2468; x_wconf 85' lang='lat' dir='ltr'><strong>promittat</strong></span> <span class='ocrx_word' id='word_1_887' title='bbox 1461 2441 1491 2461; x_wconf 85' lang='lat' dir='ltr'><strong>se</strong></span> <span class='ocrx_word' id='word_1_888' title='bbox 1515 2434 1568 2462; x_wconf 80' lang='lat' dir='ltr'><strong>illis</strong></span> <span class='ocrx_word' id='word_1_889' title='bbox 1592 2435 1728 2468; x_wconf 88' lang='lat' dir='ltr'><strong>daturum,</strong></span> 
     </span>
    </p>
   </div>
   <div class='ocr_carea' id='block_1_112' title="bbox 945 2477 1730 2514">
    <p class='ocr_par' dir='ltr' id='par_1_112' title="bbox 945 2477 1730 2514">
     <span class='ocr_line' id='line_1_112' title="bbox 945 2477 1730 2514; baseline 0.004 -11"><span class='ocrx_word' id='word_1_890' title='bbox 945 2477 1056 2510; x_wconf 88' lang='lat' dir='ltr'><strong>perinde</strong></span> <span class='ocrx_word' id='word_1_891' title='bbox 1065 2479 1143 2511; x_wconf 84' lang='lat' dir='ltr'><strong>quasi</strong></span> <span class='ocrx_word' id='word_1_892' title='bbox 1160 2483 1261 2506; x_wconf 88' lang='lat' dir='ltr'><strong>sortem</strong></span> <span class='ocrx_word' id='word_1_893' title='bbox 1280 2478 1439 2513; x_wconf 87' lang='lat' dir='ltr'><strong>promissam</strong></span> <span class='ocrx_word' id='word_1_894' title='bbox 1451 2477 1551 2506; x_wconf 65' lang='lat' dir='ltr'><strong>Iacobo</strong></span> <span class='ocrx_word' id='word_1_895' title='bbox 1568 2480 1730 2514; x_wconf 79' lang='lat' dir='ltr'><strong>patriarcha:</strong></span> 
     </span>
    </p>
   </div>
   <div class='ocr_carea' id='block_1_113' title="bbox 947 2520 1730 2557">
    <p class='ocr_par' dir='ltr' id='par_1_113' title="bbox 947 2520 1730 2557">
     <span class='ocr_line' id='line_1_113' title="bbox 947 2520 1730 2557; baseline 0.005 -10"><span class='ocrx_word' id='word_1_896' title='bbox 947 2520 1065 2548; x_wconf 88' lang='lat' dir='ltr'><strong>nondum</strong></span> <span class='ocrx_word' id='word_1_897' title='bbox 1091 2523 1279 2557; x_wconf 82' lang='lat' dir='ltr'><strong>accepissent?</strong></span> <span class='ocrx_word' id='word_1_898' title='bbox 1302 2523 1418 2551; x_wconf 85' lang='lat' dir='ltr'><strong>Proinde</strong></span> <span class='ocrx_word' id='word_1_899' title='bbox 1445 2531 1497 2551; x_wconf 91' lang='lat' dir='ltr'><strong>non</strong></span> <span class='ocrx_word' id='word_1_900' title='bbox 1522 2524 1555 2551; x_wconf 85' lang='lat' dir='ltr'><strong>de</strong></span> <span class='ocrx_word' id='word_1_901' title='bbox 1574 2524 1730 2551; x_wconf 66' lang='lat' dir='ltr'><strong>haereditate</strong></span> 
     </span>
    </p>
   </div>
   <div class='ocr_carea' id='block_1_114' title="bbox 946 2567 1730 2603">
    <p class='ocr_par' dir='ltr' id='par_1_114' title="bbox 946 2567 1730 2603">
     <span class='ocr_line' id='line_1_114' title="bbox 946 2567 1730 2603; baseline 0.004 -9"><span class='ocrx_word' id='word_1_902' title='bbox 946 2567 1069 2595; x_wconf 86' lang='lat' dir='ltr'><strong>sensibus</strong></span> <span class='ocrx_word' id='word_1_903' title='bbox 1081 2573 1216 2603; x_wconf 78' lang='lat' dir='ltr'><strong>percepta,</strong></span> <span class='ocrx_word' id='word_1_904' title='bbox 1232 2570 1273 2597; x_wconf 88' lang='lat' dir='ltr'><strong>vel</strong></span> <span class='ocrx_word' id='word_1_905' title='bbox 1292 2571 1388 2598; x_wconf 87' lang='lat' dir='ltr'><strong>sortito</strong></span> <span class='ocrx_word' id='word_1_906' title='bbox 1400 2570 1452 2597; x_wconf 87' lang='lat' dir='ltr'><strong>illis</strong></span> <span class='ocrx_word' id='word_1_907' title='bbox 1470 2577 1485 2597; x_wconf 86' lang='lat' dir='ltr'><strong>a</strong></span> <span class='ocrx_word' id='word_1_908' title='bbox 1503 2569 1556 2598; x_wconf 91' lang='lat' dir='ltr'><strong>Deo</strong></span> <span class='ocrx_word' id='word_1_909' title='bbox 1577 2570 1639 2597; x_wconf 86' lang='lat' dir='ltr'><strong>data</strong></span> <span class='ocrx_word' id='word_1_910' title='bbox 1661 2574 1730 2597; x_wconf 81' lang='lat' dir='ltr'><strong>tem-</strong></span> 
     </span>
    </p>
   </div>
   <div class='ocr_carea' id='block_1_115' title="bbox 946 2612 1730 2647">
    <p class='ocr_par' dir='ltr' id='par_1_115' title="bbox 946 2612 1730 2647">
     <span class='ocr_line' id='line_1_115' title="bbox 946 2612 1730 2647; baseline 0.004 -8"><span class='ocrx_word' id='word_1_911' title='bbox 946 2612 1055 2647; x_wconf 89' lang='lat' dir='ltr'><strong>poribus</strong></span> <span class='ocrx_word' id='word_1_912' title='bbox 1070 2613 1152 2640; x_wconf 84' lang='lat' dir='ltr'><strong>divini</strong></span> <span class='ocrx_word' id='word_1_913' title='bbox 1165 2612 1268 2647; x_wconf 83' lang='lat' dir='ltr'><strong>Jacobi,</strong></span> <span class='ocrx_word' id='word_1_914' title='bbox 1282 2615 1323 2642; x_wconf 89' lang='lat' dir='ltr'><strong>vel</strong></span> <span class='ocrx_word' id='word_1_915' title='bbox 1338 2615 1483 2643; x_wconf 87' lang='lat' dir='ltr'><strong>Abrahami</strong></span> <span class='ocrx_word' id='word_1_916' title='bbox 1499 2620 1525 2643; x_wconf 90' lang='lat' dir='ltr'><strong>et</strong></span> <span class='ocrx_word' id='word_1_917' title='bbox 1536 2615 1619 2643; x_wconf 85' lang='lat' dir='ltr'><strong>lsaaci</strong></span> <span class='ocrx_word' id='word_1_918' title='bbox 1630 2615 1730 2642; x_wconf 86' lang='lat' dir='ltr'><strong>intelli-</strong></span> 
     </span>
    </p>
   </div>
   <div class='ocr_carea' id='block_1_116' title="bbox 945 2658 1730 2696">
    <p class='ocr_par' dir='ltr' id='par_1_116' title="bbox 945 2658 1730 2696">
     <span class='ocr_line' id='line_1_116' title="bbox 945 2658 1730 2696; baseline 0.004 -11"><span class='ocrx_word' id='word_1_919' title='bbox 945 2667 1003 2694; x_wconf 83' lang='lat' dir='ltr'><strong>ges,</strong></span> <span class='ocrx_word' id='word_1_920' title='bbox 1016 2658 1064 2686; x_wconf 88' lang='lat' dir='ltr'><strong>sed</strong></span> <span class='ocrx_word' id='word_1_921' title='bbox 1079 2659 1112 2686; x_wconf 91' lang='lat' dir='ltr'><strong>de</strong></span> <span class='ocrx_word' id='word_1_922' title='bbox 1128 2659 1172 2686; x_wconf 84' lang='lat' dir='ltr'><strong>illa</strong></span> <span class='ocrx_word' id='word_1_923' title='bbox 1189 2660 1290 2695; x_wconf 82' lang='lat' dir='ltr'><strong>potius,</strong></span> <span class='ocrx_word' id='word_1_924' title='bbox 1310 2668 1390 2695; x_wconf 89' lang='lat' dir='ltr'><strong>quam</strong></span> <span class='ocrx_word' id='word_1_925' title='bbox 1419 2662 1477 2696; x_wconf 88' lang='lat' dir='ltr'><strong>ipse</strong></span> <span class='ocrx_word' id='word_1_926' title='bbox 1500 2663 1577 2690; x_wconf 91' lang='lat' dir='ltr'><strong>nobis</strong></span> <span class='ocrx_word' id='word_1_927' title='bbox 1601 2661 1730 2689; x_wconf 78' lang='lat' dir='ltr'><strong>Servatur</strong></span> 
     </span>
    </p>
   </div>
   <div class='ocr_carea' id='block_1_117' title="bbox 945 2705 1730 2744">
    <p class='ocr_par' dir='ltr' id='par_1_117' title="bbox 945 2705 1730 2744">
     <span class='ocr_line' id='line_1_117' title="bbox 945 2705 1730 2744; baseline 0.003 -11"><span class='ocrx_word' id='word_1_928' title='bbox 945 2705 1079 2741; x_wconf 82' lang='lat' dir='ltr'><strong>designat,</strong></span> <span class='ocrx_word' id='word_1_929' title='bbox 1093 2705 1186 2734; x_wconf 89' lang='lat' dir='ltr'><strong>dicens</strong></span> <span class='ocrx_word' id='word_1_930' title='bbox 1204 2714 1209 2731; x_wconf 93' lang='lat'><strong>:</strong></span> <span class='ocrx_word' id='word_1_931' title='bbox 1233 2715 1243 2732; x_wconf 78' lang='grc' dir='ltr'><strong>ι</strong></span> <span class='ocrx_word' id='word_1_932' title='bbox 1261 2706 1336 2734; x_wconf 85' lang='lat' dir='ltr'><strong>Beati</strong></span> <span class='ocrx_word' id='word_1_933' title='bbox 1350 2709 1504 2743; x_wconf 84' lang='lat' dir='ltr'><strong>mites,quia</strong></span> <span class='ocrx_word' id='word_1_934' title='bbox 1519 2709 1569 2744; x_wconf 93' lang='lat' dir='ltr'><strong>ipsi</strong></span> <span class='ocrx_word' id='word_1_935' title='bbox 1587 2709 1730 2736; x_wconf 67' lang='lat' dir='ltr'><strong>haeredita-</strong></span> 
     </span>
    </p>
   </div>
   <div class='ocr_carea' id='block_1_118' title="bbox 945 2752 1730 2782">
    <p class='ocr_par' dir='ltr' id='par_1_118' title="bbox 945 2752 1730 2782">
     <span class='ocr_line' id='line_1_118' title="bbox 945 2752 1730 2782; baseline 0.001 -3"><span class='ocrx_word' id='word_1_936' title='bbox 945 2752 1010 2779; x_wconf 89' lang='lat' dir='ltr'><strong>bunt</strong></span> <span class='ocrx_word' id='word_1_937' title='bbox 1026 2757 1124 2780; x_wconf 89' lang='lat' dir='ltr'><strong>terram</strong></span> <span class='ocrx_word' id='word_1_938' title='bbox 1137 2752 1169 2778; x_wconf 83' lang='grc'><strong>⁸⁸.</strong></span> <span class='ocrx_word' id='word_1_939' title='bbox 1187 2762 1196 2779; x_wconf 74' lang='grc' dir='ltr'><strong>ι</strong></span> <span class='ocrx_word' id='word_1_940' title='bbox 1213 2753 1328 2780; x_wconf 87' lang='lat' dir='ltr'><strong>Omnino</strong></span> <span class='ocrx_word' id='word_1_941' title='bbox 1349 2759 1438 2781; x_wconf 81' lang='lat' dir='ltr'><strong>autem</strong></span> <span class='ocrx_word' id='word_1_942' title='bbox 1454 2755 1510 2782; x_wconf 52' lang='lat' dir='ltr'><strong>haec</strong></span> <span class='ocrx_word' id='word_1_943' title='bbox 1522 2755 1555 2782; x_wconf 87' lang='lat' dir='ltr'><strong>ad</strong></span> <span class='ocrx_word' id='word_1_944' title='bbox 1578 2756 1657 2782; x_wconf 73' lang='lat' dir='ltr'><strong>linear</strong></span> <span class='ocrx_word' id='word_1_945' title='bbox 1683 2763 1730 2781; x_wconf 77' lang='lat' dir='ltr'><strong>cx-</strong></span> 
     </span>
    </p>
   </div>
   <div class='ocr_carea' id='block_1_119' title="bbox 946 2798 1730 2836">
    <p class='ocr_par' dir='ltr' id='par_1_119' title="bbox 946 2798 1730 2836">
     <span class='ocr_line' id='line_1_119' title="bbox 946 2798 1730 2836; baseline 0.003 -11"><span class='ocrx_word' id='word_1_946' title='bbox 946 2798 1027 2832; x_wconf 87' lang='lat' dir='ltr'><strong>itura,</strong></span> <span class='ocrx_word' id='word_1_947' title='bbox 1039 2805 1098 2832; x_wconf 84' lang='lat' dir='ltr'><strong>quae</strong></span> <span class='ocrx_word' id='word_1_948' title='bbox 1117 2798 1248 2833; x_wconf 87' lang='lat' dir='ltr'><strong>promissa</strong></span> <span class='ocrx_word' id='word_1_949' title='bbox 1260 2803 1333 2832; x_wconf 86' lang='lat' dir='ltr'><strong>sunt,</strong></span> <span class='ocrx_word' id='word_1_950' title='bbox 1351 2799 1455 2833; x_wconf 81' lang='lat' dir='ltr'><strong>probat,</strong></span> <span class='ocrx_word' id='word_1_951' title='bbox 1476 2808 1538 2828; x_wconf 88' lang='lat' dir='ltr'><strong>cum</strong></span> <span class='ocrx_word' id='word_1_952' title='bbox 1570 2800 1674 2836; x_wconf 88' lang='lat' dir='ltr'><strong>inquit:</strong></span> <span class='ocrx_word' id='word_1_953' title='bbox 1693 2799 1730 2828; x_wconf 86' lang='lat' dir='ltr'><strong>Os</strong></span> 
     </span>
    </p>
   </div>
   <div class='ocr_carea' id='block_1_120' title="bbox 951 2889 1483 2923">
    <p class='ocr_par' dir='ltr' id='par_1_120' title="bbox 951 2889 1483 2923">
     <span class='ocr_line' id='line_1_120' title="bbox 951 2889 1483 2923; baseline 0 -5"><span class='ocrx_word' id='word_1_954' title='bbox 951 2890 973 2906; x_wconf 85' lang='lat'><strong>&quot;</strong></span> <span class='ocrx_word' id='word_1_955' title='bbox 993 2890 1071 2918; x_wconf 83' lang='lat' dir='ltr'><strong>Prov.</strong></span> <span class='ocrx_word' id='word_1_956' title='bbox 1088 2897 1162 2921; x_wconf 78' lang='lat' dir='ltr'><strong>.vnx,</strong></span> <span class='ocrx_word' id='word_1_957' title='bbox 1177 2890 1221 2917; x_wconf 73' lang='lat'><strong>‘22.</strong></span> <span class='ocrx_word' id='word_1_958' title='bbox 1261 2889 1283 2904; x_wconf 79' lang='lat'>“</span> <span class='ocrx_word' id='word_1_959' title='bbox 1299 2889 1392 2917; x_wconf 70' lang='lat' dir='ltr'><strong>Matth.</strong></span> <span class='ocrx_word' id='word_1_960' title='bbox 1415 2898 1440 2923; x_wconf 87' lang='lat' dir='ltr'><strong>v,</strong></span> <span class='ocrx_word' id='word_1_961' title='bbox 1458 2891 1483 2918; x_wconf 76' lang='grc'><strong>4.</strong></span> 
     </span>
    </p>
   </div>
  </div>
