1893 3052
73 191 135 221 1505

611 185 643 212 ΙΝ
663 184 782 212 ISAIAM
801 182 866 211 LIB.

889 183 921 211 V.
943 181 1060 210 TOMUS
1078 181 1123 210 IV.
1419 177 1421 179 ’
1621 177 1690 206 i306

70 254 173 280 Ἐνεστι
183 250 235 286 γὰρ
249 249 324 285 αὑτῷ
335 249 417 276 καὶτὸ
430 249 590 280 πανσθενὲς,
598 249 644 275 καὶ
652 248 683 274 rb
693 247 841 283 προσίεσθα

951 246 1078 279 σοι.οω
1093 245 1174 280 igitur
1188 247 1298 279 peccata
1311 243 1383 271 inter
1412 243 1495 271 Deum
1512 247 1541 270 et
1555 242 1690 271 lsraelutas

69 297 221 334 φιλαγάυως
242 296 291 328 τὰς
314 296 389 331 παρὰ
409 295 463 322 τῶν
487 296 645 331 καμνόντων
668 295 754 326 λιτάς.
775 295 852 321 Ποῖαι

68 345 153 371 τοίνυν
175 342 308 378 ἁμαρτίαι
328 341 465 368 διιστῶσιν
488 341 624 376 ἀναμέσον
642 341 690 368 τοῦ
705 341 783 372 Θεοῦ,
806 340 854 367 καὶ

67 390 118 417 τῶν
137 390 167 423 ἐξ
190 389 305 424 αἵματος
321 387 429 424 Ἰσραὴλ
453 388 590 423 ιπιφέρει,
607 387 710 422 λέγων·
727 397 736 413 ι
755 388 789 414 Al
799 387 854 423 γὰρ

68 438 156 472 χεῖρες
175 435 250 471 ὑμῶν
273 434 480 470 μεμολυσμέναι
499 435 606 469 αἵματι,
619 433 668 461 καὶ
681 434 708 461 οἱ
728 433 854 461 δάκτυλοι

69 481 142 517 ὑμῶν
161 483 190 508 ὲν
208 479 365 516 ἁμαρτίαις.
379 479 421 506 Τὰ
438 479 466 506 δὲ
482 479 557 514 χείλη
573 479 706 514 ἐλάλησαν
727 479 852 514 ἀνομίαν,

69 529 113 555 καὶ
133 528 150 562 ἡ
175 527 284 561 γλῶσσα
300 525 377 561 ὑμῶν
388 525 496 552 ἀδικίαν
514 525 623 561 μελετᾷ.
641 534 651 551 ι
672 524 854 552 Ἀπεκτόνασι

71 573 116 608 μὶν
133 573 188 607 γὰρ
202 571 343 606 πρόφητας
357 571 452 605 ἁγίους
467 571 530 602 τοὺς
544 570 766 606 ἀπεσταλμένους
781 570 856 606 παρὰ

68 618 143 650 Θεοῦ,
165 617 351 652 κατελάλησαν
370 617 402 653 δὴ
425 617 472 643 καὶ
491 616 584 643 αὑτοῦ.
598 617 671 652 Ἔφη
690 616 755 651 γοῦν
774 617 855 652 Ἱερε-

70 665 141 702 μίας,
166 665 196 691 'H
219 663 296 699 ἰσχύς
321 672 371 698 μου
389 662 512 695 ἐξέλιπεν
536 664 568 690 ὲκ
582 663 636 690 τῶν
653 663 856 698 καταρωμένων

70 719 100 746 με
112 719 118 726 ·
138 711 235 744 παρεὶς
254 709 283 736 δὲ
299 709 332 736 τὰ
349 709 438 735 τοιάδε
451 708 498 735 νῦν
517 709 567 743 τὴν
581 708 651 735 κατὰ
665 708 784 744 Χριστοῦ
798 709 858 735 δυσ-

69 757 174 784 σέϐειαν
197 755 323 789 ἐγκαλεῖν
343 754 429 785 ἔοικε,
453 753 503 785 τὰς
525 755 620 789 χεῖρας
645 753 736 780 αὐτῶν
758 754 857 788 αἵματι

69 802 234 839 μεμολύνθαι
249 801 346 836 λέγων,
362 800 492 835 Γεγόνασι
512 800 541 826 δὲ
558 799 736 836 κυριοκτόνοι,
759 800 856 836 ἐλάλη-

69 857 116 876 σαν
129 849 158 875 δὲ
181 848 230 875 καὶ
247 847 281 874 τὰ
302 846 377 882 χείλη
399 846 488 873 αὐτῶν
502 846 628 881 ἀνομίαν,
649 846 696 872 καὶ
713 847 730 881 ἡ
748 846 858 880 γλῶσσα

68 894 156 922 αὐτῶν
175 893 282 921 ἀδικίαν
303 892 468 927 ἐμελέτησε·
483 892 513 918 οὐ
532 891 586 927 γὰρ
604 891 788 918 διαλελοίπασι
805 901 858 927 μα-

903 292 1048 320 dissidium
1080 291 1192 324 faciant,
1211 290 1303 323 infert,
1326 290 1441 318 dicens:
1463 299 1473 316 ‹
1502 289 1597 318 Manus
1618 290 1690 318 enim

904 338 1159 373 vestraeinquinatae
1168 342 1233 366 sunt
1256 337 1399 373 sanguine,
1417 341 1444 365 et
1465 337 1540 372 digiti
1564 337 1646 365 vestri
1663 340 1690 364 lu

904 385 1031 421 peccatis.
1047 384 1130 412 Labia
1146 383 1234 412 locuta
1244 383 1587 419 sassuntiniquitatem,
1600 383 1690 418 lingua

904 436 996 459 vestra
1015 430 1174 466 iniustitiam
1199 431 1327 458 meditata
1358 434 1411 458 est.
1434 439 1445 456 ι
1463 429 1529 457 Nam
1549 429 1692 457 interfece-

906 483 969 507 runt
982 479 1126 513 prophetas
1137 481 1246 506 sanctos
1261 485 1276 504 a
1294 477 1350 504 Deo
1376 477 1484 511 missos,
1515 481 1543 504 et
1568 476 1606 504 illi
1619 476 1691 504 oblo-

905 526 962 554 cuti
976 525 1122 554 sunt.Dixit
1134 525 1216 560 igitur
1230 524 1362 552 Jeremias
1373 533 1381 551 ι
1394 523 1599 552 Fortitudomea
1610 523 1692 550 dere-

906 571 982 606 liquit
998 579 1045 599 eos
1058 571 1104 606 qui
1120 575 1299 598 exsecrantur
1308 577 1360 598 me.
1373 570 1442 598 Cum
1456 575 1544 598 autem
1565 570 1622 597 haec
1645 570 1694 596 ad-

907 616 956 649 dit,
974 623 1047 643 nunc
1063 615 1229 650 impietatem
1243 620 1337 643 contra
1351 615 1488 643 Christum
1501 614 1646 649 suggillare
1656 615 1695 641 vi-

907 661 996 694 detur,
1011 668 1071 688 cum
1083 660 1160 693 dicit,
1175 668 1270 688 manus
1286 667 1380 688 eorum
1404 660 1521 695 pollutas
1543 667 1604 687 esse
1633 666 1696 686 sau-

907 707 998 743 guine.
1017 707 1192 734 Dominicidae
1213 706 1312 741 quippe
1325 706 1444 740 fuerunt,
1463 711 1491 734 et
1517 706 1605 734 locuta
1633 711 1695 733 sunt

908 753 977 780 labia
991 760 1085 780 eorum
1098 751 1277 787 iniquitatem,
1288 756 1315 780 et
1336 752 1426 785 lingua
1453 759 1548 778 eorum
1568 751 1695 778 meditata

907 803 948 827 est
959 798 1126 833 iniustitiam.
1140 797 1197 826 Non
1212 798 1284 825 enim
1313 797 1475 825 destiterunt
1505 803 1636 831 pugnare,
1670 801 1698 824 et

909 844 1031 873 convicia
1046 845 1147 875 facere.
1162 848 1190 871 et
1204 843 1312 878 obloqui
1327 843 1444 875 Christo,
1457 847 1486 870 et
1500 849 1573 869 nunc
1583 842 1698 869 subsan-

910 899 974 919 nare
982 891 1072 918 divina
1094 890 1182 925 signa,
1198 895 1226 917 et
1239 890 1273 917 de
1298 889 1389 917 divina
1402 888 1602 923 magniﬁcentia
1623 896 1698 915 men-

68 940 176 976 χόμενοί
195 948 224 966 τε
239 939 287 966 καὶ
303 938 488 970 ὀνειδίζοντες,
501 938 548 965 καὶ
562 937 775 969 καταλαλοῦντες
791 939 844 974 Χρι

951 938 952 964 i
974 946 983 970 ;
1002 944 1074 964 nunc
1087 943 1214 964 accusare
1235 940 1264 963 et
1279 935 1368 963 dicere
1383 942 1390 961 :
1408 943 1417 961 ι
1434 935 1518 967 Tolle,
1534 934 1606 967 tolle,
1621 935 1698 962 cruci

69 987 140 1019 στοῦ,
159 986 207 1014 καὶ
222 985 287 1013 ποτὲ
304 985 353 1020 μὲν
372 984 545 1020 διασύροντες
560 984 609 1015 τὰς
624 983 795 1020 θεοσημείας,
811 985 858 1012 καὶ

69 1033 296 1068 καταψευδόμενοι
312 1033 362 1067 τῆς
382 1031 550 1068 θεοπρεποῦς
569 1031 779 1067 μεγαλουργίας,
793 1032 858 1058 ποτὲ

68 1080 94 1106 δὲ
110 1079 326 1115 κατηγοροῦντες
354 1079 402 1105 καὶ
417 1078 556 1112 λέγοντεςι
576 1086 586 1103 t
597 1075 674 1113 Αἶρε,
689 1075 761 1112 αἶρε,
781 1077 859 1104 σταύ‹

70 1135 114 1161 ρου
138 1125 229 1152 αὐτόν.
244 1135 252 1151 ι
279 1124 348 1151 [lore
364 1124 392 1151 δὲ
407 1123 509 1158 ταύτης
529 1123 610 1150 ἕνεκα
626 1123 676 1158 τῆς
692 1123 797 1155 αἰτίας,
808 1123 858 1156 .ὼς

67 1170 156 1204 ψῆφον
179 1169 271 1196 ἄδικον
291 1168 486 1204 ὑπομείναντος
502 1167 632 1203 Χριστοῦ,
655 1167 724 1203 μετὰ
749 1169 858 1204 mpm-

68 1215 127 1246 σίας
143 1214 326 1250 ἁγιοπρεποῦς
341 1215 354 1241 ὁ
372 1215 515 1249 προφήτης
534 1214 746 1249 ἁναφθέγγεται,
764 1214 859 1247 Οὐδεὶς

69 1260 156 1288 ἐλάλει
171 1260 271 1293 δίκαια,
285 1259 338 1286 οὐδ’
350 1259 408 1286 ἔστι
431 1259 522 1295 κρίσις
545 1259 669 1295 ἀληθινή.
694 1260 859 1287 Πεποίθασιν

68 1306 113 1332 ἐπὶ
136 1306 280 1341 ματαίοις,
303 1306 349 1332 καὶ
373 1305 484 1332 καλοῦσι
505 1305 582 1332 κενά.
604 1305 671 1332 Ποία
688 1305 715 1332 δὲ
732 1305 821 1333 αὐτῶν
841 1307 857 1341 ἡ

70 1352 172 1387 ματαία
191 1351 367 1387 πεποίθησιςς
390 1351 525 1387 ’ῼήθησαν
539 1351 594 1386 γὰρ
607 1351 648 1378 ὅτι
669 1351 715 1377 τὸν
732 1351 860 1386 κληρονό-

70 1406 118 1432 μον
139 1398 173 1424 sx
194 1398 276 1432 μέσου
302 1398 498 1432 ποιησάμενοι,
522 1397 666 1430 καθέξουσι
689 1397 735 1423 τὸν
759 1397 860 1433 κλῆρον

69 1443 150 1470 αὑτοῦ
162 1452 168 1457 ·
188 1443 234 1469 καὶ
253 1442 340 1470 ταῦτα
356 1443 424 1478 πρὸς
449 1443 578 1477 ἀλλήλους
604 1442 820 1476 κενοφωνοῦντες
835 1443 860 1469 ot

70 1488 180 1515 δείλαιοι
202 1488 413 1524 δεδυσσεϐήκασι
434 1489 474 1520 είς
497 1488 586 1515 αὐτόν.
602 1489 637 1514 Ἦ
653 1487 741 1515 τοίνυν
755 1489 805 1524 τὴν
819 1489 860 1520 είς

69 1535 187 1571 Χριστὸν
201 1534 358 1562 δυσσέϐειαν
375 1535 389 1561 ὁ
406 1534 570 1570 προφητικὺς
587 1534 698 1568 ἐγκαλεῖ
711 1533 790 1569 λόγος
804 1535 860 1567 τοῖς

69 1581 98 1614 ἐξ
114 1580 233 1615 αἵματος
254 1580 376 1615 Ἰσραὴλ,
399 1581 482 1616 ῆγουν
504 1580 544 1607 ὅτι
568 1580 627 1607 κατ’
648 1580 743 1607 οὐδένα
760 1580 860 1615 τρόπον

69 1627 202 1658 ἐπιεικεῖς
222 1626 298 1659 ὄντες
319 1626 410 1653 ἁλοῖεν
434 1626 478 1658 ἂν,
497 1626 524 1653 οἳ
541 1635 574 1661 γε
590 1627 638 1654 καὶ
655 1627 749 1662 χεῖρας
769 1626 862 1662 έχουσι

70 1673 280 1708 μεμολυσμένας
297 1672 409 1707 αἵματι,
434 1672 510 1707 χείλη
525 1680 555 1699 τε
573 1673 620 1699 καὶ
642 1673 767 1707 γλῶσσαν
786 1673 861 1700 οὐδὲν

69 1719 173 1746 εἰδυῖαν
189 1718 282 1754 ἕτερον
299 1718 424 1754 μελετᾷν,
441 1718 511 1753 πλὴν
527 1718 568 1746 ὅτι
584 1718 619 1745 τὰ
632 1719 672 1751 είς
691 1719 860 1753 δυσσέϐειαν,

69 1764 117 1791 καὶ
145 1764 272 1798 ἀνομίαν,
297 1764 343 1790 καὶ
360 1764 465 1791 ἀδικίαν
489 1764 638 1799 βλέποντα,
661 1765 709 1792 καὶ
725 1766 766 1792 ὃτι
792 1765 861 1801 πρὸς

69 1809 175 1841 τούτοις
190 1810 277 1836 ἄδικοι
293 1809 420 1844 γεγόνασι
435 1809 572 1843 δικασταὶ,
585 1809 797 1846 δωροδοκοῦντες
815 1811 861 1847 δη-

68 1855 170 1889 λονότι,
187 1856 233 1882 καὶ
249 1855 400 1890 λημμάτων
422 1855 542 1891 αἰσχρῶν
561 1855 722 1891 ἡττώμενοι.
745 1857 860 1892 Εἴρηται

69 1901 125 1938 γὰρ
143 1901 258 1937 ἑτέρωθί
273 1910 335 1933 που,
352 1911 361 1928 ‹
376 1902 438 1933 Πῶς
452 1901 560 1936 ἐγένετο
576 1901 663 1937 πόρνη
677 1902 754 1934 πόλις
767 1904 859 1940 πιστὴ,

69 1946 142 1973 Σιὼν
157 1947 264 1982 πλήρης
282 1946 409 1983 κρίσεως,
430 1947 459 1973 ὲν
508 1946 665 1982 δικαιοσύνη
685 1949 818 1985 ἐκοιμήθη
833 1950 862 1976 ὲν

68 1992 150 2028 αὐτῇ,
166 1993 213 2019 νῦν
228 1993 256 2020 δὲ
270 1992 411 2028 φονευταίς
430 1992 468 2019 Τὸ
478 1992 609 2028 ἀργύριον
627 1993 706 2029 ὑμῶν
719 1994 861 2030 ἀδόκιμον,

67 2040 92 2066 οἱ
106 2039 227 2074 κάπηλοί
241 2048 287 2066 σου
303 2039 430 2074 μίσγουσι
447 2039 493 2066 τὸν
509 2037 580 2066 οἶνον
595 2039 681 2072 ὕδατι,
693 2040 718 2066 οἱ
733 2040 863 2076 ἄρχοντές

69 2096 117 2115 σου
142 2087 295 2121 ἀπειθοῦσι,
316 2088 439 2115 κοινωνοὶ
457 2087 592 2121 κλεπτῶν,
606 2088 767 2123 ἀγαπῶντες
788 2089 862 2125 δῶρα

67 2136 162 2172 κρίσει
178 2137 211 2172 χὴ
217 2145 266 2172 ρας
280 2136 310 2163 οὐ
331 2136 519 2172 προσέχοντες.
531 2146 540 2163 ι

103 2185 168 2211 Ὅτι
182 2185 291 2211 κύουσι
312 2184 418 2215 πόνον,
433 2184 483 2212 καί
496 2185 651 2213 τίκτουσιν
665 2186 802 2221 ἀνομίαν.
813 2186 861 2214 Ὠὰ

65 2229 211 2258 ἀσπίδων
221 2228 363 2262 ἓῤῥηξαν,
377 2229 426 2256 καὶ
440 2229 526 2257 ἱστὸν
539 2230 675 2264 ἀράχνης
685 2232 859 2266 ὑφαίνουσι,

908 984 985 1019 aﬂige
999 991 1061 1010 eum
1078 983 1112 1009 ⁷⁸.
1132 992 1142 1008 ι
1155 981 1232 1009 Hanc
1248 982 1282 1009 ob
1303 989 1424 1015 causam,
1445 981 1556 1016 perinde
1565 981 1641 1015 quasi
1656 981 1698 1008 in-

907 1031 1005 1065 justam
1017 1029 1182 1057 sententiam
1199 1035 1294 1063 passus
1306 1028 1400 1056 {uisset
1413 1027 1552 1059 Christus,
1569 1034 1631 1054 cum
1662 1026 1698 1054 li-

910 1076 1013 1103 bertate
1024 1083 1056 1103 ac
1068 1075 1166 1103 ﬁducia
1191 1079 1285 1102 sancta
1302 1075 1431 1109 propheta
1445 1075 1599 1103 exclamat:
1616 1074 1700 1104 Nemo

910 1123 1015 1150 locutus
1025 1127 1067 1150 est
1078 1122 1162 1158 justa,
1181 1129 1268 1156 neque
1284 1126 1327 1149 est
1339 1120 1471 1156 judicium
1487 1129 1590 1149 verum.
1608 1121 1700 1149 Conli-

909 1169 977 1197 dunt
986 1169 1074 1202 vanis,
1086 1173 1114 1195 et
1121 1168 1266 1203 loquuntur
1282 1167 1383 1194 inania.
1401 1167 1436 1194 At
1450 1174 1576 1202 quamam
1591 1171 1632 1195 est
1643 1168 1700 1195 hatc

911 1222 977 1242 vana
992 1215 1109 1249 ipsorum
1125 1214 1242 1241 ﬁducia?
1256 1213 1385 1241 Arbitrati
1411 1218 1475 1241 sunt
1491 1214 1573 1246 enim,
1595 1213 1702 1241 hatrede

910 1261 944 1289 de
958 1261 1046 1288 medio
1059 1260 1176 1294 sublato,
1191 1259 1250 1294 ejus
1260 1267 1289 1287 se
1301 1260 1442 1288 invasuros
1459 1260 1654 1287 hmreditatcm.
1669 1259 1703 1287 Et

912 1308 960 1335 has
975 1307 1083 1342 quidem
1104 1307 1197 1334 inanes
1209 1314 1289 1335 voces
1298 1308 1360 1334 dum
1373 1306 1444 1333 inter
1454 1313 1484 1333 se
1501 1306 1699 1340 profunderent

912 1351 1015 1384 miseri,
1033 1351 1108 1386 impii
1123 1350 1233 1378 fuerunt
1251 1350 1277 1377 in
1298 1350 1395 1384 ipsum.
1414 1349 1460 1376 Vel
1487 1349 1571 1384 igitur
1587 1349 1704 1384 prophe-

912 1399 962 1427 tica
977 1399 1064 1426 oratio
1080 1398 1229 1426 lsraelitico
1247 1397 1379 1432 sanguine
1404 1396 1525 1424 oriundis
1538 1396 1704 1431 impietatem

913 1446 940 1473 in
958 1446 1095 1473 Christum
1111 1444 1205 1480 objicit
1220 1453 1227 1472 :
1244 1445 1285 1472 vel
1301 1445 1371 1478 quod
1389 1443 1462 1471 nullo
1476 1443 1556 1471 modo
1572 1443 1642 1478 aequi
1677 1446 1705 1470 et

912 1493 987 1528 probi
1001 1499 1061 1520 esse
1069 1493 1344 1526 deprehenderentur,
1359 1491 1404 1525 qui
1422 1495 1450 1517 et
1467 1497 1564 1517 manus
1573 1489 1705 1524 sanguine

913 1538 1068 1572 inquinatas
1086 1537 1196 1570 habent,
1211 1542 1238 1564 et
1251 1536 1321 1564 labia
1350 1543 1382 1563 ac
1407 1535 1525 1571 linguam
1553 1542 1614 1570 quae
1633 1534 1705 1562 aliud

877 1598 898 1627 ο
915 1583 983 1611 nihil
996 1583 1118 1612 meditari
1133 1583 1220 1616 novit,
1239 1590 1320 1617 quam
1336 1589 1368 1610 ea
1383 1590 1443 1617 quae
1454 1585 1577 1616 spectant
1606 1581 1640 1609 ad
1654 1581 1706 1608 ini-

914 1630 1057 1664 quitatem,
1084 1629 1245 1665 injustitiam
1263 1633 1291 1656 et
1304 1629 1481 1664 impietatem,
1498 1633 1526 1656 et
1540 1628 1611 1664 quod
1622 1627 1705 1656 etiam

916 1675 1011 1710 lnjusti
1028 1675 1181 1703 exstiterint
1193 1675 1307 1709 iudices,
1322 1682 1433 1702 munera
1447 1674 1573 1702 videlicet
1591 1674 1704 1708 capien-

916 1724 970 1753 tes,
983 1725 1008 1748 et
1021 1721 1129 1748 sordido
1142 1720 1256 1755 quastui
1291 1719 1384 1747 dediti.
1409 1719 1480 1748 Alibi
1497 1719 1569 1748 enim
1598 1719 1702 1746 dictum

915 1771 955 1794 est
970 1775 976 1793 :
1000 1775 1010 1792 ι
1029 1766 1169 1800 Quomodo
1185 1767 1256 1794 facta
1272 1771 1314 1794 est
1331 1766 1459 1793 meretrix
1485 1765 1582 1793 civitas
1608 1765 1706 1797 lldelis,

915 1812 979 1840 Sion
996 1812 1072 1847 plena
1087 1812 1199 1846 judicio,
1220 1813 1246 1840 in
1275 1820 1327 1847 qua
1355 1812 1460 1847 justitia
1481 1811 1619 1844 dormivit,
1638 1812 1664 1838 in
1674 1818 1705 1839 ea

915 1866 986 1886 nunc
1000 1858 1152 1886 homicidae?
1163 1858 1308 1894 Argentum
1320 1863 1443 1886 vestrum
1460 1858 1622 1892 reprobum;
1638 1864 1706 1884 cau-

914 1912 1000 1940 pones
1012 1905 1049 1932 tui
1061 1905 1175 1932 miscent
1190 1905 1281 1932 vinum
1300 1912 1392 1939 aqua;
1414 1904 1552 1939 principes
1582 1903 1620 1931 tui
1652 1911 1705 1931 non

914 1952 1054 1985 obediunt,
1078 1951 1146 1980 socii
1171 1951 1270 1984 furum,
1297 1951 1440 1986 diligentes
1465 1957 1588 1984 munera,
1617 1956 1709 1984 perse-

913 2003 1027 2032 quentes
1041 1998 1191 2033 przemium,
1203 1998 1333 2032 orphanis
1347 2005 1400 2025 non
1411 1996 1575 2032 iudicantes,
1590 2000 1618 2024 et
1631 1995 1704 2031 Judi-

914 2044 957 2071 cio
969 2044 1053 2072 vidua:
1064 2052 1117 2072 non
1129 2045 1299 2072 attendentes
1312 2044 1357 2072 "°'.
1377 2053 1386 2070 ι

894 2091 1039 2125 διώκοντες
1059 2093 1245 2129 ἀνταπόδομα,
1281 2093 1409 2128 ὀρφανοῖς
1429 2092 1459 2119 οὐ
1483 2092 1638 2128 κρίνοντες,
1663 2091 1709 2118 καὶ

949 2186 1032 2213 Vens.
1045 2186 1073 2218 4,
1089 2186 1115 2214 5.
1133 2186 1203 2219 Quia
1217 2186 1367 2220 parturiunt
1393 2184 1518 2217 laborem,
1545 2187 1571 2211 et
1600 2189 1707 2217 parium

913 2232 1088 2266 iniquitatem.
1110 2231 1164 2259 Ova
1175 2231 1297 2265 umidum
1311 2234 1447 2265 ruperunt,
1468 2234 1491 2256 et
1513 2227 1591 2255 telam
1604 2237 1710 2255 aranea:

66 2276 117 2302 καὶ
134 2276 152 2303 ὀ
165 2275 288 2310 μέλλων
303 2275 361 2302 τῶν
377 2274 441 2302 ὠῶν
450 2275 549 2302 αὐτῶν
557 2276 673 2311 φαγεῖν,
690 2277 843 2312 συντρίψει

951 2282 1013 2304 :unl.
1029 2276 1064 2303 Et
1071 2277 1116 2311 qui
1126 2276 1235 2304 voluerit
1248 2276 1279 2303 de
1290 2276 1344 2303 oris
1363 2283 1453 2303 eorum
1468 2274 1612 2307 comedere,
1635 2274 1710 2309 fran-

65 2324 184 2357 οὗριον,
207 2319 276 2356 εὗρε
293 2322 342 2348 καὶ
359 2322 394 2348 ἐν
411 2322 491 2355 αὐτῷ
509 2322 706 2354 βασιλίσκον.
730 2323 757 2349 '0
778 2323 844 2351 ιστό

951 2331 978 2350 ηε
992 2322 1138 2358 putridum,
1152 2323 1245 2356 reperit
1260 2323 1338 2349 eliant
1362 2322 1389 2348 in
1405 2330 1434 2348 eo
1446 2320 1576 2356 regulum.
1599 2320 1640 2347 Ea:
1658 2320 1709 2347 tela

65 2366 173 2394 αὐτῶν
191 2367 247 2394 οὐκ
266 2366 353 2394 ἔσται
369 2368 413 2400 εὶς
435 2366 562 2401 ἱμάτιον,
576 2367 647 2395 οὐδὲ
662 2367 726 2403 μὴν
747 2370 864 2403 περιΰαο

64 2413 197 2441 λοῦνται
213 2412 274 2440 ἀπὸ
293 2413 354 2440 τῶν
369 2412 463 2447 ἔργων
475 2412 534 2440 τῶν
547 2413 654 2447 χειρῶν
665 2413 774 2441 αὐτῶν.

103 2458 189 2490 Ἐθος
207 2459 241 2493 τῇ
262 2457 432 2493 θεοπνεύστῳ
452 2459 547 2494 Γραφῇ
566 2459 645 2486 πόνον
667 2459 711 2486 ἀεί
733 2469 791 2492 πως
818 2460 863 2487 τὸν

64 2504 170 2539 φθόνον
190 2504 349 2532 ἀποκαλεῖν.
365 2505 442 2540 Ἔχει
463 2505 492 2531 δὲ
508 2505 574 2532 πολὺ
589 2505 621 2531 τὸ
642 2506 716 2537 εἰκὸς
731 2507 745 2532 ὸ
767 2506 843 2540 λόγος
854 2514 861 2522 ο

64 2551 184 2586 ἐκτήκει
210 2550 264 2586 γὰρ
280 2551 327 2577 καὶ
351 2551 549 2587 καταμαραίνει
566 2551 615 2583 τὰς
637 2552 692 2578 τῶν
708 2552 860 2587 δεχομένων

62 2598 150 2626 αὐτὸν
172 2597 296 2632 καρδίας.
308 2597 434 2623 Τοιοῦτόν
448 2606 474 2623 τι
489 2597 536 2624 καὶ
554 2598 569 2624 ό
587 2597 702 2624 Ψάλλων
717 2599 782 2634 φησὶ
800 2599 864 2634 περί

62 2653 152 2677 τινος,
165 2644 224 2679 ἤτοι
233 2643 279 2670 τοῦ
288 2643 341 2670 τῶν
356 2643 490 2670 Ἰουδαίων
497 2643 527 2679 δή
532 2652 593 2679 μου,
606 2654 615 2669 ‹
626 2644 759 2671 Συνέλαϐε
775 2645 863 2677 πόνον,

64 2690 117 2718 καὶ
136 2689 232 2716 ἔτεκεν
250 2688 375 2723 ἀνομίαν.
393 2698 402 2714 ι
414 2689 652 2724 Προωδινήσαντες
666 2689 720 2725 γὰρ
733 2690 778 2716 τὸν
794 2691 864 2718 κατὰ

61 2734 191 2770 Χριστοῦ
223 2734 328 2769 φθόνον,
353 2735 511 2761 ἐκτετόκασι
535 2735 584 2770 τὴν
609 2736 669 2761 κατ’
696 2735 778 2762 αὑτοῦ
802 2737 865 2763 δυσ-

62 2783 193 2812 σέϐειαν,
208 2782 290 2816 ἤγουν
307 2781 433 2816 ἀνομίαν·
460 2781 540 2815 μόνον
569 2781 624 2816 γὰρ
637 2782 698 2816 οὐχὶ
711 2782 742 2808 τὸ
758 2791 865 2819 προφη-

64 2828 147 2856 τικὸν
161 2829 248 2854 ἐκεῖνο
263 2828 387 2862 λέγοντες
404 2827 490 2854 ἁλοῖεν
504 2827 537 2855 ἂν
551 2827 596 2855 διά.
610 2836 641 2862 γε
654 2829 708 2855 τῶν
721 2830 862 2866 ὲτιιχειρψ

100 2920 124 2936 ⁷⁰
142 2919 218 2947 Joan.
240 2927 296 2953 xix,
315 2919 356 2947 ili.
396 2921 427 2936 ’9'
444 2919 502 2948 lani.
523 2928 540 2952 i,
558 2920 648 2949 2|»25.
689 2922 707 2937 7‘
731 2920 801 2948 ιιεαι.
817 2927 863 2954 vn,

916 2378 1006 2397 eorum
1023 2377 1074 2396 non
1088 2368 1242 2402 conﬁcietur
1253 2369 1443 2402 vestimentum,
1461 2375 1542 2403 neque
1555 2367 1711 2394 amicienlur

918 2415 1038 2450 operibus
1051 2422 1160 2442 suarum
1177 2421 1313 2441 manuum.

953 2461 1100 2489 Familiare
1120 2464 1163 2487 est
1179 2458 1327 2494 Scriptura:
1343 2460 1470 2488 divinitus
1498 2460 1645 2495 inspirata,
1669 2459 1709 2486 la-

917 2509 1010 2537 borem
1034 2508 1091 2536 fere
1109 2514 1216 2542 semper
1232 2506 1359 2534 invidiam
1385 2507 1469 2541 830
1487 2506 1631 2542 appellare.
1654 2505 1709 2533 lia-

915 2556 961 2584 bet
987 2559 1077 2582 autem
1101 2554 1158 2583 hzec
1179 2553 1279 2581 locutio
1303 2552 1402 2587 aliquid
1426 2552 1633 2587 prohabilitatis.
1655 2552 1710 2578 Τη-

916 2602 1016 2630 bel’acit
1040 2602 1111 2629 enim
1143 2608 1236 2630 eorum
1261 2599 1342 2627 corda
1365 2602 1392 2626 et
1413 2598 1563 2631 consumit,
1593 2598 1711 2633 facitque

919 2647 997 2683 quasi
1013 2653 1209 2675 emarcescere.
1225 2645 1289 2673 Tale
1297 2644 1424 2680 quiddam
1440 2645 1523 2671 etiam
1541 2644 1606 2671 dicit
1635 2643 1710 2670 Psal—

921 2698 960 2721 tes
975 2694 1009 2721 de
1021 2693 1147 2728 quodam,
1167 2692 1209 2720 vel
1224 2692 1256 2719 de
1268 2690 1420 2719 Iudaeorum
1441 2689 1554 2724 populo:
1573 2697 1583 2715 ‹
1607 2688 1710 2716 Conce-

919 2739 958 2774 pit
970 2740 1101 2771 laborem,
1113 2744 1141 2766 et
1152 2738 1256 2774 peperit
1282 2736 1452 2772 iniquitatem
1466 2736 1498 2761 ⁷¹.
1523 2745 1532 2760 ι
1547 2734 1612 2762 Nam
1644 2743 1707 2762 cum

918 2790 980 2813 ante
994 2785 1202 2819 parturivissent
1215 2788 1309 2812 contra
1330 2782 1468 2810 Christum
1491 2780 1630 2812 invidiam,
1660 2787 1707 2814 pe-

918 2836 1045 2865 perurunt
1058 2831 1222 2865 impietatem
1235 2831 1262 2858 in
1285 2830 1369 2863 illum,
1396 2836 1443 2858 seu
1465 2826 1646 2862 iniquitatem,
1671 2826 1708 2854 ita

883 2920 933 2952 l5;
951 2919 1000 2947 Job
1017 2927 1059 2952 xv,
1073 2919 1127 2954 55,
1144 2919 1195 2947 lsa.
1211 2927 1264 2954 ιιι,
1283 2921 1308 2948 4.
