1893 3052
190 174 260 203 1307

190 241 220 263 ut
232 239 341 270 propter
351 233 468 261 nefarius
485 240 566 261 ausus
586 233 683 261 merito
695 232 760 261 illud
787 233 975 268 propheticum
989 235 1014 264 Α

190 282 280 309 dicere
293 283 494 314 coarguantur:
512 289 521 304 ι
532 278 776 314 Ligcmusjustum,
793 279 855 314 quia
874 278 978 307 inutilis

146 352 151 353 ,
190 328 267 355 nobis
279 332 321 354 est
333 327 367 354 ".
380 334 390 353 ι
410 325 579 353 Inveniemus
599 325 663 352 item
682 325 707 352 in
728 325 905 353 conventibus
922 325 978 352 suis

191 373 360 401 teterrimum
378 372 440 400 illos
455 372 560 407 cepisse
576 370 799 400 consiliuml‘iam
811 372 844 398 de
858 369 977 398 onuiium

191 423 313 447 nostrum
334 419 479 446 Servatore
502 417 611 445 Christo
626 418 767 445 dicebant:
790 426 799 442 t
818 416 888 449 Quid
916 415 979 444 faei-

191 471 263 496 nius,
278 465 341 498 quia
350 464 394 492 hic
406 464 486 492 homo
494 463 577 490 multa
590 463 646 490 edit
661 462 756 497 signa?
767 461 797 489 Si
811 461 979 489 dimittamus

191 517 252 537 eum
266 510 318 543 sic,
330 510 438 537 venient
449 509 574 541 Romam,
587 513 615 536 et
628 507 722 536 tollent
731 512 851 536 nostram
871 511 978 542 gentem

191 563 224 583 ac
242 556 387 591 regionem.
406 555 480 583 Unus
488 560 579 582 autem
592 562 625 582 ex
637 554 692 582 illis
703 554 822 588 Caiphae
853 554 914 588 (fuit
936 553 979 580 hic

192 602 337 636 impietatis
353 606 448 629 contra
463 601 600 629 Christum
619 600 754 629 inventor)
786 607 879 627 rursus
891 600 977 626 dixit:

193 647 248 675 Vos
267 648 332 675 nihil
343 648 488 682 quidquam
507 648 594 680 scitis,
621 655 684 674 nam
712 646 823 682 expedit
848 646 938 679 vobis,
952 651 981 673 ut

192 701 262 721 unus
274 693 354 721 homo
370 693 501 720 moriatur
528 700 578 728 pro
602 692 709 728 populo,
725 697 755 719 et
768 699 821 719 non
838 696 894 719 tota
915 698 980 726 gens

192 743 285 772 pereat
297 738 331 765 ".
348 747 358 763 ›
370 738 410 764 Ex
426 737 469 766 his
482 745 546 772 ergo
558 745 618 772 quas
641 737 713 765 dicta
735 741 808 769 sunt,
832 736 981 764 clarissime

192 785 284 812 videre
299 784 370 818 licet.
389 791 444 817 eos.
459 785 505 819 qui
531 784 604 811 enixi
621 782 864 815 suutlaborem,id
876 787 928 816 est,
938 783 980 809 in-

192 829 292 856 vidiam
302 833 396 856 contra
420 829 496 856 illum
511 833 575 856 ante
591 829 787 863 parturierunt,
811 827 980 862 iniquitatem

192 876 340 910 peperisse.
348 875 417 908 Quid
425 876 505 910 igitur
517 875 673 910 prophetica
688 875 776 903 oratio
787 874 864 902 nobis
889 875 933 902 hic
941 874 980 902 si—

192 909 322 956 gniﬁcat?
335 921 392 948 Ova
408 909 530 955 aspidum
547 909 696 955 fregerunt,
712 925 739 948 et
756 920 803 955 qui
818 919 979 948 volueritde
997 909 1018 937 Β

191 968 351 995 oviseorutn
372 967 524 1000 comedere,
550 966 679 1001 frangens
710 966 846 1002 putridum
869 966 980 1001 reperit.

192 1013 325 1041 Putabant
336 1013 408 1040 enim
419 1011 503 1040 Judtei
519 1013 632 1041 consilia
654 1012 712 1041 haec
733 1017 828 1040 contra
841 1012 980 1040 Christum

192 1059 219 1086 in
236 1060 314 1086 liuent
329 1059 381 1087 sibi
402 1059 571 1094 auspicatum
596 1065 720 1091 cessura.
745 1063 773 1086 et
797 1058 906 1086 utilitati
923 1057 982 1086 fore

192 1105 265 1133 omni
280 1105 364 1140 genti.
379 1104 432 1132 Sed
444 1113 460 1132 ο
478 1111 560 1140 scopo
573 1109 745 1138 erraverunt,
759 1109 841 1140 atque
868 1105 896 1132 id
929 1105 981 1132 illis

192 1159 241 1178 usu
257 1151 340 1183 venit,
356 1150 426 1185 quod
444 1151 486 1178 his
499 1151 623 1179 accidere
647 1150 727 1184 solet,
740 1151 787 1186 qui
813 1159 870 1187 pm
882 1151 981 1185 insigni

192 1197 308 1224 stultitia
325 1196 451 1231 aspidum
464 1203 514 1224 ova
531 1201 668 1232 rumpunt.
685 1196 753 1224 Nam
775 1197 821 1224 ubi
836 1197 980 1232 fregeriut,

192 1242 258 1271 nihil
273 1242 690 1278 invenientaliud,pneterquam
710 1243 833 1278 regulum
849 1250 856 1268 :
886 1248 982 1278 estque

191 1289 235 1316 hic
244 1294 338 1324 partus
351 1291 484 1326 serpentis
495 1290 573 1318 valde
581 1290 759 1325 perniciosus,
769 1295 797 1318 et
804 1291 980 1325 depravatum

190 1343 270 1363 ovum
289 1340 316 1363 et
330 1336 422 1364 inane.
432 1336 525 1372 Itaque
535 1343 589 1364 non
600 1336 679 1364 modo
698 1344 751 1365 non
763 1337 918 1370 utilitatem,
934 1337 981 1365 sed

191 1381 337 1415 perniciem
351 1382 478 1410 conciliat
500 1382 596 1410 horum
609 1386 702 1410 contra
718 1382 856 1410 Chﬁstum
866 1382 980 1410 nefario-

191 1434 252 1454 rum
275 1427 443 1455 moliminum
474 1428 573 1456 exitus.
598 1427 666 1455 Nam
689 1427 763 1455 velut
797 1435 911 1463 serpens
931 1427 982 1456 illis

191 1473 305 1508 conligit
319 1482 326 1500 :
341 1478 369 1501 et
393 1473 469 1501 ictus
480 1474 525 1501 hic
536 1474 651 1509 plauein
666 1474 723 1502 orci
734 1475 857 1509 laqueum
867 1475 981 1503 induxit.

192 1519 268 1552 Quod
277 1524 367 1547 autem
380 1519 515 1547 malitiosa
531 1520 590 1548 hac
604 1524 700 1548 contra
713 1520 852 1548 Christum
879 1521 983 1548 machi-

193 1565 268 1593 natio
288 1566 341 1593 illis
367 1573 477 1601 prorsus
498 1566 579 1594 fuerit
602 1567 717 1601 inutilis,
744 1568 835 1595 statim
862 1567 982 1595 ostendit

192 1611 245 1639 alio
257 1612 391 1646 exemplo.
405 1611 495 1640 Telam
509 1612 581 1640 enim
595 1619 707 1641 aranea!
735 1617 839 1640 texunt.
857 1613 981 1641 Araneus

192 1657 277 1689 enim.
296 1657 357 1691 hoc,
375 1658 496 1693 inquam,
513 1659 639 1694 pusillum
654 1663 681 1686 et
693 1659 855 1687 vilissimum
870 1659 981 1692 animal,

182 1704 220 1731 'in
233 1705 325 1733 vacuis
336 1705 532 1733 domiciliorum
546 1707 668 1742 partibus
684 1706 751 1735 telas
762 1707 908 1735 artiﬁciose
917 1708 982 1735 sub-

194 1750 283 1778 tilibus
310 1751 472 1780 staminibus
488 1758 629 1781 contcxtas
655 1754 791 1782 connectit
815 1761 823 1780 :
842 1762 903 1790 qua:
919 1754 982 1782 licet

192 1803 298 1824 summo
311 1797 441 1825 coniectat
464 1801 519 1826 sint
543 1799 647 1833 labore,
663 1800 774 1827 omnino
793 1804 884 1828 tamen
914 1801 981 1828 nihil

193 1843 246 1870 illis
259 1849 370 1878 prosunt
388 1852 395 1871 :
417 1852 466 1872 nec
483 1845 556 1873 enim
573 1846 597 1873 ei
613 1847 659 1881 qui
684 1846 826 1874 fabricavit
849 1847 895 1874 ﬂet
920 1847 982 1874 inde

193 1889 317 1923 amictus,
329 1891 376 1918 sed
392 1891 444 1918 illa:
454 1891 561 1919 sectiles
578 1900 610 1919 ac
628 1893 743 1920 dividua:
754 1898 818 1921 sunt
830 1898 856 1921 et
869 1893 901 1920 ad
915 1901 981 1927 ope-

192 1934 337 1962 rimentum
351 1936 459 1963 inutiles
471 1937 552 1964 etiam
565 1937 631 1972 ipsis
644 1938 806 1965 artificibus.
824 1937 879 1968 Sic.
896 1937 978 1973 831

193 1979 290 2015 inquit,
302 1980 456 2008 δυόωσι-ψη
466 1982 585 2014 inventa,
599 1990 660 2017 quae
668 1983 774 2011 scilicet
789 1989 884 2011 contra
900 1984 980 2011 Citri-

192 2030 262 2052 stum
272 2031 375 2065 structa
391 2027 546 2055 sunt.Dolos
558 2028 629 2055 enim
641 2029 875 2062 concinnantes,et
886 2029 980 2057 falsam

193 2075 314 2098 texentes
325 2073 537 2105 accusationem,
556 2079 686 2106 putarunt
711 2082 751 2107 se,
783 2081 812 2102 ut
823 2076 888 2108 dixi,
901 2077 980 2104 morti

192 2119 284 2145 carnis
313 2118 388 2146 illum
413 2120 560 2151 tradentes,
574 2125 602 2148 et
631 2121 682 2147 sibi
709 2121 825 2155 aliquam
852 2122 981 2150 allaturos

192 2164 425 2197 cummoditatcm,
439 2169 467 2191 et
478 2171 512 2191 ex
524 2165 580 2192 suis
595 2166 898 2201 conatibusopuieutum
914 2176 982 2202 pra:-

191 2210 289 2236 sidium
310 2217 342 2236 ac
354 2211 546 2245 protectiuncm
561 2216 777 2246 comparaturos.
791 2212 843 2241 Sed
855 2221 917 2249 spes
929 2215 981 2243 illis

705 172 734 200 S.
755 172 894 200 CYRILLI
913 172 1148 201 ALEXANDRINI
1167 173 1327 201 ABClllEl’.

1766 169 1831 198 I338

1029 233 1134 268 μάτων·
1157 241 1167 259 t
1181 233 1314 268 Δήσωμεν
1329 233 1374 259 τὸν
1387 232 1502 264 δίκαιον,
1515 231 1557 258 ὅτι
1571 230 1746 266 δύσχρηστης
1766 229 1834 264 ἡμῖν

1028 279 1134 305 ἐστιν.»
1160 278 1320 313 Εὐρήσομεν
1335 277 1364 304 δὲ
1388 278 1434 304 καὶ
1456 277 1486 304 ὲν
1508 276 1648 310 συλλόγοις
1671 274 1760 301 αὐτοϋ
1785 275 1834 300 ὲκ-

1027 324 1190 359 τοπωτάτην
1202 323 1334 355 λαϐόντας
1349 322 1458 358 βουλήν.
1475 323 1615 356 Ἔφασκον
1633 321 1687 357 γὰρ
1701 320 1771 356 περὶ
1786 319 1834 346 τοῦ

1027 369 1138 396 πάντων
1159 369 1237 405 ἡμῶν
1259 369 1385 404 Σωτῆρος
1400 368 1531 404 Χριστοῦ·
1549 377 1557 394 ι
1573 367 1606 395 Τί
1630 367 1780 402 ποιοῦμεν,
1792 366 1835 392 ὅτι

1028 412 1106 448 οὗτος
1117 417 1130 442 ὁ
1147 415 1290 451 ἄνθρωπος
1305 415 1391 442 πολλά
1408 416 1481 442 ποιεῖ
1500 415 1613 450 antistat;
1634 413 1699 441 Ἐὰν
1713 412 1836 447 ἀφῶμεν

1029 462 1110 488 αὐτὸν
1134 461 1231 493 οὓτως,
1253 461 1411 488 ἐλεύσονται
1433 461 1458 488 οἱ
1476 461 1622 496 Ῥωμαῖοι,
1641 459 1692 486 καὶ
1715 458 1837 494 ἀροῦσιν

1028 508 1109 545 ήμῶν
1126 509 1157 535 τὸ
1170 507 1258 540 ἔθνος,
1276 508 1324 535 καὶ
1343 507 1391 543 τὴν
1408 507 1514 543 χώραν·
1528 503 1569 538 εἷς
1583 506 1611 533 δέ
1626 514 1668 537 τις
1687 504 1717 538 ἐξ
1739 505 1837 531 αὐτῶν

1029 556 1167 590 Καϊάφας,
1178 552 1256 587 οὗτος
1268 554 1317 590 τῆς
1329 554 1402 581 κατά
1413 553 1531 589 Χριστοῦ
1543 552 1705 583 δυσσεϐείας
1716 551 1837 585 γέγονεν

1030 602 1157 638 εὑρετής·
1172 601 1223 636 ἔφη
1239 600 1294 636 γὰρ
1306 601 1396 632 πάλιν,
1414 600 1509 635 Ὑμεῖς
1522 599 1572 625 οὐκ
1581 598 1671 625 οἴδατε
1684 596 1776 628 οὐδὲν,
1792 596 1836 622 ὅτι

1031 649 1164 684 συμφέρει
1180 648 1257 683 ἡμῖν,
1274 646 1318 673 ἴνα
1332 643 1373 678 εἷς
1393 645 1536 681 ἄνθρωπος
1550 643 1677 680 ἀποθάνῃ
1693 643 1769 678 ὑπὲρ
1785 642 1835 668 τοῦ

1030 694 1106 726 λαοῦ,
1120 695 1166 721 καὶ
1183 693 1220 729 μὴ
1238 693 1298 720 ὅλον
1320 693 1351 719 τὸ
1371 692 1448 723 ἔθνος
1470 692 1616 727 ἀπόληται.
1632 700 1642 716 ι
1665 689 1835 723 Σαφέστατα

1030 741 1120 767 τοίνυν
1135 742 1167 767 ὲκ
1178 740 1232 767 τῶν
1250 739 1404 775 εἰρημένων
1417 738 1521 765 ἔνεστιν
1534 738 1608 769 ἰδεῖν,
1621 737 1661 764 ὅτι
1676 737 1835 770 κυήσαντες

1031 787 1121 819 πόνον,
1144 784 1283 818 τουτέστι,
1304 785 1352 812 τὸν
1377 785 1437 812 κατ’
1459 783 1542 812 αὑτοῦ
1561 784 1644 810 πόνον
1659 782 1837 816 προσωδινή-

1032 841 1128 865 σαντες
1147 833 1310 868 ἐκτετήκασι
1330 832 1379 867 τὴν
1397 831 1523 866 ἀνομίαν.
1542 831 1574 857 Τί
1593 828 1640 857 οὖν
1657 831 1673 856 ό
1693 836 1836 864 προφητι-

1032 880 1080 912 κδς
1091 881 1120 906 ὲν
1133 879 1238 911 τούτοις
1255 879 1321 914 ήμῖν
1343 877 1546 914 κατασημαίνει
1565 877 1660 911 λόγος
1680 876 1729 902 Ὠἀ
1748 875 1836 902 ἀσπί-

1032 926 1085 954 δων
1102 925 1231 961 tamin,
1247 925 1294 951 καὶ
1312 925 1326 950 ό
1344 924 1448 960 μέλλων
1460 923 1515 950 τῶν
1528 923 1590 950 ὠῶν
1605 922 1698 949 αὐτῶν
1717 923 1834 956 φαγεῖν.

1033 971 1181 1007 συντρίψας
1195 970 1287 1006 οὔριον
1301 966 1390 1005 εὗρεν.
1407 970 1503 1005 ᾯοντο
1522 969 1572 1004 μὲν
1592 969 1648 1004 γὰρ
1661 969 1688 995 οἱ
1708 968 1837 994 Ἰουδαῖοι

1031 1018 1081 1050 τὰς
1095 1017 1165 1044 κατὰ
1186 1016 1306 1053 Χριστοῦ
1327 1015 1484 1050 διασκέψεις
1503 1016 1543 1046 εἰς
1560 1014 1649 1041 αἴσιον
1670 1014 1768 1044 αὐτοῖς
1788 1013 1838 1039 ὲκ-

1032 1063 1166 1100 εήσεσθαι
1189 1064 1293 1099 πέρας,
1315 1063 1363 1089 καὶ
1384 1064 1424 1094 εἰς
1449 1062 1544 1098 ὄνησιν
1567 1061 1680 1088 ἔσεσθαι
1704 1059 1746 1095 τῷ
1763 1059 1837 1086 ἔθνει

1032 1109 1124 1136 παντί,
1141 1107 1213 1136 Ἀλλ’
1228 1108 1387 1143 ἡμάρτανον
1402 1106 1450 1133 τοῦ
1466 1105 1580 1140 σκοποῦ,
1602 1105 1649 1132 καί
1663 1113 1692 1132 τι
1712 1103 1836 1131 τοιοῦτον

1032 1153 1191 1190 συμδέόηκε
1213 1153 1311 1181 παθεῖν
1331 1153 1440 1185 αὐτοὺς,
1462 1153 1555 1179 ὁποῖόν
1571 1161 1598 1179 τι
1621 1152 1779 1186 πάσχουσιν
1802 1151 1835 1177 ἐκ

1032 1199 1131 1235 πολλῆς
1143 1200 1213 1234 ἄγαν
1224 1199 1369 1231 ἀσυνεσίας
1393 1200 1417 1226 οἰ
1431 1198 1466 1225 τὰ
1477 1199 1532 1225 τῶν
1543 1198 1665 1225 ἀσπίδων
1682 1197 1835 1233 ῥηγνύντες

1031 1246 1083 1274 ὠά.
1095 1245 1291 1280 Συντρίψαντες
1306 1245 1360 1281 γὰρ
1373 1245 1450 1272 οὐδὲν
1466 1245 1630 1280 εὑρήσουσιν
1647 1244 1754 1279 ἕτερον,
1764 1243 1836 1277 πλὴν

1030 1292 1072 1319 ὅτι
1089 1291 1246 1327 βασιλίσκον
1265 1291 1294 1318 ὲν
1317 1290 1402 1326 αὐτῷ·
1424 1291 1513 1326 ὄφεως
1538 1291 1566 1317 δὲ
1591 1290 1688 1326 κύημα
1713 1290 1790 1316 τουτὶ
1805 1289 1836 1315 τὸ

1033 1337 1220 1374 παγχάλεπον,
1232 1336 1324 1373 οὖριόν
1339 1346 1369 1363 τε
1385 1337 1454 1372 πρδς
1467 1336 1563 1372 τούτῳ.
1577 1335 1685 1363 Οὐκοῦν
1701 1335 1834 1370 ἀνόνητον

1038 1382 1194 1415 ἰουδαίοις,,
1204 1382 1303 1417 μᾶλλον
1316 1382 1344 1409 δὲ
1362 1382 1408 1408 καὶ
1419 1381 1530 1417 ὀλέθρου
1543 1381 1675 1416 πρόξενον
1695 1380 1752 1407 τῶν
1765 1380 1834 1406 κατά

1032 1429 1152 1464 Χριστοῦ
1177 1429 1360 1464 τολμημάτων
1383 1429 1413 1454 τὸ
1438 1428 1536 1464 πέρας.
1550 1428 1632 1462 Ὄφις
1658 1427 1716 1462 γὰρ
1738 1426 1834 1462 dum?

1032 1474 1181 1510 ικϐέσηκεν
1209 1475 1318 1506 αὐτοῖς,
1343 1474 1390 1500 καὶ
1417 1473 1545 1506 ἀπότεξις
1572 1473 1798 1508 ὁμολογουμένη,
1815 1474 1832 1507 ἠ

1034 1521 1101 1556 πρὸς
1117 1521 1252 1557 πέταυρον
1273 1520 1336 1556 ᾇδου
1353 1520 1597 1556 παρακομίζουσα·
1614 1520 1656 1546 ὅτι
1674 1520 1704 1545 δὲ
1722 1519 1833 1553 γέγονεν

1033 1567 1150 1594 εἰσάπαν
1166 1566 1306 1602 ἀνωφελὴς
1328 1567 1344 1602 ὴ
1362 1566 1433 1593 κατὰ
1455 1566 1575 1601 Χριστοῦ
1596 1565 1754 1601 σκευωρία,
1776 1565 1832 1591 δια-

1031 1613 1166 1639 δείκνυσιν
1179 1613 1259 1644 εὺθὺς
1275 1614 1322 1640 καὶ
1336 1613 1368 1639 δι’
1384 1612 1478 1648 ἑτέρου
1497 1611 1733 1647 παραδείγματος*
1750 1610 1831 1637 ’ἰστὸν

1032 1658 1097 1695 γὰρ,
1114 1659 1207 1695 φησὶν,
1232 1660 1355 1694 ἀράχνης
1379 1659 1549 1693 ὑφαίνουσιν.
1580 1658 1609 1684 Ὁ
1626 1657 1677 1693 μὲν
1693 1657 1749 1692 γὰρ
1766 1657 1831 1692 ἀρά-

1031 1714 1114 1741 χνης,
1130 1707 1205 1732 τουτὶ
1227 1707 1257 1733 δέ
1280 1715 1351 1741 φημι
1371 1706 1402 1732 τὸ
1424 1705 1540 1741 σμικρὸν
1564 1705 1612 1731 καὶ
1640 1704 1831 1731 εὐτελέστατον

1031 1751 1114 1784 ζῶον,
1143 1753 1172 1778 ὲν
1197 1753 1254 1783 τοῖς
1283 1751 1443 1787 ἁργοτέροις
1467 1751 1521 1778 τῶν
1549 1750 1696 1786 δωματίων
1722 1750 1831 1784 μέρεσιν

1033 1798 1123 1829 ἰστοὺς
1133 1797 1291 1829 ἀναπλέκει,
1308 1797 1441 1832 στήμοσιν
1454 1797 1553 1832 ἰσχνοῖς
1569 1796 1706 1832 εὐτέχνως
1733 1795 1832 1829 ἐξυφα-

1033 1844 1190 1879 σμένους,οί
1203 1843 1232 1869 δὲ
1244 1840 1290 1870 οὖν
1307 1842 1428 1877 πλείστῳ
1449 1842 1527 1878 μόλις
1545 1842 1690 1877 γενόμενοι
1715 1841 1788 1875 πόνῳ
1803 1841 1831 1866 τὸ

1033 1889 1145 1925 σύμπαν
1168 1889 1267 1921 αὐτοὺς
1291 1889 1442 1923 ὠφελοῦσιν
1469 1889 1564 1915 οὐδέν·
1590 1888 1620 1915 οὐ
1644 1888 1700 1923 γὰρ
1724 1887 1830 1915 ἔσονται

1031 1936 1190 1971 περίϐλημα
1212 1936 1251 1970 τῷ
1282 1935 1462 1970 πεποιηκότι,
1479 1934 1537 1961 ἀλλ’
1561 1935 1631 1961 εἰσὶν
1657 1935 1830 1970 εὐδιάτμητοι

1032 1982 1100 2018 πρὸς
1109 1981 1265 2018 περιϐολὴν,
1275 1981 1325 2008 καὶ·
1332 1982 1417 2017 αὐτῆς
1423 1981 1473 2016 τῆς
1482 1981 1580 2016 τέχνης
1592 1980 1734 2016 ἀμείνους.
1742 1979 1828 2013 Οὕτω,

1032 2029 1109 2064 φησὶ,
1126 2029 1173 2055 καὶ
1192 2028 1226 2055 τὰ
1241 2028 1294 2054 τῶν
1312 2028 1445 2055 Ἰουδαίων
1459 2028 1614 2064 εὑρήματα,
1636 2027 1718 2062 δῆλον
1738 2027 1777 2054 ὃτι
1799 2026 1829 2053 τὰ

1031 2076 1101 2102 κατὰ
1121 2075 1168 2102 τοῦ
1192 2074 1328 2110 Χριστοῦ·
1353 2074 1446 2106 δόλους
1469 2074 1522 2110 γὰρ
1549 2073 1760 2108 ἐξυφαίνοντες,
1784 2073 1827 2100 καὶ

1030 2121 1213 2156 ψευδηγορίας
1232 2119 1447 2155 συμπλέκοντες,
1462 2118 1546 2154 ᾡοντο
1560 2119 1610 2154 μὲν
1623 2119 1690 2153 γὰρ,
1702 2118 1740 2150 ὡς
1753 2118 1826 2153 ἔφην,

1031 2167 1139 2202 θανάτῳ
1152 2167 1252 2202 σαρκὸς
1271 2166 1465 2203 περιϐαλόντες
1479 2165 1573 2198 αὐτὸν,
1590 2165 1722 2198 ἐξανύσαι
1739 2174 1764 2191 τι
1776 2164 1826 2191 τῶν

1030 2213 1202 2249 ὀνησιφόρων
1216 2213 1317 2244 αὐτοῖς,
1335 2213 1383 2239 καὶ
1400 2212 1450 2248 τὴν
1462 2211 1516 2239 ἀπὸ
1530 2212 1585 2238 τῶν
1601 2212 1676 2238 ἰδίων
1693 2213 1827 2246 ἐπιχειρη-

191 2255 299 2282 dcmum
317 2260 414 2282 cuncta
431 2257 458 2283 in
470 2257 582 2284 nihilum
596 2258 702 2286 recidit.
723 2258 819 2286 Nudati
836 2242 980 2288 suntenim

1144 2242 1367 2294 καταπλουτῆσαι
1385 2242 1500 2293 σκέπην,
1517 2257 1574 2285 ἀλλ’
1588 2258 1629 2290 εἰς
1645 2257 1726 2284 οὐδὲν
1742 2257 1827 2288 αὐτοῖς

191 2307 307 2335 superna
325 2301 521 2336 benevolentia,
537 2308 563 2330 et
572 2308 763 2338 protectorem,
787 2305 812 2332 id
832 2310 884 2339 est,
904 2306 983 2334 Chri-

192 2352 261 2374 slum
274 2346 438 2380 abiecerunt.
459 2347 522 2376 Haec
550 2350 621 2376 enim
641 2351 772 2384 protectio
793 2359 827 2379 ex
856 2352 983 2387 operibus

192 2393 269 2419 bonis
279 2394 415 2428 continget
428 2394 489 2427 illis,
513 2395 557 2430 qui
582 2396 640 2424 haec
664 2396 753 2425 facere
781 2403 856 2426 recte
879 2399 982 2433 volunt,

194 2439 327 2467 tribuente
345 2440 426 2467 etiam
442 2441 496 2468 illis
513 2440 564 2468 hoc
583 2440 649 2469 Deo.
665 2442 699 2469 At
725 2442 857 2471 malorum
887 2452 983 2478 opera-

194 2486 248 2513 rios
263 2494 315 2513 nuu
328 2487 457 2514 amicicnt
482 2495 525 2519 ea,
546 2495 607 2522 quae
615 2496 649 2516 ex
671 2489 738 2523 ipsus
750 2489 818 2518 fiunt
834 2499 840 2517 :
858 2491 905 2518 sed
919 2498 982 2525 pro-

194 2533 308 2560 tcctione
325 2537 352 2560 et
364 2533 546 2568 operimento,
573 2536 690 2564 maxime
713 2536 806 2564 divino
832 2537 981 2565 destituen-

193 2585 220 2606 tu
225 2587 246 2607 Γ,

229 2669 309 2696 Vsus;
324 2669 382 2697 6-8.
406 2668 477 2697 Nam
493 2679 572 2705 opera
591 2679 692 2704 eorum,
709 2680 788 2707 opera
813 2673 980 2707 iniquitatis:

192 2720 216 2742 et
227 2715 304 2749 pelles
321 2723 411 2742 eorum
433 2716 467 2742 ad
484 2717 614 2744 malitiam
631 2722 751 2750 currunt,
776 2718 875 2746 veloces
893 2719 926 2746 ad
940 2719 980 2754 ef-

192 2762 355 2796 fundendum
371 2762 716 2798 sanguinem.Cogitaliones
731 2772 831 2797 eorum,
842 2766 983 2800 cogitatio-

194 2815 238 2834 nes
254 2807 285 2834 dc
299 2807 457 2836 homicidiis.
475 2808 605 2837 (Ionlrilio
620 2816 643 2837 et
669 2810 774 2838 miseria
801 2811 826 2838 iu
851 2812 897 2839 riis
938 2820 982 2840 eo-

233 2897 256 2913 "
274 2898 381 2933 Sap.n,
402 2900 442 2927 12.
483 2899 504 2917 “
525 2899 601 2927 Juan.
618 2908 654 2933 χι,
680 2899 767 2926 “<50.

1033 2305 1064 2332 τὸ
1080 2305 1134 2332 τῶν
1149 2305 1330 2332 ἐλπισθέντων
1346 2305 1426 2340 ἐξέϐη
1444 2304 1540 2339 πέρας.
1564 2304 1669 2339 Γυμνοὶ
1687 2304 1744 2340 γὰρ
1758 2303 1827 2338 γεγό-

1034 2360 1096 2378 νασι
1121 2352 1170 2387 τῆς
1194 2351 1297 2379 ἀνωθεν
1320 2351 1482 2387 εὐμενείας,
1505 2350 1715 2386 ἀποϐεϐλήκασί
1739 2358 1768 2376 τε
1786 2349 1826 2375 τὸν

1035 2397 1203 2433 σκεπαστὴν,
1219 2397 1343 2424 τουτέστι
1354 2397 1489 2432 Χριστόν·
1505 2398 1529 2423 οἱ
1555 2396 1604 2431 μὲν
1622 2396 1678 2432 γὰρ
1693 2396 1723 2429 ἐξ
1745 2396 1826 2431 ἔργων

1034 2444 1146 2478 ἀγαθῶν
1166 2445 1223 2475 τοῖς
1246 2443 1316 2470 αὐτὰ
1344 2443 1492 2479 κατορθοῦν
1512 2443 1635 2469 ἐθέλουσι
1661 2442 1824 2477 συμϐήσεται

1035 2491 1135 2525 σκέπη,
1151 2490 1279 2525 νέμοντος
1293 2490 1384 2521 αὐτοῖς
1399 2489 1446 2516 καὶ
1462 2489 1541 2515 τοῦτο
1561 2487 1644 2515 Θεοῦ’
1654 2490 1713 2520 τοῖς
1729 2497 1760 2522 γε
1778 2487 1824 2522 μὴν

1034 2536 1089 2563 τῶν
1103 2536 1213 2571 φαύλων
1226 2537 1357 2572 ἐργάταις
1370 2537 1410 2569 είς
1425 2536 1572 2572 περιὸολὴν
1587 2535 1638 2562 οὐκ
1660 2536 1740 2563 ἔσται
1755 2535 1786 2562 τὰ
1798 2534 1823 2566 ἐξ

1034 2581 1134 2614 αὐτῶν,
1150 2582 1207 2608 ἀλλ’
1219 2581 1317 2618 ἔρημοι
1331 2582 1435 2617 σκέπης
1446 2582 1556 2608 ἔσονται
1575 2581 1679 2617 μᾶλλον
1693 2581 1742 2616 τῆς
1757 2579 1822 2615 παρᾶ

1033 2628 1113 2655 Θεοῦ.

1071 2674 1109 2700 Τὰ
1120 2673 1176 2708 γὰρ
1189 2673 1261 2708 ἔργα
1282 2672 1393 2706 αὐτῶν,
1414 2673 1485 2708 ἔργα
1496 2673 1634 2708 ἀνομίας,
1649 2675 1677 2700 οι
1694 2673 1730 2699 δὲ
1742 2671 1819 2704 πόδες

1032 2719 1131 2746 αὐτῶν
1164 2719 1213 2746 ἐπὶ
1246 2721 1394 2755 πονηρίαν
1425 2719 1577 2753 τρέχουσι,
1614 2719 1741 2754 ταχυνοί
1776 2717 1819 2745 τοῦ

1032 2766 1134 2800 ἐκχέαι
1151 2764 1234 2801 αἷμα,
1251 2767 1301 2794 καὶ
1315 2768 1341 2794 οὶ
1362 2766 1553 2801 διαλογισμοί
1569 2764 1682 2798 αὐτῶν,
1702 2765 1819 2799 διαλογι-

1034 2813 1102 2848 σμοὶ
1118 2812 1178 2840 ἀπὸ
1202 2814 1317 2847 φόνων·
1340 2813 1507 2847 σύντριμμα
1529 2811 1576 2839 καί
1596 2811 1779 2846 ταλαιπωρία
1791 2810 1819 2836 ὲν
