1893 3052
158 163 222 193 45η

687 164 716 192 S.
736 163 872 192 CYlill.Ll
890 164 1124 193 ALEXANDRINI
1143 165 1302 194 ARCHIEP.

1734 167 1802 195 i3l2

161 224 246 258 tis,et
258 229 381 258 quaenam
397 226 499 256 essent,
518 230 550 250 Ic
563 222 728 258 cuiusmodi,
745 227 889 258 postquam
903 232 908 250 ι

1059 225 1122 251 εσων
1137 224 1247 260 ἔρχεται
1266 223 1377 260 τρόπων
1397 224 1491 257 είπὼν,
1518 224 1679 260 ἀναγκαίως
1702 225 1806 260 ἐπάγει

159 272 260 305 posuit,
279 269 433 297 necessario
450 268 533 297 infert
556 277 589 296 ac
602 269 752 305 subiungit,
768 274 795 297 et
816 269 947 297 damnum

161 317 224 344 hinc
238 316 290 344 illis
304 315 448 348 inﬂictum,
464 320 492 342 et
511 315 688 344 intolerandae
703 315 859 343 vitiositatis
877 321 948 343 reta-

160 363 309 396 h'ationem,
328 369 359 389 ac
371 362 518 396 impietatis
530 363 650 397 ipsorum
668 361 783 390 fructus.
797 360 947 397 Exspecta1

159 409 224 436 bant
237 408 310 436 enim
325 407 625 436 Judaeiillustratiouem
641 415 656 435 a
669 407 790 440 Christo,
801 407 949 435 audiebant

158 454 307 489 prophetas
326 458 436 482 saucios
460 456 611 483 clamantes
640 455 784 483 manifeste
802 464 809 483 :
828 454 948 482 «lllumi-

160 507 235 533 narc,
256 500 418 534 illuminare,
432 500 602 528 Jerusalem:
619 501 696 528 venit
708 501 780 528 enim
798 501 842 528 lux
853 504 910 533 tua,
921 505 949 528 et

158 546 242 582 gloria
260 546 365 574 Domini
392 553 474 581 super
487 550 513 573 te
526 551 586 574 orta
603 550 647 573 est
663 546 698 572 ".
713 555 723 572 ι
739 545 772 572 Et
799 550 864 573 tunc
883 553 948 580 ape-

160 597 264 620 rientur
278 593 349 620 oculi
365 599 516 620 caecorum:
530 597 558 620 et
575 596 708 627 quantum
735 592 769 619 ad
789 596 948 619 sanctorum

160 638 353 674 prophetarum
372 638 574 673 praedictionem
594 639 701 671 attinet,
716 646 769 666 non
789 642 868 666 erant
878 639 947 665 bona

157 692 206 719 spe
229 685 349 712 destituti
377 685 481 712 miseri.
508 684 648 719 Siquidem
671 685 742 712 inter
767 692 798 712 se
822 684 948 712 dicebant

160 732 307 766 aliquando
323 731 444 759 Iudaicae
464 731 613 767 Synagogae
630 731 759 766 praesides
776 740 782 758 :
804 740 813 757 ι
832 731 900 758 Num
914 739 948 758 ex

158 778 266 806 Galiltra
283 778 407 806 Christus
432 779 526 806 venit?
548 778 642 805 Nonne
662 778 802 812 Scriptura
817 778 893 811 dicit,
915 785 948 804 ex

159 825 264 852 semine
289 825 407 858 Davidis,
423 829 451 852 et
471 832 486 852 a
515 824 653 852 Bethleem
671 824 730 851 vico
743 824 881 851 Christum
904 831 950 852 ve-

159 871 290 898 nire/"ti
309 870 479 898 Samaritana
504 877 611 905 quoque
641 870 684 896 illa
712 869 808 898 mulier
825 869 947 898 confessa

1000 270 1048 298 καὶ
1068 271 1245 308 παρατίθησι,
1262 271 1309 298 καὶ
1329 271 1380 307 τὴν
1395 271 1522 299 ἐντεῦθεν
1542 272 1636 304 αὐτοῖς
1657 272 1803 307 ἐντετριμ-

1001 316 1085 352 μένην
1096 317 1206 352 ζημίαν,
1218 318 1266 345 καὶ
1285 318 1334 355 τῆς
1350 318 1466 354 ἀσχέτου
1481 318 1650 353 φαυλότητος
1668 318 1719 353 τὴν
1736 311 1810 344 ἀντέ

998 361 1111 395 ἐκτισιν,
1125 362 1184 397 ἦτοι
1199 363 1262 394 τοὺς
1273 363 1322 398 τῆς
1333 362 1448 401 ἐνούσης
1463 363 1558 395 αὐτοῖς
1572 362 1706 394 ἀσεϐείας
1737 370 1804 397 καρ-

999 407 1077 439 πούς.
1088 408 1264 444 Προσεδόκων
1276 409 1324 444 μὲν
1337 409 1390 445 γὰρ
1406 409 1529 436 Ἰουδαῖοι
1540 409 1586 436 τὸν
1597 409 1677 444 παρά
1689 408 1804 444 Χριστῷ

999 455 1151 490 φωτισμόν.
1183 455 1301 482 Ἤκουον
1326 455 1477 491 προφητῶν
1505 455 1593 489 ἁγίων
1618 455 1804 482 ἀναϐοώντων

998 501 1161 535 ἀναφανδὸν,
1180 510 1190 528 ‹
1205 501 1336 534 Φωτίζου,
1356 500 1486 536 φωτίζον,
1511 501 1705 537 Ἰερουσαλὴμ,
1736 501 1802 536 ἥκει

998 546 1053 582 γὰρ
1071 547 1102 574 τὺ
1116 547 1174 581 φῶς
1188 555 1248 581 σου,
1261 548 1308 574 καὶ
1317 548 1334 583 ἡ
1344 548 1409 582 δόξα
1421 548 1525 584 Κυρίου
1540 548 1588 574 ἐπὶ
1600 548 1631 574 σὲ
1651 547 1804 575 ἀνατέταλ-

999 602 1043 622 ace.
1063 603 1073 620 ι
1092 595 1148 621 Καὶ
1164 594 1225 621 τότε
1245 595 1598 631 ἀνοιχοήσονταιὀφθαλμοὶ¹
1617 595 1741 630 τυφλῶν,
1754 595 1799 622 καὶ

999 640 1030 667 τό
1049 649 1081 674 γε
1096 638 1164 676 ἧκον
1175 642 1216 673 εἰς
1230 641 1279 676 τὴν
1294 641 1350 668 τῶν
1365 641 1451 676 ἁγίων
1466 642 1615 677 προφήτων
1630 641 1801 677 προαγόρευ-

1000 695 1052 715 σιν.
1069 687 1120 713 οὐκ
1136 686 1188 719 ἔξω
1207 687 1329 722 χρηστῆς
1343 687 1452 719 ἐλπίδος
1472 685 1543 723 ἦσαν
1562 689 1588 714 oi
1602 687 1732 719 τάλανες.
1746 688 1804 714 Καὶ

999 733 1065 766 γοῦν
1082 733 1267 768 προσελάλουν
1283 734 1410 770 ἀλλήλοις
1431 734 1496 761 ποτέ
1509 734 1560 770 τῆς
1581 735 1720 761 Ἰουδαίων
1736 734 1804 760 Συν-

1000 779 1111 814 αγωγῆς
1131 779 1156 805 οί
1173 781 1384 815 προεστηκότες,
1406 789 1415 805 ι
1437 780 1483 815 Μὴ
1503 780 1535 806 ἐκ
1545 780 1596 815 τῆς
1612 779 1763 810 Γαλιλαεας
1788 779 1805 805 ὁ

1000 823 1117 858 Χριστὸς
1128 823 1248 859 ἕρχεται;
1262 824 1312 859 οὐχ
1326 825 1343 860 ἡ
1356 824 1451 860 Γραφὴ
1468 822 1556 857 εἶπεν,
1570 825 1613 851 ὅτι
1629 825 1662 851 ἐκ
1677 824 1804 859 σπέρμα-

1000 874 1045 898 τος
1061 866 1153 899 Δαὸὶδ,
1171 868 1218 894 καὶ
1238 867 1293 894 ἀπὸ
1317 868 1446 904 Βηθλεὲμ
1464 869 1515 904 τῆς
1539 869 1637 905 κώμης
1652 870 1667 895 ὀ
1683 869 1804 904 Χριστὸς

158 921 200 944 est
230 916 383 950 manifeste,
411 917 498 959 ipsum
520 916 603 951 833
627 916 765 944 Christum
793 917 905 952 alloquet

1055 921 1118 946 ;ται;
1131 923 1141 939 ι
1157 914 1211 940 Καὶ
1228 915 1244 949 ἡ
1255 915 1420 949 Σαμαρεῖτις
1432 916 1524 951 ἐκείνη
1537 915 1606 951 γυνὴ
1631 915 1802 950 διωμολόγη-

158 963 291 990 adventus
305 962 442 990 virtutem.
463 963 573 990 Dicebat
589 963 663 990 enim
677 971 684 989 :
701 972 710 988 ι
730 962 858 990 Novimus
877 962 947 997 quod

161 1006 273 1035 Messias
301 1007 385 1040 venit,
413 1007 460 1042 qui
481 1007 725 1036 diciturChristus.
750 1007 819 1035 Cum
844 1008 949 1035 venerit

161 1052 213 1084 ille,
231 1052 403 1080 annuntlabit
413 1053 492 1080 nobis
505 1053 608 1080 omnia.
635 1062 644 1078 ι
658 1052 856 1087 Exspectabam
871 1059 948 1088 ergo,

160 1103 191 1125 ut
218 1099 284 1132 dixi,
309 1099 517 1127 illustrationem
534 1107 549 1126 a
565 1099 692 1127 Christo:
707 1099 755 1127 sed
775 1099 950 1134 contigerunt

160 1149 260 1177 praeter
284 1153 359 1180 spem
387 1145 440 1172 illis
463 1145 565 1174 omnia.
590 1145 648 1173 Non
673 1146 744 1173 enim
760 1146 949 1174 veramlucem

160 1190 339 1222 admiserunt,
358 1190 404 1218 sed
419 1197 479 1217 cum
495 1191 621 1218 tenebras
638 1191 710 1218 ultro
726 1191 777 1218 sibi
800 1191 949 1218 accersitas

162 1240 290 1271 tanquam
313 1236 340 1263 in
365 1236 499 1263 domicilia
515 1236 666 1264 animorum
689 1237 864 1272 recepissent,
882 1236 948 1263 eieci

160 1283 332 1315 exstiterunt,
347 1287 375 1310 et
390 1282 473 1310 duces
486 1288 633 1316 caecorum,
645 1284 724 1318 juxta
734 1282 888 1310 Servatoris
903 1289 949 1310 vo-

160 1335 218 1356 cem
233 1327 266 1355 ⁷⁷.
282 1328 349 1355 Dum
362 1328 444 1364 igitur
457 1328 545 1356 lucem
561 1328 598 1356 illi
612 1328 882 1364 praastolarentur,-id
896 1332 950 1361 est.

161 1379 302 1410 sperarent
314 1379 342 1402 et
360 1378 566 1410 exspectarent,
578 1374 734 1410 obtigerunt
752 1374 805 1403 illis
823 1374 950 1402 tenebrae.

161 1422 193 1449 Et
207 1425 396 1456 exspectantes
404 1421 586 1457 splendorem,
597 1422 624 1449 in
636 1421 750 1456 caligine
762 1422 949 1449 versabantur.

160 1465 240 1495 idem.
259 1474 353 1495 rursus
377 1467 456 1495 aliter
475 1467 558 1494 etiam
582 1467 614 1495 de
639 1468 733 1495 eadem
758 1475 786 1495 re
800 1468 875 1502 ponit
889 1475 952 1503 pro-

160 1514 252 1550 pheta,
283 1515 417 1542 dictorum
443 1514 607 1542 sententiam
630 1521 780 1549 exponens.
801 1514 852 1548 Qui
878 1515 950 1542 enim

161 1560 333 1596 splendorem
345 1565 549 1595 exspectarunt,
563 1560 589 1587 in
608 1559 728 1587 tenebris
742 1559 883 1594 profundis
894 1567 950 1587 am-

161 1607 334 1635 bulaverunt.
357 1606 414 1634 Hoc
431 1607 503 1635 enim
514 1606 565 1642 τῆς
579 1607 693 1642 ἀωρὶας,
714 1607 740 1634 id
757 1611 808 1640 est,
825 1606 950 1642 caliginis

163 1661 261 1681 nomen
285 1653 428 1688 signiﬁcat.
457 1653 560 1680 Deinde
579 1653 760 1685 utcaccitatis,
776 1660 835 1686 quae
853 1653 880 1680 in
898 1653 950 1681 illis

161 1701 223 1733 fuit.
240 1699 451 1735 magnitudinem
469 1700 637 1734 exprimeret
651 1699 834 1733 :Palpabuut,
849 1699 949 1735 inquit,

163 1751 292 1780 tanquam
320 1752 408 1773 ciccus
433 1745 467 1772 ad
491 1745 633 1779 parietem.
652 1744 698 1772 Sic
715 1745 788 1772 enim
814 1745 949 1773 interdum

160 1791 300 1819 ambulare
324 1795 533 1822 consueverunt,
548 1791 593 1825 qui
615 1790 755 1818 oculortun
775 1791 899 1818 caecitate
915 1790 950 1818 la-

161 1838 269 1865 borant.
286 1837 320 1864 Et
331 1838 358 1864 in
377 1837 444 1872 ipso,
463 1837 561 1871 inquit,
572 1836 695 1868 meridie,
718 1841 844 1871 tauquam
861 1836 949 1864 media

162 1889 240 1912 nocte
253 1885 359 1912 cadent.
383 1884 521 1911 Meridiem
539 1884 647 1916 usitate,
666 1883 781 1910 mediam
800 1882 861 1910 .diei
885 1890 950 1917 par-

163 1936 215 1958 teut
231 1931 364 1962 neminat,
384 1930 492 1965 quando
505 1929 571 1958 solis
588 1929 705 1957 circulus
721 1929 838 1957 medium
850 1929 948 1957 ctelum

162 1985 268 2012 tenens,
277 1977 367 2005 radios
382 1976 556 2004 intentissimi
571 1977 670 2005 caloris
682 1976 806 2004 immittit
816 1981 896 2004 terra:
910 1976 949 2003 in-

161 2024 238 2057 colis,
252 2028 279 2051 et
299 2024 373 2051 velut
389 2024 558 2058 opulentiore
590 2023 743 2058 splendoris
764 2023 841 2058 copia
863 2022 949 2051 collu—

165 2075 234 2098 strat
257 2071 347 2098 omnia
362 2078 370 2103 ;
385 2069 572 2106 μεσονύκτιον,
595 2069 620 2096 id
638 2074 689 2102 est,
714 2069 829 2097 medium
851 2070 948 2103 noctis,

159 2118 268 2153 quando
279 2116 418 2151 profundae
437 2116 556 2144 tenebrae
576 2116 703 2143 omnibus
723 2117 775 2144 sub
791 2117 853 2145 caeli
875 2125 949 2145 com-

161 2165 240 2198 plexu
255 2162 440 2190 oiiunduntur.
452 2161 481 2188 ln
497 2160 611 2188 meridie
631 2160 722 2196 igitur,
741 2161 839 2196 inquit,
855 2162 881 2189 id
895 2166 947 2194 est,

161 2210 187 2237 in
220 2207 451 2237 abmulautissima
475 2207 545 2240 luce,
573 2207 663 2235 divina
691 2207 805 2241 scilicet,
829 2213 858 2236 et
889 2215 949 2243 quae

999 967 1048 985 κεν
1062 959 1186 994 ἐναργῶς
1200 960 1275 996 αὐτῷ
1291 961 1484 996 προσλαλοῦσα
1504 961 1618 996 Χριστῷ
1636 962 1689 994 τῆς
1706 960 1804 996 ἐπιδη-

1001 1004 1065 1039 μίας
1080 1005 1129 1041 τὴν
1146 1005 1272 1041 δύναμιν.
1286 1007 1358 1042 Ἔφη
1372 1008 1439 1043 γὰρ,
1456 1009 1497 1034 ὅτι
1509 1007 1652 1043 ιὈῑδαμεν
1667 1008 1709 1034 ὅτι
1727 1008 1802 1034 Μεσ-

1001 1051 1061 1082 σίας
1077 1051 1188 1087 ἐρχεται
1202 1053 1216 1079 ό
1230 1052 1374 1087 λεγόμενος
1384 1053 1514 1088 Χριστόςο
1532 1053 1596 1080 ᾶταν
1608 1052 1674 1088 ἔλθῃ
1686 1053 1802 1085 ἐκεῖνος,

1000 1097 1144 1132 εὐαγγελεῖ
1157 1099 1222 1133 ἡμῖν
1236 1100 1335 1126 πάντα.
1350 1109 1359 1125 ι
1371 1099 1476 1126 Οὐκοῦν
1489 1099 1665 1136 προσεδόκων
1686 1099 1749 1134 μὲν,
1766 1099 1805 1130 ὡς

1000 1143 1079 1180 ἔφην.
1087 1144 1133 1173 τὸν
1141 1145 1218 1181 παρά
1228 1145 1346 1182 Χριστοῦ
1359 1146 1509 1181 φωτισμὸν,
1525 1145 1583 1173 ἀλλ’
1592 1144 1746 1180 ἐκϐέϐηκεν
1755 1144 1806 1171 αὗ-

1000 1191 1055 1221 τοίς
1064 1191 1103 1222 εἰς
1112 1192 1166 1218 πᾶν
1174 1191 1330 1218 τούναντίον
1337 1192 1370 1219 τὰ
1378 1193 1428 1227 τῆς
1436 1192 1595 1223 ἐλπίδος.ού
1608 1191 1664 1226 γὰρ
1674 1189 1804 1226 προσεδέ-

1002 1235 1081 1267 ξαντο
1096 1236 1127 1263 τὺ
1139 1237 1198 1271 φῶς
1209 1237 1239 1264 τὸ
1248 1238 1384 1273 ἀληθινὸν,
1399 1238 1566 1274 αὐτόκλητον
1582 1239 1611 1264 δὲ
1630 1237 1728 1272 ὥσπερ
1743 1237 1804 1267 ταῖς

1001 1281 1107 1309 ἑαυτῶν
1116 1282 1247 1315 διανοίαις
1253 1283 1465 1319 εἰσοικισάμενοι
1474 1284 1580 1316 σκότον,
1588 1283 1685 1317 τυφλοὶ
1693 1283 1805 1317 γεγόνα-

1003 1337 1039 1359 σι,
1053 1329 1101 1356 καὶ
1109 1329 1216 1364 τυφλῶν
1229 1330 1334 1365 ὁδηγοὶ,
1344 1330 1416 1358 κατά
1429 1330 1478 1366 τὴν
1492 1330 1539 1357 τοῦ
1555 1330 1686 1365 Σωτῆρος
1698 1329 1802 1364 φωνήν.

1001 1374 1061 1406 Φῶς
1078 1375 1168 1402 τοίνυν
1183 1376 1387 1411 ὑπομεινάντων
1402 1376 1503 1408 αὐτῶν,
1514 1376 1658 1403 τουτέστιν
1675 1375 1804 1402 ἐλπισάν-

1001 1428 1056 1446 των
1063 1420 1122 1455 ἦτοι
1131 1421 1388 1456 προσῶκησάντων,
1406 1422 1517 1456 γέγονεν
1527 1422 1621 1453 αὐτοῖς
1635 1421 1746 1454 σκότος,
1759 1420 1805 1448 καὶ

1004 1465 1146 1500 μείναντες
1168 1467 1255 1502 αὐγὴν
1269 1469 1299 1495 ἐν
1313 1468 1402 1504 ἀωρίᾳ
1429 1469 1648 1504 περιεπάτησαν.
1675 1468 1749 1495 Αὐτὸ
1774 1467 1805 1503 δὴ

1003 1511 1084 1538 πάλιν
1094 1512 1206 1548 ἑτέρως,
1223 1514 1290 1549 fracti
1310 1514 1432 1549 περὶτοῦ
1444 1514 1527 1541 αὑτοῦ
1540 1514 1650 1550 τίθησιν
1666 1515 1682 1541 ό
1699 1515 1805 1550 προφή-

1003 1566 1065 1594 της,
1082 1558 1136 1586 τῶν
1151 1560 1304 1596 είρημένων
1323 1561 1543 1588 καταλευκαίνων
1558 1561 1604 1587 τὸν
1621 1560 1698 1587 νοῦν.
1712 1561 1744 1587 Ol
1755 1557 1805 1592 γὰρ

1003 1605 1090 1642 αὐγὴν
1113 1606 1360 1642 προσδοκήσαντες,
1377 1608 1406 1634 ἐν
1430 1608 1518 1643 σκότῳ
1532 1607 1611 1642 βαθεῖ
1630 1608 1802 1643 περιεπάτη-

1003 1659 1062 1678 ααν.
1079 1652 1164 1679 Τοῦτο
1178 1653 1232 1688 γὰρ
1244 1653 1275 1679 τὺ
1290 1653 1341 1688 τῆς
1361 1654 1465 1688 ἀωρίαις
1477 1653 1562 1688 ὄνομα
1573 1653 1664 1689 δηλοῖ.
1675 1651 1744 1679 Εἶτα
1759 1653 1803 1688 τῆς

1002 1697 1186 1733 ἐγγενομένης
1201 1699 1293 1729 αὐτοῖς
1313 1699 1477 1732 τυιρλώσεως
1495 1697 1655 1733 ἐμφανίζων
1671 1698 1703 1724 τὲ
1726 1700 1803 1734 μέγε-

1002 1745 1058 1777 θος,
1082 1745 1254 1781 ψηλαφήσειν
1269 1746 1307 1777 ὠς
1329 1745 1429 1780 τυφλὸς
1450 1745 1501 1781 ἔφη
1522 1747 1624 1780 τοῖχον.
1648 1744 1732 1771 Οὖτω
1752 1744 1802 1779 γὰρ

1001 1791 1057 1818 ἐσθ’
1080 1793 1126 1819 ὅτε
1151 1794 1314 1828 περιπατεῖν
1330 1792 1390 1823 ἐοος
1412 1793 1471 1823 τοῖς
1484 1792 1539 1818 τῶν
1556 1791 1697 1827 ὀμμάτων
1712 1791 1802 1826 ἡρρω-

1002 1838 1115 1874 στηκόσι
1127 1838 1177 1874 τὴν
1196 1841 1331 1875 πήρωσιν.
1355 1838 1539 1874 Μεσημϐρίας
1551 1837 1580 1864 δε
1598 1837 1696 1871 οῠσης,
1712 1837 1801 1872 φησὶν,

1001 1884 1039 1915 ὡς
1053 1884 1083 1910 ὲν
1099 1884 1269 1919 μεσονυκτίῳ
1285 1883 1447 1912 πεσοῦνται.
1456 1883 1509 1911 Καὶ
1523 1883 1705 1920 μεσημϐρίαν
1717 1883 1802 1917 μὲντὺ

1003 1929 1166 1964 μεσαίτατον
1188 1932 1237 1966 τῆς
1255 1931 1364 1967 ἡμέρας
1386 1931 1516 1966 ὀνομάζει
1533 1930 1670 1966 συνήθως,
1697 1930 1744 1956 ὅτε
1759 1928 1802 1956 καὶ

1000 1977 1192 2012 ἀκμαιοτάτην
1211 1978 1362 2013 ἐπαφίησιν
1376 1978 1474 2005 ἀκτῖνα
1486 1979 1543 2009 τοῖς
1562 1978 1609 2004 ἐπὶ
1624 1976 1679 2011 γῆς
1705 1984 1800 2011 μεσου-

1003 2023 1092 2058 ρανῶν
1108 2023 1123 2050 ὁ
1135 2024 1210 2058 ἡλίου
1221 2023 1330 2057 κύκλος,
1346 2024 1394 2051 καὶ
1408 2022 1464 2050 οἷον
1478 2022 1739 2058 πεπλουσιωτὲραις
1753 2022 1799 2048 αὗ-

999 2071 1063 2104 γατς
1082 2070 1300 2105 πριαπράπτει
1318 2070 1354 2097 τά
1376 2069 1533 2105 σύμπαντα·
1569 2068 1751 2104 μεσονύκτιον
1775 2067 1800 2094 δὲ

1000 2116 1050 2151 τῆς
1065 2116 1163 2148 νυκτὸς
1176 2116 1208 2143 τὸ
1223 2116 1396 2151 μεσαίτατον,
1408 2117 1452 2143 ὅτε
1467 2116 1515 2143 καὶ
1538 2115 1624 2151 βαθὺς
1644 2115 1735 2142 ἅπασι
1748 2115 1801 2146 τοῖς

1001 2161 1047 2187 ὑπ’
1055 2160 1169 2197 οὐρανὸν
1180 2161 1338 2196 καταχεῖται
1352 2161 1457 2193 σκότος.
1468 2160 1515 2187 Ἐν
1525 2160 1689 2196 μεσημὸρίᾳ
1701 2159 1799 2190 τοίνυν,

1001 2207 1078 2242 φησὶ,
1102 2207 1250 2239 τουτέστιν,
1278 2207 1521 2242 ἀμφιλαφεστάτου
1542 2206 1643 2242 φωτὸς,
1674 2206 1749 2233 θείου
1773 2205 1799 2232 δὲ

160 2260 251 2282 mente
263 2254 421 2288 percipitur,
431 2261 491 2288 quae
503 2253 595 2280 orbem
613 2258 692 2281 teme
707 2253 850 2287 illuminat,
864 2254 907 2281 bet

1050 2254 1119 2279 ονότι
1135 2254 1181 2280 καὶ
1197 2253 1304 2289 νοητοῦ,
1322 2254 1539 2288 καταυγάζοντος
1548 2253 1598 2288 τὴν
1611 2253 1659 2280 ὑπ’
1677 2252 1797 2288 οὐρανὸν,

162 2301 223 2328 licio
247 2300 369 2327 omnium
400 2303 521 2327 nostrum
544 2299 700 2327 Servatoris
725 2299 838 2332 Christi,
853 2300 952 2327 cadent

161 2356 210 2375 t'clt
222 2347 297 2380 εκεῖ,
307 2346 390 2374 Judaei
405 2353 459 2381 quo
472 2346 574 2374 vadunt
589 2345 684 2374 nescii.
698 2345 848 2373 Noluerunt
865 2346 951 2380 siqui-

161 2395 222 2422 dem
238 2393 347 2421 obedire
367 2393 475 2421 Christo
492 2392 613 2420 dicenti:
628 2402 638 2419 t
652 2392 777 2433 Quandiu
797 2393 884 2420 lucem
901 2393 951 2420 ha-

161 2440 240 2472 betis,
252 2439 390 2468 ambulate
403 2440 429 2466 in
444 2439 515 2472 luce,
530 2447 563 2466 ne
580 2446 627 2466 vos
639 2439 757 2467 tenebrae
771 2439 951 2474 comprehen-

162 2484 268 2514 dant".
284 2496 293 2512 ι
309 2485 503 2521 Comprehensi
520 2490 584 2513 sunt
599 2485 681 2520 igitur
700 2493 716 2512 ει
743 2485 872 2516 tenebris,
888 2492 950 2512 cum

162 2533 188 2560 iu
213 2532 271 2560 luce
295 2532 435 2560 ambulare
459 2540 513 2559 non
538 2532 718 2560 sustinerent.
737 2531 808 2565 Quin
828 2536 856 2558 et
878 2531 950 2558 aliud

162 2585 269 2613 quoque
281 2577 428 2613 patientur.
445 2577 560 2605 Getnent
578 2578 662 2611 enim,
678 2578 777 2612 inquit,
792 2577 871 2612 quasi
894 2585 951 2604 mo-

164 2623 273 2656 ricnles,
289 2623 316 2650 id
330 2629 383 2656 est,
398 2623 476 2658 quasi
489 2624 564 2658 gravi
574 2628 600 2651 et
614 2623 784 2651 intolerando
799 2624 893 2651 morbo
908 2624 951 2651 de-

163 2669 314 2696 bilitati.Ac
330 2669 408 2696 ibunt
420 2670 499 2703 quasi
511 2677 590 2697 ursus
606 2670 686 2697 simul
699 2675 727 2698 et
738 2670 880 2698 columba:
897 2676 951 2697 non

163 2714 255 2742 utduo
272 2714 383 2749 quidam
406 2714 478 2742 inter
497 2723 526 2742 se
542 2716 744 2749 convenientes,
766 2723 882 2750 quorum
906 2715 951 2743 hic

163 2767 243 2786 ursus
266 2759 380 2794 intelligi
405 2761 506 2795 possit,
529 2760 574 2787 ille
598 2761 748 2788 columba:
770 2762 816 2789 sed
836 2761 952 2796 quisque

164 2804 260 2833 aﬂ‘eetu
274 2810 302 2832 ct
315 2805 407 2833 animo
420 2806 473 2838 erit,
487 2806 566 2841 quasi
582 2814 661 2834 ursus
671 2807 750 2835 simul
769 2812 796 2835 et
817 2807 951 2835 columba.

1003 2298 1104 2326 διάτοῦ
1120 2299 1229 2326 πάντων
1248 2299 1326 2335 ἡμῶν
1354 2300 1480 2335 Σωτῆρος
1506 2298 1640 2334 Χριστοῦ,
1654 2298 1799 2325 πεσοῦνται

1005 2345 1130 2381 καθάπερ
1145 2346 1242 2380 τυφλοὶ
1256 2346 1323 2382 μηδὲ
1340 2347 1451 2379 εἰδότες,
1473 2346 1534 2373 ὅποι
1552 2344 1709 2381 βαδίζουσιν
1740 2345 1800 2372 Ἰου-

1003 2393 1083 2420 δαῖοι·
1102 2393 1133 2420 οὑ
1155 2393 1211 2428 γὰρ
1225 2392 1362 2428 ἠθέλησαν
1384 2391 1533 2419 ὑπακούειν
1547 2391 1656 2426 λέγοντι
1676 2391 1716 2426 τῷ
1739 2391 1800 2426 Χρι-

1005 2439 1070 2475 στῷ,
1083 2440 1170 2472 «Ἕως
1181 2440 1210 2466 τὺ
1224 2439 1282 2474 φῶς
1293 2440 1380 2475 ἔχετε,
1391 2440 1568 2475 περιπατεῖτε
1582 2439 1611 2465 ἐν
1619 2447 1659 2474 τῳ
1668 2438 1750 2472 φωτὶ,
1759 2438 1799 2464 ἵνα

1007 2486 1044 2522 μὴ
1057 2487 1074 2521 ἡ
1092 2487 1188 2513 σκοτία
1201 2487 1273 2521 ὑμᾶς
1289 2486 1442 2521 καταλάὸῃ.
1456 2495 1465 2512 ι
1478 2485 1703 2521 Κατελήφθησαν
1714 2485 1798 2512 τοίνυν

1005 2531 1058 2558 ὑπὸ
1073 2533 1123 2568 τῆς
1138 2533 1249 2564 σκοτίας
1269 2533 1319 2560 οὐκ
1336 2532 1521 2568 ἀνασχόμενοι
1536 2533 1705 2568 περιπατεῖν
1720 2533 1749 2559 ἐν
1763 2531 1798 2566 τῷ

1005 2579 1084 2614 φωτί·
1101 2579 1241 2606 πείσονται
1257 2579 1286 2607 δέ
1298 2589 1325 2606 τι
1339 2580 1386 2607 καὶ
1398 2580 1503 2615 ἕτερον.
1518 2579 1684 2611 Στενάξουσι
1700 2577 1754 2615 γὰρ
1764 2578 1798 2610 ὡς

1004 2625 1233 2660 ἀποθνήσκοντες,
1262 2626 1340 2660 φησὶ,
1371 2625 1523 2658 τουτέστιν,
1559 2625 1598 2656 ὡς
1631 2624 1730 2660 βαρείᾳ
1755 2624 1798 2651 καὶ

1005 2671 1112 2706 ἀσχέτῳ
1130 2671 1201 2707 νόσῳ
1226 2673 1435 2708 κατισχημένοι.
1452 2671 1637 2707 Πορεύσονται
1655 2671 1684 2697 δὲ
1705 2671 1752 2698 καὶ
1764 2670 1797 2701 ὼς

1005 2717 1089 2753 ἄρκος
1105 2718 1172 2754 ἅμα,
1185 2719 1234 2746 καὶ
1247 2718 1409 2755 περιστερὰ,
1422 2718 1470 2745 καὶ
1484 2718 1534 2753 οὐχ
1548 2717 1586 2749 ὡς
1600 2718 1650 2744 δύο
1664 2718 1738 2749 τινὲς
1755 2718 1796 2743 ἀλ-
1851 2713 1861 2726 ⁵

1005 2763 1096 2798 λήλοις
1108 2765 1333 2800 συμϐιϐάζοντες,
1346 2761 1384 2792 ὧν
1396 2766 1410 2792 ὁ
1424 2764 1474 2800 μὲν
1487 2764 1524 2795 ὡς
1536 2763 1622 2799 ἄρκος
1637 2763 1748 2798 νοηθείη
1758 2763 1796 2793 ἂν,

1004 2809 1052 2836 όδὲ
1063 2810 1100 2842 ὡς
1116 2811 1275 2847 περιστερὰ,
1287 2811 1343 2838 ἀλλ’
1357 2811 1471 2840 ἕκαστος
1483 2810 1572 2838 αὐτῶν
1586 2811 1615 2838 ὲν
1630 2810 1723 2846 ταυτῷ
1735 2809 1797 2837 κατὰ

203 2894 224 2910 ⁷⁸
242 2893 294 2922 Isti.
309 2902 353 2927 ιχ,
370 2895 392 2923 l.
432 2895 454 2910 ⁷⁶
469 2893 545 2922 Joan.
560 2903 607 2929 vit,
623 2895 665 2930 il,
684 2896 724 2924 i2.
747 2898 767 2913 ⁷⁷
784 2897 880 2924 Matth.
897 2905 950 2932 xvi,

560 2903 607 2929 vit,
623 2895 665 2930 il,
684 2896 724 2924 i2.
747 2898 767 2913 ⁷⁷
784 2897 880 2924 Matth.
897 2905 952 2932 xu,
972 2898 1012 2926 ll.
1052 2899 1074 2915 7”
1090 2898 1167 2927 Joau.
1185 2907 1233 2933 xu,
1251 2900 1293 2927 55.
