1893 3052
80 161 148 188 ms

631 165 663 191 ΙΝ
683 165 796 193 ISAIAM
817 165 881 193 LIB.
902 166 933 194 V.
955 165 1074 195 TOMUS
1091 166 1133 194 IV.

1635 163 1703 190 1514

77 219 129 256 τὴν
146 221 211 254 ἕξιν,
229 221 274 248 καὶ
293 222 365 249 κατά
380 230 411 256 γε
431 223 479 258 τὴν
503 218 614 250 ἐνοῦσαν
631 225 723 256 αὐτοῖς
739 225 866 257 διάνοιαν,

928 225 987 252 Nam
1007 225 1134 261 quoniam
1157 224 1273 256 dixerat,
1297 229 1343 250 eos
1367 227 1483 257 gemere,
1508 219 1624 248 ostendit
1645 220 1703 250 pul-

76 267 116 298 ὡς
137 269 220 304 ἄρκος
240 268 371 304 ὑπάρχων
398 270 466 305 ὁμοῦ
484 270 533 296 καὶ
559 271 718 306 περιστερά,
756 272 864 307 Ἐπειδὴ

76 314 132 349 γὰρ
156 314 208 350 ἔφη
237 315 375 346 στενάζειν
405 315 514 348 αὐτοὺς,
532 316 713 344 διαδείκνυσιν
734 315 764 344 εὖ
794 318 865 352 μάλα

77 362 154 392 ποῖος
187 361 262 387 ἔσται
289 361 337 387 καὶ
362 361 423 393 ὅσος
448 363 463 388 ὁ
494 363 645 397 στεναγμὸς
672 363 770 390 αὐτῶν.
799 364 867 391 Φασὶ

76 406 133 442 γὰρ
163 406 213 437 τὰς
233 406 345 440 ἄρκους,
383 407 408 432 εί
440 407 617 434 ἀτεχνωοεῖεν
644 408 696 435 ὑπό
719 417 766 435 του
791 409 867 444 διηρ-

77 450 225 486 πασμένων
238 451 333 482 αὑταῖς
342 450 396 477 τῶν
411 451 558 486 σκυμνίων,
572 452 664 484 δεινῶς
678 452 866 488 ὀλοφύρεσθαι,

77 497 125 523 καὶ
156 496 327 531 πίμπλασθαι
367 496 417 531 μὲν
441 497 562 532 ἀκράτου
597 497 694 533 μανίας
712 518 720 530 ,
756 498 806 534 ὅρη
838 499 867 526 δὲ

77 543 127 569 καὶ
176 542 265 573 νάπας
302 543 490 577 περινοστεῖν,
531 543 579 569 καὶ
620 544 676 575 τοῖς
714 544 868 571 ὑπαντῶσιν

76 588 201 623 ἀσχέτως
227 588 378 623 ὲπιπηδᾷν·
393 589 440 615 καί
463 597 513 615 που
543 589 577 615 δι’
611 589 670 621 ἑνὸς
701 590 755 616 τῶν
784 591 869 625 ἁγίων

77 634 226 670 προφητῶν
247 634 367 661 τοιοῦτόν
389 643 416 661 τι
440 635 577 669 σημαίνει,
597 635 682 670 λέγων
696 636 710 662 ὁ
731 636 784 662 τῶν
801 637 869 664 ὅλων

77 679 145 711 θεὸς
165 678 305 714 περὶ.τῶν
330 679 361 711 ἐξ
389 679 504 713 αἵματος
524 679 642 715 Ἰσραὴλ,
664 680 869 715 ’Υπαντήσομαι

78 725 171 756 αὐτοῖς
185 724 222 756 ὡς
234 724 318 760 ἄρκος
342 724 527 760 ἀπορουμένη,
545 725 693 756 τουτέστιν,
721 725 805 760 ὠμῶς
823 726 870 752 καὶ

77 771 193 806 ἀγρίως.
204 771 237 796 Λὶ
256 770 285 796 δὲ
304 770 463 805 περιστεραὶ
473 770 533 801 ταῖς
550 770 655 796 ἑαυτῶν
669 770 776 801 καλιαῖς
785 770 870 802 ένιζά-

79 824 173 843 voearet:
201 814 408 849 διαγογγύζουσι
424 815 538 850 ωχνῶς,
563 815 610 841 καὶ
628 812 684 842 οἷόν
697 824 756 842 τινα
769 816 870 852 γοερὰν

79 861 219 895 πέμπουσι
244 861 344 894 φωνήν.
370 860 492 887 Τοιοῦτοί
513 869 585 892 τινες
598 861 741 895 γεγόνασιν
758 862 783 888 oi.
805 863 870 889 ‘lou-

917 271 1062 302 uberrime,
1076 269 1164 304 qualis
1183 268 1288 296 futurus
1313 267 1349 295 sit
1364 271 1391 294 et
1408 271 1526 300 quantus
1541 273 1633 293 eorutn
1659 273 1704 299 ge-

917 315 1008 343 mitus.
1027 315 1111 351 834
1129 314 1225 342 Dicunt
1237 314 1308 340 enim
1328 320 1406 340 ursas
1421 313 1442 340 si
1456 312 1557 339 orbata:
1575 311 1630 339 sint
1648 311 1704 339 suis

917 362 1013 389 catulis
1033 370 1046 388 a
1067 361 1193 397 quopiam
1216 361 1266 388 sibi
1287 360 1399 394 ereptis,
1412 359 1531 395 graviter
1554 358 1655 394 lugere,
1677 363 1705 386 et

918 408 1079 442 impoti-nter
1094 409 1134 443 agi
1151 408 1176 434 itt
1191 407 1304 439 rabiem,
1322 412 1429 434 montes
1441 408 1467 433 et
1481 405 1566 433 saltus
1578 405 1706 432 circuire.

918 458 944 480 et
959 453 985 480 in
1009 452 1102 480 obvios
1122 451 1254 480 cﬂ‘renato
1278 452 1377 487 iutpctu
1406 451 1518 478 insilire.
1543 451 1576 478 Et
1595 450 1703 485 quidem

919 499 971 526 tale
1000 499 1124 533 quiddam
1145 499 1332 526 universorum
1360 497 1432 526 Deus
1455 505 1503 533 per
1520 497 1662 532 quemdam
1689 504 1704 523 c

919 545 1022 572 sanctis
1050 544 1189 580 prophetis
1215 544 1359 580 signiﬁcat,
1384 544 1476 571 dicens
1514 544 1546 570 de
1575 543 1705 577 sanguine

920 589 1068 617 Israelitico
1092 589 1230 617 oriundis:
1248 589 1395 616 Occurram
1419 588 1472 615 illis
1484 587 1556 614 velttt
1574 595 1635 614 ttrsa
1660 594 1705 613 or-

920 635 992 668 bata,
1007 635 1033 662 id
1057 640 1110 666 est,
1126 635 1271 662 crudeliter
1283 639 1310 661 et
1330 633 1495 661 immaniter.
1510 633 1645 660 Columba!
1657 639 1704 658 au-

921 687 974 709 tem
994 682 1064 709 nidis
1087 681 1143 708 suis
1167 681 1326 712 insidentes,
1344 680 1458 708 subinde
1484 680 1663 710 murmurant,
1679 682 1705 704 et

921 730 1060 766 lugubrem
1084 730 1160 765 quasi
1177 736 1271 756 vocem
1296 729 1441 764 quamdam
1464 728 1600 754 etnittuttt.
1625 725 1704 752 Tales

922 775 985 802 facti
1004 779 1065 802 sunt
1078 774 1172 802 Judaei.
1191 775 1258 802 Nam
1273 778 1375 801 vastata
1398 780 1491 800 eorum
1515 777 1570 798 tota
1586 771 1704 806 regione,

922 820 1000 848 simul
1018 828 1080 848 cutn
1098 825 1189 848 sancta
1216 820 1334 852 civitate,
1351 817 1498 846 Jerusalem
1521 817 1592 849 dico,
1605 823 1636 843 ac
1649 816 1706 850 ipso

923 866 1022 900 templo
1040 869 1226 899 concremata,
1240 869 1330 892 mente
1344 863 1428 892 ferina
1442 871 1472 890 ac
1487 862 1601 890 belluina
1617 861 1704 889 allecti

78 907 159 933 δαῖον
180 906 389 942 πεπορθημένης
414 906 468 942 γὰρ
483 906 573 933 αὐτῶν
588 907 698 942 ἀπάσης
714 908 764 943 τῆς
778 908 870 944 χώρας

928 917 984 939 tunt
998 912 1024 939 in
1039 919 1088 939 eos
1105 911 1150 946 qui
1165 911 1329 938 sustulerunt
1341 917 1410 942 eam,
1423 913 1504 944 atque
1521 909 1571 936 hoc
1588 908 1624 935 illi
1635 907 1705 934 acci-

79 952 147 987 ὁμοῦ
157 953 190 988 τῇ
202 952 267 987 ἁγίᾳ
283 952 370 984 πόλει,
385 952 457 986 φημὶ
471 952 503 987 δὴ
518 953 551 988 τῇ
568 952 753 989 Ἰερουσαλὴμ,
772 963 871 989 κατεμ-

80 998 250 1034 πρησθέντος
273 998 302 1024 δὲ
320 998 367 1025 καὶ
381 998 464 1025 αὑτοῦ
479 998 526 1025 τοῦ
542 999 616 1031 ναοῦ,
634 999 807 1035 θηριοπρεπῆ
822 1000 870 1035 μὲν

79 1045 174 1080 ἔχουσι
189 1044 312 1080 γνώμην,
324 1044 395 1072 κατὰ
407 1044 461 1070 τῶν
472 1044 614 1080 ᾑρηκότων
627 1045 721 1080 αὑτήν.
735 1045 870 1081 Θρηνοῦσί

80 1099 112 1125 γε
128 1091 182 1125 μὴν
201 1090 339 1118 παθοῦσαν
357 1091 394 1121 ὡς
408 1090 577 1126 περιστεραί.
588 1090 743 1126 Γέγραπται
753 1091 819 1127 γὰρ,
829 1087 870 1118 ὅτι

85 1147 93 1161 ι
109 1137 165 1164 Καὶ
177 1136 282 1163 ἔσονται
291 1136 400 1163 ἐπὶτῶν
411 1136 496 1172 ὀρέων
507 1136 546 1168 ὡς
558 1138 716 1172 περιστεραὶ
729 1137 871 1174 μελετητι-

81 1183 142 1210 καί.
151 1193 162 1209 ι
174 1183 210 1210 Ἦ
219 1183 288 1218 τάχα
302 1191 354 1210 που
371 1183 419 1210 καὶ
432 1183 525 1219 ἔτερόν
537 1192 564 1210 τι
575 1183 741 1220 καταδηλοῦν
751 1185 797 1211 τὸν
806 1194 872 1220 προ-

82 1229 198 1264 φητικὸν
213 1229 242 1255 ἐν
251 1228 354 1260 τούτοις
363 1228 511 1263 οἰησόμεθα
519 1228 607 1263 λόγον.
616 1229 795 1265 Πορεύσονται
806 1231 871 1266 γὰρ,

82 1275 178 1309 φησὶν,
191 1275 229 1307 ὡς
245 1275 328 1311 ἄρκος
340 1276 388 1302 καὶ
401 1276 559 1312 περιστερὰ,
569 1276 704 1308 τουτέστι,
730 1276 873 1312 διαζήσου-

83 1329 126 1347 σιν
143 1321 173 1347 ἐν
190 1321 332 1356 ἀγριότητι
345 1321 401 1354 νοῦ,
419 1322 638 1358 συνεζευγμένης
652 1322 807 1354 ἀσυνεσίας
824 1322 872 1349 καὶ

82 1366 246 1407 ἀγριότητος
270 1367 350 1404 μὲνὴ
369 1368 453 1403 ἄρκος
478 1368 570 1401 εικὼν,
598 1369 659 1404 ἤτοι
686 1368 870 1404 παράδειγμα,

83 1412 213 1447 εὐηθείας
238 1413 266 1440 δὲ
297 1413 344 1441 καὶ
369 1413 513 1445 ἀσυνεσίας
537 1415 554 1449 ἡ
575 1414 732 1450 περιστερά.
758 1414 872 1450 Εἴρηται

84 1455 153 1492 γοῦν
169 1458 232 1494 περὶ
243 1457 290 1484 τοῦ
312 1458 419 1494 Ἰσραὴλ
429 1459 464 1485 δι’
476 1459 535 1490 ἑνὸς
548 1459 602 1485 τῶν
615 1459 700 1493 ἁγίων
715 1459 871 1495 προφητῶν,

85 1504 142 1530 Καὶ
151 1501 184 1538 ἦν
192 1504 309 1540 Ἐφραῒμ
319 1505 467 1540 περιστερὰ
479 1505 569 1537 ἄνους,
580 1506 630 1535 οὐκ
640 1506 736 1541 ἔχουσα
744 1506 855 1542 καρδίαν
864 1514 871 1522 ·

84 1550 239 1586 εὑρήσομεν
253 1551 281 1577 δὲ
293 1552 355 1582 τοὺς
375 1551 517 1583 Ἰουδαίους
538 1551 728 1588 ἀγριομώρους
741 1552 820 1584 ὄντας
833 1561 874 1580 τι-

921 958 992 986 disse
1007 958 1110 992 lugent,
1121 965 1171 986 cett
1182 957 1321 984 columb:c.
1343 955 1476 990 Scriptum
1495 959 1536 981 est
1550 954 1621 980 enitn
1635 962 1641 980 :
1657 953 1705 979 «Et

921 1008 1002 1032 erunt
1028 1004 1055 1031 in
1079 1003 1225 1036 montibus,
1242 1009 1291 1030 ceu
1310 1001 1439 1029 columbae
1459 1000 1634 1036 querulantes
1646 1000 1679 1027 τ’.
1693 1009 1702 1023 ι

922 1050 970 1077 Vel
995 1049 1066 1076 aliud
1094 1049 1222 1084 quiddam
1239 1049 1285 1076 hic
1307 1047 1462 1083 signiﬁcare
1478 1047 1585 1073 videtur
1616 1052 1706 1072 sermo

920 1095 1106 1130 propheticus.
1121 1093 1199 1121 Ibunt
1215 1094 1299 1124 enitn,
1323 1093 1420 1128 inquit,
1437 1099 1485 1119 ceu
1512 1098 1591 1118 ursus
1615 1095 1643 1117 et
1661 1097 1706 1117 co-

921 1141 1022 1174 lutnba,
1044 1140 1070 1168 id
1093 1144 1145 1173 est,
1169 1140 1196 1167 in
1230 1138 1329 1166 mentis
1374 1137 1543 1165 immanitate
1564 1135 1705 1171 conjuncta

922 1194 982 1214 cum
999 1186 1179 1221 imprudentia
1193 1185 1293 1212 vivent.
1311 1183 1380 1211 Ursa
1397 1184 1468 1210 enirn
1482 1181 1666 1213 immanitatis,
1680 1186 1706 1207 at

923 1231 1103 1267 simplicitatis
1117 1235 1144 1259 et
1158 1229 1345 1266 imprudentiae
1358 1230 1445 1264 imago
1459 1233 1485 1255 et
1497 1228 1649 1262 exemplum
1665 1231 1706 1253 cst

922 1277 1056 1305 columba.
1068 1275 1116 1303 Est
1128 1276 1199 1304 enim
1219 1275 1320 1302 dictum
1336 1275 1368 1301 de
1382 1273 1462 1301 Israel
1479 1273 1547 1308 apud
1563 1273 1706 1308 quemdam

922 1331 938 1351 e
962 1322 1065 1351 sanctis
1088 1321 1225 1357 prophetis
1246 1329 1254 1348 :
1277 1320 1310 1348 Et
1338 1325 1397 1347 erat
1424 1318 1551 1354 Epitraim
1582 1318 1706 1346 columba

922 1375 1027 1402 amens,
1043 1375 1096 1395 non
1115 1367 1219 1394 habens
1236 1374 1293 1393 cor.
1312 1365 1482 1392 lttveuiemtts
1498 1367 1588 1390 autem
1600 1362 1706 1390 Judasos

923 1415 1052 1450 quosdam
1066 1421 1127 1442 esse
1152 1413 1303 1442 crudeliter
1324 1411 1419 1440 stultos
1433 1418 1462 1438 re
1479 1418 1551 1438 vera.
1565 1409 1618 1436 Nec
1634 1409 1705 1436 enim

923 1465 964 1488 est
978 1460 1005 1488 in
1018 1459 1071 1487 illis
1082 1459 1239 1487 Christiana
1252 1458 1298 1485 illa
1313 1457 1455 1492 prudentia
1472 1461 1500 1483 et
1517 1454 1706 1492 mansuetudo.

923 1505 1094 1540 Negavcrunt
1107 1504 1178 1531 enim
1193 1504 1280 1539 ipsum
1295 1502 1434 1537 sapientia?
1446 1506 1471 1529 et
1486 1501 1635 1537 prudentia:
1645 1501 1708 1528 sub-

924 1551 1147 1582 ministratorem,
1161 1544 1259 1585 quique
1273 1548 1413 1582 diligentes
1429 1554 1458 1574 se
1482 1546 1569 1574 reddit
1588 1546 1666 1573 miles
1681 1549 1709 1571 et

84 1597 136 1628 νὰς
152 1596 221 1623 κατά
236 1596 374 1631 ἀλήθειαν.
390 1597 427 1623 Οὐ
446 1597 499 1631 γάρ
521 1598 594 1624 ἐστιν
611 1598 641 1624 ἐν
661 1598 753 1630 αὐτοῖς
764 1599 781 1634 ἡ
799 1598 874 1634 παρά

928 1603 1090 1625 mansuetos.
1108 1597 1180 1624 Dixit
1205 1603 1270 1630 ergo
1288 1595 1417 1630 propheta
1439 1593 1570 1620 Jeremias
1587 1592 1620 1619 de
1641 1591 1705 1623 illis,

84 1643 206 1679 Χριστοῦ
217 1643 323 1674 σύνεσις
337 1643 384 1670 καὶ
401 1643 521 1679 πραότης
531 1651 539 1660 ο
556 1644 708 1680 ἠρνήσαντο
727 1644 781 1680 γὰρ
792 1645 872 1672 αὑτὸν

85 1689 186 1723 σοφίας
200 1687 264 1714 ὂντα
293 1688 340 1714 καὶ
357 1689 491 1719 συνέσεως
506 1689 634 1724 χορηγὸν,
650 1689 770 1725 ἡμέρους
783 1698 813 1716 τε
825 1690 872 1717 καὶ

85 1735 194 1770 πράους
218 1734 403 1768 ἀποφαίνοντα
423 1735 485 1766 τοὺς
506 1734 672 1768 ἀγαπῶντας
690 1735 781 1763 αὐτόν.
800 1735 872 1771 Ἔφη

926 1643 1042 1671 alicubi:
1072 1642 1248 1670 «infamatus
1276 1646 1317 1669 est
1343 1640 1432 1668 omnis
1462 1640 1543 1666 homo
1577 1646 1592 1665 a
1618 1637 1710 1673 cogni-

926 1689 999 1717 tione
1007 1689 1041 1716 '°.
1055 1699 1064 1716 ι
1081 1688 1151 1716 Alibi
1167 1695 1279 1715 ntrsus:
1298 1696 1308 1712 ι
1323 1686 1379 1713 Νοη
1403 1686 1471 1713 inest
1489 1684 1541 1712 illis
1564 1683 1709 1719 sapientia,
1724 1694 1730 1699 κ

925 1735 988 1770 quia
1001 1741 1154 1762 sermonem
1169 1733 1275 1760 Domini
1292 1731 1470 1766 rcprobarunt
1483 1731 1516 1757 ⁸³.
1535 1739 1545 1756 ι

85 1782 154 1816 γοῦν
168 1783 183 1809 ὁ
201 1782 344 1817 προφήτης
366 1781 498 1818 Ἱερεμίας
512 1782 576 1818 περὶ
591 1782 681 1809 αὐτῶν
697 1784 762 1810 ποτὲ
781 1783 842 1820 μὲν,
862 1784 904 1810 ὅτι
923 1792 933 1809 ι
945 1782 1105 1818 Ἐμωράνϐη
1126 1782 1180 1812 πᾶς
1196 1779 1338 1815 ἄνθρωπος
1355 1778 1410 1805 ἀπὸ
1428 1777 1563 1812 γνώσεως,
1577 1785 1587 1802 ι
1599 1776 1663 1803 ποτὲ
1681 1775 1710 1802 δὲ

85 1827 183 1860 πάλιν,
196 1837 205 1853 ι
221 1827 258 1854 Οὐ
281 1827 362 1862 σοφία
379 1827 422 1859 τίς
437 1827 511 1854 ἔστιν
527 1828 557 1854 ἐν
573 1828 674 1860 αὐτοῖς,
689 1828 730 1855 ὅτι
745 1829 790 1854 τὸν
809 1829 887 1863 λόγον
902 1828 1005 1863 Κυρίου
1018 1826 1234 1861 ἀπεδοκίμασαν.
1249 1833 1259 1851 ι

130 1873 336 1908 Ἄνεμείναμεν
356 1873 467 1907 κρίσιν,
487 1873 536 1900 καὶ
559 1874 614 1900 οὐκ
640 1873 707 1900 ἐστι
735 1875 876 1909 σωτηρία,

84 1920 208 1955 μακρὰν
225 1919 395 1954 ἀφέστηκεν
410 1919 461 1954 ἀφ’
473 1919 558 1954 ἡμῶν
574 1927 580 1934 ·
601 1919 702 1953 πολλὴ
722 1919 778 1953 γὰρ
795 1920 880 1954 ἡμῶν

89 1966 233 2000 ἡάνομια
260 1965 400 1994 ἐναντίον
421 1972 491 1997 σου,
517 1965 565 1992 καὶ
583 1966 613 1992 al
633 1965 770 1999 ἁμαρτίαι
795 1965 880 2000 ἡμῶν

87 2010 284 2044 ἀντέστησαν
296 2010 369 2045 ἡμῖν
378 2019 385 2025 ·
401 2011 432 2037 al
447 2010 502 2045 γὰρ
516 2010 635 2044 ἀνομίαι
649 2009 734 2044 ἡμῶν
748 2010 783 2036 ἐν
796 2010 878 2044 ἡμῖν,

87 2056 141 2084 καὶ
159 2056 196 2083 τὰ
216 2055 383 2090 ἀδικήματα
401 2055 486 2090 ἡμῶν
507 2055 648 2090 ἔγνωμεν.
665 2055 876 2090 Ἠσεϐήσαμεν,

86 2102 142 2130 καὶ
174 2102 376 2137 ἐψευσάμεθα,
400 2102 449 2129 καὶ
475 2101 648 2136 ἀπέστημεν
669 2101 729 2129 ἀπὸ
753 2101 878 2128 ὄπισθεν

85 2145 145 2172 τοῦ
159 2145 232 2172 Θεοῦ
245 2144 336 2179 ἡμῶν.
359 2145 566 2179 Ἐλαλήσαμεν
578 2145 677 2176 ἄδικα,
696 2145 744 2172 καὶ
759 2144 879 2179 ἠπειθή-

87 2199 190 2226 σαμεν
199 2199 206 2206 ·
234 2191 372 2225 ἐκύομεν,
385 2191 434 2218 καὶ
444 2191 667 2226 ἐμελιετήσαμεν
680 2190 740 2218 ἀπὸ
753 2190 878 2224 καρδίας

964 1873 1045 1901 Vens.
1058 1866 1151 1899 {2-14.
1170 1870 1384 1905 Eupectavimus
1394 1868 1535 1903 judicium,
1549 1872 1573 1895 et
1598 1875 1649 1894 non
1671 1872 1710 1895 est

927 1919 1009 1952 salus,
1027 1917 1118 1953 procul
1132 1917 1234 1945 recessit
1246 1925 1263 1943 a
1281 1916 1364 1943 nobis.
1383 1914 1469 1942 Multa
1482 1914 1549 1941 enim
1566 1919 1603 1941 est
1616 1914 1711 1946 iniqui-

928 1971 968 1992 tas
981 1969 1070 1991 nostra
1083 1964 1110 1991 in
1123 1966 1263 1998 conspectu
1275 1967 1330 1994 tuo,
1343 1966 1367 1988 et
1376 1966 1482 1996 peccata
1504 1963 1593 1987 nostra
1609 1959 1711 1986 restite-

929 2016 988 2038 runt
1008 2011 1091 2037 nobis.
1107 2009 1265 2045 Iniquitates
1279 2008 1346 2035 enim
1364 2012 1460 2034 nostris
1480 2006 1507 2033 in
1531 2005 1615 2038 nobis,
1629 2010 1652 2032 et
1668 2006 1711 2032 itt-

930 2057 1048 2092 iustitia:
1068 2059 1171 2082 nostras
1194 2054 1324 2081 novimus.
1340 2052 1425 2087 Impie
1442 2051 1552 2086 egimus,
1571 2055 1596 2077 et
1611 2050 1712 2077 mentiti

932 2109 1032 2134 sumus,
1049 2106 1072 2128 et
1087 2099 1239 2128 recessimus
1255 2107 1271 2126 α
1287 2098 1341 2126 Deo
1353 2103 1453 2130 nostra,
1472 2097 1551 2123 loculi
1567 2104 1657 2123 sumus
1672 2097 1713 2122 in-

928 2147 1014 2181 justa,
1029 2152 1052 2174 et
1074 2155 1125 2174 non
1140 2145 1310 2173 obedivimus.
1328 2142 1533 2176 Parturittt'mus,
1545 2147 1568 2170 et
1593 2142 1712 2169 meditati
1769 2156 1775 2159 -

930 2200 1019 2220 sumus
1033 2193 1065 2219 de
1079 2193 1156 2220 corde
1169 2197 1258 2219 nostra
1269 2197 1399 2218 sermones
1420 2189 1541 2222 injustas,
1560 2192 1586 2215 et
1604 2187 1713 2214 recessi-

86 2236 177 2272 ἡμῶν
192 2237 304 2270 λόγους
323 2236 456 2269 ἀδίκους,
478 2237 527 2263 καὶ
551 2236 768 2271 ἀπεστήσαμεν
783 2237 877 2263 ὀπίσω

935 2246 993 2265 mus
1007 2247 1022 2265 ιι
1031 2238 1145 2273 judicio,
1163 2243 1187 2266 et
1193 2238 1301 2272 justilia
1315 2235 1405 2270 procul
1417 2235 1530 2262 recessit.

86 2281 150 2316 τὴν
173 2281 284 2315 κρίσιν,
302 2283 350 2308 καὶ
370 2281 389 2315 ἡ
408 2281 586 2316 δικαιοσύνη
605 2282 725 2316 μακρὰν
746 2281 878 2316 ἀφέστη-

86 2335 157 2356 κεν.

135 2373 191 2401 Ἀεὶ
205 2373 355 2409 φιλαλήθης
367 2374 424 2401 ἐστὶ
437 2374 490 2401 τῶν
503 2374 588 2409 ἁγίων
603 2375 750 2411 προφητῶν
765 2377 780 2402 ὁ
791 2375 878 2409 λόγος.

87 2419 177 2448 Λαλεῖ
193 2420 248 2456 γὰρ
263 2422 292 2447 ἐν
308 2421 398 2452 αὐτοῖς
412 2421 461 2456 τῆς
476 2421 604 2456 ἀληθείας
619 2421 650 2448 τὸ
668 2421 786 2456 πνεῦμα,
804 2430 880 2447 τουτ-

89 2465 154 2492 έστι
176 2465 304 2501 Χριστοῦ.
335 2466 442 2501 Ταύτης
465 2466 546 2493 ἕνεκα
570 2467 619 2502 τῆς
639 2468 744 2499 αίτίας,
771 2466 879 2493 ἐπειδὰν

89 2510 227 2537 ποιῶνται
251 2511 361 2546 μνήμην
381 2511 431 2546 τῆς
454 2510 590 2546 ἀποϐολῆς
607 2510 653 2537 τοῦ
669 2511 721 2537 τῶν
747 2511 880 2537 Ἰουδαίων

89 2555 199 2589 ἔθνους,
211 2556 259 2583 καὶ
271 2556 321 2590 τῆς
333 2557 552 2592 ἐπενηνεγμένης
563 2557 654 2588 αὐτοῖς
671 2557 754 2592 ὀργῆς
768 2556 810 2583 διὰ
831 2557 881 2592 τὴν

89 2601 135 2632 εἰς
157 2600 276 2636 Χριστὸν
297 2600 434 2634 ἀσέϐειαν,
450 2601 646 2637 διαμέμνηνται
662 2602 815 2637 χρησίμως,
831 2602 878 2628 καὶ

88 2647 144 2682 τῆς
165 2647 300 2682 ἐσομένης
325 2647 492 2683 ἐπιστροφῆς
515 2647 605 2675 αὐτῶν
632 2648 661 2673 ἐν
683 2647 807 2683 ἐσχάτοις
833 2647 880 2674 τοῦ

89 2691 194 2722 αἰῶνος
218 2693 340 2726 καιροῖς,
360 2691 483 2727 κλήσεώς
495 2701 524 2718 τε
541 2692 591 2728 τῆς
606 2692 635 2718 ἐν
650 2692 759 2728 Χριστῷ
776 2692 819 2719 διὰ
835 2692 882 2719 πί-

91 2747 191 2769 στεως.
220 2738 457 2773 υίκοιιομικώτατα
486 2738 585 2770 τοίνυν,
601 2738 644 2764 ἵνα
664 2739 700 2773 μή
725 2746 766 2769 τις
792 2737 880 2773 οἴηται

89 2783 256 2819 ψευδοεπεῐν
277 2784 327 2819 τὴν
349 2783 487 2819 ἀλήθειαν,
508 2783 607 2815 αὐτοὺς
626 2783 777 2819 εἰσκομίζει
798 2791 880 2818 μετα-

132 2875 155 2891 ⁷⁹
170 2874 223 2903 lsa.
241 2881 298 2907 th,
320 2875 345 2901 ll
398 2875 420 2891 '°
435 2875 536 2903 Jerem.
558 2884 585 2910 x,
604 2875 648 2903 Η.
687 2874 708 2890 “
722 2873 820 2902 Jcrem.
836 2881 893 2906 \‘lll,
909 2873 937 2901 9.

968 2378 1052 2414 835
1083 2378 1197 2412 Semper
1226 2377 1349 2405 veritatis
1372 2383 1467 2404 amans
1495 2379 1536 2403 est
1561 2377 1713 2401 sanctorum

933 2423 1122 2457 prophetarum
1136 2423 1234 2449 oratio.
1251 2421 1382 2456 Loquitur
1400 2422 1472 2449 enim
1497 2420 1562 2455 ipsis
1582 2419 1713 2450 veritatis,

932 2469 957 2496 id
973 2473 1024 2501 est,
1037 2468 1137 2496 Christi
1152 2468 1263 2502 spiritus
1277 2487 1285 2494 .
1303 2468 1358 2495 Hac
1373 2468 1406 2494 de
1430 2474 1521 2500 causa,
1547 2473 1608 2493 cum
1639 2472 1716 2492 men-

933 2516 1033 2543 tionem
1048 2515 1148 2542 faciunt
1165 2514 1318 2548 rejectionis
1336 2513 1458 2541 Judaicae
1486 2512 1583 2547 gentis,
1599 2515 1626 2539 et
1651 2511 1715 2538 illati

933 2558 987 2585 illis
999 2558 1122 2592 supplicii
1135 2562 1246 2593 propter
1259 2557 1424 2592 impietatem
1436 2557 1462 2583 in
1475 2556 1614 2584 Christum
1630 2564 1637 2583 :
1668 2562 1717 2589 op-

933 2608 1048 2638 portune
1060 2607 1274 2630 commemorant
1298 2602 1413 2630 futuram
1445 2610 1538 2629 eorum
1562 2600 1717 2628 conversio-

934 2657 994 2676 nem
1023 2649 1166 2684 postremis
1187 2649 1279 2676 szeculi
1301 2648 1476 2683 temporibus,
1500 2652 1528 2674 et
1549 2646 1717 2675 vocationem

935 2695 961 2722 in
977 2695 1086 2722 Christo
1102 2703 1150 2730 per
1166 2695 1255 2723 ﬁdem.
1273 2693 1478 2728 Appositissime
1497 2693 1600 2726 itaque,
1612 2698 1645 2718 ne
1657 2690 1717 2725 quis

936 2741 1043 2768 ntentiri
1058 2746 1133 2776 ptttet
1154 2742 1307 2774 veritatem,
1335 2746 1381 2767 eos
1398 2738 1502 2766 inducit
1527 2737 1716 2771 resipiscentes

935 2789 961 2812 et
976 2793 1089 2820 persona
1103 2794 1195 2814 eorum
1225 2791 1339 2822 sumpta,
1367 2792 1414 2814 eos
1440 2789 1543 2812 tantum
1577 2789 1630 2809 non
1647 2780 1719 2809 sistit
