1893 3052
169 135 237 166 15ίό

679 133 707 160 S.
728 132 864 161 CYRILLI
884 130 1119 159 ALEXANDRINI
1140 131 1298 159 ARCHIEP.

1735 132 1799 162 iSiG

168 197 224 224 Deo
238 194 377 222 dicentes:
397 191 774 227 Exspectavimusjudicium,
788 195 814 218 et
833 197 885 217 nou
899 193 947 218 est.

1017 188 1210 221 ἰνώσκοντας,
1232 189 1279 215 καὶ
1304 187 1334 214 τὸ
1358 188 1448 215 αὐτῶν
1475 189 1620 224 πρόσωπον
1646 188 1802 218 ἀναλαὸὼν,

166 235 299 268 Iudicium
316 239 408 266 dicunt
424 237 568 272 justitiam,
590 243 638 271 per
658 235 794 263 Christum
816 234 954 267 videlicet,

167 294 248 320 quam
264 293 292 312 se
313 287 472 318 accepturos
499 282 655 316 sperabant.
680 281 732 308 Sed
755 281 826 317 apud
840 287 887 308 eos
902 288 954 308 non

166 330 344 366 estzquippe
368 328 412 363 qui
446 327 506 355 duri
535 331 561 354 et
591 326 756 362 immorigeri
783 325 955 352 exstiterunt.

167 376 228 404 Ideo
242 375 327 402 dicit:
347 373 426 401 Salus
450 372 542 407 procul
571 372 683 400 secessit
716 378 731 398 a
757 371 844 398 nobis.
872 370 954 398 Multa

165 422 238 449 enim
254 426 345 448 nostra
364 420 494 454 iniquitas
509 418 536 445 in
562 421 708 452 conspectu
721 421 778 450 tuo,
803 422 829 444 et
846 422 956 452 peccata

166 473 258 496 nostra
275 467 301 494 in
317 466 394 494 nobis
407 470 479 493 sunt.
498 464 566 493 Cum
578 460 650 492 enim
667 465 693 492 in
709 467 794 491 totum
806 464 957 492 exciderint

170 515 204 541 ab
219 521 250 541 eo
263 513 308 548 qui
323 512 454 548 justiﬁcat
467 518 514 546 per
529 511 619 543 lidem,
636 511 670 538 ab
686 517 719 537 ea
733 510 821 538 salute
835 517 895 544 quae
924 509 958 537 ab

166 560 224 594 ipso
235 565 273 587 est
284 559 376 594 procul
387 559 468 587 etiam
485 558 639 591 abfuerunl,
663 565 725 586 cum
746 564 797 585 non
810 557 959 592 abjecerint

165 607 267 641 pcccati
298 607 512 641 inquinamenta,
539 609 566 633 et
582 605 735 640 iniquitatis
759 604 874 632 crimiua
905 611 957 631 non

109 665 113 670 -
166 653 325 687 deleveriul,
337 653 383 681 sed
400 661 461 680 cum
475 653 570 680 sordes
585 652 648 679 hinc
667 651 718 679 sibi
729 650 802 678 velut
818 650 922 677 infusus
932 654 959 676 et

166 699 310 727 instillatus
324 700 452 727 habeant.
467 699 613 734 Propterea
625 697 724 725 ali-atus
741 701 785 724 est
798 703 846 724 eos
877 696 956 723 Chri-

167 750 238 777 stus,
257 746 352 773 dicens
371 755 377 773 ε
395 755 404 771 Ι
417 746 502 773 Amen
519 745 579 772 dico
590 744 678 778 vobis,
690 743 713 770 si
728 750 779 770 non
790 743 959 770 credideritis

166 791 229 825 quia
244 799 294 825 ego
310 799 382 823 sum,
409 791 435 818 in
452 792 573 826 peccatis
591 790 689 819 vestris
713 789 866 817 moriemini
881 789 925 816 Μ’.
946 799 955 816 ι

167 837 259 871 Itaque
275 837 335 872 quia
352 845 404 864 non
419 837 602 870 crediderunt,
620 837 647 864 in
664 836 788 871 peccatis
800 835 856 864 suis
883 842 958 863 mor-

169 883 205 910 tui
224 888 298 910 sunt.
314 883 418 918 thuia
436 882 610 910 multifariam
631 882 705 916 impii
721 881 833 909 fuerunt
860 885 955 908 contra

166 929 323 961 Christum,
361 929 442 956 etiam
470 929 568 956 horum
604 928 725 964 ipsorum
759 926 958 954 confessionem

166 975 258 1000 eduut.
275 973 342 1000 Nam
369 973 463 1001 dicunt
485 981 492 1000 :
524 972 672 1007 lnjustitias
697 977 803 1000 nostras
825 971 958 1004 novimus,

167 1019 247 1054 impie
261 1020 378 1055 egimus,
406 1025 433 1047 ct
453 1019 557 1046 mentiti
582 1027 685 1052 sumus,
706 1026 737 1046 ac
770 1017 959 1046 recessimus:

166 1065 222 1093 Deo
234 1071 335 1093 nostro.
349 1066 517 1100 lmpietatem
529 1066 601 1093 cnim
615 1066 813 1093 commiserunt
832 1065 902 1092 haud
924 1065 961 1092 fe-

167 1111 460 1143 reudam.tueutieutes
475 1116 570 1138 contra
589 1110 758 1145 majestatem
779 1112 898 1139 omnium
911 1119 960 1138 uo-

166 1162 253 1184 strum
273 1156 426 1184 Servatoris
446 1156 565 1188 Christi,
579 1163 629 1184 nec
645 1156 767 1185 volentes
787 1158 812 1185 ei
833 1157 957 1193 obsequi.

166 1202 335 1230 Conﬁtentur
341 1207 431 1230 autem
441 1209 520 1238 porro
531 1212 537 1230 :
548 1202 641 1230 Loculi
658 1203 866 1239 sumusinjusta,
874 1209 959 1232 etnou

167 1248 344 1275 obedivimus.
357 1247 563 1281 Parturivimus,
573 1249 725 1277 ctmeditati
733 1257 826 1278 sumus
836 1258 868 1278 ex
879 1250 962 1278 corde

167 1298 259 1321 nostro
278 1301 418 1322 set'mones
443 1293 567 1328 injustos.
596 1293 665 1322 Nam
682 1294 778 1330 injusta
799 1296 882 1323 locuti
894 1300 959 1324 sunt

167 1345 260 1367 contra
277 1339 415 1368 Christum
430 1349 438 1368 ς
451 1349 523 1369 nunc
551 1341 688 1370 elevantes
706 1342 764 1377 ejus
786 1342 910 1377 gloriam,
933 1347 961 1370 et

167 1386 296 1414 miracula
319 1387 528 1420 calumniantes,
550 1388 684 1423 dixerunt,
698 1388 724 1416 in
735 1388 878 1417 Beelzebul
892 1388 959 1423 prin-

166 1433 225 1467 cipe
259 1433 451 1461 da‘moniorum
484 1441 546 1461 eum
577 1434 677 1468 ejicere
704 1435 854 1463 daemonia:
887 1443 961 1463 nunc

166 1479 302 1512 parientes
315 1486 330 1506 c
349 1479 431 1507 corde
457 1487 506 1508 suo
527 1487 667 1509 sermones
691 1481 817 1516 iniustos,
842 1488 957 1509 accusa-

1009 234 1150 271 μονονουχὶ
1177 234 1326 270 παρίστησι
1355 233 1415 269 Θεῷ
1433 235 1573 269 λέγοντας·
1608 235 1804 269 ’Λνεμείναμίν

1007 282 1106 316 κρίσιν,
1131 281 1178 311 καὶ
1195 282 1245 308 οὐκ
1259 281 1342 308 ἔστιν.
1368 282 1467 316 Κρίσιν
1489 281 1516 308 δέ
1537 290 1602 316 φασι
1622 281 1673 316 τὴν
1703 281 1804 307 δικαιο-

1008 327 1101 362 σύνην,
1125 327 1174 362 τὴν
1197 327 1240 353 διὰ
1254 327 1374 362 Χριστοῦ
1390 327 1524 362 δηλονότι,
1547 328 1581 363 ἣν
1596 327 1734 363 λήψεσθαι
1755 327 1804 362 μὲν

1007 372 1199 408 προσεδόκουν,
1230 373 1296 408 παρ’
1311 373 1402 405 αὐτοῖς
1421 372 1448 400 δὲ
1463 373 1514 399 οὒκ
1535 373 1604 405 ἔστι,
1630 373 1763 407 γεγόνασι
1776 374 1806 400 ἃ

1009 418 1121 454 σκληροὶ
1151 419 1199 446 καὶ
1224 419 1357 451 ἀπειθεῖς.
1384 419 1433 446 Διά
1460 419 1540 446 τοῦτό
1563 428 1656 455 φησιν,
1680 420 1722 446 ὅτι
1749 420 1806 445 Σω-

1007 467 1088 503 τηρία
1113 466 1402 502 μακρὰνκάφέστηκεν
1428 466 1474 501 ἀφ’
1509 466 1601 502 ἡμῶν.
1638 467 1728 502 Πολλὴ
1750 467 1806 501 γὰρ

1009 513 1087 549 ἡμῶν
1101 514 1117 548 ἡ
1133 513 1233 547 ἀνομία
1251 513 1372 540 ἐναντίον
1394 521 1452 545 σου,
1472 513 1519 540 καὶ
1532 513 1560 540 αί
1575 513 1711 549 ἁμαρτίαι
1725 513 1806 548 ἡμῶν

1009 560 1038 585 ὲν
1058 559 1134 594 ἡμῖν.
1156 558 1263 594 Ἐπειδὴ
1288 558 1342 593 γὰρ
1367 558 1436 590 ὅλως
1458 558 1657 586 ὲκπεπτὼκασι
1687 557 1736 585 τοῦ
1765 558 1806 584 δι-

1010 605 1151 636 καιοῦντος
1166 605 1195 631 ἐν
1215 605 1315 637 πίστει,
1332 605 1442 640 μακρὰν
1456 605 1585 639 γεγόνασι
1601 605 1650 632 καὶ
1665 605 1715 640 τῆς
1739 605 1805 640 παρ’

1010 650 1091 677 αὑτοῦ
1104 651 1250 686 σωτηρίας,
1263 651 1314 677 οὐκ
1331 650 1514 683 ἀποϐαλόντες
1529 651 1579 687 τῆς
1592 652 1732 687 ἁμαρτίας
1742 652 1806 683 τοὺς

1011 696 1175 731 μολυσμοὺς,
1192 697 1241 723 οὐκ
1255 697 1474 732 ἀποτριψάμενοι
1497 697 1546 733 τῆς
1569 698 1686 732 ἀνομίας
1703 698 1739 724 τὰ
1759 699 1806 732 ὲτ-

1010 742 1148 777 κλήματα,
1157 742 1215 769 ἀλλ’
1229 739 1285 769 οἷον
1300 743 1497 778 ὲντετηγμένον
1509 744 1603 774 αὐτοῖς
1616 744 1662 770 τὸν
1677 743 1807 770 ἐντεῦθεν

1010 788 1116 823 ἔχοντες
1141 789 1236 824 ῥύπον.
1253 788 1303 816 Διὰ
1318 788 1398 816 τοῦτο
1413 789 1586 824 προσεφώνει
1606 789 1696 823 λέγων
1712 789 1808 820 αὐτοῖς

1009 836 1024 862 ὁ
1045 836 1171 871 Χριστὸς,
1189 845 1198 862 ι
1210 835 1295 871 Ἀμὴν
1317 835 1390 870 λέγω
1407 836 1483 871 ὑμῖν,
1501 836 1543 862 ὅτι
1567 835 1617 862 ὲὰν
1638 836 1676 870 μὴ
1694 835 1808 862 πιστεύ-

1012 889 1088 916 σητε,
1113 882 1155 908 ὅτι
1174 881 1230 915 ὲγὼ
1252 882 1320 916 εἰμὶ,
1344 882 1373 908 ὲν
1396 883 1458 913 ταῖς
1476 882 1625 918 ἁμαρτίαις
1642 881 1721 916 ὑμῶν
1737 882 1807 908 ἀπο-

1012 926 1146 953 Θανεῖσθε.
1162 937 1171 952 ι
1190 926 1294 953 Οὐκοῦν
1306 927 1456 962 ἐπειδήπερ
1470 927 1501 954 οὐ
1521 927 1754 957 πεπιστεύκασιν,
1766 928 1808 953 ὲν-

1011 972 1146 1000 απέθανον
1158 974 1219 1004 ταῖς
1235 973 1383 1008 ἁμαρτίαις
1399 973 1498 1000 αὐτῶν·
1513 973 1606 1009 ἐπειδὴ
1620 973 1650 999 δὲ
1673 973 1807 1007 πολυτρό-

1011 1027 1071 1051 πως
1097 1019 1311 1054 δεδυσσεϐήκασι
1343 1019 1414 1046 κατά
1444 1019 1583 1055 Χριστοῦ,
1614 1020 1663 1046 καὶ
1702 1019 1808 1046 τούτων

1011 1065 1100 1092 αὐτῶν
1115 1064 1255 1092 ποιοῦνται
1267 1064 1316 1099 τὴν
1323 1065 1525 1101 ἐξομολόγησιν.
1535 1066 1605 1093 Φασὶ
1618 1066 1686 1102 γὰρ,
1707 1066 1751 1092 ὃτι
1768 1066 1807 1093 Τὰ

1011 1111 1167 1147 ἀδικήματα
1193 1111 1272 1147 ἡμῶν
1292 1111 1425 1147 ἔγνωμεν,
1442 1112 1629 1148 ἠσεϐήσαμεν,
1655 1113 1705 1139 καὶ
1725 1113 1807 1148 ἐψευ-

1012 1158 1185 1194 σάμεθα,καὶ
1196 1158 1354 1194 ἀπέστημεν
1371 1159 1426 1185 ἀπὸ
1440 1159 1552 1186 ὄπισθεν
1564 1160 1612 1186 τοῦ
1625 1159 1696 1186 Θεοῦ
1714 1159 1806 1195 ἡμῶν.

1017 1204 1170 1240 Ἠσέὸησαν
1197 1204 1252 1239 γὰρ
1275 1205 1305 1232 οὺ
1333 1204 1459 1240 φορητῶς
1486 1205 1730 1240 καταψευσάμενοι
1757 1205 1806 1240 τῆς

1010 1250 1090 1286 δόξης
1116 1250 1164 1277 τοῦ
1197 1251 1307 1278 πάντων
1331 1251 1410 1287 ἡμῶν
1435 1252 1562 1287 Σωτῆρος
1590 1252 1730 1288 Χριστοῦ,
1759 1253 1806 1279 καὶ

1011 1296 1180 1328 ἀποστάντες
1203 1296 1250 1323 τοῦ
1265 1296 1352 1323 Θέλειν
1367 1297 1577 1324 κατακολουθεῖν
1599 1298 1689 1333 αὐτῷ.
1713 1299 1806 1335 Προσ-

1011 1341 1172 1376 ομολογοῠσι
1187 1341 1225 1372 δὲ,
1253 1341 1294 1368 ὅτι
1326 1342 1511 1377 Ἐλαλήσαμεν
1530 1342 1627 1374 ﬁnus,
1653 1343 1704 1370 καὶ
1723 1344 1805 1378 ἠπει-

1012 1387 1146 1423 Θήσαμεν,
1166 1387 1294 1423 ὲκύομεν,
1319 1389 1367 1416 καὶ
1385 1388 1593 1424 ἑμελετήσαμεν
1614 1389 1670 1415 ἀπὸ
1689 1389 1805 1425 καρδίας

1011 1432 1089 1468 ἡμῶν
1103 1431 1198 1467 λόγους
1222 1433 1344 1464 ἀδίκους.
1367 1433 1464 1460 Ἀδικα
1482 1433 1537 1470 γὰρ
1551 1433 1720 1471 λελαλήκασι
1735 1437 1804 1463 κατὰ

1011 1478 1141 1514 Χριστοῦ·
1158 1479 1222 1506 ποτὲ
1245 1479 1296 1514 μὲν
1321 1478 1376 1515 γὰρ
1397 1479 1571 1516 διασύροντες
1592 1481 1677 1507 αὑτοῦ
1694 1481 1745 1517 τὴν
1761 1483 1804 1509 δό-

167 1530 312 1557 runteum.
326 1525 538 1559 Samaritanum,
555 1530 582 1553 et
604 1527 813 1560 daemoniaeum,
841 1527 947 1554 edoneu

1017 1525 1071 1559 Ξαν,
1090 1526 1138 1552 καὶ
1159 1525 1348 1558 διαϐάλλοντες
1368 1526 1417 1558 τὰς
1440 1527 1600 1563 θεοσημίσς,
1624 1528 1759 1563 ἔφασκον,
1776 1531 1803 1557 ὲν

166 1574 194 1597 et
210 1571 391 1606 vinipmorem
417 1572 475 1600 ausi
501 1573 652 1603 nominare.
680 1573 874 1608 Sycophantiis
893 1580 956 1601 eum

166 1617 365 1652 prosciderunt,
380 1618 467 1647 Pilato
480 1620 605 1654 praeside,
633 1619 753 1648 dicentes
767 1629 774 1647 :
807 1630 817 1647 ι
831 1620 958 1648 Coucitat

167 1663 271 1696 turbas,
294 1668 321 1691 et
348 1669 421 1691 vetat
451 1665 552 1692 tributa
579 1665 645 1693 dare
667 1665 766 1693 Caesari
795 1666 851 1693 ⁸¹.›
874 1666 958 1701 836

166 1709 312 1744 Propterea
330 1710 443 1738 dicunt:
461 1710 635 1739 Recessimus
647 1719 662 1739 a
677 1711 733 1740 Deo
757 1716 860 1745 nostro,
872 1712 956 1740 locuti

165 1763 258 1783 sumus
272 1755 384 1791 iniusta.
419 1761 446 1784 et
463 1764 516 1784 non
535 1757 704 1786 obedivimus
717 1767 724 1786 :
739 1759 948 1793 parturivimus,

165 1806 192 1829 et
209 1802 330 1829 meditati
346 1810 441 1830 sumus
456 1810 488 1830 ex
504 1803 586 1831 corde
599 1808 692 1832 nostro
719 1811 861 1833 sermones
884 1804 956 1838 inju-

165 1852 233 1881 stos,
251 1852 279 1875 et
289 1849 454 1876 recessimus
467 1856 482 1875 a
497 1848 610 1884 judicio,
625 1853 653 1878 et
672 1848 777 1884 iustitia
794 1849 887 1885 procul
911 1857 956 1878 re-

164 1895 258 1927 cessit,
276 1895 302 1922 id
319 1900 371 1928 est,
386 1895 551 1931 projecimus
562 1895 707 1931 justitiam,
722 1900 750 1924 et
778 1895 852 1924 velut
880 1900 954 1932 terga

164 1939 297 1971 dedimus.
310 1948 371 1968 eam
396 1941 523 1969 aversati.
554 1941 660 1971 Idcirco
681 1941 775 1974 procul
802 1942 917 1971 recessit
939 1949 955 1970 ο

163 1987 252 2014 nobis.
270 1986 316 2015 Hae
326 1992 390 2015 sunt
402 1988 484 2022 igitur
501 1995 582 2017 voces
605 1989 792 2024 paenitentiam
806 1988 953 2024 agentium,

162 2037 190 2060 et
215 2041 231 2065 ξ
256 2034 365 2062 Christo
395 2035 609 2063 misericordiam
631 2036 819 2070 quatrentium.
846 2036 954 2064 Etenim

163 2087 207 2107 res
221 2081 349 2108 salutaris
364 2085 418 2114 est,
435 2081 606 2115 resipiscere,
627 2085 654 2108 et
674 2080 833 2108 delictorum
843 2080 953 2109 confes-

162 2126 253 2154 siones
278 2131 373 2161 aperte
390 2126 480 2153 edere.
494 2125 630 2160 Scriptum
655 2129 697 2153 est
711 2127 782 2154 enim
798 2135 805 2154 :
829 2135 838 2152 ι
851 2127 898 2154 Dic
925 2131 952 2154 tu

163 2174 321 2208 iniquitates
360 2177 420 2200 tuas
446 2172 529 2207 prior.
555 2176 586 2199 ut
614 2172 771 2207 justifieeris
790 2172 824 2199 ⁸³.
842 2182 852 2199 ι
880 2172 953 2200 Dixit

146 2013 161 2028 ο

1008 1573 1170 1605 Βεελζεϐοὺλ
1193 1573 1304 1608 ἄρχοντι
1319 1574 1374 1600 τῶν
1395 1574 1542 1610 δαιμονίων
1560 1575 1707 1602 ἐκϐάλλειν
1722 1577 1802 1604 αὐτὸν

1007 1618 1042 1645 τὰ
1057 1618 1200 1653 δαιμόνια,
1217 1619 1284 1646 ποτὲ
1302 1619 1331 1646 δὲ
1347 1620 1394 1647 καὶ
1408 1621 1548 1652 τίκτοντες
1563 1621 1618 1647 ἀπὺ
1633 1621 1685 1656 τῆς
1699 1622 1802 1648 ἑαυτῶν

1008 1664 1120 1700 καρδίας
1136 1665 1231 1699 λόγους
1257 1665 1366 1697 ἀδίκους
1377 1673 1384 1680 ·
1409 1667 1616 1702 κατηγόρευσαν
1635 1667 1694 1703 γὰρ
1710 1669 1800 1700 αὐτοῦ,

1007 1709 1181 1746 Σαμαρείτην
1191 1711 1239 1737 καὶ
1251 1710 1434 1746 δαιμονῶντα,
1449 1713 1538 1746 φάγον
1551 1721 1581 1739 τε
1591 1713 1640 1740 καὶ
1658 1714 1802 1748 οἰνοπότην

1006 1756 1139 1791 ὀνομάσαι
1151 1757 1348 1792 τολμήσαντες,
1364 1759 1619 1794 σεσυκοφαντήκασι
1632 1759 1662 1786 δὲ
1694 1760 1742 1786 καὶ
1757 1760 1801 1786 ἐπὶ

1006 1803 1123 1834 Πιλάτου
1147 1803 1284 1837 λέγοντες,
1300 1804 1343 1831 ὅτι
1360 1813 1369 1830 ι
1381 1804 1517 1832 Ἀνασείει
1540 1806 1606 1838 τοὺς
1623 1805 1734 1841 ὄχλους,
1755 1807 1801 1833 καὶ

1006 1849 1106 1877 κωλύει
1123 1849 1222 1885 φόρους
1245 1850 1345 1877 διδόναι
1361 1851 1491 1887 Καίσαρι.
1507 1860 1517 1877 ι
1544 1851 1593 1878 Διά
1606 1852 1688 1879 τοῦτό
1707 1861 1799 1887 φασιν,

1005 1895 1047 1922 δτι
1065 1904 1074 1921 ι
1086 1895 1258 1931 Ἀπέστημεν
1275 1897 1330 1923 ἀπὸ
1351 1897 1463 1924 δπισθεν
1481 1897 1529 1924 τοῦ
1543 1897 1611 1925 Θεοῦ
1631 1898 1725 1934 ἡμῶν,
1741 1899 1800 1926 ἐλα-

1005 1939 1129 1975 λήσαμεν
1154 1939 1254 1972 ἄδικα,
1286 1941 1334 1968 καὶ
1362 1942 1572 1978 ήπειθήσαμεν·
1596 1943 1726 1980 ὲκύομεν,
1754 1944 1800 1970 καὶ

1005 1987 1212 2023 ὲμελετήσαμεν
1237 1987 1291 2016 ἀπὸ
1313 1988 1428 2023 καρδίας
1451 1989 1529 2024 ἡμῶν
1557 1989 1655 2024 λόγους
1680 1990 1797 2021 ἀδικίας,

1005 2034 1051 2060 καὶ
1076 2034 1272 2070 ἀπεστήσαμεν
1292 2034 1381 2061 ὀπίσω
1396 2035 1446 2070 τὴν
1464 2034 1566 2071 κρίσιν,
1582 2036 1629 2062 καὶ
1652 2037 1669 2072 ὴ
1696 2036 1799 2063 δικαιο-

1005 2080 1072 2115 σύνη
1090 2081 1199 2116 μακρὰν
1208 2081 1357 2117 ἀφέστηκε,
1372 2091 1381 2108 ι
1393 2082 1544 2116 τουτέστιν,
1562 2083 1720 2120 ὲῤῥίψαμεν
1733 2091 1797 2110 κατ-

1003 2127 1065 2154 όπιν
1089 2128 1139 2163 τὴν
1167 2127 1350 2163 δικαιοσύνην,
1380 2129 1427 2155 καὶ
1453 2125 1509 2156 οἷον
1537 2129 1611 2156 νῶτα
1639 2129 1796 2164 δεδώκαμεν

1004 2173 1226 2208 ἀποστραφέντες
1247 2173 1342 2209 αὐτήν.
1359 2174 1406 2200 Διά
1419 2174 1500 2201 τοῦτο
1514 2175 1626 2212 μακρὰν
1641 2176 1796 2212 ἀφέστηκε-ι

161 2221 252 2248 etiam-
267 2218 373 2246 divinus
400 2218 506 2246 Psaltcs
525 2227 532 2246 :
553 2227 563 2245 ι
579 2218 649 2251 Dixi.
665 2219 839 2247 Anuuntiabo
857 2223 947 2246 contra

1017 2218 1051 2252 ιφ¹
1073 2218 1163 2253 ὴμῶν.
1189 2215 1275 2246 Ait-rat
1295 2219 1327 2255 δὴ
1340 2217 1388 2246 οὖν
1408 2221 1612 2255 μετανοούντων
1629 2222 1731 2256 φωναὶ.
1751 2223 1795 2249 καὶ

162 2273 204 2292 me
234 2264 403 2298 iniquitatem
432 2271 518 2291 meam
542 2264 655 2293 Ι)οωίηο
679 2274 686 2291 :
715 2269 743 2292 et
772 2269 798 2292 tu
823 2264 953 2292 remisisti

162 2311 326 2346 impietatem
342 2310 429 2337 cordis
444 2310 494 2337 mei
506 2310 538 2337 ".
559 2319 569 2336 ι

1007 2263 1161 2298 ζητούντων
1186 2264 1319 2291 ἐλεεῖσθαι
1349 2265 1424 2300 παρὰ
1447 2266 1577 2301 Χριστοῦ.
1602 2267 1707 2303 Χρῆμα
1736 2267 1788 2301 γὰρ

1010 2309 1144 2344 σωτήριον
1157 2309 1188 2335 τὸ
1203 2310 1406 2345 μετανοεῖν,καὶ
1416 2311 1463 2342 τὰς
1478 2311 1533 2338 τῶν
1545 2312 1793 2348 πλημμελημάτων

160 2357 307 2393 ὁμολογίας
321 2356 457 2383 ποιεῖσθαι
477 2357 581 2392 σαφῶς.
602 2357 758 2392 Γέγραπται
775 2357 839 2392 γὰρ,
857 2366 866 2382 ι
886 2356 956 2390 Λέγε
975 2355 1006 2382 σὺ
1026 2355 1076 2386 τὰς
1103 2356 1216 2391 ἀνομίας
1247 2365 1294 2383 σου
1316 2357 1433 2393 πρῶτος,
1459 2358 1502 2385 ἵνα
1514 2358 1674 2393 δικαιωθῇς.
1695 2368 1704 2384 ι
1724 2358 1792 2392 Ἔφη

159 2405 188 2431 δὲ
210 2404 257 2430 καὶ
273 2403 287 2430 ὁ
308 2402 450 2435 θεσπέσιος
467 2403 603 2439 Μελῳδός·
621 2414 630 2430 ι
647 2402 730 2435 Εἶπα,
752 2403 940 2439 Ἐξαγορεύσω
954 2402 1014 2429 κατ’
1029 2402 1096 2437 ἐμοῦ
1115 2402 1164 2438 τὴν
1181 2402 1297 2438 ἀνομίαν
1317 2412 1368 2438 μου
1384 2403 1423 2439 τῷ
1444 2404 1549 2440 Κυρίῳ,
1569 2404 1617 2431 καὶ
1632 2405 1665 2431 σὺ
1686 2404 1794 2439 ἀερῆκας

159 2452 208 2487 τὴν
221 2451 347 2478 ἀσέϐειαν
360 2451 409 2486 τῆς
425 2451 539 2487 καρδίας
558 2460 621 2487 μου.
640 2461 649 2477 ι

194 2521 383 2549 VsusJS-ii).
404 2520 475 2554 Quia
497 2525 650 2556 consumpta
678 2521 753 2548 estin
777 2521 825 2548 viis
857 2528 946 2547 eorum

157 2568 261 2600 ueritas,
274 2572 296 2594 et
311 2572 380 2594 recta
398 2568 483 2594 uenire
497 2575 548 2594 non
564 2571 695 2601 poterant.
729 2566 832 2594 Veritas
860 2572 946 2593 autent

158 2613 258 2640 sublata
273 2618 323 2646 est,
336 2616 360 2640 et
373 2613 562 2640 transtulerunt
579 2618 704 2645 mentem,
718 2620 749 2639 ne
762 2612 945 2646 intelligerent

159 2658 190 2685 Et
208 2658 272 2685 vidit
291 2657 431 2690 Dominus,
454 2663 477 2684 el
509 2666 560 2684 non
579 2658 676 2692 placuit
704 2657 736 2689 ei,
752 2657 813 2692 quia
828 2664 877 2682 non
889 2661 946 2683 erat

152 2703 291 2737 judicium.
310 2703 342 2730 Et
356 2703 431 2736 vidit,
441 2707 466 2729 et
486 2711 536 2729 non
559 2708 615 2729 erat
644 2703 693 2735 τίν,
710 2707 732 2728 et
762 2702 944 2733 cousirleravil,

153 2754 177 2777 cl
197 2758 248 2777 nou
263 2754 320 2777 erat
337 2750 382 2784 qui
403 2749 561 2784 defenderet.
581 2748 613 2774 Et
633 2748 704 2775 ultus
732 2754 768 2774 est
782 2756 823 2774 eos
837 2747 943 2774 brachio

189 2873 222 2888 °"
241 2872 320 2901 .lnau.
381 2880 400 2904 I,
415 2871 460 2898 Ἡ.
500 2871 522 2886 δ’
539 2870 602 2899 Luc.
625 2878 702 2904 tum,
723 2871 748 2897 Ξ.

1036 2519 1100 2545 "Ou
1117 2519 1314 2555 κατηναλώθη
1332 2521 1366 2548 ἐν
1382 2521 1444 2555 τοῖς
1463 2521 1544 2555 ὁδοῖς
1563 2521 1665 2549 αὐτῶν
1681 2522 1701 2555 ἦ
1718 2521 1790 2555 ἀλή-

999 2567 1072 2598 θεια,
1090 2565 1139 2591 καί
1154 2565 1191 2592 δι’
1207 2566 1325 2600 εὐθείας
1340 2568 1396 2594 οὐκ
1408 2567 1561 2601 ἠδύναντο
1571 2567 1685 2596 ἐλθεῖν.
1701 2568 1755 2595 Καὶ
1771 2567 1790 2600 ἡ

998 2612 1123 2646 ἀλήθεια
1136 2609 1232 2647 ἦρται,
1246 2614 1295 2639 καὶ
1304 2614 1498 2648 μετέστησαν
1508 2614 1564 2648 τὴν
1576 2614 1725 2646 διάνοιαν,
1739 2613 1789 2641 τοῦ

998 2658 1181 2691 συνειδέναι,
1203 2659 1253 2686 καί
1271 2657 1331 2686 εἶδε
1343 2660 1460 2694 Κύριος,
1477 2660 1524 2687 καὶ
1538 2662 1595 2688 οὐκ
1611 2660 1726 2694 ἤρεσεν
1741 2660 1789 2686 αὐ-

999 2703 1050 2736 τῷ,
1066 2705 1110 2730 ὅτι
1121 2706 1176 2731 οὐκ
1189 2703 1227 2739 ἦν
1242 2705 1351 2738 κρίσις.
1366 2706 1422 2733 Καὶ
1437 2704 1498 2733 εἶδε
1511 2706 1560 2733 καί
1574 2707 1631 2733 οὐκ
1646 2703 1687 2741 ἦν
1703 2704 1787 2739 ἀνὴρ.

1000 2750 1048 2777 καὶ
1063 2751 1239 2785 κατενόησε,
1253 2751 1302 2777 καί
1316 2752 1370 2778 οὐκ
1388 2750 1426 2787 ἦν
1441 2753 1457 2779 ὁ
1472 2751 1726 2786 ἀντιληψόμενος.
1736 2749 1787 2778 Καί

807 2870 828 2885 ³³
844 2871 894 2899 Ιειι,
914 2878 990 2903 XLIII,
1008 2871 1052 2898 “2'3.
1095 2871 1115 2887 ⁸⁸
1131 2871 1206 2899 Psal.
1223 2881 1297 2905 uxr,
1320 2873 1343 2899 fi.
