1893 3052
66 164 131 192 1547
632 159 664 186 ΙΝ
685 159 799 187 ISAIAM
820 159 885 188 LIB.

63 227 196 259 ἠμύνατο
209 222 321 254 αὐτοὺς
330 221 371 254 τῷ
380 221 520 255 βραχίονι
532 209 636 255 aurati,
651 220 699 248 καί
714 220 751 255 τῇ
765 221 850 255 ὲλεη-
864 225 887 254 Α

61 272 191 307 μοσύνῃ,
238 270 276 305 (l)
288 269 481 303 ὲστηρίσατο,
495 268 545 295 καὶ
560 267 725 296 ἐνεδύσατο
739 267 849 295 δικαιο-

63 317 173 350 σύνην,
191 317 232 349 ὡς
241 315 367 349 θώρακα,
383 314 431 342 καὶ
449 314 599 349 περιέθετο
615 315 852 349 περικεφαλαίαν

62 363 211 396 σωτηρίου
223 361 273 388 ἐπι
287 360 342 395 τῆς
355 360 500 395 κεφαλῆς.
517 360 572 386 Καὶ
587 360 778 395 περιεϐάλετο
788 360 852 395 ἰμά-

62 416 126 434 τιον
139 406 333 440 ἐκδικήσεως,
352 406 401 433 καὶ
415 407 615 441 περιϐόλαιον,
633 405 673 438 ὡς
686 404 854 432 ἀνταποδώ-

61 462 126 481 σων
142 452 357 484 ἀνταπόδοσιν,
374 452 489 485 ὄνειδος
501 451 563 484 τοῖς
582 452 782 484 ὑπεναντίοις.
796 452 851 478 Καὶ

62 499 284 534 φοϐηθήσονται
301 500 327 526 cl
340 498 399 525 ἀπὸ
420 497 543 533 δυσμῶν
566 497 600 524 τὸ
620 497 714 532 ὄνομα
729 497 851 531 Κυρίου,

906 160 937 188 ν.
959 159 1076 188 TOMUS
1096 160 1140 188 IV.
1633 162 1700 190 lBiB

902 230 966 255 suo,
980 227 1003 249 et
1027 222 1206 248 misericordia
1226 220 1380 249 suslenlavil
1393 242 1399 249 .
1414 220 1448 247 Et
1467 222 1574 249 indultis
1599 228 1637 250 es!
1655 225 1699 259 ju-

906 268 989 300 m'tia,
1004 268 1082 301 quasi
1095 267 1188 300 lorica,
1203 272 1226 294 et
1239 267 1409 294 circumdedit
1420 268 1493 302 galea
1506 268 1600 295 salutis
1612 277 1698 303 eripui,

907 319 932 342 et
954 315 1065 341 amictus
1087 318 1125 341 est
1147 314 1299 341 indumento
1325 314 1447 342 cindirtw
1478 314 1622 350 pol/inque,
1640 319 1700 342 tan-

908 369 988 396 quam
1013 361 1119 387 ulturus
1143 360 1266 395 probrum
1281 360 1506 389 adversariorum.
1529 359 1562 387 Et
1577 361 1702 388 timebunt

907 407 934 433 hi
943 406 988 442 qui
998 407 1029 433 ab
1041 406 1172 434 occidente
1182 412 1253 440 sum,
1263 415 1354 434 nomen
1364 406 1505 439 Domini,et
1515 407 1701 441 quiaborienu

907 458 968 480 sunt
981 473 988 486 ,
1003 461 1096 480 nomen
1109 453 1262 488 gloriosum.
1285 452 1374 480 Veniet
1387 454 1454 480 enim
1470 461 1593 488 tanquam
1606 454 1701 488 ﬂuvius

908 500 1035 527 violentus
1057 500 1098 527 ira
1124 499 1242 535 Domini,
1272 500 1354 527 ueniet
1380 494 1439 526 cuin
1458 499 1557 532 furore.

63 547 109 573 καί
118 547 145 572 οι
158 546 215 573 ἀπὸ
222 545 378 573 ἀνατολῶν
389 545 422 572 τὸ
433 545 526 580 ὄνομα
534 544 567 571 τὸ
581 545 717 577 ἔνδοξον.
727 545 806 577 Ἥξει
814 544 869 580 γὰρ
879 545 919 580 ὡς
930 546 1165 582 ποταμὸςβίαιος
1180 547 1199 581 ἠ
1212 545 1284 580 ὀργὴ
1294 546 1413 580 Κυρίου,
1426 545 1493 580 ἥξει
1508 545 1584 580 μετὰ
1595 545 1698 580 θυμοῦ.

95 591 337 627 Διαμνημονεύσας
350 591 364 617 ὁ
379 591 532 628 προφήτης,
551 588 587 618 ὢν
602 591 709 626 ἐροῦσιν
720 593 748 618 ἐν
759 591 849 627 καιρῷ

61 638 184 673 κλήσεως
203 636 292 664 αὐτῶν
310 638 333 663 οἱ
352 637 382 670 ἐξ
408 636 530 671 Ἰσραὴλ,
548 636 686 668 αἰτοῦντες
711 637 786 672 παρὰ
801 636 848 662 τοῦ

61 683 128 710 Θιοῦ
149 683 197 710 καὶ
222 682 328 717 Πατρὸς
351 682 400 716 τῆς
423 682 468 709 διὰ
491 682 611 718 Χριστοῦ
637 683 776 718 σωτηρίας
800 681 849 717 τὴν

61 729 151 764 χάριν,
176 728 320 764 μεθίστησι
342 728 422 755 πάλιν
443 728 506 760 τοὺς
525 728 620 762 λόγους
639 729 678 759 είς
702 727 734 754 τὸ
752 727 849 755 ἑαυτοῦ

60 775 217 811 πρόσωπον,
236 775 284 801 καὶ
302 774 482 809 καταγορεύει
495 774 548 801 τῶν
568 774 598 806 ἐξ
617 774 734 811 Ἰσραὴλ,
749 774 850 810 μᾶλλον

59 822 86 849 δὲ
103 823 235 854 συναινεῖ,
261 822 303 848 ὅτι
323 821 452 856 γεγόνασι
474 822 597 857 πονηροὶ,
618 821 666 848 καὶ
683 821 848 854 ἀποστάται,

60 869 106 896 καὶ
129 869 180 904 τῆς
207 868 336 903 ἀληθείας
353 868 463 904 ἐχθροί·
490 855 686 904 διῖσχυρίζεται
703 868 731 894 δὲ
751 868 848 902 λέγων,
867 855 889 885 Β

61 916 101 941 ὃτι
134 914 321 950 Κατηναλώθη
345 915 362 949 ἡ
388 913 501 949 ἀλήθεια
523 914 552 940 ὲν
570 915 630 946 ταῖς
652 914 721 946 ὁδοῖς
740 914 829 941 αὐτῶν
842 936 850 947 ,

59 961 197 993 τουτέστι,
235 961 375 995 μονονουχὶ
407 959 609 995 δεδαπάνηται,
648 960 694 987 καὶ
734 960 849 987 εῑσάπαν

59 1007 156 1042 ᾤχετο.
174 1007 213 1035 Οὑ
229 1007 283 1042 γάρ
300 1004 333 1042 ἦν
350 1006 419 1037 ὅλως
443 1007 472 1032 ὲν
486 1007 543 1038 τοῖς
563 1006 653 1040 ἔργοις
674 1006 764 1033 αὐτῶν
786 1007 851 1042 ἀλή-

59 1053 280 1085 θειαητουτέστι.
295 1052 345 1087 τῆς
360 1051 490 1086 ἀληθείας
509 1053 523 1078 ὁ
545 1051 637 1087 νόμος.
653 1051 704 1078 Διά
723 1051 801 1079 τοῦτο
817 1052 851 1079 δι’

59 1099 169 1130 εὐθείας
183 1099 233 1125 οὐκ
248 1097 379 1133 ήδὺναντο
394 1096 555 1124 διελθείν¹οί
566 1097 622 1132 γὰρ
635 1097 702 1128 ὅλως
716 1096 851 1132 διολισθή-

59 1153 158 1176 σαντες
178 1144 224 1170 τοῦ
240 1143 338 1170 ειδέναι
358 1143 388 1170 τὸ
403 1141 614 1169 πολιτεύσασθαι
639 1143 787 1178 συννόμως,
805 1143 852 1170 καὶ

60 1192 133 1219 κατά
147 1199 179 1226 γε
194 1191 225 1217 τὺ
243 1192 278 1226 τῇ
295 1190 410 1226 ἀληθείᾳ
437 1189 542 1223 δοκοῦν,
557 1188 672 1225 ἀλήθεια
690 1189 718 1216 δὲ
735 1191 749 1216 ὁ
771 1189 852 1225 νόμος

58 1237 107 1264 τοῦ
131 1236 201 1264 Θεοῦ
222 1236 379 1271 ὠνόμασται
395 1235 545 1271 πανταχοῦ,
564 1235 625 1268 πῶς
638 1235 672 1262 ἂν
688 1234 770 1271 ἦλθον
785 1236 851 1262 εὐθὺ

62 1283 112 1310 τοῦ
129 1284 298 1319 πρέποντοςς
315 1282 332 1318 ἢ
345 1281 405 1314 πῶς
420 1282 451 1308 οὐ
467 1281 614 1317 καμπύλας
643 1281 690 1308 καὶ
706 1282 855 1318 διεστραμ-

60 1330 147 1365 μένας
169 1329 302 1364 ἐσχήκασι
324 1328 374 1360 τὰς
393 1327 482 1361 ὁδούς;
505 1327 666 1364 omnes;
688 1327 717 1354 δὲ
740 1327 786 1354 καὶ
808 1327 852 1354 λέ-

57 1385 130 1410 γων,
148 1376 190 1403 ὅτι
206 1376 238 1402 Ἠ
251 1374 364 1411 ἀλήθεια
378 1372 471 1411 ἦρται,
487 1375 534 1401 καὶ
549 1374 718 1410 μετέστησαν
735 1375 785 1409 τὴν
798 1373 855 1401 διά-

58 1431 138 1449 νοιαν
174 1421 221 1448 τοῦ
261 1421 396 1453 συνιέναι,
422 1420 604 1448 διαδείκνυσιν
638 1420 679 1447 ὃτι
715 1419 854 1450 παντελῶς

57 1467 247 1503 ἁπεφοίτηκεν
260 1467 349 1494 αὐτῶν
363 1467 380 1503 ή
393 1467 518 1503 ἀλήθεια,
536 1467 584 1493 καὶ
603 1466 774 1501 μετέστησαν
794 1465 854 1492 ὀλο-

58 1515 172 1550 τρὸπως
187 1514 232 1540 τοῦ
248 1513 380 1540 δύνασῦαί
395 1522 425 1540 τε
443 1513 564 1540 συνιέναι
581 1512 636 1539 τῶν
653 1512 801 1539 τελούντων
815 1512 855 1544 εις

59 1560 212 1596 σωτηρίαν.
235 1559 338 1592 Ταῦτα,
372 1560 466 1595 φησὶν,
481 1556 534 1586 εἶδε
547 1559 659 1595 Κύριος,
675 1558 779 1585 καὶούκ
794 1558 859 1594 ἦρε-

59 1615 109 1634 σεν
122 1606 208 1642 αὐτῷ.
230 1606 268 1632 Οὐ
284 1606 338 1642 γὰρ
352 1603 387 1642 ἦν
407 1606 474 1642 παρ’
501 1605 592 1638 αὐτοῖς
609 1605 708 1641 κρίσις,
723 1605 858 1638 τουτέστι,

57 1652 256 1686 δικαιοκρισία,
278 1652 326 1679 καὶ
345 1652 436 1688 νόμος.
458 1650 533 1679 Εἶταο
553 1652 697 1684 Τεϐέαται,
713 1651 792 1687 φησὶ,
810 1651 858 1678 καὶ

58 1701 111 1728 οὐκ
127 1698 162 1736 ἦν
180 1700 260 1736 ἀνὴρ,
283 1700 431 1735 κατενόησε
442 1699 489 1726 καὶ
501 1699 550 1725 οὐκ
562 1696 596 1734 ἦν
605 1699 619 1724 ὁ
634 1697 856 1733 ἀντιληψόμενος,

66 1746 180 1781 Ἐπειδὴ
195 1746 250 1781 γάρ
279 1746 337 1772 ἐστι
355 1744 566 1779 φιλοικτίρμων,
589 1743 627 1775 ὡς
651 1743 717 1775 Θεὸς
738 1743 856 1778 ἀνίησιν,

58 1793 119 1820 ἔσθ’
146 1793 200 1826 ὅτε,
224 1792 272 1819 καὶ
296 1791 436 1827 ὁλοκλήρῳ
452 1791 529 1818 πόλει
545 1790 718 1826 ὶγκλήματα,
741 1790 774 1817 δι’
796 1791 845 1817 ἕνα

58 1838 111 1866 καὶ
135 1838 215 1874 μόνον
228 1837 374 1873 εὑρεθέντα
391 1837 495 1863 δίκαιον
509 1836 538 1862 ἐν
555 1836 624 1871 αὐτῇ
634 1844 642 1852 ·
661 1836 708 1862 καὶ
723 1835 790 1870 γοῦν
803 1836 856 1871 ἐφη

58 1885 106 1912 διὰ
125 1884 218 1919 φωνῆς
235 1883 370 1918 Ἰερεμίου
383 1890 389 1897 '
417 1892 426 1908 ι
446 1882 636 1918 Περιδράμετι
660 1882 690 1908 ὲν
713 1882 773 1914 ταῖς
787 1881 856 1914 ὁδοῖς

66 1929 258 1966 Ἰερουσαλὴμ,
273 1929 319 1956 καὶ
335 1929 472 1964 ζητήσατε
488 1929 516 1955 ὲν
530 1929 590 1960 ταῖς
603 1928 744 1960 πλατείαις
758 1927 855 1963 αὐτῆς,

58 1976 111 2003 καὶ
125 1975 195 2002 ἴδετε
209 1974 241 2001 ἂν
256 1974 356 2010 εὕρητε
372 1973 467 2009 ἀνδρα.
479 1974 504 1999 εί
518 1973 577 2000 ἐστι
595 1972 680 2000 ποιῶν
698 1973 800 2006 πίστιν,
809 1973 856 1999 καὶ

58 2022 182 2058 ἀγαπῶν
194 2021 279 2054 ἔλεος,
295 2021 342 2048 καὶ
351 2021 430 2052 ἵλεως
441 2020 538 2055 ἔσομαι
549 2019 629 2056 αὐτῇ,
642 2019 716 2054 λέγει
723 2018 835 2055 Κύριος.
843 2028 852 2045 ι

64 2069 221 2105 ’Υπέσχετο
239 2069 267 2096 δὲ
288 2069 334 2096 καὶ
357 2067 484 2103 Σοδόμοις
501 2067 550 2102 τὴν
571 2066 616 2093 διὰ
643 2065 729 2102 πυρὸς
745 2065 856 2100 ἀνήσειν

58 2117 187 2147 κόλασιν,
204 2115 228 2142 εί
245 2114 325 2141 πέντε
342 2114 463 2146 δικαίους
475 2113 555 2148 ἔσχον
571 2113 636 2147 παρ’
649 2112 766 2144 ἑαυτοῖς,
778 2119 855 2138 τουτ-

57 2163 150 2196 έστιν,
168 2162 198 2187 ἐν
211 2161 314 2196 ἑκάστῃ
332 2159 409 2186 πόλει
434 2158 536 2186 δίκαιον
548 2158 606 2184 ἕνα.
624 2158 779 2192 Κατενδησε
798 2156 854 2184 τοί-

61 2218 123 2242 νυν,
139 2208 217 2244 φησὶ,
232 2207 281 2234 καὶ
294 2207 345 2233 οὐκ
364 2203 398 2241 ἦν
417 2206 497 2241 ἀνὴρ,
511 2205 561 2231 οὐκ
577 2202 611 2240 ἦν
633 2204 647 2230 ὁ
670 2203 854 2239 ἁντιληψόμε-
871 2217 894 2246 ι)

57 2264 119 2287 νος.
142 2255 172 2281 ⁸0
196 2254 251 2289 γὰρ
277 2252 381 2285 δίκαιος
403 2252 448 2278 τὸν
471 2251 542 2278 θεῖον
564 2250 735 2282 κατευνάσας
758 2250 853 2285 θυμὸν,

58 2302 110 2328 καὶ
126 2301 249 2336 ἀρκέσας
263 2299 343 2334 μόνος
355 2299 393 2330 είς
413 2306 446 2332 γε
459 2298 491 2324 τὸ
507 2297 638 2324 δύνασθαι
662 2296 855 2332 καταπραῧναι

56 2346 143 2377 θεὸν,
167 2344 399 2380 ἀντιλαμϐάνεται
415 2344 524 2375 πάντως
539 2343 661 2376 ἐκείνων,
686 2343 757 2378 ὑπὲρ
771 2339 808 2370 ὧν
823 2342 856 2369 ἃν

57 2393 192 2428 προσάγῃ
204 2391 254 2422 τὰς
261 2391 346 2422 λιτάς.
356 2390 432 2417 Ἐπεὶ
447 2389 476 2416 δὲ
490 2387 524 2425 ἧν
538 2388 658 2422 τοιοῦτος
677 2389 774 2421 οὐδεὶς,
787 2388 858 2424 ἠμύ-

56 2447 129 2466 νατο
151 2438 261 2469 αὐτοὺς,
289 2437 367 2472 φησὶ,
391 2436 429 2471 τῷ
449 2435 571 2472 βραχίονι
592 2436 694 2468 αὐτοῦ,
722 2435 856 2468 τουτέστι,

57 2487 95 2520 τῇ
114 2483 240 2520 δυνάμει,
270 2483 433 2520 ὲστηρίσατο
459 2482 488 2508 δὲ
504 2482 552 2509 καὶ
568 2483 601 2518 τῇ
623 2482 802 2518 ἐλεημοσύνη
829 2481 859 2508 οὐ

56 2532 119 2567 γὰρ
142 2529 284 2567 ὁλόῤῥιζον
301 2529 390 2557 ἀνεῖλε
403 2529 449 2556 τὸν
469 2528 590 2564 Ἰσραὴλ,
608 2529 713 2555 σέσωκε
729 2529 756 2555 δὲ
771 2529 855 2556 κατά-

57 2577 171 2612 λειμμα
186 2575 379 2610 φιλάνθρωπος
402 2573 450 2606 ὢν,
466 2574 515 2600 καὶ
530 2574 588 2605 τοῖς
601 2573 688 2608 ἁγίοις
702 2573 792 2600 αὐτῶν
805 2582 857 2600 πα-

57 2623 165 2656 τράσιν
190 2621 293 2657 ἀψευδῆ
306 2621 443 2656 τετήρηκε
456 2620 505 2656 τὴν
523 2620 679 2656 ὑπόσχεσιν.
696 2617 760 2646 Εἷτά
775 2627 859 2655 φησιν

57 2671 76 2696 ὸ
87 2666 411 2704 προφήτης,ὃτιΘώρακα
432 2667 480 2702 μὲν
492 2666 644 2698 ἐνεδύσατο,
678 2665 817 2700 περιέθετο
831 2664 859 2691 δὲ

59 2714 285 2751 περικεφαλαίαν
314 2714 362 2741 καὶ
375 2713 483 2749 ῑμάτιον
495 2713 673 2749 ἐκδικήσεως,
688 2712 727 2744 ὡς
739 2712 857 2739 ἀνταπο-

101 2816 124 2832 ⁸⁸
143 2814 244 2843 Jcrem.
261 2822 287 2848 v,
306 2815 330 2842 l.

105 2907 145 2944 ll)
163 2907 262 2936 Vocula
287 2900 481 2939 ﬁdesideratur
498 2905 524 2932 in
540 2905 584 2932 ed.
598 2903 680 2931 LXX.

938 593 1004 621 Cum
1012 594 1142 628 propheta
1152 593 1404 621 commemoraverit
1411 596 1477 627 qua:
1490 598 1610 627 tempore
1619 601 1700 620 voca—

904 640 1047 668 tionissuze
1054 640 1144 667 dicent
1151 640 1417 674 Israeliue,petentes
1426 639 1459 666 ab
1468 639 1526 674 ipso
1534 640 1587 666 Deo
1593 639 1701 667 etPntre

903 686 1016 721 gratiam
1024 684 1118 712 salutis
1126 693 1172 720 per
1179 685 1328 713 Christum:
1337 685 1363 712 in
1373 692 1515 720 personam
1523 693 1598 712 suam
1607 693 1700 712 rursus

902 732 1053 759 oralionem
1062 730 1191 758 transfert
1200 736 1225 758 et
1234 735 1343 758 accusat
1352 730 1498 762 lsraelitas,
1511 731 1566 757 imo
1573 731 1701 758 ammltet
1748 758 1755 765 ,

903 777 1295 812 comprobat,eteosmaloset
1309 781 1448 812 apostatas
1470 781 1551 811 atque
1576 777 1700 806 Veritatis

902 823 1026 850 inimicos
1036 830 1095 850 esse
1112 822 1264 855 conﬁrmat,
1278 823 1386 850 dicens:
1400 822 1565 857 Consumpta
1575 827 1616 850 est
1629 822 1700 850 veri-

905 874 945 898 tas
959 869 986 897 in
1003 869 1054 897 viis
1070 877 1176 901 eorum,
1187 869 1212 896 id
1227 873 1444 903 cst,lantumnon
1456 869 1541 896 deleta
1552 873 1625 896 estet
1637 869 1700 896 fun-

905 916 977 943 ditus
995 916 1085 950 periit.
1101 915 1157 942 Non
1172 915 1244 943 enim
1270 921 1329 942 erat
1348 915 1401 942 ulla
1419 916 1445 942 in
1460 915 1587 950 operibus
1604 923 1698 942 eorum

904 962 1016 993 veritas,
1028 961 1054 988 id
1070 966 1122 994 est,
1139 961 1182 988 lex
1194 961 1437 990 veritatis.ldcireo
1451 969 1499 996 per
1510 966 1612 989 rectam
1626 962 1697 988 viam

905 1016 958 1035 non
976 1011 1122 1042 potuerunt
1139 1007 1267 1035 transire.
1287 1007 1339 1041 Qui
1352 1008 1424 1034 enim
1441 1007 1553 1034 omnino
1574 1015 1607 1035 ex
1631 1007 1698 1042 legis

905 1059 932 1081 et
951 1053 1074 1081 veritatis
1102 1053 1261 1088 praescripto
1289 1053 1372 1080 vitam
1411 1053 1551 1081 instituere
1575 1054 1698 1081 nesciunt

907 1100 1019 1134 (veritas
1030 1104 1119 1128 autem
1133 1100 1175 1128 lex
1189 1099 1236 1128 Dei
1247 1099 1347 1138 ublqye
1357 1100 1551 1134 nuncupatur),
1563 1100 1698 1134 quomodo

905 1147 987 1182 837
1001 1151 1073 1174 recta
1088 1146 1120 1174 ad
1139 1147 1268 1174 decorum
1297 1146 1459 1174 transeant?
1483 1147 1538 1174 imo
1564 1147 1698 1181 quomodo

907 1201 960 1220 non
973 1193 1097 1228 obliquas
1112 1198 1138 1220 et
1150 1193 1279 1221 distortae
1297 1193 1355 1221 vias
1369 1193 1530 1221 habuerint?
1544 1193 1612 1221 Cum
1624 1193 1698 1221 addit

907 1239 1008 1267 etdicit
1021 1247 1027 1266 :
1042 1233 1146 1267 Vcriias
1172 1239 1276 1268 sublata
1297 1244 1348 1273 est,
1361 1244 1389 1268 et
1405 1242 1600 1268 transtulerunt
1621 1248 1697 1267 meu-

909 1291 973 1317 lem,
994 1294 1028 1314 ne
1053 1286 1253 1322 intelligerent;
1273 1287 1399 1320 ostendit,
1415 1286 1440 1314 in
1457 1292 1540 1314 totum
1556 1286 1696 1313 veritatem

907 1332 941 1359 ab
954 1332 1006 1359 illis
1019 1332 1204 1364 recessisse,et
1212 1340 1259 1360 eos
1273 1332 1383 1360 omnino
1399 1337 1516 1360 mentem
1529 1332 1697 1360 transtulisse

908 1382 937 1404 ut
952 1377 1015 1412 quid
1039 1377 1071 1405 ad
1096 1378 1208 1406 salutent
1226 1378 1329 1406 faceret
1342 1386 1394 1406 non
1420 1378 1609 1414 intelligerent.
1630 1378 1697 1406 llinc

907 1423 990 1450 dicit:
1003 1422 1077 1450 Vidit
1097 1423 1229 1451 Dominus
1244 1428 1269 1451 et
1293 1431 1346 1450 non
1371 1423 1395 1451 ei
1414 1423 1531 1458 placuit;
1556 1432 1607 1450 non
1624 1424 1696 1451 enim

909 1474 967 1496 erat
980 1470 1049 1504 apud
1062 1476 1109 1496 eos
1119 1469 1263 1505 judicium,
1274 1469 1629 1504 idest,justumjudiciumet
1642 1470 1695 1498 ler.

910 1514 1019 1546 Deinde,
1033 1514 1155 1550 Aspexit,
1172 1515 1269 1550 inquit,
1296 1521 1323 1543 et
1341 1523 1392 1543 nOn
1406 1520 1466 1542 erat
1482 1516 1532 1548 vir,
1544 1516 1697 1544 considera-

911 1561 959 1592 vit,
972 1564 999 1587 et
1014 1568 1066 1587 non
1082 1565 1141 1587 erat
1163 1560 1299 1590 defensor.
1319 1560 1384 1588 Nam
1401 1561 1529 1596 quoniam
1544 1561 1697 1589 misericors

908 1611 961 1638 est,
975 1613 1004 1634 ut
1019 1606 1101 1639 Deus,
1119 1607 1233 1634 remittit
1251 1607 1386 1634 interdum
1401 1607 1534 1634 universae
1547 1607 1629 1634 etiam
1656 1607 1698 1634 ci—

908 1653 985 1680 vitati
1000 1653 1124 1687 crimina,
1143 1658 1254 1689 propter
1269 1661 1353 1681 unum
1367 1653 1470 1686 solum,
1484 1654 1530 1688 qui
1553 1654 1580 1680 in
1598 1661 1629 1681 ea
1651 1653 1697 1688 ju-

910 1703 969 1727 stus
1000 1699 1126 1727 inventus
1149 1705 1202 1726 est.
1217 1698 1355 1734 Siquidem
1367 1699 1434 1727 dixit
1459 1707 1524 1727 voce
1550 1699 1696 1727 Jeremiae:

911 1745 1047 1773 (Cursate
1074 1745 1101 1772 in
1127 1745 1178 1773 viis
1202 1745 1361 1777 Jerusalem,
1388 1749 1415 1772 et
1432 1745 1583 1780 qumritein
1603 1745 1697 1778 plateis

907 1791 975 1826 ejus,
989 1797 1016 1819 et
1033 1790 1124 1819 videte
1141 1798 1174 1818 an
1192 1790 1316 1818 invenire
1329 1791 1439 1825 possitis
1453 1790 1551 1823 virum,
1567 1790 1613 1825 qui
1635 1790 1699 1816 facit

908 1838 1000 1872 ﬁdem,
1011 1842 1039 1864 et
1054 1837 1141 1873 diligit
1154 1836 1379 1868 misericordiam,
1393 1843 1425 1864 ac
1439 1837 1572 1871 propitius
1583 1844 1631 1863 ero
1646 1836 1696 1868 illi,

907 1883 974 1911 dicit
990 1883 1119 1912 Dominus
1131 1883 1165 1910 ⁸⁸.
1181 1893 1191 1910 ›
1205 1882 1336 1910 Promisit
1360 1882 1423 1910 item
1438 1882 1562 1911 Sodomis
1586 1890 1615 1910 se
1628 1883 1697 1916 ignis

907 1929 1067 1964 supplicium
1099 1929 1151 1957 illis
1183 1929 1381 1960 remissurum,
1407 1927 1429 1955 si
1465 1929 1584 1962 quinque
1610 1927 1697 1963 justos

907 1975 977 2010 apud
997 1981 1027 2003 se
1044 1974 1214 2008 habuissent,
1229 1975 1255 2002 id
1270 1979 1322 2007 est,
1335 1974 1525 2009 unumjustum
1542 1974 1567 2001 in
1578 1981 1697 2009 unaque-

907 2030 959 2056 que
973 2021 1092 2049 civitate.
1107 2020 1298 2049 Consideravit
1310 2019 1401 2055 igitur,
1419 2020 1516 2055 inquit,
1533 2023 1559 2047 et
1571 2027 1623 2047 non
1638 2024 1698 2047 erat

907 2068 959 2100 vir,
974 2075 1026 2094 non
1040 2072 1100 2095 erat
1123 2067 1169 2103 qui
1186 2066 1355 2094 defenderet.
1376 2065 1469 2097 Justus
1482 2066 1554 2093 enim
1579 2073 1640 2093 cum
1653 2065 1695 2092 fu-

907 2121 995 2141 rorem
1018 2115 1111 2146 sedet,
1131 2117 1158 2142 et
1183 2114 1256 2141 sol‘us
1281 2113 1371 2140 valeat
1398 2112 1482 2140 Deum
1498 2112 1617 2147 placare,
1637 2111 1698 2139 ilios

907 2166 1014 2194 semper
1027 2159 1156 2192 defendit,
1173 2166 1223 2194 pro
1235 2158 1334 2194 quibus
1351 2166 1448 2194 preces
1468 2157 1608 2186 obtulerit.
1624 2158 1698 2191 Quo-

908 2205 981 2232 niam
999 2212 1062 2232 vero
1089 2205 1177 2233 nullus
1202 2205 1333 2240 ejusmodi
1366 2210 1435 2238 erat,
1461 2205 1608 2232 vindicavit
1636 2212 1692 2236 eos,

907 2251 1006 2286 inquit,
1021 2251 1132 2278 brachio
1159 2259 1220 2284 suo,
1244 2251 1270 2279 id
1289 2255 1342 2281 est.
1354 2251 1483 2286 potentia,
1499 2255 1525 2279 et
1538 2252 1699 2278 sustentavit

909 2295 1105 2323 misericordia.
1119 2294 1177 2323 Non
1192 2296 1264 2323 enim
1281 2297 1413 2324 radicitus
1425 2296 1537 2324 sustulit
1558 2295 1696 2328 lsraelem,

910 2341 958 2369 sed
970 2341 1104 2368 humanus
1116 2347 1177 2367 cum
1191 2341 1237 2372 sit,
1250 2341 1379 2375 reliquias
1404 2341 1533 2373 servavit,
1550 2345 1576 2368 et
1597 2341 1699 2367 sanctis

911 2389 1031 2423 ipsorum
1044 2387 1168 2422 patribus
1183 2387 1263 2414 iidem
1279 2388 1368 2414 datam
1381 2395 1444 2415 vere
1461 2388 1589 2415 servavit.
1614 2386 1696 2414 Dein-

912 2435 945 2462 de
955 2433 1084 2470 propheta
1098 2433 1134 2460 ait
1150 2440 1158 2460 :
1179 2433 1291 2460 lnduttts
1315 2437 1358 2460 est
1390 2432 1485 2466 lorica,
1506 2438 1534 2460 et
1553 2433 1628 2470 galea
1643 2433 1697 2460 cir-

912 2481 1055 2510 cumdatus
1065 2485 1118 2514 est,
1133 2487 1165 2507 ac
1176 2479 1334 2507 indumento
1347 2479 1483 2511 vindictae,
1503 2485 1630 2514 tanquam
1658 2480 1699 2506 ul-

913 2533 990 2556 turus
1017 2529 1144 2563 probrum
1169 2526 1411 2559 adversariorum;
1447 2530 1549 2553 tantum
1565 2534 1617 2553 non
1648 2526 1699 2552 im-

908 2578 1064 2609 peratorem
1080 2577 1174 2601 contra
1202 2579 1249 2600 eos
1266 2571 1367 2599 factum
1394 2579 1453 2598 esse
1470 2571 1536 2598 dicit
1559 2571 1686 2598 universo

910 2629 969 2648 rum
995 2621 1089 2653 Deum,
1116 2625 1255 2648 armatura
1285 2619 1459 2649 instructum,
1476 2622 1503 2645 et
1535 2618 1572 2644 rei
1597 2617 1699 2644 bellicas

910 2674 1034 2702 gnarum.
1051 2666 1153 2700 Quibus
1178 2666 1266 2694 verbis
1292 2668 1339 2693 Ira:
1362 2669 1457 2693 contra
1485 2664 1545 2691 illos
1570 2663 1698 2697 impetum

911 2712 1041 2741 declarat.
1057 2712 1165 2741 Restitit
1177 2713 1249 2740 enim
1264 2711 1317 2740 illis
1332 2710 1519 2746 Omnipotens,
1533 2710 1576 2737 cui
1603 2709 1700 2737 luerim
