1893 3052
173 133 237 163 ιδιυ
683 132 712 159 s.
733 131 870 159 crmLu
890 130 1124 159 Atexauuntm
1144 131 1303 160 meumr.
1751 134 1816 161 1520

170 196 269 223 dictum
286 199 344 222 est:
359 193 419 222 «Tu
436 193 562 221 terribilis
573 197 647 225 cs.ct
659 193 718 227 quis
739 193 846 221 resistet
860 194 908 221 tibi
935 194 965 221 ah

1037 194 1114 221 ώσων
1127 195 1305 221 ἀνταπόδοσιν
1318 193 1418 225 ὕνειδος
1442 195 1497 226 τοῖς
1521 194 1706 226 ὑπεναντίοις.
1730 195 1816 222 Μόνον

171 242 211 270 ira
223 246 269 270 tua
283 242 307 257 ⁸⁸
320 242 346 268 2»
361 240 499 276 Supplicio
508 246 596 267 autem
609 240 805 273 Judaeisillato,
835 241 965 268 timebuut

1039 240 1074 276 ἀρ
1086 240 1146 275 οὐχὶ
1161 240 1338 275 πολεμάρχην
1353 240 1404 275 ἔφη
1419 240 1481 267 τινὰ
1493 241 1622 274 γενέσθαι
1649 241 1713 267 κατ’
1726 241 1817 268 αὐτῶν

171 288 215 323 qui
232 288 266 315 ab
283 287 429 315 Occidente
440 292 514 319 sunt,
525 291 552 314 et
580 286 625 321 qui
654 286 688 314 ab
718 285 844 319 Oriente,
864 293 963 314 nomen

1037 285 1064 311 ἐν
1075 285 1131 311 τῶν
1145 285 1213 311 ὅλων
1223 285 1302 316 Θεὸν,
1318 285 1483 320 παντευχίαν
1498 285 1606 320 ἔχοντα,
1620 286 1667 314 καὶ
1682 283 1713 312 εὖ
1727 286 1818 312 εἰδότα

169 335 328 370 gloriosum.
358 332 456 360 Veniet.
484 333 574 366 enim,
600 333 692 361 veniet
708 353 715 366 ,
739 333 845 367 inquit,
869 337 963 360 contra

1037 331 1054 358 ὰ
1070 331 1197 359 τακτικά.
1221 331 1346 357 Δείκνυσι
1360 331 1387 357 δὲ
1406 331 1449 357 διὰ
1463 331 1566 357 τούτων
1586 331 1637 366 τῆς
1660 332 1706 358 ἐπ’
1726 332 1818 362 αὐτοῖς

169 379 290 407 inﬁdeles
304 380 355 411 ira,
370 378 452 406 veluti
483 378 696 406 violentissimus
729 378 840 413 quidam
863 377 961 406 ﬂuvius

1037 378 1104 413 ργῆς
1118 377 1168 412 τὴν
1184 377 1278 411 ἔφοδον
1290 385 1297 392 ⁵
1311 378 1478 411 ἀντετάξατο
1489 378 1543 413 γὰρ
1563 378 1656 409 αὐτοῖς
1677 378 1693 404 ὁ
1712 378 1819 404 παναλ-

169 426 276 461 rapiens
291 425 393 458 omnia,
405 430 432 452 et
452 429 506 452 tam
525 424 620 459 rapido
643 423 715 451 ﬂuxu
728 425 876 451 decurrens
894 428 922 451 ut
933 423 958 452 ei

1037 425 1075 459 ης,
1098 423 1166 459 πρὸς
1187 424 1216 451 ὃν
1235 424 1344 459 εἴρηται
1362 423 1483 455 δικαίως⁴
1502 433 1511 448 ι
1527 424 1563 450 Σὺ
1581 423 1697 459 φοϐερὸς
1711 421 1749 454 εἰ,
1770 424 1818 449 καὶ

171 472 261 499 resisti
276 479 329 498 non
343 471 440 506 possit.

1039 469 1251 504 ςὰντιστήσεταί
1260 477 1301 496 σοι
1311 469 1366 496 ἀπὸ
1379 469 1430 504 τῆς
1442 469 1527 505 ὀργῆς
1547 478 1593 496 σου
1604 478 1611 502 ;
1624 479 1633 495 ι
1645 470 1815 504 Ἑτεεντμιεγ⁸

172 518 259 553 μένων
285 518 313 545 δὲ
339 518 396 549 τοῖς
421 517 559 549 Ἰουδαίοις
594 515 648 543 τῶν
678 509 883 552 κολιίστηρίων,
913 515 1114 552 Φοϐηθήσονται
1132 516 1157 542 oi
1178 515 1233 542 ἀπὸ
1253 515 1363 551 δυσμῶν
1393 515 1440 542 καὶ
1463 515 1600 543 ἀνατολῶν
1622 515 1654 542 τὸ
1675 515 1763 549 δνομα
1785 522 1816 546 τ)

170 564 284 596 ἔνδοξον.
300 563 377 596 Ἥξει
398 563 462 600 γὰρ,
481 563 552 598 ἥξει,
575 564 652 599 φησὶ,
677 563 749 590 κατὰ
775 564 829 591 τῶν
865 563 1074 599 ἀπειθησάντων
1107 564 1124 598 ὴ
1152 562 1237 598 ὀργὴ,
1277 562 1403 598 καθάπερ
1428 571 1470 594 τις
1497 562 1650 597 βιαιότατος
1678 562 1803 596 ποταμὸς

170 613 259 640 πάντα
276 611 449 648 κατασύρων,
472 612 520 639 καὶ
541 611 732 648 ἀπρόσϐλητον
754 612 824 647 ἔχων
857 612 906 648 τὴν
921 612 975 639 τῶν
994 612 1122 648 ναμάτων
1137 611 1305 646 καταφορὰν.

207 660 288 687 Vens.
303 658 403 691 90,21.
421 658 456 685 Et
472 659 555 686 veniet
570 664 680 694 propter
698 660 765 688 Sion
782 660 919 694 liberator,
939 665 963 687 et

169 706 254 741 838
284 709 383 732 avertet
406 705 553 736 impietate;
569 714 585 732 a
613 705 708 733 Iacob.
733 705 767 732 Et
779 707 828 733 hoc
844 706 898 733 illis
927 711 965 733 Ie-

170 757 324 780 stametuum
337 759 354 778 a
364 759 415 782 me,
428 751 491 777 dicit
509 751 647 780 Dominus.
668 751 785 786 Spiritus
802 759 873 778 meus
886 756 923 779 est
937 752 963 778 in

171 803 204 832 te,
217 803 240 824 et
259 797 334 824 verba
359 805 428 829 mea,
444 804 503 831 quia
515 804 562 832 ego
579 797 657 831 posui
673 797 759 824 inore
775 802 833 829 tuo,
849 805 900 825 non
917 799 964 825 de-

170 842 254 877 ﬁcient
269 843 301 869 de
315 850 359 869 ore
376 847 433 874 tuo,
451 846 474 868 et
490 849 523 869 ex
543 849 588 869 ore
600 842 704 869 seminis
718 843 767 869 lui.
792 842 866 870 Dixit
893 844 963 871 enim

172 889 297 915 Dominus
314 887 432 920 deinceps
448 892 471 914 et
485 887 512 915 in
529 888 667 916 saxulum.

204 977 238 1006 Ut
255 977 281 1005 in
299 978 420 1014 proxime
441 977 625 1012 superioribus
659 977 707 1005 irae
727 977 826 1006 Judaais
843 978 967 1013 irrogata:

177 1024 280 1051 diserte
294 1023 426 1055 meminit,
441 1028 470 1050 ut
498 1022 544 1057 qui
561 1022 656 1050 ducem
672 1024 733 1051 vitta
763 1023 965 1057 interfecerunt,

169 1076 197 1097 et
214 1071 239 1098 in
266 1070 456 1097 universorum
493 1069 667 1097 Scrvatorem
693 1077 725 1098 ac
753 1069 964 1105 Redemptorem

171 1116 253 1152 impie
278 1115 400 1143 bacchati
424 1119 503 1142 sunt:
533 1108 630 1143 deinde
651 1115 733 1143 etiam
751 1115 814 1149 illis,
833 1116 966 1151 posterio-

171 1160 246 1187 ribus
277 1158 442 1194 temporibus
479 1158 691 1187 misericordiam
716 1164 744 1187 et
771 1160 965 1188 humanitatem

171 1205 263 1232 datum
290 1204 322 1232 iri
353 1204 478 1240 przedixit
498 1203 590 1231 :dixit
623 1205 695 1232 enim
723 1215 730 1232 :
756 1205 790 1233 Et
820 1206 966 1234 vindicavit

171 1258 218 1278 eos
233 1250 346 1278 brachio
370 1257 429 1283 suo,
459 1255 487 1277 et
517 1250 702 1278 misericordia
729 1251 901 1284 sustentavit,
925 1252 966 1280 sic

171 1296 223 1323 hoe
242 1302 351 1330 quoque
371 1294 432 1323 loco
449 1295 526 1329 dicit,
556 1295 676 1323 furorem
697 1296 804 1324 Domini
839 1301 965 1332 tanquam

173 1346 322 1369 torrentem
335 1340 480 1376 quemdam
495 1340 693 1369 intolerabilem
712 1346 740 1369 et
766 1342 966 1377 rapidissimum

173 1387 200 1416 in
214 1395 263 1415 eos
275 1388 468 1417 descensurum
484 1396 490 1414 :
507 1393 535 1415 et
557 1388 592 1415 de
619 1388 810 1416 benedictione
835 1389 966 1417 extremis

174 1433 264 1462 saeculi
277 1434 443 1469 temporibus
466 1433 507 1461 eis
534 1433 622 1462 danda
654 1435 737 1462 verba
761 1433 837 1462 facit.
868 1435 967 1463 Veniet

174 1479 247 1508 enim
262 1484 376 1516 propter
387 1479 453 1507 Sion
474 1479 611 1507 liberator.
630 1479 667 1507 De
684 1479 754 1507 caalo
766 1480 838 1516 enim
851 1479 965 1509 descen-

1053 659 1108 687 Καὶ
1132 658 1199 693 ἣξει
1217 657 1322 685 ἕνεκεν
1336 656 1414 684 Σιὼν
1437 657 1454 684 ὁ
1472 656 1634 690 ῥυόμενος,
1661 656 1713 682 καί
1740 655 1817 682 ἀξιο-

1018 704 1144 739 στρέψει
1158 704 1299 736 ἀσεϐείας
1310 703 1370 730 ἀπὸ
1387 701 1502 735 Ἰακὼ5,
1518 702 1569 729 καί
1579 702 1656 735 αὕτη
1673 700 1779 733 αὺΐοῖς
1794 701 1814 733 ἡ

1017 751 1084 785 παρ’
1101 750 1175 784 ἐμοῦ
1195 749 1322 783 διαθήκη
1343 748 1423 783 λέγει
1443 748 1560 781 Κύριος.
1577 747 1612 774 Τὸ
1632 745 1759 781 Πνεῦμα
1780 746 1815 771 τὸ

1016 798 1090 832 ἐμόν
1101 798 1186 824 ἐστιν
1195 797 1244 824 ἐπὶ
1261 795 1311 822 σοὶ
1323 816 1330 829 ,
1345 795 1396 822 καὶ
1419 795 1455 821 τὰ
1468 794 1598 829 ῥήματα,
1614 792 1634 820 ἂ
1653 793 1756 819 ἔδωκα
1771 793 1815 824 εἰς

1016 842 1049 869 τὸ
1069 843 1166 878 στόμα
1176 851 1246 877 μου,
1271 842 1306 868 οὺ
1325 840 1368 875 μὴ
1379 840 1506 873 ἐκλείπῃ
1533 840 1567 866 ἐκ
1585 838 1640 865 τοῦ
1659 838 1814 871 στόματος

979 873 1001 901 Β
1017 888 1070 916 τοῦ
1083 873 1257 922 σθίέριλατός
1269 873 1332 914 σου
1341 873 1390 922 (id).
1402 883 1475 913 Εῖπε
1492 885 1546 920 γὰρ
1559 885 1671 919 Κύριος
1682 883 1744 910 ἀπὸ
1759 882 1815 909 τοῦ

1017 934 1085 966 νῦν,
1102 933 1152 961 καί
1164 935 1208 966 εἰς
1220 932 1273 959 τὸν
1283 931 1387 959 αἱῶνα.

1053 979 1158 1014 Ὥσπερ
1178 979 1207 1005 ἐν
1222 979 1279 1009 τοῖς
1293 977 1388 1004 ἀνόπιν
1406 976 1493 1013 βραχὺ
1515 974 1563 1002 καὶ
1585 974 1637 1010 τῆς
1661 972 1815 1007 ἐπενεχθη-

1018 1024 1135 1060 σομένης
1156 1026 1212 1056 τοῖς
1242 1023 1379 1054 Ἰουδαίοις
1405 1023 1489 1058 ὀργῆς
1514 1020 1683 1056 διεμέμνητο
1705 1018 1813 1056 σαφῶς,

1017 1071 1183 1099 ἀπεκτόνασι
1195 1071 1249 1105 γὰρ
1265 1069 1311 1097 τὸν
1325 1068 1445 1104 ἀρχηγὸν
1459 1069 1509 1102 τῆς
1523 1067 1606 1100 ζωῆς,
1621 1065 1670 1091 καὶ
1681 1071 1815 1097 πεπαρῳ-

1017 1118 1131 1154 νήκασιν
1146 1116 1260 1148 ἀνοσίως
1275 1116 1316 1147 είς
1329 1115 1374 1141 τὺν
1389 1114 1444 1141 τῶν
1459 1113 1527 1140 ὅλων
1550 1112 1678 1147 Σωτῆρα,
1695 1110 1745 1136 καὶ
1758 1110 1813 1135 Λυ-

1017 1164 1145 1200 τρωτήν·
1170 1161 1228 1190 εἶτα
1246 1162 1295 1197 τῆς
1316 1160 1498 1197 δοθησομένης
1521 1159 1614 1190 αὐτοῖς
1636 1159 1665 1184 ἐν
1688 1157 1815 1191 ὑστέροις

1017 1211 1122 1246 καιροῖς
1146 1208 1332 1245 ἐλεημοσύνης
1347 1228 1356 1242 ,
1377 1208 1425 1234 καὶ
1454 1204 1662 1241 φιλανθρωπίας
1694 1204 1814 1230 ἐποιεῖτο

1017 1255 1068 1291 τὴν
1082 1254 1292 1290 προαγόρευσιν·
1312 1253 1365 1288 ἔφη
1381 1251 1435 1287 γὰρ
1445 1252 1498 1285 ὅτι,
1513 1251 1569 1278 Καὶ
1580 1249 1812 1285 ὴμύνατοαύτοὺς

1016 1301 1055 1336 τῷ
1071 1299 1194 1336 βραχίονι
1219 1298 1313 1331 αὑτοῦ,
1330 1297 1378 1325 καὶ
1391 1298 1424 1332 τῇ
1440 1295 1612 1332 ἐλεημοσύνη
1635 1294 1812 1330 ἐστηρὶσατο·

1016 1345 1088 1374 οὓτω
1110 1345 1238 1378 κάνθάδε,
1255 1344 1382 1379 καθάπερ
1399 1343 1462 1370 τινὰ
1481 1343 1653 1379 χειμάρρουν
1676 1341 1814 1377 ἀφόρητόν

1015 1402 1045 1420 τε
1058 1393 1106 1421 καὶ
1120 1391 1271 1428 βιαιότατον
1296 1389 1499 1425 καταϐήσεσθαι
1514 1389 1577 1415 κατ’
1592 1387 1686 1414 αὐτῶν
1704 1387 1754 1413 τὸν
1766 1386 1813 1413 τοῦ

1016 1439 1123 1475 Κυρίου
1148 1438 1244 1473 θυμόν.
1268 1436 1360 1464 Εἰπὼν
1374 1436 1414 1469 δὲ,
1432 1436 1478 1462 καὶ
1490 1435 1537 1462 ἰον
1551 1434 1616 1470 περὶ
1633 1434 1686 1469 τῆς
1701 1433 1813 1468 δοθησο-

1018 1485 1101 1522 μένης
1115 1485 1207 1516 αὐτοῖς
1228 1484 1353 1518 εὐλογίας
1369 1484 1397 1510 ἐν
1418 1482 1543 1517 ἐσχάτοις
1561 1480 1610 1507 τοῦ
1629 1480 1733 1511 αἰῶνος
1751 1488 1813 1506 και-

175 1527 214 1554 dit
227 1526 394 1561 unigenitum
407 1525 455 1553 Dei
471 1525 601 1559 Verbum,
619 1529 646 1553 et
663 1526 771 1554 demisit
788 1526 845 1561 ipse
875 1535 905 1555 se
930 1528 964 1556 ad

1037 1533 1073 1563 οἷς
1089 1531 1205 1558 ποιεῖται
1217 1529 1306 1564 λόγον.
1329 1529 1409 1562 Ἥξει
1421 1528 1475 1564 γὰρ
1489 1528 1582 1555 ἕνεκεν
1601 1526 1673 1554 Σιὼν
1687 1528 1702 1552 ὁ
1716 1525 1813 1562 ῥυόμε-

175 1572 362 1605 iuanitionem,
372 1571 459 1598 factus
468 1571 560 1605 homo,
573 1576 602 1598 ut
617 1571 701 1599 etiam
716 1579 771 1606 prae
785 1572 845 1600 aliis
856 1578 966 1602 vocaret

174 1618 313 1650 lsraelem.
327 1623 355 1646 et
368 1623 491 1646 servaret
499 1625 608 1652 quoque
617 1617 736 1651 gentium
752 1618 963 1647 multitudinem.

174 1664 263 1692 Testis
280 1664 332 1691 erit
346 1663 565 1699 sapientissimus
576 1662 675 1690 Paulus
704 1663 828 1698 inquiens
845 1673 852 1692 :
875 1675 885 1691 ι
899 1665 966 1693 Dico

173 1712 312 1740 Christum
330 1711 482 1738 ministrum
497 1709 582 1738 fuisse
594 1710 821 1744 circumcisionis,
853 1717 963 1747 propter

174 1757 314 1784 veritatem
328 1756 421 1789 Dei,ad
434 1755 836 1789 conﬁrmandaepromissiones
846 1762 964 1791 patrum,

173 1807 268 1838 gentes
279 1807 368 1829 autem
389 1809 470 1836 super
479 1802 666 1829 misericordia
678 1803 811 1830 honorare
821 1803 904 1830 Deum
913 1803 963 1831 ³⁷.»

173 1848 345 1876 Meminimus
353 1848 434 1875 etiam
446 1847 510 1875 alibi
521 1848 613 1876 dicere
621 1847 775 1882 Christum:
782 1857 791 1873 ι
798 1848 856 1877 Νοιι
867 1849 978 1879 missus-

173 1903 233 1922 sum
247 1895 297 1922 nisi
312 1895 345 1921 ad
359 1901 422 1922 oves
439 1893 560 1929 perditas
584 1895 681 1921 domus
693 1893 774 1921 Israel
789 1894 823 1921 ⁸⁸.
842 1904 853 1921 ι
872 1894 968 1924 Veniet

175 1939 257 1974 igitur
269 1939 406 1972 liberator,
416 1946 431 1965 a
442 1938 562 1974 peccatis
573 1938 687 1972 scilicet,
696 1945 711 1965 a
725 1943 810 1967 morte
818 1944 844 1968 et
852 1948 966 1976 σοι-ιυρ-

175 1986 258 2017 tione,
266 1992 280 2012 a
295 1984 457 2012 crudelitate
465 1984 609 2018 diabolica,
622 1992 637 2011 a
646 1985 796 2013 dmmonum
805 1992 907 2020 errore,
918 1988 966 2015 de-

173 2032 297 2066 ceptione
316 2036 344 2057 et
366 2030 519 2065 tyrannide.
538 2029 571 2057 Et
591 2030 643 2058 hoc
658 2030 711 2058 illis
733 2039 747 2058 ιι
763 2039 805 2066 me
819 2036 966 2060 testamen-

175 2082 242 2109 tum,
252 2076 317 2104 tlicit
328 2076 468 2103 Dominus.
478 2075 553 2108 Quod
569 2080 660 2102 autem
676 2077 813 2105 voluntate
821 2078 869 2105 Dei
881 2079 965 2106 semel

173 2125 309 2151 decretum
316 2127 357 2150 est
364 2127 391 2149 et
397 2121 684 2156 promissum,prorsus
692 2122 852 2158 penitusque
859 2123 874 2150 li
880 2131 965 2151 rtnum

174 2170 237 2202 erit,
251 2174 278 2197 ct
290 2176 342 2196 non
359 2167 511 2203 negabitur.
521 2166 598 2200 Quod
612 2167 694 2202 igitur
705 2168 768 2201 erit,
788 2169 886 2203 inquit,
896 2177 910 2196 a
923 2177 965 2197 me

1016 1586 1072 1609 νος.
1083 1576 1312 1611 Καταπεφοίτηκε
1325 1575 1380 1611 γὰρ
1388 1575 1418 1609 ἐξ
1427 1573 1550 1610 οὐρανῶν
1566 1574 1581 1600 ὁ
1593 1572 1747 1608 μονογενὴς
1768 1571 1812 1598 τοῦ

1015 1623 1082 1650 Θεοῦ
1104 1623 1200 1657 Λόγος,
1217 1623 1264 1650 καὶ
1281 1621 1402 1658 καθῆκεν
1419 1621 1514 1648 ἑαυτὸν
1540 1621 1581 1652 εἰς
1598 1620 1730 1652 κένωσιν,
1742 1618 1814 1653 γενό-

1017 1676 1097 1703 μενος
1115 1668 1270 1702 ἄνθρωπος,
1291 1667 1336 1693 ἵνα
1358 1666 1406 1693 καὶ
1420 1666 1472 1702 πρό
1484 1675 1514 1700 γε
1528 1665 1582 1692 τῶν
1596 1665 1688 1692 ἄλλων
1711 1664 1812 1699 καλέτῃ

1016 1713 1062 1740 τὸν
1080 1712 1199 1748 Ἰσραὴλ,
1214 1711 1334 1747 διασώσῃ
1352 1711 1380 1739 δὲ
1396 1711 1442 1738 καὶ
1458 1711 1510 1737 τῶν
1526 1710 1612 1738 ἐθνῶν
1626 1710 1679 1744 τὴν
1697 1709 1810 1744 πληθύν·

1018 1758 1064 1785 καὶ
1084 1758 1255 1794 μαρτυρήσει
1269 1757 1383 1793 γράφων
1397 1757 1411 1783 ὁ
1425 1757 1562 1791 πάνσοφος
1575 1755 1700 1786 Παῦλος·
1713 1764 1723 1780 ι
1738 1754 1812 1788 Λέγω

1016 1805 1071 1840 γὰρ
1083 1804 1199 1839 Χριστὸν
1217 1803 1339 1830 διάκονον
1363 1802 1527 1838 γεγενῆσθαι
1546 1802 1714 1837 περιτομῆς,
1732 1801 1801 1835 ὑπὲρ

1016 1851 1145 1887 ἀληθείας
1160 1849 1242 1884 Θεοῦ,
1256 1850 1295 1881 εις
1309 1850 1340 1876 τὸ
1354 1848 1559 1885 βεὸαιῶσαιτὰς
1573 1847 1745 1882 ἐπαγγελίας
1761 1846 1811 1872 τῶν

1016 1897 1153 1933 πατέρων,
1164 1895 1200 1924 τὰ
1213 1895 1242 1923 δὲ
1253 1895 1315 1930 ἔθνη
1332 1895 1402 1930 ὑπὲρ
1418 1895 1509 1927 ἐλέους
1523 1894 1635 1927 δοξάσαι
1650 1893 1699 1919 τὸν
1717 1892 1808 1919 Θεόν.»

1016 1943 1189 1979 Μεμνήμεθα
1210 1943 1239 1970 δὲ
1269 1941 1316 1970 καὶ
1340 1940 1424 1968 αὐτοῦ
1453 1940 1577 1974 λέγοντος
1601 1939 1649 1966 τοῦ
1680 1936 1809 1974 Χριστοῦ,

1019 1999 1028 2015 ι
1046 1990 1104 2016 οὐκ
1119 1989 1285 2024 ἀπεστάλην,
1300 1989 1324 2014 εἰ
1345 1987 1384 2024 μὴ
1399 1987 1439 2018 εἰς
1453 1986 1487 2013 τὰ
1502 1985 1629 2021 πρόϐατα
1647 1985 1684 2011 τὰ
1706 1984 1810 2011 ἀπολω-

1015 2036 1080 2063 λότα
1101 2035 1176 2062 οἴκου
1198 2035 1316 2071 Ἰσραήλ.
1333 2044 1343 2061 ι
1358 2033 1437 2067 ’Ἥξει
1459 2032 1492 2068 δὴ
1515 2029 1562 2058 οὖν
1585 2031 1600 2057 ὁ
1626 2030 1772 2066 ῥυόμενος,
1782 2030 1809 2062 ἐξ

1015 2082 1157 2117 ἁμαρτιῶν
1170 2081 1300 2116 δηλονότι,
1314 2082 1347 2107 ὲκ
1363 2080 1476 2107 θανάτου
1491 2078 1537 2106 καὶ
1553 2077 1672 2113 φθορᾶς,
1688 2076 1718 2109 ἐξ
1737 2075 1808 2110 ὠμό-

1015 2136 1095 2163 τητος
1111 2128 1276 2163 ὀιαϐολικῆς,
1291 2129 1323 2154 ἐκ
1335 2127 1383 2162 τῆς
1397 2127 1452 2153 τῶν
1467 2125 1614 2160 δαιμονίων
1640 2122 1752 2158 ἀπάτης
1765 2123 1808 2149 καὶ

1016 2173 1182 2206 πλεονεξίας.
1207 2173 1262 2201 Καὶ
1283 2173 1352 2209 αὕτη
1369 2174 1461 2204 αὐτοῖς
1477 2173 1494 2207 ὴ
1513 2171 1580 2206 παρ’
1596 2171 1665 2205 ἐμοῦ
1681 2171 1804 2205 διαθήκη,

174 2213 383 2243 testamentum?
406 2212 522 2248 Spiritus
540 2220 615 2256 meus
630 2219 657 2242 et
673 2214 755 2241 verba
771 2222 830 2249 qua:
845 2215 921 2249 posui
937 2216 962 2242 in

1037 2218 1078 2246 ίπε
1100 2219 1210 2255 Κύριος.
1231 2220 1269 2246 Τὸ
1289 2219 1316 2246 δὲ
1344 2219 1418 2251 ἅπαξ
1442 2217 1550 2254 ὁρισθὲν
1575 2217 1620 2243 διὰ
1642 2216 1742 2251 βουλῆς
1763 2215 1805 2242 τοῦ

174 2269 223 2289 ore
251 2266 313 2293 tuo,
344 2267 397 2287 non
419 2258 546 2286 deﬁcient
576 2260 702 2295 deinceps
721 2264 748 2287 et
777 2261 803 2287 in
832 2266 961 2288 aeternum

175 2314 288 2343 tempus.
306 2305 525 2333 Manifestissima
545 2305 617 2333 enim
633 2307 828 2334 demonstratio
845 2312 898 2339 est,
918 2315 962 2334 re-

174 2356 312 2388 demptum
325 2360 387 2380 esse
404 2359 489 2388 genus
503 2351 662 2385 humanum,
673 2351 819 2386 etquidem
834 2360 889 2384 prae
903 2353 963 2381 aliis

174 2400 311 2428 lsraelitas
326 2399 372 2434 qui
388 2399 561 2425 crediderunt
571 2397 660 2425 factos
668 2405 729 2425 esse
743 2397 863 2432 Spiritus
875 2399 962 2433 sancti

175 2446 319 2482 participes
335 2453 341 2472 :
358 2452 406 2480 per
421 2452 501 2479 qutun
519 2443 672 2478 adoptionis
683 2445 764 2471 decus
777 2444 887 2472 allatum
910 2449 962 2478 est,

175 2490 341 2526 et-loqueudi
356 2490 446 2524 lingua
466 2489 578 2516 verbum
597 2488 669 2519 lidci,
693 2489 771 2516 sicuti
785 2490 896 2525 scripsit
916 2498 962 2518 sa-

175 2537 359 2572 pientissimus
376 2535 475 2563 Paulus
491 2544 497 2562 :
516 2543 526 2560 ι
543 2534 582 2562 Ne
596 2534 670 2561 dicas
697 2535 780 2569 enini,
813 2536 910 2572 inquit,
936 2538 962 2565 in

175 2583 256 2611 corde
270 2587 315 2610 tuo
329 2591 338 2610 :
354 2583 420 2616 Quis
435 2581 562 2609 ascendet
576 2580 601 2608 in
622 2581 721 2608 malum
735 2581 746 2608 ?
762 2582 812 2610 hoc
829 2588 871 2610 est
886 2583 964 2611 Chri-

175 2636 245 2658 stum
260 2631 403 2661 deducere,
431 2633 475 2656 aut
496 2627 557 2663 quis
581 2627 725 2655 descendet
755 2628 780 2655 in
808 2629 960 2664 abyssum‘l

1015 2266 1082 2292 Θεοῦ
1096 2266 1143 2293 καὶ
1158 2265 1338 2300 ἐπαγγελθὲν,
1353 2265 1440 2300 πάντη
1453 2273 1483 2290 τε
1501 2263 1548 2290 καὶ
1568 2263 1693 2294 πάντως,
1708 2262 1806 2298 ἀραρὸς

1015 2312 1101 2344 ἔσται,
1114 2312 1162 2339 καὶ
1177 2312 1227 2338 οὐκ
1244 2311 1438 2346 ἀρνηθήσεται.
1465 2309 1533 2336 Ποία
1548 2308 1639 2335 τοίνυν
1658 2308 1745 2339 ἐσται,
1762 2316 1805 2341 φη-

1016 2358 1068 2389 σὶν,
1086 2357 1103 2392 ἡ
1117 2358 1183 2392 παρ’
1198 2357 1266 2392 ἐμοῦ
1282 2356 1415 2391 διαθήκη;
1441 2355 1477 2381 Τὸ
1491 2354 1602 2390 Πνεῦμα
1619 2354 1651 2380 το
1668 2353 1746 2388 ἐμὸν,
1762 2353 1805 2379 καὶ

1016 2404 1049 2430 τὰ
1062 2403 1182 2439 ῥήματα,
1194 2403 1212 2430 ἃ
1225 2403 1313 2429 ἔδωκα
1332 2403 1362 2429 ἐν
1379 2402 1416 2437 τῷ
1439 2401 1552 2436 στόματί
1570 2409 1629 2431 σου,
1648 2401 1679 2426 οὐ
1708 2399 1745 2434 μὴ
1764 2400 1803 2425 ὲκ-

1015 2448 1095 2484 λείπῃ
1107 2449 1160 2476 ἀπὸ
1173 2447 1219 2474 τοῦ
1236 2448 1294 2481 νῦν,
1303 2447 1351 2475 καὶ
1365 2448 1405 2479 εἰς
1419 2447 1465 2474 τὴν
1479 2446 1565 2472 αἰῶνα
1578 2445 1689 2480 χρόνον.
1719 2445 1802 2478 Σαφε-

1018 2495 1103 2530 στᾶτη
1126 2494 1180 2530 γὰρ
1196 2494 1333 2526 ἀπόδειξις
1356 2493 1403 2520 τοῦ
1420 2492 1605 2528 λελυτρῶσθαι
1631 2491 1663 2517 τὸ
1679 2491 1757 2526 γένος
1777 2490 1803 2516 τὸ

1016 2541 1196 2577 ἀνθρώπινον,
1223 2541 1305 2576 ἡγουν
1327 2540 1374 2567 καὶ
1399 2540 1451 2575 πρό
1469 2548 1501 2573 γε
1516 2539 1571 2565 τῶν
1592 2538 1682 2565 ἄλλων
1699 2537 1761 2568 τοὺς
1778 2535 1803 2569 ἐξ

1024 2586 1152 2622 Ἰσραὴλ,
1184 2585 1382 2616 πιστεύσαντας
1411 2584 1440 2611 τὺ
1475 2585 1504 2610 ὲν
1540 2581 1649 2618 μεθέξει
1684 2580 1802 2615 γενέσθαι

1018 2632 1175 2668 Πνεύματος
1189 2632 1279 2666 ἁγίου,
1297 2631 1329 2659 δι’
1354 2627 1385 2657 οὗ
1402 2630 1449 2658 καὶ
1469 2630 1499 2656 τὸ
1519 2629 1567 2664 τῆς
1592 2627 1731 2659 υἱοθεσίας
1754 2626 1802 2652 εἱσ-

211 2722 234 2738 "
249 2721 319 2749 Psal.
338 2729 420 2754 Lxxv,
438 2720 466 2749 8.
503 2721 524 2737 "
546 2720 623 2748 Rom.
640 2708 685 2753 xv,
701 2721 730 2754 8,
749 2720 775 2748 9.
814 2719 837 2735 ⁸³
853 2717 950 2746 Matth.
973 2728 1017 2753 xv,
1033 2721 1080 2748 iri.

212 2811 250 2845 (1)
264 2809 344 2843 LXX,
361 2809 401 2842 είς
432 2809 462 2837 τὸ
474 2809 561 2846 στόμα
595 2817 656 2845 μου,
676 2808 706 2835 οὺ
723 2808 760 2844 μὴ
779 2808 892 2846 ἐκλείπῃ
913 2808 945 2834 ἐκ

1037 2808 1163 2844 ςτόματός
1180 2818 1236 2844 σου,
1255 2809 1300 2836 καὶ
1331 2809 1362 2835 ἐκ
1382 2807 1429 2836 τοῦ
1445 2807 1579 2844 στόματος
1605 2806 1653 2835 τοῦ
1682 2811 1798 2843 att-59;]:-

176 2847 221 2879 τός
242 2854 298 2872 σου.
