1893 3052
60 168 121 197 «δτι

599 161 632 190 1N
653 160 769 188 ISAIAM
791 161 853 188 LIB.
875 161 906 188 V.
929 159 1107 187 TUMUSJV.

1612 155 1680 184 1522

58 231 168 266 φέρεται
180 226 320 262 καύχημα,
331 225 377 251 καὶ
391 224 481 252 λαλεῖν
496 224 524 250 ὲν
539 222 646 259 γλώττῃ
660 222 689 248 τὺ
704 223 779 258 ῥῆμα
790 221 834 256 τῆς

917 227 941 247 )c
959 225 999 247 est
1010 218 1147 246 Christum
1161 216 1243 253 839
1255 224 1269 243 a
1288 217 1402 244 mortuis
1414 217 1553 244 redui-ere.
1569 216 1602 243 At
1616 216 1680 250 quid

57 277 185 306 πίστεως,
200 272 272 300 καθὰ
294 272 432 306 γέγραφεν
447 271 461 297 ὁ
475 270 612 304 πάνσοφος
632 268 751 300 Παῦλος·
772 277 780 293 ι
797 267 843 301 Μὴ

57 323 108 358 γὰρ
128 321 217 356 εἴπῃς,
235 318 327 354 φησιν,
341 318 369 344 ἐν
385 317 418 352 τῇ
431 315 530 352 καρδίᾳ
541 323 600 342 σου·
617 314 664 346 Τίς
679 313 843 348 ἀναϐήσεται

58 369 94 399 είς
113 367 159 393 τὸν
178 364 306 400 οὗρανόν;
326 363 449 389 τουτέστι
472 361 589 397 Χριστὸν
615 360 790 394 καταγαγεῖν,
814 357 843 392 ἢ,

58 413 104 445 Τίς
119 411 303 446 καταδήσεται
316 410 356 440 εἰς
371 408 421 444 τὴν
439 408 574 439 Musam;
591 406 713 433 τουτέστι
727 404 844 440 Χριστὸν

57 459 86 484 ἐκ
103 456 209 492 νεκρῶν
224 455 380 489 ἀναγαγεῖν.
399 453 479 479 Ἀλλά
493 452 600 485 τίλέγει
611 452 627 487 ὴ
639 451 733 486 Γραφή
743 459 750 484 ;
760 448 844 483 ἐγγύς

58 512 102 530 σου
123 502 153 529 τὸ
170 502 246 538 ῥῆμα
261 502 289 527 ὲν
306 499 345 535 τῷ
366 498 480 534 στόματί
500 506 558 529 σου,
582 497 629 524 καὶ
645 497 673 524 ὲν
694 497 727 531 τῇ
745 495 844 530 καρδίᾳ.

58 557 116 580 σου,
139 549 180 575 ὅτι
203 547 251 574 ἐὰν
275 547 365 582 εἴπῃς,
383 545 486 580 Κύριος
506 543 620 578 Ἰησοῦς,
634 543 681 569 καὶ
696 541 843 576 πιστεύσῃς

59 596 84 622 ἐν
98 596 133 630 τῇ
147 593 248 629 καρδίᾳ
269 601 326 625 σου,
341 592 381 618 ὃτι
404 592 417 617 ὁ
438 589 505 621 Θεὸς
520 589 601 616 αὑτὸν
625 589 736 624 ἧγειρεν
755 588 787 614 ὲκ
800 596 843 613 νε-

57 639 140 675 κρῶν,
163 638 283 673 σωθήσῃ.
308 636 413 672 Καρδίᾳ
432 633 486 670 γὰρ
508 634 664 661 πιστεύεται
687 633 727 665 είς
742 633 843 659 δικαιο-

58 685 151 719 σύνην,
167 684 281 718 στόματι
295 682 323 709 δὲ
338 681 509 717 ὁμολογεῖται
525 681 564 712 εἰς
578 680 725 716 σωτηρίαν.
742 689 751 705 )
766 679 843 706 Ἐλά-

57 731 139 766 σομεν
155 729 243 756 τοίνυν
258 728 333 764 παρὰ
352 727 419 754 Θεοῦ
433 727 463 753 τὸ
480 727 555 762 ῥῆμα
571 726 620 761 τῆς
639 726 769 757 πίστεως,
782 725 842 760 ἦτοι

55 776 103 811 τὴν
123 774 282 811 ὁμολογίαν⁶
298 773 430 808 σωτήριον
444 772 472 799 δὲ
485 772 589 807 χρῆμα,
606 771 653 798 καὶ
668 770 842 804 δικαιοσύνης

56 822 199 858 πρόξενον·
223 821 322 848 δικαιοῖ
349 820 401 855 γὰρ
424 818 495 845 οὕτω
511 818 557 844 τὸν
576 817 662 852 ἀσεϐῆ
682 816 808 852 Χριστὸς,
828 817 842 842 ὁ

895 266 960 293 dicit
974 265 1113 299 Scriptura
1127 264 1140 291 ?
1163 264 1250 298 Prope
1261 268 1303 291 est
1318 263 1429 290 verbum
1455 264 1481 290 in
1497 270 1544 290 ore
1573 266 1630 294 tuo,
1653 267 1681 290 et

896 312 922 338 in
939 311 1021 338 corde
1035 316 1091 342 tuo.
1104 310 1166 344 quia
1178 309 1199 337 si
1225 309 1326 337 dixeris
1341 329 1348 342 ,
1378 308 1509 336 Dominus
1531 307 1622 340 Jesus,
1653 312 1682 334 et

895 356 1043 384 credideris
1067 356 1093 382 in
1116 356 1198 383 corde
1225 360 1271 383 tuo
1312 354 1396 382 Deum
1420 355 1553 382 excitasse
1580 353 1681 381 illuma

896 404 1018 435 mortuis,
1036 402 1126 430 salvus
1146 402 1211 430 eris.
1231 401 1320 429 Corde
1330 401 1402 428 enim
1421 400 1541 428 creditur
1556 399 1588 426 ad
1603 399 1682 435 justi-

895 450 970 481 tiam,
990 456 1038 476 ore
1054 453 1143 475 autem
1160 448 1189 475 ﬁt
1204 447 1338 475 confessio
1358 448 1391 474 ad
1415 447 1528 477 salutem
1539 447 1572 474 ¹⁹.
1588 455 1598 473 ι
1629 446 1683 473 Ac-

894 495 1015 530 cepimus
1024 495 1114 529 itaque
1126 501 1140 521 a
1149 494 1202 521 Deo
1210 494 1321 520 verbum
1334 493 1396 521 ﬁdei
1407 493 1464 520 sive
1471 492 1681 525 confessionem;

894 541 965 577 quod
998 541 1106 576 quidem
1131 540 1249 568 salutare
1265 543 1317 572 est,
1342 544 1370 567 et
1390 538 1522 573 justitiam
1545 538 1682 566 conciliat.

893 585 1027 614 Justiﬁcat
1038 585 1110 612 enim
1126 585 1166 612 sic
1185 584 1298 619 impium
1317 584 1456 616 Christus,
1471 583 1516 618 qui
1545 587 1573 611 et
1595 582 1683 618 palam

894 631 1030 660 clamitat:
1045 639 1055 657 ‹
1069 630 1140 658 Ecce
1151 630 1237 658 delevi
1252 635 1281 657 ut
1296 631 1394 658 nubem
1406 630 1563 665 iniquitates
1572 635 1642 662 tuas,
1657 633 1685 656 et

894 682 923 704 ut
935 677 1079 712 caliginem
1099 683 1210 712 peccata
1230 682 1287 704 tua.
1302 686 1311 703 ι
1347 676 1404 703 lloo
1432 676 1546 704 verbum
1573 675 1634 702 ﬁdei
1656 675 1683 701 in

893 723 970 750 nobis
978 723 1031 750 erit
1043 726 1184 758 perpetuo,
1193 727 1218 749 et
1233 723 1318 750 deore
1329 727 1422 749 nostro
1435 728 1487 748 non
1500 720 1625 752 cessabit,
1637 720 1685 747 sed

894 768 956 795 illud
967 767 1000 795 ad
1012 768 1199 802 posteritatem
1215 775 1300 802 usque
1317 767 1542 794 transmillemus.
1557 764 1602 792 Sic
1612 763 1684 791 enim

892 813 1112 847 instiﬁcabuntur
1119 817 1145 840 et
1153 813 1263 848 posteri.
1274 813 1302 840 Si
1317 814 1390 841 enim
1401 819 1508 847 semper
1518 811 1640 838 Christus
1651 811 1688 837 sit

56 857 103 895 καὶ
127 868 212 895 πάλαι
235 866 313 903 βοῶν,
340 875 349 892 ι
369 866 434 892 Ἰδοὺ
449 864 587 900 ἀπήλειψα
611 864 648 895 ὡς
662 863 778 899 νεφέλην
792 863 834 894 τὰς

917 858 998 887 τῦουε
1006 864 1033 887 et
1048 859 1191 891 Dominus,
1208 867 1345 894 nunquam
1359 859 1461 886 desinet
1478 858 1539 885 ﬁdei
1553 857 1610 890 eius
1621 864 1686 884 con-

186 893 317 944 emissi
342 910 379 942 ὡς
401 893 505 944 γνόφονι
521 893 571 940 τὰς
593 893 732 944 ἁμαρτίας
754 893 811 934 σου,
829 915 834 932 l

917 905 976 933 issio
998 906 1069 940 apud
1088 913 1136 933 eos
1161 905 1286 940 quiillius
1299 905 1496 940 apparitionem
1508 908 1685 939 agnoverunt.

55 961 141 988 Τοῦτο
172 959 203 987 τὸ
224 959 300 994 ῥῆμα
325 958 374 993 τῆς
399 957 516 988 πίστεως
542 957 571 983 ὲν
602 957 668 991 ἡμῖν
694 954 763 981 ἔστω
795 954 840 989 (ll
877 952 1020 989 διηνεκῶς,
1045 953 1091 980 καὶ
1118 953 1151 979 ὲκ
1183 951 1230 978 τοῦ
1252 952 1384 987 στόματος
1424 951 1503 987 ἡμῶν
1527 951 1556 977 οὺ
1583 949 1688 977 πεπαύ-

57 1015 142 1034 σεται,
182 1004 407 1042 Παραπέμψομεν
441 1003 469 1030 δὲ
495 1003 560 1029 αὐτὸ
591 1003 631 1034 εἰς
663 1001 758 1036 γενεὰς
793 1000 905 1035 γενεῶν,
936 999 1162 1034 δικαιωθήσονται
1182 998 1237 1034 γὰρ
1273 997 1344 1025 οὔτω
1379 998 1425 1025 καὶ
1459 998 1484 1024 οἱ
1519 997 1578 1032 μεθ’
1602 997 1685 1032 ἡμᾶς.

55 1056 86 1082 El
109 1055 165 1090 γὰρ
180 1054 223 1081 ἀεὶ
236 1052 352 1089 Χριστὸς
386 1051 432 1078 καὶ
447 1051 506 1077 ἔστι
520 1050 585 1082 Θεὸς
609 1049 656 1076 καὶ
678 1048 791 1084 Κύριος,
813 1048 843 1075 οὐ
883 1046 1028 1083 καταλήξει
1045 1045 1155 1074 πώποτε
1176 1047 1226 1082 τῆς
1250 1047 1290 1078 είς
1323 1046 1405 1073 αὑτὸν
1424 1046 1541 1077 πίστεως
1562 1045 1579 1080 ἠ
1594 1045 1688 1080 ὁμολο-

55 1104 113 1138 γία,
129 1100 207 1136 παρὰ
222 1100 278 1130 τοῖς
294 1097 461 1132 ἐπεγνωκόσι
476 1096 525 1132 τὴν
538 1095 699 1130 ἐπιφάνειαν
717 1093 811 1121 αὐτοῦ.

89 1145 230 1178 «Pam/(0v,
245 1143 383 1179 φωτίζου,
402 1140 603 1176 Ἰερουσαλὴμ
613 1160 620 1171 ,
636 1140 702 1174 ’ἥκει
722 1138 776 1174 γάρ
787 1146 844 1166 σου

54 1195 87 1221 τὸ
106 1192 181 1228 φῶς,
196 1190 244 1218 καὶ
260 1190 279 1223 ἠ
296 1188 371 1220 δόξα
385 1187 496 1220 Κυρίου
515 1185 564 1212 ἐπὶ
578 1184 616 1212 σὲ
633 1184 845 1212 ἀνατέταλκεν.

61 1227 136 1268 Ἰδοὺ
155 1239 210 1274 γὰρ
230 1238 340 1268 σκότος
359 1234 409 1262 καὶ
438 1233 550 1268 γνόφος
565 1231 696 1264 καλύψει
715 1228 775 1263 τῆν
800 1227 848 1254 ἐπ’

54 1288 131 1321 ἔθνη
145 1295 152 1301 -
165 1284 216 1312 ἐπὶ
235 1283 269 1310 δέ
280 1290 318 1309 σε
335 1280 504 1316 φανήσεται
528 1280 646 1313 Κύριος,
661 1277 710 1304 καὶ
726 1277 746 1311 ἠ
773 1275 848 1307 δόξα

54 1332 152 1360 αὐτοῦ
174 1330 223 1357 ἐπὶ
234 1328 271 1356 σὲ
284 1326 457 1362 ὀφθήσεται.
473 1325 527 1354 Καὶ
543 1324 743 1358 πορεύσονται
756 1321 847 1354 βασι-

53 1378 122 1411 dsit;
135 1377 177 1410 τῷ
188 1375 261 1411 φωτί
273 1383 342 1407 σου,
355 1373 403 1400 καὶ
415 1373 487 1406 ἔθνη
502 1370 539 1405 τῇ
557 1368 745 1405 λαμπρότητί
759 1375 827 1394 σου.

99 1424 146 1455 Ὠς
162 1421 285 1455 δοθείσης
300 1419 351 1454 τῆς
377 1416 543 1452 ἐπαγγελίας
559 1415 606 1442 τοῦ
628 1416 670 1441 ὅτι
697 1413 849 1449 σωθήσεται

55 1470 131 1497 κατὰ
146 1467 257 1504 καιροὺς
268 1467 282 1493 ὁ
301 1464 418 1500 Ἰσραὴλ,
431 1462 583 1498 ἁνασκιρτᾷ
598 1461 698 1497 τρόπον
708 1458 769 1486 τινὰ
781 1458 850 1494 πρὸς

54 1515 194 1550 εὐθυμίαν
219 1514 233 1540 ὁ
260 1513 338 1545 λόγος
367 1512 396 1537 ὲν
419 1509 523 1540 τούτοις
543 1509 610 1543 ἡμῖν
629 1507 644 1533 ό
671 1504 849 1541 προφητικὸς,

934 1136 998 1164 CAP.
1012 1134 1069 1162 LX.
1089 1134 1171 1162 Vens.
1183 1135 1240 1161 l-‘5.
1253 1134 1420 1168 llluminare,
1437 1134 1596 1168 illuminare,
1608 1136 1687 1162 Jeru-

899 1183 981 1210 salem
995 1188 1004 1208 :
1023 1181 1090 1208 venit
1104 1182 1172 1208 enim
1189 1186 1234 1207 tua
1250 1181 1312 1213 lux,
1329 1187 1352 1207 et
1370 1181 1455 1216 gloria
1471 1180 1578 1208 Domini
1612 1190 1690 1215 super

907 1235 932 1255 te
949 1233 1008 1255 orta
1021 1232 1070 1254 eu.
1084 1226 1152 1254 Ecce
1166 1227 1235 1254 enim
1246 1227 1356 1254 (εποίησε
1374 1233 1396 1253 et
1411 1226 1495 1262 caligo
1508 1228 1603 1262 aperiet
1636 1233 1690 1254 ter—

902 1282 958 1301 ram
973 1282 1051 1308 super
1067 1277 1163 1308 gentes.
1181 1271 1264 1307 Super
1279 1278 1302 1299 Ie
1328 1278 1414 1299 autem
1434 1273 1567 1307 apparebit
1596 1273 1690 1301 Domi-

903 1329 962 1354 nus,
972 1325 995 1347 et
1012 1319 1096 1354 gloria
1110 1319 1167 1353 ejus
1183 1319 1210 1345 in
1226 1323 1250 1345 te
1264 1318 1405 1345 videbitur.
1421 1318 1454 1345 Et
1466 1319 1636 1346 antbulnburu
1650 1328 1690 1346 re-

903 1375 947 1403 ges
965 1367 991 1393 in
1008 1365 1065 1392 luce
1077 1369 1133 1397 (ua,
1151 1370 1175 1391 et
1190 1369 1277 1400 gentes
1288 1365 1316 1391 in
1336 1364 1473 1399 splendore
1486 1370 1541 1392 tuo.
1650 1357 1659 1365 ”

940 1411 1056 1439 Perinde
1063 1418 1095 1438 ac
1106 1410 1128 1438 si
1143 1411 1297 1445 promissio,
1315 1410 1349 1437 de
1357 1410 1490 1438 servando
1501 1410 1563 1438 olim
1575 1409 1686 1444 lsracle,

910 1458 972 1485 data
990 1461 1074 1490 esset,
1086 1457 1204 1484 exsultat
1219 1456 1417 1491 quodammodo
1433 1457 1475 1484 hic
1491 1456 1568 1485 nobis
1582 1458 1693 1491 prophe-

908 1504 960 1531 tica
980 1503 1078 1531 oratio.
1096 1502 1164 1530 Nam
1177 1507 1281 1530 tantum
1303 1509 1356 1530 non
1390 1510 1487 1537 magno
1516 1503 1634 1530 clamore
1665 1503 1692 1530 in

56 1546 203 1598 μονονουχὶ
219 1559 272 1594 γὰρ
286 1557 406 1594 μεγάλην
422 1557 506 1592 αἴρων
520 1555 559 1586 είς
573 1553 638 1589 ὕψος
649 1553 698 1588 τὴν
712 1552 776 1588 βοὴν
789 1552 834 1598 ὲπι

920 1550 987 1577 ltum
1017 1549 1133 1583 sublato,
1170 1553 1295 1577 resonat:
1314 1558 1323 1574 ι
1357 1548 1523 1581 illuminare,
1554 1549 1693 1584 inquiens,

56 1596 230 1644 ξρθέγγεταιυ
260 1614 269 1630 ι
288 1603 418 1636 Φωτίζου,
449 1600 577 1635 φωτίζου,
599 1599 695 1634 λέγων,
718 1598 779 1633 ἣκει
798 1596 852 1632 γάρ

56 1664 107 1682 σου
122 1654 154 1681 τὸ
167 1653 234 1688 φῶς.
255 1661 265 1678 ›
279 1649 374 1685 ’Δθρει
391 1649 418 1676 δὲ
431 1649 504 1680 ὅπως
519 1647 571 1682 πρό
581 1655 613 1681 γε
623 1645 678 1672 τῶν
690 1644 778 1672 ἄλλων
796 1644 852 1674 τοῖς

55 1701 88 1733 ἐξ
109 1698 221 1734 Ἰσραὴλ
236 1695 432 1731 ὲκνεμηθέντος
443 1693 518 1729 παρὰ
526 1692 593 1719 Θεοῦ
607 1691 655 1719 τοῦ
670 1690 741 1717 θείου
753 1689 851 1724 φωτὸς,

53 1747 140 1782 δῆλον
154 1745 183 1772 δὲ
197 1745 238 1771 δτι
254 1742 302 1769 τοῦ
317 1742 362 1768 διὰ
375 1739 505 1776 Χριστοῦ,
517 1739 558 1771 τὸ,
569 1738 631 1773 ἥκει
648 1745 694 1764 σου
703 1736 734 1762 τὸ
751 1735 819 1782 φῶς,
839 1735 854 1761 ό

54 1780 207 1828 προφήτης
238 1788 319 1824 φησὶ,
342 1786 482 1823 μονονουχὶ
511 1784 633 1820 παρόντα
655 1780 853 1828 καταδεικνύιον

53 1825 155 1869 αὸτόῖέ
184 1836 229 1862 τὸν
255 1834 341 1861 πάλαι
377 1833 426 1868 μὲν
449 1831 493 1858 διὰ
518 1831 611 1866 νόμου,
640 1829 686 1855 καὶ
707 1825 854 1863 προφητῶν

54 1884 150 1918 ἁγίων
176 1878 439 1917 προαπηγγελμένον
453 1897 461 1909 ,
481 1875 674 1911 ἑπιλάμψαντα
689 1873 717 1900 δὲ
738 1874 793 1904 τοῖς
808 1871 854 1918 ἐπὶ

54 1916 115 1965 γῆς
141 1929 170 1954 εν
192 1926 316 1962 ὲσχὰτοις
331 1924 378 1950 τοῦ
401 1923 499 1954 αἰῶνος
518 1921 622 1956 καιροῖς
650 1918 718 1954 μετὰ
743 1916 852 1965 σαρκός.

54 1962 150 2008 Adin
163 1974 192 2001 δὲ
207 1973 309 2008 Κυρίου
322 1971 367 1997 τὸν
380 1968 545 2003 ἐπιφανέντα
553 1966 646 2002 φησιν,
659 1963 778 1991 ἀνέτειλε
789 1962 844 1996 γὰρ

54 2007 110 2048 οἷάγ
130 2028 172 2051 τις
181 2007 257 2054 ἥλιος
271 2017 285 2043 ὁ
299 2015 415 2051 Χριστὸς
429 2013 498 2048 φωτὶ
511 2012 550 2048 τῷ
567 2011 631 2046 θείῳ
648 2010 694 2036 καὶ
707 2007 796 2043 νοητῷ
808 2015 856 2033 πε-

58 2065 262 2104 ριαστράπτων
277 2062 312 2090 τὰ
328 2062 359 2088 σύ
364 2069 485 2097 μπαντα,
498 2058 605 2093 καὶτῆς
618 2054 735 2104 ὰληθούς
746 2054 857 2104 θεογνω-

56 2099 127 2145 σίας
144 2099 249 2142 καθιεὶς
260 2109 310 2145 τὴν
323 2107 419 2142 αἴγλην
435 2107 492 2137 τοῖς
503 2102 684 2139 ἐτοιμοτέροις
700 2100 738 2131 εἰς
754 2099 855 2145 πίστιν.

59 2144 148 2186 Ἔστι
158 2158 186 2184 δὲ
200 2157 247 2184 καὶ
254 2144 316 2188 δόξα
326 2153 373 2180 τοῦ
383 2151 461 2184 Θεοῦ,
470 2150 517 2177 καὶ
529 2148 644 2184 Πατρός.
654 2148 697 2174 Ἐν
709 2145 783 2180 αὐτῷ
792 2144 856 2179 γὰρ,

58 2205 114 2232 καὶ
132 2203 167 2230 δι’
184 2200 279 2233 αὑτοῦ,
291 2199 338 2226 καὶ
358 2199 405 2224 σὺν
419 2195 495 2231 αὐτῷ
507 2194 657 2226 δοξάζεται.
675 2191 820 2226 Ζωγραιρεῖ
831 2189 859 2215 δὲ

906 1596 1057 1623 illuminare
1071 1603 1078 1622 :
1093 1595 1167 1622 venit
1192 1595 1264 1622 enim
1290 1600 1336 1621 tua
1352 1594 1409 1621 lux.
1427 1604 1436 1620 ι
1453 1594 1571 1622 Observa
1603 1600 1693 1623 autem

905 1649 960 1676 pra:
975 1641 1046 1672 aliis,
1062 1641 1125 1667 data
1139 1639 1270 1667 lsraclitis
1295 1647 1309 1666 a
1336 1638 1393 1667 Deo
1419 1639 1510 1667 divina
1546 1639 1615 1672 luce,
1646 1647 1695 1674 per

907 1686 1045 1714 Christum
1062 1685 1201 1719 videlicet,
1219 1685 1379 1720 prophetarit
1409 1686 1516 1713 dicere:
1546 1685 1626 1713 Venit
1651 1691 1695 1712 tua

905 1733 1086 1765 lnx,~tanlum
1103 1739 1155 1759 non
1172 1737 1332 1766 pra-sentem
1355 1738 1416 1758 esse
1444 1731 1591 1759 ostendens
1620 1739 1694 1762 οιιιιι,

907 1780 952 1813 qui
968 1779 1032 1806 olim
1047 1779 1073 1805 in
1086 1778 1146 1813 lege
1161 1783 1188 1805 et
1206 1785 1220 1804 a
1235 1777 1338 1804 sanctis
1351 1777 1490 1812 prophetis
1500 1778 1696 1811 prtenunlialus

907 1831 961 1857 εει,
982 1824 1083 1859 quique
1100 1823 1126 1850 in
1141 1830 1224 1850 carne
1235 1823 1380 1857 postremis
1409 1821 1501 1849 saeculi
1531 1823 1698 1856 temporibus

908 1871 994 1898 illuxit
1008 1869 1176 1897 mortalibus.
1188 1869 1326 1903 Vocatque
1341 1875 1401 1895 cum
1429 1868 1474 1903 qui
1488 1868 1624 1903 apparuit,
1645 1869 1698 1904 glo-

908 1918 975 1944 riam
998 1916 1116 1943 Domini.
1128 1915 1210 1944 Ortus
1224 1916 1296 1942 enim
1311 1920 1352 1942 est
1363 1914 1488 1942 Christus
1503 1919 1632 1950 tanquam
1658 1916 1697 1942 sul

908 1963 1016 1998 quidam
1022 1962 1091 1995 ,luce
1100 1961 1188 1989 divina
1198 1968 1230 1988 ac
1241 1961 1423 1996 intelligentia:
1430 1960 1589 1988 collustrans
1596 1961 1685 1988 omnia
1691 1983 1698 1993 ,

909 2014 936 2037 et
949 2016 1019 2037 verte
1038 2008 1085 2036 Dei
1100 2008 1266 2044 cognitionis
1293 2006 1463 2042 splendorem
1484 2007 1698 2042 promptioribus

909 2055 942 2081 ad
960 2055 1040 2082 ﬁdem
1072 2054 1286 2089 amplectendam
1312 2053 1471 2081 immittens.
1489 2054 1589 2088 Estque
1615 2053 1700 2087 gloria
1744 2053 1765 2066 "

911 2101 958 2128 Dei
973 2106 1001 2129 ct
1015 2100 1114 2129 Patris.
1130 2101 1158 2128 In
1173 2101 1232 2136 ipso
1242 2100 1312 2128 enim
1330 2106 1357 2127 et
1372 2108 1419 2134 per
1434 2100 1520 2134 ipsum
1530 2104 1556 2126 et
1572 2108 1633 2127 cum
1643 2099 1701 2134 ipso

910 2147 1086 2182 gloriﬁcatur.
1106 2147 1295 2182 Repraesentat
1313 2148 1384 2174 enim
1407 2152 1534 2181 tanquam
1556 2146 1582 2172 in
1592 2145 1701 2182 propria

912 2198 1008 2220 natura
1032 2199 1091 2219 eum
1110 2193 1155 2227 qui
1174 2192 1261 2227 ipsum
1286 2193 1401 2227 peperit.
1418 2192 1450 2218 Et
1470 2196 1604 2226 quatenus
1626 2191 1703 2218 novi-

56 2251 164 2284 ὥσπερ
177 2249 205 2274 ὲν
219 2246 272 2281 ἰδίᾳ
287 2245 366 2279 φύσει
383 2243 428 2269 τὸν
443 2241 556 2268 τεκόντα
567 2239 658 2266 αὐτόν.
674 2237 730 2263 Καὶ
747 2236 834 2262 ἐπεῖπε

917 2247 973 2266 mus
983 2238 1313 2273 Filium,contemplamur
1320 2239 1401 2265 etiam
1419 2237 1559 2272 peripsum
1569 2241 1596 2264 ct
1610 2237 1635 2264 in
1643 2237 1702 2271 ipso

57 2281 232 2330 ἐγνώκαμεν
247 2292 291 2318 τὸν
309 2290 383 2321 Υίὺν,
399 2287 551 2322 τεθεάμεθα
567 2285 595 2312 δὲ
619 2284 652 2311 δι’
671 2282 753 2310 αὑτοῦ
771 2290 800 2308 τε
814 2281 861 2307 καὶ

58 2345 95 2369 ἐν
112 2340 187 2375 αὑτῴ
203 2339 253 2374 τὴν
271 2336 466 2373 μεγαλειότητα
481 2333 528 2360 τοῦ
540 2331 656 2366 Πατρός,
673 2329 719 2356 καὶ
731 2328 779 2363 τὴν
791 2328 861 2354 ἀττα-

59 2374 207 2424 ράϐλητον
218 2383 307 2415 δόξαν,
325 2383 372 2409 καὶ
385 2381 440 2407 τῶν
455 2377 615 2414 θεοπρεπῶν
635 2376 797 2424 ἀξιωμάτιον
813 2374 862 2409 τὴν

59 2420 222 2467 ὗπεροχήν.
244 2429 298 2455 Καὶ
327 2427 392 2461 γοῦν
415 2426 466 2461 ἔφη
494 2433 545 2451 που
572 2421 704 2458 Χριστός·
730 2431 738 2446 ι
759 2420 860 2455 Πάτερ,

58 2477 184 2511 δόξασόν
196 2484 243 2502 σου
259 2474 304 2500 τὸν
318 2474 390 2505 Υἰὺν,
405 2472 448 2498 ἵνα
463 2471 509 2498 καὶ
520 2471 534 2496 ὁ
548 2469 610 2501 Υἱός
626 2477 671 2494 σου
685 2467 784 2502 δοξάσῃ
803 2474 859 2492 σε.»

62 2523 165 2558 Ὠφθη
183 2522 271 2549 τοίνυν
287 2520 390 2555 ένὴμίν
410 2519 427 2554 ἡ
444 2517 507 2550 δόξα
521 2516 568 2543 τοῦ
587 2515 655 2542 Θεοῦ
678 2514 725 2541 καὶ
746 2513 864 2548 Πατρὺς,

60 2568 133 2596 εἶτα
147 2568 203 2594 τῶν
218 2566 306 2594 ἄλλων
320 2565 449 2591 ἁπάντων
473 2561 557 2588 ἐθνῶν
572 2559 722 2594 ἀποκρίνας
742 2558 788 2585 τὸν
813 2558 864 2584 Ἰσ-

63 2615 156 2653 ραὴλ,
183 2613 220 2645 ὡς
244 2612 391 2648 ἐξαιρέτως
418 2609 598 2646 τετιμημένον
621 2607 698 2642 παρὰ
722 2606 800 2637 Θεοῦ,
819 2605 867 2631 καὶ

63 2652 177 2697 κλῆρον
190 2660 255 2687 ὅντα
269 2658 362 2690 αὑτοῦ,
381 2656 559 2692 προσεπάγει,
579 2655 627 2682 καὶ
648 2653 729 2689 φησίν
741 2660 748 2667 ·
769 2662 778 2678 ι
799 2652 865 2678 Ἰδοὺ

65 2709 175 2738 σκότος
201 2707 248 2733 καὶ
264 2705 362 2740 γνόφος
382 2703 495 2738 καλύψει
511 2702 563 2738 γῆν
581 2701 625 2728 ἐπ’
639 2700 713 2735 ἔθνη,
731 2699 777 2726 ἐπὶ
791 2698 819 2724 δέ
835 2706 865 2723 σε

113 2795 136 2812 δ’
153 2794 232 2822 ιῖοιιι.
252 2802 279 2826 x,
296 2791 372 2820 6-10.
411 2791 434 2806 ³⁸
453 2791 530 2818 .loan.
550 2787 659 2820 rvu,-l.

116 2884 156 2920 (1)
175 2882 278 2911 Hutni'r.
295 2881 382 2906 ἔσται.

262 2930 399 2959 Pn‘nor.
424 2927 481 2958 (in.
505 2925 606 2956 LXX.

914 2285 1003 2312 Patris
1014 2284 1241 2318 magniﬁcentiam
1256 2288 1284 2311 et
1296 2283 1533 2318 incomparabilem
1551 2283 1635 2319 840
1645 2282 1702 2318 glo-

917 2330 983 2357 riam
994 2350 1002 2363 ,
1020 2334 1046 2356 et
1060 2328 1157 2356 divinae
1175 2329 1344 2357 auctoritatis
1360 2329 1552 2365 dignitatisque
1569 2333 1701 2363 pra'slam

916 2377 992 2403 liam.
1001 2375 1139 2409 Siquidem
1149 2374 1272 2402 Christus
1281 2375 1377 2402 alicubi
1387 2376 1453 2403 dixit
1466 2384 1473 2402 :
1490 2384 1498 2398 ι
1516 2375 1607 2406 Pater,
1619 2375 1703 2410 glori-

916 2422 966 2448 ﬁca
980 2425 1053 2448 tuum
1064 2420 1172 2452 Filium,
1187 2424 1215 2446 ut
1226 2419 1309 2447 Filius
1320 2425 1379 2448 tuus
1391 2421 1523 2456 glorilicet
1537 2425 1563 2448 te
1575 2420 1625 2447 ὀ.»
1640 2419 1702 2446 Visa

917 2472 960 2495 est
971 2467 1062 2501 itaque
1074 2466 1101 2494 in
1113 2465 1278 2500 nobisgloria
1287 2466 1369 2493 Deiet
1380 2466 1479 2494 Patris.
1492 2466 1593 2494 Deinde
1607 2474 1701 2502 segre-

919 2519 982 2550 gato
996 2514 1029 2541 ab
1046 2513 1106 2540 aliis
1119 2513 1246 2547 gentibus
1258 2513 1382 2540 onmibus
1397 2512 1507 2545 lsraele,
1523 2517 1551 2539 ut
1568 2513 1669 2539 eximie
1682 2520 1697 2538 a

920 2561 974 2587 Deo
990 2560 1016 2588 in
1034 2560 1137 2587 honore
1159 2566 1191 2586 ac
1212 2559 1299 2594 pretio
1315 2558 1419 2591 habito,
1442 2563 1525 2593 utque
1540 2559 1598 2594 ejus
1628 2562 1705 2586 sorte

918 2614 950 2634 ac
961 2605 1127 2637 haereditate,
1136 2612 1216 2640 porro
1232 2605 1315 2636 addit,
1325 2608 1351 2632 et
1370 2604 1466 2638 inquit:
1487 2604 1572 2631 «Ecce
1587 2604 1705 2633 tenebrat

917 2656 944 2679 et
973 2651 1059 2686 caligo
1090 2651 1213 2685 operient
1244 2655 1342 2676 terram
1363 2654 1566 2684 supergentes;
1583 2657 1663 2684 super
1680 2654 1706 2676 te

918 2701 1008 2725 autem
1019 2695 1160 2731 apparebit
1173 2695 1312 2725 Dominus.
1321 2696 1388 2724 rNec
1394 2695 1533 2728 haecdicit,
1542 2694 1618 2730 quasi
1625 2694 1704 2734 Chi-if

1475 2916 1512 2947 42
