1893 3052
195 134 262 163 εἶ’ἒό

706 130 734 158 S.
756 127 897 158 CYRILLI
916 127 1148 156 ALEXAl‘ilJRlNl
1168 127 1326 155 ARCHIEP.

1762 122 1834 149 1524

194 197 237 221 sto
258 191 356 221 mundo
374 190 555 223 illucescente,
576 187 695 217 tenebrae
713 195 762 223 per
800 191 893 223 gentes
927 186 981 215 dis-

1049 186 1183 220 ιανήσεται
1196 184 1307 219 Κύριος.
1330 193 1339 209 ι
1356 183 1411 210 Καὶ
1423 183 1472 218 οὺχ
1489 182 1526 213 ὡς
1545 181 1658 212 σκότους
1682 178 1836 215 μέλλοντος

195 239 314 274 sipandaz
327 241 432 265 essent:
462 241 525 264 sunt
557 235 629 262 enim
664 234 803 262 illustratae
831 234 928 268 potius,
954 237 981 260 et

195 283 302 320 pristini
325 283 427 311 erroris
454 280 581 309 tenebras
594 281 761 316 abjecerunt.
780 280 814 308 At
839 279 886 314 qui
914 279 981 306 divi-

200 337 261 357 nam
289 328 458 363 Scripturam
482 327 649 362 interpretati
667 331 740 359 sunt,
759 325 911 360 promiscue
926 324 983 352 red-

195 377 262 403 dunt
286 382 356 409 s:epe
372 379 504 409 tempora.
527 373 620 408 Itaque
638 380 686 407 pro
714 381 723 397 (
741 371 828 407 Tegit,
846 379 856 397 ι
885 377 982 406 posue-

196 425 260 449 runt
281 430 290 447 ι
306 421 400 455 Teget.
419 429 429 446 ι
448 419 550 447 Verum
580 424 621 445 est
632 418 704 446 enim
717 417 826 445 Christo
846 424 900 452 pra:
924 416 984 444 aliis

200 467 328 495 illucenle
353 465 495 497 lsraelitis,
513 465 648 492 dctenlam
666 463 748 490 fuisse
766 462 890 489 tenebris
917 469 982 496 gen-

198 514 263 541 tium
294 511 512 542 multitudinem,
545 511 662 537 nondum
698 509 828 537 translata
854 509 880 536 in
911 508 984 543 ipsas

197 559 293 595 gratia.
314 558 385 586 Ecce
400 558 492 593 igitur,
510 556 607 590 inquit,
629 557 736 583 obtecta
752 559 794 582 est
815 553 934 582 tenebris
957 557 984 580 et

198 605 321 640 caligine,
339 603 515 639 ignorationis
551 602 654 629 Scilicet
680 606 707 628 et
731 599 843 630 erroris,
861 599 984 626 universa

200 655 270 677 terra
285 648 414 685 gentium.
429 647 516 682 Super
532 650 557 673 te
571 651 660 673 autem
677 644 815 680 apparebit
831 644 981 675 Dominus;

197 696 286 724 illuxit
300 695 383 726 enim,
399 698 429 721 ut
444 693 511 726 dixi,
534 692 587 719 illis
604 696 631 719 et
666 691 774 726 quidem
801 690 927 725 primum,
959 693 985 716 et

198 742 282 778 gloria
317 742 375 775 ejus
409 739 464 766 visa
489 743 540 770 est,
574 737 671 764 eximia
700 735 883 770 magnitudine
921 742 986 770 ope-

199 795 268 819 rum,
295 786 433 821 signorum
480 789 508 811 et
535 782 660 818 prodigii.
694 781 770 817 Apud
795 789 841 809 eos
859 781 987 817 "namque

199 832 327 860 miracula
344 830 438 864 edidit,
465 834 493 857 ut
508 830 590 863 Deus,
609 829 705 864 partim
725 833 844 856 mortuos
862 835 876 854 a
891 835 986 855 monu-

1032 229 1262 258 κατασκίδνασοαι
1277 229 1331 255 τῶν
1344 228 1429 255 sevo»;
1452 227 1657 262 ἐπιλάμψαντος
1675 225 1716 260 τῷ
1733 224 1838 259 κόσμῳ

1032 275 1163 312 Χριστοῦ,
1177 276 1211 302 τὰ
1224 274 1312 302 τοιάδε
1341 274 1409 310 φησὶ
1421 294 1428 305 ,
1444 272 1637 308 ητεφωτίσθη
1653 271 1683 297 δὲ
1714 270 1836 306 μᾶλλον,

1033 323 1079 350 καὶ
1102 323 1147 349 τὸν
1175 322 1226 357 τῆς
1251 321 1368 357 ἀρχαίας
1394 320 1500 355 ἀπάτης
1525 318 1700 354 ὰποὸέόληκε
1721 317 1836 344 σκότον.

1040 367 1230 404 Ἀδιαφοροῦσι
1259 367 1287 394 δὲ
1305 366 1463 398 πλειστάκις
1489 365 1552 401 περὶ
1572 365 1621 400 τὴν
1641 364 1698 391 τῶν
1724 363 1838 399 χρόνων

1033 415 1160 442 ἀπόδοσιν
1175 415 1199 441 οί
1215 414 1264 450 τὴν
1281 413 1355 440 θείαν
1374 412 1619 449 διερμηνεύσαντες
1633 411 1766 446 Γραφήν.
1785 410 1838 436 Τε-

1034 460 1139 488 θείκασι
1154 460 1254 494 τοίνυν,
1264 459 1324 487 ἀντὶ
1337 459 1384 486 τοῦ
1399 468 1408 485 ι
1422 458 1564 492 καλύπτει,
1583 466 1592 483 ι
1602 457 1633 484 τὸ
1655 466 1665 482 ι
1682 456 1834 490 καλύψει.»

1041 508 1153 543 Ἀληθὲς
1167 505 1221 542 γὰρ
1237 507 1277 534 ὅτι
1295 506 1342 533 καὶ
1359 504 1561 540 ἐπιλάμψαντος
1574 502 1621 530 τοῦ
1637 502 1774 538 Χριστοῦ,
1787 502 1836 528 καὶ

1034 553 1088 590 πρό
1106 562 1138 588 γε
1159 553 1214 580 τῶν
1232 552 1320 580 ἄλλων
1335 553 1391 584 τοῖς
1415 551 1445 585 ἐξ
1473 549 1589 587 Ἰσραὴλ,
1616 549 1657 575 ἔτι
1673 547 1837 583 κεκράτητο

1036 599 1123 635 σκότῳ
1142 598 1195 626 τῶν
1222 598 1306 626 ἐθνῶν
1325 599 1342 634 η
1369 597 1485 633 πληθὺς,
1513 595 1588 623 οῠπω
1610 593 1834 631 μετατιθεμένης

1034 646 1077 671 ὲπ¹
1093 645 1163 672 αὐτὰ
1180 645 1228 680 τῆς
1243 645 1363 681 χάριτος.
1372 643 1438 670 Ἰδοὺ
1452 643 1552 674 τοίνυν,
1563 641 1639 677 φησὶ,
1655 639 1834 667 κεκάλυπται

1036 691 1124 726 σκότῳ
1141 691 1188 718 καὶ
1199 691 1291 726 γνόφῳ
1301 712 1309 724 ,
1321 691 1370 726 τῆς
1387 687 1506 724 ἀμαθίας
1515 688 1647 724 δηλονότι,
1665 686 1715 713 καὶ
1728 685 1770 720 τῷ
1784 685 1835 718 τῆς

1036 737 1151 773 πλάνης,
1165 738 1182 774 ἡ
1196 738 1231 774 γῆ
1249 739 1326 765 πᾶσα
1341 737 1394 764 τῶν
1412 736 1507 768 ἐθνῶν,
1527 735 1574 761 ἐπὶ
1586 734 1615 761 δὲ
1629 733 1660 760 σὶ
1675 733 1835 768 φανήσεται

1036 783 1149 820 Κύριος,
1168 783 1309 819 ἐπέλαμψε
1323 783 1389 818 γὰρ,
1399 782 1437 814 ὡς
1453 780 1637 816 ἔφηηαὺτοῖς,
1650 779 1699 806 καὶ
1713 777 1835 813 πρώτως

1036 829 1114 865 ὤφθη
1129 838 1158 856 τε
1173 830 1264 862 αὐτοῖς
1279 830 1295 864 ὴ
1312 828 1375 861 δόξα
1390 827 1484 859 αὐτοῦ,
1501 827 1544 854 διὰ
1556 826 1607 860 τῆς
1622 824 1770 860 ὲξαιρέτου
1785 832 1835 858 με-

200 879 297 907 mentis
315 877 466 906 suscitans:
490 875 588 911 partim
627 881 759 902 cmcorum
788 873 874 901 oculis
897 872 986 900 lumen

1049 875 1213 911 ’ςέλοιιργίας⁹
1228 876 1275 902 καὶ
1290 874 1429 910 σημείων,
1451 873 1498 900 καὶ⁵
1523 872 1657 908 τεράτων.
1683 870 1834 904 Τεθαυμα-

199 925 357 956 immittens,
378 923 498 958 leprosos
513 920 662 948 emundans
679 924 760 953 nutu,
782 919 918 947 daemones
945 918 986 946 in-

199 977 312 1006 crepans
324 977 385 997 cum
409 968 616 999 auctoritate,et
633 965 737 992 nullum
751 965 861 992 omnino
878 964 987 992 modum

200 1016 420 1052 pi'aztermitlens,
446 1013 479 1041 ad
508 1012 586 1040 ﬁdem
621 1011 785 1044 faciendam,
824 1011 988 1046 persuaden-

200 1065 316 1097 dumque
329 1069 358 1088 se
368 1068 431 1088 vere
440 1060 522 1087 Deum
531 1066 602 1091 esse,
616 1063 643 1085 et
653 1058 698 1085 Dei
715 1057 864 1084 naturalem
877 1056 986 1084 Filium.

203 1119 212 1135 ι
229 1110 259 1136 El
277 1107 461 1138 ambulabunt,
480 1105 575 1140 inquit,
593 1111 670 1139 reges
687 1103 713 1131 in
728 1104 787 1131 luce
808 1107 864 1136 tua,
880 1107 906 1130 et
926 1109 990 1138 gen-

202 1160 242 1182 tes
259 1155 285 1181 in
304 1152 445 1189 splendore
472 1157 526 1179 tuo.
547 1160 557 1177 ι
588 1149 715 1178 Adnectit
739 1149 836 1177 iterum
859 1147 988 1184 propheta

201 1199 346 1228 visitationi
375 1197 558 1226 lsrnelitarum
603 1196 722 1231 gentium
756 1197 942 1230 vocationem,
961 1201 990 1223 ut

201 1246 319 1277 videant,
346 1244 368 1271 si
382 1247 557 1270 contemnant
570 1241 619 1276 ipsi
649 1248 697 1268 sua
728 1240 908 1268 inobedientia
938 1240 990 1268 Rc-

201 1294 379 1326 demptorem,
407 1293 434 1315 et
452 1286 575 1314 resiliant
608 1286 641 1313 ab
665 1286 724 1321 ejus
749 1285 903 1319 dilectione,
928 1294 988 1313 cum

202 1337 297 1372 capitis
322 1336 362 1364 sui
376 1335 486 1362 interitu
510 1341 540 1362 se
558 1341 609 1361 non
635 1332 692 1360 fore
717 1332 874 1360 destitutum
905 1332 990 1360 culto-

202 1384 288 1416 ribus,
303 1382 350 1410 sed
363 1386 458 1416 gentes
475 1380 564 1415 potius
579 1383 606 1406 et
619 1386 696 1414 reges
720 1385 768 1413 per
799 1378 877 1405 tidem
905 1378 990 1405 addu-

201 1436 318 1457 cturum.
339 1427 368 1455 in
385 1426 525 1461 splendore
550 1425 621 1452 enim
651 1425 714 1452 dato
746 1424 803 1456 tibi,
831 1423 930 1458 inquit,
963 1424 989 1451 id

202 1478 255 1506 est,
267 1473 293 1500 in
306 1471 484 1500 illustratione
497 1478 545 1505 per
559 1469 707 1500 Christum.
727 1468 902 1496 ambulabunt
914 1476 990 1504 reges

203 1526 231 1547 et
252 1524 354 1555 gentes.
378 1518 412 1544 At
423 1524 476 1552 quo
492 1515 692 1543 ambulabunt?
719 1515 752 1542 ad
773 1514 885 1542 salutem
917 1515 989 1542 vide-

1036 922 1172 959 τούργηκε
1187 922 1240 957 γὰρ
1249 921 1286 953 ὡς
1300 921 1365 953 Θεὸς
1376 921 1439 957 παρ’
1453 921 1553 951 αὐτοῖς,
1562 918 1642 945 τοῦτο
1652 918 1703 953 μὲν
1716 916 1835 952 νεκροὺς

1037 968 1148 1000 ἀνιστὰς
1162 968 1195 994 ὲκ
1213 967 1372 1003 μνημάτων,
1388 966 1466 993 τοῦτο
1476 965 1504 992 δὲ
1515 964 1624 999 τυφλῶν
1639 963 1796 998 ὀφθαλμοῖς
1806 962 1836 988 τὸ

1038 1014 1096 1050 φῶς
1111 1014 1210 1047 ἐνιεὶς,
1237 1013 1354 1049 λεπροὺς
1367 1012 1539 1048 ἐκκαθαίρων
1560 1010 1688 1045 νεύματι,
1705 1009 1834 1044 δαίμοσιν

1037 1059 1210 1096 ἐπιπλήττων
1233 1059 1292 1096 μετ’
1315 1059 1448 1091 ἐξουσίας,
1477 1058 1523 1086 καὶ
1541 1056 1713 1090 ἁπαξαπλῶς
1737 1054 1834 1082 οὐδένα

1037 1106 1138 1142 τρόπον
1152 1106 1241 1140 ἀφεὶς,
1253 1105 1282 1137 ὃς
1292 1103 1326 1141 ἦν
1341 1104 1432 1136 ἱκανὸς
1445 1105 1484 1136 εἰς
1499 1102 1700 1139 πληροφορίαν,
1711 1101 1757 1128 ὅτι
1770 1100 1834 1131 Θεός

1038 1152 1097 1178 ἐστι
1116 1151 1187 1178 κατὰ
1200 1151 1340 1187 ἀλήθειαν,
1367 1149 1415 1177 καὶ
1429 1148 1496 1176 Θεοῦ
1514 1148 1560 1175 τοῦ
1573 1147 1645 1175 κατὰ
1660 1145 1747 1181 φύσιν
1761 1145 1833 1175 Υἱός.

1042 1205 1051 1222 ι
1071 1196 1251 1231 Πορεύσονται
1272 1196 1309 1229 δὲ,
1326 1196 1403 1231 φησὶ,
1421 1194 1538 1230 βασιλεῖς
1557 1193 1596 1228 τῷ
1615 1191 1689 1228 φωτί
1709 1200 1773 1222 σου,
1788 1190 1834 1216 καὶ

1038 1243 1102 1277 ἔθνη
1116 1244 1148 1278 τῇ
1166 1241 1338 1278 λαμπρότητι
1355 1249 1412 1267 σου.
1433 1251 1442 1266 ι
1463 1240 1599 1267 Συνάπτει
1624 1237 1711 1266 πάλιν
1733 1237 1749 1264 ὁ
1769 1245 1832 1271 προ-

1039 1290 1127 1324 φήτης
1146 1289 1179 1323 τῇ
1195 1287 1337 1322 ἐπισκέψει
1364 1286 1417 1314 τῶν
1444 1286 1474 1320 ἐξ
1505 1285 1623 1321 Ἰσραὴλ,
1651 1284 1702 1311 καὶ
1715 1284 1768 1320 τὴν
1781 1284 1833 1311 τῶν

1039 1334 1125 1361 ἐθνῶν
1136 1333 1242 1369 κλῆσιν,
1259 1333 1292 1361 ἵν’
1306 1333 1409 1365 είδοῖεν,
1422 1333 1463 1359 ὃτι
1475 1332 1527 1359 κᾶν
1539 1333 1598 1364 ταῖς
1607 1331 1769 1363 ἀπειθείαις
1779 1333 1833 1358 ἀτι-

1041 1379 1163 1415 μάσωσιν
1175 1379 1252 1406 αὐτοὶ
1267 1379 1312 1406 τὸν
1326 1378 1483 1414 Δυτρωτὴν,
1497 1378 1544 1404 καὶ
1558 1376 1772 1412 ἁποπηδήσειαν
1787 1376 1834 1409 τῆς

1040 1427 1080 1458 εις
1096 1425 1176 1452 αὐτὸν
1191 1425 1312 1460 ἀγάπης,
1330 1426 1373 1452 ἐπ’
1395 1424 1498 1460 ὀλέθρῳ
1521 1423 1572 1458 τῆς
1588 1422 1683 1450 αὐτῶν
1700 1422 1830 1456 κεφαλῆς,

1039 1471 1142 1508 ἕρημος
1152 1472 1202 1498 οὐκ
1217 1471 1292 1498 ἔσται
1308 1469 1516 1506 apemtum-tm,
1536 1468 1704 1503 σαγηνεύσει
1717 1468 1747 1494 δὲ
1768 1468 1830 1503 μᾶλ-

1039 1517 1085 1545 λον
1097 1517 1142 1544 διὰ
1155 1517 1204 1552 τῆς
1214 1517 1410 1551 πίστεως,ἒθνη
1423 1525 1452 1543 τε
1462 1516 1508 1542 καὶ
1521 1515 1652 1551 βασιλεῖς·
1661 1516 1696 1551 τῇ
1705 1514 1760 1550 γὰρ
1768 1515 1829 1549 λαμ-

204 1567 266 1593 licet
287 1573 334 1600 per
353 1563 442 1594 tidem,
458 1561 491 1589 ad
508 1561 652 1596 gloriosam
669 1564 697 1587 et
731 1559 918 1595 inculpabiiem
947 1560 987 1587 vi-

1049 1563 1153 1600 τρότητι
1161 1564 1194 1599 τῇ
1200 1562 1307 1600 δοθείσῃ
1317 1571 1367 1596 σοι,
1376 1563 1453 1598 φησι,
1462 1562 1586 1588 τουτέστι
1597 1561 1636 1597 τῷ
1648 1560 1785 1595 φωτισμῷ
1797 1560 1829 1594 τῷ

205 1617 269 1642 tam,
297 1609 330 1636 ad
357 1607 495 1636 sciendum
506 1611 533 1634 et
549 1605 740 1638 conﬁtendum,
757 1605 816 1640 quis
830 1611 925 1633 natura
953 1605 988 1633 sit

203 1664 234 1684 ac
254 1663 318 1683 vere
349 1655 537 1682 universorum
556 1652 670 1680 Creator
690 1657 716 1680 et
745 1651 852 1687 Opil‘ex.
884 1652 987 1680 Adera-

205 1707 266 1730 runt
282 1707 399 1735 namque
425 1703 576 1727 creaturam
595 1705 650 1732 pra:
677 1697 816 1730 Creatore,
853 1703 882 1726 et
909 1699 988 1734 lignis

204 1755 235 1774 ac
246 1746 376 1781 lapidibus
391 1744 491 1772 cultqu
506 1743 692 1777 exhibuerunt.
710 1743 762 1770 Sed
782 1748 932 1779 postquam,
948 1744 988 1771 in~

204 1794 272 1828 quit,
290 1792 347 1819 luce
360 1791 406 1818 tibi
425 1790 508 1826 841
525 1790 588 1817 data
609 1789 733 1817 illustrati
751 1795 824 1821 sunt,
841 1790 924 1817 etiam
936 1790 987 1825 ipsi

206 1837 384 1866 ambulabunt
405 1841 477 1864 recta
499 1840 526 1864 et
539 1836 612 1871 regia
623 1836 676 1869 via,
690 1835 724 1863 ad
748 1835 852 1863 nullum
885 1836 990 1864 obicem

205 1885 232 1911 in
247 1883 335 1910 medio
355 1881 490 1916 iacentem
519 1880 709 1916 impingenles,
725 1881 771 1908 sed
789 1886 818 1908 ut
852 1881 879 1909 in
916 1881 990 1910 clara

205 1929 264 1956 luce
279 1933 306 1956 et
319 1928 373 1960 die,
391 1927 562 1962 quantumvis
578 1927 665 1954 noctis
679 1934 711 1954 ac
727 1926 900 1954 tenebrarum
931 1927 989 1961 lilii,

204 1973 294 2000 omnia
318 1971 475 2000 offendicula
491 1976 743 2006 pra-tercurrentes.

1041 1609 1116 1646 παρὰ
1129 1608 1260 1645 Χριστοῦ,
1275 1609 1451 1644 πορεύσονται
1465 1608 1584 1643 βασιλεῖς
1611 1609 1659 1634 καὶ
1677 1607 1753 1643 ἔθνη.
1767 1608 1827 1642 Πορ-

1040 1657 1162 1683 εύσονται
1174 1656 1202 1683 δὲ
1215 1656 1286 1689 δποι;
1298 1655 1344 1687 Et;
1355 1656 1404 1691 τὴν
1416 1655 1459 1683 διὰ
1470 1656 1586 1686 πίστεως
1596 1654 1738 1689 σωτηρίαν
1749 1653 1829 1688 δηλον-

1039 1702 1092 1733 ότι,
1111 1702 1152 1734 είς
1171 1702 1270 1728 εὐκλεᾶ
1284 1701 1330 1728 καὶ
1347 1701 1496 1737 ἀμώμητον
1513 1701 1596 1736 ζωὴν,
1622 1701 1663 1732 είς
1684 1700 1716 1726 τδ
1738 1700 1828 1726 εἰδέναι

1041 1749 1089 1774 καὶ
1107 1747 1256 1783 ὁμολογεῖν,
1266 1747 1307 1780 τίς
1318 1748 1332 1774 ὁ
1349 1747 1428 1782 φύσει
1438 1747 1485 1774 καὶ
1499 1746 1607 1782 ἀληθῶς
1623 1747 1684 1773 ἐστι
1699 1745 1755 1773 τῶν
1767 1745 1827 1772 ὅλων

1041 1794 1234 1830 Γενεσιουργὸς
1252 1793 1299 1820 καὶ
1312 1794 1447 1829 τεχνίτης.
1466 1793 1655 1828 Προσεκύνουν
1669 1793 1719 1828 μὲν
1733 1792 1785 1826 γὰρ
1798 1793 1825 1825 τῇ

1039 1841 1126 1866 κτίσει
1138 1840 1214 1876 παρὰ
1226 1840 1271 1867 τὸν
1284 1839 1425 1871 κτίσαντα,
1439 1839 1487 1866 καὶ
1501 1839 1601 1872 ξύλοις,
1617 1838 1666 1866 καὶ
1677 1838 1763 1870 λίθοις
1785 1839 1827 1865 ειν-

1039 1885 1128 1920 ἦπτον
1145 1885 1176 1912 τὸ
1188 1885 1280 1917 σέϐας.
1298 1885 1407 1920 Ἐπειδὴ
1418 1885 1446 1912 δὲ
1462 1885 1500 1920 τῷ
1509 1884 1612 1911 δοθέντι
1623 1893 1665 1911 σοι
1679 1885 1751 1919 φωτὶ
1769 1893 1827 1910 κστ-

1038 1931 1280 1966 ελαμπρύνθησαν,
1304 1931 1352 1958 καὶ
1377 1931 1464 1963 αὐτοὶ,
1481 1930 1558 1966 φησὶ,
1586 1929 1767 1965 πορεύσονται
1785 1930 1826 1964 τὴν

1038 1975 1147 2002 εὐθεῖαν
1160 1977 1205 2003 καὶ
1218 1976 1360 2012 βασιλικὴν
1369 1977 1440 2009 ὁδὸν,
1453 1976 1540 2003 οὐδενὶ
1550 1976 1769 2012 προσπταίοντες
1779 1975 1826 2002 τῶν

203 2019 247 2046 διὰ
264 2019 345 2054 μέσου
370 2018 513 2053 κειμένων,
542 2017 598 2044 ἀλλ’
613 2017 651 2049 ὼς
670 2018 699 2044 ὲν
732 2017 814 2054 αὐγῇ,
838 2019 884 2045 καὶ
908 2019 1011 2056 ἡμέρᾳ,
1047 2021 1136 2049 καίτοι
1159 2023 1275 2056 νυκτὸς,
1292 2023 1340 2049 καὶ
1356 2022 1468 2055 σκότους
1487 2022 1563 2054 ὄντες
1589 2023 1663 2055 υἱοὶ,
1682 2023 1771 2050 πάντα
1795 2022 1824 2048 τὰ

207 2065 341 2094 σκάνδαλα
354 2064 582 2100 παρατρέχοντες.

242 2112 322 2139 νειιε.
334 2111 396 2138 4-7.
420 2110 489 2137 Leva
504 2110 532 2136 in
549 2111 661 2136 circuitu
679 2112 768 2138 oculos
791 2117 860 2145 tuos,
877 2117 902 2140 et
934 2114 991 2140 vide
1007 2118 1028 2145 Ι)

207 2155 384 2193 rongregatos‘
400 2157 494 2183 liberas
514 2161 583 2182 tuos.
604 2155 670 2183 Ecce
687 2163 809 2184 uenerunt
823 2158 873 2192 ﬁlii
900 2159 941 2186 tui
962 2159 995 2187 de

207 2203 292 2235 longe,
310 2206 334 2228 et
352 2201 415 2234 ﬁlite
431 2204 483 2227 tute
501 2208 578 2233 super
594 2201 715 2228 humeros
727 2203 911 2236 portabuntur.
921 2204 994 2231 Tum:

207 2246 317 2277 videbis,
331 2251 353 2272 et
370 2245 482 2277 timebis,
502 2250 525 2271 et
538 2245 652 2278 stupebis
677 2247 764 2280 corde,
792 2248 853 2283 quia
882 2248 994 2283 transfe-

207 2296 298 2318 rentur
313 2291 346 2317 ad
360 2295 383 2316 te
397 2290 497 2317 divitiae
516 2291 597 2317 muris
619 2295 642 2318 et
653 2294 780 2326 gentium,
791 2299 815 2321 et
826 2294 992 2327 populorum,

208 2343 230 2364 et
249 2338 350 2364 venient
366 2338 400 2362 ad
420 2341 445 2362 te
460 2344 548 2371 greges
565 2337 733 2370 camelorum,
745 2344 768 2364 et
785 2338 899 2373 operient
917 2344 941 2366 te
950 2347 995 2366 ca-

209 2383 269 2410 meli
291 2382 408 2409 Modiam
425 2387 448 2409 et
463 2381 574 2416 Gepltar.
598 2382 693 2410 Omnes
717 2386 748 2410 tle
771 2383 858 2411 Snbbu
882 2386 995 2419 venient,

209 2426 317 2459 ferentes
328 2432 422 2451 aurum
436 2429 460 2451 et
478 2425 547 2458 titus,
561 2425 644 2458 [erant
662 2430 687 2452 et
704 2426 817 2460 lapidem
837 2428 994 2461 pretiosum,

209 2475 233 2496 et
249 2470 364 2496 salutare
374 2469 480 2497 Domini
491 2471 695 2497 annuntiubunt.
713 2471 745 2497 Et
760 2480 845 2499 omnes
859 2481 915 2499 oves
943 2473 992 2501 Ce-

209 2515 258 2541 dar
270 2515 494 2550 congregabantur
510 2517 544 2542 ad
561 2521 594 2547 te,
611 2521 634 2542 et
651 2516 743 2543 arietes
759 2515 880 2545 Nubeotlt
896 2518 993 2545 uenient

209 2561 244 2587 ar!
262 2566 295 2594 te,
310 2566 334 2588 et
349 2562 489 2596 afferentur
503 2563 673 2596 acceptabilia
689 2571 766 2597 super
801 2572 875 2591 aram
898 2572 991 2596 meam,

209 2611 234 2633 σι
246 2606 339 2634 domus
357 2605 481 2634 orationis
499 2615 562 2634 mete
578 2607 780 2642 gloriﬁcabitur.

246 2748 391 2781 Aptissime
409 2753 436 2774 et
451 2749 648 2782 sapientissime
664 2734 815 2783 disponitur
839 2749 896 2777 haec
930 2757 992 2777 ora-

1077 2111 1165 2147 Ἀρον
1176 2113 1278 2146 κύκλῳ
1289 2112 1359 2146 τοὺς
1377 2113 1551 2148 ὀφθαλμούς
1562 2119 1632 2145 σου,
1643 2113 1695 2140 καὶ
1706 2114 1751 2141 ἴδε
1764 2122 1824 2142 συν-

1042 2158 1157 2193 ηγμένα
1185 2158 1221 2186 τὰ
1239 2159 1331 2186 τέκνα
1352 2167 1423 2186 σου.
1461 2158 1533 2186 Ἰδοὺ
1557 2158 1651 2193 ἢκασι
1676 2160 1784 2193 πάντες
1801 2162 1823 2186 οι

1042 2205 1103 2231 υἱοί
1127 2212 1184 2231 σου
1210 2205 1370 2239 μακρόθεν,
1397 2204 1447 2232 καὶ
1473 2205 1503 2231 al
1521 2204 1683 2239 θυγατέρες
1706 2214 1763 2232 σου
1783 2206 1822 2232 ἐπ’

1042 2249 1128 2284 ὤμων
1157 2249 1356 2283 ὰρθήσονται·
1386 2250 1453 2276 τότε
1481 2249 1560 2284 ὄψει,
1586 2250 1636 2277 καὶ
1659 2250 1821 2284 scamonea,

1043 2295 1182 2329 ἐκστήσῃ
1197 2295 1234 2330 τῇ
1248 2295 1374 2329 διανοίᾳ,
1388 2295 1432 2322 ὅτι
1446 2295 1611 2330 μεταϐαλεῖ
1623 2297 1668 2329 εἰς
1690 2295 1729 2322 σὲ
1744 2296 1822 2322 πλοῦ-

1045 2350 1096 2373 τος
1108 2341 1275 2374 θαλάσσης,
1289 2341 1337 2368 καί
1353 2341 1458 2374 ἐθνῶν,
1475 2341 1524 2368 καὶ
1543 2340 1638 2373 λαῶν,
1655 2342 1706 2368 καὶ
1725 2342 1822 2375 ἥξουσί

1045 2394 1093 2413 σοι
1110 2386 1213 2422 ἀγέλαι
1230 2386 1383 2421 καμήλων,
1399 2388 1447 2414 καί
1463 2387 1641 2421 καλύψουσί
1652 2395 1691 2414 σε
1708 2387 1822 2422 κάμηλοι

1045 2432 1163 2467 Μαδιάμ
1183 2433 1232 2459 καὶ
1253 2433 1363 2467 Γεφάρ.
1388 2433 1502 2466 Πάντες
1526 2433 1560 2459 ἐκ
1583 2432 1684 2460 Σαϐϐᾶ
1713 2433 1820 2466 ἥξουσι.

1046 2477 1182 2512 φέροντες
1197 2479 1326 2512 χρυσίον
1342 2479 1390 2506 καί
1403 2479 1538 2510 λίϐανον,
1554 2479 1677 2505 οἴσουσι
1691 2479 1740 2505 καὶ
1749 2480 1822 2506 λίθον

1046 2523 1145 2557 timor
1161 2524 1210 2559 (ί),
1228 2524 1320 2551 καὶτὸ
1334 2524 1482 2558 σωτήριον
1498 2525 1609 2558 Κυρίου
1624 2524 1820 2560 εὐάγτελιοῐιν-

1047 2577 1093 2595 ται
1105 2577 1111 2584 ·
1129 2570 1178 2596 καὶ
1198 2570 1296 2597 πάντα
1311 2571 1345 2597 τὰ
1356 2571 1491 2604 πρόϐατα
1505 2569 1607 2603 Κηδὰρ
1619 2569 1819 2604 συναχθήσον-

1047 2615 1095 2641 ml
1109 2623 1170 2646 σοι,
1181 2615 1229 2641 καί
1241 2618 1267 2641 oi
1283 2615 1358 2649 κριοὶ
1375 2614 1509 2642 Ναϐαιὼθ
1523 2614 1637 2648 ἧξουσί
1652 2623 1714 2647 σοι,
1724 2614 1766 2641 καὶ
1778 2614 1820 2641 dr-

1047 2660 1258 2694 ενεχυήσονται
1268 2660 1356 2687 δεκτὰ
1367 2660 1415 2687 ἐπὶ
1431 2660 1464 2687 τὸ
1472 2660 1694 2694 θυσιαστήριώ·
1703 2669 1768 2696 μου,
1779 2659 1817 2687 καὶ

1047 2706 1064 2732 ό
1080 2703 1160 2738 οἶνος
1180 2705 1234 2740 τῆς
1246 2706 1419 2740 προσευχῆς
1426 2715 1484 2741 μου
1494 2706 1730 2741 δοξασθήσεται.

1083 2752 1243 2787 Οἰκονομίαν
1257 2751 1313 2789 ἔχει
1331 2753 1459 2787 πλείστην
1474 2761 1504 2779 τε
1518 2753 1585 2788 ὅσην
1608 2753 1656 2779 καὶ
1670 2754 1751 2788 σοφὴν
1761 2750 1815 2778 6M-

247 2834 285 2871 (Ι)
303 2835 426 2863 Ole-ovat
444 2836 491 2864 καὶ
511 2836 596 2864 λίθον
614 2837 720 2867 τίμιον.
738 2837 838 2865 Desunt
854 2837 911 2865 haec
923 2839 987 2866 verb

1063 2838 1146 2866 LXX.
