1893 3052
109 169 119 194 1
126 167 179 195 ὖῖὶῧ

664 169 697 196 IN
717 168 834 197 lSAlAM
856 169 919 197 LIB.

944 170 974 198 ν.
996 169 1114 198 TOMUS
1133 170 1175 198 IV.
1670 171 1738 199 1326

106 234 167 260 γος.
188 223 399 258 Εὗαγγελίζεται
414 225 466 258 γὰρ
482 224 529 250 καὶ
546 223 594 259 τὴν
616 224 669 250 τῶν
687 225 770 251 ἐθνῶν
791 225 896 261 κλῆσιν,

952 226 995 252 ιίο.
1017 226 1195 260 Evangelizat
1215 211 1287 251 enim
1303 224 1422 259 gentium
1437 225 1617 258 vocationem,
1632 230 1660 254 et
1674 227 1739 254 duo—

107 272 156 298 καὶ
170 270 225 296 τῶν
239 269 285 296 δύο
298 269 370 296 λαῶν
384 269 432 304 τὴν
442 269 539 296 ’ἐνωσιν
549 269 578 296 ἐν
591 270 711 305 Χριστῷ,
725 271 772 297 καὶ
789 272 838 306 τῆς
850 270 896 297 τοῦ

104 317 191 352 νόμου
209 317 288 347 σκιᾶς
302 316 351 350 τὴν
369 315 520 351 μεταὸολὴν
541 316 580 347 εἰς
602 315 730 351 λατρείαν
753 325 899 352 πνευματι-

105 363 170 398 κὴν.
187 362 279 389 Πάντα
295 361 349 397 γὰρ
378 362 407 387 ἐν
422 361 530 397 Χριστῷ
557 362 648 393 καινὰ,
667 363 712 389 καὶ
740 362 775 388 τὰ
799 363 898 398 ἀρχαῖα

105 405 256 441 παρῆλθεν,
274 405 365 432 ἔκτισε
382 405 409 432 δὲ
433 406 514 437 αὐτὸς
539 407 601 438 τοὺς
614 405 660 433 δύο
682 407 763 439 λαοὺς
788 408 827 438 εἰς
850 408 900 434 ἕνα

103 451 199 478 καινὸν
215 451 368 487 ἄνθρωπον,
385 451 469 478 ποιῶν
482 453 612 487 εἰρήνηψ,
630 454 677 479 καὶ
691 454 898 480 ἀποκαταλλάσ-

105 507 162 524 σων
177 499 239 530 τοὺς
249 497 420 533 ἀμφοτέρους
430 498 458 524 ὲν
469 499 508 524 ἑνὶ
521 498 626 533 σώματι
639 499 706 534 πρὸς
717 499 762 526 τὸν
777 500 896 535 Πατέρα.

104 545 217 572 Τούτων
230 545 358 572 ἁπάντων
373 546 490 571 ποιεῖται
505 545 554 580 τὴν
573 546 784 581 προαγόρευσιν.
805 547 852 572 καὶ
865 547 897 582 δή

104 599 174 625 φησι
202 590 270 625 πρὸς
288 590 337 626 τὴν
356 591 453 626 νοητὴν
473 592 650 627 Ἰερουσαλὴμ
663 614 670 625 ,
697 593 820 620 τουτέστι
850 594 898 629 τὴν

112 635 284 671 Ἐκκλησίαν.
301 636 352 671 τὴν
370 637 417 663 ἀπ’
430 637 517 672 ἀρχῆς
541 639 677 665 συστᾶσαν
697 639 727 672 ἐξ
753 639 896 667 Ἰουδαίων·

106 682 212 716 πρῶτοι
225 682 278 718 γὰρ
293 683 369 709 αὐτοὶ
381 683 606 711 πεπιστεύκασιν·
622 694 631 710 ι
643 683 729 720 Ἀρον
737 685 829 721 κύκλῳ
836 686 898 718 τοὺς

104 728 262 763 ὀφθαλμούς
282 737 340 760 σου,
370 729 412 755 καὶ
444 729 481 756 ἴδε
500 730 658 764 συνηγμένα
681 729 715 756 τὰ
735 730 818 756 τέκνα
839 739 896 757 σου.

111 775 178 801 Ἰδοὺ
202 775 257 810 γὰρ
271 775 354 810 ἥκασι
378 776 476 807 πάντες
495 775 546 802 υἱοί
569 784 616 802 σου
638 776 784 811 μακρόθεν,
809 777 855 803 καὶ
870 777 897 803 αἱ

105 819 257 856 θυγατέρες
282 830 328 848 σου
343 822 386 847 ἐπ’
400 820 481 856 ὤμων
496 821 671 857 ἁρθήσονται.
695 832 704 847 ι
735 822 778 854 Ὠς
797 822 852 858 γὰρ
867 823 898 849 ἐκ

105 867 209 899 παντὸς
225 868 316 899 ἔθνους
323 876 353 894 τε
369 869 414 894 καὶ
424 867 514 903 χώρας
531 868 705 902 συλλέγοντος
715 870 778 901 τοὺς
787 869 899 895 πιστεύ-

950 279 1008 298 rum
1026 272 1182 306 populorum
1200 271 1224 298 in
1243 270 1351 297 Christo
1367 271 1506 303 unionem,
1523 277 1549 298 et
1562 271 1655 306 legalis
1680 281 1739 301 um-

949 319 1004 345 bras
1024 318 1050 344 in
1063 317 1229 352 spiritualem
1240 316 1341 344 cultum
1358 317 1544 344 mutationem.
1561 317 1656 346 Omnia
1666 319 1738 346 enim

950 363 974 390 in
987 362 1096 391 Christo
1107 369 1186 395 nova,
1201 367 1229 389 et
1261 367 1351 390 vetera
1373 362 1578 396 praeterierunt;
1606 364 1739 392 condidit—

948 416 1001 443 que
1015 409 1083 436 duos
1098 408 1156 436 illos
1174 408 1286 443 populos
1300 407 1326 434 in
1343 415 1424 434 unum
1457 415 1555 436 novum
1587 409 1737 442 hominem,

949 462 1045 482 creans
1062 462 1165 489 pacem,
1181 459 1208 481 et
1220 453 1399 481 reconcilians
1415 453 1510 481 ambos
1541 454 1567 481 in
1595 462 1649 483 uno
1677 463 1737 483 cor-

948 507 1024 534 pore,
1043 500 1114 535 apud
1128 499 1246 527 Patrem.
1267 498 1368 526 llorum
1382 499 1504 527 omnium
1537 500 1736 534 praedictionem

949 546 1022 578 facil,
1037 551 1064 573 et
1083 545 1277 581 intelligibilem
1292 544 1453 578 Jerusalem,
1466 545 1493 573 id
1517 551 1559 574 est
1577 546 1735 580 Ecclesiam,

948 593 982 618 ab
997 593 1073 619 initio
1094 600 1125 618 es
1143 591 1245 619 Jndzeis
1258 591 1431 619 constitutam
1460 591 1626 626 alloquitur:
1656 593 1737 628 primi

947 639 1020 665 enim
1038 638 1074 664 illi
1090 638 1279 665 crediderunt:
1305 646 1314 662 ί
1343 636 1414 665 Leva
1446 638 1473 665 in
1497 638 1611 666 circuitu
1643 639 1736 667 oculos

949 691 1019 716 tuos,
1032 689 1059 711 et
1071 684 1131 712 vide
1148 690 1325 719 congregatos
1349 685 1449 713 liberos
1472 691 1543 713 tuos.
1568 685 1639 713 Ecce
1664 686 1735 714 enim

947 729 1061 756 veniunt
1076 737 1171 757 omnes
1183 729 1231 756 lilii
1255 729 1292 756 tui
1311 737 1326 756 c
1355 730 1511 765 longinquo.
1535 735 1563 758 et
1593 731 1653 759 lilia).
1685 737 1737 760 tute

949 775 974 802 in
990 775 1110 802 humeris
1131 774 1267 802 tollentur.
1285 784 1295 801 ι
1321 775 1427 802 All'atur
1441 776 1513 803 enim
1530 777 1572 804 his
1588 777 1677 805 verbis
1689 784 1737 806 eos

947 822 992 857 qui
1008 829 1041 849 ex
1055 821 1127 849 omni
1148 826 1227 856 gente
1255 825 1283 848 et
1298 821 1406 857 regione
1421 821 1524 849 collecti
1553 822 1736 855 crediderunt.

949 868 1106 901 Ecclesium,
1127 868 1249 903 inquam,
1274 867 1364 895 divina
1379 872 1407 895 et
1418 867 1572 902 evangelica
1603 868 1735 903 praedica-

106 921 208 944 σαντας
237 913 283 939 τοῦ
299 913 371 939 θείου
395 901 441 939 καί
459 901 637 947 εὐαγγελικοῠ
658 913 834 949 κηρύγματος
850 922 896 940 σα-

950 914 1021 941 tione
1048 914 1141 941 orbem
1170 918 1304 941 terrarum
1322 914 1474 946 irretiente,
1491 918 1519 941 et
1543 917 1670 949 tanquam
1701 915 1735 943 ad

104 959 267 994 γηνεύοντος
291 959 341 995 τὴν
365 959 410 985 ὑπ’
426 959 550 995 οὐρανὸν,
567 959 614 986 καὶ
637 959 674 991 ὡς
689 959 729 991 εἷς
743 968 804 986 τινα
821 960 897 986 πόλιν

104 1005 312 1041 εὐπυργοτάτην
334 1005 485 1039 ἁποφοιτᾷν
511 1005 705 1036 ἀναπείθοντος
731 1006 772 1036 είς
792 1005 841 1041 τὴν
854 1005 897 1032 διὰ

105 1052 226 1083 πίστεως
250 1051 329 1086 χάριν
344 1071 349 1080 .
378 1052 461 1086 ἤγουν
476 1051 515 1082 εἰς
537 1051 587 1086 τὴν
603 1050 658 1077 τῶν
685 1051 769 1085 ἁγίων
784 1051 896 1087 τροφὴν,

105 1099 179 1134 φημὶ
197 1099 228 1134 δὴ
247 1098 295 1134 τὴν
317 1097 491 1133 Ἐκκλησίαν,
509 1097 543 1124 τὰ
561 1097 649 1124 τοιάδε
670 1097 747 1132 φησι,
771 1098 896 1134 καθάπερ

103 1145 213 1180 ἀμέλει,
222 1145 267 1172 καὶ
275 1144 388 1180 ἑτέρωθί
397 1152 458 1170 που·
476 1153 484 1169 ι
492 1143 589 1170 Ἔσται
600 1143 663 1178 γὰρ,
673 1143 764 1178 φησὶν.
774 1143 802 1169 ἐν
814 1144 896 1178 ὲσχά-

103 1199 167 1223 ταις
183 1190 302 1226 ἡμέραις
316 1190 435 1225 ἐμφανὲς
446 1189 477 1216 τὸ
492 1189 553 1224 ὅρος
569 1189 672 1225 Κυρίου
684 1208 691 1220 ,
715 1187 823 1223 ἕτοιμον
851 1189 896 1215 ἐπὶ

103 1237 156 1269 τὰς
174 1236 295 1272 κορυφὰς
309 1236 362 1262 τῶν
374 1235 469 1271 ὀρέων,
490 1235 536 1261 καὶ
549 1234 796 1270 μετεωρισθήσεται
814 1234 896 1269 ὑπερ-

104 1284 164 1312 άνω
178 1283 232 1310 τῶν
246 1282 357 1319 βουνῶν,
377 1282 423 1308 καὶ
447 1281 558 1317 ἥξουσιν
574 1282 613 1312 εἰς
630 1281 696 1308 αὐτὸ
713 1281 776 1317 ἔθνη
800 1280 894 1313 πολλὰ,

103 1330 155 1358 καὶ
166 1330 269 1367 ὲροῦσι”
288 1329 380 1362 Δεῦτε,
396 1328 541 1364 ἀναϐῶμεν
555 1328 595 1359 εἰς
607 1327 638 1353 τὸ
653 1327 714 1363 ὅρος
725 1327 838 1363 Κυρίου,
850 1327 896 1355 καὶ

104 1379 148 1409 εἰς
161 1377 206 1404 τὸν
222 1375 294 1404 οἶκον
309 1375 355 1403 τοῦ
375 1375 443 1402 Θεοῦ
466 1374 575 1406 Ἰακὼϐ,
597 1375 644 1400 καὶ
667 1373 813 1408 ἀναγγελεῖ
831 1374 896 1409 ἡμῖν

102 1424 155 1459 τὴν
171 1424 229 1451 ὁδὸν
244 1422 336 1449 αὐτοῦ.
358 1422 412 1448 Καὶ
428 1419 617 1456 πορευσόμεθα
633 1421 661 1446 ὲν
681 1419 761 1455 αὐτῇ.
783 1429 791 1445 ι
809 1420 896 1446 Τέκνα

103 1471 137 1507 δὴ
155 1471 203 1506 τῆς
222 1469 399 1505 Ἰερουσαλὴμ
414 1468 474 1502 οὐχὶ
491 1467 566 1503 μόνοι
580 1466 700 1500 λέγοιντο
719 1466 751 1492 ἂν
763 1466 788 1492 οι
807 1466 836 1499 ἐξ
854 1466 896 1492 αϊ-

107 1525 191 1551 ματος
217 1515 333 1550 Ἰσραὴλ,
352 1514 419 1541 ἀλλὰ
431 1513 485 1549 γὰρ
501 1513 548 1540 καὶ
566 1513 684 1543 ἅπαντες
708 1512 732 1538 οἱ
750 1513 781 1538 ἐκ
797 1511 896 1544 παντὸς

104 1563 200 1594 ἔθνους
223 1563 269 1590 καὶ
281 1561 370 1597 χώρας
389 1559 551 1595 κεκλημένοι
562 1559 607 1586 διὰ
624 1559 742 1589 πίστεως
751 1559 791 1589 είς
803 1557 833 1584 τὺ
847 1558 896 1592 τῆς
909 1574 931 1604 c

104 1610 235 1644 ἀληθείας
247 1609 314 1643 φῶς.
335 1608 379 1640 Ὠς
394 1607 447 1642 γὰρ
461 1608 474 1633 ὁ
495 1606 630 1640 πάνσοφος
653 1605 753 1640 γράφει
767 1604 873 1635 Παῦλος
887 1624 893 1636 ,

107 1665 116 1680 ι
137 1655 174 1681 Οὐ
198 1654 297 1685 πάντες
321 1653 345 1679 οἱ
369 1651 399 1684 ἐξ
419 1651 536 1687 Ἰσραὴλ,
554 1647 626 1677 οὗτοι
654 1650 771 1686 Ἰσραὴλ,
783 1649 837 1677 οὐδ’
853 1651 894 1676 ὅτι

104 1700 160 1726 εἰσὶ
177 1699 285 1733 σπέρμα
300 1697 435 1732 Ἀϐραὰμ,
464 1696 564 1728 πάντες
581 1696 672 1728 τέκνα,
684 1695 752 1722 ἀλλὰ
765 1695 798 1722 τὰ
812 1695 894 1722 τέκνα

103 1747 156 1781 τῆς
171 1744 337 1778 ἐπαγγελίας
359 1741 495 1777 λογίζεται
509 1743 548 1773 εἰς
562 1742 684 1777 σπέρμα.
707 1751 717 1767 ι
736 1741 850 1777 Εἴρηται
865 1742 893 1769 δὲ

106 1790 183 1826 παρὰ
193 1789 259 1816 Θεοῦ
270 1789 337 1824 πρὸς
351 1788 395 1814 τὸν
405 1787 545 1814 θεσπέσιον
562 1786 696 1821 ’Λὸραὰμ,
706 1786 747 1812 ὅτι
759 1795 769 1811 ι
784 1786 894 1821 Πατέρα

105 1836 211 1864 πιλλῶν
225 1834 308 1861 ἐθνῶν
320 1833 429 1860 τέθεικά
445 1841 485 1858 σε.
500 1842 510 1858 ι
527 1831 633 1858 Οὺκοῦν
649 1831 686 1862 ὡς
702 1831 753 1866 ἤδη
774 1830 893 1866 πληθύος

105 1880 348 1916 συναγηγερμένης
365 1879 395 1911 ἐξ
416 1878 510 1910 ἐθνῶν,
533 1877 579 1904 καὶ
606 1877 812 1912 προσκυνούσης
826 1877 893 1913 Χρι-

105 1928 172 1963 στῷ·
193 1926 287 1963 Ἆρον,
299 1926 375 1961 φησὶ,
389 1925 481 1960 κύκλῳ
495 1924 558 1956 τοὺς
575 1923 729 1959 ὀφθαλμούς
745 1932 802 1955 σου,
814 1932 892 1950 τουτ-

105 1976 190 2006 έστιν,
207 1974 315 2001 ἃπασαν
327 1971 469 2008 πριὰθρει
479 1971 528 2006 τὴν
539 1970 710 2005 οἰκουμένην,
726 1970 772 1996 καὶ
787 1971 818 1996 ὲκ
831 1978 893 1996 παν-

103 2021 151 2052 τὸς
170 2020 268 2055 μέρους
283 2018 367 2053 αὐτῆς
377 2018 437 2053 ὕψει
451 2017 580 2053 τρέχοντα
588 2016 656 2052 πρὸς
672 2016 702 2043 a‘e
713 2016 748 2043 τὰ
759 2016 891 2049 σὰτέκνα,

102 2066 200 2102 ἥξουσι
215 2065 243 2091 δὲ
259 2065 345 2091 καίτοι
366 2062 474 2099 μακρὰν
489 2062 564 2094 ὄντες
588 2061 670 2093 ποτὲ,
687 2061 795 2097 μακρὰν
819 2061 847 2087 δὲ
860 2061 891 2089 οὺ

102 2111 237 2142 τοπικῶς,
250 2110 316 2138 ἀλλὰ
331 2109 400 2136 κατὰ
420 2108 533 2144 γνώμην
543 2128 549 2139 ,
569 2108 616 2134 καὶ
631 2107 751 2134 διάθεσιν
764 2105 820 2133 νοῦ.
838 2106 892 2133 Καὶ

103 2158 171 2194 γοῦν
187 2158 240 2192 ἔφη
253 2165 295 2188 τις
308 2155 362 2183 τῶν
381 2154 465 2189 ἁγίων
477 2153 624 2190 προφητῶν
637 2154 692 2184 τοῖς
704 2151 891 2188 ἁποδραμοῦσι

102 2204 152 2231 τοῦ
161 2204 260 2232 εἰδέναι
268 2202 312 2229 τδν
322 2201 401 2236 φύσει
415 2209 445 2226 τε
460 2200 506 2227 καὶ
515 2198 623 2234 ἀληθῶς
636 2197 701 2225 ὄντα
709 2198 786 2225 Θεόν·
799 2207 808 2223 ‹
819 2198 894 2232 Μνή-

947 960 1082 987 civitatem
1099 961 1243 995 quamdam
1256 959 1475 992 munitissimam,
1489 960 1522 987 ad
1536 959 1597 987 ﬁdei
1609 961 1734 995 gratiam,

948 1006 980 1032 ad
1015 1011 1169 1033 sanctorum
1202 1005 1292 1033 cibum
1320 1005 1472 1038 invitante,
1509 1005 1734 1040 quemadmodum

947 1051 1072 1078 videlicet
1100 1055 1128 1077 et
1152 1050 1214 1077 alibi
1238 1059 1244 1077 :
1270 1059 1280 1076 ι
1299 1050 1357 1077 Erit
1370 1050 1453 1083 enim,
1487 1050 1597 1086 inquit,
1633 1050 1659 1077 in
1688 1057 1735 1085 po-

947 1098 1056 1124 stremis
1070 1097 1165 1124 diebus
1192 1095 1347 1132 spectabilis
1362 1104 1438 1123 mons
1468 1096 1584 1128 Domini,
1611 1097 1735 1132 proposi-

950 1150 991 1172 lus
1009 1145 1036 1172 in
1053 1145 1200 1172 verticibus
1215 1143 1357 1175 montium,
1375 1148 1403 1171 et
1422 1143 1572 1172 elevahilur
1586 1151 1669 1179 supra
1678 1144 1735 1172 col-

948 1191 998 1222 les,
1015 1191 1177 1226 vcnientque
1192 1191 1224 1217 ad
1239 1191 1312 1217 illum
1331 1195 1425 1225 gentes
1449 1190 1548 1223 multae,
1577 1197 1610 1218 ac
1627 1191 1733 1219 dicent:

949 1238 1055 1269 Adeste,
1079 1238 1258 1264 ascendamns
1279 1237 1311 1263 ad
1329 1241 1446 1263 montem
1464 1236 1581 1270 Domini,
1599 1240 1627 1264 et
1639 1238 1673 1264 ad
1686 1236 1734 1264 do-

948 1292 1019 1311 mum
1033 1283 1116 1320 842
1150 1283 1195 1310 Dei
1209 1282 1300 1310 Jacoh.
1319 1282 1353 1310 Et
1370 1282 1540 1310 annuntiahit
1560 1283 1638 1311 nobis
1662 1283 1733 1312 viam

947 1330 1016 1365 ejus.
1030 1330 1063 1357 Et
1079 1329 1276 1357 amlmlahimus
1300 1330 1326 1356 in
1341 1337 1372 1356 ea
1390 1330 1423 1355 “.
1437 1339 1446 1355 ι
1461 1329 1552 1357 Liberi
1568 1335 1660 1358 autem
1687 1331 1733 1359 Je-

946 1375 1075 1409 rusalem,
1094 1384 1146 1403 non
1165 1376 1191 1402 hi
1207 1375 1255 1402 soli
1268 1375 1373 1402 dicendi
1388 1380 1460 1409 sunt,
1476 1376 1522 1411 qui
1538 1383 1572 1403 ex
1601 1374 1734 1412 sanguine

947 1422 1029 1450 Israel
1043 1422 1150 1450 oriundi
1176 1425 1250 1453 sunt,
1267 1422 1313 1449 sed
1331 1427 1463 1456 quotquot
1476 1429 1510 1449 ex
1539 1423 1613 1450 omni
1654 1428 1734 1459 gente

948 1475 979 1495 ac
995 1467 1102 1502 regione
1115 1466 1202 1494 vocati
1218 1473 1282 1494 sunt
1292 1474 1338 1500 per
1353 1466 1433 1494 [idem
1450 1468 1483 1494 ad
1497 1467 1621 1495 veritatis
1633 1467 1731 1501 lucem;

948 1518 976 1541 ut
987 1513 1058 1541 enim
1070 1512 1285 1547 sapientissimus
1297 1511 1393 1539 Paulus
1406 1512 1502 1540 scribit
1516 1522 1522 1540 :
1542 1522 1551 1539 ι
1565 1512 1623 1540 Νοη
1636 1520 1733 1541 omnes

947 1557 993 1594 qui
1011 1566 1043 1585 ex
1055 1557 1136 1585 Israel
1148 1578 1155 1590 ,
1174 1557 1198 1584 hi
1213 1556 1293 1584 Israel
1307 1566 1315 1591 ;
1331 1564 1379 1585 nec
1394 1556 1455 1592 quia
1479 1565 1571 1586 semen
1597 1559 1732 1587 Abraham

947 1607 1021 1635 sunt,
1036 1601 1232 1633 omnesliheri,
1248 1602 1294 1629 sed
1310 1601 1387 1629 liberi
1403 1602 1591 1636 promissionis
1606 1607 1734 1638 reputano

947 1651 992 1674 tur
1010 1647 1035 1674 in
1047 1654 1138 1674 semen
1156 1647 1189 1674 ".
1211 1656 1220 1672 ι
1242 1646 1348 1674 Dictum
1377 1648 1449 1675 enim
1462 1651 1503 1675 est
1519 1656 1533 1675 τι
1548 1649 1602 1676 Deo
1631 1650 1664 1676 ad
1694 1649 1734 1677 di-

947 1694 1039 1721 vinum
1057 1693 1217 1720 Abraham:
1247 1702 1257 1719 ‹
1289 1692 1396 1722 Patrem
1434 1694 1581 1721 multarum
1613 1695 1732 1730 gentium

947 1739 1075 1767 constitui
1089 1744 1114 1765 te
1125 1738 1158 1765 ".
1173 1748 1182 1764 ι
1202 1738 1296 1773 Itaque
1310 1738 1383 1765 velut
1406 1738 1643 1773 multitudinejam
1666 1748 1733 1768 con-

946 1789 1056 1820 gregata
1072 1792 1104 1812 ex
1122 1785 1246 1820 gentibus
1256 1788 1284 1811 et
1298 1784 1430 1812 adorante
1452 1784 1591 1812 Christum
1615 1792 1623 1812 :
1645 1784 1730 1818 Tolle,

947 1832 1044 1866 inquit,
1060 1832 1236 1858 circumcirca
1247 1830 1340 1858 oculos
1362 1836 1432 1863 tuoS,
1449 1831 1476 1858 id
1498 1836 1550 1864 est,
1574 1832 1732 1860 universum

947 1876 1040 1903 orbem
1063 1876 1212 1910 perlustra,
1237 1879 1264 1902 et
1283 1882 1314 1902 ex
1337 1875 1410 1902 οιιιιιί
1440 1879 1516 1910 parte
1543 1875 1602 1911 ejus
1629 1877 1733 1905 videbis

946 1922 1045 1949 liberos
1056 1925 1114 1948 tuos
1125 1921 1158 1948 ad
1174 1925 1200 1948 te
1210 1925 1392 1954 accurrentes,
1406 1921 1565 1955 venientque
1578 1922 1627 1948 etsi
1639 1922 1732 1956 procul

946 1967 1082 1995 abfuerint
1097 1966 1251 2001 aliquando.
1268 1965 1376 1998 Procul,
1400 1973 1452 1993 non
1469 1966 1574 1993 ratione
1591 1966 1642 1994 loci
1664 1967 1731 1994 diei-

947 2017 1000 2045 tur,
1021 2014 1067 2041 sed
1077 2014 1110 2040 ad
1125 2013 1244 2041 animum
1257 2012 1408 2046 mentisque
1421 2011 1590 2040 atl'ectionem
1604 2013 1730 2048 pertinet.

946 2060 1018 2087 Dixit
1032 2060 1159 2087 nimirum
1170 2059 1308 2094 quidame
1334 2058 1434 2085 sanctis
1459 2058 1599 2093 prophetis
1627 2058 1660 2085 de
1687 2059 1731 2086 his

945 2107 990 2140 qui
1009 2106 1166 2141 refugerunt
1185 2113 1199 2133 a
1218 2105 1312 2133 notitia
1340 2104 1399 2138 eius
1411 2105 1456 2140 qui
1491 2109 1587 2131 natura
1617 2109 1644 2132 et
1667 2113 1730 2133 vero

947 2153 1015 2180 Deus
1029 2157 1071 2180 est
1087 2161 1093 2179 :
1112 2161 1121 2177 ι
1143 2152 1198 2180 Vos
1211 2152 1256 2186 qui
1271 2151 1363 2186 procul
1389 2151 1500 2182 abestis,
1527 2158 1661 2178 memores
1687 2158 1730 2178 es-

947 2202 1000 2224 tote
1020 2197 1136 2229 Domini,
1163 2201 1191 2224 et
1217 2195 1364 2224 Jerusalem
1378 2196 1468 2223 veniat
1495 2196 1571 2223 vobis
1596 2196 1623 2223 in
1654 2203 1730 2223 men—

104 2251 198 2286 σθητε,
204 2250 230 2275 οἱ
241 2249 348 2284 μακρὰν
355 2245 401 2273 τοῦ
409 2245 520 2280 Κυρίου,
529 2245 576 2272 καὶ
583 2245 666 2280 Ίερου
670 2243 736 2278 σαλὴ
740 2253 760 2279 μ
767 2244 892 2280 ἀναὸήτω

947 2247 999 2270 tem
1023 2241 1056 2269 ⁸⁸.
1076 2251 1085 2268 ›
1117 2241 1288 2276 Scripsitque
1313 2242 1345 2269 de
1380 2240 1488 2268 Christo
1516 2241 1729 2276 sapientissimus

104 2298 152 2324 επὶ
165 2297 216 2331 τὴν
232 2294 343 2330 καρδίαν
359 2293 444 2329 ὑμῶν.
458 2302 468 2318 ι
487 2292 611 2326 Γέγραφε
628 2291 656 2317 δὲ
672 2291 718 2317 καὶ
732 2291 746 2316 ὁ
757 2290 893 2325 πάνσοφος

106 2342 213 2374 Παῦλος
230 2341 293 2376 περὶ
315 2337 449 2375 Χριστοῦ,
473 2338 513 2364 ὅτι
538 2347 548 2362 «
579 2336 678 2363 Ἐλθὼν
700 2336 893 2372 εὐηγγελίσατο

104 2388 280 2424 είρήνηντοίς
298 2385 415 2421 μακρὰν,
431 2384 478 2411 καὶ
493 2384 546 2415 τοῖς
557 2382 648 2417 ἐγγύς.
661 2393 670 2409 ι
689 2382 854 2409 Ἐπιστέλλει
865 2383 892 2409 δὲ

104 2435 215 2465 καὶτοῖς
224 2432 254 2465 ἐξ
262 2431 355 2459 ἐθνῶν·
373 2441 382 2456 ι
394 2429 628 2465 Διαμνημονεύετε
641 2429 721 2465 ὑμεῖς
732 2429 766 2456 τὰ
777 2429 851 2464 ἔθνη,
866 2430 891 2456 οἱ

104 2479 247 2513 λεγόμενοι
275 2475 441 2512 ἀκροϐυστία
464 2474 578 2510 ὑπὸτῆς
600 2475 748 2510 λεγομένης
761 2476 790 2501 ἐν
809 2475 892 2510 σαρκὶ

105 2524 258 2561 περιτομῆς
270 2522 469 2559 χειροποιήτου,
484 2522 524 2548 ὅτι
538 2519 585 2557 ἦτε
600 2522 627 2549 ἐν
637 2520 676 2556 τῷ
694 2521 781 2557 καιρῷ
795 2521 890 2556 ἐκείνῳ

104 2570 189 2606 χωρὶς
203 2568 320 2605 Χριστοῦ
336 2566 585 2602 ἀπηλλοτριωμένοι
598 2565 646 2600 τῆς
662 2565 767 2597 ἐλπίδος
780 2565 827 2592 τοῦ
840 2565 890 2592 Ἰσ-

106 2615 185 2651 ραὴλ,
197 2615 243 2641 καὶ
257 2614 326 2646 ξένοι
340 2613 392 2640 τῶν
403 2612 538 2648 διαθηκῶν
548 2612 596 2646 τῆς
610 2611 783 2645 ἐπαγγελίας,
796 2612 890 2638 ἐλπίδα

106 2661 144 2697 μὴ
158 2660 275 2695 ἔχοντες,
292 2660 338 2686 καὶ
355 2659 428 2687 ἄθεοι
447 2660 475 2684 ἐν
487 2658 525 2693 τῷ
539 2658 642 2693 κόσμῳ,
661 2657 709 2684 νῦν
724 2657 751 2683 δὲ
776 2658 852 2692 ὑμεῖς
866 2658 890 2683 οἱ

105 2708 170 2735 ποτὲ
181 2707 256 2737 ὄντες
266 2705 383 2741 μακρὰν,
397 2704 479 2739 ἐγγὺς
494 2703 639 2739 ἐγενήθητε
653 2703 727 2738 ἐντῷ
740 2703 834 2738 αἲματι
843 2703 890 2729 τοῦ

104 2753 234 2789 Χριστοῦ.
255 2762 265 2778 ι
282 2753 313 2778 0i
330 2752 383 2786 γὰρ
398 2752 466 2782 ὅλως
481 2750 547 2777 Θεὸν
562 2750 612 2776 οὐκ
632 2750 731 2781 ειδότες
751 2750 795 2776 τὸν
812 2749 890 2783 φύσει

110 2808 134 2826 rs
150 2799 197 2826 καὶ
208 2797 434 2834 ἀληθῶς,μακράν
447 2795 515 2824 εἶναι
529 2796 661 2830 λέγονται,
679 2796 724 2822 καὶ
743 2796 806 2828 sict,
821 2794 892 2821 κατὰ

142 2885 164 2901 ⁸⁸
186 2884 238 2912 lsa.
262 2893 292 2916 l1,
311 2885 339 2917 9.,
354 2883 381 2911 ⁸5.
418 2885 440 2900 ⁹¹
463 2882 541 2910 Rom.
565 2889 603 2915 tv,
619 2881 644 2910 7.
685 2882 708 2897 ’³
722 2881 801 2907 Rom.
821 2887 855 2912 iv,
873 2879 916 2906 l7.

944 2289 1063 2317 Paulus:
1087 2298 1096 2312 ι
1113 2287 1194 2315 Venit
1208 2291 1236 2314 et
1257 2287 1453 2322 evangelizavit
1478 2294 1571 2322 pacem
1611 2287 1654 2314 his
1681 2287 1727 2321 qui

944 2334 1049 2370 procul,
1067 2339 1093 2361 et
1106 2334 1157 2360 illis
1173 2334 1218 2367 qui
1235 2341 1318 2367 prope
1332 2338 1396 2360 sunt
1410 2333 1443 2360 °'.
1458 2342 1467 2358 ι
1484 2332 1611 2368 Misitque
1619 2333 1651 2360 ad
1667 2340 1728 2368 gen-

945 2387 984 2409 tes
1005 2380 1145 2416 epistolam
1174 2387 1180 2405 :
1200 2389 1209 2404 ι
1233 2380 1410 2413 Mementote,
1433 2379 1568 2414 inquiens,
1589 2386 1636 2406 vos
1663 2386 1728 2413 gen-

945 2432 995 2459 tes,
1011 2427 1055 2461 qui
1078 2427 1236 2460 prteputium
1253 2425 1425 2457 dicebamiui,
1443 2425 1477 2452 ab
1486 2433 1517 2453 ea
1531 2432 1592 2459 qua!
1611 2426 1726 2452 circurn-

944 2475 1011 2502 cisio
1031 2474 1057 2500 in
1076 2479 1158 2499 carne
1183 2472 1254 2499 dicta
1281 2476 1321 2498 est
1352 2471 1516 2504 manufacta,
1540 2473 1611 2505 quod
1644 2471 1728 2498 eratis

943 2520 987 2547 illo
1002 2521 1028 2547 in
1041 2524 1161 2553 tempore
1175 2518 1232 2544 sine
1244 2515 1362 2548 Christo,
1381 2516 1490 2543 alienati
1517 2524 1531 2543 a
1558 2523 1607 2551 spe
1632 2516 1726 2546 Israel.

941 2571 968 2594 et
980 2565 1099 2600 hospites
1114 2567 1337 2592 testamentorum
1363 2561 1562 2596 promissionis,
1586 2569 1662 2597 spem
1674 2569 1725 2588 non

942 2611 1081 2640 habentes.
1100 2613 1127 2636 et
1139 2608 1198 2635 sine
1212 2607 1265 2635 Deo
1286 2607 1311 2633 in
1329 2606 1437 2633 mundo.
1453 2605 1529 2633 Nunc
1546 2612 1648 2638 autem,
1665 2613 1725 2638 vos,

939 2657 984 2691 qui
1013 2657 1146 2690 quondam
1172 2653 1255 2681 eratis
1281 2652 1383 2687 procul,
1402 2651 1466 2679 facti
1489 2651 1555 2678 estis
1581 2651 1724 2687 propinqui

940 2702 966 2729 in
978 2701 1109 2737 sanguine
1124 2699 1225 2727 Christi
1244 2699 1279 2728 ".
1298 2707 1307 2724 ι
1325 2697 1375 2731 Qui
1393 2697 1464 2725 enim
1492 2697 1603 2723 omnino
1629 2701 1723 2724 natura

939 2753 966 2775 et
986 2755 1049 2775 vere
1066 2747 1150 2775 Deum
1164 2747 1302 2781 ignorant,
1326 2743 1420 2780 procul
1450 2750 1510 2770 esse
1533 2743 1670 2774 dicuntur,
1697 2747 1724 2769 et

940 2794 1091 2826 allectionc,
1112 2797 1140 2819 ut
1153 2792 1218 2824 dixi,
1235 2795 1263 2819 et
1274 2791 1374 2819 animo.
1391 2789 1445 2817 Sed
1460 2795 1536 2820 cccc,
1559 2787 1656 2822 inquit,
1677 2795 1723 2814 ve-

954 2877 1043 2904 ".ler.
1065 2885 1101 2910 LI,
1119 2877 1163 2904 50.
1202 2877 1225 2892 ³³
1246 2876 1342 2911 Ephes,
1359 2875 1442 2909 11,17.
1479 2875 1580 2905 "ibid.
1598 2876 1624 2903 Η
1647 2874 1689 2901 15.
