1893 3052
179 158 245 188 1⁵527

179 224 287 253 nerunt,
299 219 325 247 id
339 221 399 250 est,
419 222 473 244 non
491 215 570 250 longe
587 218 648 250 post
659 214 749 242 futura
778 217 820 241 est
842 220 891 241 nec
910 211 961 240 dii.
976 214 998 242 Α

179 267 280 296 feretur
307 270 400 292 eorum
415 261 533 295 vocatio,
546 261 594 290 sed
615 261 708 289 statim
735 262 805 288 hanc
831 259 960 294 praedica-

177 313 277 341 tionem
315 308 498 345 evangelicam
528 312 687 344 sequentur,
715 307 898 341 accedentqne
927 306 960 332 ad

178 359 259 386 Deum
278 365 325 392 per
344 357 436 390 ﬁdem,
449 357 509 385 sine
532 355 604 384 omni
621 354 725 387 labore,
746 358 774 381 et
795 352 869 380 omni
893 351 961 380 ditii-

172 405 276 432 eultate
300 409 329 432 et
353 403 463 432 sudore.
487 403 516 430 In
553 401 674 429 humeris
714 400 786 428 enim
821 399 959 427 tollentur.

175 451 242 479 Nam
259 451 392 486 figuratus
406 455 448 479 est
463 449 571 478 habitus
587 447 729 479 orationis,
766 446 841 474 velut
867 453 960 474 exem-

172 495 217 529 plo
235 503 249 522 a
266 495 348 523 rebus
363 494 463 523 nostris
479 493 571 529 petito.
595 491 688 520 Solent
704 491 776 519 enim
794 491 899 525 parvuli
917 491 960 517 iu-

171 539 264 568 rantes
294 540 402 575 nutriri,
417 543 445 568 et
467 539 494 567 in
514 544 637 567 materno
662 538 764 573 gremio
778 544 810 565 ac
843 537 961 564 brachiis

172 587 268 614 volunt
289 593 470 622 requiescere.
499 585 563 612 Tale
584 585 647 619 quid
665 585 694 611 tit
711 584 745 611 de
758 584 799 611 his
812 584 856 618 qui
876 583 959 610 vocati

169 636 235 659 sunt
248 632 281 660 ab
300 639 394 660 errore
408 631 512 658 Graeco.
527 630 697 658 Deliuiuntur
713 629 786 657 enim
817 637 831 656 ιι
862 632 960 664 mysta-

170 678 260 715 gogis,
282 685 335 706 non
349 677 454 706 duriter
474 680 637 708 tractantur,
658 682 708 703 nec
728 674 800 702 illico
814 681 863 710 per
887 681 961 709 aspe-

176 733 230 752 ram
243 725 314 752 viam
333 723 477 756 incedunt;
503 723 549 751 sed
581 722 653 750 velut
688 725 782 749 tenera
802 721 961 749 educatione

175 770 254 806 M3
282 770 425 800 iactantur.
447 774 473 797 et
496 769 623 805 paulatim
646 769 672 796 in
698 770 785 796 virum
812 769 960 803 perfectum

171 817 338 850 adolescunt,
360 817 386 845 in
402 823 556 844 mensuram
568 815 657 844 aetatis
671 815 848 851 plenitudinis
881 815 961 843 Chri-

170 863 217 890 sti.
234 862 374 898 Siquidem
386 862 514 897 pret-cpit
529 862 630 889 sanctis
647 861 789 896 apostolis,
817 866 845 888 ut
871 860 961 895 bapti-

175 913 265 937 tarent
281 916 376 936 omnes
389 914 493 943 gentes,
523 908 549 935 in
568 915 665 936 nomen
677 907 777 941 Patris,
802 911 829 935 et
842 907 916 940 Filii,
934 911 962 934 et

174 954 289 990 Spiritus
305 955 402 988 sancti,
417 955 597 990 docerentque
626 961 674 981 eas
692 961 803 982 servare
831 961 960 989 quaecun-

174 1009 225 1036 que
250 1001 304 1029 illis
319 1006 494 1036 prteceperat.
512 999 544 1027 Hi
561 1005 650 1028 autem
663 1000 714 1027 hoc
727 999 850 1027 factitare
875 1000 962 1027 volen-

177 1054 230 1079 tes,
257 1047 384 1075 methodo
403 1048 431 1074 et
460 1051 521 1073 arte
551 1045 665 1073 docendi
700 1045 753 1077 usi,
781 1045 868 1080 primo
895 1044 962 1072 nihil

175 1101 317 1122 onerosum
351 1093 538 1128 imposuerunt
573 1091 755 1119 credentibus.
789 1082 962 1126 Sci-ipseruut

175 1140 248 1168 enim
273 1139 419 1174 gentibus:
437 1148 447 1164 ι
467 1138 558 1166 Visum
577 1142 620 1165 est
636 1137 748 1172 Spiritui
766 1141 860 1165 sancto
875 1141 902 1165 et
915 1145 963 1164 no-

175 1186 217 1213 bis
243 1185 345 1212 nullum
359 1184 433 1211 onusi
443 1182 519 1210 vobis
534 1183 682 1218 imponere,
701 1182 752 1211 nisi
766 1187 796 1210 ut
806 1182 962 1210 abstineatis

175 1237 220 1258 vos
233 1237 248 1257 a
260 1229 435 1261 scortatione,
447 1231 474 1254 et
484 1226 626 1260 sull‘ocato,
640 1232 666 1254 et
679 1226 850 1262 sanguine".
866 1235 876 1252 ι
887 1225 961 1253 Seri-

169 1275 264 1311 bitque
279 1274 439 1310 quibusdam
455 1273 572 1308 optimus
584 1272 683 1300 Paulus
700 1281 707 1299 :
743 1281 752 1298 ι
785 1271 873 1299 Laetis
897 1276 962 1307 potu

175 1329 223 1350 vos
237 1321 303 1354 alui,
320 1328 373 1348 non
390 1327 463 1348 esca.
482 1319 605 1346 Nondum
618 1319 690 1346 enim
710 1318 850 1354 poteratis,
864 1319 912 1346 sed
928 1326 962 1346 ne

173 1371 244 1392 nunc
262 1364 370 1400 quidem
386 1363 498 1399 potestis
514 1363 548 1390 °‘.
569 1373 578 1389 ι
600 1362 784 1391 Perfectorum
805 1368 894 1391 autem
920 1369 962 1391 est

173 1409 250 1437 cibus
261 1409 374 1442 solidus,
387 1416 494 1441 eorum,
513 1409 632 1443 inquam,
647 1408 692 1443 qui
708 1413 818 1444 propter
839 1414 962 1437 assuetu-

176 1456 265 1483 dinem
283 1463 379 1483 sensus
395 1455 486 1483 cordis
497 1455 597 1483 habent
611 1455 782 1488 exercitatos,
808 1456 840 1482 ad
866 1455 962 1490 dijudi-

173 1501 307 1529 eationem
321 1501 383 1528 boui
401 1505 428 1528 ct
439 1500 513 1530 mali.
528 1500 622 1536 Itaque
647 1501 674 1528 in
703 1501 833 1534 humeris,
862 1501 959 1536 inquit,

173 1547 300 1575 tollentur
312 1546 358 1574 lilii
375 1546 446 1574 tuiet
460 1546 520 1573 ﬁlim
530 1551 591 1574 tum.
602 1546 677 1574 Tunc
691 1547 794 1575 videbis
801 1552 827 1575 et
842 1547 959 1578 timebis,
975 1556 996 1584 ς

168 1601 203 1622 ac
229 1592 361 1628 stupebis,
372 1600 434 1628 pro,
448 1593 635 1620 admiraberis.
660 1592 705 1620 Sic
720 1593 791 1620 enim
804 1598 832 1621 et
855 1593 960 1621 divinus

172 1639 308 1667 Abbacum
329 1648 336 1665 ε
355 1648 364 1664 ι
384 1638 508 1671 Domine,
538 1638 633 1673 inquit,
653 1638 742 1665 audivi
765 1645 859 1666 vocem
887 1643 959 1666 tuam

173 1690 199 1712 et
214 1684 301 1717 timui,
322 1684 490 1712 considerari
518 1691 600 1718 opera
631 1688 686 1718 tua,
709 1689 737 1712 et
759 1684 929 1719 obstupui".
947 1695 956 1712 ι

172 1729 297 1758 Solemus
321 1729 402 1757 etiam
418 1737 465 1757 nos
490 1729 541 1764 ipsi
555 1729 688 1756 interdum
711 1729 827 1758 dicere:
851 1730 957 1767 Stupui,

172 1783 231 1804 cum
244 1775 344 1811 aliquid
361 1779 456 1810 praeter
469 1775 623 1810 opinionem
638 1783 653 1802 ιι
666 1776 793 1810 quopiam
812 1776 871 1804 ﬁeri
894 1785 959 1804 con-

169 1823 271 1858 tigerit.
298 1822 485 1849 Admiraberis
502 1821 593 1856 igitur,
622 1821 726 1856 inquit:
753 1827 862 1856 ethute
900 1827 959 1850 tau-

167 1869 229 1896 dem
249 1868 329 1904 hujus
345 1868 383 1895 rei
398 1867 501 1896 causa?
530 1867 741 1895 'l‘ranslerentur
768 1869 840 1896 enim
870 1869 903 1895 ad
933 1874 959 1897 te

173 1913 274 1940 divitia:
296 1913 390 1946 maris,
407 1918 433 1940 et
450 1914 569 1948 gentium
600 1918 626 1939 et
653 1913 822 1948 populorum.
853 1914 958 1942 Clarius

172 1959 213 1985 ale
229 1958 350 1992 praedicit
382 1959 528 1985 vocandatn
555 1965 615 1986 esse
645 1967 694 1986 suo
710 1964 831 1994 tempore
849 1960 881 1987 ad
912 1968 958 1988 ve-

170 2004 259 2032 ritatis
294 2004 469 2038 agnitionem,
501 2005 619 2040 gentium
653 2005 862 2034 multitudinem.
898 2007 957 2035 Sita

170 2051 238 2078 enim
260 2050 312 2078 fuit
327 2049 482 2078 Judaeorum
500 2043 573 2086 regio
589 2052 621 2078 ad
647 2052 750 2088 plagam
776 2061 836 2088 qua:
846 2054 879 2082 ad
892 2062 957 2090 par-

168 2101 219 2124 tem
235 2096 380 2124 australem
396 2097 491 2131 vergit.
521 2097 585 2129 Qum
598 2105 661 2124 vero
699 2103 823 2132 spectant
857 2101 891 2128 ad
918 2108 957 2129 se-

168 2143 360 2179 ptentrionem,
374 2147 403 2170 et
427 2150 511 2174 mare,
526 2147 552 2169 et
568 2143 700 2176 civitates,
715 2153 746 2172 ac
763 2146 887 2181 regiones
905 2147 956 2176 ibi-

167 2192 227 2218 dem
247 2190 358 2225 positas,
375 2189 495 2225 gentium
513 2197 579 2225 grex
603 2191 715 2219 sortitus
748 2197 798 2220 est.
823 2192 955 2226 Quoniam

167 2240 257 2264 autem
273 2236 319 2270 qui
346 2243 360 2262 a
378 2235 493 2270 pristino
513 2243 606 2264 errore
618 2237 810 2272 discesserant,
826 2240 955 2268 mutatio-
971 2227 994 2256 θ

166 2290 228 2310 nem
244 2282 271 2308 in
285 2281 381 2309 melius
394 2281 527 2315 fecerunt,
555 2283 642 2310 vocati
657 2283 689 2310 ad
711 2285 877 2320 agnitionem
906 2293 955 2314 na-

166 2328 261 2356 turalis
278 2327 336 2362 Dei,
354 2335 402 2363 per
430 2335 477 2356 eos
488 2329 532 2363 qui
547 2329 740 2358 administrant
778 2331 954 2368 Evangelium

165 2374 266 2402 Christi
281 2383 288 2402 :
305 2374 369 2402 hinc
379 2373 445 2402 dicit
461 2374 663 2404 transferendae
681 2377 715 2404 ad
731 2377 880 2406 Ecclesiam
896 2386 955 2406 ma-

164 2421 202 2450 ris
217 2421 336 2448 divitias.
361 2419 467 2448 Divitize
483 2426 575 2449 autem
595 2427 670 2456 sunt,
685 2427 714 2450 ut
738 2424 803 2458 dixi,
846 2426 953 2454 urbium

164 2472 191 2494 et
203 2468 343 2502 regionum
367 2467 401 2494 ad
415 2474 489 2496 mare
504 2467 630 2501 sitarum,
655 2469 682 2496 bi
701 2471 746 2504 qui
772 2470 798 2498 in
821 2470 874 2500 illis
906 2472 954 2500 ha-

165 2513 260 2540 bitant.
292 2513 504 2549 «'Vcnientque,
535 2514 639 2550 inquit,
668 2515 700 2542 ad
733 2520 758 2544 te
788 2517 869 2544 etiam
892 2526 954 2554 gre-

165 2567 212 2594 ges
237 2561 412 2593 camelorum,
430 2565 458 2588 et
485 2565 576 2597 tegent
603 2566 630 2590 te
656 2563 752 2590 cameli
785 2563 898 2591 Iladiam
925 2569 952 2592 et

164 2604 280 2640 Gephar.
301 2614 310 2632 ι
349 2606 418 2634 Sunt
451 2607 524 2634 enim
558 2607 712 2636 Madianitae
741 2613 768 2637 et
810 2609 951 2645 Gepltaraei

164 2657 259 2688 gentes
273 2652 393 2680 ﬁnitima:
410 2651 572 2687 Jerusalem,
606 2654 738 2682 habentes
769 2657 953 2684 conterminas

162 2699 296 2733 regiones.
323 2697 408 2735 844
429 2697 496 2726 Nam
521 2699 715 2729 abominabiles
742 2707 829 2734 erant.
855 2708 883 2730 et
910 2703 953 2730 in-

162 2743 328 2775 circumcisi,
343 2748 370 2771 et
383 2743 541 2772 idololatria.
560 2744 613 2773 Sed
632 2750 659 2773 et
670 2753 718 2773 eos
735 2755 844 2782 quoque
859 2755 953 2775 vocan-

162 2790 212 2816 dos
226 2796 296 2821 esse,
313 2793 341 2816 et
356 2788 473 2816 fructum
489 2789 544 2818 Deo
555 2791 686 2825 edituros,
708 2792 782 2820 hisce
799 2794 887 2820 verbis
909 2802 951 2821 os-

199 2882 222 2897 ”
237 2881 297 2911 Act.
313 2889 355 2917 xv,
373 2882 418 2910 28.
455 2882 478 2898 ’⁸
493 2883 503 2911 l
516 2882 578 2911 Cor.
593 2891 634 2918 ιιι,
654 2883 680 2910 2.
719 2885 742 2900 ’⁸
760 2884 862 2914 llabac.
880 2893 898 2919 ι,
916 2885 942 2913 5.

689 151 716 179 S.
735 149 874 178 CYRILLI
894 147 1131 178 ALEXANDRIN‘I
1150 145 1308 175 ARCHIEP.

1738 150 1750 177 l
1756 150 1806 178 328

1012 211 1131 238 διάθεσίν
1145 220 1174 237 τε
1186 212 1232 238 καὶ
1246 209 1369 246 γνώμην,
1385 210 1423 241 ὠς
1447 209 1526 244 ἔφην.
1554 209 1623 235 Ἀλλ“
1641 209 1696 237 ἰδοὺ
1712 209 1806 244 ﬁxa-et,

1013 255 1090 292 φηάι,
1103 255 1254 288 τουτέστιν,
1274 255 1323 282 οὐκ
1337 255 1377 286 είς
1393 253 1512 290 μακρὰν,
1527 255 1588 282 οὐδὲ
1602 255 1643 286 είς
1659 254 1808 290 ἅνάόλησιν

1013 303 1136 338 ὴκλῆσις
1152 301 1243 330 αὐτῶν
1255 301 1348 328 ἔσται’
1360 300 1526 337 δραμοῦνται
1551 300 1604 337 γὰρ
1619 300 1717 336 ῶσπερ
1740 302 1809 327 κατὰ

1013 348 1080 375 πόδα
1095 348 1149 375 τῶν
1170 347 1355 382 εὖαγγελικῶν
1375 347 1562 382 κηρυγμάτων
1573 365 1583 380 ,
1602 347 1766 381 ποιήσονται
1782 347 1809 374 δὲ

1011 395 1062 430 τὴν
1073 393 1165 429 ἄφιξιν
1176 393 1225 428 τὴν
1240 392 1308 429 πρὸς
1317 392 1383 421 Θεὸν
1393 392 1438 420 διὰ
1451 393 1570 425 πίστεως
1577 393 1639 428 δίχα
1648 393 1734 420 πόνου
1743 401 1809 419 παν-

1012 440 1056 472 τὸς
1073 440 1235 476 δυσχερείας
1248 448 1279 466 τε
1293 439 1401 474 ἁπάσης
1426 439 1474 466 καὶ
1490 439 1601 474 ἱδρῶτος
1616 437 1807 474 ἐξῃρημένων.

1012 486 1072 512 Ἐπ’
1087 485 1170 521 ὤμων
1185 486 1238 521 γὰρ
1255 485 1420 521 ἀρθήσονται
1429 493 1436 500 ·
1449 484 1603 511 πέπλασται
1611 484 1667 520 γὰρ
1676 484 1707 510 τὺ
1716 484 1809 519 σχῆμα

1011 531 1059 558 τοῦ
1069 531 1148 565 λόγου
1167 531 1204 562 ὡς
1218 532 1250 557 ὲκ
1260 530 1479 566 παραδείγματος
1488 530 1534 557 τοῦ
1544 529 1605 557 καθ’
1613 531 1700 565 ἡμᾶς·
1711 529 1750 556 τὰ
1758 531 1808 564 γάρ

1013 586 1051 604 τοι
1066 577 1160 611 νεογνὰ
1173 577 1226 603 τῶν
1238 576 1346 612 βρεφῶν
1355 576 1523 612 τιθηνεῖσθαι
1535 576 1618 611 φιλεῖ,
1630 577 1746 608 καὶτοῖς
1757 576 1807 602 τῶν

1014 623 1138 659 μητέρων
1158 623 1268 655 κόλποις
1283 624 1331 650 καὶ
1350 622 1492 658 βραχίοσιν
1506 622 1737 650 ὲπαναπαύεσθαι
1763 621 1807 658 ζη-

1011 670 1061 696 τεῖ.
1087 668 1195 696 Γίνεταί
1209 676 1236 695 τι
1248 668 1369 695 τοιοῦτον
1380 668 1492 695 ἐπὶτῶν
1504 668 1681 704 καλουμένων
1699 670 1733 695 ὲκ
1748 669 1808 695 πλά-

1012 724 1060 751 νης
1081 715 1250 751 Ἑλληνικῆς,
1261 714 1455 751 θεραπεύονται
1468 715 1523 751 γὰρ
1540 715 1617 750 παρά
1631 714 1689 741 τῶν
1707 723 1808 750 μυστα-

1012 761 1120 796 γωγῶν,
1131 760 1406 796 σκληραγωγούμενοι
1421 761 1531 796 μᾶλλον,
1541 760 1602 788 οὐδὲ
1614 760 1665 797 τὴν
1679 762 1807 798 τραχεῖαν

1012 806 1093 838 εὐθὺς
1112 806 1198 838 ἰόντες
1212 806 1314 842 τρίϐον,
1334 807 1391 834 ἀλλ’
1407 804 1463 834 οἷον
1480 807 1523 834 διὰ
1534 807 1675 842 τρυφερᾶς
1699 807 1809 842 ἀγωγῆς

1013 853 1315 889 γαλακτοτροφούμενοί
1356 862 1386 880 τε
1427 855 1474 880 καὶ
1507 853 1703 885 ἀναϐαίνοντες
1741 853 1810 879 κατὰ.

1015 901 1101 936 βραχὺ
1125 901 1194 936 πρὸς
1217 900 1302 936 ἄνδρα
1317 900 1430 932 τέλειον,
1448 901 1488 932 είς
1512 901 1613 936 μέτρον
1636 900 1749 935 ἡλικίας
1765 899 1808 926 τοῦ

1013 946 1196 982 πληρώματος
1213 945 1261 973 τοῦ
1283 946 1413 981 Χριστοῦ.
1433 947 1488 974 Καὶ
1504 946 1569 980 γοῦν
1587 946 1747 973 ἐνετέλλετο
1762 946 1808 981 μὲν

1012 994 1069 1024 τοῖς
1089 993 1178 1026 ἁγίοις
1199 993 1359 1024 ἀποστόλοις
1375 993 1516 1027 βαπτίζειν
1532 993 1622 1020 πάντα
1635 993 1672 1019 τὰ
1687 993 1754 1027 ἔθνη
1772 994 1808 1024 εἰς

1013 1039 1043 1065 τὸ
1057 1039 1142 1073 ὄνομα
1159 1038 1206 1065 τοῦ
1228 1038 1346 1074 Πατρδς,
1361 1039 1409 1065 καὶ
1430 1038 1477 1065 τοῦ
1502 1038 1576 1070 Tia-3,
1602 1039 1649 1065 καὶ
1665 1039 1716 1065 τοῦ
1734 1038 1808 1074 thyio;

1014 1085 1184 1120 Πνεύματος,
1199 1085 1335 1112 διδάσκειν
1349 1093 1379 1111 τε
1393 1084 1462 1111 αὐτὰ
1486 1085 1580 1120 τηρεῖν
1595 1084 1689 1112 πάντα
1703 1085 1808 1119 ὅσαπερ

1013 1132 1105 1163 αὐτοῖς
1130 1131 1292 1159 ἐνετείλατο.
1316 1132 1348 1159 Οἱ
1370 1131 1399 1158 δὲ
1413 1131 1461 1158 καὶ
1484 1131 1564 1158 τοῦτο
1585 1130 1653 1166 δρᾷν
1672 1130 1808 1162 ἐθέλοντες

1014 1178 1143 1213 φορτικὸν
1157 1177 1233 1205 οὐδὲν
1252 1177 1411 1205 ἐπετίθεσαν
1432 1178 1461 1204 ὲν
1475 1178 1573 1213 ἀρχαῖς
1589 1179 1646 1209 τοῖς
1662 1177 1807 1204 πιστεύου-

1015 1234 1057 1252 σιν
1072 1225 1197 1262 εὺτεχνίᾳ
1211 1225 1347 1261 χρώμενοι
1369 1224 1556 1260 διδασκαλικῇ.
1573 1224 1740 1259 Γεγράφασι
1757 1225 1808 1259 γὰρ

1013 1273 1069 1304 τοῖς
1083 1271 1113 1305 ἐξ
1128 1271 1224 1305 ἐθνῶν,
1249 1272 1290 1298 ὅτι
1309 1271 1421 1304 «Ἔδοξε
1442 1271 1482 1307 τῷ
1503 1271 1574 1306 ἁγίῳ
1596 1270 1743 1305 Πνεῦμα-ιι
1764 1270 1808 1296 καὶ

1012 1320 1090 1355 ἡμῖν,
1117 1318 1199 1354 μηδὲν
1226 1318 1308 1345 πλέον
1330 1317 1501 1345 ἐπιτίθεσθαι
1528 1318 1592 1353 ὑμῖν
1619 1318 1714 1353 βάρος,
1737 1318 1805 1351 πλὴν

1013 1365 1165 1400 ἀπέχεσθαι
1182 1365 1253 1400 ὑμᾶς
1271 1364 1409 1400 πορνείας,
1431 1364 1479 1392 καὶ
1495 1363 1621 1397 πνικτοῦ,
1648 1364 1699 1391 καὶ
1723 1364 1807 1398 αἵμα-

1012 1421 1070 1444 τος.
1089 1421 1098 1437 ι
1121 1411 1224 1447 Γράφει
1239 1411 1267 1438 δέ
1282 1420 1337 1438 τισι
1353 1411 1400 1437 καὶ
1414 1412 1429 1437 ὁ
1444 1411 1612 1446 πανάριστος
1625 1411 1749 1442 Παῦλος,
1768 1411 1807 1437 ὅτι

1015 1469 1024 1484 ι
1042 1457 1116 1485 Γάλα
1130 1457 1244 1484 ἐπότισα
1259 1458 1343 1493 ὑμᾶς,
1365 1457 1395 1484 οὺ
1427 1457 1543 1493 βρῶμα,
1565 1457 1643 1484 οὔπω
1665 1458 1722 1493 γὰρ
1746 1459 1807 1492 ἠδύ-

1013 1505 1104 1535 νασθε,
1118 1503 1246 1530 ἀλλὀὺδὲ
1262 1504 1302 1530 ἔτι
1317 1504 1363 1531 νῦν
1378 1504 1643 1532 δύνασθε.»”ῐ“ελείων
1655 1505 1685 1531 δὲ
1701 1505 1777 1532 ἐστιν
1790 1507 1806 1541 ἡ

1015 1550 1114 1587 στερεὰ
1133 1550 1221 1585 τροφὴ
1236 1550 1290 1576 τῶν
1307 1550 1350 1576 διὰ
1371 1550 1420 1586 τὴν
1443 1550 1498 1584 ἕξιν
1514 1550 1549 1577 τὰ
1569 1551 1741 1587 αἰσθητήρια
1761 1552 1807 1586 τῆς

1015 1595 1127 1630 καρδίας
1141 1596 1356 1630 γεγυμνασμένα
1376 1596 1492 1630 ἑχόντων
1514 1596 1581 1631 πρὸς
1604 1596 1745 1633 διάκρισιν
1762 1607 1806 1624 κα-

1012 1641 1058 1668 λοῦ
1079 1650 1108 1668 τε
1133 1642 1180 1668 καλ⁴
1203 1641 1301 1669 κακοῦ.
1328 1642 1433 1668 Οὐκοῦν
1451 1642 1494 1668 ἐπ’
1517 1642 1601 1677 ὤμων
1625 1643 1804 1679 άρθήσονται,

1011 1689 1104 1723 φησὶν,
1128 1688 1152 1714 οἱ
1175 1688 1227 1715 υίοί
1243 1697 1302 1719 σου,
1319 1688 1367 1715 καὶ
1387 1689 1414 1714 αἱ
1439 1688 1588 1724 θυγατέρες
1613 1698 1672 1721 σου,
1697 1690 1758 1716 τότε
1779 1691 1805 1716 δὲ

1010 1734 1080 1768 ὕψει,
1097 1734 1143 1761 καὶ
1159 1733 1313 1771 φοὸηθήσῃ,
1331 1735 1378 1762 καὶ
1402 1735 1532 1771 ἐκστήσῃ,
1546 1736 1606 1762 ἀντὶ
1623 1735 1683 1767 τοῦ,
1701 1736 1806 1771 θαυμα-

1011 1788 1084 1811 σεις·
1102 1779 1173 1806 οὕτω
1198 1780 1252 1816 γάρ
1273 1789 1324 1807 που
1355 1781 1402 1808 καὶ
1425 1783 1439 1808 ὁ
1460 1781 1604 1813 θεσπέσιος
1629 1782 1803 1817 1661x0th-

1013 1836 1022 1852 ι
1040 1827 1147 1862 Κύριε,
1173 1827 1272 1862 φησὶν,
1298 1827 1449 1862 εἰσακήκοα
1478 1828 1527 1862 τὴν
1551 1828 1638 1863 ἀκοήν
1675 1837 1738 1860 σου,
1761 1830 1805 1854 zz".

1010 1872 1157 1909 ἐφοϐήθην.
1178 1872 1338 1907 Κατενόησα
1360 1873 1396 1900 τὰ
1411 1873 1479 1909 ἔργα
1494 1882 1541 1900 σου
1554 1895 1561 1906 ,
1584 1875 1632 1901 καὶ
1649 1875 1776 1910 ἐξέστην.
1794 1885 1802 1900 ι

1010 1918 1215 1954 Κατειθίσμεθα
1233 1919 1262 1946 δέ
1284 1927 1343 1951 πως
1361 1919 1408 1946 καὶ
1422 1920 1502 1954 ἡμεῖς
1517 1920 1608 1953 αὐτοὶ,
1628 1920 1670 1953 τὸ,
1691 1921 1815 1955 ἐξέστην.

1010 1965 1066 1992 ἔσθ’
1081 1966 1125 1992 ὅτε
1141 1966 1240 2000 λέγειν,
1258 1966 1323 1994 ὅταν
1337 1975 1363 1993 τι
1377 1966 1430 1993 τῶν
1442 1967 1603 2003 παραδόξων
1621 1968 1676 1994 ὑπό
1693 1977 1742 1995 του
1759 1977 1803 2003 γε·

1009 2012 1101 2040 νέσθαι
1116 2013 1218 2049 συμϐῇ.
1229 2013 1387 2049 Θαυμάσεις
1400 2014 1501 2048 τοίνυν,
1515 2015 1593 2050 φησι,
1607 2016 1657 2042 καὶ
1668 2016 1734 2042 ποία
1746 2015 1804 2042 τοὺ-

1008 2068 1055 2086 του
1082 2060 1230 2095 γενήσεται
1257 2060 1412 2095 πρόφασις;
1440 2061 1598 2088 Μεταϐαλεῖ
1625 2061 1682 2099 γὰρ
1707 2063 1748 2094 εἰς
1775 2063 1801 2088 σὲ

1008 2105 1123 2137 πλοῦτος
1138 2105 1286 2141 θαλάσσης,
1296 2106 1344 2132 καὶ
1360 2106 1455 2139 ἐθνῶν,
1465 2107 1515 2134 καὶ¹
1528 2107 1610 2134 λαῶν.
1625 2108 1803 2143 Σαφεστέραν

1008 2152 1037 2178 ὲν
1057 2151 1163 2183 τούτοις
1188 2153 1306 2178 ποιεῖται
1324 2153 1373 2188 τὴν
1392 2153 1604 2188 προαγόρευσιν,
1628 2153 1678 2180 τοῦ
1701 2154 1744 2180 δτι
1760 2163 1803 2181 κε-

1008 2197 1139 2233 κλήσεται
1155 2197 1225 2224 κατὰ
1250 2198 1363 2233 καιροὺς
1381 2200 1421 2230 είς
1437 2198 1584 2233 ἐπίγνωσιν
1600 2199 1736 2235 ἀληθείας
1752 2200 1802 2226 τῶν

1008 2243 1094 2270 ἐθνῶν
1109 2244 1126 2279 ἡ
1144 2243 1260 2279 πληθύς.
1280 2242 1335 2271 Ἦν
1361 2245 1410 2280 μὲν
1426 2245 1481 2280 γὰρ
1503 2245 1534 2271 ὲν
1557 2246 1614 2277 τοῖς
1629 2246 1802 2282 νοτιωτέροις

1009 2290 1122 2325 κλίμασι
1132 2290 1186 2317 τῶν
1194 2289 1329 2317 Ἰουδαίων
1338 2291 1355 2326 ἠ
1366 2290 1452 2326 χώρα,
1461 2291 1497 2317 τά
1505 2299 1536 2326 γε
1549 2291 1603 2326 μὴν
1611 2292 1682 2328 πρὸς
1690 2293 1800 2329 ἄρκτον,

1008 2337 1057 2364 καὶ
1068 2336 1219 2370 θάλασσαν,
1229 2337 1276 2363 καὶ
1289 2336 1391 2371 πόλεις,
1403 2337 1450 2364 καὶ
1465 2337 1514 2369 τὰς
1525 2337 1568 2364 ἐπ’
1581 2338 1651 2374 αὐτῇ
1671 2339 1802 2374 κειμένας

1008 2383 1100 2420 χώρας
1113 2383 1141 2409 αἱ
1154 2382 1208 2410 τῶν
1224 2382 1308 2410 ἐθνῶν
1321 2382 1419 2417 ἀγέλαι
1442 2383 1670 2419 διεμοιρὼσαντο.
1693 2385 1799 2421 Ἐπειδὴ

1008 2429 1036 2456 δὲ
1051 2430 1101 2465 τῆς
1123 2429 1241 2465 ἀρχαίας
1256 2429 1365 2465 ἀπάτης
1381 2430 1618 2466 ἀπονοστήσαντες
1640 2431 1692 2467 τὴν
1706 2432 1749 2464 εις
1768 2432 1800 2458 τὰ

1008 2475 1113 2510 ἀμείνω
1139 2475 1292 2511 μεταϐολὴν
1311 2476 1445 2512 ἐσχήκασι
1468 2476 1627 2512 κεκλημένα
1650 2477 1721 2514 πρὸς
1744 2478 1800 2505 ἐπί-

1008 2529 1109 2556 γνωσιν
1123 2520 1172 2547 τοῦ
1194 2521 1265 2548 κατὰ
1287 2521 1367 2556 φύσιν
1384 2521 1460 2553 ὄντος
1475 2521 1541 2548 Θεοῦ
1555 2522 1601 2548 διὰ
1620 2522 1679 2549 τῶν
1695 2523 1798 2558 ἱερουρ·

1007 2568 1127 2603 γούντων
1139 2566 1170 2594 τὸ
1184 2567 1350 2602 Εὑαγγέλιον
1362 2567 1410 2594 τοῦ
1432 2567 1563 2604 Χριστοῦι
1583 2568 1718 2604 ταύτῃτοί
1736 2579 1798 2604 φησι

1004 2613 1166 2649 μεταϐαλεῖν
1185 2615 1225 2645 εις
1245 2613 1294 2649 τὴν
1328 2613 1494 2650 Ἐκκλησίαν
1517 2615 1567 2650 τῆς
1589 2614 1732 2651 θαλάσσης
1756 2615 1797 2642 τὸν

1003 2659 1128 2686 πλοῦτον⁹
1146 2659 1261 2692 πλοῦτος
1276 2659 1314 2693 δὲ,
1341 2660 1379 2692 ὡς
1396 2660 1475 2696 ἔφην,
1490 2661 1545 2687 τῶν
1570 2660 1641 2696 πρὸς
1661 2660 1797 2695 θαλάσσης

1004 2706 1138 2741 κειμένων
1165 2705 1269 2733 πόλεων
1294 2706 1341 2734 καὶ
1366 2707 1473 2743 χωρῶν,
1495 2708 1520 2734 οἱ
1548 2707 1745 2739 κατοικοῦντες
1770 2707 1796 2732 ἐν

1004 2752 1111 2784 αὑταῖς.
1139 2761 1148 2778 ι
1164 2752 1278 2786 "lignus:
1302 2753 1330 2780 δέ
1361 2761 1413 2786 σοι,
1437 2753 1522 2788 φησὶ,
1554 2753 1604 2781 καὶ
1623 2753 1721 2783 ἀγέλαι
1752 2762 1792 2779 κα-

1006 2798 1108 2833 μήλων,
1126 2799 1173 2826 καὶ
1186 2799 1336 2835 καλύψω.»σὶ
1357 2809 1385 2827 σε
1402 2800 1520 2836 κάμηλοι
1544 2800 1660 2836 Μαδιὰμ
1682 2801 1730 2828 καὶ
1749 2800 1795 2827 Γεο
