1893 3052
107 196 178 224 {539

668 205 699 225 in
720 199 833 226 lSAlAM
854 199 917 227 LIB.
937 200 968 228 ν.
989 200 1106 229 TOMUS
1126 199 1169 228 IV.

1665 197 1730 226 1550

107 253 176 288 φάρ.
197 261 206 278 ι
223 253 306 288 Ἔθνη
330 253 380 289 μὲν
395 253 449 289 γὰρ
481 253 606 289 περίοικα
628 255 679 289 τῆς
706 254 891 290 Ἰερουσαλὴμ,

948 256 1038 283 tendit.
1067 256 1150 283 Eram
1164 256 1236 283 enim
1251 263 1370 283 sessores
1392 255 1566 287 camelorum,
1585 258 1611 282 et
1624 254 1722 281 victum

107 299 156 326 καὶ
175 299 223 331 τὰς
245 298 362 335 ὁμόρους
384 299 489 334 ἔχοντα.
515 301 674 335 Μαδιηναίοί
697 309 727 327 τε
750 302 796 328 καὶ
820 302 844 327 οἱ
861 303 893 328 ὲκ

107 343 212 381 Γεῐράρ.
226 343 317 372 Ἦσαν
340 345 395 381 γὰρ
417 345 551 382 βδελυροὶ,
579 347 625 374 καὶ
647 347 822 383 άκρόϐυστοι,
846 348 894 375 καὶ

107 391 311 428 εἰδωλολάτραι,
334 392 392 419 ἀλλ’
412 393 453 419 ὅτι
479 393 657 429 κεκλήσονται
677 394 724 420 καὶ
743 394 828 427 αὐτοὶ,
847 394 894 422 καὶ

109 437 353 472 καρποφορήσουσι
376 437 415 472 τῷ
438 437 508 473 Θεῷ,
520 438 700 465 διαδείκνυσιν
725 439 755 465 ὲν
778 439 894 470 τούτοις.

107 479 200 509 Ἦσαν
216 483 266 518 μὲν
282 482 336 518 γάρ
349 483 465 518 ἐμϐάται
485 484 627 520 καμήλων,
642 485 689 511 καὶ
704 485 752 516 τὰς
773 485 821 511 τοῦ
844 484 894 520 ζῇν

107 527 237 562 ἀφορμὰς
265 528 318 554 ἀπό
339 536 371 563 γε
395 529 441 555 τοῦ
465 529 611 564 μάχεσθαι,
635 531 682 556 καὶ
703 531 894 566 κτηνοτροφεῖν

108 572 282 608 ἐπορίζοντο·
309 571 379 610 ἦσαν
400 574 429 601 δὲ
447 574 488 601 δτι
508 574 626 610 μάλιστα
651 577 707 607 τοῖς
728 575 757 609 ἐξ
776 576 893 611 Ἰσραὴλ,

109 618 170 644 ἀλλ’
183 619 208 645 oi
223 619 288 645 ποτὲ
306 619 477 655 πλανώμενοι
489 619 598 655 βέϐηλοι
608 629 637 647 τε
656 621 703 647 καὶ
717 621 827 656 ἄμικτοι
839 623 895 653 τοῖς

106 664 285 699 ἡγιασμένοις
297 663 401 700 ἥξουσι,
417 666 509 701 φησὶν,
524 666 554 692 οὺ
569 666 628 693 καθ’
641 667 690 694 ἕνα
707 667 816 702 μᾶλλον,
830 668 894 701 ἂγε--

107 711 188 746 ληδδν
202 711 230 738 δὲ
243 711 348 747 ὥσπερ,
367 712 413 738 καὶ
432 712 504 739 κατὰ
526 712 640 748 πληθὺν,
657 713 673 748 ἢ
688 713 820 749 καμήλοις
842 714 892 740 ὲπ-

107 755 263 792 οχούμενοι,
286 757 368 792 ἤγουν
386 758 459 793 άπερ
485 757 577 793 ἔχουσι
593 758 833 794 προσκομίζοντες,
846 759 892 785 καὶ

106 803 167 834 τοῖς
179 802 249 829 κατὰ
261 804 341 838 χεῖρα
351 803 485 838 τιμῶντες
502 803 579 831 Θεόν.
597 813 606 829 ι
625 803 739 837 Ἦξουσι
751 804 780 831 δὲ
794 805 893 836 πάντες

107 847 141 874 ἐκ
161 847 253 874 Σαϐϐᾶ
268 848 395 884 φέροντες
409 848 520 884 χρυσίον
539 849 587 875 καὶ
603 848 721 882 λίϐανον,
732 849 836 876 οἴσουσι
848 849 894 876 καὶ

106 892 183 920 λίθον
195 892 296 928 τίμιον,
317 893 364 920 καὶ
382 893 413 921 τὺ
439 894 571 930 σωτήριον
586 894 688 930 Κυρίου
708 894 895 929 εὐαγγελιοῦν-

945 306 978 328 ex
993 300 1068 328 bellis
1082 306 1109 328 et
1120 301 1259 336 pecoribus
1283 301 1422 335 pascendis
1442 301 1610 334 quaerebant;
1629 303 1718 326 erant-

946 353 998 381 que
1011 346 1138 374 lsraelitis
1153 346 1342 374 inimicissimi.
1372 346 1425 373 Sed
1457 346 1502 380 qui
1534 345 1608 377 olim,
1629 344 1726 379 inquit,

946 392 1073 420 errabant
1105 397 1132 420 et
1160 391 1264 428 profani
1287 396 1374 426 erant,
1405 391 1561 426 nullumque
1599 389 1732 417 habebant

946 444 1007 465 cum
1038 437 1214 465 sanetilicatis
1245 437 1449 469 commercium,
1490 435 1610 467 venient,
1634 435 1730 468 inquit,

946 490 998 510 non
1015 483 1126 516 viritim,
1149 483 1196 511 sed
1221 483 1352 518 gregatim
1369 487 1395 509 et
1412 480 1562 514 turmatim,
1581 479 1623 507 vel
1640 487 1731 507 came-

946 528 978 556 lis
989 529 1071 560 vecti,
1098 528 1140 556 vel
1152 535 1212 563 quae
1228 529 1328 556 habent
1339 527 1513 559 adducentes,
1533 526 1566 553 iis
1596 532 1654 560 quae
1677 532 1731 560 prae

946 574 1069 601 manibus
1088 577 1151 600 sunt
1165 574 1284 602 colentes
1306 574 1400 601 Deum.
1419 581 1428 598 ι
1447 572 1615 606 Venientque
1631 577 1727 598 omnes

945 627 977 646 ex
994 619 1093 653 Sabba,
1124 619 1242 648 ferentes
1255 627 1351 648 aurum
1366 624 1393 647 et
1413 619 1486 652 thus,
1507 622 1534 646 et
1547 617 1637 644 ferent
1661 616 1730 650 lapi-

947 665 1006 692 dem
1022 665 1179 700 pretiosum,
1189 672 1220 694 ac
1230 665 1342 693 salutem
1361 664 1466 693 Domini
1481 662 1728 699 evangelizabunt.»

947 710 1036 738 Sabba
1051 710 1125 746 regio
1134 715 1176 738 est
1184 710 1253 738 ultra
1269 715 1367 738 terram
1378 711 1507 742 Arabum,
1522 713 1550 736 ct
1560 715 1644 744 prope
1655 715 1731 736 mare

947 755 1077 784 Rubrum:
1090 764 1123 784 ex
1131 763 1182 792 qua
1191 756 1278 784 Sabba
1285 755 1441 791 Ethiopum
1452 755 1553 790 regina,
1567 754 1731 789 temporibus

948 800 1107 834 Salomonis,
1133 802 1245 830 accessit
1262 801 1421 829 Jerusalem.
1432 801 1608 828 Fertilissima
1626 804 1668 827 est
1683 807 1726 826 re-

946 848 990 881 gio
1006 848 1094 880 thure,
1114 855 1180 875 auro
1191 852 1218 875 et
1231 847 1361 882 lapidibus
1380 846 1487 874 Indicis.
1501 845 1615 874 Venient
1636 845 1727 881 igitur,

946 892 1041 927 inquit,
1064 893 1178 920 fructum
1208 893 1344 927 parientes
1377 892 1403 920 in
1427 891 1559 927 gloriam,
1590 894 1618 918 et
1647 890 1730 917 addu-

106 946 165 965 ται.
185 948 194 964 ι
213 937 298 974 Χώρα
311 938 391 965 πάλιν
409 938 483 965 ἐστὶν
499 939 515 973 ἡ
533 938 626 965 Σαϐϐὰ
641 939 691 973 τῆς
711 940 833 976 Ἀράϐων
846 941 894 966 ἑπ-

948 942 1036 966 centes
1053 939 1114 967 thus
1126 943 1154 966 et
1182 946 1276 966 aurum
1301 946 1334 966 ac
1366 938 1478 973 lapides,
1516 938 1573 965 sive
1598 938 1730 964 bonorum

105 983 266 1017 ἐκεινα,καὶ
275 983 361 1019 ἀγχοῦ
377 983 476 1019 μᾶλλον
486 983 624 1020 θαλάσσης
635 985 663 1011 Ἐ
668 985 780 1020 ρυθρᾱς,
790 985 819 1018 ἐξ
829 983 862 1021 ἧς
876 985 893 1020 ὴ

105 1028 203 1056 Σαϐϐὰ
217 1029 234 1064 ἡ
248 1028 302 1056 τῶν
314 1028 450 1056 Αἰθιόπων
470 1029 616 1064 βασίλισσα
632 1030 661 1056 ὲν
677 1031 736 1061 τοῖς
754 1029 894 1065 Σολομῶν-

105 1083 154 1106 τος
167 1076 272 1109 καιροῖς
287 1074 449 1110 ὲπεφοίτησε
466 1076 499 1111 τῇ
514 1075 704 1112 Ἰερουσαλήμ.
718 1076 892 1111 Γονιμωτάτη

104 1121 134 1147 δὲ
160 1121 176 1155 ἡ
202 1120 278 1156 χώρα
298 1120 458 1154 λιϐανωτοῦ,
481 1121 582 1156 χρυσοῦ
613 1130 642 1148 τε
669 1122 716 1148 καὶ
738 1121 818 1148 λίθων
839 1122 894 1149 τῶν

113 1165 244 1192 Ἰνδικῶν.
261 1165 373 1199 Ἥξουσι
387 1167 486 1200 τοίνυν,
511 1166 588 1201 φησὶ,
605 1166 843 1202 καρποφοροῦντες
854 1168 894 1198 εὶς

104 1211 187 1242 δοξαν
203 1210 282 1243 Θεοῦ,
308 1211 355 1237 καὶ
379 1212 562 1246 προσάγοντες
578 1211 696 1245 λίϐανον,
722 1212 767 1239 καὶ
783 1212 893 1247 χρυσὸν,

104 1257 159 1282 καὶ
174 1256 273 1288 λίθους,
289 1256 372 1291 ἦγουν
391 1256 439 1292 τὴν
459 1257 487 1290 ἐξ
506 1257 595 1292 ἔργων
616 1257 728 1291 ἀγαθῶν
752 1257 892 1293 εὐοσμίαν,

107 1302 157 1328 καὶ
181 1301 346 1337 φαιδρότητα
364 1302 472 1338 νοητὴν.
496 1303 541 1329 καὶ
559 1303 672 1330 πλοῦτον
697 1303 892 1338 πνευματικόν.

109 1359 118 1374 ι
138 1348 365 1383 Εὑαγγελιοῦνται
382 1349 409 1375 δὲ
430 1349 477 1376 καὶ
498 1349 529 1376 τὸ
556 1351 688 1386 σωτήριον
712 1350 760 1377 τοῦ
785 1350 863 1378 Θεοῦ,
881 1360 890 1377 ι

106 1394 234 1420 Πλεῖστοι
250 1395 299 1429 μὲν
313 1394 368 1430 γὰρ
382 1395 438 1421 ὅσοι
466 1395 612 1431 κέκληνται
629 1397 678 1431 μὲν
695 1395 724 1429 ἐξ
739 1396 832 1429 ἐθνῶν,
848 1405 894 1423 σε-

107 1440 261 1475 σοφωμένοι
279 1440 308 1467 δὲ
329 1440 378 1476 τὴν
392 1441 517 1475 καρδίαν,
533 1441 645 1469 καὶτῶν
659 1442 738 1478 ἱερῶν
752 1442 894 1477 δογμάτων

105 1486 173 1512 νοῦν
191 1485 318 1518 λαϐόντες
331 1487 502 1522 ζεἰιτιοτήμονα
516 1487 704 1514 διδασκαλικὸν
717 1488 850 1523 ἐσχήκασι
864 1487 895 1514 τὸ

106 1531 230 1567 ἀξίωμα,
248 1533 296 1559 καὶ
318 1533 368 1569 τὴν
383 1534 458 1570 παρὰ
477 1534 524 1560 τοῦ
548 1534 656 1562 πάντων
675 1534 754 1569 ἡμῶν
769 1534 895 1569 Σωτῆρος

106 1578 229 1614 Χριστοῦ
246 1579 380 1615 σωτηρίαν
395 1589 425 1606 τε
443 1580 490 1606 καὶ
512 1580 591 1615 χάριν
620 1579 723 1615 ἑτέροις
745 1579 893 1615 διακηρὺτ-

107 1633 213 1656 τοντες,
224 1627 269 1652 τὸν
293 1614 344 1661 τῆς
365 1614 731 1662 γνησιότητοςγάνεδήσαντο
750 1614 894 1660 στέφανον.
908 1614 932 1645 c

110 1680 120 1696 ι
144 1671 255 1703 Ἦξουσι
284 1671 312 1698 δέ
342 1681 394 1703 σοι,
424 1672 502 1708 φησὶ,
528 1671 576 1698 καὶ
600 1671 635 1698 τὰ
651 1671 773 1707 πρόϐατα
789 1671 895 1707 Κηδὰρ,

108 1718 159 1744 καὶ
171 1717 196 1743 οἱ
210 1718 283 1753 κριοὶ
296 1717 438 1752 Ναϐαιὼθ,
453 1719 500 1745 καὶ
519 1717 742 1752 άνενεχθήσονται
755 1717 837 1744 eam
851 1717 896 1744 ἐπὶ

107 1764 142 1790 τὸ
164 1763 354 1800 θυσιαστήριόν
369 1773 430 1799 μου.
451 1774 460 1790 ι
485 1764 580 1800 Κηδὰρ
593 1764 632 1797 δὲ,
652 1764 699 1790 καὶ
714 1763 827 1790 Ναϐεὼθ
843 1763 897 1799 χῶ-

110 1818 159 1844 ραι
175 1809 256 1838 πάλιν
281 1810 374 1846 ἕτεραι
388 1810 503 1846 λιπαραί
518 1819 548 1836 τε
566 1810 612 1836 καὶ
627 1809 741 1842 εὖϐοτοι,
757 1809 804 1836 καὶ
824 1809 898 1836 πλεί-

110 1863 192 1887 στους
214 1856 264 1890 μὲν
284 1856 394 1891 ἔχουσαι
417 1856 480 1888 τοὺς
503 1855 672 1887 ἐνοικοῦντας
696 1855 805 1886 αὑταῖς,
828 1854 897 1890 πλὴν

109 1899 316 1935 είδωλολάτρας,
334 1901 381 1927 καὶ
397 1900 632 1936 πεπλανημένους.
653 1899 734 1926 Ἀλλὰ
751 1899 796 1926 καὶ¹
813 1895 896 1933 οὗτοι,

109 1947 190 1982 φησὶ,
209 1948 313 1982 κριοὺς,
334 1947 380 1974 καὶ
400 1947 525 1982 πρόϐατα
545 1947 730 1982 προσοίσουσι,
743 1945 790 1972 καὶ
809 1945 898 1972 πάντα

110 1993 190 2020 lavat
204 1993 287 2020 δεκτά
311 1993 357 2020 ἐπὶ
379 1993 409 2019 τὺ
434 1992 626 2028 θυσιαστήριόν
642 1999 704 2027 μου·
724 1991 812 2018 καίτοι
828 1991 898 2017 κατά

110 2048 145 2073 γε
161 2039 208 2065 τὸν
230 2039 351 2070 Μωσέως
370 2038 452 2074 νόμον
471 2039 521 2065 οὐκ
544 2038 609 2073 ὲξῆν
636 2036 791 2071 άλλογενέσι
814 2044 898 2072 προσ.

110 2085 189 2119 άγειν
209 2084 304 2116 θυσίας
324 2084 363 2120 τῷ
384 2084 454 2120 Θεῷ.
473 2084 533 2111 Οὐδ*
550 2083 584 2110 ἂν
599 2084 624 2110 εἰ
639 2082 778 2118 προσῆγον
801 2081 898 2113 δεκτὰς

110 2129 257 2164 ἐποιήσατό
279 2137 320 2161 τις
346 2128 438 2160 αὑτάς.
468 2128 537 2154 Ἀλλ’
565 2128 619 2155 ἰδοὺ
645 2126 809 2163 προστάττει
833 2125 899 2158 Θεὸς

109 2176 210 2207 δεκτὰς
232 2173 301 2202 εἶναι
323 2175 369 2202 καὶ
383 2174 485 2206 ταύτας
500 2175 556 2206 τοῖς
571 2174 658 2208 ἁγίοις
683 2173 897 2209 θυσιαστηρίοις.

118 2223 164 2249 Ἐν
177 2222 230 2257 γὰρ
245 2221 355 2257 Χριστῷ
373 2220 461 2256 Ἰησοῦ
475 2221 525 2247 οὐκ
539 2220 579 2247 ἔνι
593 2219 696 2253 δοῦλος,
713 2219 774 2247 οὐδὲ
789 2219 898 2246 ἐλεύθε-

112 2278 176 2304 ρος,
199 2268 351 2305 βάρϐαρος,
376 2267 499 2303 Σκύθης,
520 2266 620 2302 Ἕλλην
640 2275 669 2293 τε
689 2267 736 2293 καὶ
764 2265 898 2298 Ἰουδαῖος,

110 2314 183 2342 ἀλλὰ
197 2314 296 2347 πάντα,
309 2313 356 2340 καὶ
366 2314 395 2340 ὲν
410 2314 475 2341 πᾶσι
490 2312 617 2349 Χριστός.
627 2312 675 2339 Ἓν
687 2312 741 2347 γὰρ
754 2311 897 2347 γεγόνασιν

111 2361 138 2387 οἱ
151 2359 198 2387 δύο
210 2360 270 2386 λαοὶ
280 2380 287 2393 ,
308 2358 518 2394 κατενεγκόντος
532 2357 614 2385 αὑτοῦ
632 2357 662 2384 τὸ
678 2358 835 2393 μεσότοιχον
851 2355 898 2382 τοῦ

113 2405 254 2442 φραγμοῦ,
280 2405 328 2431 καὶ
348 2404 394 2432 τὸν
418 2404 499 2440 νόμον
518 2403 574 2430 τῶν
596 2403 710 2430 ἐντολῶν
732 2403 761 2429 ἐν
781 2402 898 2437 δόγμασι

113 2452 348 2488 καταργήσαντος.
379 2451 476 2478 Δεκταὶ
500 2450 590 2477 τοίνυν
613 2450 640 2476 al.
662 2449 772 2476 πάντων
797 2448 898 2480 θυσίαι,

113 2499 282 2535 προσιόντων
295 2497 355 2533 Θεῷ
367 2498 410 2524 διὰ
421 2497 470 2532 τῆς
482 2496 600 2527 πίστεως
617 2496 645 2522 ὲν
660 2493 780 2531 Χριστῷ.
789 2493 898 2526 Ἐδοξά-

115 2546 168 2581 σθη
184 2545 213 2572 δὲ
233 2546 248 2572 ό
271 2541 344 2576 οἶκος
357 2544 406 2578 τῆς
424 2543 579 2579 προσευχῆς
600 2541 647 2568 τοῦ
669 2540 746 2568 Θεοῦ.
772 2540 826 2567 Καί
853 2549 899 2575 μοι

114 2592 198 2619 πάλιν
211 2591 286 2626 ἄθρει
300 2589 347 2616 τοῦ
360 2589 440 2623 λόγου
457 2589 487 2615 τδ
503 2588 593 2623 βάθος·
610 2587 640 2615 οὺ
657 2587 711 2623 γὰρ
726 2586 837 2619 θυσιῶν,
855 2587 900 2613 καὶ

113 2637 228 2666 καπνῶν
253 2635 325 2664 οἷκον
346 2635 387 2662 ἔτι
410 2635 533 2671 βούλεται
558 2633 698 2661 καλεῖσθαι
711 2633 760 2668 τὴν
784 2632 900 2668 Ἐκκλη-

117 2685 188 2717 οἱαν,
205 2683 330 2718 καθάπερ
344 2681 441 2717 ἀμέλει
459 2681 506 2707 καὶ
520 2681 564 2707 τὸν
583 2680 613 2706 ὲν
627 2681 684 2711 τοῖς
703 2678 899 2715 Ἱεροσολύμοις

112 2729 191 2761 ναὸν,
212 2727 294 2763 εὐχῆς
313 2727 341 2754 δὲ
359 2727 468 2762 μᾶλλον,
483 2725 617 2758 τουτέστι,
638 2724 766 2758 λατρείας
781 2731 900 2758 πνευμα-

944 992 1054 1018 operum
1069 991 1178 1012 suavem
1195 985 1368 1019 fragrantiam
1385 987 1412 1011 et
1434 983 1605 1018 splendorem
1628 982 1679 1010 sub
1691 982 1730 1008 in-

945 1029 1118 1065 telligentiam
1154 1030 1306 1062 cadentem,
1352 1028 1514 1063 divitiasque
1559 1027 1723 1062 spirituales.

947 1085 955 1100 ι
974 1075 1007 1102 Ει
1024 1074 1248 1110 evangelizabunt
1264 1074 1377 1102 salutem
1392 1073 1508 1101 Domini.
1530 1083 1539 1098 ι
1570 1072 1730 1106 Complures

943 1121 1015 1148 enim
1032 1121 1119 1148 vocati
1137 1124 1199 1148 sunt
1214 1127 1247 1148 ex
1261 1120 1396 1155 gentibus,
1419 1123 1447 1146 et
1475 1119 1557 1147 corde
1581 1119 1729 1153 sapientes,

943 1172 1061 1195 etsacra
1080 1167 1204 1201 dogmata
1230 1171 1319 1194 mente
1347 1170 1479 1198 tenentes,
1507 1164 1620 1194 docendi
1642 1168 1730 1191 aucto-

944 1214 1024 1241 ritate
1063 1212 1181 1248 praaditi:
1197 1217 1225 1240 et
1241 1212 1354 1240 salutem
1366 1219 1398 1240 ac
1413 1211 1538 1246 gratiam,
1555 1211 1589 1238 ab
1609 1210 1729 1238 omnium

944 1263 1064 1286 nostrum
1083 1258 1227 1285 Scrvatorc
1248 1257 1367 1291 Christo,
1399 1256 1459 1284 aliis
1474 1255 1661 1292 praedicantes,
1693 1254 1731 1281 in-

943 1304 1087 1339 genuitatis
1103 1310 1202 1331 corona
1227 1302 1428 1331 redimitisunt.
1452 1311 1461 1328 ι
1489 1301 1606 1329 Venient
1635 1301 1730 1332 etiam,

944 1351 1042 1386 inquit,
1062 1357 1127 1378 oves
1139 1349 1226 1378 Cedar
1248 1353 1274 1376 et
1296 1349 1395 1377 arietes
1410 1348 1543 1381 Nabeoth,
1563 1352 1591 1375 ct
1615 1346 1728 1375 offeren-

944 1401 987 1424 tur
1014 1395 1191 1431 acceptabilia
1214 1402 1294 1430 super
1331 1402 1406 1422 aram
1443 1401 1542 1422 meam.
1560 1402 1570 1420 ι
1596 1393 1682 1421 Cedar
1704 1397 1732 1420 et

943 1441 1076 1474 Nabeoth,
1098 1440 1220 1476 regiones
1233 1447 1327 1468 rursus
1349 1444 1412 1468 sunt
1426 1439 1494 1472 alia,
1512 1439 1609 1474 opimm
1631 1444 1658 1466 et
1683 1446 1730 1472 pa-

944 1487 1043 1514 bulosze
1065 1493 1096 1514 ac
1113 1486 1244 1521 plurimos
1258 1486 1359 1514 habent
1373 1485 1485 1518 incolas,
1499 1493 1592 1513 verum
1618 1483 1730 1511 idolola-

945 1537 1002 1560 tras
1019 1536 1047 1560 et
1059 1537 1190 1560 errantes.
1208 1531 1262 1560 Sed
1278 1537 1305 1559 et
1322 1532 1361 1565 hi,
1373 1531 1470 1567 inquit,
1484 1531 1584 1558 arietes
1619 1536 1647 1558 et
1667 1538 1731 1558 oves

945 1579 1088 1613 adducent,
1101 1582 1128 1606 et
1136 1578 1226 1606 omnia
1238 1582 1316 1605 erunt
1328 1582 1437 1613 accepta
1451 1585 1533 1613 super
1543 1584 1618 1604 aram
1631 1584 1729 1610 meam,

946 1625 1051 1653 etiamsi
1068 1625 1125 1660 lege
1146 1624 1261 1653 Mosaica
1281 1624 1383 1652 licitum
1407 1631 1459 1651 non
1485 1623 1568 1651 fuerit
1605 1623 1732 1658 alienige-

947 1671 999 1703 nis,
1021 1671 1076 1698 Deo
1094 1670 1197 1699 hostias
1216 1670 1329 1698 offerre:
1349 1675 1376 1698 et
1404 1670 1427 1698 si
1458 1670 1630 1702 obtulissent,
1654 1677 1732 1698 acce-

947 1719 1008 1750 ptas
1019 1714 1078 1742 illas
1095 1722 1147 1742 non
1167 1715 1293 1743 habebat.
1312 1714 1365 1742 Sed
1390 1722 1453 1742 ecce
1470 1714 1548 1749 jubet
1575 1716 1644 1742 Deus
1673 1714 1732 1741 illas

947 1764 1073 1795 acceptas
1086 1767 1158 1793 esse,
1172 1760 1197 1788 in
1211 1761 1314 1788 sanctis
1333 1761 1399 1788 aris.
1414 1760 1442 1788 ln
1459 1761 1570 1789 Christo
1583 1761 1654 1788 enim
1669 1760 1732 1789 Iesu

947 1813 1000 1834 non
1021 1810 1062 1833 est
1085 1813 1197 1839 servus,
1231 1814 1317 1841 neque
1344 1807 1420 1838 liber.
1450 1806 1589 1838 barbarus,
1622 1806 1732 1841 Scytha,

947 1851 1057 1879 Graecus
1075 1850 1232 1885 etJudaeus,
1254 1852 1300 1880 sed
1314 1852 1403 1880 omnia
1416 1856 1443 1879 et
1470 1852 1497 1880 in
1509 1852 1634 1880 omnibus
1658 1853 1733 1880 Chri-

947 1901 1014 1925 stus.
1035 1897 1122 1925 Unum
1141 1898 1213 1925 enim
1229 1898 1292 1926 l'acti
1308 1902 1372 1926 sunt
1390 1898 1442 1926 duo
1461 1898 1562 1933 pepuli,
1591 1906 1652 1926 cum
1685 1898 1731 1926 ille.

948 1944 1123 1971 interstitium
1152 1945 1277 1972 maceriae
1299 1944 1438 1979 deiecerit,
1466 1949 1493 1972 et
1516 1944 1602 1980 legem
1623 1945 1734 1972 manda-

949 1993 1036 2016 torum
1060 1989 1085 2016 in
1102 1989 1234 2025 dogmatis
1245 1989 1328 2029 845
1346 1989 1503 2017 aboleverit.
1523 1990 1647 2024 Acceptte
1666 1995 1728 2017 sunt

949 2034 1031 2070 igitur
1054 2034 1150 2061 hostiae
1173 2042 1278 2068 eorum,
1304 2035 1349 2070 qui
1380 2043 1430 2070 per
1454 2036 1533 2063 ﬁdem
1565 2036 1591 2063 in
1625 2036 1734 2064 Christo

950 2079 1083 2106 accedunt
1096 2080 1130 2106 ad
1150 2079 1243 2107 Deum.
1265 2089 1274 2106 ι
1289 2079 1322 2107 Ει
1338 2080 1456 2116 gloriosa
1475 2081 1570 2109 ellccta
1585 2086 1626 2110 est
1638 2081 1734 2109 domus

949 2124 1080 2152 orationis
1111 2125 1168 2152 Dei.
1196 2125 1300 2153 Rursus
1324 2125 1389 2153 mihi
1414 2125 1563 2154 {considera
1598 2127 1730 2154 orationis

949 2169 1170 2204 profunditatem.
1189 2170 1246 2198 Non
1276 2171 1348 2198 enim
1373 2172 1523 2199 hostiarum
1545 2176 1573 2200 et
1598 2172 1732 2201 [umorum

950 2216 1057 2243 donmm
1069 2215 1125 2250 jam
1140 2217 1231 2244 vocari
1250 2217 1306 2245 vult
1320 2218 1484 2251 Ecclesiam,
1497 2210 1582 2246 sicuti
1604 2220 1732 2247 nimirum

956 2260 1084 2295 templum
1118 2260 1390 2297 Jerosolymitanum,
1417 2263 1463 2289 sed
1489 2263 1652 2297 precationis
1689 2271 1735 2298 po-

953 2307 1016 2338 tius,
1043 2307 1068 2334 id
1084 2311 1126 2334 est
1145 2306 1235 2334 cultus
1263 2307 1424 2341 spiritualis.
1458 2307 1550 2336 Psallit
1568 2313 1658 2336 autem
1685 2309 1735 2337 ali~

950 2352 1022 2384 Cubi,
1051 2356 1078 2378 et
1093 2352 1130 2379 ait
1156 2350 1262 2379 divinus
1303 2353 1405 2381 David:
1434 2363 1444 2379 ι
1478 2354 1617 2389 Dirigatur
1646 2355 1734 2382 oratio

951 2406 1020 2431 mea,
1034 2398 1105 2426 sicut
1127 2398 1267 2426 incensum
1296 2399 1323 2426 in
1351 2405 1497 2439 conspectu
1530 2405 1587 2433 tuo,
1619 2401 1736 2428 elevatio

952 2452 1079 2472 manuum
1093 2452 1212 2472 mearum
1242 2444 1404 2472 sacriﬁcium
1417 2447 1600 2481 vespertinum
1617 2448 1635 2474 ι.
1654 2456 1664 2473 ι
1680 2447 1735 2475 No-

954 2490 1063 2517 tandum
1085 2490 1166 2518 etiam
1198 2489 1278 2525 hujus
1297 2490 1425 2518 versiculi
1450 2492 1613 2520 mentianem
1639 2493 1736 2521 fecisse

952 2537 1040 2571 ipsum
1056 2535 1240 2569 Servatorem,
1257 2543 1318 2564 cum
1351 2535 1506 2564 .ludaeornm
1536 2539 1735 2574 negotiationes

953 2582 1136 2617 reprehendit,
1153 2586 1181 2609 et
1196 2582 1278 2610 dicit:
1296 2591 1306 2608 ι
1329 2581 1465 2617 Scriptum
1479 2588 1534 2611 est:
1552 2585 1651 2612 Domus
1663 2593 1734 2618 mea,

953 2629 1048 2656 domus
1070 2628 1202 2656 orationis
1217 2628 1367 2656 vocabitur.
1392 2627 1445 2656 Vos
1458 2633 1548 2656 autem
1576 2630 1661 2664 ipsam
1689 2631 1736 2657 l‘a—

953 2675 1014 2703 citis
1028 2674 1181 2709 speluncam
1207 2674 1344 2702 latronum
1360 2676 1383 2702 '.
1401 2683 1410 2701 I
1440 2675 1506 2702 Cum
1529 2675 1611 2710 igitur
1640 2677 1736 2705 domus

953 2721 1086 2748 orationis
1102 2720 1173 2748 facta
1183 2724 1235 2755 est,
1253 2724 1316 2748 tunc
1338 2727 1446 2756 quoque
1459 2720 1607 2756 gloriﬁcata
1629 2727 1681 2750 est.

114 2776 205 2811 τικῆς.
219 2775 323 2803 Ψάλλει
339 2774 366 2801 δέ
379 2783 431 2801 που
448 2774 496 2802 καὶ
514 2773 595 2808 φησὶν
608 2774 622 2799 ὁ
636 2772 777 2804 θεσπέσιος
796 2770 893 2798 Δαϐίδ’
907 2778 917 2796 ι
932 2769 1150 2804 Κατευθυνθήτω
1168 2769 1185 2804 ἡ
1202 2768 1339 2804 προσευχή
1355 2777 1417 2804 μου,
1427 2768 1463 2800 ὡς
1483 2768 1608 2804 θυμίαμα
1621 2768 1736 2796 ἐνώπιόν

115 2833 178 2856 σου,
203 2823 316 2859 ἔπαρσις
347 2822 400 2849 τῶν
424 2821 522 2858 χειρῶν
546 2829 596 2857 μου
626 2819 705 2847 θυσία
727 2819 867 2854 ὲσπερινή.
889 2828 897 2845 ι
920 2817 1090 2853 Σημειωτέον
1113 2816 1141 2843 δὲ
1170 2817 1211 2843 ὅτι
1237 2816 1328 2843 τοῦτον
1350 2815 1395 2843 τὸν
1434 2816 1537 2851 στοῖχον
1559 2815 1605 2843 καὶ
1627 2815 1706 2847 αὐτὸς
1725 2818 1738 2843 ὁ

154 2909 322 2944 ‘Psa|.cxt,
339 2909 366 2938 2.
405 2910 414 2925 ¹
434 2909 526 2937 Matth.
543 2917 599 2943 xxI,
616 2909 667 2943 l3;
684 2907 763 2936 Marc.
786 2916 816 2941 Il,
833 2908 886 2942 l7;

948 2916 966 2937 ἒ,
983 2916 1038 2940 χιι,
1059 2907 1102 2936 46.
