1893 3052
169 181 237 210 1531

666 180 695 207 S.
714 178 849 207 CYRILLI
869 178 1104 207 ALEXANDRINI
1123 179 1282 208 ARCIIIEP.

1741 182 1806 209 {532

167 238 262 275 Σωτὴρ
276 238 488 274 διεμνημόνευσέ
523 247 572 265 που
592 239 651 270 ταῖς
673 238 808 265 Ἰουδαίων
843 238 990 274 ἐμπορίαις
1009 239 1155 276 ἐπιτιμῶν,
1181 239 1228 267 καὶ
1246 239 1352 276 λέγων·
1370 250 1378 266 ι
1395 240 1569 277 Γέγραπταιν
1591 242 1621 269 ’0
1643 239 1721 274 οἶκός
1748 250 1806 276 μου.

166 285 240 320 οἶκος
254 287 410 322 προσευχῆς
424 286 599 323 κληθήσεται,
618 287 696 322 ὑμεῖς
710 287 737 314 δὲ
759 287 841 315 αὑτὸν
859 289 959 314 ποιεῖτε
979 288 1111 324 σπήλαιον
1145 288 1262 325 λῃστῶν.
1283 299 1293 316 ι
1312 289 1378 316 Ὅτε
1400 289 1490 317 τοίνυν
1509 288 1584 322 οἶκος
1607 289 1708 325 γέγονε
1726 297 1807 325 πρω-

167 335 261 370 ευχῆς,
274 334 336 360 τότε
350 333 397 360 καὶ
409 333 576 366 δεδόξασται.

202 381 284 409 Vsus.
297 381 326 413 8,
341 381 367 409 9.
385 381 436 414 Qui
459 386 518 409 sunt
542 382 586 408 isti
605 382 650 417 qui
670 387 697 409 ut
712 382 792 410 nubes
810 383 907 414 volant.
929 389 952 409 et

1041 380 1127 412 Τίνες
1147 379 1210 406 οἵδε
1222 379 1262 412 ὡς
1285 379 1412 414 νεφέλαι
1431 380 1586 412 πέτανται,
1604 380 1656 408 καὶ
1673 381 1718 414 ὡς
1732 389 1809 416 περι.

164 434 192 456 ut
205 428 332 456 columine
343 436 401 455 cum
415 427 519 463 ριιίιὶσῖ
543 427 586 455 Me
607 428 702 457 insula
719 430 912 461 sustinuerunt,
930 435 954 456 et

164 483 242 502 neres
260 474 369 502 Tharria
385 475 528 509 inprimit,
556 480 584 502 ut
598 475 732 502 adducant
754 475 847 502 liberos
868 480 926 502 tua:
941 483 955 502 ι

164 520 316 556 longinquo,
337 524 362 548 et
384 525 519 555 argentum
538 525 562 548 et
581 527 678 548 aurum
692 528 753 547 etuti
767 521 832 552 illis,
848 526 955 555 propter

163 574 256 594 nomen
269 566 377 594 Domini
397 571 530 600 sanctum,
545 571 569 594 et
586 571 692 602 propter
704 565 832 595 Sanctum
855 566 954 600 Israel,

163 617 193 639 ut
204 613 238 640 rit
252 612 392 648 gloriatus.

198 657 274 686 Licet
289 657 386 686 iterum
401 659 444 686 hic
456 658 547 688 videre
561 658 688 687 Ecclesiae
714 666 762 686 seu
777 658 954 693 intelligibilis

162 703 311 732 Jerusalem
323 712 465 739 personam
486 705 679 738 introductam,
691 704 824 733 levantem
839 705 912 732 velut
925 705 952 732 in

161 751 276 778 circuitu
288 750 394 785 oculos,
403 756 433 778 ut
442 750 548 786 jussum
559 756 602 778 est
611 759 625 778 a
635 751 691 778 Deo
703 759 710 778 :
724 751 822 778 deinde
833 751 953 779 admira-

163 801 207 824 tur
219 796 258 832 ’I)
281 797 449 825 currentiqu
470 805 503 824 eo
527 797 740 831 multitudinem,
766 801 795 825 et
823 797 952 832 populum

161 849 211 877 per
240 842 320 870 ﬁdem
351 847 567 878 congregatum,
601 843 837 871 innumerabilem.
875 843 951 877 tQui

160 893 225 916 sunt
243 889 327 922 enim,
351 889 449 925 inquit,
467 889 512 924 qui
533 894 562 916 ut
579 889 664 917 nubes
684 889 787 923 volant,
808 895 836 918 et
858 895 889 918 ut
903 897 950 917 co-

160 934 262 963 lumbae
283 943 345 963 cum
370 935 476 971 pullis?
491 945 501 962 ι
518 937 681 964 Irretiuntur
703 936 777 964 enim
799 944 849 971 per
869 936 949 964 ﬁdem

160 988 214 1009 non
226 981 307 1009 modo
320 988 410 1014 senes,
422 989 516 1010 verum
532 983 613 1010 etiam
627 990 690 1010 cum
706 982 760 1010 illis
770 982 898 1017 juvenes,
922 987 950 1010 et

161 1035 223 1055 cum
247 1027 311 1056 ﬁliis
331 1033 434 1063 patres,
456 1034 565 1056 etcum
589 1029 696 1058 ﬁliabus
720 1035 831 1058 matres.
857 1030 949 1064 Itaque

160 1077 256 1100 contra
282 1081 390 1102 omnem
419 1079 527 1102 aetatem
552 1075 721 1110 Evangelicte
749 1076 949 1111 praedicationis
966 1059 986 1086 Β

161 1122 221 1146 rete
238 1119 412 1154 expanditur.
440 1119 473 1147 Et
494 1120 556 1153 hoc,
573 1121 678 1155 opinor,
698 1125 740 1149 est
753 1122 824 1156 quod
840 1121 868 1148 In
882 1120 950 1148 libro

162 1163 333 1193 Psaimorum
355 1166 487 1202 scriptum
510 1171 573 1195 est:
595 1176 605 1193 ι
619 1166 739 1196 Iuvenes
763 1173 791 1196 et
819 1167 948 1202 virgines,

159 1218 240 1240 senes
253 1218 314 1239 cum
338 1211 491 1246 junioribus
507 1213 619 1241 laudent
647 1221 744 1241 nomen
762 1213 867 1242 Domini
884 1214 904 1241 ³.
936 1223 945 1241 ι

160 1256 258 1285 Volare
272 1265 319 1286 eos
334 1258 410 1292 dicit,
425 1263 472 1286 aut
482 1260 545 1294 quia
557 1260 658 1288 vadunt
668 1267 701 1288 eo
716 1268 769 1288 non
782 1260 950 1296 negligenter

158 1307 186 1329 et
206 1303 331 1337 remisse,
347 1304 394 1332 sed
416 1309 542 1340 tanquam
559 1305 685 1334 volucres
697 1310 724 1333 et
741 1313 883 1339 cursores;
902 1312 949 1334 aut

160 1347 245 1382 quod,
263 1352 372 1376 terreno
389 1353 418 1376 et
433 1349 527 1376 humili
536 1349 633 1378 aﬁ'ectu
646 1349 780 1385 deposito,
795 1350 821 1376 in
834 1350 949 1378 sublime

160 1392 275 1421 tetulunl
301 1394 520 1428 quodammodo,
548 1399 576 1422 et
600 1402 650 1423 ceu
672 1402 689 1423 e
713 1395 780 1423 mari
803 1396 908 1429 nubes,
932 1403 948 1423 ι

158 1438 368 1467 tumultuatione
380 1444 408 1468 et
419 1439 525 1469 deliciis
545 1442 699 1474 mundanis,
716 1441 743 1469 in
766 1441 850 1470 altum
880 1442 950 1470 assi-

158 1484 228 1512 Iiunt
240 1489 269 1513 et
278 1491 432 1522 emergunt,
445 1487 478 1515 ad
495 1495 649 1523 supremam
672 1488 834 1516 festinantes
853 1488 949 1516 civita-

158 1536 223 1559 tem.
237 1531 396 1560 Admirante
409 1533 492 1568 igitur
508 1533 627 1561 Ecclesia
641 1541 674 1561 ex
686 1534 761 1562 omni
778 1535 887 1570 regione
901 1541 948 1570 per

158 1577 239 1606 ﬁdem
257 1585 432 1611 concursum,
459 1586 572 1607 causam
595 1580 633 1607 rei
660 1580 760 1614 aperit,
786 1587 881 1608 rursus
901 1587 948 1609 eos

158 1628 272 1658 captans
295 1623 380 1661 856
399 1628 427 1653 et
444 1626 583 1658 irretiette,
601 1630 629 1653 et
643 1625 751 1662 inquit:
771 1636 780 1653 ι
793 1626 835 1654 Me
854 1627 948 1655 insulae

157 1670 357 1703 sustinuerunt,
370 1675 396 1698 et
409 1679 493 1699 naves
507 1671 632 1704 Tharsis,
649 1677 680 1700 ut
696 1669 833 1701 adducant
846 1673 947 1701 liberos

157 1719 219 1742 tuos
240 1721 255 1742 e
283 1714 442 1751 longinquo,
468 1722 496 1744 et
531 1725 628 1745 aurum
659 1722 688 1746 et
712 1723 855 1754 argentum
883 1727 981 1764 cumc

157 1761 220 1788 illis.
237 1771 246 1787 ι
269 1762 375 1790 Insulas
394 1763 441 1791 hic
459 1764 604 1800 intelliges,
625 1772 678 1792 non
702 1765 826 1794 absolute
843 1766 946 1794 insula-

157 1815 217 1834 rum
230 1808 330 1841 solum,
346 1808 449 1845 quippe
466 1810 587 1845 ineptum
609 1811 671 1845 hoc,
692 1819 742 1840 nec
765 1812 839 1846 ipsas
865 1820 947 1840 naves

157 1853 279 1888 Tharsis,
295 1856 342 1883 sed
357 1857 445 1891 potius
471 1857 626 1885 habitantes
650 1858 676 1884 in
699 1858 761 1891 illis,
779 1864 826 1886 aut
841 1858 886 1893 qui
904 1859 946 1886 in-

156 1901 228 1929 sulas
249 1902 446 1931 conscendunt.
469 1903 582 1932 Titarsis
602 1911 666 1932 vero
688 1904 779 1932 divina
794 1904 946 1940 'Scriptura

156 1956 229 1984 saepe
251 1954 331 1977 vocat
352 1949 476 1984 Iudicas;
492 1955 660 1986 narrantque
682 1953 708 1978 in
725 1951 813 1987 Cypro
835 1951 947 1979 'I‘ltarsis

156 1995 294 2022 civitatem
307 2003 368 2024 esse
383 1995 530 2024 celebrem.
555 1996 727 2032 QuaprOpter
749 1997 812 2031 quia
841 1997 946 2029 insulae.

156 2042 254 2077 inquit,
277 2046 305 2069 et
325 2042 370 2078 qui
393 2049 426 2070 ex
454 2043 582 2070 Indorum
613 2044 724 2078 regione
751 2044 874 2079 veniunt,
904 2051 947 2070 tne

157 2087 354 2122 sustinuerunt,
379 2088 406 2115 id
425 2093 478 2121 est,
501 2089 655 2123 impositum
678 2089 729 2116 sibi
752 2098 767 2115 ει
789 2097 831 2117 tne
851 2090 945 2123 iugum

157 2135 320 2167 subierunt,
342 2134 444 2162 idcirco
466 2135 646 2168 undecunque
669 2135 782 2163 conﬂuit
803 2136 947 2163 multitudo

156 2179 338 2208 credentium.
354 2178 559 2207 Veniuntenim
571 2184 599 2207 et
610 2187 643 2207 ex
654 2180 711 2215 ipsa
728 2180 842 2209 barbara
862 2187 945 2214 terra.

156 2227 208 2254 viri
225 2235 279 2255 non
294 2226 384 2262 pauci,
399 2226 498 2254 Christi
519 2234 618 2254 nomen
633 2232 769 2262 gerentes,
787 2233 815 2255 et
829 2228 946 2256 fructiﬁ-

157 2276 251 2300 cantes
265 2273 292 2300 in
305 2271 364 2306 ejus
384 2271 497 2307 gloriam
532 2279 701 2308 quaecunque
720 2274 794 2309 regio
811 2274 883 2302 ferre
900 2282 947 2309 po-

157 2321 210 2345 test
225 2317 342 2345 illorum.
360 2317 428 2345 Auri
452 2323 541 2345 autetn
555 2323 583 2346 et
596 2320 700 2354 argenti
726 2320 841 2349 fertilem
860 2321 946 2356 ipsam

156 2369 218 2391 esse
231 2363 335 2390 dicunt.
350 2362 473 2392 Oﬁ'erunt
499 2372 563 2392 vero
587 2373 640 2393 non
668 2374 744 2394 ntere
770 2368 947 2403 institutoque

1006 425 1110 460 στεραὶ
1121 425 1183 452 σὺν
1197 426 1358 458 νεοσσοῖς;
1377 426 1443 461 Ἐμὲ
1454 426 1546 461 νῆσοι
1562 426 1745 461 ὑπέμειναν,
1763 428 1808 454 καί

1007 471 1100 499 πλοῖα
1116 471 1244 507 Θαρσεῖς
1257 472 1293 499 ἐν
1303 471 1441 506 πρώτοις,
1455 472 1580 508 ἀγαγεῖν
1591 473 1629 500 τὰ
1641 473 1738 500 τέκνα
1753 482 1808 501 σου

1003 519 1166 552 μακρόθεν,
1183 518 1301 545 καὶτὸν
1316 519 1456 554 ἄργυρον,
1476 519 1525 546 καὶ
1540 519 1596 545 τὸν
1610 519 1738 554 χρυσὸν
1747 520 1808 553 μετ’

1005 564 1105 592 αὐτῶν
1120 564 1171 592 διὰ
1189 566 1226 596 td,
1234 565 1329 600 ὄνομα
1344 565 1457 600 Κυρίου
1476 566 1510 593 τὸ
1527 565 1624 600 ἅγιον,
1641 566 1695 592 καὶ
1714 565 1765 592 διὰ
1779 566 1807 592 τὸ

1004 611 1058 638 τὸν
1071 611 1173 646 “Ay-tor
1185 611 1238 638 τοῦ
1252 610 1372 646 Ἰσραὴλ
1394 609 1523 644 ἔνδοξον
1539 609 1628 639 εἶναι.

1041 658 1149 684 Ἐνεστι
1167 657 1249 685 πάλιν
1269 658 1299 685 ὲν
1321 658 1427 690 τούτοις
1441 657 1505 684 ίδεϊν
1526 658 1557 684 τὸ
1571 657 1621 692 τῆς
1641 657 1808 691 Ἐκκλησίας

1005 703 1150 738 πρόσωπον
1166 702 1421 739 εἰσκεκομισμένον,
1438 703 1497 739 ήτοι
1513 703 1565 738 τῆς
1585 703 1691 738 νοητῆς
1708 704 1807 737 Ἰερου-

1005 749 1106 784 σαλὴμ,
1121 748 1187 785 ἆρον
1203 748 1298 785 ὥσπερ
1311 750 1341 775 ὲν
1358 749 1450 785 κύκλῳ
1468 750 1532 781 τοὺς
1545 749 1721 785 ὀφθαλμοὺς,
1738 750 1807 776 καθὰ

1003 794 1206 831 προστέτακται
1214 795 1290 831 παρὰ
1297 795 1376 827 Θεοῦ,
1383 793 1444 824 εἶτα
1452 805 1558 823 καταπε
1563 796 1650 832 πλανη
1655 796 1746 831 μένης
1756 797 1807 823 τῶν

1003 841 1046 866 ἐπ’
1062 841 1133 877 αὐτῇ
1150 841 1302 877 τρεχόντων
1314 842 1345 868 τὸ
1363 842 1476 877 πλῆθος,
1490 843 1604 870 καὶτῶν
1622 843 1670 870 διὰ
1688 843 1807 875 arietem;

1003 886 1253 923 συναγηγερμένων
1262 887 1309 914 τὸν
1320 887 1438 924 ἀριθμοῦ
1452 888 1553 921 παντὸς
1564 888 1701 916 ἐπέκεινα
1710 889 1804 924 δῆμον.

1004 942 1013 959 ι
1027 933 1106 965 Τίνες
1120 932 1176 968 γὰρ
1191 933 1245 960 οἶδε
1261 934 1404 966 πέτανται,
1415 934 1508 970 φησὶν,
1520 934 1560 966 ὡς
1570 935 1695 969 νεφέλαι,
1706 935 1755 961 καὶ
1770 935 1806 967 ὡς

1002 978 1164 1014 περιστεραὶ
1179 979 1228 1006 σὺν
1243 981 1362 1011 νεοττοῖς
1375 989 1382 1013 ;
1396 989 1406 1005 t
1425 980 1628 1014 Σαγηνεὺονται
1643 980 1701 1016 γὰρ
1709 980 1753 1007 διὰ
1761 981 1804 1007 πί-

1001 1033 1097 1059 στεως,
1109 1024 1139 1051 οὐ
1157 1024 1310 1060 πρεσϐύται
1327 1025 1419 1061 μόνον,
1431 1025 1501 1052 ἀλλὰ
1514 1026 1570 1061 γὰρ
1581 1026 1631 1052 σὺν
1647 1026 1746 1057 αὐτοῖς
1760 1026 1804 1053 καὶ

1000 1070 1067 1104 νέοι,
1081 1071 1129 1098 καὶ
1148 1070 1218 1106 ὁμοῦ
1238 1071 1318 1098 παισὶ
1335 1071 1464 1107 πατέρες,
1485 1071 1533 1101 καὶ
1550 1071 1706 1108 θυγατράσι
1721 1071 1805 1107 μητέ-

1003 1126 1058 1153 ρες.
1069 1118 1174 1145 υὺκοῦν
1187 1118 1258 1145 κατὰ
1271 1118 1362 1154 πάσης
1375 1118 1494 1154 ήλικίας,
1505 1118 1536 1145 τὸ
1547 1117 1603 1144 τῶν
1614 1117 1805 1152 εὐαγγελικῶν

1000 1164 1186 1201 κηρυγμάτων
1194 1165 1414 1197 ἁπλοῦταιλῖνον,
1425 1165 1473 1192 καὶ
1486 1164 1577 1197 τοῦτο,
1593 1161 1686 1199 οἶμαι,
1701 1162 1763 1189 ἐστὶ
1775 1164 1804 1189 τδ

1000 1211 1029 1238 ἑν
1043 1213 1076 1247 τῇ
1091 1211 1176 1247 βίϐλῳ
1192 1210 1315 1247 Ψαλμῶν
1333 1210 1538 1247 γεγραμμένον·
1556 1219 1566 1236 ‹
1578 1209 1729 1236 Νεανίσκοι
1758 1209 1804 1235 καὶ

1000 1257 1139 1292 παρθένοι,
1151 1257 1302 1294 πρεσὸύται
1316 1257 1386 1292 μετὰ
1398 1256 1538 1291 νεωτέρων
1563 1255 1757 1282 αἰνεσάτωσαν
1774 1254 1803 1280 τὺ

999 1303 1084 1338 ὄνομα
1109 1303 1222 1339 Κυρίου.
1242 1313 1251 1330 ι
1269 1303 1408 1330 Πετᾶσθαι
1424 1303 1454 1330 δέ
1478 1311 1560 1337 φησιν
1582 1303 1695 1333 αὐτοὺς,
1717 1301 1735 1336 ἢ
1763 1301 1802 1327 ὅτι

1000 1349 1138 1384 βαδιοῦσιν
1164 1350 1208 1377 ἐπ’
1225 1349 1322 1385 αὐτὴν,
1338 1349 1390 1376 οὐκ
1414 1348 1560 1384 ἀτημελῶς
1574 1357 1603 1375 τε
1628 1348 1677 1374 καὶ
1703 1356 1802 1383 παρει-

1001 1395 1106 1431 μένως,
1125 1396 1182 1422 ἀλλ’
1203 1395 1260 1424 οἷον
1287 1396 1397 1430 πτηνοὶ,
1421 1396 1469 1422 καὶ
1493 1395 1637 1431 δρομαῖοι,
1659 1395 1748 1430 ήγουν
1773 1394 1802 1420 τὸ

998 1441 1098 1476 γεῶδες
1122 1442 1171 1469 καὶ
1189 1442 1329 1478 χθαμαλὸν
1343 1443 1460 1478 ἀφέντες
1474 1442 1603 1478 φρόνημα
1622 1449 1799 1477 μετεωροκο-

999 1488 1075 1516 λοῦσι
1091 1489 1191 1525 τρόπον
1213 1490 1285 1523 τινὰ,
1303 1490 1351 1517 καὶ
1364 1490 1460 1525 ὥσπερ
1471 1490 1504 1516 ὲκ
1522 1488 1661 1523 θαλάττης
1679 1488 1800 1522 νεφέλαι,

998 1537 1031 1563 ὲκ
1042 1535 1158 1572 θορύσου
1171 1545 1202 1563 τε
1211 1536 1257 1562 καὶ
1273 1537 1379 1572 τρυφῆς
1393 1535 1540 1571 κοσμικῆς,
1552 1535 1665 1562 άττουσί
1678 1542 1708 1561 τε
1721 1535 1800 1570 ὑψοῦ.

999 1582 1047 1608 καὶ
1070 1582 1249 1618 ἀνανήχονται
1274 1581 1344 1617 πρὸς
1363 1581 1412 1617 τὴν
1434 1581 1491 1608 ἄνω
1515 1581 1682 1612 σπεύδοντες
1712 1581 1798 1608 πόλιν.

997 1627 1197 1664 Θαυμαζούσης
1215 1628 1306 1655 τοίνυν
1321 1628 1373 1663 τῆς
1401 1627 1564 1663 Ἐκκλησίας
1577 1627 1626 1663 τὴν
1641 1627 1671 1661 ἐξ
1692 1628 1801 1663 ἁπάσης

999 1674 1092 1711 χώρας
1103 1675 1154 1711 τὴν
1168 1675 1212 1702 διὰ
1229 1675 1348 1706 πίστεως
1362 1675 1527 1711 συνδρομὴν,
1541 1674 1591 1710 τὴν
1604 1674 1652 1702 τοῦ
1671 1675 1800 1710 πράγμα-

997 1729 1043 1753 τος
1054 1721 1145 1748 αἰτίαν
1154 1721 1310 1757 ἀπογυμνοῖ
1318 1721 1399 1748 πάλιν
1413 1721 1428 1747 6
1443 1721 1604 1756 σαγηνεύων
1620 1721 1734 1752 αὐτοὺς,
1751 1726 1798 1751 καί

999 1775 1090 1803 φησιν·
1097 1777 1107 1794 ‹
1118 1767 1183 1802 Ἐμὲ
1193 1768 1269 1803 νῆσοι
1281 1768 1432 1803 ὑπέμειναν
1441 1788 1448 1801 ,
1458 1767 1505 1794 καὶ
1515 1767 1596 1794 πλοῖα
1603 1767 1724 1802 Θαρσεῖς
1734 1768 1800 1800 ἀγα·

998 1814 1057 1846 γεῖν
1072 1813 1106 1840 τὰ
1119 1813 1202 1840 τέκνα
1217 1821 1264 1840 σου
1278 1814 1414 1850 μακρόθεν
1423 1835 1431 1848 ,
1451 1813 1499 1840 καὶ
1518 1813 1564 1839 τὸν
1576 1813 1680 1849 χρυσὸν
1691 1813 1742 1839 καὶ
1753 1812 1802 1839 τὸν

998 1859 1118 1895 ἄργυρον
1137 1859 1195 1894 μετ’
1207 1859 1307 1886 αὐτῶν.
1323 1869 1332 1886 ι
1357 1860 1412 1887 Καὶ
1431 1861 1531 1895 νήσους
1542 1859 1638 1886 ἐνθάδε
1659 1859 1797 1894 συνήσεις,

998 1905 1058 1940 οὐχὶ
1065 1905 1098 1940 δὴ
1107 1906 1215 1938 πάντως
1225 1906 1295 1933 αὐτὰ
1305 1906 1339 1933 τὰ
1351 1905 1405 1932 τῶν
1413 1906 1502 1942 νήσων
1517 1905 1614 1940 ἐδάφη,
1622 1904 1724 1939 εὔηθες
1734 1903 1798 1939 γὰρ,

997 1951 1059 1979 οὔτε
1069 1952 1123 1988 μὴν
1135 1952 1205 1979 αὐτὰ
1220 1953 1254 1979 τὰ
1266 1952 1315 1988 τῆς
1325 1952 1442 1987 Θαρσεῖς
1452 1952 1541 1984 πλοῖα,
1549 1951 1614 1983 τοὺς
1625 1950 1799 1982 ἐνοικοῦντας

997 1998 1026 2025 δὲ
1041 1998 1141 2033 μᾶλλον
1151 1998 1257 2031 αὐταῖς,
1273 1999 1335 2034 ἦτοι
1344 1999 1399 2026 τῶν
1406 1999 1496 2034 νήσων
1504 1999 1567 2030 τοὺς
1583 1997 1720 2033 ἐμϐάτας.
1728 1997 1800 2033 Θαρ-

999 2047 1056 2078 σεῖς
1070 2045 1100 2073 δὲ
1116 2046 1132 2082 ή
1148 2045 1207 2072 θεία
1220 2045 1316 2081 Γραφὴ
1331 2045 1380 2077 τὰς
1395 2044 1508 2076 Ἰνδικὰς
1525 2044 1656 2079 ὀνομάζει
1672 2044 1800 2071 πλειστα-

997 2090 1057 2126 χοῦ-
1076 2091 1143 2126 φασὶ
1154 2090 1183 2116 δὲ
1203 2088 1272 2117 εἶναι
1296 2090 1344 2116 καὶ
1366 2090 1395 2116 ὲν
1410 2090 1444 2124 τῇ
1460 2088 1566 2125 Κύπρῳ
1583 2089 1704 2124 Θαρσεῖς
1724 2089 1799 2115 πόλιν

997 2136 1205 2172 ὠνομασμένην.
1228 2135 1332 2163 Οὐκοῦν
1350 2136 1498 2171 ἐπειδήπερ
1514 2135 1545 2162 αἴ
1564 2144 1593 2162 τε
1610 2135 1701 2170 νῆσοι,
1721 2136 1797 2170 φησὶ,

998 2183 1046 2210 καὶ
1060 2182 1085 2209 οἱ
1105 2183 1137 2209 ὲκ
1155 2181 1202 2218 τῆς
1224 2181 1314 2209 Ἰνδῶν
1329 2182 1444 2217 ἥκοντες
1457 2181 1548 2217 χώρας
1563 2182 1614 2217 ἐμὲ
1633 2181 1797 2217 ὑπέμειναν.

997 2228 1149 2260 τουτέστιν,
1166 2228 1325 2263 ὑπέστησαν
1347 2227 1394 2254 τὸν
1417 2227 1600 2263 ἐπενεχθέντα
1618 2228 1714 2260 αὐτοῖς
1735 2229 1798 2263 παρ’

998 2274 1065 2310 ἐμοῦ
1078 2274 1172 2309 ζυγὸν,
1190 2275 1235 2301 διὰ
1255 2274 1334 2301 τοῦτο
1353 2275 1449 2310 συρρεῖ
1463 2273 1634 2309 πανταχόθεν
1649 2275 1667 2310 ή
1685 2274 1742 2300 τῶν
1759 2283 1800 2300 πι⁴

998 2321 1148 2348 στευόντων
1161 2321 1277 2356 πληθύς.
1295 2321 1412 2348 ’Ἡκουσι
1430 2320 1502 2356 γὰρ,
1521 2322 1568 2348 καὶ
1591 2321 1622 2353 ὲξ
1645 2320 1734 2355 αὐτῆς
1751 2320 1800 2353 τῆς

999 2367 1143 2403 Βαρδάρου
1160 2368 1211 2404 γῆς
1224 2367 1320 2403 ἄνδρες
1330 2367 1380 2394 οὐκ
1392 2367 1478 2401 ὀλίγοι
1498 2367 1528 2394 τὺ
1542 2367 1666 2402 Χριστοῦ
1685 2367 1799 2402 φοροῦνς

156 2409 243 2437 veteri
266 2408 393 2437 inanimis
412 2409 574 2445 quibusdam
600 2411 690 2444 idolis,
705 2417 733 2439 et
751 2412 946 2441 daemoniorum

1041 2413 1152 2450 :5vopa,
1165 2414 1213 2441 καὶ
1236 2413 1477 2450 καρποφοροῦντες
1496 2414 1536 2445 εἰς
1557 2413 1637 2446 δόξαν
1660 2413 1748 2440 αὐτοῦ
1766 2414 1799 2440 τὰ

156 2455 293 2490 gregibus,
326 2456 374 2483 sed
405 2456 468 2492 quia
493 2463 617 2484 sanctum
644 2458 781 2486 habebant
804 2459 874 2493 apud
902 2467 949 2488 eos

156 2509 254 2530 nomen
269 2502 384 2536 Domini,
400 2508 427 2531 et
441 2503 576 2537 gloriosus
589 2509 699 2533 sanctus
717 2506 811 2533 Israel.
825 2506 879 2534 Sed
894 2515 947 2534 non

156 2551 198 2574 est
213 2538 282 2575 aiius
295 2547 436 2582 Dominus,
453 2549 521 2577 alius
536 2558 644 2578 rursum
659 2550 776 2579 Sanctus
791 2551 882 2585 Israel,
899 2552 947 2580 sed

156 2599 227 2619 unus
247 2597 274 2620 et
289 2593 360 2620 idem
374 2594 481 2622 exsistit
497 2595 637 2628 Dominus,
653 2601 680 2623 et
691 2601 811 2630 sanctus,
821 2601 847 2624 et
862 2597 946 2632 glori-

155 2638 263 2666 Iicatus.
288 2638 434 2667 Sciendum
449 2645 491 2668 est
513 2646 602 2669 autem
638 2642 740 2670 insulas
757 2643 848 2671 vocari
864 2644 945 2671 etiam

156 2683 281 2712 civitates
300 2692 361 2720 qua:
384 2693 432 2721 per
454 2686 599 2715 circuitum
621 2693 695 2722 sunt,
717 2694 800 2717 vasta:
824 2695 851 2717 et
873 2698 946 2726 vagae

155 2738 253 2767 magna
269 2739 300 2759 ex
317 2736 394 2767 parte
409 2737 437 2761 et
453 2741 507 2763 non
524 2734 663 2763 habitatas.
680 2735 758 2770 Quod
776 2737 799 2764 si
820 2737 946 2764 dicantur

192 2821 203 2834 ³
215 2819 288 2847 Psal.
303 2828 416 2856 cxuvm,
435 2822 476 2849 I2.

997 2459 1102 2496 ὅσαπερ
1126 2460 1160 2487 ἃν
1176 2460 1268 2492 αὐτοῖς
1284 2460 1300 2495 ἡ
1325 2459 1402 2495 χώρα
1421 2459 1534 2495 δύνηται
1551 2459 1657 2494 φέρειν.
1675 2459 1798 2495 Εὕφορον

995 2506 1025 2533 δὲ
1042 2504 1110 2533 εἶναι
1129 2505 1240 2542 χρυσοῦ,
1258 2506 1305 2532 καὶ
1321 2505 1441 2541 ἀργύρου
1461 2506 1544 2541 φασιν
1562 2505 1661 2542 αὐτήν.
1678 2506 1799 2541 Epona-

998 2552 1107 2588 μίζουσι
1127 2553 1156 2580 δὲ
1170 2553 1200 2580 οὐ
1217 2552 1288 2580 κατά
1309 2561 1340 2587 γε
1355 2552 1386 2579 τδ
1414 2552 1580 2588 παρῳχηκὸς
1603 2553 1665 2584 ἔθος
1684 2552 1798 2587 ἀψύχοις

995 2599 1066 2626 τισὶν
1091 2599 1230 2632 είδώλοις,
1253 2599 1300 2626 καὶ
1320 2599 1467 2634 δαιμονίων
1488 2599 1618 2633 ἀγέλαις,
1639 2598 1700 2625 ἀλλ’
1724 2599 1795 2625 ἔπει-

995 2646 1083 2682 δήπερ
1105 2645 1182 2680 ἅγιον
1199 2646 1296 2681 γέγονε
1323 2647 1389 2682 παρ’
1409 2646 1501 2678 αὐτοῖς
1524 2645 1555 2671 τὸ
1572 2645 1659 2680 δνομα
1681 2645 1792 2681 Κυρίου,

996 2691 1098 2724 ἔνδοξος
1111 2692 1138 2718 δὲ
1149 2693 1163 2719 ὁ
1181 2693 1275 2726 ’Ἀγιος
1288 2692 1335 2719 τοῦ
1355 2691 1473 2727 Ἰσραήλ·
1487 2692 1533 2719 καὶ
1542 2692 1591 2727 οὐχ
1605 2691 1702 2727 ἔτερος
1717 2691 1765 2726 μὲν
1781 2691 1794 2716 ὁ

996 2738 1108 2774 Κύριος,
1118 2739 1211 2775 ἕτερος
1222 2739 1250 2765 δὲ
1262 2739 1341 2766 πάλιν
1354 2739 1368 2765 ὁ
1379 2738 1474 2773 ’Ἄγιος
1489 2737 1536 2765 τοῦ
1551 2737 1673 2774 Ἰσραὴλ,
1687 2737 1745 2765 ἀλλ’
1755 2734 1792 2768 εἷς

192 2910 229 2945 (I)
251 2910 355 2939 Huntl‘r.
390 2913 480 2946 vertit,
507 2914 666 2947 admiratur,
692 2920 818 2950 patetque
842 2915 885 2942 hic
921 2925 979 2945 esse
1001 2917 1138 2945 mendum.
