1893 3052
110 144 178 193 ἱέσδ

673 171 706 199 IN
727 172 842 201 ISAIAM
861 173 924 200 LIB.
943 173 973 202 V.
992 173 1109 203 TOMUS
1128 174 1171 202 IV.

1668 175 1734 205 1554

109 225 155 250 καὶ
170 225 184 251 ὀ
199 224 279 257 αὐτὸς
292 225 420 263 ὑπάρχων
433 228 534 264 Κύριός
550 237 580 256 τε
595 231 641 257 καὶ
655 231 741 266 ἅγιος,
757 232 804 258 καὶ
825 232 883 258 δεδο

955 233 1001 260 illa:
1019 241 1125 268 quoque
1143 233 1279 261 sustinere
1300 233 1454 266 Dominum,
1467 233 1492 260 id
1504 236 1556 265 est,
1575 232 1599 259 ei
1616 231 1734 265 servire;

106 269 356 305 ξασμένος.Ίστέον
374 273 403 299 δὲ
424 274 464 300 ὅτι
480 274 555 310 νῆσοι
572 275 727 309 καλοῦνται,
744 276 790 303 καὶ
805 277 897 309 πόλεις

104 315 133 342 al
147 315 250 352 κύκλῳ,
265 317 365 354 πολλὴν
381 318 491 354 ἔχουσαι
506 320 553 348 καὶ
571 321 698 357 ἀοίκητον
722 323 849 359 ἐρημίαν.
865 325 896 351 Εἰ

104 361 134 388 δὲ
157 361 279 397 λέγοιντο
296 363 344 390 καὶ
367 365 448 392 αὑταὶ
463 366 608 401 ὑπομεῖναι
624 368 668 395 τὸν
687 368 799 405 Κύριον,
814 379 894 397 τουτ-

103 407 188 440 έστιν,
201 408 275 443 αὐτῷ
289 408 441 444 δουλεῦσαι,
457 412 591 447 συνήσεις,
607 413 648 440 ὄτι
660 415 706 441 καὶ
723 415 747 441 οί
764 415 813 447 τὰς
824 415 893 443 ἀδά-

103 461 178 484 τους,
192 454 238 480 καὶ
252 454 409 489 ἐξωσμένας
422 457 525 493 ἐρημίᾳ
539 458 623 496 πολλῇ
637 460 827 493 κατοικοῦντες
841 462 894 497 χώ-

105 505 166 532 ρας,
185 498 201 533 ἢ
219 498 311 530 πόλεις
324 500 419 535 ἥξουσι
431 502 474 530 διὰ
494 503 621 537 πίστεως,
645 505 692 531 καὶ
714 508 892 544 καρποφορή-

104 551 181 570 σουσι
196 544 235 579 τῷ
251 545 361 581 Χριστῷ
379 547 489 583 χρυσὸν,
511 549 558 575 καὶ
573 549 703 585 ἄργυρον,
719 551 766 578 καὶ
786 553 846 588 οὐχὶ
861 553 893 589 δή

102 597 155 614 που
176 589 284 622 πάντως
303 592 352 626 τὴν
371 591 447 628 ὕλην,
468 591 593 621 ἁλλόἶον
611 594 645 622 τὰ
664 595 694 622 ὲν
710 596 776 632 ἡμῖν
795 597 891 633 τίμια,

101 635 149 661 καὶ
165 636 290 672 λαμπρὰ,
301 637 347 664 καὶ
358 637 405 665 τοῦ
420 639 588 672 παντὸςᾶξια
598 640 689 675 λόγου,
700 642 790 669 πίστιν
798 643 892 678 δηλον-

98 681 154 713 ότι,
173 682 221 709 καὶ
249 683 298 718 τὴν
316 683 344 717 ἐξ
361 684 468 719 ἀπάσης
488 685 588 721 ἀρετῆς
611 687 778 723 φαιδρότητα
790 697 797 704 ·
817 689 892 721 ξένια

99 727 155 762 γὰρ
168 727 256 755 ταῦτα
271 728 339 765 Θεῷ,
360 730 408 757 καὶ
431 732 618 767 πνευματικῆς
636 732 765 769 λατρείας
788 734 893 762 ἀναθέ-

101 781 176 806 ματα
192 773 315 810 λαμπρὰ,
335 775 382 802 καὶ
393 776 615 813 τεθαυμασμένα.
629 777 785 814 Γέγραπται
800 780 829 806 δὲ
845 781 892 807 καὶ

97 818 130 844 ἑν
150 819 233 855 βίϐλῳ
249 820 372 856 Ψαλμῶν
394 823 458 858 περὶ
480 822 525 849 τοῦ
542 823 650 850 πάντων
670 824 748 860 ἡμῶν
765 826 892 862 Σωτῆρος

97 867 237 903 Χριστοῦ,
259 869 299 897 ὅτι
326 878 335 896 ι
356 869 480 903 Βασιλεῖς
512 871 628 907 Θαρσεῖς
653 873 699 899 καὶ
727 873 806 909 νῆσοι
829 875 904 910 δῶρα

952 279 1084 314 intelliges
1107 287 1154 307 eos
1177 280 1222 314 qui
1253 280 1407 307 inaccessas
1422 283 1449 307 et
1466 285 1563 313 magna
1590 277 1736 305 solitudine

951 325 1074 352 horridas
1101 325 1225 360 regiones
1249 330 1277 352 et
1301 324 1381 353 urbes
1411 324 1576 357 inhabitant,
1605 327 1734 350 venturos

949 377 997 405 per
1007 370 1087 398 ﬁdem
1104 375 1131 397 et
1146 369 1358 398 fructificaturos
1382 369 1492 398 Christo
1520 376 1618 396 aurum
1640 372 1668 395 et
1692 375 1733 394 ar-

948 420 1069 451 gentum,
1091 420 1120 443 et
1146 423 1200 443 non
1225 415 1385 450 simpliciter
1410 414 1484 441 illam
1511 413 1662 444 materiam,
1687 413 1733 440 sed

947 461 1028 489 veluti
1042 469 1102 497 qua:
1128 463 1155 489 in
1176 462 1254 490 nobis
1272 466 1334 489 sunt
1365 461 1482 496 pretiosa
1504 465 1532 488 et
1556 460 1687 493 illustria,
1707 464 1733 486 et

946 507 1036 544 magni
1064 508 1198 541 facienda,
1209 508 1290 536 ﬁdem
1301 508 1404 535 scilicet
1415 507 1589 542 omniumque
1604 506 1731 533 virtutum

943 551 1127 587 splendorem.
1148 552 1212 580 llaec
1239 553 1311 580 enim
1333 557 1397 580 sunt
1418 552 1472 579 Deo
1493 552 1583 584 xenia,
1603 552 1660 578 haec
1679 550 1732 586 spi-

943 598 1049 626 ritualis
1068 598 1157 626 cultus
1181 599 1368 631 anathemata,
1397 602 1424 625 et
1445 597 1558 624 donaria
1577 595 1691 624 illustria
1705 601 1731 622 et

943 644 1111 672 admiranda.
1126 644 1262 680 Scriptum
1278 649 1318 672 est
1334 645 1415 672 etiam
1431 644 1457 670 in
1473 643 1541 670 libro
1562 642 1730 670 Psalmorum

942 690 976 717 de
1002 691 1122 718 omnium
1144 695 1266 718 nostrum
1286 690 1431 718 Servatore
1457 688 1566 716 Christo
1584 697 1590 716 :
1616 697 1625 713 ι
1647 688 1732 722 Reges

944 736 1058 765 Tharsis
1083 741 1111 765 el
1135 736 1229 765 insulae
1248 736 1319 764 dona
1334 736 1490 763 adducent:
1510 742 1588 770 reges
1611 733 1730 760 Arabum

942 782 1072 811 etSabba
1097 783 1168 811 dona
1191 781 1322 815 silerent;
1338 785 1365 809 et
1378 780 1531 809 adorabunt
1554 787 1615 807 eum
1637 786 1730 806 omnes

942 836 1019 864 reges
1030 834 1119 863 terrae,
1135 836 1230 858 omnes
1241 832 1337 865 gentes
1352 826 1472 855 servient
1484 826 1508 854 ei
1522 825 1543 853 ⁸.
1558 835 1567 852 ι

943 877 1127 913 προσάξουσι,
1153 877 1273 914 βασιλεῖς
1307 875 1433 912 Ἀράϐων
1466 875 1513 902 καὶ
1536 873 1628 901 Σαϐὃᾶ
1657 873 1729 908 δῶρα

98 916 284 951 προσοίσουσι.
309 918 365 946 Καὶ
390 920 624 956 προσκυνήσουσιν
643 921 719 956 αὐτῷ
742 922 845 955 πάντες
871 924 896 950 οἱ
935 924 1054 960 βασιλεῖς
1089 926 1140 961 τῆς
1169 927 1232 962 γῆς,
1259 926 1349 954 πάντα
1380 925 1416 953 τὰ
1447 923 1511 959 ἔθνη
1543 920 1730 948 δουλεύσουσιν

96 962 184 998 αὐτῷ.
204 972 213 988 ι

133 1008 189 1036 bal
200 1009 453 1044 οἰκοδομήσωσιν
470 1011 644 1048 ἀλλογενεῗς
661 1014 697 1042 τὰ
716 1016 800 1051 τείχη
816 1024 883 1049 σου¹

972 1012 1109 1042 Vens.lO.
1129 1013 1162 1041 Et
1183 1013 1351 1048 wdiﬁcabunt
1374 1011 1526 1047 alienigena:
1550 1018 1640 1038 muros
1660 1015 1728 1044 tuos,

95 1053 147 1081 καὶ
162 1055 189 1081 vl
199 1054 342 1088 ,βασιλεῖς
351 1056 451 1083 αὐτῶν
461 1057 709 1092 παραστήσονται
722 1067 782 1087 σοι.

139 1100 274 1133 Ἐξαίσιον
299 1102 346 1129 καὶ
368 1102 463 1136 τοῦτο,
486 1105 533 1132 καὶ
558 1105 728 1142 θεοπρεποῦς
747 1106 889 1143 δυνάμεως

95 1147 282 1182 ἀποτέλεσμα.
296 1147 385 1183 Τεύχη
406 1148 455 1184 μὲν
469 1149 524 1186 γὰρ
541 1150 587 1177 καὶ
603 1150 740 1186 περίδολοι
756 1150 890 1185 σώζοντες

95 1193 148 1228 τῆς
164 1194 327 1229 Ἐκκλησίας
341 1194 376 1221 τὰ
399 1195 494 1227 τέκνα,
511 1195 632 1231 νοηθεῖεν
650 1196 684 1224 ἂν
701 1197 793 1230 πίστις
810 1198 887 1234 ὀρθὴ,

95 1240 144 1266 καὶ
162 1239 323 1275 ἀμώμητος,
339 1239 428 1276 ἔργων
443 1249 472 1267 τε
490 1241 636 1278 φαιδρότης
652 1242 681 1274 ἐξ
700 1243 809 1279 ἀπάσης
822 1244 888 1280 ἀρε-

94 1286 146 1320 τῆς
159 1284 325 1319 συλλέγουσα
343 1285 450 1318 κάλλος,
466 1287 593 1321 γνώσεως
607 1287 635 1314 δὲ
649 1287 826 1324 δογματικῆς,
842 1290 889 1317 καὶ

95 1329 190 1364 μέντοι
203 1329 250 1356 καὶ
261 1329 363 1364 ἠθικῶς
376 1330 431 1366 [ἴον.
440 1330 549 1368 ἠθικῆς]
562 1329 617 1359 εἷεν
630 1332 663 1359 ἃν
676 1334 831 1369 εἰσηγηταὶ,
841 1334 888 1361 καὶ

92 1375 252 1403 διδάσκαλοι
267 1376 322 1403 τῶν
342 1377 421 1404 θείων
438 1378 623 1414 κηρυγμάτων
639 1379 776 1416 ἱερουργοὶ
789 1381 888 1414 πάντες

92 1421 154 1448 ὅσοι
167 1422 250 1458 ψήφῳ
266 1422 326 1458 θείᾳ
344 1422 488 1450 καλοῦνται
512 1425 579 1460 πρὸς
599 1425 688 1453 τοῦτο.
707 1427 762 1453 Καὶ
777 1427 887 1464 ἀπαρχὴ

93 1467 147 1502 μὲν
162 1468 264 1495 τούτων
279 1468 332 1494 τῶν
354 1469 435 1504 ἱερῶν
452 1471 636 1505 κηρυγμάτων
656 1473 800 1507 γεγόνασιν
821 1475 887 1510 ἡμῖν

92 1514 118 1540 οξ
134 1513 273 1540 θεσπέσιοι
295 1513 432 1550 μαθηταὶ,
449 1515 571 1542 πλεῖστοι
591 1516 619 1543 δὲ
636 1518 694 1552 μετ’
710 1519 842 1554 ἐκείνους,
862 1521 886 1546 ol

93 1560 142 1586 τὸν
156 1560 221 1595 παρ’
236 1560 326 1587 αὐτῶν
350 1561 555 1596 ίχνηλατοῦντες
570 1562 659 1598 λόγον,
679 1564 729 1591 οὐκ
743 1566 776 1592 ὲκ
798 1566 887 1601 μόνων

99 1606 245 1639 Ἰουδαίων,
260 1606 328 1634 ἀλλὰ
348 1607 403 1643 γὰρ
424 1608 472 1635 καὶ
492 1609 524 1635 ὲκ
544 1609 691 1645 ταγμάτων
710 1610 884 1647 Ἑλληνικῶν,

91 1653 118 1679 οἳ
137 1653 184 1680 καὶ
200 1654 250 1688 τῆς
267 1653 296 1680 ἐν
310 1653 405 1689 κόσμῳ
419 1655 514 1689 σοφίας
528 1656 557 1683 ἐν
577 1655 653 1691 καλῷ
666 1657 820 1691 γεγονότες,
838 1659 885 1685 καὶ

91 1699 256 1733 εὐγλωττεῖν
278 1699 378 1731 ειδότες
403 1700 508 1736 ἄριστοι
524 1701 652 1735 γεγόνασι
678 1703 822 1730 παιδευταί.
841 1703 885 1730 τὸν

93 1745 145 1779 μὲν
157 1744 253 1780 ἀκλινῆ
265 1745 313 1780 τῆς
328 1745 446 1777 πίστεως
459 1746 537 1780 λόγον
553 1746 756 1783 οἰκοδομοῦντες
771 1748 886 1781 ἀστείως

91 1791 122 1816 ἐν
147 1791 206 1822 ταῖς
229 1790 284 1817 τῶν
309 1791 561 1828 μυσταγωγούντων
583 1792 693 1827 ψυχαῖς,
720 1794 837 1826 ἐνιέντες
857 1794 884 1821 δὲ

91 1835 186 1866 αὐτοῖς
204 1835 340 1868 πολιτείας
356 1835 405 1872 τὴν
420 1837 583 1870 ἀξιάγαστον
601 1838 760 1874 συνείδησιν.
780 1839 884 1867 Οὐκοῦν

90 1880 248 1914 ἀλλογενεῖς
272 1881 332 1916 μὲν,
358 1882 399 1908 ὅτι
427 1882 464 1917 μὴ
490 1883 519 1916 ἐξ
541 1883 657 1918 αἵματος
684 1884 791 1921 Ἰσραὴλ
814 1888 885 1914 κατὰ

92 1926 195 1961 σάρκα,
206 1926 274 1962 πλὴν
290 1927 480 1962 ἀρχιτέκτονες
496 1929 582 1963 σοφοὶ,
602 1929 672 1956 κατὰ
685 1930 730 1957 τὸν
742 1931 884 1960 θεσπέσιον

92 1971 210 2004 Παῦλον,
225 1972 272 1999 καὶ
281 1970 310 1999 εὖ
325 1973 423 2005 εἰδότες
435 1974 574 2009 θεμελιοῦν
585 1975 613 2002 ὲν
625 1976 690 2011 ἡμῖν
700 1976 745 2003 τὸν
755 1977 882 2012 Χριστὸν,

90 2016 137 2044 διὰ
151 2017 269 2049 πίστεως
290 2018 318 2044 δὲ
339 2018 476 2051 δηλονότι,
500 2019 547 2046 καὶ
571 2020 740 2057 εἰσηγήσεως
762 2022 881 2056 ἀγαθῶν,

91 2063 190 2095 Τοῦτο,
212 2061 300 2100 οἶμαι,
323 2065 382 2091 ἐστὶ
403 2064 443 2096 τὸ,
457 2075 465 2091 ι
479 2065 706 2102 Οἰκοδομήσουσιν
730 2067 883 2103 ἀλλογενείς

90 2110 127 2136 τὰ
145 2110 223 2145 τείχη
241 2118 297 2141 σου,
311 2110 357 2136 καὶ
377 2110 401 2137 οἱ
416 2110 536 2145 βασιλεῖς
553 2112 642 2139 αὐτῶν
663 2115 883 2149 παραστήσονταί

91 2164 144 2182 σοι.
159 2165 168 2182 ι
181 2155 268 2182 Τίνων
283 2156 311 2182 δὲ
325 2157 348 2182 oi
366 2155 484 2191 βασιλεῖς
495 2166 503 2191 ;
513 2155 552 2183 τΗ
568 2157 688 2193 δηλονότι
706 2159 760 2186 τῶν
772 2160 883 2194 ἀλλογε-

91 2201 156 2228 νῶν.
174 2201 298 2234 Βασιλεῖς
317 2201 346 2228 δέ
370 2210 452 2237 φησιν
469 2203 497 2229 ὲν
511 2202 625 2235 τούτοις,
641 2203 657 2239 ἢ
676 2206 739 2236 τοὺς
751 2205 883 2241 ἄρχοντας

90 2248 140 2274 καὶ
156 2248 325 2283 ἡγουμένους
340 2247 423 2280 λαῶν,
437 2249 462 2275 οἳ
481 2251 668 2285 παρεστήκασι
682 2252 715 2286 τῇ
736 2251 883 2288 Ἐκκλησία

90 2292 223 2329 Χριστοῦ,
238 2293 450 2330 δορυφοροῦντες
465 2295 560 2330 ὥσπερ
579 2295 674 2331 αὐτὴν,
695 2297 742 2324 καὶ
754 2298 883 2324 συνασπί-

80 2332 186 2372 ’ζοντες
201 2341 259 2372 τοῖς
275 2341 360 2376 αὐτῆς
376 2341 491 2374 τέκνοις,
513 2342 559 2368 καὶ
578 2343 776 2375 ἀποσοϐοῦντες
791 2345 881 2372 πᾶσαν
897 2364 919 2393 D

90 2385 186 2420 ἔφοδον
201 2385 306 2422 ἐχθρῶν
320 2387 424 2423 ὁρατῶν
442 2396 472 2414 τε
490 2389 537 2414 καὶ
552 2389 713 2426 ἀοράτωι,ἥ
730 2391 800 2418 κατά
816 2391 881 2428 ἀλή-

90 2432 168 2459 θειαν
180 2433 243 2464 τοὺς
256 2433 316 2464 ταῖς
326 2433 456 2461 ἀνωτάτω
468 2436 561 2469 τιμαῖς
572 2435 821 2472 ἐστεφανωμένους,
835 2439 882 2465 καὶ

89 2477 121 2505 τὸ
132 2478 183 2513 τῆς
199 2478 337 2514 βασιλείας
356 2479 465 2515 ἔχοντας
482 2481 630 2516 σκῆπτρον,
646 2482 671 2508 οἳ
685 2482 730 2509 καὶ
743 2483 883 2519 παρέστη-

89 2533 142 2551 σαν
159 2526 192 2560 τῇ
214 2524 370 2562 Ἐκκλησία.
390 2526 423 2553 Ἡ
437 2526 464 2553 δὲ
475 2526 647 2562 παράστασις
662 2528 690 2554 ἐν
713 2528 818 2561 τούτοις
837 2538 884 2566 ση-

92 2570 184 2605 μαίνει
198 2570 248 2606 τὴν
273 2571 407 2606 ὑπακοήν.
429 2572 541 2599 Εἰκουσι
564 2572 618 2608 γὰρ
640 2574 695 2605 τοῖς
718 2573 810 2607 θείοις,
835 2575 882 2602 καὶ

91 2617 176 2652 ἱεροῖς
192 2615 369 2652 θεσπίσμασι,
394 2618 440 2644 καὶ
454 2618 485 2644 τὸ
499 2618 549 2653 τῆς
566 2618 729 2654 Ἐκκλησίας
749 2621 881 2656 κήρυγμα

93 2662 193 2693 παντὸς
204 2661 308 2694 ἀξιοῦσι
323 2662 412 2696 λόγου.

125 2708 178 2734 Διὰ
191 2707 246 2742 γὰρ
264 2707 357 2743 ὀργὴν
369 2707 503 2740 ἐπάταξά
515 2715 562 2741 0'8,
580 2709 630 2735 καὶ
645 2709 683 2736 δι’
698 2709 787 2737 ἔλεον
804 2710 878 2746 ἡγιά-

96 2751 176 2786 σησὰ
200 2760 246 2779 σε.
261 2753 315 2779 Καὶ
336 2752 570 2787 ἀνοιχθήσονται
587 2754 618 2780 αἱ
639 2754 732 2781 πύλαι
751 2763 808 2782 σου
832 2755 881 2783 διὰ

89 2796 219 2829 παντὸς,
246 2797 359 2831 ἡμέρας
383 2796 433 2823 καὶ
457 2796 583 2829 νυκτὸς,
607 2797 655 2824 καὶ
679 2799 715 2825 οὐ
737 2801 877 2834 συγκλει-

129 2885 138 2900 ⁸
156 2883 420 2920 l‘sal.Lxxt,10,ll.
459 2884 469 2900 '
487 2883 590 2912 Coloss.
610 2892 628 2916 I,
642 2885 688 2912 25.

940 1066 965 1089 et
985 1069 1056 1096 reges
1078 1069 1169 1088 eorum
1183 1061 1307 1088 auiuent
1328 1059 1387 1086 tibi.

975 1107 1111 1135 Eximium
1125 1106 1250 1141 quodque
1262 1106 1324 1138 hoc,
1338 1109 1366 1133 et
1378 1103 1477 1133 divinae
1488 1103 1617 1137 potentia:
1632 1107 1674 1129 est
1686 1101 1727 1129 I'a-

939 1153 1028 1181 cinus.
1045 1152 1112 1180 Muri
1127 1151 1200 1179 enim
1212 1156 1240 1180 et
1254 1150 1422 1178 munimenta
1435 1156 1496 1185 quae
1512 1147 1644 1176 Ecclesiae
1659 1147 1727 1175 libe-

939 1206 985 1226 ras
1007 1202 1129 1231 servant,
1157 1196 1268 1231 intelligi
1286 1192 1368 1232 84⁸1
1394 1197 1518 1230 possunt,
1533 1193 1599 1221 ﬁdes
1612 1199 1684 1221 recta
1702 1198 1729 1220 ct

939 1242 1199 1279 irreprehensibilis,
1221 1247 1249 1270 et
1267 1247 1379 1277 operum
1405 1239 1533 1275 splendor
1548 1240 1621 1267 omni
1643 1240 1727 1267 virtu-

939 1293 996 1316 tum
1015 1288 1217 1324 pulchritudine
1249 1288 1405 1316 decoratus.
1429 1285 1613 1321 Prmeeptores
1638 1290 1725 1312 autem

938 1335 1099 1370 cognitionis
1122 1334 1282 1370 dogmaticaa
1314 1338 1342 1361 et
1356 1331 1479 1366 moralis,
1498 1332 1620 1367 adeoque
1636 1332 1727 1359 docto—

938 1388 982 1408 res
1006 1380 1160 1408 divinorum
1184 1379 1381 1416 praeconiorum
1393 1385 1454 1406 esse
1465 1383 1591 1414 possunt,
1608 1377 1728 1405 ministri

937 1435 1033 1454 omnes
1054 1427 1209 1462 quicunque
1235 1425 1327 1454 divino
1342 1425 1447 1454 calculo
1463 1425 1496 1452 ad
1513 1425 1565 1452 hoc
1583 1429 1724 1452 vocantur.

939 1473 972 1500 Et
988 1472 1115 1508 primitiae
1128 1473 1238 1508 quidem
1256 1472 1336 1507 hujus
1351 1479 1437 1500 sacrte
1451 1470 1657 1506 praedicationis
1676 1477 1725 1496 ex-

938 1519 1065 1546 stiterunt
1086 1519 1162 1546 nobis
1181 1518 1265 1546 divini
1283 1517 1418 1551 discipuli,
1440 1522 1468 1546 et
1489 1516 1644 1551 complures
1666 1521 1726 1551 past

938 1565 1007 1597 illos,
1019 1565 1065 1599 qui
1084 1564 1110 1591 in
1128 1563 1442 1599 sermone.prwdicando
1454 1562 1541 1591 secuti
1554 1566 1617 1589 sunt
1631 1568 1724 1588 eorum

938 1610 1062 1645 vestigia,
1077 1618 1129 1638 non
1147 1609 1233 1638 solum
1247 1616 1280 1636 ex
1298 1602 1410 1642 Iudaeis,
1425 1609 1471 1636 sed
1487 1612 1514 1636 et
1525 1614 1557 1634 ex
1570 1607 1724 1635 Graecorum

937 1655 1088 1688 ordinibus,
1111 1655 1306 1690 qui,szeculari
1330 1654 1455 1682 instructi
1476 1654 1620 1688 sapientia,
1642 1658 1669 1680 et
1685 1653 1726 1681 di-

937 1701 1014 1728 cendi
1032 1700 1161 1728 facultate
1184 1700 1300 1736 praediti,
1324 1700 1418 1736 optimi
1445 1699 1612 1728 institutores
1628 1706 1725 1727 evase-

938 1752 1011 1779 runt,
1027 1747 1134 1773 lirmum
1154 1753 1307 1774 sermonem
1330 1745 1390 1773 lidei
1408 1745 1574 1773 aediﬁcantes
1587 1744 1725 1780 eleganter

936 1792 963 1819 in
989 1791 1087 1819 animis
1109 1791 1290 1824 initiatorum,
1312 1795 1341 1819 et
1362 1791 1512 1819 inserentes
1531 1791 1557 1819 in
1582 1791 1635 1817 illis
1656 1791 1724 1818 bene

935 1838 1041 1865 vivendi
1056 1837 1241 1866 admirabilem
1258 1837 1463 1866 conscientiam.
1483 1837 1652 1873 Alienigenae
1672 1838 1723 1873 igi-

936 1887 980 1911 tur
993 1883 1113 1918 fuerunt,
1125 1883 1188 1919 quia
1203 1891 1257 1912 non
1271 1887 1348 1912 erant
1359 1891 1391 1911 ex
1405 1883 1537 1920 sanguine
1549 1883 1640 1917 lsrael,
1653 1886 1722 1918 quod

935 1929 968 1957 ad
985 1937 1095 1957 carnem
1110 1929 1221 1963 attinet;
1245 1928 1387 1957 architecti
1412 1933 1502 1956 tamen
1525 1930 1674 1964 sapientes,
1696 1934 1724 1956 ut

935 1975 1041 2003 divinus
1063 1974 1164 2003 Paulus
1190 1974 1322 2010 loquitur,
1350 1974 1452 2010 quique
1477 1980 1551 2002 recte
1575 1979 1672 2002 norant
1696 1975 1722 2002 in

934 2021 1012 2048 nobis
1034 2020 1172 2049 Christum
1194 2020 1308 2048 fundare
1318 2021 1341 2054 ³,
1364 2027 1414 2056 per
1441 2020 1521 2047 ﬁdem
1542 2019 1677 2053 videlicet,
1697 2025 1724 2047 et

935 2073 1025 2092 rerum
1055 2066 1187 2093 bonarum
1215 2065 1425 2093 institutionem.
1458 2063 1525 2098 Hoc,
1538 2065 1645 2100 Opinor,
1662 2069 1721 2092 est:

938 2109 1137 2138 uEditicabunt
1148 2111 1306 2146 alienigeme
1318 2117 1409 2138 muros
1421 2115 1491 2145 tuos,
1502 2115 1529 2138 et
1543 2117 1619 2145 reges
1630 2118 1722 2137 eorum

934 2155 1064 2184 assistent
1076 2156 1135 2184 tibi.
1152 2165 1162 2182 ›
1180 2156 1299 2190 Quorum
1321 2156 1418 2191 reges?
1436 2155 1568 2183 Nimirum
1590 2155 1721 2190 alienige-

934 2209 1040 2229 narum.
1063 2202 1096 2230 Et
1117 2210 1195 2238 reges
1222 2203 1266 2231 hic
1286 2201 1362 2234 dicit,
1384 2201 1426 2230 vel
1447 2201 1583 2237 principes
1600 2207 1627 2229 et
1640 2201 1722 2229 (lucos

934 2248 1107 2283 populorum,
1123 2249 1167 2283 qui
1181 2249 1314 2276 assistunt
1337 2248 1464 2276 Ecclesiae
1484 2248 1597 2280 Christi,
1618 2247 1721 2274 satelli-

935 2294 972 2322 tio
991 2294 1145 2321 munientes
1169 2293 1240 2321 velut
1258 2301 1328 2328 eam;
1351 2298 1378 2322 et
1403 2294 1504 2322 liberos
1518 2292 1577 2328 ejus
1592 2297 1720 2328 tanquam

934 2344 1011 2368 scuto
1036 2344 1218 2375 protegentes,
1249 2347 1281 2368 ac
1305 2348 1413 2368 omnem
1443 2339 1563 2368 hostium
1593 2340 1721 2374 impetum

934 2385 1123 2421 propellentes,
1149 2390 1205 2413 tam
1232 2386 1277 2420 qui
1301 2385 1480 2420 aspectabiles
1503 2390 1566 2414 sunt
1580 2392 1660 2420 quam
1676 2385 1722 2420 qui

935 2431 1160 2467 inaspectabiles;
1189 2436 1236 2458 aut
1255 2437 1341 2464 certe,
1355 2433 1468 2460 summis
1483 2438 1594 2461 ornatos
1609 2432 1720 2460 honori-

935 2477 997 2509 bus,
1012 2482 1039 2505 et
1051 2478 1153 2512 regium
1168 2481 1303 2512 sceptrum
1317 2477 1458 2510 habentes,
1472 2478 1519 2513 qui
1533 2478 1614 2506 etiam
1631 2478 1723 2506 Eccle-

937 2523 984 2550 sire
1014 2523 1155 2551 assistunt.
1184 2523 1346 2552 Assistentia
1373 2522 1425 2549 hoc
1448 2523 1475 2550 in
1501 2524 1561 2551 loco
1587 2523 1722 2559 signiﬁcat

935 2569 1128 2596 obedientiam.
1153 2569 1259 2597 Cedunt
1278 2569 1350 2597 enim
1368 2569 1468 2597 divinis
1493 2573 1521 2596 et
1540 2570 1721 2597 sacrosanctis

934 2613 1080 2647 vaticiniis,
1100 2619 1180 2650 atque
1198 2614 1418 2650 praedicationem
1435 2614 1563 2642 Ecclesiae
1576 2622 1683 2642 summo
1694 2614 1720 2642 in

933 2663 1018 2698 pretio
1035 2664 1145 2693 habent.

968 2708 1050 2738 Vens.
1081 2710 1184 2743 11,12.
1204 2711 1308 2738 Etenim
1330 2715 1438 2746 propter
1459 2710 1528 2737 iram
1553 2710 1669 2744 percussi
1684 2715 1720 2742 te,

931 2757 956 2781 et
982 2759 1089 2790 propter
1113 2756 1324 2783 misericordiam
1350 2755 1432 2783 dilexi
1451 2759 1486 2782 te.
1512 2754 1547 2781 Et
1565 2755 1720 2789 .aperientur

931 2805 1012 2834 porta:
1024 2805 1075 2828 tutu
1086 2810 1195 2837 semper,
1216 2803 1258 2830 die
1270 2807 1293 2830 et
1311 2807 1393 2834 nocte,
1406 2806 1430 2829 et
1447 2809 1497 2828 mm
1514 2800 1678 2833 claudentur,
1691 2805 1718 2826 ut
