1893 3052
199 155 268 184 ιδῖνδ
689 157 716 184 s.
740 156 877 184 cmeu
900 154 1136 184 ALIiXANDlthl
1157 136 1318 183 Ancum.
1756 145 1824 176 me

196 214 364 242 introducunt
377 215 410 241 ad
423 219 447 241 Ie
464 217 604 248 potentiam
616 217 743 251 gentium,
761 221 784 243 et
800 224 870 251 rege:
893 217 943 242 add

1081 207 1197 248 ἱσοντάι
1207 211 1377 247 εἰσαγαγεῖν
1387 210 1462 245 πρὸς
1472 209 1509 237 σὲ
1518 209 1645 244 δύναμιν
1654 208 1764 240 ἐθνῶν,
1776 208 1826 234 καὶ

197 263 296 286 rentur.
314 258 404 286 Gentes
420 259 488 286 enim
505 265 528 287 et
549 269 620 295 rcges
641 261 686 296 qui
712 269 764 288 mm
789 262 896 289 servient
921 261 944 287 tit

1079 261 1169 295 πλεῖς
1181 261 1355 294 ἀγομένους.
1365 257 1404 285 Τὰ
1412 257 1466 292 γὰρ
1480 256 1562 289 ἔθνη,
1577 255 1626 282 καὶ
1640 255 1669 282 οι
1682 254 1826 287 βασιλεῖς

196 304 327 337 peribunt,
343 309 367 331 et
383 310 469 339 gentes
489 306 672 335 vastabantur.

1080 315 1140 340 ινες
1156 307 1190 334 οὐ
1205 303 1410 333 δουλεύσουσι
1428 310 1489 335 σοι,
1503 301 1702 332 ἀπολοῦνται,
1722 300 1773 326 καὶ
1791 299 1827 326 τὰ

1032 351 1103 385 ἔθνη
1117 350 1369 385 ἐρημωθήσονται.

232 393 364 427 Quoniam
390 396 479 430 enim,
502 396 604 431 inquit,
632 398 798 432 deprehensa
812 403 859 430 es,
886 404 979 432 quarm

1079 396 1182 432 Ἐπειδὴ
1199 396 1263 431 γὰρ,
1283 395 1359 431 φησὶ,
1376 393 1512 425 πλείστοις
1522 402 1551 420 τε
1567 393 1640 424 ὅσοις
1656 392 1704 418 καὶ
1721 391 1826 426 ἀφορή-

198 439 321 473 plurimis
340 445 368 469 et
394 441 609 470 intolerabilibus
633 443 769 478 implicata
787 443 871 476 vitiis,
887 450 945 477 part

1079 452 1085 474 :
1108 442 1341 478 πλημμελήμασιν
1362 440 1477 476 εὑρέθης
1496 439 1588 474 ἔνοχος
1604 438 1654 474 τὴν
1678 437 1826 473 ἰσόρροπον

197 491 306 518 pcenam
321 486 482 516 sustinuisti.
495 486 560 514 Erat
576 488 647 514 ettim
664 495 773 516 necesse
786 492 824 522 ut,
842 495 903 515 eum
919 493 943 515 ta

1081 488 1244 525 ›μεμένηκας
1260 488 1347 523 δίκην.
1358 484 1414 514 Ἦν
1435 486 1490 522 γὰρ
1505 485 1612 521 ἀνάγκη
1628 484 1765 518 τοιαύτην
1783 480 1828 509 ὤ-

197 529 244 562 sis,
264 529 331 557 iram
355 530 426 559 hanc
441 537 469 559 et
488 532 648 566 supplicium
672 534 830 561 sustinercs.
847 533 944 566 Quoni:

1079 544 1082 556 ι
1107 535 1252 570 ὑπομεῖναι
1274 534 1308 560 τὰ
1328 533 1357 566 ἐξ
1377 533 1471 569 ὀργῆς.
1490 531 1599 567 Ἐπειδὴ
1620 530 1649 558 δέ
1675 539 1719 557 σοι
1745 529 1826 556 πάλιν

197 579 286 600 autem
307 574 354 602 tibi
379 583 471 603 rursus
496 577 684 605 misericordia
709 577 889 612 impartienda
907 585 944 605 er:

1078 581 1114 617 ιῆν
1132 581 1169 613 ὡς
1188 581 1219 613 ἐξ
1239 579 1341 614 ἀγαθοῦ
1356 588 1386 606 τε
1405 579 1453 606 καὶ
1475 578 1695 614 φιλοικτίρμονος
1720 576 1825 611 Κυρίου

197 625 290 655 ⁶¹¹Ρ⁰¹ε
303 629 318 647 ³
334 621 404 649 δοηο
416 628 443 649 ει
460 622 634 652 Ιιιῖεθΐῖεοῐόϐ
655 623 767 652 Domino
789 632 821 651 ac
840 624 907 656 θεον
927 624 980 651 im-
1032 629 1078 656 καὶ
1088 627 1156 654 Θεοῦ
1169 627 1279 662 δοθῆναι
1295 626 1340 653 τὸν
1350 625 1434 657 ἔλεον,
1449 624 1562 655 δέδοται,
1578 623 1627 649 καὶ
1640 622 1733 654 διώξω
1749 621 1782 648 τὰ
1795 620 1827 652 ἐξ

197 667 292 700 partita
312 672 364 700 est,
379 672 407 695 et
418 668 548 702 expellam
569 677 677 698 omnem
695 671 775 698 iram.
797 670 866 704 Quid
892 670 942 705 igit

1078 673 1125 708 'ﬁq.
1142 673 1174 699 Τί
1189 670 1236 698 οὖν
1252 670 1377 706 ὑπάρξει,
1395 671 1421 696 τί
1435 670 1464 696 δὲ
1478 669 1620 704 δοθήσεται
1637 666 1825 694 πεπαυμένων

196 712 317 740 futurum
344 713 428 749 848
450 715 509 742 est?
531 715 596 751 quid
620 716 738 750 dabitur,
761 721 903 752 postquam
937 722 943 742 ι

1077 728 1084 745 μ
1119 717 1307 753 σκυθρωπῶν;
1342 726 1352 743 ι
1383 715 1629 750 Ἀνεωχϐήσονται,
1668 713 1776 748 φησιν,
1798 713 1824 738 αἱ

195 766 298 794 aspera:
327 761 511 788 cessaverint?
544 770 554 787 ι
573 762 743 796 Aperientur,
777 762 875 796 inquit,
896 768 942 796 por

1076 767 1114 790 λιαι
1133 772 1179 790 σου
1199 763 1244 790 διὰ
1266 762 1381 794 παντὸς,
1398 762 1504 797 ἡμέρας
1522 761 1569 787 καὶ
1587 759 1696 791 νυκτὸς,
1724 758 1775 785 καὶ
1794 758 1823 784 οὐ

195 811 247 832 tum
268 813 385 840 semper,
403 806 519 834 interdiu
535 813 561 834 et
575 812 666 840 noctu,
681 815 768 843 neque
781 809 941 835 claudentur

1078 808 1298 844 ’κλεισθήσονται.
1311 817 1320 833 ι
1341 808 1449 834 Ἔοικεν
1467 807 1496 832 ἐν
1510 806 1615 836 τούτοις
1636 804 1756 840 εἰρήνην
1778 803 1825 829 αὖ·

194 849 308 878 Videtur
327 852 370 879 his
390 851 482 879 verbis
508 859 601 886 pacem
625 852 744 887 polliceri
767 852 829 885 illis,
854 856 882 880 et
906 857 941 878 tra

1078 864 1085 887 ;
1104 854 1303 890 ὑπισχνεῖσθαι,
1320 853 1368 880 καὶ
1386 853 1436 888 τὴν
1460 852 1583 878 ἐντεῦθεν
1601 850 1706 877 εὐδίαν.
1724 849 1759 875 Αἱ
1777 849 1825 883 μὲν

193 896 353 930 quillilatem
373 904 432 932 quae
451 898 511 925 inde
527 898 663 932 provenit.
689 898 756 926 Nam
773 899 898 926 civitates
917 906 940 934 qi

1078 909 1084 926 2
1099 901 1127 927 ὲν
1143 900 1247 935 ὑποψίᾳ
1263 898 1401 933 πολεμίων
1416 898 1534 934 ἐμϐολῆς
1554 895 1632 924 οὖσαι
1649 896 1759 927 πόλεις,
1776 895 1825 921 οὐχ

194 943 310 970 hostium
338 943 545 978 impressionem
573 945 690 980 aliquam
713 944 771 972 fore
790 946 941 980 suspicantt

1088 946 1138 978 τὰς
1160 945 1246 977 πύλας
1261 944 1488 979 ἁναπετασμένας
1511 944 1636 978 ἔχουσιν,
1653 942 1715 969 ἀλλ’
1735 941 1775 973 ὡς
1796 941 1823 967 ὲν

192 996 246 1016 non
259 996 368 1025 semper
381 995 489 1024 apertas
502 990 601 1018 habent
614 996 717 1026 portas,
732 992 782 1020 nisi
797 999 857 1019 cum
872 996 939 1027 temp

1077 992 1116 1028 ρῷ
1127 991 1173 1019 καὶ
1183 991 1272 1027 χρείᾳ,
1287 991 1333 1017 καὶ
1343 992 1372 1017 ὲν
1381 990 1473 1026 ἡμέρᾳ
1483 990 1570 1024 μόλις,
1584 989 1632 1016 καὶ
1645 989 1678 1015 οὐ
1694 988 1759 1023 δίχα
1771 987 1823 1013 δει-

191 1033 228 1060 ita
247 1033 300 1060 fert
314 1037 342 1061 et
354 1034 511 1067 necessitas,
529 1034 609 1070 idque
623 1035 666 1062 vix
683 1035 798 1063 interdiu
814 1037 874 1064 sine
888 1042 938 1064 mel

1077 1047 1121 1065 των
1131 1046 1138 1054 ·
1159 1038 1188 1064 αἱ
1200 1037 1228 1064 δὲ
1243 1036 1359 1063 είσάπαν
1373 1035 1581 1071 ἀπηλλαγμέναι
1598 1034 1646 1061 τοῦ
1665 1033 1824 1068 προσδοκᾷν

190 1079 225 1106 At
239 1087 299 1115 quae
315 1086 348 1107 eo
363 1080 461 1108 timore
487 1080 606 1108 liberata:
629 1086 704 1114 sunt,
728 1089 776 1109 nec
799 1089 928 1117 passuras

1075 1083 1173 1110 τοιοῦτο
1194 1083 1337 1117 ὑπομεῖναι
1355 1081 1550 1116 ἀνευρύνουσιν
1573 1079 1660 1111 αὐτὰς
1691 1079 1752 1109 τοῖς
1767 1078 1822 1104 εἱσ-

193 1125 246 1152 tale
260 1125 407 1160 quidquam
423 1130 592 1160 exspectant,
610 1127 670 1155 illas
686 1127 810 1163 aperiunt
826 1128 940 1162 ingredit

1074 1129 1164 1160 .λουσι,
1178 1129 1230 1156 κᾶν
1246 1129 1270 1155 εἰ
1284 1129 1313 1154 ἐν
1332 1127 1410 1154 νυκτὶ
1425 1127 1504 1153 τοῦτο
1519 1125 1604 1162 δρῶσί
1617 1134 1703 1156 τινες.
1721 1125 1753 1151 El
1767 1123 1821 1150 τοί-

192 1171 273 1203 libns,
292 1171 373 1206 idque
389 1171 470 1200 etiam
485 1173 594 1208 quidam
611 1178 691 1201 noctu
716 1173 827 1201 faciunt.
853 1175 882 1201 Si
894 1174 939 1209 igil

1095 1176 1208 1211 εἰρήνην
1225 1174 1316 1206 αὐτοῖς
1329 1173 1527 1208 ἐπαγγέλλεται
1548 1171 1625 1204 Θεὸς,
1650 1172 1699 1198 καὶ
1719 1170 1821 1201 πλάτος

190 1225 285 1252 pacem
300 1217 353 1246 illis
368 1218 501 1252 promittit
518 1219 588 1247 Deus
600 1225 627 1247 et
641 1220 835 1254 amplissimam
857 1220 937 1248 l'elicit

1073 1219 1185 1256 μερίας,
1199 1219 1283 1254 ἤγουν
1297 1218 1477 1249 ἀδιαλείπτως
1490 1217 1567 1243 ἔσται
1581 1215 1636 1242 τῶν
1649 1215 1720 1250 πρὸς
1736 1213 1820 1247 αὐτὴν

190 1269 256 1296 tem,
271 1269 346 1291 certe
361 1265 506 1293 continuus
521 1265 575 1293 erit
591 1266 794 1294 adventantium
812 1274 937 1294 concursu

1071 1275 1120 1294 των
1138 1267 1155 1302 ἡ
1177 1265 1329 1301 συνδρομὴ,
1354 1264 1401 1291 καὶ
1426 1261 1482 1291 οἷον
1504 1262 1634 1298 διηνεκὴς
1655 1262 1673 1296 ἠ
1705 1260 1818 1290 εἴσοδος,

188 1314 216 1336 et
232 1310 313 1338 veluti
327 1315 473 1345 perpetuus
492 1311 629 1346 ingressus
645 1318 751 1344 eorum,
771 1312 815 1346 qui
833 1312 935 1339 trahunt

1071 1313 1179 1348 ιομένων
1194 1311 1294 1348 τρόπον
1311 1310 1373 1338 τινὰ
1389 1310 1433 1337 διὰ
1447 1310 1495 1345 τῆς
1509 1309 1627 1342 πίστεως
1641 1307 1683 1338 είς
1701 1305 1818 1339 ἐπίγνω-

189 1355 386 1389 quodammodo
406 1363 454 1390 per
479 1356 557 1384 ﬁdem
572 1357 605 1384 ad
621 1357 786 1392 agnitionem
804 1356 916 1391 Christi,

1083 1358 1130 1386 τοῦ
1142 1357 1272 1394 Χριστοῦ,
1286 1356 1356 1384 ὥστε
1366 1356 1454 1382 δοκεῖν
1465 1353 1635 1389 ἁνανεῶχθαι
1650 1352 1702 1383 τὰς
1719 1351 1819 1383 πύλας,

189 1405 219 1426 ιιι
234 1401 374 1435 patefactae
386 1405 470 1429 portae
482 1408 544 1429 esse
559 1401 711 1434 videantur,
721 1406 748 1429 et
759 1401 860 1429 nullum
869 1407 936 1437 temp

1071 1404 1182 1440 ,καιρὸν
1198 1403 1249 1430 οὐκ
1265 1400 1335 1429 εἶναι
1357 1410 1428 1434 τινα,
1444 1400 1504 1428 καθ’
1519 1400 1548 1426 ὃν
1569 1398 1655 1430 αὑτὰς
1677 1397 1818 1424 κλείεσθαι

188 1454 257 1480 esse,
269 1454 322 1482 quo
335 1454 382 1474 eas
396 1446 482 1474 claudi
498 1452 632 1482 oporteat,
647 1456 699 1475 non
714 1448 757 1475 his
773 1448 858 1476 solum
866 1449 935 1483 quidt

1071 1450 1136 1481 ἔπει,
1149 1448 1196 1476 καὶ
1211 1448 1270 1483 οὐχ).
1286 1448 1376 1483 μόνοις
1392 1448 1448 1478 τοῖς
1462 1447 1491 1473 ὲν
1506 1445 1603 1479 ὑφέσει
1619 1444 1690 1479 βίου,
1702 1444 1753 1469 καὶ
1768 1443 1818 1468 ὑπὸ

187 1491 310 1518 demissa:
318 1496 344 1518 et
354 1491 463 1520 humilis
471 1491 584 1520 fortuna;
593 1497 666 1525 sunt,
676 1498 703 1520 et
710 1493 774 1528 jugo
784 1494 856 1528 regni
867 1501 934 1528 paret

1071 1495 1096 1522 ’ὰ
1116 1495 1264 1530 βασιλείας,
1279 1493 1347 1521 ἀλλὰ
1365 1492 1419 1529 γὰρ
1433 1492 1481 1519 καὶ
1503 1492 1594 1523 αὐτοῖς
1611 1492 1668 1522 τοῖς
1690 1490 1722 1516 τὸ
1747 1489 1818 1516 κατὰ

188 1538 235 1564 sed
252 1537 303 1564 illis
315 1537 362 1573 qui
378 1537 404 1565 in
416 1545 511 1566 omnes
524 1538 783 1574 babentimperium.
803 1539 935 1566 Licetautt

1070 1550 1135 1568 ντων
1157 1540 1250 1576 ἔχουσι
1271 1540 1381 1575 κράτος.
1400 1537 1511 1570 Ἔξεστι
1532 1537 1561 1564 δὲ
1578 1537 1624 1564 διὰ
1643 1536 1817 1572 πραγμάτων

188 1590 221 1610 ex
236 1569 403 1620 rebus—ipsis
418 1585 567 1619 prophelite
585 1569 805 1619 hujus-virtutem
825 1586 935 1612 etiamm

1072 1589 1100 1614 ἰν
1121 1569 1568 1622 τῆςῢπροφητείαςντὴνγδὺναμιν
1596 1569 1757 1618 κρατοῦσαν
1780 1581 1817 1611 εἰς

187 1630 289 1657 videre.
316 1629 424 1665 Accipit
450 1631 522 1658 enim
546 1631 667 1659 Ecclesia
692 1632 765 1658 omni
787 1638 934 1667 temporet

1072 1642 1113 1670 ρο.
1127 1633 1239 1668 Δέχεται
1251 1631 1306 1666 γὰρ
1319 1631 1336 1666 ὴ
1350 1630 1499 1665 Ἐκκλησία
1518 1629 1589 1656 κατὰ
1606 1628 1698 1655 πάντα
1721 1628 1816 1663 καιρὸν

189 1676 275 1702 lentes
292 1676 415 1710 credere,
436 1677 536 1704 nemini
563 1684 675 1712 prorsus
690 1677 808 1704 occludit
828 1677 881 1704 huc
896 1677 934 1704 fes

1069 1688 1086 1710 ης
1100 1677 1237 1705 πιστεύειν
1257 1676 1409 1707 ἐθέλοντας,
1422 1674 1574 1701 ὲκκλείειδὲ
1586 1674 1654 1705 Bito);
1669 1673 1759 1700 οὐδενὶ
1769 1673 1816 1707 τὴν

189 1721 277 1754 nanti,
293 1721 340 1749 sed
358 1721 471 1750 liberum
488 1730 520 1750 ac
539 1723 640 1750 licitum
659 1727 700 1750 est
714 1723 866 1751 volentibus
883 1731 936 1758 quo

1081 1723 1161 1750 τοῦτο
1187 1722 1323 1758 σπουδήν·
1342 1721 1430 1751 ἔξεστι
1455 1720 1483 1747 δὲ
1499 1721 1554 1752 τοῖς
1578 1720 1701 1746 ἐθέλουσι
1728 1727 1815 1753 παρα-

188 1768 377 1802 bettempore,
399 1768 472 1796 nullo
498 1769 669 1804 impediente,
692 1769 725 1796 ad
744 1769 832 1796 lucem
851 1769 935 1796 verita

1066 1768 1177 1801 Ξίζοντος
1192 1766 1316 1800 οὐδενὸς,
1341 1765 1402 1792 καθ’
1420 1765 1450 1791 ὃν
1469 1764 1502 1791 ἂν
1526 1763 1677 1799 βούλωνται
1701 1763 1813 1799 καιρὸν,

188 1813 296 1840 adduci.
316 1814 433 1842 Adducit
451 1820 540 1842 autem
566 1823 660 1842 omnes
683 1815 754 1844 Deus
776 1820 802 1843 et
825 1815 918 1849 Pater,

1067 1815 1092 1847 ὸς
1108 1814 1138 1841 τὺ
1153 1814 1203 1850 τῆς
1220 1811 1341 1848 ἀληθοῦς
1361 1811 1523 1845 Θεογνωσίας
1535 1809 1651 1844 ἄγεσθαι
1664 1809 1725 1843 φῶς
1735 1818 1743 1825 δ
1754 1809 1814 1842 ἄγει

187 1860 350 1894 agnitionem
375 1860 446 1894 Filii,
469 1868 516 1896 per
527 1869 618 1896 quem,
632 1862 695 1889 etin
711 1869 775 1897 quo,
794 1866 822 1890 et
840 1870 901 1890 cum
919 1870 934 1898 q

1066 1862 1188 1891 ἅπαντας
1200 1859 1266 1890 Θεὸς
1277 1858 1324 1885 καὶ
1335 1857 1431 1893 Πατὴρ
1449 1857 1488 1888 είς
1506 1855 1654 1890 ἐπίγνωσιν
1670 1854 1719 1881 τοῦ
1735 1854 1812 1885 Υίοῦ,

187 1905 363 1947 gloriﬁcatur.
384 1906 472 1942 Atque
495 1908 546 1934 hoc
567 1907 623 1942 ipse
640 1908 718 1935 nobis
735 1907 910 1943 signiﬁcavit,
931 1919 934 1933 t

1070 1904 1110 1940 οῦ,
1130 1906 1176 1932 καὶ
1199 1906 1229 1931 ὲν
1249 1901 1281 1939 ᾧ,
1301 1904 1348 1931 καὶ
1365 1903 1425 1938 μεθ’
1439 1899 1470 1929 οῦ
1488 1901 1638 1934 δοξάζεται.
1657 1901 1715 1928 Καὶ
1736 1900 1814 1926 τοῦτο

187 1945 398 1980 εειιειέΝοιιιο
437 1958 528 1988 potest
560 1954 653 1981 venire
683 1954 716 1982 ad
731 1963 784 1988 me,
811 1955 862 1982 nisi
891 1955 934 1982 Pal

1066 1952 1102 1984 ιδς
1124 1953 1189 1987 ἡμῖν
1214 1949 1438 1985 καταμεμήνυκε,
1453 1948 1550 1983 λέγων·
1566 1957 1575 1974 ι
1591 1946 1688 1978 Οὐδεὶς
1701 1945 1813 1973 δύναται

187 2006 263 2026 meus
274 1999 319 2035 qui
336 2000 408 2026 misit
430 2007 473 2027 me
498 2001 613 2028 traxerit
628 2008 690 2028 eum
707 2001 728 2028 '.
743 2010 753 2027 ι
773 2001 901 2028 Gentium
921 2009 934 2036 ι]

1069 2000 1108 2025 εῖν
1123 1998 1191 2033 πρός
1209 2006 1252 2033 με,
1271 1996 1319 2022 ἐὰν
1335 1995 1373 2030 μὴ
1391 1995 1404 2021 ὁ
1421 1995 1516 2030 Πατήρ
1535 2002 1586 2029 μου
1607 1994 1621 2019 ὁ
1640 1992 1757 2028 πέμψας
1780 2000 1813 2026 με

187 2045 297 2073 tentiam
323 2045 502 2073 inducendam
521 2046 597 2080 dicit,
622 2052 650 2074 ut
670 2055 702 2075 ne
718 2047 790 2075 solos
807 2055 855 2075 eos
871 2047 934 2074 intel

1065 2044 1121 2080 ιὺσῃ
1141 2042 1231 2070 αὐτόν.
1244 2051 1254 2068 ι
1283 2040 1381 2068 Ἐθνῶν
1409 2039 1439 2066 δὲ
1459 2039 1575 2074 δύναμιν
1598 2036 1812 2073 είσαχθήσεσθαί

185 2099 243 2126 gas,
258 2096 287 2118 ut
302 2090 371 2123 dixi,
389 2091 434 2126 qui
453 2091 526 2119 tenui
551 2097 578 2118 et
602 2092 705 2127 abjecta
723 2093 878 2121 conditione
893 2101 932 2121 sul

1062 2098 1113 2122 σιν,
1134 2089 1176 2115 ἵνα
1192 2087 1229 2123 μὴ
1245 2087 1341 2122 μόνους
1362 2086 1466 2121 ὲννοῇς,
1477 2084 1514 2117 ὡς
1529 2085 1607 2120 ἔφην,
1621 2084 1686 2115 τοὺς
1702 2084 1733 2110 ὲν
1748 2092 1809 2118 σμι-

185 2137 232 2163 sed
248 2143 295 2163 eos
307 2137 401 2169 etiam,
413 2136 459 2170 qui
481 2144 540 2163 cum
560 2141 691 2171 potestate
710 2143 783 2172 sunt,
802 2143 829 2166 et
842 2139 926 2175 gloria

1063 2135 1131 2171 ἱτητί
1145 2143 1175 2160 τε
1198 2134 1246 2160 καὶ
1259 2133 1288 2159 ἐν
1301 2132 1406 2167 ὑφέσει,
1419 2131 1486 2158 ἀλλὰ
1498 2131 1553 2167 γὰρ
1568 2131 1617 2158 καὶ
1631 2130 1733 2162 αὐτοὺς
1749 2130 1810 2161 τοὺς

185 2183 236 2210 hac
265 2183 319 2208 vita
350 2181 521 2216 spectabiles.
547 2183 676 2218 Adjungit
705 2192 813 2219 porro:
842 2185 932 2214 «Gem

1063 2181 1186 2216 δυνάμει,
1198 2180 1244 2206 καὶ
1261 2179 1325 2214 δόξῃ
1339 2180 1371 2214 τῇ
1392 2178 1462 2205 κατὰ
1480 2178 1556 2205 τόνδε
1571 2177 1617 2204 τὸν
1636 2177 1703 2212 βίον.
1725 2177 1809 2212 Προσ-

184 2233 211 2256 et
225 2235 301 2264 reges
322 2229 367 2263 qui
391 2236 444 2256 non
464 2229 583 2257 servient
601 2230 660 2264 tibi,
678 2232 813 2266 peribunt,
829 2236 857 2260 et
876 2238 931 2260 vast

1061 2228 1117 2262 Ξιγει
1144 2227 1173 2253 δὲ
1186 2227 1238 2258 ὅτι,
1259 2235 1268 2250 (
1284 2224 1338 2250 Καὶ
1354 2223 1428 2259 ἔθνη,
1446 2224 1493 2250 καὶ
1516 2224 1540 2249 οἱ
1562 2223 1692 2256 βασιλεῖς,
1713 2222 1808 2252 οἵτινες

185 2277 318 2302 buntur.)
343 2275 466 2303 [nfideles
489 2276 560 2303 enim
584 2281 611 2304 et
630 2284 644 2304 a
669 2278 805 2313 mysteriis
829 2278 920 2312 alieni,

1063 2271 1234 2299 δουλεύσουσι-ί
1243 2280 1294 2303 σοι,
1307 2269 1478 2302 ἀπολοῦνται,
1492 2270 1539 2296 καὶ
1549 2268 1786 2304 ὲρημωθήσονται.
1798 2276 1806 2293 ι

184 2321 279 2348 salutis
295 2328 356 2356 qua:
375 2328 423 2356 per
445 2320 583 2350 Christum
605 2327 646 2351 est
660 2331 713 2351 non
732 2325 887 2360 participes,
911 2325 931 2353 si

1066 2320 1120 2355 γὰρ
1146 2319 1271 2350 ἄπιστοι,
1295 2317 1342 2344 καὶ
1365 2315 1609 2352 ἀμυσταγώγητοι,
1630 2314 1678 2341 καὶ
1699 2314 1750 2360 τῆς
1767 2313 1807 2340 Gri

185 2367 221 2394 illi
236 2366 289 2394 sint
302 2366 431 2401 illustres,
448 2367 505 2394 sive
518 2368 636 2402 obscuri,
650 2368 676 2396 in
693 2358 854 2404 profundum
869 2370 932 2398 infer

1061 2364 1140 2392 νιστοῢ
1159 2364 1295 2400 σωτηρίας
1308 2364 1448 2399 ἀμέτοχοι,
1459 2362 1512 2389 κᾶν
1528 2362 1584 2388 εἴτε
1597 2362 1672 2393 τινὲς
1690 2358 1747 2387 εἷεν
1756 2360 1808 2386 τῶν

184 2413 250 2440 etin
274 2413 369 2441 mortis
383 2413 508 2448 laqueum
531 2414 660 2442 incident.
685 2416 875 2444 Immorientur
895 2424 928 2444 en

1060 2410 1190 2447 ριφανῶν,
1200 2410 1256 2436 εἴτε
1269 2409 1323 2437 τῶν
1337 2409 1525 2445 ἀσημοτέρων,
1535 2408 1575 2440 είς
1587 2407 1725 2442 πέταυρον
1735 2406 1805 2442 ᾅδου,

184 2460 302 2495 peccatis
325 2459 394 2493 suis,
414 2465 443 2488 et
465 2467 572 2496 poenam
594 2461 714 2489 euntium
731 2466 880 2489 extremam
904 2469 931 2490 su

1060 2457 1119 2488 ἱείς
1133 2455 1234 2490 παγῐδα
1245 2455 1360 2482 θανάτου
1373 2454 1527 2481 πεσοῦνται·
1540 2452 1746 2488 ὲντεθνήξονται
1758 2451 1807 2486 γὰρ

186 2505 273 2534 ibunt.
467 2495 471 2496 7
1020 2502 1080 2533 ταῖς
1105 2500 1209 2527 ἑαυτῶν
1233 2499 1392 2535 ἁμαρτίαις,
1416 2498 1462 2525 καὶ
1485 2498 1534 2533 τὴν
1556 2496 1670 2524 ἁπασῶν
1692 2495 1807 2531 ἐσχάτην

1022 2547 1188 2583 ὑπομενοῦσι
1202 2546 1292 2582 δίκην.

220 2589 303 2618 Vens.
323 2590 366 2618 l3.
389 2590 421 2617 Et
438 2591 521 2626 gloria
540 2591 634 2619 Libani
655 2593 689 2620 ad
709 2597 733 2620 te
752 2594 855 2627 veniet;
871 2593 899 2620 in
923 2601 967 2629 cy-

1057 2593 1111 2620 Kal.
1122 2592 1142 2627 ὴ
1154 2592 1230 2625 δόξα
1240 2592 1295 2619 τοῦ
1304 2590 1433 2619 Λιϐάνου
1445 2590 1519 2625 πρὸς
1535 2589 1573 2616 σὲ
1582 2588 1651 2623 ἣξει
1664 2589 1701 2615 ἐν
1714 2596 1804 2616 κυπα-

182 2637 286 2672 pariuo
299 2642 322 2664 ει
334 2637 398 2672 pinu
411 2643 434 2664 et
447 2638 535 2671 cedro,
555 2644 582 2665 ut
600 2639 762 2674 gloriﬁcetur
774 2639 847 2667 lacus
863 2648 929 2667 sanet

1058 2646 1128 2672 γσῳ,
1143 2639 1194 2665 καὶ
1214 2638 1321 2672 πεύκη,
1337 2636 1386 2664 καὶ
1406 2636 1509 2670 κέδρῳ,
1531 2635 1593 2670 ἅμα
1610 2634 1743 2667 δοξάσαι
1757 2633 1805 2660 τὸν

182 2689 266 2709 mem.
1020 2683 1114 2711 τόπον
1122 2683 1177 2710 τὸν
1188 2683 1273 2718 ἅγιόν
1286 2691 1356 2716 μου.
1646 2690 1648 2692 τ

220 2727 295 2756 Mons
308 2733 348 2756 est
360 2729 504 2758 Phoenicia:
517 2730 647 2765 Libanus,
662 2732 763 2766 cedris,
781 2732 927 2768 cyparissis
940 2737 967 2760 et

1058 2731 1140 2766 Ὄρος
1152 2729 1211 2756 ἐστὶ
1221 2728 1271 2764 τῆς
1283 2727 1410 2763 Φοινίκης
1422 2727 1436 2753 ὁ
1448 2726 1573 2759 Λίϐανος,
1589 2726 1700 2762 κέδροις
1708 2734 1740 2752 τε
1764 2724 1805 2751 καὶ

182 2773 246 2808 pinu
270 2776 389 2808 densus,
416 2779 441 2803 et
461 2775 526 2811 ipsis
551 2777 637 2805 thuris
661 2777 814 2806 arboribus.
843 2776 929 2805 Admit

1058 2776 1210 2813 παρίσσοις,
1236 2775 1282 2802 καὶ
1300 2773 1389 2809 πεύκῃ
1408 2772 1564 2808 κατάκομον
1575 2793 1582 2806 ,
1599 2771 1649 2799 καὶ
1675 2771 1767 2803 αὐτοῖς
1781 2769 1805 2795 δὲ

219 2863 230 2878 ⁸
245 2862 322 2890 Joan.
335 2872 371 2895 vt.
393 2864 436 2892 ιι.
