1893 3052
103 177 172 205 I337

652 177 694 212 [IN
710 174 826 205 ΙδΛΙᾹΜ
846 178 899 206 LIB
928 178 958 205 V.
973 174 1090 207 TOMUS
1110 175 1153 207 iV.

1656 157 1678 172 ο

1658 181 1726 209 I338

101 235 159 266 τοῖς
188 234 236 261 τοῦ
261 234 377 262 Λιϐάνου
405 236 507 269 φυτοῖς.
530 236 703 271 Θαυμάζεται
726 237 754 262 δὲ
783 237 886 272 ταύτης

951 238 1002 265 i0ni
1020 242 1110 265 autem
1127 238 1241 266 habetur
1259 237 1343 274 διε
1356 238 1406 265 hac
1429 239 1462 265 de
1482 245 1563 265 causa
1585 238 1628 266 hic
1648 246 1726 266 mons

101 280 185 308 ἕνεκα
203 282 253 316 τῆς
268 282 358 313 αἰτίας
372 282 402 308 τὸ
420 283 604 318 μνημονευθὲν
620 284 692 319 ὄρος,
710 284 748 315 ὡς
769 284 890 318 ἀφθονω-

102 326 188 361 τάτην
204 326 263 361 ἔχον
278 327 328 361 τὴν
347 326 423 361 ὓλην,
443 328 490 353 καὶ
504 327 622 363 δένδρεσι
639 329 694 360 τοῖς
719 329 891 364 εὐμηκεστά-

101 379 172 403 τοις,
187 371 235 398 καὶ
251 371 442 407 εὒοσμοτάτοις
458 373 670 400 καταπλουτοῦν.
683 374 757 409 Αὕτη
770 375 859 401 τοίνυν
873 375 890 409 ἡ

101 416 168 449 δόξα
177 417 317 452 δοθήσεται
336 426 388 451 σοι,
400 418 477 453 φησὶ,
491 419 594 454 νοητῶς
604 419 734 454 δηλονότι,
747 420 794 446 καὶ
806 429 888 447 πνευο

103 462 239 496 ματικῶς.
251 462 350 498 Τρέφει
366 463 419 499 γὰρ
430 464 447 498 ή
472 463 619 499 Ἐκκλησία
630 463 747 499 Χριστοῦ
762 465 890 496 πλείστας

100 515 133 534 τε
158 508 242 541 ὅσας,
264 508 311 534 καὶ
337 508 496 544 εὐδοκίμους
518 509 604 543 ἁγίων
631 508 751 543 κεφαλὰς
777 508 844 544 ὑψοῦ
860 518 890 535 τε

101 553 227 588 ἡρμὲνας
246 553 277 586 ἐξ
289 554 405 589 ἀρετῶν,
425 555 469 581 ναὶ
482 555 537 590 μὴν
553 555 599 582 καὶ
616 555 810 590 εὐοσμοτάτας.
824 555 890 590 Χρι-

78 630 82 632 γ
103 599 168 625 στὸν
179 599 232 634 γὰρ
245 599 426 632 εὐοδιάζουσιν
436 607 444 614 ·
463 600 550 627 ἔνεστι
568 600 596 627 δὲ
610 601 701 632 αὐτοῖς
715 600 762 627 καὶ
778 600 808 627 τὸ
819 600 890 636 πέρα

101 643 211 669 κεῖσθαι
227 643 330 680 φθορᾶς
347 645 397 680 τῆς
413 645 445 671 ἐκ
461 646 635 680 φρονήματος
649 645 791 681 σαρκικοῦ,
805 645 890 672 καθά-

102 697 157 721 περ
180 688 275 724 ἀμέλει
292 689 339 716 καὶ
368 690 399 716 τὸ
426 690 462 726 μὴ
488 690 645 727 φθείρεσθαι
671 690 761 728 πεύκῃ
785 699 815 717 τε
844 691 890 718 καὶ

102 734 203 769 κέδρῳ.
224 735 302 767 Ἔθος
318 735 347 762 δὲ
359 737 391 771 τῇ
409 736 579 772 θεοπνεύστῳ
594 737 688 772 Γραφῇ
708 738 765 768 τοῖς
778 737 889 763 τοιοῖσδε

100 780 159 805 τῶν
174 780 263 813 φυτῶν
276 781 424 816 ἀφομοιοῦν
439 781 495 808 ἔσθ’
513 782 556 808 ὅτε
575 782 624 817 τὴν
643 782 699 809 τῶν
718 782 803 816 άγίων
819 782 889 817 πλη-

101 825 163 857 θὺν,
174 826 220 852 καὶ
231 826 296 860 γοῦν
308 826 358 862 ἔφη
374 836 425 854 που
437 827 517 854 πάλιν
530 827 596 859 Θεὸς
606 827 650 854 διὰ
663 829 755 864 φωνῆς
766 828 888 854 Ἡσαΐου·

104 879 114 895 ι
127 871 184 896 Καὶ
204 871 308 906 ποιήσω
324 871 396 907 ὕδωρ
412 872 441 898 ὲν
454 874 488 908 τῇ
503 873 608 908 ἐρήμῳ,
623 870 671 899 καὶ
691 873 720 900 ἓν
735 874 767 908 τῇ
783 873 889 908 ἀνύδρῳ

102 916 254 951 ποταμούς.
275 916 356 952 Θήσω
376 918 416 949 εἰς
432 917 482 953 τὴν
504 917 617 953 ἄνυδρον
641 918 692 954 γῆν
711 918 820 954 κέδρον,
844 919 891 945 καὶ
906 911 927 938 Β

102 961 199 994 πύξον,
211 962 258 989 καὶ
276 963 420 998 μυρσίνην,
435 964 483 990 καὶ
500 963 679 999 κυπάρισσον,
692 964 739 990 καὶ
756 963 867 999 λεύκην.
878 973 888 989 ι

101 1006 141 1041 Γῇ
157 1007 206 1042 μὲν
216 1008 270 1044 γὰρ
283 1007 353 1044 ξηρᾷ
362 1017 391 1035 τε
408 1009 455 1035 καὶ
464 1008 568 1044 ἀνύδρῳ
583 1008 746 1044 παρεικάζει
761 1008 795 1035 τά
809 1008 872 1044 ἔθνη
882 1017 888 1023 ·

100 1053 132 1079 οὐ
149 1053 203 1089 γὰρ
217 1052 252 1090 ἦν
271 1055 336 1090 παρ’
349 1055 440 1086 αὐτοῖς
453 1054 524 1086 θεῖος
536 1054 613 1089 λόγος
630 1056 644 1082 ὁ
657 1055 798 1086 ζωοποιεῖν
811 1054 891 1081 δυνά-

102 1109 196 1135 μενος,
211 1101 257 1128 καὶ
269 1101 308 1132 είς
323 1100 436 1135 αὔξησιν
447 1100 594 1136 ἀναφέρειν
610 1100 658 1136 τὴν
675 1102 704 1127 ὲν
718 1100 843 1135 εὐσεϐείᾳ
861 1108 891 1126 τε

101 1147 152 1173 καὶ
163 1145 262 1181 γνώσει
274 1147 352 1181 Θεοῦ,
368 1146 436 1174 ἀλλὰ
452 1148 580 1182 γεγόνασι
598 1147 662 1181 παρ’
678 1147 769 1178 αὐτοῖς
784 1147 890 1183 κέδρος,

101 1193 151 1219 καὶ
163 1192 246 1225 πύξος
262 1193 311 1220 καὶ
328 1194 456 1229 μυρσίνη,
477 1193 523 1220 καὶ
540 1194 721 1230 κυπάρισσος,
736 1193 782 1220 καὶ
794 1193 889 1228 λεύκη,

101 1239 253 1272 τουτέστιν,
268 1239 376 1275 εὐμήκη
389 1248 419 1266 τε
434 1240 482 1267 καὶ
499 1239 653 1273 άξιάγαστα
668 1238 750 1274 φυτὰ,
762 1236 800 1266 ὧν
816 1238 863 1266 καὶ
876 1239 891 1264 ὁ

101 1284 246 1317 Θεσπέσιος
268 1285 393 1321 Μελῳδὺς
412 1285 622 1321 διαμνημονεύει
651 1285 747 1320 λέγων·
766 1294 775 1310 ι
793 1286 891 1320 Ἀρτος

101 1331 218 1367 καρδίαν
230 1331 374 1367 ἀνθρώπου
388 1332 520 1368 στηρίξει,
532 1331 764 1367 χορτασθήσονται
780 1331 814 1357 τὰ
826 1330 892 1364 ξύλα

100 1379 152 1405 τοῦ
171 1378 273 1411 πεδίου,
290 1379 337 1406 καὶ
355 1380 383 1405 al.
400 1378 490 1414 κέδροι
508 1378 556 1405 τοῦ
581 1379 710 1409 Λιὸάνου,
728 1377 761 1410 ἃς
778 1377 891 1412 ἐφύτευ-

103 1431 167 1455 σας.
184 1433 192 1449 ι
206 1424 261 1454 ιὩς
279 1425 334 1459 γὰρ
350 1424 364 1450 ὁ
383 1424 521 1458 πάνσοφος
538 1424 640 1459 γράφει
661 1423 778 1455 Παῦλος,
798 1433 808 1449 ‹
823 1422 890 1449 Θεοῦ

101 1469 238 1505 γεώργιόν
253 1470 344 1506 ἐσμεν.
356 1480 366 1496 ι
381 1470 455 1506 Αὕτη
470 1470 559 1498 τοίνυν
579 1472 595 1506 ἡ
615 1470 678 1502 δόξα
692 1469 740 1496 τοῦ
763 1469 890 1500 Λιϐάνου,

102 1516 184 1550 φησὶ,
210 1516 352 1551 δοθήσεταί
374 1525 425 1549 σοι,
443 1517 593 1548 τουτέστιν,
611 1517 717 1552 ὀφθήσῃ
735 1516 891 1550 κατάνομος

101 1563 216 1595 πολλαῖς
240 1563 287 1590 καὶ
299 1563 537 1599 τεθαυμασμέναις
551 1563 635 1598 ἁγίων
648 1563 892 1597 κεφαλαῖς.“Εσται

942 293 1020 321 quem
1045 285 1335 318 commemoravimus,
1362 288 1391 312 ut
1416 285 1460 320 qui
1488 286 1632 312 maximam
1659 285 1724 321 ligni

940 333 994 359 vim
1009 332 1116 363 habeat,
1135 332 1308 366 abundetque
1331 331 1473 358 arboribus
1487 331 1686 366 procerissimis
1699 336 1727 359 et

942 377 1171 413 flagrantissimis.
1198 376 1260 404 Hzec
1284 376 1367 411 igitur
1382 377 1478 411 gloria,
1500 376 1598 412 inquit,
1619 376 1726 404 dabitur

942 423 1007 457 libi,
1035 422 1237 458 intelligibiliter
1256 422 1360 449 scilicet
1385 425 1413 449 et
1435 421 1620 456 spiritualiter.
1638 421 1728 448 Nutrit

940 469 1013 497 enim
1029 468 1147 497 Ecclesia
1161 468 1262 496 Christi
1278 468 1391 502 plurima
1406 472 1433 495 et
1448 467 1561 495 illustria
1570 471 1725 495 sanctorum

940 515 1046 549 capita,
1072 519 1128 542 tum
1149 514 1274 541 sublimia
1299 513 1416 545 virtute,
1441 517 1496 539 tum
1521 512 1724 540 odoratissima.

941 559 1052 594 Spirant
1068 561 1141 588 enim
1155 560 1276 587 suaviter
1288 558 1437 586 Christum.
1454 557 1538 586 Adest
1553 557 1606 585 illis
1618 565 1726 592 quoque

940 604 1003 635 hoc,
1021 608 1046 630 ul
1066 603 1130 630 nulli
1148 603 1203 630 sint
1221 603 1339 630 carnalis
1360 602 1474 630 affectus
1499 601 1665 636 corruptioni
1678 603 1726 629 ob-

941 650 1024 683 noxii,
1051 650 1087 676 ita
1113 655 1142 677 ut
1164 650 1244 684 pinus
1269 655 1297 676 et
1317 649 1413 677 cedrus
1435 657 1488 676 non
1507 652 1726 683 corrumpuntur.

941 696 1016 723 Solet
1027 700 1116 723 autem
1128 695 1268 731 Scriptura
1279 695 1409 723 divinitus
1418 695 1560 729 inspirata,
1573 693 1726 729 huiusmodi

941 741 1083 768 arboribus
1106 748 1300 775 nonnunquam
1330 740 1480 767 assimilare
1494 744 1648 767 sanctorum
1663 739 1729 766 mul-

940 787 1093 814 titudinem.
1123 785 1262 820 Siquidem
1277 793 1370 813 rursus
1381 785 1448 812 dixit
1466 792 1530 813 voce
1547 783 1624 812 Isaiae
1634 784 1706 812 Deus
1719 793 1726 811 :

943 841 953 858 ‹
967 833 1000 860 Ει
1016 833 1162 868 producam
1173 839 1270 866 aquam
1283 832 1309 859 in
1325 831 1481 864 solitudine,
1497 835 1524 858 et
1536 831 1562 857 iu
1581 830 1640 857 loco
1652 830 1729 864 aquis

940 883 1051 906 carente
1076 878 1197 905 ﬂumina.
1224 877 1325 905 Ponant
1351 877 1377 904 in
1403 882 1475 904 terra
1502 877 1579 912 aquis
1606 881 1728 907 carente,

941 923 1064 957 cedrum,
1073 923 1185 956 buxum,
1194 923 1496 958 myrtum,cyparissum
1511 927 1538 951 et
1550 922 1676 958 populum
1687 922 1726 948 ⁷.»

941 969 1007 996 Cum
1020 973 1091 996 terra
1109 969 1180 996 enim
1194 969 1269 995 arida
1286 973 1315 996 et
1328 969 1406 1003 aquis
1417 973 1527 996 carente
1542 973 1635 1004 gentes
1650 975 1727 995 com-

941 1018 1027 1048 parat.
1042 1013 1100 1041 Non
1115 1013 1188 1041 enim
1205 1014 1255 1041 fuit
1268 1014 1338 1048 apud
1363 1021 1411 1042 eas
1432 1021 1522 1042 sermo
1546 1014 1664 1045 divinus,
1682 1015 1728 1048 qui

942 1060 1077 1087 vivilleare
1101 1064 1199 1094 potest,
1223 1064 1251 1087 et
1274 1060 1308 1087 ad
1333 1061 1442 1094 pietatis
1464 1063 1560 1088 auctus
1581 1068 1612 1086 ac
1641 1061 1730 1087 incre-

942 1110 1060 1132 tncutum
1082 1106 1107 1132 in
1130 1105 1286 1140 cognitione
1312 1105 1359 1133 Dei
1387 1107 1532 1134 adducere.
1552 1105 1605 1132 Sed
1622 1105 1730 1132 fuerunt

942 1153 1013 1186 apud
1032 1151 1092 1179 illas
1108 1153 1206 1178 cedrus
1220 1156 1247 1179 et
1262 1152 1350 1179 buxus
1368 1157 1394 1179 et
1410 1155 1516 1185 myrtus
1529 1155 1557 1177 et
1574 1151 1730 1186 eyparissus

942 1203 974 1222 ac
987 1195 1111 1230 populus,
1124 1195 1149 1222 id
1166 1200 1217 1228 est,
1232 1196 1345 1223 arbores
1368 1195 1436 1223 bene
1460 1202 1579 1230 procera:
1597 1199 1624 1222 et
1647 1194 1730 1222 mira-

942 1240 1019 1268 biles.
1047 1241 1166 1274 Quarum
1197 1241 1279 1268 etiam
1315 1241 1439 1268 meminit
1469 1241 1576 1268 divinus
1606 1240 1728 1272 Psaltes,

942 1287 1034 1315 dicens
1050 1296 1056 1314 :
1076 1296 1085 1312 ι
1099 1287 1180 1315 Panis
1192 1295 1238 1314 eor
1252 1288 1371 1315 hominis
1387 1289 1518 1319 roborat;
1535 1288 1729 1314 saturabuntur

942 1333 1012 1368 ligna
1027 1333 1126 1367 campi,
1143 1338 1170 1360 et
1181 1333 1254 1360 cedri
1267 1333 1363 1361 Libani
1378 1341 1446 1368 quas
1461 1333 1613 1367 plantusti'.
1628 1342 1636 1358 ι
1651 1332 1728 1366 Nam,

942 1383 971 1406 ut
994 1379 1211 1414 sapientissimus
1235 1378 1333 1406 Paulus
1345 1379 1463 1406 scribit:
1480 1388 1488 1403 ι
1503 1379 1548 1405 Dei
1567 1378 1728 1413 agricultura

942 1433 1035 1453 sumus
1044 1425 1066 1452 '.
1081 1434 1090 1450 ι
1110 1425 1171 1452 llam
1181 1425 1272 1459 igitur,
1297 1425 1392 1459 inquit,
1408 1425 1492 1458 gloria
1508 1424 1603 1452 Libani
1620 1424 1729 1450 dabitur

943 1472 1001 1502 tibi,
1012 1471 1038 1498 id
1050 1476 1101 1504 est,
1118 1470 1227 1498 ﬂorebis
1242 1470 1334 1497 tnultis
1349 1475 1376 1497 ct
1393 1470 1557 1496 admirandis
1573 1473 1728 1496 sanctorum

942 1517 1076 1551 capitibus
1101 1516 1231 1544 refertus.
1256 1517 1313 1543 Erit
1333 1520 1424 1543 autem
1451 1516 1512 1547 hoc,
1536 1520 1563 1541 ut
1586 1515 1729 1541 decoretur

944 1563 1018 1589 locus
1034 1567 1143 1589 sanctus
1167 1569 1252 1589 meus.
1277 1562 1362 1589 Decus
1379 1562 1452 1588 enim
1472 1561 1651 1589 Ecclesiarum
1667 1566 1729 1587 stitit

100 1609 134 1635 δὲ
146 1609 235 1642 τοῦτο,
249 1608 319 1635 ὥστε
338 1609 497 1644 δοξασθῖψαι
517 1609 562 1635 τὸν
577 1609 659 1635 τύπον
676 1609 721 1635 τὸν
736 1608 812 1642 ἆγιὸν
827 1616 888 1642 μου.

948 1608 968 1633 ιιὶ
995 1608 1039 1642 qui
1055 1608 1087 1634 ad
1105 1608 1232 1634 virtutum
1259 1607 1409 1634 celsitatetu
1431 1607 1620 1637 ascenderunt,
1641 1610 1665 1632 et
1684 1607 1728 1640 qui

102 1653 244 1689 Καύχημα
261 1655 311 1690 μὲν
331 1654 385 1690 γὰρ
410 1654 578 1689 Ἐκκλησιῶν
591 1654 615 1680 oi
631 1655 686 1685 τοῖς
707 1654 761 1680 τῶν
785 1652 890 1687 ἀρετῶν

101 1699 250 1735 ίαψώμασιν
267 1700 461 1735 ὲμόεὸηκὸτες,
486 1700 533 1727 καὶ
549 1700 687 1735 χθαμαλὸν
704 1700 791 1731 οὐδὲν,
806 1699 890 1734 ἤγουν

102 1746 210 1781 γήϊνον,
233 1746 281 1773 καὶ
306 1747 488 1783 χαμαιρῤιφὲς
511 1746 618 1782 ἔχοντες
640 1747 679 1777 εἰς
698 1746 760 1772 νοῦν
774 1745 817 1772 διὰ
844 1745 890 1771 τοῦ

102 1793 214 1828 φρονεῖν
226 1792 260 1819 τά
277 1793 388 1828 σαρκὸς,
403 1793 528 1824 ἀττοντες
542 1793 570 1819 δὲ
590 1792 691 1827 μᾶλλον
703 1791 782 1826 ὑψοῦ,
794 1792 841 1818 καὶ
857 1791 891 1817 τὰ

101 1838 162 1865 ἄνω
173 1838 342 1874 φρονοῦντες,
355 1839 400 1865 καὶ
415 1836 470 1866 οἷον
480 1838 679 1873 ἀποφοιτῶντες
698 1838 746 1872 τῆς
762 1837 824 1872 γῆς,
844 1837 891 1864 καὶ

104 1884 319 1918 περιπατοῦντες
335 1885 384 1920 μὲν
403 1885 447 1911 ἐπ’
462 1885 557 1920 αὐτῆς,
576 1884 631 1911 ἀνω
648 1884 677 1910 δὲ
696 1884 743 1911 καὶ
762 1885 790 1910 ὲν
808 1884 890 1919 οὐρα-

103 1931 160 1962 νοῖς
175 1930 282 1965 ἔχοντες
301 1930 331 1957 τὸ
345 1930 504 1965 πολίτευμα.

141 1977 195 2004 Καὶ
207 1977 405 2011 πορεύσονται
417 1977 491 2011 πρὸς
501 1977 539 2003 σὲ
549 1976 715 2010 δεδοικότες
725 1978 750 2004 οἰ
762 1978 818 2003 υἱοί
834 1976 893 2003 τῶν

102 2024 354 2051 tat-tumueriwa
372 2028 418 2055 σε,
438 2023 487 2050 καί
513 2023 748 2057 παροξυνάντων
769 2030 816 2054 σε,
844 2023 891 2050 καὶ

102 2070 246 2104 κληθήσῃ
257 2070 345 2103 πόλις
354 2070 464 2104 Κυρίου
477 2069 553 2097 Σιὼν
567 2070 654 2105 ἁγίου
671 2069 804 2103 Ἰσραήλ.

139 2116 211 2143 Αὐτὸ
225 2117 278 2144 τῶν
293 2117 462 2152 πραγμάτιον
478 2116 509 2142 τὸ
523 2116 608 2151 πέρας
623 2116 802 2143 διαδείκνυσιν
815 2116 893 2150 ἀκρι-

102 2163 160 2194 ϐὡς
174 2163 222 2198 τῆς
236 2163 404 2198 προφητείας
415 2162 464 2198 τὴν
476 2162 601 2196 δύναμιν,
619 2162 669 2188 οὐκ
683 2161 735 2194 ἔξω
750 2161 893 2196 βαίνουσαν

100 2208 128 2235 τ’
143 2207 271 2243 ἀληθοῦςο
289 2207 546 2244 ὲμπαροινησαμὲνη
557 2207 610 2243 γὰρ
622 2206 660 2242 τῷ
668 2207 777 2233 πάντων
789 2206 893 2242 Σωτῆρι

942 1653 1008 1679 nillil
1021 1653 1119 1679 habent
1133 1652 1159 1679 in
1173 1656 1261 1679 tuente
1278 1657 1414 1679 terrenum
1426 1656 1453 1678 et
1467 1651 1580 1683 humile,
1602 1657 1651 1677 nec
1670 1657 1729 1684 qua-

942 1699 1032 1726 carnis
1047 1703 1110 1725 sunt
1122 1698 1247 1732 sapiunt;
1272 1698 1319 1724 sed
1334 1697 1378 1732 qui
1398 1697 1480 1723 altum
1498 1701 1602 1730 petunt,
1625 1701 1652 1722 et
1671 1702 1729 1727 qui?

942 1753 1022 1779 supra
1036 1749 1097 1771 stitit
1111 1745 1230 1778 sapiunt,
1243 1748 1269 1770 et
1284 1743 1358 1770 velut
1368 1751 1382 1769 e
1397 1747 1468 1769 terra
1484 1743 1625 1774 secedunt,
1647 1743 1678 1768 ac
1704 1741 1729 1767 in

942 1790 1066 1825 supernis
1082 1790 1219 1817 ambulant
1232 1789 1266 1821 ‘°,
1284 1789 1310 1816 itt
1332 1788 1409 1816 cwlis
1432 1789 1560 1815 habentes
1585 1795 1727 1814 conversa-

943 1835 1042 1860 tionem
1056 1833 1086 1859 “.

981 1978 1061 2005 Vens.
1082 1978 1124 2004 Μ.
1147 1977 1180 2003 Et
1198 1977 1269 2004 ibunt
1285 1977 1320 2004 ad
1333 1982 1358 2004 te
1376 1977 1493 2004 timente:
1507 1977 1559 2011 ﬁlii
1577 1984 1666 2002 eorum
1684 1975 1728 2009 qui

944 2025 1068 2051 humilem
1086 2030 1108 2051 te
1121 2024 1302 2057 reddiderunt,
1317 2029 1339 2051 et
1353 2024 1566 2054 concitaverunt;
1583 2021 1728 2050 vocaberis-

944 2079 992 2104 (μισ
1005 2071 1096 2097 civitas
1111 2070 1218 2097 Domini
1237 2071 1302 2098 Sion
1318 2070 1402 2097 sancti
1417 2069 1511 2098 Israel.

981 2116 1080 2143 lterum
1095 2116 1186 2144 exitus
1207 2117 1272 2144 satis
1284 2116 1395 2150 indicat,
1410 2116 1559 2151 prophetiae
1571 2115 1623 2141 vim
1636 2122 1649 2140 a
1664 2121 1728 2140 vero

946 2169 998 2188 nou
1023 2161 1142 2189 deviare.
1166 2162 1299 2190 Bacchata
1323 2164 1396 2189 enim
1426 2161 1526 2189 furiose
1555 2161 1580 2187 iu
1607 2160 1727 2187 omnium

946 2208 1116 2235 Servatorem
1131 2207 1268 2235 Christum
1281 2207 1429 2236 Jerusalem
1441 2207 1524 2242 850
1534 2206 1645 2234 humilis
1659 2205 1727 2232 facta

103 2253 185 2288 ἡμῶν
206 2252 292 2288 Ἰησοῦ
307 2252 417 2288 Χριστῷ
431 2251 544 2286 ταπεινὴ
559 2251 668 2285 γέγονεν
685 2251 701 2286 ή
718 2249 892 2285 Ἰερουσαλὴμ

948 2257 996 2285 est,
1017 2260 1031 2279 a
1049 2253 1238 2287 conjunctione
1264 2253 1322 2286 ejus
1348 2253 1444 2286 ejecta,
1462 2257 1489 2279 et
1503 2260 1517 2278 a
1535 2258 1582 2286 spe
1604 2251 1630 2277 in
1653 2250 1726 2277 illum

102 2300 157 2334 τῆς
182 2299 250 2335 πρὸς
268 2298 333 2325 Θεὸν
355 2298 520 2333 οἰκειότητος
538 2297 757 2333 ἀποϐεϐλημένη,
777 2296 824 2323 καὶ
844 2297 893 2331 τῆς

105 2346 147 2376 εἰς
161 2344 241 2372 αὐτὸν
255 2344 361 2375 ἐλπίδος
380 2343 597 2379 ἀπολισθήσασα,
614 2342 661 2369 καὶ
681 2341 788 2377 φειδοῦς
801 2342 890 2377 ἐρήμη

103 2392 156 2425 τῆς
184 2389 286 2416 ἄνωθεν
313 2390 457 2425 γενομένη,
484 2388 604 2415 πεσοῦσα
629 2388 656 2414 δὲ
679 2388 727 2415 καὶ
742 2389 781 2419 είς
798 2388 893 2422 χεῖρας

102 2435 222 2472 ἐχθρῶν,
250 2436 274 2462 οἳ
289 2435 320 2470 δὴ
345 2436 392 2462 καὶ
408 2435 498 2462 πᾶσαν
521 2434 571 2470 τὴν
601 2433 728 2460 Ἰουδαίαν
750 2432 892 2468 καταδῃώ-

104 2490 214 2513 σαντες,
231 2481 279 2508 καὶ
299 2481 380 2508 αὐτὸν
398 2481 549 2517 ἐνέπρησαν
567 2480 612 2507 τὸν
632 2479 702 2507 θεῖόν
718 2489 746 2506 τε
768 2480 814 2506 καὶ
833 2480 891 2506 δια-

104 2528 204 2562 δόητον
220 2528 293 2555 ναόν.
324 2527 432 2563 Ἐπειδὴ
458 2527 487 2554 δὲ
503 2528 637 2554 σέσωσται
663 2526 694 2553 τὸ
719 2526 892 2562 κατάλειμμα

103 2573 175 2602 Θεοῦ
196 2574 440 2609 κατοικτείραντος,
464 2572 663 2600 πεπιστεύκασι
686 2572 741 2608 γὰρ
763 2573 804 2603 εἰς
825 2572 892 2607 Χρι-

106 2620 170 2647 στὸν
184 2621 234 2647 οὐκ
246 2620 423 2656 εὐαρίθμητοι
440 2619 494 2646 τῶν
510 2618 540 2651 ἐξ
557 2618 674 2654 Ἰσραὴλ,
690 2618 893 2654 κεχρημάτικεν

110 2666 263 2701 Ἐκκλησία
277 2665 406 2701 Χριστοῦ.
420 2665 466 2692 καὶ
480 2665 573 2699 γέγονε
587 2665 677 2700 μήτηρ
691 2664 784 2700 ὥσπερ
797 2664 891 2691 ἐθνῶν.

104 2713 141 2738 οἱ
155 2713 210 2748 γὰρ
227 2713 279 2739 υἱοὶ
294 2712 348 2738 τῶν
370 2721 434 2738 ποτε
457 2711 682 2738 ταπεινωσάντων
704 2711 800 2746 αὐτὴν,
815 2718 892 2737 τουτ-

107 2759 193 2791 ὲστιν,
209 2759 233 2798 oi
250 2758 305 2784 τῶν
322 2757 450 2791 ἐπιγείων
462 2756 626 2791 κρατοῦντες
649 2757 832 2791 πραγμάτων,
848 2756 892 2782 καὶ

105 2805 168 2836 ταῖς
181 2805 236 2831 τῶν
267 2805 412 2839 σκήπτρων
428 2803 560 2839 διαδοχαῖς
586 2803 622 2835 ὡς
644 2803 673 2835 ἐξ
691 2803 799 2829 ἐκείνων
815 2803 893 2838 ἐρχό-

145 2894 155 2908 "
171 2893 222 2921 lsa.
238 2901 291 2927 xu,
313 2893 353 2925 l8,
371 2893 410 2919 ιυ.
449 2892 458 2905 ⁸
476 2891 544 2919 Psal.
561 2900 616 2921 Ltll.
638 2891 677 2922 Ib,
702 2891 741 2917 lti.

781 2892 790 2905 ’
806 2891 812 2917 l
829 2891 890 2918 Cor.
909 2899 948 2923 ut,
965 2888 991 2917 ξ).

946 2299 1066 2334 delapsa,
1089 2303 1118 2326 et
1140 2307 1154 2326 ιι
1177 2299 1362 2326 misericordia
1387 2306 1503 2333 superna
1523 2297 1660 2329 derelicta,
1683 2304 1727 2323 ca-

946 2346 1064 2380 deusque
1086 2344 1112 2371 in
1138 2352 1235 2372 manus
1256 2345 1389 2376 hostium,
1411 2345 1467 2378 qui,
1497 2348 1551 2371 tota
1579 2342 1670 2369 Judzra
1700 2342 1726 2368 iu

946 2392 1097 2418 vastitatem
1122 2392 1242 2422 redacta,
1268 2390 1356 2424 ipsum
1374 2390 1456 2417 etiam
1474 2389 1594 2416 divinutn
1616 2394 1643 2416 et
1658 2388 1727 2415 cele-

946 2437 1130 2466 bratissimum
1149 2436 1277 2470 tetuplum
1292 2437 1478 2463 incenderunt.
1504 2436 1648 2470 Postquam
1664 2442 1727 2462 vero

945 2487 1060 2511 servatae
1083 2481 1192 2509 filerunt
1214 2481 1346 2515 reliquiae,
1365 2482 1419 2508 Deo
1432 2481 1727 2510 commiserantetcrw

945 2530 1072 2557 diderunt
1096 2528 1167 2556 enitn
1197 2528 1224 2554 in
1245 2527 1382 2554 Christum
1410 2527 1544 2554 innumeri
1577 2526 1726 2560 lsraelitw),

946 2580 1099 2610 nuncupata
1121 2579 1163 2602 est
1187 2574 1306 2602 Ecclesia
1327 2573 1439 2604 Christi,
1455 2579 1482 2600 et
1506 2574 1575 2600 facta
1598 2578 1641 2600 est
1656 2573 1727 2600 velut

948 2626 1032 2648 mater
1045 2620 1175 2656 gentium.
1198 2619 1264 2646 Nam
1282 2618 1328 2645 lilii
1345 2625 1437 2645 eorum
1456 2618 1500 2651 qui
1520 2618 1727 2644 lmmiliaveruut

946 2673 1016 2698 eam,
1041 2666 1067 2693 id
1094 2670 1151 2698 est,
1167 2665 1212 2700 qui
1235 2665 1315 2692 rebus
1341 2664 1455 2691 terrenis
1478 2664 1623 2698 imperant,
1649 2669 1675 2690 et
1700 2663 1726 2690 in

946 2715 1114 2746 sceptrorum
1140 2710 1328 2738 successiones
1351 2709 1448 2736 exinde
1472 2708 1591 2740 veniunt,
1615 2716 1722 2735 venera-

947 2758 1013 2785 tioni
1032 2758 1130 2785 habent
1148 2757 1307 2789 Ecclesiam,
1320 2760 1348 2784 et
1359 2756 1497 2786 timentes,
1513 2754 1600 2784 idest,
1613 2753 1727 2780 sollicite

947 2809 973 2831 et
987 2812 1046 2831 cum
1070 2804 1116 2831 Dei
1139 2808 1220 2837 metu,
1243 2804 1276 2830 ad
1298 2810 1358 2830 eam
1373 2802 1513 2829 accedunt.
1537 2808 1546 2825 ι
1564 2799 1661 2827 Vocata
1683 2801 1725 2826 est

1036 2891 1057 2906 ¹⁰
1077 2890 1154 2918 Rom.
1172 2897 1230 2923 vui,
1247 2891 1273 2918 5.
1314 2891 1334 2906 "
1351 2890 1467 2926 Philipp.
1485 2897 1524 2923 nt,
1541 2890 1585 2918 20.
