1893 3052
172 156 243 194 ςδὲθ

668 161 696 188 S.
717 159 854 188 CYBILLI
874 157 1106 187 ALEXANDRINI
1126 156 1284 185 ARClllEP.
1310 131 1314 140 1

1733 157 1806 184 1560

171 222 243 250 enim
278 220 373 249 civitas
395 219 498 246 Domini
525 218 589 246 Sion
619 217 705 246 sancti
734 217 827 245 Israel.
859 226 869 243 ι
907 216 953 243 Dei

1024 224 1082 242 ever.
1095 215 1197 250 σεπτὴν
1215 214 1345 250 ἡγοῦνται
1368 214 1418 250 τὴν
1438 214 1612 249 Ἐκκλησίαν,
1643 214 1693 240 καὶ
1718 214 1807 241 δεδοι-

172 273 288 301 namque
307 265 400 292 civitas
419 270 460 292 est
487 264 615 292 Ecclesia.
638 263 721 298 ldque
739 263 818 290 docet
845 261 952 289 divinus

172 311 268 343 David,
286 310 357 337 velut
371 309 443 337 illam
458 309 596 342 alloquens
610 317 617 336 :
631 317 640 334 ι
659 307 783 336 Gloriosa
803 307 874 335 dicta
890 309 953 333 sunt

172 359 205 385 de
221 362 257 389 te,
269 356 366 384 civitas
379 355 426 382 Dei
439 356 471 382 ¹¹.
486 365 495 381 ›
508 355 540 382 Et
552 355 609 389 ipse
621 354 808 382 universorum
822 353 953 380 Dominus

175 403 213 430 ait
239 401 297 438 lyra
311 401 452 430 Psallentis
469 411 476 428 :
488 411 497 427 ‹
514 401 563 428 llic
574 400 712 433 habitabo,
724 400 785 434 quia
799 399 866 434 elegi
882 405 952 426 eam.

173 448 263 475 Porta;
290 448 350 483 ejus
371 447 531 475 benedicens
553 446 724 477 benedicam.
748 453 880 481 pauperes
895 445 954 480 ejus

174 492 302 520 saturabo
313 491 439 527 panibus,
448 492 602 519 sacerdotes
611 489 672 528 ejus
683 490 791 519 induam
806 490 893 518 salute
902 490 950 518 ".a

174 538 220 566 Sin
233 538 297 565 velit
320 537 452 572 quispiam
468 543 591 571 posteros
606 544 700 564 eorum
713 543 818 571 regum,
831 536 876 570 qui
891 543 953 571 per-

173 583 258 611 secuti
274 587 336 611 sunt
350 583 507 616 Ecclesium,
533 582 622 610 dicere
632 582 676 617 qui
692 589 765 610 nunc
778 589 838 609 cum
850 582 954 609 honore

173 635 202 656 et
221 630 317 656 timore
339 629 372 656 ad
391 636 450 657 eam
467 629 588 660 veniunt,
605 633 634 656 et
656 627 773 655 divinam
789 627 865 662 quasi
885 627 953 654 civi-

174 680 255 703 tatem
282 675 446 710 suscipiunt,
467 683 519 703 non
542 675 656 703 discedit
677 682 691 701 a
715 682 806 709 scopo.
829 674 956 701 Videmus

173 722 245 749 enim
266 721 396 755 exemplis
412 729 467 748 rem
480 721 514 747 ad
531 728 592 747 eum
607 724 732 748 eventum
748 719 902 747 deductam.

172 767 235 799 τοὺς
258 766 376 802 καθεξῆς
401 766 553 802 ὀνομάζειν,
571 766 595 794 οἳ
620 765 689 800 μετὰ
711 765 793 800 τιμῆς
811 765 858 792 καὶ
878 764 954 796 δέους

1006 261 1093 292 κότες.
1117 260 1250 292 τουτέστι,
1269 260 1327 295 μετ’
1345 260 1495 293 εὐλαϐείας,
1520 261 1568 288 καὶ
1592 260 1640 287 τὸν
1663 259 1740 286 θεῶν
1763 260 1807 293 εις

1005 307 1067 334 νοῦν
1081 307 1186 342 ἔχοντες
1202 306 1283 341 φόϐον
1297 306 1441 342 προσίασιν
1457 307 1526 342 αὐτῇ
1538 316 1546 323 ·
1565 317 1575 333 ‹
1589 305 1733 341 Κέκληται
1747 305 1808 340 γὰρ

1008 352 1085 384 πόλις
1098 352 1199 387 Κυρίου
1217 351 1284 379 Σιὼν
1296 352 1374 386 ἁγίου
1387 352 1521 388 Ἰσραήλ.»
1534 352 1603 379 Θεοῦ
1615 352 1674 388 γὰρ
1688 351 1772 383 πόλις
1787 351 1805 386 ή

1010 397 1166 439 Ἐκηιλησία,
1183 397 1318 425 καὶτοῦτο
1333 397 1453 425 διδάσιει
1468 399 1483 425 ὁ
1499 398 1645 429 θεσπέσιος
1665 397 1753 423 Δαϐὶδ
1766 396 1808 427 ὥς

1004 443 1073 479 πρὸς
1086 443 1181 479 αὐτὴν,
1195 453 1204 469 t
1214 443 1400 478 Διδοεασμὲνα
1410 443 1527 479 ἐλαλήθη
1540 445 1606 479 περὶ
1621 443 1680 474 σοῦ,
1689 444 1706 478 ή
1723 443 1810 474 πόλις

1003 489 1049 517 τοῦ
1061 489 1139 516 Θεοῦ.
1152 498 1162 514 ι
1176 490 1231 516 Καὶ
1246 489 1328 521 αὐτὸς
1341 489 1370 516 δέ
1386 497 1438 516 που
1451 489 1533 524 φησὶν
1556 491 1570 516 ό
1580 489 1636 516 τῶν
1659 489 1733 516 ὅλων
1746 489 1810 515 Κύ-

1008 542 1064 571 ριος
1075 536 1118 562 διὰ
1129 536 1178 571 τῆς
1190 536 1238 563 τοῦ
1254 536 1407 568 Ψάλλοντος
1415 537 1510 572 λύρας·
1532 546 1541 562 ι
1556 534 1620 563 Ὧδε
1631 537 1807 571 κατοικήσω,

1006 581 1048 608 ὃτι
1060 581 1230 617 ᾑρετισάμην
1244 581 1340 617 αὐτὴν,
1364 583 1414 617 τὴν
1433 582 1519 618 θύραν
1540 584 1627 619 αὐτῆς
1648 583 1810 618 εὐλογήσω,

1007 627 1071 659 τοὺς
1093 627 1218 662 πτωχοὺς
1245 628 1332 663 αὐτῆς
1358 629 1484 663 χορτάσω
1504 629 1598 664 ἄρτον,
1627 630 1692 661 τοὺς
1721 629 1811 662 ἱερεῖς

1008 673 1094 708 αὐτῆς
1108 673 1209 700 ἐνδύσω
1224 674 1369 710 σωτηρίαν.
1383 684 1393 701 υ
1414 676 1445 702 Εἰ
1464 675 1493 702 δὲ
1511 675 1543 711 δὴ
1560 675 1684 710 βούλοιτὸ
1697 683 1744 706 τις
1760 675 1811 700 καὶ

1009 718 1062 746 τῶν
1077 727 1142 745 ποτε
1158 718 1310 752 διωξάντων
1328 720 1377 755 τὴν
1400 720 1563 755 Ἐκκλησίαν
1579 721 1714 756 βασιλέων
1730 720 1811 750 υἱοὺς

989 764 1186 800 προσέρχονται
1220 765 1267 792 νῦν
1283 766 1363 801 αὐτῇ,
1383 767 1430 793 καὶ
1443 767 1481 799 ὡς
1499 767 1576 794 θείαν
1589 767 1692 803 τιμῶσι
1714 766 1811 795 πόλιν,

171 814 222 840 οὐκ
239 813 291 845 ἔξω
306 814 418 848 φέρεται
432 812 478 839 τοῦ
489 811 600 839 σκοποῦ.
622 811 745 848 ὀρῶμεν
757 812 811 846 γὰρ
821 812 861 843 εἰς
873 810 953 837 τοῦοο
971 810 1120 847 ἐκϐεϐηκὸς
1131 811 1161 838 τὸ
1172 811 1226 838 τῶν
1239 812 1407 848 πραγμάτων
1420 813 1515 848 πέρας.

209 857 290 885 Vens.
306 858 351 889 l5,
365 857 408 884 l6.
427 856 479 884 Pro
490 865 519 883 eo
536 857 606 892 quod
620 856 693 890 fuisti
704 856 840 888 derelicta,
853 859 877 882 et
890 855 951 882 odio

1039 855 1089 882 Διὰ
1112 856 1146 881 τὸ
1168 856 1309 890 γενέσθαι
1337 863 1375 883 σε
1403 856 1731 892 ὲγκαταλελειμμένην.
1759 852 1812 883 καὶ

174 905 279 936 habita,
304 909 327 931 at
350 912 401 931 non
421 908 477 930 erat
498 904 542 938 qui
568 906 741 930 succurreret.
762 901 794 928 Et
817 909 910 936 ponant
931 905 955 927 te

173 950 374 978 exsultationem
390 954 528 981 wternam,
547 948 674 983 gaudium
696 948 893 983 generationum
910 955 956 981 ge-

174 995 361 1022 nerationibus.
381 994 415 1022 Et
430 1002 506 1028 auges
523 994 564 1022 lac
577 995 702 1028 gentium,
714 997 738 1021 et
751 993 856 1020 divitias
868 1001 956 1026 regem

173 1042 302 1069 comedet.
326 1041 359 1068 Et
375 1041 440 1068 scies
457 1041 521 1075 quia
541 1048 587 1074 ego
611 1039 740 1067 Dominus
767 1040 812 1076 qui
832 1040 904 1066 salvo
922 1044 954 1072 ιι,

173 1093 197 1115 et
211 1089 255 1123 qui
266 1095 328 1115 eruo
341 1091 366 1114 te
379 1086 448 1114 Deus
461 1085 547 1113 Israel

211 1186 221 1202 l
244 1176 311 1203 Eras
333 1175 415 1207 enim,
431 1174 530 1209 inquit,
555 1173 681 1201 derelicta
708 1178 735 1200 et
765 1173 828 1200 odio
856 1172 956 1204 habita,

174 1227 202 1249 et
216 1229 269 1249 non
290 1226 349 1256 erat
369 1221 414 1254 qui
433 1224 615 1248 succurreret.
632 1229 642 1246 ι
666 1219 729 1247 Haec
748 1227 829 1247 causa
847 1219 957 1246 humili-

173 1267 237 1295 tatis
259 1272 311 1294 ιιιω
332 1266 444 1294 exstitit.
465 1265 532 1293 Nam
553 1265 717 1293 debacchata
733 1273 763 1293 es
783 1266 810 1292 in
835 1273 896 1292 eum
912 1264 958 1299 qui

173 1313 288 1340 evehere
312 1319 339 1340 et
355 1312 510 1339 felicitatem
529 1311 576 1339 tibi
595 1311 757 1338 incolumem
783 1317 893 1338 scrvare
912 1318 959 1345 po-

175 1363 244 1392 test;
261 1358 308 1386 sed
324 1365 403 1385 nemo
416 1357 467 1385 l'uit
481 1358 527 1392 qui
541 1364 650 1384 manuni
673 1357 825 1391 porrigeret
844 1356 958 1383 auxilia-

176 1405 282 1436 tricem,
301 1411 334 1431 eo
354 1403 426 1439 quod
448 1403 503 1431 Deo
527 1403 612 1430 invisa
639 1410 711 1430 eras.
738 1403 906 1430 Debacchata
930 1410 959 1429 es

176 1450 248 1478 enim
271 1457 325 1477 non
347 1449 373 1477 in
397 1456 479 1476 unum
501 1449 615 1483 aliquem
639 1449 666 1475 in
685 1448 777 1476 servili
805 1448 960 1476 conditione

176 1497 308 1529 locatum,
332 1500 380 1523 aut
408 1495 524 1522 ministri
550 1502 647 1522 munus
672 1494 835 1526 obeuntem,
856 1494 904 1521 sed
931 1495 957 1520 in

1002 900 1220 935 μεμισημένην,
1241 900 1291 928 καί
1317 903 1372 928 οὐκ
1392 900 1430 936 ἦν
1447 904 1464 928 ὁ
1481 901 1615 936 βοηθῶν.
1639 902 1697 930 Καὶ
1722 902 1811 936 θήσω

1005 953 1043 972 σε
1075 946 1248 981 circulatim
1281 946 1415 979 αἰώνιον,
1454 948 1650 982 εὐφροσύνην
1687 947 1812 982 γενεαῖς

1004 990 1126 1026 γενεῶν.
1146 991 1202 1018 Καὶ
1226 991 1373 1026 θηλάσεις
1386 993 1465 1028 τάλα
1478 993 1583 1026 ἐθνῶν,
1601 994 1652 1021 καὶ
1669 994 1812 1021 πλοῦτοι·

1003 1036 1160 1069 ,Βασιλέων
1185 1036 1323 1071 φάγεσαι.
1346 1038 1401 1065 Kal
1421 1038 1523 1073 γνώσῃ
1542 1038 1589 1065 ὅτι
1615 1039 1674 1074 ἐγὼ
1697 1040 1811 1072 Κύριος

1007 1082 1024 1108 ὁ
1047 1079 1148 1111 σώζων
1179 1088 1232 1114 σε,
1263 1082 1312 1109 καί
1341 1084 1358 1110 ό
1383 1082 1596 1118 ἐξαιρούμενός
1621 1092 1660 1111 σε
1689 1086 1707 1111 ὀ
1736 1084 1811 1116 Θεὸς

1014 1126 1149 1161 Ἰσραήλ.

1046 1173 1185 1207 ιΓέγονας
1211 1173 1261 1209 μὲν
1289 1173 1362 1209 γὰρ,
1386 1174 1487 1209 φησὶν,
1519 1175 1809 1210 ὲγκαταλελειμμὲνη.

1009 1219 1055 1246 καὶ
1078 1220 1265 1254 μεμισημένη,
1283 1219 1332 1246 καὶ
1347 1219 1397 1246 οὐκ
1412 1218 1446 1256 ἦν
1461 1221 1476 1247 ό
1493 1221 1610 1256 βοηθῶν,
1634 1230 1643 1246 ι
1670 1220 1750 1255 Δῦτη
1769 1229 1809 1246 σοι

1009 1264 1146 1299 πρόφασις
1158 1264 1208 1299 τῆς
1221 1264 1410 1297 ταπεινώσεως
1421 1264 1466 1301 ἦν,
1476 1266 1685 1302 πεπαρῴνηκας
1694 1267 1753 1300 γὰρ
1770 1267 1810 1298 εἰς

1008 1310 1054 1336 τὸν
1063 1310 1148 1345 ὑψοῦν
1158 1310 1317 1346 δυνάμενον,
1335 1311 1384 1338 καὶ
1400 1311 1568 1346 ἀκράδαντὸν
1585 1321 1626 1338 σοι
1640 1312 1763 1346 φυλάξαι
1779 1312 1809 1338 τὸ

1010 1356 1164 1391 εὐημερεῖν.
1181 1357 1238 1383 ἀλλ’
1257 1357 1344 1389 οὐδεὶς
1355 1355 1388 1393 ἧν
1404 1359 1418 1385 ό
1431 1359 1510 1393 χεῖρα
1532 1358 1623 1393 νέμων
1645 1358 1806 1393 ἐπίκουρον,

1009 1402 1124 1437 ἐπείπερ
1139 1400 1211 1438 ἦσθα
1225 1403 1356 1438 θεομισής
1368 1411 1376 1418 ·
1401 1403 1608 1439 πεπαρῴνηκας
1623 1404 1678 1438 γὰρ
1694 1405 1748 1430 οὒκ
1769 1405 1808 1434 εἰς

1009 1447 1056 1474 ἕνα
1068 1447 1131 1474 τινὰ
1143 1447 1196 1474 τῶν
1209 1449 1238 1474 ἐν
1253 1447 1329 1480 τάξει
1345 1449 1479 1484 κειμένων
1494 1450 1628 1485 οίκετικῇ,
1650 1450 1699 1476 καὶ
1714 1450 1806 1476 διακοο

1009 1494 1088 1529 νικὴν
1109 1494 1226 1529 ἑχόντων
1251 1494 1301 1530 τὴν
1317 1495 1498 1531 λειτουργίαν,
1520 1496 1577 1522 ἀλλ’
1600 1497 1639 1528 ιίς
1659 1496 1744 1522 αὐτὴν
1763 1496 1806 1522 τὸν

177 1546 265 1578 ipsum
288 1542 476 1569 universorum
498 1540 599 1575 Regem
616 1548 648 1567 ac
663 1540 816 1567 Dominum.
840 1540 875 1566 At
891 1547 956 1573 quo-

1024 1540 1060 1567 ῶν
1088 1541 1156 1567 ὅλων
1180 1540 1294 1575 βασιλέα
1321 1541 1368 1568 καὶ
1397 1540 1510 1577 Κύριον.
1538 1541 1648 1577 Ἐπειδὴ
1677 1541 1706 1568 δὲ
1735 1541 1806 1572 ἅπαξ

177 1588 248 1614 niam
271 1586 353 1614 semel
376 1585 457 1621 851
483 1585 698 1613 humiliationem
719 1585 788 1612 hanc
810 1591 888 1619 passa
918 1592 957 1616 es.

176 1633 235 1660 haec
253 1632 364 1659 molesta
381 1632 566 1666 praeteribunt,
581 1635 607 1658 et
627 1630 769 1665 posteriori
787 1629 919 1657 beneﬂcio
935 1634 960 1657 te

177 1679 203 1705 in
221 1677 362 1712 pristinum
377 1681 475 1704 statum
492 1677 625 1705 restituet.
642 1675 873 1709 Quemadmodum
887 1675 959 1703 enim

178 1732 226 1758 par
251 1729 321 1755 erat,
343 1723 433 1750 divina
461 1722 505 1750 Dei
531 1721 683 1755 sententia,
710 1726 736 1748 te
763 1721 959 1749 inobedientem

178 1769 285 1802 puniri;
307 1768 347 1796 sic
371 1774 530 1796 conversam
553 1771 580 1794 te
601 1766 814 1794 misericordiam
839 1765 961 1793 invenire

177 1815 311 1842 convenit.
333 1824 342 1840 ι
360 1815 459 1842 Ponam
489 1819 515 1842 te
543 1814 634 1849 igitur,
664 1813 771 1848 inquit,
804 1813 961 1842 exsultatio-

177 1869 238 1888 nem
254 1866 392 1888 mternam.
409 1870 418 1886 ι
442 1860 515 1888 Nihil
537 1865 579 1888 est
598 1860 670 1888 enim
687 1860 763 1887 triste
789 1859 816 1886 in
839 1859 959 1886 Ecclesia

176 1907 290 1934 Christi.
311 1907 360 1934 Ubi
381 1907 453 1934 enim
470 1907 580 1934 omnino
603 1913 663 1940 spes
678 1910 719 1933 est
737 1901 959 1940 incorruptionis,

172 1958 204 1991 et
226 1957 332 1980 aeternae
349 1953 419 1985 vitae,
446 1958 474 1980 et
501 1952 672 1988 sempiternae
695 1952 799 1987 gloriae,
824 1959 857 1980 ac
884 1953 960 1986 regni

179 1998 326 2030 ctelorum,
350 1998 485 2032 quomodo
509 1998 644 2024 maestitia:
670 1997 744 2024 locus
769 2004 829 2024 esse
855 1997 961 2032 potest?

179 2052 190 2069 ι
201 2043 235 2070 Et
249 2051 328 2078 suges
342 2043 382 2070 lac
393 2043 524 2078 gentium,
535 2047 562 2069 et
574 2042 682 2069 divitias
699 2050 790 2077 regum
807 2044 956 2070 comedes.»

179 2088 290 2116 Videtur
314 2088 450 2116 normullis
482 2095 578 2116 sensus
605 2088 783 2123 propheticus
812 2088 864 2115 tale
896 2088 960 2122 quid

179 2135 277 2162 docere
300 2144 307 2161 :
329 2134 426 2161 multos
447 2141 480 2161 ex
502 2141 582 2168 grege
603 2141 634 2161 ac
657 2141 769 2161 numero
792 2133 959 2167 Grzecorum,

178 2180 327 2214 Scripturis
342 2179 471 2206 divinitus
495 2179 634 2212 inspiratis
664 2179 785 2206 eruditos
799 2185 824 2207 et
842 2184 961 2216 tractan-

177 2225 273 2253 dorum
292 2225 446 2258 dogmatum
465 2224 638 2258 intelligentia
653 2225 795 2259 praeditos,
822 2225 880 2254 fore
898 2227 960 2253 doc-
977 2217 999 2244 D

180 2276 252 2298 tores
267 2269 386 2298 Judaica:
400 2270 555 2306 Synagogaz.
572 2270 624 2298 Sed
637 2271 763 2299 aliorsum
784 2272 889 2299 videtur
904 2272 961 2299 hanc

178 2317 266 2345 oratio
289 2317 409 2349 tendere,
426 2325 474 2344 nec
497 2318 566 2344 hanc
582 2317 652 2344 vium
667 2325 726 2345 esse
744 2323 771 2346 et
787 2325 960 2353 progressum

179 2363 261 2398 hujus
284 2363 442 2395 sententi-ae,
466 2362 585 2397 illudque
610 2367 699 2397 pollllS
722 2363 790 2391 velle
815 2364 959 2396 denotare;

179 2407 355 2435 cumulandos
373 2415 433 2435 esse
449 2415 495 2435 eos
512 2408 646 2434 fructuum
663 2407 846 2435 oblationibus
871 2412 898 2434 et
917 2416 962 2435 re-

180 2455 231 2490 giis
248 2454 368 2482 donariis
383 2454 515 2489 gentium.
540 2453 624 2489 quue
648 2461 740 2481 verum
763 2461 823 2481 esse
845 2453 964 2481 ostendit

181 2509 238 2535 ipsa
257 2508 344 2528 rerum
360 2500 538 2535 experientia.
563 2499 611 2528 llis
632 2500 668 2527 ita
697 2499 850 2527 absolutis:
867 2508 876 2525 ι
899 2499 966 2534 Ego.

181 2545 279 2580 inquit,
309 2545 438 2573 Dominus
452 2546 497 2580 qui
512 2551 591 2571 servo
611 2549 646 2572 te.
666 2553 676 2570 ι
690 2543 770 2575 Nam,
789 2547 818 2570 ut
837 2542 966 2578 propheta

181 2591 266 2619 Isaias
290 2591 329 2618 ait
353 2600 361 2618 :
383 2599 392 2616 t
420 2589 475 2617 Nisi
504 2590 631 2618 Dominus
665 2588 785 2616 Sabaoth
814 2588 968 2623 reliquisset

180 2637 260 2665 nobis
286 2643 393 2669 semen,
419 2636 494 2670 quasi
519 2634 635 2663 Sodoma
661 2634 804 2662 fuissemus
833 2638 861 2661 et
886 2633 963 2668 quasi

180 2683 338 2712 Gomorrbte
353 2681 453 2709 similes
470 2682 501 2709 ".
518 2691 527 2708 ι
544 2681 635 2709 Gratia
655 2682 727 2709 enim
748 2685 775 2709 et
793 2681 962 2708 humanitate

184 2729 231 2756 Dei
245 2734 358 2756 servata:
376 2734 439 2757 sunt
454 2729 572 2764 reliquim
588 2728 707 2761 lsraelis,
722 2736 756 2756 ne
769 2728 796 2756 in
817 2731 900 2756 totum
917 2727 960 2755 illa

182 2782 248 2810 gens
262 2782 296 2802 ex
311 2775 412 2804 sanctis
425 2780 485 2803 orta
500 2775 622 2810 patribus
637 2775 791 2810 disperiret.

220 2861 240 2876 ¹¹
254 2860 324 2888 l‘sal.
345 2870 452 2890 tum.
469 2863 494 2889 '5.

1010 1586 1146 1618 πέπονθας
1172 1586 1221 1622 τὴν
1244 1587 1408 1614 ταπείνωσιν
1428 1587 1577 1622 παρελάσει
1602 1586 1638 1614 τὰ
1668 1586 1804 1622 μοχθηρὰ,

1010 1633 1123 1663 καὶτοῖς
1137 1632 1275 1667 δευτέροις
1291 1633 1473 1668 ἀνακτήσεταί
1484 1641 1523 1659 σε.
1538 1634 1643 1665 Ὥσπερ
1657 1632 1716 1667 γὰρ
1730 1632 1804 1657 ἀπει-

1010 1677 1132 1712 θήσασαν
1151 1678 1205 1704 ἔδει
1227 1677 1390 1710 κολάζεσθαι
1404 1678 1488 1713 ψήφῳ
1508 1678 1601 1713 δικαίᾳ
1620 1677 1703 1709 Θεοῦ,
1721 1677 1804 1708 οὕτως

1009 1723 1213 1759 ἐπιστρέψασαν
1235 1723 1370 1751 ἐλεεῖσθαι
1395 1724 1504 1758 πρέπει.
1524 1733 1532 1749 t
1551 1724 1633 1758 Θήσω
1651 1731 1683 1750 σε
1705 1724 1804 1750 τοίνυν.

1010 1769 1103 1803 φησὶν,
1130 1768 1303 1804 εὐφροσύνην
1324 1770 1431 1803 γενεαῖς
1455 1768 1568 1803 γενεῶνο
1586 1777 1596 1794 ι
1622 1768 1740 1802 στυγνὸν
1755 1768 1805 1803 γὰρ

1009 1813 1085 1840 οὐδὲν
1102 1814 1130 1840 ἐν
1153 1813 1302 1849 Ἐκκλησία
1325 1813 1454 1849 Χριστοῦ,
1483 1813 1549 1840 ὅπου
1569 1813 1598 1840 δὲ
1627 1813 1701 1844 ὅλως
1730 1813 1804 1844 ἐλπὶς

1011 1859 1177 1894 ἀφθαρσίας,
1206 1860 1253 1886 καὶ
1276 1859 1457 1895 ἀτελευτήτου
1483 1859 1567 1894 ζωῆς,
1591 1859 1640 1886 καὶ
1663 1859 1803 1894 ἀμηρύτου

1011 1905 1100 1940 δόξης,
1117 1905 1162 1932 καὶ
1175 1905 1312 1940 βασιλείας
1327 1905 1460 1941 οὐρανῶν,
1476 1906 1552 1933 ποῖον
1563 1905 1596 1933 ἂν
1610 1905 1669 1941 ἔχοι
1681 1905 1712 1931 τδ
1724 1913 1803 1940 καττι-

1011 1950 1076 1985 φές;
1093 1951 1146 1977 Καὶ
1155 1951 1283 1986 θηλάσεις
1294 1951 1364 1985 γάλα
1376 1951 1470 1983 ἐθνῶν,
1486 1951 1533 1978 καὶ
1547 1951 1663 1978 πλοῦτον
1677 1951 1804 1986 βασιλέων

1012 1997 1139 2031 φάγεσαι.
1151 1997 1206 2023 Καὶ
1218 1997 1291 2024 δοκεῖ
1307 1997 1356 2032 μέν
1368 2005 1423 2024 τισι
1435 1997 1554 2024 τοιοῦτόν
1570 2006 1597 2023 τι
1605 1997 1745 2024 διδάσκειν
1758 1997 1804 2031 τῆς

1011 2042 1178 2078 προφητείας
1192 2043 1206 2069 ὁ
1216 2043 1289 2076 νοῦς,
1306 2043 1348 2069 ὅτι
1362 2043 1453 2070 πολλοὶ
1471 2042 1526 2069 τῶν
1543 2042 1574 2075 ἐξ
1586 2042 1690 2077 ἀγέλης
1709 2042 1801 2076 Ἐλλη-

1011 2088 1090 2123 νικῆς
1105 2089 1290 2123 σεσοφωμένοι
1303 2088 1348 2115 τὸν
1365 2089 1427 2115 νοῦν
1450 2090 1510 2120 ταῖς
1525 2089 1719 2120 θεοπνεύστοις
1737 2088 1803 2123 Γρα-

1012 2135 1086 2167 φαῖς,
1097 2134 1143 2161 καὶ
1157 2133 1324 2169 δογματικῆς
1341 2135 1480 2169 εὐτεχνίας
1494 2135 1534 2166 εἰς
1546 2134 1649 2168 γνῶσιν
1665 2134 1802 2169 ἀναπηδή-

1012 2188 1117 2211 σαντες,
1133 2179 1403 2207 ἕσονταιδιδάσκαλοι
1414 2181 1462 2216 τῆς
1476 2182 1507 2214 ἐξ
1528 2181 1665 2207 Ἰουδαίων
1681 2181 1802 2214 Συναγω-

1013 2225 1074 2260 γῆς.
1090 2226 1169 2251 Δοκεῖ
1181 2224 1210 2251 δέ
1223 2233 1282 2257 πως
1296 2226 1336 2257 εἰς
1350 2225 1380 2251 τὸ
1392 2225 1478 2260 παρὸν
1494 2225 1508 2251 ὁ
1523 2225 1613 2259 λόγος,
1629 2225 1691 2260 οὐχὶ
1708 2224 1803 2258 ταύτην

1011 2270 1078 2297 ἱέναι
1098 2270 1198 2305 μᾶλλον
1216 2270 1272 2297 τῶν
1293 2270 1402 2298 ἐννοιῶν
1423 2270 1472 2306 τὴν
1491 2271 1560 2303 ὁδὸν,
1585 2271 1678 2297 ἐκεῖνο
1701 2271 1730 2297 δὲ
1745 2270 1802 2300 ἴσως

1011 2317 1152 2352 βούλεσθαι
1171 2317 1351 2353 καταδηλοῦν,
1374 2317 1414 2344 ὅτι
1433 2319 1493 2349 ταῖς
1511 2317 1541 2349 ἐξ
1563 2317 1649 2343 ὲθνῶν
1666 2324 1801 2352 καρποφο-

1011 2363 1093 2399 ρίαις,
1124 2363 1171 2390 καὶ
1195 2363 1345 2398 βασιλικοῖς
1372 2363 1544 2398 ἀναθήμασιν
1567 2362 1800 2398 ἐμπλησθήσεται.

1014 2409 1183 2436 Διαδείκνυσι
1194 2408 1248 2444 γὰρ
1261 2409 1360 2445 ἀληθὲς
1373 2408 1402 2435 ὃν
1417 2408 1552 2436 καὶτοῦτο
1567 2407 1621 2434 τῶν
1636 2408 1802 2442 πραγμάτων

1016 2456 1034 2491 ή
1047 2457 1136 2490 πεῖρα.
1161 2455 1270 2482 Τούτων
1292 2455 1320 2482 δὲ
1333 2455 1404 2481 οὕτω
1420 2455 1620 2490 τετελεσμένων
1645 2454 1741 2488 φησιν,
1767 2454 1802 2479 ὅτι

1025 2511 1035 2527 t
1055 2501 1125 2536 Ἐγὼ
1143 2502 1245 2537 Κύριος
1260 2502 1274 2528 ὁ
1288 2501 1381 2533 σώζων
1403 2509 1443 2527 σε.
1456 2510 1465 2526 ›
1495 2501 1538 2531 Ὠς
1557 2500 1611 2535 γὰρ
1632 2501 1646 2526 ό
1668 2500 1802 2535 προφήτης

1022 2550 1103 2583 φησὶν
1121 2549 1234 2580 Ἡσαΐας
1245 2558 1251 2563 ·
1269 2558 1278 2574 t
1292 2549 1324 2576 Εἰ
1337 2548 1373 2583 μὴ
1390 2548 1493 2583 Κύριος
1502 2547 1617 2574 Σαϐαὼθ
1629 2547 1801 2580 ἐγκατέλιπεν

1019 2595 1084 2630 ἡμῖν
1101 2594 1222 2630 σπέρμα,
1241 2594 1278 2625 ὡς
1295 2593 1399 2628 Σόδομα
1413 2593 1446 2620 ἂν
1457 2593 1639 2628 ἐγενήθημεν.
1648 2593 1698 2619 καὶ
1711 2592 1746 2623 ὡς
1759 2592 1800 2618 Γό-

1019 2640 1107 2676 μορρα
1122 2639 1156 2666 ἂν
1172 2639 1366 2674 ὡμοιώθημεν.
1378 2647 1387 2663 ›
1413 2638 1512 2672 Χάριτι
1529 2637 1584 2672 γὰρ
1598 2638 1647 2664 καὶ
1660 2636 1800 2671 φιλανθρω-

1019 2685 1069 2720 πίᾳ.
1080 2684 1148 2711 Θεοῦ
1164 2685 1296 2711 σέσωσται
1309 2684 1340 2710 τὸ
1353 2683 1529 2719 κατάλημμα
1540 2682 1586 2709 τοῦ
1604 2682 1726 2717 Ἰσραὴλ,
1741 2681 1798 2707 ὥστε

1020 2731 1057 2766 μὴ
1069 2731 1184 2758 εἰσάπαν
1198 2731 1344 2758 ἀπολέσθαι
1358 2730 1388 2757 τὸ
1406 2729 1435 2762 ἐξ
1448 2729 1532 2764 ἁγίων
1549 2728 1676 2764 πατέρων
1691 2728 1770 2757 ἔθνος.

536 2863 554 2877 ¹³
571 2861 641 2889 Psal.
658 2869 749 2892 cun.
771 2862 859 2889 H-l6.
899 2862 918 2877 “
933 2862 984 2889 lsa.
1003 2869 1022 2889 ι.
1039 2862 1064 2887 9.
