1893 3052
65 173 128 201 Ιό-ίί

627 178 662 206 ΙΝ
680 179 795 208 ISAIAM
814 181 880 211 LIB.
905 182 934 212 ν.
956 185 1074 215 ΤΟΜΠΞ
1092 187 1135 215 iV.

1611 189 1679 216 134:).

97 229 152 256 Καὶ
176 229 243 257 ἀντὶ
264 232 380 265 χαλκοῦ
407 233 481 260 οἴσω
501 242 550 261 σοι
571 236 709 270 χρυσίον,
731 237 797 265 ἀντὶ
817 239 851 266 δὲ

940 243 1019 273 Vens.
1043 245 1086 271 l7.
1111 245 1141 271 Et
1163 254 1209 279 pro
1228 254 1278 273 me
1302 245 1412 280 a/feram
1436 246 1482 272 tibi
1510 253 1615 279 aurum,
1637 255 1685 274 mo

62 275 191 309 σιδήρου
206 276 279 303 οῑσω
293 285 342 304 σοι
355 279 506 314 ἀργύριον,
520 281 586 308 ἀντὶ
600 281 634 308 δὲ
651 283 761 317 ξύλων,
779 285 853 311 οἴσω

66 327 112 347 σοι
124 321 253 354 χαλκὸν,
275 323 342 350 ἀντὶ
357 323 392 350 δὲ
404 325 508 356 λίθων,
526 326 663 360 σίδηρον.
689 329 745 355 Kal.
767 329 853 357 δώσω

62 366 134 399 τοὺς
152 365 302 401 ἄρκον-τάς
319 376 380 396 σου
393 370 428 396 ἐν
445 371 560 406 sima/7;,
577 373 626 399 καὶ
643 373 714 407 τοὺς
728 375 853 403 ἐπισκό-

65 419 140 445 πους
154 419 215 439 σου
232 413 267 440 ὲν
280 413 467 450 δικαιοσύνῃ.

97 457 210 492 Δέχεται
226 459 274 493 μὲν
287 459 338 492 τὰς
349 460 415 493 ὕλας
427 462 464 494 ὼς
476 464 505 489 ὲν
519 463 595 496 τάξει
608 465 851 501 παραδειγμάτων,

66 503 194 538 πλείστην
207 504 272 540 ὅσην
289 505 404 540 ἐχούσας
424 508 473 542 τὴν
487 509 555 543 πρὸς
573 510 690 546 ἀλλήλας
709 511 850 548 διαφοράν.

67 548 195 583 Σημαίνει
208 550 236 576 δέ
250 559 275 577 τι
288 551 411 586 πλαγίως
425 555 607 589 πνευματικὸν
628 557 674 583 καὶ
689 557 767 591 βαθύ.
783 558 852 585 Βού-

66 594 137 620 λεται
149 594 206 630 γὰρ
220 596 307 623 εἰπεῖν
315 597 356 624 ὃτι
369 598 459 625 πάντα
471 599 538 635 πρὸς
551 600 586 628 τὰ
601 602 703 636 ἀμείνω
715 605 853 639 μεταστή-

66 647 150 671 σεται,
168 642 280 668 καὶτῶν
295 642 411 678 πρώτων
428 644 521 671 διοίσει
534 646 568 675 τὰ
585 647 709 683 δεύτερα.
720 648 852 684 Παραχω-

66 686 143 721 ρήσει
160 686 216 722 γὰρ
229 688 335 720 πάντως
350 689 407 724 ήέν
420 690 495 725 νόμῳ
515 692 656 723 παίδευσις
677 694 710 728 τῇ
729 693 772 720 διὰ
785 694 853 728 Χρι-

67 730 138 762 στοῦ,
160 732 285 760 τουτέστι
323 735 380 766 τοῖς
403 735 590 770 εὐαγγελικοῖς
609 736 787 773 Θεσπίσμασι,
804 739 852 766 καὶ

66 776 189 804 τοσοῦτον
203 777 279 805 ἔσται
292 779 322 805 τὸ
336 778 450 814 μεταξὺ,
462 781 578 817 ὅσονπερ
596 782 629 808 ἂν
644 782 690 810 καὶ
713 784 737 810 εί
759 783 790 810 τὸ
807 784 853 812 διὰ

68 821 147 856 μέσου
168 823 272 858 χαλκοῦ
292 825 340 851 καὶ
361 826 473 861 χρυσοῦ.
500 828 679 863 Χρυσοφανὴς
696 828 746 863 μὲν
764 829 818 865 γὰρ
838 831 853 857 ὁ

67 866 173 901 χαλκὸς,
192 868 262 904 πλὴν
278 869 328 896 οὐκ
345 870 402 897 ἔστι
423 872 532 907 χρυσὸς,
553 873 744 909 ἁργυροφανὴς
761 874 790 900 δὲ
806 875 852 901 καὶ

904 287 973 322 ferro
987 289 1069 324 feram
1090 291 1137 318 tibi
1156 297 1303 327 argentum,
1319 301 1367 326 pro
1379 292 1457 327 lignis
1470 291 1553 326 feram
1572 292 1620 319 tibi
1636 300 1683 326 αἰ,

902 342 949 368 pro
960 335 1090 367 lapidibus
1102 337 1211 372 ferrum.
1227 337 1259 364 Et
1273 337 1341 364 dabo
1354 339 1482 373 principes
1495 343 1554 364 tuos
1569 338 1595 364 in
1609 347 1683 372 pace,

902 382 927 404 et
943 379 1074 414 episcopos
1099 386 1157 408 tuos
1178 383 1204 409 in
1221 382 1337 417 justitia.

938 467 1065 496 Materiae
1084 469 1166 496 sumit
1179 469 1295 504 exempli
1313 469 1382 501 loco,
1397 477 1456 503 qtttc
1477 469 1589 496 multum
1611 469 1684 496 inter

901 519 932 540 se
957 513 1092 542 diﬂ'erunt.
1127 514 1268 549 Signiﬁcat
1295 519 1384 541 autem
1419 514 1528 548 oblique
1555 514 1682 548 quiddam

901 558 1041 593 spirituale
1055 564 1081 586 et
1101 559 1273 594 profundum.
1294 559 1356 586 Vult
1375 560 1446 586 enim
1467 560 1558 586 dicere
1591 560 1681 587 omnia

903 603 929 630 in
943 604 1038 631 melius
1052 611 1114 632 esse
1131 605 1326 637 convertenda,
1343 609 1369 631 et
1386 605 1481 639 primis
1495 604 1683 639 praestantiora

903 648 959 676 fore
975 649 1107 676 secunda.
1122 649 1206 677 Cedet
1221 650 1292 676 enim
1308 650 1418 677 omnino
1444 650 1535 684 legalis
1552 649 1684 676 institutio

900 694 1074 727 Christiana,
1090 695 1116 722 id
1132 698 1184 728 est,
1200 694 1365 729 evangelici;
1384 695 1518 728 oraculis;
1534 700 1561 722 et
1579 699 1683 722 tantum

900 738 953 766 erit
965 739 1282 774 intervallum,quantum
1301 739 1372 767 inter
1386 748 1423 767 tes
1440 745 1467 767 et
1483 748 1578 767 aurum
1599 741 1684 767 inter-

901 788 954 811 est.
971 783 1022 812 Es
1039 785 1111 812 enim
1132 785 1249 820 speciem
1268 786 1326 813 auri
1362 786 1450 818 habet,
1467 793 1558 814 verum
1574 794 1628 813 non
1643 791 1684 813 est

901 837 1008 857 aurum.
1026 829 1148 865 Argento
1172 830 1259 858 simile
1277 835 1318 857 est
1340 831 1454 862 ferrum,
1476 831 1545 858 inest
1567 832 1637 858 enim
1659 832 1683 858 ei

902 875 1028 909 quiddam
1055 876 1189 910 lucidum,
1209 885 1302 904 verum
1325 885 1378 904 nun
1396 882 1437 904 est
1462 882 1613 912 argentum.
1638 879 1684 904 ὃιξιΙ

67 913 80 939 ὁ
96 913 217 948 σίδηρος,
235 914 326 942 ἔνεστι
339 916 394 952 γὰρ
411 916 442 943 τδ
466 918 590 954 λαμπρὸν
609 919 692 956 αὐτῷ,
714 920 784 955 πλὴν
802 921 851 947 οὐκ

903 921 1081 955 prmstantiori
1098 922 1210 949 multum
1225 922 1307 950 cedit.
1324 922 1449 957 Legalem
1467 923 1559 957 itaque
1574 923 1683 949 institu-

67 958 271 995 ἄργυρος,ξάλλ’
279 962 394 997 ἡττᾶται
407 963 475 990 πολὺ
491 964 538 990 τοῦ
558 965 730 1001 προῦχοντος.
749 966 853 993 Οὐκοῦν

66 1005 112 1040 τὴν
139 1006 168 1032 ὲν
188 1007 264 1043 νόμῳ
286 1008 426 1038 παίδευσιν
445 1011 613 1046 παρεικάσαι
630 1020 672 1045 τις
695 1012 795 1040 δύναιτ’
820 1013 853 1040 ἃν

68 1051 165 1086 χαλκῷ,
181 1053 276 1088 χρυσῴ
293 1063 325 1088 γε
348 1054 402 1091 μὴν
422 1056 473 1092 τὴν
492 1057 536 1084 διὰ
555 1058 682 1092 Χριστόν·
706 1059 752 1085 καὶ
773 1058 854 1085 πάλιν

65 1097 113 1133 τῆς
127 1098 156 1123 ὲν
177 1099 253 1135 νόμῳ
278 1100 415 1134 πολιτείας
436 1102 486 1138 τὴν
506 1103 621 1139 δύναμιν
634 1105 854 1140 παρεικάσαιτις

67 1143 99 1170 ἂν
112 1140 225 1180 σιδήρῳ,
244 1148 452 1183 μεμετρημένον
466 1148 554 1184 ἔχοντι
570 1150 602 1177 τὸ
623 1151 746 1187 φαιδρὸν,
761 1151 810 1186 τήν
821 1160 854 1186 γε

69 1188 118 1224 μὴν
136 1189 166 1216 ἐν
182 1190 295 1227 Χριστῷ
311 1193 358 1219 καὶ
383 1194 575 1231 εὐαγγελικὴν,
595 1196 708 1232 ἀργύρῳ
732 1197 832 1232 μᾶλλον
844 1206 851 1213 ·

68 1234 232 1272 τελεωτάτην
245 1237 300 1273 γὰρ
315 1238 372 1273 ἔχει
388 1240 564 1276 φαιδρότητα,
576 1243 689 1276 νοητῶς.
706 1243 851 1279 Ταύτῃτοι,

68 1281 111 1307 καὶ
125 1282 138 1308 ὁ
155 1282 293 1318 πάνσοφος
313 1283 429 1318 Παῦλος,
450 1287 539 1314 καίτοι
553 1287 678 1316 πλεῖστον
692 1289 754 1316 ὅσον
769 1291 852 1324 ὲσχη-

68 1325 139 1353 κέναι
164 1327 251 1362 λέγων
279 1329 323 1356 διὰ
340 1330 391 1365 τῆς
413 1332 443 1357 ὲν
464 1332 538 1367 νόμῳ
564 1333 637 1368 ζωῆς
660 1334 692 1361 τὸ
712 1335 851 1370 καύχημα,

68 1372 188 1405 γνώσεώς
209 1382 238 1400 τε
253 1375 303 1410 τῆς
321 1375 367 1402 ὑπ’
380 1377 475 1408 αὑτοῦ,
500 1378 620 1406 σκύὸαλα
637 1380 688 1414 μὲν
704 1381 796 1416 ἠγεῖτο
818 1381 852 1409 τὰ

68 1418 162 1451 πάντα,
183 1420 301 1456 Χριστὸν
314 1422 342 1449 δὲ
361 1423 514 1458 κερδαίνειν
532 1424 626 1460 ήθελε,
647 1426 695 1453 καὶ
712 1426 742 1453 τὸ
754 1427 853 1462 ὑπερέ-

68 1471 110 1498 χον
125 1464 175 1499 τῆς
189 1464 318 1499 γνώσεως
335 1467 429 1494 αὑτοῦ.
452 1467 525 1496 Ξύλα
537 1469 565 1496 δὲ
584 1470 631 1496 καὶ
644 1470 712 1498 λίθοι
730 1472 852 1508 χρήσιμα

68 1510 131 1545 πρὸς
141 1511 287 1548 οἰκοδομήν
297 1520 304 1527 ·
316 1513 469 1549 εὑρήσομεν
485 1515 514 1541 δὲ
527 1515 574 1543 τὸν
589 1517 725 1552 πάνσοφον
746 1518 851 1545 Παῦλον

67 1557 113 1591 τῆς
133 1558 210 1616 παρα
227 1567 308 1585 τινων
324 1561 519 1596 μυσταγωγίας
538 1561 586 1597 τὴν
607 1563 722 1599 δύναμιν
737 1563 851 1596 ταύταις
864 1586 888 1616 c

68 1603 264 1637 παρεικάζοντα
289 1606 348 1637 ταῖς
373 1605 459 1638 ὕλαις.
494 1617 503 1632 ι
525 1608 557 1634 El
584 1607 638 1644 γάρ
666 1618 724 1643 τις,
759 1610 849 1645 φησὶν,

68 1648 236 1684 ἐποικοδομεῖ
252 1649 298 1676 ἐπὶ
318 1650 364 1677 τὸν
387 1651 520 1687 θεμέλιον,
540 1653 616 1687 ξύλα,
632 1654 737 1690 χόρτον,
751 1655 851 1687 λίθους,

69 1692 199 1729 καλάμην.
215 1704 224 1720 ι
244 1695 346 1723 Τούτου
363 1696 391 1723 δὲ
409 1696 496 1729 οὕτως
508 1698 626 1734 ἔχοντος,
646 1700 735 1727 ἐκεῖνό
749 1709 850 1736 φαμεν,

69 1738 106 1764 ὅτι
122 1739 174 1766 τῶν
191 1741 390 1777 Γραμματέων,
409 1744 456 1770 καὶ
476 1745 631 1780 Φαρισαίων
648 1747 664 1781 ή
683 1746 851 1780 διδασκαλία,

69 1783 150 1818 ἦγουν
162 1786 291 1819 καθάπαξ
312 1788 365 1815 τῶν
382 1789 505 1816 ἀπίστων
523 1790 657 1818 Ἰουδαίων
673 1793 689 1827 ή
706 1793 851 1829 ὑφήγησις,

69 1830 95 1856 οὐ
115 1833 260 1860 συνιέντων
271 1833 340 1866 ὅλως
353 1835 384 1862 τὸ
403 1836 522 1872 Χριστοῦ
543 1838 702 1873 μυστήριον,
723 1839 764 1865 ὅτι
786 1839 852 1874 μηδὲ

70 1879 279 1906 πεπιστεύκασιν
303 1881 343 1913 είς
369 1881 460 1914 αὑτὸν,
487 1883 680 1918 παρεικάζοιτο
704 1884 737 1910 ἂν
764 1884 852 1918 ξύλοις

70 1923 155 1957 τυχὸν,
170 1925 218 1952 καὶ
234 1925 329 1958 λίθοις,
342 1928 359 1962 ἡ
379 1927 408 1954 δὲ
423 1928 452 1954 ἐν
473 1928 594 1964 Χριστῷ.
612 1929 659 1956 καὶ
677 1930 850 1966 εὑαγγελικὴ,

70 1970 192 1998 τοσοῦτον
212 1972 269 2007 ἔχει
292 1972 323 1999 τὺ
344 1973 465 2008 ἄμεινον,
488 1974 550 2001 ὅσον
573 1974 673 2009 χαλκὸς
698 1976 744 2002 καὶ
764 1975 852 2008 ξύλον,

71 2016 175 2052 σιδηρός
188 2027 219 2045 τε
232 2018 300 2054 πρὸς
313 2019 396 2046 λίθον.
411 2020 602 2055 Εὐδιάθρυπτα
614 2021 664 2055 μὲν
676 2021 731 2057 γὰρ
743 2022 777 2048 τὰ
788 2024 852 2058 παρ’

71 2062 179 2096 ἐκείνοις
195 2063 230 2100 ἦν
255 2065 408 2100 διδάγματά
425 2075 455 2092 τε
476 2067 522 2093 καὶ
540 2066 728 2102 ἐνθυμήματα,
756 2068 854 2102 στερεὰ

72 2107 99 2134 δὲ
114 2129 121 2140 ,
149 2111 197 2138 καὶ
225 2109 282 2138 οἷον
309 2111 450 2145 ἄθραυστα
481 2113 550 2145 μετὰ
572 2112 619 2139 τοῦ
644 2112 779 2148 λαμπροῦ,
807 2114 854 2140 καὶ

73 2156 169 2190 τιμίου,
185 2157 222 2184 τὰ
243 2157 297 2184 τῶν
323 2159 351 2184 ἐν
367 2157 486 2193 Χριστῷ.
511 2157 631 2185 Ἰουδαῖοι
646 2159 695 2194 μὲν
709 2160 763 2195 γὰρ
777 2160 853 2186 ἐκπί-

75 2208 180 2229 πτουσιν
193 2204 232 2235 εἰς
245 2203 429 2238 γενεαλογίας,
439 2205 486 2231 καὶ
502 2204 602 2239 μύθους
614 2205 782 2240 ἀπεράντους
797 2206 852 2237 τοῖς

902 967 1003 995 tionem
1021 975 1181 1002 comparare
1195 968 1256 1002 quis
1272 969 1370 1002 poterit
1383 968 1466 1004 852
1483 969 1541 1003 ζει-ἰ,
1553 969 1684 996 Christia-

904 1020 965 1040 nam
980 1021 1056 1042 auro.
1071 1012 1178 1040 Rursus
1194 1013 1305 1048 legalem
1319 1014 1442 1048 politiam
1456 1022 1614 1049 comparare
1624 1015 1684 1050 quis

903 1059 1002 1092 poterit
1029 1058 1122 1090 ferro,
1148 1060 1219 1093 quod
1248 1060 1410 1086 mediocrem
1435 1060 1578 1094 quemdam
1605 1061 1684 1088 habet

902 1104 1085 1138 splendorem,
1107 1113 1139 1132 ac
1160 1105 1342 1132 Christianam
1365 1110 1394 1132 et
1412 1105 1615 1139 evangelicam,
1640 1114 1683 1132 ar-

902 1153 982 1183 gento
1003 1149 1108 1182 potius;
1124 1149 1351 1182 perfectissimum
1369 1150 1441 1176 enitn
1457 1149 1538 1177 habet
1559 1150 1684 1185 splendo-

904 1202 960 1222 rem
993 1195 1209 1230 iutelligibiliter.
1236 1195 1305 1223 Hinc
1332 1196 1549 1231 sapientissimus
1570 1196 1684 1228 ‘Paulns.

901 1241 952 1268 etsi
970 1241 1041 1268 dicat
1064 1249 1092 1268 se
1117 1242 1217 1269 habere
1243 1242 1312 1269 unde
1334 1241 1443 1276 gloriari
1467 1242 1552 1276 possit
1575 1248 1683 1277 propter

902 1287 984 1314 vitam
1010 1287 1037 1315 iu
1064 1287 1120 1321 lege
1148 1292 1325 1320 transactam,
1353 1289 1465 1323 ejusque
1488 1289 1684 1323 cognitionem,

902 1340 951 1366 pro
963 1333 1128 1360 stercoribus
1139 1337 1228 1360 tamen
1242 1334 1315 1360 ducit
1326 1334 1432 1367 omnia;
1446 1334 1582 1361 Christum
1596 1339 1684 1360 autem

902 1378 1002 1407 lucrari
1021 1379 1137 1411 volebat,
1154 1384 1184 1406 et
1203 1379 1364 1414 cognitionis
1381 1379 1441 1413 ejus
1456 1380 1639 1414 prazstautiam
1651 1380 1684 1406 ".

904 1423 989 1459 Ligna
1004 1429 1032 1451 et
1050 1424 1152 1458 lapides
1181 1425 1214 1450 ad
1230 1424 1434 1451 aediﬁcationem
1460 1425 1567 1460 quidem
1591 1424 1684 1452 conie-

901 1473 981 1502 runt;
997 1469 1166 1496 inveniemus
1188 1473 1277 1496 tamen
1310 1469 1540 1503 sapientissimum
1573 1469 1682 1496 l'anlum

899 1515 1077 1550 quorumdam
1115 1515 1289 1550 mystagogiat
1320 1515 1373 1541 vim
1401 1522 1462 1542 cum
1495 1516 1537 1542 his
1567 1515 1685 1542 materiis

903 1568 1068 1595 comparare.
1094 1568 1105 1586 ι
1132 1561 1159 1587 Si
1184 1562 1246 1594 quis
1267 1561 1360 1593 enim,
1385 1561 1489 1596 inquit,
1517 1566 1683 1595 superstruat

904 1605 1080 1633 fundamento
1105 1606 1192 1640 ligna,
1212 1606 1320 1640 fenum,
1346 1606 1464 1640 lapides,
1488 1607 1612 1641 stipulam
1625 1607 1657 1633 ιθ.
1675 1616 1684 1632 ι

904 1653 980 1686 Quod
995 1661 1056 1680 cum
1074 1653 1110 1680 ita
1129 1660 1158 1680 se
1177 1652 1284 1684 habeat,
1305 1653 1369 1680 illud
1385 1653 1511 1684 dicimus,
1529 1653 1685 1679 Scriharum

903 1703 931 1726 et
949 1698 1147 1726 Phariszcornm
1169 1698 1332 1729 doctrinam,
1350 1698 1391 1725 vel
1411 1699 1436 1725 in
1455 1698 1611 1725 universum
1627 1698 1684 1724 iull-

903 1745 1006 1772 delium
1022 1744 1176 1771 Judatorum
1195 1744 1406 1776 enarrationem,
1423 1744 1467 1778 qui
1483 1745 1594 1770 omnino
1608 1744 1682 1770 Chri-

904 1790 939 1818 sti
958 1791 1115 1825 mysterium
1134 1798 1184 1817 non
1201 1790 1363 1824 intelligunt,
1380 1795 1408 1816 ut
1425 1790 1468 1824 qni
1488 1790 1513 1815 in
1533 1790 1617 1823 ipsum
1634 1797 1685 1815 non

904 1836 1087 1867 crediderunt,
1108 1836 1260 1870 comparari
1285 1842 1365 1870 posse
1390 1835 1471 1869 lignis
1487 1839 1515 1861 et.
1536 1835 1685 1868 lapidibus;

904 1883 1003 1911 Christi
1018 1887 1107 1909 autem
1126 1886 1152 1909 et
1167 1881 1350 1916 evangelica!“
1371 1885 1443 1907 tanto
1457 1888 1517 1907 esse
1538 1879 1685 1911 nti-liorem,

904 1935 1007 1964 quanto
1023 1929 1096 1963 ligno
1116 1935 1163 1960 ms,
1180 1927 1279 1955 ferrum
1303 1927 1384 1962 lapidi
1410 1926 1555 1953 antecellit.
1578 1925 1685 1952 lllnrum

903 1976 976 2002 enim
991 1975 1152 2002 documenta
1172 1979 1200 2002 et
1220 1975 1327 2001 inventa
1353 1973 1457 2008 fragilia
1474 1976 1550 2000 erant
1565 1981 1571 1999 :
1587 1977 1613 1999 at
1627 1979 1686 2006 qua:

904 2021 930 2049 in
947 2021 1056 2049 Christo
1074 2025 1149 2053 sunt,
1167 2020 1253 2048 solida
1271 2020 1406 2047 exsistunt
1425 2024 1451 2046 et
1471 2018 1600 2051 inl‘racta,
1624 2019 1686 2045 illu~

904 2067 970 2094 stria
985 2074 1092 2102 quoque
1112 2071 1139 2094 et
1155 2066 1310 2102 magniﬁca.
1328 2065 1412 2093 Judaei
1433 2065 1505 2093 enim
1527 2065 1686 2092 delabuntur

904 2114 930 2140 in
944 2113 1124 2148 genealogias,
1140 2116 1168 2140 et
1185 2112 1290 2140 fabulas
1309 2111 1429 2139 inﬁnitas
1446 2111 1545 2145 popqu
1556 2117 1617 2137 -suo
1637 2116 1685 2137 ex-

903 2163 1016 2192 ponttnt,
1029 2165 1113 2192 nugas
1127 2158 1208 2185 etiam
1221 2158 1352 2193 quasdam
1371 2157 1547 2189 intertexunt.
1559 2160 1586 2183 et
1601 2155 1686 2183 aniles

902 2204 1054 2232 cantilenas
1069 2204 1101 2232 “.
1131 2204 1228 2238 Atqui
1251 2204 1389 2230 Christum
1415 2206 1512 2236 gerunt
1538 2201 1564 2228 in
1585 2201 1685 2233 animo,

73 2246 121 2274 ὑπὸ
132 2250 210 2284 χεῖρα
222 2249 295 2281 λαοῖς
307 2249 494 2285 ἐξηγούμενοι.
509 2250 608 2286 λήρους
622 2259 652 2276 τε
665 2251 741 2282 τινὰς
754 2251 851 2286 ἐμπλέ-

903 2255 1012 2276 omnem
1029 2249 1102 2275 viam
1117 2249 1202 2275 sancti
1216 2248 1323 2275 ιιι-Μιεἱί
1339 2254 1404 2275 suos
1421 2248 1527 2279 docent,
1543 2251 1570 2273 et
1585 2251 1685 2273 exactae

73 2301 171 2326 κοντες,
190 2295 238 2322 καὶ
252 2295 362 2331 γραώδση
379 2296 574 2331 τερετίσματαθ
592 2297 616 2322 οἱ
629 2295 658 2322 δὲ
676 2295 722 2322 τὸν
734 2297 851 2331 Χριστὸν

73 2338 213 2374 φοροῦντες
229 2341 268 2372 εις
282 2340 354 2373 νοῦν,
375 2341 465 2367 πᾶσαν
484 2340 542 2367 ὁδὸν
562 2340 699 2375 εὐτεχνίας
720 2341 851 2376 ἁγιοπρε-

74 2383 136 2415 ποῦς
158 2386 222 2417 τοὺς
251 2385 303 2412 ὑπὸ
323 2387 402 2421 χεῖρα
426 2385 593 2418 διδάσκουσι,
613 2386 660 2413 καὶ
684 2387 852 2421 δογματικῆς

73 2429 208 2465 ἀκριὸείας
222 2432 404 2467 ἀποφέρουσιν
417 2432 545 2467 ἐραστὰς,
563 2433 611 2459 καὶ
625 2432 734 2468 ἀπάσης
752 2433 852 2468 ἀρετῆς

74 2473 185 2508 ἐργάτας
201 2477 264 2508 τοὺς
277 2477 438 2512 προσιόντας
451 2477 542 2508 αὐτοῖς
551 2485 558 2493 ·
573 2473 736 2505 διαδείκνυσι
752 2477 781 2504 δέ
793 2486 852 2509 πως

74 2519 148 2552 εὐθὺς
161 2522 191 2549 τὸ
207 2523 431 2558 ἀπενηνεγμένον,
449 2524 490 2550 ὃτι
506 2522 600 2550 τοῦτον
622 2523 677 2559 ἔχει
692 2524 737 2551 τὸν
752 2525 852 2551 σκοπὸν

76 2565 118 2600 τῆς
146 2569 312 2604 προφητείας
337 2570 353 2596 ὁ
379 2569 451 2601 νοῦς.
478 2570 585 2596 «Δώσω
602 2570 666 2606 γὰρ,
693 2570 768 2604 φησὶ,
788 2571 850 2603 τοὺς

74 2611 199 2647 ἄρχοντάς
212 2623 259 2642 σου
274 2616 303 2642 ἑν
325 2616 431 2652 εἰρήνῃ,
441 2616 488 2642 καὶ
503 2617 564 2647 τοὺς
581 2616 745 2647 ἐπισκόπους
756 2625 803 2642 σου
820 2617 850 2643 ὲν

71 2653 234 2697 δικαιοσύνῃ.
248 2670 258 2687 ι
278 2662 322 2693 Ὠς
344 2661 398 2697 γὰρ
413 2661 466 2688 τῶν
481 2662 606 2695 πρώτων,
622 2662 714 2696 φησὶν,
735 2661 853 2696 ἐξωσμέ-

71 2711 131 2736 νων,
147 2705 256 2742 ἐτέρους
271 2707 411 2742 ἀνίστησιν
426 2707 558 2742 ἄρχοντάς
577 2716 606 2734 τε
629 2708 674 2734 καὶ
688 2708 852 2740 ἐπισκόπους

73 2749 141 2776 ιαῶν
160 2753 174 2778 6
193 2753 247 2780 τῶν
271 2754 338 2780 ὅλων
373 2753 468 2788 Σωτὴρ
485 2753 684 2789 διαπρέποντας
707 2755 735 2780 ἐν
755 2754 851 2789 εἰρήνῃ

75 2795 118 2821 καὶ
137 2796 302 2835 δικαιοσύνῃ.
322 2799 497 2834 Εἰρηνεύουσι
518 2799 571 2833 γὰρ
591 2798 657 2834 πρὸς
674 2799 749 2827 Θεὸν.
773 2800 796 2825 οἱ
817 2799 851 2824 τὰ

111 2886 130 2903 ¹⁵
151 2887 261 2924 Philipp.
283 2897 324 2921 ιιι,
342 2887 368 2914 8.
407 2887 426 2902 ’λ
445 2886 525 2913 Ιίῖιιι·.
546 2894 587 2918 ιιι,
604 2887 642 2913 1-2.

902 2295 1060 2328 dogmatum
1075 2293 1180 2327 peritiae
1197 2293 1331 2320 studiosos
1345 2292 1471 2325 reddunt,
1488 2296 1515 2318 et
1532 2292 1619 2318 omnis
1631 2292 1684 2317 vir-

902 2339 967 2367 tutis
981 2338 1132 2373 operarios,
1151 2337 1306 2370 quicunque
1321 2336 1394 2370 ipsos
1407 2337 1517 2363 adeunt.
1534 2334 1612 2361 Hunc
1625 2341 1684 2361 esse

902 2393 1014 2420 scopum
1032 2384 1197 2419 prophetica;
1212 2383 1364 2415 sementim,
1376 2382 1496 2409 declarat
1510 2381 1601 2408 statim
1614 2379 1684 2415 quod

904 2432 1029 2459 infertur.
1047 2438 1057 2455 ι
1074 2429 1146 2456 Dabo
1170 2429 1253 2461 enim,
1284 2428 1381 2462 inquit,
1405 2427 1542 2463 principes
1569 2430 1629 2453 tuos
1658 2425 1684 2451 in

904 2485 1010 2513 pacem,
1027 2481 1054 2503 et
1077 2476 1219 2510 episcopos
1244 2479 1304 2502 tuos
1328 2475 1354 2501 in
1375 2473 1518 2508 justitiam.
1537 2482 1545 2498 ι
1572 2472 1684 2499 Perinde

904 2523 988 2556 enim,
1005 2522 1100 2556 inquit,
1116 2529 1147 2548 ac
1165 2520 1244 2556 primi
1259 2520 1363 2555 expulsi
1380 2524 1480 2552 essent,
1499 2519 1565 2546 alios
1583 2518 1683 2553 princi-

904 2578 951 2605 pes
977 2574 1003 2596 et
1027 2569 1169 2603 episcopos
1192 2566 1351 2602 populorum
1375 2565 1475 2592 excitat
1498 2565 1685 2591 universorum

905 2616 1044 2648 Servator,
1060 2621 1085 2642 et
1108 2621 1173 2649 pace
1195 2617 1223 2640 et
1244 2611 1347 2647 iustitia
1371 2609 1563 2645 praecellentes.
1585 2609 1682 2637 Pacem

903 2663 974 2689 enim
999 2661 1101 2688 habent
1117 2659 1186 2694 apud
1210 2658 1312 2689 Deum,
1336 2657 1380 2690 qui
1405 2655 1516 2683 student
1537 2663 1567 2682 ea
1589 2662 1681 2689 sapere

902 2717 961 2744 quae
977 2709 1013 2736 illi
1027 2708 1144 2743 placent,
1161 2705 1250 2746 et'qui
1272 2703 1386 2739 iustitiae
1410 2702 1577 2731 ornamentis
1602 2709 1681 2729 coro-

903 2755 958 2782 nati
974 2758 1047 2782 sunt.
1070 2753 1135 2780 Tale
1154 2753 1217 2787 quid
1242 2751 1305 2778 alibi
1327 2757 1435 2785 quoque
1458 2748 1524 2775 dixit
1551 2748 1680 2781 propheta

903 2799 994 2831 Isaias,
1012 2799 1065 2826 imo
1090 2806 1136 2832 per
1158 2797 1315 2832 prophetam
1339 2796 1417 2826 Deus,
1437 2793 1469 2821 ad
1496 2797 1608 2819 matrem
1633 2791 1680 2819 Juv

694 2887 737 2912 "l
760 2887 827 2914 Tim.
848 2895 866 2915 I.
882 2887 905 2913 vi.
