1893 3052
48 157 117 185 1545

604 159 637 188 IN
657 159 774 187 ISAIAM
792 159 857 187 LIB.
879 159 909 186 V.
935 159 1053 188 TOMUS
1074 161 1104 187 V.

1596 159 1663 187 1346

46 215 214 251 σύντριμμα,
226 214 272 241 καὶ
282 215 482 250 ταλαιπωρίαν·
497 216 679 251 κληθήσεσθαι
692 217 720 243 δὲ
733 216 831 252 μᾶλλον

890 218 1050 253 atedagogos,
1072 217 1119 253 qui
1137 217 1291 253 dogmatum
1312 221 1339 244 et
1354 216 1493 244 moralium
1516 223 1666 252 przeccplo-

45 261 180 296 σωτήριον
194 261 229 287 τὰ
239 261 315 296 τείχη
330 261 426 296 αὐτῆς,
439 261 553 298 γλύμμα
566 262 593 289 δὲ
609 264 655 289 καὶ
670 262 719 294 τὰς
736 263 832 294 πύλας,

44 305 121 340 τείχη
135 305 175 340 δὲ,
189 306 228 337 ὥς
241 314 273 340 γε
281 304 369 340 οἶμαι,
380 305 446 341 φησὶ
461 306 523 338 τοὺς
531 307 625 340 ἁγίους
633 307 833 342 παιδαγωγοὺς,

43 351 224 386 δογματικαῖς
241 360 270 378 τε
293 351 340 378 καὶ
363 350 472 386 ἠθικαῖς
501 352 674 388 εἰσηγήσεσιν
692 352 836 387 ἀσφαλιςο‹

46 397 144 432 μένους
171 397 222 432 τὴν
242 396 414 432 Ἐκκλησίαν,
437 397 507 424 ὥστε
533 399 580 424 καὶ
605 398 741 425 ἀνάλωτον
765 396 835 425 εἶναι

43 443 99 473 τοῖς
117 442 237 477 ἐχθροῖς,
255 442 307 468 κᾶν
320 442 375 468 εἴτε
395 442 468 474 τινὲς
481 440 535 469 εῐεν
549 443 651 480 ὁρατοὶ,
666 444 714 470 εἴτ’
727 442 773 470 οὖν
789 445 835 470 καὶ

44 487 168 522 ἀόρατοι.
189 488 219 514 Ol
245 487 322 514 αὐτοὶ
339 487 361 513 δ’
375 486 409 514 ἂν
425 485 481 514 εἷεν
495 488 543 515 καὶ
567 488 659 522 πύλαι,
673 488 720 515 ἅτε
739 489 771 524 δὴ
789 489 835 515 καὶ

44 534 221 568 εἰσαγωγικῷ
259 533 395 569 χρώμενοι
420 533 501 569 λόγῳ,
530 534 577 561 καὶ
598 534 770 570 εἰσφέροντες
793 535 836 561 διὰ

46 580 164 611 πίστεως
177 581 216 610 είς
231 579 378 614 ἐπίγνωσιν
391 579 520 615 ἀληθείας
534 581 596 612 τοὺς
614 580 667 612 ἔξω
678 581 746 612 τέως
757 581 835 612 ὄντας

45 625 143 660 αὐτῆς.
158 626 178 651 Γ
179 625 273 660 λύμμα
296 625 324 651 δὲ
345 626 385 651 ὃτι
403 625 567 661 περικαλλὴς
582 624 617 661 ἦν
639 626 710 661 ἄγαν
728 628 742 653 ὸ
759 627 836 660 λόγος

45 671 149 704 αὐτοῖς,
158 672 204 698 καὶ
214 668 269 698 οἷον
284 673 323 703 εὶς
334 671 462 707 ἀλήθειαν
473 672 712 707 ἐκτετορνευμένος
720 680 726 687 ·
736 672 835 707 εὐπρε-

45 717 94 748 πὲς
111 717 167 752 γὰρ
180 716 252 744 ἅπαν
265 717 297 743 τὸ
311 716 502 751 γεγλυμμένον
511 724 519 732 ⁸
532 717 579 743 καὶ
592 717 616 743 οι
632 717 681 752 μὲν
706 717 837 752 Ἐὃδομή-

45 770 129 789 κοντα
145 762 246 797 ταύτην
261 761 394 789 δεδώκασι
411 763 460 797 τὴν
486 762 645 798 ἑρμηνείαν,
661 763 686 788 οί
701 762 729 789 δὲ
749 762 836 798 ἕτεροι

45 807 99 833 τῶν
121 807 307 843 ἑρμηνευτῶν,
335 807 396 834 ἀντὶ
418 807 465 833 τοῦ
488 807 602 842 γλύμμα
629 806 767 834 τεθείκασι
791 807 837 833 τὸν

51 853 168 888 Ἰησοῦν.
189 853 267 879 Ἔστι
294 852 322 879 δὲ
346 852 393 879 καὶ
416 852 495 879 τοῦτο
519 852 625 887 ἀληθές.
652 852 759 888 Ὠραῖος
783 852 836 886 γὰρ

885 270 944 290 rum
970 263 1103 291 doctrinis
1137 262 1287 291 Ecclesiam
1311 264 1453 295 muniunt,
1475 268 1505 290 ut
1530 263 1590 298 capi
1612 270 1664 290 non

884 310 969 344 possit
992 309 1026 336 ab
1046 309 1179 342 hostibus,
1194 309 1252 337 sive
1270 309 1310 336 illi
1328 310 1382 336 sint
1398 309 1584 344 aspectabiles,
1609 309 1666 336 sive

884 355 1100 390 inaspectahiles.
1122 355 1205 382 [idem
1222 361 1334 390 possunt
1354 356 1434 383 etiam
1456 363 1514 383 esse
1533 361 1616 390 porta:
1639 360 1667 382 ut

884 401 928 435 qui
954 401 1095 436 isagogicis
1116 405 1225 428 utantur
1263 401 1433 428 sermonibus
1456 408 1501 427 seu
1523 400 1668 428 institutio-

885 447 974 479 nibus,
991 451 1017 473 et
1030 454 1078 480 per
1094 446 1174 473 ﬁdem
1188 446 1322 474 adducant
1336 446 1369 473 ad
1389 446 1552 481 agnitionem
1568 446 1667 473 verita-

886 491 921 519 tis
938 499 985 518 eos
1011 491 1057 525 qui
1075 496 1130 518 tum
1146 492 1181 518 ab
1192 498 1223 518 ea
1240 490 1350 518 fuerunt
1364 491 1482 518 alienati.
1496 490 1667 525 Sculpturam

885 541 975 564 autem
990 538 1060 570 quod
1076 535 1186 570 pulchra
1204 541 1230 563 et
1247 537 1356 571 elegans
1378 537 1412 563 sit
1427 543 1520 563 eorum
1538 537 1669 567 oratio,et

886 583 919 608 ad
944 581 1088 609 veritatem
1113 582 1190 617 quasi
1216 587 1332 609 tornata.
1353 581 1510 616 Spcciosum
1532 586 1574 609 est
1596 582 1667 608 enim

886 626 1037 657 admodum,
1052 627 1122 661 quod
1138 632 1179 654 est
1204 627 1327 655 czelatum
1346 632 1373 654 ct
1401 627 1524 662 politum.
1545 626 1577 654 Et
1601 626 1669 653 hanc

886 671 994 706 quidem
1020 672 1270 707 interpretationem
1303 674 1434 701 dederunt
1479 674 1666 708 Septuaginta.

885 717 936 744 Alii
956 718 1118 752 interpretes
1142 725 1191 752 pro
1205 717 1318 754 γλύμμα
1334 723 1485 753 posuerunt
1508 719 1608 746 Jesum.
1621 719 1668 745 Est

887 763 978 791 autem
1003 764 1067 790 illud
1082 771 1189 799 quoque
1209 772 1313 792 Vcrum.
1331 764 1475 799 Speciosns
1494 765 1564 792 enim
1583 765 1668 792 forma

885 817 940 844 prae
963 810 1025 837 ﬂliis
1041 810 1179 837 hominum
1195 810 1218 826 "
1230 814 1257 838 et
1279 815 1450 846 nuncupatur
1463 815 1490 837 et
1508 815 1559 842 est,
1582 810 1670 836 illuni-

886 863 938 891 que
957 861 1086 891 tanquam
1104 863 1198 884 muros
1223 860 1251 884 et
1276 861 1367 891 portas
1385 856 1561 891 possedimus.
1586 855 1670 882 Munit

45 897 140 924 κάλλει
155 898 229 933 παρὰ
247 898 310 929 τοὺς
323 898 398 929 υἱοὺς
413 898 466 923 τῶν
485 897 636 933 ἀνθρώπων
648 897 835 933 κεχρημάτικέ

890 901 956 928 enim
972 908 1021 928 nos
1045 899 1173 927 ineffabili
1193 902 1322 936 potentia,
1343 905 1370 928 et
1388 907 1542 928 sanctorum
1559 900 1669 936 angelo-

44 953 73 970 τε
95 944 144 971 καὶ
162 944 230 976 ἐστι,
247 943 323 979 τείχη
346 944 374 970 δὲ
393 944 484 975 αὑτὸν,
502 944 550 970 καὶ
579 943 665 975 πύλας
685 943 836 978 πεπλουτή-

45 997 146 1024 καμεν.
168 989 359 1024 Ἀσφαλίζεται
374 989 428 1025 γὰρ
442 990 514 1025 ἡμᾶς
528 989 641 1024 ἀρρήτῳ
654 989 777 1024 δυνάμει,
789 989 837 1016 καὶ

43 1037 106 1067 ταῖς
123 1035 178 1062 τῶν
196 1035 280 1070 ἁγίων
295 1035 418 1069 ἀγγέλων
440 1035 611 1070 ἐπικουρίαις
622 1042 628 1050 ·
645 1045 654 1061 ι
675 1034 837 1061 Ἐντελεῖται

44 1081 117 1116 γὰρ,
147 1082 233 1117 φησι,
258 1083 314 1113 τοῖς
347 1081 474 1115 ἀγγέλοις
497 1080 580 1108 αὐτοῦ
605 1080 671 1115 περὶ
697 1079 766 1113 σοῦ,
789 1079 836 1106 τοῦ

44 1127 208 1161 διαφυλάξαι
223 1135 252 1153 σε
267 1127 296 1153 ὲν
306 1126 407 1158 πάσαις
417 1127 478 1157 ταῖς
492 1126 561 1158 ὁδοῖς
575 1131 651 1152 σου⁸ι
666 1126 714 1152 καὶ
731 1134 740 1151 ‹
757 1125 833 1160 Παρ-

45 1174 163 1209 εμσαλεῖ
188 1175 302 1208 ἄγγελος
336 1174 438 1210 Κυρίου
465 1173 558 1208 κύκλῳ
581 1173 635 1200 τῶν
661 1172 835 1209 φοϐουμένων

45 1220 139 1254 αὑτὸν,
153 1221 200 1247 καὶ
216 1220 313 1254 ’ῥύεται
331 1219 439 1251 αὐτούς.
460 1230 469 1245 ι
492 1219 644 1255 Ἐρχόμεθα
660 1218 688 1246 δὲ
705 1218 738 1246 δι’
752 1219 834 1246 αὑτοῦ

45 1267 85 1298 είς
108 1266 257 1300 ὲπίγνωσιν
279 1265 326 1293 τοῦ
347 1265 463 1301 Πατρὸς,
482 1265 529 1292 καὶ
551 1265 647 1299 γέγονε
670 1264 739 1300 πρὸς
756 1265 836 1291 τοῦτο

45 1312 94 1338 καὶ
106 1311 187 1348 θύρα,
203 1312 250 1339 καὶ
262 1311 344 1347 πύλη,
359 1311 408 1338 καὶ
423 1311 492 1343 ὁδός.
511 1311 584 1346 Ἔφη
599 1311 664 1344 γοῦν
673 1311 712 1337 ὅτι
732 1320 740 1336 ι
764 1309 835 1344 Ἐγώ

44 1358 104 1392 εἰμι
121 1359 138 1392 ἡ
149 1358 228 1394 θύρα,
239 1358 286 1385 καὶ
300 1359 317 1393 ὴ
334 1357 402 1391 ὁδὸς,
419 1357 467 1385 x01
479 1357 566 1388 οὐδεὶς
583 1356 690 1393 ἔρχεται
707 1356 776 1392 πρὸς
788 1356 835 1382 τὸν

886 953 944 973 rum
971 946 1147 981 prmsidiis.{t
1168 945 1307 974 Mandabit
1342 953 1468 981 namque,
1498 947 1595 980 inquit,
1620 954 1668 972 an-

886 991 953 1026 gelis
974 993 1031 1019 suis
1050 992 1084 1020 de
1101 998 1136 1024 te,
1154 998 1183 1019 ut
1196 993 1350 1020 custodiant
1369 997 1395 1020 te
1412 993 1437 1020 in
1467 993 1593 1020 omnibus
1617 993 1669 1019 viis

887 1038 940 1065 tuis
952 1038 985 1064 “.
999 1046 1009 1063 ι
1027 1038 1075 1065 Et:
1100 1047 1109 1063 ι
1122 1037 1216 1065 Castra
1231 1043 1312 1073 ponet
1338 1038 1450 1072 angelus
1471 1037 1576 1065 Domini
1590 1037 1662 1065 circa

888 1082 1013 1110 timentes
1030 1090 1069 1115 se,
1089 1086 1116 1109 et
1134 1087 1211 1110 eruet
1229 1089 1275 1110 eos
1286 1082 1319 1109 '7.
1339 1091 1348 1108 ι
1366 1082 1404 1109 Ac
1417 1090 1463 1115 per
1482 1082 1557 1109 illum
1574 1082 1664 1116 ingre-

889 1129 978 1155 dimur
994 1129 1027 1156 ad
1045 1128 1208 1163 agnitionem
1224 1128 1323 1160 Patris.
1340 1133 1366 1156 et
1383 1128 1488 1155 exstitit
1504 1128 1537 1155 ad
1556 1128 1613 1155 hzec
1624 1135 1671 1155 os-

891 1174 967 1207 tium,
985 1178 1012 1201 et
1031 1177 1119 1208 porta,
1134 1173 1222 1201 etvia.
1241 1173 1313 1200 Dixit
1327 1174 1479 1208 siquidem:
1503 1183 1512 1199 (
1527 1173 1582 1208 Ego
1611 1180 1671 1200 sum

889 1219 999 1251 ostium,
1022 1223 1049 1245 et
1061 1219 1115 1251 via,
1132 1223 1159 1246 et
1183 1227 1261 1246 nemo
1276 1219 1351 1246 venit
1372 1219 1404 1245 ad
1423 1218 1542 1248 Patrem.
1558 1219 1608 1245 nisi
1624 1226 1673 1254 per

890 1271 932 1291 me
944 1264 979 1291 ’⁵.
998 1274 1007 1290 ν
1027 1265 1072 1292 Est
1096 1265 1178 1292 etiam
1199 1264 1338 1299 sculptura
1352 1272 1399 1292 seu
1416 1263 1502 1291 forma
1517 1268 1545 1291 et
1569 1265 1673 1299 species

889 1310 947 1345 ejus
961 1311 1005 1345 qui
1024 1310 1126 1345 genuit,
1149 1314 1176 1337 et
1190 1311 1334 1338 character
1366 1310 1524 1338 substantia:
1556 1310 1626 1346 ejus,
1646 1314 1674 1338 et

889 1356 994 1392 imago,
1014 1361 1093 1391 atque
1111 1356 1238 1391 splendor
1252 1356 1343 1391 gloria:
1355 1355 1424 1390 ejus.

44 1404 168 1439 Πατέρα,
184 1405 207 1431 εί
235 1403 272 1439 μὴ
284 1403 318 1430 δι’
333 1403 411 1439 ἐμοῦ.
429 1413 439 1430 ι
460 1404 537 1431 Ἔστι
565 1404 593 1430 δὲ
611 1403 658 1430 καὶ
680 1403 803 1438 γλύμμα,
838 1402 976 1429 τουτέστιν
994 1404 1011 1438 ἡ
1034 1403 1134 1439 μορφὴ,
1155 1402 1202 1430 καὶ
1218 1402 1248 1429 τὸ
1274 1399 1344 1434 εἶδος
1366 1402 1412 1429 τοῦ
1435 1402 1559 1435 τεκόντος
1580 1402 1672 1435 αὐτὸν,

45 1450 94 1476 καὶ
109 1448 313 1486 χαρακτὴρ-τῆς
324 1449 498 1481 ὑποστάσεως
509 1449 603 1482 αὑτοῦ,
619 1449 666 1475 καὶ
679 1448 771 1480 εἰκὼν,
788 1449 835 1475 καὶ
854 1448 1025 1484 ἀπαύγασμα
1038 1450 1088 1484 τῆς
1104 1448 1182 1484 δόξης
1201 1448 1294 1475 αὑτοῦ.

82 1495 140 1524 Καὶ
161 1497 217 1523 οὐκ
241 1494 327 1522 ἔσται
354 1502 404 1522 σοι
419 1496 436 1522 ὁ
455 1495 542 1529 ἣλιος
564 1496 607 1528 εἰς
631 1494 693 1529 φῶς
713 1494 836 1529 ἡμέρας,

926 1495 1008 1522 Vens.
1024 1495 1066 1526 l9,
1079 1495 1122 1521 ΞΟ.
1142 1495 1175 1521 Et
1193 1503 1246 1521 non
1267 1495 1317 1521 erit
1331 1494 1378 1521 tibi
1393 1495 1432 1521 σοι
1453 1495 1481 1521 in
1501 1494 1584 1521 lucem
1608 1494 1676 1526 diei,"

44 1542 121 1570 οῠδὲ
145 1540 277 1575 ἀνατολὴ
298 1541 432 1574 σελήνης
455 1540 557 1575 φωτιεῖ
578 1547 626 1567 σοι
649 1540 706 1573 τὴν
730 1540 835 1572 νύκτα,

43 1588 118 1616 ἀλλ’
141 1587 226 1614 ἔσται
247 1593 297 1613 σοι
316 1586 425 1620 Κύριος
436 1585 499 1620 φῶς
517 1585 646 1615 αἰώνιον,
667 1585 715 1611 καὶ
733 1585 749 1611 d
765 1584 836 1616 Θεὸς

45 1633 125 1665 δόξα
140 1641 209 1660 σου.
223 1632 334 1666 οὺ“γὰρ
349 1632 473 1658 δύσεται
488 1633 504 1658 ό
518 1631 606 1665 ἥλιός
617 1638 677 1662 σοι,
692 1630 741 1657 καὶ
753 1631 772 1664 ἠ
786 1637 837 1657 σε·

44 1680 129 1713 λήνη
144 1680 200 1706 οὐκ
217 1679 361 1712 ἐκλείψει.
381 1679 488 1705 Ἔσται
503 1677 559 1712 γάρ
583 1685 633 1704 σοι
648 1677 755 1711 Κύριος
773 1676 836 1711 φῶς

44 1725 180 1752 αἰώνιον.

84 1770 231 1797 Βούλονταί
245 1779 317 1801 τινες
335 1769 379 1796 διὰ
392 1770 442 1805 τῆς
456 1769 511 1796 τῶν
532 1769 720 1804 προκειμένων
733 1768 836 1800 ἑννοίας

44 1817 199 1852 ἀποφέρειν
218 1817 293 1852 ἡμᾶς
309 1816 348 1847 εῑς
369 1824 401 1850 γε
417 1815 448 1842 τὸ
471 1815 571 1851 χρῆναί
585 1824 611 1841 τι
636 1814 757 1840 τοιοῦτον
772 1814 836 1840 ὐπο-

43 1865 130 1891 νοεῖν.
155 1863 201 1890 Ἐν
215 1863 339 1898 ἐσχάτοις
352 1862 406 1898 γὰρ
420 1861 467 1888 τοῦ
489 1861 587 1892 αἰῶνος
603 1861 707 1894 καιροῖς
720 1860 836 1894 ἐγηγερ-

45 1909 140 1944 μένων
153 1908 210 1935 τῶν
222 1909 251 1935 ὲν
267 1909 302 1944 γῇ
322 1907 468 1943 κειμένων,
482 1907 529 1934 καὶ
549 1906 797 1940 καταφοιτήσαντος
808 1905 837 1937 ἐξ

43 1954 166 1991 οὐρανοῦ
189 1953 237 1980 τοῦ
262 1954 370 1981 πάντων
391 1953 469 1989 ὴμῶν
483 1953 608 1987 Σωτῆρος
627 1951 746 1986 Χριστοῦ
769 1950 837 1986 μετὰ

44 2001 105 2028 τῶν
115 2000 203 2034 ἁγίων
214 2000 337 2034 ἀγγέλων
357 2001 386 2026 ὲν
396 2000 429 2034 τῇ
443 1998 506 2035 δόξῃ
515 1998 562 2025 τοῦ
574 1998 689 2033 Πατρὸς,
700 1997 839 2032 ἀπρακτή-

46 2057 92 2075 σει
109 2048 161 2083 μὲν
176 2048 193 2082 ἡ
213 2046 268 2074 τῶν
290 2045 430 2081 στοιχείων
442 2043 612 2079 λαμπρότης,
629 2042 738 2074 καινοὺς
753 2042 781 2069 δὲ
793 2043 839 2068 οὺ-

46 2094 160 2130 ρανοὺς,
172 2093 220 2119 καὶ
235 2092 331 2127 καινὴν
346 2091 412 2126 γῆν,
429 2090 477 2117 καὶ
489 2090 522 2116 τὰ
542 2089 737 2124 ἐπαγγέλματα
756 2088 838 2114 αὐτοῦ

45 2138 256 2175 προσδοκῶμεν,
268 2137 337 2165 κατὰ
347 2137 378 2163 τὸ
387 2136 587 2172 γεγραμμένον.
600 2136 671 2170 Ἔφη
681 2135 710 2161 δέ
721 2143 747 2162 τι
757 2133 840 2161 τοιοῦ-

888 1549 970 1576 neque
1001 1541 1070 1567 lumc
1090 1545 1163 1567 ortus
1191 1539 1357 1567 collustrnbit
1385 1544 1408 1566 te
1432 1545 1528 1567 noctu:
1552 1540 1597 1567 sed
1624 1540 1673 1566 erit

888 1587 935 1614 tibi
958 1586 1084 1613 Dominus
1101 1585 1147 1612 lux
1166 1591 1274 1618 wlerna,
1298 1591 1321 1612 et
1339 1585 1406 1612 Deus
1424 1586 1507 1621 gloria
1531 1591 1586 1612 tua.
1613 1585 1674 1612 Non

889 1632 958 1659 enim
980 1632 1078 1659 occidet
1091 1631 1132 1658 sol
1157 1631 1217 1664 tibi,
1231 1635 1255 1658 et
1275 1631 1337 1658 luna
1353 1635 1377 1658 te
1391 1639 1441 1658 non
1467 1631 1576 1666 deﬁciet.
1601 1630 1673 1657 Nam

889 1677 938 1704 erit
956 1676 1003 1703 tibi
1021 1676 1147 1703 Dominus
1171 1675 1217 1702 lux
1229 1680 1337 1703 (eterna.

923 1764 1006 1801 855
1018 1763 1118 1791 Volunt
1128 1763 1237 1798 quidam
1246 1771 1278 1791 cx
1286 1763 1419 1791 sententia
1426 1763 1521 1790 horum
1530 1763 1672 1790 verborum

890 1820 939 1840 nos
954 1812 1096 1842 adducere,
1113 1814 1142 1837 ut
1158 1810 1209 1837 tale
1222 1810 1350 1845 quiddam
1371 1810 1562 1845 intelligamus.
1578 1809 1674 1836 Extre-

891 1858 941 1885 mis
968 1857 1039 1884 enim
1057 1855 1147 1884 saeculi
1167 1856 1346 1891 temporibus.
1360 1856 1485 1883 excitatis
1513 1855 1557 1883 his
1579 1855 1624 1890 qui
1646 1855 1672 1881 in

892 1908 962 1931 terra
973 1903 1075 1939 jaceat,
1091 1905 1118 1929 et
1139 1902 1323 1929 descendente
1339 1902 1372 1929 de
1389 1901 1458 1928 creto
1486 1901 1607 1928 omnium
1627 1908 1675 1927 no-

892 1954 977 1976 strum
997 1949 1142 1977 Servatore
1158 1949 1284 1981 Christo,
1315 1955 1375 1975 cum
1399 1947 1500 1974 sanctis
1518 1945 1618 1980 angelis
1648 1945 1676 1972 in

891 1995 975 2030 gloria
1001 1995 1100 2028 Patris,
1124 1994 1217 2021 irritus
1242 1993 1290 2020 liet
1317 1992 1512 2019 elementorum
1538 1990 1674 2025 splendor,

893 2048 1030 2076 novosque
1045 2042 1138 2073 enatos,
1157 2048 1189 2068 ac
1208 2047 1305 2067 novam
1323 2043 1421 2066 terram
1435 2042 1463 2065 et
1481 2037 1676 2072 promissiones

892 2089 950 2122 ejus
966 2092 1170 2122 exspectamus,
1184 2087 1328 2114 secundum
1347 2085 1373 2113 id
1389 2085 1459 2119 quod
1476 2084 1607 2119 scriptum
1621 2087 1671 2111 est.

893 2134 958 2161 Tale
973 2133 1036 2168 quid
1053 2133 1120 2160 dixit
1135 2133 1216 2160 etiam
1241 2132 1369 2159 Set-valor
1396 2134 1487 2158 noster
1501 2137 1508 2155 :
1524 2138 1533 2154 I
1564 2127 1593 2155 ln
1619 2127 1677 2155 die-‘

45 2173 98 2212 τον
113 2184 161 2211 καὶ
177 2183 257 2215 αὐτὸς
270 2184 284 2209 ὁ
299 2181 404 2218 Σωτὴρ,
417 2182 458 2208 ὅτι
476 2191 485 2207 ι
508 2181 552 2208 Ἐν
564 2182 622 2212 ταῖς
637 2180 754 2215 ἡμέραις
767 2179 836 2206 ὲκεί-

892 2179 941 2207 bus
958 2177 1011 2205 illis
1025 2177 1065 2205 sol
1082 2177 1314 2210 obtenebrabitur,
1328 2180 1354 2204 et
1369 2175 1430 2202 luna
1456 2182 1507 2202 non
1530 2173 1603 2202 dabit
1631 2173 1673 2200 lu-

46 2238 111 2261 ναις
125 2230 140 2256 ὁ
161 2229 237 2264 ἥλιος
260 2227 475 2262 σκοτισθήσεται,
491 2226 537 2253 καὶ
560 2226 577 2261 ἡ
596 2225 694 2260 σελήνη
709 2225 742 2251 οὺ
764 2224 843 2264 δώσει

46 2275 81 2301 τὸ
98 2274 202 2309 φέγγος
215 2273 310 2308 αὐτῆς,
327 2282 336 2298 ι
357 2272 481 2308 Ἀρκέσει
497 2271 551 2306 γὰρ
562 2271 619 2302 τοῖς
633 2270 722 2304 ἁγίοις
737 2271 776 2301 εις
788 2277 844 2303 φω-

45 2320 151 2356 τισμὸν
176 2319 246 2355 αὐτὴ
268 2318 317 2346 τοῦ
341 2319 467 2354 Σωτῆρος
490 2319 506 2353 ἡ
532 2317 605 2350 δόξα.
625 2316 694 2343 Ἀλλ’
712 2316 756 2342 ἵνα
778 2315 844 2350 δοκῇ

49 2373 112 2396 πως
125 2363 241 2391 ἕπεσθαι
263 2365 296 2398 τῇ
318 2362 372 2390 τῶν
392 2363 487 2390 ἀνόπιν
509 2362 598 2398 ἐννοίᾳ
612 2362 646 2388 τὰ
667 2360 846 2397 προκείμενα,

45 2410 102 2446 τὴν
119 2409 270 2445 ἑρμηνείαν
293 2409 487 2440 ἐπαινέσαντες
501 2409 625 2444 ταυτηνὶ,
642 2408 690 2435 καὶ
711 2407 804 2442 ἕτερόν
820 2415 846 2433 τι

45 2457 199 2494 δηλοῦσθαί
219 2464 308 2492 φαμεν
316 2455 362 2482 διὰ
377 2456 431 2482 τῶν
450 2455 638 2491 προκειμένων
650 2454 759 2489 στίχων.
782 2452 842 2484 Φῶς

48 2504 104 2539 μὲν
132 2502 187 2538 γὰρ
214 2502 245 2529 τὸ
271 2501 394 2537 ἡλιακὸν,
421 2501 468 2528 καὶ
493 2500 606 2536 προσέτι
625 2502 656 2527 τὸ
679 2499 840 2535 σεληνιαϊον,

47 2547 185 2582 χρειῶδές
210 2555 239 2572 τε
263 2548 309 2573 καὶ
327 2545 473 2580 ἀναγκαῖόν
497 2546 556 2572 ἐστι
574 2546 631 2577 τοῖς
651 2545 699 2572 τοῦ
717 2545 841 2579 σώματος

47 2591 215 2627 ὀφθαλμοῖς.
234 2590 303 2617 Ἀλλ’
314 2591 343 2617 ὲν
362 2590 439 2618 νυκτὶ
456 2590 505 2624 μὲν
524 2590 555 2616 τὺ
573 2589 685 2625 ἡλιακὸν
701 2588 842 2615 συστέλλε-

47 2647 99 2665 ται
119 2637 189 2672 φῶς,
209 2638 238 2664 ὲν
262 2636 354 2672 ἡμέρᾳ
380 2636 408 2663 δὲ
429 2636 461 2662 τὸ
484 2636 606 2672 σελήνης.
622 2634 767 2671 Παραλλὰξ
790 2634 843 2670 γὰρ

48 2685 183 2720 ἀλλήλοις
196 2683 391 2719 παραχωροῦσι
407 2683 437 2709 τὸ
452 2683 567 2717 φαίνειν.
581 2682 618 2708 Τὸ
627 2682 656 2708 δέ
671 2689 701 2715 γε
715 2681 786 2708 θεῖον
798 2681 845 2706 καὶ

48 2729 163 2765 νοητὸν,
181 2728 195 2755 ὃ
218 2730 278 2760 ταῖς
301 2727 354 2754 τῶν
374 2728 575 2755 πιστευσάντων
599 2727 723 2762 καρδίαις
746 2725 843 2760 ἐνίησι,

49 2775 151 2812 φησὶν,
166 2775 181 2801 ὁ
201 2773 254 2801 τῶν
268 2774 335 2800 ὅλων
351 2773 445 2809 Σωτὴρ
461 2773 504 2800 διὰ
518 2772 564 2799 τοῦ
579 2772 655 2806 ἁγίου
677 2770 843 2806 Πνεύματος,

888 2231 954 2252 men
971 2229 1048 2250 suum
1065 2223 1097 2249 ".
1119 2232 1128 2248 ι
1141 2222 1213 2249 Satis
1233 2222 1305 2249 enim
1327 2222 1379 2249 erit
1400 2221 1503 2248 sanctis
1520 2220 1555 2247 ad
1575 2220 1675 2247 illumi-

892 2267 1031 2295 nationem
1064 2266 1121 2302 ipsa
1138 2266 1290 2293 ServatOris
1314 2265 1410 2300 gloria.
1435 2264 1488 2292 Sed
1507 2271 1560 2299 quo
1589 2260 1676 2298 posila‘

892 2313 975 2340 verba
992 2320 1052 2340 cum
1070 2312 1239 2346 superiorum
1260 2312 1394 2339 sententia
1426 2311 1610 2338 cubares-cere
1637 2309 1677 2335 vi;

894 2359 1022 2391 deantur,
1038 2358 1290 2392 interpretationem
1311 2358 1381 2384 hanc
1399 2357 1539 2384 laudamus
1555 2355 1677 2390 quidem,

896 2406 942 2433 sed
969 2404 1040 2432 aliud
1055 2404 1180 2438 quiddam
1195 2403 1237 2431 his
1252 2404 1374 2430 versibus
1387 2403 1535 2438 signiﬁcari
1550 2402 1675 2429 dicimus.

896 2449 952 2477 Lux
967 2449 1039 2476 enim
1056 2448 1152 2475 solaris
1163 2452 1190 2475 et
1203 2451 1333 2482 praeterea
1348 2447 1460 2477 lunaris,
1473 2446 1587 2480 perutile
1600 2446 1677 2480 quid-

895 2497 956 2524 dam
980 2500 1022 2523 est
1049 2499 1076 2522 et
1099 2494 1280 2522 necessarium
1299 2493 1435 2528 corporeis
1455 2493 1552 2525 oculis;
1569 2492 1615 2519 sed
1629 2499 1677 2518 no«

896 2547 940 2570 ctu
960 2542 1003 2568 lux
1029 2541 1093 2568 solis
1120 2540 1300 2572 contrahitur,
1316 2539 1430 2566 interdiu
1461 2539 1540 2564 lume.
1558 2537 1678 2564 Alternis

895 2588 966 2615 enim
990 2587 1094 2615 vicibus
1112 2587 1211 2613 lucent.
1231 2585 1312 2619 Atqui
1339 2585 1383 2611 lux
1413 2584 1504 2610 divina
1521 2589 1548 2610 et
1580 2582 1679 2610 intelli~

892 2634 982 2669 gentia
1005 2639 1142 2669 percepta,
1168 2640 1248 2667 quam
1273 2631 1439 2659 credentium
1467 2631 1593 2657 cordibus
1627 2630 1678 2656 im-

893 2679 975 2706 mittit
990 2680 1174 2706 universorum
1190 2677 1328 2709 Servator,
1348 2683 1395 2710 per
1411 2675 1539 2709 Spiritum
1557 2678 1678 2701 sanctum

894 2730 921 2752 et
939 2732 987 2760 per
1001 2731 1049 2751 eos
1072 2725 1117 2759 qui
1141 2723 1268 2759 mysteria
1292 2726 1391 2749 norunt
1409 2720 1524 2751 tradere,
1551 2719 1680 2746 iuexstin-

896 2775 938 2797 cta
952 2771 1014 2804 erit,
1028 2775 1051 2797 et
1068 2769 1141 2805 jngis
1155 2775 1183 2797 et
1209 2776 1315 2803 semper
1338 2767 1444 2800 lucida;
1461 2766 1528 2793 adeo
1552 2770 1581 2792 ut
1593 2764 1681 2799 cujus‘

94 2864 118 2880 “
136 2863 207 2891 Paul.
228 2870 298 2896 xuv,
316 2863 344 2891 5.
382 2863 405 2878 ιθ
425 2861 495 2890 Psal.
515 2869 557 2895 xc,
576 2862 618 2889 ll.
657 2862 679 2877 ³⁷
699 2859 770 2888 Psal.
786 2867 836 2886 xxx

910 2859 937 2886 8.
972 2859 998 2903 _”
1015 2858 1093 2887 JOan.
1109 2867 1135 2892 κ,
1151 2859 1181 2892 9;
1200 2865 1254 2888 xiv.
1270 2855 1296 2885 ϐ’.
1335 2857 1357 2874 ³³
1375 2857 1470 2885 Μιιιιι.
1490 2863 1562 2889 xxw,
1576 2854 1621 2882 ‘29.
