1893 3052
167 131 231 160 1551

657 128 685 154 S.
706 127 843 155 CYltlLLl
864 125 1094 154 ALEXANDRINI
1115 123 1274 152 ARCHIEP.

1728 121 1797 148 13ἳὶ

167 192 257 223 Patre,
276 191 379 218 ratione
396 188 579 216 humanitatis.
597 187 671 215 Ilane
685 179 800 215 dicimus
819 193 880 214 esse
902 194 914 213 ι]

1047 184 1120 220 παρὰ
1138 184 1186 210 τοῦ
1200 183 1268 210 Θεοῦ
1289 183 1335 210 καὶ
1353 182 1469 217 Πατρὺς,
1484 181 1555 209 κατὰ
1565 180 1596 208 τὸ
1609 179 1794 215 ἀνθρώπινον.

166 238 295 264 etionctn.
317 235 402 271 858
428 234 598 269 Causatnque
622 233 799 259 humanitatis
822 231 951 259 declarat.

167 282 233 308 Cum
249 280 320 307 enim
333 280 457 311 dixisset,
479 285 492 305 a
515 278 605 310 Patre,
624 277 746 312 adjunxit
770 276 922 303 necessario
945 284 952 302 :

170 337 178 352 ι
198 327 235 354 Eo
250 326 319 361 quod
331 325 409 352 unxit
425 332 478 357 tne,
493 323 680 358 cvangeiizare
695 323 856 357 pauperibus
881 321 954 348 misit

168 378 222 402 tne.
237 377 335 398 sanare
350 370 481 398 contritas
495 369 587 401 corde,
603 376 635 396 ac
649 369 797 404 praedicare
818 367 954 394 remissio-

166 424 227 444 netn
244 415 370 450 captivis,
385 419 413 443 et
429 415 507 442 calcis
520 415 607 442 visum
632 414 756 446 reddere,
775 421 805 440 ac
824 417 953 447 prmterea

167 471 268 490 vocare
283 462 353 489 diem
368 462 563 489 retributionis.
582 470 591 486 ι
607 460 690 488 Multa
704 459 838 494 siquidem
852 459 878 487 in
894 459 954 486 illos

167 508 331 536 exstiterunt
339 507 518 535 humanitatis
529 506 662 542 Unigeniti
671 505 784 534 illustria
794 505 952 540 speeimina.

168 554 203 582 Ut
214 553 286 582 enim
300 553 425 581 reficeret
442 553 546 585 orbem,
563 557 589 580 et
606 552 739 579 universa:
760 556 838 579 term
853 551 954 579 incolas

167 601 222 627 Deo
235 604 263 627 et
273 599 344 627 Patri
357 599 512 631 adduceret,
527 597 654 625 omnibus
669 597 695 624 in
711 596 805 624 melius
817 601 953 624 transmu-

168 647 241 679 tatis,
254 650 281 672 et
296 645 365 673 facie
378 650 457 672 terra;
471 644 547 679 quasi
557 648 699 676 renovata,
723 643 826 678 accepit
840 642 953 669 formam

166 691 237 718 servi
253 691 287 723 ‘°,
307 690 491 725 quamtumvis
511 694 584 717 esset
605 689 737 716 Dominus
754 689 953 720 universorum,

166 743 193 765 et
214 738 300 765 fausta
324 736 460 764 nuntiavit
478 736 654 771 pauperibus,
679 739 819 770 propterea
842 734 953 761 missurn

167 790 196 810 se
208 783 284 810 dicit.
296 782 434 817 Pauperes
451 785 556 809 esse'et
571 781 681 816 intelligi
701 783 823 815 possunt,
834 778 879 814 qui
894 786 953 806 om-

167 827 211 854 nis
223 827 286 854 boni
301 826 425 854 laborant
436 825 592 860 indigentia,
611 833 660 853 nec
677 825 823 860 quidquam
833 824 891 859 spei
905 825 954 852 ha-

167 873 242 904 bent,
260 877 286 900 et
299 872 357 900 sine
379 871 433 899 Deo
454 859 518 900 sunt
538 872 564 899 in
589 859 698 903 mundo,
724 871 803 898 sicuti
823 870 953 905 scriptum
969 859 991 887 Β

167 918 255 945 estw.
277 917 308 944 lli
323 922 412 944 autem
426 921 488 944 sunt
505 924 537 944 ex
551 917 684 952 gentibus,
698 916 743 951 qui
759 916 811 943 fide
829 916 854 943 in
868 916 954 950 ipsum

167 963 334 999 locupletati,
350 963 469 990 divinum
485 968 513 990 et
527 963 667 991 ctelestem
680 963 836 995 thesaurum
857 961 955 989 lucrati

169 1015 243 1043 sunt,
262 1009 444 1044 evangelicum
464 1009 589 1037 videlicet
610 1014 638 1036 et
655 1008 802 1036 salutarent
825 1007 956 1041 praedica-

170 1055 279 1087 tionem,
299 1063 346 1090 per
360 1063 440 1090 quam
457 1054 520 1083 facti
541 1059 603 1082 sunt
613 1054 733 1082 cmlestis
757 1054 831 1089 regni
847 1053 956 1089 partici-

169 1109 227 1136 pes,
241 1107 268 1128 et
283 1106 424 1129 consortes
439 1106 604 1133 sanctorum,
618 1105 699 1135 atque
715 1100 837 1128 hzeredes
862 1107 956 1128 eorum

170 1154 229 1181 quae
244 1155 296 1175 nec
313 1154 390 1174 mens
416 1154 465 1174 nec
480 1146 568 1173 oratio
581 1146 721 1181 complecti
739 1150 837 1180 potest.
859 1154 869 1171 ι
886 1145 957 1173 0cu~

171 1194 212 1221 lus
239 1193 322 1225 enim.
352 1193 460 1228 inquit,
489 1199 542 1219 nou
557 1191 633 1224 vidit,
661 1198 688 1219 et
705 1191 778 1219 auris
802 1199 857 1219 non
879 1191 956 1219 audi-

171 1239 218 1272 vit,
238 1245 287 1266 nec
300 1238 326 1265 in
341 1245 388 1266 cor
407 1237 524 1265 hominis
545 1237 678 1271 ascendit,
691 1245 751 1272 qua:
767 1237 873 1272 paravit
887 1238 958 1265 Deus

171 1284 347 1319 diligentibus
360 1291 389 1311 se
404 1284 437 1312 “.
461 1293 471 1309 ι
491 1282 540 1310 Vel
557 1283 681 1311 fortassis
705 1283 791 1311 oratio
815 1283 859 1311 hic
881 1283 956 1317 dicit,

173 1330 338 1365 pauperibus
350 1330 446 1365 spiritu
458 1329 586 1369 donatum
601 1336 660 1358 esse
674 1329 792 1363 locuples
807 1329 960 1357 charisma-

173 1381 229 1404 tum
258 1384 305 1410 per
327 1376 464 1404 Christum
493 1375 685 1403 ministerium.
712 1375 851 1404 Contritos
877 1375 960 1404 corde

174 1427 256 1450 vocat
281 1423 390 1450 inlirmo
403 1427 432 1449 et
449 1422 535 1449 fracto
550 1421 642 1449 animo
660 1422 794 1457 praeditos.
808 1427 836 1450 et
853 1429 960 1457 pertur-

174 1469 313 1496 bationum
346 1467 549 1496 incursionibus
578 1475 631 1496 non
661 1468 781 1496 valentes
808 1469 958 1501 obsistere,

174 1515 265 1550 itaque
278 1514 331 1542 illis
346 1515 494 1548 subjectos,
511 1519 540 1541 ut
550 1513 650 1549 captivi
667 1521 728 1542 esse
743 1513 894 1542 videantur.
913 1513 961 1541 His

176 1561 344 1589 sanationem
363 1568 395 1588 ac
410 1561 571 1588 medicinam
598 1560 740 1594 promittit,
761 1567 793 1586 ac
811 1560 890 1587 uncis
917 1560 962 1588 dat

174 1607 274 1634 visum.
291 1606 358 1633 Nam
373 1605 420 1640 qui
436 1610 589 1633 creaturam
608 1605 710 1637 colunt,
727 1610 752 1632 et
767 1605 838 1639 ligno
852 1606 960 1632 dicunt:

178 1661 187 1678 ι
209 1651 287 1679 Pater
303 1657 379 1678 meus
395 1657 424 1678 es
438 1655 481 1683 tu;
497 1655 524 1677 et
541 1650 621 1685 lapidi
639 1659 645 1677 :
664 1649 704 1676 Tu
718 1651 834 1685 genuisti
858 1658 900 1678 nte
909 1650 958 1683 δίῃ

177 1697 275 1725 deinde
305 1701 400 1724 natura
425 1701 452 1724 et
480 1703 542 1723 vere
576 1696 658 1723 Deum
686 1703 740 1723 non
761 1701 926 1731 agnoverunt
954 1706 960 1724 :

177 1743 271 1778 quidni
287 1742 350 1770 caeci
363 1742 430 1774 sint,
446 1746 473 1769 et
491 1746 584 1776 pectus
606 1741 724 1769 habeant
743 1742 804 1769 luce
824 1742 914 1769 divina
935 1747 963 1770 et

177 1788 339 1823 intelligibili
356 1788 477 1815 nudum?
502 1787 549 1814 llis
575 1787 696 1815 inunittit
712 1787 793 1815 Pater
818 1795 889 1816 verae
916 1788 962 1818 Dei

177 1835 339 1869 cognitimtis
350 1833 448 1861 lucem.
468 1833 562 1861 Vocati
578 1838 642 1860 sunt
657 1833 730 1860 enim
749 1841 797 1868 per
822 1833 912 1866 ﬁdem,
936 1839 964 1862 et

178 1880 252 1907 illum
268 1883 460 1914 cognoverunt,
474 1879 528 1906 itno
540 1878 574 1904 ab
586 1879 643 1912 ipso
655 1878 753 1913 cogniti
769 1884 845 1912 sunt;
864 1879 964 1914 filiique

179 1926 267 1952 noctis
281 1932 341 1952 cum
360 1929 452 1951 essent
478 1930 510 1950 ac
525 1923 709 1955 tenebrarum,
729 1923 775 1950 filii
794 1923 861 1951 lucis
881 1925 964 1952 exsti-

179 1975 278 1998 terunt.
292 1969 376 2005 859
388 1969 559 1996 Collustravit
573 1969 672 1996 ctenim
690 1969 750 1996 illos
765 1970 833 2001 dies,
847 1975 874 1997 et
888 1976 963 1998 ortus

179 2021 221 2044 est
235 2016 280 2043 Sol
292 2015 414 2050 iustitiae,
428 2019 456 2042 et
475 2015 588 2041 illustris
608 2016 730 2049 apparuit
752 2015 868 2044 Lucifer.
890 2017 962 2045 Nihil

181 2062 343 2090 incommodi
359 2061 422 2092 erit,
435 2061 457 2087 si
475 2067 506 2087 ex
520 2059 651 2095 sanguine
670 2060 818 2088 Israelitico
844 2062 965 2091 oriundis

180 2108 270 2135 omnia
284 2107 356 2134 dicta
370 2106 616 2133 accommodemus.
636 2104 702 2131 Nam
725 2112 804 2134 erant
821 2115 962 2143 pauperes,

140 2184 144 2188 ,
180 2160 207 2181 et
223 2152 332 2180 contriti
348 2152 441 2182 corde,
458 2157 490 2176 ac
505 2150 579 2177 velut
605 2151 714 2185 captivi,
736 2157 762 2179 et
783 2154 963 2182 olitenehrnti.

183 2209 193 2225 ι
213 2199 271 2226 Non
283 2198 356 2225 enim
378 2197 405 2224 in
426 2202 495 2224 terra
510 2201 569 2224 erat
585 2197 728 2232 quisquam
743 2200 787 2233 qui
804 2199 904 2227 faceret
917 2202 965 2228 bo-

181 2251 257 2275 mnn,
275 2250 328 2270 non
344 2246 404 2269 erat
417 2249 501 2276 usque
517 2241 550 2268 ad
570 2249 662 2271 umtm.
678 2242 779 2271 Omnes
801 2246 902 2279 pariter
917 2247 964 2274 de-
980 2248 1003 2276 D

181 2290 362 2320 clinaverunt,
375 2287 454 2314 simul
472 2287 579 2315 inutiles
593 2288 655 2315 facti
671 2294 734 2316 sunt
748 2290 781 2318 ⁸³.
804 2301 813 2317 ι
831 2291 910 2320 Vertit
921 2301 965 2320 au-

182 2339 235 2361 tem
250 2333 384 2365 Christus,
402 2337 428 2360 et
443 2332 570 2360 lsraelitis
581 2338 643 2361 ante
660 2335 726 2363 alios
749 2337 882 2365 nuntiavit
907 2337 962 2366 fau-

182 2386 224 2408 sta
235 2389 266 2407 ac
282 2379 408 2414 praeclara
422 2380 570 2413 praesentiae
583 2388 639 2408 suae
651 2381 771 2409 facinora
791 2391 797 2410 :
823 2389 964 2417 prieterea,

184 2432 212 2454 ut
227 2434 326 2453 annum
344 2433 452 2460 quoque
465 2425 569 2453 Domini
593 2426 772 2460 proclamaret
786 2435 925 2464 acceptum
940 2437 968 2458 et

186 2471 255 2498 diem
272 2470 467 2499 retributionis.
487 2470 621 2505 Acceptus
640 2479 728 2500 annus
751 2480 822 2507 erat,
840 2483 896 2510 quo
918 2485 966 2511 pro

184 2517 262 2546 nobis
284 2516 429 2544 cruciﬁxus
452 2521 494 2544 est
512 2516 643 2545 Christus.
672 2518 739 2546 Tum
764 2521 836 2548 enim
864 2524 966 2557 accepti

185 2562 249 2590 facti
264 2569 355 2589 sumus
369 2562 423 2590 Deo
436 2566 463 2589 et
477 2561 560 2595 Patri,
580 2567 608 2589 et
620 2570 668 2597 per
684 2564 770 2599 ipsum
796 2564 898 2594 fructus
912 2567 967 2594 edi-

184 2608 286 2635 dimus.
312 2607 394 2643 quue
414 2614 464 2634 nos
488 2606 579 2634 docuit
600 2608 668 2643 ipse,
693 2609 788 2639 dicens
809 2620 815 2638 :
839 2621 849 2637 ι
872 2615 969 2647 Arnen,

186 2661 265 2680 ﬂllleli
279 2653 339 2680 dico
354 2653 431 2680 vobis
447 2662 454 2679 :
472 2652 530 2680 Nisi
548 2661 662 2689 granum
684 2655 811 2683 frumenti
828 2658 927 2686 cadens
944 2659 970 2686 in

186 2704 288 2726 terram
305 2703 440 2725 mortuum
456 2699 549 2733 fuerit,
563 2700 649 2735 ipsum
665 2707 756 2729 manet
772 2703 876 2737 solum;
899 2706 971 2739 quod

184 2745 206 2772 si
223 2750 357 2772 mortuum
375 2744 466 2777 fuc'rit,
485 2745 604 2774 fructum
623 2747 773 2776 uberiorem
790 2749 890 2782 profert
906 2750 939 2780 “.
959 2761 969 2777 ι

1004 231 1111 266 Ταύτην
1131 229 1201 257 εἶναι
1218 237 1308 265 φαμεν
1321 229 1371 264 τὴν
1381 228 1479 264 χρῆσιν
1490 227 1526 263 [ι.
1540 228 1629 262 χρίσιν
1677 225 1799 260 Ἐναργῆ

1003 277 1031 303 δὲ
1048 276 1194 310 καθίστησι
1212 276 1262 310 τῆς
1276 274 1511 310 ἐνανθρωπήσεως
1525 273 1575 309 τὴν
1587 273 1690 299 αἰτίαν.
1705 271 1799 297 Εἰπὼν

1004 322 1058 357 γὰρ
1067 322 1109 349 ὅτι
1124 321 1200 357 παρὰ
1213 321 1254 348 τοῦ
1267 321 1382 356 Ιιατρὸς,
1391 320 1616 356 προσεπήνεγκεν
1625 317 1798 351 ἀναγκαίως,

1008 364 1068 394 «UB
1097 367 1201 394 εἵνεκεν
1229 366 1321 402 ἐχρισὲ
1351 374 1396 402 με,
1426 364 1656 400 εὐαγγελίσασθαι
1679 364 1800 398 πτωχοῖς

1004 413 1161 441 ἀπέσταλκέ
1178 421 1223 448 με,
1243 412 1370 439 ἰάσασθαι
1384 412 1448 444 τοὺς
1477 410 1734 446 συντετριμμένους
1750 409 1800 444 τὴν

1005 458 1128 494 καρδίαν,
1143 458 1239 493 ἄφεσίν
1261 467 1291 484 τε
1319 457 1436 492 κηρύξαι
1459 458 1517 488 τοῖς
1546 457 1576 482 ὲν
1599 454 1798 491 αἰχμαλωσίᾳ,

1005 503 1169 539 χαρίσασθαι
1185 503 1214 530 δὲ
1243 504 1289 530 καὶ
1317 503 1426 537 τυφλοῖς
1445 501 1603 536 ἀνάϐλεψιν,
1628 500 1748 528 καλέσαι
1769 509 1800 526 τε

1005 551 1074 586 πρὸς
1091 550 1196 582 τούτοις
1220 550 1268 577 καὶ
1293 550 1400 584 ἡμέραν
1429 548 1654 580 ἀνταποδόσεως·
1676 557 1685 574 ι
1713 546 1801 573 πολλὰ

1006 595 1076 622 κατὰ
1091 596 1187 622 ταύτὸν
1203 596 1252 631 τῆς
1267 595 1498 631 ὲνανθρωπήσεως
1512 593 1560 621 τοῦ
1575 593 1750 628 Μονογενοῦς
1764 594 1800 620 τὰ

1006 640 1142 676 περιφανῆ
1156 640 1365 676 κατορθώματα.
1386 641 1444 666 Ἵνα
1455 639 1510 675 γὰρ
1522 640 1735 675 κατακτήσηται
1751 640 1800 674 τὴν

1005 687 1051 713 ὑπ’
1063 685 1188 722 οὐρανὸν,
1205 687 1252 712 καὶ
1265 686 1329 717 τοὺς
1343 686 1396 712 ἀνὰ
1421 687 1511 712 πᾶσαν
1526 685 1606 717 ὄντας
1625 686 1679 720 τὴν
1707 686 1801 712 οἰκου-

1008 731 1092 768 μένην
1106 732 1280 768 προσκομίσῃ
1296 731 1334 767 τῷ
1351 731 1410 767 Θεῷ
1427 731 1474 758 καὶ
1494 731 1580 766 Πατρὶ
1607 739 1801 766 μεταστοιχει-

1005 776 1079 809 ώσας
1093 778 1128 804 τὰ
1144 778 1233 805 πάντα
1259 778 1327 814 πρὸς
1343 777 1373 804 τὸ
1396 779 1547 813 ἀμεινόνως
1573 777 1657 813 ἔχειν,
1679 779 1729 805 καὶ
1743 774 1802 804 οἷον

1006 824 1184 856 ἀνακαινίσας
1200 825 1230 851 τὸ
1246 824 1392 860 πρόσωπον
1406 825 1456 860 τῆς
1472 825 1534 860 γῆς,
1560 825 1641 852 ἔλαϐε
1658 825 1687 851 δὲ
1704 824 1801 851 δούλου

1007 870 1124 905 μορφὴν,
1141 869 1228 897 καίτοι
1245 869 1348 904 Κύριος
1365 869 1495 905 ὑπάρχων
1525 870 1578 896 τῶν
1601 870 1682 896 ὅλων.
1705 869 1801 903 Εὐηγ-

1005 916 1133 950 γελίσατο
1146 917 1212 950 γοῦν
1229 917 1356 951 πτωχοῖς,
1373 916 1541 943 ἀπεστάλθαι
1563 916 1608 943 διὰ
1622 916 1704 943 τοῦτό
1721 924 1800 951 φησι.

1007 963 1114 998 Πτωχοὶ
1126 964 1148 990 δ’
1163 963 1195 990 ἂν
1211 961 1274 995 εἶεν,
1293 963 1377 998 ἣγουν
1390 963 1521 998 νοηθεῖεν,
1534 964 1559 989 oi.
1573 963 1677 995 παντὸς
1694 962 1803 997 ἀγαθοῦ

1006 1009 1183 1045 νενοσηκότες
1197 1009 1264 1036 ποτὲ
1279 1010 1327 1044 τὴν
1342 1009 1456 1040 ἔνδειαν,
1469 1009 1562 1036 ἐλπίδα
1573 1018 1603 1035 τε
1619 1009 1658 1044 μὴ
1674 1009 1803 1044 ἔχοντες.

1007 1056 1054 1083 καὶ
1071 1056 1144 1083 ἄθεοι
1156 1057 1184 1082 ὲν
1199 1055 1239 1090 τῷ
1249 1055 1355 1090 κόσμῳ,
1370 1055 1441 1082 κατὰ
1453 1055 1484 1082 τὸ
1502 1056 1708 1090 γεγραμμένον.
1719 1053 1804 1083 οὗτοι

1007 1102 1029 1129 δ’
1038 1102 1071 1128 ἂν
1081 1100 1135 1128 εἷεν
1148 1102 1172 1127 oi
1182 1100 1211 1133 ἐξ
1221 1100 1316 1133 ἐθνῶν,
1330 1101 1355 1127 οὶ
1367 1100 1415 1135 τὴν
1426 1101 1465 1133 είς
1478 1100 1560 1128 αὑτὸν
1574 1101 1668 1128 πίστιν
1681 1101 1805 1135 πλουτή-

1010 1156 1116 1180 σαντες,
1130 1147 1176 1173 τὸν
1192 1147 1263 1174 θετόν
1278 1155 1307 1173 τε
1330 1147 1377 1174 καὶ
1393 1146 1516 1182 οὐράνιον
1539 1147 1742 1182 κεκερδηκότες
1754 1147 1805 1182 θη-

1010 1193 1126 1228 σαυρὸν,
1162 1193 1192 1219 τὸ
1218 1192 1397 1227 εὐαγγελικὸν
1427 1192 1548 1227 δηλονότι
1591 1193 1640 1218 καὶ
1666 1193 1805 1227 σωτήριον

1009 1239 1150 1274 κήρυγμα,
1165 1238 1198 1264 δι’
1211 1234 1241 1264 οὗ
1256 1237 1383 1272 γεγόνασι
1396 1239 1442 1264 καὶ
1456 1238 1506 1273 τῆς
1515 1237 1569 1265 τῶν
1582 1238 1709 1274 οὐρανῶν
1725 1238 1807 1273 βασι-

1010 1284 1084 1316 λείας
1109 1285 1228 1320 μέτοχοι,
1245 1285 1292 1310 καὶ
1313 1285 1498 1320 συμμερισταὶ
1515 1284 1570 1310 τῶν
1587 1284 1686 1318 ἁγίων,
1703 1284 1806 1320 κληρο-

1010 1331 1088 1366 νόμοι
1101 1331 1154 1357 τῶν
1180 1331 1250 1366 ὑπὲρ
1270 1330 1332 1357 νοῦν
1361 1331 1406 1357 καὶ
1431 1330 1520 1364 λόγον.
1539 1340 1548 1356 1
1572 1329 1727 1365 Ὸφθαλμδς
1750 1330 1806 1365 γὰρ

1010 1379 1060 1405 οὐκ
1076 1376 1140 1409 εἶδε,
1156 1377 1232 1412 φησὶ,
1251 1377 1298 1403 καὶ
1313 1375 1359 1408 οὖς
1371 1377 1420 1403 οὐκ
1436 1377 1546 1412 ἤκουσε,
1560 1377 1606 1403 καὶ
1622 1377 1670 1402 ἐπὶ
1688 1376 1807 1412 καρδίαν

1012 1422 1157 1458 ἀνθρώπου
1168 1422 1217 1448 οὐκ
1236 1421 1331 1457 ἀνέϐη,
1351 1421 1370 1448 ἃ
1386 1422 1535 1456 ἡτοίμασεν
1545 1422 1559 1447 6
1571 1421 1638 1453 Θεὸς
1652 1423 1713 1452 τοῖς
1732 1423 1804 1456 ἀγα-

1012 1469 1103 1496 πῶσιν
1116 1469 1207 1495 αὐτόν.
1230 1479 1239 1493 1
1261 1469 1295 1494 Ἥ
1310 1467 1380 1502 τάχα
1398 1476 1448 1494 που
1471 1468 1518 1495 καὶ
1547 1469 1603 1499 τοῖς
1629 1469 1750 1503 πτωχοῖς
1766 1468 1806 1502 τῷ

1012 1514 1147 1550 πνεύματι
1160 1514 1328 1550 δεδωρῆσθαί
1350 1522 1433 1549 φησιν
1449 1515 1462 1540 6
1479 1514 1557 1548 λόγος
1582 1515 1612 1540 ὲν
1627 1514 1736 1545 τούτοις
1751 1514 1807 1540 τῶν

1011 1559 1056 1588 διὰ
1080 1560 1198 1596 Χριστοῦ
1229 1559 1404 1595 χαρισμάτων
1430 1559 1479 1594 τὴν
1510 1559 1627 1593 ἄφθονον
1659 1560 1805 1595 χορηγίαν.

1012 1607 1262 1642 Συντετριμμένους
1275 1606 1304 1633 δέ
1318 1615 1384 1642 φησι
1413 1606 1461 1642 τὴν
1478 1607 1603 1642 καρδίαν,
1621 1607 1688 1638 τοὺς
1703 1606 1806 1640 ἀσθενῆ

1013 1653 1060 1679 καὶ
1073 1652 1268 1687 εὐδιάθρυπτον
1281 1651 1391 1686 ἔχοντας
1403 1651 1475 1683 νοῦν,
1491 1652 1537 1678 καὶ
1551 1653 1613 1683 ταῖς
1633 1652 1690 1678 τῶν
1711 1652 1808 1679 παθῶν

1013 1699 1175 1733 προσϐολαῖς
1188 1698 1381 1734 ἀντιφέρεσθαι
1397 1698 1434 1734 μὴ
1450 1698 1631 1734 δυναμένους,
1650 1699 1806 1734 ὑπενηνεγ-

1015 1747 1111 1781 μένους
1120 1745 1149 1772 δὲ
1161 1745 1245 1776 οὕτως
1256 1745 1360 1778 αὐταῖς,
1369 1745 1406 1776 ὡς
1421 1744 1611 1780 αἰχμαλώτους
1625 1743 1696 1772 εἶναι
1705 1746 1806 1772 δοκεῖν.

1013 1791 1123 1823 Τούτοις
1139 1791 1210 1817 ῐασίν
1226 1799 1256 1817 τε
1272 1791 1320 1817 καὶ
1340 1791 1436 1826 ἄφεσιν
1459 1790 1670 1825 ἐπαγγέλλεται,
1695 1791 1807 1825 τυφλοῖς

1013 1837 1041 1864 δὲ
1053 1835 1128 1864 οὖσιν
1140 1836 1232 1868 αὐτοῖς
1241 1836 1330 1863 δίδωσι
1341 1837 1387 1863 καὶ
1401 1836 1557 1871 ἀνάϐλεψιν.
1570 1837 1602 1863 OE
1613 1837 1668 1872 γὰρ
1676 1839 1710 1872 τῇ
1720 1838 1807 1863 micat

1014 1883 1206 1919 λατρεύοντες,
1221 1883 1268 1910 καὶ
1282 1883 1321 1919 τῷ
1334 1883 1405 1918 ξύλῳ
1419 1883 1554 1917 λέγοντες·
1571 1892 1581 1908 t
1599 1884 1696 1919 Πατήρ
1715 1893 1766 1919 μου
1783 1882 1809 1910 εἴ

1017 1932 1060 1963 σὺ,
1070 1932 1117 1958 καὶ
1131 1930 1170 1966 τῷ
1186 1930 1264 1966 λίθῳ,
1275 1931 1312 1957 Σὺ
1331 1930 1479 1966 ἐγέννησάς
1493 1939 1536 1965 με,
1553 1939 1562 1956 ι
1579 1928 1639 1957 εἶτα
1652 1931 1699 1957 τὸν
1715 1931 1807 1965 φύσει,

1015 1977 1062 2002 καὶ
1076 1975 1183 2011 ἀληθῶς
1197 1975 1261 2003 ὄντα
1276 1975 1341 2002 Θεὸν
1357 1975 1405 2002 οὺχ
1417 1975 1615 2008 ἐπεγνωκότες,
1631 1974 1692 2007 πῶς
1708 1975 1760 2001 οὐκ
1775 1976 1808 2001 ἂν

1015 2021 1069 2049 εἷεν
1083 2022 1188 2057 τυφλοὶ,
1208 2023 1254 2048 καὶ
1272 2021 1360 2056 φωτὸς
1376 2021 1422 2048 τοῦ
1436 2020 1510 2047 θείου
1525 2021 1573 2046 καὶ
1589 2020 1688 2054 νοητοῦ
1699 2021 1808 2055 γυμνὴν

1015 2068 1123 2103 ἔχοντες
1147 2068 1196 2103 τὴν
1221 2067 1350 2102 καρδίαν;
1365 2066 1469 2095 τούτοις
1488 2066 1592 2102 ὲνίησιν
1615 2067 1629 2092 6
1650 2065 1748 2100 Πατὴρ
1760 2066 1807 2100 τῆς

1015 2114 1132 2149 ἀληθοῦς
1150 2114 1313 2148 θεογνωσίας
1331 2113 1360 2140 τὺ
1374 2113 1442 2148 φῶς.
1462 2112 1617 2147 Κέκληνται
1631 2112 1688 2147 γὰρ
1701 2112 1747 2139 διὰ
1761 2113 1806 2138 πί-

1017 2169 1111 2194 στεως,
1125 2161 1171 2187 καὶ
1188 2160 1311 2194 ἔγνωσαν
1338 2159 1429 2192 αὐτὸν,
1450 2159 1550 2194 μᾶλλον
1574 2159 1603 2185 δὲ
1628 2159 1807 2194 ἐγνώσθησαν

1016 2207 1062 2233 ὑπ’
1078 2206 1232 2239 αὑτοῦηκαὶ
1243 2207 1296 2232 υἱοὶ
1307 2206 1402 2237 νυκτὸς
1415 2205 1501 2238 ὄντες,
1514 2206 1562 2232 καὶ
1578 2206 1704 2238 σκότους,
1720 2206 1808 2240 φωτὸς

1017 2254 1144 2288 γεγόνασι
1168 2253 1259 2279 τέκνα*
1278 2253 1407 2288 διηύγασε
1423 2253 1477 2287 γὰρ
1492 2253 1589 2284 αὐτοὺς
1606 2253 1624 2286 ἡ
1642 2253 1747 2289 ἡμέρα,
1763 2253 1808 2278 καὶ

1017 2300 1031 2326 ὁ
1053 2300 1103 2334 τῆς
1123 2298 1296 2334 δικαιοσύνης
1322 2298 1436 2333 ἀνέσχεν
1465 2298 1577 2330 ⁰Η).ιος,
1608 2298 1656 2324 καὶ
1684 2298 1808 2333 λαμπρὸς

1017 2344 1153 2372 ἀνέτειλεν
1173 2344 1336 2378 Ἑωσφόρος.
1348 2345 1437 2370 Aut-ui
1453 2344 1482 2370 δὲ
1497 2343 1574 2370 οὐδὲν
1584 2344 1633 2371 καὶ
1646 2346 1705 2375 τοῖς
1721 2344 1751 2375 ἐξ
1768 2344 1807 2369 αῖ-

1021 2398 1103 2426 ματος
1125 2389 1232 2425 Ἰσραὴλ
1245 2388 1399 2424 ἐφαρμόσαι
1414 2388 1502 2415 πάντα
1526 2387 1560 2414 τὰ
1585 2389 1732 2423 εἰρημένα.
1758 2389 1808 2414 Καὶ

1019 2435 1072 2470 γὰρ
1082 2431 1154 2469 ἦσαν
1168 2434 1282 2469 πτωχοὶ,
1297 2434 1345 2460 καὶ
1367 2433 1594 2469 συντετριμμένοι
1608 2433 1660 2469 τὴν
1679 2433 1806 2469 καρδίαν,

1020 2481 1067 2507 καὶ
1081 2478 1135 2507 οἷον
1154 2480 1330 2516 αἰχμάλωτοι,
1344 2480 1390 2507 καὶ
1405 2479 1601 2515 ἐσκοτωμένοι.
1619 2488 1628 2504 Ι
1644 2479 1682 2505 οὐ
1700 2479 1757 2514 γὰρ
1777 2476 1809 2513 ἦν

1021 2527 1067 2553 ἐπὶ
1076 2527 1127 2562 γῆς
1138 2528 1152 2553 6
1166 2526 1250 2553 ποιῶν
1262 2526 1446 2562 χρηστότητα,
1461 2527 1511 2553 οὐκ
1532 2524 1567 2562 ἦν
1586 2526 1640 2558 ἓως
1660 2527 1733 2558 ἐνὸς,
1745 2526 1808 2553 ἀλλὰ

1022 2574 1121 2604 πάντες
1135 2573 1284 2605 ἐξέκλιναν,
1298 2574 1357 2608 ἃμα
1383 2572 1583 2608 ὴχρειώθησαν.
1603 2582 1612 2598 ι
1636 2572 1807 2607 Ἀιρῆκταιὸὲ

1019 2619 1032 2644 ὁ
1048 2617 1165 2652 Χριστὸς
1191 2617 1236 2644 καὶ
1259 2617 1312 2652 πρό
1333 2625 1364 2651 γε
1388 2617 1441 2643 τῶν
1467 2617 1555 2644 ἄλλων
1568 2616 1808 2651 εὐαγγελιζόμενκ

1020 2663 1075 2693 τοῖς
1087 2661 1116 2694 ἐξ
1139 2661 1246 2696 Ἰσραὴλ
1266 2661 1315 2697 τῆς
1338 2662 1436 2688 ἑαυτοῦ
1454 2662 1604 2698 παρουσίας
1620 2662 1654 2688 τὰ
1671 2661 1806 2696 κατορθώ-

1022 2716 1103 2743 ματα.
1120 2709 1174 2735 Kai
1189 2709 1256 2743 πρός
1272 2717 1303 2742 γε
1314 2708 1347 2743 δὴ
1363 2708 1476 2740 τούτοις,
1497 2709 1541 2734 ἵνα
1555 2709 1603 2735 καὶ
1618 2708 1744 2734 ἐνιαυτὸν
1759 2709 1808 2734 Κυ-

1022 2753 1078 2788 ρίου
1095 2754 1195 2789 καλέσῃ
1211 2755 1315 2786 δεκτδν,
1329 2755 1377 2781 καὶ
1398 2754 1505 2789 ἡμέραν
1527 2753 1746 2785 ἁνταποδόσεως.
1759 2753 1808 2779 Καὶ

222 2833 245 2850 ⁴⁰
257 2833 370 2869 Philipp.
388 2843 416 2868 ιι,
434 2833 461 2862 7.
491 2834 524 2852 ⁸⁸·
539 2836 728 2871 Epltes.n,l“2.
745 2838 764 2854 δ’
781 2839 866 2868 lCor.
884 2842 949 2876 “,9.
982 2843 1002 2858 θ²
1018 2843 1072 2872 Jcr.
1089 2853 1117 2877 lt,
1135 2845 1180 2872 9.7.
1222 2846 1242 2862 "’
1263 2846 1334 2875 l‘:ai.
1354 2854 1413 2877 χιιι,
1429 2847 1455 2874 5.
1495 2846 1517 2863 ’δ’
1538 2845 1616 2873 Joan.
1635 2853 1685 2878 HI,
1701 2845 1750 2878 ‘24,
1765 2844 1806 2871 ‘25.
