  <div class='ocr_page' id='page_1' title='image "/cluster/home/n/w/nwhite01/storage/ocr_20150623/70/njp.32101077772737/798.png"; bbox 0 0 1893 3052; ppageno 0'>
   <div class='ocr_carea' id='block_1_1' title="bbox 70 136 143 164">
    <p class='ocr_par' dir='ltr' id='par_1_1' title="bbox 70 136 143 164">
     <span class='ocr_line' id='line_1_1' title="bbox 70 136 143 164; baseline -0.014 0"><span class='ocrx_word' id='word_1_1' title='bbox 70 136 143 164; x_wconf 76' lang='lat' dir='ltr'><strong>i505</strong></span> 
     </span>
    </p>
   </div>
   <div class='ocr_carea' id='block_1_2' title="bbox 639 137 1138 167">
    <p class='ocr_par' dir='ltr' id='par_1_2' title="bbox 639 137 1138 167">
     <span class='ocr_line' id='line_1_2' title="bbox 639 137 1138 167; baseline -0.004 -1"><span class='ocrx_word' id='word_1_2' title='bbox 639 138 671 166; x_wconf 86' lang='lat' dir='ltr'><strong>IN</strong></span> <span class='ocrx_word' id='word_1_3' title='bbox 691 137 806 166; x_wconf 69' lang='lat' dir='ltr'><strong>tsamu</strong></span> <span class='ocrx_word' id='word_1_4' title='bbox 827 138 891 166; x_wconf 87' lang='lat' dir='ltr'><strong>LIB.</strong></span> <span class='ocrx_word' id='word_1_5' title='bbox 912 138 944 165; x_wconf 75' lang='grc' dir='ltr'>ν.</span> <span class='ocrx_word' id='word_1_6' title='bbox 967 137 1086 167; x_wconf 79' lang='lat' dir='ltr'><strong>TOMUS</strong></span> <span class='ocrx_word' id='word_1_7' title='bbox 1107 137 1138 165; x_wconf 74' lang='grc' dir='ltr'>ν.</span> 
     </span>
    </p>
   </div>
   <div class='ocr_carea' id='block_1_3' title="bbox 1631 137 1699 164">
    <p class='ocr_par' dir='ltr' id='par_1_3' title="bbox 1631 137 1699 164">
     <span class='ocr_line' id='line_1_3' title="bbox 1631 137 1699 164; baseline -0.015 0"><span class='ocrx_word' id='word_1_8' title='bbox 1631 137 1699 164; x_wconf 68' lang='grc'>1566</span> 
     </span>
    </p>
   </div>
   <div class='ocr_carea' id='block_1_4' title="bbox 68 194 868 235">
    <p class='ocr_par' dir='ltr' id='par_1_4' title="bbox 68 194 859 234">
     <span class='ocr_line' id='line_1_4' title="bbox 68 194 859 234; baseline 0.006 -13"><span class='ocrx_word' id='word_1_9' title='bbox 68 194 120 231; x_wconf 85' lang='grc' dir='ltr'>λῆς</span> <span class='ocrx_word' id='word_1_10' title='bbox 135 195 205 230; x_wconf 81' lang='grc' dir='ltr'>ἄγαν</span> <span class='ocrx_word' id='word_1_11' title='bbox 220 196 412 232; x_wconf 78' lang='grc' dir='ltr'>ἀγαθουργίας,</span> <span class='ocrx_word' id='word_1_12' title='bbox 429 197 476 224; x_wconf 68' lang='grc' dir='ltr'>καὶ</span> <span class='ocrx_word' id='word_1_13' title='bbox 487 200 536 233; x_wconf 87' lang='grc' dir='ltr'>τῆς</span> <span class='ocrx_word' id='word_1_14' title='bbox 549 199 609 225; x_wconf 84' lang='grc' dir='ltr'>κατ’</span> <span class='ocrx_word' id='word_1_15' title='bbox 623 199 762 226; x_wconf 75' lang='grc' dir='ltr'>εὐσέϐειαν</span> <span class='ocrx_word' id='word_1_16' title='bbox 777 198 859 234; x_wconf 79' lang='grc' dir='ltr'>ζωῆς,</span> 
     </span>
    </p>
   </div>
   <div class='ocr_carea' id='block_1_5' title="bbox 930 194 1700 235">
    <p class='ocr_par' dir='ltr' id='par_1_5' title="bbox 930 197 1700 228">
     <span class='ocr_line' id='line_1_5' title="bbox 930 197 1700 228; baseline -0.006 0"><span class='ocrx_word' id='word_1_17' title='bbox 930 200 1005 228; x_wconf 85' lang='lat' dir='ltr'><strong>enics</strong></span> <span class='ocrx_word' id='word_1_18' title='bbox 1020 204 1175 228; x_wconf 82' lang='lat' dir='ltr'><strong>sanctorum</strong></span> <span class='ocrx_word' id='word_1_19' title='bbox 1192 199 1254 228; x_wconf 71' lang='lat' dir='ltr'><strong>iacti</strong></span> <span class='ocrx_word' id='word_1_20' title='bbox 1281 204 1343 226; x_wconf 85' lang='lat' dir='ltr'><strong>sunt</strong></span> <span class='ocrx_word' id='word_1_21' title='bbox 1366 197 1535 226; x_wconf 84' lang='lat' dir='ltr'><strong>institutione</strong></span> <span class='ocrx_word' id='word_1_22' title='bbox 1564 203 1591 225; x_wconf 91' lang='lat' dir='ltr'><strong>ct</strong></span> <span class='ocrx_word' id='word_1_23' title='bbox 1618 197 1700 224; x_wconf 84' lang='lat' dir='ltr'><strong>disci-</strong></span> 
     </span>
    </p>
   </div>
   <div class='ocr_carea' id='block_1_6' title="bbox 68 242 861 279">
    <p class='ocr_par' dir='ltr' id='par_1_6' title="bbox 68 242 861 279">
     <span class='ocr_line' id='line_1_6' title="bbox 68 242 861 279; baseline 0.006 -12"><span class='ocrx_word' id='word_1_24' title='bbox 68 242 277 277; x_wconf 83' lang='grc' dir='ltr'>γνωριμώτατοι</span> <span class='ocrx_word' id='word_1_25' title='bbox 293 244 375 270; x_wconf 79' lang='grc' dir='ltr'>πᾶσίν</span> <span class='ocrx_word' id='word_1_26' title='bbox 391 244 469 274; x_wconf 78' lang='grc' dir='ltr'>εἰσιν,</span> <span class='ocrx_word' id='word_1_27' title='bbox 481 243 521 270; x_wconf 82' lang='grc' dir='ltr'><strong>ὅτι</strong></span> <span class='ocrx_word' id='word_1_28' title='bbox 539 244 586 271; x_wconf 78' lang='grc' dir='ltr'>καὶ</span> <span class='ocrx_word' id='word_1_29' title='bbox 603 245 688 278; x_wconf 83' lang='grc' dir='ltr'>ἁγίων</span> <span class='ocrx_word' id='word_1_30' title='bbox 705 244 802 279; x_wconf 74' lang='grc' dir='ltr'>ἔκγονα</span> <span class='ocrx_word' id='word_1_31' title='bbox 815 254 861 279; x_wconf 84' lang='grc' dir='ltr'>γε-</span> 
     </span>
    </p>
   </div>
   <div class='ocr_carea' id='block_1_7' title="bbox 70 287 863 325">
    <p class='ocr_par' dir='ltr' id='par_1_7' title="bbox 70 287 863 325">
     <span class='ocr_line' id='line_1_7' title="bbox 70 287 863 325; baseline 0.005 -12"><span class='ocrx_word' id='word_1_32' title='bbox 70 287 167 321; x_wconf 85' lang='grc' dir='ltr'>γόνασι</span> <span class='ocrx_word' id='word_1_33' title='bbox 185 288 255 314; x_wconf 79' lang='grc' dir='ltr'>κατὰ</span> <span class='ocrx_word' id='word_1_34' title='bbox 274 288 433 324; x_wconf 77' lang='grc' dir='ltr'>μαθητείαν,</span> <span class='ocrx_word' id='word_1_35' title='bbox 449 289 486 320; x_wconf 84' lang='grc' dir='ltr'>ὡς</span> <span class='ocrx_word' id='word_1_36' title='bbox 501 289 579 324; x_wconf 67' lang='grc' dir='ltr'>ἔφην,</span> <span class='ocrx_word' id='word_1_37' title='bbox 597 300 606 315; x_wconf 93' lang='grc'><strong>‹</strong></span> <span class='ocrx_word' id='word_1_38' title='bbox 621 291 676 317; x_wconf 75' lang='grc' dir='ltr'>Καὶ</span> <span class='ocrx_word' id='word_1_39' title='bbox 691 291 731 317; x_wconf 80' lang='grc' dir='ltr'>ὅτι</span> <span class='ocrx_word' id='word_1_40' title='bbox 752 291 863 325; x_wconf 75' lang='grc' dir='ltr'>σπέρμα</span> 
     </span>
    </p>
   </div>
   <div class='ocr_carea' id='block_1_8' title="bbox 70 333 862 370">
    <p class='ocr_par' dir='ltr' id='par_1_8' title="bbox 70 333 862 370">
     <span class='ocr_line' id='line_1_8' title="bbox 70 333 862 370; baseline 0.003 -10"><span class='ocrx_word' id='word_1_41' title='bbox 70 334 140 360; x_wconf 75' lang='grc' dir='ltr'>εἰσὶν</span> <span class='ocrx_word' id='word_1_42' title='bbox 161 334 339 369; x_wconf 66' lang='grc' dir='ltr'>εὐλογημένοι)</span> <span class='ocrx_word' id='word_1_43' title='bbox 365 335 416 361; x_wconf 73' lang='grc' dir='ltr'><strong>ὑπὸ</strong></span> <span class='ocrx_word' id='word_1_44' title='bbox 440 335 517 365; x_wconf 80' lang='grc' dir='ltr'>Θεοῦ,</span> <span class='ocrx_word' id='word_1_45' title='bbox 533 345 542 360; x_wconf 79' lang='grc' dir='ltr'><strong>ι</strong></span> <span class='ocrx_word' id='word_1_46' title='bbox 562 333 618 362; x_wconf 74' lang='grc' dir='ltr'>οἷον</span> <span class='ocrx_word' id='word_1_47' title='bbox 643 337 676 363; x_wconf 77' lang='grc' dir='ltr'><strong>τὰ</strong></span> <span class='ocrx_word' id='word_1_48' title='bbox 703 337 757 363; x_wconf 78' lang='grc' dir='ltr'><strong>τῶν</strong></span> <span class='ocrx_word' id='word_1_49' title='bbox 777 337 862 370; x_wconf 83' lang='grc' dir='ltr'>ἁγίων</span> 
     </span>
    </p>
   </div>
   <div class='ocr_carea' id='block_1_9' title="bbox 70 378 862 418">
    <p class='ocr_par' dir='ltr' id='par_1_9' title="bbox 70 378 862 418">
     <span class='ocr_line' id='line_1_9' title="bbox 70 378 862 418; baseline 0.005 -12"><span class='ocrx_word' id='word_1_50' title='bbox 70 381 212 414; x_wconf 80' lang='grc' dir='ltr'>μοναστῶν</span> <span class='ocrx_word' id='word_1_51' title='bbox 229 382 398 416; x_wconf 73' lang='grc' dir='ltr'>συστήματα,</span> <span class='ocrx_word' id='word_1_52' title='bbox 416 382 478 417; x_wconf 78' lang='grc' dir='ltr'>περὶ</span> <span class='ocrx_word' id='word_1_53' title='bbox 493 378 530 408; x_wconf 82' lang='grc' dir='ltr'>ὧν</span> <span class='ocrx_word' id='word_1_54' title='bbox 542 392 624 418; x_wconf 78' lang='grc' dir='ltr'>φησιν</span> <span class='ocrx_word' id='word_1_55' title='bbox 641 384 654 409; x_wconf 86' lang='grc' dir='ltr'><strong>ὁ</strong></span> <span class='ocrx_word' id='word_1_56' title='bbox 670 383 791 415; x_wconf 83' lang='grc' dir='ltr'>Παῦλος·</span> <span class='ocrx_word' id='word_1_57' title='bbox 807 394 816 409; x_wconf 86' lang='grc' dir='ltr'><strong>ι</strong></span> <span class='ocrx_word' id='word_1_58' title='bbox 831 385 862 411; x_wconf 73' lang='lat' dir='ltr'><strong>Oi</strong></span> 
     </span>
    </p>
   </div>
   <div class='ocr_carea' id='block_1_10' title="bbox 66 425 863 462">
    <p class='ocr_par' dir='ltr' id='par_1_10' title="bbox 66 425 863 462">
     <span class='ocr_line' id='line_1_10' title="bbox 66 425 863 462; baseline 0.004 -11"><span class='ocrx_word' id='word_1_59' title='bbox 66 425 95 451; x_wconf 77' lang='grc' dir='ltr'>δὲ</span> <span class='ocrx_word' id='word_1_60' title='bbox 117 425 164 451; x_wconf 83' lang='grc' dir='ltr'><strong>τοῦ</strong></span> <span class='ocrx_word' id='word_1_61' title='bbox 182 425 298 460; x_wconf 82' lang='grc' dir='ltr'><strong>Χριστοῦ</strong></span> <span class='ocrx_word' id='word_1_62' title='bbox 316 425 402 460; x_wconf 84' lang='grc' dir='ltr'>Ἰησοῦ</span> <span class='ocrx_word' id='word_1_63' title='bbox 431 425 481 460; x_wconf 83' lang='grc' dir='ltr'>τὴν</span> <span class='ocrx_word' id='word_1_64' title='bbox 506 426 594 461; x_wconf 81' lang='grc' dir='ltr'>σάρκα</span> <span class='ocrx_word' id='word_1_65' title='bbox 616 427 791 462; x_wconf 77' lang='grc' dir='ltr'><strong>ἐσταύρωσαν</strong></span> <span class='ocrx_word' id='word_1_66' title='bbox 815 428 863 454; x_wconf 82' lang='grc' dir='ltr'><strong>σὺν</strong></span> 
     </span>
    </p>
   </div>
   <div class='ocr_carea' id='block_1_11' title="bbox 66 470 861 510">
    <p class='ocr_par' dir='ltr' id='par_1_11' title="bbox 66 470 861 510">
     <span class='ocr_line' id='line_1_11' title="bbox 66 470 861 510; baseline 0.006 -14"><span class='ocrx_word' id='word_1_67' title='bbox 66 471 123 502; x_wconf 84' lang='grc' dir='ltr'>τοῖς</span> <span class='ocrx_word' id='word_1_68' title='bbox 141 470 284 506; x_wconf 79' lang='grc' dir='ltr'>παθήμασι</span> <span class='ocrx_word' id='word_1_69' title='bbox 299 470 346 497; x_wconf 83' lang='grc' dir='ltr'>καὶ</span> <span class='ocrx_word' id='word_1_70' title='bbox 371 472 432 502; x_wconf 65' lang='grc' dir='ltr'><strong>⁸ταῖς</strong></span> <span class='ocrx_word' id='word_1_71' title='bbox 444 471 611 507; x_wconf 80' lang='grc' dir='ltr'><strong>ἐπιθυμίαις,</strong></span> <span class='ocrx_word' id='word_1_72' title='bbox 628 482 637 498; x_wconf 78' lang='grc' dir='ltr'><strong>ι</strong></span> <span class='ocrx_word' id='word_1_73' title='bbox 656 473 680 499; x_wconf 79' lang='grc' dir='ltr'>οἱ</span> <span class='ocrx_word' id='word_1_74' title='bbox 694 474 738 499; x_wconf 77' lang='grc' dir='ltr'>τὸν</span> <span class='ocrx_word' id='word_1_75' title='bbox 754 474 861 510; x_wconf 79' lang='grc' dir='ltr'><strong>ἐπιεικῆ</strong></span> 
     </span>
    </p>
   </div>
   <div class='ocr_carea' id='block_1_12' title="bbox 67 515 863 555">
    <p class='ocr_par' dir='ltr' id='par_1_12' title="bbox 67 515 863 555">
     <span class='ocr_line' id='line_1_12' title="bbox 67 515 863 555; baseline 0.005 -14"><span class='ocrx_word' id='word_1_76' title='bbox 67 515 116 542; x_wconf 67' lang='grc' dir='ltr'>καὶ</span> <span class='ocrx_word' id='word_1_77' title='bbox 135 516 278 550; x_wconf 80' lang='grc' dir='ltr'>φιλόπονον</span> <span class='ocrx_word' id='word_1_78' title='bbox 300 516 446 549; x_wconf 76' lang='grc' dir='ltr'><strong>διαζῶντες</strong></span> <span class='ocrx_word' id='word_1_79' title='bbox 470 517 536 552; x_wconf 62' lang='grc' dir='ltr'>βίον</span> <span class='ocrx_word' id='word_1_80' title='bbox 549 517 602 544; x_wconf 81' lang='grc' dir='ltr'>τῶν</span> <span class='ocrx_word' id='word_1_81' title='bbox 625 519 653 544; x_wconf 76' lang='grc' dir='ltr'>ὲν</span> <span class='ocrx_word' id='word_1_82' title='bbox 676 518 809 555; x_wconf 76' lang='grc' dir='ltr'><strong>παρθενίᾳ</strong></span> <span class='ocrx_word' id='word_1_83' title='bbox 829 520 863 546; x_wconf 84' lang='grc' dir='ltr'><strong>τὰ</strong></span> 
     </span>
    </p>
   </div>
   <div class='ocr_carea' id='block_1_13' title="bbox 69 560 864 600">
    <p class='ocr_par' dir='ltr' id='par_1_13' title="bbox 69 560 864 600">
     <span class='ocr_line' id='line_1_13' title="bbox 69 560 864 600; baseline 0.005 -13"><span class='ocrx_word' id='word_1_84' title='bbox 69 561 165 597; x_wconf 84' lang='grc' dir='ltr'>στίφη,</span> <span class='ocrx_word' id='word_1_85' title='bbox 175 562 220 588; x_wconf 80' lang='grc' dir='ltr'>καὶ</span> <span class='ocrx_word' id='word_1_86' title='bbox 230 562 304 597; x_wconf 75' lang='grc' dir='ltr'>χοροὶ</span> <span class='ocrx_word' id='word_1_87' title='bbox 313 562 443 596; x_wconf 77' lang='grc' dir='ltr'><strong>γέμοντες</strong></span> <span class='ocrx_word' id='word_1_88' title='bbox 454 563 576 597; x_wconf 77' lang='grc' dir='ltr'><strong>εὐλογίας</strong></span> <span class='ocrx_word' id='word_1_89' title='bbox 583 563 662 596; x_wconf 76' lang='grc' dir='ltr'>Θεοῦ,</span> <span class='ocrx_word' id='word_1_90' title='bbox 672 560 744 590; x_wconf 71' lang='grc' dir='ltr'>οὗτοι</span> <span class='ocrx_word' id='word_1_91' title='bbox 753 565 864 600; x_wconf 79' lang='grc' dir='ltr'>σπέρμα</span> 
     </span>
    </p>
   </div>
   <div class='ocr_carea' id='block_1_14' title="bbox 70 605 864 644">
    <p class='ocr_par' dir='ltr' id='par_1_14' title="bbox 70 605 864 644">
     <span class='ocr_line' id='line_1_14' title="bbox 70 605 864 644; baseline 0.006 -12"><span class='ocrx_word' id='word_1_92' title='bbox 70 607 140 633; x_wconf 77' lang='grc' dir='ltr'>εἰσὶν</span> <span class='ocrx_word' id='word_1_93' title='bbox 156 607 335 643; x_wconf 77' lang='grc' dir='ltr'>εὐλογημένον</span> <span class='ocrx_word' id='word_1_94' title='bbox 347 608 399 634; x_wconf 76' lang='grc' dir='ltr'>ὑπὸ</span> <span class='ocrx_word' id='word_1_95' title='bbox 417 608 495 640; x_wconf 82' lang='grc' dir='ltr'>Θεοῦ,</span> <span class='ocrx_word' id='word_1_96' title='bbox 513 605 585 635; x_wconf 76' lang='grc' dir='ltr'>οὗτοι</span> <span class='ocrx_word' id='word_1_97' title='bbox 606 609 740 644; x_wconf 72' lang='grc' dir='ltr'>χαίρουσι,</span> <span class='ocrx_word' id='word_1_98' title='bbox 757 611 803 637; x_wconf 73' lang='grc' dir='ltr'>καὶ</span> <span class='ocrx_word' id='word_1_99' title='bbox 820 610 864 636; x_wconf 86' lang='grc' dir='ltr'>εύ-</span> 
     </span>
    </p>
   </div>
   <div class='ocr_carea' id='block_1_15' title="bbox 69 651 863 690">
    <p class='ocr_par' dir='ltr' id='par_1_15' title="bbox 69 651 863 690">
     <span class='ocr_line' id='line_1_15' title="bbox 69 651 863 690; baseline 0.005 -13"><span class='ocrx_word' id='word_1_100' title='bbox 69 651 231 686; x_wconf 75' lang='grc' dir='ltr'>φραίνονται</span> <span class='ocrx_word' id='word_1_101' title='bbox 246 652 292 678; x_wconf 71' lang='grc' dir='ltr'><strong>ἐπὶ</strong></span> <span class='ocrx_word' id='word_1_102' title='bbox 305 652 424 688; x_wconf 80' lang='grc' dir='ltr'>Κύριον·</span> <span class='ocrx_word' id='word_1_103' title='bbox 440 653 470 679; x_wconf 84' lang='grc' dir='ltr'>οὒ</span> <span class='ocrx_word' id='word_1_104' title='bbox 487 653 540 688; x_wconf 82' lang='grc' dir='ltr'><strong>γὰρ</strong></span> <span class='ocrx_word' id='word_1_105' title='bbox 557 654 700 688; x_wconf 80' lang='grc' dir='ltr'>ὲφήδονται</span> <span class='ocrx_word' id='word_1_106' title='bbox 720 655 863 690; x_wconf 77' lang='grc' dir='ltr'>πράγμασι</span> 
     </span>
    </p>
   </div>
   <div class='ocr_carea' id='block_1_16' title="bbox 70 698 864 736">
    <p class='ocr_par' dir='ltr' id='par_1_16' title="bbox 70 698 864 736">
     <span class='ocr_line' id='line_1_16' title="bbox 70 698 864 736; baseline 0.005 -12"><span class='ocrx_word' id='word_1_107' title='bbox 70 699 224 733; x_wconf 80' lang='grc' dir='ltr'>κοσμικοῖς,</span> <span class='ocrx_word' id='word_1_108' title='bbox 236 698 410 733; x_wconf 83' lang='grc' dir='ltr'>ἐμπίμπλασι</span> <span class='ocrx_word' id='word_1_109' title='bbox 422 698 450 725; x_wconf 83' lang='grc' dir='ltr'>δὲ</span> <span class='ocrx_word' id='word_1_110' title='bbox 463 699 562 733; x_wconf 82' lang='grc' dir='ltr'>μᾶλλον</span> <span class='ocrx_word' id='word_1_111' title='bbox 575 699 624 731; x_wconf 75' lang='grc' dir='ltr'>τὰς</span> <span class='ocrx_word' id='word_1_112' title='bbox 635 700 739 727; x_wconf 78' lang='grc' dir='ltr'>ἑαυτῶν</span> <span class='ocrx_word' id='word_1_113' title='bbox 751 702 864 736; x_wconf 79' lang='grc' dir='ltr'>καρδίας</span> 
     </span>
    </p>
   </div>
   <div class='ocr_carea' id='block_1_17' title="bbox 70 744 862 782">
    <p class='ocr_par' dir='ltr' id='par_1_17' title="bbox 70 744 862 782">
     <span class='ocr_line' id='line_1_17' title="bbox 70 744 862 782; baseline 0.005 -12"><span class='ocrx_word' id='word_1_114' title='bbox 70 744 183 779; x_wconf 78' lang='grc' dir='ltr'><strong>ἀγάπης</strong></span> <span class='ocrx_word' id='word_1_115' title='bbox 196 745 243 780; x_wconf 84' lang='grc' dir='ltr'>τῆς</span> <span class='ocrx_word' id='word_1_116' title='bbox 258 745 297 776; x_wconf 83' lang='grc' dir='ltr'>εὶς</span> <span class='ocrx_word' id='word_1_117' title='bbox 310 745 440 780; x_wconf 83' lang='grc' dir='ltr'>Χριστὸν,</span> <span class='ocrx_word' id='word_1_118' title='bbox 458 746 591 781; x_wconf 86' lang='grc' dir='ltr'>σωτήριον</span> <span class='ocrx_word' id='word_1_119' title='bbox 602 746 630 772; x_wconf 83' lang='grc' dir='ltr'>δὲ</span> <span class='ocrx_word' id='word_1_120' title='bbox 643 747 673 772; x_wconf 83' lang='grc' dir='ltr'>τὸ</span> <span class='ocrx_word' id='word_1_121' title='bbox 687 747 782 782; x_wconf 80' lang='grc' dir='ltr'>χρῆμά</span> <span class='ocrx_word' id='word_1_122' title='bbox 793 747 862 778; x_wconf 84' lang='grc' dir='ltr'>ἐστι.</span> 
     </span>
    </p>
   </div>
   <div class='ocr_carea' id='block_1_18' title="bbox 70 790 598 827">
    <p class='ocr_par' dir='ltr' id='par_1_18' title="bbox 70 790 598 827">
     <span class='ocr_line' id='line_1_18' title="bbox 70 790 598 827; baseline 0.004 -11"><span class='ocrx_word' id='word_1_123' title='bbox 70 790 118 817; x_wconf 73' lang='grc' dir='ltr'><strong>καὶ</strong></span> <span class='ocrx_word' id='word_1_124' title='bbox 137 790 271 826; x_wconf 80' lang='grc' dir='ltr'><strong>θυμηδίας</strong></span> <span class='ocrx_word' id='word_1_125' title='bbox 287 791 396 825; x_wconf 82' lang='grc' dir='ltr'>ἁπάσης</span> <span class='ocrx_word' id='word_1_126' title='bbox 410 792 598 827; x_wconf 79' lang='grc' dir='ltr'>ὲμποιητικόν,</span> 
     </span>
    </p>
   </div>
   <div class='ocr_carea' id='block_1_19' title="bbox 111 837 866 872">
    <p class='ocr_par' dir='ltr' id='par_1_19' title="bbox 111 837 866 872">
     <span class='ocr_line' id='line_1_19' title="bbox 111 837 866 872; baseline 0.003 -8"><span class='ocrx_word' id='word_1_127' title='bbox 111 837 314 872; x_wconf 67' lang='grc' dir='ltr'>Ἆγαλλιάσθω</span> <span class='ocrx_word' id='word_1_128' title='bbox 328 837 347 871; x_wconf 78' lang='grc' dir='ltr'><strong><em>ἡ</em></strong></span> <span class='ocrx_word' id='word_1_129' title='bbox 362 837 446 871; x_wconf 72' lang='grc' dir='ltr'><strong><em>ψυχή</em></strong></span> <span class='ocrx_word' id='word_1_130' title='bbox 460 847 519 872; x_wconf 83' lang='grc' dir='ltr'>μου</span> <span class='ocrx_word' id='word_1_131' title='bbox 537 838 584 865; x_wconf 80' lang='grc' dir='ltr'><strong>ἐπὶ</strong></span> <span class='ocrx_word' id='word_1_132' title='bbox 607 837 648 871; x_wconf 84' lang='grc' dir='ltr'>τῷ</span> <span class='ocrx_word' id='word_1_133' title='bbox 666 839 763 872; x_wconf 78' lang='grc' dir='ltr'>Κυρίῳ</span> <span class='ocrx_word' id='word_1_134' title='bbox 778 848 785 854; x_wconf 89' lang='grc'><strong>·</strong></span> <span class='ocrx_word' id='word_1_135' title='bbox 820 839 866 866; x_wconf 74' lang='grc' dir='ltr'><strong>ἑν-</strong></span> 
     </span>
    </p>
   </div>
   <div class='ocr_carea' id='block_1_20' title="bbox 912 243 1697 280">
    <p class='ocr_par' dir='ltr' id='par_1_20' title="bbox 912 243 1697 280">
     <span class='ocr_line' id='line_1_20' title="bbox 912 243 1697 280; baseline -0.004 -9"><span class='ocrx_word' id='word_1_136' title='bbox 912 247 994 280; x_wconf 86' lang='lat' dir='ltr'><strong>plina,</strong></span> <span class='ocrx_word' id='word_1_137' title='bbox 1014 250 1042 272; x_wconf 87' lang='grc' dir='ltr'><strong>ιιι</strong></span> <span class='ocrx_word' id='word_1_138' title='bbox 1056 246 1122 277; x_wconf 80' lang='lat' dir='ltr'><strong>dixi,</strong></span> <span class='ocrx_word' id='word_1_139' title='bbox 1138 254 1147 271; x_wconf 83' lang='grc' dir='ltr'><strong>ι</strong></span> <span class='ocrx_word' id='word_1_140' title='bbox 1168 251 1192 273; x_wconf 90' lang='lat' dir='ltr'><strong>et</strong></span> <span class='ocrx_word' id='word_1_141' title='bbox 1207 245 1270 280; x_wconf 82' lang='lat' dir='ltr'><strong>quia</strong></span> <span class='ocrx_word' id='word_1_142' title='bbox 1284 252 1375 272; x_wconf 82' lang='lat' dir='ltr'><strong>semen</strong></span> <span class='ocrx_word' id='word_1_143' title='bbox 1387 245 1558 272; x_wconf 76' lang='lat' dir='ltr'><strong>benedictum</strong></span> <span class='ocrx_word' id='word_1_144' title='bbox 1575 243 1667 271; x_wconf 84' lang='lat' dir='ltr'><strong>aDeo:</strong></span> <span class='ocrx_word' id='word_1_145' title='bbox 1688 251 1697 268; x_wconf 72' lang='grc' dir='ltr'><strong>ι</strong></span> 
     </span>
    </p>
   </div>
   <div class='ocr_carea' id='block_1_21' title="bbox 912 293 1702 330">
    <p class='ocr_par' dir='ltr' id='par_1_21' title="bbox 912 293 1702 330">
     <span class='ocr_line' id='line_1_21' title="bbox 912 293 1702 330; baseline -0.003 -8"><span class='ocrx_word' id='word_1_146' title='bbox 912 295 993 330; x_wconf 79' lang='grc'><strong>867</strong></span> <span class='ocrx_word' id='word_1_147' title='bbox 1007 300 1079 330; x_wconf 86' lang='lat' dir='ltr'><strong>puta,</strong></span> <span class='ocrx_word' id='word_1_148' title='bbox 1096 299 1250 322; x_wconf 83' lang='lat' dir='ltr'><strong>sanctorum</strong></span> <span class='ocrx_word' id='word_1_149' title='bbox 1269 294 1461 321; x_wconf 75' lang='lat' dir='ltr'><strong>monachorum</strong></span> <span class='ocrx_word' id='word_1_150' title='bbox 1489 298 1585 327; x_wconf 69' lang='lat' dir='ltr'><strong>metus,</strong></span> <span class='ocrx_word' id='word_1_151' title='bbox 1599 294 1631 320; x_wconf 88' lang='lat' dir='ltr'><strong>dc</strong></span> <span class='ocrx_word' id='word_1_152' title='bbox 1645 293 1702 328; x_wconf 86' lang='lat' dir='ltr'><strong>qui-</strong></span> 
     </span>
    </p>
   </div>
   <div class='ocr_carea' id='block_1_22' title="bbox 913 338 1701 373">
    <p class='ocr_par' dir='ltr' id='par_1_22' title="bbox 913 338 1701 373">
     <span class='ocr_line' id='line_1_22' title="bbox 913 338 1701 373; baseline 0 -7"><span class='ocrx_word' id='word_1_153' title='bbox 913 341 962 366; x_wconf 89' lang='lat' dir='ltr'><strong>bus</strong></span> <span class='ocrx_word' id='word_1_154' title='bbox 981 339 1080 367; x_wconf 82' lang='lat' dir='ltr'><strong>Paulus</strong></span> <span class='ocrx_word' id='word_1_155' title='bbox 1100 349 1107 367; x_wconf 89' lang='lat'><strong>:</strong></span> <span class='ocrx_word' id='word_1_156' title='bbox 1127 349 1136 366; x_wconf 87' lang='grc'><em>‹</em></span> <span class='ocrx_word' id='word_1_157' title='bbox 1157 339 1206 373; x_wconf 86' lang='lat' dir='ltr'><strong>Qui</strong></span> <span class='ocrx_word' id='word_1_158' title='bbox 1224 344 1311 367; x_wconf 81' lang='lat' dir='ltr'><strong>autem</strong></span> <span class='ocrx_word' id='word_1_159' title='bbox 1329 339 1431 367; x_wconf 87' lang='lat' dir='ltr'><strong>Christi</strong></span> <span class='ocrx_word' id='word_1_160' title='bbox 1458 338 1520 367; x_wconf 75' lang='lat' dir='ltr'><strong>Jesu</strong></span> <span class='ocrx_word' id='word_1_161' title='bbox 1552 344 1625 371; x_wconf 88' lang='lat' dir='ltr'><strong>sunt,</strong></span> <span class='ocrx_word' id='word_1_162' title='bbox 1642 347 1701 366; x_wconf 82' lang='lat' dir='ltr'><strong>car-</strong></span> 
     </span>
    </p>
   </div>
   <div class='ocr_carea' id='block_1_23' title="bbox 914 384 1701 418">
    <p class='ocr_par' dir='ltr' id='par_1_23' title="bbox 914 384 1701 418">
     <span class='ocr_line' id='line_1_23' title="bbox 914 384 1701 418; baseline 0 -8"><span class='ocrx_word' id='word_1_163' title='bbox 914 392 974 411; x_wconf 88' lang='lat' dir='ltr'><strong>ncm</strong></span> <span class='ocrx_word' id='word_1_164' title='bbox 1003 385 1197 412; x_wconf 75' lang='lat' dir='ltr'><strong>cruciiixerunt</strong></span> <span class='ocrx_word' id='word_1_165' title='bbox 1231 393 1291 411; x_wconf 87' lang='lat' dir='ltr'><strong>cttm</strong></span> <span class='ocrx_word' id='word_1_166' title='bbox 1318 385 1457 412; x_wconf 73' lang='lat' dir='ltr'><strong>affectibus</strong></span> <span class='ocrx_word' id='word_1_167' title='bbox 1493 389 1521 411; x_wconf 88' lang='lat' dir='ltr'><strong>et</strong></span> <span class='ocrx_word' id='word_1_168' title='bbox 1545 384 1701 418; x_wconf 85' lang='lat' dir='ltr'><strong>cupiditati-</strong></span> 
     </span>
    </p>
   </div>
   <div class='ocr_carea' id='block_1_24' title="bbox 913 429 1699 465">
    <p class='ocr_par' dir='ltr' id='par_1_24' title="bbox 913 429 1699 465">
     <span class='ocr_line' id='line_1_24' title="bbox 913 429 1699 465; baseline 0.003 -9"><span class='ocrx_word' id='word_1_169' title='bbox 913 430 962 457; x_wconf 85' lang='lat' dir='ltr'><strong>bus</strong></span> <span class='ocrx_word' id='word_1_170' title='bbox 975 429 1008 462; x_wconf 76' lang='grc'><strong>⁸⁸,</strong></span> <span class='ocrx_word' id='word_1_171' title='bbox 1026 440 1034 456; x_wconf 75' lang='grc' dir='ltr'><strong>ι</strong></span> <span class='ocrx_word' id='word_1_172' title='bbox 1048 431 1093 465; x_wconf 87' lang='lat' dir='ltr'><strong>qui</strong></span> <span class='ocrx_word' id='word_1_173' title='bbox 1110 431 1219 465; x_wconf 81' lang='lat' dir='ltr'><strong>probam</strong></span> <span class='ocrx_word' id='word_1_174' title='bbox 1233 435 1260 457; x_wconf 87' lang='lat' dir='ltr'><strong>et</strong></span> <span class='ocrx_word' id='word_1_175' title='bbox 1271 430 1433 458; x_wconf 88' lang='lat' dir='ltr'><strong>laboriosam</strong></span> <span class='ocrx_word' id='word_1_176' title='bbox 1454 431 1594 458; x_wconf 78' lang='lat' dir='ltr'><strong>traducunt</strong></span> <span class='ocrx_word' id='word_1_177' title='bbox 1606 431 1699 458; x_wconf 87' lang='lat' dir='ltr'><strong>vitam:</strong></span> 
     </span>
    </p>
   </div>
   <div class='ocr_carea' id='block_1_25' title="bbox 913 475 1700 511">
    <p class='ocr_par' dir='ltr' id='par_1_25' title="bbox 913 475 1700 511">
     <span class='ocr_line' id='line_1_25' title="bbox 913 475 1700 511; baseline 0 -9"><span class='ocrx_word' id='word_1_178' title='bbox 913 480 939 502; x_wconf 86' lang='lat' dir='ltr'><strong>ct</strong></span> <span class='ocrx_word' id='word_1_179' title='bbox 965 475 990 502; x_wconf 92' lang='lat' dir='ltr'><strong>in</strong></span> <span class='ocrx_word' id='word_1_180' title='bbox 1005 476 1159 511; x_wconf 78' lang='lat' dir='ltr'><strong>virginitate</strong></span> <span class='ocrx_word' id='word_1_181' title='bbox 1175 476 1328 510; x_wconf 78' lang='lat' dir='ltr'><strong>degentium</strong></span> <span class='ocrx_word' id='word_1_182' title='bbox 1344 476 1471 504; x_wconf 82' lang='lat' dir='ltr'><strong>cohortes</strong></span> <span class='ocrx_word' id='word_1_183' title='bbox 1494 481 1519 503; x_wconf 89' lang='lat' dir='ltr'><strong>et</strong></span> <span class='ocrx_word' id='word_1_184' title='bbox 1548 477 1624 504; x_wconf 86' lang='lat' dir='ltr'><strong>chori</strong></span> <span class='ocrx_word' id='word_1_185' title='bbox 1656 477 1700 511; x_wconf 89' lang='lat' dir='ltr'><strong>qui</strong></span> 
     </span>
    </p>
   </div>
   <div class='ocr_carea' id='block_1_26' title="bbox 913 520 1702 549">
    <p class='ocr_par' dir='ltr' id='par_1_26' title="bbox 913 520 1702 549">
     <span class='ocr_line' id='line_1_26' title="bbox 913 520 1702 549; baseline 0.003 -3"><span class='ocrx_word' id='word_1_186' title='bbox 913 520 1155 549; x_wconf 85' lang='lat' dir='ltr'><strong>Deibenedictioue</strong></span> <span class='ocrx_word' id='word_1_187' title='bbox 1172 521 1335 548; x_wconf 84' lang='lat' dir='ltr'><strong>abundant:</strong></span> <span class='ocrx_word' id='word_1_188' title='bbox 1358 521 1384 548; x_wconf 88' lang='lat' dir='ltr'><strong>hi</strong></span> <span class='ocrx_word' id='word_1_189' title='bbox 1413 526 1476 548; x_wconf 88' lang='lat' dir='ltr'><strong>sunt</strong></span> <span class='ocrx_word' id='word_1_190' title='bbox 1501 528 1593 548; x_wconf 83' lang='lat' dir='ltr'><strong>semen</strong></span> <span class='ocrx_word' id='word_1_191' title='bbox 1621 521 1702 548; x_wconf 54' lang='lat' dir='ltr'><strong>bene-</strong></span> 
     </span>
    </p>
   </div>
   <div class='ocr_carea' id='block_1_27' title="bbox 914 564 1700 601">
    <p class='ocr_par' dir='ltr' id='par_1_27' title="bbox 914 564 1700 601">
     <span class='ocr_line' id='line_1_27' title="bbox 914 564 1700 601; baseline 0.001 -10"><span class='ocrx_word' id='word_1_192' title='bbox 914 565 1014 593; x_wconf 89' lang='lat' dir='ltr'><strong>dictum</strong></span> <span class='ocrx_word' id='word_1_193' title='bbox 1032 573 1047 592; x_wconf 90' lang='lat' dir='ltr'><strong>a</strong></span> <span class='ocrx_word' id='word_1_194' title='bbox 1066 565 1131 598; x_wconf 88' lang='lat' dir='ltr'><strong>Deo,</strong></span> <span class='ocrx_word' id='word_1_195' title='bbox 1150 565 1175 592; x_wconf 91' lang='lat' dir='ltr'><strong>hi</strong></span> <span class='ocrx_word' id='word_1_196' title='bbox 1190 565 1307 601; x_wconf 81' lang='lat' dir='ltr'><strong>gaudent</strong></span> <span class='ocrx_word' id='word_1_197' title='bbox 1327 570 1352 593; x_wconf 86' lang='lat' dir='ltr'><strong>et</strong></span> <span class='ocrx_word' id='word_1_198' title='bbox 1374 565 1500 592; x_wconf 68' lang='lat' dir='ltr'><strong>lmtantur</strong></span> <span class='ocrx_word' id='word_1_199' title='bbox 1520 566 1546 591; x_wconf 92' lang='lat' dir='ltr'><strong>iu</strong></span> <span class='ocrx_word' id='word_1_200' title='bbox 1576 564 1700 592; x_wconf 89' lang='lat' dir='ltr'><strong>Domino.</strong></span> 
     </span>
    </p>
   </div>
   <div class='ocr_carea' id='block_1_28' title="bbox 915 610 1702 646">
    <p class='ocr_par' dir='ltr' id='par_1_28' title="bbox 915 610 1702 646">
     <span class='ocr_line' id='line_1_28' title="bbox 915 610 1702 646; baseline 0 -9"><span class='ocrx_word' id='word_1_201' title='bbox 915 610 971 638; x_wconf 82' lang='lat' dir='ltr'><strong>Non</strong></span> <span class='ocrx_word' id='word_1_202' title='bbox 989 612 1062 638; x_wconf 90' lang='lat' dir='ltr'><strong>cnim</strong></span> <span class='ocrx_word' id='word_1_203' title='bbox 1078 612 1221 639; x_wconf 84' lang='lat' dir='ltr'><strong>mundanis</strong></span> <span class='ocrx_word' id='word_1_204' title='bbox 1232 612 1387 639; x_wconf 61' lang='lat' dir='ltr'><strong>adiciuntur</strong></span> <span class='ocrx_word' id='word_1_205' title='bbox 1404 611 1528 646; x_wconf 77' lang='lat' dir='ltr'><strong>negotiis,</strong></span> <span class='ocrx_word' id='word_1_206' title='bbox 1552 611 1598 638; x_wconf 85' lang='lat' dir='ltr'><strong>sed</strong></span> <span class='ocrx_word' id='word_1_207' title='bbox 1622 612 1702 638; x_wconf 80' lang='lat' dir='ltr'><strong>corda</strong></span> 
     </span>
    </p>
   </div>
   <div class='ocr_carea' id='block_1_29' title="bbox 914 657 1703 692">
    <p class='ocr_par' dir='ltr' id='par_1_29' title="bbox 914 657 1703 692">
     <span class='ocr_line' id='line_1_29' title="bbox 914 657 1703 692; baseline 0.001 -8"><span class='ocrx_word' id='word_1_208' title='bbox 914 665 961 684; x_wconf 89' lang='lat' dir='ltr'><strong>sua</strong></span> <span class='ocrx_word' id='word_1_209' title='bbox 977 658 1067 692; x_wconf 84' lang='lat' dir='ltr'><strong>potius</strong></span> <span class='ocrx_word' id='word_1_210' title='bbox 1081 658 1214 685; x_wconf 84' lang='lat' dir='ltr'><strong>charitate</strong></span> <span class='ocrx_word' id='word_1_211' title='bbox 1229 658 1329 686; x_wconf 87' lang='lat' dir='ltr'><strong>Christi</strong></span> <span class='ocrx_word' id='word_1_212' title='bbox 1347 658 1491 692; x_wconf 88' lang='lat' dir='ltr'><strong>complent.</strong></span> <span class='ocrx_word' id='word_1_213' title='bbox 1517 657 1578 684; x_wconf 68' lang='lat' dir='ltr'><strong>Haec</strong></span> <span class='ocrx_word' id='word_1_214' title='bbox 1597 664 1642 685; x_wconf 86' lang='lat' dir='ltr'><strong>res</strong></span> <span class='ocrx_word' id='word_1_215' title='bbox 1657 664 1703 685; x_wconf 81' lang='lat' dir='ltr'><strong>sa-</strong></span> 
     </span>
    </p>
   </div>
   <div class='ocr_carea' id='block_1_30' title="bbox 915 703 1526 737">
    <p class='ocr_par' dir='ltr' id='par_1_30' title="bbox 915 703 1526 737">
     <span class='ocr_line' id='line_1_30' title="bbox 915 703 1526 737; baseline -0.002 -7"><span class='ocrx_word' id='word_1_216' title='bbox 915 703 1008 730; x_wconf 89' lang='lat' dir='ltr'><strong>lutaris</strong></span> <span class='ocrx_word' id='word_1_217' title='bbox 1025 707 1074 736; x_wconf 88' lang='lat' dir='ltr'><strong>cst,</strong></span> <span class='ocrx_word' id='word_1_218' title='bbox 1091 707 1116 730; x_wconf 81' lang='lat' dir='ltr'><strong>et</strong></span> <span class='ocrx_word' id='word_1_219' title='bbox 1132 703 1220 730; x_wconf 91' lang='lat' dir='ltr'><strong>omnis</strong></span> <span class='ocrx_word' id='word_1_220' title='bbox 1235 703 1379 737; x_wconf 86' lang='lat' dir='ltr'><strong>voluptatis</strong></span> <span class='ocrx_word' id='word_1_221' title='bbox 1394 703 1526 731; x_wconf 74' lang='lat' dir='ltr'><strong>elfectrix.</strong></span> 
     </span>
    </p>
   </div>
   <div class='ocr_carea' id='block_1_31' title="bbox 950 834 1704 868">
    <p class='ocr_par' dir='ltr' id='par_1_31' title="bbox 950 834 1704 868">
     <span class='ocr_line' id='line_1_31' title="bbox 950 834 1704 868; baseline 0 -7"><span class='ocrx_word' id='word_1_222' title='bbox 950 835 1032 861; x_wconf 71' lang='lat' dir='ltr'><strong>Vnus.</strong></span> <span class='ocrx_word' id='word_1_223' title='bbox 1055 834 1098 868; x_wconf 80' lang='grc'>10,</span> <span class='ocrx_word' id='word_1_224' title='bbox 1117 835 1160 862; x_wconf 79' lang='grc' dir='ltr'>Η.</span> <span class='ocrx_word' id='word_1_225' title='bbox 1194 834 1315 862; x_wconf 68' lang='lat' dir='ltr'><strong>Exsultat</strong></span> <span class='ocrx_word' id='word_1_226' title='bbox 1335 835 1423 861; x_wconf 85' lang='lat' dir='ltr'><strong>anima</strong></span> <span class='ocrx_word' id='word_1_227' title='bbox 1446 842 1503 861; x_wconf 82' lang='lat' dir='ltr'><strong>mea</strong></span> <span class='ocrx_word' id='word_1_228' title='bbox 1531 834 1704 868; x_wconf 82' lang='lat' dir='ltr'><strong>iuDamino;</strong></span> 
     </span>
    </p>
   </div>
   <div class='ocr_carea' id='block_1_32' title="bbox 70 880 868 917">
    <p class='ocr_par' dir='ltr' id='par_1_32' title="bbox 70 881 866 917">
     <span class='ocr_line' id='line_1_32' title="bbox 70 881 866 917; baseline 0.003 -8"><span class='ocrx_word' id='word_1_229' title='bbox 70 881 164 909; x_wconf 82' lang='grc' dir='ltr'>ἐδυσε</span> <span class='ocrx_word' id='word_1_230' title='bbox 181 882 236 916; x_wconf 73' lang='grc' dir='ltr'>γάρ</span> <span class='ocrx_word' id='word_1_231' title='bbox 247 890 285 916; x_wconf 82' lang='grc' dir='ltr'>με</span> <span class='ocrx_word' id='word_1_232' title='bbox 305 882 422 916; x_wconf 83' lang='grc' dir='ltr'>Ιμάτιον</span> <span class='ocrx_word' id='word_1_233' title='bbox 441 883 600 917; x_wconf 71' lang='grc' dir='ltr'>σωτηρίου,</span> <span class='ocrx_word' id='word_1_234' title='bbox 628 883 677 910; x_wconf 77' lang='grc' dir='ltr'>καὶ</span> <span class='ocrx_word' id='word_1_235' title='bbox 698 884 807 917; x_wconf 78' lang='grc' dir='ltr'>χιτῶνα</span> <span class='ocrx_word' id='word_1_236' title='bbox 820 886 866 911; x_wconf 82' lang='grc' dir='ltr'><strong>εὑ-</strong></span> 
     </span>
    </p>
   </div>
   <div class='ocr_carea' id='block_1_33' title="bbox 930 880 1705 917">
    <p class='ocr_par' dir='ltr' id='par_1_33' title="bbox 930 880 1705 912">
     <span class='ocr_line' id='line_1_33' title="bbox 930 880 1705 912; baseline 0 -5"><span class='ocrx_word' id='word_1_237' title='bbox 930 882 1002 907; x_wconf 78' lang='lat' dir='ltr'><strong>nduit</strong></span> <span class='ocrx_word' id='word_1_238' title='bbox 1015 881 1082 908; x_wconf 86' lang='lat' dir='ltr'><strong>enim</strong></span> <span class='ocrx_word' id='word_1_239' title='bbox 1096 889 1135 907; x_wconf 82' lang='lat' dir='ltr'><strong>me</strong></span> <span class='ocrx_word' id='word_1_240' title='bbox 1150 886 1217 907; x_wconf 74' lang='lat' dir='ltr'><strong>veste</strong></span> <span class='ocrx_word' id='word_1_241' title='bbox 1238 881 1331 908; x_wconf 75' lang='lat' dir='ltr'><strong>salutis</strong></span> <span class='ocrx_word' id='word_1_242' title='bbox 1353 885 1376 907; x_wconf 87' lang='lat' dir='ltr'><strong>et</strong></span> <span class='ocrx_word' id='word_1_243' title='bbox 1401 881 1491 907; x_wconf 77' lang='lat' dir='ltr'><strong>tunica</strong></span> <span class='ocrx_word' id='word_1_244' title='bbox 1506 880 1614 912; x_wconf 74' lang='lat' dir='ltr'><strong>lwtitiw,</strong></span> <span class='ocrx_word' id='word_1_245' title='bbox 1641 885 1705 907; x_wconf 85' lang='lat' dir='ltr'><strong>tan-</strong></span> 
     </span>
    </p>
   </div>
   <div class='ocr_carea' id='block_1_34' title="bbox 71 928 867 964">
    <p class='ocr_par' dir='ltr' id='par_1_34' title="bbox 71 928 867 964">
     <span class='ocr_line' id='line_1_34' title="bbox 71 928 867 964; baseline 0.001 -8"><span class='ocrx_word' id='word_1_246' title='bbox 71 929 238 964; x_wconf 64' lang='grc' dir='ltr'>φροσύνης,</span> <span class='ocrx_word' id='word_1_247' title='bbox 251 928 291 961; x_wconf 84' lang='grc' dir='ltr'><strong>ὡς</strong></span> <span class='ocrx_word' id='word_1_248' title='bbox 307 929 425 963; x_wconf 58' lang='grc' dir='ltr'><strong>νυμφίῳ</strong></span> <span class='ocrx_word' id='word_1_249' title='bbox 441 929 597 963; x_wconf 68' lang='grc' dir='ltr'>περιέθηκέ</span> <span class='ocrx_word' id='word_1_250' title='bbox 613 939 663 964; x_wconf 80' lang='grc' dir='ltr'><strong>μοι</strong></span> <span class='ocrx_word' id='word_1_251' title='bbox 676 931 796 964; x_wconf 77' lang='grc' dir='ltr'>μίτραν,</span> <span class='ocrx_word' id='word_1_252' title='bbox 818 930 867 958; x_wconf 79' lang='grc' dir='ltr'>καὶ</span> 
     </span>
    </p>
   </div>
   <div class='ocr_carea' id='block_1_35' title="bbox 70 976 868 1012">
    <p class='ocr_par' dir='ltr' id='par_1_35' title="bbox 70 976 868 1012">
     <span class='ocr_line' id='line_1_35' title="bbox 70 976 868 1012; baseline 0.004 -11"><span class='ocrx_word' id='word_1_253' title='bbox 70 977 110 1009; x_wconf 86' lang='grc' dir='ltr'>ὡς</span> <span class='ocrx_word' id='word_1_254' title='bbox 124 976 248 1010; x_wconf 54' lang='grc' dir='ltr'>νύμφην</span> <span class='ocrx_word' id='word_1_255' title='bbox 273 976 483 1009; x_wconf 77' lang='grc' dir='ltr'>κατεκόσμησέ</span> <span class='ocrx_word' id='word_1_256' title='bbox 505 985 541 1010; x_wconf 83' lang='grc' dir='ltr'><strong>με</strong></span> <span class='ocrx_word' id='word_1_257' title='bbox 557 977 669 1010; x_wconf 79' lang='grc' dir='ltr'>κόσμῳ,</span> <span class='ocrx_word' id='word_1_258' title='bbox 688 977 736 1003; x_wconf 75' lang='grc' dir='ltr'><strong>καί</strong></span> <span class='ocrx_word' id='word_1_259' title='bbox 755 977 795 1010; x_wconf 87' lang='grc' dir='ltr'>ὼς</span> <span class='ocrx_word' id='word_1_260' title='bbox 809 977 868 1012; x_wconf 80' lang='grc' dir='ltr'>γῆν</span> 
     </span>
    </p>
   </div>
   <div class='ocr_carea' id='block_1_36' title="bbox 71 1019 869 1056">
    <p class='ocr_par' dir='ltr' id='par_1_36' title="bbox 71 1019 869 1056">
     <span class='ocr_line' id='line_1_36' title="bbox 71 1019 869 1056; baseline 0.004 -10"><span class='ocrx_word' id='word_1_261' title='bbox 71 1020 232 1052; x_wconf 71' lang='grc' dir='ltr'>αὔξουσαν</span> <span class='ocrx_word' id='word_1_262' title='bbox 252 1020 284 1045; x_wconf 79' lang='grc' dir='ltr'>τὸ</span> <span class='ocrx_word' id='word_1_263' title='bbox 314 1019 404 1052; x_wconf 77' lang='grc' dir='ltr'>ἄνθος</span> <span class='ocrx_word' id='word_1_264' title='bbox 428 1020 532 1054; x_wconf 77' lang='grc' dir='ltr'>αὐτῆς,</span> <span class='ocrx_word' id='word_1_265' title='bbox 567 1021 616 1047; x_wconf 77' lang='grc' dir='ltr'>καὶ</span> <span class='ocrx_word' id='word_1_266' title='bbox 646 1021 686 1054; x_wconf 81' lang='grc' dir='ltr'>ὡς</span> <span class='ocrx_word' id='word_1_267' title='bbox 710 1022 810 1056; x_wconf 77' lang='grc' dir='ltr'>κῆπον</span> <span class='ocrx_word' id='word_1_268' title='bbox 832 1022 869 1049; x_wconf 81' lang='grc' dir='ltr'>τὰ</span> 
     </span>
    </p>
   </div>
   <div class='ocr_carea' id='block_1_37' title="bbox 71 1066 869 1102">
    <p class='ocr_par' dir='ltr' id='par_1_37' title="bbox 71 1066 869 1102">
     <span class='ocr_line' id='line_1_37' title="bbox 71 1066 869 1102; baseline 0.005 -10"><span class='ocrx_word' id='word_1_269' title='bbox 71 1067 230 1100; x_wconf 77' lang='grc' dir='ltr'>σπέρματα</span> <span class='ocrx_word' id='word_1_270' title='bbox 253 1066 356 1099; x_wconf 77' lang='grc' dir='ltr'>αὑτοῦ,</span> <span class='ocrx_word' id='word_1_271' title='bbox 371 1066 464 1100; x_wconf 74' lang='grc' dir='ltr'>οὕτως</span> <span class='ocrx_word' id='word_1_272' title='bbox 482 1067 623 1093; x_wconf 72' lang='grc' dir='ltr'>ἀνατελεῖ</span> <span class='ocrx_word' id='word_1_273' title='bbox 632 1067 741 1102; x_wconf 81' lang='grc' dir='ltr'>Κύριος</span> <span class='ocrx_word' id='word_1_274' title='bbox 757 1068 869 1096; x_wconf 83' lang='grc' dir='ltr'>δικαιο-</span> 
     </span>
    </p>
   </div>
   <div class='ocr_carea' id='block_1_38' title="bbox 71 1112 869 1147">
    <p class='ocr_par' dir='ltr' id='par_1_38' title="bbox 71 1112 869 1147">
     <span class='ocr_line' id='line_1_38' title="bbox 71 1112 869 1147; baseline 0.004 -8"><span class='ocrx_word' id='word_1_275' title='bbox 71 1112 185 1146; x_wconf 76' lang='grc' dir='ltr'>σύνην,</span> <span class='ocrx_word' id='word_1_276' title='bbox 212 1112 260 1139; x_wconf 77' lang='grc' dir='ltr'>καὶ</span> <span class='ocrx_word' id='word_1_277' title='bbox 291 1112 464 1147; x_wconf 64' lang='grc' dir='ltr'>ἀγαλλῖαμα</span> <span class='ocrx_word' id='word_1_278' title='bbox 495 1113 635 1140; x_wconf 73' lang='grc' dir='ltr'>ἐναντίον</span> <span class='ocrx_word' id='word_1_279' title='bbox 667 1114 788 1141; x_wconf 80' lang='grc' dir='ltr'>πάντων</span> <span class='ocrx_word' id='word_1_280' title='bbox 811 1115 869 1142; x_wconf 82' lang='grc' dir='ltr'><strong>τῶν</strong></span> 
     </span>
    </p>
   </div>
   <div class='ocr_carea' id='block_1_39' title="bbox 71 1156 179 1184">
    <p class='ocr_par' dir='ltr' id='par_1_39' title="bbox 71 1156 179 1184">
     <span class='ocr_line' id='line_1_39' title="bbox 71 1156 179 1184; baseline -0.009 0"><span class='ocrx_word' id='word_1_281' title='bbox 71 1156 179 1184; x_wconf 78' lang='grc' dir='ltr'><strong>ἐθνῶν.</strong></span> 
     </span>
    </p>
   </div>
   <div class='ocr_carea' id='block_1_40' title="bbox 106 1203 870 1240">
    <p class='ocr_par' dir='ltr' id='par_1_40' title="bbox 106 1203 870 1240">
     <span class='ocr_line' id='line_1_40' title="bbox 106 1203 870 1240; baseline 0.004 -11"><span class='ocrx_word' id='word_1_282' title='bbox 106 1203 252 1238; x_wconf 73' lang='grc' dir='ltr'>Φιλότιμον</span> <span class='ocrx_word' id='word_1_283' title='bbox 269 1203 311 1229; x_wconf 78' lang='grc' dir='ltr'><strong>ἐπ’</strong></span> <span class='ocrx_word' id='word_1_284' title='bbox 328 1203 419 1234; x_wconf 82' lang='grc' dir='ltr'>αὐτοῖς</span> <span class='ocrx_word' id='word_1_285' title='bbox 444 1203 572 1235; x_wconf 81' lang='grc' dir='ltr'>ἁπλώσας</span> <span class='ocrx_word' id='word_1_286' title='bbox 597 1205 646 1240; x_wconf 80' lang='grc' dir='ltr'>τὴν</span> <span class='ocrx_word' id='word_1_287' title='bbox 678 1206 766 1240; x_wconf 85' lang='grc' dir='ltr'>χεῖρα,</span> <span class='ocrx_word' id='word_1_288' title='bbox 795 1206 870 1232; x_wconf 80' lang='grc' dir='ltr'>πλεί-</span> 
     </span>
    </p>
   </div>
   <div class='ocr_carea' id='block_1_41' title="bbox 74 1248 871 1286">
    <p class='ocr_par' dir='ltr' id='par_1_41' title="bbox 74 1248 871 1286">
     <span class='ocr_line' id='line_1_41' title="bbox 74 1248 871 1286; baseline 0.005 -11"><span class='ocrx_word' id='word_1_289' title='bbox 74 1257 148 1281; x_wconf 80' lang='grc' dir='ltr'>στοις</span> <span class='ocrx_word' id='word_1_290' title='bbox 169 1258 198 1275; x_wconf 87' lang='grc' dir='ltr'><strong>τε</strong></span> <span class='ocrx_word' id='word_1_291' title='bbox 222 1249 293 1280; x_wconf 81' lang='grc' dir='ltr'>ὅσοις</span> <span class='ocrx_word' id='word_1_292' title='bbox 309 1249 354 1276; x_wconf 69' lang='grc' dir='ltr'>καὶ</span> <span class='ocrx_word' id='word_1_293' title='bbox 371 1248 542 1285; x_wconf 76' lang='grc' dir='ltr'>ἀξιοκτήτοις</span> <span class='ocrx_word' id='word_1_294' title='bbox 562 1251 710 1285; x_wconf 82' lang='grc' dir='ltr'>χαρίσμασι</span> <span class='ocrx_word' id='word_1_295' title='bbox 737 1252 871 1286; x_wconf 78' lang='grc' dir='ltr'>στεφανώ-</span> 
     </span>
    </p>
   </div>
   <div class='ocr_carea' id='block_1_42' title="bbox 74 1294 870 1332">
    <p class='ocr_par' dir='ltr' id='par_1_42' title="bbox 74 1294 870 1332">
     <span class='ocr_line' id='line_1_42' title="bbox 74 1294 870 1332; baseline 0.003 -10"><span class='ocrx_word' id='word_1_296' title='bbox 74 1303 134 1322; x_wconf 84' lang='grc' dir='ltr'>σειν</span> <span class='ocrx_word' id='word_1_297' title='bbox 165 1294 266 1322; x_wconf 76' lang='grc' dir='ltr'>είπών·</span> <span class='ocrx_word' id='word_1_298' title='bbox 299 1305 307 1320; x_wconf 86' lang='grc' dir='ltr'><strong>ι</strong></span> <span class='ocrx_word' id='word_1_299' title='bbox 327 1295 387 1326; x_wconf 84' lang='grc' dir='ltr'>Πᾶς</span> <span class='ocrx_word' id='word_1_300' title='bbox 414 1296 468 1331; x_wconf 78' lang='grc' dir='ltr'><strong>γὰρ</strong></span> <span class='ocrx_word' id='word_1_301' title='bbox 491 1297 505 1322; x_wconf 83' lang='grc' dir='ltr'>ὀ</span> <span class='ocrx_word' id='word_1_302' title='bbox 531 1297 620 1332; x_wconf 76' lang='grc' dir='ltr'>ὀρῶν,</span> <span class='ocrx_word' id='word_1_303' title='bbox 644 1297 747 1332; x_wconf 73' lang='grc' dir='ltr'>φησὶν,</span> <span class='ocrx_word' id='word_1_304' title='bbox 773 1298 870 1330; x_wconf 73' lang='grc' dir='ltr'>αὐτοὺς</span> 
     </span>
    </p>
   </div>
   <div class='ocr_carea' id='block_1_43' title="bbox 74 1336 870 1378">
    <p class='ocr_par' dir='ltr' id='par_1_43' title="bbox 74 1336 870 1378">
     <span class='ocr_line' id='line_1_43' title="bbox 74 1336 870 1378; baseline 0.005 -12"><span class='ocrx_word' id='word_1_305' title='bbox 74 1341 267 1374; x_wconf 76' lang='grc' dir='ltr'>ἐπιγνώσεται,</span> <span class='ocrx_word' id='word_1_306' title='bbox 285 1341 325 1367; x_wconf 81' lang='grc' dir='ltr'>ὅτι</span> <span class='ocrx_word' id='word_1_307' title='bbox 337 1336 413 1367; x_wconf 73' lang='grc' dir='ltr'>οὗτοί</span> <span class='ocrx_word' id='word_1_308' title='bbox 431 1342 485 1367; x_wconf 75' lang='grc' dir='ltr'>εἰσι</span> <span class='ocrx_word' id='word_1_309' title='bbox 497 1342 607 1377; x_wconf 76' lang='grc' dir='ltr'>σπέρμα</span> <span class='ocrx_word' id='word_1_310' title='bbox 626 1342 807 1378; x_wconf 78' lang='grc' dir='ltr'>εὐλογημένον</span> <span class='ocrx_word' id='word_1_311' title='bbox 818 1344 870 1370; x_wconf 82' lang='grc' dir='ltr'><strong>ὑπὸ</strong></span> 
     </span>
    </p>
   </div>
   <div class='ocr_carea' id='block_1_44' title="bbox 73 1384 872 1425">
    <p class='ocr_par' dir='ltr' id='par_1_44' title="bbox 73 1384 872 1425">
     <span class='ocr_line' id='line_1_44' title="bbox 73 1384 872 1425; baseline 0.004 -13"><span class='ocrx_word' id='word_1_312' title='bbox 73 1386 154 1418; x_wconf 78' lang='grc' dir='ltr'>Θεοῦ,</span> <span class='ocrx_word' id='word_1_313' title='bbox 179 1395 188 1411; x_wconf 75' lang='grc' dir='ltr'><strong>ι</strong></span> <span class='ocrx_word' id='word_1_314' title='bbox 213 1384 273 1413; x_wconf 77' lang='grc' dir='ltr'>εἶτα</span> <span class='ocrx_word' id='word_1_315' title='bbox 294 1387 523 1421; x_wconf 80' lang='grc' dir='ltr'>προσεπενεγκὼν</span> <span class='ocrx_word' id='word_1_316' title='bbox 549 1388 589 1414; x_wconf 75' lang='grc' dir='ltr'><strong>ὅτι</strong></span> <span class='ocrx_word' id='word_1_317' title='bbox 609 1397 617 1413; x_wconf 81' lang='grc' dir='ltr'><strong>ι</strong></span> <span class='ocrx_word' id='word_1_318' title='bbox 640 1389 694 1414; x_wconf 75' lang='grc' dir='ltr'><strong>Καὶ</strong></span> <span class='ocrx_word' id='word_1_319' title='bbox 720 1389 872 1425; x_wconf 81' lang='grc' dir='ltr'>εὐφρανθή-</span> 
     </span>
    </p>
   </div>
   <div class='ocr_carea' id='block_1_45' title="bbox 75 1432 872 1470">
    <p class='ocr_par' dir='ltr' id='par_1_45' title="bbox 75 1432 872 1470">
     <span class='ocr_line' id='line_1_45' title="bbox 75 1432 872 1470; baseline 0.004 -12"><span class='ocrx_word' id='word_1_320' title='bbox 75 1441 167 1459; x_wconf 87' lang='grc' dir='ltr'>σονται</span> <span class='ocrx_word' id='word_1_321' title='bbox 187 1433 233 1459; x_wconf 74' lang='grc' dir='ltr'>ἐπὶ</span> <span class='ocrx_word' id='word_1_322' title='bbox 254 1432 369 1468; x_wconf 80' lang='grc' dir='ltr'>Κύριον,</span> <span class='ocrx_word' id='word_1_323' title='bbox 388 1443 396 1458; x_wconf 75' lang='grc' dir='ltr'><strong>ι</strong></span> <span class='ocrx_word' id='word_1_324' title='bbox 416 1433 522 1460; x_wconf 79' lang='grc' dir='ltr'>δίδωσιν</span> <span class='ocrx_word' id='word_1_325' title='bbox 545 1433 624 1465; x_wconf 78' lang='grc' dir='ltr'>εὐθὺς</span> <span class='ocrx_word' id='word_1_326' title='bbox 638 1434 687 1469; x_wconf 85' lang='grc' dir='ltr'>τὴν</span> <span class='ocrx_word' id='word_1_327' title='bbox 703 1435 872 1470; x_wconf 70' lang='grc' dir='ltr'>εὐφροσύνην</span> 
     </span>
    </p>
   </div>
   <div class='ocr_carea' id='block_1_46' title="bbox 75 1478 872 1515">
    <p class='ocr_par' dir='ltr' id='par_1_46' title="bbox 75 1478 872 1515">
     <span class='ocr_line' id='line_1_46' title="bbox 75 1478 872 1515; baseline 0.004 -11"><span class='ocrx_word' id='word_1_328' title='bbox 75 1479 176 1510; x_wconf 74' lang='grc' dir='ltr'>αὐτοῖς.</span> <span class='ocrx_word' id='word_1_329' title='bbox 189 1478 322 1513; x_wconf 82' lang='grc' dir='ltr'>Ταύτῃτοι</span> <span class='ocrx_word' id='word_1_330' title='bbox 333 1478 380 1505; x_wconf 68' lang='grc' dir='ltr'>καὶ</span> <span class='ocrx_word' id='word_1_331' title='bbox 400 1479 473 1513; x_wconf 81' lang='grc' dir='ltr'>μάλα</span> <span class='ocrx_word' id='word_1_332' title='bbox 486 1479 638 1510; x_wconf 79' lang='grc' dir='ltr'>είκύτως¹τδ</span> <span class='ocrx_word' id='word_1_333' title='bbox 649 1480 698 1512; x_wconf 71' lang='grc' dir='ltr'><strong>τῆς</strong></span> <span class='ocrx_word' id='word_1_334' title='bbox 710 1481 872 1515; x_wconf 86' lang='grc' dir='ltr'>Ἐκκλησίας</span> 
     </span>
    </p>
   </div>
   <div class='ocr_carea' id='block_1_47' title="bbox 75 1523 872 1560">
    <p class='ocr_par' dir='ltr' id='par_1_47' title="bbox 75 1523 872 1560">
     <span class='ocr_line' id='line_1_47' title="bbox 75 1523 872 1560; baseline 0.005 -11"><span class='ocrx_word' id='word_1_335' title='bbox 75 1523 251 1558; x_wconf 74' lang='grc' dir='ltr'>εἰσεκομίσθη</span> <span class='ocrx_word' id='word_1_336' title='bbox 259 1524 401 1558; x_wconf 83' lang='grc' dir='ltr'>πρόσωπον</span> <span class='ocrx_word' id='word_1_337' title='bbox 409 1524 440 1549; x_wconf 80' lang='grc' dir='ltr'>ἐκ</span> <span class='ocrx_word' id='word_1_338' title='bbox 448 1524 625 1560; x_wconf 77' lang='grc' dir='ltr'>περιχαρείας</span> <span class='ocrx_word' id='word_1_339' title='bbox 631 1525 681 1559; x_wconf 82' lang='grc' dir='ltr'>τῆς</span> <span class='ocrx_word' id='word_1_340' title='bbox 689 1525 756 1559; x_wconf 83' lang='grc' dir='ltr'>ἄγαν</span> <span class='ocrx_word' id='word_1_341' title='bbox 764 1525 872 1560; x_wconf 73' lang='grc' dir='ltr'>ἀναφω-</span> 
     </span>
    </p>
   </div>
   <div class='ocr_carea' id='block_1_48' title="bbox 76 1569 871 1606">
    <p class='ocr_par' dir='ltr' id='par_1_48' title="bbox 76 1569 871 1606">
     <span class='ocr_line' id='line_1_48' title="bbox 76 1569 871 1606; baseline 0.003 -11"><span class='ocrx_word' id='word_1_342' title='bbox 76 1570 150 1602; x_wconf 82' lang='grc' dir='ltr'>νοῦν,</span> <span class='ocrx_word' id='word_1_343' title='bbox 162 1579 171 1595; x_wconf 82' lang='grc' dir='ltr'><strong>ι</strong></span> <span class='ocrx_word' id='word_1_344' title='bbox 181 1569 391 1604; x_wconf 78' lang='grc' dir='ltr'>Ἀγαλλιάσθωή</span> <span class='ocrx_word' id='word_1_345' title='bbox 399 1569 471 1604; x_wconf 84' lang='grc' dir='ltr'>ψυχή</span> <span class='ocrx_word' id='word_1_346' title='bbox 483 1579 532 1604; x_wconf 86' lang='grc' dir='ltr'><strong>μου</strong></span> <span class='ocrx_word' id='word_1_347' title='bbox 542 1570 588 1596; x_wconf 75' lang='grc' dir='ltr'>ἐπὶ</span> <span class='ocrx_word' id='word_1_348' title='bbox 600 1569 637 1604; x_wconf 78' lang='grc' dir='ltr'>τῷ</span> <span class='ocrx_word' id='word_1_349' title='bbox 648 1570 752 1606; x_wconf 82' lang='grc' dir='ltr'>Κυρίῳ,</span> <span class='ocrx_word' id='word_1_350' title='bbox 764 1571 871 1598; x_wconf 76' lang='grc' dir='ltr'><strong>ἐνέδυσε</strong></span> 
     </span>
    </p>
   </div>
   <div class='ocr_carea' id='block_1_49' title="bbox 75 1615 874 1651">
    <p class='ocr_par' dir='ltr' id='par_1_49' title="bbox 75 1615 874 1651">
     <span class='ocr_line' id='line_1_49' title="bbox 75 1615 874 1651; baseline 0.003 -10"><span class='ocrx_word' id='word_1_351' title='bbox 75 1617 129 1651; x_wconf 69' lang='grc' dir='ltr'>γὲιρ</span> <span class='ocrx_word' id='word_1_352' title='bbox 140 1624 173 1651; x_wconf 85' lang='grc' dir='ltr'><strong>με</strong></span> <span class='ocrx_word' id='word_1_353' title='bbox 181 1615 287 1650; x_wconf 83' lang='grc' dir='ltr'>ἱμάτιον</span> <span class='ocrx_word' id='word_1_354' title='bbox 297 1615 440 1650; x_wconf 81' lang='grc' dir='ltr'>σωτηρίου,</span> <span class='ocrx_word' id='word_1_355' title='bbox 451 1616 498 1642; x_wconf 76' lang='grc' dir='ltr'>καὶ</span> <span class='ocrx_word' id='word_1_356' title='bbox 507 1615 608 1650; x_wconf 80' lang='grc' dir='ltr'>χιτῶνα</span> <span class='ocrx_word' id='word_1_357' title='bbox 619 1616 798 1651; x_wconf 78' lang='grc' dir='ltr'>εὐφροσύνης.</span> <span class='ocrx_word' id='word_1_358' title='bbox 813 1617 874 1643; x_wconf 72' lang='grc' dir='ltr'><strong>»Χι-</strong></span> 
     </span>
    </p>
   </div>
   <div class='ocr_carea' id='block_1_50' title="bbox 75 1661 872 1697">
    <p class='ocr_par' dir='ltr' id='par_1_50' title="bbox 75 1661 872 1697">
     <span class='ocr_line' id='line_1_50' title="bbox 75 1661 872 1697; baseline 0.003 -10"><span class='ocrx_word' id='word_1_359' title='bbox 75 1662 150 1688; x_wconf 79' lang='grc' dir='ltr'>τῶνα</span> <span class='ocrx_word' id='word_1_360' title='bbox 170 1661 336 1696; x_wconf 79' lang='grc' dir='ltr'>εὐφροσύνης</span> <span class='ocrx_word' id='word_1_361' title='bbox 353 1661 398 1687; x_wconf 65' lang='grc' dir='ltr'><strong>τὸν</strong></span> <span class='ocrx_word' id='word_1_362' title='bbox 412 1661 516 1697; x_wconf 81' lang='grc' dir='ltr'>Κύριον</span> <span class='ocrx_word' id='word_1_363' title='bbox 535 1661 613 1696; x_wconf 81' lang='grc' dir='ltr'>ἡμῶν</span> <span class='ocrx_word' id='word_1_364' title='bbox 633 1662 738 1697; x_wconf 81' lang='grc' dir='ltr'>Ἰησοῦν</span> <span class='ocrx_word' id='word_1_365' title='bbox 755 1663 872 1697; x_wconf 81' lang='grc' dir='ltr'>Χριστόν</span> 
     </span>
    </p>
   </div>
   <div class='ocr_carea' id='block_1_51' title="bbox 77 1706 872 1742">
    <p class='ocr_par' dir='ltr' id='par_1_51' title="bbox 77 1706 872 1742">
     <span class='ocr_line' id='line_1_51' title="bbox 77 1706 872 1742; baseline 0.001 -10"><span class='ocrx_word' id='word_1_366' title='bbox 77 1715 154 1742; x_wconf 72' lang='grc' dir='ltr'>φησι.</span> <span class='ocrx_word' id='word_1_367' title='bbox 165 1706 268 1741; x_wconf 70' lang='grc' dir='ltr'>Γράφει</span> <span class='ocrx_word' id='word_1_368' title='bbox 280 1706 344 1740; x_wconf 86' lang='grc' dir='ltr'>γοῦν</span> <span class='ocrx_word' id='word_1_369' title='bbox 351 1707 397 1732; x_wconf 80' lang='grc' dir='ltr'>καὶ</span> <span class='ocrx_word' id='word_1_370' title='bbox 403 1707 416 1732; x_wconf 86' lang='grc' dir='ltr'>ὁ</span> <span class='ocrx_word' id='word_1_371' title='bbox 425 1707 562 1740; x_wconf 66' lang='grc' dir='ltr'>πάνσοζιος</span> <span class='ocrx_word' id='word_1_372' title='bbox 569 1707 592 1732; x_wconf 91' lang='grc' dir='ltr'><strong>Π</strong></span> <span class='ocrx_word' id='word_1_373' title='bbox 598 1706 676 1738; x_wconf 76' lang='grc' dir='ltr'>αῦλος</span> <span class='ocrx_word' id='word_1_374' title='bbox 683 1708 739 1738; x_wconf 87' lang='grc' dir='ltr'>τοῖς</span> <span class='ocrx_word' id='word_1_375' title='bbox 746 1708 786 1738; x_wconf 82' lang='grc' dir='ltr'><strong>εἰς</strong></span> <span class='ocrx_word' id='word_1_376' title='bbox 792 1706 872 1734; x_wconf 79' lang='grc' dir='ltr'>αὑτὸν</span> 
     </span>
    </p>
   </div>
   <div class='ocr_carea' id='block_1_52' title="bbox 77 1751 872 1787">
    <p class='ocr_par' dir='ltr' id='par_1_52' title="bbox 77 1751 872 1787">
     <span class='ocr_line' id='line_1_52' title="bbox 77 1751 872 1787; baseline 0.003 -10"><span class='ocrx_word' id='word_1_377' title='bbox 77 1751 255 1777; x_wconf 81' lang='grc' dir='ltr'>πιστεύσασιν</span> <span class='ocrx_word' id='word_1_378' title='bbox 267 1759 274 1766; x_wconf 87' lang='grc'>·</span> <span class='ocrx_word' id='word_1_379' title='bbox 292 1761 301 1776; x_wconf 82' lang='grc' dir='ltr'><strong>ι</strong></span> <span class='ocrx_word' id='word_1_380' title='bbox 313 1751 473 1778; x_wconf 80' lang='grc' dir='ltr'>Ἐνδύσασθε</span> <span class='ocrx_word' id='word_1_381' title='bbox 492 1752 537 1777; x_wconf 78' lang='grc' dir='ltr'>’τὸν</span> <span class='ocrx_word' id='word_1_382' title='bbox 549 1751 650 1786; x_wconf 81' lang='grc' dir='ltr'>Κύριον</span> <span class='ocrx_word' id='word_1_383' title='bbox 670 1753 748 1787; x_wconf 82' lang='grc' dir='ltr'>ἡμῶν</span> <span class='ocrx_word' id='word_1_384' title='bbox 767 1752 872 1787; x_wconf 83' lang='grc' dir='ltr'>Ἰησοῦν</span> 
     </span>
    </p>
   </div>
   <div class='ocr_carea' id='block_1_53' title="bbox 75 1796 872 1833">
    <p class='ocr_par' dir='ltr' id='par_1_53' title="bbox 75 1796 872 1833">
     <span class='ocr_line' id='line_1_53' title="bbox 75 1796 872 1833; baseline 0.004 -11"><span class='ocrx_word' id='word_1_385' title='bbox 75 1796 121 1824; x_wconf 71' lang='grc' dir='ltr'>τὸν</span> <span class='ocrx_word' id='word_1_386' title='bbox 138 1797 267 1832; x_wconf 76' lang='grc' dir='ltr'>Χριστὸν,</span> <span class='ocrx_word' id='word_1_387' title='bbox 285 1798 332 1823; x_wconf 71' lang='grc' dir='ltr'><strong>καὶ</strong></span> <span class='ocrx_word' id='word_1_388' title='bbox 348 1796 397 1831; x_wconf 78' lang='grc' dir='ltr'>τῆς</span> <span class='ocrx_word' id='word_1_389' title='bbox 414 1797 514 1832; x_wconf 84' lang='grc' dir='ltr'>σαρκὸς</span> <span class='ocrx_word' id='word_1_390' title='bbox 533 1797 661 1831; x_wconf 83' lang='grc' dir='ltr'>πρόνοιαν</span> <span class='ocrx_word' id='word_1_391' title='bbox 686 1797 723 1833; x_wconf 83' lang='grc' dir='ltr'>μὴ</span> <span class='ocrx_word' id='word_1_392' title='bbox 752 1799 872 1825; x_wconf 81' lang='grc' dir='ltr'>ποιεῖσθε</span> 
     </span>
    </p>
   </div>
   <div class='ocr_carea' id='block_1_54' title="bbox 77 1843 873 1880">
    <p class='ocr_par' dir='ltr' id='par_1_54' title="bbox 77 1843 873 1880">
     <span class='ocr_line' id='line_1_54' title="bbox 77 1843 873 1880; baseline 0.004 -11"><span class='ocrx_word' id='word_1_393' title='bbox 77 1844 116 1874; x_wconf 81' lang='grc' dir='ltr'><strong>εἰς</strong></span> <span class='ocrx_word' id='word_1_394' title='bbox 131 1843 287 1877; x_wconf 71' lang='grc' dir='ltr'>ἐπιθυμίαν.</span> <span class='ocrx_word' id='word_1_395' title='bbox 306 1852 315 1868; x_wconf 83' lang='grc' dir='ltr'><strong>ι</strong></span> <span class='ocrx_word' id='word_1_396' title='bbox 336 1843 369 1869; x_wconf 80' lang='grc' dir='ltr'><strong>Οἳ</strong></span> <span class='ocrx_word' id='word_1_397' title='bbox 386 1851 418 1877; x_wconf 82' lang='grc' dir='ltr'><strong>γε</strong></span> <span class='ocrx_word' id='word_1_398' title='bbox 442 1843 494 1878; x_wconf 77' lang='grc' dir='ltr'>μὴν</span> <span class='ocrx_word' id='word_1_399' title='bbox 510 1843 614 1878; x_wconf 79' lang='grc' dir='ltr'>ἀμφίου</span> <span class='ocrx_word' id='word_1_400' title='bbox 632 1843 710 1878; x_wconf 88' lang='grc' dir='ltr'>δίκην</span> <span class='ocrx_word' id='word_1_401' title='bbox 725 1845 873 1880; x_wconf 76' lang='grc' dir='ltr'>ἐσχηκότες</span> 
     </span>
    </p>
   </div>
   <div class='ocr_carea' id='block_1_55' title="bbox 77 1888 871 1926">
    <p class='ocr_par' dir='ltr' id='par_1_55' title="bbox 77 1888 871 1926">
     <span class='ocr_line' id='line_1_55' title="bbox 77 1888 871 1926; baseline 0.003 -11"><span class='ocrx_word' id='word_1_402' title='bbox 77 1889 160 1915; x_wconf 74' lang='grc' dir='ltr'>αὑτὸν</span> <span class='ocrx_word' id='word_1_403' title='bbox 174 1888 242 1924; x_wconf 83' lang='grc' dir='ltr'>πρὸς</span> <span class='ocrx_word' id='word_1_404' title='bbox 261 1889 294 1923; x_wconf 79' lang='grc' dir='ltr'><strong>τῇ</strong></span> <span class='ocrx_word' id='word_1_405' title='bbox 311 1888 434 1924; x_wconf 81' lang='grc' dir='ltr'>σωτηρίᾳ</span> <span class='ocrx_word' id='word_1_406' title='bbox 454 1888 625 1923; x_wconf 78' lang='grc' dir='ltr'>κερδαίνουσι</span> <span class='ocrx_word' id='word_1_407' title='bbox 658 1889 688 1915; x_wconf 83' lang='grc' dir='ltr'><strong>τὺ</strong></span> <span class='ocrx_word' id='word_1_408' title='bbox 715 1890 871 1926; x_wconf 77' lang='grc' dir='ltr'>εὐημερεῖν,</span> 
     </span>
    </p>
   </div>
   <div class='ocr_carea' id='block_1_56' title="bbox 78 1932 872 1970">
    <p class='ocr_par' dir='ltr' id='par_1_56' title="bbox 78 1932 872 1970">
     <span class='ocr_line' id='line_1_56' title="bbox 78 1932 872 1970; baseline 0.001 -9"><span class='ocrx_word' id='word_1_409' title='bbox 78 1935 124 1961; x_wconf 74' lang='grc' dir='ltr'>καὶ</span> <span class='ocrx_word' id='word_1_410' title='bbox 141 1935 172 1961; x_wconf 83' lang='grc' dir='ltr'><strong>τδ</strong></span> <span class='ocrx_word' id='word_1_411' title='bbox 190 1936 219 1961; x_wconf 88' lang='grc' dir='ltr'>ὲν</span> <span class='ocrx_word' id='word_1_412' title='bbox 234 1934 415 1970; x_wconf 78' lang='grc' dir='ltr'>εὐφροσύναις</span> <span class='ocrx_word' id='word_1_413' title='bbox 430 1932 499 1961; x_wconf 79' lang='grc' dir='ltr'>εἶναι</span> <span class='ocrx_word' id='word_1_414' title='bbox 511 1936 641 1969; x_wconf 83' lang='grc' dir='ltr'><strong>μακραῖς.</strong></span> <span class='ocrx_word' id='word_1_415' title='bbox 660 1935 731 1970; x_wconf 80' lang='grc' dir='ltr'><strong>Ἔφη</strong></span> <span class='ocrx_word' id='word_1_416' title='bbox 745 1935 810 1969; x_wconf 79' lang='grc' dir='ltr'>γοῦν</span> <span class='ocrx_word' id='word_1_417' title='bbox 824 1937 872 1962; x_wconf 82' lang='grc' dir='ltr'><strong>αὑ-</strong></span> 
     </span>
    </p>
   </div>
   <div class='ocr_carea' id='block_1_57' title="bbox 77 1979 874 2016">
    <p class='ocr_par' dir='ltr' id='par_1_57' title="bbox 77 1979 874 2016">
     <span class='ocr_line' id='line_1_57' title="bbox 77 1979 874 2016; baseline 0.001 -9"><span class='ocrx_word' id='word_1_418' title='bbox 77 1981 123 2012; x_wconf 59' lang='grc' dir='ltr'>τὸς</span> <span class='ocrx_word' id='word_1_419' title='bbox 138 1981 153 2007; x_wconf 80' lang='grc' dir='ltr'><strong>ὁ</strong></span> <span class='ocrx_word' id='word_1_420' title='bbox 168 1979 274 2016; x_wconf 72' lang='grc' dir='ltr'>Σωτῆρ-</span> <span class='ocrx_word' id='word_1_421' title='bbox 290 1990 299 2006; x_wconf 77' lang='grc' dir='ltr'><strong>ι</strong></span> <span class='ocrx_word' id='word_1_422' title='bbox 323 1980 352 2006; x_wconf 92' lang='lat'><strong>&#39;0</strong></span> <span class='ocrx_word' id='word_1_423' title='bbox 379 1980 498 2014; x_wconf 78' lang='grc' dir='ltr'>κλέπτης</span> <span class='ocrx_word' id='word_1_424' title='bbox 518 1981 569 2007; x_wconf 79' lang='grc' dir='ltr'>οὐκ</span> <span class='ocrx_word' id='word_1_425' title='bbox 591 1980 710 2016; x_wconf 74' lang='grc' dir='ltr'>ἔρχεται,</span> <span class='ocrx_word' id='word_1_426' title='bbox 736 1982 759 2007; x_wconf 82' lang='grc' dir='ltr'><strong>εί</strong></span> <span class='ocrx_word' id='word_1_427' title='bbox 778 1981 815 2016; x_wconf 84' lang='grc' dir='ltr'>μὴ</span> <span class='ocrx_word' id='word_1_428' title='bbox 830 1981 874 2008; x_wconf 78' lang='grc' dir='ltr'><strong>ἵνα</strong></span> 
     </span>
    </p>
   </div>
   <div class='ocr_carea' id='block_1_58' title="bbox 78 2024 873 2063">
    <p class='ocr_par' dir='ltr' id='par_1_58' title="bbox 78 2024 873 2063">
     <span class='ocr_line' id='line_1_58' title="bbox 78 2024 873 2063; baseline 0.001 -11"><span class='ocrx_word' id='word_1_429' title='bbox 78 2026 167 2063; x_wconf 68' lang='grc' dir='ltr'>κλέψῃ</span> <span class='ocrx_word' id='word_1_430' title='bbox 184 2026 230 2052; x_wconf 76' lang='grc' dir='ltr'>καὶ</span> <span class='ocrx_word' id='word_1_431' title='bbox 246 2025 325 2061; x_wconf 58' lang='lat' dir='ltr'><strong>etiam,</strong></span> <span class='ocrx_word' id='word_1_432' title='bbox 340 2027 388 2052; x_wconf 69' lang='grc' dir='ltr'><strong>καὶ</strong></span> <span class='ocrx_word' id='word_1_433' title='bbox 402 2026 533 2061; x_wconf 79' lang='grc' dir='ltr'><strong>ἀπολέσῃ.</strong></span> <span class='ocrx_word' id='word_1_434' title='bbox 561 2026 631 2059; x_wconf 80' lang='grc' dir='ltr'>Ἐγὼ</span> <span class='ocrx_word' id='word_1_435' title='bbox 643 2024 726 2060; x_wconf 81' lang='grc' dir='ltr'>ἦλθον</span> <span class='ocrx_word' id='word_1_436' title='bbox 745 2026 789 2052; x_wconf 81' lang='grc' dir='ltr'>ἵνα</span> <span class='ocrx_word' id='word_1_437' title='bbox 802 2026 873 2062; x_wconf 78' lang='grc' dir='ltr'>ζωὴν</span> 
     </span>
    </p>
   </div>
   <div class='ocr_carea' id='block_1_59' title="bbox 79 2071 872 2107">
    <p class='ocr_par' dir='ltr' id='par_1_59' title="bbox 79 2071 872 2107">
     <span class='ocr_line' id='line_1_59' title="bbox 79 2071 872 2107; baseline -0.001 -9"><span class='ocrx_word' id='word_1_438' title='bbox 79 2072 175 2107; x_wconf 77' lang='grc' dir='ltr'>ἔχωσι,</span> <span class='ocrx_word' id='word_1_439' title='bbox 190 2072 237 2098; x_wconf 81' lang='grc' dir='ltr'>καὶ</span> <span class='ocrx_word' id='word_1_440' title='bbox 251 2071 380 2106; x_wconf 68' lang='grc' dir='ltr'>περισσὸν</span> <span class='ocrx_word' id='word_1_441' title='bbox 399 2071 507 2106; x_wconf 76' lang='grc' dir='ltr'>ἔχωσιν.</span> <span class='ocrx_word' id='word_1_442' title='bbox 527 2081 536 2096; x_wconf 79' lang='grc' dir='ltr'><strong>ι</strong></span> <span class='ocrx_word' id='word_1_443' title='bbox 556 2072 593 2098; x_wconf 77' lang='grc' dir='ltr'><strong>Οὐ</strong></span> <span class='ocrx_word' id='word_1_444' title='bbox 609 2073 663 2107; x_wconf 79' lang='grc' dir='ltr'>γὰρ</span> <span class='ocrx_word' id='word_1_445' title='bbox 687 2071 768 2102; x_wconf 75' lang='grc' dir='ltr'>σώζει</span> <span class='ocrx_word' id='word_1_446' title='bbox 782 2071 872 2106; x_wconf 83' lang='grc' dir='ltr'>μόνον,</span> 
     </span>
    </p>
   </div>
   <div class='ocr_carea' id='block_1_60' title="bbox 78 2117 874 2153">
    <p class='ocr_par' dir='ltr' id='par_1_60' title="bbox 78 2117 874 2153">
     <span class='ocr_line' id='line_1_60' title="bbox 78 2117 874 2153; baseline -0.001 -9"><span class='ocrx_word' id='word_1_447' title='bbox 78 2118 116 2150; x_wconf 81' lang='grc' dir='ltr'>ὡς</span> <span class='ocrx_word' id='word_1_448' title='bbox 143 2118 223 2153; x_wconf 74' lang='grc' dir='ltr'>ἔφην,</span> <span class='ocrx_word' id='word_1_449' title='bbox 250 2117 317 2143; x_wconf 79' lang='grc' dir='ltr'>ἀλλὰ</span> <span class='ocrx_word' id='word_1_450' title='bbox 335 2118 389 2152; x_wconf 70' lang='grc' dir='ltr'>γὰρ</span> <span class='ocrx_word' id='word_1_451' title='bbox 416 2117 462 2143; x_wconf 77' lang='grc' dir='ltr'>καὶ</span> <span class='ocrx_word' id='word_1_452' title='bbox 480 2117 650 2152; x_wconf 76' lang='grc' dir='ltr'>ἀτελευτήτῳ</span> <span class='ocrx_word' id='word_1_453' title='bbox 680 2117 874 2152; x_wconf 80' lang='grc' dir='ltr'>κατευφραίνει</span> 
     </span>
    </p>
   </div>
   <div class='ocr_carea' id='block_1_61' title="bbox 78 2163 873 2201">
    <p class='ocr_par' dir='ltr' id='par_1_61' title="bbox 78 2163 873 2201">
     <span class='ocr_line' id='line_1_61' title="bbox 78 2163 873 2201; baseline -0.003 -10"><span class='ocrx_word' id='word_1_454' title='bbox 78 2165 151 2201; x_wconf 79' lang='grc' dir='ltr'>χαρᾷ</span> <span class='ocrx_word' id='word_1_455' title='bbox 161 2173 168 2179; x_wconf 88' lang='grc'>·</span> <span class='ocrx_word' id='word_1_456' title='bbox 189 2165 236 2190; x_wconf 81' lang='grc' dir='ltr'><strong>καὶ</strong></span> <span class='ocrx_word' id='word_1_457' title='bbox 259 2163 339 2190; x_wconf 81' lang='grc' dir='ltr'>τοῦτύ</span> <span class='ocrx_word' id='word_1_458' title='bbox 355 2165 415 2192; x_wconf 77' lang='grc' dir='ltr'>ἐστι</span> <span class='ocrx_word' id='word_1_459' title='bbox 430 2163 460 2190; x_wconf 82' lang='grc' dir='ltr'>τὸ</span> <span class='ocrx_word' id='word_1_460' title='bbox 478 2164 605 2200; x_wconf 75' lang='grc' dir='ltr'>περιττὸν</span> <span class='ocrx_word' id='word_1_461' title='bbox 620 2163 873 2199; x_wconf 75' lang='grc' dir='ltr'>προστεθησόμινον</span> 
     </span>
    </p>
   </div>
   <div class='ocr_carea' id='block_1_62' title="bbox 918 926 1706 962">
    <p class='ocr_par' dir='ltr' id='par_1_62' title="bbox 918 926 1706 962">
     <span class='ocr_line' id='line_1_62' title="bbox 918 926 1706 962; baseline -0.001 -9"><span class='ocrx_word' id='word_1_462' title='bbox 918 934 996 962; x_wconf 84' lang='lat' dir='ltr'><strong>quam</strong></span> <span class='ocrx_word' id='word_1_463' title='bbox 1011 934 1131 959; x_wconf 76' lang='lat' dir='ltr'><strong>sponsum</strong></span> <span class='ocrx_word' id='word_1_464' title='bbox 1145 927 1317 953; x_wconf 76' lang='lat' dir='ltr'><strong>circumdedit</strong></span> <span class='ocrx_word' id='word_1_465' title='bbox 1330 933 1369 953; x_wconf 80' lang='lat' dir='ltr'><strong>me</strong></span> <span class='ocrx_word' id='word_1_466' title='bbox 1385 927 1475 958; x_wconf 84' lang='lat' dir='ltr'><strong>mitra,</strong></span> <span class='ocrx_word' id='word_1_467' title='bbox 1489 930 1513 952; x_wconf 86' lang='lat' dir='ltr'><strong>et</strong></span> <span class='ocrx_word' id='word_1_468' title='bbox 1526 926 1601 960; x_wconf 79' lang='lat' dir='ltr'><strong>quasi</strong></span> <span class='ocrx_word' id='word_1_469' title='bbox 1627 934 1706 960; x_wconf 67' lang='lat' dir='ltr'><strong>spon-</strong></span> 
     </span>
    </p>
   </div>
   <div class='ocr_carea' id='block_1_63' title="bbox 919 971 1704 1005">
    <p class='ocr_par' dir='ltr' id='par_1_63' title="bbox 919 971 1704 1005">
     <span class='ocr_line' id='line_1_63' title="bbox 919 971 1704 1005; baseline -0.004 -5"><span class='ocrx_word' id='word_1_470' title='bbox 919 981 974 1000; x_wconf 70' lang='lat' dir='ltr'><strong>sam</strong></span> <span class='ocrx_word' id='word_1_471' title='bbox 987 973 1087 1000; x_wconf 84' lang='lat' dir='ltr'><strong>ornavit</strong></span> <span class='ocrx_word' id='word_1_472' title='bbox 1100 980 1139 999; x_wconf 86' lang='lat' dir='ltr'><strong>me</strong></span> <span class='ocrx_word' id='word_1_473' title='bbox 1149 973 1246 998; x_wconf 87' lang='lat' dir='ltr'><strong>mumlo</strong></span> <span class='ocrx_word' id='word_1_474' title='bbox 1262 973 1400 1003; x_wconf 83' lang='lat' dir='ltr'><strong>muliebri;</strong></span> <span class='ocrx_word' id='word_1_475' title='bbox 1413 977 1436 998; x_wconf 81' lang='lat' dir='ltr'><strong>et</strong></span> <span class='ocrx_word' id='word_1_476' title='bbox 1449 972 1514 998; x_wconf 70' lang='lat' dir='ltr'><strong>sicut</strong></span> <span class='ocrx_word' id='word_1_477' title='bbox 1528 975 1597 998; x_wconf 76' lang='lat' dir='ltr'><strong>terra</strong></span> <span class='ocrx_word' id='word_1_478' title='bbox 1605 971 1704 1005; x_wconf 77' lang='lat' dir='ltr'><strong>profert</strong></span> 
     </span>
    </p>
   </div>
   <div class='ocr_carea' id='block_1_64' title="bbox 918 1017 1705 1054">
    <p class='ocr_par' dir='ltr' id='par_1_64' title="bbox 918 1017 1705 1054">
     <span class='ocr_line' id='line_1_64' title="bbox 918 1017 1705 1054; baseline -0.003 -9"><span class='ocrx_word' id='word_1_479' title='bbox 918 1019 1008 1054; x_wconf 83' lang='lat' dir='ltr'><strong>ﬂorem</strong></span> <span class='ocrx_word' id='word_1_480' title='bbox 1025 1027 1111 1050; x_wconf 71' lang='lat' dir='ltr'><strong>suum,</strong></span> <span class='ocrx_word' id='word_1_481' title='bbox 1123 1023 1146 1044; x_wconf 86' lang='lat' dir='ltr'><strong>et</strong></span> <span class='ocrx_word' id='word_1_482' title='bbox 1164 1023 1193 1044; x_wconf 83' lang='lat' dir='ltr'><strong>ut</strong></span> <span class='ocrx_word' id='word_1_483' title='bbox 1205 1017 1297 1045; x_wconf 77' lang='lat' dir='ltr'><strong>ltortna</strong></span> <span class='ocrx_word' id='word_1_484' title='bbox 1323 1018 1422 1044; x_wconf 77' lang='lat' dir='ltr'><strong>semina</strong></span> <span class='ocrx_word' id='word_1_485' title='bbox 1436 1025 1494 1050; x_wconf 74' lang='lat' dir='ltr'><strong>sua,</strong></span> <span class='ocrx_word' id='word_1_486' title='bbox 1510 1017 1547 1044; x_wconf 79' lang='lat' dir='ltr'><strong>sic</strong></span> <span class='ocrx_word' id='word_1_487' title='bbox 1560 1017 1705 1052; x_wconf 77' lang='lat' dir='ltr'><strong>germinare</strong></span> 
     </span>
    </p>
   </div>
   <div class='ocr_carea' id='block_1_65' title="bbox 920 1063 1707 1099">
    <p class='ocr_par' dir='ltr' id='par_1_65' title="bbox 920 1063 1707 1099">
     <span class='ocr_line' id='line_1_65' title="bbox 920 1063 1707 1099; baseline -0.001 -9"><span class='ocrx_word' id='word_1_488' title='bbox 920 1065 997 1098; x_wconf 77' lang='lat' dir='ltr'><strong>faciet</strong></span> <span class='ocrx_word' id='word_1_489' title='bbox 1008 1064 1135 1091; x_wconf 78' lang='lat' dir='ltr'><strong>Dominus</strong></span> <span class='ocrx_word' id='word_1_490' title='bbox 1143 1064 1275 1099; x_wconf 73' lang='lat' dir='ltr'><strong>justitiam</strong></span> <span class='ocrx_word' id='word_1_491' title='bbox 1291 1069 1314 1091; x_wconf 89' lang='lat' dir='ltr'><strong>et</strong></span> <span class='ocrx_word' id='word_1_492' title='bbox 1327 1063 1531 1091; x_wconf 66' lang='lat' dir='ltr'><strong>exsultationem</strong></span> <span class='ocrx_word' id='word_1_493' title='bbox 1547 1071 1636 1090; x_wconf 83' lang='lat' dir='ltr'><strong>coram</strong></span> <span class='ocrx_word' id='word_1_494' title='bbox 1646 1070 1707 1090; x_wconf 80' lang='lat' dir='ltr'><strong>om-</strong></span> 
     </span>
    </p>
   </div>
   <div class='ocr_carea' id='block_1_66' title="bbox 919 1110 1140 1145">
    <p class='ocr_par' dir='ltr' id='par_1_66' title="bbox 919 1110 1140 1145">
     <span class='ocr_line' id='line_1_66' title="bbox 919 1110 1140 1145; baseline -0.005 -8"><span class='ocrx_word' id='word_1_495' title='bbox 919 1110 996 1137; x_wconf 79' lang='lat' dir='ltr'><strong>nibus</strong></span> <span class='ocrx_word' id='word_1_496' title='bbox 1010 1110 1140 1145; x_wconf 78' lang='lat' dir='ltr'><strong>gentibus.</strong></span> 
     </span>
    </p>
   </div>
   <div class='ocr_carea' id='block_1_67' title="bbox 956 1196 1707 1232">
    <p class='ocr_par' dir='ltr' id='par_1_67' title="bbox 956 1196 1707 1232">
     <span class='ocr_line' id='line_1_67' title="bbox 956 1196 1707 1232; baseline -0.001 -6"><span class='ocrx_word' id='word_1_497' title='bbox 956 1198 1109 1226; x_wconf 81' lang='lat' dir='ltr'><strong>Munilieam</strong></span> <span class='ocrx_word' id='word_1_498' title='bbox 1124 1198 1152 1226; x_wconf 88' lang='lat' dir='ltr'><strong>in</strong></span> <span class='ocrx_word' id='word_1_499' title='bbox 1175 1198 1233 1225; x_wconf 90' lang='lat' dir='ltr'><strong>illos</strong></span> <span class='ocrx_word' id='word_1_500' title='bbox 1250 1204 1358 1225; x_wconf 85' lang='lat' dir='ltr'><strong>manum</strong></span> <span class='ocrx_word' id='word_1_501' title='bbox 1370 1198 1503 1231; x_wconf 79' lang='lat' dir='ltr'><strong>extendit,</strong></span> <span class='ocrx_word' id='word_1_502' title='bbox 1529 1201 1557 1224; x_wconf 86' lang='lat' dir='ltr'><strong>et</strong></span> <span class='ocrx_word' id='word_1_503' title='bbox 1585 1196 1707 1232; x_wconf 71' lang='lat' dir='ltr'><strong>plurimi:</strong></span> 
     </span>
    </p>
   </div>
   <div class='ocr_carea' id='block_1_68' title="bbox 921 1243 1708 1280">
    <p class='ocr_par' dir='ltr' id='par_1_68' title="bbox 921 1243 1708 1280">
     <span class='ocr_line' id='line_1_68' title="bbox 921 1243 1708 1280; baseline -0.004 -7"><span class='ocrx_word' id='word_1_504' title='bbox 921 1249 948 1274; x_wconf 89' lang='lat' dir='ltr'><strong>et</strong></span> <span class='ocrx_word' id='word_1_505' title='bbox 957 1245 1105 1280; x_wconf 79' lang='lat' dir='ltr'><strong>insignibus</strong></span> <span class='ocrx_word' id='word_1_506' title='bbox 1117 1245 1192 1272; x_wconf 82' lang='lat' dir='ltr'><strong>donis</strong></span> <span class='ocrx_word' id='word_1_507' title='bbox 1204 1248 1396 1272; x_wconf 81' lang='lat' dir='ltr'><strong>coronaturum</strong></span> <span class='ocrx_word' id='word_1_508' title='bbox 1410 1252 1439 1271; x_wconf 88' lang='lat' dir='ltr'><strong>se</strong></span> <span class='ocrx_word' id='word_1_509' title='bbox 1455 1244 1515 1272; x_wconf 78' lang='lat' dir='ltr'><strong>illos</strong></span> <span class='ocrx_word' id='word_1_510' title='bbox 1523 1243 1605 1271; x_wconf 78' lang='lat' dir='ltr'><strong>dixit:</strong></span> <span class='ocrx_word' id='word_1_511' title='bbox 1622 1252 1631 1269; x_wconf 81' lang='grc' dir='ltr'><strong>ι</strong></span> <span class='ocrx_word' id='word_1_512' title='bbox 1641 1243 1708 1270; x_wconf 91' lang='lat' dir='ltr'><strong>0m-</strong></span> 
     </span>
    </p>
   </div>
   <div class='ocr_carea' id='block_1_69' title="bbox 923 1291 1709 1325">
    <p class='ocr_par' dir='ltr' id='par_1_69' title="bbox 923 1291 1709 1325">
     <span class='ocr_line' id='line_1_69' title="bbox 923 1291 1709 1325; baseline -0.003 -7"><span class='ocrx_word' id='word_1_513' title='bbox 923 1292 964 1319; x_wconf 89' lang='lat' dir='ltr'><strong>nis</strong></span> <span class='ocrx_word' id='word_1_514' title='bbox 991 1291 1073 1324; x_wconf 89' lang='lat' dir='ltr'><strong>enim,</strong></span> <span class='ocrx_word' id='word_1_515' title='bbox 1103 1291 1200 1324; x_wconf 84' lang='lat' dir='ltr'><strong>inquit,</strong></span> <span class='ocrx_word' id='word_1_516' title='bbox 1221 1291 1265 1325; x_wconf 88' lang='lat' dir='ltr'><strong>qui</strong></span> <span class='ocrx_word' id='word_1_517' title='bbox 1288 1291 1363 1318; x_wconf 81' lang='lat' dir='ltr'><strong>videt</strong></span> <span class='ocrx_word' id='word_1_518' title='bbox 1387 1298 1442 1324; x_wconf 83' lang='lat' dir='ltr'><strong>eos,</strong></span> <span class='ocrx_word' id='word_1_519' title='bbox 1470 1294 1617 1325; x_wconf 75' lang='lat' dir='ltr'><strong>cognoscet</strong></span> <span class='ocrx_word' id='word_1_520' title='bbox 1646 1296 1709 1316; x_wconf 77' lang='lat' dir='ltr'><strong>esse</strong></span> 
     </span>
    </p>
   </div>
   <div class='ocr_carea' id='block_1_70' title="bbox 922 1335 1705 1369">
    <p class='ocr_par' dir='ltr' id='par_1_70' title="bbox 922 1335 1705 1369">
     <span class='ocr_line' id='line_1_70' title="bbox 922 1335 1705 1369; baseline -0.003 -5"><span class='ocrx_word' id='word_1_521' title='bbox 922 1337 982 1364; x_wconf 81' lang='lat' dir='ltr'><strong>ilios</strong></span> <span class='ocrx_word' id='word_1_522' title='bbox 996 1344 1087 1364; x_wconf 80' lang='lat' dir='ltr'><strong>semen</strong></span> <span class='ocrx_word' id='word_1_523' title='bbox 1107 1336 1278 1363; x_wconf 84' lang='lat' dir='ltr'><strong>benedictum</strong></span> <span class='ocrx_word' id='word_1_524' title='bbox 1297 1344 1311 1363; x_wconf 80' lang='grc' dir='ltr'><strong>ιι</strong></span> <span class='ocrx_word' id='word_1_525' title='bbox 1329 1337 1393 1364; x_wconf 85' lang='lat' dir='ltr'><strong>Deo.</strong></span> <span class='ocrx_word' id='word_1_526' title='bbox 1415 1345 1424 1362; x_wconf 74' lang='grc' dir='ltr'><strong>ι</strong></span> <span class='ocrx_word' id='word_1_527' title='bbox 1441 1336 1585 1369; x_wconf 74' lang='lat' dir='ltr'><strong>Subiunxit</strong></span> <span class='ocrx_word' id='word_1_528' title='bbox 1597 1335 1705 1363; x_wconf 80' lang='lat' dir='ltr'><strong>deinde:</strong></span> 
     </span>
    </p>
   </div>
   <div class='ocr_carea' id='block_1_71' title="bbox 925 1382 1708 1411">
    <p class='ocr_par' dir='ltr' id='par_1_71' title="bbox 925 1382 1708 1411">
     <span class='ocr_line' id='line_1_71' title="bbox 925 1382 1708 1411; baseline -0.001 -1"><span class='ocrx_word' id='word_1_529' title='bbox 925 1393 934 1410; x_wconf 69' lang='grc' dir='ltr'><strong>ι</strong></span> <span class='ocrx_word' id='word_1_530' title='bbox 949 1384 979 1411; x_wconf 83' lang='grc' dir='ltr'><strong>Ει</strong></span> <span class='ocrx_word' id='word_1_531' title='bbox 996 1384 1158 1410; x_wconf 85' lang='lat' dir='ltr'><strong>laetabuntur</strong></span> <span class='ocrx_word' id='word_1_532' title='bbox 1180 1384 1207 1411; x_wconf 89' lang='lat' dir='ltr'><strong>in</strong></span> <span class='ocrx_word' id='word_1_533' title='bbox 1233 1383 1356 1411; x_wconf 87' lang='lat' dir='ltr'><strong>Domino.</strong></span> <span class='ocrx_word' id='word_1_534' title='bbox 1376 1393 1385 1409; x_wconf 75' lang='grc' dir='ltr'><strong>ι</strong></span> <span class='ocrx_word' id='word_1_535' title='bbox 1407 1384 1502 1410; x_wconf 84' lang='lat' dir='ltr'><strong>Statim</strong></span> <span class='ocrx_word' id='word_1_536' title='bbox 1521 1383 1574 1410; x_wconf 80' lang='lat' dir='ltr'><strong>illis</strong></span> <span class='ocrx_word' id='word_1_537' title='bbox 1584 1383 1629 1410; x_wconf 86' lang='lat' dir='ltr'><strong>dat</strong></span> <span class='ocrx_word' id='word_1_538' title='bbox 1640 1382 1708 1409; x_wconf 68' lang='grc' dir='ltr'>ἰαιιί-</span> 
     </span>
    </p>
   </div>
   <div class='ocr_carea' id='block_1_72' title="bbox 922 1428 1708 1464">
    <p class='ocr_par' dir='ltr' id='par_1_72' title="bbox 922 1428 1708 1464">
     <span class='ocr_line' id='line_1_72' title="bbox 922 1428 1708 1464; baseline 0.001 -8"><span class='ocrx_word' id='word_1_539' title='bbox 922 1431 997 1458; x_wconf 79' lang='lat' dir='ltr'><strong>tiam.</strong></span> <span class='ocrx_word' id='word_1_540' title='bbox 1019 1428 1086 1456; x_wconf 86' lang='lat' dir='ltr'><strong>ilinc</strong></span> <span class='ocrx_word' id='word_1_541' title='bbox 1097 1436 1149 1456; x_wconf 89' lang='lat' dir='ltr'><strong>non</strong></span> <span class='ocrx_word' id='word_1_542' title='bbox 1177 1429 1310 1457; x_wconf 85' lang='lat' dir='ltr'><strong>immerito</strong></span> <span class='ocrx_word' id='word_1_543' title='bbox 1328 1429 1456 1457; x_wconf 67' lang='lat' dir='ltr'><strong>Ecclesia:</strong></span> <span class='ocrx_word' id='word_1_544' title='bbox 1478 1436 1592 1464; x_wconf 83' lang='lat' dir='ltr'><strong>persona</strong></span> <span class='ocrx_word' id='word_1_545' title='bbox 1621 1429 1708 1457; x_wconf 85' lang='lat' dir='ltr'><strong>intro-</strong></span> 
     </span>
    </p>
   </div>
   <div class='ocr_carea' id='block_1_73' title="bbox 923 1476 1708 1510">
    <p class='ocr_par' dir='ltr' id='par_1_73' title="bbox 923 1476 1708 1510">
     <span class='ocr_line' id='line_1_73' title="bbox 923 1476 1708 1510; baseline 0 -8"><span class='ocrx_word' id='word_1_546' title='bbox 923 1476 1002 1502; x_wconf 88' lang='lat' dir='ltr'><strong>ducta</strong></span> <span class='ocrx_word' id='word_1_547' title='bbox 1014 1480 1065 1506; x_wconf 78' lang='lat' dir='ltr'><strong>est,</strong></span> <span class='ocrx_word' id='word_1_548' title='bbox 1079 1482 1134 1509; x_wconf 85' lang='lat' dir='ltr'><strong>prae</strong></span> <span class='ocrx_word' id='word_1_549' title='bbox 1149 1476 1246 1510; x_wconf 82' lang='lat' dir='ltr'><strong>insigni</strong></span> <span class='ocrx_word' id='word_1_550' title='bbox 1265 1477 1362 1510; x_wconf 67' lang='lat' dir='ltr'><strong>gaudio</strong></span> <span class='ocrx_word' id='word_1_551' title='bbox 1388 1476 1414 1502; x_wconf 89' lang='lat' dir='ltr'><strong>in</strong></span> <span class='ocrx_word' id='word_1_552' title='bbox 1442 1477 1490 1503; x_wconf 80' lang='lat' dir='ltr'><strong>has</strong></span> <span class='ocrx_word' id='word_1_553' title='bbox 1515 1483 1594 1503; x_wconf 81' lang='lat' dir='ltr'><strong>voces</strong></span> <span class='ocrx_word' id='word_1_554' title='bbox 1619 1483 1708 1502; x_wconf 82' lang='lat' dir='ltr'><strong>erutu-</strong></span> 
     </span>
    </p>
   </div>
   <div class='ocr_carea' id='block_1_74' title="bbox 923 1521 1708 1555">
    <p class='ocr_par' dir='ltr' id='par_1_74' title="bbox 923 1521 1708 1555">
     <span class='ocr_line' id='line_1_74' title="bbox 923 1521 1708 1555; baseline -0.001 -7"><span class='ocrx_word' id='word_1_555' title='bbox 923 1528 1005 1555; x_wconf 73' lang='lat' dir='ltr'><strong>petis:</strong></span> <span class='ocrx_word' id='word_1_556' title='bbox 1024 1530 1034 1546; x_wconf 82' lang='grc' dir='ltr'><strong>ι</strong></span> <span class='ocrx_word' id='word_1_557' title='bbox 1049 1521 1169 1548; x_wconf 78' lang='lat' dir='ltr'><strong>Exsultet</strong></span> <span class='ocrx_word' id='word_1_558' title='bbox 1183 1522 1272 1548; x_wconf 81' lang='lat' dir='ltr'><strong>anima</strong></span> <span class='ocrx_word' id='word_1_559' title='bbox 1285 1529 1342 1548; x_wconf 88' lang='lat' dir='ltr'><strong>mea</strong></span> <span class='ocrx_word' id='word_1_560' title='bbox 1356 1522 1382 1548; x_wconf 90' lang='lat' dir='ltr'><strong>in</strong></span> <span class='ocrx_word' id='word_1_561' title='bbox 1396 1522 1527 1554; x_wconf 87' lang='lat' dir='ltr'><strong>Domino;</strong></span> <span class='ocrx_word' id='word_1_562' title='bbox 1541 1521 1708 1549; x_wconf 80' lang='lat' dir='ltr'><strong>iuduitenim</strong></span> 
     </span>
    </p>
   </div>
   <div class='ocr_carea' id='block_1_75' title="bbox 923 1566 1710 1595">
    <p class='ocr_par' dir='ltr' id='par_1_75' title="bbox 923 1566 1710 1595">
     <span class='ocr_line' id='line_1_75' title="bbox 923 1566 1710 1595; baseline 0.003 -3"><span class='ocrx_word' id='word_1_563' title='bbox 923 1574 966 1593; x_wconf 86' lang='lat' dir='ltr'><strong>me</strong></span> <span class='ocrx_word' id='word_1_564' title='bbox 983 1570 1057 1594; x_wconf 83' lang='lat' dir='ltr'><strong>veste</strong></span> <span class='ocrx_word' id='word_1_565' title='bbox 1067 1566 1163 1594; x_wconf 89' lang='lat' dir='ltr'><strong>salutis</strong></span> <span class='ocrx_word' id='word_1_566' title='bbox 1172 1571 1198 1594; x_wconf 91' lang='lat' dir='ltr'><strong>et</strong></span> <span class='ocrx_word' id='word_1_567' title='bbox 1217 1568 1308 1594; x_wconf 86' lang='lat' dir='ltr'><strong>tunica</strong></span> <span class='ocrx_word' id='word_1_568' title='bbox 1323 1568 1430 1595; x_wconf 57' lang='lat' dir='ltr'><strong>laetitiae.</strong></span> <span class='ocrx_word' id='word_1_569' title='bbox 1451 1578 1459 1594; x_wconf 72' lang='grc' dir='ltr'><strong>ι</strong></span> <span class='ocrx_word' id='word_1_570' title='bbox 1478 1567 1607 1595; x_wconf 77' lang='lat' dir='ltr'><strong>Tunicam</strong></span> <span class='ocrx_word' id='word_1_571' title='bbox 1631 1571 1710 1595; x_wconf 75' lang='lat' dir='ltr'><strong>vocat</strong></span> 
     </span>
    </p>
   </div>
   <div class='ocr_carea' id='block_1_76' title="bbox 923 1611 1710 1648">
    <p class='ocr_par' dir='ltr' id='par_1_76' title="bbox 923 1611 1710 1648">
     <span class='ocr_line' id='line_1_76' title="bbox 923 1611 1710 1648; baseline 0.003 -10"><span class='ocrx_word' id='word_1_572' title='bbox 923 1611 1065 1639; x_wconf 88' lang='lat' dir='ltr'><strong>Dominum</strong></span> <span class='ocrx_word' id='word_1_573' title='bbox 1082 1617 1203 1640; x_wconf 89' lang='lat' dir='ltr'><strong>nostrum</strong></span> <span class='ocrx_word' id='word_1_574' title='bbox 1216 1612 1307 1640; x_wconf 80' lang='lat' dir='ltr'><strong>Jesum</strong></span> <span class='ocrx_word' id='word_1_575' title='bbox 1319 1613 1468 1641; x_wconf 83' lang='lat' dir='ltr'><strong>Christum.</strong></span> <span class='ocrx_word' id='word_1_576' title='bbox 1487 1613 1589 1641; x_wconf 84' lang='lat' dir='ltr'><strong>Scribit</strong></span> <span class='ocrx_word' id='word_1_577' title='bbox 1619 1614 1710 1648; x_wconf 82' lang='lat' dir='ltr'><strong>itaque</strong></span> 
     </span>
    </p>
   </div>
   <div class='ocr_carea' id='block_1_77' title="bbox 924 1659 1707 1695">
    <p class='ocr_par' dir='ltr' id='par_1_77' title="bbox 924 1659 1707 1695">
     <span class='ocr_line' id='line_1_77' title="bbox 924 1659 1707 1695; baseline 0.004 -11"><span class='ocrx_word' id='word_1_578' title='bbox 924 1659 1142 1692; x_wconf 82' lang='lat' dir='ltr'><strong>sapientissimus</strong></span> <span class='ocrx_word' id='word_1_579' title='bbox 1152 1659 1250 1687; x_wconf 81' lang='lat' dir='ltr'><strong>Paulus</strong></span> <span class='ocrx_word' id='word_1_580' title='bbox 1265 1659 1308 1687; x_wconf 90' lang='lat' dir='ltr'><strong>his</strong></span> <span class='ocrx_word' id='word_1_581' title='bbox 1322 1659 1368 1694; x_wconf 88' lang='lat' dir='ltr'><strong>qui</strong></span> <span class='ocrx_word' id='word_1_582' title='bbox 1380 1660 1407 1687; x_wconf 93' lang='lat' dir='ltr'><strong>in</strong></span> <span class='ocrx_word' id='word_1_583' title='bbox 1419 1661 1506 1695; x_wconf 86' lang='lat' dir='ltr'><strong>ipsum</strong></span> <span class='ocrx_word' id='word_1_584' title='bbox 1519 1661 1707 1688; x_wconf 85' lang='lat' dir='ltr'><strong>crediderunt:</strong></span> 
     </span>
    </p>
   </div>
   <div class='ocr_carea' id='block_1_78' title="bbox 926 1704 1710 1740">
    <p class='ocr_par' dir='ltr' id='par_1_78' title="bbox 926 1704 1710 1740">
     <span class='ocr_line' id='line_1_78' title="bbox 926 1704 1710 1740; baseline 0.005 -11"><span class='ocrx_word' id='word_1_585' title='bbox 926 1713 934 1729; x_wconf 83' lang='grc' dir='ltr'><strong>ι</strong></span> <span class='ocrx_word' id='word_1_586' title='bbox 953 1704 1214 1732; x_wconf 77' lang='lat' dir='ltr'><strong>lttduiteDominum</strong></span> <span class='ocrx_word' id='word_1_587' title='bbox 1241 1710 1363 1732; x_wconf 89' lang='lat' dir='ltr'><strong>nostrttm</strong></span> <span class='ocrx_word' id='word_1_588' title='bbox 1388 1705 1479 1733; x_wconf 76' lang='lat' dir='ltr'><strong>Jesum</strong></span> <span class='ocrx_word' id='word_1_589' title='bbox 1508 1707 1656 1740; x_wconf 88' lang='lat' dir='ltr'><strong>Christum,</strong></span> <span class='ocrx_word' id='word_1_590' title='bbox 1683 1711 1710 1734; x_wconf 84' lang='lat' dir='ltr'><strong>ut</strong></span> 
     </span>
    </p>
   </div>
   <div class='ocr_carea' id='block_1_79' title="bbox 923 1751 1708 1786">
    <p class='ocr_par' dir='ltr' id='par_1_79' title="bbox 923 1751 1708 1786">
     <span class='ocr_line' id='line_1_79' title="bbox 923 1751 1708 1786; baseline 0.003 -9"><span class='ocrx_word' id='word_1_591' title='bbox 923 1751 1013 1778; x_wconf 84' lang='lat' dir='ltr'><strong>carnis</strong></span> <span class='ocrx_word' id='word_1_592' title='bbox 1043 1759 1134 1778; x_wconf 88' lang='lat' dir='ltr'><strong>curam</strong></span> <span class='ocrx_word' id='word_1_593' title='bbox 1155 1759 1188 1778; x_wconf 88' lang='lat' dir='ltr'><strong>ne</strong></span> <span class='ocrx_word' id='word_1_594' title='bbox 1204 1752 1289 1786; x_wconf 79' lang='lat' dir='ltr'><strong>gerite</strong></span> <span class='ocrx_word' id='word_1_595' title='bbox 1316 1751 1344 1778; x_wconf 95' lang='lat' dir='ltr'><strong>in</strong></span> <span class='ocrx_word' id='word_1_596' title='bbox 1368 1752 1559 1786; x_wconf 85' lang='lat' dir='ltr'><strong>cupiditatibus</strong></span> <span class='ocrx_word' id='word_1_597' title='bbox 1579 1753 1613 1779; x_wconf 78' lang='grc'><strong>⁸⁵.</strong></span> <span class='ocrx_word' id='word_1_598' title='bbox 1633 1761 1643 1778; x_wconf 72' lang='grc' dir='ltr'><strong>ι</strong></span> <span class='ocrx_word' id='word_1_599' title='bbox 1658 1752 1708 1785; x_wconf 86' lang='lat' dir='ltr'><strong>Qui</strong></span> 
     </span>
    </p>
   </div>
   <div class='ocr_carea' id='block_1_80' title="bbox 923 1797 1710 1833">
    <p class='ocr_par' dir='ltr' id='par_1_80' title="bbox 923 1797 1710 1833">
     <span class='ocr_line' id='line_1_80' title="bbox 923 1797 1710 1833; baseline 0.004 -11"><span class='ocrx_word' id='word_1_600' title='bbox 923 1804 1012 1824; x_wconf 86' lang='lat' dir='ltr'><strong>autem</strong></span> <span class='ocrx_word' id='word_1_601' title='bbox 1040 1797 1115 1824; x_wconf 93' lang='lat' dir='ltr'><strong>illum</strong></span> <span class='ocrx_word' id='word_1_602' title='bbox 1141 1802 1269 1831; x_wconf 88' lang='lat' dir='ltr'><strong>tanquam</strong></span> <span class='ocrx_word' id='word_1_603' title='bbox 1298 1801 1400 1824; x_wconf 86' lang='lat' dir='ltr'><strong>vestem</strong></span> <span class='ocrx_word' id='word_1_604' title='bbox 1422 1799 1583 1831; x_wconf 79' lang='lat' dir='ltr'><strong>habuerunt,</strong></span> <span class='ocrx_word' id='word_1_605' title='bbox 1613 1803 1710 1833; x_wconf 72' lang='lat' dir='ltr'><strong>prteter</strong></span> 
     </span>
    </p>
   </div>
   <div class='ocr_carea' id='block_1_81' title="bbox 923 1842 1710 1877">
    <p class='ocr_par' dir='ltr' id='par_1_81' title="bbox 923 1842 1710 1877">
     <span class='ocr_line' id='line_1_81' title="bbox 923 1842 1710 1877; baseline 0 -7"><span class='ocrx_word' id='word_1_606' title='bbox 923 1844 1037 1870; x_wconf 81' lang='lat' dir='ltr'><strong>salutem</strong></span> <span class='ocrx_word' id='word_1_607' title='bbox 1049 1843 1189 1870; x_wconf 87' lang='lat' dir='ltr'><strong>lucrantur</strong></span> <span class='ocrx_word' id='word_1_608' title='bbox 1201 1842 1367 1876; x_wconf 78' lang='lat' dir='ltr'><strong>felicitatem;</strong></span> <span class='ocrx_word' id='word_1_609' title='bbox 1379 1843 1468 1877; x_wconf 87' lang='lat' dir='ltr'><strong>itaque</strong></span> <span class='ocrx_word' id='word_1_610' title='bbox 1475 1843 1603 1871; x_wconf 88' lang='lat' dir='ltr'><strong>diuturno</strong></span> <span class='ocrx_word' id='word_1_611' title='bbox 1618 1845 1710 1871; x_wconf 78' lang='lat' dir='ltr'><strong>fruntu-</strong></span> 
     </span>
    </p>
   </div>
   <div class='ocr_carea' id='block_1_82' title="bbox 925 1887 1708 1922">
    <p class='ocr_par' dir='ltr' id='par_1_82' title="bbox 925 1887 1708 1922">
     <span class='ocr_line' id='line_1_82' title="bbox 925 1887 1708 1922; baseline 0.004 -9"><span class='ocrx_word' id='word_1_612' title='bbox 925 1892 969 1914; x_wconf 90' lang='lat' dir='ltr'><strong>tur</strong></span> <span class='ocrx_word' id='word_1_613' title='bbox 983 1888 1089 1922; x_wconf 78' lang='lat' dir='ltr'><strong>gaudio.</strong></span> <span class='ocrx_word' id='word_1_614' title='bbox 1106 1888 1151 1914; x_wconf 86' lang='lat' dir='ltr'><strong>Ait</strong></span> <span class='ocrx_word' id='word_1_615' title='bbox 1173 1887 1265 1920; x_wconf 83' lang='lat' dir='ltr'><strong>itaque</strong></span> <span class='ocrx_word' id='word_1_616' title='bbox 1291 1887 1350 1920; x_wconf 85' lang='lat' dir='ltr'><strong>ipse</strong></span> <span class='ocrx_word' id='word_1_617' title='bbox 1379 1887 1527 1914; x_wconf 86' lang='lat' dir='ltr'><strong>Servator:</strong></span> <span class='ocrx_word' id='word_1_618' title='bbox 1545 1897 1555 1914; x_wconf 77' lang='grc' dir='ltr'><strong>ι</strong></span> <span class='ocrx_word' id='word_1_619' title='bbox 1576 1888 1631 1915; x_wconf 87' lang='lat' dir='ltr'><strong>Fur</strong></span> <span class='ocrx_word' id='word_1_620' title='bbox 1656 1896 1708 1916; x_wconf 89' lang='lat' dir='ltr'><strong>non</strong></span> 
     </span>
    </p>
   </div>
   <div class='ocr_carea' id='block_1_83' title="bbox 924 1933 1710 1968">
    <p class='ocr_par' dir='ltr' id='par_1_83' title="bbox 924 1933 1710 1968">
     <span class='ocr_line' id='line_1_83' title="bbox 924 1933 1710 1968; baseline 0.003 -9"><span class='ocrx_word' id='word_1_621' title='bbox 924 1934 997 1960; x_wconf 87' lang='lat' dir='ltr'><strong>venit</strong></span> <span class='ocrx_word' id='word_1_622' title='bbox 1011 1934 1061 1961; x_wconf 90' lang='lat' dir='ltr'><strong>nisi</strong></span> <span class='ocrx_word' id='word_1_623' title='bbox 1076 1938 1104 1960; x_wconf 92' lang='lat' dir='ltr'><strong>ut</strong></span> <span class='ocrx_word' id='word_1_624' title='bbox 1114 1933 1229 1966; x_wconf 80' lang='lat' dir='ltr'><strong>iuretur,</strong></span> <span class='ocrx_word' id='word_1_625' title='bbox 1241 1937 1268 1960; x_wconf 87' lang='lat' dir='ltr'><strong>et</strong></span> <span class='ocrx_word' id='word_1_626' title='bbox 1281 1937 1381 1960; x_wconf 76' lang='lat' dir='ltr'><strong>mactet</strong></span> <span class='ocrx_word' id='word_1_627' title='bbox 1391 1937 1418 1961; x_wconf 83' lang='lat' dir='ltr'><strong>et</strong></span> <span class='ocrx_word' id='word_1_628' title='bbox 1427 1934 1537 1968; x_wconf 84' lang='lat' dir='ltr'><strong>perdat;</strong></span> <span class='ocrx_word' id='word_1_629' title='bbox 1550 1941 1600 1968; x_wconf 75' lang='lat' dir='ltr'><strong>ego</strong></span> <span class='ocrx_word' id='word_1_630' title='bbox 1611 1934 1671 1961; x_wconf 81' lang='lat' dir='ltr'><strong>veni</strong></span> <span class='ocrx_word' id='word_1_631' title='bbox 1682 1940 1710 1961; x_wconf 89' lang='lat' dir='ltr'><strong>ut</strong></span> 
     </span>
    </p>
   </div>
   <div class='ocr_carea' id='block_1_84' title="bbox 925 1979 1708 2012">
    <p class='ocr_par' dir='ltr' id='par_1_84' title="bbox 925 1979 1708 2012">
     <span class='ocr_line' id='line_1_84' title="bbox 925 1979 1708 2012; baseline 0.004 -8"><span class='ocrx_word' id='word_1_632' title='bbox 925 1979 1006 2005; x_wconf 81' lang='lat' dir='ltr'><strong>vitam</strong></span> <span class='ocrx_word' id='word_1_633' title='bbox 1023 1980 1150 2012; x_wconf 80' lang='lat' dir='ltr'><strong>habeant,</strong></span> <span class='ocrx_word' id='word_1_634' title='bbox 1177 1983 1205 2006; x_wconf 87' lang='lat' dir='ltr'><strong>et</strong></span> <span class='ocrx_word' id='word_1_635' title='bbox 1234 1979 1414 2006; x_wconf 81' lang='lat' dir='ltr'><strong>abundantem</strong></span> <span class='ocrx_word' id='word_1_636' title='bbox 1437 1979 1555 2006; x_wconf 84' lang='lat' dir='ltr'><strong>habeant</strong></span> <span class='ocrx_word' id='word_1_637' title='bbox 1572 1980 1606 2007; x_wconf 79' lang='lat'><strong>&quot;.</strong></span> <span class='ocrx_word' id='word_1_638' title='bbox 1623 1989 1632 2006; x_wconf 74' lang='grc' dir='ltr'><strong>ι</strong></span> <span class='ocrx_word' id='word_1_639' title='bbox 1652 1979 1708 2007; x_wconf 88' lang='lat' dir='ltr'><strong>Non</strong></span> 
     </span>
    </p>
   </div>
   <div class='ocr_carea' id='block_1_85' title="bbox 924 2025 1711 2062">
    <p class='ocr_par' dir='ltr' id='par_1_85' title="bbox 924 2025 1711 2062">
     <span class='ocr_line' id='line_1_85' title="bbox 924 2025 1711 2062; baseline 0.004 -12"><span class='ocrx_word' id='word_1_640' title='bbox 924 2025 1024 2051; x_wconf 87' lang='lat' dir='ltr'><strong>etenim</strong></span> <span class='ocrx_word' id='word_1_641' title='bbox 1039 2031 1128 2052; x_wconf 83' lang='lat' dir='ltr'><strong>servat</strong></span> <span class='ocrx_word' id='word_1_642' title='bbox 1141 2026 1231 2058; x_wconf 85' lang='lat' dir='ltr'><strong>modo,</strong></span> <span class='ocrx_word' id='word_1_643' title='bbox 1242 2030 1271 2053; x_wconf 91' lang='lat' dir='ltr'><strong>ut</strong></span> <span class='ocrx_word' id='word_1_644' title='bbox 1286 2026 1352 2059; x_wconf 85' lang='lat' dir='ltr'><strong>dixi,</strong></span> <span class='ocrx_word' id='word_1_645' title='bbox 1368 2026 1415 2052; x_wconf 88' lang='lat' dir='ltr'><strong>sed</strong></span> <span class='ocrx_word' id='word_1_646' title='bbox 1423 2025 1505 2052; x_wconf 84' lang='lat' dir='ltr'><strong>etiam</strong></span> <span class='ocrx_word' id='word_1_647' title='bbox 1523 2026 1633 2060; x_wconf 86' lang='lat' dir='ltr'><strong>perenni</strong></span> <span class='ocrx_word' id='word_1_648' title='bbox 1649 2034 1711 2062; x_wconf 78' lang='lat' dir='ltr'><strong>gau-</strong></span> 
     </span>
    </p>
   </div>
   <div class='ocr_carea' id='block_1_86' title="bbox 925 2072 1709 2100">
    <p class='ocr_par' dir='ltr' id='par_1_86' title="bbox 925 2072 1709 2100">
     <span class='ocr_line' id='line_1_86' title="bbox 925 2072 1709 2100; baseline 0.003 -3"><span class='ocrx_word' id='word_1_649' title='bbox 925 2072 968 2098; x_wconf 89' lang='lat' dir='ltr'><strong>dio</strong></span> <span class='ocrx_word' id='word_1_650' title='bbox 987 2072 1078 2098; x_wconf 73' lang='lat' dir='ltr'><strong>allicit.</strong></span> <span class='ocrx_word' id='word_1_651' title='bbox 1094 2072 1123 2100; x_wconf 83' lang='lat' dir='ltr'><strong>Et</strong></span> <span class='ocrx_word' id='word_1_652' title='bbox 1147 2073 1197 2100; x_wconf 88' lang='lat' dir='ltr'><strong>hoc</strong></span> <span class='ocrx_word' id='word_1_653' title='bbox 1209 2078 1250 2099; x_wconf 88' lang='lat' dir='ltr'><strong>est</strong></span> <span class='ocrx_word' id='word_1_654' title='bbox 1264 2072 1328 2100; x_wconf 84' lang='lat' dir='ltr'><strong>illud</strong></span> <span class='ocrx_word' id='word_1_655' title='bbox 1349 2072 1491 2099; x_wconf 83' lang='lat' dir='ltr'><strong>abundans</strong></span> <span class='ocrx_word' id='word_1_656' title='bbox 1515 2080 1560 2100; x_wconf 87' lang='lat' dir='ltr'><strong>seu</strong></span> <span class='ocrx_word' id='word_1_657' title='bbox 1581 2073 1709 2099; x_wconf 74' lang='lat' dir='ltr'><strong>eximium</strong></span> 
     </span>
    </p>
   </div>
   <div class='ocr_carea' id='block_1_87' title="bbox 926 2115 1710 2151">
    <p class='ocr_par' dir='ltr' id='par_1_87' title="bbox 926 2115 1710 2151">
     <span class='ocr_line' id='line_1_87' title="bbox 926 2115 1710 2151; baseline 0.006 -11"><span class='ocrx_word' id='word_1_658' title='bbox 926 2115 996 2148; x_wconf 86' lang='lat' dir='ltr'><strong>quod</strong></span> <span class='ocrx_word' id='word_1_659' title='bbox 1007 2115 1148 2148; x_wconf 77' lang='lat' dir='ltr'><strong>adjiciatur</strong></span> <span class='ocrx_word' id='word_1_660' title='bbox 1161 2117 1264 2144; x_wconf 83' lang='lat' dir='ltr'><strong>sanctis</strong></span> <span class='ocrx_word' id='word_1_661' title='bbox 1277 2116 1342 2144; x_wconf 87' lang='lat' dir='ltr'><strong>vita.</strong></span> <span class='ocrx_word' id='word_1_662' title='bbox 1359 2117 1484 2144; x_wconf 82' lang='lat' dir='ltr'><strong>Christus</strong></span> <span class='ocrx_word' id='word_1_663' title='bbox 1501 2117 1582 2151; x_wconf 78' lang='lat' dir='ltr'><strong>igitur</strong></span> <span class='ocrx_word' id='word_1_664' title='bbox 1609 2123 1649 2144; x_wconf 87' lang='lat' dir='ltr'><strong>est</strong></span> <span class='ocrx_word' id='word_1_665' title='bbox 1666 2118 1710 2145; x_wconf 79' lang='lat' dir='ltr'><strong>illa</strong></span> 
     </span>
    </p>
   </div>
   <div class='ocr_carea' id='block_1_88' title="bbox 928 2161 1709 2197">
    <p class='ocr_par' dir='ltr' id='par_1_88' title="bbox 928 2161 1709 2197">
     <span class='ocr_line' id='line_1_88' title="bbox 928 2161 1709 2197; baseline 0.003 -10"><span class='ocrx_word' id='word_1_666' title='bbox 928 2161 1047 2189; x_wconf 68' lang='lat' dir='ltr'><strong>cmlestis</strong></span> <span class='ocrx_word' id='word_1_667' title='bbox 1061 2166 1088 2188; x_wconf 87' lang='lat' dir='ltr'><strong>et</strong></span> <span class='ocrx_word' id='word_1_668' title='bbox 1103 2170 1218 2196; x_wconf 84' lang='lat' dir='ltr'><strong>superna</strong></span> <span class='ocrx_word' id='word_1_669' title='bbox 1231 2162 1371 2194; x_wconf 81' lang='lat' dir='ltr'><strong>vestis,illa</strong></span> <span class='ocrx_word' id='word_1_670' title='bbox 1384 2162 1593 2197; x_wconf 85' lang='lat' dir='ltr'><strong>incorruptionis</strong></span> <span class='ocrx_word' id='word_1_671' title='bbox 1610 2164 1709 2196; x_wconf 84' lang='lat' dir='ltr'><strong>tunica,</strong></span> 
     </span>
    </p>
   </div>
   <div class='ocr_carea' id='block_1_89' title="bbox 78 2208 868 2249">
    <p class='ocr_par' dir='ltr' id='par_1_89' title="bbox 78 2208 868 2247">
     <span class='ocr_line' id='line_1_89' title="bbox 78 2208 868 2247; baseline -0.003 -9"><span class='ocrx_word' id='word_1_672' title='bbox 78 2213 95 2247; x_wconf 89' lang='grc' dir='ltr'><strong>ἡ</strong></span> <span class='ocrx_word' id='word_1_673' title='bbox 111 2212 170 2243; x_wconf 84' lang='grc' dir='ltr'>τοῖς</span> <span class='ocrx_word' id='word_1_674' title='bbox 184 2211 274 2245; x_wconf 80' lang='grc' dir='ltr'>ἁγίοις</span> <span class='ocrx_word' id='word_1_675' title='bbox 285 2210 353 2246; x_wconf 83' lang='grc' dir='ltr'><strong>ζωή.</strong></span> <span class='ocrx_word' id='word_1_676' title='bbox 369 2211 490 2246; x_wconf 81' lang='grc' dir='ltr'>Χριστὸς</span> <span class='ocrx_word' id='word_1_677' title='bbox 508 2208 555 2238; x_wconf 85' lang='grc' dir='ltr'><strong>οὖν</strong></span> <span class='ocrx_word' id='word_1_678' title='bbox 579 2211 632 2246; x_wconf 74' lang='grc' dir='ltr'>ἄρα</span> <span class='ocrx_word' id='word_1_679' title='bbox 651 2211 682 2236; x_wconf 83' lang='grc' dir='ltr'>τὸ</span> <span class='ocrx_word' id='word_1_680' title='bbox 697 2211 726 2244; x_wconf 78' lang='grc' dir='ltr'>ἐξ</span> <span class='ocrx_word' id='word_1_681' title='bbox 747 2209 868 2245; x_wconf 75' lang='grc' dir='ltr'>ούρανοῦ,</span> 
     </span>
    </p>
   </div>
   <div class='ocr_carea' id='block_1_90' title="bbox 930 2208 1710 2249">
    <p class='ocr_par' dir='ltr' id='par_1_90' title="bbox 930 2208 1710 2243">
     <span class='ocr_line' id='line_1_90' title="bbox 930 2208 1710 2243; baseline 0.005 -11"><span class='ocrx_word' id='word_1_682' title='bbox 930 2215 1005 2241; x_wconf 62' lang='lat' dir='ltr'><strong>quam</strong></span> <span class='ocrx_word' id='word_1_683' title='bbox 1022 2209 1045 2234; x_wconf 88' lang='lat' dir='ltr'><strong>si</strong></span> <span class='ocrx_word' id='word_1_684' title='bbox 1062 2208 1122 2242; x_wconf 86' lang='lat' dir='ltr'><strong>quis</strong></span> <span class='ocrx_word' id='word_1_685' title='bbox 1140 2209 1297 2243; x_wconf 78' lang='lat' dir='ltr'><strong>sumpserit,</strong></span> <span class='ocrx_word' id='word_1_686' title='bbox 1313 2209 1385 2236; x_wconf 88' lang='lat' dir='ltr'><strong>omni</strong></span> <span class='ocrx_word' id='word_1_687' title='bbox 1399 2212 1498 2236; x_wconf 87' lang='lat' dir='ltr'><strong>ornatu</strong></span> <span class='ocrx_word' id='word_1_688' title='bbox 1528 2210 1710 2241; x_wconf 86' lang='lat' dir='ltr'><strong>coronabitur,</strong></span> 
     </span>
    </p>
   </div>
   <div class='ocr_carea' id='block_1_91' title="bbox 79 2254 874 2291">
    <p class='ocr_par' dir='ltr' id='par_1_91' title="bbox 79 2254 874 2291">
     <span class='ocr_line' id='line_1_91' title="bbox 79 2254 874 2291; baseline -0.003 -9"><span class='ocrx_word' id='word_1_689' title='bbox 79 2256 126 2282; x_wconf 73' lang='grc' dir='ltr'>καὶ</span> <span class='ocrx_word' id='word_1_690' title='bbox 142 2254 246 2282; x_wconf 82' lang='grc' dir='ltr'>ἄνωθεν</span> <span class='ocrx_word' id='word_1_691' title='bbox 256 2255 357 2290; x_wconf 74' lang='grc' dir='ltr'>ἄμφιον</span> <span class='ocrx_word' id='word_1_692' title='bbox 371 2256 385 2281; x_wconf 75' lang='grc' dir='ltr'>ὁ</span> <span class='ocrx_word' id='word_1_693' title='bbox 403 2255 451 2289; x_wconf 75' lang='grc' dir='ltr'>τῆς</span> <span class='ocrx_word' id='word_1_694' title='bbox 466 2255 620 2291; x_wconf 79' lang='grc' dir='ltr'>ἀφθαρσίας</span> <span class='ocrx_word' id='word_1_695' title='bbox 638 2254 732 2290; x_wconf 86' lang='grc' dir='ltr'>χιτὼν,</span> <span class='ocrx_word' id='word_1_696' title='bbox 751 2255 780 2281; x_wconf 81' lang='grc' dir='ltr'>ὃν</span> <span class='ocrx_word' id='word_1_697' title='bbox 794 2254 820 2281; x_wconf 76' lang='grc' dir='ltr'><strong>εί</strong></span> <span class='ocrx_word' id='word_1_698' title='bbox 831 2263 874 2286; x_wconf 76' lang='grc' dir='ltr'><strong>τις</strong></span> 
     </span>
    </p>
   </div>
   <div class='ocr_carea' id='block_1_92' title="bbox 78 2301 874 2337">
    <p class='ocr_par' dir='ltr' id='par_1_92' title="bbox 78 2301 874 2337">
     <span class='ocr_line' id='line_1_92' title="bbox 78 2301 874 2337; baseline -0.001 -9"><span class='ocrx_word' id='word_1_699' title='bbox 78 2302 157 2329; x_wconf 77' lang='grc' dir='ltr'>λάσοι</span> <span class='ocrx_word' id='word_1_700' title='bbox 171 2302 408 2337; x_wconf 75' lang='grc' dir='ltr'>στεφανωθήσεται</span> <span class='ocrx_word' id='word_1_701' title='bbox 426 2302 522 2337; x_wconf 79' lang='grc' dir='ltr'>κόσμῳ</span> <span class='ocrx_word' id='word_1_702' title='bbox 535 2302 626 2333; x_wconf 78' lang='grc' dir='ltr'>παντὶ,</span> <span class='ocrx_word' id='word_1_703' title='bbox 639 2301 727 2337; x_wconf 82' lang='grc' dir='ltr'>νοητῷ</span> <span class='ocrx_word' id='word_1_704' title='bbox 742 2301 874 2336; x_wconf 85' lang='grc' dir='ltr'>δηλονότι,</span> 
     </span>
    </p>
   </div>
   <div class='ocr_carea' id='block_1_93' title="bbox 78 2347 876 2382">
    <p class='ocr_par' dir='ltr' id='par_1_93' title="bbox 78 2347 876 2382">
     <span class='ocr_line' id='line_1_93' title="bbox 78 2347 876 2382; baseline -0.003 -8"><span class='ocrx_word' id='word_1_705' title='bbox 78 2349 195 2379; x_wconf 73' lang='grc' dir='ltr'>καὶτοῖς</span> <span class='ocrx_word' id='word_1_706' title='bbox 209 2347 238 2379; x_wconf 73' lang='grc' dir='ltr'><strong>ἐξ</strong></span> <span class='ocrx_word' id='word_1_707' title='bbox 252 2347 438 2382; x_wconf 81' lang='grc' dir='ltr'>άγαθουργίας</span> <span class='ocrx_word' id='word_1_708' title='bbox 457 2348 625 2382; x_wconf 79' lang='grc' dir='ltr'>αὐχήμασιν.</span> <span class='ocrx_word' id='word_1_709' title='bbox 642 2347 740 2374; x_wconf 80' lang='grc' dir='ltr'>Ἔσται</span> <span class='ocrx_word' id='word_1_710' title='bbox 764 2348 819 2382; x_wconf 83' lang='grc' dir='ltr'>γὰρ</span> <span class='ocrx_word' id='word_1_711' title='bbox 838 2348 876 2378; x_wconf 82' lang='grc' dir='ltr'>ὡς</span> 
     </span>
    </p>
   </div>
   <div class='ocr_carea' id='block_1_94' title="bbox 78 2393 878 2430">
    <p class='ocr_par' dir='ltr' id='par_1_94' title="bbox 78 2393 878 2430">
     <span class='ocr_line' id='line_1_94' title="bbox 78 2393 878 2430; baseline -0.003 -8"><span class='ocrx_word' id='word_1_712' title='bbox 78 2395 207 2430; x_wconf 83' lang='grc' dir='ltr'>νυμφίος,</span> <span class='ocrx_word' id='word_1_713' title='bbox 223 2395 260 2426; x_wconf 84' lang='grc' dir='ltr'>ὡς</span> <span class='ocrx_word' id='word_1_714' title='bbox 274 2395 371 2430; x_wconf 86' lang='grc' dir='ltr'>μίτραν</span> <span class='ocrx_word' id='word_1_715' title='bbox 387 2394 577 2429; x_wconf 85' lang='grc' dir='ltr'>διεζωσμένος,</span> <span class='ocrx_word' id='word_1_716' title='bbox 600 2395 646 2420; x_wconf 67' lang='grc' dir='ltr'><strong>καὶ</strong></span> <span class='ocrx_word' id='word_1_717' title='bbox 668 2393 706 2425; x_wconf 83' lang='grc' dir='ltr'>ὡς</span> <span class='ocrx_word' id='word_1_718' title='bbox 720 2394 813 2429; x_wconf 86' lang='grc' dir='ltr'>νύμφη</span> <span class='ocrx_word' id='word_1_719' title='bbox 832 2393 878 2420; x_wconf 76' lang='grc' dir='ltr'><strong>κό-</strong></span> 
     </span>
    </p>
   </div>
   <div class='ocr_carea' id='block_1_95' title="bbox 79 2439 878 2476">
    <p class='ocr_par' dir='ltr' id='par_1_95' title="bbox 79 2439 878 2476">
     <span class='ocr_line' id='line_1_95' title="bbox 79 2439 878 2476; baseline -0.001 -9"><span class='ocrx_word' id='word_1_720' title='bbox 79 2450 142 2476; x_wconf 84' lang='grc' dir='ltr'>σμῳ</span> <span class='ocrx_word' id='word_1_721' title='bbox 159 2441 240 2467; x_wconf 70' lang='grc' dir='ltr'>παντὶ</span> <span class='ocrx_word' id='word_1_722' title='bbox 255 2440 453 2476; x_wconf 81' lang='grc' dir='ltr'>διαπρέπουσα.</span> <span class='ocrx_word' id='word_1_723' title='bbox 472 2440 532 2466; x_wconf 76' lang='grc' dir='ltr'><strong>Εἰσὶ</strong></span> <span class='ocrx_word' id='word_1_724' title='bbox 554 2439 619 2475; x_wconf 81' lang='grc' dir='ltr'>γὰρ,</span> <span class='ocrx_word' id='word_1_725' title='bbox 637 2440 705 2466; x_wconf 79' lang='grc' dir='ltr'>εἰσὶν</span> <span class='ocrx_word' id='word_1_726' title='bbox 719 2441 743 2466; x_wconf 85' lang='grc' dir='ltr'>οἱ</span> <span class='ocrx_word' id='word_1_727' title='bbox 760 2441 788 2466; x_wconf 75' lang='grc' dir='ltr'>ἐν</span> <span class='ocrx_word' id='word_1_728' title='bbox 811 2440 878 2475; x_wconf 85' lang='grc' dir='ltr'>Χρι-</span> 
     </span>
    </p>
   </div>
   <div class='ocr_carea' id='block_1_96' title="bbox 79 2486 878 2523">
    <p class='ocr_par' dir='ltr' id='par_1_96' title="bbox 79 2486 878 2523">
     <span class='ocr_line' id='line_1_96' title="bbox 79 2486 878 2523; baseline -0.001 -10"><span class='ocrx_word' id='word_1_729' title='bbox 79 2487 136 2523; x_wconf 86' lang='grc' dir='ltr'>στῷ</span> <span class='ocrx_word' id='word_1_730' title='bbox 163 2487 245 2514; x_wconf 74' lang='grc' dir='ltr'>δεινοὶ</span> <span class='ocrx_word' id='word_1_731' title='bbox 274 2487 333 2522; x_wconf 78' lang='grc' dir='ltr'>μὲν,</span> <span class='ocrx_word' id='word_1_732' title='bbox 353 2487 399 2513; x_wconf 77' lang='grc' dir='ltr'><strong>καὶ</strong></span> <span class='ocrx_word' id='word_1_733' title='bbox 415 2486 610 2521; x_wconf 74' lang='grc' dir='ltr'>ἀλκιμώτατοι,</span> <span class='ocrx_word' id='word_1_734' title='bbox 633 2487 700 2521; x_wconf 78' lang='grc' dir='ltr'>πρός</span> <span class='ocrx_word' id='word_1_735' title='bbox 720 2495 753 2520; x_wconf 90' lang='grc' dir='ltr'><strong>γε</strong></span> <span class='ocrx_word' id='word_1_736' title='bbox 773 2487 802 2513; x_wconf 86' lang='grc' dir='ltr'>τὸ</span> <span class='ocrx_word' id='word_1_737' title='bbox 823 2486 878 2513; x_wconf 76' lang='grc' dir='ltr'>δεῖν</span> 
     </span>
    </p>
   </div>
   <div class='ocr_carea' id='block_1_97' title="bbox 79 2530 877 2567">
    <p class='ocr_par' dir='ltr' id='par_1_97' title="bbox 79 2530 877 2567">
     <span class='ocr_line' id='line_1_97' title="bbox 79 2530 877 2567; baseline -0.001 -8"><span class='ocrx_word' id='word_1_738' title='bbox 79 2531 254 2567; x_wconf 79' lang='grc' dir='ltr'>ἀνδρίζεσθαι</span> <span class='ocrx_word' id='word_1_739' title='bbox 275 2531 387 2567; x_wconf 83' lang='grc' dir='ltr'>νοητῶς,</span> <span class='ocrx_word' id='word_1_740' title='bbox 414 2530 634 2558; x_wconf 83' lang='grc' dir='ltr'>καταπλουτοῦσι</span> <span class='ocrx_word' id='word_1_741' title='bbox 660 2531 688 2557; x_wconf 81' lang='grc' dir='ltr'>δὲ</span> <span class='ocrx_word' id='word_1_742' title='bbox 711 2531 771 2558; x_wconf 77' lang='grc' dir='ltr'>λίαν</span> <span class='ocrx_word' id='word_1_743' title='bbox 786 2531 832 2558; x_wconf 70' lang='grc' dir='ltr'><strong>καὶ</strong></span> <span class='ocrx_word' id='word_1_744' title='bbox 847 2531 877 2558; x_wconf 75' lang='grc' dir='ltr'>τὸ</span> 
     </span>
    </p>
   </div>
   <div class='ocr_carea' id='block_1_98' title="bbox 79 2575 877 2613">
    <p class='ocr_par' dir='ltr' id='par_1_98' title="bbox 79 2575 877 2613">
     <span class='ocr_line' id='line_1_98' title="bbox 79 2575 877 2613; baseline -0.003 -9"><span class='ocrx_word' id='word_1_745' title='bbox 79 2578 219 2613; x_wconf 73' lang='grc' dir='ltr'>εὐπρεπὲς</span> <span class='ocrx_word' id='word_1_746' title='bbox 244 2578 284 2608; x_wconf 72' lang='grc' dir='ltr'>εἰς</span> <span class='ocrx_word' id='word_1_747' title='bbox 309 2577 383 2604; x_wconf 75' lang='grc' dir='ltr'>ἅπαν</span> <span class='ocrx_word' id='word_1_748' title='bbox 397 2575 466 2607; x_wconf 79' lang='grc' dir='ltr'>εἶδος</span> <span class='ocrx_word' id='word_1_749' title='bbox 486 2577 595 2612; x_wconf 51' lang='grc' dir='ltr'>ἀρετῆς.</span> <span class='ocrx_word' id='word_1_750' title='bbox 629 2577 751 2604; x_wconf 82' lang='grc' dir='ltr'>Ἐοίκασι</span> <span class='ocrx_word' id='word_1_751' title='bbox 777 2577 805 2603; x_wconf 78' lang='grc' dir='ltr'>δὲ</span> <span class='ocrx_word' id='word_1_752' title='bbox 829 2577 877 2603; x_wconf 71' lang='grc' dir='ltr'><strong>καὶ</strong></span> 
     </span>
    </p>
   </div>
   <div class='ocr_carea' id='block_1_99' title="bbox 80 2622 876 2659">
    <p class='ocr_par' dir='ltr' id='par_1_99' title="bbox 80 2622 876 2659">
     <span class='ocr_line' id='line_1_99' title="bbox 80 2622 876 2659; baseline -0.001 -9"><span class='ocrx_word' id='word_1_753' title='bbox 80 2624 202 2659; x_wconf 85' lang='grc' dir='ltr'>νύμφαις</span> <span class='ocrx_word' id='word_1_754' title='bbox 225 2623 269 2650; x_wconf 79' lang='grc' dir='ltr'><strong>διὰ</strong></span> <span class='ocrx_word' id='word_1_755' title='bbox 282 2624 311 2650; x_wconf 82' lang='grc' dir='ltr'>τὸ</span> <span class='ocrx_word' id='word_1_756' title='bbox 327 2623 495 2658; x_wconf 81' lang='grc' dir='ltr'>καρπογόνον</span> <span class='ocrx_word' id='word_1_757' title='bbox 517 2623 586 2658; x_wconf 86' lang='grc' dir='ltr'>μετὰ</span> <span class='ocrx_word' id='word_1_758' title='bbox 607 2623 654 2650; x_wconf 77' lang='grc' dir='ltr'><strong>τοῦ</strong></span> <span class='ocrx_word' id='word_1_759' title='bbox 668 2623 790 2650; x_wconf 85' lang='grc' dir='ltr'>ποικίλον</span> <span class='ocrx_word' id='word_1_760' title='bbox 804 2622 876 2658; x_wconf 74' lang='grc' dir='ltr'>ἔχειν</span> 
     </span>
    </p>
   </div>
   <div class='ocr_carea' id='block_1_100' title="bbox 81 2668 876 2705">
    <p class='ocr_par' dir='ltr' id='par_1_100' title="bbox 81 2668 876 2705">
     <span class='ocr_line' id='line_1_100' title="bbox 81 2668 876 2705; baseline -0.003 -9"><span class='ocrx_word' id='word_1_761' title='bbox 81 2669 119 2701; x_wconf 80' lang='grc' dir='ltr'>ὡς</span> <span class='ocrx_word' id='word_1_762' title='bbox 143 2670 174 2696; x_wconf 73' lang='grc' dir='ltr'>ἐν</span> <span class='ocrx_word' id='word_1_763' title='bbox 193 2669 299 2705; x_wconf 79' lang='grc' dir='ltr'>ἀρετῶν</span> <span class='ocrx_word' id='word_1_764' title='bbox 326 2669 484 2704; x_wconf 75' lang='grc' dir='ltr'>φαιδρότητι</span> <span class='ocrx_word' id='word_1_765' title='bbox 510 2668 616 2700; x_wconf 82' lang='grc' dir='ltr'>κάλλος.</span> <span class='ocrx_word' id='word_1_766' title='bbox 647 2669 718 2704; x_wconf 81' lang='grc' dir='ltr'>Ἔφη</span> <span class='ocrx_word' id='word_1_767' title='bbox 746 2668 811 2703; x_wconf 80' lang='grc' dir='ltr'>γοῦν</span> <span class='ocrx_word' id='word_1_768' title='bbox 834 2676 876 2700; x_wconf 86' lang='grc' dir='ltr'><strong>τις</strong></span> 
     </span>
    </p>
   </div>
   <div class='ocr_carea' id='block_1_101' title="bbox 80 2714 876 2750">
    <p class='ocr_par' dir='ltr' id='par_1_101' title="bbox 80 2714 876 2750">
     <span class='ocr_line' id='line_1_101' title="bbox 80 2714 876 2750; baseline -0.001 -9"><span class='ocrx_word' id='word_1_769' title='bbox 80 2715 136 2741; x_wconf 79' lang='grc' dir='ltr'><strong>τῶν</strong></span> <span class='ocrx_word' id='word_1_770' title='bbox 156 2715 242 2748; x_wconf 83' lang='grc' dir='ltr'>ἁγίων</span> <span class='ocrx_word' id='word_1_771' title='bbox 263 2714 419 2750; x_wconf 80' lang='grc' dir='ltr'>προφητῶν,</span> <span class='ocrx_word' id='word_1_772' title='bbox 438 2715 594 2750; x_wconf 72' lang='grc' dir='ltr'>ἑγκάρπους</span> <span class='ocrx_word' id='word_1_773' title='bbox 611 2715 690 2746; x_wconf 77' lang='grc' dir='ltr'>ὄντας</span> <span class='ocrx_word' id='word_1_774' title='bbox 716 2714 876 2745; x_wconf 73' lang='grc' dir='ltr'>ἀποδεικνὺς</span> 
     </span>
    </p>
   </div>
   <div class='ocr_carea' id='block_1_102' title="bbox 81 2759 876 2796">
    <p class='ocr_par' dir='ltr' id='par_1_102' title="bbox 81 2759 876 2796">
     <span class='ocr_line' id='line_1_102' title="bbox 81 2759 876 2796; baseline -0.004 -8"><span class='ocrx_word' id='word_1_775' title='bbox 81 2761 145 2792; x_wconf 78' lang='grc' dir='ltr'>τοὺς</span> <span class='ocrx_word' id='word_1_776' title='bbox 158 2761 204 2789; x_wconf 81' lang='grc' dir='ltr'>τὸν</span> <span class='ocrx_word' id='word_1_777' title='bbox 222 2761 309 2796; x_wconf 84' lang='grc' dir='ltr'>εύαγῆ</span> <span class='ocrx_word' id='word_1_778' title='bbox 327 2760 526 2796; x_wconf 77' lang='grc' dir='ltr'>κατορθοῦντας</span> <span class='ocrx_word' id='word_1_779' title='bbox 543 2761 609 2795; x_wconf 86' lang='grc' dir='ltr'>βίον·</span> <span class='ocrx_word' id='word_1_780' title='bbox 632 2770 641 2785; x_wconf 84' lang='grc' dir='ltr'><strong>ι</strong></span> <span class='ocrx_word' id='word_1_781' title='bbox 666 2760 711 2786; x_wconf 83' lang='grc' dir='ltr'>Διδ</span> <span class='ocrx_word' id='word_1_782' title='bbox 725 2760 770 2786; x_wconf 75' lang='grc' dir='ltr'><strong>τὸν</strong></span> <span class='ocrx_word' id='word_1_783' title='bbox 794 2759 876 2794; x_wconf 74' lang='grc' dir='ltr'>φόϐον</span> 
     </span>
    </p>
   </div>
   <div class='ocr_carea' id='block_1_103' title="bbox 118 2848 640 2882">
    <p class='ocr_par' dir='ltr' id='par_1_103' title="bbox 118 2848 640 2882">
     <span class='ocr_line' id='line_1_103' title="bbox 118 2848 640 2882; baseline -0.002 -7"><span class='ocrx_word' id='word_1_784' title='bbox 118 2848 144 2865; x_wconf 72' lang='grc'><strong>⁸⁵</strong></span> <span class='ocrx_word' id='word_1_785' title='bbox 161 2848 249 2876; x_wconf 77' lang='lat' dir='ltr'><strong>Galat.</strong></span> <span class='ocrx_word' id='word_1_786' title='bbox 265 2856 290 2882; x_wconf 82' lang='grc' dir='ltr'><strong>ν,</strong></span> <span class='ocrx_word' id='word_1_787' title='bbox 306 2848 350 2875; x_wconf 70' lang='grc'><strong>24,</strong></span> <span class='ocrx_word' id='word_1_788' title='bbox 390 2849 413 2864; x_wconf 71' lang='grc'><strong>⁸⁸</strong></span> <span class='ocrx_word' id='word_1_789' title='bbox 429 2848 506 2878; x_wconf 73' lang='lat' dir='ltr'><strong>limo.</strong></span> <span class='ocrx_word' id='word_1_790' title='bbox 523 2857 582 2882; x_wconf 86' lang='lat' dir='ltr'><strong>xm,</strong></span> <span class='ocrx_word' id='word_1_791' title='bbox 600 2849 640 2876; x_wconf 81' lang='lat' dir='ltr'><strong>ii.</strong></span> 
     </span>
    </p>
   </div>
   <div class='ocr_carea' id='block_1_104' title="bbox 680 2847 899 2882">
    <p class='ocr_par' dir='ltr' id='par_1_104' title="bbox 680 2847 899 2882">
     <span class='ocr_line' id='line_1_104' title="bbox 680 2847 899 2882; baseline -0.009 -6"><span class='ocrx_word' id='word_1_792' title='bbox 680 2850 702 2865; x_wconf 76' lang='grc'><strong>⁸⁸</strong></span> <span class='ocrx_word' id='word_1_793' title='bbox 717 2849 794 2876; x_wconf 82' lang='lat' dir='ltr'><strong>Jonu.</strong></span> <span class='ocrx_word' id='word_1_794' title='bbox 813 2855 840 2882; x_wconf 67' lang='grc' dir='ltr'><strong>κ,</strong></span> <span class='ocrx_word' id='word_1_795' title='bbox 856 2847 899 2874; x_wconf 81' lang='grc'><strong>10.</strong></span> 
     </span>
    </p>
   </div>
   <div class='ocr_carea' id='block_1_105' title="bbox 927 2253 1713 2290">
    <p class='ocr_par' dir='ltr' id='par_1_105' title="bbox 927 2253 1713 2290">
     <span class='ocr_line' id='line_1_105' title="bbox 927 2253 1713 2290; baseline 0.004 -11"><span class='ocrx_word' id='word_1_796' title='bbox 927 2253 1051 2280; x_wconf 83' lang='lat' dir='ltr'><strong>videlicet</strong></span> <span class='ocrx_word' id='word_1_797' title='bbox 1063 2253 1108 2287; x_wconf 92' lang='lat' dir='ltr'><strong>qui</strong></span> <span class='ocrx_word' id='word_1_798' title='bbox 1128 2255 1176 2281; x_wconf 89' lang='lat' dir='ltr'><strong>sub</strong></span> <span class='ocrx_word' id='word_1_799' title='bbox 1197 2254 1400 2290; x_wconf 74' lang='lat' dir='ltr'><strong>intelligentiam</strong></span> <span class='ocrx_word' id='word_1_800' title='bbox 1414 2253 1487 2281; x_wconf 82' lang='lat' dir='ltr'><strong>cadit</strong></span> <span class='ocrx_word' id='word_1_801' title='bbox 1502 2257 1528 2280; x_wconf 86' lang='lat' dir='ltr'><strong>et</strong></span> <span class='ocrx_word' id='word_1_802' title='bbox 1542 2254 1649 2282; x_wconf 84' lang='lat' dir='ltr'><strong>virtutis</strong></span> <span class='ocrx_word' id='word_1_803' title='bbox 1669 2262 1713 2282; x_wconf 92' lang='lat' dir='ltr'><strong>or-</strong></span> 
     </span>
    </p>
   </div>
   <div class='ocr_carea' id='block_1_106' title="bbox 926 2299 1713 2335">
    <p class='ocr_par' dir='ltr' id='par_1_106' title="bbox 926 2299 1713 2335">
     <span class='ocr_line' id='line_1_106' title="bbox 926 2299 1713 2335; baseline 0.004 -10"><span class='ocrx_word' id='word_1_804' title='bbox 926 2299 1034 2326; x_wconf 82' lang='lat' dir='ltr'><strong>nabitur</strong></span> <span class='ocrx_word' id='word_1_805' title='bbox 1046 2299 1270 2333; x_wconf 77' lang='lat' dir='ltr'><strong>insignilms.Erit</strong></span> <span class='ocrx_word' id='word_1_806' title='bbox 1284 2301 1356 2328; x_wconf 84' lang='lat' dir='ltr'><strong>enim</strong></span> <span class='ocrx_word' id='word_1_807' title='bbox 1365 2306 1491 2335; x_wconf 79' lang='lat' dir='ltr'><strong>tanquam</strong></span> <span class='ocrx_word' id='word_1_808' title='bbox 1503 2307 1617 2334; x_wconf 84' lang='lat' dir='ltr'><strong>sponsus</strong></span> <span class='ocrx_word' id='word_1_809' title='bbox 1632 2301 1713 2328; x_wconf 85' lang='lat' dir='ltr'><strong>mitra</strong></span> 
     </span>
    </p>
   </div>
   <div class='ocr_carea' id='block_1_107' title="bbox 926 2345 1711 2380">
    <p class='ocr_par' dir='ltr' id='par_1_107' title="bbox 926 2345 1711 2380">
     <span class='ocr_line' id='line_1_107' title="bbox 926 2345 1711 2380; baseline 0.004 -9"><span class='ocrx_word' id='word_1_810' title='bbox 926 2345 1038 2378; x_wconf 79' lang='lat' dir='ltr'><strong>cinctus,</strong></span> <span class='ocrx_word' id='word_1_811' title='bbox 1055 2349 1082 2371; x_wconf 92' lang='lat' dir='ltr'><strong>et</strong></span> <span class='ocrx_word' id='word_1_812' title='bbox 1097 2348 1224 2379; x_wconf 86' lang='lat' dir='ltr'><strong>tauquam</strong></span> <span class='ocrx_word' id='word_1_813' title='bbox 1240 2354 1337 2380; x_wconf 86' lang='lat' dir='ltr'><strong>sponsa</strong></span> <span class='ocrx_word' id='word_1_814' title='bbox 1351 2347 1424 2374; x_wconf 91' lang='lat' dir='ltr'><strong>omni</strong></span> <span class='ocrx_word' id='word_1_815' title='bbox 1449 2350 1547 2374; x_wconf 86' lang='lat' dir='ltr'><strong>ornatu</strong></span> <span class='ocrx_word' id='word_1_816' title='bbox 1565 2345 1711 2374; x_wconf 79' lang='lat' dir='ltr'><strong>excellens.</strong></span> 
     </span>
    </p>
   </div>
   <div class='ocr_carea' id='block_1_108' title="bbox 926 2391 1714 2430">
    <p class='ocr_par' dir='ltr' id='par_1_108' title="bbox 926 2391 1714 2430">
     <span class='ocr_line' id='line_1_108' title="bbox 926 2391 1714 2430; baseline 0.003 -13"><span class='ocrx_word' id='word_1_817' title='bbox 926 2392 1011 2427; x_wconf 72' lang='lat'><strong>868</strong></span> <span class='ocrx_word' id='word_1_818' title='bbox 1034 2391 1103 2418; x_wconf 91' lang='lat' dir='ltr'><strong>Sunt</strong></span> <span class='ocrx_word' id='word_1_819' title='bbox 1119 2392 1203 2425; x_wconf 90' lang='lat' dir='ltr'><strong>cnim,</strong></span> <span class='ocrx_word' id='word_1_820' title='bbox 1217 2399 1281 2419; x_wconf 87' lang='lat' dir='ltr'><strong>sunt</strong></span> <span class='ocrx_word' id='word_1_821' title='bbox 1294 2393 1573 2428; x_wconf 80' lang='lat' dir='ltr'><strong>Christianipotentes</strong></span> <span class='ocrx_word' id='word_1_822' title='bbox 1585 2397 1614 2430; x_wconf 80' lang='lat' dir='ltr'><strong>et</strong></span> <span class='ocrx_word' id='word_1_823' title='bbox 1625 2392 1714 2420; x_wconf 79' lang='lat' dir='ltr'><strong>[ortis-</strong></span> 
     </span>
    </p>
   </div>
   <div class='ocr_carea' id='block_1_109' title="bbox 927 2437 1714 2475">
    <p class='ocr_par' dir='ltr' id='par_1_109' title="bbox 927 2437 1714 2475">
     <span class='ocr_line' id='line_1_109' title="bbox 927 2437 1714 2475; baseline 0.001 -10"><span class='ocrx_word' id='word_1_824' title='bbox 927 2438 998 2471; x_wconf 77' lang='lat' dir='ltr'><strong>simi,</strong></span> <span class='ocrx_word' id='word_1_825' title='bbox 1013 2443 1041 2465; x_wconf 85' lang='lat' dir='ltr'><strong>et</strong></span> <span class='ocrx_word' id='word_1_826' title='bbox 1056 2437 1216 2472; x_wconf 74' lang='lat' dir='ltr'><strong>intelligibili</strong></span> <span class='ocrx_word' id='word_1_827' title='bbox 1228 2439 1323 2466; x_wconf 88' lang='lat' dir='ltr'><strong>robore</strong></span> <span class='ocrx_word' id='word_1_828' title='bbox 1334 2440 1450 2475; x_wconf 61' lang='lat' dir='ltr'><strong>praediti,</strong></span> <span class='ocrx_word' id='word_1_829' title='bbox 1461 2439 1588 2473; x_wconf 83' lang='lat' dir='ltr'><strong>omnique</strong></span> <span class='ocrx_word' id='word_1_830' title='bbox 1615 2446 1714 2474; x_wconf 74' lang='lat' dir='ltr'><strong>genere</strong></span> 
     </span>
    </p>
   </div>
   <div class='ocr_carea' id='block_1_110' title="bbox 928 2484 1714 2520">
    <p class='ocr_par' dir='ltr' id='par_1_110' title="bbox 928 2484 1714 2520">
     <span class='ocr_line' id='line_1_110' title="bbox 928 2484 1714 2520; baseline 0 -9"><span class='ocrx_word' id='word_1_831' title='bbox 928 2484 1034 2512; x_wconf 80' lang='lat' dir='ltr'><strong>decoris</strong></span> <span class='ocrx_word' id='word_1_832' title='bbox 1047 2491 1078 2512; x_wconf 82' lang='lat' dir='ltr'><strong>ac</strong></span> <span class='ocrx_word' id='word_1_833' title='bbox 1096 2484 1203 2511; x_wconf 87' lang='lat' dir='ltr'><strong>virtutis</strong></span> <span class='ocrx_word' id='word_1_834' title='bbox 1220 2489 1283 2511; x_wconf 86' lang='lat' dir='ltr'><strong>sunt</strong></span> <span class='ocrx_word' id='word_1_835' title='bbox 1306 2485 1473 2520; x_wconf 77' lang='lat' dir='ltr'><strong>locupletati.</strong></span> <span class='ocrx_word' id='word_1_836' title='bbox 1493 2485 1600 2513; x_wconf 82' lang='lat' dir='ltr'><strong>Similes</strong></span> <span class='ocrx_word' id='word_1_837' title='bbox 1624 2488 1714 2512; x_wconf 84' lang='lat' dir='ltr'><strong>autem</strong></span> 
     </span>
    </p>
   </div>
   <div class='ocr_carea' id='block_1_111' title="bbox 928 2530 1714 2565">
    <p class='ocr_par' dir='ltr' id='par_1_111' title="bbox 928 2530 1714 2565">
     <span class='ocr_line' id='line_1_111' title="bbox 928 2530 1714 2565; baseline 0.001 -9"><span class='ocrx_word' id='word_1_838' title='bbox 928 2535 987 2557; x_wconf 83' lang='lat' dir='ltr'><strong>sunt</strong></span> <span class='ocrx_word' id='word_1_839' title='bbox 1001 2530 1083 2558; x_wconf 85' lang='lat' dir='ltr'><strong>etiam</strong></span> <span class='ocrx_word' id='word_1_840' title='bbox 1102 2530 1209 2564; x_wconf 82' lang='lat' dir='ltr'><strong>sponsis</strong></span> <span class='ocrx_word' id='word_1_841' title='bbox 1238 2534 1348 2564; x_wconf 84' lang='lat' dir='ltr'><strong>propter</strong></span> <span class='ocrx_word' id='word_1_842' title='bbox 1372 2531 1619 2564; x_wconf 80' lang='lat' dir='ltr'><strong>fecunditatem,eo</strong></span> <span class='ocrx_word' id='word_1_843' title='bbox 1643 2531 1714 2565; x_wconf 90' lang='lat' dir='ltr'><strong>quod</strong></span> 
     </span>
    </p>
   </div>
   <div class='ocr_carea' id='block_1_112' title="bbox 928 2575 1715 2611">
    <p class='ocr_par' dir='ltr' id='par_1_112' title="bbox 928 2575 1715 2611">
     <span class='ocr_line' id='line_1_112' title="bbox 928 2575 1715 2611; baseline 0.001 -9"><span class='ocrx_word' id='word_1_844' title='bbox 928 2577 1004 2604; x_wconf 78' lang='lat' dir='ltr'><strong>vario</strong></span> <span class='ocrx_word' id='word_1_845' title='bbox 1023 2576 1165 2611; x_wconf 80' lang='lat' dir='ltr'><strong>splendore</strong></span> <span class='ocrx_word' id='word_1_846' title='bbox 1192 2575 1322 2606; x_wconf 84' lang='lat' dir='ltr'><strong>virtutum</strong></span> <span class='ocrx_word' id='word_1_847' title='bbox 1340 2577 1459 2604; x_wconf 80' lang='lat' dir='ltr'><strong>decorati</strong></span> <span class='ocrx_word' id='word_1_848' title='bbox 1482 2578 1547 2605; x_wconf 85' lang='lat' dir='ltr'><strong>sint.</strong></span> <span class='ocrx_word' id='word_1_849' title='bbox 1569 2578 1589 2604; x_wconf 87' lang='lat' dir='ltr'><strong>E</strong></span> <span class='ocrx_word' id='word_1_850' title='bbox 1613 2577 1715 2604; x_wconf 83' lang='lat' dir='ltr'><strong>sanctis</strong></span> 
     </span>
    </p>
   </div>
   <div class='ocr_carea' id='block_1_113' title="bbox 928 2621 1714 2658">
    <p class='ocr_par' dir='ltr' id='par_1_113' title="bbox 928 2621 1714 2658">
     <span class='ocr_line' id='line_1_113' title="bbox 928 2621 1714 2658; baseline 0.001 -10"><span class='ocrx_word' id='word_1_851' title='bbox 928 2623 1010 2657; x_wconf 72' lang='lat' dir='ltr'><strong>igitur</strong></span> <span class='ocrx_word' id='word_1_852' title='bbox 1023 2622 1161 2656; x_wconf 84' lang='lat' dir='ltr'><strong>prophetis</strong></span> <span class='ocrx_word' id='word_1_853' title='bbox 1173 2621 1282 2656; x_wconf 86' lang='lat' dir='ltr'><strong>quidam</strong></span> <span class='ocrx_word' id='word_1_854' title='bbox 1294 2621 1371 2654; x_wconf 78' lang='lat' dir='ltr'><strong>dixit,</strong></span> <span class='ocrx_word' id='word_1_855' title='bbox 1387 2629 1447 2648; x_wconf 91' lang='lat' dir='ltr'><strong>cum</strong></span> <span class='ocrx_word' id='word_1_856' title='bbox 1463 2623 1523 2650; x_wconf 79' lang='lat' dir='ltr'><strong>illos</strong></span> <span class='ocrx_word' id='word_1_857' title='bbox 1534 2623 1578 2658; x_wconf 86' lang='lat' dir='ltr'><strong>qui</strong></span> <span class='ocrx_word' id='word_1_858' title='bbox 1595 2626 1714 2651; x_wconf 84' lang='lat' dir='ltr'><strong>sanctam</strong></span> 
     </span>
    </p>
   </div>
   <div class='ocr_carea' id='block_1_114' title="bbox 930 2667 1716 2698">
    <p class='ocr_par' dir='ltr' id='par_1_114' title="bbox 930 2667 1716 2698">
     <span class='ocr_line' id='line_1_114' title="bbox 930 2667 1716 2698; baseline 0.003 -4"><span class='ocrx_word' id='word_1_859' title='bbox 930 2668 1014 2696; x_wconf 82' lang='lat' dir='ltr'><strong>vitam</strong></span> <span class='ocrx_word' id='word_1_860' title='bbox 1031 2668 1176 2696; x_wconf 87' lang='lat' dir='ltr'><strong>instituunt</strong></span> <span class='ocrx_word' id='word_1_861' title='bbox 1189 2668 1321 2695; x_wconf 74' lang='lat' dir='ltr'><strong>fecitndos</strong></span> <span class='ocrx_word' id='word_1_862' title='bbox 1336 2675 1368 2695; x_wconf 84' lang='lat' dir='ltr'><strong>ac</strong></span> <span class='ocrx_word' id='word_1_863' title='bbox 1378 2667 1530 2696; x_wconf 76' lang='lat' dir='ltr'><strong>fructuosos</strong></span> <span class='ocrx_word' id='word_1_864' title='bbox 1548 2677 1608 2698; x_wconf 83' lang='lat' dir='ltr'><strong>esse</strong></span> <span class='ocrx_word' id='word_1_865' title='bbox 1623 2671 1716 2696; x_wconf 90' lang='lat' dir='ltr'><strong>innue-</strong></span> 
     </span>
    </p>
   </div>
   <div class='ocr_carea' id='block_1_115' title="bbox 930 2713 1717 2747">
    <p class='ocr_par' dir='ltr' id='par_1_115' title="bbox 930 2713 1717 2747">
     <span class='ocr_line' id='line_1_115' title="bbox 930 2713 1717 2747; baseline -0.001 -6"><span class='ocrx_word' id='word_1_866' title='bbox 930 2718 989 2741; x_wconf 87' lang='lat' dir='ltr'><strong>ret:</strong></span> <span class='ocrx_word' id='word_1_867' title='bbox 1017 2723 1027 2740; x_wconf 74' lang='grc' dir='ltr'><strong>ι</strong></span> <span class='ocrx_word' id='word_1_868' title='bbox 1047 2714 1192 2747; x_wconf 82' lang='lat' dir='ltr'><strong>Propterea</strong></span> <span class='ocrx_word' id='word_1_869' title='bbox 1217 2715 1338 2741; x_wconf 86' lang='lat' dir='ltr'><strong>timorem</strong></span> <span class='ocrx_word' id='word_1_870' title='bbox 1361 2713 1410 2744; x_wconf 85' lang='lat' dir='ltr'><strong>tui,</strong></span> <span class='ocrx_word' id='word_1_871' title='bbox 1439 2713 1561 2746; x_wconf 81' lang='lat' dir='ltr'><strong>Domine,</strong></span> <span class='ocrx_word' id='word_1_872' title='bbox 1591 2716 1618 2742; x_wconf 91' lang='lat' dir='ltr'><strong>in</strong></span> <span class='ocrx_word' id='word_1_873' title='bbox 1641 2719 1717 2742; x_wconf 80' lang='lat' dir='ltr'><strong>utero</strong></span> 
     </span>
    </p>
   </div>
   <div class='ocr_carea' id='block_1_116' title="bbox 931 2759 1718 2796">
    <p class='ocr_par' dir='ltr' id='par_1_116' title="bbox 931 2759 1718 2796">
     <span class='ocr_line' id='line_1_116' title="bbox 931 2759 1718 2796; baseline 0.001 -10"><span class='ocrx_word' id='word_1_874' title='bbox 931 2761 1116 2795; x_wconf 83' lang='lat' dir='ltr'><strong>concepimus,</strong></span> <span class='ocrx_word' id='word_1_875' title='bbox 1130 2765 1157 2788; x_wconf 86' lang='lat' dir='ltr'><strong>et</strong></span> <span class='ocrx_word' id='word_1_876' title='bbox 1168 2759 1371 2796; x_wconf 85' lang='lat' dir='ltr'><strong>parturivimus,</strong></span> <span class='ocrx_word' id='word_1_877' title='bbox 1388 2763 1415 2788; x_wconf 86' lang='lat' dir='ltr'><strong>et</strong></span> <span class='ocrx_word' id='word_1_878' title='bbox 1427 2759 1579 2794; x_wconf 76' lang='lat' dir='ltr'><strong>peperimus</strong></span> <span class='ocrx_word' id='word_1_879' title='bbox 1594 2761 1718 2795; x_wconf 82' lang='lat' dir='ltr'><strong>spiritqu</strong></span> 
     </span>
    </p>
   </div>
  </div>
