1893 3052
103 408 116 482 3

135 93 213 122 |385

697 95 729 123 IN
750 95 870 124 ISAIAM
890 96 954 125 LIB.
976 97 1008 126 V.
1030 96 1151 126 TOIIUS
1171 96 1204 123 ν.

1701 97 1771 127 I586

132 151 226 188 ὀργῆς
249 151 426 189 ἐπενήνεκται
439 173 446 180 .
461 153 586 190 «Ἡμέρα
611 155 666 190 γὰρ
688 155 903 188 ἁνταποδόσεως,
923 165 931 182 ι

1003 156 1080 190 juidni
1096 156 1124 183 in
1141 162 1222 183 omne
1233 161 1318 190 genus
1331 154 1463 182 maiorum
1476 154 1635 182 devenirent
1646 155 1658 183 2
1670 156 1770 184 Verum

133 197 235 232 φησιν,
247 206 256 224 ι
266 197 383 233 ἐπῆλθεν
397 199 499 231 αὐτοῖς.
513 209 523 225 ›
537 197 584 231 Οἷς
598 200 652 236 γὰρ
667 200 727 233 ἐξὸν
746 201 868 237 ἁρπάσαι
883 201 932 237 τὴν

135 242 244 275 πίστιν,
262 243 309 269 καὶ
318 243 368 280 τὴν
378 243 413 270 δι’
428 245 515 280 αὐτῆς
529 245 752 282 καταπλουτῆσαι
766 248 856 283 χάριν,
874 245 932 274 εἶτα

136 289 259 325 ρᾴθυμοι
275 290 433 324 γεγονότες,
456 291 557 326 μᾶλλον
573 291 601 317 δὲ
625 291 772 324 ἀλαζόνες,
794 294 840 320 καὶ
856 293 933 329 ὑϐρι-

136 334 215 366 σταὶ,
231 335 278 361 καὶ
299 335 380 371 μέχρι
406 333 508 367 παντὸς
525 335 673 372 θεομάχοι,
691 337 750 370 πῶς
773 338 804 364 οὺ
831 339 933 374 σφόδρα

137 379 256 411 είκότως
271 380 371 412 παντὸς
394 380 460 408 είσω
481 382 609 416 γεγόνασι
635 383 739 414 κακῶς
758 383 832 418 Πλὴν
855 384 870 410 6
883 384 933 418 τῆς

137 425 245 452 ἐκείνου
269 425 474 458 ἀνταποδόσεως
499 427 614 462 καιρὸς.
638 427 799 464 λυτρώσεως
824 427 858 464 ἦν
877 431 934 461 τοῖς

137 471 311 505 ἐπεγνωκόσι
326 471 376 507 τὴν
392 472 554 506 ἐπιφάνειαν
571 473 664 500 αὑτοῦ.
685 475 728 501 Ἐν
740 475 832 511 ταυτῷ
850 476 905 512 γὰρ
919 477 934 502 6

141 517 193 552 μὲν
207 517 311 553 ἐξήνιος
324 518 480 551 ἐκολάζετο,
493 519 508 545 6
524 518 553 545 δὲ
570 519 699 556 εὐπειθὴς
723 521 770 547 καὶ
787 521 934 556 ὑφειμένοις

138 563 280 599 ἐλυτρώθη
303 564 378 599 παρά
401 563 534 600 Χριστοῦ.
549 574 559 590 ‹
577 564 730 600 Ἐπέὸλεψα
743 566 809 602 γὰρ,
829 576 838 592 ι
856 567 932 602 φησι,

142 617 152 635 ι
169 610 217 636 καὶ
231 609 282 636 οὐκ
295 608 329 645 ἧν
347 611 361 637 6
377 610 475 646 βοηθός
485 618 492 625 ·
508 611 691 647 προσενόησα,
707 613 755 639 καὶ
770 612 856 644 οὐδεὶς
871 613 934 639 ἀντ-

139 655 253 683 ελάϐετο
263 664 270 671 ·
286 666 295 681 ι
313 657 361 683 καὶ.
374 657 509 692 ἐρρύσατο
523 657 623 689 αὐτοὺς
637 659 651 684 6
667 657 786 694 βραχίων
809 667 870 694 μου,
887 659 934 685 καὶ

138 700 154 725 6
170 699 255 735 θυμός
276 709 327 736 μου
346 701 458 737 ἐπέστη.
478 711 488 727 ι
504 702 559 728 Καὶ
573 703 755 738 κατεπάτησα.
776 703 875 736 αὐτοὺς
899 705 932 740 τῇ

138 746 209 782 ὀργῇ
227 755 289 781 μου.
303 756 312 772 ι
325 747 434 774 Ἔοικεν
446 747 475 774 ὲν
487 746 592 778 τούτοις
605 747 656 782 τῆς
672 747 726 774 τῶν
744 749 934 784 Γραμματέων

138 792 189 818 καὶ
203 792 360 828 Φαρισαίων
380 792 518 828 ῥᾳθυμίας
533 793 668 820 ποιεῖσθαι
685 795 833 830 καταδυὴν,
853 795 878 822 οἱ
894 803 935 822 τε-

985 201 1170 229 retributionis
1197 205 1305 236 tempus
1333 200 1397 234 illis,
1417 205 1478 228 erat
1503 201 1697 236 redemptionis
1715 202 1774 230 dies

985 248 1027 275 his
1059 247 1104 282 qui
1122 247 1181 281 ejus
1197 247 1393 282 apparitionem
1410 251 1590 281 agnoverunt.
1604 247 1689 274 Simul
1699 248 1772 276 enim

983 298 1011 321 et
1028 293 1072 320 hic
1085 292 1195 320 eﬂ'reuis
1210 293 1322 328 punitus
1338 297 1399 325 est,
1420 297 1449 320 et
1462 293 1506 320 ille
1520 293 1650 321 obediens
1661 301 1693 321 ac
1708 294 1773 322 sub-

985 340 1082 367 missus
1094 347 1109 366 a
1120 339 1229 367 Christo
1247 339 1402 374 redemptus
1416 344 1469 366 est.
1489 348 1498 364 ι
1515 338 1633 374 Respexi
1656 340 1740 371 enim,
1761 349 1772 366 ι

984 385 1080 420 inquit,
1095 393 1105 410 ι
1119 389 1146 412 et
1165 392 1217 412 non
1234 389 1295 411 erat
1305 384 1409 417 adjutor
1422 392 1430 417 ;
1444 384 1626 416 consideravi,
1643 389 1671 411 et
1693 392 1773 412 nemo

984 436 1046 458 erat
1063 431 1108 466 qui
1126 430 1261 465 pra-heret
1275 429 1415 456 auxilium.
1434 438 1444 455 ι
1468 429 1501 456 Ει
1515 429 1641 457 liberavit
1650 437 1697 457 eos
1711 430 1774 457 ιπη-

985 476 1074 504 chium
1103 483 1202 508 meum,
1222 480 1250 503 et
1262 475 1338 502 furor
1352 483 1427 502 meus
1441 475 1542 503 invasit
1555 483 1614 503 eos.
1632 485 1641 501 ι
1661 475 1696 502 At
1708 483 1774 503 eou-

984 522 1088 550 culcavi
1101 522 1162 550 illos
1181 523 1221 549 ira
1249 529 1318 549 mea.
1337 531 1347 548 ι
1376 521 1488 549 Videtur
1506 521 1549 549 his
1567 521 1658 549 verbis
1678 526 1774 549 contra

984 569 1136 597 socordiam
1146 568 1303 596 Scribarum
1312 573 1339 596 et
1349 568 1547 596 Pharisaeorum
1558 568 1715 600 vociferari,
1728 568 1774 602 qui

984 615 1124 643 constituti
1139 619 1202 643 sunt.
1219 620 1248 642 ut
1262 619 1413 650 praeessent
1425 615 1535 650 populo,
1549 619 1576 642 et
1592 615 1624 641 ad
1633 612 1769 647 justitiam

985 660 1145 695 dirigerent,
1161 665 1187 687 et
1203 660 1237 687 ad
1253 659 1301 687 Dei
1319 660 1447 694 placitum
1482 660 1567 695 probe
1588 659 1774 686 instituerent.

986 705 1040 733 Sed
1051 705 1119 733 adeo
1134 705 1263 733 socordes
1277 709 1354 732 erant
1364 712 1396 732 ac
1411 705 1529 736 desides,
1555 708 1584 731 ut
1598 704 1639 731 his
1651 704 1696 738 qui
1709 703 1776 730 sul)-

986 751 1033 778 diti
1044 751 1110 786 jugo
1121 750 1231 778 fuerunt
1246 750 1347 777 nullam
1360 757 1439 785 opem
1455 750 1595 782 aﬂerrent,
1619 749 1700 776 nullis
1718 756 1776 775 mo-

986 796 1050 823 nitis
1062 796 1231 830 corrigerent
1245 804 1252 822 :
1267 796 1314 822 sed
1330 803 1345 823 e
1357 795 1505 828 contrario,
1517 795 1599 822 etiam
1611 795 1644 821 ad
1657 794 1775 821 inﬁdeli-

138 839 258 874 τάχαντο
271 839 320 874 μὲν
332 839 372 870 είς
383 839 413 865 τδ
426 839 604 874 καθηγεῖσθαι
616 839 699 872 λαῶν,
711 840 759 866 καὶ
772 840 931 868 ἀπευθύνειν

1003 845 1067 868 item
1081 840 1333 869 abducerent.Ausi
1345 842 1489 869 suntenim
1505 841 1596 868 dicere
1612 840 1644 867 de
1654 840 1774 867 omnium

138 884 241 916 αὐτοὺς
260 884 301 916 είς
323 884 515 919 δικαιοσύνην,
532 884 579 910 καὶ
602 884 787 919 παιδαγωγεῖν
809 883 840 912 εὖ
858 886 931 921 μάλα

138 930 210 964 πρὸς
233 929 264 956 τὸ
286 929 346 965 Θεῷ
358 929 464 956 δοκοῦν.
488 930 621 966 Ῥᾴθυμοι
641 930 669 956 δὲ
690 929 759 966 ἦσαν
779 930 862 963 οὕτω,
883 932 932 958 καὶ

138 975 378 1007 ἀναπεπτωκότες,
398 975 435 1007 ὼς
450 975 608 1010 ἐπικουρεῖν
631 975 680 1010 μὲν
697 976 784 1003 οὐδενὶ
804 976 858 1003 τῶν
877 977 931 1003 ὑπ-

139 1021 323 1056 εζευγμένων,
340 1021 387 1048 καὶ
401 1022 461 1053 ταῖς
483 1021 636 1053 νουθεσίαις
656 1022 833 1058 ἐπανορθοῦν,
854 1023 887 1050 ἐκ
903 1024 932 1050 δὲ

138 1067 194 1093 τῶν
211 1067 341 1094 ἐναντίων
358 1067 404 1094 καὶ⁵
423 1067 603 1103 ἀποκομίζειν
619 1069 659 1100 εἰς
677 1069 815 1095 ἀπιστίαν.
832 1068 932 1096 τετολ-

141 1114 246 1148 μήκασι
262 1114 318 1149 γὰρ
334 1114 421 1141 εἰπεῖν
439 1115 503 1150 περὶ
520 1115 568 1141 τοῦ
588 1116 698 1142 πάντων
713 1116 792 1151 ἡμῶν
808 1117 934 1152 Σωτῆρος

139 1158 278 1194 Χριστοῦ·
297 1168 306 1184 ι
324 1159 421 1192 Ἡμεῖς
445 1160 558 1195 οἴδαμεν
580 1161 621 1188 ὅτι
637 1161 732 1188 Μωσεϊ
754 1161 902 1195 λελάληκεν
921 1164 936 1190 6

138 1203 318 1235 Θεὸς.τοῦτον
329 1204 357 1231 δὲ
375 1205 425 1231 οὐκ
441 1204 552 1240 οἴδαμεν
564 1205 646 1232 πόθεν
660 1206 744 1232 ἐστί.»
762 1206 817 1233 Καὶ
833 1207 915 1233 πάλιν
926 1216 932 1223 ·

142 1257 152 1273 ι
165 1250 308 1284 Δαιμόνιον
330 1250 387 1285 ἔχει
409 1250 455 1278 καὶ
473 1250 611 1285 μαίνεται,
627 1251 653 1278 τί
677 1251 760 1278 αὑτοῦ
777 1253 890 1280 ἀκούετε
902 1263 909 1286 ;
922 1263 931 1279 ι

139 1294 246 1321 οὐκοῦν
270 1296 418 1331 ἐπειδήπερ
436 1297 524 1328 οὐδεὶς
543 1295 594 1333 ἧν,
614 1298 714 1333 φησιν,
741 1299 755 1325 6
779 1298 934 1335 βοηθῶν,ἢ

986 892 1107 923 nostrum
1119 887 1264 929 Serptore
1279 885 1408 914 Christo:
1425 895 1434 912 ι
1449 885 1504 913 Nos
1525 886 1633 921 quidem
1647 885 1773 913 novimus

984 931 1068 968 Moysi
1080 932 1198 959 locutum
1210 939 1271 959 esse
1282 932 1380 966 Deum;
1390 932 1461 960 hunc
1468 936 1558 959 autem
1568 930 1638 958 haud
1652 930 1775 957 novimus

986 978 1057 1005 unde
1068 977 1103 1005 sit
1117 977 1149 1004 ¹⁸.
1171 987 1180 1004 ι
1198 977 1231 1004 Ει
1251 978 1370 1004 iterum:
1386 986 1396 1003 ί
1415 977 1584 1004 υίιξηιοηίυηι
1602 976 1720 1003 babetet
1735 976 1777 1002 in-

986 1023 1069 1054 sanit,
1084 1023 1146 1057 quid
1164 1023 1238 1050 illum
1259 1023 1359 1050 auditis
1373 1023 1394 1038 ¹⁹
1411 1023 1423 1050 τ
1443 1032 1452 1048 ι
1483 1022 1576 1057 Itaque
1593 1022 1656 1057 quia
1683 1029 1775 1052 nemo.

986 1069 1084 1104 inquit,
1095 1074 1154 1096 erat
1165 1069 1210 1104 qui
1225 1074 1408 1101 succurreret,
1423 1068 1462 1096 vel
1475 1067 1606 1095 auxilium
1624 1068 1768 1102 przeheret.

984 1116 1105 1143 servavit
1117 1123 1165 1143 eos
1173 1115 1314 1143 brachium
1328 1122 1430 1147 meum,
1443 1115 1468 1141 id
1487 1118 1540 1148 est,
1550 1114 1682 1148 potentia.
1695 1112 1776 1140 Com—

984 1163 1075 1197 plures
1100 1163 1185 1194 enim,
1199 1167 1228 1189 ut
1252 1161 1320 1194 dixi,
1337 1169 1371 1188 ex
1391 1160 1492 1188 Judzeis
1521 1159 1707 1187 crediderunt.
1724 1158 1776 1190 Qui

983 1215 1048 1236 vero
1063 1207 1192 1235 nolebant
1206 1214 1368 1235 succurrere
1382 1214 1441 1240 eos,
1471 1206 1548 1233 furor
1563 1212 1640 1232 meus
1666 1204 1775 1234 invasit.

984 1253 1103 1289 iactique
1117 1257 1182 1281 sunt
1193 1253 1364 1281 conculcatio
1379 1254 1437 1281 irae.
1460 1252 1523 1279 Mali
1537 1252 1610 1279 enim
1623 1251 1693 1278 male
1710 1257 1777 1285 per“

984 1300 1083 1331 ierunt,
1100 1304 1127 1327 et
1141 1300 1236 1335 dignas
1247 1299 1396 1327 sceleribus
1413 1305 1508 1332 pcenas
1524 1298 1669 1325 dederunt.

137 1340 417 1376 ἀντιλαμϐανόμενος,
436 1341 539 1369 σέσωκε
558 1343 608 1377 μὲν
622 1343 743 1375 ἐκείνους
758 1345 772 1370 ὁ
786 1345 851 1380 ἐμὸς
865 1344 995 1380 βραχίων,
1021 1344 1157 1377 τουτέστι,
1185 1344 1311 1380 δύναμις,
1348 1344 1471 1370 πλεῖστοι
1504 1342 1569 1378 γὰρ,
1592 1342 1630 1373 ὼς
1647 1341 1727 1377 ἔφην,
1747 1342 1776 1375 ἐξ

145 1386 280 1413 Ἰουδαίων
295 1387 506 1416 πεπιστεύκασι.
520 1389 583 1421 Τοῖς
599 1397 632 1423 γε
653 1389 706 1426 μὴν
722 1391 772 1417 οὐκ
786 1391 932 1427 ἐθελήσασι
951 1392 1059 1427 βοηθεῖν
1074 1392 1088 1418 6
1104 1391 1189 1427 θυμός
1212 1400 1262 1427 μου
1286 1391 1400 1427 ἐπέστη,
1431 1389 1563 1425 γεγόνασι
1583 1388 1774 1424 καταπάτημα

136 1432 188 1467 τῆς
206 1432 298 1468 ὀργῆς,
311 1433 400 1460 Κακοὶ
413 1433 468 1470 γὰρ
481 1434 576 1466 κακῶς
596 1434 750 1467 διολώλασι,
764 1437 811 1463 καὶ
826 1437 988 1473 ἱσορῥόπους
1004 1438 1062 1469 τοῖς
1077 1437 1238 1472 αἰτιάμασιν
1252 1436 1397 1472 ἐξῄτηνται
1411 1436 1500 1468 δίκας.

177 1478 236 1505 Τὸν
255 1478 343 1506 ἔλεον
358 1480 470 1513 Κυρίου
489 1479 655 1514 ἐμνήσθην,
677 1481 730 1514 τὰς
745 1482 852 1515 ἀρετὰς
872 1485 929 1509 1ιύ-

1018 1481 1099 1509 Vens.
1117 1482 1145 1509 7.
1178 1481 1369 1508 Misericordia:
1396 1480 1503 1508 Domini
1529 1480 1683 1507 recordatus
1705 1487 1775 1510 lmll.

135 1533 205 1558 ριου
219 1524 254 1551 ἐν
271 1524 375 1558 πᾶσιν,
392 1523 438 1558 οἷς
457 1526 473 1552 ὁ
489 1526 595 1560 Κύριος
610 1527 682 1561 ἡμῖν
697 1527 930 1556 ἀνταποδίδωσι.

138 1570 249 1603 Κύριος
270 1570 374 1604 κριτὴς
394 1570 505 1605 ἀγαθὸς
524 1570 564 1604 τῷ
585 1572 657 1605 οἴκῳ
678 1573 810 1607 Ἰσραὴλ,
827 1573 931 1608 ἐπάγει

138 1615 214 1649 ἡμῖν
229 1615 363 1642 καὶκατὰ
374 1616 507 1649 τὸ”ἔ.1εσς
522 1617 625 1649 αἰτοῦ,
641 1618 690 1645 καί
710 1619 785 1646 κατὰ
801 1620 833 1646 τὸ
853 1619 931 1653 πλῆ-

138 1664 192 1695 θος
204 1661 467 1696 τῆς-δικαιοσύνης
478 1662 580 1690 αὐτοῦ.

174 1706 242 1734 Θεοῦ
264 1707 390 1741 λέγοντος
410 1706 447 1738 ὡς
463 1707 564 1742 ἐπέστη
587 1708 636 1743 μὲν
652 1710 707 1741 τοῖς
722 1709 902 1745 ἀπειθήσασιν
917 1710 931 1735 ὁ

123 1753 236 1799 ,θυμδῇ
257 1753 431 1799 κατεπάτησε
453 1753 481 1779 δὲ
507 1753 607 1785 αὐτοὺς
621 1755 638 1789 ἡ
650 1755 730 1790 ὀργὴ,
745 1756 793 1782 καὶ
806 1756 846 1782 ὅτι
863 1764 930 1782 κατ-

137 1799 272 1835 εκομίσθη
288 1799 319 1826 τδ
332 1796 400 1835 αἷμα
416 1799 504 1826 αὐτῶν
518 1801 558 1831 εἰς
568 1800 632 1835 γῆν,
647 1801 690 1827 διὰ
709 1801 791 1836 μέσου
806 1802 930 1837 κεχώρη-

138 1855 189 1872 κεν
205 1847 219 1873 ό
233 1847 387 1882 προφήτης,
399 1846 446 1873 καὶ
461 1846 662 1880 ἀπογινώσκειν
676 1847 726 1874 οὐκ
742 1848 775 1883 ἐᾷ
789 1848 852 1879 τοὺς
868 1848 930 1875 καθ’

137 1889 178 1919 ὧν
191 1892 216 1918 οἱ
231 1891 315 1926 λόγοι,
333 1892 439 1927 μέτεισι
451 1892 480 1918 δὲ
494 1892 524 1919 τὸ
535 1892 639 1928 χρῆμα,
652 1892 699 1919 καὶ¹
715 1893 776 1919 λίαν
785 1894 928 1929 εὐτέχνως.

144 1937 301 1973 Ἐμνήσθην
326 1937 391 1972 γὰρ,
407 1937 484 1972 φησι,
499 1939 558 1964 κατ’
585 1938 713 1974 ἐμαυτὸν,
738 1939 775 1970 ὼς
791 1939 864 1965 ἐστιν
881 1940 930 1966 οὐκ

137 1983 246 2018 ἀπηνὴς
258 1982 335 2009 ὁτῶν
351 1983 419 2009 ὅλων
443 1983 550 2018 κριτής.
569 1981 634 2010 Οἶδα
656 1983 709 2019 γὰρ
725 1983 771 2010 τὸν
791 1984 865 2010 ἔλεον
884 1985 931 2011 καὶ

137 2028 188 2060 τὰς
200 2029 300 2064 ἀρετὰς
307 2028 402 2061 αὐτοῦ,
413 2029 549 2060 τουτέστι,
563 2029 612 2061 τὰς
624 2030 783 2062 δυναστείας
795 2031 823 2056 ἐν
837 2031 929 2063 πᾶσιν,

136 2072 179 2106 οἷς
203 2075 414 2101 ἀνταποδίδωσιν
427 2076 509 2112 ⁵ἡμῖν.
533 2076 564 2102 Εἰ
583 2076 637 2110 γὰρ
662 2077 708 2103 καὶ
727 2077 928 2112 ἀπέστραπται,

137 2120 217 2155 φησὶ,
237 2120 456 2156 πεπαρῳνηκότα
468 2120 511 2148 τὸν
532 2121 650 2156 Ἰσραὴλ,
671 2121 717 2148 καὶ
729 2121 851 2148 ἀπειθεῖν
865 2124 930 2158 ᾑρη-

137 2165 230 2200 μένον,
247 2163 371 2192 καὶιοῖον
391 2166 603 2194 ἀνταποδίδωσιν
622 2168 687 2202 ἡμῖν
713 2167 749 2195 τὰ
773 2168 802 2200 ἐξ
834 2169 929 2204 ὀργῆς,

135 2211 188 2238 οὐκ
204 2211 325 2246 ἀκράτου
341 2211 450 2247 μᾶλλον,
471 2212 528 2239 ἀλλ’
543 2213 695 2248 ἠμερότητι
710 2215 929 2250 κεκρατημένης,

136 2258 195 2285 ἀλλ’
213 2256 260 2285 οὖν
282 2256 312 2285 εὖ
331 2259 479 2294 ἐπίσταμαι
498 2259 548 2291 τὰς
564 2260 665 2295 ἀρετὰς
683 2260 776 2293 αὑτοῦ,
796 2262 929 2295 τουτέστι,

135 2306 187 2338 τὰς
208 2297 367 2337 δυναστείας
390 2305 575 2341 γεγενημένας
607 2305 679 2332 κατὰ
699 2306 811 2341 καιροὺς
832 2307 877 2334 ἐπὶ
895 2309 929 2344 τῇ

135 2351 271 2388 λυτρώσει
303 2351 351 2377 τοῦ
389 2351 507 2387 Ἰσραήλ.
542 2352 662 2379 (Ἔσται
681 2351 802 2383 τοίνυν.»
836 2353 929 2387 φησὶν,

139 2409 148 2424 ι
163 2400 177 2426 6
201 2398 304 2434 Κύριος
329 2398 427 2434 κριτὴς
445 2398 546 2432 ἀγαθὸς
559 2397 597 2433 τῷ
621 2398 689 2433 οἴκῳ
709 2398 827 2434 Ἰσραὴλ,
842 2408 851 2424 ι
879 2399 929 2426 οὐκ

135 2444 254 2480 ἀκριϐὴς
270 2443 380 2480 μᾶλλον,
399 2443 469 2471 ἀλλά
478 2443 605 2479 χρηστὸς,
622 2445 706 2480 ἧγουν
718 2445 829 2478 ἀγαθός.
850 2446 932 2472 Δικα-

137 2489 203 2516 στοῦ
228 2490 277 2525 μὲν
297 2489 352 2525 γὰρ
372 2489 502 2524 ἀκριϐοῦς
520 2489 600 2525 ἔργον
616 2490 648 2516 ἂν
662 2490 776 2524 γένοιτο,
796 2490 826 2517 τὸ
852 2490 931 2523 δίκας

136 2539 223 2565 αἰτεῖν
255 2538 318 2569 τοὺς
344 2537 538 2573 ἡμαρτηκότας
562 2537 700 2571 ἀναλόγως
727 2538 843 2572 ἐχούσας
874 2539 931 2569 τοῖς

137 2584 307 2619 αἰτιάμασιν·
320 2583 422 2617 ἀγαθοῦ
431 2591 463 2617 γε
480 2582 544 2618 μὴν,
555 2583 586 2609 τὸ
595 2583 679 2609 ἐλεεῖν
690 2583 930 2618 ὡςὴσθενηκότας.

136 2629 243 2657 Οὐκοῦν
261 2628 410 2665 ἐπειδήπερ
420 2629 517 2664 κριτὴς
535 2629 647 2663 ἀγαθὸς.
665 2630 762 2664 ἐπάγει
780 2631 847 2666 ἡμῖν
860 2631 931 2658 κατὰ

136 2676 166 2702 τὸ
181 2675 255 2707 ἔλεος
267 2674 362 2708 αὐτοῦ,
378 2675 512 2707 τουτέστι,
530 2676 719 2710 συμμετρήσει
738 2675 773 2702 τὰ
787 2675 817 2707 ἐξ
834 2675 930 2712 ὀργῆς,

137 2723 185 2750 καὶ
208 2721 311 2758 ἀναμὶξ
327 2721 394 2757 ἐλέῳ
410 2721 518 2757 ποιήσει
538 2721 587 2756 τὴν
602 2721 797 2758 ἀγανάκτησιν.
824 2722 930 2758 Πλῆθος

176 2808 196 2823 ’⁸
214 2809 291 2837 Joan.
308 2817 346 2840 Ix.
364 2809 409 2836 29.
449 2808 563 2837 ¹³ι1ιιιιιι.
582 2818 610 2842 ι,
622 2810 668 2837 ‘20.

275 2857 408 2887 Parnm“
433 2857 491 2886 Gn.
513 2856 601 2887 LXX.

984 1529 1107 1554 virtutum
1128 1526 1251 1558 Domini,
1272 1527 1301 1553 in
1322 1526 1441 1553 omnibus
1464 1534 1524 1561 quae
1548 1525 1622 1553 nobis
1644 1525 1776 1552 retribuit.

986 1573 1113 1599 Domitius
1142 1572 1227 1606 judex
1255 1571 1336 1599 bonus
1352 1571 1444 1598 domui
1465 1571 1552 1598 Israel
1581 1572 1688 1598 adducit
1703 1570 1775 1598 ποια

982 1620 1126 1646 secundum
1154 1618 1362 1645 misericordiam
1397 1617 1482 1652 880
1494 1626 1582 1651 suam,
1594 1623 1618 1644 et
1633 1618 1776 1644 secundum

982 1663 1175 1689 multitudinem
1189 1662 1303 1696 justitia:
1319 1669 1383 1688 sum.

1020 1709 1073 1736 Deo
1097 1708 1204 1735 dicente
1231 1707 1374 1734 advenisse
1414 1706 1561 1733 incredulis
1587 1706 1723 1738 furorem,
1748 1712 1776 1734 et

983 1754 1043 1781 illos
1063 1754 1102 1782 ira
1126 1753 1314 1783 conculcatus.
1335 1753 1550 1786 sanguinemque
1571 1759 1664 1779 eorum
1687 1752 1777 1779 dedu—

983 1806 1056 1828 ctum
1073 1800 1099 1827 in
1118 1803 1232 1830 terram,
1251 1799 1396 1826 intervenit
1413 1798 1542 1833 propheta
1553 1816 1562 1829 ,
1579 1805 1629 1825 nec
1645 1797 1711 1825 sinit
1727 1805 1776 1824 eos

982 1845 1101 1872 animum
1121 1844 1298 1878 despondere,
1316 1847 1410 1870 contra
1430 1850 1499 1877 quos
1521 1843 1578 1870 haec
1597 1843 1679 1870 verba
1702 1843 1771 1871 dicta

982 1897 1057 1919 sunt.
1076 1891 1183 1926 Resque
1203 1891 1260 1918 hzec
1277 1889 1355 1917 valde
1375 1889 1521 1916 artiﬁciose
1543 1889 1703 1924 interposita
1721 1894 1774 1921 est.

983 1938 1149 1965 Iiecordatns
1171 1945 1229 1965 sum
1251 1937 1335 1970 enim,
1355 1936 1451 1970 inquit,
1470 1936 1540 1970 apud
1564 1943 1619 1967 me,
1638 1943 1690 1962 non
1712 1943 1772 1964 esse

982 1984 1172 2011 inclementem
1195 1984 1383 2011 universorum
1402 1982 1534 2010 Iudicem.
1553 1981 1620 2009 Novi
1638 1981 1772 2016 siquidem

983 2030 1198 2058 misericordiam
1219 2035 1247 2058 et
1264 2030 1380 2057 virtutes
1401 2029 1472 2063 ejus,
1492 2029 1518 2056 id
1540 2032 1592 2060 est,
1611 2028 1770 2063 potentiam,

983 2077 1009 2103 in
1026 2076 1152 2104 omnibus
1168 2084 1228 2111 quae
1245 2076 1324 2104 nobis
1341 2076 1474 2103 retribuit.
1493 2075 1548 2102 Etsi
1571 2074 1654 2107 enim,
1673 2075 1774 2109 inquit,

982 2120 1109 2148 lsraelem
1134 2122 1330 2149 debacchatnm
1353 2126 1380 2148 et
1406 2120 1607 2149 inobedientem
1632 2125 1772 2147 aversatus

947 2160 967 2188 ί)
983 2167 1028 2199 sit,
1042 2171 1069 2193 et
1082 2167 1154 2194 velut
1170 2167 1295 2194 retribuit
1310 2166 1387 2194 nobis
1403 2166 1482 2198 iram,
1497 2173 1550 2193 non
1564 2165 1673 2200 quidem
1688 2165 1773 2200 impo-

983 2217 1082 2240 tentem
1095 2217 1122 2240 et
1136 2213 1351 2245 immoderatam,
1365 2213 1411 2240 sed
1425 2212 1566 2240 clementia
1581 2215 1768 2246 temperatam,

982 2259 1040 2287 scio
1062 2264 1151 2286 tamen
1172 2259 1285 2287 virtutes
1306 2258 1376 2293 ejus,
1399 2259 1424 2286 id
1446 2262 1498 2292 est,
1522 2257 1670 2292 potentiam
1689 2257 1774 2284 variis

982 2305 1150 2341 temporibus
1168 2307 1194 2333 in
1212 2306 1372 2333 liberatione
1387 2305 1493 2333 Israelis
1508 2305 1668 2333 exhibitnm.
1687 2312 1696 2329 ι
1716 2303 1773 2330 Erit

983 2351 1086 2386 itaque,
1105 2361 1115 2377 ι
1133 2352 1231 2387 inquit,
1251 2361 1260 2377 ι
1280 2351 1506 2386 Dominusjudex
1525 2351 1614 2378 bonus
1628 2349 1718 2378 domui
1734 2349 1774 2377 Is-

983 2397 1049 2430 rael,
1071 2407 1080 2423 ι
1099 2405 1155 2424 non
1172 2405 1296 2430 severus,
1315 2403 1343 2424 at
1360 2398 1493 2432 benignus
1510 2402 1537 2425 et
1555 2398 1649 2424 bonus.
1669 2396 1773 2424 Judicis

982 2444 1054 2471 enim
1077 2443 1164 2472 severi
1184 2442 1302 2471 oﬂicium
1324 2448 1366 2470 est
1397 2450 1477 2477 poena
1501 2442 1650 2470 sceleribus
1672 2448 1771 2468 conve-

982 2490 1074 2518 niente
1092 2489 1199 2517 allicere
1220 2493 1364 2524 peccantes
1384 2509 1391 2520 ,
1410 2488 1473 2515 boui
1494 2493 1595 2519 autem,
1615 2488 1771 2516 misericor-

981 2536 1053 2564 diam
1062 2543 1170 2570 capere,
1182 2541 1210 2562 ut
1219 2535 1397 2563 inﬁrmorum.
1409 2534 1503 2568 Itaque
1515 2534 1600 2562 bonus
1612 2534 1695 2569 judex
1710 2541 1770 2561 cum

979 2582 1030 2616 sit,
1043 2582 1147 2609 inducit
1160 2581 1238 2609 nubis
1252 2588 1300 2616 pro
1314 2579 1498 2608 misericordia
1512 2587 1577 2614 sua,
1591 2581 1616 2607 id
1632 2584 1689 2611 est,
1703 2580 1771 2606 iram

979 2629 1176 2660 moderabitur,
1203 2632 1230 2655 et
1257 2626 1469 2662 indignationem
1497 2633 1558 2653 cum
1586 2626 1772 2653 misericordia

979 2674 1152 2710 temperabit.
1167 2674 1239 2702 Inest
1254 2673 1325 2701 enim
1342 2673 1366 2700 ei
1383 2671 1527 2700 multitudo
1540 2671 1662 2706 justitiam,
1678 2671 1703 2698 id
1718 2676 1770 2701 est.

979 2721 1011 2749 ad
1020 2729 1154 2749 summam
1168 2721 1256 2748 omnis
1268 2720 1380 2756 justitiw
1394 2724 1494 2747 sortem
1505 2718 1639 2753 pervenit.
1653 2717 1732 2750 Hinc,
1745 2723 1772 2744 et

1571 2853 1610 2885 44
