1893 3052
129 77 215 106 1389

712 78 743 108 lN
763 77 878 105 iSAIAM
900 79 962 106 LIB.
986 79 1016 106 V.
1040 79 1157 107 TOMUS
1181 80 1210 108 V.

1702 83 1772 111 1590

126 134 298 169 ἀμείλικτοι
321 135 471 168 γεγονότες,
493 135 593 170 ἐξήνιοί
615 144 642 161 τε
677 135 723 161 καὶ
741 135 880 168 ὰπειθεῖς;
899 137 927 162 Ul

989 141 1080 164 contra
1094 144 1150 164 eos.
1164 146 1172 161 ι
1188 136 1401 170 Oportuiteuim,
1418 139 1534 172 oportuit
1547 145 1602 170 eos,
1618 139 1662 172 qui
1677 139 1771 166 horum

126 181 196 215 γὰρ
217 180 356 215 ὑπήκουον
373 180 451 214 αὐτῷ.
467 180 592 207 καλοῦντι
605 180 673 215 πρὸς
686 181 831 216 σωτηρίαν.
854 191 862 206 ι
882 181 938 208 Ἑσ-

989 181 1150 208 mirabilittm
1174 181 1322 208 facinorum
1348 182 1521 210 immemores
1541 187 1628 215 erant,
1653 183 1773 218 nihilque

127 226 237 260 τράφη
252 235 261 251 ι
277 226 366 252 τοίνυν
389 236 397 251 ι
407 226 498 257 αὐτοῖς
511 226 552 257 εἰς
563 226 672 261 ἔχθραν,
686 227 733 253 καὶ
749 227 927 262 πεπολέμηκε

988 226 1113 254 utilitatis
1125 234 1157 253 cx
1173 227 1205 254 iis
1219 231 1356 261 ceperant,
1372 235 1420 261 per
1432 235 1492 262 qua:
1504 228 1537 255 ad
1551 236 1645 255 omnes
1662 229 1772 256 virtutes

128 271 273 303 αὺτούς-ι
287 271 340 298 ἔδει
356 271 420 306 γὰρ,
429 271 483 298 ἔδει
495 272 558 303 τοὺς
574 272 626 299 τῶν
639 272 797 307 παραδόξων
813 273 927 308 ἀμνήμοι

987 279 1032 300 eos
1048 272 1156 308 perduci
1169 280 1275 307 mquum
1289 272 1354 304 fuit,
1367 280 1381 299 a
1395 273 1579 301 misericordia
1592 278 1619 301 et
1631 274 1773 301 dilectione

129 325 202 348 νας,
226 318 272 344 καὶ
287 318 346 344 κατ’
359 317 453 344 οὐδένα
467 318 569 353 τρόπον
583 318 787 353 ὠφελημένους,
802 318 836 345 δι’
849 315 887 346 ὧν
903 316 937 354 ἦν

129 363 220 394 εἰκὸς
238 364 279 395 είς
299 363 353 389 πᾶν
372 363 462 390 ὁτιοῦν
480 364 576 391 ἐλάσαι
597 363 652 391 τῶν
671 364 935 399 ἀνδραγαθημάτων,

985 318 1044 353 ejus
1077 319 1122 353 qui
1139 325 1251 346 servare
1266 318 1337 350 vult,
1353 318 1491 352 excidere,
1509 326 1626 354 eumque
1644 319 1696 346 illis
1715 325 1774 346 tau.

985 373 1065 399 quam
1081 364 1203 392 hostibus
1218 363 1346 398 deinceps
1360 364 1499 391 resistere.

130 411 189 437 καὶ
204 410 325 445 φειδοῦς,
341 411 388 436 καὶ
407 411 518 446 ἀγάπης
539 411 695 439 ἀπολισθεῖν
718 411 769 447 τῆς
788 412 864 446 παρά
885 412 932 439 τοῦ
952 411 1049 444 σώζειν
1083 411 1229 446 ἐθέλοντος,
1245 411 1315 439 ὥστε
1330 411 1376 439 καὶ
1388 413 1417 438 ὲν
1446 410 1520 443 τάξει
1536 411 1663 447 πολεμίου
1681 412 1772 439 λοιπὸν

130 456 236 483 δοκεῖν
252 457 345 489 αὐτοῖς
359 458 581 486 ἀντανίστασθαι.

184 504 340 538 Ἐμνήσθη
357 505 474 539 ἡμερῶν
487 507 623 534 αἰωνίων.
642 507 705 534 Ποῦ
720 509 736 533 o'
750 507 934 540 ἀναϐιϐάσας

133 549 174 574 ἐκ
192 549 244 582 τῆς
262 549 318 584 γῆς
335 549 372 584 (Ι)
394 551 446 576 τὸν
463 551 590 585 ποιμένα
607 551 665 578 τῶν
685 552 856 586 προϐάτων;
875 552 934 579 ποῦ

134 595 231 622 ἔστιν
246 597 262 622 ὀ
282 596 343 629 θεὶς
364 597 398 623 ἐν
417 597 517 630 αὐτοῖς
539 597 572 624 τὸ
594 598 714 632 Πνεῦμα
735 598 768 624 τὸ
791 598 892 633 ᾶγιον;
918 599 934 625 ό

135 640 303 675 ἀναγαγὼν
312 641 349 675 τῇ
356 641 439 675 δεξιᾷ
450 642 584 676 Μωσῆν;
602 643 629 669 ’0
637 643 774 677 βραχίων
782 643 836 677 τῆς
842 643 934 678 δόξης

134 687 239 713 αὐτοῦ
258 688 446 722 κατίσχυσεν
464 689 542 722 ὕδωρ
561 688 621 716 ἀπὸ
642 689 804 723 προσώπου
827 690 931 722 αὐτοῦ,

138 731 270 766 ποιῆσαι
297 732 377 766 αὐτῷ
403 732 497 768 ὄνομα
521 734 657 761 αἰώνιον
686 735 799 769 ἤγαγεν
823 734 933 767 αὐτοὺς

137 777 193 804 διὰ
209 776 263 811 τῆς
282 778 431 811 ἀϐύσσου,
450 779 491 812 ὡς
505 780 600 807 ἵππον
618 779 656 807 δι’
671 780 793 814 ἐρήμου,
809 781 857 807 καὶ
877 781 933 808 οὐκ

137 822 322 855 ἐκοπίασαν,
349 823 400 850 καὶ
422 824 462 856 ὡς
491 823 587 858 κτήνη
611 824 661 851 διὰ
683 824 803 852 πεδίου·
826 825 934 859 κατέϐη

141 868 266 903 πνεῦμα
299 869 380 903 παρὰ
403 869 523 903 Κυρίου.
548 870 598 896 καὶ
614 870 772 906 ὡδήγησεν
804 872 933 903 αὐτούς·

139 913 238 946 οὕτως
246 913 357 949 ἤγαγες
371 915 424 941 τὸν
435 915 512 942 λαόν
525 923 594 949 σου,
608 916 661 942 τοῦ
677 916 802 950 ποιῆσαι
819 916 936 949 σεαυτῷ

140 958 239 994 ὄνομα
247 960 359 997 δόξης.

179 1004 227 1035 Είς
238 1005 338 1040 ἔχθραν
357 1006 449 1038 αὐτοῖς
469 1006 671 1042 μεταϐληθῆναι
687 1008 772 1042 λέγων
788 1008 833 1034 τὸν
850 1007 936 1042 φειδοῖ

139 1049 192 1075 καὶ
214 1050 308 1084 ἀγάπῃ
323 1050 353 1076 τὸ
372 1052 438 1086 πρὶν
458 1053 699 1088 κατευφραίνοντα,
722 1052 770 1084 τὰς
791 1052 836 1080 τοῦ
862 1053 934 1089 πρά-

138 1101 249 1128 γματος
266 1095 355 1126 αἰτίας
372 1095 510 1130 ἐξηγεῖται
532 1097 686 1132 χρησίμως.
715 1097 932 1132 Διεμνημόνευσε

140 1136 210 1171 γὰρ,
226 1137 320 1172 φησὶν,
339 1138 421 1172 ἤγουν
442 1139 592 1175 ἀνεπόλησε
612 1141 661 1172 τὰς
679 1141 783 1176 ἡμέρας
804 1142 854 1173 τὰς
867 1143 933 1169 αἰω-

140 1182 228 1213 νίους,
259 1183 393 1216 τουτέστι,
423 1184 472 1215 τὰς
500 1185 761 1220 ἀειμνημονεύτους,
793 1187 835 1214 διὰ
852 1188 882 1214 τὸ
905 1189 933 1214 ἐν

141 1228 241 1259 αὑταῖς
256 1229 370 1256 πλεῖστά
385 1238 415 1256 τε
435 1230 485 1256 ὃσα
508 1230 556 1257 καὶ
575 1231 701 1266 ἐξαίρετα
717 1232 843 1266 γενέσθαι
867 1233 932 1260 θαύ-

143 1282 228 1308 ματα.
251 1273 298 1305 Τίς
316 1274 343 1300 δὲ
359 1275 372 1300 ὁ
392 1276 600 1309 μνημονεύσας;
617 1277 632 1303 6
647 1277 815 1309 ἀναϐιϐάσας
835 1278 867 1305 ἐκ
884 1279 932 1314 τῆς

141 1318 196 1353 γῆς
217 1319 263 1345 τὸν
283 1320 399 1354 ποιμένα
411 1320 466 1347 τῶν
479 1321 640 1356 προϐάτων;
655 1323 763 1349 Ἔοικεν
779 1324 808 1349 ὲν
828 1324 933 1356 τούτοις

141 1363 192 1398 τῆς
206 1363 378 1396 ἀναστάσεως
395 1366 528 1392 ποξεὶσοαι
545 1367 655 1403 μνήμην
669 1367 715 1394 τοῦ
730 1369 835 1395 πάντων
853 1369 932 1403 ἡμῶν

143 1408 269 1443 Σωτῆρος
291 1409 427 1444 Χριστοῦ·
452 1412 466 1437 6
489 1412 542 1447 γὰρ
562 1413 741 1445 ἀναὸιΰάσας,
760 1415 851 1449 φησὶν,
873 1415 933 1441 ἀντὶ

952 785 1001 825 ην

1021 505 1104 540 882
1118 503 1198 532 Vtztts.
1214 504 1304 531 H-H.
1322 504 1353 530 Et
1369 505 1519 531 recordatus
1531 510 1568 532 est
1583 505 1684 533 dierum
1697 512 1773 534 teter-

987 559 1090 577 norum.
1112 549 1162 577 Ubi
1190 550 1417 584 estqttieduxitde
1433 555 1502 577 terra
1518 556 1646 584 pastorem
1666 553 1773 579 evitant?

988 595 1038 623 Ubi
1049 601 1086 623 est
1101 596 1147 631 qui
1161 597 1246 629 posuit
1263 597 1289 622 in
1303 596 1340 623 eis
1356 595 1484 630 Spiritum
1500 597 1640 631 sanctum?
1654 599 1698 631 qui
1709 600 1771 625 edu-

986 641 1023 667 xit
1039 641 1146 667 dextera
1166 640 1293 675 Moysen?
1311 640 1453 667 Bracltittm
1464 642 1556 676 gloriw
1566 650 1621 669 ειιω
1640 644 1772 677 superarit

986 694 1081 719 aquam
1107 695 1124 713 α
1153 687 1221 720 facie
1238 687 1304 721 ejus,
1332 693 1359 714 ut
1379 688 1475 721 faceret
1497 689 1547 714 sibi
1565 696 1658 715 nomen
1676 689 1771 723 sempi-

987 737 1099 759 ternum.
1137 732 1218 759 Duxit
1255 741 1298 759 eos
1316 741 1361 767 per
1378 733 1513 768 abyssum,
1532 739 1655 768 tanquam
1676 743 1771 770 equum

1003 785 1031 804 er
1041 777 1220 810 solitudinem,
1230 784 1252 804 et
1262 778 1455 811 laboraverunt,
1472 784 1495 805 et
1511 779 1578 806 sicut
1589 779 1711 814 jumenta
1726 789 1771 813 per

986 830 1116 857 campum.
1134 823 1270 849 Descendit
1287 823 1394 856 spiritus
1412 832 1427 849 (ι
1443 822 1565 854 Domino,
1581 829 1603 849 et
1614 824 1668 850 dua:
1680 832 1767 850 eorum

986 867 1046 902 fuit.
1064 867 1108 895 Sic
1127 869 1226 895 tinxisti
1245 869 1368 903 populum
1393 873 1476 900 tuum,
1495 873 1521 895 ut
1539 869 1637 903 faceres
1654 870 1699 897 tibi
1723 879 1769 896 uo-

987 922 1044 940 mm
1058 914 1109 949 glor
1116 915 1157 941 iur.

1019 1002 1085 1029 Cum
1111 1003 1209 1030 dixerit
1232 1009 1260 1030 se
1284 1009 1443 1030 conversum
1467 1010 1526 1031 esse
1549 1004 1575 1031 iu
1600 1004 1767 1032 inimicitiam

985 1048 1052 1079 illis,
1067 1048 1112 1082 qui
1128 1048 1203 1082 prius
1219 1055 1266 1075 eos
1285 1049 1469 1076 misericordia
1486 1054 1512 1076 et
1529 1050 1663 1077 cltaritate
1680 1051 1770 1078 suble-

985 1095 1059 1121 vavit
1079 1099 1106 1121 et
1127 1094 1298 1128 exhilaravit,
1320 1103 1416 1122 causas
1437 1095 1548 1129 hujusce
1569 1097 1608 1123 rei
1629 1098 1770 1124 commode

984 1139 1102 1173 exponit.
1119 1138 1146 1165 In
1163 1139 1320 1166 memoriam
1336 1139 1473 1167 revocavit
1487 1140 1576 1172 enim,
1594 1141 1678 1174 inqttit
1689 1161 1696 1172 ,
1712 1141 1770 1168 aui-

984 1191 1082 1218 moque
1093 1183 1222 1210 volutavit
1235 1183 1292 1210 dies
1306 1188 1432 1215 aeternos.
1445 1183 1470 1210 id
1485 1189 1535 1216 est,
1549 1191 1656 1218 semper
1669 1191 1770 1211 memo-

983 1230 1092 1262 rabiles,
1118 1234 1227 1265 propter
1247 1230 1331 1257 multa
1354 1234 1381 1257 et
1402 1230 1501 1257 eximia
1525 1230 1551 1256 in
1575 1230 1628 1257 illis
1650 1231 1769 1265 priestita

985 1275 1124 1303 miracula.
1141 1275 1206 1308 Quis
1224 1279 1313 1302 autem
1334 1275 1491 1304 recordatus
1507 1275 1566 1302 est?
1581 1276 1647 1308 Quis
1663 1276 1707 1303 ille
1723 1278 1768 1311 qui

983 1320 1077 1348 eduxit
1093 1320 1126 1347 de
1144 1324 1214 1347 terra
1233 1324 1367 1354 pastorem
1385 1319 1523 1347 omnium?
1539 1319 1649 1347 Videtur
1664 1321 1707 1348 hic
1725 1329 1768 1349 re-

982 1365 1160 1392 surrectionis
1168 1365 1287 1392 omnium
1297 1370 1417 1392 nostrum
1428 1365 1684 1393 ServatorisChristi
1695 1374 1768 1394 meu-

985 1412 1083 1438 tionem
1107 1411 1206 1439 facere.
1228 1410 1277 1443 Qui
1301 1411 1410 1442 eduxit,
1434 1412 1537 1446 inquit.
1559 1411 1601 1438 vel
1623 1414 1769 1439 ascendere

142 1453 201 1484 τοῦ,
212 1455 225 1480 6
239 1456 393 1490 ἀναστήσας
415 1457 468 1482 ἀπὸ
482 1457 535 1492 γῆς
549 1459 594 1485 τὸν
608 1459 718 1485 πάντων
737 1461 927 1498 ἀρχιποιμὲνα,

987 1456 1064 1489 fecit,
1082 1464 1130 1490 pro
1146 1465 1153 1483 :
1171 1456 1220 1489 Qui
1237 1455 1365 1483 excitavit
1379 1464 1394 1483 e
1411 1461 1482 1482 terra
1498 1456 1616 1482 omnium
1633 1464 1767 1484 stnumttm

143 1499 298 1533 ἀναστήσας
310 1500 336 1526 δὲ
348 1501 408 1536 οὐχὶ
423 1502 531 1534 πάντως
550 1503 581 1529 ἐκ
596 1504 710 1538 νεκρῶν,
731 1505 788 1532 ἀλλ’
801 1503 857 1533 οἷον
867 1507 930 1534 ἀνα-

142 1543 232 1575 δείξας
247 1544 276 1577 ἐξ
296 1545 462 1580 ἀνθρώπων·
475 1548 570 1581 ¹γέγονε
588 1549 642 1584 γὰρ
661 1550 698 1581 ὡς
722 1548 761 1581 εἷς
785 1551 814 1584 ἐξ
843 1552 929 1586 ἡμῶν,

143 1589 271 1623 γέννησιν
295 1591 445 1624 ὑπομείνας
468 1592 517 1626 τὴν
538 1593 608 1619 κατὰ
625 1595 713 1629 σάρκα
732 1596 763 1621 ἐκ
778 1597 905 1629 γυναικὸς
917 1598 931 1624 ὁ

144 1635 292 1670 μονογενὴς
307 1635 354 1661 τοῦ
375 1637 480 1671 Πατρὺς
498 1637 595 1672 Λόγος.
622 1640 731 1675 Ἐπειδὴ
747 1641 784 1672 δὲ,
797 1641 834 1672 ὡς
851 1641 929 1676 ἔφην,

142 1680 337 1715 ἀμνημόνευτα
353 1681 469 1708 είσάπαν
484 1682 534 1717 τῆς
549 1683 624 1718 παρά
638 1684 706 1710 Θεοῦ
728 1685 930 1722 μεγαλουργίας

144 1726 238 1753 ἐθεᾶτο
250 1727 294 1753 τὸν
322 1727 437 1764 Ἰσραὴλ,
462 1729 602 1764 μονονουχὶ
622 1731 809 1766 κατατέθηπεν
828 1733 842 1758 6
863 1741 930 1768 προ-

144 1772 241 1806 φήτης.
257 1773 303 1798 καὶ
313 1773 353 1804 εἰς
365 1773 443 1800 τοῦτο
460 1773 592 1806 πεσόντας
610 1775 787 1810 ἀναισθησίας
802 1777 930 1813 ὀλοφύρε-

142 1825 188 1843 ται
205 1816 291 1850 λέγων
305 1825 312 1831 ⁸
333 1826 341 1842 ι
360 1817 412 1843 Ποῦ
428 1818 501 1844 ἐστιν
519 1819 533 1844 6
546 1817 602 1850 θεὶς
620 1819 648 1845 ἐν
665 1820 756 1851 αὐτοῖς
775 1820 805 1846 τὸ
819 1822 929 1856 Πνεῦμα

142 1863 175 1888 τὸ
193 1862 278 1896 ἅγιον,
291 1873 300 1888 ο
313 1864 461 1895 τουτέστιν,
473 1866 487 1890 6
501 1865 650 1900 ἐπιστήσας
666 1867 695 1891 ἐν
707 1866 798 1897 αὐτοῖς
812 1867 842 1892 τὺ
859 1866 929 1893 θεῖον

144 1908 225 1935 αὐτοῦ
248 1910 295 1935 καὶ
317 1910 451 1943 σωτήριον
473 1908 593 1944 Πνεῦμα.
608 1910 720 1944 Κατέῧη
739 1910 793 1945 γὰρ
817 1911 929 1945 Πνεῦμα

144 1954 219 1989 παρᾶ
233 1954 346 1988 Κυρίου,
371 1955 417 1980 καὶ
431 1955 571 1990 ὡδήγησεν
588 1955 696 1987 αὐτοὺς,
710 1956 801 1990 φησίν.
818 1956 889 1991 Ἔφη
901 1957 928 1983 δὲ

144 2001 191 2028 καὶ
206 2001 219 2026 6
233 2000 372 2032 θεσπέσιος
389 2000 480 2033 Δαΰὶδ,
492 2002 532 2027 ὅτι
553 2011 562 2026 t
581 2001 769 2034 Ἐξαπέστειλε
781 2001 828 2028 τὸν
844 2003 929 2035 Λόγον

145 2046 235 2078 αὑτοῦ,
251 2047 297 2073 καὶ
314 2047 408 2074 ἰάσατο
422 2047 529 2078 αὐτούς.
544 2057 552 2072 ι
574 2047 603 2074 '0
615 2048 642 2073 δὲ
655 2047 757 2082 Κύριος
772 2048 803 2074 τὸ
822 2048 929 2083 πνεῦμα

145 2091 226 2124 ἐστὶν,
253 2093 359 2128 ἐνεργεῖ
379 2093 432 2128 γὰρ
456 2092 501 2119 διὰ
526 2092 573 2119 τοῦ
600 2093 741 2128 ὁμοουσίου
761 2093 927 2128 Πνεύματος.

145 2137 198 2164 Ποῦ
215 2138 303 2165 τοίνυν
332 2139 419 2172 ἒστίν;
439 2139 498 2165 ἀντὶ
522 2138 580 2171 τοῦ,
605 2139 782 2171 ἐπελάθοντο,
809 2140 855 2166 καὶ
879 2140 927 2166 οὐκ

146 2183 309 2219 ἐξεζήτησαν
320 2185 412 2216 αὐτὸν,
429 2185 474 2211 διὰ
491 2184 539 2211 τοῦ
556 2185 710 2220 μεμνῆσθαι
728 2184 859 2220 δηλονότι,
881 2186 927 2212 καὶ

145 2230 249 2266 ἀγαπᾷν
265 2231 355 2259 αὐτόν,
368 2231 421 2257 Ποῦ
435 2233 449 2258 ὁ
463 2231 608 2265 ἀναγαγὼν
619 2232 651 2266 τῇ
665 2230 739 2266 δεξιᾷ
749 2231 794 2258 τὸν
808 2231 925 2266 Μωσῆν;

145 2276 235 2309 Μέγας
254 2274 288 2311 ἧν
308 2277 322 2302 6
341 2277 444 2312 Μωσῆς
466 2278 479 2303 6
501 2277 642 2311 διαϐόητός
666 2285 694 2302 τε
713 2277 758 2303 καὶ
781 2276 879 2311 ὑψηλὸς
897 2277 925 2302 ἐν

145 2320 267 2356 εὐκλείᾳ·
289 2321 455 2356 ὑπεμφαίνει
478 2322 506 2349 δὲ
527 2322 606 2349 τοῦτο
622 2322 661 2355 τὸ,
683 2322 837 2356 ἀναγαγὼν,
851 2323 927 2356 ἐνερ-

144 2365 240 2400 γούσης
251 2366 285 2392 δι’
296 2367 377 2393 αὺτοῦ
384 2368 432 2402 τῆς
445 2367 490 2394 τοῦ
505 2367 571 2394 Θεοῦ
584 2367 682 2401 δεξιᾶς.
694 2377 703 2394 ι
713 2368 741 2394 ὐ
751 2367 869 2403 βραχίων
877 2368 926 2402 τῆς

144 2411 219 2446 δόξης
240 2412 414 2447 κατίσχυσεν,
433 2423 442 2438 1
463 2413 479 2448 ἢ
506 2414 720 2448 κατηγωνίσατο,
740 2414 786 2440 καὶ
803 2413 926 2448 νενίκηκε

143 2456 191 2490 τὴν
201 2455 255 2482 τῶν
268 2457 370 2483 ὑδάτων
389 2457 468 2491 φύσιν
488 2457 631 2493 συμπήξας
645 2458 724 2485 αὑτά.
747 2457 859 2492 Ἑπᾶγει
873 2458 927 2493 γὰρ

145 2501 206 2527 ὡσεὶ
220 2503 309 2536 τεῖχος
321 2502 355 2528 τὰ
374 2502 468 2534 ὖδατα,
485 2504 577 2538 φησὶν,
594 2504 677 2538 ἤγουν
691 2504 761 2530 αὑτά
779 2505 926 2540 κατίσχυσε

143 2547 177 2572 τὰ
191 2546 281 2578 ὕδατα,
303 2547 373 2573 ὥστε
393 2549 439 2574 καὶ
459 2547 539 2583 πῆξιν
561 2549 714 2584 ὑπομεῖναι,
739 2550 826 2576 καίτοι
846 2549 926 2584 φύσιν

144 2593 235 2628 ἔχοντα
249 2593 298 2627 τὴν
317 2593 413 2629 ὑγράν.
431 2592 596 2630 Πεπλήρωκε
615 2595 643 2621 δὲ
663 2596 710 2623 καὶ
730 2596 818 2631 τοῦτο,
832 2597 925 2631 φησὶν,

177 2679 198 2695 ’⁸
211 2679 279 2705 Psal.
295 2687 349 2710 cvt.
364 2680 408 2707 20.
447 2681 470 2696 ’δ
484 2681 562 2709 Joan.
579 2689 618 2714 tv,
633 2682 678 2710 24.

177 2767 212 2804 (ι)
228 2767 371 2804 Θαλάσσης
389 2768 469 2798 LXX.

983 1507 1129 1536 pastorem,
1143 1502 1188 1536 qui
1203 1501 1340 1533 excitavit,
1354 1501 1472 1535 inquam,
1487 1509 1538 1528 non
1551 1501 1634 1528 soltnn
1647 1509 1679 1529 ex
1693 1510 1767 1530 tuor-
1784 1497 1786 1525 ί

984 1548 1052 1581 tuis,
1073 1547 1119 1574 sed
1141 1547 1215 1574 velut
1235 1547 1342 1581 erigens
1363 1554 1395 1573 ex
1421 1546 1584 1574 hominibus.
1607 1547 1704 1575 Factus
1726 1553 1768 1576 est

981 1594 1051 1620 cnim
1068 1598 1193 1627 tanquam
1210 1600 1279 1620 unus
1294 1599 1326 1619 ex
1343 1593 1430 1625 nobis,
1445 1597 1532 1619 ortum
1548 1593 1650 1621 habens
1663 1594 1768 1622 ratione

981 1639 1070 1667 carnis
1085 1640 1117 1667 de
1133 1639 1257 1672 muliere,
1271 1639 1386 1673 unigena
1402 1638 1489 1666 Patris
1503 1639 1611 1666 Sermo.
1625 1640 1675 1667 Sed
1692 1641 1766 1676 quia,
1783 1640 1785 1643 ⁷

981 1690 1008 1712 ut
1027 1684 1096 1716 dixi,
1115 1685 1287 1720 conspicatus
1303 1690 1345 1712 est
1365 1684 1494 1718 propheta
1513 1684 1638 1712 lsraeletn
1657 1687 1767 1713 onmiuo

979 1731 1090 1758 oblitum
1107 1731 1204 1757 divinae
1223 1730 1444 1765 magnilicentiat,
1464 1735 1566 1756 tantum
1586 1738 1638 1757 non
1657 1736 1767 1767 stupore

980 1775 1108 1803 ceniosus
1125 1780 1180 1808 est,
1197 1780 1224 1802 et
1239 1782 1271 1801 eo
1287 1775 1450 1809 stupiditatis
1467 1775 1557 1809 lapsos
1572 1775 1707 1810 deplorat,
1725 1778 1767 1804 di-

980 1827 1044 1848 cens
1064 1829 1071 1847 :
1094 1829 1103 1845 ι
1127 1819 1176 1847 Ubi
1196 1825 1237 1847 est
1255 1820 1300 1854 qui
1321 1820 1410 1854 posuit
1429 1820 1455 1846 in
1479 1819 1531 1846 illis
1553 1819 1681 1854 Spiritum
1703 1829 1766 1852 sun-

980 1866 1070 1893 ctum?
1088 1875 1096 1891 I
1115 1866 1140 1892 id
1159 1870 1214 1897 est,
1230 1866 1274 1899 qui
1294 1865 1403 1891 inseruit
1426 1865 1477 1890 illis
1495 1864 1615 1891 divinum
1636 1873 1714 1893 suum
1734 1875 1766 1894 ac

980 1912 1124 1940 Salutarem
1139 1911 1286 1946 Spiritum?
1302 1911 1445 1939 Descendit
1464 1911 1534 1937 enim
1553 1911 1669 1946 Spiritus
1684 1920 1698 1938 a
1715 1913 1766 1940 υο-

981 1958 1062 1989 mino,
1077 1962 1103 1984 et
1117 1957 1193 1984 duxit
1206 1965 1262 1984 eos.
1276 1956 1358 1984 Porro
1370 1956 1476 1984 divinus
1491 1959 1572 1985 David
1586 1958 1624 1985 ait
1639 1967 1647 1985 ι
1664 1967 1673 1984 ‹
1692 1959 1765 1985 Emi-

979 2005 1015 2031 sit
1030 2004 1144 2031 Verbum
1162 2011 1250 2035 sutnn,
1266 2007 1293 2030 et
1309 2003 1414 2030 sanavit
1430 2011 1477 2030 eos
1487 2004 1519 2030 “.
1539 2013 1548 2028 ι
1568 2004 1696 2030 Dominus
1714 2012 1766 2030 au~

981 2054 1033 2075 tem
1051 2049 1161 2083 spiritus
1178 2049 1260 2075 est“.
1273 2048 1406 2082 Operatur
1420 2049 1491 2075 enim
1509 2055 1556 2082 per
1570 2048 1700 2083 Spiritum
1718 2050 1764 2084 qui

980 2094 1090 2129 aequalis
1108 2099 1149 2121 est
1171 2093 1340 2121 substituite.
1361 2093 1410 2121 Ubi
1432 2098 1474 2121 cst
1493 2093 1575 2129 ergo?
1590 2101 1659 2128 pro,
1685 2094 1765 2122 Obliti

945 2133 965 2161 Β
980 2144 1052 2172 sunt,
1068 2143 1095 2165 et
1112 2146 1163 2166 non
1181 2139 1362 2173 qutesiveruut
1379 2146 1452 2171 eum,
1480 2139 1647 2167 recordando
1662 2140 1767 2167 scilicet

980 2189 1007 2211 et
1020 2183 1154 2218 diligendo
1168 2192 1239 2212 eum.
1254 2184 1304 2212 Ubi
1318 2189 1358 2212 est
1369 2185 1414 2219 Qui
1427 2185 1518 2212 eduxit
1531 2185 1625 2212 dextra
1640 2184 1764 2220 Moysen?

979 2229 1090 2264 Magnus
1108 2228 1158 2256 fuit
1175 2229 1290 2265 Moyses.
1309 2230 1473 2265 pereelcbris
1491 2235 1517 2257 et
1537 2231 1663 2265 dignitate
1681 2230 1765 2257 subli-

980 2275 1040 2302 tuis.
1057 2275 1137 2309 ldqtte
1155 2275 1308 2302 subiudicat
1324 2284 1330 2303 :
1346 2275 1455 2308 Eduxit,
1473 2280 1601 2310 operante
1617 2282 1664 2309 per
1679 2275 1764 2310 ipsqu

979 2322 1068 2348 divina
1087 2321 1206 2348 dextera.
1227 2330 1235 2346 ι
1257 2320 1399 2348 Bracltium
1417 2321 1509 2356 gloriae.
1527 2321 1674 2356 superavit,
1695 2330 1703 2345 ι
1724 2321 1764 2347 \el

980 2366 1152 2400 expugnavit,
1170 2371 1197 2394 et
1213 2367 1277 2393 vicit
1293 2372 1416 2393 naturam
1434 2374 1564 2400 aquarum
1576 2367 1689 2398 ,sistcus
1706 2373 1762 2392 cus.

980 2411 1083 2439 lnducit
1099 2412 1170 2439 enim
1187 2413 1258 2439 velut
1276 2420 1381 2439 mttrutn
1401 2419 1493 2446 aquas,
1513 2412 1610 2447 inquit.
1628 2410 1673 2439 Vel
1692 2412 1765 2445 ipsas

981 2465 1065 2493 aquas
1093 2458 1208 2492 repulit,
1237 2457 1320 2492 883
1347 2465 1378 2484 ac
1405 2458 1552 2491 superavit,
1580 2457 1614 2483 ita
1651 2461 1679 2482 ut
1705 2456 1764 2482 sisti

981 2511 1011 2531 se
1027 2508 1194 2538 paterentur,
1212 2503 1317 2531 etiamsi
1335 2506 1458 2529 naturam
1478 2503 1595 2530 habeant
1614 2502 1762 2530 humidam.

980 2548 1102 2584 Implevit
1124 2549 1185 2583 hoc,
1207 2549 1302 2583 inquit,
1324 2553 1353 2575 ut
1373 2548 1425 2575 sibi
1449 2555 1546 2575 nomen
1569 2549 1763 2583 sempiternum

979 2595 1142 2631 acquireret.
1161 2594 1224 2623 Sive
1245 2594 1317 2622 enim
1338 2594 1388 2621 hoc
1409 2593 1508 2620 factum
1530 2597 1581 2628 est,
1602 2593 1660 2621 sive
1682 2593 1763 2620 etiam
