1893 3052
169 87 233 117 I391
661 83 689 110 S.
710 83 844 111 CYRILLI
864 82 1097 112 ALEXANDRlNl
1116 80 1275 111 ARCHIEP.
1730 75 1810 103 1352

167 146 386 175 administratum
406 143 487 171 fuerit
515 150 562 178 per
578 143 807 176 sapientissimum
842 142 951 178 Moysen

1030 152 1046 170 α
1060 141 1147 177 ἑαυτῷ
1160 139 1324 175 περι-ποιήσῃ
1339 137 1425 172 δνομα
1436 135 1544 162 αἰώνιον
1553 141 1560 148 ·
1577 132 1640 160 εἴτι
1653 130 1711 166 γὰρ
1724 131 1811 165 γέγο-

168 191 220 220 hoc
232 191 259 219 in
273 190 385 226 gloriam
401 189 448 217 Dei
459 189 560 216 factum
571 192 622 215 est.
636 187 752 221 Sistcns,
764 188 860 222 inquit,
871 195 955 222 aquas

1028 198 1062 222 εν,
1077 189 1159 224 ἠγουν
1175 187 1221 213 καὶ
1235 183 1373 220 ὲνηργήοη
1387 182 1431 209 διὰ
1443 181 1490 208 τοῦ
1513 180 1651 226 πανσόφου

169 246 218 266 ceu
233 245 344 273 equum,
358 235 399 263 vel
416 243 466 263 ceu
481 234 602 266 iumenta
619 234 695 261 duxit
711 241 759 268 per
774 241 860 266 mare,
875 233 956 261 veluti

1028 222 1140 265 abrasit;
1149 232 1226 264 δόξαν
1239 231 1396 266 πέπρακται
1407 227 1486 255 Θεοῦ.
1501 226 1593 262 Πήξας
1611 224 1640 250 δὲ
1707 222 1814 273 bat-na,

169 291 218 319 per
235 290 370 316 campum.
390 281 445 309 lloc
465 280 528 308 item
551 279 707 308 Psalmodus
727 279 816 312 docet.
834 287 893 307 cum
915 279 957 307 in-

169 329 228 364 quit
244 338 251 355 :
272 337 281 353 t
301 327 334 354 Et
350 327 444 355 eduxit
460 331 585 360 tanquant
602 333 666 353 oves
682 325 808 360 populum
826 333 913 358 suum,
929 330 958 353 et

171 374 246 401 duxit
260 381 308 402 eos
323 378 451 408 tanquam
467 380 575 408 gregem
591 372 617 400 in
633 373 741 399 deserto
752 372 786 400 “.
806 381 815 397 ι
835 372 892 399 Dux
907 380 955 399 au-

171 422 224 445 tem
241 424 333 444 eorum
353 416 417 449 fuit,
433 417 471 444 uti
490 417 562 448 dixi,
579 416 696 451 Spiritus
712 416 828 443 Domini.
846 416 891 444 Sic
909 417 957 444 du-

169 462 233 489 xisti
248 462 374 497 populum
389 465 462 488 tuum
473 481 480 493 ,
495 467 524 488 ιιι
538 468 709 495 comparares
725 460 772 488 tibi
781 461 844 495 ipse
859 469 956 488 nomen

169 507 326 543 gloriosum.
339 506 396 534 Duo
407 507 478 534 enim
491 506 562 534 facta
575 511 638 534 sunt
648 507 742 534 eodem
756 510 886 540 tempore.
898 506 956 534 Non

171 553 243 579 cnim
257 552 336 579 modo
349 555 471 579 servatus
483 556 524 578 est
534 551 629 584 Israel,
642 557 669 579 et
682 559 697 579 e
711 558 790 578 manu
802 552 958 585 opprimen-

172 598 238 626 tium
258 597 388 624 liberatus
404 601 447 624 est
466 606 473 624 :
491 598 538 624 sed
559 597 640 624 etiam
659 605 747 624 rcrutn
765 596 958 624 admirabiliter

172 648 309 677 gestarum
330 643 392 670 linis
414 643 601 669 universorum
631 643 792 670 dominatori
815 643 868 670 Deo
899 642 958 676 glo-

172 690 241 716 r-iam
255 688 462 716 convenientem
480 688 594 723 peperit.

210 776 292 803 νει-ιε.
307 775 401 803 15-17.
422 775 577 802 Convertere
593 775 625 802 de
640 775 713 807 mlo,
729 779 752 802 et
767 775 826 802 cide
840 774 871 801 de
881 774 959 801 domo

1007 281 1099 316 φησὶν,
1111 279 1149 311 ὠς
1161 279 1254 310 ἵππον,
1266 277 1283 312 ἢ
1296 276 1334 308 ὡς
1348 275 1444 310 κτήνη,
1457 273 1583 308 ὡδήγησε
1594 271 1639 297 διὰ
1650 269 1816 303 θαλάσσης,

1069 325 1112 353 διὰ
1141 323 1242 350 πεδίου.
1268 321 1354 348 Τοῦτο
1381 319 1428 347 καὶ
1453 320 1466 345 6
1490 316 1645 352 Ψαλμῳδὸς
1682 314 1817 341 διδάσκει

1007 372 1094 406 λέγων
1107 378 1114 386 ·
1129 380 1138 396 t
1152 370 1206 396 Καὶ
1221 369 1357 404 ἀνήγαγεν
1374 366 1411 398 ὡς
1427 365 1550 401 πρόϐατα
1571 363 1618 389 τὸν
1629 361 1697 388 λαὸν
1711 359 1817 390 αὐτοῦ,

1007 416 1056 443 καὶ
1084 415 1224 451 ὡδήγησεν
1249 413 1348 444 αὐτοὺς
1380 412 1417 443 ὡς
1444 410 1569 444 ποίμνιον
1601 409 1630 434 ὲν
1668 407 1788 441 ἐρήμῳ.
1805 414 1815 429 ι

1013 461 1145 497 Ὠδήγησε
1159 460 1187 486 δὲ
1201 459 1310 491 αὐτοὺς,
1322 458 1360 489 ὡς
1371 457 1449 492 ἔφην,
1462 456 1575 490 Πνεῦμα
1583 453 1700 489 Κυρίου.
1713 451 1819 497 Οὕτως

1007 505 1111 542 ἧγαγες
1119 505 1164 531 τὸν
1182 504 1246 531 λαόν
1264 512 1324 537 σου,
1336 502 1383 529 τοῦ
1397 501 1509 535 ποιῆσαι
1522 499 1597 535 αὐτῷ
1610 499 1700 533 ὄνομα
1715 496 1816 530 δόξης.

1007 552 1060 578 Δύο
1074 550 1133 585 γὰρ
1146 550 1295 585 ἐπράττετο
1307 548 1377 575 κατὰ
1392 547 1500 574 ταυτόν.
1527 546 1564 572 Οὐ
1589 544 1645 580 γὰρ
1669 544 1816 570 σέσωσται

1010 597 1090 632 μόνον
1106 597 1120 623 6
1140 595 1259 630 Ἰσραὴλ,
1283 594 1330 622 καὶ
1349 593 1400 628 τῆς
1415 592 1469 619 τῶν
1489 589 1730 618 πλεονεκτούντων
1751 587 1817 614 stu-

1008 642 1099 679 τρώθη
1110 641 1210 677 χειρὸς,
1226 640 1294 668 ἀλλὰ
1319 639 1374 674 γὰρ
1391 637 1504 665 καὶτῶν
1521 635 1685 672 παραδόξως
1701 633 1817 660 τετελε-

1010 688 1115 723 σμένων
1128 687 1159 714 τὸ
1175 686 1261 722 πέρας
1284 685 1322 720 τῷ
1335 684 1390 711 τῶν
1407 684 1476 710 ὅλων
1499 682 1646 718 κρατοῦντι
1667 679 1731 715 ϐεῷ
1764 679 1816 714 τὴν

1009 734 1083 768 αὑτῷ
1098 733 1256 768 πρέπουσαν
1268 731 1346 764 δόξαν
1358 729 1594 766 ἐπραγματεύετο.

1053 778 1255 812 Ἐπίστρεψον
1274 776 1308 803 ἐκ
1329 775 1382 802 τοῦ
1398 773 1540 808 οὐρανοῦ,
1560 772 1609 800 καὶ
1633 771 1680 798 ιόε
1702 771 1740 797 ἐκ
1757 769 1815 797 τοῦ

174 826 266 848 sancta
292 826 353 854 tua,
370 827 392 848 et
408 821 500 856 gloria:
517 827 587 847 tute.
613 820 664 847 Ubi
683 825 720 847 est
740 821 811 848 zelus
832 826 910 852 tunc,
935 824 959 848 et

1029 822 1096 849 ἵκου
1112 823 1164 850 τοῦ
1183 822 1269 857 ἁγίου
1284 829 1352 853 σου,
1371 821 1419 847 καὶ
1435 820 1528 853 δόξης
1549 827 1619 846 σου.
1643 817 1709 844 Ποῦ
1721 818 1815 844 ἐστιν

175 867 303 902 fortitudo
319 867 385 894 tua?
398 866 448 893 Ubi
471 869 508 893 est
530 865 672 892 multitudo
688 866 876 893 misericordia:
895 870 959 898 tum,

174 918 199 940 et
222 912 420 940 miserationum
439 916 560 943 tuarum,
580 911 643 946 quia
664 911 813 938 sustinuisti
834 911 903 938 nos?
917 910 960 937 ’I'u

174 960 243 986 enim
259 966 284 985 ea
302 957 384 985 Pater
399 962 497 990 noster,
518 958 580 991 quia
596 957 728 984 Abraham
747 965 798 984 non
820 957 887 984 not-it
902 965 959 989 nos,

174 1008 200 1032 et
214 1003 300 1031 Israel
317 1012 368 1030 non
387 1004 492 1038 agnouit
511 1011 567 1030 nos.
585 1003 607 1029 A
623 1003 752 1037 principio
775 1010 868 1030 nomen
886 1007 961 1029 tuum

174 1059 253 1086 super
271 1058 328 1077 nos.
352 1048 407 1077 Cur
424 1049 553 1076 seduxit’ti
574 1057 632 1081 nos,
647 1049 766 1082 Domine,
787 1058 802 1076 ιι
827 1049 869 1076 via
891 1054 961 1082 tua;

177 1095 315 1123 obduratti
327 1096 408 1122 corda
421 1099 523 1128 nostra,
540 1103 572 1122 ne
585 1095 735 1122 timeremus
753 1095 796 1122 te‘?

214 1185 264 1213 Hic
281 1185 413 1219 deinceps
420 1184 550 1219 propheta
567 1191 616 1219 pro
633 1182 756 1210 universa
770 1187 851 1218 gente
867 1190 963 1218 preces

174 1230 278 1262 'fundit,
295 1234 322 1258 et
342 1229 393 1257 s’ub
414 1237 529 1264 persona
549 1229 730 1256 lsraelitarum
751 1233 830 1264 rogat
853 1234 880 1257 et
898 1237 963 1264 sup-

178 1278 273 1313 plicat.
287 1276 354 1304 Orat
368 1275 439 1304 enint
457 1281 487 1302 ut
502 1275 537 1302 ab
553 1275 592 1302 ira
609 1275 636 1302 itt
653 1275 712 1303 illos
729 1283 778 1303 sua
801 1276 924 1308 desistat,
937 1281 964 1303 et

178 1322 242 1350 odio
257 1321 444 1356 supersedeat,
460 1325 488 1348 et
503 1321 536 1348 ad
555 1321 628 1355 ipsos
641 1321 717 1355 quasi
739 1326 901 1354 revertatur,
917 1322 963 1356 qui

179 1369 213 1396 ab
230 1368 283 1395 illis
299 1368 461 1394 discesserat
477 1375 484 1393 :
503 1371 533 1394 ut
546 1366 592 1401 qni
609 1373 661 1393 non
676 1366 711 1394 sil
731 1366 868 1393 terrestris
887 1366 964 1401 quis-

179 1415 263 1449 piam,
281 1413 329 1440 sed
340 1413 419 1439 ’Deus
433 1419 523 1444 verus,
544 1416 571 1438 el
589 1411 686 1439 ccelum
709 1416 838 1446 tanquam
855 1412 964 1439 domum

180 1459 325 1494 gloriosam
349 1458 470 1485 habens.“
482 1457 539 1484 Etsi
553 1460 642 1484 autem
661 1456 766 1484 dicatur
786 1457 812 1484 in
829 1457 898 1484 caelo
915 1457 964 1484 lta-

179 1504 268 1532 bitare
282 1503 364 1536 Deus,
385 1502 451 1530 nihil
467 1507 555 1529 tamen
568 1502 596 1529 in
610 1508 643 1529 eo
658 1502 798 1537 corporale
815 1502 968 1538 intelligen-

181 1549 244 1576 dum
267 1552 320 1575 est.
346 1546 404 1574 Non
429 1546 502 1574 enim
527 1547 554 1573 in
580 1546 640 1574 loco
662 1552 691 1574 et
716 1547 967 1582 circumscriptione

181 1593 352 1621 divinitatem
374 1599 435 1619 esse
454 1592 581 1624 dicimus,
596 1592 668 1626 quod
690 1599 721 1619 ea
743 1591 857 1627 simplex
882 1587 916 1620 sit
939 1597 967 1620 et

181 1641 360 1674 incorporea,
389 1646 421 1665 ac
448 1638 581 1673 compleat
600 1638 702 1666 omnia.
729 1637 797 1671 Quia
823 1643 913 1666 autem
939 1639 967 1666 in

182 1686 317 1720 supremis
338 1684 479 1720 spiritibus
501 1688 629 1718 tanquam
652 1685 755 1711 sanctis
777 1684 965 1719 conquiescit,

182 1732 246 1759 hinc
270 1731 386 1758 dicimus
408 1729 504 1757 solium
521 1734 548 1756 et
569 1730 677 1756 domum
695 1729 753 1763 ejus
778 1737 837 1757 esse
857 1731 967 1757 coelum.

180 1776 347 1804 Convertere
370 1776 462 1811 igitur,
481 1776 607 1810 inquiunt
623 1785 630 1802 :
648 1785 658 1801 ι
679 1775 727 1802 Ubi
746 1775 818 1802 enim
834 1780 875 1803 est
893 1775 968 1803 zelus

183 1829 258 1856 tuus,
275 1828 301 1850 et
317 1822 446 1850 fortitudo
462 1822 528 1850 tua?
545 1831 553 1848 ι
571 1821 625 1849 Ncc
640 1822 749 1854 diu-rit,
769 1823 876 1856 opinor,
893 1823 968 1856 quis-

183 1869 254 1903 piam
287 1869 330 1896 his
353 1869 475 1899 caruissc
499 1868 686 1895 universorum
711 1867 815 1899 Deum;
843 1868 890 1895 sed
906 1868 968 1902 quia

181 1914 236 1949 iam
258 1913 310 1941 illis
326 1921 378 1941 non
403 1913 568 1946 fruerentur,
584 1913 642 1940 haec
655 1912 758 1940 dicunt.
771 1912 835 1939 Zulo
853 1919 969 1947 namque

183 1964 211 1986 et
230 1959 320 1986 divina
339 1959 498 1986 fortitudine
512 1965 576 1986 usus
591 1958 710 1985 servavit
727 1957 864 1986 lsraelem.
879 1958 945 1985 Puta
960 1967 966 1986 :

184 2005 336 2032 servierunt
349 2005 434 2042 884
445 2004 592 2041 lEgyptiis,
607 2005 653 2039 qui
668 2004 751 2031 vitam
765 2012 858 2031 eorum
873 2004 928 2031 luto
942 2009 970 2032 et

188 2052 274 2079 latere
296 2050 462 2082 alllixerunt,
479 2055 506 2077 et
523 2055 680 2078 exactorum
707 2049 865 2076 crudelitate
889 2057 969 2077 vexa-

183 2102 256 2124 runt.
273 2097 308 2123 At
324 2095 383 2123 zelo
397 2103 528 2122 accensus
544 2099 585 2122 est
602 2095 790 2122 universorum
805 2095 885 2123 Deus.
898 2095 970 2122 Dixit

1011 871 1027 897 ό
1042 869 1132 904 ζῆλός
1145 877 1214 901 σου,
1227 867 1276 894 καὶ
1289 867 1308 901 ὴ
1320 867 1408 902 ἰσχύς
1425 873 1501 897 σου;
1516 864 1579 891 Ποῦ
1593 864 1661 890 ἔστι
1679 862 1716 889 τὸ
1727 861 1814 895 πλῆ-

1013 917 1066 947 θος
1085 914 1138 941 τοῦ
1158 914 1264 946 ἐλέους
1278 921 1346 944 σου,
1364 911 1414 938 καὶ
1432 910 1492 937 τῶν
1505 908 1664 944 οἰκτιρμῶν
1673 915 1751 941 σου,
1765 907 1814 934 ὅτι

1011 960 1144 994 ἀνέσχον
1152 959 1252 994 away.-
1263 958 1305 986 Σὺ
1312 959 1368 992 γὰρ
1374 955 1401 984 εἶ
1407 956 1492 991 ἡμῶν
1500 954 1636 989 Πατὴρ,νὸ
1639 963 1664 981 τι
1677 951 1814 987 Ἀϐραὰμ

1012 1007 1067 1034 οὐκ
1079 1006 1155 1041 ἔγνω
1165 1006 1254 1040 ἡμᾶς,
1263 1004 1312 1031 καὶ
1324 1003 1453 1038 Ἰσραὴλ
1467 1004 1522 1030 οὐκ
1537 1001 1653 1036 ἐπέγνω
1662 999 1746 1034 ἡμᾶς
1757 998 1785 1034 (Ι
1791 1002 1811 1032 ).

1018 1052 1076 1079 Ἀπ’
1097 1051 1192 1086 ἀρχῆς
1223 1051 1256 1078 τὸ
1279 1049 1372 1084 ὄνομά
1397 1056 1455 1076 σου
1483 1049 1528 1082 ἐφ’
1558 1046 1639 1081 ἡμᾶς
1663 1046 1743 1072 ἐστι.
1781 1044 1813 1072 Τί

1011 1097 1186 1131 ἐπλάνησας
1196 1096 1285 1131 ἡμᾶς,
1293 1096 1391 1129 Κύριε,
1398 1094 1457 1122 ἀπὸ
1470 1093 1522 1128 τῆς
1532 1093 1604 1120 ὀδοῦ
1615 1100 1685 1123 σου,
1693 1089 1810 1123 ἐσκλή-

1009 1152 1107 1178 ρυνας
1130 1142 1215 1178 ἡμῶν
1237 1143 1291 1174 τὰς
1309 1141 1432 1175 καρδίας
1452 1139 1505 1167 τοῦ
1522 1139 1565 1174 μὴ
1581 1137 1740 1173 φοϐεῖσθαι
1753 1144 1810 1168 σε;

1055 1189 1185 1217 Ἐνταῦθα
1201 1188 1294 1215 λοιπὸν
1305 1188 1318 1214 6
1332 1187 1475 1223 προφήτης
1489 1186 1538 1216 τὰς
1553 1185 1623 1219 ὑπὲρ
1637 1183 1742 1215 παντὸς
1760 1183 1809 1209 τοῦ

1013 1235 1106 1267 ἔθνους
1121 1236 1237 1261 ποιεῖται
1251 1233 1338 1266 λιτὰς,
1360 1233 1408 1259 καὶ
1424 1233 1455 1258 ἐκ
1470 1230 1616 1267 προσώπου
1632 1230 1686 1256 τῶν
1703 1229 1734 1260 ἐξ
1759 1229 1810 1254 Ἱσ-

1016 1281 1084 1317 ραὴλ
1101 1280 1234 1308 ἀνατείνει
1247 1278 1295 1314 τὴν
1310 1278 1449 1314 ἱκετηρίαν
1459 1285 1466 1293 ’
1481 1275 1632 1310 καταλῆξαι
1647 1275 1703 1309 γὰρ
1719 1282 1812 1308 παρσ-

1015 1327 1091 1354 καλεϊ
1102 1327 1152 1361 τῆς
1165 1326 1208 1352 ὲπ“
1221 1325 1311 1356 αὐτοῖς
1322 1324 1417 1360 ὀργῆς,
1431 1322 1534 1350 παῦσαί
1548 1330 1578 1348 τε
1600 1322 1651 1356 τὴν
1672 1321 1809 1354 ἀποστρο-

1016 1374 1079 1409 φὴν,
1095 1373 1142 1400 καὶ
1155 1370 1210 1399 οἷον
1228 1371 1413 1406 ὑπονοστήσαι
1428 1369 1496 1405 πρὸς
1513 1368 1609 1399 αὐτοὺς
1624 1367 1670 1393 τὸν
1689 1367 1809 1398 ἀποσω-

1015 1421 1135 1455 τήσαντσ.
1151 1417 1250 1450 αὐτῶν,
1268 1418 1316 1444 ἅτε
1332 1416 1364 1451 δὴ
1388 1416 1435 1442 καὶ
1456 1415 1506 1449 οὐχ
1531 1413 1580 1440 ἕνα
1598 1411 1659 1438 τινὰ
1682 1411 1729 1437 τὸν
1749 1410 1806 1445 [ισ.

979 1476 1002 1506 c
1016 1463 1083 1500 τῶν]
1104 1464 1149 1490 ἐπὶ
1160 1463 1211 1498 γῆς
1224 1462 1299 1494 ὄντα,
1316 1461 1382 1506 Θεὸν
1395 1460 1423 1506 δὲ
1439 1456 1689 1506 μᾷὶλοιζαληθιν-δν,
1706 1456 1753 1506 καὶ
1771 1455 1808 1486 ὡς

1017 1506 1090 1535 οἷκον
1105 1508 1183 1542 δόξης
1202 1507 1297 1542 ἔχοντα
1318 1505 1364 1532 τὸν
1380 1504 1502 1540 οὐρανόν.
1527 1504 1559 1529 Εἰ
1580 1502 1609 1529 δὲ
1625 1501 1732 1536 λέγοιτό
1757 1509 1808 1526 που

1017 1555 1153 1581 κατοικεῖν
1165 1554 1194 1580 ὲν
1208 1551 1317 1587 οὖρανῷ
1334 1550 1411 1583 Θεὸς,
1427 1550 1509 1586 μηδὲν
1522 1548 1636 1575 νοείσθω
1652 1546 1808 1581 σωματικὸν

1017 1599 1060 1626 ἐπ’
1072 1598 1164 1626 αὑτοῦ.
1182 1599 1220 1625 Οὐ
1237 1598 1292 1632 γὰρ
1309 1597 1336 1623 ὲν
1349 1596 1433 1630 τόπῳ,
1449 1595 1496 1621 καὶ
1514 1594 1672 1629 περιγραφῇ
1688 1592 1718 1618 τὺ
1730 1593 1808 1618 Θεῖον

1017 1643 1086 1672 εἶναι
1109 1644 1208 1680 φαμὲν,
1230 1643 1271 1670 ὃτι
1296 1643 1343 1669 καὶ
1369 1641 1472 1668 ἁπλοῦν
1492 1641 1550 1666 ἐστι
1577 1640 1624 1666 καὶ
1650 1639 1806 1673 ἀσώματον,

1017 1691 1065 1719 καὶ
1081 1691 1170 1718 πάντα
1183 1689 1312 1725 πληροῦν.
1337 1688 1446 1723 Ἐπειδὴ
1460 1687 1488 1713 δὲ
1501 1688 1557 1718 τοῖς
1570 1687 1627 1713 ἅνω
1642 1685 1807 1720 πνεύμασιν,

1018 1737 1055 1768 ὡς
1075 1735 1162 1769 ἁγίοις
1175 1733 1392 1764 ὲπαναπαύεται,
1407 1731 1536 1767 ταύτῃτοί
1558 1739 1648 1766 φαμεν
1665 1730 1758 1765 ϐρόνον
1778 1737 1809 1755 τε

1018 1782 1064 1809 καὶ
1075 1779 1149 1808 οἶκον
1160 1780 1241 1807 αὑτοῦ
1257 1781 1303 1808 τὸν
1312 1779 1436 1815 οὐρανόν.
1457 1777 1635 1812 Ἐπίστρεψον
1644 1776 1743 1808 τοίνυν,
1757 1784 1808 1809 φα-

1020 1829 1061 1854 σίν
1073 1835 1079 1842 ·
1099 1837 1108 1853 ι
1128 1827 1182 1854 Ποῦ
1204 1827 1258 1862 γάρ
1274 1827 1348 1852 ἐστιν
1362 1827 1375 1852 6
1389 1825 1468 1860 ζῆλός
1483 1833 1541 1855 σου,
1554 1824 1602 1850 καὶ
1619 1822 1695 1857 ἰσχύς
1717 1830 1778 1854 σονς
1795 1831 1804 1846 ι

1019 1874 1074 1901 Καὶ
1092 1874 1122 1900 οὐ
1140 1873 1171 1908 δή
1193 1881 1244 1899 που
1260 1873 1326 1907 φαίη
1343 1872 1386 1904 ἂν,
1399 1869 1485 1906 οἶμαι,
1501 1870 1553 1901 τίς,
1567 1867 1647 1904 ώςῆν
1662 1870 1691 1894 ἐν
1713 1869 1807 1894 σπάνει

1019 1919 1071 1946 τῶν
1082 1918 1209 1945 τοιούτων
1224 1918 1238 1944 ὁ
1250 1918 1304 1944 τῶν
1321 1918 1389 1944 ὅλων
1401 1917 1477 1949 Θεὸς,
1500 1915 1558 1942 ἀλλ’
1572 1915 1608 1946 ὡς
1623 1913 1716 1940 οὐκέτι
1744 1921 1808 1948 μετ-

1021 1965 1129 2000 έχοντες
1152 1963 1241 1991 αὐτῶν
1255 1963 1289 1990 τὰ
1304 1963 1395 1990 τοιάδε
1418 1963 1494 1997 φασί.
1513 1962 1589 1996 Ζήλῳ
1610 1961 1665 1996 γὰρ
1690 1960 1742 1992 ἀεὶ,
1763 1960 1808 1987 καὶ

1022 2011 1093 2045 ἰσχύϊ
1115 2011 1148 2045 τῇ
1172 2009 1321 2045 Θεοπρεπεῐ
1335 2008 1476 2044 χρώμενος
1497 2008 1598 2034 σέσωκε
1619 2006 1666 2032 τὸν
1693 2005 1805 2040 Ἰσραήλ.

1021 2053 1082 2081 Οἷόν
1095 2055 1120 2081 τί
1135 2062 1216 2090 φημι,
1233 2053 1436 2080 δεδουλεύκασιν
1450 2051 1608 2086 Αἰγυπτίοις
1620 2051 1644 2077 οἱ
1672 2051 1718 2077 καὶ
1742 2058 1807 2076 κατ-

1021 2099 1167 2131 ωδύνοντες
1181 2100 1271 2126 αὐτῶν
1290 2099 1338 2135 τὴν
1357 2098 1430 2134 ζωὴν
1443 2097 1491 2134 [ιιι.
1515 2097 1666 2124 κατὼδυνον
1676 2096 1724 2131 τὴν
1738 2095 1807 2129 ζωῇν

183 2142 296 2176 itaque:
312 2149 321 2166 t
338 2139 495 2167 [Emulatus
519 2147 578 2167 sum
599 2139 749 2168 Jerusalem
770 2146 797 2168 et
821 2140 886 2168 Sion
911 2142 962 2169 ιρι(

1028 2144 1120 2181 ιὺτῶν]
1152 2144 1239 2180 πηλῷ,
1257 2145 1303 2171 καὶ
1331 2143 1454 2179 πλινθείᾳ
1467 2162 1474 2175 ,
1499 2143 1546 2169 καὶ
1565 2143 1598 2177 τῇ
1620 2142 1675 2168 τῶν
1697 2142 1806 2176 ἐργοκη-

182 2194 291 2222 magno,
311 2191 338 2213 et
363 2185 454 2212 furore
480 2193 576 2221 magno
600 2186 702 2214 irascor
722 2187 845 2222 gentibus
860 2188 968 2222 conspi-

182 2233 318 2260 rantibus.
353 2241 362 2258 )
382 2231 434 2259 Pro
461 2239 493 2259 eo
511 2232 581 2267 quod
596 2239 647 2266 ego
668 2240 764 2267 parum
790 2233 875 2261 iratus
896 2241 967 2266 sum,

182 2277 220 2304 illi
238 2277 428 2311 conspirarunt
445 2276 525 2304 simul
550 2277 583 2304 ad
609 2276 722 2304 mala".
751 2277 853 2305 Deinde
878 2286 971 2306 rursus

183 2320 319 2348 mirabilia
339 2324 468 2356 operatus
489 2326 542 2348 est.
565 2321 775 2357 Babyloniorum
790 2322 863 2349 enim
880 2323 972 2358 regio-

183 2373 259 2400 nem,
276 2365 338 2394 licet
355 2366 484 2393 invictam
499 2371 526 2393 et
544 2365 721 2400 insuperabili
734 2367 852 2401 potentia
875 2368 972 2403 praedi-

183 2414 249 2442 tam,
270 2410 391 2437 vastitati
408 2410 528 2437 tradidit.
543 2409 658 2437 Immisit
677 2410 748 2438 enim
768 2410 795 2438 in
808 2417 856 2438 eos
869 2411 969 2446 Cyrum

183 2456 324 2492 Cambysis
341 2456 436 2484 ﬁlium.
454 2457 512 2484 Hac
531 2457 719 2484 misericordia
736 2456 788 2484 frui
805 2457 946 2491 cupicntcs
961 2467 968 2485 :

186 2511 195 2526 t
217 2501 268 2530 Ubi
295 2507 374 2536 est.)
392 2503 543 2537 inquiunt,t
555 2503 632 2531 zelus
653 2507 765 2536 tuus,et
793 2503 868 2531 furor
889 2504 971 2532 tuusl

184 2548 236 2575 Ubi
259 2553 300 2576 est
323 2549 465 2578 multitudo
494 2550 690 2578 misericordia
715 2554 778 2583 tum,
808 2555 835 2578 et
856 2550 971 2578 misera-

185 2594 286 2622 tionum
320 2599 443 2629 tuarutn,
465 2596 528 2631 quia
553 2596 708 2624 sustinuisti
735 2596 806 2624 nos?
832 2607 841 2623 ι
868 2597 970 2625 Siliunt

214 2682 243 2701 '3‘
262 2682 333 2711 Psal.
356 2691 458 2718 Lxxvu,
475 2685 518 2712 52.
559 2687 581 2702 "
596 2686 712 2714 Zacltar.
731 2695 750 2720 I,
771 2687 811 2714 li.

1021 2190 1122 2217 δεστῶν
1135 2190 1257 2225 ὠμότητι
1273 2190 1500 2225 κατατρύχοντες,
1515 2189 1572 2215 ἀλλ’
1583 2188 1719 2223 ἐζήλωσεν
1730 2187 1743 2213 6
1754 2186 1806 2212 τῶν

1021 2237 1090 2263 ὅλων
1102 2235 1178 2267 Θεός.
1198 2236 1269 2270 Ἔφη
1290 2235 1354 2269 γοῦν
1368 2243 1375 2250 ³
1391 2245 1400 2261 t
1416 2234 1555 2270 Ἐξήλωκα
1567 2232 1615 2267 τὴν
1637 2230 1805 2267 Ἰερουσαλὴμ

1023 2281 1069 2308 καὶ
1089 2281 1138 2316 τὴν
1161 2280 1230 2307 Σιὼν
1244 2281 1324 2317 ζῆλον
1343 2281 1439 2316 μέγαν,
1459 2281 1506 2306 καὶ
1521 2277 1598 2314 θυμῷ
1621 2277 1731 2312 μεγάλῳ
1752 2276 1804 2309 ἐγὼ

1027 2326 1174 2362 ὀργίζομαι
1187 2327 1234 2353 ἐπὶ
1248 2327 1337 2354 πάντα
1357 2326 1392 2353 τὰ
1415 2326 1479 2361 ἔθνη
1502 2325 1536 2352 τὰ
1558 2323 1800 2357 συνεπιτιθέμενα,ι

1028 2372 1098 2399 ‘Ave’
1121 2370 1158 2404 ᾧν
1172 2372 1228 2406 ἐγὼ
1244 2372 1292 2407 μὲν
1308 2371 1448 2406 ὠργίσθην
1476 2370 1564 2404 ὀλίγα,
1579 2369 1656 2396 αὐτοὶ
1673 2369 1701 2394 δὲ
1716 2375 1803 2393 συνεπ-

1021 2416 1113 2444 έθεντο
1128 2417 1167 2449 είς
1181 2416 1263 2443 κακά·
1278 2414 1336 2443 εἶτα
1354 2416 1435 2442 πάλιν
1449 2413 1591 2451 εἰργάζετο
1610 2415 1645 2439 τὰ
1663 2411 1800 2447 παράδοξα.

1023 2462 1119 2489 Καίτοι
1141 2462 1195 2497 γὰρ
1215 2461 1368 2498 ἄθραυστον
1383 2459 1466 2487 οὖσαν
1488 2460 1537 2495 τὴν
1552 2458 1739 2489 Βαϐυλωνίων,
1761 2457 1802 2482 καὶ

1024 2506 1183 2542 δυσαντήτῳ
1195 2506 1309 2542 δυνάμει
1319 2506 1473 2542 χρωμένην,
1485 2504 1599 2532 δέδωκεν
1612 2504 1652 2535 si;
1661 2503 1800 2537 ἐρήμωσιν.

1029 2552 1169 2588 Ἐπαφῆκε
1197 2553 1250 2588 γὰρ
1275 2553 1367 2584 αὐτοῖς
1395 2552 1440 2578 τὸν
1465 2549 1615 2586 Καμϐύσου
1638 2548 1734 2583 Κῦρον.
1753 2547 1802 2583 Τῆς

1022 2599 1149 2634 τοιαύτης
1176 2599 1284 2634 φειδοῦς
1311 2598 1464 2626 ἀπολαῦσαι
1499 2596 1654 2632 γλιχόμενοι
1681 2595 1742 2629 φασὶ
1761 2593 1802 2621 τά·

220 2773 259 2809 (ί)
282 2772 350 2801 LXX
379 2773 489 2807 addunt,
508 2775 574 2802 ἀλλὰ
600 2776 642 2808 σὺ,
660 2775 752 2811 Κύριε,
772 2776 865 2809 Πατὴρ
878 2775 955 2811 multa

1031 2783 1057 2800 αι
1072 2774 1154 2809 ipsi;
