1893 3052
73 237 138 268 1593
631 235 664 262 ΙΝ
684 234 800 263 ISAIAM
820 233 884 261 LIB.

906 233 936 260 V.
958 232 1075 261 TOMUS
1095 233 1126 260 γ.
1626 234 1693 262 (ιρι

73 307 83 324 ι
104 295 156 323 Ποῦ
176 295 234 322 ἐστι
247 295 262 322 ὀ
276 293 357 329 me;
374 302 432 327 σου,
450 294 496 321 καὶ
508 295 522 321 ό
539 294 624 330 θυμός
639 302 703 327 σου;
722 293 777 320 Ποῦ
795 292 852 320 ἐστι

907 292 993 320 denuo
1009 291 1236 325 misericordiam,
1255 295 1283 319 et
1309 291 1336 318 in
1361 291 1452 319 multis
1467 291 1574 320 delictis
1587 293 1694 321 exhibi-

69 344 98 370 τὸ
117 340 220 377 πλῆθος
243 340 290 368 τοῦ
311 340 401 372 ἐλέους
416 349 474 373 σου,
490 341 538 367 καὶ
554 340 607 367 τῶν
620 339 770 376 οἰκτιρμῶν
795 346 853 371 σου,

70 390 108 416 ὅτι
124 387 239 423 ἀνέσχου
263 387 359 422 ήμῶνς
387 396 396 413 ι
421 387 525 422 Διψῶσι
545 387 574 414 δὲ
592 387 674 414 πάλιν
699 386 744 413 τὸν
769 385 854 418 ἔλεον,

70 432 114 460 καὶ.
135 432 186 467 τὴν
206 432 252 457 ἐπὶ
269 430 377 462 πολλοῖς
404 431 608 466 παραπτώμασι
624 430 746 458 δοθεῖσαν
762 430 855 461 αὐτοῖς

69 478 233 514 ἡμερότητα,
260 477 306 504 καὶ
322 476 536 512 φιλανθρωπίαν.
561 477 704 512 Ἦνέσχετο
727 476 782 512 γὰρ
805 475 855 502 αὑ-

68 524 129 556 τῶν,
148 524 195 550 καὶ
208 523 241 550 οὐ
256 522 381 559 φορητῶς
393 522 448 549 ἐσθ’
463 522 509 549 ὅτε
522 522 746 558 παροτρυνόντων
765 523 855 550 αὐτῶν

68 569 146 596 αὐτὸν
169 568 357 604 κατελάλησαν
380 568 413 595 ἒν-
433 569 466 603 τῇ
486 567 593 603 ἐρήμῳ,
609 568 655 594 καὶ
675 567 855 604 ἐξεπείρασαν

68 615 145 642 αὑτὸν
155 615 185 641 ἐν
195 615 255 646 ταῖς
266 613 390 650 καρδίαις
400 613 490 641 αὐτῶν
502 612 637 647 λέγοντες,
647 613 693 649 Μὴ
711 613 854 649 δυνήσεται

66 661 79 687 ό
94 661 160 692 Θεὸς
182 660 325 695 ἑτοιμάσαι
347 659 486 695 τράπεζαν
507 660 536 687 ἐν
558 660 663 695 ἐρήμῳ,
680 660 721 686 ὄτι
735 660 854 694 ἐπάταξε

68 706 182 740 πέτραν,
207 705 254 732 καὶ
278 704 415 740 ὲρῥὺησαν
430 704 524 737 ὕδατα,
541 705 588 732 καὶ
612 704 757 740 χείμαρροι
787 715 854 733 κατ-

64 751 248 786 εκλύσθησαν;
260 750 306 786 Μὴ
321 751 368 778 καὶ
379 751 461 786 ἄρτον
473 751 583 778 δύναται
595 751 687 778 δοῦναι
698 760 705 785 ;
720 751 774 778 Καὶ
785 752 854 788 πρὸς

63 795 168 827 τούτοις
180 796 219 822 ἔτι
235 804 268 831 με
273 796 503 831 μοσχοποιήκασιν
517 795 632 827 ἀπόντος
643 795 775 828 Μωσέως,
785 797 854 831 πλὴν

63 842 192 876 ἠλέηνται
221 842 443 877 παρακαλοῦντος
473 842 567 869 αὐτοῦ.
605 843 730 878 Ἀνέσχου
764 843 853 871 τοίνυν
877 856 879 858 ·

64 887 156 922 ἡμῶν,
171 888 248 923 φασὶ,
281 887 369 915 καίτοι
395 888 554 920 πλειστάκις
581 890 851 924 προσκεκρουκότων.

65 944 73 959 ι
92 935 128 960 Σὺ
145 935 201 969 γὰρ
220 931 245 961 εἶ
264 935 359 970 Πατὴρ
381 934 469 970 ἡμῶν.
495 935 536 962 ὅτι
565 935 690 972 Ἀϐραὰμ
707 936 758 963 οὐκ
782 936 853 971 ἔγνω

60 967 211 1015 ἡμᾶςκαὶ
230 967 516 1016 ’ῐσραὴλ-οὺκἾὲπέγνω
532 967 620 1016 ἡμᾶς..
637 991 646 1007 ι
668 967 725 1009 ὸύκ
740 967 852 1018 ἀρνοῦν-
867 967 890 995 Β

58 1034 103 1051 ται
117 1026 183 1056 τοὺς
198 1026 328 1061 πατέρας.
346 1027 503 1058 ’Δσυντελὲς
517 1027 571 1063 γὰρ
585 1027 665 1054 τοῦτο
677 1028 770 1060 αὐτοῖς
785 1028 853 1064 πρὸς

61 1069 245 1104 μετάγνωσιν.
262 1070 299 1097 Οὐ
319 1071 373 1107 γὰρ
387 1071 568 1106 ἒκὸέὸληνται
583 1072 616 1099 δι’
632 1073 740 1107 αὐτοὺς,
757 1074 853 1101 ἀπονέ-

60 1122 143 1148 μουσι
161 1114 190 1140 δὲ
207 1115 306 1149 μᾶλλον
318 1115 357 1150 τῷ
382 1115 524 1152 φιλαγάθῳ
547 1116 606 1152 Θεῷ
626 1118 658 1144 τὸ
683 1118 853 1146 πλεονεκτεῖν

58 1159 98 1189 εἰς
118 1158 322 1194 φιλοστοργίαν,
345 1159 392 1186 καὶ
416 1160 479 1192 τοὺς
504 1161 575 1187 κατὰ
597 1161 687 1197 σάρκα
710 1163 851 1198 πατέρας·

62 1203 161 1240 Πατὴρ
191 1205 245 1239 γάρ
271 1206 330 1232 ἐστι
355 1205 482 1242 πατέρων
500 1206 549 1242 (1).
573 1207 728 1243 Γεγόναμεν
749 1209 804 1246 γὰρ
823 1210 854 1242 ἐξ

57 1250 162 1283 αὐτῶν,
188 1252 265 1286 φασὶ,
277 1252 348 1288 πλὴν
369 1253 399 1279 οὐ
424 1253 568 1280 τεθέανται
590 1255 674 1289 ἡμᾶς.
690 1254 726 1281 Σύ
746 1263 779 1290 γε
799 1255 852 1291 μὴν

55 1296 87 1322 οὗ
103 1296 280 1329 διαλέλοιπας
298 1299 347 1334 τὴν
369 1299 457 1334 Πατρὶ
478 1299 517 1334 τῷ
532 1299 668 1334 φιλόπαιδι
694 1300 853 1336 πρέπουσαν

55 1342 96 1372 είς
113 1340 192 1376 ἡμᾶς
204 1342 363 1375 ἁποσώζων,
381 1344 428 1371 καὶ
445 1344 538 1379 φειδῶ,
555 1345 602 1372 καὶ
614 1345 735 1381 ἀγάπην.
758 1345 853 1373 Ῥῦσαι

54 1387 152 1414 τοίνυν
171 1389 260 1423 ἡμᾶς·
279 1389 414 1425 ἐπεκλήθη
438 1390 491 1426 γὰρ
507 1391 573 1426 ἡμῖν
592 1391 623 1418 τὸ
639 1391 724 1426 ὄνομα
739 1391 770 1419 τὸ
786 1392 831 1419 σόν
844 1401 851 1408 ·

54 1434 163 1469 κλῆρος
182 1435 236 1470 γάρ
259 1444 316 1468 σου,
343 1437 391 1463 καὶ
415 1436 478 1468 λαὸς
500 1438 715 1474 χρηματίζομεν.
741 1439 851 1474 Ἐπειδὴ

53 1479 82 1505 δὲ
100 1479 150 1506 διὰ
169 1480 268 1516 πολλὴν
282 1481 433 1515 ἀπείθειαν,
451 1482 498 1508 καὶ
520 1483 666 1517 σκαιότητα
681 1484 788 1519 τρόπων
801 1486 851 1520 ἐμ-

53 1524 271 1559 παροινίσαντες
292 1526 331 1562 τῷ
361 1527 471 1563 Χριστῷ
495 1527 689 1555 ἐκπεπτώκασι
713 1529 763 1564 τῆς
785 1529 852 1564 πρὸς

53 1569 144 1596 αὑτὸν
159 1571 333 1606 οἰκειότητος,
350 1573 537 1608 πνευματικῆς
545 1573 676 1608 δηλονότι,
694 1574 741 1600 καὶ
755 1574 854 1609 ἀμέτο-

51 1624 98 1650 χοι
120 1616 252 1650 γεγόνασι
275 1617 331 1644 τῶν
355 1619 420 1654 παρ’
436 1619 517 1645 αὑτοῦ
531 1620 717 1654 χαρισμάτων,
733 1620 780 1647 καὶ
803 1621 853 1656 τῆς
866 1636 887 1666 c

51 1661 244 1697 εὐαγγελικῆς
260 1663 397 1695 πολιτείας
412 1664 461 1691 οὐκ
485 1663 607 1699 ἔγνωσαν
622 1665 672 1701 τὴν
689 1666 758 1693 ὀδόν·
782 1666 850 1693 ταύ-

49 1715 149 1742 τῃτοι,
161 1707 209 1734 καὶ
233 1708 304 1742 μάλα
315 1708 442 1741 εἰκότως,
460 1709 621 1745 θρηνοῦντες
644 1711 734 1744 φασίν·
750 1711 809 1738 Ἵνα
824 1712 852 1738 τί

49 1752 220 1789 ὲπλάνησας
234 1754 287 1781 ἀπὸ
303 1755 353 1790 τῆς
371 1754 431 1781 ὁδοῦ
447 1763 504 1787 σου,
520 1755 689 1792 ὲσκλήρυνας
711 1756 789 1792 ήμῶν
803 1758 852 1793 τὴν

48 1800 190 1836 καρδίαν,
203 1799 250 1826 τοῦ
271 1799 309 1836 μὴ
321 1800 461 1837 φοὸεῖσίῂιί
479 1809 508 1827 σε
518 1809 525 1834 ;
536 1801 718 1837 Ἐσκλήρυναν
736 1803 785 1837 μὲν
799 1803 854 1840 γὰρ

47 1845 139 1872 αὐτοὶ
164 1845 215 1876 τὰς
237 1845 342 1872 ἑαυτῶν
367 1845 491 1881 καρδίας.
510 1846 625 1881 Εἴρηται
641 1845 706 1880 γοῦν
722 1847 790 1882 πρὸς
804 1848 853 1874 αὺ-

46 1892 120 1923 τοὺς
134 1890 182 1917 διὰ
195 1890 245 1924 τ’ἠς
259 1890 305 1917 τοῦ
326 1891 465 1927 προφήτου
482 1890 585 1926 φωνῆς·
602 1900 612 1916 ι
624 1891 793 1927 Διαρρήξατε
803 1892 852 1923 τὰς

48 1936 177 1972 καρδίας
185 1934 272 1970 ὑμῶν,
283 1935 376 1970 καὶμὴ
390 1935 423 1962 τὰ
441 1935 633 1970 ίμάτιαὺμῶν.
649 1945 658 1961 ι
677 1935 750 1971 Πλὴν
765 1945 852 1963 κατα-

45 1981 200 2015 μαλθάξαι
223 1981 371 2016 δυνάμενος
392 1980 407 2006 ὸ
423 1981 477 2008 τῶν
495 1981 563 2008 ὅλων
587 1981 663 2014 Θεὸς,
690 1981 781 2017 ἀπηνῆ
806 1983 853 2009 καὶ

43 2028 215 2062 ἄθραυστον
244 2025 316 2062 ἔχειν
348 2026 445 2058 αὐτοὺς
471 2025 667 2062 συγκεχώρηκε
696 2026 768 2054 νοῦν.
797 2027 853 2054 Καὶ

42 2074 165 2109 ταύτης
179 2073 260 2100 ἕνεκα
275 2072 326 2108 τῆς
342 2072 440 2105 αίτίας,
456 2073 497 2099 ὄτι
511 2072 548 2108 μὴ
563 2073 703 2108 τρυφερὰς
714 2072 853 2109 ἀπέφηνεν

906 341 960 364 tam
989 337 1040 365 sibi
1067 337 1239 365 clementiam
1265 341 1293 364 et
1320 337 1528 364 humanitatem.
1558 337 1692 365 Sustinuit

905 381 976 408 enim
991 388 1056 409 eos:
1069 382 1150 409 etiam
1163 389 1224 409 cum
1238 388 1431 417 nonnunquam
1448 381 1536 416 ipsum
1552 382 1692 410 irritarent:

905 426 1119 456 intolerabiliter.
1136 427 1259 455 Oblocuti
1280 431 1342 454 sunt
1359 427 1385 454 in
1402 427 1556 460 solitudine,
1587 433 1616 456 et.
1633 433 1692 456 tcu-

905 475 998 499 tarunt
1019 472 1107 507 ipsum
1129 472 1157 500 in
1174 472 1300 500 cordibus
1315 472 1383 505 suis,
1398 473 1520 501 dicentes
1536 482 1543 500 :
1558 473 1627 500 Num
1643 481 1692 508 po-

906 516 970 544 terit
984 516 1055 545 Deus
1073 524 1171 552 parare
1184 524 1305 545 mensam
1326 517 1354 544 in
1371 517 1534 546 solitudine?
1551 519 1614 553 quia
1630 527 1691 554 pcr-

904 562 991 590 cussit
1019 566 1141 597 petram,
1164 567 1192 591 et
1219 562 1354 591 ﬂuxerunt
1382 571 1479 599 aquae.
1504 570 1532 592 et
1557 570 1690 593 torrentes

904 609 1113 637 inundaverunt.
1121 609 1191 637 Num
1200 613 1226 637 et
1235 617 1330 645 panem
1343 612 1445 646 poterit
1453 612 1535 639 dare?
1545 612 1688 644 Praeterea.

904 654 997 690 Moyse
1005 654 1130 688 absente,
1138 654 1253 682 vitulum
1269 655 1478 690 fabricaveram,
1491 663 1688 690 verumtamen,

904 708 937 728 eo
952 704 1073 736 rogante.
1092 699 1308 728 misericordiam
1327 702 1465 729 consecuti
1486 707 1561 730 sunt.
1580 703 1690 732 Sustine

904 746 988 780 igitur
1000 753 1058 780 nos,
1069 746 1204 781 inquiunt,
1219 746 1324 774 etiamsi
1337 747 1475 774 multoties
1487 747 1689 777 oll‘enderimus.

906 800 916 818 ι
937 790 976 818 Tu
1001 791 1073 818 enim
1094 798 1122 818 es
1137 790 1220 819 Pater
1242 796 1346 825 noster,
1371 792 1433 827 quia
1457 793 1595 821 Abraham
1619 794 1690 832 haud

903 836 979 864 novit
995 844 1056 869 nos,
1073 841 1101 863 et
1115 836 1198 865 lsrael
1211 844 1264 864 non
1279 837 1404 872 cognovit
1415 845 1475 866 nos.
1494 847 1502 864 ι
1516 838 1575 866 Νοη
1591 844 1690 874 negant

903 886 1004 916 patres.
1023 881 1120 909 Parum
1138 889 1255 917 namque
1276 883 1382 917 proﬁcit
1399 884 1450 912 hoc
1472 885 1505 912 ad
1529 885 1689 920 resipiscen-

904 927 991 955 tiam:
1007 935 1060 955 non
1081 928 1152 956 enim
1169 928 1248 963 ejecti
1268 934 1332 956 sunt
1346 935 1456 964 propter
1479 930 1552 963 illos,
1571 932 1617 958 sed
1638 932 1689 958 tri-

903 973 991 1000 buunt
1004 973 1095 1008 potius
1113 974 1170 1001 Deo
1185 975 1287 1002 amanti
1303 975 1446 1009 bonorum,
1460 976 1531 1011 quod
1548 977 1649 1010 pietate
1661 981 1690 1003 et

903 1019 1070 1055 indulgentia
1115 1020 1198 1047 etiam
1225 1020 1348 1048 carnales
1377 1026 1469 1056 patres
1497 1027 1615 1056 superet.
1642 1022 1690 1049 Est

903 1067 974 1094 enim
991 1065 1073 1094 Pater
1086 1071 1204 1101 patrum.
1230 1066 1291 1094 Nati
1305 1067 1412 1102 quidem
1432 1075 1536 1100 sumus,
1554 1068 1689 1102 inquiunt,

902 1119 936 1141 ex
951 1112 1024 1139 illis:
1039 1115 1068 1139 at
1087 1119 1140 1139 non
1156 1112 1281 1139 viderunt
1295 1120 1354 1140 nos.
1369 1112 1408 1140 Tu
1426 1117 1515 1141 autem
1535 1121 1587 1141 nou
1603 1114 1689 1141 inter-

902 1157 1001 1185 misisti
1020 1157 1235 1185 misericordiam
1254 1162 1282 1186 et
1298 1166 1417 1186 amorem
1443 1160 1469 1186 in
1490 1167 1539 1187 nos
1564 1165 1640 1195 patre
1661 1164 1689 1188 et

902 1203 1050 1231 liberorum
1066 1207 1174 1231 amante
1185 1203 1296 1239 dignum
1311 1205 1437 1232 retinere.
1450 1205 1519 1233 Erue
1532 1205 1612 1241 igitur
1627 1214 1688 1238 nos.

902 1248 1017 1276 Nomine
1031 1249 1104 1276 enim
1123 1253 1170 1276 tuo
1183 1249 1271 1276 vocati
1292 1257 1398 1283 sumus,
1412 1257 1444 1278 ac
1463 1258 1523 1278 sors
1540 1255 1583 1277 tua
1597 1255 1625 1278 et
1641 1258 1689 1285 po-

903 1295 981 1331 pulus
996 1299 1059 1322 tuus
1075 1303 1275 1330 nuncupamur.
1290 1295 1326 1323 At
1345 1296 1473 1331 quoniam
1489 1301 1598 1331 propter
1619 1296 1689 1323 mul-

904 1346 959 1369 tam
970 1341 1179 1369 inobedientiam
1189 1346 1216 1370 et
1226 1342 1364 1370 sinistram
1376 1342 1506 1370 malitiam
1517 1343 1543 1369 in
1550 1342 1687 1370 Christum

902 1387 1027 1415 bacchati
1047 1392 1129 1421 sunt,
1149 1389 1309 1417 exciderunt
1333 1390 1521 1425 conjunctione
1541 1397 1601 1424 quae
1626 1397 1688 1417 cum

903 1434 961 1468 ipso
977 1438 1029 1465 est,
1044 1433 1179 1468 spirituali
1201 1434 1337 1469 videlicet,
1357 1440 1385 1462 et.
1402 1435 1461 1471 ejus
1484 1435 1618 1463 donorum
1640 1442 1689 1462 ex-

902 1484 992 1515 pertes
1008 1479 1127 1514 fuerunt,
1148 1481 1276 1516 viamque
1291 1481 1455 1516 evangelica:
1471 1481 1689 1510 conversationis

903 1525 974 1553 haud
997 1531 1140 1554 noverunt.
1164 1526 1233 1554 Hinc
1251 1527 1427 1555 meritissimo
1451 1526 1546 1555 ﬂentes
1567 1527 1659 1554 dicunt
1677 1536 1685 1554 :

903 1570 993 1604 Quare
1008 1571 1140 1599 seduxisti
1158 1579 1219 1605 nos,
1231 1572 1354 1606 Domine,
1371 1580 1385 1599 a
1401 1573 1444 1599 via
1466 1572 1528 1600 tua?
1547 1571 1689 1600 obdurasti

904 1616 986 1643 corda
1010 1620 1111 1649 nostra,
1130 1624 1163 1645 ne
1185 1617 1343 1646 timeremus
1366 1619 1410 1646 te?
1424 1617 1599 1646 Obdurarunt
1617 1617 1689 1645 enim

904 1670 952 1690 sua
977 1663 1095 1696 ipsorum
1119 1663 1202 1698 885
1225 1664 1316 1691 corda.
1340 1663 1433 1698 Itaque
1447 1665 1550 1692 dictum
1571 1668 1613 1692 est
1635 1664 1690 1692 illis

904 1715 971 1735 voce
992 1708 1152 1743 prophetae:
1170 1718 1179 1734 ι
1199 1709 1362 1745 Disrumpite
1382 1710 1463 1737 corda
1479 1714 1579 1743 vestra,
1594 1714 1621 1737 et
1635 1717 1690 1737 non

904 1755 1066 1781 vestimenta
1083 1755 1215 1782 vestra".
1234 1764 1244 1781 ι
1261 1754 1360 1782 Verum
1375 1762 1437 1783 cum
1451 1755 1574 1783 emollire
1588 1756 1691 1790 potuis-

904 1804 947 1826 set
970 1800 1155 1827 universorum
1177 1800 1264 1833 Deus.
1286 1800 1409 1835 permisit
1435 1800 1489 1828 illis
1514 1805 1542 1827 ut
1568 1806 1685 1828 mentem

904 1845 1072 1880 praefractam
1085 1845 1216 1874 haberent
1236 1851 1263 1874 et
1273 1851 1472 1874 contumacem.
1482 1846 1540 1874 Hac
1551 1847 1583 1874 de
1595 1853 1688 1880 causa,

904 1891 969 1925 quia
985 1896 1076 1919 tenera
1095 1896 1122 1920 et
1137 1892 1226 1920 mollia
1244 1893 1303 1928 ipsa
1318 1900 1370 1920 non
1387 1892 1513 1925 reddidit,
1530 1893 1587 1927 ipse
1603 1893 1690 1919 obdu-

904 1943 967 1964 rare
980 1937 1090 1965 dicitur.
1107 1938 1211 1971 Quibus
1227 1943 1317 1966 autem
1333 1939 1384 1967 hoc
1403 1938 1512 1972 accidit,
1523 1938 1566 1966 his
1580 1938 1690 1966 omnino

904 1990 1014 2011 necesse
1027 1988 1070 2012 est
1089 1984 1160 2012 aliud
1178 1984 1317 2018 obvenire,
1336 1990 1378 2017 ut,
1402 1985 1530 2020 inquam,
1546 1984 1593 2012 Dei
1616 1989 1690 2011 metu

903 2033 1023 2056 careant.
1042 2030 1154 2064 Spectat
1177 2037 1285 2065 quoque
1310 2031 1360 2058 hoc
1380 2031 1414 2058 ad
1440 2031 1591 2064 interitum,
1613 2035 1640 2058 et
1663 2030 1688 2056 in

904 2072 1067 2107 profundum
1082 2074 1181 2103 inferni
1198 2076 1303 2103 animas
1319 2076 1453 2104 deturbat.

41 2120 155 2152 αὐτὰς,
172 2119 253 2151 αὐτὸς
275 2118 424 2154 σκληρῦναι
446 2119 564 2154 λέγεται,
588 2121 644 2152 τοῖς
669 2119 698 2146 δὲ
720 2120 799 2147 τοῦτο
832 2120 976 2147 πεπονθόσι
997 2121 1072 2148 πᾶσά
1094 2130 1152 2154 πως
1173 2121 1281 2158 ἀνάγκη
1314 2123 1362 2149 καὶ
1378 2123 1408 2150 τδ
1435 2123 1528 2159 ἕτερον
1551 2121 1687 2153 ἐπελθεῖν,

42 2175 84 2201 φη
91 2165 129 2201 μὶ
143 2165 179 2201 δὴ
195 2165 226 2191 τὸ
240 2164 292 2197 ἔξω
305 2164 353 2192 τοῦ
368 2164 440 2192 θείου
451 2165 577 2200 γενέσθαι
613 2165 705 2200 φόϐου.
722 2166 819 2192 Βλέπει
837 2166 866 2193 δὲ

40 2213 132 2248 μίξει
154 2211 253 2247 ψυχάς.

899 2165 979 2194 τοῦτο
993 2166 1061 2202 πρὸς
1081 2167 1201 2202 ὄλεθρον,
1223 2169 1271 2195 καὶ
1287 2169 1327 2203 εἰς
1344 2169 1478 2206 πέταυρον
1494 2168 1557 2205 ᾅδου
1572 2176 1690 2194 κατακο-

90 2257 305 2292 Ὲπίστρεψον
326 2257 375 2286 διὰ
397 2258 468 2291 τοὺς
490 2258 620 2292 δούλους
642 2266 710 2292 σου,
727 2259 776 2287 διὰ
799 2260 852 2293 τὰς

940 2255 1021 2283 Vsus.
1050 2255 1095 2288 18,
1116 2256 1159 2284 l9.
1192 2256 1346 2284 Convertere
1373 2261 1479 2291 propter
1507 2266 1594 2286 servos
1618 2265 1688 2292 tuos,

37 2304 163 2339 φυλὰς
179 2303 234 2337 τῆς
250 2304 451 2338 κληρονομίας
467 2312 536 2337 σου,
550 2305 600 2332 ἵνα
613 2306 722 2340 μικρόν
737 2314 763 2333 τι
780 2308 851 2340 κλη-

33 2349 277 2384 ρονομήσωμεν
293 2349 346 2376 τοῦ
368 2349 456 2384 ὄρους
475 2350 527 2378 τοῦ
544 2350 630 2385 ἁγίου
646 2359 716 2379 σου.
736 2351 851 2386 Ἐτενό-

32 2397 131 2430 μεθα
149 2395 191 2428 ὡς
201 2395 233 2421 τὸ
250 2394 300 2422 ἀπ’
310 2394 416 2429 ἀρχῆς.
431 2395 481 2422 ὅτε
494 2396 550 2422 οὐκ
563 2394 657 2431 vipan
673 2396 766 2431 ἡμῶν,
779 2396 851 2424 οὐδὲ

34 2439 217 2474 ἐπεκλήθη
238 2439 271 2466 τὸ
288 2440 382 2475 ὄνομὰ
397 2448 455 2467 σου
474 2441 519 2475 ἐφ’
534 2441 620 2475 ἡμᾶς.

76 2486 210 2514 Αίτοῠσι
227 2486 308 2513 πάλιν
331 2487 382 2522 τὴν
401 2487 469 2523 πρὸς
484 2487 581 2519 αὐτοὺς
606 2488 783 2524 ἐπιστροφὴν,
801 2488 850 2524 τὴν

34 2533 91 2559 διά
112 2539 156 2566 γε
171 2540 207 2565 φη
212 2532 242 2566 μὶ
252 2532 431 2568 γαληνότητα,
443 2532 490 2559 καὶ
504 2532 718 2568 φιλανθρωπίαν.
735 2533 851 2566 Δούλους

41 2578 72 2605 δὲ
102 2578 165 2604 καὶ
180 2576 279 2612 κλῆρον
303 2575 371 2604 εἶναι
388 2577 480 2612 φασίν·
503 2578 552 2613 οὐχ
571 2578 609 2610 ὡς
632 2579 802 2615 πεπραχότες
825 2589 852 2606 τι

35 2623 257 2657 δουλοπρεπὲς,
275 2624 359 2657 ἤγουν
379 2625 438 2654 ταῖς
452 2623 534 2650 αὑτοῦ
549 2624 675 2658 ζεύγλαις
690 2625 852 2660 ὑποσχόντες

31 2670 91 2697 τὸν
114 2668 239 2702 αὐχένα.
261 2668 318 2695 ἀλλ’
339 2667 398 2694 οὐδὲ
413 2668 450 2700 ὡς
472 2669 610 2701 τελοῦντες
627 2670 667 2701 εἰς
684 2670 783 2705 κλῆρον
806 2670 851 2696 τὸν

30 2718 114 2743 ἐκνε
121 2713 252 2749 μηθέντα
266 2713 339 2749 αὐτῷ
353 2714 549 2749 μελετήσαντες
563 2714 592 2741 τὸ
607 2715 721 2750 εὐήνιον.
744 2715 851 2752 Ἐπειδὴ

29 2762 65 2788 δὲ
85 2759 182 2792 ἅπαξ
198 2760 432 2795 κεχρηματίκασιν
448 2759 540 2794 αὑτοῦ,
558 2761 604 2788 καὶ
621 2761 670 2796 τὴν
687 2761 755 2796 πρὸς
770 2761 852 2788 αὑτὸν

76 2849 108 2865 ετ
133 2847 209 2875 Joel.
222 2855 253 2881 tl,
271 2848 314 2875 l5.

75 2939 134 2974 (1)
159 2937 201 2966 Δί.
222 2938 393 2974 πνευμάτων.

901 2307 1007 2336 propter
1020 2302 1104 2329 tribus
1118 2303 1279 2330 Itwreditatis
1294 2307 1355 2336 tua,
1370 2309 1398 2330 ut
1410 2304 1542 2331 modicum
1554 2306 1689 2338 postidea-

902 2355 960 2374 mur
973 2349 1066 2374 montis
1078 2348 1163 2374 sancti
1175 2347 1224 2374 tui.
1236 2347 1314 2374 Facti
1328 2356 1419 2375 sumus
1433 2350 1501 2376 sicut
1520 2358 1535 2376 α
1548 2351 1687 2386 principio.

902 2394 1008 2428 quando
1024 2401 1076 2420 non
1090 2393 1263 2420 dominarert's
1277 2394 1372 2426 nostri,
1390 2402 1471 2429 neque
1485 2396 1634 2423 invocatum
1651 2402 1688 2424 est

903 2447 996 2466 nomen
1014 2443 1087 2466 tuum
1101 2446 1178 2473 super
1194 2447 1252 2465 nos.

939 2485 1038 2513 lterum
1055 2490 1149 2520 petunt
1164 2489 1193 2512 ut
1209 2485 1303 2512 redeat
1322 2485 1355 2512 ad
1377 2492 1418 2517 se,
1435 2492 1483 2520 per
1502 2487 1687 2518 serenitatem.

902 2531 1025 2566 inquam,
1043 2534 1071 2558 et
1091 2530 1299 2558 humanitatem.
1329 2531 1428 2558 Servos
1450 2536 1477 2558 et
1501 2532 1687 2560 [nereditatem
1725 2523 1731 2528 ’

902 2584 964 2604 esse
980 2576 1074 2604 dicunt
1087 2584 1126 2609 se,
1139 2584 1191 2603 non
1204 2577 1280 2611 quasi
1298 2575 1401 2611 aliquid
1417 2576 1488 2610 quod
1500 2583 1595 2605 servos
1610 2578 1687 2606 decet

903 2623 1019 2658 egerint,
1040 2627 1087 2649 aut
1103 2622 1235 2649 cervicem
1253 2622 1312 2657 ejus
1333 2622 1397 2657 jugo
1420 2626 1618 2657 supponerent.
1636 2631 1687 2655 nec

906 2669 977 2704 quod
995 2669 1152 2696 haereditate
1167 2668 1211 2696 illa
1227 2668 1302 2703 potiti
1318 2672 1479 2703 praestarent
1493 2667 1687 2701 obedientiam,

905 2715 952 2742 sed
972 2715 1034 2750 quia
1054 2715 1136 2742 semel
1153 2714 1211 2749 ejus
1235 2715 1300 2743 dicti
1321 2719 1399 2747 sunt,
1418 2719 1446 2742 ct
1469 2713 1688 2748 coniunctionem

905 2770 965 2790 cum
986 2762 1044 2797 ipso
1059 2762 1091 2790 ab
1105 2762 1182 2790 initio
1199 2762 1376 2798 intimamque
1390 2760 1618 2791 necessitudinem
1639 2759 1684 2787 ha-
