1893 3052
81 202 150 230 1597

644 199 676 226 ιΝ
697 198 812 226 ISAIAM
833 198 895 226 LIB.
918 199 949 226 V.
970 198 1090 228 TOMUS
1108 199 1140 228 V.

1630 203 1698 233 1303

79 260 176 295 νομίαν
187 268 245 293 σου,
260 259 375 295 ἐμίαναν
386 259 431 288 τὺν
445 259 507 286 ναὸν
516 260 561 286 τὸν
574 258 650 293 ἅγιόν
666 267 721 285 σου.
742 268 751 284 i
768 258 863 294 Ἔτερό

919 264 945 287 et
958 260 983 286 in
1001 266 1080 294 regna
1093 267 1153 294 qua:
1167 267 1264 288 nomen
1278 263 1352 288 tuum
1368 267 1421 288 non
1437 260 1670 292 invocaverunt".
1687 275 1696 291 ι

79 314 110 331 τε
124 304 191 340 πρὸς
202 305 306 337 τούτοις
316 305 469 339 ἐπενεγκὼν
476 305 520 332 διὰ
530 305 612 340 μέσου
621 304 712 340 φησίν·
727 313 736 330 t
748 305 861 339 Ἒκχεον

81 350 130 386 τὴν
143 351 227 387 ὀργήν
245 359 292 378 σου
307 351 353 378 ἐπὶ
367 351 401 378 τὰ
424 351 488 386 ἔθνη
504 351 539 377 τὰ
564 351 601 386 μὴ
628 349 796 386 γινώσκοντά
821 359 860 383 σε,

81 396 128 423 καὶ.
146 397 192 423 ἐπὶ
214 397 361 431 βασιλείας,
386 397 414 424 αἳ
439 397 468 423 τὺ
482 396 567 432 ὄνομά
591 405 637 422 σου
659 397 709 423 οὐκ
732 396 864 423 ἐπεκαλέ-

82 450 171 469 σαντο.
193 451 202 468 ι
220 441 344 469 Τοιοῦτόν
366 451 392 469 τι
414 442 462 469 καὶ
486 442 532 468 νῦν
554 443 568 468 ό
595 442 737 477 προφήτης
760 441 842 476 φησίν
855 449 861 456 ⁸

83 496 92 513 ι
118 487 183 514 Ἐὰν
198 487 252 523 γὰρ
267 487 376 524 ἀνοίξῃς
392 488 439 514 τὸν
461 487 584 523 οὐρανὸν,
604 497 613 513 ι
630 488 664 522 τῇ
686 487 791 523 καθόδῳ
814 487 864 522 τῆς

79 533 164 568 ὀργῆς
184 533 313 568 δηλονότι,
339 533 464 568 καθάπερ
485 534 580 569 ἀμέλει
597 534 644 560 καὶ
668 534 696 560 ἐν
719 533 758 568 τῷ
777 532 864 569 καιρῷ

80 579 125 606 τοῦ
146 579 354 614 κατακλυσμοῦ·
377 578 552 614 ἀνεῴχθησαν
571 578 624 614 γὰρ
645 580 670 606 οἱ
695 578 864 614 καταράκται

79 624 125 651 τοῦ
139 624 265 660 οὐρανοῦ-
281 625 342 652 τότε
362 624 463 660 τρόμος
479 624 594 659 λήψεται
610 625 664 652 ἀπὸ
678 624 725 651 σοῦ
741 624 801 659 ὅρη,
818 623 865 650 καὶ

79 670 255 705 τακήσονται,
270 679 280 695 ι
297 670 334 702 ὡς
354 670 439 705 κηρὸς
457 670 511 698 ἀπὸ
522 669 669 706 προσώπου
682 669 768 705 πυρὸς
784 669 865 704 τήκε-

79 723 152 742 ται.)
172 715 240 750 ὀρη
259 715 288 742 δέ
305 723 387 750 φησιν
402 716 431 741 ἐν
446 714 560 746 τούτοις,
575 714 635 750 οὐχὶ
648 714 743 749 δήπου
757 713 865 745 πάντως

80 760 113 787 τὰ
135 760 261 795 αἰσθητὰ,
276 760 404 796 δυνάμεις
427 760 455 787 δὲ
480 760 580 796 μᾶλλον
604 760 652 792 τὰς
679 759 812 795 πονηρὰς,
822 759 866 786 διὰ

80 805 180 841 πολλὴν
196 806 265 839 ἄγαν
282 806 442 841 ὑπεροψίαν,
467 806 543 841 όρεσι
569 807 624 838 τοῖς
643 805 819 841 ὑψηλοτάτοις
836 802 865 832 εὖ

81 851 154 885 μάλα
169 851 400 887 παρεικασμένας.
419 851 526 883 Ταύτας
539 851 572 887 δὴ
588 849 634 878 οὖν
650 851 699 882 τὰς
709 851 758 886 τῆς
772 850 867 883 ἀλαζο-

79 896 154 928 νείας
170 897 333 932 συντρόφους
348 897 475 932 δυνάμεις
488 897 587 932 τρόμος
604 896 729 931 λήψεται.
747 905 756 920 ι
776 897 867 922 Κατα-

916 304 981 332 Tale
994 305 1121 340 quiddam
1133 305 1215 333 etiam
1229 313 1300 333 nunc
1315 306 1446 340 propheta
1458 306 1522 334 dicit
1537 317 1544 334 :
1560 317 1569 333 ι
1588 308 1616 336 Si
1627 310 1698 336 enim

914 351 1053 385 aperueris
1074 351 1184 385 caelum,
1206 360 1216 377 ι
1234 352 1365 380 descensu
1386 352 1509 381 videlicet
1534 353 1597 386 im,
1620 355 1698 382 sicuti

914 397 1040 424 nimirum
1057 401 1178 432 tempore
1197 397 1309 425 diluvii:
1330 401 1429 432 apertae
1444 398 1515 425 enim
1530 403 1607 426 erant
1623 404 1698 427 cata-

914 446 997 469 ractae
1012 441 1072 469 cmli
1089 451 1095 469 :
1110 446 1168 469 tum
1197 442 1307 470 invadet
1325 447 1427 472 tremor
1441 447 1546 471 montes
1559 444 1607 472 abs
1624 449 1659 478 te,
1672 450 1700 473 et

914 487 1079 522 liquescent,
1100 497 1110 514 ‹
1126 492 1155 516 ut
1168 495 1231 516 cera
1248 496 1263 516 a
1277 488 1347 517 facie
1359 489 1429 525 ignis
1439 489 1552 524 liqueﬁt.
1571 499 1580 516 ι
1598 490 1700 518 Montes

915 532 959 560 hic
975 538 1052 561 vocat
1064 540 1116 561 non
1131 534 1300 568 simpliciter,
1310 535 1354 568 qui
1370 535 1554 570 percipiuntur
1564 536 1698 568 sensibus,

915 578 961 605 sed
984 582 1127 613 potestates
1149 579 1242 614 ntalas,
1264 586 1374 616 propter
1393 581 1526 616 insignem
1546 581 1696 621 elationem,

915 624 1049 652 montibus
1063 625 1145 660 887
1164 626 1322 654 celsissimis
1342 627 1443 661 optime
1456 631 1637 662 comparatas.
1647 626 1700 654 llas

916 670 998 704 igitur
1012 671 1145 704 superbia:
1157 671 1281 698 alumnas
1293 676 1451 706 potestates,
1465 676 1566 699 tremor
1581 672 1698 699 invadet.

920 725 928 741 ι
945 715 1106 750 Liquescent
1120 716 1191 743 enim
1213 721 1340 750 tanquam
1356 717 1389 744 ab
1408 717 1478 752 igne.
1495 726 1504 743 ι
1517 717 1700 746 Adversantes

919 760 971 787 tuis
985 760 1089 788 scilicet
1102 760 1229 793 oraculis,
1244 761 1283 788 ira
1300 761 1370 796 ignis
1387 762 1474 789 instar
1484 762 1612 789 decidens
1626 770 1700 789 com-

917 804 1005 833 buret.
1027 815 1037 832 ι
1063 806 1096 833 Et
1117 806 1220 834 illustre
1237 807 1291 834 erit
1309 814 1407 834 nomen
1425 807 1530 835 Domini
1552 808 1578 835 in
1604 808 1700 835 adver-

917 851 1006 878 sariis.
1033 861 1043 877 ι
1069 851 1137 885 Quid
1155 852 1226 880 istud
1242 852 1304 880 est?
1319 852 1446 880 Miracula
1465 854 1537 881 enim
1555 861 1625 888 saepe
1646 854 1701 881 edit

918 897 1106 924 universorum
1136 897 1223 931 Deus,
1249 899 1377 932 potentiae
1400 904 1427 926 et
1457 899 1619 934 praestantiae
1646 907 1701 927 suae

79 942 243 976 τακήσονται
262 942 316 977 γὰρ
332 942 369 973 ὡς
386 942 438 969 ὑπὸ
455 942 548 977 πυρός.
563 951 571 967 i
586 940 775 972 ’Υπεναντίους
785 940 863 973 όντας

919 941 1131 976 magnitudinem
1157 942 1332 977 patefaciens.
1365 941 1433 970 Hinc
1457 950 1648 977 nonnunquam
1673 943 1699 970 in

79 987 134 1019 τοῖς
156 988 213 1019 σοῖς
234 987 356 1022 δηλονάτι
379 987 556 1021 θεσπίσμασι,
581 987 665 1022 πυρὸς
682 986 759 1021 δίκην
783 986 866 1021 ἐμπί-

79 1041 183 1059 πτουσα
199 1034 397 1060 κατακαύσειεν
412 1032 444 1059 ἂν
456 1032 535 1068 ὀργή.
555 1041 564 1058 ι
582 1032 636 1059 Καὶ
659 1031 776 1067 φανερὸν
790 1031 868 1058 ἔσται

78 1078 108 1104 τὺ
129 1078 216 1113 ὄνομα
239 1079 340 1114 Κυρίου
365 1080 393 1105 ἐν
414 1079 470 1110 τοῖς
486 1077 666 1108 ὑπεναντίοις.
696 1086 705 1102 ›
728 1077 782 1103 Καὶ
799 1076 823 1102 τί
838 1076 870 1111 δὴ

79 1121 157 1148 τοῦτό
173 1123 230 1148 ἐστι
243 1131 250 1155 ;
266 1123 475 1158 Θαυματουργεῖ
490 1121 539 1157 μὲν
551 1121 606 1156 γὰρ
618 1121 775 1151 πλειστάκις
789 1121 804 1146 ό
816 1120 870 1147 τῶν

77 1167 145 1194 ὅλων
162 1167 238 1200 Θεὸς,
255 1169 303 1203 τῆς
323 1169 436 1202 ἐνούσης
465 1167 605 1202 δυνάμεως
634 1166 708 1202 αὐτῷ
725 1166 771 1193 καὶ
787 1166 867 1201 ὑπερ-

78 1212 144 1247 οχῆς
163 1213 193 1239 τὸ
210 1213 322 1247 μέγεθος
336 1213 449 1248 ἐναργὲς
464 1211 604 1243 καθιστάς.
618 1211 667 1238 Διὰ
679 1211 774 1238 τούτου
801 1211 864 1238 ἐκό-

78 1257 154 1290 λαζε,
171 1259 218 1284 καὶ
237 1259 415 1294 ἁμαρτωλοὺς
434 1257 490 1284 ἔσθ’
507 1258 561 1290 ὅτε,
578 1257 625 1283 καὶ
639 1256 683 1283 διὰ
699 1257 746 1290 τῆς
761 1257 805 1283 ἐπ’
821 1257 868 1284 αὺ-

78 1305 132 1335 τοῖς
156 1304 240 1340 ὀργῆς
257 1305 356 1340 ἐναργῆ
380 1304 512 1335 καθιστὰς
528 1303 640 1330 ἑαυτόν·
663 1303 754 1329 όποῖόν
775 1311 801 1328 τι
823 1303 868 1336 γὲ-

79 1357 167 1382 γονεν.
186 1350 229 1376 ὅτε
245 1350 401 1385 Σοδομίταις
418 1349 548 1384 ἐπηφίετο
570 1349 637 1384 πῦρ,
652 1349 737 1384 ἤγουν
758 1348 803 1374 ὅτε
821 1348 868 1374 τὸν

78 1395 253 1428 ἀπόπληκτον
269 1395 367 1430 Φαραῶ
386 1394 495 1425 πολλαῖς
512 1394 557 1421 καὶ
571 1395 716 1430 ἀφορήτοις
743 1392 865 1420 ὑπετίθει

80 1441 207 1476 πληγαῖς.
235 1441 350 1473 Οὐκοῦν,
364 1438 386 1468 ὦ
409 1441 542 1474 Δέσποτα,
558 1441 634 1475 φασὶ,
659 1440 696 1475 μὴ
712 1439 871 1475 φανερώσῃς

78 1486 127 1522 τὴν
143 1486 255 1513 σεαυτοῦ
271 1486 348 1518 δόξαν
361 1487 419 1521 ἦτοι
433 1487 463 1513 τὸ
475 1487 574 1521 ὄνομα,
592 1486 636 1512 διὰ
651 1486 700 1520 τῆς
715 1485 777 1512 καθ’
792 1484 872 1520 ἡμῶν

918 991 1075 1022 peccatores
1087 987 1288 1022 animadvertit,
1296 993 1322 1016 et
1333 996 1382 1023 per
1394 989 1461 1016 iram
1473 989 1499 1017 in
1511 988 1571 1017 illos
1582 990 1700 1024 seipsum

919 1031 1055 1067 patefecit.
1073 1032 1228 1066 Cuiusmodi
1244 1033 1345 1061 factum
1361 1039 1413 1067 est,
1428 1041 1488 1062 cum
1504 1035 1531 1061 in
1547 1034 1702 1063 Sodomitas

919 1074 1028 1107 demisit
1040 1079 1138 1113 ignem,
1155 1085 1254 1107 etcum
1270 1080 1439 1108 Pharaonem
1455 1081 1593 1115 stupidum
1609 1081 1701 1108 multis

918 1129 946 1152 et
963 1124 1180 1153 intolerabilibus
1195 1125 1279 1161 plagis
1291 1125 1415 1160 subjecit.
1428 1126 1532 1160 Itaque,
1547 1134 1563 1154 ο
1576 1126 1700 1158 Domine,

919 1170 1054 1205 inquiunt,
1083 1178 1119 1199 ne
1141 1170 1259 1199 illustres
1281 1171 1394 1206 gloriam
1425 1177 1515 1206 tuam,
1539 1173 1579 1200 vel
1602 1180 1700 1200 nomen

920 1221 968 1248 per
998 1215 1065 1242 iram
1094 1215 1120 1241 in
1143 1222 1191 1243 nos
1208 1224 1214 1242 :
1231 1215 1278 1243 sed
1302 1216 1422 1244 inducito
1448 1217 1538 1252 potius
1563 1217 1647 1250 illam,
1673 1223 1702 1245 et

922 1259 1035 1294 inﬂigito
1052 1260 1129 1287 malis
1145 1261 1334 1295 patestatibus,
1350 1267 1378 1290 et
1394 1263 1481 1298 palam
1499 1267 1552 1289 tua:
1571 1262 1702 1296 majestati

921 1305 1143 1339 repugnantibus,
1161 1310 1188 1333 et
1208 1313 1241 1333 ex
1260 1306 1357 1341 insigni
1382 1307 1506 1342 superbia
1524 1307 1557 1334 ad
1582 1307 1632 1334 hoc
1655 1306 1702 1332 ad-

918 1349 1017 1377 ductis.
1042 1349 1103 1378 Eris
1126 1351 1196 1378 enim
1221 1352 1300 1379 etiam
1325 1353 1365 1380 sic
1391 1352 1562 1388 conspicuus.
1590 1351 1701 1384 Quando

918 1394 989 1422 enim
1011 1395 1109 1422 feceris
1132 1395 1264 1429 gloriosa,
1289 1401 1390 1424 tremor
1414 1397 1462 1425 abs
1488 1401 1514 1424 te
1535 1402 1640 1424 montes
1660 1396 1702 1423 iu-

920 1438 1011 1465 vadct.
1026 1439 1128 1467 Rursus
1153 1440 1211 1467 illos
1234 1444 1340 1468 montes
1361 1442 1436 1474 dicit,
1454 1448 1522 1476 quos
1540 1442 1619 1469 modo
1634 1441 1703 1468 dixi-

921 1490 990 1510 ntus.

78 1531 173 1567 ὀργῆς·
187 1531 311 1566 ἐπάγαγε
326 1531 354 1557 δὲ
365 1532 465 1566 μᾶλλον
480 1531 565 1566 αὐτὴν
593 1530 723 1565 δυνάμεσι
735 1530 878 1564 πονηραῖς,
897 1529 981 1564 ἤγουν
995 1529 1051 1560 τοῖς
1080 1529 1230 1563 ἀναφανδὸν
1241 1531 1274 1564 τῇ
1289 1531 1321 1564 σῇ
1347 1530 1510 1566 μαχομένοις
1524 1530 1597 1566 δόξῃ,
1611 1530 1658 1557 καὶ
1672 1531 1703 1556 ἐκ

79 1578 178 1613 πολλῆς
201 1579 269 1612 ἄγαν
287 1578 435 1613 ὑπεροψίας
451 1577 696 1614 παρενηνεγμένοις
729 1577 768 1608 εἰς
787 1575 875 1603 τοῦτο.
898 1576 966 1611 "Ean
989 1575 1042 1610 γὰρ
1071 1577 1118 1602 καὶ
1137 1576 1221 1609 οὕτως
1240 1578 1375 1614 ἐμφανής.
1390 1579 1454 1605 Ὅτε
1469 1578 1523 1614 γὰρ
1540 1578 1654 1614 ποιήσῃς
1669 1577 1704 1604 τὰ

79 1624 181 1656 ἔνδοξα,
209 1624 309 1659 τρόμος
334 1623 445 1658 λήψεται
467 1622 522 1650 ἀπὸ
548 1622 595 1649 σοῦ
621 1622 687 1657 δρη-
712 1621 758 1647 καὶ
781 1620 863 1648 πάλιν
895 1621 988 1648 ἐκεῖνα
1000 1620 1034 1647 τὰ
1068 1620 1118 1656 ὅρη
1134 1622 1226 1656 φησιν,
1241 1619 1278 1649 ὧν
1294 1623 1471 1659 ἐμνήσθημεν
1486 1623 1596 1660 ἀρτίως.

121 1670 193 1697 Ἀπὸ
225 1669 278 1696 τοῦ
303 1669 409 1702 αἰῶνος
435 1669 489 1695 οὐκ
520 1668 713 1703 ἠκούσαμεν,
739 1666 810 1694 οὐδὲ
840 1667 863 1693 el

954 1667 1036 1694 Vens.
1049 1667 1076 1698 4,
1090 1667 1117 1695 5.
1133 1667 1153 1692 Α
1174 1668 1269 1694 τατιιίο
1290 1676 1340 1696 non
1360 1670 1517 1703 audivimus,
1535 1677 1615 1704 neque
1634 1669 1704 1696 oculi

80 1715 226 1750 ὀφθαλμοὶ
240 1714 322 1749 ἡμῶν
335 1712 416 1741 εἶδον
446 1713 521 1741 Θεὸν
541 1713 624 1747 πλὴν
654 1712 729 1745 σοῦ,
758 1711 807 1738 καὶ
830 1711 867 1738 τὰ

80 1763 152 1796 ἔργα
165 1769 233 1793 σου,
265 1760 283 1787 ἁ
313 1760 450 1795 ποιήσεις
463 1759 525 1792 τοῖς
543 1759 747 1794 ὑπομένουσιν
761 1758 864 1785 éleor'

79 1805 302 1839 συναντήσεται
313 1806 368 1841 γὰρ
385 1806 448 1838 τοῖς
466 1805 587 1833 ποιοῦσι
607 1805 640 1831 τὸ
662 1804 790 1837 δίκαιον,
818 1803 867 1830 καί

80 1852 140 1879 τῶν
154 1852 231 1879 ὁδῶν
245 1860 302 1879 σου
311 1851 550 1887 μνησθήσονται.

122 1898 248 1933 ’Δόρατον
261 1897 309 1932 μὲν
324 1898 358 1933 τῇ
372 1897 450 1931 φύσει
466 1897 497 1923 τὸ
519 1895 595 1923 Θεῖόν
612 1896 681 1922 ἐστι·
710 1904 719 1920 ι
733 1894 799 1921 Θεὸν
813 1886 867 1930 γὰρ

80 1945 166 1975 οὐδεὶς
189 1944 295 1979 ἑώρακε
319 1943 446 1976 πώποτε,
473 1952 482 1968 ι
508 1941 578 1969 κατὰ
600 1942 630 1968 τὸ
651 1940 843 1976 γεγραμμένον
858 1948 865 1954 θ

81 1989 223 2025 θεωρεῖταί
237 1997 269 2023 γε
299 1988 352 2024 μὴν
375 1988 430 2019 τοῖς
443 1987 492 2022 τῆς
511 1987 629 2019 διανοίας
644 1986 775 2021 ὄμμασιν,
788 1985 818 2019 ἐξ
829 1981 866 2013 ὧν

80 2035 113 2062 ἂν
125 2035 275 2070 ἐργάσαιτο
292 2033 461 2068 παραδόξως,
479 2033 526 2059 καὶ
539 2032 608 2067 ὑπὲρ
622 2031 710 2066 λόγον.
733 2040 742 2056 ι
756 2031 796 2058 Τὰ
813 2031 866 2066 γὰρ

79 2081 184 2116 ἀόρατα
198 2079 292 2112 αὑτοῦ,
306 2089 315 2105 ι
345 2079 437 2114 φησὶν,
466 2088 475 2104 ι
487 2078 540 2105 ἀπὸ
554 2078 668 2109 κτίσεως
695 2077 797 2112 κόσμου
812 2077 868 2108 τοῖς

81 2127 229 2161 ποιήμασιν
259 2126 392 2160 νοούμενα
417 2124 577 2160 καθορᾶται,
599 2124 616 2158 ἥ
633 2132 663 2149 τε
687 2122 769 2154 ἀΐδιος
785 2121 867 2149 αὐτοῦ

80 2171 196 2206 δύναμίς
213 2179 242 2197 τε
256 2170 302 2196 καὶ
315 2170 430 2204 θειότης·
447 2178 456 2194 ι
476 2168 686 2203 ἐπιγινώσκεται
700 2168 728 2194 δὲ
740 2167 867 2198 πλειστά‹

81 2227 136 2249 κις,
155 2217 200 2243 καὶ
210 2217 243 2243 δι’
260 2213 297 2242 ὧν
317 2215 350 2242 ἂν
365 2215 513 2250 εὐεργετεῖ,
542 2214 588 2240 καὶ
606 2215 655 2249 τῆς
668 2213 780 2248 ἐνούσης
794 2212 868 2247 αὐτῷ

79 2262 262 2298 γαληνότητος
278 2262 394 2287 ποιεῖται
409 2260 456 2296 τὴν
475 2259 586 2292 ἔνδειξιν
596 2280 603 2292 ,
619 2258 758 2290 διασώζων
771 2258 868 2293 ἀδοκή-

80 2318 133 2341 τως
159 2309 222 2340 τοὺς
238 2308 267 2340 ἐξ
281 2307 389 2342 ἁπάσης
402 2307 508 2338 ἐλπίδος
522 2305 718 2342 ὠλισθηκότας,
731 2304 777 2331 καὶ
789 2305 867 2340 χεῖρα

81 2338 171 2388 νέμων
187 2338 318 2387 σῷτήήριον
333 2338 388 2383 soi;
401 2351 487 2386 χαμαί
514 2360 576 2384 που,
592 2338 639 2378 καὶ
653 2350 689 2382 ὡς
706 2351 736 2377 ἐν
761 2338 867 2386 γῇηκει-
883 2338 906 2369 υ

82 2399 182 2435 μένοις.
195 2397 320 2424 Τοιοῦτόν
334 2397 359 2423 τί
372 2405 453 2431 φασιν
472 2397 497 2422 οἱ
529 2396 579 2432 τὴν
595 2395 775 2431 προκειμένην
790 2395 867 2430 λιτὴν

78 2445 270 2480 ἀναφέροντες.
295 2443 361 2470 Ἀπὸ
388 2442 441 2478 γὰρ
459 2442 508 2478 τῆς
524 2441 571 2468 τοῦ
593 2441 695 2476 κόσμου
715 2440 867 2476 καταϐολῆς

79 2490 141 2517 οὒτε
161 2489 326 2524 ἠκούσαμεν,
341 2488 401 2515 οὗτε
419 2488 471 2524 μὴν
494 2487 647 2522 τεθεάμεθα
675 2486 792 2513 τοιοῦτόν
805 2495 865 2513 τινα

79 2535 155 2567 Θεὸν,
173 2535 242 2570 πλὴν
265 2535 319 2570 ἄρα
342 2534 387 2560 σοῦ
403 2542 432 2560 τε
458 2533 504 2560 καὶ
528 2533 630 2568 μόνου·
653 2532 709 2563 τοῖς
724 2531 777 2566 γὰρ
798 2531 863 2557 ὑπο-

82 2579 193 2616 μένουσί
205 2588 243 2610 σε,
260 2579 394 2611 τουτέστι,
418 2579 474 2610 τοῖς
499 2579 539 2609 είς
553 2577 583 2604 σὲ
608 2577 800 2612 πεποιημένοις
816 2576 864 2611 τὴν

79 2624 187 2657 ἐλπίδα,
205 2623 389 2658 ἐπιδαψιλεύει
404 2623 449 2650 τὸν
465 2623 546 2650 ἔλεον·
564 2623 659 2658 ἕψεται
685 2622 738 2657 γὰρ
758 2622 867 2654 πάντως

78 2671 135 2701 τοῖς
147 2669 196 2704 τῆς
208 2669 379 2704 δικαιοσύνης
396 2669 535 2705 ἐργάταις,
559 2669 696 2699 κάκείνοις
715 2667 795 2694 αὐτὸν
818 2668 867 2703 ἁρ-

81 2715 159 2750 μόσει
174 2714 278 2748 λαϐεῖν,
292 2714 371 2750 οἵπερ
384 2713 416 2741 ἂν
432 2713 487 2741 εἷεν
498 2715 526 2741 ὲν
541 2714 636 2749 μνήμῃ
648 2714 702 2740 τῶν
723 2713 776 2740 σῶν
789 2713 866 2744 ὁδῶν,

79 2759 215 2793 τουτέστι,
239 2759 294 2787 τῶν
310 2759 365 2785 σῶν
388 2759 546 2794 θελημάτων
568 2758 761 2785 ἀποτελεσταί·
792 2758 867 2790 ὁδοὺς

80 2804 136 2839 γὰρ
155 2804 257 2840 Κυρίου
270 2804 360 2839 φαμὲν
372 2801 441 2831 εἶναι
452 2804 502 2835 τὰς
516 2804 623 2836 ἐντολὰς
631 2804 723 2831 αὑτοῦ.
734 2804 787 2830 Καὶ
801 2804 864 2837 γοῦν

117 2893 138 2909 ⁸¹
152 2893 220 2921 Psal.
235 2901 347 2927 Lxxvm,
363 2893 387 2920 6,
428 2893 449 2910 ³¹
469 2892 545 2920 Joan.
561 2901 579 2927 ι,
603 2893 645 2920 l8.
684 2893 706 2908 “
728 2893 806 2920 Rom.
826 2892 902 2925 1,20.

917 1711 999 1738 nostri
1021 1711 1138 1738 viderunt
1159 1711 1242 1739 Deum
1263 1717 1358 1745 prwler
1372 1719 1411 1745 te,
1429 1719 1451 1740 et
1471 1721 1548 1747 opera
1568 1718 1627 1746 tua,
1645 1722 1703 1748 quia

916 1757 997 1792 [acies
1011 1757 1225 1792 exspectantibus
1247 1759 1463 1786 misericordiam.
1486 1758 1610 1786 Occurret
1633 1761 1702 1787 enim

918 1803 1074 1837 facientibus
1097 1803 1246 1838 justitiam,
1269 1809 1292 1830 et
1317 1804 1417 1831 viarum
1445 1809 1550 1832 tuarum
1579 1806 1701 1832 recorda-

918 1848 1022 1874 buntur.

952 1891 1152 1926 lnaspectabilis
1187 1892 1294 1927 quidem
1329 1898 1372 1921 cst
1404 1897 1499 1921 natura
1533 1893 1659 1921 divinitas
1693 1904 1699 1922 :

920 1945 929 1962 ‹
951 1936 1033 1964 Deum
1054 1937 1125 1965 enim
1147 1945 1227 1965 nemo
1243 1938 1309 1965 vidit
1328 1945 1457 1974 unquam,
1474 1948 1485 1965 ι
1507 1939 1655 1967 secundum
1677 1940 1703 1966 id

917 1982 988 2017 quod
1005 1983 1134 2018 scriptum
1151 1988 1192 2011 est
1205 1984 1237 2012 ³³.
1254 1984 1380 2011 Cernitur
1397 1988 1486 2011 tamen
1503 1984 1587 2012 animi
1618 1983 1703 2012 oculis

917 2035 950 2055 cx
967 2027 1007 2055 Itis
1024 2035 1084 2063 quae
1100 2029 1216 2064 gesserit
1231 2035 1257 2057 et
1270 2029 1466 2056 admirabiliter
1478 2033 1505 2056 et
1519 2029 1701 2057 inetl‘abiliter.

920 2081 929 2098 ι
945 2073 1090 2101 lnvisibilia
1101 2074 1171 2101 enim
1188 2073 1256 2109 ejus,
1271 2083 1280 2101 ι
1296 2075 1393 2109 inquit,
1406 2084 1416 2101 ι
1432 2082 1447 2101 a
1461 2074 1598 2102 creatione
1611 2075 1701 2102 mundi

917 2124 966 2152 per
992 2125 1025 2145 ea
1049 2126 1108 2153 qua:
1135 2118 1206 2147 facta
1233 2123 1298 2147 sunt
1324 2119 1458 2147 intellecta
1488 2120 1703 2155 conspiciuntur.

917 2169 1015 2192 acterna
1032 2164 1136 2191 scilicet
1151 2165 1208 2200 ejus
1230 2166 1349 2199 potentia
1370 2173 1403 2193 ac
1423 2166 1550 2194 divinitas
1565 2167 1599 2193 ³³.
1620 2177 1629 2193 ι
1653 2166 1704 2194 Co-

917 2208 1054 2245 gnoscitur
1068 2210 1149 2236 etiam
1167 2218 1219 2237 non
1239 2217 1300 2238 raro
1316 2219 1348 2239 ex
1366 2212 1408 2239 his
1422 2219 1482 2247 quae
1497 2212 1613 2246 benigne
1627 2211 1701 2244 facit,

917 2260 944 2283 et
955 2262 1010 2283 sua:
1025 2254 1101 2288 quasi
1117 2256 1270 2283 serenitatis
1297 2263 1329 2284 ac
1343 2256 1532 2291 placabilitatis
1547 2257 1604 2284 edit
1618 2258 1704 2291 speci-

917 2308 977 2329 men
1000 2310 1007 2328 :
1030 2302 1092 2328 dum
1115 2306 1212 2335 prmter
1230 2301 1383 2336 opinionem
1401 2309 1448 2330 eos
1465 2307 1555 2330 servat
1567 2303 1612 2338 qui
1629 2303 1702 2330 omni

918 2353 966 2381 spe
982 2346 1149 2378 exciderunt,
1164 2349 1191 2373 et
1205 2345 1277 2373 humi
1292 2350 1319 2374 et
1332 2346 1404 2374 velut
1419 2347 1446 2374 in
1463 2352 1533 2375 terra
1549 2347 1704 2383 jacentibus

919 2399 1026 2419 manum
1046 2391 1191 2419 salutarem
1208 2391 1318 2425 prabet.
1336 2392 1431 2420 Simile
1448 2397 1490 2421 est
1507 2393 1579 2428 quod
1612 2394 1704 2422 dicunt

919 2438 1060 2473 qui«hanc
1086 2437 1267 2472 precationem
1291 2437 1442 2466 effundunt.
1463 2439 1487 2466 A
1513 2440 1605 2467 mundi
1630 2439 1701 2467 enim

919 2484 1110 2512 constitutione
1122 2491 1209 2519 neque
1221 2483 1383 2517 audivimus,
1396 2491 1482 2519 neque
1493 2485 1609 2513 vidimus
1624 2486 1702 2513 talem

919 2531 1012 2563 Deum,
1029 2533 1125 2565 prreter
1143 2533 1178 2563 te,
1193 2533 1220 2556 et
1236 2529 1343 2564 quidem
1360 2529 1457 2557 solum.
1474 2529 1700 2564 Exspectantibus

917 2575 989 2602 enim
1010 2579 1044 2608 te,
1061 2575 1087 2602 id
1108 2578 1160 2607 est,
1174 2583 1247 2610 spem
1269 2575 1296 2602 in
1319 2579 1345 2602 te
1365 2574 1571 2608 collocantibus,
1588 2575 1700 2609 largiter
1727 2579 1731 2613 ς

922 2620 1133 2648 miscricordiam
1148 2621 1298 2656 imparties.
1313 2621 1449 2656 Sequetur
1464 2628 1580 2656 namque
1595 2630 1704 2656 semper

919 2666 1057 2701 operarios
1068 2665 1191 2701 iustitiae,
1204 2673 1302 2701 eosque
1315 2673 1374 2694 eam
1389 2666 1517 2701 consequi
1534 2673 1582 2701 par
1594 2671 1643 2698 cst,
1657 2667 1701 2701 qui

921 2713 1132 2741 recordabuntur
1143 2713 1245 2741 viarutn
1262 2718 1379 2746 tuarum.
1392 2712 1418 2740 id
1431 2717 1481 2746 est,
1494 2712 1538 2747 qui
1552 2712 1706 2740 voluntates

918 2759 1003 2794 888
1027 2763 1086 2787 tuas
1107 2765 1300 2795 exsequuntur.
1320 2759 1425 2788 Domini
1450 2759 1522 2787 enim
1545 2759 1615 2791 vias,
1634 2764 1703 2792 prac-

919 2809 993 2840 ccpta
1019 2805 1075 2840 ejus
1095 2805 1219 2834 dicimus.
1232 2805 1370 2840 Siquidem
1391 2805 1497 2832 divinus
1515 2802 1597 2832 David
1615 2799 1705 2837 [mallit
