  <div class='ocr_page' id='page_1' title='image "/cluster/home/n/w/nwhite01/storage/ocr_20150623/70/njp.32101077772737/815.png"; bbox 0 0 1893 3052; ppageno 0'>
   <div class='ocr_carea' id='block_1_1' title="bbox 213 216 282 245">
    <p class='ocr_par' dir='ltr' id='par_1_1' title="bbox 213 216 282 245">
     <span class='ocr_line' id='line_1_1' title="bbox 213 216 282 245; baseline -0.029 0"><span class='ocrx_word' id='word_1_1' title='bbox 213 216 282 245; x_wconf 72' lang='grc'><strong>1399</strong></span> 
     </span>
    </p>
   </div>
   <div class='ocr_carea' id='block_1_2' title="bbox 725 211 1348 242">
    <p class='ocr_par' dir='ltr' id='par_1_2' title="bbox 725 211 1348 242">
     <span class='ocr_line' id='line_1_2' title="bbox 725 211 1348 242; baseline -0.005 0"><span class='ocrx_word' id='word_1_2' title='bbox 725 214 754 242; x_wconf 84' lang='lat' dir='ltr'><strong>S.</strong></span> <span class='ocrx_word' id='word_1_3' title='bbox 776 213 916 242; x_wconf 78' lang='lat' dir='ltr'><strong>CYRILLI</strong></span> <span class='ocrx_word' id='word_1_4' title='bbox 935 211 1171 240; x_wconf 75' lang='lat' dir='ltr'><strong>ALEXANDRINI</strong></span> <span class='ocrx_word' id='word_1_5' title='bbox 1189 212 1348 241; x_wconf 77' lang='lat' dir='ltr'><strong>ARCHIEP.</strong></span> 
     </span>
    </p>
   </div>
   <div class='ocr_carea' id='block_1_3' title="bbox 1778 206 1847 235">
    <p class='ocr_par' dir='ltr' id='par_1_3' title="bbox 1778 206 1847 235">
     <span class='ocr_line' id='line_1_3' title="bbox 1778 206 1847 235; baseline 0 0"><span class='ocrx_word' id='word_1_6' title='bbox 1778 206 1847 235; x_wconf 68' lang='grc' dir='ltr'>μω</span> 
     </span>
    </p>
   </div>
   <div class='ocr_carea' id='block_1_4' title="bbox 210 265 988 304">
    <p class='ocr_par' dir='ltr' id='par_1_4' title="bbox 210 270 988 301">
     <span class='ocr_line' id='line_1_4' title="bbox 210 270 988 301; baseline -0.001 -2"><span class='ocrx_word' id='word_1_7' title='bbox 210 272 308 301; x_wconf 86' lang='lat' dir='ltr'><strong>alicubi</strong></span> <span class='ocrx_word' id='word_1_8' title='bbox 323 281 329 297; x_wconf 75' lang='grc' dir='ltr'>ι</span> <span class='ocrx_word' id='word_1_9' title='bbox 349 281 358 298; x_wconf 77' lang='grc' dir='ltr'><strong>ι</strong></span> <span class='ocrx_word' id='word_1_10' title='bbox 377 271 404 297; x_wconf 91' lang='lat' dir='ltr'><strong>In</strong></span> <span class='ocrx_word' id='word_1_11' title='bbox 418 271 458 298; x_wconf 90' lang='lat' dir='ltr'><strong>via</strong></span> <span class='ocrx_word' id='word_1_12' title='bbox 477 275 520 298; x_wconf 91' lang='lat' dir='ltr'><strong>tua</strong></span> <span class='ocrx_word' id='word_1_13' title='bbox 533 270 632 300; x_wconf 86' lang='lat' dir='ltr'><strong>vivam.</strong></span> <span class='ocrx_word' id='word_1_14' title='bbox 648 282 657 298; x_wconf 78' lang='grc' dir='ltr'><strong>ι</strong></span> <span class='ocrx_word' id='word_1_15' title='bbox 672 271 743 299; x_wconf 84' lang='lat' dir='ltr'><strong>Alibi</strong></span> <span class='ocrx_word' id='word_1_16' title='bbox 758 275 851 300; x_wconf 81' lang='lat' dir='ltr'><strong>rursus</strong></span> <span class='ocrx_word' id='word_1_17' title='bbox 868 281 875 298; x_wconf 88' lang='lat'><strong>:</strong></span> <span class='ocrx_word' id='word_1_18' title='bbox 894 281 902 298; x_wconf 77' lang='grc' dir='ltr'><strong>ι</strong></span> <span class='ocrx_word' id='word_1_19' title='bbox 923 271 988 299; x_wconf 78' lang='lat' dir='ltr'><strong>Vian</strong></span> 
     </span>
    </p>
   </div>
   <div class='ocr_carea' id='block_1_5' title="bbox 1078 265 1848 304">
    <p class='ocr_par' dir='ltr' id='par_1_5' title="bbox 1079 265 1848 304">
     <span class='ocr_line' id='line_1_5' title="bbox 1079 265 1848 304; baseline -0.01 -7"><span class='ocrx_word' id='word_1_20' title='bbox 1079 271 1224 302; x_wconf 75' lang='grc' dir='ltr'><strong>θεσπέσιος</strong></span> <span class='ocrx_word' id='word_1_21' title='bbox 1250 269 1347 304; x_wconf 82' lang='grc' dir='ltr'><strong>ψάλλει</strong></span> <span class='ocrx_word' id='word_1_22' title='bbox 1368 268 1460 301; x_wconf 75' lang='grc' dir='ltr'><strong>Δαϐὶδ,</strong></span> <span class='ocrx_word' id='word_1_23' title='bbox 1485 267 1551 294; x_wconf 82' lang='grc' dir='ltr'>ποτὲ</span> <span class='ocrx_word' id='word_1_24' title='bbox 1577 267 1643 303; x_wconf 80' lang='grc' dir='ltr'>μὲν,</span> <span class='ocrx_word' id='word_1_25' title='bbox 1664 265 1707 292; x_wconf 82' lang='grc' dir='ltr'>ὅτι</span> <span class='ocrx_word' id='word_1_26' title='bbox 1727 273 1737 290; x_wconf 76' lang='lat' dir='ltr'><strong>i</strong></span> <span class='ocrx_word' id='word_1_27' title='bbox 1757 265 1802 291; x_wconf 80' lang='grc' dir='ltr'>Ἔν</span> <span class='ocrx_word' id='word_1_28' title='bbox 1815 266 1848 300; x_wconf 82' lang='grc' dir='ltr'>τῇ</span> 
     </span>
    </p>
   </div>
   <div class='ocr_carea' id='block_1_6' title="bbox 211 317 1000 349">
    <p class='ocr_par' dir='ltr' id='par_1_6' title="bbox 211 317 1000 349">
     <span class='ocr_line' id='line_1_6' title="bbox 211 317 1000 349; baseline -0.001 -4"><span class='ocrx_word' id='word_1_29' title='bbox 211 318 396 345; x_wconf 72' lang='lat' dir='ltr'><strong>mandatorum</strong></span> <span class='ocrx_word' id='word_1_30' title='bbox 427 321 534 344; x_wconf 88' lang='lat' dir='ltr'><strong>tuorum</strong></span> <span class='ocrx_word' id='word_1_31' title='bbox 563 317 689 349; x_wconf 82' lang='lat' dir='ltr'><strong>cucurri,</strong></span> <span class='ocrx_word' id='word_1_32' title='bbox 715 324 776 344; x_wconf 87' lang='lat' dir='ltr'><strong>cum</strong></span> <span class='ocrx_word' id='word_1_33' title='bbox 805 317 926 344; x_wconf 84' lang='lat' dir='ltr'><strong>dilataSti</strong></span> <span class='ocrx_word' id='word_1_34' title='bbox 952 323 1000 344; x_wconf 87' lang='lat' dir='ltr'><strong>cor</strong></span> 
     </span>
    </p>
   </div>
   <div class='ocr_carea' id='block_1_7' title="bbox 211 362 370 390">
    <p class='ocr_par' dir='ltr' id='par_1_7' title="bbox 211 362 370 390">
     <span class='ocr_line' id='line_1_7' title="bbox 211 362 370 390; baseline -0.013 -1"><span class='ocrx_word' id='word_1_35' title='bbox 211 370 299 390; x_wconf 90' lang='lat' dir='ltr'><strong>meum</strong></span> <span class='ocrx_word' id='word_1_36' title='bbox 310 362 342 389; x_wconf 73' lang='grc'><strong>³⁸.</strong></span> <span class='ocrx_word' id='word_1_37' title='bbox 362 371 370 387; x_wconf 84' lang='lat' dir='ltr'><strong>i</strong></span> 
     </span>
    </p>
   </div>
   <div class='ocr_carea' id='block_1_8' title="bbox 514 429 694 458">
    <p class='ocr_par' dir='ltr' id='par_1_8' title="bbox 514 429 694 458">
     <span class='ocr_line' id='line_1_8' title="bbox 514 429 694 458; baseline 0 -1"><span class='ocrx_word' id='word_1_38' title='bbox 514 429 632 458; x_wconf 74' lang='lat' dir='ltr'><strong>TOMUS</strong></span> <span class='ocrx_word' id='word_1_39' title='bbox 653 430 694 458; x_wconf 84' lang='lat' dir='ltr'><strong>Vl.</strong></span> 
     </span>
    </p>
   </div>
   <div class='ocr_carea' id='block_1_9' title="bbox 248 495 999 531">
    <p class='ocr_par' dir='ltr' id='par_1_9' title="bbox 248 495 999 531">
     <span class='ocr_line' id='line_1_9' title="bbox 248 495 999 531; baseline 0 -8"><span class='ocrx_word' id='word_1_40' title='bbox 248 497 328 524; x_wconf 74' lang='lat' dir='ltr'><strong>Vsus.</strong></span> <span class='ocrx_word' id='word_1_41' title='bbox 344 496 370 529; x_wconf 83' lang='grc' dir='ltr'><strong>θ,</strong></span> <span class='ocrx_word' id='word_1_42' title='bbox 384 496 411 523; x_wconf 90' lang='grc'><strong>7.</strong></span> <span class='ocrx_word' id='word_1_43' title='bbox 428 495 494 524; x_wconf 79' lang='lat' dir='ltr'><strong>Ecce</strong></span> <span class='ocrx_word' id='word_1_44' title='bbox 515 501 543 523; x_wconf 85' lang='lat' dir='ltr'><strong>tu</strong></span> <span class='ocrx_word' id='word_1_45' title='bbox 562 497 648 524; x_wconf 76' lang='lat' dir='ltr'><strong>iratus</strong></span> <span class='ocrx_word' id='word_1_46' title='bbox 667 505 705 528; x_wconf 78' lang='lat' dir='ltr'><strong>es.</strong></span> <span class='ocrx_word' id='word_1_47' title='bbox 721 501 744 524; x_wconf 76' lang='lat' dir='ltr'><strong>et</strong></span> <span class='ocrx_word' id='word_1_48' title='bbox 763 506 810 524; x_wconf 74' lang='lat' dir='ltr'><strong>nos</strong></span> <span class='ocrx_word' id='word_1_49' title='bbox 826 497 999 531; x_wconf 76' lang='lat' dir='ltr'><strong>peccavimus.</strong></span> 
     </span>
    </p>
   </div>
   <div class='ocr_carea' id='block_1_10' title="bbox 212 540 1001 576">
    <p class='ocr_par' dir='ltr' id='par_1_10' title="bbox 212 540 1001 576">
     <span class='ocr_line' id='line_1_10' title="bbox 212 540 1001 576; baseline 0.001 -9"><span class='ocrx_word' id='word_1_50' title='bbox 212 540 355 575; x_wconf 80' lang='lat' dir='ltr'><strong>Propterea</strong></span> <span class='ocrx_word' id='word_1_51' title='bbox 375 541 528 573; x_wconf 76' lang='lat' dir='ltr'><strong>erravimus,</strong></span> <span class='ocrx_word' id='word_1_52' title='bbox 544 545 569 568; x_wconf 81' lang='lat' dir='ltr'><strong>et</strong></span> <span class='ocrx_word' id='word_1_53' title='bbox 590 541 654 576; x_wconf 78' lang='lat' dir='ltr'><strong>facti</strong></span> <span class='ocrx_word' id='word_1_54' title='bbox 674 549 764 568; x_wconf 80' lang='lat' dir='ltr'><strong>sumtis</strong></span> <span class='ocrx_word' id='word_1_55' title='bbox 785 541 853 568; x_wconf 80' lang='lat' dir='ltr'><strong>velut</strong></span> <span class='ocrx_word' id='word_1_56' title='bbox 873 540 1001 568; x_wconf 82' lang='lat' dir='ltr'><strong>immundi</strong></span> 
     </span>
    </p>
   </div>
   <div class='ocr_carea' id='block_1_11' title="bbox 212 585 1000 620">
    <p class='ocr_par' dir='ltr' id='par_1_11' title="bbox 212 585 1000 620">
     <span class='ocr_line' id='line_1_11' title="bbox 212 585 1000 620; baseline 0.001 -9"><span class='ocrx_word' id='word_1_57' title='bbox 212 593 299 612; x_wconf 78' lang='lat' dir='ltr'><strong>omnes</strong></span> <span class='ocrx_word' id='word_1_58' title='bbox 317 593 378 615; x_wconf 80' lang='lat' dir='ltr'><strong>nos.</strong></span> <span class='ocrx_word' id='word_1_59' title='bbox 394 589 418 612; x_wconf 83' lang='lat' dir='ltr'><strong>et</strong></span> <span class='ocrx_word' id='word_1_60' title='bbox 435 590 560 619; x_wconf 79' lang='lat' dir='ltr'><strong>tanquam</strong></span> <span class='ocrx_word' id='word_1_61' title='bbox 575 594 678 620; x_wconf 76' lang='lat' dir='ltr'><strong>pannus</strong></span> <span class='ocrx_word' id='word_1_62' title='bbox 695 590 865 613; x_wconf 71' lang='lat' dir='ltr'><strong>menstruam</strong></span> <span class='ocrx_word' id='word_1_63' title='bbox 882 585 1000 612; x_wconf 76' lang='lat' dir='ltr'><strong>mulieris</strong></span> 
     </span>
    </p>
   </div>
   <div class='ocr_carea' id='block_1_12' title="bbox 212 631 1002 668">
    <p class='ocr_par' dir='ltr' id='par_1_12' title="bbox 212 631 1002 668">
     <span class='ocr_line' id='line_1_12' title="bbox 212 631 1002 668; baseline 0.004 -12"><span class='ocrx_word' id='word_1_64' title='bbox 212 632 294 658; x_wconf 76' lang='lat' dir='ltr'><strong>omnis</strong></span> <span class='ocrx_word' id='word_1_65' title='bbox 314 631 421 665; x_wconf 84' lang='lat' dir='ltr'><strong>justitia</strong></span> <span class='ocrx_word' id='word_1_66' title='bbox 445 636 546 658; x_wconf 77' lang='lat' dir='ltr'><strong>nostra.</strong></span> <span class='ocrx_word' id='word_1_67' title='bbox 576 631 742 666; x_wconf 73' lang='lat' dir='ltr'><strong>Deﬂuximus</strong></span> <span class='ocrx_word' id='word_1_68' title='bbox 766 638 853 660; x_wconf 77' lang='lat' dir='ltr'><strong>autem</strong></span> <span class='ocrx_word' id='word_1_69' title='bbox 876 637 1002 668; x_wconf 81' lang='lat' dir='ltr'><strong>tanquam</strong></span> 
     </span>
    </p>
   </div>
   <div class='ocr_carea' id='block_1_13' title="bbox 212 676 1001 711">
    <p class='ocr_par' dir='ltr' id='par_1_13' title="bbox 212 676 1001 711">
     <span class='ocr_line' id='line_1_13' title="bbox 212 676 1001 711; baseline 0.003 -9"><span class='ocrx_word' id='word_1_70' title='bbox 212 676 286 708; x_wconf 68' lang='lat' dir='ltr'><strong>folia,</strong></span> <span class='ocrx_word' id='word_1_71' title='bbox 303 682 406 710; x_wconf 80' lang='lat' dir='ltr'><strong>propter</strong></span> <span class='ocrx_word' id='word_1_72' title='bbox 426 676 576 711; x_wconf 81' lang='lat' dir='ltr'><strong>iniquitates</strong></span> <span class='ocrx_word' id='word_1_73' title='bbox 597 681 711 706; x_wconf 76' lang='lat' dir='ltr'><strong>nostras.</strong></span> <span class='ocrx_word' id='word_1_74' title='bbox 728 677 772 705; x_wconf 81' lang='lat' dir='ltr'><strong>Sic</strong></span> <span class='ocrx_word' id='word_1_75' title='bbox 793 683 880 706; x_wconf 79' lang='lat' dir='ltr'><strong>veritus</strong></span> <span class='ocrx_word' id='word_1_76' title='bbox 902 677 1001 711; x_wconf 77' lang='lat' dir='ltr'><strong>auferet</strong></span> 
     </span>
    </p>
   </div>
   <div class='ocr_carea' id='block_1_14' title="bbox 212 720 1000 756">
    <p class='ocr_par' dir='ltr' id='par_1_14' title="bbox 212 720 1000 756">
     <span class='ocr_line' id='line_1_14' title="bbox 212 720 1000 756; baseline 0.003 -10"><span class='ocrx_word' id='word_1_77' title='bbox 212 728 258 746; x_wconf 79' lang='lat' dir='ltr'><strong>nos</strong></span> <span class='ocrx_word' id='word_1_78' title='bbox 276 725 304 746; x_wconf 82' lang='lat' dir='ltr'><strong>nt</strong></span> <span class='ocrx_word' id='word_1_79' title='bbox 318 720 458 754; x_wconf 80' lang='lat' dir='ltr'><strong>pulverem,</strong></span> <span class='ocrx_word' id='word_1_80' title='bbox 472 725 496 748; x_wconf 84' lang='lat' dir='ltr'><strong>et</strong></span> <span class='ocrx_word' id='word_1_81' title='bbox 514 729 565 748; x_wconf 83' lang='lat' dir='ltr'><strong>non</strong></span> <span class='ocrx_word' id='word_1_82' title='bbox 581 725 618 748; x_wconf 77' lang='lat' dir='ltr'><strong>est</strong></span> <span class='ocrx_word' id='word_1_83' title='bbox 635 721 680 756; x_wconf 82' lang='lat' dir='ltr'><strong>qui</strong></span> <span class='ocrx_word' id='word_1_84' title='bbox 693 722 790 748; x_wconf 78' lang='lat' dir='ltr'><strong>invocet</strong></span> <span class='ocrx_word' id='word_1_85' title='bbox 808 730 900 749; x_wconf 76' lang='lat' dir='ltr'><strong>nomen</strong></span> <span class='ocrx_word' id='word_1_86' title='bbox 917 727 1000 754; x_wconf 82' lang='lat' dir='ltr'><strong>tuum,</strong></span> 
     </span>
    </p>
   </div>
   <div class='ocr_carea' id='block_1_15' title="bbox 211 766 1002 802">
    <p class='ocr_par' dir='ltr' id='par_1_15' title="bbox 211 766 1002 802">
     <span class='ocr_line' id='line_1_15' title="bbox 211 766 1002 802; baseline 0.004 -10"><span class='ocrx_word' id='word_1_87' title='bbox 211 771 234 792; x_wconf 82' lang='lat' dir='ltr'><strong>et</strong></span> <span class='ocrx_word' id='word_1_88' title='bbox 250 766 343 800; x_wconf 80' lang='lat' dir='ltr'><strong>cogitet</strong></span> <span class='ocrx_word' id='word_1_89' title='bbox 358 767 549 801; x_wconf 78' lang='lat' dir='ltr'><strong>apprehendere</strong></span> <span class='ocrx_word' id='word_1_90' title='bbox 563 772 597 794; x_wconf 85' lang='lat' dir='ltr'><strong>te.</strong></span> <span class='ocrx_word' id='word_1_91' title='bbox 612 766 680 799; x_wconf 84' lang='lat' dir='ltr'><strong>Quia</strong></span> <span class='ocrx_word' id='word_1_92' title='bbox 693 768 807 794; x_wconf 79' lang='lat' dir='ltr'><strong>auertiui</strong></span> <span class='ocrx_word' id='word_1_93' title='bbox 821 768 916 802; x_wconf 82' lang='lat' dir='ltr'><strong>[aciem</strong></span> <span class='ocrx_word' id='word_1_94' title='bbox 929 773 1002 795; x_wconf 81' lang='lat' dir='ltr'><strong>luant</strong></span> 
     </span>
    </p>
   </div>
   <div class='ocr_carea' id='block_1_16' title="bbox 213 812 931 848">
    <p class='ocr_par' dir='ltr' id='par_1_16' title="bbox 213 812 931 848">
     <span class='ocr_line' id='line_1_16' title="bbox 213 812 931 848; baseline 0.004 -11"><span class='ocrx_word' id='word_1_95' title='bbox 213 820 229 837; x_wconf 76' lang='grc' dir='ltr'>ιι</span> <span class='ocrx_word' id='word_1_96' title='bbox 245 812 333 845; x_wconf 77' lang='lat' dir='ltr'><strong>nobis,</strong></span> <span class='ocrx_word' id='word_1_97' title='bbox 346 817 369 839; x_wconf 82' lang='lat' dir='ltr'><strong>et</strong></span> <span class='ocrx_word' id='word_1_98' title='bbox 386 812 520 840; x_wconf 76' lang='lat' dir='ltr'><strong>tradidisti</strong></span> <span class='ocrx_word' id='word_1_99' title='bbox 536 821 582 840; x_wconf 74' lang='lat' dir='ltr'><strong>nos</strong></span> <span class='ocrx_word' id='word_1_100' title='bbox 597 818 702 848; x_wconf 78' lang='lat' dir='ltr'><strong>propter</strong></span> <span class='ocrx_word' id='word_1_101' title='bbox 713 818 818 848; x_wconf 81' lang='lat' dir='ltr'><strong>peccata</strong></span> <span class='ocrx_word' id='word_1_102' title='bbox 833 818 931 840; x_wconf 78' lang='lat' dir='ltr'><strong>nostra.</strong></span> 
     </span>
    </p>
   </div>
   <div class='ocr_carea' id='block_1_17' title="bbox 252 952 1003 988">
    <p class='ocr_par' dir='ltr' id='par_1_17' title="bbox 252 952 1003 988">
     <span class='ocr_line' id='line_1_17' title="bbox 252 952 1003 988; baseline -0.001 -8"><span class='ocrx_word' id='word_1_103' title='bbox 252 953 344 981; x_wconf 84' lang='lat' dir='ltr'><strong>Visum</strong></span> <span class='ocrx_word' id='word_1_104' title='bbox 359 957 401 981; x_wconf 87' lang='lat' dir='ltr'><strong>est</strong></span> <span class='ocrx_word' id='word_1_105' title='bbox 415 953 575 988; x_wconf 88' lang='lat' dir='ltr'><strong>quibusdam</strong></span> <span class='ocrx_word' id='word_1_106' title='bbox 592 953 780 988; x_wconf 80' lang='lat' dir='ltr'><strong>interpretum,</strong></span> <span class='ocrx_word' id='word_1_107' title='bbox 796 952 879 980; x_wconf 87' lang='lat' dir='ltr'><strong>alium</strong></span> <span class='ocrx_word' id='word_1_108' title='bbox 895 959 1003 980; x_wconf 80' lang='lat' dir='ltr'><strong>sensum</strong></span> 
     </span>
    </p>
   </div>
   <div class='ocr_carea' id='block_1_18' title="bbox 216 999 1007 1035">
    <p class='ocr_par' dir='ltr' id='par_1_18' title="bbox 216 999 1007 1035">
     <span class='ocr_line' id='line_1_18' title="bbox 216 999 1007 1035; baseline 0 -9"><span class='ocrx_word' id='word_1_109' title='bbox 216 1000 257 1027; x_wconf 92' lang='lat' dir='ltr'><strong>his</strong></span> <span class='ocrx_word' id='word_1_110' title='bbox 285 999 376 1027; x_wconf 87' lang='lat' dir='ltr'><strong>verbis</strong></span> <span class='ocrx_word' id='word_1_111' title='bbox 409 1007 556 1035; x_wconf 83' lang='lat' dir='ltr'><strong>apponere.</strong></span> <span class='ocrx_word' id='word_1_112' title='bbox 583 999 723 1027; x_wconf 85' lang='lat' dir='ltr'><strong>lnvertunt</strong></span> <span class='ocrx_word' id='word_1_113' title='bbox 751 1000 824 1028; x_wconf 91' lang='lat' dir='ltr'><strong>enim</strong></span> <span class='ocrx_word' id='word_1_114' title='bbox 858 999 1007 1027; x_wconf 77' lang='lat' dir='ltr'><strong>dictionum</strong></span> 
     </span>
    </p>
   </div>
   <div class='ocr_carea' id='block_1_19' title="bbox 215 1044 1009 1077">
    <p class='ocr_par' dir='ltr' id='par_1_19' title="bbox 215 1044 1009 1077">
     <span class='ocr_line' id='line_1_19' title="bbox 215 1044 1009 1077; baseline -0.001 -5"><span class='ocrx_word' id='word_1_115' title='bbox 215 1045 337 1072; x_wconf 82' lang='lat' dir='ltr'><strong>ordinem</strong></span> <span class='ocrx_word' id='word_1_116' title='bbox 351 1050 379 1072; x_wconf 87' lang='lat' dir='ltr'><strong>et</strong></span> <span class='ocrx_word' id='word_1_117' title='bbox 390 1045 586 1072; x_wconf 84' lang='lat' dir='ltr'><strong>sententiarum</strong></span> <span class='ocrx_word' id='word_1_118' title='bbox 602 1045 666 1077; x_wconf 85' lang='lat' dir='ltr'><strong>vim,</strong></span> <span class='ocrx_word' id='word_1_119' title='bbox 681 1048 710 1072; x_wconf 88' lang='lat' dir='ltr'><strong>ut</strong></span> <span class='ocrx_word' id='word_1_120' title='bbox 725 1045 758 1072; x_wconf 77' lang='lat' dir='ltr'><strong>ad</strong></span> <span class='ocrx_word' id='word_1_121' title='bbox 775 1045 846 1072; x_wconf 89' lang='lat' dir='ltr'><strong>hunc</strong></span> <span class='ocrx_word' id='word_1_122' title='bbox 858 1044 965 1072; x_wconf 88' lang='lat' dir='ltr'><strong>modum</strong></span> <span class='ocrx_word' id='word_1_123' title='bbox 979 1050 1009 1071; x_wconf 88' lang='lat' dir='ltr'><strong>se</strong></span> 
     </span>
    </p>
   </div>
   <div class='ocr_carea' id='block_1_20' title="bbox 217 1090 1008 1126">
    <p class='ocr_par' dir='ltr' id='par_1_20' title="bbox 217 1090 1008 1126">
     <span class='ocr_line' id='line_1_20' title="bbox 217 1090 1008 1126; baseline -0.001 -7"><span class='ocrx_word' id='word_1_124' title='bbox 217 1091 326 1124; x_wconf 83' lang='lat' dir='ltr'><strong>habeat,</strong></span> <span class='ocrx_word' id='word_1_125' title='bbox 341 1092 413 1126; x_wconf 89' lang='lat' dir='ltr'><strong>quod</strong></span> <span class='ocrx_word' id='word_1_126' title='bbox 436 1092 536 1119; x_wconf 89' lang='lat' dir='ltr'><strong>dictum</strong></span> <span class='ocrx_word' id='word_1_127' title='bbox 558 1095 601 1119; x_wconf 89' lang='lat' dir='ltr'><strong>est</strong></span> <span class='ocrx_word' id='word_1_128' title='bbox 617 1101 624 1119; x_wconf 70' lang='grc' dir='ltr'><strong>ε</strong></span> <span class='ocrx_word' id='word_1_129' title='bbox 647 1100 655 1117; x_wconf 81' lang='grc' dir='ltr'><strong>ι</strong></span> <span class='ocrx_word' id='word_1_130' title='bbox 673 1091 743 1119; x_wconf 86' lang='lat' dir='ltr'><strong>Ecce</strong></span> <span class='ocrx_word' id='word_1_131' title='bbox 759 1098 808 1119; x_wconf 86' lang='lat' dir='ltr'><strong>nos</strong></span> <span class='ocrx_word' id='word_1_132' title='bbox 823 1090 1008 1126; x_wconf 84' lang='lat' dir='ltr'><strong>peccavimus,</strong></span> 
     </span>
    </p>
   </div>
   <div class='ocr_carea' id='block_1_21' title="bbox 217 1136 1009 1172">
    <p class='ocr_par' dir='ltr' id='par_1_21' title="bbox 217 1136 1009 1172">
     <span class='ocr_line' id='line_1_21' title="bbox 217 1136 1009 1172; baseline -0.001 -9"><span class='ocrx_word' id='word_1_133' title='bbox 217 1142 246 1164; x_wconf 88' lang='lat' dir='ltr'><strong>et</strong></span> <span class='ocrx_word' id='word_1_134' title='bbox 260 1141 286 1163; x_wconf 92' lang='lat' dir='ltr'><strong>tu</strong></span> <span class='ocrx_word' id='word_1_135' title='bbox 302 1136 388 1164; x_wconf 85' lang='lat' dir='ltr'><strong>iratus</strong></span> <span class='ocrx_word' id='word_1_136' title='bbox 410 1144 440 1164; x_wconf 91' lang='lat' dir='ltr'><strong>es</strong></span> <span class='ocrx_word' id='word_1_137' title='bbox 459 1136 547 1164; x_wconf 87' lang='lat' dir='ltr'><strong>nobis.</strong></span> <span class='ocrx_word' id='word_1_138' title='bbox 566 1146 576 1162; x_wconf 78' lang='grc' dir='ltr'><strong>ι</strong></span> <span class='ocrx_word' id='word_1_139' title='bbox 599 1136 656 1164; x_wconf 86' lang='grc' dir='ltr'>Νοιι</span> <span class='ocrx_word' id='word_1_140' title='bbox 677 1137 762 1169; x_wconf 90' lang='lat' dir='ltr'><strong>enim,</strong></span> <span class='ocrx_word' id='word_1_141' title='bbox 777 1136 913 1172; x_wconf 88' lang='lat' dir='ltr'><strong>inquiunt.</strong></span> <span class='ocrx_word' id='word_1_142' title='bbox 927 1142 1009 1163; x_wconf 87' lang='lat' dir='ltr'><strong>causa</strong></span> 
     </span>
    </p>
   </div>
   <div class='ocr_carea' id='block_1_22' title="bbox 219 1181 1010 1217">
    <p class='ocr_par' dir='ltr' id='par_1_22' title="bbox 219 1181 1010 1217">
     <span class='ocr_line' id='line_1_22' title="bbox 219 1181 1010 1217; baseline -0.001 -8"><span class='ocrx_word' id='word_1_143' title='bbox 219 1182 272 1209; x_wconf 85' lang='lat' dir='ltr'><strong>illis</strong></span> <span class='ocrx_word' id='word_1_144' title='bbox 292 1182 465 1217; x_wconf 85' lang='lat' dir='ltr'><strong>delinquendi</strong></span> <span class='ocrx_word' id='word_1_145' title='bbox 481 1181 531 1209; x_wconf 83' lang='lat' dir='ltr'><strong>fuit</strong></span> <span class='ocrx_word' id='word_1_146' title='bbox 546 1182 586 1209; x_wconf 88' lang='lat' dir='ltr'><strong>ira</strong></span> <span class='ocrx_word' id='word_1_147' title='bbox 599 1182 689 1209; x_wconf 89' lang='lat' dir='ltr'><strong>divina</strong></span> <span class='ocrx_word' id='word_1_148' title='bbox 707 1190 714 1209; x_wconf 92' lang='lat'><strong>:</strong></span> <span class='ocrx_word' id='word_1_149' title='bbox 731 1186 759 1209; x_wconf 88' lang='lat' dir='ltr'><strong>at</strong></span> <span class='ocrx_word' id='word_1_150' title='bbox 771 1182 835 1217; x_wconf 83' lang='lat' dir='ltr'><strong>quia</strong></span> <span class='ocrx_word' id='word_1_151' title='bbox 852 1181 891 1209; x_wconf 90' lang='lat' dir='ltr'><strong>illi</strong></span> <span class='ocrx_word' id='word_1_152' title='bbox 906 1181 1010 1208; x_wconf 78' lang='lat' dir='ltr'><strong>furiose</strong></span> 
     </span>
    </p>
   </div>
   <div class='ocr_carea' id='block_1_23' title="bbox 220 1227 1009 1261">
    <p class='ocr_par' dir='ltr' id='par_1_23' title="bbox 220 1227 1009 1261">
     <span class='ocr_line' id='line_1_23' title="bbox 220 1227 1009 1261; baseline -0.001 -6"><span class='ocrx_word' id='word_1_153' title='bbox 220 1228 340 1256; x_wconf 83' lang='lat' dir='ltr'><strong>bacchati</strong></span> <span class='ocrx_word' id='word_1_154' title='bbox 364 1232 444 1261; x_wconf 82' lang='lat' dir='ltr'><strong>sunt,</strong></span> <span class='ocrx_word' id='word_1_155' title='bbox 464 1228 534 1256; x_wconf 83' lang='lat' dir='ltr'><strong>Deus</strong></span> <span class='ocrx_word' id='word_1_156' title='bbox 562 1229 647 1255; x_wconf 86' lang='lat' dir='ltr'><strong>iratus</strong></span> <span class='ocrx_word' id='word_1_157' title='bbox 672 1232 723 1256; x_wconf 90' lang='lat' dir='ltr'><strong>est.</strong></span> <span class='ocrx_word' id='word_1_158' title='bbox 737 1227 846 1256; x_wconf 87' lang='lat' dir='ltr'><strong>Timent</strong></span> <span class='ocrx_word' id='word_1_159' title='bbox 869 1227 958 1260; x_wconf 87' lang='lat' dir='ltr'><strong>enim,</strong></span> <span class='ocrx_word' id='word_1_160' title='bbox 979 1231 1009 1254; x_wconf 90' lang='lat' dir='ltr'><strong>ut</strong></span> 
     </span>
    </p>
   </div>
   <div class='ocr_carea' id='block_1_24' title="bbox 218 1273 1010 1309">
    <p class='ocr_par' dir='ltr' id='par_1_24' title="bbox 218 1273 1010 1309">
     <span class='ocr_line' id='line_1_24' title="bbox 218 1273 1010 1309; baseline -0.001 -8"><span class='ocrx_word' id='word_1_161' title='bbox 218 1275 333 1307; x_wconf 82' lang='lat' dir='ltr'><strong>videtur,</strong></span> <span class='ocrx_word' id='word_1_162' title='bbox 348 1274 443 1302; x_wconf 77' lang='lat' dir='ltr'><strong>necubi</strong></span> <span class='ocrx_word' id='word_1_163' title='bbox 457 1275 559 1309; x_wconf 78' lang='lat' dir='ltr'><strong>peccati</strong></span> <span class='ocrx_word' id='word_1_164' title='bbox 578 1279 671 1302; x_wconf 88' lang='lat' dir='ltr'><strong>auctor</strong></span> <span class='ocrx_word' id='word_1_165' title='bbox 687 1274 794 1302; x_wconf 86' lang='lat' dir='ltr'><strong>divinus</strong></span> <span class='ocrx_word' id='word_1_166' title='bbox 819 1274 896 1301; x_wconf 84' lang='lat' dir='ltr'><strong>furor</strong></span> <span class='ocrx_word' id='word_1_167' title='bbox 909 1273 1010 1301; x_wconf 85' lang='lat' dir='ltr'><strong>intelli-</strong></span> 
     </span>
    </p>
   </div>
   <div class='ocr_carea' id='block_1_25' title="bbox 219 1319 1009 1355">
    <p class='ocr_par' dir='ltr' id='par_1_25' title="bbox 219 1319 1009 1355">
     <span class='ocr_line' id='line_1_25' title="bbox 219 1319 1009 1355; baseline -0.003 -9"><span class='ocrx_word' id='word_1_168' title='bbox 219 1324 308 1355; x_wconf 75' lang='lat' dir='ltr'><strong>gatur.</strong></span> <span class='ocrx_word' id='word_1_169' title='bbox 324 1319 391 1347; x_wconf 95' lang='lat' dir='ltr'><strong>lllud</strong></span> <span class='ocrx_word' id='word_1_170' title='bbox 411 1320 527 1347; x_wconf 82' lang='lat' dir='ltr'><strong>arbitror</strong></span> <span class='ocrx_word' id='word_1_171' title='bbox 549 1320 693 1347; x_wconf 88' lang='lat' dir='ltr'><strong>dicendum</strong></span> <span class='ocrx_word' id='word_1_172' title='bbox 715 1327 785 1352; x_wconf 86' lang='lat' dir='ltr'><strong>esse,</strong></span> <span class='ocrx_word' id='word_1_173' title='bbox 801 1319 868 1346; x_wconf 89' lang='lat' dir='ltr'><strong>iram</strong></span> <span class='ocrx_word' id='word_1_174' title='bbox 892 1319 1009 1346; x_wconf 81' lang='lat' dir='ltr'><strong>divinam</strong></span> 
     </span>
    </p>
   </div>
   <div class='ocr_carea' id='block_1_26' title="bbox 220 1365 1011 1400">
    <p class='ocr_par' dir='ltr' id='par_1_26' title="bbox 220 1365 1011 1400">
     <span class='ocr_line' id='line_1_26' title="bbox 220 1365 1011 1400; baseline -0.003 -7"><span class='ocrx_word' id='word_1_175' title='bbox 220 1366 395 1393; x_wconf 88' lang='lat' dir='ltr'><strong>condemnari</strong></span> <span class='ocrx_word' id='word_1_176' title='bbox 418 1371 559 1400; x_wconf 81' lang='lat' dir='ltr'><strong>propterea</strong></span> <span class='ocrx_word' id='word_1_177' title='bbox 580 1373 633 1393; x_wconf 89' lang='lat' dir='ltr'><strong>non</strong></span> <span class='ocrx_word' id='word_1_178' title='bbox 656 1366 771 1397; x_wconf 86' lang='lat' dir='ltr'><strong>debere,</strong></span> <span class='ocrx_word' id='word_1_179' title='bbox 787 1366 809 1393; x_wconf 90' lang='lat' dir='ltr'><strong>si</strong></span> <span class='ocrx_word' id='word_1_180' title='bbox 831 1365 877 1400; x_wconf 89' lang='lat' dir='ltr'><strong>qui</strong></span> <span class='ocrx_word' id='word_1_181' title='bbox 902 1365 925 1392; x_wconf 92' lang='lat' dir='ltr'><strong>ei</strong></span> <span class='ocrx_word' id='word_1_182' title='bbox 948 1370 1011 1392; x_wconf 88' lang='lat' dir='ltr'><strong>sunt</strong></span> 
     </span>
    </p>
   </div>
   <div class='ocr_carea' id='block_1_27' title="bbox 220 1411 1010 1446">
    <p class='ocr_par' dir='ltr' id='par_1_27' title="bbox 220 1411 1010 1446">
     <span class='ocr_line' id='line_1_27' title="bbox 220 1411 1010 1446; baseline 0 -8"><span class='ocrx_word' id='word_1_183' title='bbox 220 1411 342 1446; x_wconf 81' lang='lat' dir='ltr'><strong>obnoxii,</strong></span> <span class='ocrx_word' id='word_1_184' title='bbox 354 1420 406 1439; x_wconf 94' lang='lat' dir='ltr'><strong>non</strong></span> <span class='ocrx_word' id='word_1_185' title='bbox 428 1412 495 1439; x_wconf 80' lang='lat' dir='ltr'><strong>satis</strong></span> <span class='ocrx_word' id='word_1_186' title='bbox 517 1412 615 1439; x_wconf 90' lang='lat' dir='ltr'><strong>virium</strong></span> <span class='ocrx_word' id='word_1_187' title='bbox 635 1411 753 1439; x_wconf 91' lang='lat' dir='ltr'><strong>habeant</strong></span> <span class='ocrx_word' id='word_1_188' title='bbox 772 1413 805 1438; x_wconf 90' lang='lat' dir='ltr'><strong>ad</strong></span> <span class='ocrx_word' id='word_1_189' title='bbox 830 1411 1010 1446; x_wconf 79' lang='lat' dir='ltr'><strong>eﬂugiendum</strong></span> 
     </span>
    </p>
   </div>
   <div class='ocr_carea' id='block_1_28' title="bbox 221 1457 1010 1491">
    <p class='ocr_par' dir='ltr' id='par_1_28' title="bbox 221 1457 1010 1491">
     <span class='ocr_line' id='line_1_28' title="bbox 221 1457 1010 1491; baseline 0 -6"><span class='ocrx_word' id='word_1_190' title='bbox 221 1458 324 1491; x_wconf 85' lang='lat' dir='ltr'><strong>peccati</strong></span> <span class='ocrx_word' id='word_1_191' title='bbox 345 1457 484 1485; x_wconf 81' lang='lat' dir='ltr'><strong>insultum.</strong></span> <span class='ocrx_word' id='word_1_192' title='bbox 501 1457 627 1491; x_wconf 87' lang='lat' dir='ltr'><strong>Quandiu</strong></span> <span class='ocrx_word' id='word_1_193' title='bbox 642 1457 713 1484; x_wconf 90' lang='lat' dir='ltr'><strong>enim</strong></span> <span class='ocrx_word' id='word_1_194' title='bbox 737 1457 867 1484; x_wconf 85' lang='lat' dir='ltr'><strong>Scrvator</strong></span> <span class='ocrx_word' id='word_1_195' title='bbox 885 1457 912 1484; x_wconf 90' lang='lat' dir='ltr'><strong>in</strong></span> <span class='ocrx_word' id='word_1_196' title='bbox 932 1457 1010 1486; x_wconf 85' lang='lat' dir='ltr'><strong>nobis</strong></span> 
     </span>
    </p>
   </div>
   <div class='ocr_carea' id='block_1_29' title="bbox 221 1503 1009 1538">
    <p class='ocr_par' dir='ltr' id='par_1_29' title="bbox 221 1503 1009 1538">
     <span class='ocr_line' id='line_1_29' title="bbox 221 1503 1009 1538; baseline 0.001 -9"><span class='ocrx_word' id='word_1_197' title='bbox 221 1503 384 1537; x_wconf 89' lang='lat' dir='ltr'><strong>voluptatem</strong></span> <span class='ocrx_word' id='word_1_198' title='bbox 399 1503 480 1538; x_wconf 88' lang='lat' dir='ltr'><strong>capit,</strong></span> <span class='ocrx_word' id='word_1_199' title='bbox 494 1508 633 1537; x_wconf 82' lang='lat' dir='ltr'><strong>peccatum</strong></span> <span class='ocrx_word' id='word_1_200' title='bbox 647 1504 794 1535; x_wconf 84' lang='lat' dir='ltr'><strong>vincimus,</strong></span> <span class='ocrx_word' id='word_1_201' title='bbox 810 1507 836 1529; x_wconf 89' lang='lat' dir='ltr'><strong>et</strong></span> <span class='ocrx_word' id='word_1_202' title='bbox 851 1511 865 1530; x_wconf 90' lang='lat' dir='ltr'><strong>a</strong></span> <span class='ocrx_word' id='word_1_203' title='bbox 881 1503 1009 1530; x_wconf 88' lang='lat' dir='ltr'><strong>vitiorum</strong></span> 
     </span>
    </p>
   </div>
   <div class='ocr_carea' id='block_1_30' title="bbox 221 1550 1010 1586">
    <p class='ocr_par' dir='ltr' id='par_1_30' title="bbox 221 1550 1010 1586">
     <span class='ocr_line' id='line_1_30' title="bbox 221 1550 1010 1586; baseline 0.003 -10"><span class='ocrx_word' id='word_1_204' title='bbox 221 1550 348 1577; x_wconf 83' lang='lat' dir='ltr'><strong>sordibus</strong></span> <span class='ocrx_word' id='word_1_205' title='bbox 365 1550 537 1582; x_wconf 80' lang='lat' dir='ltr'><strong>recedentes,</strong></span> <span class='ocrx_word' id='word_1_206' title='bbox 553 1550 702 1585; x_wconf 87' lang='lat' dir='ltr'><strong>spiriuialis</strong></span> <span class='ocrx_word' id='word_1_207' title='bbox 716 1550 884 1578; x_wconf 81' lang='lat' dir='ltr'><strong>fortitudinis</strong></span> <span class='ocrx_word' id='word_1_208' title='bbox 900 1551 1010 1586; x_wconf 77' lang='lat' dir='ltr'><strong>insigni-</strong></span> 
     </span>
    </p>
   </div>
   <div class='ocr_carea' id='block_1_31' title="bbox 1049 310 1849 351">
    <p class='ocr_par' dir='ltr' id='par_1_31' title="bbox 1049 310 1849 351">
     <span class='ocr_line' id='line_1_31' title="bbox 1049 310 1849 351; baseline -0.009 -8"><span class='ocrx_word' id='word_1_209' title='bbox 1049 316 1103 351; x_wconf 85' lang='grc' dir='ltr'><strong>ὸδῷ</strong></span> <span class='ocrx_word' id='word_1_210' title='bbox 1119 325 1165 343; x_wconf 90' lang='grc' dir='ltr'><strong>σου</strong></span> <span class='ocrx_word' id='word_1_211' title='bbox 1176 315 1308 351; x_wconf 84' lang='grc' dir='ltr'><strong>ζήσομαι,</strong></span> <span class='ocrx_word' id='word_1_212' title='bbox 1331 324 1340 341; x_wconf 80' lang='lat' dir='ltr'><strong>i</strong></span> <span class='ocrx_word' id='word_1_213' title='bbox 1357 314 1423 342; x_wconf 80' lang='grc' dir='ltr'>ποτὲ</span> <span class='ocrx_word' id='word_1_214' title='bbox 1437 313 1466 340; x_wconf 75' lang='grc' dir='ltr'><strong>δὲ</strong></span> <span class='ocrx_word' id='word_1_215' title='bbox 1479 313 1575 341; x_wconf 79' lang='grc' dir='ltr'>πάλιν-</span> <span class='ocrx_word' id='word_1_216' title='bbox 1596 322 1605 338; x_wconf 77' lang='grc' dir='ltr'>ι</span> <span class='ocrx_word' id='word_1_217' title='bbox 1632 311 1709 339; x_wconf 81' lang='grc' dir='ltr'><strong>Ὀδδν</strong></span> <span class='ocrx_word' id='word_1_218' title='bbox 1732 310 1849 337; x_wconf 71' lang='grc' dir='ltr'>ἐντολῶν</span> 
     </span>
    </p>
   </div>
   <div class='ocr_carea' id='block_1_32' title="bbox 1052 358 1775 398">
    <p class='ocr_par' dir='ltr' id='par_1_32' title="bbox 1052 358 1775 398">
     <span class='ocr_line' id='line_1_32' title="bbox 1052 358 1775 398; baseline -0.008 -9"><span class='ocrx_word' id='word_1_219' title='bbox 1052 371 1098 390; x_wconf 85' lang='grc' dir='ltr'><strong>σου</strong></span> <span class='ocrx_word' id='word_1_220' title='bbox 1113 362 1240 398; x_wconf 71' lang='grc' dir='ltr'>ἔδραμον,</span> <span class='ocrx_word' id='word_1_221' title='bbox 1251 362 1316 388; x_wconf 82' lang='grc' dir='ltr'>ὅταν</span> <span class='ocrx_word' id='word_1_222' title='bbox 1332 360 1483 392; x_wconf 81' lang='grc' dir='ltr'>ἐπλάτυνας</span> <span class='ocrx_word' id='word_1_223' title='bbox 1494 359 1544 395; x_wconf 85' lang='grc' dir='ltr'><strong>τὴν</strong></span> <span class='ocrx_word' id='word_1_224' title='bbox 1558 358 1674 395; x_wconf 74' lang='grc' dir='ltr'>καρδίαν</span> <span class='ocrx_word' id='word_1_225' title='bbox 1688 366 1753 393; x_wconf 86' lang='grc' dir='ltr'>μου.</span> <span class='ocrx_word' id='word_1_226' title='bbox 1766 366 1775 382; x_wconf 77' lang='lat' dir='ltr'><strong>i</strong></span> 
     </span>
    </p>
   </div>
   <div class='ocr_carea' id='block_1_33' title="bbox 1361 429 1542 462">
    <p class='ocr_par' dir='ltr' id='par_1_33' title="bbox 1361 429 1542 462">
     <span class='ocr_line' id='line_1_33' title="bbox 1361 429 1542 462; baseline -0.006 -6"><span class='ocrx_word' id='word_1_227' title='bbox 1361 429 1477 456; x_wconf 78' lang='grc' dir='ltr'>τοΜοΣ</span> <span class='ocrx_word' id='word_1_228' title='bbox 1497 429 1542 462; x_wconf 74' lang='grc' dir='ltr'><strong>ς’.</strong></span> 
     </span>
    </p>
   </div>
   <div class='ocr_carea' id='block_1_34' title="bbox 1093 494 1852 533">
    <p class='ocr_par' dir='ltr' id='par_1_34' title="bbox 1093 494 1852 533">
     <span class='ocr_line' id='line_1_34' title="bbox 1093 494 1852 533; baseline -0.008 -7"><span class='ocrx_word' id='word_1_229' title='bbox 1093 499 1167 527; x_wconf 82' lang='grc' dir='ltr'><strong>Ἰδοὺ</strong></span> <span class='ocrx_word' id='word_1_230' title='bbox 1186 498 1227 525; x_wconf 84' lang='grc' dir='ltr'>σὺ</span> <span class='ocrx_word' id='word_1_231' title='bbox 1236 498 1396 533; x_wconf 75' lang='grc' dir='ltr'>ὠργίσθης,</span> <span class='ocrx_word' id='word_1_232' title='bbox 1413 496 1464 524; x_wconf 76' lang='grc' dir='ltr'><strong>καὶ</strong></span> <span class='ocrx_word' id='word_1_233' title='bbox 1483 496 1569 531; x_wconf 79' lang='grc' dir='ltr'>ἡμεῖς</span> <span class='ocrx_word' id='word_1_234' title='bbox 1589 495 1775 530; x_wconf 79' lang='grc' dir='ltr'><strong>ἡμάρτομεν.</strong></span> <span class='ocrx_word' id='word_1_235' title='bbox 1801 494 1852 520; x_wconf 78' lang='grc' dir='ltr'><strong>Διὰ</strong></span> 
     </span>
    </p>
   </div>
   <div class='ocr_carea' id='block_1_35' title="bbox 1053 538 1850 578">
    <p class='ocr_par' dir='ltr' id='par_1_35' title="bbox 1053 538 1850 578">
     <span class='ocr_line' id='line_1_35' title="bbox 1053 538 1850 578; baseline -0.009 -6"><span class='ocrx_word' id='word_1_236' title='bbox 1053 545 1142 573; x_wconf 81' lang='grc' dir='ltr'><strong>τοῦτο</strong></span> <span class='ocrx_word' id='word_1_237' title='bbox 1158 543 1383 578; x_wconf 79' lang='grc' dir='ltr'>ἐπλανήθημεν,</span> <span class='ocrx_word' id='word_1_238' title='bbox 1396 542 1446 569; x_wconf 81' lang='grc' dir='ltr'><strong>καὶ</strong></span> <span class='ocrx_word' id='word_1_239' title='bbox 1462 541 1647 576; x_wconf 72' lang='grc' dir='ltr'><strong>ἐγενήθημεν</strong></span> <span class='ocrx_word' id='word_1_240' title='bbox 1659 541 1700 572; x_wconf 88' lang='grc' dir='ltr'>ὡς</span> <span class='ocrx_word' id='word_1_241' title='bbox 1719 538 1850 573; x_wconf 77' lang='grc' dir='ltr'><strong>ἀκάθαρ-</strong></span> 
     </span>
    </p>
   </div>
   <div class='ocr_carea' id='block_1_36' title="bbox 1051 584 1853 624">
    <p class='ocr_par' dir='ltr' id='par_1_36' title="bbox 1051 584 1853 624">
     <span class='ocr_line' id='line_1_36' title="bbox 1051 584 1853 624; baseline -0.01 -6"><span class='ocrx_word' id='word_1_242' title='bbox 1051 600 1097 618; x_wconf 83' lang='grc' dir='ltr'>τοι</span> <span class='ocrx_word' id='word_1_243' title='bbox 1113 590 1225 623; x_wconf 81' lang='grc' dir='ltr'>πάντες</span> <span class='ocrx_word' id='word_1_244' title='bbox 1246 589 1342 624; x_wconf 70' lang='grc' dir='ltr'>ἡμεῖς,</span> <span class='ocrx_word' id='word_1_245' title='bbox 1367 589 1417 615; x_wconf 78' lang='grc' dir='ltr'><strong>καὶ</strong></span> <span class='ocrx_word' id='word_1_246' title='bbox 1445 588 1485 620; x_wconf 85' lang='grc' dir='ltr'>ὠς</span> <span class='ocrx_word' id='word_1_247' title='bbox 1501 586 1596 620; x_wconf 80' lang='grc' dir='ltr'>ῥάκος</span> <span class='ocrx_word' id='word_1_248' title='bbox 1618 584 1853 619; x_wconf 75' lang='grc' dir='ltr'>ἀπσκαθημένης</span> 
     </span>
    </p>
   </div>
   <div class='ocr_carea' id='block_1_37' title="bbox 1052 630 1853 670">
    <p class='ocr_par' dir='ltr' id='par_1_37' title="bbox 1052 630 1853 670">
     <span class='ocr_line' id='line_1_37' title="bbox 1052 630 1853 670; baseline -0.01 -7"><span class='ocrx_word' id='word_1_249' title='bbox 1052 636 1136 664; x_wconf 81' lang='grc' dir='ltr'>πᾶσα</span> <span class='ocrx_word' id='word_1_250' title='bbox 1155 636 1175 670; x_wconf 74' lang='grc' dir='ltr'><strong>ἠ</strong></span> <span class='ocrx_word' id='word_1_251' title='bbox 1206 634 1382 667; x_wconf 78' lang='grc' dir='ltr'><strong>δικαιοσύνη</strong></span> <span class='ocrx_word' id='word_1_252' title='bbox 1407 632 1508 668; x_wconf 80' lang='grc' dir='ltr'>ἡμῶν·</span> <span class='ocrx_word' id='word_1_253' title='bbox 1537 632 1585 658; x_wconf 75' lang='grc' dir='ltr'><strong>καὶ</strong></span> <span class='ocrx_word' id='word_1_254' title='bbox 1608 631 1796 665; x_wconf 80' lang='grc' dir='ltr'>ἐεεῤῥύημεν</span> <span class='ocrx_word' id='word_1_255' title='bbox 1813 630 1853 660; x_wconf 85' lang='grc' dir='ltr'>ὡς</span> 
     </span>
    </p>
   </div>
   <div class='ocr_carea' id='block_1_38' title="bbox 1053 675 1853 716">
    <p class='ocr_par' dir='ltr' id='par_1_38' title="bbox 1053 675 1853 716">
     <span class='ocr_line' id='line_1_38' title="bbox 1053 675 1853 716; baseline -0.009 -8"><span class='ocrx_word' id='word_1_256' title='bbox 1053 682 1156 716; x_wconf 75' lang='grc' dir='ltr'>φύλλα</span> <span class='ocrx_word' id='word_1_257' title='bbox 1183 680 1232 707; x_wconf 81' lang='grc' dir='ltr'><strong>διὰ</strong></span> <span class='ocrx_word' id='word_1_258' title='bbox 1259 680 1313 713; x_wconf 81' lang='grc' dir='ltr'>τὰς</span> <span class='ocrx_word' id='word_1_259' title='bbox 1331 679 1458 714; x_wconf 81' lang='grc' dir='ltr'><strong>ἀνομίας</strong></span> <span class='ocrx_word' id='word_1_260' title='bbox 1483 678 1580 713; x_wconf 74' lang='grc' dir='ltr'><strong>ἠμῶνο</strong></span> <span class='ocrx_word' id='word_1_261' title='bbox 1619 676 1718 708; x_wconf 83' lang='grc' dir='ltr'>οὕτως</span> <span class='ocrx_word' id='word_1_262' title='bbox 1745 675 1853 708; x_wconf 74' lang='grc' dir='ltr'>ἄνεμες</span> 
     </span>
    </p>
   </div>
   <div class='ocr_carea' id='block_1_39' title="bbox 1053 721 1851 762">
    <p class='ocr_par' dir='ltr' id='par_1_39' title="bbox 1053 721 1851 762">
     <span class='ocr_line' id='line_1_39' title="bbox 1053 721 1851 762; baseline -0.01 -7"><span class='ocrx_word' id='word_1_263' title='bbox 1053 727 1130 755; x_wconf 74' lang='grc' dir='ltr'>οἴσει</span> <span class='ocrx_word' id='word_1_264' title='bbox 1140 727 1218 762; x_wconf 74' lang='grc' dir='ltr'>ἡμᾶς</span> <span class='ocrx_word' id='word_1_265' title='bbox 1227 727 1267 759; x_wconf 87' lang='grc' dir='ltr'>ὡς</span> <span class='ocrx_word' id='word_1_266' title='bbox 1278 726 1354 761; x_wconf 85' lang='grc' dir='ltr'><strong>χοῦν</strong></span> <span class='ocrx_word' id='word_1_267' title='bbox 1362 725 1413 761; x_wconf 77' lang='grc'><strong>(1),</strong></span> <span class='ocrx_word' id='word_1_268' title='bbox 1430 724 1479 751; x_wconf 79' lang='grc' dir='ltr'><strong>καὶ</strong></span> <span class='ocrx_word' id='word_1_269' title='bbox 1491 725 1546 751; x_wconf 82' lang='grc' dir='ltr'>οὐκ</span> <span class='ocrx_word' id='word_1_270' title='bbox 1558 723 1645 750; x_wconf 80' lang='grc' dir='ltr'>ἔστιν</span> <span class='ocrx_word' id='word_1_271' title='bbox 1658 725 1675 750; x_wconf 83' lang='grc' dir='ltr'><em>ὁ</em></span> <span class='ocrx_word' id='word_1_272' title='bbox 1688 721 1851 749; x_wconf 72' lang='grc' dir='ltr'>ἐπικαλού-</span> 
     </span>
    </p>
   </div>
   <div class='ocr_carea' id='block_1_40' title="bbox 1052 766 1851 809">
    <p class='ocr_par' dir='ltr' id='par_1_40' title="bbox 1052 766 1851 809">
     <span class='ocr_line' id='line_1_40' title="bbox 1052 766 1851 809; baseline -0.011 -8"><span class='ocrx_word' id='word_1_273' title='bbox 1052 783 1145 809; x_wconf 81' lang='grc' dir='ltr'><strong>μενος</strong></span> <span class='ocrx_word' id='word_1_274' title='bbox 1155 773 1187 800; x_wconf 81' lang='grc' dir='ltr'><strong>τὸ</strong></span> <span class='ocrx_word' id='word_1_275' title='bbox 1199 771 1293 807; x_wconf 82' lang='grc' dir='ltr'>ὄνομά</span> <span class='ocrx_word' id='word_1_276' title='bbox 1304 780 1372 804; x_wconf 85' lang='grc' dir='ltr'>σου,</span> <span class='ocrx_word' id='word_1_277' title='bbox 1386 770 1435 798; x_wconf 74' lang='grc' dir='ltr'><strong>καὶ</strong></span> <span class='ocrx_word' id='word_1_278' title='bbox 1451 772 1468 798; x_wconf 82' lang='grc' dir='ltr'><em>ὀ</em></span> <span class='ocrx_word' id='word_1_279' title='bbox 1481 770 1629 805; x_wconf 79' lang='grc' dir='ltr'>μνησθεὶς</span> <span class='ocrx_word' id='word_1_280' title='bbox 1639 766 1851 795; x_wconf 53' lang='grc' dir='ltr'><strong>ἀντιλαϐέσθαι</strong></span> 
     </span>
    </p>
   </div>
   <div class='ocr_carea' id='block_1_41' title="bbox 1055 811 1851 851">
    <p class='ocr_par' dir='ltr' id='par_1_41' title="bbox 1055 811 1851 851">
     <span class='ocr_line' id='line_1_41' title="bbox 1055 811 1851 851; baseline -0.011 -4"><span class='ocrx_word' id='word_1_281' title='bbox 1055 828 1133 851; x_wconf 87' lang='grc' dir='ltr'>σου,</span> <span class='ocrx_word' id='word_1_282' title='bbox 1161 819 1206 846; x_wconf 81' lang='grc' dir='ltr'><strong>ὅτι</strong></span> <span class='ocrx_word' id='word_1_283' title='bbox 1239 817 1434 851; x_wconf 77' lang='grc' dir='ltr'>ἀπέστρεψας</span> <span class='ocrx_word' id='word_1_284' title='bbox 1456 816 1489 842; x_wconf 84' lang='grc' dir='ltr'><strong>τὸ</strong></span> <span class='ocrx_word' id='word_1_285' title='bbox 1525 814 1690 849; x_wconf 77' lang='grc' dir='ltr'>πρόσωπόν</span> <span class='ocrx_word' id='word_1_286' title='bbox 1715 820 1778 839; x_wconf 87' lang='grc' dir='ltr'>σου</span> <span class='ocrx_word' id='word_1_287' title='bbox 1806 811 1851 845; x_wconf 61' lang='grc' dir='ltr'><strong>ἀφ’</strong></span> 
     </span>
    </p>
   </div>
   <div class='ocr_carea' id='block_1_42' title="bbox 1054 859 1851 901">
    <p class='ocr_par' dir='ltr' id='par_1_42' title="bbox 1054 859 1851 901">
     <span class='ocr_line' id='line_1_42' title="bbox 1054 859 1851 901; baseline -0.011 -8"><span class='ocrx_word' id='word_1_288' title='bbox 1054 865 1156 901; x_wconf 76' lang='grc' dir='ltr'>ἡμῶν,</span> <span class='ocrx_word' id='word_1_289' title='bbox 1178 865 1228 892; x_wconf 74' lang='grc' dir='ltr'><strong>καὶ</strong></span> <span class='ocrx_word' id='word_1_290' title='bbox 1258 863 1431 899; x_wconf 82' lang='grc' dir='ltr'><strong>παρέδωκας</strong></span> <span class='ocrx_word' id='word_1_291' title='bbox 1459 861 1536 898; x_wconf 78' lang='grc' dir='ltr'>ἡμᾶς</span> <span class='ocrx_word' id='word_1_292' title='bbox 1562 861 1612 888; x_wconf 82' lang='grc' dir='ltr'><strong>διὰ</strong></span> <span class='ocrx_word' id='word_1_293' title='bbox 1636 861 1691 893; x_wconf 82' lang='grc' dir='ltr'><strong>τὰς</strong></span> <span class='ocrx_word' id='word_1_294' title='bbox 1709 859 1851 894; x_wconf 78' lang='grc' dir='ltr'>ἁμαρτίας</span> 
     </span>
    </p>
   </div>
   <div class='ocr_carea' id='block_1_43' title="bbox 1054 913 1150 948">
    <p class='ocr_par' dir='ltr' id='par_1_43' title="bbox 1054 913 1150 948">
     <span class='ocr_line' id='line_1_43' title="bbox 1054 913 1150 948; baseline -0.01 -8"><span class='ocrx_word' id='word_1_295' title='bbox 1054 913 1150 948; x_wconf 75' lang='grc' dir='ltr'>ἡμῶν.</span> 
     </span>
    </p>
   </div>
   <div class='ocr_carea' id='block_1_44' title="bbox 1094 951 1850 991">
    <p class='ocr_par' dir='ltr' id='par_1_44' title="bbox 1094 951 1850 991">
     <span class='ocr_line' id='line_1_44' title="bbox 1094 951 1850 991; baseline -0.013 -5"><span class='ocrx_word' id='word_1_296' title='bbox 1094 957 1187 991; x_wconf 79' lang='grc' dir='ltr'>Ἔδοξε</span> <span class='ocrx_word' id='word_1_297' title='bbox 1208 958 1264 984; x_wconf 79' lang='grc' dir='ltr'>τισὶ</span> <span class='ocrx_word' id='word_1_298' title='bbox 1280 957 1334 984; x_wconf 83' lang='grc' dir='ltr'><strong>τῶν</strong></span> <span class='ocrx_word' id='word_1_299' title='bbox 1364 955 1516 991; x_wconf 72' lang='grc' dir='ltr'><strong>ἐξηγητῶν,</strong></span> <span class='ocrx_word' id='word_1_300' title='bbox 1543 953 1606 981; x_wconf 76' lang='grc' dir='ltr'>καθ’</span> <span class='ocrx_word' id='word_1_301' title='bbox 1627 953 1728 988; x_wconf 79' lang='grc' dir='ltr'>ἑτέραν</span> <span class='ocrx_word' id='word_1_302' title='bbox 1746 951 1850 977; x_wconf 74' lang='grc' dir='ltr'>ἔννοιαν</span> 
     </span>
    </p>
   </div>
   <div class='ocr_carea' id='block_1_45' title="bbox 1061 997 1854 1041">
    <p class='ocr_par' dir='ltr' id='par_1_45' title="bbox 1061 997 1854 1041">
     <span class='ocr_line' id='line_1_45' title="bbox 1061 997 1854 1041; baseline -0.013 -9"><span class='ocrx_word' id='word_1_303' title='bbox 1061 1006 1118 1038; x_wconf 78' lang='grc' dir='ltr'>τοῖς</span> <span class='ocrx_word' id='word_1_304' title='bbox 1135 1003 1326 1041; x_wconf 81' lang='grc' dir='ltr'><strong>προκειμένοις</strong></span> <span class='ocrx_word' id='word_1_305' title='bbox 1354 1002 1528 1038; x_wconf 72' lang='grc' dir='ltr'>προσὸαλεῖν.</span> <span class='ocrx_word' id='word_1_306' title='bbox 1562 999 1779 1035; x_wconf 77' lang='grc' dir='ltr'>Ἀναστρέφουσι</span> <span class='ocrx_word' id='word_1_307' title='bbox 1802 997 1854 1031; x_wconf 76' lang='grc' dir='ltr'>γὰρ</span> 
     </span>
    </p>
   </div>
   <div class='ocr_carea' id='block_1_46' title="bbox 1057 1041 1853 1085">
    <p class='ocr_par' dir='ltr' id='par_1_46' title="bbox 1057 1041 1853 1085">
     <span class='ocr_line' id='line_1_46' title="bbox 1057 1041 1853 1085; baseline -0.014 -7"><span class='ocrx_word' id='word_1_308' title='bbox 1057 1051 1111 1078; x_wconf 86' lang='grc' dir='ltr'><strong>τῶν</strong></span> <span class='ocrx_word' id='word_1_309' title='bbox 1136 1051 1236 1084; x_wconf 78' lang='grc' dir='ltr'><strong>λέξεων</strong></span> <span class='ocrx_word' id='word_1_310' title='bbox 1264 1049 1314 1085; x_wconf 87' lang='grc' dir='ltr'>τὴν</span> <span class='ocrx_word' id='word_1_311' title='bbox 1339 1048 1477 1080; x_wconf 81' lang='grc' dir='ltr'>ἀπόδοσιν,</span> <span class='ocrx_word' id='word_1_312' title='bbox 1502 1046 1561 1082; x_wconf 76' lang='grc' dir='ltr'>ἦτοι</span> <span class='ocrx_word' id='word_1_313' title='bbox 1588 1045 1644 1072; x_wconf 88' lang='grc' dir='ltr'><strong>τῶν</strong></span> <span class='ocrx_word' id='word_1_314' title='bbox 1670 1043 1784 1070; x_wconf 76' lang='grc' dir='ltr'><em>ἐννοιῶν</em></span> <span class='ocrx_word' id='word_1_315' title='bbox 1806 1041 1853 1077; x_wconf 73' lang='grc' dir='ltr'><strong>τὴν</strong></span> 
     </span>
    </p>
   </div>
   <div class='ocr_carea' id='block_1_47' title="bbox 1057 1087 1854 1132">
    <p class='ocr_par' dir='ltr' id='par_1_47' title="bbox 1057 1087 1854 1132">
     <span class='ocr_line' id='line_1_47' title="bbox 1057 1087 1854 1132; baseline -0.013 -8"><span class='ocrx_word' id='word_1_316' title='bbox 1057 1096 1183 1132; x_wconf 77' lang='grc' dir='ltr'>δύναμιν,</span> <span class='ocrx_word' id='word_1_317' title='bbox 1203 1095 1246 1122; x_wconf 80' lang='grc' dir='ltr'><strong>ἵνα</strong></span> <span class='ocrx_word' id='word_1_318' title='bbox 1265 1093 1386 1121; x_wconf 79' lang='grc' dir='ltr'>τοιοῦτον</span> <span class='ocrx_word' id='word_1_319' title='bbox 1401 1091 1458 1130; x_wconf 78' lang='grc' dir='ltr'><strong>ᾖτὺ</strong></span> <span class='ocrx_word' id='word_1_320' title='bbox 1479 1091 1637 1126; x_wconf 83' lang='grc' dir='ltr'>λεγόμενον·</span> <span class='ocrx_word' id='word_1_321' title='bbox 1657 1100 1666 1116; x_wconf 75' lang='grc' dir='ltr'>ι</span> <span class='ocrx_word' id='word_1_322' title='bbox 1688 1089 1758 1116; x_wconf 74' lang='grc' dir='ltr'><strong>Ἰδοὺ</strong></span> <span class='ocrx_word' id='word_1_323' title='bbox 1775 1087 1854 1123; x_wconf 78' lang='grc' dir='ltr'>ἡμεῖς</span> 
     </span>
    </p>
   </div>
   <div class='ocr_carea' id='block_1_48' title="bbox 1059 1136 1855 1179">
    <p class='ocr_par' dir='ltr' id='par_1_48' title="bbox 1059 1136 1855 1179">
     <span class='ocr_line' id='line_1_48' title="bbox 1059 1136 1855 1179; baseline -0.014 -8"><span class='ocrx_word' id='word_1_324' title='bbox 1059 1143 1229 1179; x_wconf 77' lang='grc' dir='ltr'><strong>ἡμάρτομεν,</strong></span> <span class='ocrx_word' id='word_1_325' title='bbox 1243 1140 1381 1177; x_wconf 70' lang='grc' dir='ltr'>ὠργίσθητε</span> <span class='ocrx_word' id='word_1_326' title='bbox 1395 1139 1423 1166; x_wconf 81' lang='grc' dir='ltr'><strong>δὲ</strong></span> <span class='ocrx_word' id='word_1_327' title='bbox 1436 1139 1478 1165; x_wconf 80' lang='grc' dir='ltr'><strong>σύ.</strong></span> <span class='ocrx_word' id='word_1_328' title='bbox 1490 1148 1499 1164; x_wconf 78' lang='grc' dir='ltr'><strong>ι</strong></span> <span class='ocrx_word' id='word_1_329' title='bbox 1515 1139 1551 1166; x_wconf 73' lang='grc' dir='ltr'><strong>Οὐ</strong></span> <span class='ocrx_word' id='word_1_330' title='bbox 1560 1137 1614 1172; x_wconf 84' lang='grc' dir='ltr'>γάρ</span> <span class='ocrx_word' id='word_1_331' title='bbox 1627 1145 1679 1169; x_wconf 87' lang='grc' dir='ltr'>τοι,</span> <span class='ocrx_word' id='word_1_332' title='bbox 1689 1136 1769 1171; x_wconf 78' lang='grc' dir='ltr'>φασὶ,</span> <span class='ocrx_word' id='word_1_333' title='bbox 1785 1142 1855 1169; x_wconf 64' lang='grc' dir='ltr'>παρα</span> 
     </span>
    </p>
   </div>
   <div class='ocr_carea' id='block_1_49' title="bbox 1059 1181 1853 1221">
    <p class='ocr_par' dir='ltr' id='par_1_49' title="bbox 1059 1181 1853 1221">
     <span class='ocr_line' id='line_1_49' title="bbox 1059 1181 1853 1221; baseline -0.011 -5"><span class='ocrx_word' id='word_1_334' title='bbox 1059 1189 1145 1220; x_wconf 66' lang='lat' dir='ltr'><strong>uitio;</strong></span> <span class='ocrx_word' id='word_1_335' title='bbox 1169 1188 1260 1219; x_wconf 79' lang='grc' dir='ltr'>αὐτοῖς</span> <span class='ocrx_word' id='word_1_336' title='bbox 1275 1186 1322 1213; x_wconf 79' lang='grc' dir='ltr'>τοῦ</span> <span class='ocrx_word' id='word_1_337' title='bbox 1337 1185 1508 1221; x_wconf 81' lang='grc' dir='ltr'>πλημμελεῖν</span> <span class='ocrx_word' id='word_1_338' title='bbox 1533 1185 1550 1220; x_wconf 86' lang='grc' dir='ltr'>ἠ</span> <span class='ocrx_word' id='word_1_339' title='bbox 1567 1183 1627 1210; x_wconf 84' lang='grc' dir='ltr'>θεία</span> <span class='ocrx_word' id='word_1_340' title='bbox 1646 1183 1760 1217; x_wconf 84' lang='grc' dir='ltr'>γέγονεν</span> <span class='ocrx_word' id='word_1_341' title='bbox 1774 1181 1853 1216; x_wconf 75' lang='grc' dir='ltr'>ὀργή.</span> 
     </span>
    </p>
   </div>
   <div class='ocr_carea' id='block_1_50' title="bbox 1066 1226 1853 1269">
    <p class='ocr_par' dir='ltr' id='par_1_50' title="bbox 1066 1226 1853 1269">
     <span class='ocr_line' id='line_1_50' title="bbox 1066 1226 1853 1269; baseline -0.013 -7"><span class='ocrx_word' id='word_1_342' title='bbox 1066 1234 1175 1269; x_wconf 83' lang='grc' dir='ltr'><strong>Ἐπειδὴ</strong></span> <span class='ocrx_word' id='word_1_343' title='bbox 1201 1233 1229 1260; x_wconf 81' lang='grc' dir='ltr'><strong>δὲ</strong></span> <span class='ocrx_word' id='word_1_344' title='bbox 1248 1232 1326 1259; x_wconf 79' lang='grc' dir='ltr'>αὐτοὶ</span> <span class='ocrx_word' id='word_1_345' title='bbox 1351 1230 1601 1266; x_wconf 80' lang='grc' dir='ltr'>πεπαρῳνήκασιν,</span> <span class='ocrx_word' id='word_1_346' title='bbox 1626 1228 1751 1263; x_wconf 76' lang='grc' dir='ltr'><strong>ὠργίσθη</strong></span> <span class='ocrx_word' id='word_1_347' title='bbox 1777 1226 1853 1258; x_wconf 77' lang='grc' dir='ltr'>Θεὺς,</span> 
     </span>
    </p>
   </div>
   <div class='ocr_carea' id='block_1_51' title="bbox 1060 1272 1856 1314">
    <p class='ocr_par' dir='ltr' id='par_1_51' title="bbox 1060 1272 1856 1314">
     <span class='ocr_line' id='line_1_51' title="bbox 1060 1272 1856 1314; baseline -0.011 -7"><span class='ocrx_word' id='word_1_348' title='bbox 1060 1280 1161 1308; x_wconf 79' lang='grc' dir='ltr'>δεδίασι</span> <span class='ocrx_word' id='word_1_349' title='bbox 1190 1279 1244 1314; x_wconf 83' lang='grc' dir='ltr'>γὰρ</span> <span class='ocrx_word' id='word_1_350' title='bbox 1269 1277 1340 1304; x_wconf 83' lang='grc' dir='ltr'>κατὰ</span> <span class='ocrx_word' id='word_1_351' title='bbox 1358 1278 1388 1304; x_wconf 79' lang='grc' dir='ltr'><strong>τὸ</strong></span> <span class='ocrx_word' id='word_1_352' title='bbox 1414 1276 1487 1308; x_wconf 83' lang='grc' dir='ltr'>εἰκὸς</span> <span class='ocrx_word' id='word_1_353' title='bbox 1504 1275 1541 1311; x_wconf 81' lang='grc' dir='ltr'>μὴ</span> <span class='ocrx_word' id='word_1_354' title='bbox 1570 1275 1623 1310; x_wconf 73' lang='grc' dir='ltr'><strong>ἄρα</strong></span> <span class='ocrx_word' id='word_1_355' title='bbox 1639 1283 1697 1305; x_wconf 84' lang='grc' dir='ltr'>πως</span> <span class='ocrx_word' id='word_1_356' title='bbox 1716 1272 1856 1308; x_wconf 79' lang='grc' dir='ltr'>ἁμαρτίας</span> 
     </span>
    </p>
   </div>
   <div class='ocr_carea' id='block_1_52' title="bbox 1060 1319 1857 1361">
    <p class='ocr_par' dir='ltr' id='par_1_52' title="bbox 1060 1319 1857 1361">
     <span class='ocr_line' id='line_1_52' title="bbox 1060 1319 1857 1361; baseline -0.013 -8"><span class='ocrx_word' id='word_1_357' title='bbox 1060 1325 1189 1361; x_wconf 77' lang='grc' dir='ltr'>πρόξενος</span> <span class='ocrx_word' id='word_1_358' title='bbox 1202 1325 1216 1351; x_wconf 87' lang='grc' dir='ltr'><strong>ὀ</strong></span> <span class='ocrx_word' id='word_1_359' title='bbox 1229 1323 1299 1355; x_wconf 85' lang='grc' dir='ltr'>θεῖος</span> <span class='ocrx_word' id='word_1_360' title='bbox 1318 1324 1417 1350; x_wconf 81' lang='grc' dir='ltr'><strong>νοεῖται</strong></span> <span class='ocrx_word' id='word_1_361' title='bbox 1432 1321 1528 1356; x_wconf 85' lang='grc' dir='ltr'>θυμός.</span> <span class='ocrx_word' id='word_1_362' title='bbox 1547 1319 1631 1355; x_wconf 69' lang='grc' dir='ltr'>Οἶμαι</span> <span class='ocrx_word' id='word_1_363' title='bbox 1646 1319 1675 1346; x_wconf 84' lang='grc' dir='ltr'><strong>δὲ</strong></span> <span class='ocrx_word' id='word_1_364' title='bbox 1694 1319 1751 1345; x_wconf 82' lang='grc' dir='ltr'><strong>δεῖν</strong></span> <span class='ocrx_word' id='word_1_365' title='bbox 1768 1319 1857 1345; x_wconf 75' lang='grc' dir='ltr'>ἐκεῖνο</span> 
     </span>
    </p>
   </div>
   <div class='ocr_carea' id='block_1_53' title="bbox 1060 1364 1855 1406">
    <p class='ocr_par' dir='ltr' id='par_1_53' title="bbox 1060 1364 1855 1406">
     <span class='ocr_line' id='line_1_53' title="bbox 1060 1364 1855 1406; baseline -0.011 -8"><span class='ocrx_word' id='word_1_366' title='bbox 1060 1372 1159 1403; x_wconf 72' lang='grc' dir='ltr'>εἰπεῖν,</span> <span class='ocrx_word' id='word_1_367' title='bbox 1175 1371 1204 1397; x_wconf 83' lang='grc' dir='ltr'><strong>οὺ</strong></span> <span class='ocrx_word' id='word_1_368' title='bbox 1218 1370 1273 1406; x_wconf 83' lang='grc' dir='ltr'>γάρ</span> <span class='ocrx_word' id='word_1_369' title='bbox 1287 1378 1328 1396; x_wconf 87' lang='grc' dir='ltr'><strong>τοι</strong></span> <span class='ocrx_word' id='word_1_370' title='bbox 1341 1368 1511 1404; x_wconf 77' lang='grc' dir='ltr'>κατάρρησιν</span> <span class='ocrx_word' id='word_1_371' title='bbox 1526 1366 1581 1402; x_wconf 77' lang='grc' dir='ltr'>ἔχει</span> <span class='ocrx_word' id='word_1_372' title='bbox 1600 1366 1650 1400; x_wconf 85' lang='grc' dir='ltr'><strong>τῆς</strong></span> <span class='ocrx_word' id='word_1_373' title='bbox 1665 1365 1742 1397; x_wconf 78' lang='grc' dir='ltr'>θείας</span> <span class='ocrx_word' id='word_1_374' title='bbox 1752 1364 1838 1400; x_wconf 78' lang='grc' dir='ltr'>ὀργῆς</span> <span class='ocrx_word' id='word_1_375' title='bbox 1848 1384 1855 1396; x_wconf 89' lang='grc'>,</span> 
     </span>
    </p>
   </div>
   <div class='ocr_carea' id='block_1_54' title="bbox 1059 1409 1857 1450">
    <p class='ocr_par' dir='ltr' id='par_1_54' title="bbox 1059 1409 1857 1450">
     <span class='ocr_line' id='line_1_54' title="bbox 1059 1409 1857 1450; baseline -0.01 -7"><span class='ocrx_word' id='word_1_376' title='bbox 1059 1417 1091 1443; x_wconf 75' lang='grc' dir='ltr'>τὸ</span> <span class='ocrx_word' id='word_1_377' title='bbox 1105 1417 1168 1447; x_wconf 78' lang='grc' dir='ltr'>τοὺς</span> <span class='ocrx_word' id='word_1_378' title='bbox 1181 1416 1227 1441; x_wconf 82' lang='grc' dir='ltr'>ὑπ’</span> <span class='ocrx_word' id='word_1_379' title='bbox 1242 1415 1312 1450; x_wconf 79' lang='grc' dir='ltr'>αὐτῇ</span> <span class='ocrx_word' id='word_1_380' title='bbox 1329 1414 1475 1448; x_wconf 81' lang='grc' dir='ltr'><strong>γεγονότας</strong></span> <span class='ocrx_word' id='word_1_381' title='bbox 1494 1413 1630 1443; x_wconf 81' lang='grc' dir='ltr'>ἀνικάνως</span> <span class='ocrx_word' id='word_1_382' title='bbox 1652 1411 1725 1446; x_wconf 73' lang='grc' dir='ltr'>ἔχειν</span> <span class='ocrx_word' id='word_1_383' title='bbox 1742 1409 1812 1445; x_wconf 82' lang='grc' dir='ltr'>πρός</span> <span class='ocrx_word' id='word_1_384' title='bbox 1826 1417 1857 1444; x_wconf 76' lang='grc' dir='ltr'><strong>γε</strong></span> 
     </span>
    </p>
   </div>
   <div class='ocr_carea' id='block_1_55' title="bbox 1060 1455 1858 1494">
    <p class='ocr_par' dir='ltr' id='par_1_55' title="bbox 1060 1455 1858 1494">
     <span class='ocr_line' id='line_1_55' title="bbox 1060 1455 1858 1494; baseline -0.009 -6"><span class='ocrx_word' id='word_1_385' title='bbox 1060 1462 1091 1488; x_wconf 85' lang='grc' dir='ltr'>τὺ</span> <span class='ocrx_word' id='word_1_386' title='bbox 1100 1461 1230 1488; x_wconf 83' lang='grc' dir='ltr'>δύνασθαι</span> <span class='ocrx_word' id='word_1_387' title='bbox 1241 1461 1383 1494; x_wconf 80' lang='grc' dir='ltr'><strong>διαφυγεῖν</strong></span> <span class='ocrx_word' id='word_1_388' title='bbox 1393 1460 1443 1494; x_wconf 76' lang='grc' dir='ltr'>τῆς</span> <span class='ocrx_word' id='word_1_389' title='bbox 1453 1458 1590 1494; x_wconf 78' lang='grc' dir='ltr'>ἁμαρτίας</span> <span class='ocrx_word' id='word_1_390' title='bbox 1603 1457 1653 1492; x_wconf 84' lang='grc' dir='ltr'>τὴν</span> <span class='ocrx_word' id='word_1_391' title='bbox 1667 1456 1772 1491; x_wconf 74' lang='grc' dir='ltr'>ἔφοδον.</span> <span class='ocrx_word' id='word_1_392' title='bbox 1783 1455 1858 1486; x_wconf 85' lang='grc' dir='ltr'><strong>Ἕως</strong></span> 
     </span>
    </p>
   </div>
   <div class='ocr_carea' id='block_1_56' title="bbox 1062 1504 1856 1544">
    <p class='ocr_par' dir='ltr' id='par_1_56' title="bbox 1062 1504 1856 1544">
     <span class='ocr_line' id='line_1_56' title="bbox 1062 1504 1856 1544; baseline -0.01 -9"><span class='ocrx_word' id='word_1_393' title='bbox 1062 1509 1112 1544; x_wconf 83' lang='grc' dir='ltr'><strong>μὲν</strong></span> <span class='ocrx_word' id='word_1_394' title='bbox 1125 1508 1179 1543; x_wconf 75' lang='grc' dir='ltr'>γὰρ</span> <span class='ocrx_word' id='word_1_395' title='bbox 1194 1508 1236 1542; x_wconf 75' lang='grc' dir='ltr'><strong>ἐφ’</strong></span> <span class='ocrx_word' id='word_1_396' title='bbox 1254 1508 1319 1542; x_wconf 82' lang='grc' dir='ltr'>ἡμῖν</span> <span class='ocrx_word' id='word_1_397' title='bbox 1339 1507 1353 1533; x_wconf 86' lang='grc' dir='ltr'><strong>ό</strong></span> <span class='ocrx_word' id='word_1_398' title='bbox 1372 1505 1468 1538; x_wconf 81' lang='grc' dir='ltr'><strong>σώζων</strong></span> <span class='ocrx_word' id='word_1_399' title='bbox 1482 1504 1670 1539; x_wconf 74' lang='grc' dir='ltr'>εὐφραίνεται,</span> <span class='ocrx_word' id='word_1_400' title='bbox 1689 1510 1856 1537; x_wconf 82' lang='grc' dir='ltr'>κατευμετε-</span> 
     </span>
    </p>
   </div>
   <div class='ocr_carea' id='block_1_57' title="bbox 1062 1548 1856 1589">
    <p class='ocr_par' dir='ltr' id='par_1_57' title="bbox 1062 1548 1856 1589">
     <span class='ocr_line' id='line_1_57' title="bbox 1062 1548 1856 1589; baseline -0.01 -9"><span class='ocrx_word' id='word_1_401' title='bbox 1062 1553 1163 1589; x_wconf 73' lang='grc' dir='ltr'>θοῦμεν</span> <span class='ocrx_word' id='word_1_402' title='bbox 1178 1554 1227 1588; x_wconf 87' lang='grc' dir='ltr'>τῆς</span> <span class='ocrx_word' id='word_1_403' title='bbox 1238 1552 1387 1587; x_wconf 81' lang='grc' dir='ltr'>ἁμαρτίας,</span> <span class='ocrx_word' id='word_1_404' title='bbox 1399 1551 1446 1577; x_wconf 75' lang='grc' dir='ltr'><strong>καὶ</strong></span> <span class='ocrx_word' id='word_1_405' title='bbox 1461 1550 1514 1576; x_wconf 86' lang='grc' dir='ltr'><strong>τῶν</strong></span> <span class='ocrx_word' id='word_1_406' title='bbox 1528 1550 1561 1576; x_wconf 81' lang='grc' dir='ltr'><strong>ὲκ</strong></span> <span class='ocrx_word' id='word_1_407' title='bbox 1584 1548 1752 1584; x_wconf 80' lang='grc' dir='ltr'>φαυλότητος</span> <span class='ocrx_word' id='word_1_408' title='bbox 1765 1548 1856 1582; x_wconf 75' lang='grc' dir='ltr'>ρύπων</span> 
     </span>
    </p>
   </div>
   <div class='ocr_carea' id='block_1_58' title="bbox 221 1594 988 1640">
    <p class='ocr_par' dir='ltr' id='par_1_58' title="bbox 221 1594 988 1632">
     <span class='ocr_line' id='line_1_58' title="bbox 221 1594 988 1632; baseline 0.005 -12"><span class='ocrx_word' id='word_1_409' title='bbox 221 1594 273 1620; x_wconf 89' lang='lat' dir='ltr'><strong>bus</strong></span> <span class='ocrx_word' id='word_1_410' title='bbox 286 1598 394 1622; x_wconf 73' lang='lat' dir='ltr'><strong>strenue</strong></span> <span class='ocrx_word' id='word_1_411' title='bbox 407 1602 580 1623; x_wconf 87' lang='lat' dir='ltr'><strong>coronamur.</strong></span> <span class='ocrx_word' id='word_1_412' title='bbox 595 1596 628 1622; x_wconf 87' lang='lat' dir='ltr'><strong>At</strong></span> <span class='ocrx_word' id='word_1_413' title='bbox 642 1596 686 1623; x_wconf 88' lang='lat' dir='ltr'><strong>ubi</strong></span> <span class='ocrx_word' id='word_1_414' title='bbox 702 1596 868 1624; x_wconf 82' lang='lat' dir='ltr'><strong>fortitudinis</strong></span> <span class='ocrx_word' id='word_1_415' title='bbox 881 1598 988 1632; x_wconf 72' lang='lat' dir='ltr'><strong>siippedl</strong></span> 
     </span>
    </p>
   </div>
   <div class='ocr_carea' id='block_1_59' title="bbox 1078 1594 1856 1640">
    <p class='ocr_par' dir='ltr' id='par_1_59' title="bbox 1078 1594 1856 1634">
     <span class='ocr_line' id='line_1_59' title="bbox 1078 1594 1856 1634; baseline -0.009 -8"><span class='ocrx_word' id='word_1_416' title='bbox 1078 1599 1262 1634; x_wconf 67' lang='grc' dir='ltr'>,ποφοιτῶντες</span> <span class='ocrx_word' id='word_1_417' title='bbox 1283 1597 1418 1629; x_wconf 75' lang='grc' dir='ltr'>εὐσθενῶς</span> <span class='ocrx_word' id='word_1_418' title='bbox 1439 1598 1495 1628; x_wconf 83' lang='grc' dir='ltr'>τοῖς</span> <span class='ocrx_word' id='word_1_419' title='bbox 1519 1596 1559 1627; x_wconf 72' lang='grc' dir='ltr'><strong>εἰς</strong></span> <span class='ocrx_word' id='word_1_420' title='bbox 1575 1594 1720 1630; x_wconf 74' lang='grc' dir='ltr'>εὐανδρίαν</span> <span class='ocrx_word' id='word_1_421' title='bbox 1739 1602 1856 1629; x_wconf 81' lang='grc' dir='ltr'>πνευμα-</span> 
     </span>
    </p>
   </div>
   <div class='ocr_carea' id='block_1_60' title="bbox 225 1641 1012 1673">
    <p class='ocr_par' dir='ltr' id='par_1_60' title="bbox 225 1641 1012 1673">
     <span class='ocr_line' id='line_1_60' title="bbox 225 1641 1012 1673; baseline 0.006 -7"><span class='ocrx_word' id='word_1_422' title='bbox 225 1645 322 1673; x_wconf 89' lang='lat' dir='ltr'><strong>torem,</strong></span> <span class='ocrx_word' id='word_1_423' title='bbox 337 1645 365 1668; x_wconf 92' lang='lat' dir='ltr'><strong>et</strong></span> <span class='ocrx_word' id='word_1_424' title='bbox 386 1641 492 1669; x_wconf 84' lang='lat' dir='ltr'><strong>roboris</strong></span> <span class='ocrx_word' id='word_1_425' title='bbox 511 1649 543 1669; x_wconf 90' lang='lat' dir='ltr'><strong>ac</strong></span> <span class='ocrx_word' id='word_1_426' title='bbox 567 1642 663 1669; x_wconf 78' lang='lat' dir='ltr'><strong>virium</strong></span> <span class='ocrx_word' id='word_1_427' title='bbox 689 1642 950 1670; x_wconf 79' lang='lat' dir='ltr'><strong>subministratorem</strong></span> <span class='ocrx_word' id='word_1_428' title='bbox 965 1651 1012 1671; x_wconf 88' lang='lat' dir='ltr'><strong>ex-</strong></span> 
     </span>
    </p>
   </div>
   <div class='ocr_carea' id='block_1_61' title="bbox 223 1685 1011 1720">
    <p class='ocr_par' dir='ltr' id='par_1_61' title="bbox 223 1685 1011 1720">
     <span class='ocr_line' id='line_1_61' title="bbox 223 1685 1011 1720; baseline 0 -6"><span class='ocrx_word' id='word_1_429' title='bbox 223 1685 398 1718; x_wconf 80' lang='lat' dir='ltr'><strong>acerbamus,</strong></span> <span class='ocrx_word' id='word_1_430' title='bbox 441 1686 468 1713; x_wconf 92' lang='lat' dir='ltr'><strong>in</strong></span> <span class='ocrx_word' id='word_1_431' title='bbox 481 1686 645 1714; x_wconf 79' lang='lat' dir='ltr'><strong>debilitatem</strong></span> <span class='ocrx_word' id='word_1_432' title='bbox 656 1686 820 1720; x_wconf 89' lang='lat' dir='ltr'><strong>corruimus,</strong></span> <span class='ocrx_word' id='word_1_433' title='bbox 834 1691 862 1714; x_wconf 89' lang='lat' dir='ltr'><strong>et</strong></span> <span class='ocrx_word' id='word_1_434' title='bbox 877 1687 1011 1714; x_wconf 85' lang='lat' dir='ltr'><strong>infirmam</strong></span> 
     </span>
    </p>
   </div>
   <div class='ocr_carea' id='block_1_62' title="bbox 225 1731 1013 1760">
    <p class='ocr_par' dir='ltr' id='par_1_62' title="bbox 225 1731 1013 1760">
     <span class='ocr_line' id='line_1_62' title="bbox 225 1731 1013 1760; baseline 0.003 -2"><span class='ocrx_word' id='word_1_435' title='bbox 225 1738 257 1758; x_wconf 89' lang='lat' dir='ltr'><strong>ac</strong></span> <span class='ocrx_word' id='word_1_436' title='bbox 285 1731 425 1758; x_wconf 85' lang='lat' dir='ltr'><strong>remissam</strong></span> <span class='ocrx_word' id='word_1_437' title='bbox 453 1736 570 1759; x_wconf 88' lang='lat' dir='ltr'><strong>mentem</strong></span> <span class='ocrx_word' id='word_1_438' title='bbox 597 1735 715 1758; x_wconf 82' lang='lat' dir='ltr'><strong>nostram</strong></span> <span class='ocrx_word' id='word_1_439' title='bbox 741 1731 918 1760; x_wconf 85' lang='lat' dir='ltr'><strong>inveniemus.</strong></span> <span class='ocrx_word' id='word_1_440' title='bbox 942 1732 1013 1760; x_wconf 89' lang='lat' dir='ltr'><strong>Deus</strong></span> 
     </span>
    </p>
   </div>
   <div class='ocr_carea' id='block_1_63' title="bbox 224 1775 1014 1812">
    <p class='ocr_par' dir='ltr' id='par_1_63' title="bbox 224 1775 1014 1812">
     <span class='ocr_line' id='line_1_63' title="bbox 224 1775 1014 1812; baseline 0.003 -9"><span class='ocrx_word' id='word_1_441' title='bbox 224 1775 297 1803; x_wconf 89' lang='lat' dir='ltr'><strong>enim</strong></span> <span class='ocrx_word' id='word_1_442' title='bbox 312 1781 354 1803; x_wconf 89' lang='lat' dir='ltr'><strong>est</strong></span> <span class='ocrx_word' id='word_1_443' title='bbox 367 1776 498 1803; x_wconf 91' lang='lat' dir='ltr'><strong>virtutum</strong></span> <span class='ocrx_word' id='word_1_444' title='bbox 512 1776 643 1804; x_wconf 89' lang='lat' dir='ltr'><strong>Dominus</strong></span> <span class='ocrx_word' id='word_1_445' title='bbox 655 1777 688 1803; x_wconf 87' lang='lat'><strong>&quot;.</strong></span> <span class='ocrx_word' id='word_1_446' title='bbox 706 1776 737 1803; x_wconf 84' lang='lat' dir='ltr'><strong>Et</strong></span> <span class='ocrx_word' id='word_1_447' title='bbox 759 1777 866 1812; x_wconf 83' lang='lat' dir='ltr'><strong>quidem</strong></span> <span class='ocrx_word' id='word_1_448' title='bbox 889 1777 1014 1806; x_wconf 84' lang='lat' dir='ltr'><strong>Christus</strong></span> 
     </span>
    </p>
   </div>
   <div class='ocr_carea' id='block_1_64' title="bbox 225 1821 1010 1858">
    <p class='ocr_par' dir='ltr' id='par_1_64' title="bbox 225 1821 1010 1858">
     <span class='ocr_line' id='line_1_64' title="bbox 225 1821 1010 1858; baseline 0.003 -10"><span class='ocrx_word' id='word_1_449' title='bbox 225 1822 264 1849; x_wconf 86' lang='lat' dir='ltr'><strong>ait</strong></span> <span class='ocrx_word' id='word_1_450' title='bbox 286 1830 294 1849; x_wconf 85' lang='lat'>:</span> <span class='ocrx_word' id='word_1_451' title='bbox 318 1831 328 1848; x_wconf 86' lang='grc'><strong><em>‹</em></strong></span> <span class='ocrx_word' id='word_1_452' title='bbox 352 1821 418 1849; x_wconf 88' lang='lat' dir='ltr'><strong>Sine</strong></span> <span class='ocrx_word' id='word_1_453' title='bbox 432 1829 476 1849; x_wconf 91' lang='lat' dir='ltr'><strong>me</strong></span> <span class='ocrx_word' id='word_1_454' title='bbox 491 1830 544 1849; x_wconf 90' lang='lat' dir='ltr'><strong>non</strong></span> <span class='ocrx_word' id='word_1_455' title='bbox 561 1823 673 1857; x_wconf 86' lang='lat' dir='ltr'><strong>potestis</strong></span> <span class='ocrx_word' id='word_1_456' title='bbox 687 1824 832 1858; x_wconf 82' lang='lat' dir='ltr'><strong>quidquam</strong></span> <span class='ocrx_word' id='word_1_457' title='bbox 849 1823 937 1852; x_wconf 87' lang='lat' dir='ltr'><strong>facere</strong></span> <span class='ocrx_word' id='word_1_458' title='bbox 950 1825 983 1852; x_wconf 81' lang='lat'><strong>&quot;.</strong></span> <span class='ocrx_word' id='word_1_459' title='bbox 1001 1835 1010 1850; x_wconf 80' lang='grc' dir='ltr'><strong>ι</strong></span> 
     </span>
    </p>
   </div>
   <div class='ocr_carea' id='block_1_65' title="bbox 227 1867 1014 1902">
    <p class='ocr_par' dir='ltr' id='par_1_65' title="bbox 227 1867 1014 1902">
     <span class='ocr_line' id='line_1_65' title="bbox 227 1867 1014 1902; baseline 0.005 -8"><span class='ocrx_word' id='word_1_460' title='bbox 227 1867 353 1902; x_wconf 80' lang='lat' dir='ltr'><strong>Dixitque</strong></span> <span class='ocrx_word' id='word_1_461' title='bbox 368 1867 393 1895; x_wconf 91' lang='lat' dir='ltr'><strong>ei</strong></span> <span class='ocrx_word' id='word_1_462' title='bbox 408 1868 516 1895; x_wconf 85' lang='lat' dir='ltr'><strong>divinus</strong></span> <span class='ocrx_word' id='word_1_463' title='bbox 528 1869 610 1896; x_wconf 79' lang='lat' dir='ltr'><strong>David</strong></span> <span class='ocrx_word' id='word_1_464' title='bbox 624 1869 657 1897; x_wconf 89' lang='lat' dir='ltr'><strong>de</strong></span> <span class='ocrx_word' id='word_1_465' title='bbox 672 1869 745 1896; x_wconf 90' lang='lat' dir='ltr'><strong>omni</strong></span> <span class='ocrx_word' id='word_1_466' title='bbox 759 1874 854 1897; x_wconf 80' lang='lat' dir='ltr'><strong>sancto</strong></span> <span class='ocrx_word' id='word_1_467' title='bbox 870 1879 877 1897; x_wconf 86' lang='lat'><strong>:</strong></span> <span class='ocrx_word' id='word_1_468' title='bbox 896 1880 905 1896; x_wconf 77' lang='grc' dir='ltr'>ι</span> <span class='ocrx_word' id='word_1_469' title='bbox 922 1870 1014 1898; x_wconf 88' lang='lat' dir='ltr'><strong>Gloria</strong></span> 
     </span>
    </p>
   </div>
   <div class='ocr_carea' id='block_1_66' title="bbox 228 1909 1016 1951">
    <p class='ocr_par' dir='ltr' id='par_1_66' title="bbox 228 1909 1016 1951">
     <span class='ocr_line' id='line_1_66' title="bbox 228 1909 1016 1951; baseline 0.006 -12"><span class='ocrx_word' id='word_1_470' title='bbox 228 1913 354 1948; x_wconf 68' lang='lat' dir='ltr'><strong>potentia:</strong></span> <span class='ocrx_word' id='word_1_471' title='bbox 367 1921 459 1941; x_wconf 89' lang='lat' dir='ltr'><strong>eorum</strong></span> <span class='ocrx_word' id='word_1_472' title='bbox 473 1918 499 1941; x_wconf 91' lang='lat' dir='ltr'><strong>tu</strong></span> <span class='ocrx_word' id='word_1_473' title='bbox 514 1922 544 1942; x_wconf 91' lang='lat' dir='ltr'><strong>es</strong></span> <span class='ocrx_word' id='word_1_474' title='bbox 555 1914 587 1941; x_wconf 87' lang='lat'><strong>&quot;.</strong></span> <span class='ocrx_word' id='word_1_475' title='bbox 606 1924 615 1941; x_wconf 77' lang='grc' dir='ltr'><strong>ι</strong></span> <span class='ocrx_word' id='word_1_476' title='bbox 632 1915 701 1942; x_wconf 82' lang='lat' dir='ltr'><strong>Alibi</strong></span> <span class='ocrx_word' id='word_1_477' title='bbox 716 1909 835 1951; x_wconf 64' lang='lat' dir='ltr'><strong>quoque,</strong></span> <span class='ocrx_word' id='word_1_478' title='bbox 846 1916 916 1951; x_wconf 86' lang='lat' dir='ltr'><strong>quod</strong></span> <span class='ocrx_word' id='word_1_479' title='bbox 932 1919 1016 1951; x_wconf 86' lang='lat' dir='ltr'><strong>possit</strong></span> 
     </span>
    </p>
   </div>
   <div class='ocr_carea' id='block_1_67' title="bbox 226 1960 1016 1997">
    <p class='ocr_par' dir='ltr' id='par_1_67' title="bbox 226 1960 1016 1997">
     <span class='ocr_line' id='line_1_67' title="bbox 226 1960 1016 1997; baseline 0.003 -9"><span class='ocrx_word' id='word_1_480' title='bbox 226 1961 290 1988; x_wconf 91' lang='lat' dir='ltr'><strong>boni</strong></span> <span class='ocrx_word' id='word_1_481' title='bbox 316 1960 416 1995; x_wconf 82' lang='lat' dir='ltr'><strong>aliquid</strong></span> <span class='ocrx_word' id='word_1_482' title='bbox 443 1966 586 1995; x_wconf 71' lang='lat' dir='ltr'><strong>praestare,</strong></span> <span class='ocrx_word' id='word_1_483' title='bbox 607 1961 692 1997; x_wconf 74' lang='lat'><strong>889</strong></span> <span class='ocrx_word' id='word_1_484' title='bbox 717 1969 770 1989; x_wconf 89' lang='lat' dir='ltr'><strong>non</strong></span> <span class='ocrx_word' id='word_1_485' title='bbox 799 1962 865 1995; x_wconf 84' lang='lat' dir='ltr'><strong>sibi,</strong></span> <span class='ocrx_word' id='word_1_486' title='bbox 890 1963 937 1990; x_wconf 89' lang='lat' dir='ltr'><strong>sed</strong></span> <span class='ocrx_word' id='word_1_487' title='bbox 968 1963 1016 1991; x_wconf 89' lang='lat' dir='ltr'><strong>Dei</strong></span> 
     </span>
    </p>
   </div>
   <div class='ocr_carea' id='block_1_68' title="bbox 226 2007 1016 2043">
    <p class='ocr_par' dir='ltr' id='par_1_68' title="bbox 226 2007 1016 2043">
     <span class='ocr_line' id='line_1_68' title="bbox 226 2007 1016 2043; baseline 0.003 -9"><span class='ocrx_word' id='word_1_488' title='bbox 226 2007 353 2042; x_wconf 64' lang='lat' dir='ltr'><strong>potentia</strong></span> <span class='ocrx_word' id='word_1_489' title='bbox 367 2007 527 2040; x_wconf 89' lang='lat' dir='ltr'><strong>attribuens,</strong></span> <span class='ocrx_word' id='word_1_490' title='bbox 542 2007 631 2042; x_wconf 87' lang='lat' dir='ltr'><strong>psallit</strong></span> <span class='ocrx_word' id='word_1_491' title='bbox 645 2012 673 2036; x_wconf 89' lang='lat' dir='ltr'><strong>et</strong></span> <span class='ocrx_word' id='word_1_492' title='bbox 685 2008 770 2043; x_wconf 82' lang='lat' dir='ltr'><strong>inquit</strong></span> <span class='ocrx_word' id='word_1_493' title='bbox 784 2017 791 2036; x_wconf 83' lang='lat'><strong>:</strong></span> <span class='ocrx_word' id='word_1_494' title='bbox 808 2017 818 2034; x_wconf 73' lang='grc' dir='ltr'><strong>ι</strong></span> <span class='ocrx_word' id='word_1_495' title='bbox 838 2007 894 2036; x_wconf 78' lang='lat' dir='ltr'><strong>Non</strong></span> <span class='ocrx_word' id='word_1_496' title='bbox 910 2009 936 2036; x_wconf 95' lang='lat' dir='ltr'><strong>in</strong></span> <span class='ocrx_word' id='word_1_497' title='bbox 950 2017 1016 2037; x_wconf 82' lang='lat' dir='ltr'><strong>arcu</strong></span> 
     </span>
    </p>
   </div>
   <div class='ocr_carea' id='block_1_69' title="bbox 226 2053 1016 2088">
    <p class='ocr_par' dir='ltr' id='par_1_69' title="bbox 226 2053 1016 2088">
     <span class='ocr_line' id='line_1_69' title="bbox 226 2053 1016 2088; baseline 0.005 -9"><span class='ocrx_word' id='word_1_498' title='bbox 226 2060 289 2080; x_wconf 92' lang='lat' dir='ltr'><strong>meo</strong></span> <span class='ocrx_word' id='word_1_499' title='bbox 311 2053 442 2088; x_wconf 82' lang='lat' dir='ltr'><strong>sperabo,</strong></span> <span class='ocrx_word' id='word_1_500' title='bbox 466 2057 493 2081; x_wconf 90' lang='lat' dir='ltr'><strong>et</strong></span> <span class='ocrx_word' id='word_1_501' title='bbox 515 2053 619 2088; x_wconf 79' lang='lat' dir='ltr'><strong>gladius</strong></span> <span class='ocrx_word' id='word_1_502' title='bbox 645 2062 721 2081; x_wconf 87' lang='lat' dir='ltr'><strong>meus</strong></span> <span class='ocrx_word' id='word_1_503' title='bbox 746 2062 798 2082; x_wconf 92' lang='lat' dir='ltr'><strong>non</strong></span> <span class='ocrx_word' id='word_1_504' title='bbox 824 2055 942 2082; x_wconf 86' lang='lat' dir='ltr'><strong>servabit</strong></span> <span class='ocrx_word' id='word_1_505' title='bbox 963 2063 1016 2083; x_wconf 91' lang='lat' dir='ltr'><strong>me.</strong></span> 
     </span>
    </p>
   </div>
   <div class='ocr_carea' id='block_1_70' title="bbox 229 2099 1017 2137">
    <p class='ocr_par' dir='ltr' id='par_1_70' title="bbox 229 2099 1017 2137">
     <span class='ocr_line' id='line_1_70' title="bbox 229 2099 1017 2137; baseline 0.004 -11"><span class='ocrx_word' id='word_1_506' title='bbox 229 2099 349 2126; x_wconf 86' lang='lat' dir='ltr'><strong>Servasti</strong></span> <span class='ocrx_word' id='word_1_507' title='bbox 362 2099 434 2125; x_wconf 91' lang='lat' dir='ltr'><strong>enim</strong></span> <span class='ocrx_word' id='word_1_508' title='bbox 449 2106 498 2126; x_wconf 89' lang='lat' dir='ltr'><strong>nos</strong></span> <span class='ocrx_word' id='word_1_509' title='bbox 513 2100 546 2126; x_wconf 87' lang='lat' dir='ltr'><strong>ab</strong></span> <span class='ocrx_word' id='word_1_510' title='bbox 563 2099 604 2125; x_wconf 86' lang='lat' dir='ltr'><strong>his</strong></span> <span class='ocrx_word' id='word_1_511' title='bbox 619 2099 663 2133; x_wconf 87' lang='lat' dir='ltr'><strong>qui</strong></span> <span class='ocrx_word' id='word_1_512' title='bbox 677 2099 797 2135; x_wconf 74' lang='lat' dir='ltr'><strong>aﬂ&#39;lignnt</strong></span> <span class='ocrx_word' id='word_1_513' title='bbox 808 2101 840 2128; x_wconf 80' lang='lat'><strong>&quot;.</strong></span> <span class='ocrx_word' id='word_1_514' title='bbox 858 2111 868 2127; x_wconf 74' lang='grc' dir='ltr'><strong>ι</strong></span> <span class='ocrx_word' id='word_1_515' title='bbox 887 2101 922 2129; x_wconf 86' lang='lat' dir='ltr'><strong>Ut</strong></span> <span class='ocrx_word' id='word_1_516' title='bbox 936 2101 1017 2137; x_wconf 73' lang='lat' dir='ltr'><strong>igitur</strong></span> 
     </span>
    </p>
   </div>
   <div class='ocr_carea' id='block_1_71' title="bbox 229 2143 1019 2180">
    <p class='ocr_par' dir='ltr' id='par_1_71' title="bbox 229 2143 1019 2180">
     <span class='ocr_line' id='line_1_71' title="bbox 229 2143 1019 2180; baseline 0.004 -8"><span class='ocrx_word' id='word_1_517' title='bbox 229 2152 353 2180; x_wconf 81' lang='lat' dir='ltr'><strong>supernae</strong></span> <span class='ocrx_word' id='word_1_518' title='bbox 369 2144 518 2171; x_wconf 50' lang='lat' dir='ltr'><strong>clementiae</strong></span> <span class='ocrx_word' id='word_1_519' title='bbox 534 2143 610 2172; x_wconf 81' lang='lat' dir='ltr'><strong>favor</strong></span> <span class='ocrx_word' id='word_1_520' title='bbox 627 2152 676 2172; x_wconf 92' lang='lat' dir='ltr'><strong>nos</strong></span> <span class='ocrx_word' id='word_1_521' title='bbox 694 2147 784 2173; x_wconf 88' lang='lat' dir='ltr'><strong>reddit</strong></span> <span class='ocrx_word' id='word_1_522' title='bbox 801 2146 976 2180; x_wconf 86' lang='lat' dir='ltr'><strong>fortissimos.</strong></span> <span class='ocrx_word' id='word_1_523' title='bbox 990 2151 1019 2175; x_wconf 87' lang='lat' dir='ltr'><strong>et</strong></span> 
     </span>
    </p>
   </div>
   <div class='ocr_carea' id='block_1_72' title="bbox 230 2189 1018 2228">
    <p class='ocr_par' dir='ltr' id='par_1_72' title="bbox 230 2189 1018 2228">
     <span class='ocr_line' id='line_1_72' title="bbox 230 2189 1018 2228; baseline 0.003 -10"><span class='ocrx_word' id='word_1_524' title='bbox 230 2197 359 2218; x_wconf 84' lang='lat' dir='ltr'><strong>nervosos</strong></span> <span class='ocrx_word' id='word_1_525' title='bbox 375 2189 440 2217; x_wconf 86' lang='lat' dir='ltr'><strong>facit</strong></span> <span class='ocrx_word' id='word_1_526' title='bbox 457 2189 490 2216; x_wconf 89' lang='lat' dir='ltr'><strong>ad</strong></span> <span class='ocrx_word' id='word_1_527' title='bbox 511 2190 690 2218; x_wconf 81' lang='lat' dir='ltr'><strong>resistendum</strong></span> <span class='ocrx_word' id='word_1_528' title='bbox 712 2192 783 2220; x_wconf 90' lang='lat' dir='ltr'><strong>man</strong></span> <span class='ocrx_word' id='word_1_529' title='bbox 806 2201 812 2220; x_wconf 94' lang='lat'>:</span> <span class='ocrx_word' id='word_1_530' title='bbox 836 2193 893 2228; x_wconf 86' lang='lat' dir='ltr'><strong>pari</strong></span> <span class='ocrx_word' id='word_1_531' title='bbox 913 2193 1018 2221; x_wconf 87' lang='lat' dir='ltr'><strong>ratione</strong></span> 
     </span>
    </p>
   </div>
   <div class='ocr_carea' id='block_1_73' title="bbox 230 2234 1018 2271">
    <p class='ocr_par' dir='ltr' id='par_1_73' title="bbox 230 2234 1018 2271">
     <span class='ocr_line' id='line_1_73' title="bbox 230 2234 1018 2271; baseline 0.001 -8"><span class='ocrx_word' id='word_1_532' title='bbox 230 2243 292 2263; x_wconf 86' lang='lat' dir='ltr'><strong>cum</strong></span> <span class='ocrx_word' id='word_1_533' title='bbox 306 2234 402 2261; x_wconf 68' lang='lat' dir='ltr'><strong>divina;</strong></span> <span class='ocrx_word' id='word_1_534' title='bbox 415 2234 461 2261; x_wconf 69' lang='lat' dir='ltr'><strong>ira:</strong></span> <span class='ocrx_word' id='word_1_535' title='bbox 473 2234 641 2269; x_wconf 85' lang='lat' dir='ltr'><strong>subjiciiiiur,</strong></span> <span class='ocrx_word' id='word_1_536' title='bbox 654 2240 709 2263; x_wconf 91' lang='lat' dir='ltr'><strong>tum</strong></span> <span class='ocrx_word' id='word_1_537' title='bbox 722 2236 827 2264; x_wconf 85' lang='lat' dir='ltr'><strong>vitiosis</strong></span> <span class='ocrx_word' id='word_1_538' title='bbox 837 2237 1018 2271; x_wconf 86' lang='lat' dir='ltr'><strong>voluptatibus</strong></span> 
     </span>
    </p>
   </div>
   <div class='ocr_carea' id='block_1_74' title="bbox 1064 1638 1856 1681">
    <p class='ocr_par' dir='ltr' id='par_1_74' title="bbox 1064 1638 1856 1681">
     <span class='ocr_line' id='line_1_74' title="bbox 1064 1638 1856 1681; baseline -0.01 -9"><span class='ocrx_word' id='word_1_539' title='bbox 1064 1646 1143 1681; x_wconf 83' lang='grc' dir='ltr'>τικὴν</span> <span class='ocrx_word' id='word_1_540' title='bbox 1156 1645 1297 1680; x_wconf 77' lang='grc' dir='ltr'>αὐχήμασι</span> <span class='ocrx_word' id='word_1_541' title='bbox 1308 1642 1524 1678; x_wconf 80' lang='grc' dir='ltr'><strong>στεφανούμεθα.</strong></span> <span class='ocrx_word' id='word_1_542' title='bbox 1545 1640 1815 1676; x_wconf 81' lang='grc' dir='ltr'>Καταπικραὶνοντες</span> <span class='ocrx_word' id='word_1_543' title='bbox 1827 1638 1856 1664; x_wconf 82' lang='grc' dir='ltr'><strong>δὲ</strong></span> 
     </span>
    </p>
   </div>
   <div class='ocr_carea' id='block_1_75' title="bbox 1063 1684 1856 1728">
    <p class='ocr_par' dir='ltr' id='par_1_75' title="bbox 1063 1684 1856 1728">
     <span class='ocr_line' id='line_1_75' title="bbox 1063 1684 1856 1728; baseline -0.01 -10"><span class='ocrx_word' id='word_1_544' title='bbox 1063 1692 1113 1728; x_wconf 83' lang='grc' dir='ltr'>τῆς</span> <span class='ocrx_word' id='word_1_545' title='bbox 1141 1690 1233 1726; x_wconf 76' lang='grc' dir='ltr'>ἰσχύος</span> <span class='ocrx_word' id='word_1_546' title='bbox 1257 1689 1303 1716; x_wconf 75' lang='grc' dir='ltr'><strong>τὸν</strong></span> <span class='ocrx_word' id='word_1_547' title='bbox 1333 1689 1462 1725; x_wconf 79' lang='grc' dir='ltr'>χορηγὸν,</span> <span class='ocrx_word' id='word_1_548' title='bbox 1494 1688 1542 1715; x_wconf 78' lang='grc' dir='ltr'><strong>καὶ</strong></span> <span class='ocrx_word' id='word_1_549' title='bbox 1567 1687 1617 1722; x_wconf 78' lang='grc' dir='ltr'>τῆς</span> <span class='ocrx_word' id='word_1_550' title='bbox 1647 1685 1792 1720; x_wconf 76' lang='grc' dir='ltr'>εὐανδρίας</span> <span class='ocrx_word' id='word_1_551' title='bbox 1812 1684 1856 1711; x_wconf 72' lang='grc' dir='ltr'>τὸν</span> 
     </span>
    </p>
   </div>
   <div class='ocr_carea' id='block_1_76' title="bbox 1065 1730 1855 1772">
    <p class='ocr_par' dir='ltr' id='par_1_76' title="bbox 1065 1730 1855 1772">
     <span class='ocr_line' id='line_1_76' title="bbox 1065 1730 1855 1772; baseline -0.009 -10"><span class='ocrx_word' id='word_1_552' title='bbox 1065 1735 1208 1772; x_wconf 80' lang='grc' dir='ltr'>πρύτανιν,</span> <span class='ocrx_word' id='word_1_553' title='bbox 1224 1734 1361 1769; x_wconf 78' lang='grc' dir='ltr'>πίπτομεν</span> <span class='ocrx_word' id='word_1_554' title='bbox 1374 1734 1415 1765; x_wconf 88' lang='grc' dir='ltr'>εἰς</span> <span class='ocrx_word' id='word_1_555' title='bbox 1432 1734 1463 1759; x_wconf 71' lang='grc' dir='ltr'>τὺ</span> <span class='ocrx_word' id='word_1_556' title='bbox 1476 1732 1585 1764; x_wconf 72' lang='grc' dir='ltr'>ἀναλκι,</span> <span class='ocrx_word' id='word_1_557' title='bbox 1601 1731 1649 1758; x_wconf 77' lang='grc' dir='ltr'><strong>καὶ</strong></span> <span class='ocrx_word' id='word_1_558' title='bbox 1670 1730 1774 1766; x_wconf 82' lang='grc' dir='ltr'>ἁδρανῆ</span> <span class='ocrx_word' id='word_1_559' title='bbox 1788 1738 1855 1760; x_wconf 75' lang='grc' dir='ltr'>πως,</span> 
     </span>
    </p>
   </div>
   <div class='ocr_carea' id='block_1_77' title="bbox 1064 1774 1856 1816">
    <p class='ocr_par' dir='ltr' id='par_1_77' title="bbox 1064 1774 1856 1816">
     <span class='ocr_line' id='line_1_77' title="bbox 1064 1774 1856 1816; baseline -0.009 -9"><span class='ocrx_word' id='word_1_560' title='bbox 1064 1781 1111 1808; x_wconf 79' lang='grc' dir='ltr'>καὶ</span> <span class='ocrx_word' id='word_1_561' title='bbox 1122 1780 1288 1816; x_wconf 80' lang='grc' dir='ltr'>παρειμένον</span> <span class='ocrx_word' id='word_1_562' title='bbox 1303 1779 1349 1807; x_wconf 74' lang='grc' dir='ltr'><strong>τὸν</strong></span> <span class='ocrx_word' id='word_1_563' title='bbox 1361 1778 1464 1806; x_wconf 80' lang='grc' dir='ltr'>ἑαυτῶν</span> <span class='ocrx_word' id='word_1_564' title='bbox 1475 1778 1627 1814; x_wconf 84' lang='grc' dir='ltr'>εὑρήσομεν</span> <span class='ocrx_word' id='word_1_565' title='bbox 1640 1776 1713 1803; x_wconf 76' lang='grc' dir='ltr'>νοῦν.</span> <span class='ocrx_word' id='word_1_566' title='bbox 1726 1775 1792 1807; x_wconf 72' lang='grc' dir='ltr'>Θεὸς</span> <span class='ocrx_word' id='word_1_567' title='bbox 1802 1774 1856 1810; x_wconf 74' lang='grc' dir='ltr'>γάρ</span> 
     </span>
    </p>
   </div>
   <div class='ocr_carea' id='block_1_78' title="bbox 1065 1822 1859 1861">
    <p class='ocr_par' dir='ltr' id='par_1_78' title="bbox 1065 1822 1859 1861">
     <span class='ocr_line' id='line_1_78' title="bbox 1065 1822 1859 1861; baseline -0.006 -8"><span class='ocrx_word' id='word_1_568' title='bbox 1065 1829 1139 1854; x_wconf 70' lang='grc' dir='ltr'>ἐστιν</span> <span class='ocrx_word' id='word_1_569' title='bbox 1153 1828 1167 1853; x_wconf 85' lang='grc' dir='ltr'><strong><em>ὁ</em></strong></span> <span class='ocrx_word' id='word_1_570' title='bbox 1190 1826 1243 1853; x_wconf 87' lang='grc' dir='ltr'><strong>τῶν</strong></span> <span class='ocrx_word' id='word_1_571' title='bbox 1257 1826 1398 1861; x_wconf 83' lang='grc' dir='ltr'>δυνάμεων</span> <span class='ocrx_word' id='word_1_572' title='bbox 1419 1825 1534 1860; x_wconf 82' lang='grc' dir='ltr'>Κύριος.</span> <span class='ocrx_word' id='word_1_573' title='bbox 1554 1824 1609 1851; x_wconf 80' lang='grc' dir='ltr'><strong>Καὶ</strong></span> <span class='ocrx_word' id='word_1_574' title='bbox 1624 1823 1691 1858; x_wconf 85' lang='grc' dir='ltr'>γοῦν</span> <span class='ocrx_word' id='word_1_575' title='bbox 1717 1822 1770 1858; x_wconf 76' lang='grc' dir='ltr'><strong>ἔφη</strong></span> <span class='ocrx_word' id='word_1_576' title='bbox 1792 1822 1859 1857; x_wconf 79' lang='grc' dir='ltr'>Χρι-</span> 
     </span>
    </p>
   </div>
   <div class='ocr_carea' id='block_1_79' title="bbox 1048 1868 1856 1907">
    <p class='ocr_par' dir='ltr' id='par_1_79' title="bbox 1048 1868 1856 1907">
     <span class='ocr_line' id='line_1_79' title="bbox 1048 1868 1856 1907; baseline -0.007 -7"><span class='ocrx_word' id='word_1_577' title='bbox 1048 1873 1138 1905; x_wconf 70' lang='grc' dir='ltr'>σστὸς,</span> <span class='ocrx_word' id='word_1_578' title='bbox 1153 1873 1194 1899; x_wconf 81' lang='grc' dir='ltr'>ὅτι</span> <span class='ocrx_word' id='word_1_579' title='bbox 1211 1881 1220 1898; x_wconf 76' lang='grc' dir='ltr'><strong>ι</strong></span> <span class='ocrx_word' id='word_1_580' title='bbox 1243 1872 1334 1907; x_wconf 72' lang='grc' dir='ltr'>Χωρὶς</span> <span class='ocrx_word' id='word_1_581' title='bbox 1351 1871 1416 1907; x_wconf 74' lang='grc' dir='ltr'>ἐμοῦ</span> <span class='ocrx_word' id='word_1_582' title='bbox 1432 1871 1461 1898; x_wconf 86' lang='grc' dir='ltr'><strong>οὺ</strong></span> <span class='ocrx_word' id='word_1_583' title='bbox 1488 1869 1604 1897; x_wconf 82' lang='grc' dir='ltr'><strong>δύνασθε</strong></span> <span class='ocrx_word' id='word_1_584' title='bbox 1622 1870 1711 1896; x_wconf 79' lang='grc' dir='ltr'>ποιεῖν</span> <span class='ocrx_word' id='word_1_585' title='bbox 1736 1868 1822 1895; x_wconf 78' lang='grc' dir='ltr'>οὐδέν.</span> <span class='ocrx_word' id='word_1_586' title='bbox 1846 1877 1856 1894; x_wconf 74' lang='grc' dir='ltr'>ι</span> 
     </span>
    </p>
   </div>
   <div class='ocr_carea' id='block_1_80' title="bbox 1068 1913 1860 1953">
    <p class='ocr_par' dir='ltr' id='par_1_80' title="bbox 1068 1913 1860 1953">
     <span class='ocr_line' id='line_1_80' title="bbox 1068 1913 1860 1953; baseline -0.008 -8"><span class='ocrx_word' id='word_1_587' title='bbox 1068 1918 1140 1953; x_wconf 81' lang='grc' dir='ltr'><strong>Ἔφη</strong></span> <span class='ocrx_word' id='word_1_588' title='bbox 1157 1918 1185 1944; x_wconf 77' lang='grc' dir='ltr'><strong>δέ</strong></span> <span class='ocrx_word' id='word_1_589' title='bbox 1198 1926 1251 1944; x_wconf 82' lang='grc' dir='ltr'><strong>που</strong></span> <span class='ocrx_word' id='word_1_590' title='bbox 1275 1917 1322 1944; x_wconf 77' lang='grc' dir='ltr'>καὶ</span> <span class='ocrx_word' id='word_1_591' title='bbox 1335 1917 1348 1943; x_wconf 82' lang='grc' dir='ltr'>ὁ</span> <span class='ocrx_word' id='word_1_592' title='bbox 1363 1916 1505 1947; x_wconf 77' lang='grc' dir='ltr'>θεσπέσιος</span> <span class='ocrx_word' id='word_1_593' title='bbox 1515 1915 1597 1942; x_wconf 68' lang='grc' dir='ltr'><strong>Δαὸὶδ</strong></span> <span class='ocrx_word' id='word_1_594' title='bbox 1617 1914 1687 1950; x_wconf 79' lang='grc' dir='ltr'>πρὸς</span> <span class='ocrx_word' id='word_1_595' title='bbox 1705 1914 1786 1941; x_wconf 78' lang='grc' dir='ltr'>αὐτὸν</span> <span class='ocrx_word' id='word_1_596' title='bbox 1796 1913 1860 1949; x_wconf 81' lang='grc' dir='ltr'>περὶ</span> 
     </span>
    </p>
   </div>
   <div class='ocr_carea' id='block_1_81' title="bbox 1067 1959 1859 1997">
    <p class='ocr_par' dir='ltr' id='par_1_81' title="bbox 1067 1959 1859 1997">
     <span class='ocr_line' id='line_1_81' title="bbox 1067 1959 1859 1997; baseline -0.006 -7"><span class='ocrx_word' id='word_1_597' title='bbox 1067 1963 1165 1995; x_wconf 77' lang='grc' dir='ltr'>παντὸς</span> <span class='ocrx_word' id='word_1_598' title='bbox 1178 1963 1266 1997; x_wconf 79' lang='grc' dir='ltr'>ἁγίου,</span> <span class='ocrx_word' id='word_1_599' title='bbox 1283 1963 1324 1989; x_wconf 83' lang='grc' dir='ltr'><strong>ὅτι</strong></span> <span class='ocrx_word' id='word_1_600' title='bbox 1353 1971 1362 1988; x_wconf 77' lang='grc' dir='ltr'><strong>ι</strong></span> <span class='ocrx_word' id='word_1_601' title='bbox 1378 1962 1414 1988; x_wconf 88' lang='grc' dir='ltr'><strong>Τὸ</strong></span> <span class='ocrx_word' id='word_1_602' title='bbox 1432 1961 1560 1997; x_wconf 78' lang='grc' dir='ltr'>καύχημα</span> <span class='ocrx_word' id='word_1_603' title='bbox 1588 1961 1638 1996; x_wconf 84' lang='grc' dir='ltr'>τῆς</span> <span class='ocrx_word' id='word_1_604' title='bbox 1660 1960 1800 1996; x_wconf 78' lang='grc' dir='ltr'>δυνάμεως</span> <span class='ocrx_word' id='word_1_605' title='bbox 1813 1959 1859 1985; x_wconf 76' lang='grc' dir='ltr'><strong>αὑ-</strong></span> 
     </span>
    </p>
   </div>
   <div class='ocr_carea' id='block_1_82' title="bbox 1066 2004 1858 2043">
    <p class='ocr_par' dir='ltr' id='par_1_82' title="bbox 1066 2004 1858 2043">
     <span class='ocr_line' id='line_1_82' title="bbox 1066 2004 1858 2043; baseline -0.005 -8"><span class='ocrx_word' id='word_1_606' title='bbox 1066 2008 1120 2035; x_wconf 85' lang='grc' dir='ltr'><strong>τῶν</strong></span> <span class='ocrx_word' id='word_1_607' title='bbox 1135 2008 1167 2034; x_wconf 72' lang='grc' dir='ltr'><strong>σὺ</strong></span> <span class='ocrx_word' id='word_1_608' title='bbox 1187 2006 1222 2036; x_wconf 73' lang='grc' dir='ltr'><strong>εἴ.</strong></span> <span class='ocrx_word' id='word_1_609' title='bbox 1246 2018 1254 2033; x_wconf 83' lang='lat' dir='ltr'><strong>i</strong></span> <span class='ocrx_word' id='word_1_610' title='bbox 1271 2008 1327 2034; x_wconf 78' lang='grc' dir='ltr'><strong>Καὶ</strong></span> <span class='ocrx_word' id='word_1_611' title='bbox 1344 2008 1398 2043; x_wconf 86' lang='grc' dir='ltr'>μὴν</span> <span class='ocrx_word' id='word_1_612' title='bbox 1411 2008 1458 2034; x_wconf 76' lang='grc' dir='ltr'><strong>καὶ</strong></span> <span class='ocrx_word' id='word_1_613' title='bbox 1483 2007 1596 2043; x_wconf 77' lang='grc' dir='ltr'>ἑτέρωθί</span> <span class='ocrx_word' id='word_1_614' title='bbox 1615 2015 1665 2033; x_wconf 87' lang='grc' dir='ltr'><strong>που</strong></span> <span class='ocrx_word' id='word_1_615' title='bbox 1681 2006 1713 2032; x_wconf 82' lang='grc' dir='ltr'>τὸ</span> <span class='ocrx_word' id='word_1_616' title='bbox 1732 2004 1858 2032; x_wconf 76' lang='grc' dir='ltr'>δύνασθαί</span> 
     </span>
    </p>
   </div>
   <div class='ocr_carea' id='block_1_83' title="bbox 1068 2050 1859 2090">
    <p class='ocr_par' dir='ltr' id='par_1_83' title="bbox 1068 2050 1859 2090">
     <span class='ocr_line' id='line_1_83' title="bbox 1068 2050 1859 2090; baseline -0.005 -9"><span class='ocrx_word' id='word_1_617' title='bbox 1068 2054 1159 2081; x_wconf 82' lang='grc' dir='ltr'>τιτῶν</span> <span class='ocrx_word' id='word_1_618' title='bbox 1175 2054 1285 2088; x_wconf 81' lang='grc' dir='ltr'>ἀγαθῶν</span> <span class='ocrx_word' id='word_1_619' title='bbox 1307 2053 1466 2090; x_wconf 81' lang='grc' dir='ltr'>κατορθοῦν,</span> <span class='ocrx_word' id='word_1_620' title='bbox 1488 2053 1537 2088; x_wconf 81' lang='grc' dir='ltr'>οὐχ</span> <span class='ocrx_word' id='word_1_621' title='bbox 1557 2052 1647 2088; x_wconf 79' lang='grc' dir='ltr'>ἑαυτῷ</span> <span class='ocrx_word' id='word_1_622' title='bbox 1660 2051 1772 2087; x_wconf 83' lang='grc' dir='ltr'>μᾶλλον,</span> <span class='ocrx_word' id='word_1_623' title='bbox 1794 2050 1859 2078; x_wconf 79' lang='grc' dir='ltr'>ἀλλὰ</span> 
     </span>
    </p>
   </div>
   <div class='ocr_carea' id='block_1_84' title="bbox 1068 2096 1858 2135">
    <p class='ocr_par' dir='ltr' id='par_1_84' title="bbox 1068 2096 1858 2135">
     <span class='ocr_line' id='line_1_84' title="bbox 1068 2096 1858 2135; baseline -0.006 -8"><span class='ocrx_word' id='word_1_624' title='bbox 1068 2101 1115 2128; x_wconf 75' lang='grc' dir='ltr'><strong>καὶ</strong></span> <span class='ocrx_word' id='word_1_625' title='bbox 1126 2101 1186 2132; x_wconf 86' lang='grc' dir='ltr'>ταῖς</span> <span class='ocrx_word' id='word_1_626' title='bbox 1201 2099 1247 2127; x_wconf 78' lang='grc' dir='ltr'><strong>τοῦ</strong></span> <span class='ocrx_word' id='word_1_627' title='bbox 1265 2099 1331 2126; x_wconf 80' lang='grc' dir='ltr'><strong>Θεοῦ</strong></span> <span class='ocrx_word' id='word_1_628' title='bbox 1353 2099 1502 2135; x_wconf 83' lang='grc' dir='ltr'>δυνάμεσιν</span> <span class='ocrx_word' id='word_1_629' title='bbox 1526 2098 1667 2130; x_wconf 79' lang='grc' dir='ltr'>ἀνατεθεὶς</span> <span class='ocrx_word' id='word_1_630' title='bbox 1686 2097 1794 2133; x_wconf 73' lang='grc' dir='ltr'>ψάλλει,</span> <span class='ocrx_word' id='word_1_631' title='bbox 1813 2096 1858 2123; x_wconf 73' lang='grc' dir='ltr'><strong>καί</strong></span> 
     </span>
    </p>
   </div>
   <div class='ocr_carea' id='block_1_85' title="bbox 1069 2141 1856 2180">
    <p class='ocr_par' dir='ltr' id='par_1_85' title="bbox 1069 2141 1856 2180">
     <span class='ocr_line' id='line_1_85' title="bbox 1069 2141 1856 2180; baseline -0.006 -9"><span class='ocrx_word' id='word_1_632' title='bbox 1069 2153 1152 2180; x_wconf 85' lang='grc' dir='ltr'>φησιν</span> <span class='ocrx_word' id='word_1_633' title='bbox 1163 2152 1170 2159; x_wconf 95' lang='grc'><strong>·</strong></span> <span class='ocrx_word' id='word_1_634' title='bbox 1187 2153 1197 2170; x_wconf 76' lang='grc' dir='ltr'>ι</span> <span class='ocrx_word' id='word_1_635' title='bbox 1208 2144 1264 2171; x_wconf 82' lang='grc' dir='ltr'><strong>Οὐκ</strong></span> <span class='ocrx_word' id='word_1_636' title='bbox 1274 2144 1321 2170; x_wconf 77' lang='grc' dir='ltr'>ἐπὶ</span> <span class='ocrx_word' id='word_1_637' title='bbox 1336 2143 1374 2178; x_wconf 82' lang='grc' dir='ltr'><strong>τῷ</strong></span> <span class='ocrx_word' id='word_1_638' title='bbox 1389 2143 1458 2179; x_wconf 79' lang='grc' dir='ltr'>τόξῳ</span> <span class='ocrx_word' id='word_1_639' title='bbox 1468 2152 1517 2179; x_wconf 88' lang='grc' dir='ltr'><strong>μου</strong></span> <span class='ocrx_word' id='word_1_640' title='bbox 1528 2143 1625 2174; x_wconf 84' lang='grc' dir='ltr'>ὲλπιῶ,</span> <span class='ocrx_word' id='word_1_641' title='bbox 1641 2142 1689 2169; x_wconf 73' lang='grc' dir='ltr'><strong>καὶ</strong></span> <span class='ocrx_word' id='word_1_642' title='bbox 1706 2143 1724 2177; x_wconf 84' lang='grc' dir='ltr'><strong>ἡ</strong></span> <span class='ocrx_word' id='word_1_643' title='bbox 1740 2141 1856 2177; x_wconf 76' lang='grc' dir='ltr'><strong>ῥομφαία</strong></span> 
     </span>
    </p>
   </div>
   <div class='ocr_carea' id='block_1_86' title="bbox 1072 2186 1856 2226">
    <p class='ocr_par' dir='ltr' id='par_1_86' title="bbox 1072 2186 1856 2226">
     <span class='ocr_line' id='line_1_86' title="bbox 1072 2186 1856 2226; baseline -0.006 -9"><span class='ocrx_word' id='word_1_644' title='bbox 1072 2199 1121 2226; x_wconf 90' lang='grc' dir='ltr'><strong>μου</strong></span> <span class='ocrx_word' id='word_1_645' title='bbox 1135 2191 1165 2217; x_wconf 88' lang='grc' dir='ltr'><strong>οὺ</strong></span> <span class='ocrx_word' id='word_1_646' title='bbox 1179 2190 1261 2216; x_wconf 85' lang='grc' dir='ltr'>σώσει</span> <span class='ocrx_word' id='word_1_647' title='bbox 1282 2198 1326 2226; x_wconf 88' lang='grc' dir='ltr'><strong>με.</strong></span> <span class='ocrx_word' id='word_1_648' title='bbox 1337 2190 1461 2221; x_wconf 87' lang='grc' dir='ltr'>Ἔσωσας</span> <span class='ocrx_word' id='word_1_649' title='bbox 1475 2188 1530 2224; x_wconf 83' lang='grc' dir='ltr'>γὰρ</span> <span class='ocrx_word' id='word_1_650' title='bbox 1544 2188 1618 2223; x_wconf 79' lang='grc' dir='ltr'>ἡμᾶς</span> <span class='ocrx_word' id='word_1_651' title='bbox 1639 2189 1671 2214; x_wconf 79' lang='grc' dir='ltr'><strong>ὲκ</strong></span> <span class='ocrx_word' id='word_1_652' title='bbox 1685 2187 1741 2214; x_wconf 88' lang='grc' dir='ltr'><strong>τῶν</strong></span> <span class='ocrx_word' id='word_1_653' title='bbox 1758 2186 1856 2213; x_wconf 76' lang='grc' dir='ltr'>θλιὸόν-</span> 
     </span>
    </p>
   </div>
   <div class='ocr_carea' id='block_1_87' title="bbox 1070 2232 1858 2272">
    <p class='ocr_par' dir='ltr' id='par_1_87' title="bbox 1070 2232 1858 2272">
     <span class='ocr_line' id='line_1_87' title="bbox 1070 2232 1858 2272; baseline -0.006 -8"><span class='ocrx_word' id='word_1_654' title='bbox 1070 2246 1123 2264; x_wconf 86' lang='grc' dir='ltr'>των</span> <span class='ocrx_word' id='word_1_655' title='bbox 1140 2238 1222 2272; x_wconf 79' lang='grc' dir='ltr'>ἡμᾶς.</span> <span class='ocrx_word' id='word_1_656' title='bbox 1243 2246 1252 2263; x_wconf 77' lang='grc' dir='ltr'><strong>ι</strong></span> <span class='ocrx_word' id='word_1_657' title='bbox 1270 2237 1375 2272; x_wconf 83' lang='grc' dir='ltr'>Ὥσπερ</span> <span class='ocrx_word' id='word_1_658' title='bbox 1394 2236 1483 2262; x_wconf 79' lang='grc' dir='ltr'>τοίνυν</span> <span class='ocrx_word' id='word_1_659' title='bbox 1496 2234 1527 2261; x_wconf 80' lang='grc' dir='ltr'>τὸ</span> <span class='ocrx_word' id='word_1_660' title='bbox 1541 2235 1589 2270; x_wconf 78' lang='grc' dir='ltr'>τῆς</span> <span class='ocrx_word' id='word_1_661' title='bbox 1604 2234 1710 2261; x_wconf 79' lang='grc' dir='ltr'>ἄνωθεν</span> <span class='ocrx_word' id='word_1_662' title='bbox 1724 2232 1858 2269; x_wconf 77' lang='grc' dir='ltr'>ἡμερότη-</span> 
     </span>
    </p>
   </div>
   <div class='ocr_carea' id='block_1_88' title="bbox 230 2278 988 2317">
    <p class='ocr_par' dir='ltr' id='par_1_88' title="bbox 230 2280 974 2313">
     <span class='ocr_line' id='line_1_88' title="bbox 230 2280 974 2313; baseline 0.001 -5"><span class='ocrx_word' id='word_1_663' title='bbox 230 2280 366 2308; x_wconf 84' lang='lat' dir='ltr'><strong>scrviliter</strong></span> <span class='ocrx_word' id='word_1_664' title='bbox 379 2280 565 2313; x_wconf 83' lang='lat' dir='ltr'><strong>succumbere,</strong></span> <span class='ocrx_word' id='word_1_665' title='bbox 577 2282 687 2308; x_wconf 90' lang='lat' dir='ltr'><strong>omnino</strong></span> <span class='ocrx_word' id='word_1_666' title='bbox 699 2287 740 2309; x_wconf 89' lang='lat' dir='ltr'><strong>est</strong></span> <span class='ocrx_word' id='word_1_667' title='bbox 755 2290 874 2309; x_wconf 87' lang='lat' dir='ltr'><strong>necesse.</strong></span> <span class='ocrx_word' id='word_1_668' title='bbox 887 2283 974 2310; x_wconf 80' lang='lat' dir='ltr'><strong>Iratus</strong></span> 
     </span>
    </p>
   </div>
   <div class='ocr_carea' id='block_1_89' title="bbox 1078 2278 1859 2317">
    <p class='ocr_par' dir='ltr' id='par_1_89' title="bbox 1078 2278 1859 2317">
     <span class='ocr_line' id='line_1_89' title="bbox 1078 2278 1859 2317; baseline -0.006 -8"><span class='ocrx_word' id='word_1_669' title='bbox 1078 2291 1116 2314; x_wconf 74' lang='grc' dir='ltr'>τος</span> <span class='ocrx_word' id='word_1_670' title='bbox 1139 2282 1268 2317; x_wconf 78' lang='grc' dir='ltr'>εὐμενὲς,</span> <span class='ocrx_word' id='word_1_671' title='bbox 1299 2281 1505 2317; x_wconf 76' lang='grc' dir='ltr'><strong>ἀλκιμωτάτους</strong></span> <span class='ocrx_word' id='word_1_672' title='bbox 1529 2280 1603 2315; x_wconf 73' lang='grc' dir='ltr'>ἡμᾶς</span> <span class='ocrx_word' id='word_1_673' title='bbox 1630 2279 1795 2313; x_wconf 83' lang='grc' dir='ltr'>ἀποφαίνει,</span> <span class='ocrx_word' id='word_1_674' title='bbox 1816 2278 1859 2305; x_wconf 78' lang='grc' dir='ltr'><strong>καὶ</strong></span> 
     </span>
    </p>
   </div>
   <div class='ocr_carea' id='block_1_90' title="bbox 231 2326 1016 2362">
    <p class='ocr_par' dir='ltr' id='par_1_90' title="bbox 231 2326 1016 2362">
     <span class='ocr_line' id='line_1_90' title="bbox 231 2326 1016 2362; baseline 0.003 -8"><span class='ocrx_word' id='word_1_675' title='bbox 231 2335 311 2362; x_wconf 75' lang='lat' dir='ltr'><strong>ergo,</strong></span> <span class='ocrx_word' id='word_1_676' title='bbox 327 2333 360 2353; x_wconf 86' lang='lat' dir='ltr'><strong>co</strong></span> <span class='ocrx_word' id='word_1_677' title='bbox 377 2326 447 2360; x_wconf 89' lang='lat' dir='ltr'><strong>quod</strong></span> <span class='ocrx_word' id='word_1_678' title='bbox 465 2326 589 2354; x_wconf 88' lang='lat' dir='ltr'><strong>videlicet</strong></span> <span class='ocrx_word' id='word_1_679' title='bbox 605 2328 726 2355; x_wconf 87' lang='lat' dir='ltr'><strong>baccliati</strong></span> <span class='ocrx_word' id='word_1_680' title='bbox 744 2329 891 2356; x_wconf 84' lang='lat' dir='ltr'><strong>crudeliter</strong></span> <span class='ocrx_word' id='word_1_681' title='bbox 907 2337 1016 2362; x_wconf 86' lang='lat' dir='ltr'><strong>sumus,</strong></span> 
     </span>
    </p>
   </div>
   <div class='ocr_carea' id='block_1_91' title="bbox 232 2371 1018 2408">
    <p class='ocr_par' dir='ltr' id='par_1_91' title="bbox 232 2371 1018 2408">
     <span class='ocr_line' id='line_1_91' title="bbox 232 2371 1018 2408; baseline 0.005 -10"><span class='ocrx_word' id='word_1_682' title='bbox 232 2377 259 2400; x_wconf 89' lang='lat' dir='ltr'><strong>ci</strong></span> <span class='ocrx_word' id='word_1_683' title='bbox 276 2376 432 2408; x_wconf 87' lang='lat' dir='ltr'><strong>peccatores</strong></span> <span class='ocrx_word' id='word_1_684' title='bbox 449 2379 481 2399; x_wconf 85' lang='lat' dir='ltr'><strong>ac</strong></span> <span class='ocrx_word' id='word_1_685' title='bbox 498 2371 596 2400; x_wconf 88' lang='lat' dir='ltr'><strong>nefarii</strong></span> <span class='ocrx_word' id='word_1_686' title='bbox 612 2373 783 2406; x_wconf 82' lang='lat' dir='ltr'><strong>exstitimus,</strong></span> <span class='ocrx_word' id='word_1_687' title='bbox 798 2374 866 2401; x_wconf 86' lang='lat' dir='ltr'><strong>adeo</strong></span> <span class='ocrx_word' id='word_1_688' title='bbox 884 2379 912 2402; x_wconf 90' lang='lat' dir='ltr'><strong>ut</strong></span> <span class='ocrx_word' id='word_1_689' title='bbox 929 2375 1018 2402; x_wconf 87' lang='lat' dir='ltr'><strong>omnis</strong></span> 
     </span>
    </p>
   </div>
   <div class='ocr_carea' id='block_1_92' title="bbox 229 2417 1019 2454">
    <p class='ocr_par' dir='ltr' id='par_1_92' title="bbox 229 2417 1019 2454">
     <span class='ocr_line' id='line_1_92' title="bbox 229 2417 1019 2454; baseline 0.005 -10"><span class='ocrx_word' id='word_1_690' title='bbox 229 2417 335 2454; x_wconf 83' lang='lat' dir='ltr'><strong>jiistitia</strong></span> <span class='ocrx_word' id='word_1_691' title='bbox 357 2422 463 2450; x_wconf 86' lang='lat' dir='ltr'><strong>nostra,</strong></span> <span class='ocrx_word' id='word_1_692' title='bbox 481 2418 578 2454; x_wconf 85' lang='lat' dir='ltr'><strong>inquit,</strong></span> <span class='ocrx_word' id='word_1_693' title='bbox 595 2425 684 2453; x_wconf 89' lang='lat' dir='ltr'><strong>panno</strong></span> <span class='ocrx_word' id='word_1_694' title='bbox 706 2425 879 2447; x_wconf 74' lang='lat' dir='ltr'><strong>menstruam:</strong></span> <span class='ocrx_word' id='word_1_695' title='bbox 898 2420 1019 2449; x_wconf 83' lang='lat' dir='ltr'><strong>mulieris</strong></span> 
     </span>
    </p>
   </div>
   <div class='ocr_carea' id='block_1_93' title="bbox 232 2462 1019 2496">
    <p class='ocr_par' dir='ltr' id='par_1_93' title="bbox 232 2462 1019 2496">
     <span class='ocr_line' id='line_1_93' title="bbox 232 2462 1019 2496; baseline 0.004 -6"><span class='ocrx_word' id='word_1_696' title='bbox 232 2470 293 2490; x_wconf 84' lang='lat' dir='ltr'><strong>csse</strong></span> <span class='ocrx_word' id='word_1_697' title='bbox 308 2463 403 2491; x_wconf 86' lang='lat' dir='ltr'><strong>similis</strong></span> <span class='ocrx_word' id='word_1_698' title='bbox 419 2462 551 2496; x_wconf 87' lang='lat' dir='ltr'><strong>videatur,</strong></span> <span class='ocrx_word' id='word_1_699' title='bbox 567 2463 592 2490; x_wconf 93' lang='lat' dir='ltr'><strong>id</strong></span> <span class='ocrx_word' id='word_1_700' title='bbox 607 2469 664 2496; x_wconf 83' lang='lat' dir='ltr'><strong>est,</strong></span> <span class='ocrx_word' id='word_1_701' title='bbox 680 2464 859 2492; x_wconf 84' lang='lat' dir='ltr'><strong>abominanda</strong></span> <span class='ocrx_word' id='word_1_702' title='bbox 877 2466 912 2493; x_wconf 90' lang='lat' dir='ltr'><strong>sit</strong></span> <span class='ocrx_word' id='word_1_703' title='bbox 925 2471 951 2492; x_wconf 90' lang='lat' dir='ltr'><strong>et</strong></span> <span class='ocrx_word' id='word_1_704' title='bbox 968 2467 1019 2493; x_wconf 89' lang='lat' dir='ltr'><strong>ini-</strong></span> 
     </span>
    </p>
   </div>
   <div class='ocr_carea' id='block_1_94' title="bbox 232 2505 1019 2544">
    <p class='ocr_par' dir='ltr' id='par_1_94' title="bbox 232 2505 1019 2544">
     <span class='ocr_line' id='line_1_94' title="bbox 232 2505 1019 2544; baseline 0.006 -11"><span class='ocrx_word' id='word_1_705' title='bbox 232 2514 309 2540; x_wconf 82' lang='lat' dir='ltr'><strong>pura.</strong></span> <span class='ocrx_word' id='word_1_706' title='bbox 324 2505 378 2534; x_wconf 80' lang='lat' dir='ltr'><strong>Nec</strong></span> <span class='ocrx_word' id='word_1_707' title='bbox 391 2507 463 2535; x_wconf 89' lang='lat' dir='ltr'><strong>enim</strong></span> <span class='ocrx_word' id='word_1_708' title='bbox 475 2507 554 2535; x_wconf 77' lang='lat' dir='ltr'><strong>facile</strong></span> <span class='ocrx_word' id='word_1_709' title='bbox 568 2507 669 2536; x_wconf 84' lang='lat' dir='ltr'><strong>videris</strong></span> <span class='ocrx_word' id='word_1_710' title='bbox 680 2508 811 2543; x_wconf 85' lang='lat' dir='ltr'><strong>justitiam</strong></span> <span class='ocrx_word' id='word_1_711' title='bbox 829 2511 897 2544; x_wconf 88' lang='lat' dir='ltr'><strong>apud</strong></span> <span class='ocrx_word' id='word_1_712' title='bbox 915 2510 1019 2538; x_wconf 78' lang='lat' dir='ltr'><strong>Israeli-</strong></span> 
     </span>
    </p>
   </div>
   <div class='ocr_carea' id='block_1_95' title="bbox 234 2553 1021 2591">
    <p class='ocr_par' dir='ltr' id='par_1_95' title="bbox 234 2553 1021 2591">
     <span class='ocr_line' id='line_1_95' title="bbox 234 2553 1021 2591; baseline 0.006 -12"><span class='ocrx_word' id='word_1_713' title='bbox 234 2558 286 2585; x_wconf 85' lang='lat' dir='ltr'><strong>tas.</strong></span> <span class='ocrx_word' id='word_1_714' title='bbox 297 2553 413 2581; x_wconf 78' lang='lat' dir='ltr'><strong>maxime</strong></span> <span class='ocrx_word' id='word_1_715' title='bbox 425 2561 496 2581; x_wconf 90' lang='lat' dir='ltr'><strong>nunc</strong></span> <span class='ocrx_word' id='word_1_716' title='bbox 510 2558 570 2588; x_wconf 86' lang='lat' dir='ltr'><strong>post</strong></span> <span class='ocrx_word' id='word_1_717' title='bbox 581 2553 748 2589; x_wconf 82' lang='lat' dir='ltr'><strong>impietatem</strong></span> <span class='ocrx_word' id='word_1_718' title='bbox 761 2556 786 2582; x_wconf 92' lang='lat' dir='ltr'><strong>in</strong></span> <span class='ocrx_word' id='word_1_719' title='bbox 800 2555 949 2590; x_wconf 87' lang='lat' dir='ltr'><strong>Christum,</strong></span> <span class='ocrx_word' id='word_1_720' title='bbox 962 2564 1021 2591; x_wconf 69' lang='lat' dir='ltr'><strong>quae</strong></span> 
     </span>
    </p>
   </div>
   <div class='ocr_carea' id='block_1_96' title="bbox 233 2599 1021 2636">
    <p class='ocr_par' dir='ltr' id='par_1_96' title="bbox 233 2599 1021 2636">
     <span class='ocr_line' id='line_1_96' title="bbox 233 2599 1021 2636; baseline 0.005 -11"><span class='ocrx_word' id='word_1_721' title='bbox 233 2606 287 2626; x_wconf 85' lang='lat' dir='ltr'><strong>non</strong></span> <span class='ocrx_word' id='word_1_722' title='bbox 312 2599 525 2633; x_wconf 87' lang='lat' dir='ltr'><strong>reprehendatur</strong></span> <span class='ocrx_word' id='word_1_723' title='bbox 547 2603 574 2626; x_wconf 88' lang='lat' dir='ltr'><strong>et</strong></span> <span class='ocrx_word' id='word_1_724' title='bbox 596 2599 751 2627; x_wconf 89' lang='lat' dir='ltr'><strong>irrideatur.</strong></span> <span class='ocrx_word' id='word_1_725' title='bbox 768 2600 833 2627; x_wconf 86' lang='lat' dir='ltr'><strong>Nam</strong></span> <span class='ocrx_word' id='word_1_726' title='bbox 858 2601 904 2636; x_wconf 90' lang='lat' dir='ltr'><strong>qui</strong></span> <span class='ocrx_word' id='word_1_727' title='bbox 930 2608 1021 2636; x_wconf 83' lang='lat' dir='ltr'><strong>pectus</strong></span> 
     </span>
    </p>
   </div>
   <div class='ocr_carea' id='block_1_97' title="bbox 234 2643 1021 2679">
    <p class='ocr_par' dir='ltr' id='par_1_97' title="bbox 234 2643 1021 2679">
     <span class='ocr_line' id='line_1_97' title="bbox 234 2643 1021 2679; baseline 0.005 -9"><span class='ocrx_word' id='word_1_728' title='bbox 234 2643 334 2671; x_wconf 88' lang='lat' dir='ltr'><strong>habent</strong></span> <span class='ocrx_word' id='word_1_729' title='bbox 350 2643 441 2671; x_wconf 84' lang='lat' dir='ltr'><strong>divino</strong></span> <span class='ocrx_word' id='word_1_730' title='bbox 457 2649 485 2671; x_wconf 93' lang='lat' dir='ltr'><strong>et</strong></span> <span class='ocrx_word' id='word_1_731' title='bbox 502 2643 660 2679; x_wconf 76' lang='lat' dir='ltr'><strong>iiitelligibili</strong></span> <span class='ocrx_word' id='word_1_732' title='bbox 679 2644 780 2673; x_wconf 89' lang='lat' dir='ltr'><strong>lumine</strong></span> <span class='ocrx_word' id='word_1_733' title='bbox 796 2647 906 2674; x_wconf 91' lang='lat' dir='ltr'><strong>omnino</strong></span> <span class='ocrx_word' id='word_1_734' title='bbox 922 2647 1021 2675; x_wconf 89' lang='lat' dir='ltr'><strong>nudum</strong></span> 
     </span>
    </p>
   </div>
   <div class='ocr_carea' id='block_1_98' title="bbox 232 2689 1022 2724">
    <p class='ocr_par' dir='ltr' id='par_1_98' title="bbox 232 2689 1022 2724">
     <span class='ocr_line' id='line_1_98' title="bbox 232 2689 1022 2724; baseline 0.005 -8"><span class='ocrx_word' id='word_1_735' title='bbox 232 2695 261 2716; x_wconf 84' lang='lat' dir='ltr'><strong>et</strong></span> <span class='ocrx_word' id='word_1_736' title='bbox 282 2696 394 2716; x_wconf 88' lang='lat' dir='ltr'><strong>vacuum</strong></span> <span class='ocrx_word' id='word_1_737' title='bbox 418 2699 424 2716; x_wconf 96' lang='lat'>:</span> <span class='ocrx_word' id='word_1_738' title='bbox 446 2690 491 2724; x_wconf 84' lang='lat' dir='ltr'><strong>qui</strong></span> <span class='ocrx_word' id='word_1_739' title='bbox 511 2689 569 2717; x_wconf 83' lang='lat' dir='ltr'><strong>ﬁeri</strong></span> <span class='ocrx_word' id='word_1_740' title='bbox 590 2695 681 2724; x_wconf 88' lang='lat' dir='ltr'><strong>posset</strong></span> <span class='ocrx_word' id='word_1_741' title='bbox 702 2695 730 2718; x_wconf 91' lang='lat' dir='ltr'><strong>ut</strong></span> <span class='ocrx_word' id='word_1_742' title='bbox 750 2692 873 2719; x_wconf 87' lang='lat' dir='ltr'><strong>semitam</strong></span> <span class='ocrx_word' id='word_1_743' title='bbox 893 2698 967 2720; x_wconf 85' lang='lat' dir='ltr'><strong>recta</strong></span> <span class='ocrx_word' id='word_1_744' title='bbox 988 2693 1022 2720; x_wconf 85' lang='lat' dir='ltr'><strong>ad</strong></span> 
     </span>
    </p>
   </div>
   <div class='ocr_carea' id='block_1_99' title="bbox 235 2734 1019 2773">
    <p class='ocr_par' dir='ltr' id='par_1_99' title="bbox 235 2734 1019 2773">
     <span class='ocr_line' id='line_1_99' title="bbox 235 2734 1019 2773; baseline 0.008 -13"><span class='ocrx_word' id='word_1_745' title='bbox 235 2741 328 2761; x_wconf 78' lang='lat' dir='ltr'><strong>sacras</strong></span> <span class='ocrx_word' id='word_1_746' title='bbox 343 2734 414 2768; x_wconf 76' lang='lat' dir='ltr'><strong>leges</strong></span> <span class='ocrx_word' id='word_1_747' title='bbox 427 2735 602 2762; x_wconf 87' lang='lat' dir='ltr'><strong>deducentem</strong></span> <span class='ocrx_word' id='word_1_748' title='bbox 615 2736 741 2763; x_wconf 82' lang='lat' dir='ltr'><strong>videant?</strong></span> <span class='ocrx_word' id='word_1_749' title='bbox 752 2741 798 2764; x_wconf 88' lang='lat' dir='ltr'><strong>aut</strong></span> <span class='ocrx_word' id='word_1_750' title='bbox 809 2738 942 2772; x_wconf 88' lang='lat' dir='ltr'><strong>quomodo</strong></span> <span class='ocrx_word' id='word_1_751' title='bbox 953 2738 1019 2773; x_wconf 88' lang='lat' dir='ltr'><strong>justi</strong></span> 
     </span>
    </p>
   </div>
   <div class='ocr_carea' id='block_1_100' title="bbox 1070 2323 1859 2365">
    <p class='ocr_par' dir='ltr' id='par_1_100' title="bbox 1070 2323 1859 2365">
     <span class='ocr_line' id='line_1_100' title="bbox 1070 2323 1859 2365; baseline -0.006 -10"><span class='ocrx_word' id='word_1_752' title='bbox 1070 2329 1205 2365; x_wconf 81' lang='grc' dir='ltr'>διανευροῖ</span> <span class='ocrx_word' id='word_1_753' title='bbox 1217 2328 1285 2364; x_wconf 77' lang='grc' dir='ltr'>πρὸς</span> <span class='ocrx_word' id='word_1_754' title='bbox 1299 2328 1454 2354; x_wconf 78' lang='grc' dir='ltr'>ἀντίστασιν</span> <span class='ocrx_word' id='word_1_755' title='bbox 1468 2323 1515 2353; x_wconf 78' lang='grc' dir='ltr'><strong>τοῦ</strong></span> <span class='ocrx_word' id='word_1_756' title='bbox 1540 2325 1637 2352; x_wconf 81' lang='grc' dir='ltr'><strong>κακοῦ·</strong></span> <span class='ocrx_word' id='word_1_757' title='bbox 1656 2325 1729 2351; x_wconf 79' lang='grc' dir='ltr'>κατὰ</span> <span class='ocrx_word' id='word_1_758' title='bbox 1743 2325 1789 2351; x_wconf 77' lang='grc' dir='ltr'>τὸν</span> <span class='ocrx_word' id='word_1_759' title='bbox 1806 2323 1859 2350; x_wconf 73' lang='grc' dir='ltr'>ἴσον</span> 
     </span>
    </p>
   </div>
   <div class='ocr_carea' id='block_1_101' title="bbox 1071 2370 1860 2410">
    <p class='ocr_par' dir='ltr' id='par_1_101' title="bbox 1071 2370 1860 2410">
     <span class='ocr_line' id='line_1_101' title="bbox 1071 2370 1860 2410; baseline -0.008 -9"><span class='ocrx_word' id='word_1_760' title='bbox 1071 2374 1175 2401; x_wconf 76' lang='grc' dir='ltr'>τουτονὶ</span> <span class='ocrx_word' id='word_1_761' title='bbox 1187 2374 1297 2410; x_wconf 81' lang='grc' dir='ltr'>τρόπον,</span> <span class='ocrx_word' id='word_1_762' title='bbox 1311 2374 1375 2400; x_wconf 80' lang='grc' dir='ltr'>ὅταν</span> <span class='ocrx_word' id='word_1_763' title='bbox 1397 2372 1451 2399; x_wconf 76' lang='grc' dir='ltr'>ὑπὸ</span> <span class='ocrx_word' id='word_1_764' title='bbox 1467 2371 1542 2399; x_wconf 83' lang='grc' dir='ltr'>θείαν</span> <span class='ocrx_word' id='word_1_765' title='bbox 1555 2372 1699 2406; x_wconf 81' lang='grc' dir='ltr'>πίπτωμεν</span> <span class='ocrx_word' id='word_1_766' title='bbox 1725 2371 1818 2406; x_wconf 78' lang='grc' dir='ltr'>ὀργὴν,</span> <span class='ocrx_word' id='word_1_767' title='bbox 1831 2370 1860 2395; x_wconf 76' lang='grc' dir='ltr'>τὸ</span> 
     </span>
    </p>
   </div>
   <div class='ocr_carea' id='block_1_102' title="bbox 1070 2416 1859 2456">
    <p class='ocr_par' dir='ltr' id='par_1_102' title="bbox 1070 2416 1859 2456">
     <span class='ocr_line' id='line_1_102' title="bbox 1070 2416 1859 2456; baseline -0.008 -8"><span class='ocrx_word' id='word_1_768' title='bbox 1070 2420 1198 2456; x_wconf 81' lang='grc' dir='ltr'><strong>τηνικάδε</strong></span> <span class='ocrx_word' id='word_1_769' title='bbox 1216 2420 1292 2447; x_wconf 78' lang='grc' dir='ltr'>πᾶσά</span> <span class='ocrx_word' id='word_1_770' title='bbox 1322 2428 1381 2451; x_wconf 87' lang='grc' dir='ltr'>πως</span> <span class='ocrx_word' id='word_1_771' title='bbox 1407 2418 1514 2453; x_wconf 81' lang='grc' dir='ltr'><strong>ἀνάγκη</strong></span> <span class='ocrx_word' id='word_1_772' title='bbox 1541 2417 1735 2453; x_wconf 83' lang='grc' dir='ltr'>δουλοπρεπῶς</span> <span class='ocrx_word' id='word_1_773' title='bbox 1763 2416 1859 2450; x_wconf 63' lang='grc' dir='ltr'><strong>ὑποφέ-</strong></span> 
     </span>
    </p>
   </div>
   <div class='ocr_carea' id='block_1_103' title="bbox 1075 2463 1860 2501">
    <p class='ocr_par' dir='ltr' id='par_1_103' title="bbox 1075 2463 1860 2501">
     <span class='ocr_line' id='line_1_103' title="bbox 1075 2463 1860 2501; baseline -0.006 -8"><span class='ocrx_word' id='word_1_774' title='bbox 1075 2465 1168 2501; x_wconf 85' lang='grc' dir='ltr'>ρεσθαι</span> <span class='ocrx_word' id='word_1_775' title='bbox 1181 2467 1241 2497; x_wconf 85' lang='grc' dir='ltr'>ταῖς</span> <span class='ocrx_word' id='word_1_776' title='bbox 1264 2466 1303 2496; x_wconf 73' lang='grc' dir='ltr'><strong>εις</strong></span> <span class='ocrx_word' id='word_1_777' title='bbox 1316 2465 1346 2491; x_wconf 84' lang='grc' dir='ltr'>τδ</span> <span class='ocrx_word' id='word_1_778' title='bbox 1369 2464 1470 2499; x_wconf 83' lang='grc' dir='ltr'>φαῦλον</span> <span class='ocrx_word' id='word_1_779' title='bbox 1490 2464 1605 2499; x_wconf 77' lang='grc' dir='ltr'><strong>ἡδοναῖς·</strong></span> <span class='ocrx_word' id='word_1_780' title='bbox 1622 2463 1764 2499; x_wconf 84' lang='grc' dir='ltr'>ὠργίσθης</span> <span class='ocrx_word' id='word_1_781' title='bbox 1775 2463 1860 2489; x_wconf 82' lang='grc' dir='ltr'>τοίνυν</span> 
     </span>
    </p>
   </div>
   <div class='ocr_carea' id='block_1_104' title="bbox 1073 2508 1860 2546">
    <p class='ocr_par' dir='ltr' id='par_1_104' title="bbox 1073 2508 1860 2546">
     <span class='ocr_line' id='line_1_104' title="bbox 1073 2508 1860 2546; baseline -0.005 -8"><span class='ocrx_word' id='word_1_782' title='bbox 1073 2512 1116 2546; x_wconf 74' lang='grc' dir='ltr'><strong>ἐφ’</strong></span> <span class='ocrx_word' id='word_1_783' title='bbox 1144 2508 1185 2543; x_wconf 76' lang='grc' dir='ltr'>οἷς</span> <span class='ocrx_word' id='word_1_784' title='bbox 1214 2510 1333 2546; x_wconf 86' lang='grc' dir='ltr'>δηλονότι</span> <span class='ocrx_word' id='word_1_785' title='bbox 1362 2510 1619 2546; x_wconf 84' lang='grc' dir='ltr'>πεπαρῳνήκαμεν,</span> <span class='ocrx_word' id='word_1_786' title='bbox 1643 2510 1691 2535; x_wconf 76' lang='grc' dir='ltr'><strong>καὶ</strong></span> <span class='ocrx_word' id='word_1_787' title='bbox 1711 2508 1860 2543; x_wconf 82' lang='grc' dir='ltr'>γεγόναμεν</span> 
     </span>
    </p>
   </div>
   <div class='ocr_carea' id='block_1_105' title="bbox 1071 2553 1859 2594">
    <p class='ocr_par' dir='ltr' id='par_1_105' title="bbox 1071 2553 1859 2594">
     <span class='ocr_line' id='line_1_105' title="bbox 1071 2553 1859 2594; baseline -0.005 -10"><span class='ocrx_word' id='word_1_788' title='bbox 1071 2556 1237 2594; x_wconf 73' lang='grc' dir='ltr'>ἁμαρτωλοὶ,</span> <span class='ocrx_word' id='word_1_789' title='bbox 1245 2557 1293 2583; x_wconf 77' lang='grc' dir='ltr'><strong>καὶ</strong></span> <span class='ocrx_word' id='word_1_790' title='bbox 1304 2555 1422 2591; x_wconf 76' lang='grc' dir='ltr'>βέϐηλοι,</span> <span class='ocrx_word' id='word_1_791' title='bbox 1433 2556 1503 2582; x_wconf 80' lang='grc' dir='ltr'>ὥστε</span> <span class='ocrx_word' id='word_1_792' title='bbox 1515 2556 1561 2582; x_wconf 79' lang='grc' dir='ltr'><strong>καὶ</strong></span> <span class='ocrx_word' id='word_1_793' title='bbox 1570 2556 1660 2582; x_wconf 83' lang='grc' dir='ltr'>πᾶσαν</span> <span class='ocrx_word' id='word_1_794' title='bbox 1671 2554 1762 2589; x_wconf 81' lang='grc' dir='ltr'>ἡμῶν,</span> <span class='ocrx_word' id='word_1_795' title='bbox 1786 2553 1859 2589; x_wconf 75' lang='grc' dir='ltr'>φησὶ,</span> 
     </span>
    </p>
   </div>
   <div class='ocr_carea' id='block_1_106' title="bbox 1071 2599 1862 2638">
    <p class='ocr_par' dir='ltr' id='par_1_106' title="bbox 1071 2599 1862 2638">
     <span class='ocr_line' id='line_1_106' title="bbox 1071 2599 1862 2638; baseline -0.005 -9"><span class='ocrx_word' id='word_1_796' title='bbox 1071 2603 1120 2638; x_wconf 85' lang='grc' dir='ltr'>τὴν</span> <span class='ocrx_word' id='word_1_797' title='bbox 1139 2603 1311 2637; x_wconf 81' lang='grc' dir='ltr'>δικαιοσύνην</span> <span class='ocrx_word' id='word_1_798' title='bbox 1336 2602 1452 2629; x_wconf 76' lang='grc' dir='ltr'>ἐοικέναι</span> <span class='ocrx_word' id='word_1_799' title='bbox 1478 2602 1555 2637; x_wconf 82' lang='grc' dir='ltr'>ράχει</span> <span class='ocrx_word' id='word_1_800' title='bbox 1585 2601 1716 2635; x_wconf 79' lang='grc' dir='ltr'>γυναικὸς</span> <span class='ocrx_word' id='word_1_801' title='bbox 1744 2599 1862 2626; x_wconf 78' lang='grc' dir='ltr'>ἀποκαθ-</span> 
     </span>
    </p>
   </div>
   <div class='ocr_carea' id='block_1_107' title="bbox 1070 2645 1860 2683">
    <p class='ocr_par' dir='ltr' id='par_1_107' title="bbox 1070 2645 1860 2683">
     <span class='ocr_line' id='line_1_107' title="bbox 1070 2645 1860 2683; baseline -0.004 -9"><span class='ocrx_word' id='word_1_802' title='bbox 1070 2647 1186 2683; x_wconf 72' lang='grc' dir='ltr'><strong>ημιενης⁷</strong></span> <span class='ocrx_word' id='word_1_803' title='bbox 1201 2647 1333 2681; x_wconf 79' lang='grc' dir='ltr'>τουτέστι,</span> <span class='ocrx_word' id='word_1_804' title='bbox 1347 2647 1477 2682; x_wconf 81' lang='grc' dir='ltr'>βδελυρὰν</span> <span class='ocrx_word' id='word_1_805' title='bbox 1497 2645 1567 2673; x_wconf 80' lang='grc' dir='ltr'>εἶναι</span> <span class='ocrx_word' id='word_1_806' title='bbox 1581 2646 1629 2673; x_wconf 74' lang='grc' dir='ltr'><strong>καὶ</strong></span> <span class='ocrx_word' id='word_1_807' title='bbox 1646 2645 1810 2682; x_wconf 80' lang='grc' dir='ltr'>ἀκάθαρτον.</span> <span class='ocrx_word' id='word_1_808' title='bbox 1824 2645 1860 2671; x_wconf 82' lang='grc' dir='ltr'><strong>Οὐ</strong></span> 
     </span>
    </p>
   </div>
   <div class='ocr_carea' id='block_1_108' title="bbox 1071 2690 1860 2729">
    <p class='ocr_par' dir='ltr' id='par_1_108' title="bbox 1071 2690 1860 2729">
     <span class='ocr_line' id='line_1_108' title="bbox 1071 2690 1860 2729; baseline -0.006 -8"><span class='ocrx_word' id='word_1_809' title='bbox 1071 2695 1127 2729; x_wconf 86' lang='grc' dir='ltr'>γὰρ</span> <span class='ocrx_word' id='word_1_810' title='bbox 1142 2694 1199 2720; x_wconf 73' lang='grc' dir='ltr'>ἐστι</span> <span class='ocrx_word' id='word_1_811' title='bbox 1222 2693 1395 2728; x_wconf 85' lang='grc' dir='ltr'>δικαιοσύνην</span> <span class='ocrx_word' id='word_1_812' title='bbox 1420 2693 1482 2719; x_wconf 82' lang='grc' dir='ltr'>ἰδεῖν</span> <span class='ocrx_word' id='word_1_813' title='bbox 1509 2691 1585 2728; x_wconf 82' lang='grc' dir='ltr'>παρὰ</span> <span class='ocrx_word' id='word_1_814' title='bbox 1607 2693 1665 2723; x_wconf 85' lang='grc' dir='ltr'>τοῖς</span> <span class='ocrx_word' id='word_1_815' title='bbox 1689 2690 1720 2724; x_wconf 74' lang='grc' dir='ltr'>ἐξ</span> <span class='ocrx_word' id='word_1_816' title='bbox 1750 2691 1860 2726; x_wconf 81' lang='grc' dir='ltr'>αἵματος</span> 
     </span>
    </p>
   </div>
   <div class='ocr_carea' id='block_1_109' title="bbox 1080 2736 1860 2775">
    <p class='ocr_par' dir='ltr' id='par_1_109' title="bbox 1080 2736 1860 2775">
     <span class='ocr_line' id='line_1_109' title="bbox 1080 2736 1860 2775; baseline -0.004 -9"><span class='ocrx_word' id='word_1_817' title='bbox 1080 2739 1204 2775; x_wconf 70' lang='grc' dir='ltr'>Ἰσραὴλ,</span> <span class='ocrx_word' id='word_1_818' title='bbox 1230 2740 1288 2767; x_wconf 75' lang='grc' dir='ltr'>νυνὶ</span> <span class='ocrx_word' id='word_1_819' title='bbox 1312 2739 1344 2775; x_wconf 85' lang='grc' dir='ltr'><strong>δὴ</strong></span> <span class='ocrx_word' id='word_1_820' title='bbox 1370 2739 1484 2774; x_wconf 80' lang='grc' dir='ltr'>μάλιστα</span> <span class='ocrx_word' id='word_1_821' title='bbox 1515 2738 1584 2774; x_wconf 79' lang='grc' dir='ltr'>μετὰ</span> <span class='ocrx_word' id='word_1_822' title='bbox 1609 2737 1658 2774; x_wconf 84' lang='grc' dir='ltr'>τὴν</span> <span class='ocrx_word' id='word_1_823' title='bbox 1684 2738 1725 2769; x_wconf 88' lang='grc' dir='ltr'>εἰς</span> <span class='ocrx_word' id='word_1_824' title='bbox 1749 2736 1860 2772; x_wconf 74' lang='grc' dir='ltr'>,Χριστὸν</span> 
     </span>
    </p>
   </div>
   <div class='ocr_carea' id='block_1_110' title="bbox 274 2824 1858 2863">
    <p class='ocr_par' dir='ltr' id='par_1_110' title="bbox 274 2824 1858 2863">
     <span class='ocr_line' id='line_1_110' title="bbox 274 2824 1858 2863; baseline 0.002 -12"><span class='ocrx_word' id='word_1_825' title='bbox 274 2824 296 2840; x_wconf 65' lang='grc'><strong>⁵³</strong></span> <span class='ocrx_word' id='word_1_826' title='bbox 312 2824 381 2852; x_wconf 83' lang='lat' dir='ltr'><strong>Psal.</strong></span> <span class='ocrx_word' id='word_1_827' title='bbox 395 2833 490 2858; x_wconf 78' lang='lat' dir='ltr'><strong>Citi&#39;iii,</strong></span> <span class='ocrx_word' id='word_1_828' title='bbox 503 2826 547 2859; x_wconf 76' lang='grc' dir='ltr'>Η,</span> <span class='ocrx_word' id='word_1_829' title='bbox 563 2826 606 2853; x_wconf 77' lang='grc'><strong>15.</strong></span> <span class='ocrx_word' id='word_1_830' title='bbox 646 2827 747 2854; x_wconf 87' lang='lat' dir='ltr'><strong>&quot;Psal.</strong></span> <span class='ocrx_word' id='word_1_831' title='bbox 761 2836 840 2863; x_wconf 80' lang='lat' dir='ltr'><strong>xxiii,</strong></span> <span class='ocrx_word' id='word_1_832' title='bbox 862 2829 904 2855; x_wconf 89' lang='lat' dir='ltr'><strong>l0.</strong></span> <span class='ocrx_word' id='word_1_833' title='bbox 944 2829 965 2844; x_wconf 78' lang='grc'>³⁸</span> <span class='ocrx_word' id='word_1_834' title='bbox 980 2829 1055 2857; x_wconf 75' lang='lat' dir='ltr'><strong>ioan.</strong></span> <span class='ocrx_word' id='word_1_835' title='bbox 1069 2837 1113 2861; x_wconf 89' lang='lat' dir='ltr'><strong>xv,</strong></span> <span class='ocrx_word' id='word_1_836' title='bbox 1140 2831 1166 2857; x_wconf 82' lang='lat'><strong>5.</strong></span> <span class='ocrx_word' id='word_1_837' title='bbox 1206 2830 1226 2846; x_wconf 92' lang='grc'>³⁷</span> <span class='ocrx_word' id='word_1_838' title='bbox 1250 2830 1319 2857; x_wconf 71' lang='lat' dir='ltr'><strong>Psal.</strong></span> <span class='ocrx_word' id='word_1_839' title='bbox 1340 2838 1471 2863; x_wconf 78' lang='lat' dir='ltr'><strong>Lxxxvnt,</strong></span> <span class='ocrx_word' id='word_1_840' title='bbox 1490 2829 1533 2857; x_wconf 85' lang='lat' dir='ltr'><strong>l8.</strong></span> <span class='ocrx_word' id='word_1_841' title='bbox 1571 2829 1593 2845; x_wconf 77' lang='grc'><strong><em>³³</em></strong></span> <span class='ocrx_word' id='word_1_842' title='bbox 1613 2828 1685 2857; x_wconf 85' lang='lat' dir='ltr'><strong>Psal.</strong></span> <span class='ocrx_word' id='word_1_843' title='bbox 1702 2836 1780 2862; x_wconf 82' lang='lat' dir='ltr'><strong>mit,</strong></span> <span class='ocrx_word' id='word_1_844' title='bbox 1793 2827 1819 2861; x_wconf 86' lang='lat'><strong>7,</strong></span> <span class='ocrx_word' id='word_1_845' title='bbox 1832 2827 1858 2854; x_wconf 85' lang='lat'><strong>8.</strong></span> 
     </span>
    </p>
   </div>
   <div class='ocr_carea' id='block_1_111' title="bbox 278 2913 1224 2954">
    <p class='ocr_par' dir='ltr' id='par_1_111' title="bbox 278 2913 1224 2954">
     <span class='ocr_line' id='line_1_111' title="bbox 278 2913 1224 2954; baseline 0.008 -16"><span class='ocrx_word' id='word_1_846' title='bbox 278 2914 316 2949; x_wconf 81' lang='grc' dir='ltr'><strong>(Ι)</strong></span> <span class='ocrx_word' id='word_1_847' title='bbox 341 2913 388 2947; x_wconf 86' lang='grc' dir='ltr'>Ὠς</span> <span class='ocrx_word' id='word_1_848' title='bbox 402 2914 479 2948; x_wconf 77' lang='grc' dir='ltr'><strong>χοῦν</strong></span> <span class='ocrx_word' id='word_1_849' title='bbox 491 2914 561 2943; x_wconf 71' lang='lat' dir='ltr'><strong>LXX</strong></span> <span class='ocrx_word' id='word_1_850' title='bbox 578 2915 677 2949; x_wconf 89' lang='lat' dir='ltr'><strong>delent,</strong></span> <span class='ocrx_word' id='word_1_851' title='bbox 694 2924 743 2945; x_wconf 89' lang='lat' dir='ltr'><strong>nec</strong></span> <span class='ocrx_word' id='word_1_852' title='bbox 757 2917 924 2946; x_wconf 68' lang='lat' dir='ltr'><strong>lll’VCrsiouc</strong></span> <span class='ocrx_word' id='word_1_853' title='bbox 942 2918 1072 2946; x_wconf 87' lang='lat' dir='ltr'><strong>llnnl&#39;rcdi</strong></span> <span class='ocrx_word' id='word_1_854' title='bbox 1092 2919 1224 2954; x_wconf 81' lang='lat' dir='ltr'><strong>rcpcritur</strong></span> 
     </span>
    </p>
   </div>
  </div>
