1893 3052
142 157 212 186 ΗΟΙ

691 160 724 188 IN
744 161 860 189 ISMAM
881 162 944 190 LIB.
968 163 998 191 V.
1018 163 1134 191 TOMUS
1154 163 1196 190 Vl.

1701 169 1771 198 ηοξ

140 214 283 246 ἀσέϐειαν,
297 214 410 250 ἄμωμόν
423 224 452 242 τε
467 215 513 242 καὶ
538 215 740 244 ἀκατάσκοπον·
756 219 780 244 οἱ
793 218 847 254 γὰρ
869 219 927 245 ὂλω.

1019 227 1053 248 :re
1065 221 1129 254 sint,
1145 221 1190 255 qui
1206 220 1360 256 evangelica
1376 222 1568 256 praedicatione
1582 229 1687 259 carent,
1704 228 1776 255 unde

141 262 238 295 φωτὸς
269 262 315 289 τοῦ
340 262 413 289 θείου
439 263 485 290 καὶ
509 263 605 298 νοητοῦ
629 264 734 299 γυμνὴν
751 265 798 291 καὶ
826 266 934 301 ἐρήμην

139 306 253 341 ἔχοντες
262 306 311 340 τὴν
328 307 452 343 καρδίαν,
481 308 539 340 πῖῦς
558 308 591 335 ἂν
615 309 710 336 εἰδεῖεν
727 309 777 344 τὴν
792 310 856 336 εὐθὺ
880 310 935 337 τῶν

142 351 227 386 ιερῶν
240 352 328 387 νόμων
336 353 529 388 ἀποφέρουσαν
539 354 630 389 τρίϐον
642 363 649 386 ;
666 355 701 381 Ἦ
716 355 775 386 πῶς
794 355 826 383 ἂν
837 355 934 383 δίκαιοι

140 397 217 423 κατὰ
248 397 279 424 τὸ
306 398 405 434 ἀληθὲς
437 399 491 426 τῶν
527 401 711 435 εὐαγγελικῶν
749 402 934 437 κηρυγμάτων

139 443 336 479 ὴμοιρηκότες,
353 445 387 471 δι’
402 443 439 472 ὧν
456 446 513 473 ἔστι
530 447 626 482 μαθεῖν
641 449 690 483 τῆς
706 448 873 482 ἀειαγάστου
887 458 935 476 πο-

141 487 247 520 λιτείας
256 489 305 525 τὴν
317 490 391 524 όδόν;
409 492 558 528 ἀκάθαρτοι
584 493 615 529 δὴ
639 492 696 527 οὖν,
718 494 770 521 κᾶν
791 496 815 521 εί
831 495 935 522 δοκοῖεν

142 532 214 561 εἶναι
229 536 302 567 τινὲς
317 537 430 571 χρηστοὶ
458 539 506 565 καὶ
527 539 668 571 ἐπιεικεῖς.
686 540 789 576 Ὥσπερ
807 540 835 567 δὲ
848 540 935 575 φύλλα

142 580 320 608 πεπτώκασιν
347 582 379 609 ἑκ
395 583 489 617 φυτοῦ,
508 585 554 611 καὶ
569 585 645 612 οὐδὲν
667 586 780 618 ἀπεικὸς
805 587 830 613 ει
856 586 935 613 τοῦτο

142 625 286 658 παθόντες,
301 628 345 654 καὶ
355 629 573 665 διαῤῥιπτεῖσθαι
593 631 730 666 πανταχοῦ
746 632 934 668 προσδοκῶσιν

141 671 168 697 οι
185 672 307 704 τάλανες·
322 673 558 710 εὐπαρακόμιστον
573 677 627 712 γὰρ
654 677 785 711 ἐσχήκασι
802 677 851 712 τὴν
866 685 935 712 καρ-

141 717 214 748 δίαν,
238 718 284 744 καὶ¹
307 716 362 745 οἷον
387 721 468 747 παντὶ
483 721 702 758 περιφερομένην
726 721 874 757 πνεύματι,
887 723 935 749 καὶ

141 762 233 794 οὐδεὶς
243 764 302 790 ἐστι
320 765 385 800 παρ’
400 766 492 797 αὐτοῖς
507 767 520 792 ό
530 766 650 802 γνησίως
668 767 857 794 ἐπικαλεῖσθαι
868 767 934 802 Θερν

141 806 231 839 εἰδὼς,
247 809 330 844 ήγουν
345 810 390 837 διὰ
419 812 529 847 μνήμης
551 800 631 847 ἔχων,
653 813 693 839 ὅτι
715 813 768 848 χρὴ
791 813 841 848 τῆς
867 800 935 849 πρδς

139 853 225 879 αὑτὸν
236 854 402 890 οἰκειότητος
417 856 606 884 ἀντιλαϐέσθαι
629 859 771 890 νεανικῶς·
787 858 934 885 πεπτώκα-

986 265 1080 293 liceret
1100 266 1236 301 praeclara:
1257 268 1470 295 conversationis
1491 270 1562 296 viam
1584 271 1706 298 discere?
1726 273 1776 300 lm-

986 312 1044 346 puri
1062 312 1144 347 igitur
1160 316 1233 345 sunt,
1247 313 1352 340 etiamsi
1372 313 1432 340 boni
1450 319 1477 341 et
1493 315 1568 348 probi
1587 323 1647 343 esse
1665 317 1775 345 ridean-

985 361 1039 385 tur.
1055 358 1094 385 Ac
1119 362 1246 393 tanquam
1269 358 1332 386 iulia
1354 359 1510 386 ceciderunt
1533 361 1565 388 de
1588 364 1700 394 arbore;
1725 371 1776 392 nec

986 404 1084 431 mirum
1099 408 1141 432 est
1154 404 1177 432 si
1191 411 1252 432 cum
1267 404 1319 431 hoc
1336 403 1388 431 illis
1404 405 1519 437 accidat.
1533 406 1615 433 etiam
1635 407 1773 443 abiectum

986 449 1018 477 iri
1043 457 1073 477 se
1095 450 1172 485 plane
1199 454 1309 485 sperent
1333 450 1435 478 miseri.
1460 450 1579 479 Labilem
1606 461 1722 488 namque
1748 460 1776 482 et

985 494 1115 522 lubricam
1137 499 1253 522 mentem
1272 493 1435 526 habuerunt.
1449 503 1509 530 qua:
1527 497 1599 522 omni
1622 502 1702 525 vento
1721 499 1775 526 cir-

985 540 1175 569 cumfertur".
1186 539 1242 568 Nec
1254 539 1396 576 quisquam
1411 548 1504 568 eorum
1519 546 1561 568 est
1585 542 1630 576 qui
1644 550 1774 577 germane

985 593 1018 613 ac
1030 585 1146 620 genuine
1159 586 1228 614 sciat
1242 586 1324 614 Deum
1338 586 1472 617 invocare.
1485 591 1531 614 aut
1543 587 1589 622 qui
1606 588 1770 622 meminerit,

985 631 1200 666 coniunctionem
1217 639 1277 666 qua:
1293 640 1354 660 cum
1373 633 1431 667 ipso
1447 637 1504 664 est,
1521 633 1772 668 appreliendendam

985 682 1013 705 et
1024 677 1235 712 amplectendam
1250 683 1374 712 prompte
1386 683 1412 705 et
1426 678 1503 712 quasi
1518 678 1683 712 iuveniliter.
1698 679 1774 707 Ceci-

985 723 1074 749 dimus
1092 727 1193 755 autem,
1209 723 1341 757 inquiunt,
1354 730 1386 750 eo
1406 723 1532 756 miseriae,
1549 733 1558 749 ι
1572 724 1634 758 quia
1651 725 1772 752 avertisti

985 767 1081 795 faciem
1099 771 1173 795 tuam
1189 775 1203 794 a
1222 767 1310 800 nobis,
1322 774 1350 795 et
1368 768 1499 795 tradidiSti
1518 775 1566 795 nos
1584 773 1694 804 propter
1709 777 1774 802 pec-

985 818 1045 841 cata
1061 818 1164 841 nostra.
1183 823 1193 840 ι
1213 813 1271 841 Non
1289 814 1361 841 enim
1378 814 1448 841 beati
1465 822 1525 842 esse
1540 820 1673 849 poterant,
1688 823 1702 841 a
1718 814 1773 842 Deo

983 857 1096 893 reiecti;
1118 863 1143 886 at
1161 859 1234 886 omni
1259 859 1329 886 malo
1353 858 1471 893 transﬁgi
1495 859 1574 894 plane
1595 865 1701 894 Oportet
1715 867 1773 892 eos.

141 905 194 931 μεν
207 898 245 929 δὲ,
270 899 347 933 φασὶ,
365 900 434 935 πρὸς
453 900 532 927 τοῦτο
556 901 753 938 ταλαιπωρίας,
781 912 791 928 ι
811 903 852 929 ὃτι
876 903 927 930 ἀπ-

1023 902 1030 930 i
1046 904 1112 930 adeo
1130 903 1220 930 multis
1235 903 1353 938 peccatis
1366 904 1470 930 onerati
1485 908 1558 931 sunt.

140 943 278 979 έστρεψας
296 944 326 971 τὸ
339 945 482 980 πρόσωπόν
499 955 545 973 σου
563 947 609 982 ἀφ’
622 947 711 983 ήμῶν,
732 949 779 975 καὶ
794 948 957 984 παρέδωκας
971 949 1047 984 ἡμᾶς
1073 948 1116 975 διὰ
1130 948 1180 980 τὰς
1196 948 1331 984 ἁμαρτίας
1342 948 1430 983 ήμῶν.
1448 958 1456 974 ι
1471 949 1507 974 Οὐ
1519 949 1572 984 γὰρ
1590 946 1625 984 ἦν
1639 949 1773 985 εὐπράξαι

139 990 206 1021 τοὺς
218 990 394 1026 ἀποστροφὴν
412 992 611 1028 ὑπομείναντας
643 993 692 1028 τὴν
709 994 786 1029 παρὰ
815 994 894 1028 Θεοῦ,
908 993 967 1021 ἀλλ’
985 992 1018 1030 ἦν
1039 994 1115 1021 πᾶσά
1138 1003 1196 1026 πως
1226 994 1331 1029 ἀνάγκη
1354 994 1434 1020 παντὶ
1461 994 1669 1030 περιπείρεσθαι
1695 995 1774 1030 κακῷ

139 1036 205 1067 τοὺς
217 1037 276 1068 ταῖς
289 1036 360 1064 οὕτω
371 1038 481 1070 πολλαῖς
498 1039 645 1075 ἁμαρτίαις
678 1040 924 1075 κατηχθισμένους,

178 1082 232 1108 Kal
246 1082 313 1116 νῦν,
327 1084 425 1120 Κύριε,
447 1085 547 1119 Πατὴρ
564 1084 649 1120 ἡμῶν
665 1086 706 1112 σὺ
721 1084 756 1113 εἷ.
778 1086 877 1120 Ἡμεῖς
895 1086 930 1114 δὲ

141 1126 257 1160 πηλὸς,
288 1127 359 1162 ἔργα
391 1127 450 1155 τῶν
476 1128 583 1164 χειρῶν
609 1137 667 1157 σου
696 1130 807 1164 πάντες
831 1131 926 1166 ἡμεῖς.

140 1172 192 1206 Μὴ
223 1172 338 1207 ὀργίζου
365 1174 438 1209 ἡμῖν
463 1175 598 1210 σφόδρα,
632 1176 681 1203 καί
707 1176 749 1212 μὴ
773 1177 808 1203 ἐν
839 1176 929 1212 καιρῷ

138 1219 281 1254 μνησθῇς
318 1220 466 1255 ἁμαρτιῶν
502 1221 596 1256 ἡμῶν.
630 1222 685 1249 Kal
719 1222 777 1250 νῦν
809 1223 928 1250 ἐπίϐλε-

142 1265 218 1298 ψον,
247 1264 292 1291 ὅτι
314 1266 389 1298 λαός
412 1273 470 1293 σου
494 1266 606 1300 πάντες
633 1267 735 1302 ἡμεῖς,
763 1269 851 1302 πόλις
875 1268 928 1296 τοῦ

148 1310 249 1345 Ἀγίου
266 1319 335 1339 σου.

178 1357 376 1392 Παραιτοῦνται
391 1358 493 1394 σφόδρα
515 1359 546 1385 τδ
562 1359 679 1386 είσάπαν
700 1359 855 1387 ἀπολισθεῖν
880 1360 929 1395 τῆς

142 1403 212 1438 πρὸς
223 1403 303 1430 αὑτὸν
314 1404 490 1439 οἰκειότητος.
508 1404 616 1440 Ἐπειδὴ
628 1405 656 1431 δὲ
667 1405 711 1432 διὰ
728 1404 826 1441 πολλὴν
837 1405 928 1440 ἁμαρ-

141 1449 201 1475 τίαν
212 1449 421 1484 παρηνέχθησαν
436 1450 476 1481 είς
494 1449 582 1482 τοῦτο,
606 1450 736 1477 πλέκουσί
756 1459 815 1483 πως
829 1451 930 1488 ἀρίστῃ

141 1495 224 1530 τέχνῃ
249 1494 297 1525 τὰς
322 1494 407 1526 λιτάς·
436 1495 465 1521 οὕ
493 1495 548 1531 γὰρ
566 1495 672 1531 ἔχοντες
698 1496 727 1529 ἐξ
740 1496 821 1532 ἔργου
842 1497 890 1524 καὶ
902 1497 932 1530 ἐξ

141 1541 292 1576 ἀμωμήτου
306 1541 378 1576 ζωῆς
397 1542 588 1577 ἐκδυσωπῆσαι
607 1542 653 1569 τὸν
671 1542 800 1575 σώζοντα,
817 1543 860 1578 ἐφ’
871 1542 932 1570 ἕτε-

143 1587 189 1621 ρόν
206 1595 232 1613 τι
250 1586 394 1621 βαδίζουσι.
417 1586 609 1622 Παρακαλοῦσι
632 1588 686 1622 γὰρ
705 1588 743 1620 ὡς
761 1588 931 1624 Δημιουργδν

143 1632 303 1667 ποιημάτων
318 1632 390 1658 ίδίων
405 1632 499 1659 θέσθαι
514 1633 575 1659 τινὰ
586 1633 675 1668 λόγον,
687 1634 734 1661 καὶ
743 1635 835 1670 νεῖμαι
849 1634 931 1668 φειδῶ

142 1679 198 1710 τοῖς
216 1678 280 1714 παρ’
298 1677 380 1704 αὐτοῦ
406 1679 656 1714 παρενηνεγμένοις
680 1681 720 1711 εἰς
743 1680 774 1706 τὸ
789 1677 868 1713 εἶναι,
884 1682 931 1708 καὶ

142 1724 204 1759 ζῇν.
232 1734 241 1750 ι
256 1724 351 1760 Πατήρ
375 1723 430 1759 γὰρ
455 1724 533 1759 ήμῶν
557 1725 775 1760 κεχρημάτικας,
797 1735 807 1752 ›
831 1726 930 1761 φησὶν.

144 1778 154 1795 ι
167 1769 249 1804 ἐσμὲν
264 1769 292 1796 δὲ
309 1770 390 1805 ἡμεῖς
404 1769 459 1797 τῶν
475 1769 528 1797 σῶν
541 1770 609 1806 ἔργα
628 1771 738 1807 χειρῶν.
765 1771 869 1799 Οὐκοῦν
894 1771 930 1807 μὴ

141 1815 251 1850 όργίςου
267 1815 333 1850 ἡμῖν
347 1816 460 1852 σφόδρα.
481 1825 490 1841 ι
514 1817 570 1843 οὐκ
589 1816 742 1851 ἀγνοοῦσιν,
759 1818 800 1844 ὅτι
812 1825 930 1853 προσκε-

141 1860 307 1896 κρούκασιν,
335 1861 497 1897 ὁμολογοῦσι
524 1863 552 1889 δὲ
582 1863 694 1898 μᾶλλον,
723 1863 763 1890 ὃτι
787 1863 835 1890 καὶ
853 1863 931 1899 δίκης

142 1905 233 1938 ἀξίους
260 1906 372 1938 ἑαυτοὺς
390 1906 544 1942 ἀπέφηναν,
578 1907 808 1943 πεπαρῳνηκότες
828 1908 931 1944 ἀγρίως

142 1951 181 1981 είς
190 1950 236 1976 τὸν
246 1950 322 1978 Υίόν·
339 1951 383 1978 διὰ
396 1951 475 1979 τοῦτο
501 1953 643 1987 μονονουχὶ
668 1953 812 1985 κολάζουσι
831 1947 869 1989 (1)
882 1953 930 1988 τὴν

141 1996 229 2031 λιτήν,
247 1997 294 2023 καὶ
317 1997 367 2024 οὐκ
391 1997 536 2033 ἐλευθέραν
555 1998 694 2030 παντελῶς
721 1998 860 2026 ποιοῦνται
881 2000 931 2034 τὴν

143 2042 283 2077 πρόσοδον·
303 2043 390 2079 βραχὺ
402 2044 431 2088 δέ
442 2053 500 2076 πως
508 2044 557 2080 τὴν
567 2045 721 2081 παρρησίαν
733 2046 929 2078 συστείλαντες,

141 2089 172 2115 οὐ
189 2088 219 2115 τὸ
248 2089 316 2124 μηδὲ
333 2089 401 2120 ὅλως
430 2089 588 2125 ὀργίζεσθαι
615 2091 676 2116 κατ’
697 2090 787 2118 αὐτῶν
811 2091 930 2119 αἰτοῦσιν

945 1465 967 1495 C

1022 1087 1100 1115 νεκεπ
1114 1087 1141 1119 8,
1155 1087 1182 1115 9.
1198 1086 1230 1114 Et
1252 1095 1331 1118 nunc,
1350 1086 1471 1116 Domine,
1495 1085 1577 1112 Pater
1587 1091 1675 1112 noster
1687 1090 1715 1112 tu
1725 1094 1752 1113 es
1763 1105 1772 1118 ,

982 1141 1028 1160 1108
1040 1139 1125 1159 autent
1139 1133 1237 1164 iulum;
1251 1139 1328 1166 opera
1343 1137 1468 1158 manuum
1480 1135 1585 1157 tuarum
1604 1138 1692 1157 omne:
1713 1139 1771 1158 nos.

982 1179 1024 1206 Ne
1038 1179 1164 1206 irascaris
1180 1178 1253 1205 nobis
1268 1178 1357 1209 nimis.
1371 1183 1394 1204 et
1409 1186 1440 1204 ne
1457 1177 1603 1204 memineris
1616 1177 1644 1204 in
1659 1181 1773 1211 (tmpore

981 1230 1143 1260 peccatorum
1157 1229 1315 1251 nostrarum.
1329 1223 1355 1250 Ν
1359 1232 1408 1250 unc
1422 1231 1482 1258 ergo
1497 1223 1603 1256 respice,
1614 1223 1676 1258 quia
1690 1230 1774 1257 popu-

982 1270 1022 1298 lus
1035 1276 1095 1298 tuus
1107 1279 1194 1298 omnes
1208 1278 1270 1302 nos,
1285 1270 1376 1297 civitas
1390 1269 1483 1297 Sancti
1494 1269 1543 1295 tui.

1018 1358 1101 1386 Valde
1121 1359 1310 1394 deprecantur,
1326 1357 1437 1385 omnino
1457 1365 1473 1384 a
1496 1357 1686 1392 coniunctione
1710 1363 1772 1385 cum

984 1404 1040 1432 Deo
1061 1404 1195 1432 excidere.
1214 1403 1283 1437 Quia
1300 1411 1364 1431 vero
1381 1407 1491 1438 propter
1507 1403 1589 1430 multa
1607 1406 1719 1437 peccata
1737 1402 1770 1429 ad

984 1449 1036 1478 hoc
1060 1450 1168 1477 deducti
1195 1453 1273 1482 sunt,
1298 1449 1382 1484 890
1408 1456 1503 1483 preces
1528 1448 1630 1483 optimo
1657 1447 1773 1475 artiilcio

984 1499 1086 1524 texunt.
1098 1494 1165 1522 Cum
1180 1495 1253 1522 enim
1269 1502 1320 1521 non
1337 1494 1441 1528 possint
1455 1493 1582 1529 operibus
1596 1497 1624 1521 et
1637 1493 1773 1527 inculpata

983 1542 1039 1568 vita
1063 1540 1236 1568 Servatorem
1265 1540 1390 1575 placare,
1411 1541 1445 1567 ad
1469 1540 1541 1567 aliud
1566 1547 1596 1567 se
1619 1539 1772 1567 cOnferunt.

982 1586 1088 1622 Rogant
1100 1585 1171 1614 enim
1186 1590 1214 1612 ut
1225 1585 1393 1618 Creatorem,
1407 1590 1436 1612 ut
1449 1585 1490 1613 sui
1507 1585 1629 1620 ﬁgmenti
1642 1585 1773 1612 rationem

982 1631 1088 1664 habeat,
1100 1637 1128 1659 et
1141 1632 1356 1660 misericordiam
1369 1631 1493 1659 conferat
1505 1631 1533 1658 in
1547 1637 1595 1658 eos
1607 1630 1652 1665 qui
1667 1629 1701 1656 ab
1714 1629 1774 1664 ipso

983 1678 1008 1705 in
1025 1685 1113 1705 rerum
1130 1682 1253 1705 naturam
1278 1682 1305 1704 ct
1330 1677 1412 1704 vitam
1427 1676 1550 1711 producti
1566 1679 1639 1703 sunt.
1665 1684 1675 1701 ‹
1694 1674 1775 1702 Pater

981 1722 1053 1749 enim
1080 1726 1180 1754 noster.
1195 1732 1205 1748 ι
1222 1722 1319 1756 inquit,
1334 1730 1344 1748 ι
1359 1721 1534 1755 nuncuparis,
1561 1727 1663 1755 nosque
1681 1727 1774 1748 sumus

981 1774 1063 1800 opera
1090 1774 1217 1794 manuum
1241 1771 1357 1794 tuarum.
1374 1765 1465 1800 Itaque
1489 1773 1522 1793 ne
1546 1765 1671 1793 irascaris
1695 1765 1773 1792 nobis

981 1811 1108 1846 graviter.
1125 1821 1134 1837 ι
1151 1811 1209 1839 Non
1224 1812 1349 1847 ignorant
1363 1819 1392 1839 se
1406 1811 1560 1843 oil'eudisse,
1572 1811 1627 1838 imo
1639 1811 1772 1839 conllten-

982 1861 1036 1889 tur,
1051 1857 1121 1891 quod
1139 1864 1169 1884 se
1184 1865 1265 1891 paena
1281 1857 1376 1892 dignos
1393 1857 1541 1890 eli'ecerint,
1556 1857 1711 1884 immaniter
1724 1857 1771 1883 de~

981 1901 1105 1930 baccliati
1121 1903 1148 1930 in
1164 1902 1273 1930 Filium.
1291 1903 1394 1930 Idcirco
1411 1903 1492 1930 etiam
1508 1902 1691 1938 precationem
1711 1906 1773 1929 tan-

982 1953 1037 1977 tum
1058 1956 1111 1977 non
1134 1949 1330 1982 conscimluut,
1346 1956 1396 1977 nec
1417 1949 1530 1977 liberum
1556 1948 1607 1976 sibi
1631 1956 1772 1977 accessum

981 1995 1136 2030 aditumque
1152 1996 1266 2028 iaciunt,
1282 1996 1329 2023 sed
1345 1995 1541 2030 aliquantulum
1560 1995 1684 2030 loquendi
1704 1994 1774 2021 [ldu-

981 2042 1050 2069 ciam
1075 2042 1249 2075 contrahunt,
1266 2041 1404 2077 Deumque
1421 2046 1501 2069 orant
1520 2040 1722 2072 miserabiliter,
1738 2047 1773 2067 ne

981 2088 1091 2116 omnino
1108 2088 1159 2116 sibi
1177 2088 1324 2120 irascatur,
1343 2088 1390 2115 sed
1408 2091 1438 2114 ut
1455 2087 1572 2115 furorem
1590 2086 1774 2122 placabilitate

142 2134 266 2166 ἐλεεινῶς
285 2134 330 2161 τὸν
354 2135 431 2168 Θεὸν,
448 2136 650 2164 ἀναπλέκεσθαι
665 2137 693 2163 δὲ
709 2137 808 2173 μᾶλλον
817 2138 927 2174 γαληνό-

1019 2138 1177 2169 ntemperet.
1189 2133 1266 2169 Digni
1280 2134 1400 2169 quidem.
1412 2134 1509 2170 inquit,
1523 2141 1616 2162 sumus
1628 2133 1706 2169 plane
1720 2133 1771 2167 ira,

142 2189 203 2215 τητι
217 2181 262 2207 τὸν
273 2181 367 2216 θυμόν.
386 2181 471 2214 Ἀξιοι
486 2182 534 2217 μὲν
561 2182 615 2219 γὰρ
637 2184 722 2219 ὀργῆς
747 2184 929 2220 ὁμολογουμέ-

142 2233 204 2256 νως,
217 2226 308 2261 φησὶν,
323 2227 346 2252 οἱ
361 2228 417 2257 τοῖς
429 2226 515 2258 οὕτως
525 2227 620 2259 δεινοῖς
635 2228 809 2263 ὲνισχημένοι
822 2231 926 2263 κακοῖς,

143 2270 211 2297 ἀλλὰ
217 2271 266 2306 τῆς
275 2271 324 2306 σῆς
337 2272 505 2307 ἡμερότητος
519 2271 592 2305 ἄξιον
604 2272 709 2306 γένοιτο
721 2273 754 2300 ἂν
761 2273 792 2299 τὸ
801 2274 927 2301 κολοϐοῦν

143 2315 185 2349 ἐφ’
199 2315 275 2350 ἡμῖν,
291 2316 337 2342 καὶ
351 2315 384 2342 τὰ
395 2317 426 2342 ἐκ
440 2315 546 2347 δικαίας
553 2316 647 2352 ὀργῆς.
660 2325 669 2342 ι
688 2317 733 2343 Ἐν
748 2317 836 2353 καιρῷ
850 2327 859 2342 ι
874 2317 928 2344 τοί-

142 2369 189 2388 νυν
217 2360 341 2396 θλίψεως,
370 2362 447 2398 φησὶ,
477 2371 486 2389 ι
511 2362 548 2398 μὴ
569 2361 691 2398 μνησθῇς
715 2362 769 2389 τῶν
788 2363 930 2398 ἁμαρτιῶν

142 2408 158 2442 ή
163 2407 231 2442 μῶν,
246 2407 343 2434 ἐννοῶν
362 2408 402 2435 ὅτι
413 2410 427 2436 ὸ
438 2409 501 2441 λαός
516 2417 563 2435 σου
575 2409 675 2440 πάντες
689 2409 780 2444 ἡμεῖς,
792 2408 838 2434 καὶ
853 2408 929 2440 πόλις

142 2451 189 2478 τοῦ
211 2452 301 2487 Ἀγίου
315 2461 372 2485 σου,
391 2463 400 2479 ο
426 2454 576 2486 τουτέστιν,
593 2454 621 2480 ὲν
682 2455 712 2480 τὸ
733 2454 778 2480 σὺν
794 2453 927 2489 ἅγίασμα.

143 2498 307 2533 Σημαίνουσι
323 2498 352 2524 δὲ
366 2499 410 2525 διὰ
424 2499 526 2525 τούτων
539 2499 585 2525 τὸν
602 2498 680 2526 νεών.

183 2543 328 2578 Ἐγενήθη
354 2544 462 2578 ἕρημος
488 2544 575 2576 Σιὼν,
600 2545 640 2576 ὡς
665 2543 774 2578 ἕρημος
801 2543 927 2578 ἐγενήθη

149 2587 365 2623 Ἰερουσαλὴμ,
397 2590 440 2621 εὶς
471 2588 604 2623 κατάραν
634 2591 650 2616 ό
677 2587 758 2621 οἶκος
783 2589 817 2615 τὸ
845 2588 929 2623 ἅγιον

143 2632 236 2668 ἡμῶν.
251 2633 270 2667 ὴ
294 2633 368 2666 δόξα
390 2633 430 2667 ἢν
445 2634 620 2669 εὐλόνησαν
635 2636 662 2661 οἱ
685 2634 811 2669 πατέρες
827 2633 927 2668 ἡμῶν,

143 2678 269 2714 ἐγενήθη
292 2679 512 2713 πυρίκαυστος,
541 2680 591 2707 καί
627 2679 724 2707 πάντα
749 2680 784 2707 τὰ
817 2680 928 2712 ἔνδοξα

180 2766 203 2783 ²¹
217 2766 275 2795 Jac.
294 2775 313 2799 ι,
329 2767 355 2794 6.

181 2858 217 2893 (Ι)
235 2857 363 2885 llunircd.
382 2857 477 2893 legisse
497 2858 601 2885 videtur
620 2857 792 2886 κολάπτουσι.

983 2180 1049 2206 adeo
1075 2178 1202 2214 gravibus
1226 2178 1302 2206 malis
1329 2179 1477 2213 implicati;
1504 2184 1532 2207 at
1558 2184 1602 2207 tua
1629 2178 1773 2206 clementia

974 2220 1088 2259 ilignum
1106 2229 1147 2251 est
1173 2224 1242 2251 iram
1259 2225 1340 2251 etiam
1360 2225 1460 2260 iustam
1482 2225 1508 2251 in
1533 2231 1582 2252 nos
1603 2225 1727 2252 minuere
1747 2230 1774 2253 ct

980 2270 1131 2296 decurlare.
1152 2278 1162 2296 ι
1188 2269 1321 2304 Tempore
1344 2279 1354 2296 ι
1378 2270 1461 2304 igitur
1481 2269 1649 2301 amictionis,
1668 2269 1773 2308 inquit.

986 2324 996 2340 ι
1015 2322 1049 2342 ne
1070 2315 1224 2342 memineris
1245 2319 1416 2349 peccatorum
1438 2318 1603 2347 nostrorum,
1618 2315 1665 2342 sed
1686 2315 1773 2349 cogita

983 2361 1110 2396 populum
1129 2359 1204 2388 tuum
1220 2368 1270 2389 nos
1285 2369 1380 2390 omnes
1393 2368 1464 2394 esse,
1479 2365 1507 2388 et
1523 2360 1660 2388 civitatem
1678 2359 1772 2388 Sancti

983 2407 1032 2437 tui,
1049 2415 1058 2432 ι
1077 2406 1102 2433 id
1118 2411 1169 2438 est,
1184 2407 1211 2434 in
1227 2415 1282 2442 qua
1300 2411 1374 2435 tuum
1390 2411 1434 2435 est
1446 2406 1643 2435 sanctuarium.
1661 2405 1773 2441 Signin-

983 2456 1046 2478 cant
1059 2456 1148 2479 autem
1162 2453 1204 2480 his
1216 2454 1306 2482 verbis
1321 2453 1459 2489 templum.

1017 2539 1097 2566 Vens.
1114 2539 1208 2568 10-12.
1226 2540 1311 2568 Facta
1334 2547 1372 2569 est
1391 2545 1493 2569 duerla
1511 2541 1592 2574 Sion;
1614 2539 1690 2576 quasi
1709 2539 1773 2567 aoli-

983 2586 1045 2612 tudo
1068 2585 1137 2619 facta
1159 2591 1196 2613 est
1216 2586 1381 2620 Jerusalem,
1400 2588 1544 2615 exsecratio
1566 2587 1659 2614 domus
1681 2590 1773 2614 sancta

981 2636 1085 2663 nostra,
1103 2631 1186 2666 gloria
1210 2633 1253 2659 cui
1277 2633 1462 2660 benedixerunt
1487 2639 1574 2669 patres
1597 2633 1696 2665 nostri,
1713 2631 1774 2667 igne

981 2677 1113 2706 combusla
1126 2683 1173 2712 est,
1186 2683 1208 2705 et
1222 2679 1308 2706 omnia
1322 2678 1437 2713 gloriosa
1451 2680 1631 2708 conciderunt.
1647 2678 1680 2706 Et
1695 2685 1771 2713 super
