1893 3052
178 151 247 179 1403

687 151 717 180 S.
738 150 876 179 CYBILLI
896 149 1131 178 ALEXANDRINI
1151 147 1311 177 ABCIIIEP.

1751 149 1767 176 ί
1774 148 1835 177 408

175 210 215 237 his
238 209 356 237 omnibus
377 214 404 235 tu
427 209 589 242 sustinuisti,
609 209 732 244 Domine,
750 214 775 238 et
797 210 918 242 tacuisti,
936 216 955 237 et

1012 209 1174 236 συνέπεσε.
1188 208 1242 235 Kal
1256 207 1306 234 ἐπὶ
1332 205 1406 234 πᾶσι
1426 206 1542 239 τούτοις
1560 206 1706 240 ἠνέσχου
1719 227 1728 238 ,
1766 209 1837 235 Κύ-

175 254 318 282 Ιιιιηιίίὲαιιὶ
333 262 378 281 nos
393 253 477 280 valde.

210 341 276 369 Cum
295 341 526 376 praesigniﬁcariut
540 341 622 369 animi
638 343 717 376 mala,
734 344 961 380 przedixerintque

175 396 204 416 se
226 388 343 422 peccatis
366 388 495 421 irretitus,
513 387 664 421 instabiles,
680 394 708 416 et
728 390 853 418 foliorum
875 391 961 419 instar

175 433 248 461 enini
268 432 332 460 ﬂatu
352 433 404 460 huc
428 433 491 460 illuc
510 434 627 469 iactatos
649 442 725 468 esse;
749 441 960 465 commemorant

176 479 301 513 deinceps
322 483 348 506 et
368 483 495 508 externas
515 479 684 508 calamitates
704 487 764 516 quze
787 481 866 509 illata:
885 488 958 514 sunt,

176 532 208 551 ac
220 525 343 552 videntur
355 524 601 561 Hierosolymorum
614 527 792 555 vastationem
808 527 958 562 deplorare,

177 570 322 605 templique
337 570 500 598 incendium.
513 571 581 599 Nam
597 577 660 607 post
672 572 826 601 Servatoris
839 581 959 606 crucem.

177 616 233 643 ha~c
258 617 347 643 omnia
369 616 463 644 elfccta
487 622 559 644 sunt.
585 627 594 644 1
624 618 656 645 Et
680 619 802 651 deserta,
824 629 833 645 ι
858 620 958 654 inquit,

178 672 186 687 1
205 661 273 689 facta
288 667 329 689 est
340 663 415 695 Sion,
432 672 442 689 ›
457 671 516 698 quae
531 665 599 692 adeo
613 665 733 699 speciosa
747 665 796 693 fuit
806 665 958 700 aliquando,

173 707 287 736 celebris
304 708 348 735 illa
377 714 404 736 et
419 709 557 744 populosa.
574 720 584 736 1
604 710 739 746 Factaque
755 717 796 738 est
810 712 961 739 exsecratio

174 754 269 781 domus
287 759 378 781 sancta
397 759 499 782 nostra.
517 764 526 781 ι
547 755 766 783 Exsccratioucm
783 757 883 788 dicunt,
901 764 958 791 pro,

175 800 386 827 contradictione
403 805 429 827 et
444 801 566 828 convicio
583 800 666 828 Deum
684 801 881 836 ignorantibus.
897 802 961 830 (Σοί⁴

174 848 246 871 tores
261 845 331 871 enim
349 845 552 878 dmmoniorum,
566 853 626 873 cum
641 847 738 879 sancti.
752 851 798 875 aut
810 848 855 882 qui
871 848 961 883 aliquo

175 889 254 916 modo
272 890 410 917 adhaerent
428 890 483 918 Deo
500 891 639 926 patiunlur
655 893 832 927 supplicium,
849 894 957 928 profuse

175 934 263 961 rident
278 939 305 961 et
321 934 469 962 ell‘eruntur
480 956 487 968 ,
503 941 531 964 et
546 937 712 970 majestatem
731 938 789 973 ejus
807 939 852 972 qui
867 944 960 967 servat

174 977 233 1005 illos
257 978 370 1007 ludibrio
391 980 500 1008 habent.
518 981 599 1017 891
623 982 721 1010 Putant
743 984 814 1011 enim
838 984 959 1012 fortassis

173 1031 282 1051 manum
299 1024 358 1060 ejus
376 1025 512 1060 laborare,
528 1034 578 1055 nec
594 1036 673 1063 posse
690 1029 750 1057 illos
766 1037 890 1061 servare;
910 1037 958 1057 nec

173 1070 291 1104 cogitant
312 1077 359 1098 eos
383 1079 470 1106 poenae
493 1073 554 1100 ideo
579 1073 715 1107 subjectos
738 1082 815 1107 esse,
831 1076 903 1110 quod
926 1083 958 1104 ea

174 1114 339 1148 patraverint
350 1123 409 1150 quae
424 1117 461 1144 illi
476 1117 629 1152 displicent.
645 1128 654 1144 1
674 1119 832 1148 Etsecratio
850 1130 859 1147 ι
878 1122 959 1157 igitur

175 1168 184 1184 1
205 1158 275 1186 facta
293 1164 334 1187 est
348 1161 442 1188 domus
461 1167 554 1190 sancta
579 1169 680 1192 nostra.
699 1174 709 1190 ι
733 1165 861 1193 Sanctum
886 1167 957 1194 enim

175 1202 228 1231 fuit
249 1206 319 1239 apud
340 1205 400 1234 illos
422 1207 560 1242 templum.
579 1207 612 1235 Et
632 1209 694 1244 igne
714 1212 882 1238 combustum
905 1216 957 1245 est,

174 1249 275 1284 inquit,
290 1252 360 1284 quod
374 1259 440 1279 voce
454 1257 610 1282 sanctorum
627 1260 735 1290 patrum
750 1258 817 1284 adeo
832 1258 958 1284 decanta-

173 1298 244 1326 tum,
267 1295 431 1324 celebratum
461 1305 493 1325 ac
522 1299 696 1333 praedicatum
726 1305 777 1329 est.
800 1301 958 1330 Concidisse

172 1340 247 1367 aiunt
259 1342 347 1368 omnia
362 1342 489 1377 gloriosa.
504 1344 580 1373 Nulla
595 1346 666 1374 enim
679 1351 739 1374 erat
753 1348 863 1375 omnino
878 1355 959 1376 rene-

173 1386 242 1413 ratio
257 1394 491 1417 sacrosanctorum
509 1398 646 1426 vasorum,
660 1400 720 1428 qua:
736 1393 762 1420 in
779 1393 871 1421 divino
889 1399 957 1421 tctu-

172 1429 216 1465 plo
231 1432 316 1465 posita
332 1432 450 1468 fuerunt,
463 1435 534 1462 nulla
551 1438 704 1465 reverentia
717 1438 760 1466 his
773 1439 818 1474 qui
834 1439 877 1466 illa
893 1439 959 1467 diri-

171 1476 247 1508 piunt
264 1482 291 1504 et
308 1477 464 1508 incendunt.
482 1490 492 1506 1
510 1482 545 1508 At
561 1483 730 1516 sustinuisti,
749 1493 758 1510 ι
780 1485 883 1519 inquit,
899 1493 908 1511 1
931 1486 956 1512 in

171 1521 214 1548 his
228 1523 353 1550 omnibus
369 1528 397 1551 et
413 1525 582 1560 conticuisti,
599 1535 704 1562 nosque
719 1530 752 1556 ad
769 1530 855 1557 solum
873 1538 957 1565 usque

172 1568 350 1600 prostravisti.
371 1578 380 1595 ι
398 1569 466 1603 Quia
479 1572 550 1599 enim
566 1573 697 1608 repellere
711 1579 818 1609 poterat
832 1576 956 1604 hostilem

172 1613 326 1647 incursum,
346 1616 468 1649 permisit
492 1622 581 1646 tamen
605 1625 653 1647 eos
676 1619 857 1654 invalescero,
877 1627 905 1649 et
929 1622 957 1650 in

172 1657 259 1691 ipsum
288 1659 369 1686 etiam
393 1661 521 1696 templum
541 1663 644 1692 irruere
665 1675 672 1692 :
697 1666 825 1701 colligunt
845 1667 907 1695 inde
928 1676 958 1696 se

172 1708 281 1736 propter
293 1704 360 1732 iram
375 1711 402 1734 et
417 1713 524 1741 peccata
540 1709 680 1743 despectos
693 1718 764 1745 esse,
779 1712 900 1748 iramque
915 1714 956 1741 his

171 1747 204 1774 de
219 1749 307 1776 causis
323 1751 486 1786 concipiunt.
500 1752 550 1786 Qui
564 1754 635 1781 enim
651 1759 740 1789 potest
754 1747 879 1791 injuriam
894 1766 956 1793 pro-

171 1793 274 1827 hibere,
288 1797 468 1829 prmtermittit
484 1803 584 1833 tamen,
597 1806 624 1828 et
639 1809 682 1829 res
697 1802 825 1830 adversas
838 1809 865 1830 et
881 1811 957 1838 aspe-

171 1845 216 1865 ras
231 1840 264 1866 ad
278 1840 358 1868 ﬁnem
373 1850 456 1877 usque
472 1847 597 1880 progredi
613 1852 639 1875 et
652 1849 799 1883 procedere
814 1850 955 1884 permittit,

170 1884 293 1912 acerbam
307 1886 373 1914 iram
388 1890 480 1922 procul
493 1891 574 1919 dubio
589 1892 614 1919 in
629 1900 675 1920 eos
690 1893 835 1922 distillasse‘
850 1899 878 1921 et
890 1895 956 1922 ellu-

170 1927 243 1956 disse
259 1937 336 1962 eum,
352 1933 523 1962 manifestum
540 1941 596 1968 est;
615 1938 650 1963 ita
668 1943 698 1965 ut
710 1939 791 1966 etiam
807 1947 883 1967 suam
900 1941 955 1976 glo-

171 1973 238 2000 riam
257 1975 388 2010 neglectui
405 1979 544 2012 habuerit,
559 1987 587 2009 et
603 1982 718 2011 ludibria
737 1985 855 2013 hostium
873 1973 955 2014 susti-

171 2019 271 2065 nuerit.
296 2021 515 2058 Quandoquidem
547 2027 614 2055 bene
641 2029 742 2056 acaidit
783 2038 831 2058 eos
863 2039 956 2065 [DCBIHIS

171 2064 246 2098 dare,
260 2074 328 2101 quos
341 2076 389 2102 par
405 2076 446 2097 est
459 2071 493 2098 ob
507 2073 589 2100 multa
605 2079 713 2107 peccata
728 2064 953 2110 suppliciorathci.

971 1549 992 1579 (Ξ

203 2153 266 2181 CAP.
284 2154 364 2183 LXV.
380 2155 462 2184 Vsus.
479 2158 508 2189 ί.
523 2158 550 2185 ‘2.
566 2159 722 2194 Manifestus
739 2162 825 2196 [acuta
840 2173 897 2191 sunt
914 2166 954 2193 his

167 2199 212 2233 qui
227 2208 266 2226 nte
281 2208 331 2228 non
346 2203 509 2236 querellam,
524 2205 643 2232 inventus
656 2215 713 2233 sum
725 2216 775 2235 non
789 2209 951 2244 interrogau-
968 2215 989 2243 ι)

167 2245 236 2271 libus
251 2253 301 2272 me.
318 2246 379 2272 Dixi
396 2254 406 2273 :
424 2247 491 2274 Ecce
507 2257 552 2283 ego
569 2252 653 2284 genti,
668 2261 727 2286 qum
744 2262 795 2280 non
812 2256 950 2289 appellavit

168 2298 260 2317 nomen
272 2299 367 2318 meum.
380 2291 500 2326 Ezpandi
511 2302 603 2323 manus
617 2305 686 2324 meas
698 2303 753 2325 tola
764 2299 816 2333 die,
828 2301 862 2328 nd
872 2310 952 2336 ροριιο

167 2335 222 2362 lum
235 2336 396 2364 incredulis":
410 2344 432 2366 et
443 2342 672 2376 eontradiceutem,
684 2345 729 2378 qui
743 2354 794 2373 non
808 2347 950 2375 ambulavit

168 2381 196 2407 in
210 2381 250 2408 via
263 2389 332 2415 vera,
345 2384 390 2411 sed
403 2390 457 2417 post
472 2391 578 2420 peccatu
593 2396 652 2416 sua.

203 2469 363 2500 Necessario
381 2473 436 2508 jam
463 2476 598 2509 prmdictis
621 2478 676 2505 hmc
700 2478 862 2507 inferuntur.
885 2479 952 2508 Nam

167 2515 293 2550 quoniam
310 2517 434 2546 dixerunt
448 2528 455 2546 :
474 2529 483 2546 1
500 2520 569 2554 Quid
583 2522 712 2551 seduxisti
726 2532 784 2558 uos,
798 2524 923 2558 Domine,
938 2534 953 2553 a

168 2561 210 2588 via
223 2562 427 2592 tualobdurasti
439 2566 518 2593 corda
531 2572 634 2601 nostra,
645 2576 678 2596 ne
689 2569 843 2599 timeremus
856 2575 881 2599 te
889 2571 923 2602 ’σοι
939 2581 948 2598 ι

166 2606 376 2644 adjeceruntque
398 2619 405 2636 :
435 2619 444 2636 1
470 2611 552 2639 Facta
576 2618 618 2640 est
639 2614 745 2642 deserta
771 2616 852 2650 Sion,
873 2617 952 2651 quasi

166 2652 283 2681 solitudo
304 2653 375 2682 facta
397 2661 439 2684 est
459 2656 620 2693 Jerusalem,
637 2665 663 2688 et
683 2662 832 2689 exsecratio
857 2663 952 2691 domus

166 2703 258 2727 sancta
275 2704 366 2729 nostra
383 2711 390 2729 :
410 2711 420 2728 ι
437 2703 563 2740 deinceps
577 2708 729 2734 necessario
754 2707 853 2735 Christi
869 2709 952 2743 ipSius

166 2750 281 2778 persona
299 2745 407 2774 inducta
423 2752 474 2782 est,
488 2756 585 2779 causas
633 2752 639 2761 ’
663 2759 669 2765 -
688 2760 699 2770 ν
718 2753 805 2771 "nmmo
895 2756 950 2775 LW.

204 2830 225 2846 ⁸⁸
244 2832 294 2860 lsa.
311 2842 390 2867 thn,
408 2836 447 2862 Π.

1007 263 1069 288 ριε,
1084 254 1132 281 καὶ
1144 253 1333 287 ἐσιώπησας,
1359 251 1409 278 καί
1425 250 1630 283 ἑταπείνωσας
1651 249 1744 285 ἡμᾶς
1769 251 1836 284 ἕως

1010 299 1137 335 σφόδρα.

1046 345 1101 376 Τὰς
1116 345 1144 371 ὲν
1162 344 1235 379 ψυχῇ
1263 342 1365 378 ζημίας
1393 341 1665 377 προαπαγγείλαντες
1677 361 1687 374 ,
1707 342 1768 368 καὶ
1784 343 1832 368 ὅτι

1011 390 1138 425 γεγόνασι
1155 391 1214 421 ταῖς
1228 389 1377 424 ἁμαρτίαις
1402 388 1531 415 εὐάλωτοι
1545 387 1811 423 πφηγορευκότες
1821 409 1829 419 ,

1011 435 1197 471 εὐπαράφοροί
1213 443 1243 461 τε
1259 434 1306 461 καὶ
1319 433 1425 468 φύλλων
1446 433 1524 467 δίκην
1537 433 1589 460 ὑπὸ
1603 434 1715 465 παντὸς
1732 433 1830 460 πνεύ-

1013 490 1096 518 ματος
1112 480 1176 517 τῇδέ
1188 489 1218 507 τε
1235 480 1348 507 κάκεῖσε
1373 479 1631 515 διαρῤυπτούμενοι,
1649 480 1828 515 διαμνημο-

1011 527 1118 554 νεύουσι
1136 526 1228 553 λοιπὺν
1256 526 1304 552 καὶ
1318 525 1373 551 τῶν
1395 525 1494 557 ἔξωθεν
1508 524 1601 556 αὐτοῖς
1616 524 1826 559 ἐπενηνεγμέ-

1011 581 1063 600 νων
1092 572 1248 608 συμφορῶν·
1279 571 1385 597 ἐοίκασι
1409 570 1437 597 δὲ
1458 570 1507 605 τὴν
1536 569 1590 596 τῶν
1607 569 1825 606 Ἰεροσολύμων

1011 619 1143 655 πόρθησιν
1157 617 1350 653 ὀλοφύρεσθαι,
1364 617 1411 644 καὶ
1423 617 1467 643 τὸν
1478 615 1644 652 ἐμπρησμὸν
1659 615 1713 642 τοῦ
1728 615 1805 642 ναοῦ
1815 623 1821 628 ·

1013 664 1081 700 μετὰ
1094 665 1149 699 γάρ
1164 672 1204 690 τοι
1229 663 1274 690 τὸν
1297 663 1344 689 τοῦ
1365 662 1492 697 Σωτῆρος
1514 661 1642 697 σταυρὸν,
1673 661 1766 687 ταυτὶ
1787 660 1821 694 δὴ

1012 710 1100 736 πάντα
1115 709 1277 736 τετέλεσται·
1294 709 1433 743 (Ἔρημος
1446 707 1474 734 δὲ
1485 704 1531 734 οὖν
1542 706 1659 742 ἐγενήθη
1671 707 1690 742 ἡ
1708 705 1801 737 Σιὼν,
1810 715 1818 730 ι

1012 755 1110 791 φησιν,
1137 756 1153 789 ἠ
1184 753 1336 790 διαπρεπὴς
1370 753 1451 785 οὕτω,
1486 753 1533 780 καὶ
1559 752 1729 787 διαϐόητος,
1768 752 1820 777 καὶ

1013 799 1216 834 πολυανδροῦσα
1231 798 1308 825 ποτέ.
1329 807 1338 823 1
1357 797 1455 831 Γέγονε
1475 797 1503 823 δὲ
1519 797 1566 824 καὶ
1579 797 1618 828 είς
1629 796 1766 830 κατάραν
1789 795 1820 821 τὸ

1012 847 1089 881 ἅγιον
1100 845 1190 881 ἡμῶν·
1205 854 1214 870 ι
1223 844 1255 870 τὸ
1267 844 1305 876 δὲ,
1319 843 1442 878 κατάραν
1453 843 1545 877 φασὶν,
1554 842 1616 869 ἀντὶ
1629 841 1690 873 τοῦ,
1705 842 1748 872 είς
1761 849 1817 868 κα-

973 884 995 914 Β
1007 891 1141 927 τάρρησιν
1160 889 1208 916 καὶ
1229 888 1361 923 λοιδορίαν
1374 888 1431 919 τοῖς
1452 887 1503 914 οὐκ
1522 886 1604 913 εἰδόσι
1619 886 1700 913 Θεόν·
1714 886 1742 912 οί
1758 886 1817 920 γὰρ

1009 936 1064 963 τῶν
1076 935 1211 971 δαιμόνων
1232 933 1399 969 θεραπευταὶ
1415 932 1576 968 πασχόντων
1603 932 1704 966 ἁγίων,
1722 932 1815 966 ἧγουν

1009 981 1062 1008 τῶν
1073 981 1134 1009 καθ’
1145 979 1285 1008 ὁντιναοῦν
1298 979 1398 1015 τρόπον
1413 978 1601 1014 ἀνακειμένων
1620 977 1697 1013 Θεῷ,
1717 977 1813 1004 πλατὺ

1008 1028 1118 1062 γελῶσι,
1137 1027 1184 1054 καὶ
1210 1026 1437 1061 κατεπαίρονται.
1457 1025 1504 1052 καὶ
1527 1024 1577 1061 τὴν
1595 1024 1644 1051 τοῦ
1669 1023 1814 1055 σώζοντος

1009 1074 1108 1105 αὐτοὺς
1124 1072 1282 1108 διασύρουσι
1298 1071 1387 1104 δόξαν,
1410 1071 1517 1098 Οῐονται
1537 1070 1592 1105 γὰρ
1608 1070 1675 1101 ἴσως
1686 1068 1741 1104 τὴν
1759 1068 1811 1095 αὐ⁸

1009 1120 1054 1148 τοῦ
1069 1121 1149 1155 χεῖρα
1175 1119 1272 1145 παθεῖν
1294 1118 1324 1144 τὸ
1346 1118 1384 1152 μὴ
1399 1117 1505 1152 ἰσχῦσαι
1517 1116 1615 1148 σώζειν
1630 1115 1743 1145 αὐτοὺς,
1760 1115 1809 1140 καὶ

1008 1166 1058 1193 οὐκ
1079 1164 1225 1196 ἐννοοῦσιν,
1236 1163 1274 1190 ὅτι
1289 1161 1465 1189 πεπτώκασιν
1476 1161 1527 1187 ὑπὸ
1534 1160 1613 1195 δίκην
1628 1159 1809 1195 πεπραχᾶτες

1008 1211 1068 1238 τινὰ
1078 1210 1132 1237 τῶν
1148 1208 1305 1246 ἀπᾳδόντων
1333 1206 1416 1242 αὐτῷ.
1445 1216 1453 1233 1
1473 1206 1520 1237 Εἰς
1536 1206 1661 1241 κατάραν
1677 1214 1686 1231 ι
1712 1204 1806 1231 τοίνυν

1012 1266 1021 1283 1
1035 1257 1049 1283 ὁ
1063 1254 1136 1287 οἶκος
1147 1255 1178 1281 τὸ
1191 1255 1268 1288 ἅγιον
1282 1253 1371 1289 ὴμῶν.
1386 1262 1395 1279 ι
1409 1252 1503 1287 ’Ἄγιος
1517 1251 1571 1286 γὰρ
1580 1249 1614 1286 ἦν
1627 1250 1694 1286 παρ’
1710 1250 1805 1280 αὐτοῖς

1008 1302 1022 1328 ὁ
1032 1300 1104 1332 ναὸς,
1111 1299 1205 1334 γέγονε
1216 1299 1244 1325 δὲ
1259 1299 1305 1325 καὶ
1317 1298 1512 1335 πυρίκαυστος,
1525 1297 1637 1331 (meimei
1648 1295 1693 1322 διὰ
1708 1297 1803 1331 φωνῆς

1008 1346 1064 1374 τῶν
1079 1345 1164 1380 ἁγίων
1182 1345 1318 1380 πατέρων,
1336 1343 1406 1371 ὥστε
1427 1342 1588 1378 περιφανὴς.
1605 1341 1653 1381 κα).
1679 1341 1803 1376 ἀοίδιμος

1008 1389 1285 1426 προαπηγγελμένος·
1316 1387 1545 1425 συμπεπτωκέναι
1573 1386 1601 1413 δέ
1619 1394 1687 1420 φασι
1712 1387 1802 1413 πάντα

1008 1436 1042 1463 τὰ
1058 1434 1160 1468 ἔνδοξα·
1176 1435 1301 1471 σέϐασμα
1320 1434 1374 1470 γὰρ
1391 1432 1425 1469 ἦν
1438 1433 1505 1465 ὅλως
1532 1432 1609 1459 οὐδὲν
1639 1432 1694 1458 τῶν
1721 1431 1749 1458 ὲν
1761 1431 1801 1466 τῷ

1009 1481 1073 1516 θείῳ
1084 1480 1141 1516 ναῷ
1153 1481 1288 1516 κειμένων
1304 1479 1410 1506 σκευῶν
1427 1478 1518 1514 ἱερῶν,
1533 1479 1589 1509 τοῖς
1602 1477 1800 1513 διαρπάζουσιν

1008 1526 1089 1559 αὐτὰ,
1109 1527 1155 1553 καὶ
1168 1526 1404 1561 καταπιμπρᾶσιν·
1429 1534 1438 1550 1
1463 1524 1591 1559 Ἠνέσχου
1615 1523 1654 1555 δὲ,
1676 1533 1686 1548 ι
1703 1523 1796 1557 φησιν,

1012 1583 1021 1599 1
1037 1573 1083 1600 ἐπὶ
1099 1573 1166 1599 πᾶσι
1181 1572 1295 1603 τούτοις,
1316 1571 1363 1598 καὶ
1376 1570 1568 1604 κατεσίγησας,
1585 1570 1633 1596 καὶ
1649 1569 1795 1604 κατεκόμι-

1009 1628 1060 1651 σας
1077 1620 1150 1654 ἡμᾶς
1166 1618 1217 1650 ἕως
1239 1618 1363 1652 ἐδάφους.
1382 1627 1390 1642 ι
1418 1616 1527 1650 Ἐπειδὴ
1552 1615 1607 1652 γὰρ
1627 1615 1795 1650 ἀποσοᾶῆσαι

1008 1664 1155 1699 δυνάμενος
1167 1663 1221 1690 τῶν
1233 1663 1369 1697 πολεμίων
1384 1661 1433 1697 τὴν
1459 1660 1564 1695 ἔφοδον,
1586 1660 1793 1696 συγκεχώρηκεν

1010 1711 1127 1745 ἰσχῦσαι,
1139 1710 1185 1736 καὶ
1201 1709 1397 1743 καταδραμεῖν,
1420 1706 1467 1733 καὶ
1487 1705 1570 1733 αὐτοῦ
1585 1705 1632 1732 τοῦ
1658 1705 1720 1737 νεὼ,
1738 1705 1792 1731 δια-

1007 1756 1200 1791 τεκμαίρονται
1214 1755 1318 1786 λοιπὸν,
1348 1754 1388 1780 ὅτι
1415 1752 1608 1789 παρεώρανται
1637 1751 1671 1778 δι’
1695 1751 1789 1787 ὀργὴν,

1008 1802 1054 1828 καὶ
1071 1801 1213 1836 ἁμαρτιῶν
1243 1800 1379 1834 ἐπίχειρα,
1406 1797 1454 1833 τὴν
1472 1797 1516 1824 ἐπ’
1538 1797 1631 1829 αὐτοῖς
1644 1796 1677 1832 δὴ
1691 1797 1790 1827 τούτοις

1008 1847 1087 1883 σιγὴν
1110 1847 1269 1882 ἐσχήκασιν.
1295 1842 1330 1880 Ti.)
1351 1845 1405 1879 γὰρ
1430 1845 1489 1871 ἐνὸν
1508 1843 1627 1874 εὐκόλως
1642 1842 1788 1876 ἀποστῆσαι

1007 1893 1055 1927 τὴν
1066 1892 1154 1926 ὕϐριν,
1169 1890 1228 1918 εἶτα
1247 1890 1325 1917 τοῦτο
1341 1890 1443 1925 μεθεὶς,
1463 1890 1509 1917 καὶ⁹
1529 1888 1671 1925 προελθεῖν
1687 1888 1725 1919 είς
1746 1888 1787 1914 πέ-

1009 1948 1058 1975 ρας
1069 1938 1154 1972 ἐφιεὶς
1164 1938 1199 1964 τὰ
1214 1937 1298 1968 δεινὰ,
1314 1936 1394 1971 δῆλος
1405 1936 1439 1963 ἂν
1461 1936 1503 1971 εἴη
1514 1934 1648 1970 δήπουθεν
1671 1934 1787 1969 δριμεῖαν

1007 1985 1098 2016 αὐτοῖς
1112 1983 1262 2016 ἑπιστάξας
1283 1982 1380 2018 ὀργὴν,
1395 1981 1433 2014 ὡς
1459 1982 1507 2008 καὶ
1523 1980 1603 2016 δόξης
1621 1979 1689 2011 ἰδίας
1709 1980 1786 2014 ὑπερ-

1008 2030 1082 2063 ιδεῖν,
1095 2029 1143 2056 καὶ
1155 2028 1320 2064 ἀνασχέσθαι
1336 2028 1453 2062 γέλωτος
1463 2026 1579 2063 ἐχθρῶν,
1596 2027 1661 2053 ὅταν
1680 2025 1783 2061 ἐκϐαίνῃ

1004 2074 1096 2106 καλῶς
1108 2073 1139 2100 τὸ
1152 2073 1305 2100 ἑκτιννύναι
1317 2072 1395 2104 δίκας
1404 2069 1513 2103 τοὺςοῖς
1523 2071 1555 2098 ἂν
1571 2071 1672 2107 πρέποι
1686 2071 1782 2102 κολάζε-

1007 2119 1068 2147 σθαι
1079 2119 1122 2146 διὰ
1135 2118 1237 2153 πολλὴν
1254 2117 1403 2153 ἁμαρτίαν.

1046 2164 1196 2200 Ἑμφανὴς
1225 2163 1372 2198 ἐγενόμην
1403 2161 1465 2195 τοῖς
1488 2161 1541 2196 ἐμὲ
1566 2160 1610 2195 μὴ
1641 2160 1777 2194 ζητοῦσιν,

1001 2211 1126 2244 εὐρέθην
1139 2209 1199 2242 τοῖς
1210 2208 1262 2243 ἐμὲ
1269 2208 1312 2243 μὴ
1324 2207 1520 2242 ἐπερωτῶσιν.
1534 2205 1623 2234 Εἶπαο
1640 2206 1715 2234 Ἰδοὺ
1727 2206 1777 2241 εἰμί

1004 2255 1044 2288 τῷ
1062 2255 1150 2285 ἔθνει,
1166 2254 1194 2281 οἳ
1216 2254 1273 2280 οὐκ
1297 2252 1521 2280 ἐπεκαλέσαντο
1550 2252 1584 2278 τὸ
1609 2251 1702 2286 ὄνομά
1716 2260 1775 2286 μου.

1010 2300 1190 2332 Ἑξεπέτασα
1211 2299 1264 2332 τὰς
1281 2298 1381 2334 χεῖράς
1410 2307 1466 2333 μου
1491 2298 1568 2332 ὅλην
1600 2297 1658 2332 τὴν
1678 2298 1778 2332 ἡμέραν

1005 2346 1079 2380 πρὸς
1092 2345 1169 2372 λαὸν
1181 2344 1373 2375 ἀπειθοῦντα,
1391 2344 1441 2371 καί
1450 2344 1657 2378 ἀντιλέγοντα,
1681 2343 1708 2370 οἳ
1726 2344 1772 2370 οὐκ

1004 2393 1213 2426 ἐπορεύθησαν
1239 2391 1298 2424 ὀδῷ
1323 2391 1476 2426 ἀληθείας,
1503 2391 1586 2418 ἀλλὰ
1616 2390 1709 2417 ὀπίσω
1726 2389 1774 2417 τῶν

1003 2437 1152 2473 ἁμαρτιῶν
1168 2437 1276 2464 αὐτῶν.

1045 2483 1214 2517 ’Λναγκαίως
1244 2483 1301 2514 τοῖς
1325 2483 1375 2518 ήδη
1401 2482 1611 2518 προειρημένοις
1631 2481 1771 2516 ἐπιφέρεται

1003 2529 1100 2556 ταῦτα.
1124 2528 1233 2564 Ἐπειδὴ
1247 2529 1301 2565 γὰρ
1321 2528 1450 2563 ἔφασκοψ
1469 2538 1478 2554 1
1493 2529 1525 2554 Τί
1540 2528 1692 2563 ὲπλάνησας
1701 2528 1770 2563 ἡμᾶς,

1004 2573 1101 2608 Κύριε,
1126 2573 1180 2600 ἀπὸ
1201 2575 1250 2609 τῆς
1276 2572 1337 2600 ὁδοῦ
1367 2582 1432 2607 σονς
1463 2573 1633 2608 ὲσκλήρυνας
1648 2572 1719 2608 ὴμῶν
1732 2573 1770 2604 τὰς

1000 2619 1112 2654 καρδίας
1127 2619 1174 2646 τοῦ
1187 2620 1224 2655 μὴ
1234 2619 1375 2654 φοϐεῖσθαί
1387 2628 1426 2646 σε·
1439 2629 1449 2646 ι
1469 2620 1680 2655 προσεπήγαγον
1691 2619 1723 2651 δὲ,
1737 2619 1768 2645 im

1003 2675 1012 2691 1
1024 2665 1155 2701 Ἐγενήθη
1176 2665 1280 2701 ἔρημος
1292 2664 1372 2697 Σιὼν,
1383 2665 1421 2697 ὡς
1433 2665 1535 2701 ἕρημος
1550 2665 1666 2700 ἐγενήθη
1687 2664 1767 2698 Ἰερου-

1000 2711 1101 2746 σαλὴμ,
1126 2711 1165 2742 είς
1178 2711 1301 2746 κατάραν
1319 2709 1415 2742 ὁοῐκος
1427 2711 1442 2737 ὸ
1457 2711 1534 2745 ἅγιος
1550 2710 1645 2746 ἡμῶν.
1665 2720 1674 2736 ι
1694 2709 1767 2736 λοιπὸν

1000 2757 1156 2787 ἀντινναίως
1172 2757 1202 2782 τὸ
1217 2755 1299 2783 αὑτοῦ
1317 2755 1463 2791 πρόσωπον
1479 2755 1624 2790 εισΰέδηκε
1646 2754 1691 2781 τοῦ
1712 2754 1765 2789 Χρι-
