  <div class='ocr_page' id='page_1' title='image "/cluster/home/n/w/nwhite01/storage/ocr_20150623/70/njp.32101077772737/818.png"; bbox 0 0 1893 3052; ppageno 0'>
   <div class='ocr_carea' id='block_1_1' title="bbox 202 173 273 201">
    <p class='ocr_par' dir='ltr' id='par_1_1' title="bbox 202 173 273 201">
     <span class='ocr_line' id='line_1_1' title="bbox 202 173 273 201; baseline -0.028 0"><span class='ocrx_word' id='word_1_1' title='bbox 202 173 273 201; x_wconf 64' lang='grc'><strong>1405</strong></span> 
     </span>
    </p>
   </div>
   <div class='ocr_carea' id='block_1_2' title="bbox 766 175 1271 206">
    <p class='ocr_par' dir='ltr' id='par_1_2' title="bbox 766 175 1271 206">
     <span class='ocr_line' id='line_1_2' title="bbox 766 175 1271 206; baseline 0.004 -3"><span class='ocrx_word' id='word_1_2' title='bbox 766 175 798 202; x_wconf 72' lang='grc' dir='ltr'><strong>ΙΝ</strong></span> <span class='ocrx_word' id='word_1_3' title='bbox 817 175 930 204; x_wconf 74' lang='grc' dir='ltr'><strong>ΙΞΑΙᾹΜ</strong></span> <span class='ocrx_word' id='word_1_4' title='bbox 952 176 1015 205; x_wconf 80' lang='lat' dir='ltr'><strong>LIB.</strong></span> <span class='ocrx_word' id='word_1_5' title='bbox 1038 177 1068 204; x_wconf 83' lang='lat' dir='ltr'><strong>V.</strong></span> <span class='ocrx_word' id='word_1_6' title='bbox 1093 177 1210 205; x_wconf 57' lang='lat' dir='ltr'><strong>TOSIUS</strong></span> <span class='ocrx_word' id='word_1_7' title='bbox 1229 177 1271 206; x_wconf 82' lang='lat' dir='ltr'><strong>Vl.</strong></span> 
     </span>
    </p>
   </div>
   <div class='ocr_carea' id='block_1_3' title="bbox 1756 181 1834 210">
    <p class='ocr_par' dir='ltr' id='par_1_3' title="bbox 1756 181 1834 210">
     <span class='ocr_line' id='line_1_3' title="bbox 1756 181 1834 210; baseline 0.013 -1"><span class='ocrx_word' id='word_1_8' title='bbox 1756 183 1768 209; x_wconf 79' lang='grc' dir='ltr'><strong>Ι</strong></span> <span class='ocrx_word' id='word_1_9' title='bbox 1774 181 1834 210; x_wconf 73' lang='grc'><strong>-106“</strong></span> 
     </span>
    </p>
   </div>
   <div class='ocr_carea' id='block_1_4' title="bbox 201 229 984 272">
    <p class='ocr_par' dir='ltr' id='par_1_4' title="bbox 201 229 984 268">
     <span class='ocr_line' id='line_1_4' title="bbox 201 229 984 268; baseline 0.008 -12"><span class='ocrx_word' id='word_1_10' title='bbox 201 230 280 263; x_wconf 85' lang='grc' dir='ltr'>στοῦ,</span> <span class='ocrx_word' id='word_1_11' title='bbox 296 230 345 262; x_wconf 76' lang='grc' dir='ltr'><strong>τὰς</strong></span> <span class='ocrx_word' id='word_1_12' title='bbox 360 229 449 261; x_wconf 76' lang='grc' dir='ltr'>αἰτίας</span> <span class='ocrx_word' id='word_1_13' title='bbox 465 229 560 265; x_wconf 75' lang='grc' dir='ltr'>ὥσπερ</span> <span class='ocrx_word' id='word_1_14' title='bbox 580 231 770 266; x_wconf 75' lang='grc' dir='ltr'>ἀπαγγέλλων,</span> <span class='ocrx_word' id='word_1_15' title='bbox 795 235 838 268; x_wconf 73' lang='grc' dir='ltr'><strong>ἐφ’</strong></span> <span class='ocrx_word' id='word_1_16' title='bbox 855 232 897 266; x_wconf 71' lang='grc' dir='ltr'>αἷς</span> <span class='ocrx_word' id='word_1_17' title='bbox 917 235 984 262; x_wconf 80' lang='grc' dir='ltr'>εἰκό-</span> 
     </span>
    </p>
   </div>
   <div class='ocr_carea' id='block_1_5' title="bbox 1047 229 1824 272">
    <p class='ocr_par' dir='ltr' id='par_1_5' title="bbox 1047 235 1824 272">
     <span class='ocr_line' id='line_1_5' title="bbox 1047 235 1824 272; baseline 0.006 -10"><span class='ocrx_word' id='word_1_18' title='bbox 1047 236 1138 263; x_wconf 70' lang='lat' dir='ltr'><strong>nterito</strong></span> <span class='ocrx_word' id='word_1_19' title='bbox 1152 237 1223 271; x_wconf 85' lang='lat' dir='ltr'><strong>passi</strong></span> <span class='ocrx_word' id='word_1_20' title='bbox 1241 235 1350 264; x_wconf 79' lang='lat' dir='ltr'><strong>fuerint.</strong></span> <span class='ocrx_word' id='word_1_21' title='bbox 1363 235 1421 263; x_wconf 81' lang='lat' dir='ltr'><strong>Non</strong></span> <span class='ocrx_word' id='word_1_22' title='bbox 1437 236 1489 264; x_wconf 85' lang='lat' dir='ltr'><strong>sibi</strong></span> <span class='ocrx_word' id='word_1_23' title='bbox 1506 244 1601 266; x_wconf 78' lang='lat' dir='ltr'><strong>causas</strong></span> <span class='ocrx_word' id='word_1_24' title='bbox 1617 239 1766 272; x_wconf 83' lang='lat' dir='ltr'><strong>ascribunt,</strong></span> <span class='ocrx_word' id='word_1_25' title='bbox 1777 242 1824 267; x_wconf 85' lang='lat' dir='ltr'><strong>sed</strong></span> 
     </span>
    </p>
   </div>
   <div class='ocr_carea' id='block_1_6' title="bbox 200 275 990 315">
    <p class='ocr_par' dir='ltr' id='par_1_6' title="bbox 200 275 990 315">
     <span class='ocr_line' id='line_1_6' title="bbox 200 275 990 315; baseline 0.005 -13"><span class='ocrx_word' id='word_1_26' title='bbox 200 285 257 307; x_wconf 80' lang='grc' dir='ltr'><strong>τως</strong></span> <span class='ocrx_word' id='word_1_27' title='bbox 270 275 350 302; x_wconf 78' lang='grc' dir='ltr'>ταυτὶ</span> <span class='ocrx_word' id='word_1_28' title='bbox 362 275 537 306; x_wconf 78' lang='grc' dir='ltr'><strong>πεπονθότες,</strong></span> <span class='ocrx_word' id='word_1_29' title='bbox 563 276 611 311; x_wconf 79' lang='grc' dir='ltr'><strong>οὐχ</strong></span> <span class='ocrx_word' id='word_1_30' title='bbox 636 277 741 309; x_wconf 77' lang='grc' dir='ltr'><strong>ἑαυτοῖς</strong></span> <span class='ocrx_word' id='word_1_31' title='bbox 757 279 857 312; x_wconf 85' lang='grc' dir='ltr'>μᾶλλον</span> <span class='ocrx_word' id='word_1_32' title='bbox 877 279 990 315; x_wconf 78' lang='grc' dir='ltr'>ἐπιγρά-</span> 
     </span>
    </p>
   </div>
   <div class='ocr_carea' id='block_1_7' title="bbox 201 320 991 360">
    <p class='ocr_par' dir='ltr' id='par_1_7' title="bbox 201 320 991 360">
     <span class='ocr_line' id='line_1_7' title="bbox 201 320 991 360; baseline 0.005 -13"><span class='ocrx_word' id='word_1_33' title='bbox 201 330 283 355; x_wconf 77' lang='grc' dir='ltr'>φουσι</span> <span class='ocrx_word' id='word_1_34' title='bbox 308 322 358 352; x_wconf 81' lang='grc' dir='ltr'><strong>τὰς</strong></span> <span class='ocrx_word' id='word_1_35' title='bbox 376 320 476 353; x_wconf 74' lang='grc' dir='ltr'>αἰτίας,</span> <span class='ocrx_word' id='word_1_36' title='bbox 494 321 667 355; x_wconf 73' lang='grc' dir='ltr'>ἐγκαλοῦσιν.</span> <span class='ocrx_word' id='word_1_37' title='bbox 691 322 785 358; x_wconf 81' lang='grc' dir='ltr'>ὥσπερ</span> <span class='ocrx_word' id='word_1_38' title='bbox 797 324 836 358; x_wconf 80' lang='grc' dir='ltr'><strong>τῷ</strong></span> <span class='ocrx_word' id='word_1_39' title='bbox 850 324 898 359; x_wconf 72' lang='grc' dir='ltr'>τὴν</span> <span class='ocrx_word' id='word_1_40' title='bbox 918 325 991 360; x_wconf 73' lang='grc' dir='ltr'>ίσόρ‹</span> 
     </span>
    </p>
   </div>
   <div class='ocr_carea' id='block_1_8' title="bbox 201 365 984 403">
    <p class='ocr_par' dir='ltr' id='par_1_8' title="bbox 201 365 984 403">
     <span class='ocr_line' id='line_1_8' title="bbox 201 365 984 403; baseline 0.003 -11"><span class='ocrx_word' id='word_1_41' title='bbox 201 368 286 401; x_wconf 82' lang='grc' dir='ltr'>ῥοπον</span> <span class='ocrx_word' id='word_1_42' title='bbox 294 366 382 397; x_wconf 86' lang='grc' dir='ltr'>αὐτοῖς</span> <span class='ocrx_word' id='word_1_43' title='bbox 393 365 522 399; x_wconf 75' lang='grc' dir='ltr'><strong>ἐπάγοντι</strong></span> <span class='ocrx_word' id='word_1_44' title='bbox 529 365 615 401; x_wconf 86' lang='grc' dir='ltr'>δίκην.</span> <span class='ocrx_word' id='word_1_45' title='bbox 628 375 637 392; x_wconf 99' lang='lat'><strong>4</strong></span> <span class='ocrx_word' id='word_1_46' title='bbox 649 367 789 402; x_wconf 62' lang='grc' dir='ltr'>Ἐμῃανὴς</span> <span class='ocrx_word' id='word_1_47' title='bbox 797 367 851 403; x_wconf 81' lang='grc' dir='ltr'><strong>γὰρ</strong></span> <span class='ocrx_word' id='word_1_48' title='bbox 859 368 967 402; x_wconf 82' lang='grc' dir='ltr'>γέγονα,</span> <span class='ocrx_word' id='word_1_49' title='bbox 975 377 984 394; x_wconf 73' lang='grc' dir='ltr'><strong>ι</strong></span> 
     </span>
    </p>
   </div>
   <div class='ocr_carea' id='block_1_9' title="bbox 202 411 989 448">
    <p class='ocr_par' dir='ltr' id='par_1_9' title="bbox 202 411 989 448">
     <span class='ocr_line' id='line_1_9' title="bbox 202 411 989 448; baseline 0 -10"><span class='ocrx_word' id='word_1_50' title='bbox 202 412 283 447; x_wconf 75' lang='grc' dir='ltr'>φησὶ,</span> <span class='ocrx_word' id='word_1_51' title='bbox 302 421 311 436; x_wconf 98' lang='lat'><strong>4</strong></span> <span class='ocrx_word' id='word_1_52' title='bbox 324 412 372 438; x_wconf 78' lang='grc' dir='ltr'>καὶ</span> <span class='ocrx_word' id='word_1_53' title='bbox 390 412 446 442; x_wconf 81' lang='grc' dir='ltr'>τοῖς</span> <span class='ocrx_word' id='word_1_54' title='bbox 461 411 510 445; x_wconf 78' lang='grc' dir='ltr'><strong>ἐμὲ</strong></span> <span class='ocrx_word' id='word_1_55' title='bbox 523 411 560 445; x_wconf 83' lang='grc' dir='ltr'>μὴ</span> <span class='ocrx_word' id='word_1_56' title='bbox 582 411 719 446; x_wconf 83' lang='grc' dir='ltr'>ζητοῦσιν,</span> <span class='ocrx_word' id='word_1_57' title='bbox 740 412 854 447; x_wconf 83' lang='grc' dir='ltr'>εὐρέοην</span> <span class='ocrx_word' id='word_1_58' title='bbox 869 414 923 444; x_wconf 84' lang='grc' dir='ltr'>τοῖς</span> <span class='ocrx_word' id='word_1_59' title='bbox 940 412 989 448; x_wconf 76' lang='grc' dir='ltr'><strong>ἐμὲ</strong></span> 
     </span>
    </p>
   </div>
   <div class='ocr_carea' id='block_1_10' title="bbox 203 455 990 493">
    <p class='ocr_par' dir='ltr' id='par_1_10' title="bbox 203 455 990 493">
     <span class='ocr_line' id='line_1_10' title="bbox 203 455 990 493; baseline 0.001 -11"><span class='ocrx_word' id='word_1_60' title='bbox 203 456 244 492; x_wconf 78' lang='grc' dir='ltr'>μὴ</span> <span class='ocrx_word' id='word_1_61' title='bbox 261 456 443 492; x_wconf 73' lang='grc' dir='ltr'>ὲπερωτῶσιψ</span> <span class='ocrx_word' id='word_1_62' title='bbox 459 465 468 482; x_wconf 69' lang='grc' dir='ltr'><strong>ι</strong></span> <span class='ocrx_word' id='word_1_63' title='bbox 481 455 628 490; x_wconf 79' lang='grc' dir='ltr'><strong>αὐτόμολος</strong></span> <span class='ocrx_word' id='word_1_64' title='bbox 641 455 695 491; x_wconf 84' lang='grc' dir='ltr'><strong>γὰρ</strong></span> <span class='ocrx_word' id='word_1_65' title='bbox 709 457 722 483; x_wconf 87' lang='grc' dir='ltr'><strong>ὁ</strong></span> <span class='ocrx_word' id='word_1_66' title='bbox 736 455 831 492; x_wconf 80' lang='grc' dir='ltr'>Σωτὴρ</span> <span class='ocrx_word' id='word_1_67' title='bbox 843 457 990 493; x_wconf 80' lang='grc' dir='ltr'>είστρέχων</span> 
     </span>
    </p>
   </div>
   <div class='ocr_carea' id='block_1_11' title="bbox 204 501 991 538">
    <p class='ocr_par' dir='ltr' id='par_1_11' title="bbox 204 501 991 538">
     <span class='ocr_line' id='line_1_11' title="bbox 204 501 991 538; baseline 0 -9"><span class='ocrx_word' id='word_1_68' title='bbox 204 503 237 528; x_wconf 76' lang='grc' dir='ltr'>ἐν</span> <span class='ocrx_word' id='word_1_69' title='bbox 252 504 312 534; x_wconf 88' lang='grc' dir='ltr'>ταῖς</span> <span class='ocrx_word' id='word_1_70' title='bbox 326 503 507 536; x_wconf 79' lang='grc' dir='ltr'><strong>συναγωγαῖς,</strong></span> <span class='ocrx_word' id='word_1_71' title='bbox 523 502 662 529; x_wconf 78' lang='grc' dir='ltr'>ἐδίδασκεν</span> <span class='ocrx_word' id='word_1_72' title='bbox 684 503 783 533; x_wconf 83' lang='grc' dir='ltr'>αὐτοὺς</span> <span class='ocrx_word' id='word_1_73' title='bbox 804 502 950 538; x_wconf 80' lang='grc' dir='ltr'><strong>κηρύσσων</strong></span> <span class='ocrx_word' id='word_1_74' title='bbox 960 501 991 529; x_wconf 80' lang='grc' dir='ltr'>τὸ</span> 
     </span>
    </p>
   </div>
   <div class='ocr_carea' id='block_1_12' title="bbox 201 547 991 584">
    <p class='ocr_par' dir='ltr' id='par_1_12' title="bbox 201 547 991 584">
     <span class='ocr_line' id='line_1_12' title="bbox 201 547 991 584; baseline 0 -10"><span class='ocrx_word' id='word_1_75' title='bbox 201 548 364 582; x_wconf 78' lang='grc' dir='ltr'>εὐαγγέλιον</span> <span class='ocrx_word' id='word_1_76' title='bbox 391 548 442 583; x_wconf 80' lang='grc' dir='ltr'>τῆς</span> <span class='ocrx_word' id='word_1_77' title='bbox 471 547 628 583; x_wconf 81' lang='grc' dir='ltr'>βασιλείας,</span> <span class='ocrx_word' id='word_1_78' title='bbox 657 547 705 574; x_wconf 73' lang='grc' dir='ltr'><strong>καὶ</strong></span> <span class='ocrx_word' id='word_1_79' title='bbox 729 548 887 584; x_wconf 80' lang='grc' dir='ltr'><strong>θεραπεύων</strong></span> <span class='ocrx_word' id='word_1_80' title='bbox 903 548 991 574; x_wconf 81' lang='grc' dir='ltr'>πᾶσαν</span> 
     </span>
    </p>
   </div>
   <div class='ocr_carea' id='block_1_13' title="bbox 204 593 991 628">
    <p class='ocr_par' dir='ltr' id='par_1_13' title="bbox 204 593 991 628">
     <span class='ocr_line' id='line_1_13' title="bbox 204 593 991 628; baseline 0.001 -9"><span class='ocrx_word' id='word_1_81' title='bbox 204 594 284 620; x_wconf 80' lang='grc' dir='ltr'>νόσον</span> <span class='ocrx_word' id='word_1_82' title='bbox 307 593 354 620; x_wconf 76' lang='grc' dir='ltr'>καὶ</span> <span class='ocrx_word' id='word_1_83' title='bbox 375 594 466 620; x_wconf 72' lang='grc' dir='ltr'>πᾶσαν</span> <span class='ocrx_word' id='word_1_84' title='bbox 489 593 626 628; x_wconf 77' lang='grc' dir='ltr'>μαλακίαν</span> <span class='ocrx_word' id='word_1_85' title='bbox 648 594 678 620; x_wconf 79' lang='grc' dir='ltr'>ἐν</span> <span class='ocrx_word' id='word_1_86' title='bbox 701 593 741 628; x_wconf 84' lang='grc' dir='ltr'><strong>τῷ</strong></span> <span class='ocrx_word' id='word_1_87' title='bbox 757 593 824 628; x_wconf 86' lang='grc' dir='ltr'><strong>λαῷ,</strong></span> <span class='ocrx_word' id='word_1_88' title='bbox 852 593 924 620; x_wconf 75' lang='grc' dir='ltr'>καθὰ</span> <span class='ocrx_word' id='word_1_89' title='bbox 945 593 991 628; x_wconf 85' lang='grc' dir='ltr'>γέ-</span> 
     </span>
    </p>
   </div>
   <div class='ocr_carea' id='block_1_14' title="bbox 200 637 991 674">
    <p class='ocr_par' dir='ltr' id='par_1_14' title="bbox 200 637 991 674">
     <span class='ocr_line' id='line_1_14' title="bbox 200 637 991 674; baseline 0 -10"><span class='ocrx_word' id='word_1_90' title='bbox 200 646 337 674; x_wconf 85' lang='grc' dir='ltr'>γραπται.</span> <span class='ocrx_word' id='word_1_91' title='bbox 366 637 399 664; x_wconf 91' lang='grc' dir='ltr'>Τί</span> <span class='ocrx_word' id='word_1_92' title='bbox 425 637 479 673; x_wconf 80' lang='grc' dir='ltr'><strong>γὰρ</strong></span> <span class='ocrx_word' id='word_1_93' title='bbox 506 637 536 664; x_wconf 85' lang='grc' dir='ltr'>οὐ</span> <span class='ocrx_word' id='word_1_94' title='bbox 565 637 724 672; x_wconf 86' lang='grc' dir='ltr'>πέπρακται</span> <span class='ocrx_word' id='word_1_95' title='bbox 752 637 816 672; x_wconf 79' lang='grc' dir='ltr'>παρ’</span> <span class='ocrx_word' id='word_1_96' title='bbox 833 637 916 664; x_wconf 80' lang='grc' dir='ltr'>αὐτοῦ</span> <span class='ocrx_word' id='word_1_97' title='bbox 936 637 991 664; x_wconf 85' lang='grc' dir='ltr'><strong>τῶν</strong></span> 
     </span>
    </p>
   </div>
   <div class='ocr_carea' id='block_1_15' title="bbox 200 682 991 718">
    <p class='ocr_par' dir='ltr' id='par_1_15' title="bbox 200 682 991 718">
     <span class='ocr_line' id='line_1_15' title="bbox 200 682 991 718; baseline 0 -9"><span class='ocrx_word' id='word_1_98' title='bbox 200 683 332 710; x_wconf 75' lang='grc' dir='ltr'><strong>ἐπέκεινα</strong></span> <span class='ocrx_word' id='word_1_99' title='bbox 356 682 403 709; x_wconf 74' lang='grc' dir='ltr'>καὶ</span> <span class='ocrx_word' id='word_1_100' title='bbox 419 682 499 717; x_wconf 82' lang='grc' dir='ltr'>λόγου</span> <span class='ocrx_word' id='word_1_101' title='bbox 516 683 563 709; x_wconf 76' lang='grc' dir='ltr'>καὶ</span> <span class='ocrx_word' id='word_1_102' title='bbox 583 682 740 717; x_wconf 84' lang='grc' dir='ltr'>θαύματος;</span> <span class='ocrx_word' id='word_1_103' title='bbox 776 683 991 718; x_wconf 79' lang='grc' dir='ltr'>’Δπηλλάττοντο</span> 
     </span>
    </p>
   </div>
   <div class='ocr_carea' id='block_1_16' title="bbox 201 727 990 764">
    <p class='ocr_par' dir='ltr' id='par_1_16' title="bbox 201 727 990 764">
     <span class='ocr_line' id='line_1_16' title="bbox 201 727 990 764; baseline -0.001 -9"><span class='ocrx_word' id='word_1_104' title='bbox 201 729 309 764; x_wconf 73' lang='grc' dir='ltr'>λεπροὶ,</span> <span class='ocrx_word' id='word_1_105' title='bbox 322 729 369 755; x_wconf 78' lang='grc' dir='ltr'>καὶ</span> <span class='ocrx_word' id='word_1_106' title='bbox 383 728 475 764; x_wconf 76' lang='grc' dir='ltr'>χειρὸς</span> <span class='ocrx_word' id='word_1_107' title='bbox 487 729 554 764; x_wconf 62' lang='grc' dir='ltr'>ἁφῇ,</span> <span class='ocrx_word' id='word_1_108' title='bbox 575 728 624 755; x_wconf 68' lang='grc' dir='ltr'><strong>καλ⁸</strong></span> <span class='ocrx_word' id='word_1_109' title='bbox 639 728 755 763; x_wconf 84' lang='grc' dir='ltr'><strong>νεύματι</strong></span> <span class='ocrx_word' id='word_1_110' title='bbox 770 727 809 763; x_wconf 87' lang='grc' dir='ltr'><strong>τῷ</strong></span> <span class='ocrx_word' id='word_1_111' title='bbox 824 729 972 764; x_wconf 84' lang='grc' dir='ltr'>θεοπρεπεῖ</span> <span class='ocrx_word' id='word_1_112' title='bbox 983 747 990 760; x_wconf 94' lang='grc'><strong>,</strong></span> 
     </span>
    </p>
   </div>
   <div class='ocr_carea' id='block_1_17' title="bbox 201 773 992 810">
    <p class='ocr_par' dir='ltr' id='par_1_17' title="bbox 201 773 992 810">
     <span class='ocr_line' id='line_1_17' title="bbox 201 773 992 810; baseline 0 -9"><span class='ocrx_word' id='word_1_113' title='bbox 201 775 359 810; x_wconf 76' lang='grc' dir='ltr'><strong>ἠγέρθησαν</strong></span> <span class='ocrx_word' id='word_1_114' title='bbox 380 776 412 802; x_wconf 81' lang='grc' dir='ltr'>ὲκ</span> <span class='ocrx_word' id='word_1_115' title='bbox 431 774 581 809; x_wconf 83' lang='grc' dir='ltr'><strong>μνημάτων</strong></span> <span class='ocrx_word' id='word_1_116' title='bbox 594 773 697 809; x_wconf 72' lang='grc' dir='ltr'>νεκροὶ.</span> <span class='ocrx_word' id='word_1_117' title='bbox 713 774 808 808; x_wconf 76' lang='grc' dir='ltr'>τυφλοὶ</span> <span class='ocrx_word' id='word_1_118' title='bbox 821 773 851 800; x_wconf 79' lang='grc' dir='ltr'>τὸ</span> <span class='ocrx_word' id='word_1_119' title='bbox 861 774 992 809; x_wconf 82' lang='grc' dir='ltr'>τριπόθη-</span> 
     </span>
    </p>
   </div>
   <div class='ocr_carea' id='block_1_18' title="bbox 201 818 992 854">
    <p class='ocr_par' dir='ltr' id='par_1_18' title="bbox 201 818 992 854">
     <span class='ocr_line' id='line_1_18' title="bbox 201 818 992 854; baseline -0.003 -8"><span class='ocrx_word' id='word_1_120' title='bbox 201 829 248 846; x_wconf 87' lang='grc' dir='ltr'>τον</span> <span class='ocrx_word' id='word_1_121' title='bbox 262 821 383 854; x_wconf 81' lang='grc' dir='ltr'>ὲδέχοντο</span> <span class='ocrx_word' id='word_1_122' title='bbox 406 819 473 853; x_wconf 72' lang='grc' dir='ltr'>φῶς,</span> <span class='ocrx_word' id='word_1_123' title='bbox 499 818 699 854; x_wconf 83' lang='grc' dir='ltr'>ἀνεσκίρτησαν</span> <span class='ocrx_word' id='word_1_124' title='bbox 714 818 752 850; x_wconf 83' lang='grc' dir='ltr'>ὡς</span> <span class='ocrx_word' id='word_1_125' title='bbox 774 818 868 853; x_wconf 74' lang='grc' dir='ltr'>ἔλαφοι</span> <span class='ocrx_word' id='word_1_126' title='bbox 880 818 919 853; x_wconf 87' lang='grc' dir='ltr'>τῷ</span> <span class='ocrx_word' id='word_1_127' title='bbox 932 818 992 845; x_wconf 76' lang='grc' dir='ltr'>ποδὶ</span> 
     </span>
    </p>
   </div>
   <div class='ocr_carea' id='block_1_19' title="bbox 192 863 992 901">
    <p class='ocr_par' dir='ltr' id='par_1_19' title="bbox 192 863 992 901">
     <span class='ocr_line' id='line_1_19' title="bbox 192 863 992 901; baseline -0.004 -8"><span class='ocrx_word' id='word_1_128' title='bbox 192 866 397 901; x_wconf 59' lang='grc' dir='ltr'>λελωϐημένα.</span> <span class='ocrx_word' id='word_1_129' title='bbox 426 865 482 891; x_wconf 75' lang='grc' dir='ltr'><strong>Καὶ</strong></span> <span class='ocrx_word' id='word_1_130' title='bbox 513 864 579 898; x_wconf 79' lang='grc' dir='ltr'>γοῦν</span> <span class='ocrx_word' id='word_1_131' title='bbox 611 865 668 896; x_wconf 85' lang='grc' dir='ltr'>τοῖς</span> <span class='ocrx_word' id='word_1_132' title='bbox 700 863 786 891; x_wconf 85' lang='grc' dir='ltr'>ταῦτα</span> <span class='ocrx_word' id='word_1_133' title='bbox 819 864 992 898; x_wconf 80' lang='grc' dir='ltr'>τεθεαμένοις</span> 
     </span>
    </p>
   </div>
   <div class='ocr_carea' id='block_1_20' title="bbox 1041 274 1834 318">
    <p class='ocr_par' dir='ltr' id='par_1_20' title="bbox 1041 274 1834 318">
     <span class='ocr_line' id='line_1_20' title="bbox 1041 274 1834 318; baseline 0.003 -10"><span class='ocrx_word' id='word_1_134' title='bbox 1041 281 1067 308; x_wconf 91' lang='lat' dir='ltr'><strong>in</strong></span> <span class='ocrx_word' id='word_1_135' title='bbox 1081 281 1182 308; x_wconf 82' lang='lat' dir='ltr'><strong>crimen</strong></span> <span class='ocrx_word' id='word_1_136' title='bbox 1196 286 1293 309; x_wconf 88' lang='lat' dir='ltr'><strong>vocant</strong></span> <span class='ocrx_word' id='word_1_137' title='bbox 1305 281 1360 309; x_wconf 83' lang='lat' dir='ltr'><strong>lere</strong></span> <span class='ocrx_word' id='word_1_138' title='bbox 1373 281 1458 314; x_wconf 88' lang='lat' dir='ltr'><strong>illum,</strong></span> <span class='ocrx_word' id='word_1_139' title='bbox 1468 282 1512 317; x_wconf 90' lang='lat' dir='ltr'><strong>qui</strong></span> <span class='ocrx_word' id='word_1_140' title='bbox 1527 280 1634 317; x_wconf 72' lang='lat' dir='ltr'><strong>digna&#39;m</strong></span> <span class='ocrx_word' id='word_1_141' title='bbox 1650 283 1704 311; x_wconf 83' lang='lat' dir='ltr'><strong>illis</strong></span> <span class='ocrx_word' id='word_1_142' title='bbox 1717 274 1834 318; x_wconf 62' lang='lat' dir='ltr'><strong>poenam</strong></span> 
     </span>
    </p>
   </div>
   <div class='ocr_carea' id='block_1_21' title="bbox 1041 322 1836 364">
    <p class='ocr_par' dir='ltr' id='par_1_21' title="bbox 1041 322 1836 364">
     <span class='ocr_line' id='line_1_21' title="bbox 1041 322 1836 364; baseline 0.004 -11"><span class='ocrx_word' id='word_1_143' title='bbox 1041 326 1151 354; x_wconf 91' lang='lat' dir='ltr'><strong>inducit.</strong></span> <span class='ocrx_word' id='word_1_144' title='bbox 1166 335 1176 352; x_wconf 84' lang='lat'><strong>4</strong></span> <span class='ocrx_word' id='word_1_145' title='bbox 1198 327 1329 362; x_wconf 77' lang='lat' dir='ltr'><strong>Apparui,</strong></span> <span class='ocrx_word' id='word_1_146' title='bbox 1349 337 1358 353; x_wconf 80' lang='grc' dir='ltr'><strong>ι</strong></span> <span class='ocrx_word' id='word_1_147' title='bbox 1378 328 1464 358; x_wconf 87' lang='lat' dir='ltr'><strong>enim.</strong></span> <span class='ocrx_word' id='word_1_148' title='bbox 1479 328 1578 362; x_wconf 89' lang='lat' dir='ltr'><strong>inquit,</strong></span> <span class='ocrx_word' id='word_1_149' title='bbox 1596 337 1606 353; x_wconf 89' lang='lat'><strong>4</strong></span> <span class='ocrx_word' id='word_1_150' title='bbox 1625 336 1667 356; x_wconf 88' lang='lat' dir='ltr'><strong>tne</strong></span> <span class='ocrx_word' id='word_1_151' title='bbox 1685 337 1736 356; x_wconf 92' lang='lat' dir='ltr'><strong>non</strong></span> <span class='ocrx_word' id='word_1_152' title='bbox 1753 322 1836 364; x_wconf 35' lang='lat' dir='ltr'><strong>quae?</strong></span> 
     </span>
    </p>
   </div>
   <div class='ocr_carea' id='block_1_22' title="bbox 1041 371 1823 408">
    <p class='ocr_par' dir='ltr' id='par_1_22' title="bbox 1041 371 1823 408">
     <span class='ocr_line' id='line_1_22' title="bbox 1041 371 1823 408; baseline 0.003 -11"><span class='ocrx_word' id='word_1_153' title='bbox 1041 371 1173 403; x_wconf 84' lang='lat' dir='ltr'><strong>rentibus,</strong></span> <span class='ocrx_word' id='word_1_154' title='bbox 1189 371 1312 399; x_wconf 88' lang='lat' dir='ltr'><strong>inventus</strong></span> <span class='ocrx_word' id='word_1_155' title='bbox 1333 379 1391 399; x_wconf 91' lang='lat' dir='ltr'><strong>sum</strong></span> <span class='ocrx_word' id='word_1_156' title='bbox 1414 379 1457 399; x_wconf 90' lang='lat' dir='ltr'><strong>me</strong></span> <span class='ocrx_word' id='word_1_157' title='bbox 1479 379 1532 399; x_wconf 89' lang='lat' dir='ltr'><strong>non</strong></span> <span class='ocrx_word' id='word_1_158' title='bbox 1556 373 1795 408; x_wconf 71' lang='lat' dir='ltr'><strong>interrogantibus.</strong></span> <span class='ocrx_word' id='word_1_159' title='bbox 1814 383 1823 399; x_wconf 77' lang='grc' dir='ltr'><strong>ι</strong></span> 
     </span>
    </p>
   </div>
   <div class='ocr_carea' id='block_1_23' title="bbox 1042 415 1822 454">
    <p class='ocr_par' dir='ltr' id='par_1_23' title="bbox 1042 415 1822 454">
     <span class='ocr_line' id='line_1_23' title="bbox 1042 415 1822 454; baseline 0.003 -11"><span class='ocrx_word' id='word_1_160' title='bbox 1042 415 1094 443; x_wconf 87' lang='lat' dir='ltr'><strong>Sua</strong></span> <span class='ocrx_word' id='word_1_161' title='bbox 1105 423 1221 451; x_wconf 84' lang='lat' dir='ltr'><strong>namque</strong></span> <span class='ocrx_word' id='word_1_162' title='bbox 1232 421 1326 450; x_wconf 92' lang='lat' dir='ltr'><strong>sponte</strong></span> <span class='ocrx_word' id='word_1_163' title='bbox 1337 416 1463 444; x_wconf 81' lang='lat' dir='ltr'><strong>Servatur</strong></span> <span class='ocrx_word' id='word_1_164' title='bbox 1476 417 1611 450; x_wconf 70' lang='lat' dir='ltr'><strong>ingressus</strong></span> <span class='ocrx_word' id='word_1_165' title='bbox 1624 418 1649 445; x_wconf 92' lang='lat' dir='ltr'><strong>in</strong></span> <span class='ocrx_word' id='word_1_166' title='bbox 1662 426 1822 454; x_wconf 78' lang='lat' dir='ltr'><strong>synagogas.</strong></span> 
     </span>
    </p>
   </div>
   <div class='ocr_carea' id='block_1_24' title="bbox 1040 460 1824 499">
    <p class='ocr_par' dir='ltr' id='par_1_24' title="bbox 1040 460 1824 499">
     <span class='ocr_line' id='line_1_24' title="bbox 1040 460 1824 499; baseline 0.004 -11"><span class='ocrx_word' id='word_1_167' title='bbox 1040 460 1123 496; x_wconf 72' lang='lat'><strong>892</strong></span> <span class='ocrx_word' id='word_1_168' title='bbox 1139 461 1231 489; x_wconf 86' lang='lat' dir='ltr'><strong>docuit</strong></span> <span class='ocrx_word' id='word_1_169' title='bbox 1245 461 1318 494; x_wconf 86' lang='lat' dir='ltr'><strong>illos,</strong></span> <span class='ocrx_word' id='word_1_170' title='bbox 1334 462 1484 496; x_wconf 62' lang='lat' dir='ltr'><strong>praedicans</strong></span> <span class='ocrx_word' id='word_1_171' title='bbox 1498 462 1672 497; x_wconf 79' lang='lat' dir='ltr'><strong>Evangelium</strong></span> <span class='ocrx_word' id='word_1_172' title='bbox 1692 464 1780 499; x_wconf 80' lang='lat' dir='ltr'><strong>regni,</strong></span> <span class='ocrx_word' id='word_1_173' title='bbox 1798 469 1824 491; x_wconf 87' lang='lat' dir='ltr'><strong>et</strong></span> 
     </span>
    </p>
   </div>
   <div class='ocr_carea' id='block_1_25' title="bbox 1041 508 1825 536">
    <p class='ocr_par' dir='ltr' id='par_1_25' title="bbox 1041 508 1825 536">
     <span class='ocr_line' id='line_1_25' title="bbox 1041 508 1825 536; baseline 0.004 -3"><span class='ocrx_word' id='word_1_174' title='bbox 1041 513 1141 533; x_wconf 84' lang='lat' dir='ltr'><strong>curans</strong></span> <span class='ocrx_word' id='word_1_175' title='bbox 1155 514 1262 534; x_wconf 86' lang='lat' dir='ltr'><strong>omnem</strong></span> <span class='ocrx_word' id='word_1_176' title='bbox 1280 508 1403 535; x_wconf 87' lang='lat' dir='ltr'><strong>morbum</strong></span> <span class='ocrx_word' id='word_1_177' title='bbox 1421 512 1448 535; x_wconf 88' lang='lat' dir='ltr'><strong>et</strong></span> <span class='ocrx_word' id='word_1_178' title='bbox 1465 515 1572 535; x_wconf 92' lang='lat' dir='ltr'><strong>omnem</strong></span> <span class='ocrx_word' id='word_1_179' title='bbox 1591 509 1775 536; x_wconf 72' lang='lat' dir='ltr'><strong>infirmitatem</strong></span> <span class='ocrx_word' id='word_1_180' title='bbox 1799 510 1825 536; x_wconf 95' lang='lat' dir='ltr'><strong>in</strong></span> 
     </span>
    </p>
   </div>
   <div class='ocr_carea' id='block_1_26' title="bbox 1041 551 1826 587">
    <p class='ocr_par' dir='ltr' id='par_1_26' title="bbox 1041 551 1826 587">
     <span class='ocr_line' id='line_1_26' title="bbox 1041 551 1826 587; baseline 0.004 -9"><span class='ocrx_word' id='word_1_181' title='bbox 1041 551 1137 585; x_wconf 89' lang='lat' dir='ltr'><strong>popqu</strong></span> <span class='ocrx_word' id='word_1_182' title='bbox 1149 552 1184 585; x_wconf 77' lang='lat'><strong>“,</strong></span> <span class='ocrx_word' id='word_1_183' title='bbox 1195 552 1275 580; x_wconf 84' lang='lat' dir='ltr'><strong>sicuti</strong></span> <span class='ocrx_word' id='word_1_184' title='bbox 1290 553 1418 587; x_wconf 90' lang='lat' dir='ltr'><strong>scriptum</strong></span> <span class='ocrx_word' id='word_1_185' title='bbox 1432 558 1484 581; x_wconf 89' lang='lat' dir='ltr'><strong>est.</strong></span> <span class='ocrx_word' id='word_1_186' title='bbox 1495 553 1564 586; x_wconf 84' lang='lat' dir='ltr'><strong>Quid</strong></span> <span class='ocrx_word' id='word_1_187' title='bbox 1577 554 1647 581; x_wconf 91' lang='lat' dir='ltr'><strong>enim</strong></span> <span class='ocrx_word' id='word_1_188' title='bbox 1662 561 1714 581; x_wconf 92' lang='lat' dir='ltr'><strong>non</strong></span> <span class='ocrx_word' id='word_1_189' title='bbox 1728 554 1826 581; x_wconf 78' lang='lat' dir='ltr'><strong>factum</strong></span> 
     </span>
    </p>
   </div>
   <div class='ocr_carea' id='block_1_27' title="bbox 1042 597 1828 633">
    <p class='ocr_par' dir='ltr' id='par_1_27' title="bbox 1042 597 1828 633">
     <span class='ocr_line' id='line_1_27' title="bbox 1042 597 1828 633; baseline 0.003 -10"><span class='ocrx_word' id='word_1_190' title='bbox 1042 601 1083 624; x_wconf 88' lang='lat' dir='ltr'><strong>est</strong></span> <span class='ocrx_word' id='word_1_191' title='bbox 1096 597 1130 624; x_wconf 86' lang='lat' dir='ltr'><strong>ab</strong></span> <span class='ocrx_word' id='word_1_192' title='bbox 1145 605 1186 631; x_wconf 90' lang='lat' dir='ltr'><strong>eo,</strong></span> <span class='ocrx_word' id='word_1_193' title='bbox 1198 598 1269 633; x_wconf 88' lang='lat' dir='ltr'><strong>quod</strong></span> <span class='ocrx_word' id='word_1_194' title='bbox 1285 606 1338 626; x_wconf 88' lang='lat' dir='ltr'><strong>non</strong></span> <span class='ocrx_word' id='word_1_195' title='bbox 1353 603 1461 633; x_wconf 90' lang='lat' dir='ltr'><strong>superet</strong></span> <span class='ocrx_word' id='word_1_196' title='bbox 1473 606 1579 626; x_wconf 88' lang='lat' dir='ltr'><strong>omnem</strong></span> <span class='ocrx_word' id='word_1_197' title='bbox 1595 603 1623 626; x_wconf 91' lang='lat' dir='ltr'><strong>et</strong></span> <span class='ocrx_word' id='word_1_198' title='bbox 1636 600 1786 626; x_wconf 86' lang='lat' dir='ltr'><strong>orationem</strong></span> <span class='ocrx_word' id='word_1_199' title='bbox 1801 603 1828 626; x_wconf 89' lang='lat' dir='ltr'><strong>et</strong></span> 
     </span>
    </p>
   </div>
   <div class='ocr_carea' id='block_1_28' title="bbox 1042 642 1828 677">
    <p class='ocr_par' dir='ltr' id='par_1_28' title="bbox 1042 642 1828 677">
     <span class='ocr_line' id='line_1_28' title="bbox 1042 642 1828 677; baseline 0.004 -9"><span class='ocrx_word' id='word_1_200' title='bbox 1042 642 1266 670; x_wconf 79' lang='lat' dir='ltr'><strong>admirationem?</strong></span> <span class='ocrx_word' id='word_1_201' title='bbox 1283 643 1392 677; x_wconf 84' lang='lat' dir='ltr'><strong>Leprosi</strong></span> <span class='ocrx_word' id='word_1_202' title='bbox 1411 652 1504 672; x_wconf 88' lang='lat' dir='ltr'><strong>manus</strong></span> <span class='ocrx_word' id='word_1_203' title='bbox 1521 649 1594 671; x_wconf 84' lang='lat' dir='ltr'><strong>tactu</strong></span> <span class='ocrx_word' id='word_1_204' title='bbox 1611 649 1638 671; x_wconf 89' lang='lat' dir='ltr'><strong>et</strong></span> <span class='ocrx_word' id='word_1_205' title='bbox 1655 649 1719 671; x_wconf 90' lang='lat' dir='ltr'><strong>nutu</strong></span> <span class='ocrx_word' id='word_1_206' title='bbox 1737 645 1828 672; x_wconf 89' lang='lat' dir='ltr'><strong>divino</strong></span> 
     </span>
    </p>
   </div>
   <div class='ocr_carea' id='block_1_29' title="bbox 1042 686 1824 722">
    <p class='ocr_par' dir='ltr' id='par_1_29' title="bbox 1042 686 1824 722">
     <span class='ocr_line' id='line_1_29' title="bbox 1042 686 1824 722; baseline 0.001 -9"><span class='ocrx_word' id='word_1_207' title='bbox 1042 686 1147 713; x_wconf 84' lang='lat' dir='ltr'><strong>liberati</strong></span> <span class='ocrx_word' id='word_1_208' title='bbox 1169 691 1246 719; x_wconf 84' lang='lat' dir='ltr'><strong>sunt;</strong></span> <span class='ocrx_word' id='word_1_209' title='bbox 1266 688 1379 714; x_wconf 78' lang='lat' dir='ltr'><strong>excitati</strong></span> <span class='ocrx_word' id='word_1_210' title='bbox 1396 696 1412 715; x_wconf 90' lang='lat' dir='ltr'><strong>e</strong></span> <span class='ocrx_word' id='word_1_211' title='bbox 1429 689 1611 716; x_wconf 87' lang='lat' dir='ltr'><strong>monumentis</strong></span> <span class='ocrx_word' id='word_1_212' title='bbox 1629 688 1741 722; x_wconf 91' lang='lat' dir='ltr'><strong>mortui;</strong></span> <span class='ocrx_word' id='word_1_213' title='bbox 1760 689 1824 715; x_wconf 67' lang='lat' dir='ltr'><strong>caeci</strong></span> 
     </span>
    </p>
   </div>
   <div class='ocr_carea' id='block_1_30' title="bbox 1042 732 1830 769">
    <p class='ocr_par' dir='ltr' id='par_1_30' title="bbox 1042 732 1830 769">
     <span class='ocr_line' id='line_1_30' title="bbox 1042 732 1830 769; baseline 0 -10"><span class='ocrx_word' id='word_1_214' title='bbox 1042 732 1239 767; x_wconf 80' lang='lat' dir='ltr'><strong>optatissimam</strong></span> <span class='ocrx_word' id='word_1_215' title='bbox 1263 732 1350 761; x_wconf 86' lang='lat' dir='ltr'><strong>lucem</strong></span> <span class='ocrx_word' id='word_1_216' title='bbox 1376 740 1550 769; x_wconf 85' lang='lat' dir='ltr'><strong>receperunt;</strong></span> <span class='ocrx_word' id='word_1_217' title='bbox 1576 735 1734 763; x_wconf 79' lang='lat' dir='ltr'><strong>exsilierunt</strong></span> <span class='ocrx_word' id='word_1_218' title='bbox 1757 734 1830 761; x_wconf 71' lang='lat' dir='ltr'><strong>velut</strong></span> 
     </span>
    </p>
   </div>
   <div class='ocr_carea' id='block_1_31' title="bbox 1042 778 1827 814">
    <p class='ocr_par' dir='ltr' id='par_1_31' title="bbox 1042 778 1827 814">
     <span class='ocr_line' id='line_1_31' title="bbox 1042 778 1827 814; baseline 0 -8"><span class='ocrx_word' id='word_1_219' title='bbox 1042 778 1113 806; x_wconf 84' lang='lat' dir='ltr'><strong>cervi</strong></span> <span class='ocrx_word' id='word_1_220' title='bbox 1129 779 1194 813; x_wconf 85' lang='lat' dir='ltr'><strong>pede</strong></span> <span class='ocrx_word' id='word_1_221' title='bbox 1206 779 1276 813; x_wconf 92' lang='lat' dir='ltr'><strong>capti</strong></span> <span class='ocrx_word' id='word_1_222' title='bbox 1289 779 1322 806; x_wconf 78' lang='lat'><strong>&quot;.</strong></span> <span class='ocrx_word' id='word_1_223' title='bbox 1337 778 1397 807; x_wconf 69' lang='lat' dir='ltr'><strong>llaec</strong></span> <span class='ocrx_word' id='word_1_224' title='bbox 1412 780 1593 814; x_wconf 82' lang='lat' dir='ltr'><strong>spectantibus</strong></span> <span class='ocrx_word' id='word_1_225' title='bbox 1604 780 1672 807; x_wconf 81' lang='lat' dir='ltr'><strong>dixit</strong></span> <span class='ocrx_word' id='word_1_226' title='bbox 1683 780 1806 807; x_wconf 86' lang='lat' dir='ltr'><strong>Christus</strong></span> <span class='ocrx_word' id='word_1_227' title='bbox 1822 790 1827 806; x_wconf 90' lang='lat'><strong>:</strong></span> 
     </span>
    </p>
   </div>
   <div class='ocr_carea' id='block_1_32' title="bbox 1045 823 1828 859">
    <p class='ocr_par' dir='ltr' id='par_1_32' title="bbox 1045 823 1828 859">
     <span class='ocr_line' id='line_1_32' title="bbox 1045 823 1828 859; baseline 0.001 -9"><span class='ocrx_word' id='word_1_228' title='bbox 1045 833 1055 850; x_wconf 88' lang='lat'><strong>4</strong></span> <span class='ocrx_word' id='word_1_229' title='bbox 1071 824 1098 851; x_wconf 91' lang='lat' dir='ltr'><strong>Si</strong></span> <span class='ocrx_word' id='word_1_230' title='bbox 1114 831 1165 851; x_wconf 92' lang='lat' dir='ltr'><strong>non</strong></span> <span class='ocrx_word' id='word_1_231' title='bbox 1178 823 1249 851; x_wconf 81' lang='lat' dir='ltr'><strong>facio</strong></span> <span class='ocrx_word' id='word_1_232' title='bbox 1261 831 1342 859; x_wconf 85' lang='lat' dir='ltr'><strong>opera</strong></span> <span class='ocrx_word' id='word_1_233' title='bbox 1355 824 1443 852; x_wconf 86' lang='lat' dir='ltr'><strong>Patris</strong></span> <span class='ocrx_word' id='word_1_234' title='bbox 1456 825 1517 856; x_wconf 86' lang='lat' dir='ltr'><strong>mei,</strong></span> <span class='ocrx_word' id='word_1_235' title='bbox 1529 824 1612 852; x_wconf 88' lang='lat' dir='ltr'><strong>nolite</strong></span> <span class='ocrx_word' id='word_1_236' title='bbox 1626 825 1689 851; x_wconf 90' lang='lat' dir='ltr'><strong>mihi</strong></span> <span class='ocrx_word' id='word_1_237' title='bbox 1702 825 1828 856; x_wconf 83' lang='lat' dir='ltr'><strong>credere;</strong></span> 
     </span>
    </p>
   </div>
   <div class='ocr_carea' id='block_1_33' title="bbox 1043 869 1830 905">
    <p class='ocr_par' dir='ltr' id='par_1_33' title="bbox 1043 869 1830 905">
     <span class='ocr_line' id='line_1_33' title="bbox 1043 869 1830 905; baseline 0.001 -9"><span class='ocrx_word' id='word_1_238' title='bbox 1043 869 1084 896; x_wconf 90' lang='lat' dir='ltr'><strong>sin</strong></span> <span class='ocrx_word' id='word_1_239' title='bbox 1106 869 1192 902; x_wconf 78' lang='lat' dir='ltr'><strong>facio,</strong></span> <span class='ocrx_word' id='word_1_240' title='bbox 1210 870 1261 897; x_wconf 89' lang='lat' dir='ltr'><strong>etsi</strong></span> <span class='ocrx_word' id='word_1_241' title='bbox 1287 870 1351 897; x_wconf 94' lang='lat' dir='ltr'><strong>mihi</strong></span> <span class='ocrx_word' id='word_1_242' title='bbox 1378 877 1430 897; x_wconf 89' lang='lat' dir='ltr'><strong>non</strong></span> <span class='ocrx_word' id='word_1_243' title='bbox 1457 870 1590 904; x_wconf 82' lang='lat' dir='ltr'><strong>credatis,</strong></span> <span class='ocrx_word' id='word_1_244' title='bbox 1610 871 1737 905; x_wconf 86' lang='lat' dir='ltr'><strong>operibus</strong></span> <span class='ocrx_word' id='word_1_245' title='bbox 1763 878 1830 897; x_wconf 88' lang='lat' dir='ltr'><strong>mets</strong></span> 
     </span>
    </p>
   </div>
   <div class='ocr_carea' id='block_1_34' title="bbox 203 909 984 950">
    <p class='ocr_par' dir='ltr' id='par_1_34' title="bbox 203 909 984 948">
     <span class='ocr_line' id='line_1_34' title="bbox 203 909 984 948; baseline -0.004 -9"><span class='ocrx_word' id='word_1_246' title='bbox 203 913 320 948; x_wconf 75' lang='grc' dir='ltr'>ἔφασκεν</span> <span class='ocrx_word' id='word_1_247' title='bbox 333 912 347 938; x_wconf 83' lang='grc' dir='ltr'><em>ὁ</em></span> <span class='ocrx_word' id='word_1_248' title='bbox 366 911 496 947; x_wconf 69' lang='grc' dir='ltr'>Χριστόςσ</span> <span class='ocrx_word' id='word_1_249' title='bbox 521 920 530 936; x_wconf 97' lang='lat'><strong>4</strong></span> <span class='ocrx_word' id='word_1_250' title='bbox 548 911 579 937; x_wconf 72' lang='lat' dir='ltr'><strong>Et</strong></span> <span class='ocrx_word' id='word_1_251' title='bbox 604 910 633 937; x_wconf 82' lang='grc' dir='ltr'>οὐ</span> <span class='ocrx_word' id='word_1_252' title='bbox 652 909 720 937; x_wconf 87' lang='grc' dir='ltr'>ποιῶ</span> <span class='ocrx_word' id='word_1_253' title='bbox 735 910 770 937; x_wconf 85' lang='grc' dir='ltr'>τὰ</span> <span class='ocrx_word' id='word_1_254' title='bbox 794 909 861 945; x_wconf 74' lang='grc' dir='ltr'>ἔργα</span> <span class='ocrx_word' id='word_1_255' title='bbox 876 910 922 936; x_wconf 80' lang='grc' dir='ltr'><strong>τοῦ</strong></span> <span class='ocrx_word' id='word_1_256' title='bbox 936 910 984 936; x_wconf 90' lang='grc' dir='ltr'><strong>Πα-</strong></span> 
     </span>
    </p>
   </div>
   <div class='ocr_carea' id='block_1_35' title="bbox 1047 909 1828 950">
    <p class='ocr_par' dir='ltr' id='par_1_35' title="bbox 1047 915 1828 950">
     <span class='ocr_line' id='line_1_35' title="bbox 1047 915 1828 950; baseline 0 -8"><span class='ocrx_word' id='word_1_257' title='bbox 1047 915 1144 942; x_wconf 83' lang='lat' dir='ltr'><strong>credite</strong></span> <span class='ocrx_word' id='word_1_258' title='bbox 1154 915 1188 942; x_wconf 74' lang='lat'><strong>“.</strong></span> <span class='ocrx_word' id='word_1_259' title='bbox 1208 924 1218 940; x_wconf 75' lang='grc' dir='ltr'><strong>ι</strong></span> <span class='ocrx_word' id='word_1_260' title='bbox 1240 924 1250 940; x_wconf 96' lang='lat'><strong>4</strong></span> <span class='ocrx_word' id='word_1_261' title='bbox 1271 915 1328 942; x_wconf 85' lang='lat' dir='ltr'><strong>Dixi</strong></span> <span class='ocrx_word' id='word_1_262' title='bbox 1350 925 1359 940; x_wconf 80' lang='grc' dir='ltr'><strong>ι</strong></span> <span class='ocrx_word' id='word_1_263' title='bbox 1379 915 1478 950; x_wconf 75' lang='lat' dir='ltr'><strong>igitur,</strong></span> <span class='ocrx_word' id='word_1_264' title='bbox 1495 916 1582 949; x_wconf 79' lang='lat' dir='ltr'><strong>inquit</strong></span> <span class='ocrx_word' id='word_1_265' title='bbox 1599 924 1606 942; x_wconf 91' lang='lat'>:</span> <span class='ocrx_word' id='word_1_266' title='bbox 1629 924 1639 941; x_wconf 91' lang='lat'><strong>4</strong></span> <span class='ocrx_word' id='word_1_267' title='bbox 1661 915 1716 950; x_wconf 75' lang='lat' dir='ltr'><strong>Ego</strong></span> <span class='ocrx_word' id='word_1_268' title='bbox 1733 916 1828 942; x_wconf 88' lang='lat' dir='ltr'><strong>adsum</strong></span> 
     </span>
    </p>
   </div>
   <div class='ocr_carea' id='block_1_36' title="bbox 201 955 991 993">
    <p class='ocr_par' dir='ltr' id='par_1_36' title="bbox 201 955 991 993">
     <span class='ocr_line' id='line_1_36' title="bbox 201 955 991 993; baseline -0.003 -9"><span class='ocrx_word' id='word_1_269' title='bbox 201 958 266 993; x_wconf 86' lang='grc' dir='ltr'>τρός</span> <span class='ocrx_word' id='word_1_270' title='bbox 280 965 342 992; x_wconf 83' lang='grc' dir='ltr'>μου,</span> <span class='ocrx_word' id='word_1_271' title='bbox 361 957 398 992; x_wconf 85' lang='grc' dir='ltr'>μὴ</span> <span class='ocrx_word' id='word_1_272' title='bbox 416 955 559 982; x_wconf 86' lang='grc' dir='ltr'>πιστεύετέ</span> <span class='ocrx_word' id='word_1_273' title='bbox 573 963 628 991; x_wconf 77' lang='grc' dir='ltr'>μοι’</span> <span class='ocrx_word' id='word_1_274' title='bbox 640 957 664 983; x_wconf 80' lang='grc' dir='ltr'>εἰ</span> <span class='ocrx_word' id='word_1_275' title='bbox 680 956 709 983; x_wconf 83' lang='grc' dir='ltr'><strong>δὲ</strong></span> <span class='ocrx_word' id='word_1_276' title='bbox 725 956 804 988; x_wconf 85' lang='grc' dir='ltr'>ποιῶ,</span> <span class='ocrx_word' id='word_1_277' title='bbox 812 955 863 982; x_wconf 84' lang='grc' dir='ltr'>κᾶν</span> <span class='ocrx_word' id='word_1_278' title='bbox 879 956 940 991; x_wconf 74' lang='grc' dir='ltr'>ἐμοὶ</span> <span class='ocrx_word' id='word_1_279' title='bbox 955 955 991 991; x_wconf 83' lang='grc' dir='ltr'>μὴ</span> 
     </span>
    </p>
   </div>
   <div class='ocr_carea' id='block_1_37' title="bbox 202 1000 988 1038">
    <p class='ocr_par' dir='ltr' id='par_1_37' title="bbox 202 1000 988 1038">
     <span class='ocr_line' id='line_1_37' title="bbox 202 1000 988 1038; baseline -0.004 -8"><span class='ocrx_word' id='word_1_280' title='bbox 202 1003 358 1038; x_wconf 84' lang='grc' dir='ltr'>πιστεύητε,</span> <span class='ocrx_word' id='word_1_281' title='bbox 371 1003 428 1034; x_wconf 83' lang='grc' dir='ltr'>τοῖς</span> <span class='ocrx_word' id='word_1_282' title='bbox 442 1002 532 1038; x_wconf 78' lang='grc' dir='ltr'>ἔργοις</span> <span class='ocrx_word' id='word_1_283' title='bbox 545 1010 596 1036; x_wconf 89' lang='grc' dir='ltr'><strong>μου</strong></span> <span class='ocrx_word' id='word_1_284' title='bbox 607 1001 779 1029; x_wconf 83' lang='grc' dir='ltr'>πιστεύσατε.</span> <span class='ocrx_word' id='word_1_285' title='bbox 792 1011 801 1027; x_wconf 70' lang='grc' dir='ltr'><strong>ι</strong></span> <span class='ocrx_word' id='word_1_286' title='bbox 816 1018 850 1022; x_wconf 85' lang='grc'><strong>-</strong></span> <span class='ocrx_word' id='word_1_287' title='bbox 860 1011 869 1027; x_wconf 85' lang='grc' dir='ltr'><strong>ι</strong></span> <span class='ocrx_word' id='word_1_288' title='bbox 884 1000 967 1029; x_wconf 73' lang='grc' dir='ltr'>Εἶπον</span> <span class='ocrx_word' id='word_1_289' title='bbox 979 1011 988 1027; x_wconf 79' lang='grc' dir='ltr'><strong>ι</strong></span> 
     </span>
    </p>
   </div>
   <div class='ocr_carea' id='block_1_38' title="bbox 201 1047 992 1085">
    <p class='ocr_par' dir='ltr' id='par_1_38' title="bbox 201 1047 992 1085">
     <span class='ocr_line' id='line_1_38' title="bbox 201 1047 992 1085; baseline 0 -9"><span class='ocrx_word' id='word_1_290' title='bbox 201 1050 301 1082; x_wconf 82' lang='grc' dir='ltr'>τοίνυν,</span> <span class='ocrx_word' id='word_1_291' title='bbox 314 1049 406 1085; x_wconf 73' lang='grc' dir='ltr'>φησὶν,</span> <span class='ocrx_word' id='word_1_292' title='bbox 420 1057 430 1074; x_wconf 88' lang='lat'><strong>4</strong></span> <span class='ocrx_word' id='word_1_293' title='bbox 448 1047 518 1082; x_wconf 87' lang='grc' dir='ltr'>Ἐγώ</span> <span class='ocrx_word' id='word_1_294' title='bbox 536 1049 594 1084; x_wconf 72' lang='grc' dir='ltr'>εἰμι</span> <span class='ocrx_word' id='word_1_295' title='bbox 608 1048 646 1084; x_wconf 83' lang='grc' dir='ltr'>τῷ</span> <span class='ocrx_word' id='word_1_296' title='bbox 657 1048 740 1081; x_wconf 75' lang='grc' dir='ltr'>ἔθνει,</span> <span class='ocrx_word' id='word_1_297' title='bbox 754 1048 780 1074; x_wconf 76' lang='grc' dir='ltr'>οἳ</span> <span class='ocrx_word' id='word_1_298' title='bbox 795 1048 845 1075; x_wconf 89' lang='grc' dir='ltr'>οὐκ</span> <span class='ocrx_word' id='word_1_299' title='bbox 859 1047 992 1076; x_wconf 76' lang='grc' dir='ltr'>ἐκάλεσαν</span> 
     </span>
    </p>
   </div>
   <div class='ocr_carea' id='block_1_39' title="bbox 200 1094 989 1131">
    <p class='ocr_par' dir='ltr' id='par_1_39' title="bbox 200 1094 989 1131">
     <span class='ocr_line' id='line_1_39' title="bbox 200 1094 989 1131; baseline -0.004 -8"><span class='ocrx_word' id='word_1_300' title='bbox 200 1096 232 1123; x_wconf 82' lang='grc' dir='ltr'><strong>τὺ</strong></span> <span class='ocrx_word' id='word_1_301' title='bbox 251 1096 337 1130; x_wconf 73' lang='grc' dir='ltr'>ὄνομά</span> <span class='ocrx_word' id='word_1_302' title='bbox 353 1103 415 1131; x_wconf 86' lang='grc' dir='ltr'>μου·</span> <span class='ocrx_word' id='word_1_303' title='bbox 438 1104 447 1121; x_wconf 69' lang='grc' dir='ltr'><strong>ι</strong></span> <span class='ocrx_word' id='word_1_304' title='bbox 463 1095 620 1130; x_wconf 81' lang='grc' dir='ltr'>εὖρίσκεται</span> <span class='ocrx_word' id='word_1_305' title='bbox 647 1095 701 1130; x_wconf 88' lang='grc' dir='ltr'><strong>γὰρ</strong></span> <span class='ocrx_word' id='word_1_306' title='bbox 729 1095 794 1121; x_wconf 82' lang='grc' dir='ltr'>ποτὲ</span> <span class='ocrx_word' id='word_1_307' title='bbox 813 1094 863 1129; x_wconf 78' lang='grc' dir='ltr'>μὲν</span> <span class='ocrx_word' id='word_1_308' title='bbox 888 1094 989 1129; x_wconf 78' lang='grc' dir='ltr'>λέγων,</span> 
     </span>
    </p>
   </div>
   <div class='ocr_carea' id='block_1_40' title="bbox 203 1139 990 1176">
    <p class='ocr_par' dir='ltr' id='par_1_40' title="bbox 203 1139 990 1176">
     <span class='ocr_line' id='line_1_40' title="bbox 203 1139 990 1176; baseline -0.003 -8"><span class='ocrx_word' id='word_1_309' title='bbox 203 1152 212 1168; x_wconf 97' lang='lat'><strong>4</strong></span> <span class='ocrx_word' id='word_1_310' title='bbox 232 1141 302 1176; x_wconf 88' lang='grc' dir='ltr'><strong>Ἐγώ</strong></span> <span class='ocrx_word' id='word_1_311' title='bbox 321 1142 378 1176; x_wconf 76' lang='grc' dir='ltr'>ειμι</span> <span class='ocrx_word' id='word_1_312' title='bbox 405 1141 436 1167; x_wconf 82' lang='grc' dir='ltr'>τδ</span> <span class='ocrx_word' id='word_1_313' title='bbox 462 1140 520 1175; x_wconf 83' lang='grc' dir='ltr'>φῶς</span> <span class='ocrx_word' id='word_1_314' title='bbox 533 1139 580 1166; x_wconf 84' lang='grc' dir='ltr'>τοῦ</span> <span class='ocrx_word' id='word_1_315' title='bbox 596 1139 710 1174; x_wconf 79' lang='grc' dir='ltr'>κόσμου,</span> <span class='ocrx_word' id='word_1_316' title='bbox 732 1148 741 1165; x_wconf 71' lang='grc' dir='ltr'><strong>ι</strong></span> <span class='ocrx_word' id='word_1_317' title='bbox 768 1139 833 1166; x_wconf 78' lang='grc' dir='ltr'>ποτὲ</span> <span class='ocrx_word' id='word_1_318' title='bbox 846 1139 877 1166; x_wconf 79' lang='grc' dir='ltr'><strong>δὲ</strong></span> <span class='ocrx_word' id='word_1_319' title='bbox 898 1140 990 1172; x_wconf 80' lang='grc' dir='ltr'>πάλιν,</span> 
     </span>
    </p>
   </div>
   <div class='ocr_carea' id='block_1_41' title="bbox 205 1185 993 1222">
    <p class='ocr_par' dir='ltr' id='par_1_41' title="bbox 205 1185 993 1222">
     <span class='ocr_line' id='line_1_41' title="bbox 205 1185 993 1222; baseline 0 -10"><span class='ocrx_word' id='word_1_320' title='bbox 205 1198 213 1212; x_wconf 83' lang='grc' dir='ltr'><strong>ι</strong></span> <span class='ocrx_word' id='word_1_321' title='bbox 227 1187 261 1215; x_wconf 79' lang='grc' dir='ltr'><strong>Εἴ</strong></span> <span class='ocrx_word' id='word_1_322' title='bbox 273 1196 315 1219; x_wconf 85' lang='grc' dir='ltr'><strong>τις</strong></span> <span class='ocrx_word' id='word_1_323' title='bbox 327 1187 400 1222; x_wconf 67' lang='grc' dir='ltr'>διψᾷ,</span> <span class='ocrx_word' id='word_1_324' title='bbox 413 1186 535 1222; x_wconf 78' lang='grc' dir='ltr'><strong>ἐρχέσθω</strong></span> <span class='ocrx_word' id='word_1_325' title='bbox 553 1186 621 1222; x_wconf 87' lang='grc' dir='ltr'>πρός</span> <span class='ocrx_word' id='word_1_326' title='bbox 637 1194 682 1221; x_wconf 89' lang='grc' dir='ltr'><strong>με,</strong></span> <span class='ocrx_word' id='word_1_327' title='bbox 700 1185 747 1212; x_wconf 79' lang='grc' dir='ltr'><strong>καὶ</strong></span> <span class='ocrx_word' id='word_1_328' title='bbox 767 1186 879 1213; x_wconf 85' lang='grc' dir='ltr'>πινέτω.</span> <span class='ocrx_word' id='word_1_329' title='bbox 899 1186 928 1212; x_wconf 89' lang='lat'><strong>&#39;0</strong></span> <span class='ocrx_word' id='word_1_330' title='bbox 947 1195 993 1213; x_wconf 89' lang='grc' dir='ltr'>πι-</span> 
     </span>
    </p>
   </div>
   <div class='ocr_carea' id='block_1_42' title="bbox 201 1229 992 1267">
    <p class='ocr_par' dir='ltr' id='par_1_42' title="bbox 201 1229 992 1267">
     <span class='ocr_line' id='line_1_42' title="bbox 201 1229 992 1267; baseline -0.005 -6"><span class='ocrx_word' id='word_1_331' title='bbox 201 1233 305 1261; x_wconf 84' lang='grc' dir='ltr'>στεύων</span> <span class='ocrx_word' id='word_1_332' title='bbox 318 1234 356 1264; x_wconf 86' lang='grc' dir='ltr'><strong>είς</strong></span> <span class='ocrx_word' id='word_1_333' title='bbox 373 1232 432 1267; x_wconf 75' lang='grc' dir='ltr'><strong>ἐμὲ.</strong></span> <span class='ocrx_word' id='word_1_334' title='bbox 446 1231 537 1263; x_wconf 83' lang='grc' dir='ltr'>καθὼς</span> <span class='ocrx_word' id='word_1_335' title='bbox 546 1229 622 1258; x_wconf 72' lang='grc' dir='ltr'>εἶπεν</span> <span class='ocrx_word' id='word_1_336' title='bbox 633 1231 764 1266; x_wconf 81' lang='grc' dir='ltr'>ήΓραφὴ,</span> <span class='ocrx_word' id='word_1_337' title='bbox 776 1232 894 1267; x_wconf 76' lang='grc' dir='ltr'>ποταμοὶ</span> <span class='ocrx_word' id='word_1_338' title='bbox 902 1232 934 1258; x_wconf 78' lang='grc' dir='ltr'>ὲκ</span> <span class='ocrx_word' id='word_1_339' title='bbox 943 1232 992 1267; x_wconf 81' lang='grc' dir='ltr'><strong>τῆς</strong></span> 
     </span>
    </p>
   </div>
   <div class='ocr_carea' id='block_1_43' title="bbox 201 1276 992 1313">
    <p class='ocr_par' dir='ltr' id='par_1_43' title="bbox 201 1276 992 1313">
     <span class='ocr_line' id='line_1_43' title="bbox 201 1276 992 1313; baseline -0.004 -7"><span class='ocrx_word' id='word_1_340' title='bbox 201 1278 307 1310; x_wconf 81' lang='grc' dir='ltr'>κοιλίας</span> <span class='ocrx_word' id='word_1_341' title='bbox 322 1277 405 1305; x_wconf 76' lang='grc' dir='ltr'>αὐτοῦ</span> <span class='ocrx_word' id='word_1_342' title='bbox 422 1277 563 1313; x_wconf 82' lang='grc' dir='ltr'>ῥεύσουσιν</span> <span class='ocrx_word' id='word_1_343' title='bbox 589 1276 685 1308; x_wconf 76' lang='grc' dir='ltr'>ὕδατος</span> <span class='ocrx_word' id='word_1_344' title='bbox 706 1277 817 1309; x_wconf 66' lang='grc' dir='ltr'>ζῶντος</span> <span class='ocrx_word' id='word_1_345' title='bbox 840 1287 849 1303; x_wconf 71' lang='grc' dir='ltr'><strong>ι</strong></span> <span class='ocrx_word' id='word_1_346' title='bbox 874 1276 992 1304; x_wconf 77' lang='grc' dir='ltr'>ἀλλὀὐκ</span> 
     </span>
    </p>
   </div>
   <div class='ocr_carea' id='block_1_44' title="bbox 199 1320 992 1359">
    <p class='ocr_par' dir='ltr' id='par_1_44' title="bbox 199 1320 992 1359">
     <span class='ocr_line' id='line_1_44' title="bbox 199 1320 992 1359; baseline -0.003 -9"><span class='ocrx_word' id='word_1_347' title='bbox 199 1323 297 1359; x_wconf 71' lang='grc' dir='ltr'>ἤθελον</span> <span class='ocrx_word' id='word_1_348' title='bbox 308 1322 496 1350; x_wconf 78' lang='grc' dir='ltr'>ἐπικαλεῖσθαι</span> <span class='ocrx_word' id='word_1_349' title='bbox 506 1322 536 1348; x_wconf 85' lang='grc' dir='ltr'>τὸ</span> <span class='ocrx_word' id='word_1_350' title='bbox 545 1322 629 1356; x_wconf 78' lang='grc' dir='ltr'>ὄνομα</span> <span class='ocrx_word' id='word_1_351' title='bbox 638 1321 732 1355; x_wconf 80' lang='grc' dir='ltr'>αὐτοῦ,</span> <span class='ocrx_word' id='word_1_352' title='bbox 742 1320 830 1348; x_wconf 86' lang='grc' dir='ltr'>καίτοι</span> <span class='ocrx_word' id='word_1_353' title='bbox 841 1322 992 1358; x_wconf 79' lang='grc' dir='ltr'>διαρῤήδην</span> 
     </span>
    </p>
   </div>
   <div class='ocr_carea' id='block_1_45' title="bbox 199 1366 991 1403">
    <p class='ocr_par' dir='ltr' id='par_1_45' title="bbox 199 1366 991 1403">
     <span class='ocr_line' id='line_1_45' title="bbox 199 1366 991 1403; baseline -0.004 -7"><span class='ocrx_word' id='word_1_354' title='bbox 199 1370 231 1396; x_wconf 77' lang='grc' dir='ltr'>τὸ</span> <span class='ocrx_word' id='word_1_355' title='bbox 246 1378 255 1395; x_wconf 82' lang='grc' dir='ltr'><strong>ι</strong></span> <span class='ocrx_word' id='word_1_356' title='bbox 277 1368 347 1403; x_wconf 85' lang='grc' dir='ltr'>Ἐγώ</span> <span class='ocrx_word' id='word_1_357' title='bbox 362 1369 419 1403; x_wconf 82' lang='grc' dir='ltr'>είμι</span> <span class='ocrx_word' id='word_1_358' title='bbox 434 1377 443 1393; x_wconf 72' lang='grc' dir='ltr'><strong>ι</strong></span> <span class='ocrx_word' id='word_1_359' title='bbox 458 1368 583 1402; x_wconf 77' lang='grc' dir='ltr'>λέγοντος</span> <span class='ocrx_word' id='word_1_360' title='bbox 603 1366 775 1402; x_wconf 85' lang='grc' dir='ltr'>πλεισταχοῠ.</span> <span class='ocrx_word' id='word_1_361' title='bbox 791 1367 852 1393; x_wconf 85' lang='grc' dir='ltr'><strong>Ὅτι</strong></span> <span class='ocrx_word' id='word_1_362' title='bbox 870 1367 898 1393; x_wconf 81' lang='grc' dir='ltr'><strong>δὲ</strong></span> <span class='ocrx_word' id='word_1_363' title='bbox 915 1367 991 1401; x_wconf 85' lang='grc' dir='ltr'>γεγό-</span> 
     </span>
    </p>
   </div>
   <div class='ocr_carea' id='block_1_46' title="bbox 203 1411 992 1448">
    <p class='ocr_par' dir='ltr' id='par_1_46' title="bbox 203 1411 992 1448">
     <span class='ocr_line' id='line_1_46' title="bbox 203 1411 992 1448; baseline -0.004 -7"><span class='ocrx_word' id='word_1_364' title='bbox 203 1422 283 1442; x_wconf 88' lang='grc' dir='ltr'>νασιν</span> <span class='ocrx_word' id='word_1_365' title='bbox 308 1413 483 1448; x_wconf 87' lang='grc' dir='ltr'>ἀνουθέτητοι</span> <span class='ocrx_word' id='word_1_366' title='bbox 511 1412 558 1439; x_wconf 77' lang='grc' dir='ltr'>καὶ</span> <span class='ocrx_word' id='word_1_367' title='bbox 584 1412 613 1438; x_wconf 82' lang='grc' dir='ltr'>ὲν</span> <span class='ocrx_word' id='word_1_368' title='bbox 639 1411 689 1447; x_wconf 84' lang='grc' dir='ltr'><strong>ῐσῳ</strong></span> <span class='ocrx_word' id='word_1_369' title='bbox 707 1411 778 1446; x_wconf 80' lang='grc' dir='ltr'>τάχα</span> <span class='ocrx_word' id='word_1_370' title='bbox 798 1419 849 1438; x_wconf 84' lang='grc' dir='ltr'><strong>που</strong></span> <span class='ocrx_word' id='word_1_371' title='bbox 873 1412 930 1443; x_wconf 86' lang='grc' dir='ltr'>τοῖς</span> <span class='ocrx_word' id='word_1_372' title='bbox 941 1412 992 1438; x_wconf 88' lang='grc' dir='ltr'>οὐκ</span> 
     </span>
    </p>
   </div>
   <div class='ocr_carea' id='block_1_47' title="bbox 200 1455 992 1493">
    <p class='ocr_par' dir='ltr' id='par_1_47' title="bbox 200 1455 992 1493">
     <span class='ocr_line' id='line_1_47' title="bbox 200 1455 992 1493; baseline -0.003 -8"><span class='ocrx_word' id='word_1_373' title='bbox 200 1459 307 1493; x_wconf 72' lang='grc' dir='ltr'>ἔχουσιν</span> <span class='ocrx_word' id='word_1_374' title='bbox 330 1455 396 1490; x_wconf 85' lang='grc' dir='ltr'>ὦτα,</span> <span class='ocrx_word' id='word_1_375' title='bbox 419 1456 531 1492; x_wconf 83' lang='grc' dir='ltr'>σκληροί</span> <span class='ocrx_word' id='word_1_376' title='bbox 550 1465 581 1483; x_wconf 90' lang='grc' dir='ltr'><strong>τε</strong></span> <span class='ocrx_word' id='word_1_377' title='bbox 609 1457 657 1483; x_wconf 76' lang='grc' dir='ltr'>καὶ</span> <span class='ocrx_word' id='word_1_378' title='bbox 674 1456 810 1490; x_wconf 82' lang='grc' dir='ltr'>ἀπειθεῖς,</span> <span class='ocrx_word' id='word_1_379' title='bbox 830 1457 992 1484; x_wconf 77' lang='grc' dir='ltr'>διαδείκνυσι</span> 
     </span>
    </p>
   </div>
   <div class='ocr_carea' id='block_1_48' title="bbox 201 1504 993 1541">
    <p class='ocr_par' dir='ltr' id='par_1_48' title="bbox 201 1504 993 1541">
     <span class='ocr_line' id='line_1_48' title="bbox 201 1504 993 1541; baseline -0.003 -8"><span class='ocrx_word' id='word_1_380' title='bbox 201 1506 297 1541; x_wconf 81' lang='grc' dir='ltr'>λέγων,</span> <span class='ocrx_word' id='word_1_381' title='bbox 310 1506 351 1532; x_wconf 84' lang='grc' dir='ltr'>ὅτι</span> <span class='ocrx_word' id='word_1_382' title='bbox 365 1515 374 1531; x_wconf 96' lang='lat'><strong>4</strong></span> <span class='ocrx_word' id='word_1_383' title='bbox 393 1505 561 1537; x_wconf 80' lang='grc' dir='ltr'>Ἐξεπέτασα</span> <span class='ocrx_word' id='word_1_384' title='bbox 583 1504 631 1536; x_wconf 79' lang='grc' dir='ltr'><strong>τὰς</strong></span> <span class='ocrx_word' id='word_1_385' title='bbox 650 1506 744 1540; x_wconf 82' lang='grc' dir='ltr'>χεῖράς</span> <span class='ocrx_word' id='word_1_386' title='bbox 769 1514 820 1540; x_wconf 87' lang='grc' dir='ltr'><strong>μου</strong></span> <span class='ocrx_word' id='word_1_387' title='bbox 837 1505 906 1541; x_wconf 75' lang='grc' dir='ltr'>πρὸς</span> <span class='ocrx_word' id='word_1_388' title='bbox 929 1505 993 1532; x_wconf 67' lang='grc' dir='ltr'>λαὸν</span> 
     </span>
    </p>
   </div>
   <div class='ocr_carea' id='block_1_49' title="bbox 201 1550 1026 1588">
    <p class='ocr_par' dir='ltr' id='par_1_49' title="bbox 201 1550 1026 1588">
     <span class='ocr_line' id='line_1_49' title="bbox 201 1550 1026 1588; baseline -0.001 -10"><span class='ocrx_word' id='word_1_389' title='bbox 201 1551 380 1583; x_wconf 79' lang='grc' dir='ltr'>ἀπειθοῦντα,</span> <span class='ocrx_word' id='word_1_390' title='bbox 409 1550 456 1578; x_wconf 77' lang='grc' dir='ltr'>καὶ</span> <span class='ocrx_word' id='word_1_391' title='bbox 473 1550 658 1584; x_wconf 81' lang='grc' dir='ltr'>ἀντιλέγοντα·</span> <span class='ocrx_word' id='word_1_392' title='bbox 676 1560 685 1576; x_wconf 75' lang='lat' dir='ltr'><strong>t</strong></span> <span class='ocrx_word' id='word_1_393' title='bbox 717 1550 913 1586; x_wconf 83' lang='grc' dir='ltr'>κατειθισμεθα</span> <span class='ocrx_word' id='word_1_394' title='bbox 938 1551 993 1587; x_wconf 80' lang='grc' dir='ltr'><strong>γὰρ</strong></span> <span class='ocrx_word' id='word_1_395' title='bbox 1007 1578 1026 1588; x_wconf 46' lang='grc' dir='ltr'>ἡ</span> 
     </span>
    </p>
   </div>
   <div class='ocr_carea' id='block_1_50' title="bbox 201 1595 991 1631">
    <p class='ocr_par' dir='ltr' id='par_1_50' title="bbox 201 1595 991 1631">
     <span class='ocr_line' id='line_1_50' title="bbox 201 1595 991 1631; baseline -0.001 -8"><span class='ocrx_word' id='word_1_396' title='bbox 201 1596 305 1628; x_wconf 82' lang='grc' dir='ltr'>ἀείπως</span> <span class='ocrx_word' id='word_1_397' title='bbox 317 1596 374 1627; x_wconf 76' lang='grc' dir='ltr'>τοῖς</span> <span class='ocrx_word' id='word_1_398' title='bbox 396 1595 525 1630; x_wconf 83' lang='grc' dir='ltr'>ἀνηκόοις</span> <span class='ocrx_word' id='word_1_399' title='bbox 556 1595 814 1630; x_wconf 78' lang='grc' dir='ltr'>προσδιαλεγόμενοι</span> <span class='ocrx_word' id='word_1_400' title='bbox 838 1595 908 1630; x_wconf 80' lang='grc' dir='ltr'>μετὰ</span> <span class='ocrx_word' id='word_1_401' title='bbox 926 1595 991 1631; x_wconf 80' lang='grc' dir='ltr'>βοῆς</span> 
     </span>
    </p>
   </div>
   <div class='ocr_carea' id='block_1_51' title="bbox 202 1639 991 1676">
    <p class='ocr_par' dir='ltr' id='par_1_51' title="bbox 202 1639 991 1676">
     <span class='ocr_line' id='line_1_51' title="bbox 202 1639 991 1676; baseline 0 -8"><span class='ocrx_word' id='word_1_402' title='bbox 202 1641 252 1673; x_wconf 82' lang='grc' dir='ltr'><strong>τὰς</strong></span> <span class='ocrx_word' id='word_1_403' title='bbox 264 1642 358 1676; x_wconf 84' lang='grc' dir='ltr'>χεῖρας</span> <span class='ocrx_word' id='word_1_404' title='bbox 389 1639 502 1672; x_wconf 84' lang='grc' dir='ltr'>ἁπλοῦν,</span> <span class='ocrx_word' id='word_1_405' title='bbox 525 1639 572 1666; x_wconf 79' lang='grc' dir='ltr'>καὶ</span> <span class='ocrx_word' id='word_1_406' title='bbox 587 1639 717 1675; x_wconf 82' lang='grc' dir='ltr'>πλείστην</span> <span class='ocrx_word' id='word_1_407' title='bbox 742 1640 808 1674; x_wconf 78' lang='grc' dir='ltr'>ὅσην</span> <span class='ocrx_word' id='word_1_408' title='bbox 822 1641 881 1666; x_wconf 84' lang='grc' dir='ltr'>κατ’</span> <span class='ocrx_word' id='word_1_409' title='bbox 901 1641 991 1668; x_wconf 76' lang='grc' dir='ltr'>αὐτῶν</span> 
     </span>
    </p>
   </div>
   <div class='ocr_carea' id='block_1_52' title="bbox 201 1685 990 1721">
    <p class='ocr_par' dir='ltr' id='par_1_52' title="bbox 201 1685 990 1721">
     <span class='ocr_line' id='line_1_52' title="bbox 201 1685 990 1721; baseline -0.001 -8"><span class='ocrx_word' id='word_1_410' title='bbox 201 1686 337 1713; x_wconf 80' lang='grc' dir='ltr'>ποιεῖσθαι</span> <span class='ocrx_word' id='word_1_411' title='bbox 360 1685 410 1720; x_wconf 87' lang='grc' dir='ltr'>τὴν</span> <span class='ocrx_word' id='word_1_412' title='bbox 423 1685 575 1720; x_wconf 67' lang='grc' dir='ltr'>ἐπίπληξιν</span> <span class='ocrx_word' id='word_1_413' title='bbox 595 1694 604 1711; x_wconf 95' lang='lat'><strong>4</strong></span> <span class='ocrx_word' id='word_1_414' title='bbox 623 1685 679 1712; x_wconf 81' lang='grc' dir='ltr'>ἀλλ’</span> <span class='ocrx_word' id='word_1_415' title='bbox 691 1685 741 1712; x_wconf 88' lang='grc' dir='ltr'><strong>ούκ</strong></span> <span class='ocrx_word' id='word_1_416' title='bbox 762 1685 961 1721; x_wconf 78' lang='grc' dir='ltr'>ἐπορεύθησαν,</span> <span class='ocrx_word' id='word_1_417' title='bbox 981 1696 990 1712; x_wconf 78' lang='grc' dir='ltr'><strong>ι</strong></span> 
     </span>
    </p>
   </div>
   <div class='ocr_carea' id='block_1_53' title="bbox 206 1730 995 1768">
    <p class='ocr_par' dir='ltr' id='par_1_53' title="bbox 206 1730 995 1768">
     <span class='ocr_line' id='line_1_53' title="bbox 206 1730 995 1768; baseline 0 -10"><span class='ocrx_word' id='word_1_418' title='bbox 206 1732 300 1768; x_wconf 79' lang='grc' dir='ltr'>φησὶν,</span> <span class='ocrx_word' id='word_1_419' title='bbox 327 1741 336 1757; x_wconf 98' lang='lat'><strong>4</strong></span> <span class='ocrx_word' id='word_1_420' title='bbox 355 1731 406 1766; x_wconf 79' lang='grc' dir='ltr'>6δῷ</span> <span class='ocrx_word' id='word_1_421' title='bbox 421 1730 546 1766; x_wconf 81' lang='grc' dir='ltr'>ἀληθινῇ.</span> <span class='ocrx_word' id='word_1_422' title='bbox 565 1740 574 1756; x_wconf 82' lang='grc' dir='ltr'><strong>ι</strong></span> <span class='ocrx_word' id='word_1_423' title='bbox 597 1731 783 1767; x_wconf 83' lang='grc' dir='ltr'>Παρεδέξαντο</span> <span class='ocrx_word' id='word_1_424' title='bbox 797 1731 851 1767; x_wconf 85' lang='grc' dir='ltr'><strong>γὰρ</strong></span> <span class='ocrx_word' id='word_1_425' title='bbox 871 1732 995 1767; x_wconf 75' lang='grc' dir='ltr'>οὐδαμῶς</span> 
     </span>
    </p>
   </div>
   <div class='ocr_carea' id='block_1_54' title="bbox 203 1776 993 1813">
    <p class='ocr_par' dir='ltr' id='par_1_54' title="bbox 203 1776 993 1813">
     <span class='ocr_line' id='line_1_54' title="bbox 203 1776 993 1813; baseline -0.001 -8"><span class='ocrx_word' id='word_1_426' title='bbox 203 1779 234 1805; x_wconf 77' lang='grc' dir='ltr'><strong>τὺ</strong></span> <span class='ocrx_word' id='word_1_427' title='bbox 250 1778 382 1813; x_wconf 84' lang='grc' dir='ltr'>σωτήριον</span> <span class='ocrx_word' id='word_1_428' title='bbox 395 1777 536 1812; x_wconf 85' lang='grc' dir='ltr'>κήρυγμα,</span> <span class='ocrx_word' id='word_1_429' title='bbox 556 1785 565 1802; x_wconf 83' lang='lat'><strong>4</strong></span> <span class='ocrx_word' id='word_1_430' title='bbox 579 1776 687 1803; x_wconf 82' lang='grc' dir='ltr'>εἵποντο</span> <span class='ocrx_word' id='word_1_431' title='bbox 698 1777 727 1803; x_wconf 80' lang='grc' dir='ltr'><strong>δὲ</strong></span> <span class='ocrx_word' id='word_1_432' title='bbox 744 1777 843 1812; x_wconf 78' lang='grc' dir='ltr'>μᾶλλον</span> <span class='ocrx_word' id='word_1_433' title='bbox 856 1778 916 1809; x_wconf 84' lang='grc' dir='ltr'>ταῖς</span> <span class='ocrx_word' id='word_1_434' title='bbox 930 1778 977 1805; x_wconf 81' lang='grc' dir='ltr'><strong>έαυ</strong></span> <span class='ocrx_word' id='word_1_435' title='bbox 986 1792 993 1798; x_wconf 86' lang='lat'><strong><em>-</em></strong></span> 
     </span>
    </p>
   </div>
   <div class='ocr_carea' id='block_1_55' title="bbox 203 1822 992 1858">
    <p class='ocr_par' dir='ltr' id='par_1_55' title="bbox 203 1822 992 1858">
     <span class='ocr_line' id='line_1_55' title="bbox 203 1822 992 1858; baseline -0.001 -8"><span class='ocrx_word' id='word_1_436' title='bbox 203 1822 421 1858; x_wconf 81' lang='grc' dir='ltr'>τῶνὰμαρτίαις,</span> <span class='ocrx_word' id='word_1_437' title='bbox 429 1832 437 1847; x_wconf 81' lang='grc' dir='ltr'><strong>ι</strong></span> <span class='ocrx_word' id='word_1_438' title='bbox 448 1822 597 1855; x_wconf 67' lang='grc' dir='ltr'>τουτέστιν,</span> <span class='ocrx_word' id='word_1_439' title='bbox 610 1822 716 1856; x_wconf 70' lang='grc' dir='ltr'>ἀσχέτῳ</span> <span class='ocrx_word' id='word_1_440' title='bbox 729 1823 801 1857; x_wconf 80' lang='grc' dir='ltr'>φορᾷ</span> <span class='ocrx_word' id='word_1_441' title='bbox 811 1822 992 1858; x_wconf 74' lang='grc' dir='ltr'>κατεφέροντο</span> 
     </span>
    </p>
   </div>
   <div class='ocr_carea' id='block_1_56' title="bbox 204 1867 991 1905">
    <p class='ocr_par' dir='ltr' id='par_1_56' title="bbox 204 1867 991 1905">
     <span class='ocr_line' id='line_1_56' title="bbox 204 1867 991 1905; baseline -0.003 -8"><span class='ocrx_word' id='word_1_442' title='bbox 204 1870 270 1905; x_wconf 71' lang='grc' dir='ltr'>πρὸς</span> <span class='ocrx_word' id='word_1_443' title='bbox 284 1869 404 1904; x_wconf 82' lang='grc' dir='ltr'>ἀτημελῆ</span> <span class='ocrx_word' id='word_1_444' title='bbox 421 1868 467 1895; x_wconf 76' lang='grc' dir='ltr'><strong>καὶ</strong></span> <span class='ocrx_word' id='word_1_445' title='bbox 491 1868 684 1904; x_wconf 74' lang='grc' dir='ltr'>ἑκνομωτάτην</span> <span class='ocrx_word' id='word_1_446' title='bbox 701 1867 783 1902; x_wconf 79' lang='grc' dir='ltr'>ζωὴν.</span> <span class='ocrx_word' id='word_1_447' title='bbox 795 1868 873 1904; x_wconf 83' lang='grc' dir='ltr'>δίκης</span> <span class='ocrx_word' id='word_1_448' title='bbox 890 1877 919 1895; x_wconf 88' lang='grc' dir='ltr'><strong>τε</strong></span> <span class='ocrx_word' id='word_1_449' title='bbox 943 1869 991 1895; x_wconf 75' lang='grc' dir='ltr'>αύ-</span> 
     </span>
    </p>
   </div>
   <div class='ocr_carea' id='block_1_57' title="bbox 204 1912 992 1949">
    <p class='ocr_par' dir='ltr' id='par_1_57' title="bbox 204 1912 992 1949">
     <span class='ocr_line' id='line_1_57' title="bbox 204 1912 992 1949; baseline -0.004 -7"><span class='ocrx_word' id='word_1_450' title='bbox 204 1917 259 1947; x_wconf 82' lang='grc' dir='ltr'>τοῖς</span> <span class='ocrx_word' id='word_1_451' title='bbox 286 1915 332 1941; x_wconf 72' lang='grc' dir='ltr'><strong>καλ⁸</strong></span> <span class='ocrx_word' id='word_1_452' title='bbox 359 1914 470 1949; x_wconf 76' lang='grc' dir='ltr'>ὀλέθρου</span> <span class='ocrx_word' id='word_1_453' title='bbox 493 1912 633 1948; x_wconf 79' lang='grc' dir='ltr'>πρόξενον.</span> <span class='ocrx_word' id='word_1_454' title='bbox 659 1912 744 1939; x_wconf 80' lang='grc' dir='ltr'>Τοῦτο</span> <span class='ocrx_word' id='word_1_455' title='bbox 760 1913 840 1940; x_wconf 85' lang='grc' dir='ltr'>πάλιν</span> <span class='ocrx_word' id='word_1_456' title='bbox 867 1914 880 1940; x_wconf 81' lang='grc' dir='ltr'><strong>ὁ</strong></span> <span class='ocrx_word' id='word_1_457' title='bbox 897 1913 992 1949; x_wconf 75' lang='grc' dir='ltr'>Σωτὴρ</span> 
     </span>
    </p>
   </div>
   <div class='ocr_carea' id='block_1_58' title="bbox 207 1959 992 1995">
    <p class='ocr_par' dir='ltr' id='par_1_58' title="bbox 207 1959 992 1995">
     <span class='ocr_line' id='line_1_58' title="bbox 207 1959 992 1995; baseline -0.003 -7"><span class='ocrx_word' id='word_1_458' title='bbox 207 1962 298 1988; x_wconf 75' lang='grc' dir='ltr'>αὐτοῖς</span> <span class='ocrx_word' id='word_1_459' title='bbox 309 1960 466 1995; x_wconf 80' lang='grc' dir='ltr'>εὑρίσκεται</span> <span class='ocrx_word' id='word_1_460' title='bbox 481 1959 568 1993; x_wconf 88' lang='grc' dir='ltr'>λέγων</span> <span class='ocrx_word' id='word_1_461' title='bbox 579 1967 584 1972; x_wconf 94' lang='grc'><strong>·</strong></span> <span class='ocrx_word' id='word_1_462' title='bbox 598 1967 608 1983; x_wconf 95' lang='lat'><strong>4</strong></span> <span class='ocrx_word' id='word_1_463' title='bbox 629 1959 712 1994; x_wconf 81' lang='grc' dir='ltr'>Ἀμὴν</span> <span class='ocrx_word' id='word_1_464' title='bbox 723 1959 794 1993; x_wconf 88' lang='grc' dir='ltr'>λέγω</span> <span class='ocrx_word' id='word_1_465' title='bbox 805 1959 879 1994; x_wconf 83' lang='grc' dir='ltr'>ὑμῖν,</span> <span class='ocrx_word' id='word_1_466' title='bbox 892 1959 939 1986; x_wconf 78' lang='grc' dir='ltr'><strong>ἐὰν</strong></span> <span class='ocrx_word' id='word_1_467' title='bbox 955 1959 992 1994; x_wconf 85' lang='grc' dir='ltr'>μὴ</span> 
     </span>
    </p>
   </div>
   <div class='ocr_carea' id='block_1_59' title="bbox 205 2004 992 2041">
    <p class='ocr_par' dir='ltr' id='par_1_59' title="bbox 205 2004 992 2041">
     <span class='ocr_line' id='line_1_59' title="bbox 205 2004 992 2041; baseline -0.004 -7"><span class='ocrx_word' id='word_1_468' title='bbox 205 2007 379 2041; x_wconf 79' lang='grc' dir='ltr'>πιστεύσητε,</span> <span class='ocrx_word' id='word_1_469' title='bbox 394 2006 435 2032; x_wconf 79' lang='grc' dir='ltr'><strong>ὅτι</strong></span> <span class='ocrx_word' id='word_1_470' title='bbox 451 2004 507 2039; x_wconf 82' lang='grc' dir='ltr'><strong>ἐγώ</strong></span> <span class='ocrx_word' id='word_1_471' title='bbox 534 2005 602 2039; x_wconf 80' lang='grc' dir='ltr'>εἰμι,</span> <span class='ocrx_word' id='word_1_472' title='bbox 619 2005 648 2031; x_wconf 82' lang='grc' dir='ltr'>ὲν</span> <span class='ocrx_word' id='word_1_473' title='bbox 664 2006 724 2037; x_wconf 86' lang='grc' dir='ltr'>ταῖς</span> <span class='ocrx_word' id='word_1_474' title='bbox 745 2005 893 2040; x_wconf 84' lang='grc' dir='ltr'>ἁμαρτίαις</span> <span class='ocrx_word' id='word_1_475' title='bbox 915 2005 992 2040; x_wconf 79' lang='grc' dir='ltr'>ὑμῶν</span> 
     </span>
    </p>
   </div>
   <div class='ocr_carea' id='block_1_60' title="bbox 204 2050 990 2087">
    <p class='ocr_par' dir='ltr' id='par_1_60' title="bbox 204 2050 990 2087">
     <span class='ocr_line' id='line_1_60' title="bbox 204 2050 990 2087; baseline -0.001 -8"><span class='ocrx_word' id='word_1_476' title='bbox 204 2051 394 2080; x_wconf 81' lang='grc' dir='ltr'>ἀποθανεῖσθε.</span> <span class='ocrx_word' id='word_1_477' title='bbox 416 2061 426 2077; x_wconf 74' lang='grc' dir='ltr'><strong>ι</strong></span> <span class='ocrx_word' id='word_1_478' title='bbox 450 2050 680 2086; x_wconf 70' lang='grc' dir='ltr'>Ἀντεπράττοιπο</span> <span class='ocrx_word' id='word_1_479' title='bbox 699 2051 754 2086; x_wconf 82' lang='grc' dir='ltr'><strong>γὰρ</strong></span> <span class='ocrx_word' id='word_1_480' title='bbox 767 2051 990 2087; x_wconf 83' lang='grc' dir='ltr'>νουθετούμενοι,</span> 
     </span>
    </p>
   </div>
   <div class='ocr_carea' id='block_1_61' title="bbox 205 2095 992 2132">
    <p class='ocr_par' dir='ltr' id='par_1_61' title="bbox 205 2095 992 2132">
     <span class='ocr_line' id='line_1_61' title="bbox 205 2095 992 2132; baseline 0 -8"><span class='ocrx_word' id='word_1_481' title='bbox 205 2097 387 2132; x_wconf 66' lang='grc' dir='ltr'>παρήγγειλω</span> <span class='ocrx_word' id='word_1_482' title='bbox 400 2096 428 2123; x_wconf 79' lang='grc' dir='ltr'><strong>δὲ</strong></span> <span class='ocrx_word' id='word_1_483' title='bbox 439 2096 485 2122; x_wconf 67' lang='grc' dir='ltr'><strong>κοιλ¹</strong></span> <span class='ocrx_word' id='word_1_484' title='bbox 498 2096 556 2127; x_wconf 80' lang='grc' dir='ltr'>τοῖς</span> <span class='ocrx_word' id='word_1_485' title='bbox 568 2095 620 2122; x_wconf 84' lang='grc' dir='ltr'>ὑπὸ</span> <span class='ocrx_word' id='word_1_486' title='bbox 631 2097 708 2132; x_wconf 81' lang='grc' dir='ltr'>χεῖρα</span> <span class='ocrx_word' id='word_1_487' title='bbox 717 2097 841 2131; x_wconf 87' lang='grc' dir='ltr'>λέγοντες</span> <span class='ocrx_word' id='word_1_488' title='bbox 854 2105 861 2112; x_wconf 81' lang='lat'><strong>&#39;</strong></span> <span class='ocrx_word' id='word_1_489' title='bbox 874 2106 883 2123; x_wconf 93' lang='lat'><strong>4</strong></span> <span class='ocrx_word' id='word_1_490' title='bbox 893 2097 992 2132; x_wconf 85' lang='grc' dir='ltr'>Δαιμό-</span> 
     </span>
    </p>
   </div>
   <div class='ocr_carea' id='block_1_62' title="bbox 1042 959 1831 995">
    <p class='ocr_par' dir='ltr' id='par_1_62' title="bbox 1042 959 1831 995">
     <span class='ocr_line' id='line_1_62' title="bbox 1042 959 1831 995; baseline 0 -9"><span class='ocrx_word' id='word_1_491' title='bbox 1042 960 1125 994; x_wconf 78' lang='lat' dir='ltr'><strong>genti,</strong></span> <span class='ocrx_word' id='word_1_492' title='bbox 1137 967 1196 994; x_wconf 65' lang='lat' dir='ltr'><strong>quae</strong></span> <span class='ocrx_word' id='word_1_493' title='bbox 1213 968 1267 987; x_wconf 91' lang='lat' dir='ltr'><strong>non</strong></span> <span class='ocrx_word' id='word_1_494' title='bbox 1283 960 1424 995; x_wconf 82' lang='lat' dir='ltr'><strong>appellavit</strong></span> <span class='ocrx_word' id='word_1_495' title='bbox 1436 967 1532 987; x_wconf 85' lang='lat' dir='ltr'><strong>nomen</strong></span> <span class='ocrx_word' id='word_1_496' title='bbox 1551 967 1650 988; x_wconf 88' lang='lat' dir='ltr'><strong>meum.</strong></span> <span class='ocrx_word' id='word_1_497' title='bbox 1667 970 1677 986; x_wconf 72' lang='grc' dir='ltr'><strong>ι</strong></span> <span class='ocrx_word' id='word_1_498' title='bbox 1693 959 1831 988; x_wconf 81' lang='lat' dir='ltr'><strong>Invenitur</strong></span> 
     </span>
    </p>
   </div>
   <div class='ocr_carea' id='block_1_63' title="bbox 1042 1005 1831 1040">
    <p class='ocr_par' dir='ltr' id='par_1_63' title="bbox 1042 1005 1831 1040">
     <span class='ocr_line' id='line_1_63' title="bbox 1042 1005 1831 1040; baseline 0 -8"><span class='ocrx_word' id='word_1_499' title='bbox 1042 1006 1114 1032; x_wconf 88' lang='lat' dir='ltr'><strong>enim</strong></span> <span class='ocrx_word' id='word_1_500' title='bbox 1128 1006 1218 1033; x_wconf 88' lang='lat' dir='ltr'><strong>dicens</strong></span> <span class='ocrx_word' id='word_1_501' title='bbox 1242 1013 1312 1033; x_wconf 89' lang='lat' dir='ltr'><strong>nunc</strong></span> <span class='ocrx_word' id='word_1_502' title='bbox 1326 1015 1333 1033; x_wconf 90' lang='lat'><strong>:</strong></span> <span class='ocrx_word' id='word_1_503' title='bbox 1351 1015 1359 1030; x_wconf 78' lang='grc' dir='ltr'><strong>ι</strong></span> <span class='ocrx_word' id='word_1_504' title='bbox 1376 1005 1430 1040; x_wconf 75' lang='lat' dir='ltr'><strong>Ego</strong></span> <span class='ocrx_word' id='word_1_505' title='bbox 1444 1014 1502 1033; x_wconf 89' lang='lat' dir='ltr'><strong>sum</strong></span> <span class='ocrx_word' id='word_1_506' title='bbox 1517 1006 1560 1033; x_wconf 85' lang='lat' dir='ltr'><strong>lux</strong></span> <span class='ocrx_word' id='word_1_507' title='bbox 1578 1006 1669 1033; x_wconf 89' lang='lat' dir='ltr'><strong>nmndi</strong></span> <span class='ocrx_word' id='word_1_508' title='bbox 1681 1006 1717 1038; x_wconf 50' lang='lat' dir='ltr'><strong>‘l;</strong></span> <span class='ocrx_word' id='word_1_509' title='bbox 1735 1015 1744 1032; x_wconf 71' lang='grc' dir='ltr'><strong>ι</strong></span> <span class='ocrx_word' id='word_1_510' title='bbox 1761 1013 1831 1033; x_wconf 90' lang='lat' dir='ltr'><strong>nunc</strong></span> 
     </span>
    </p>
   </div>
   <div class='ocr_carea' id='block_1_64' title="bbox 1043 1050 1829 1085">
    <p class='ocr_par' dir='ltr' id='par_1_64' title="bbox 1043 1050 1829 1085">
     <span class='ocr_line' id='line_1_64' title="bbox 1043 1050 1829 1085; baseline -0.001 -8"><span class='ocrx_word' id='word_1_511' title='bbox 1043 1057 1136 1077; x_wconf 87' lang='lat' dir='ltr'><strong>rursus</strong></span> <span class='ocrx_word' id='word_1_512' title='bbox 1152 1058 1158 1077; x_wconf 92' lang='lat'>:</span> <span class='ocrx_word' id='word_1_513' title='bbox 1178 1059 1187 1076; x_wconf 96' lang='lat'><strong>4</strong></span> <span class='ocrx_word' id='word_1_514' title='bbox 1207 1050 1235 1077; x_wconf 91' lang='lat' dir='ltr'><strong>Si</strong></span> <span class='ocrx_word' id='word_1_515' title='bbox 1251 1052 1312 1085; x_wconf 85' lang='lat' dir='ltr'><strong>quis</strong></span> <span class='ocrx_word' id='word_1_516' title='bbox 1325 1051 1399 1082; x_wconf 85' lang='lat' dir='ltr'><strong>sitit,</strong></span> <span class='ocrx_word' id='word_1_517' title='bbox 1416 1051 1504 1077; x_wconf 78' lang='lat' dir='ltr'><strong>veniat</strong></span> <span class='ocrx_word' id='word_1_518' title='bbox 1518 1052 1550 1077; x_wconf 80' lang='lat' dir='ltr'><strong>ad</strong></span> <span class='ocrx_word' id='word_1_519' title='bbox 1565 1059 1622 1082; x_wconf 83' lang='lat' dir='ltr'><strong>me,</strong></span> <span class='ocrx_word' id='word_1_520' title='bbox 1637 1055 1663 1078; x_wconf 87' lang='lat' dir='ltr'><strong>et</strong></span> <span class='ocrx_word' id='word_1_521' title='bbox 1679 1051 1762 1078; x_wconf 86' lang='lat' dir='ltr'><strong>bibat.</strong></span> <span class='ocrx_word' id='word_1_522' title='bbox 1778 1050 1829 1082; x_wconf 89' lang='lat' dir='ltr'><strong>Qui</strong></span> 
     </span>
    </p>
   </div>
   <div class='ocr_carea' id='block_1_65' title="bbox 1042 1095 1831 1129">
    <p class='ocr_par' dir='ltr' id='par_1_65' title="bbox 1042 1095 1831 1129">
     <span class='ocr_line' id='line_1_65' title="bbox 1042 1095 1831 1129; baseline 0 -7"><span class='ocrx_word' id='word_1_523' title='bbox 1042 1095 1128 1122; x_wconf 86' lang='lat' dir='ltr'><strong>credit</strong></span> <span class='ocrx_word' id='word_1_524' title='bbox 1154 1095 1180 1122; x_wconf 93' lang='lat' dir='ltr'><strong>in</strong></span> <span class='ocrx_word' id='word_1_525' title='bbox 1210 1102 1267 1127; x_wconf 84' lang='lat' dir='ltr'><strong>me,</strong></span> <span class='ocrx_word' id='word_1_526' title='bbox 1292 1095 1372 1122; x_wconf 85' lang='lat' dir='ltr'><strong>sicuti</strong></span> <span class='ocrx_word' id='word_1_527' title='bbox 1399 1096 1465 1122; x_wconf 84' lang='lat' dir='ltr'><strong>dicit</strong></span> <span class='ocrx_word' id='word_1_528' title='bbox 1488 1096 1643 1129; x_wconf 83' lang='lat' dir='ltr'><strong>Scriptura,</strong></span> <span class='ocrx_word' id='word_1_529' title='bbox 1667 1096 1775 1122; x_wconf 83' lang='lat' dir='ltr'><strong>ﬂumina</strong></span> <span class='ocrx_word' id='word_1_530' title='bbox 1798 1096 1831 1122; x_wconf 88' lang='lat' dir='ltr'><strong>de</strong></span> 
     </span>
    </p>
   </div>
   <div class='ocr_carea' id='block_1_66' title="bbox 1043 1140 1833 1176">
    <p class='ocr_par' dir='ltr' id='par_1_66' title="bbox 1043 1140 1833 1176">
     <span class='ocr_line' id='line_1_66' title="bbox 1043 1140 1833 1176; baseline 0 -9"><span class='ocrx_word' id='word_1_531' title='bbox 1043 1145 1137 1168; x_wconf 85' lang='lat' dir='ltr'><strong>ventre</strong></span> <span class='ocrx_word' id='word_1_532' title='bbox 1153 1141 1212 1176; x_wconf 85' lang='lat' dir='ltr'><strong>ejus</strong></span> <span class='ocrx_word' id='word_1_533' title='bbox 1230 1140 1314 1169; x_wconf 84' lang='lat' dir='ltr'><strong>ﬂuent</strong></span> <span class='ocrx_word' id='word_1_534' title='bbox 1330 1148 1408 1175; x_wconf 71' lang='lat' dir='ltr'><strong>aqua:</strong></span> <span class='ocrx_word' id='word_1_535' title='bbox 1422 1141 1538 1169; x_wconf 84' lang='lat' dir='ltr'><strong>viventis</strong></span> <span class='ocrx_word' id='word_1_536' title='bbox 1554 1141 1587 1170; x_wconf 82' lang='lat'><strong>“.</strong></span> <span class='ocrx_word' id='word_1_537' title='bbox 1608 1151 1617 1168; x_wconf 66' lang='lat' dir='ltr'><strong>t</strong></span> <span class='ocrx_word' id='word_1_538' title='bbox 1638 1144 1673 1169; x_wconf 78' lang='lat' dir='ltr'><strong>At</strong></span> <span class='ocrx_word' id='word_1_539' title='bbox 1689 1142 1833 1168; x_wconf 86' lang='lat' dir='ltr'><strong>noluerunt</strong></span> 
     </span>
    </p>
   </div>
   <div class='ocr_carea' id='block_1_67' title="bbox 1043 1185 1830 1220">
    <p class='ocr_par' dir='ltr' id='par_1_67' title="bbox 1043 1185 1830 1220">
     <span class='ocr_line' id='line_1_67' title="bbox 1043 1185 1830 1220; baseline 0 -8"><span class='ocrx_word' id='word_1_540' title='bbox 1043 1185 1179 1220; x_wconf 83' lang='lat' dir='ltr'><strong>appellare</strong></span> <span class='ocrx_word' id='word_1_541' title='bbox 1199 1193 1296 1213; x_wconf 86' lang='lat' dir='ltr'><strong>nomen</strong></span> <span class='ocrx_word' id='word_1_542' title='bbox 1319 1186 1387 1220; x_wconf 83' lang='lat' dir='ltr'><strong>ejus,</strong></span> <span class='ocrx_word' id='word_1_543' title='bbox 1404 1186 1578 1220; x_wconf 79' lang='lat' dir='ltr'><strong>quantumvis</strong></span> <span class='ocrx_word' id='word_1_544' title='bbox 1599 1187 1701 1213; x_wconf 87' lang='lat' dir='ltr'><strong>diserte</strong></span> <span class='ocrx_word' id='word_1_545' title='bbox 1718 1187 1830 1217; x_wconf 84' lang='lat' dir='ltr'><strong>diceret,</strong></span> 
     </span>
    </p>
   </div>
   <div class='ocr_carea' id='block_1_68' title="bbox 1041 1231 1833 1266">
    <p class='ocr_par' dir='ltr' id='par_1_68' title="bbox 1041 1231 1833 1266">
     <span class='ocr_line' id='line_1_68' title="bbox 1041 1231 1833 1266; baseline -0.003 -7"><span class='ocrx_word' id='word_1_546' title='bbox 1041 1235 1070 1259; x_wconf 91' lang='lat' dir='ltr'><strong>et</strong></span> <span class='ocrx_word' id='word_1_547' title='bbox 1086 1231 1194 1266; x_wconf 83' lang='lat' dir='ltr'><strong>quidem</strong></span> <span class='ocrx_word' id='word_1_548' title='bbox 1210 1239 1282 1265; x_wconf 81' lang='lat' dir='ltr'><strong>saepe</strong></span> <span class='ocrx_word' id='word_1_549' title='bbox 1301 1241 1307 1259; x_wconf 91' lang='lat'>:</span> <span class='ocrx_word' id='word_1_550' title='bbox 1331 1240 1340 1257; x_wconf 94' lang='lat'><strong>4</strong></span> <span class='ocrx_word' id='word_1_551' title='bbox 1365 1231 1422 1266; x_wconf 80' lang='lat' dir='ltr'><strong>Ego</strong></span> <span class='ocrx_word' id='word_1_552' title='bbox 1442 1239 1513 1260; x_wconf 91' lang='lat' dir='ltr'><strong>sum.</strong></span> <span class='ocrx_word' id='word_1_553' title='bbox 1530 1241 1539 1257; x_wconf 80' lang='grc' dir='ltr'><strong>ι</strong></span> <span class='ocrx_word' id='word_1_554' title='bbox 1562 1232 1658 1259; x_wconf 73' lang='lat' dir='ltr'><strong>Fuisse</strong></span> <span class='ocrx_word' id='word_1_555' title='bbox 1678 1237 1766 1258; x_wconf 83' lang='lat' dir='ltr'><strong>autem</strong></span> <span class='ocrx_word' id='word_1_556' title='bbox 1786 1239 1833 1257; x_wconf 86' lang='lat' dir='ltr'><strong>eos</strong></span> 
     </span>
    </p>
   </div>
   <div class='ocr_carea' id='block_1_69' title="bbox 1042 1277 1832 1311">
    <p class='ocr_par' dir='ltr' id='par_1_69' title="bbox 1042 1277 1832 1311">
     <span class='ocr_line' id='line_1_69' title="bbox 1042 1277 1832 1311; baseline 0.001 -8"><span class='ocrx_word' id='word_1_557' title='bbox 1042 1277 1232 1304; x_wconf 75' lang='lat' dir='ltr'><strong>admonitionis</strong></span> <span class='ocrx_word' id='word_1_558' title='bbox 1253 1278 1439 1311; x_wconf 79' lang='lat' dir='ltr'><strong>impatientes,</strong></span> <span class='ocrx_word' id='word_1_559' title='bbox 1455 1283 1482 1304; x_wconf 92' lang='lat' dir='ltr'><strong>ct</strong></span> <span class='ocrx_word' id='word_1_560' title='bbox 1500 1277 1601 1305; x_wconf 76' lang='lat' dir='ltr'><strong>similes</strong></span> <span class='ocrx_word' id='word_1_561' title='bbox 1623 1277 1664 1305; x_wconf 90' lang='lat' dir='ltr'><strong>his</strong></span> <span class='ocrx_word' id='word_1_562' title='bbox 1685 1277 1729 1311; x_wconf 85' lang='lat' dir='ltr'><strong>qui</strong></span> <span class='ocrx_word' id='word_1_563' title='bbox 1753 1284 1832 1304; x_wconf 77' lang='lat' dir='ltr'><strong>aures</strong></span> 
     </span>
    </p>
   </div>
   <div class='ocr_carea' id='block_1_70' title="bbox 1043 1314 1830 1353">
    <p class='ocr_par' dir='ltr' id='par_1_70' title="bbox 1043 1314 1830 1353">
     <span class='ocr_line' id='line_1_70' title="bbox 1043 1314 1830 1353; baseline 0.003 -5"><span class='ocrx_word' id='word_1_564' title='bbox 1043 1329 1096 1349; x_wconf 89' lang='lat' dir='ltr'><strong>non</strong></span> <span class='ocrx_word' id='word_1_565' title='bbox 1113 1322 1221 1352; x_wconf 85' lang='lat' dir='ltr'><strong>habent.</strong></span> <span class='ocrx_word' id='word_1_566' title='bbox 1233 1322 1315 1349; x_wconf 88' lang='lat' dir='ltr'><strong>duros</strong></span> <span class='ocrx_word' id='word_1_567' title='bbox 1329 1327 1356 1349; x_wconf 86' lang='lat' dir='ltr'><strong>et</strong></span> <span class='ocrx_word' id='word_1_568' title='bbox 1367 1314 1560 1353; x_wconf 82' lang='lat' dir='ltr'><strong>inobedietttes.</strong></span> <span class='ocrx_word' id='word_1_569' title='bbox 1572 1323 1689 1350; x_wconf 87' lang='lat' dir='ltr'><strong>ostendit</strong></span> <span class='ocrx_word' id='word_1_570' title='bbox 1702 1331 1762 1350; x_wconf 89' lang='lat' dir='ltr'><strong>cum</strong></span> <span class='ocrx_word' id='word_1_571' title='bbox 1775 1323 1811 1349; x_wconf 92' lang='lat' dir='ltr'><strong>ait</strong></span> <span class='ocrx_word' id='word_1_572' title='bbox 1823 1331 1830 1350; x_wconf 89' lang='lat'><strong>:</strong></span> 
     </span>
    </p>
   </div>
   <div class='ocr_carea' id='block_1_71' title="bbox 1046 1367 1832 1401">
    <p class='ocr_par' dir='ltr' id='par_1_71' title="bbox 1046 1367 1832 1401">
     <span class='ocr_line' id='line_1_71' title="bbox 1046 1367 1832 1401; baseline 0 -8"><span class='ocrx_word' id='word_1_573' title='bbox 1046 1377 1055 1393; x_wconf 97' lang='lat'><strong>4</strong></span> <span class='ocrx_word' id='word_1_574' title='bbox 1075 1367 1196 1401; x_wconf 79' lang='lat' dir='ltr'><strong>Expandi</strong></span> <span class='ocrx_word' id='word_1_575' title='bbox 1213 1375 1308 1395; x_wconf 82' lang='lat' dir='ltr'><strong>manus</strong></span> <span class='ocrx_word' id='word_1_576' title='bbox 1325 1374 1399 1394; x_wconf 82' lang='lat' dir='ltr'><strong>meas</strong></span> <span class='ocrx_word' id='word_1_577' title='bbox 1416 1367 1448 1394; x_wconf 84' lang='lat' dir='ltr'><strong>ad</strong></span> <span class='ocrx_word' id='word_1_578' title='bbox 1483 1367 1610 1401; x_wconf 86' lang='lat' dir='ltr'><strong>populum</strong></span> <span class='ocrx_word' id='word_1_579' title='bbox 1635 1367 1832 1394; x_wconf 88' lang='lat' dir='ltr'><strong>iuobedienteut</strong></span> 
     </span>
    </p>
   </div>
   <div class='ocr_carea' id='block_1_72' title="bbox 1043 1413 1832 1448">
    <p class='ocr_par' dir='ltr' id='par_1_72' title="bbox 1043 1413 1832 1448">
     <span class='ocr_line' id='line_1_72' title="bbox 1043 1413 1832 1448; baseline -0.001 -8"><span class='ocrx_word' id='word_1_580' title='bbox 1043 1420 1075 1441; x_wconf 85' lang='lat' dir='ltr'><strong>ac</strong></span> <span class='ocrx_word' id='word_1_581' title='bbox 1096 1413 1338 1441; x_wconf 83' lang='lat' dir='ltr'><strong>contradicenlem.</strong></span> <span class='ocrx_word' id='word_1_582' title='bbox 1363 1423 1372 1439; x_wconf 86' lang='lat' dir='ltr'><strong>I</strong></span> <span class='ocrx_word' id='word_1_583' title='bbox 1400 1413 1524 1442; x_wconf 84' lang='lat' dir='ltr'><strong>Solemus</strong></span> <span class='ocrx_word' id='word_1_584' title='bbox 1546 1414 1618 1441; x_wconf 78' lang='lat' dir='ltr'><strong>Ortini</strong></span> <span class='ocrx_word' id='word_1_585' title='bbox 1642 1421 1748 1448; x_wconf 84' lang='lat' dir='ltr'><strong>semper</strong></span> <span class='ocrx_word' id='word_1_586' title='bbox 1770 1421 1832 1440; x_wconf 88' lang='lat' dir='ltr'><strong>cutn</strong></span> 
     </span>
    </p>
   </div>
   <div class='ocr_carea' id='block_1_73' title="bbox 1042 1457 1833 1492">
    <p class='ocr_par' dir='ltr' id='par_1_73' title="bbox 1042 1457 1833 1492">
     <span class='ocr_line' id='line_1_73' title="bbox 1042 1457 1833 1492; baseline -0.001 -8"><span class='ocrx_word' id='word_1_587' title='bbox 1042 1457 1220 1485; x_wconf 78' lang='lat' dir='ltr'><strong>refractarios</strong></span> <span class='ocrx_word' id='word_1_588' title='bbox 1242 1457 1416 1492; x_wconf 83' lang='lat' dir='ltr'><strong>alloquimur,</strong></span> <span class='ocrx_word' id='word_1_589' title='bbox 1431 1462 1458 1485; x_wconf 88' lang='lat' dir='ltr'><strong>et</strong></span> <span class='ocrx_word' id='word_1_590' title='bbox 1479 1458 1678 1492; x_wconf 77' lang='lat' dir='ltr'><strong>immorigeros,</strong></span> <span class='ocrx_word' id='word_1_591' title='bbox 1695 1465 1756 1484; x_wconf 84' lang='lat' dir='ltr'><strong>cum</strong></span> <span class='ocrx_word' id='word_1_592' title='bbox 1778 1459 1833 1484; x_wconf 88' lang='lat' dir='ltr'><strong>cla-</strong></span> 
     </span>
    </p>
   </div>
   <div class='ocr_carea' id='block_1_74' title="bbox 1044 1503 1832 1538">
    <p class='ocr_par' dir='ltr' id='par_1_74' title="bbox 1044 1503 1832 1538">
     <span class='ocr_line' id='line_1_74' title="bbox 1044 1503 1832 1538; baseline 0 -8"><span class='ocrx_word' id='word_1_593' title='bbox 1044 1511 1119 1531; x_wconf 90' lang='lat' dir='ltr'><strong>more</strong></span> <span class='ocrx_word' id='word_1_594' title='bbox 1135 1511 1230 1532; x_wconf 87' lang='lat' dir='ltr'><strong>manus</strong></span> <span class='ocrx_word' id='word_1_595' title='bbox 1254 1503 1400 1532; x_wconf 76' lang='lat' dir='ltr'><strong>extendere</strong></span> <span class='ocrx_word' id='word_1_596' title='bbox 1422 1508 1450 1531; x_wconf 89' lang='lat' dir='ltr'><strong>et</strong></span> <span class='ocrx_word' id='word_1_597' title='bbox 1468 1505 1586 1538; x_wconf 69' lang='lat' dir='ltr'><strong>graviter</strong></span> <span class='ocrx_word' id='word_1_598' title='bbox 1605 1505 1631 1531; x_wconf 88' lang='lat' dir='ltr'><strong>in</strong></span> <span class='ocrx_word' id='word_1_599' title='bbox 1654 1504 1713 1531; x_wconf 91' lang='lat' dir='ltr'><strong>illos</strong></span> <span class='ocrx_word' id='word_1_600' title='bbox 1734 1503 1832 1530; x_wconf 84' lang='lat' dir='ltr'><strong>invehi.</strong></span> 
     </span>
    </p>
   </div>
   <div class='ocr_carea' id='block_1_75' title="bbox 1046 1548 1829 1583">
    <p class='ocr_par' dir='ltr' id='par_1_75' title="bbox 1046 1548 1829 1583">
     <span class='ocr_line' id='line_1_75' title="bbox 1046 1548 1829 1583; baseline 0 -9"><span class='ocrx_word' id='word_1_601' title='bbox 1046 1558 1055 1574; x_wconf 93' lang='lat'><strong>4</strong></span> <span class='ocrx_word' id='word_1_602' title='bbox 1076 1548 1129 1577; x_wconf 87' lang='lat' dir='ltr'><strong>Sed</strong></span> <span class='ocrx_word' id='word_1_603' title='bbox 1150 1557 1202 1576; x_wconf 91' lang='lat' dir='ltr'><strong>non</strong></span> <span class='ocrx_word' id='word_1_604' title='bbox 1223 1549 1440 1582; x_wconf 80' lang='lat' dir='ltr'><strong>ambulaverunt,</strong></span> <span class='ocrx_word' id='word_1_605' title='bbox 1459 1558 1468 1575; x_wconf 83' lang='grc' dir='ltr'><strong>ι</strong></span> <span class='ocrx_word' id='word_1_606' title='bbox 1484 1550 1584 1583; x_wconf 81' lang='lat' dir='ltr'><strong>inquit,</strong></span> <span class='ocrx_word' id='word_1_607' title='bbox 1601 1559 1610 1575; x_wconf 95' lang='lat'><strong>4</strong></span> <span class='ocrx_word' id='word_1_608' title='bbox 1630 1549 1711 1576; x_wconf 88' lang='lat' dir='ltr'><strong>invia</strong></span> <span class='ocrx_word' id='word_1_609' title='bbox 1727 1557 1802 1576; x_wconf 80' lang='lat' dir='ltr'><strong>vera.</strong></span> <span class='ocrx_word' id='word_1_610' title='bbox 1820 1557 1829 1573; x_wconf 72' lang='grc' dir='ltr'><strong>ι</strong></span> 
     </span>
    </p>
   </div>
   <div class='ocr_carea' id='block_1_76' title="bbox 1042 1594 1830 1629">
    <p class='ocr_par' dir='ltr' id='par_1_76' title="bbox 1042 1594 1830 1629">
     <span class='ocr_line' id='line_1_76' title="bbox 1042 1594 1830 1629; baseline -0.001 -7"><span class='ocrx_word' id='word_1_611' title='bbox 1042 1595 1121 1622; x_wconf 88' lang='lat' dir='ltr'><strong>Nullo</strong></span> <span class='ocrx_word' id='word_1_612' title='bbox 1135 1595 1207 1622; x_wconf 92' lang='lat' dir='ltr'><strong>enim</strong></span> <span class='ocrx_word' id='word_1_613' title='bbox 1222 1595 1301 1621; x_wconf 87' lang='lat' dir='ltr'><strong>modo</strong></span> <span class='ocrx_word' id='word_1_614' title='bbox 1315 1594 1484 1623; x_wconf 80' lang='lat' dir='ltr'><strong>admiserunt</strong></span> <span class='ocrx_word' id='word_1_615' title='bbox 1496 1595 1642 1622; x_wconf 75' lang='lat' dir='ltr'><strong>salutarent</strong></span> <span class='ocrx_word' id='word_1_616' title='bbox 1657 1594 1830 1629; x_wconf 74' lang='lat' dir='ltr'><strong>prtedicatio-</strong></span> 
     </span>
    </p>
   </div>
   <div class='ocr_carea' id='block_1_77' title="bbox 1042 1638 1834 1674">
    <p class='ocr_par' dir='ltr' id='par_1_77' title="bbox 1042 1638 1834 1674">
     <span class='ocr_line' id='line_1_77' title="bbox 1042 1638 1834 1674; baseline -0.003 -6"><span class='ocrx_word' id='word_1_617' title='bbox 1042 1647 1113 1673; x_wconf 75' lang='lat' dir='ltr'><strong>nem,</strong></span> <span class='ocrx_word' id='word_1_618' title='bbox 1130 1649 1140 1666; x_wconf 77' lang='grc' dir='ltr'><strong>ι</strong></span> <span class='ocrx_word' id='word_1_619' title='bbox 1155 1641 1201 1667; x_wconf 87' lang='lat' dir='ltr'><strong>sed</strong></span> <span class='ocrx_word' id='word_1_620' title='bbox 1214 1645 1323 1674; x_wconf 84' lang='lat' dir='ltr'><strong>peccata</strong></span> <span class='ocrx_word' id='word_1_621' title='bbox 1336 1647 1384 1668; x_wconf 86' lang='lat' dir='ltr'><strong>sua</strong></span> <span class='ocrx_word' id='word_1_622' title='bbox 1402 1641 1489 1668; x_wconf 84' lang='lat' dir='ltr'><strong>secuti</strong></span> <span class='ocrx_word' id='word_1_623' title='bbox 1510 1644 1583 1674; x_wconf 84' lang='lat' dir='ltr'><strong>sunt,</strong></span> <span class='ocrx_word' id='word_1_624' title='bbox 1600 1649 1608 1666; x_wconf 75' lang='grc' dir='ltr'><strong>ι</strong></span> <span class='ocrx_word' id='word_1_625' title='bbox 1627 1641 1653 1667; x_wconf 87' lang='lat' dir='ltr'><strong>id</strong></span> <span class='ocrx_word' id='word_1_626' title='bbox 1675 1645 1727 1672; x_wconf 86' lang='lat' dir='ltr'><strong>est,</strong></span> <span class='ocrx_word' id='word_1_627' title='bbox 1741 1638 1834 1667; x_wconf 75' lang='lat' dir='ltr'><strong>etfreui</strong></span> 
     </span>
    </p>
   </div>
   <div class='ocr_carea' id='block_1_78' title="bbox 1042 1685 1835 1721">
    <p class='ocr_par' dir='ltr' id='par_1_78' title="bbox 1042 1685 1835 1721">
     <span class='ocr_line' id='line_1_78' title="bbox 1042 1685 1835 1721; baseline -0.001 -9"><span class='ocrx_word' id='word_1_628' title='bbox 1042 1685 1143 1720; x_wconf 89' lang='lat' dir='ltr'><strong>impetu</strong></span> <span class='ocrx_word' id='word_1_629' title='bbox 1159 1685 1192 1712; x_wconf 90' lang='lat' dir='ltr'><strong>ad</strong></span> <span class='ocrx_word' id='word_1_630' title='bbox 1205 1685 1321 1712; x_wconf 87' lang='lat' dir='ltr'><strong>solutam</strong></span> <span class='ocrx_word' id='word_1_631' title='bbox 1335 1686 1416 1713; x_wconf 88' lang='lat' dir='ltr'><strong>vitam</strong></span> <span class='ocrx_word' id='word_1_632' title='bbox 1429 1686 1600 1721; x_wconf 84' lang='lat' dir='ltr'><strong>maximeque</strong></span> <span class='ocrx_word' id='word_1_633' title='bbox 1613 1685 1716 1720; x_wconf 70' lang='lat' dir='ltr'><strong>legibus</strong></span> <span class='ocrx_word' id='word_1_634' title='bbox 1729 1691 1835 1713; x_wconf 87' lang='lat' dir='ltr'><strong>comra-</strong></span> 
     </span>
    </p>
   </div>
   <div class='ocr_carea' id='block_1_79' title="bbox 1043 1730 1828 1766">
    <p class='ocr_par' dir='ltr' id='par_1_79' title="bbox 1043 1730 1828 1766">
     <span class='ocr_line' id='line_1_79' title="bbox 1043 1730 1828 1766; baseline -0.001 -8"><span class='ocrx_word' id='word_1_635' title='bbox 1043 1731 1111 1758; x_wconf 89' lang='lat' dir='ltr'><strong>riam</strong></span> <span class='ocrx_word' id='word_1_636' title='bbox 1127 1730 1242 1758; x_wconf 88' lang='lat' dir='ltr'><strong>devoluti</strong></span> <span class='ocrx_word' id='word_1_637' title='bbox 1259 1736 1332 1764; x_wconf 89' lang='lat' dir='ltr'><strong>sunt,</strong></span> <span class='ocrx_word' id='word_1_638' title='bbox 1347 1738 1407 1765; x_wconf 67' lang='lat' dir='ltr'><strong>quae</strong></span> <span class='ocrx_word' id='word_1_639' title='bbox 1428 1738 1536 1766; x_wconf 69' lang='lat' dir='ltr'><strong>pinnam</strong></span> <span class='ocrx_word' id='word_1_640' title='bbox 1559 1731 1625 1765; x_wconf 86' lang='lat' dir='ltr'><strong>ipsis</strong></span> <span class='ocrx_word' id='word_1_641' title='bbox 1645 1735 1673 1758; x_wconf 91' lang='lat' dir='ltr'><strong>et</strong></span> <span class='ocrx_word' id='word_1_642' title='bbox 1689 1730 1828 1758; x_wconf 86' lang='lat' dir='ltr'><strong>interitum</strong></span> 
     </span>
    </p>
   </div>
   <div class='ocr_carea' id='block_1_80' title="bbox 1043 1775 1834 1804">
    <p class='ocr_par' dir='ltr' id='par_1_80' title="bbox 1043 1775 1834 1804">
     <span class='ocr_line' id='line_1_80' title="bbox 1043 1775 1834 1804; baseline -0.001 -1"><span class='ocrx_word' id='word_1_643' title='bbox 1043 1776 1197 1804; x_wconf 86' lang='lat' dir='ltr'><strong>accersivit.</strong></span> <span class='ocrx_word' id='word_1_644' title='bbox 1212 1775 1269 1804; x_wconf 81' lang='lat' dir='ltr'><strong>Hoc</strong></span> <span class='ocrx_word' id='word_1_645' title='bbox 1290 1784 1384 1804; x_wconf 87' lang='lat' dir='ltr'><strong>rursus</strong></span> <span class='ocrx_word' id='word_1_646' title='bbox 1408 1777 1538 1804; x_wconf 88' lang='lat' dir='ltr'><strong>Servator</strong></span> <span class='ocrx_word' id='word_1_647' title='bbox 1553 1777 1606 1804; x_wconf 87' lang='lat' dir='ltr'><strong>illis</strong></span> <span class='ocrx_word' id='word_1_648' title='bbox 1626 1777 1716 1803; x_wconf 89' lang='lat' dir='ltr'><strong>dicere</strong></span> <span class='ocrx_word' id='word_1_649' title='bbox 1733 1775 1834 1803; x_wconf 87' lang='lat' dir='ltr'><strong>inveni-</strong></span> 
     </span>
    </p>
   </div>
   <div class='ocr_carea' id='block_1_81' title="bbox 1046 1821 1834 1855">
    <p class='ocr_par' dir='ltr' id='par_1_81' title="bbox 1046 1821 1834 1855">
     <span class='ocr_line' id='line_1_81' title="bbox 1046 1821 1834 1855; baseline -0.001 -6"><span class='ocrx_word' id='word_1_650' title='bbox 1046 1827 1108 1849; x_wconf 89' lang='lat' dir='ltr'><strong>tur:</strong></span> <span class='ocrx_word' id='word_1_651' title='bbox 1127 1831 1136 1848; x_wconf 94' lang='lat'><strong>4</strong></span> <span class='ocrx_word' id='word_1_652' title='bbox 1154 1822 1240 1850; x_wconf 79' lang='lat' dir='ltr'><strong>Amen</strong></span> <span class='ocrx_word' id='word_1_653' title='bbox 1257 1822 1317 1850; x_wconf 90' lang='lat' dir='ltr'><strong>dico</strong></span> <span class='ocrx_word' id='word_1_654' title='bbox 1333 1822 1410 1850; x_wconf 85' lang='lat' dir='ltr'><strong>vobis</strong></span> <span class='ocrx_word' id='word_1_655' title='bbox 1434 1832 1442 1851; x_wconf 86' lang='lat'>:</span> <span class='ocrx_word' id='word_1_656' title='bbox 1466 1822 1559 1849; x_wconf 79' lang='lat' dir='ltr'><strong>Sinon</strong></span> <span class='ocrx_word' id='word_1_657' title='bbox 1579 1821 1749 1849; x_wconf 82' lang='lat' dir='ltr'><strong>credideritis</strong></span> <span class='ocrx_word' id='word_1_658' title='bbox 1763 1822 1834 1855; x_wconf 89' lang='lat' dir='ltr'><strong>quod</strong></span> 
     </span>
    </p>
   </div>
   <div class='ocr_carea' id='block_1_82' title="bbox 1045 1866 1834 1903">
    <p class='ocr_par' dir='ltr' id='par_1_82' title="bbox 1045 1866 1834 1903">
     <span class='ocr_line' id='line_1_82' title="bbox 1045 1866 1834 1903; baseline -0.001 -9"><span class='ocrx_word' id='word_1_659' title='bbox 1045 1875 1094 1903; x_wconf 79' lang='lat' dir='ltr'><strong>ego</strong></span> <span class='ocrx_word' id='word_1_660' title='bbox 1107 1868 1169 1901; x_wconf 83' lang='lat' dir='ltr'><strong>sim,</strong></span> <span class='ocrx_word' id='word_1_661' title='bbox 1182 1868 1209 1895; x_wconf 92' lang='lat' dir='ltr'><strong>in</strong></span> <span class='ocrx_word' id='word_1_662' title='bbox 1224 1868 1342 1902; x_wconf 86' lang='lat' dir='ltr'><strong>peccatis</strong></span> <span class='ocrx_word' id='word_1_663' title='bbox 1353 1869 1451 1896; x_wconf 89' lang='lat' dir='ltr'><strong>vestris</strong></span> <span class='ocrx_word' id='word_1_664' title='bbox 1461 1868 1614 1896; x_wconf 84' lang='lat' dir='ltr'><strong>moriemini</strong></span> <span class='ocrx_word' id='word_1_665' title='bbox 1623 1867 1658 1894; x_wconf 79' lang='lat'><strong>“.</strong></span> <span class='ocrx_word' id='word_1_666' title='bbox 1672 1877 1682 1893; x_wconf 72' lang='grc' dir='ltr'><strong>ι</strong></span> <span class='ocrx_word' id='word_1_667' title='bbox 1697 1866 1834 1894; x_wconf 83' lang='lat' dir='ltr'><strong>Admoniti</strong></span> 
     </span>
    </p>
   </div>
   <div class='ocr_carea' id='block_1_83' title="bbox 1045 1912 1832 1948">
    <p class='ocr_par' dir='ltr' id='par_1_83' title="bbox 1045 1912 1832 1948">
     <span class='ocr_line' id='line_1_83' title="bbox 1045 1912 1832 1948; baseline 0 -8"><span class='ocrx_word' id='word_1_668' title='bbox 1045 1914 1116 1941; x_wconf 93' lang='lat' dir='ltr'><strong>enim</strong></span> <span class='ocrx_word' id='word_1_669' title='bbox 1131 1914 1327 1947; x_wconf 81' lang='lat' dir='ltr'><strong>renitebunlur,</strong></span> <span class='ocrx_word' id='word_1_670' title='bbox 1341 1921 1373 1942; x_wconf 90' lang='lat' dir='ltr'><strong>ac</strong></span> <span class='ocrx_word' id='word_1_671' title='bbox 1385 1913 1581 1942; x_wconf 84' lang='lat' dir='ltr'><strong>denuntiabant</strong></span> <span class='ocrx_word' id='word_1_672' title='bbox 1594 1912 1725 1948; x_wconf 85' lang='lat' dir='ltr'><strong>subjectis</strong></span> <span class='ocrx_word' id='word_1_673' title='bbox 1740 1913 1832 1940; x_wconf 88' lang='lat' dir='ltr'><strong>manui</strong></span> 
     </span>
    </p>
   </div>
   <div class='ocr_carea' id='block_1_84' title="bbox 1045 1958 1834 1993">
    <p class='ocr_par' dir='ltr' id='par_1_84' title="bbox 1045 1958 1834 1993">
     <span class='ocr_line' id='line_1_84' title="bbox 1045 1958 1834 1993; baseline -0.004 -7"><span class='ocrx_word' id='word_1_674' title='bbox 1045 1967 1100 1987; x_wconf 68' lang='lat' dir='ltr'><strong>sua:</strong></span> <span class='ocrx_word' id='word_1_675' title='bbox 1121 1969 1127 1986; x_wconf 93' lang='lat'>:</span> <span class='ocrx_word' id='word_1_676' title='bbox 1152 1969 1162 1985; x_wconf 96' lang='lat'><strong>4</strong></span> <span class='ocrx_word' id='word_1_677' title='bbox 1189 1960 1353 1988; x_wconf 71' lang='lat' dir='ltr'><strong>Dazmouium</strong></span> <span class='ocrx_word' id='word_1_678' title='bbox 1380 1960 1462 1987; x_wconf 75' lang='lat' dir='ltr'><strong>habet</strong></span> <span class='ocrx_word' id='word_1_679' title='bbox 1481 1965 1509 1987; x_wconf 90' lang='lat' dir='ltr'><strong>et</strong></span> <span class='ocrx_word' id='word_1_680' title='bbox 1531 1959 1646 1992; x_wconf 89' lang='lat' dir='ltr'><strong>insanit,</strong></span> <span class='ocrx_word' id='word_1_681' title='bbox 1661 1958 1727 1993; x_wconf 87' lang='lat' dir='ltr'><strong>quid</strong></span> <span class='ocrx_word' id='word_1_682' title='bbox 1749 1958 1834 1993; x_wconf 83' lang='lat' dir='ltr'><strong>ipsum</strong></span> 
     </span>
    </p>
   </div>
   <div class='ocr_carea' id='block_1_85' title="bbox 1045 2003 1836 2040">
    <p class='ocr_par' dir='ltr' id='par_1_85' title="bbox 1045 2003 1836 2040">
     <span class='ocr_line' id='line_1_85' title="bbox 1045 2003 1836 2040; baseline -0.004 -7"><span class='ocrx_word' id='word_1_683' title='bbox 1045 2006 1146 2034; x_wconf 88' lang='lat' dir='ltr'><strong>auditis</strong></span> <span class='ocrx_word' id='word_1_684' title='bbox 1157 2006 1197 2032; x_wconf 74' lang='grc' dir='ltr'><strong>⁸τῖ</strong></span> <span class='ocrx_word' id='word_1_685' title='bbox 1214 2016 1224 2032; x_wconf 72' lang='grc' dir='ltr'><strong>ι</strong></span> <span class='ocrx_word' id='word_1_686' title='bbox 1239 2005 1304 2033; x_wconf 87' lang='lat' dir='ltr'><strong>Illud</strong></span> <span class='ocrx_word' id='word_1_687' title='bbox 1320 2006 1430 2040; x_wconf 76' lang='lat' dir='ltr'><strong>iuSHper</strong></span> <span class='ocrx_word' id='word_1_688' title='bbox 1443 2005 1589 2033; x_wconf 80' lang='lat' dir='ltr'><strong>clamantes</strong></span> <span class='ocrx_word' id='word_1_689' title='bbox 1606 2014 1612 2032; x_wconf 89' lang='lat'><strong>:</strong></span> <span class='ocrx_word' id='word_1_690' title='bbox 1631 2013 1640 2030; x_wconf 97' lang='lat'><strong>4</strong></span> <span class='ocrx_word' id='word_1_691' title='bbox 1655 2003 1714 2032; x_wconf 87' lang='lat' dir='ltr'><strong>Non</strong></span> <span class='ocrx_word' id='word_1_692' title='bbox 1727 2007 1836 2038; x_wconf 84' lang='lat' dir='ltr'><strong>propter</strong></span> 
     </span>
    </p>
   </div>
   <div class='ocr_carea' id='block_1_86' title="bbox 1044 2048 1834 2086">
    <p class='ocr_par' dir='ltr' id='par_1_86' title="bbox 1044 2048 1834 2086">
     <span class='ocr_line' id='line_1_86' title="bbox 1044 2048 1834 2086; baseline -0.005 -8"><span class='ocrx_word' id='word_1_693' title='bbox 1044 2052 1143 2078; x_wconf 83' lang='lat' dir='ltr'><strong>bonum</strong></span> <span class='ocrx_word' id='word_1_694' title='bbox 1156 2058 1223 2086; x_wconf 86' lang='lat' dir='ltr'><strong>opus</strong></span> <span class='ocrx_word' id='word_1_695' title='bbox 1235 2051 1384 2086; x_wconf 88' lang='lat' dir='ltr'><strong>lapidamus</strong></span> <span class='ocrx_word' id='word_1_696' title='bbox 1399 2056 1436 2083; x_wconf 84' lang='lat' dir='ltr'><strong>te.</strong></span> <span class='ocrx_word' id='word_1_697' title='bbox 1447 2050 1493 2078; x_wconf 89' lang='lat' dir='ltr'><strong>sed</strong></span> <span class='ocrx_word' id='word_1_698' title='bbox 1509 2055 1618 2084; x_wconf 89' lang='lat' dir='ltr'><strong>proptcr</strong></span> <span class='ocrx_word' id='word_1_699' title='bbox 1629 2048 1834 2083; x_wconf 81' lang='lat' dir='ltr'><strong>blasphemiam,</strong></span> 
     </span>
    </p>
   </div>
   <div class='ocr_carea' id='block_1_87' title="bbox 1044 2094 1767 2131">
    <p class='ocr_par' dir='ltr' id='par_1_87' title="bbox 1044 2094 1767 2131">
     <span class='ocr_line' id='line_1_87' title="bbox 1044 2094 1767 2131; baseline -0.001 -9"><span class='ocrx_word' id='word_1_700' title='bbox 1044 2097 1107 2131; x_wconf 90' lang='lat' dir='ltr'><strong>quia</strong></span> <span class='ocrx_word' id='word_1_701' title='bbox 1123 2100 1149 2124; x_wconf 92' lang='lat' dir='ltr'><strong>tu</strong></span> <span class='ocrx_word' id='word_1_702' title='bbox 1166 2097 1246 2124; x_wconf 92' lang='lat' dir='ltr'><strong>homo</strong></span> <span class='ocrx_word' id='word_1_703' title='bbox 1261 2103 1321 2124; x_wconf 92' lang='lat' dir='ltr'><strong>eum</strong></span> <span class='ocrx_word' id='word_1_704' title='bbox 1336 2096 1386 2128; x_wconf 83' lang='lat' dir='ltr'><strong>sis,</strong></span> <span class='ocrx_word' id='word_1_705' title='bbox 1401 2096 1468 2123; x_wconf 78' lang='lat' dir='ltr'><strong>facis</strong></span> <span class='ocrx_word' id='word_1_706' title='bbox 1483 2097 1596 2131; x_wconf 87' lang='lat' dir='ltr'><strong>teipsum</strong></span> <span class='ocrx_word' id='word_1_707' title='bbox 1612 2096 1695 2123; x_wconf 81' lang='lat' dir='ltr'><strong>Deum</strong></span> <span class='ocrx_word' id='word_1_708' title='bbox 1706 2094 1740 2122; x_wconf 75' lang='lat'><strong>“.</strong></span> <span class='ocrx_word' id='word_1_709' title='bbox 1758 2104 1767 2120; x_wconf 77' lang='grc' dir='ltr'><strong>ι</strong></span> 
     </span>
    </p>
   </div>
   <div class='ocr_carea' id='block_1_88' title="bbox 204 2139 1836 2178">
    <p class='ocr_par' dir='ltr' id='par_1_88' title="bbox 204 2139 1836 2178">
     <span class='ocr_line' id='line_1_88' title="bbox 204 2139 1836 2178; baseline -0.002 -9"><span class='ocrx_word' id='word_1_710' title='bbox 204 2151 260 2170; x_wconf 79' lang='lat' dir='ltr'><strong>vzov</strong></span> <span class='ocrx_word' id='word_1_711' title='bbox 281 2142 348 2177; x_wconf 78' lang='grc' dir='ltr'>ἔχει,</span> <span class='ocrx_word' id='word_1_712' title='bbox 375 2142 422 2169; x_wconf 79' lang='grc' dir='ltr'>καὶ</span> <span class='ocrx_word' id='word_1_713' title='bbox 449 2142 583 2177; x_wconf 86' lang='grc' dir='ltr'>μαίνεται,</span> <span class='ocrx_word' id='word_1_714' title='bbox 601 2141 627 2168; x_wconf 87' lang='grc' dir='ltr'><strong>τί</strong></span> <span class='ocrx_word' id='word_1_715' title='bbox 644 2141 727 2168; x_wconf 74' lang='grc' dir='ltr'>αὑτοῦ</span> <span class='ocrx_word' id='word_1_716' title='bbox 744 2142 876 2175; x_wconf 85' lang='grc' dir='ltr'>ἀκούετε;</span> <span class='ocrx_word' id='word_1_717' title='bbox 895 2152 904 2168; x_wconf 76' lang='grc' dir='ltr'><strong>ι</strong></span> <span class='ocrx_word' id='word_1_718' title='bbox 931 2143 985 2170; x_wconf 76' lang='grc' dir='ltr'><strong>Ναὶ</strong></span> <span class='ocrx_word' id='word_1_719' title='bbox 1005 2141 1058 2178; x_wconf 88' lang='grc' dir='ltr'>μὴν</span> <span class='ocrx_word' id='word_1_720' title='bbox 1082 2143 1191 2169; x_wconf 79' lang='grc' dir='ltr'>κάκεῖνο</span> <span class='ocrx_word' id='word_1_721' title='bbox 1217 2142 1285 2177; x_wconf 84' lang='grc' dir='ltr'>πρὸς</span> <span class='ocrx_word' id='word_1_722' title='bbox 1315 2141 1402 2177; x_wconf 86' lang='grc' dir='ltr'>τούτῳ</span> <span class='ocrx_word' id='word_1_723' title='bbox 1420 2141 1553 2177; x_wconf 81' lang='grc' dir='ltr'>βοῶντες·</span> <span class='ocrx_word' id='word_1_724' title='bbox 1579 2150 1589 2168; x_wconf 92' lang='lat'><strong>4</strong></span> <span class='ocrx_word' id='word_1_725' title='bbox 1608 2140 1678 2177; x_wconf 77' lang='grc' dir='ltr'>Περὶ</span> <span class='ocrx_word' id='word_1_726' title='bbox 1693 2139 1775 2167; x_wconf 85' lang='grc' dir='ltr'>καλοῦ</span> <span class='ocrx_word' id='word_1_727' title='bbox 1790 2139 1836 2176; x_wconf 74' lang='grc' dir='ltr'><strong>ἐρ-</strong></span> 
     </span>
    </p>
   </div>
   <div class='ocr_carea' id='block_1_89' title="bbox 203 2186 1608 2225">
    <p class='ocr_par' dir='ltr' id='par_1_89' title="bbox 203 2186 1608 2225">
     <span class='ocr_line' id='line_1_89' title="bbox 203 2186 1608 2225; baseline -0.001 -11"><span class='ocrx_word' id='word_1_728' title='bbox 203 2196 253 2225; x_wconf 80' lang='grc' dir='ltr'><strong>γου</strong></span> <span class='ocrx_word' id='word_1_729' title='bbox 268 2187 297 2214; x_wconf 72' lang='grc' dir='ltr'>οὐ</span> <span class='ocrx_word' id='word_1_730' title='bbox 315 2187 459 2222; x_wconf 75' lang='grc' dir='ltr'>λιθάζομέν</span> <span class='ocrx_word' id='word_1_731' title='bbox 477 2195 516 2218; x_wconf 89' lang='grc' dir='ltr'><strong>σε,</strong></span> <span class='ocrx_word' id='word_1_732' title='bbox 532 2186 600 2213; x_wconf 73' lang='grc' dir='ltr'>ἀλλὰ</span> <span class='ocrx_word' id='word_1_733' title='bbox 614 2187 678 2222; x_wconf 75' lang='grc' dir='ltr'>περὶ</span> <span class='ocrx_word' id='word_1_734' title='bbox 693 2186 882 2224; x_wconf 78' lang='grc' dir='ltr'>βλασφημίας,</span> <span class='ocrx_word' id='word_1_735' title='bbox 900 2188 941 2215; x_wconf 85' lang='grc' dir='ltr'>ὅτι</span> <span class='ocrx_word' id='word_1_736' title='bbox 972 2189 1004 2215; x_wconf 81' lang='grc' dir='ltr'>σὺ</span> <span class='ocrx_word' id='word_1_737' title='bbox 1030 2188 1176 2224; x_wconf 74' lang='grc' dir='ltr'>ἄνθρωπος</span> <span class='ocrx_word' id='word_1_738' title='bbox 1205 2187 1242 2214; x_wconf 85' lang='grc' dir='ltr'>ὢν</span> <span class='ocrx_word' id='word_1_739' title='bbox 1265 2188 1352 2219; x_wconf 85' lang='grc' dir='ltr'>ποιεῖς</span> <span class='ocrx_word' id='word_1_740' title='bbox 1370 2189 1481 2214; x_wconf 83' lang='grc' dir='ltr'>σεαυτὸν</span> <span class='ocrx_word' id='word_1_741' title='bbox 1500 2188 1575 2215; x_wconf 86' lang='grc' dir='ltr'>Θεόν.</span> <span class='ocrx_word' id='word_1_742' title='bbox 1599 2197 1608 2213; x_wconf 86' lang='grc'><strong>›</strong></span> 
     </span>
    </p>
   </div>
   <div class='ocr_carea' id='block_1_90' title="bbox 245 2231 984 2269">
    <p class='ocr_par' dir='ltr' id='par_1_90' title="bbox 245 2231 984 2269">
     <span class='ocr_line' id='line_1_90' title="bbox 245 2231 984 2269; baseline 0.003 -9"><span class='ocrx_word' id='word_1_743' title='bbox 245 2235 273 2260; x_wconf 91' lang='grc' dir='ltr'><strong><em>Ὁ</em></strong></span> <span class='ocrx_word' id='word_1_744' title='bbox 287 2233 361 2266; x_wconf 78' lang='grc' dir='ltr'>λαὸς</span> <span class='ocrx_word' id='word_1_745' title='bbox 376 2231 465 2265; x_wconf 83' lang='grc' dir='ltr'>οὗτος</span> <span class='ocrx_word' id='word_1_746' title='bbox 480 2235 495 2260; x_wconf 83' lang='grc' dir='ltr'><em>ὀ</em></span> <span class='ocrx_word' id='word_1_747' title='bbox 521 2233 700 2267; x_wconf 67' lang='grc' dir='ltr'>παροξύνω·</span> <span class='ocrx_word' id='word_1_748' title='bbox 712 2242 761 2269; x_wconf 81' lang='grc' dir='ltr'><strong>με,</strong></span> <span class='ocrx_word' id='word_1_749' title='bbox 775 2234 903 2262; x_wconf 78' lang='grc' dir='ltr'>ἐνώπιον</span> <span class='ocrx_word' id='word_1_750' title='bbox 918 2235 984 2269; x_wconf 78' lang='grc' dir='ltr'>ἐμοί</span> 
     </span>
    </p>
   </div>
   <div class='ocr_carea' id='block_1_91' title="bbox 1047 2231 1835 2269">
    <p class='ocr_par' dir='ltr' id='par_1_91' title="bbox 1081 2233 1835 2267">
     <span class='ocr_line' id='line_1_91' title="bbox 1081 2233 1835 2267; baseline -0.004 -5"><span class='ocrx_word' id='word_1_751' title='bbox 1081 2235 1161 2262; x_wconf 70' lang='lat' dir='ltr'><strong>Vens.</strong></span> <span class='ocrx_word' id='word_1_752' title='bbox 1178 2234 1238 2262; x_wconf 80' lang='lat'><strong>5-5.</strong></span> <span class='ocrx_word' id='word_1_753' title='bbox 1259 2233 1374 2267; x_wconf 75' lang='lat' dir='ltr'><strong>Populus</strong></span> <span class='ocrx_word' id='word_1_754' title='bbox 1406 2234 1448 2260; x_wconf 79' lang='lat' dir='ltr'><strong>hic</strong></span> <span class='ocrx_word' id='word_1_755' title='bbox 1472 2234 1629 2260; x_wconf 63' lang='lat' dir='ltr'><strong>exacerbati:</strong></span> <span class='ocrx_word' id='word_1_756' title='bbox 1655 2242 1704 2265; x_wconf 76' lang='lat' dir='ltr'><strong>me,</strong></span> <span class='ocrx_word' id='word_1_757' title='bbox 1722 2234 1749 2260; x_wconf 77' lang='lat' dir='ltr'><strong>in</strong></span> <span class='ocrx_word' id='word_1_758' title='bbox 1773 2242 1835 2260; x_wconf 78' lang='lat' dir='ltr'><strong>con-</strong></span> 
     </span>
    </p>
   </div>
   <div class='ocr_carea' id='block_1_92' title="bbox 204 2277 992 2312">
    <p class='ocr_par' dir='ltr' id='par_1_92' title="bbox 204 2277 992 2312">
     <span class='ocr_line' id='line_1_92' title="bbox 204 2277 992 2312; baseline -0.001 -5"><span class='ocrx_word' id='word_1_759' title='bbox 204 2280 293 2308; x_wconf 76' lang='grc' dir='ltr'>αὐτοὶ</span> <span class='ocrx_word' id='word_1_760' title='bbox 317 2279 365 2306; x_wconf 77' lang='grc' dir='ltr'><strong>διὰ</strong></span> <span class='ocrx_word' id='word_1_761' title='bbox 382 2278 502 2311; x_wconf 78' lang='grc' dir='ltr'>παντός.</span> <span class='ocrx_word' id='word_1_762' title='bbox 520 2277 720 2308; x_wconf 81' lang='grc' dir='ltr'>Θυσιάζουσιν</span> <span class='ocrx_word' id='word_1_763' title='bbox 739 2278 774 2305; x_wconf 81' lang='grc' dir='ltr'><strong>ἐν</strong></span> <span class='ocrx_word' id='word_1_764' title='bbox 791 2279 854 2312; x_wconf 80' lang='grc' dir='ltr'>τοῖς</span> <span class='ocrx_word' id='word_1_765' title='bbox 868 2279 992 2312; x_wconf 77' lang='grc' dir='ltr'>κήποις,</span> 
     </span>
    </p>
   </div>
   <div class='ocr_carea' id='block_1_93' title="bbox 204 2324 994 2361">
    <p class='ocr_par' dir='ltr' id='par_1_93' title="bbox 204 2324 994 2361">
     <span class='ocr_line' id='line_1_93' title="bbox 204 2324 994 2361; baseline -0.003 -7"><span class='ocrx_word' id='word_1_766' title='bbox 204 2327 255 2354; x_wconf 77' lang='grc' dir='ltr'>καί</span> <span class='ocrx_word' id='word_1_767' title='bbox 279 2325 426 2361; x_wconf 78' lang='grc' dir='ltr'>θυμιῶσιν</span> <span class='ocrx_word' id='word_1_768' title='bbox 445 2325 480 2351; x_wconf 73' lang='grc' dir='ltr'><strong>ἐν</strong></span> <span class='ocrx_word' id='word_1_769' title='bbox 505 2324 567 2357; x_wconf 79' lang='grc' dir='ltr'>τοῖς</span> <span class='ocrx_word' id='word_1_770' title='bbox 582 2324 720 2356; x_wconf 72' lang='grc' dir='ltr'>πλίνθοις</span> <span class='ocrx_word' id='word_1_771' title='bbox 737 2324 800 2357; x_wconf 83' lang='grc' dir='ltr'>τοῖς</span> <span class='ocrx_word' id='word_1_772' title='bbox 809 2324 994 2359; x_wconf 78' lang='grc' dir='ltr'>δαιμονίοις,</span> 
     </span>
    </p>
   </div>
   <div class='ocr_carea' id='block_1_94' title="bbox 205 2369 996 2404">
    <p class='ocr_par' dir='ltr' id='par_1_94' title="bbox 205 2369 996 2404">
     <span class='ocr_line' id='line_1_94' title="bbox 205 2369 996 2404; baseline -0.003 -5"><span class='ocrx_word' id='word_1_773' title='bbox 205 2372 225 2399; x_wconf 79' lang='grc' dir='ltr'><em>ἃ</em></span> <span class='ocrx_word' id='word_1_774' title='bbox 244 2372 299 2398; x_wconf 83' lang='grc' dir='ltr'>οὐκ</span> <span class='ocrx_word' id='word_1_775' title='bbox 312 2371 387 2398; x_wconf 76' lang='grc' dir='ltr'>ἐστι.</span> <span class='ocrx_word' id='word_1_776' title='bbox 414 2370 468 2397; x_wconf 80' lang='grc' dir='ltr'><strong>Καὶ</strong></span> <span class='ocrx_word' id='word_1_777' title='bbox 495 2370 530 2397; x_wconf 75' lang='grc' dir='ltr'><strong>ἐν</strong></span> <span class='ocrx_word' id='word_1_778' title='bbox 552 2369 614 2402; x_wconf 80' lang='grc' dir='ltr'>τοῖς</span> <span class='ocrx_word' id='word_1_779' title='bbox 628 2369 775 2404; x_wconf 81' lang='grc' dir='ltr'>μνήμασι,</span> <span class='ocrx_word' id='word_1_780' title='bbox 803 2369 853 2396; x_wconf 75' lang='grc' dir='ltr'><strong>καὶ</strong></span> <span class='ocrx_word' id='word_1_781' title='bbox 877 2370 912 2397; x_wconf 82' lang='grc' dir='ltr'><strong>ἐν</strong></span> <span class='ocrx_word' id='word_1_782' title='bbox 934 2370 996 2403; x_wconf 86' lang='grc' dir='ltr'>τοῖς</span> 
     </span>
    </p>
   </div>
   <div class='ocr_carea' id='block_1_95' title="bbox 204 2413 996 2451">
    <p class='ocr_par' dir='ltr' id='par_1_95' title="bbox 204 2413 996 2451">
     <span class='ocr_line' id='line_1_95' title="bbox 204 2413 996 2451; baseline -0.005 -6"><span class='ocrx_word' id='word_1_783' title='bbox 204 2417 368 2451; x_wconf 71' lang='grc' dir='ltr'>σπηλαίοις</span> <span class='ocrx_word' id='word_1_784' title='bbox 396 2415 555 2450; x_wconf 77' lang='grc' dir='ltr'>κοιμῶνται</span> <span class='ocrx_word' id='word_1_785' title='bbox 577 2413 614 2441; x_wconf 80' lang='grc' dir='ltr'><strong>δι’</strong></span> <span class='ocrx_word' id='word_1_786' title='bbox 629 2414 766 2446; x_wconf 76' lang='grc' dir='ltr'>ἐνύπνια,</span> <span class='ocrx_word' id='word_1_787' title='bbox 784 2415 811 2441; x_wconf 80' lang='grc' dir='ltr'>οὶ</span> <span class='ocrx_word' id='word_1_788' title='bbox 842 2415 996 2448; x_wconf 80' lang='grc' dir='ltr'>ἐσθίοντες</span> 
     </span>
    </p>
   </div>
   <div class='ocr_carea' id='block_1_96' title="bbox 205 2459 996 2497">
    <p class='ocr_par' dir='ltr' id='par_1_96' title="bbox 205 2459 996 2497">
     <span class='ocr_line' id='line_1_96' title="bbox 205 2459 996 2497; baseline -0.001 -8"><span class='ocrx_word' id='word_1_789' title='bbox 205 2463 279 2497; x_wconf 66' lang='grc' dir='ltr'>φιρέα</span> <span class='ocrx_word' id='word_1_790' title='bbox 290 2463 362 2493; x_wconf 79' lang='grc' dir='ltr'>ὕεια,</span> <span class='ocrx_word' id='word_1_791' title='bbox 372 2462 421 2488; x_wconf 75' lang='grc' dir='ltr'><strong>καὶ</strong></span> <span class='ocrx_word' id='word_1_792' title='bbox 431 2460 523 2496; x_wconf 74' lang='grc' dir='ltr'>ζωμὸν</span> <span class='ocrx_word' id='word_1_793' title='bbox 538 2459 660 2493; x_wconf 83' lang='grc' dir='ltr'>θυσιῶν,</span> <span class='ocrx_word' id='word_1_794' title='bbox 671 2459 886 2494; x_wconf 72' lang='grc' dir='ltr'>μεμολυσμένα</span> <span class='ocrx_word' id='word_1_795' title='bbox 898 2460 996 2488; x_wconf 81' lang='grc' dir='ltr'>πάντα</span> 
     </span>
    </p>
   </div>
   <div class='ocr_carea' id='block_1_97' title="bbox 205 2505 994 2541">
    <p class='ocr_par' dir='ltr' id='par_1_97' title="bbox 205 2505 994 2541">
     <span class='ocr_line' id='line_1_97' title="bbox 205 2505 994 2541; baseline -0.006 -5"><span class='ocrx_word' id='word_1_796' title='bbox 205 2511 242 2536; x_wconf 81' lang='grc' dir='ltr'>τὰ</span> <span class='ocrx_word' id='word_1_797' title='bbox 263 2509 357 2541; x_wconf 78' lang='grc' dir='ltr'>σκεύη</span> <span class='ocrx_word' id='word_1_798' title='bbox 373 2507 480 2534; x_wconf 80' lang='grc' dir='ltr'><strong>αὐτῶν·</strong></span> <span class='ocrx_word' id='word_1_799' title='bbox 496 2507 524 2533; x_wconf 82' lang='grc' dir='ltr'>οἱ</span> <span class='ocrx_word' id='word_1_800' title='bbox 537 2506 688 2540; x_wconf 74' lang='grc' dir='ltr'>λέγοντες,</span> <span class='ocrx_word' id='word_1_801' title='bbox 707 2506 809 2539; x_wconf 76' lang='grc' dir='ltr'>Πόρῤω</span> <span class='ocrx_word' id='word_1_802' title='bbox 830 2505 881 2532; x_wconf 77' lang='grc' dir='ltr'><strong>ἀπ’</strong></span> <span class='ocrx_word' id='word_1_803' title='bbox 902 2505 975 2540; x_wconf 74' lang='grc' dir='ltr'>ἐμοῦ</span> <span class='ocrx_word' id='word_1_804' title='bbox 986 2525 994 2538; x_wconf 91' lang='grc'><strong>,</strong></span> 
     </span>
    </p>
   </div>
   <div class='ocr_carea' id='block_1_98' title="bbox 207 2548 995 2587">
    <p class='ocr_par' dir='ltr' id='par_1_98' title="bbox 207 2548 995 2587">
     <span class='ocr_line' id='line_1_98' title="bbox 207 2548 995 2587; baseline -0.004 -8"><span class='ocrx_word' id='word_1_805' title='bbox 207 2554 251 2580; x_wconf 78' lang='grc' dir='ltr'>ὅτι</span> <span class='ocrx_word' id='word_1_806' title='bbox 265 2553 393 2587; x_wconf 81' lang='grc' dir='ltr'>καθαρός</span> <span class='ocrx_word' id='word_1_807' title='bbox 407 2553 474 2587; x_wconf 87' lang='grc' dir='ltr'>εὶμι,</span> <span class='ocrx_word' id='word_1_808' title='bbox 482 2551 525 2586; x_wconf 80' lang='grc' dir='ltr'>μὴ</span> <span class='ocrx_word' id='word_1_809' title='bbox 537 2551 662 2585; x_wconf 42' lang='lat' dir='ltr'><strong>ert-[anc</strong></span> <span class='ocrx_word' id='word_1_810' title='bbox 669 2548 836 2585; x_wconf 81' lang='grc' dir='ltr'>μοι.οὗτος</span> <span class='ocrx_word' id='word_1_811' title='bbox 852 2551 869 2577; x_wconf 85' lang='grc' dir='ltr'><strong>ό</strong></span> <span class='ocrx_word' id='word_1_812' title='bbox 881 2549 995 2583; x_wconf 84' lang='grc' dir='ltr'>καπνὸς</span> 
     </span>
    </p>
   </div>
   <div class='ocr_carea' id='block_1_99' title="bbox 206 2589 997 2633">
    <p class='ocr_par' dir='ltr' id='par_1_99' title="bbox 206 2589 997 2633">
     <span class='ocr_line' id='line_1_99' title="bbox 206 2589 997 2633; baseline -0.006 -7"><span class='ocrx_word' id='word_1_813' title='bbox 206 2598 259 2627; x_wconf 76' lang='grc' dir='ltr'>τοῦ</span> <span class='ocrx_word' id='word_1_814' title='bbox 275 2598 369 2633; x_wconf 86' lang='grc' dir='ltr'>θυμοῦ</span> <span class='ocrx_word' id='word_1_815' title='bbox 384 2606 455 2632; x_wconf 85' lang='grc' dir='ltr'>μου,</span> <span class='ocrx_word' id='word_1_816' title='bbox 477 2589 538 2631; x_wconf 57' lang='lat' dir='ltr'><strong>imp</strong></span> <span class='ocrx_word' id='word_1_817' title='bbox 558 2596 671 2623; x_wconf 79' lang='grc' dir='ltr'>καίεται</span> <span class='ocrx_word' id='word_1_818' title='bbox 691 2596 726 2622; x_wconf 78' lang='grc' dir='ltr'><strong>ἐν</strong></span> <span class='ocrx_word' id='word_1_819' title='bbox 739 2595 820 2629; x_wconf 82' lang='grc' dir='ltr'><strong>αὑτῷ</strong></span> <span class='ocrx_word' id='word_1_820' title='bbox 829 2595 931 2629; x_wconf 77' lang='grc' dir='ltr'>πάσας</span> <span class='ocrx_word' id='word_1_821' title='bbox 943 2595 997 2628; x_wconf 77' lang='grc' dir='ltr'>τὰς</span> 
     </span>
    </p>
   </div>
   <div class='ocr_carea' id='block_1_100' title="bbox 208 2644 330 2678">
    <p class='ocr_par' dir='ltr' id='par_1_100' title="bbox 208 2644 330 2678">
     <span class='ocr_line' id='line_1_100' title="bbox 208 2644 330 2678; baseline 0.008 -8"><span class='ocrx_word' id='word_1_822' title='bbox 208 2644 330 2678; x_wconf 77' lang='grc' dir='ltr'>ἡμέρας.</span> 
     </span>
    </p>
   </div>
   <div class='ocr_carea' id='block_1_101' title="bbox 191 2687 996 2725">
    <p class='ocr_par' dir='ltr' id='par_1_101' title="bbox 191 2687 996 2725">
     <span class='ocr_line' id='line_1_101' title="bbox 191 2687 996 2725; baseline 0 -9"><span class='ocrx_word' id='word_1_823' title='bbox 191 2713 193 2715; x_wconf 89' lang='grc'>.</span> <span class='ocrx_word' id='word_1_824' title='bbox 250 2689 385 2722; x_wconf 82' lang='grc' dir='ltr'>Ἀνοσιους</span> <span class='ocrx_word' id='word_1_825' title='bbox 399 2689 478 2721; x_wconf 73' lang='grc' dir='ltr'>ὄντας</span> <span class='ocrx_word' id='word_1_826' title='bbox 490 2688 595 2725; x_wconf 79' lang='grc' dir='ltr'>ἐλέγχει</span> <span class='ocrx_word' id='word_1_827' title='bbox 616 2688 680 2720; x_wconf 79' lang='grc' dir='ltr'>τοὺς</span> <span class='ocrx_word' id='word_1_828' title='bbox 694 2688 723 2722; x_wconf 75' lang='grc' dir='ltr'>ἐξ</span> <span class='ocrx_word' id='word_1_829' title='bbox 745 2687 864 2724; x_wconf 81' lang='grc' dir='ltr'>Ἰσραὴλ,</span> <span class='ocrx_word' id='word_1_830' title='bbox 880 2688 927 2715; x_wconf 84' lang='grc' dir='ltr'><strong>καὶ</strong></span> <span class='ocrx_word' id='word_1_831' title='bbox 937 2687 996 2716; x_wconf 78' lang='grc' dir='ltr'>οὔτι</span> 
     </span>
    </p>
   </div>
   <div class='ocr_carea' id='block_1_102' title="bbox 209 2733 996 2771">
    <p class='ocr_par' dir='ltr' id='par_1_102' title="bbox 209 2733 996 2771">
     <span class='ocr_line' id='line_1_102' title="bbox 209 2733 996 2771; baseline -0.003 -9"><span class='ocrx_word' id='word_1_832' title='bbox 209 2743 258 2761; x_wconf 85' lang='grc' dir='ltr'><strong>που</strong></span> <span class='ocrx_word' id='word_1_833' title='bbox 277 2735 356 2770; x_wconf 78' lang='grc' dir='ltr'>μόνον</span> <span class='ocrx_word' id='word_1_834' title='bbox 371 2735 440 2762; x_wconf 83' lang='grc' dir='ltr'>κατὰ</span> <span class='ocrx_word' id='word_1_835' title='bbox 454 2736 501 2762; x_wconf 82' lang='grc' dir='ltr'>τὸν</span> <span class='ocrx_word' id='word_1_836' title='bbox 512 2736 562 2771; x_wconf 82' lang='grc' dir='ltr'>τῆς</span> <span class='ocrx_word' id='word_1_837' title='bbox 576 2734 722 2770; x_wconf 79' lang='grc' dir='ltr'>ἐπιδημίας</span> <span class='ocrx_word' id='word_1_838' title='bbox 738 2734 842 2771; x_wconf 82' lang='grc' dir='ltr'>καιρὸν,</span> <span class='ocrx_word' id='word_1_839' title='bbox 857 2733 926 2761; x_wconf 83' lang='grc' dir='ltr'>ἀλλὰ</span> <span class='ocrx_word' id='word_1_840' title='bbox 942 2734 996 2770; x_wconf 86' lang='grc' dir='ltr'><strong>γὰρ</strong></span> 
     </span>
    </p>
   </div>
   <div class='ocr_carea' id='block_1_103' title="bbox 246 2828 1664 2868">
    <p class='ocr_par' dir='ltr' id='par_1_103' title="bbox 246 2828 1664 2868">
     <span class='ocr_line' id='line_1_103' title="bbox 246 2828 1664 2868; baseline -0.006 -5"><span class='ocrx_word' id='word_1_841' title='bbox 246 2835 267 2851; x_wconf 80' lang='grc'><strong>⁸¹</strong></span> <span class='ocrx_word' id='word_1_842' title='bbox 288 2836 382 2863; x_wconf 79' lang='lat' dir='ltr'><strong>Matth.</strong></span> <span class='ocrx_word' id='word_1_843' title='bbox 408 2844 443 2867; x_wconf 83' lang='lat' dir='ltr'><strong>IV,</strong></span> <span class='ocrx_word' id='word_1_844' title='bbox 460 2835 505 2862; x_wconf 75' lang='lat'><strong>&#39;25.</strong></span> <span class='ocrx_word' id='word_1_845' title='bbox 543 2835 566 2851; x_wconf 68' lang='grc' dir='ltr'><strong>’θ’</strong></span> <span class='ocrx_word' id='word_1_846' title='bbox 584 2834 679 2861; x_wconf 84' lang='lat' dir='ltr'><strong>Matth.</strong></span> <span class='ocrx_word' id='word_1_847' title='bbox 700 2843 739 2867; x_wconf 73' lang='lat' dir='ltr'><strong>in,</strong></span> <span class='ocrx_word' id='word_1_848' title='bbox 757 2836 792 2868; x_wconf 84' lang='lat'><strong>5;</strong></span> <span class='ocrx_word' id='word_1_849' title='bbox 812 2835 864 2863; x_wconf 88' lang='lat' dir='ltr'><strong>lsa.</strong></span> <span class='ocrx_word' id='word_1_850' title='bbox 884 2843 965 2868; x_wconf 79' lang='lat' dir='ltr'><strong>xxxv,</strong></span> <span class='ocrx_word' id='word_1_851' title='bbox 981 2835 1008 2868; x_wconf 84' lang='lat'><strong>5,</strong></span> <span class='ocrx_word' id='word_1_852' title='bbox 1029 2834 1056 2861; x_wconf 83' lang='lat'><strong>6.</strong></span> <span class='ocrx_word' id='word_1_853' title='bbox 1095 2832 1117 2849; x_wconf 71' lang='grc'>⁸³</span> <span class='ocrx_word' id='word_1_854' title='bbox 1130 2831 1206 2860; x_wconf 77' lang='lat' dir='ltr'><strong>Joan.</strong></span> <span class='ocrx_word' id='word_1_855' title='bbox 1224 2839 1253 2865; x_wconf 73' lang='grc' dir='ltr'>Χ,</span> <span class='ocrx_word' id='word_1_856' title='bbox 1267 2831 1313 2865; x_wconf 74' lang='lat'><strong>37,</strong></span> <span class='ocrx_word' id='word_1_857' title='bbox 1329 2831 1372 2858; x_wconf 81' lang='lat'><strong>58.</strong></span> <span class='ocrx_word' id='word_1_858' title='bbox 1419 2831 1442 2847; x_wconf 73' lang='lat'><strong>”</strong></span> <span class='ocrx_word' id='word_1_859' title='bbox 1456 2830 1534 2858; x_wconf 85' lang='lat' dir='ltr'><strong>.loan.</strong></span> <span class='ocrx_word' id='word_1_860' title='bbox 1547 2837 1606 2861; x_wconf 81' lang='lat' dir='ltr'><strong>\‘tlt,</strong></span> <span class='ocrx_word' id='word_1_861' title='bbox 1624 2828 1664 2855; x_wconf 68' lang='lat' dir='ltr'><strong>t9.</strong></span> 
     </span>
    </p>
   </div>
   <div class='ocr_carea' id='block_1_104' title="bbox 1043 2279 1835 2315">
    <p class='ocr_par' dir='ltr' id='par_1_104' title="bbox 1043 2279 1835 2315">
     <span class='ocr_line' id='line_1_104' title="bbox 1043 2279 1835 2315; baseline -0.005 -6"><span class='ocrx_word' id='word_1_862' title='bbox 1043 2286 1131 2315; x_wconf 77' lang='lat' dir='ltr'><strong>spcctu</strong></span> <span class='ocrx_word' id='word_1_863' title='bbox 1157 2288 1213 2308; x_wconf 84' lang='lat' dir='ltr'><strong>mea</strong></span> <span class='ocrx_word' id='word_1_864' title='bbox 1230 2288 1340 2313; x_wconf 71' lang='lat' dir='ltr'><strong>semper.</strong></span> <span class='ocrx_word' id='word_1_865' title='bbox 1356 2279 1406 2306; x_wconf 82' lang='lat' dir='ltr'><strong>lui</strong></span> <span class='ocrx_word' id='word_1_866' title='bbox 1422 2279 1572 2312; x_wconf 81' lang='lat' dir='ltr'><strong>sacriﬁcant</strong></span> <span class='ocrx_word' id='word_1_867' title='bbox 1590 2280 1615 2306; x_wconf 88' lang='grc' dir='ltr'>ὶιι</span> <span class='ocrx_word' id='word_1_868' title='bbox 1632 2280 1731 2311; x_wconf 77' lang='lat' dir='ltr'><strong>hortis,</strong></span> <span class='ocrx_word' id='word_1_869' title='bbox 1744 2285 1768 2306; x_wconf 83' lang='lat' dir='ltr'><strong>et</strong></span> <span class='ocrx_word' id='word_1_870' title='bbox 1789 2280 1835 2305; x_wconf 85' lang='lat' dir='ltr'><strong>44d-</strong></span> 
     </span>
    </p>
   </div>
   <div class='ocr_carea' id='block_1_105' title="bbox 1046 2325 1833 2360">
    <p class='ocr_par' dir='ltr' id='par_1_105' title="bbox 1046 2325 1833 2360">
     <span class='ocr_line' id='line_1_105' title="bbox 1046 2325 1833 2360; baseline -0.004 -6"><span class='ocrx_word' id='word_1_871' title='bbox 1046 2328 1114 2354; x_wconf 81' lang='lat' dir='ltr'><strong>olent</strong></span> <span class='ocrx_word' id='word_1_872' title='bbox 1125 2328 1259 2354; x_wconf 75' lang='lat' dir='ltr'><strong>incensum</strong></span> <span class='ocrx_word' id='word_1_873' title='bbox 1271 2334 1349 2359; x_wconf 74' lang='lat' dir='ltr'><strong>super</strong></span> <span class='ocrx_word' id='word_1_874' title='bbox 1362 2325 1455 2352; x_wconf 74' lang='lat' dir='ltr'><strong>lateres</strong></span> <span class='ocrx_word' id='word_1_875' title='bbox 1468 2326 1639 2357; x_wconf 71' lang='lat' dir='ltr'><strong>da&#39;monibus,</strong></span> <span class='ocrx_word' id='word_1_876' title='bbox 1650 2326 1695 2360; x_wconf 85' lang='lat' dir='ltr'><strong>qui</strong></span> <span class='ocrx_word' id='word_1_877' title='bbox 1704 2333 1754 2352; x_wconf 85' lang='lat' dir='ltr'><strong>non</strong></span> <span class='ocrx_word' id='word_1_878' title='bbox 1764 2331 1833 2352; x_wconf 75' lang='lat' dir='ltr'><strong>sunt.</strong></span> 
     </span>
    </p>
   </div>
   <div class='ocr_carea' id='block_1_106' title="bbox 1049 2369 1833 2404">
    <p class='ocr_par' dir='ltr' id='par_1_106' title="bbox 1049 2369 1833 2404">
     <span class='ocr_line' id='line_1_106' title="bbox 1049 2369 1833 2404; baseline -0.003 -6"><span class='ocrx_word' id='word_1_879' title='bbox 1049 2371 1082 2398; x_wconf 88' lang='lat' dir='ltr'><strong>Et</strong></span> <span class='ocrx_word' id='word_1_880' title='bbox 1097 2372 1123 2398; x_wconf 85' lang='lat' dir='ltr'><strong>in</strong></span> <span class='ocrx_word' id='word_1_881' title='bbox 1139 2371 1312 2398; x_wconf 71' lang='lat' dir='ltr'><strong>monumentis</strong></span> <span class='ocrx_word' id='word_1_882' title='bbox 1329 2378 1360 2397; x_wconf 82' lang='lat' dir='ltr'><strong>ac</strong></span> <span class='ocrx_word' id='word_1_883' title='bbox 1376 2369 1505 2403; x_wconf 74' lang='lat' dir='ltr'><strong>speluncis</strong></span> <span class='ocrx_word' id='word_1_884' title='bbox 1521 2369 1655 2396; x_wconf 74' lang='lat' dir='ltr'><strong>dormiunt</strong></span> <span class='ocrx_word' id='word_1_885' title='bbox 1672 2374 1779 2404; x_wconf 77' lang='lat' dir='ltr'><strong>propter</strong></span> <span class='ocrx_word' id='word_1_886' title='bbox 1794 2370 1833 2396; x_wconf 82' lang='lat' dir='ltr'><strong>in-</strong></span> 
     </span>
    </p>
   </div>
   <div class='ocr_carea' id='block_1_107' title="bbox 1048 2415 1834 2450">
    <p class='ocr_par' dir='ltr' id='par_1_107' title="bbox 1048 2415 1834 2450">
     <span class='ocr_line' id='line_1_107' title="bbox 1048 2415 1834 2450; baseline -0.006 -4"><span class='ocrx_word' id='word_1_887' title='bbox 1048 2419 1165 2450; x_wconf 71' lang='lat' dir='ltr'><strong>somnia;</strong></span> <span class='ocrx_word' id='word_1_888' title='bbox 1185 2417 1321 2444; x_wconf 78' lang='lat' dir='ltr'><strong>comedunt</strong></span> <span class='ocrx_word' id='word_1_889' title='bbox 1338 2424 1430 2444; x_wconf 76' lang='lat' dir='ltr'><strong>carnes</strong></span> <span class='ocrx_word' id='word_1_890' title='bbox 1445 2415 1557 2447; x_wconf 68' lang='lat' dir='ltr'><strong>titillat,</strong></span> <span class='ocrx_word' id='word_1_891' title='bbox 1574 2420 1597 2441; x_wconf 84' lang='lat' dir='ltr'><strong>et</strong></span> <span class='ocrx_word' id='word_1_892' title='bbox 1611 2415 1657 2449; x_wconf 81' lang='lat' dir='ltr'><strong>jus</strong></span> <span class='ocrx_word' id='word_1_893' title='bbox 1672 2416 1834 2447; x_wconf 77' lang='lat' dir='ltr'><strong>hostiarum;</strong></span> 
     </span>
    </p>
   </div>
   <div class='ocr_carea' id='block_1_108' title="bbox 1047 2461 1835 2499">
    <p class='ocr_par' dir='ltr' id='par_1_108' title="bbox 1047 2461 1835 2499">
     <span class='ocr_line' id='line_1_108' title="bbox 1047 2461 1835 2499; baseline -0.005 -8"><span class='ocrx_word' id='word_1_894' title='bbox 1047 2464 1148 2499; x_wconf 82' lang='lat' dir='ltr'><strong>polluta</strong></span> <span class='ocrx_word' id='word_1_895' title='bbox 1170 2465 1258 2491; x_wconf 87' lang='lat' dir='ltr'><strong>omnia</strong></span> <span class='ocrx_word' id='word_1_896' title='bbox 1277 2472 1338 2491; x_wconf 75' lang='lat' dir='ltr'><strong>vasa</strong></span> <span class='ocrx_word' id='word_1_897' title='bbox 1362 2471 1450 2491; x_wconf 78' lang='lat' dir='ltr'><strong>eorum</strong></span> <span class='ocrx_word' id='word_1_898' title='bbox 1472 2469 1481 2488; x_wconf 92' lang='lat'><em>:</em></span> <span class='ocrx_word' id='word_1_899' title='bbox 1502 2463 1605 2494; x_wconf 80' lang='lat' dir='ltr'><strong>dicunt,</strong></span> <span class='ocrx_word' id='word_1_900' title='bbox 1619 2461 1701 2497; x_wconf 79' lang='lat'><strong>893</strong></span> <span class='ocrx_word' id='word_1_901' title='bbox 1714 2461 1801 2496; x_wconf 83' lang='lat' dir='ltr'><strong>Longe</strong></span> <span class='ocrx_word' id='word_1_902' title='bbox 1819 2469 1835 2488; x_wconf 92' lang='lat' dir='ltr'><strong>a</strong></span> 
     </span>
    </p>
   </div>
   <div class='ocr_carea' id='block_1_109' title="bbox 1047 2507 1836 2545">
    <p class='ocr_par' dir='ltr' id='par_1_109' title="bbox 1047 2507 1836 2545">
     <span class='ocr_line' id='line_1_109' title="bbox 1047 2507 1836 2545; baseline -0.005 -8"><span class='ocrx_word' id='word_1_903' title='bbox 1047 2517 1104 2542; x_wconf 79' lang='lat' dir='ltr'><strong>me,</strong></span> <span class='ocrx_word' id='word_1_904' title='bbox 1121 2511 1183 2545; x_wconf 82' lang='lat' dir='ltr'><strong>quia</strong></span> <span class='ocrx_word' id='word_1_905' title='bbox 1201 2510 1314 2536; x_wconf 73' lang='lat' dir='ltr'><strong>mundus</strong></span> <span class='ocrx_word' id='word_1_906' title='bbox 1336 2517 1410 2541; x_wconf 69' lang='lat' dir='ltr'><strong>sum,</strong></span> <span class='ocrx_word' id='word_1_907' title='bbox 1427 2517 1458 2536; x_wconf 82' lang='lat' dir='ltr'><strong>ne</strong></span> <span class='ocrx_word' id='word_1_908' title='bbox 1479 2508 1669 2542; x_wconf 77' lang='lat' dir='ltr'><strong>appropinques</strong></span> <span class='ocrx_word' id='word_1_909' title='bbox 1690 2507 1764 2534; x_wconf 80' lang='lat' dir='ltr'><strong>mihi.</strong></span> <span class='ocrx_word' id='word_1_910' title='bbox 1785 2507 1836 2533; x_wconf 76' lang='lat' dir='ltr'><strong>Iste</strong></span> 
     </span>
    </p>
   </div>
   <div class='ocr_carea' id='block_1_110' title="bbox 1049 2553 1835 2591">
    <p class='ocr_par' dir='ltr' id='par_1_110' title="bbox 1049 2553 1835 2591">
     <span class='ocr_line' id='line_1_110' title="bbox 1049 2553 1835 2591; baseline -0.006 -8"><span class='ocrx_word' id='word_1_911' title='bbox 1049 2556 1138 2590; x_wconf 71' lang='lat' dir='ltr'><strong>fumus</strong></span> <span class='ocrx_word' id='word_1_912' title='bbox 1151 2557 1253 2591; x_wconf 73' lang='lat' dir='ltr'><strong>luroris</strong></span> <span class='ocrx_word' id='word_1_913' title='bbox 1266 2556 1328 2590; x_wconf 84' lang='lat' dir='ltr'><strong>mei,</strong></span> <span class='ocrx_word' id='word_1_914' title='bbox 1341 2556 1410 2591; x_wconf 76' lang='lat' dir='ltr'><strong>igm‘s</strong></span> <span class='ocrx_word' id='word_1_915' title='bbox 1425 2555 1498 2582; x_wconf 80' lang='lat' dir='ltr'><strong>ardet</strong></span> <span class='ocrx_word' id='word_1_916' title='bbox 1513 2556 1539 2581; x_wconf 87' lang='lat' dir='ltr'><strong>in</strong></span> <span class='ocrx_word' id='word_1_917' title='bbox 1555 2561 1584 2581; x_wconf 85' lang='lat' dir='ltr'><strong>eo</strong></span> <span class='ocrx_word' id='word_1_918' title='bbox 1599 2553 1720 2587; x_wconf 73' lang='lat' dir='ltr'><strong>omnibus</strong></span> <span class='ocrx_word' id='word_1_919' title='bbox 1732 2553 1835 2579; x_wconf 74' lang='lat' dir='ltr'><strong>diebus.</strong></span> 
     </span>
    </p>
   </div>
   <div class='ocr_carea' id='block_1_111' title="bbox 1085 2682 1836 2720">
    <p class='ocr_par' dir='ltr' id='par_1_111' title="bbox 1085 2682 1836 2720">
     <span class='ocr_line' id='line_1_111' title="bbox 1085 2682 1836 2720; baseline -0.008 -7"><span class='ocrx_word' id='word_1_920' title='bbox 1085 2684 1184 2720; x_wconf 85' lang='lat' dir='ltr'><strong>lmpios</strong></span> <span class='ocrx_word' id='word_1_921' title='bbox 1197 2684 1333 2712; x_wconf 85' lang='lat' dir='ltr'><strong>lsraehtas</strong></span> <span class='ocrx_word' id='word_1_922' title='bbox 1345 2685 1444 2720; x_wconf 81' lang='lat' dir='ltr'><strong>arguit,</strong></span> <span class='ocrx_word' id='word_1_923' title='bbox 1459 2691 1508 2712; x_wconf 90' lang='lat' dir='ltr'><strong>nec</strong></span> <span class='ocrx_word' id='word_1_924' title='bbox 1523 2683 1609 2711; x_wconf 88' lang='lat' dir='ltr'><strong>solum</strong></span> <span class='ocrx_word' id='word_1_925' title='bbox 1624 2682 1753 2709; x_wconf 86' lang='lat' dir='ltr'><strong>adventus</strong></span> <span class='ocrx_word' id='word_1_926' title='bbox 1769 2684 1836 2707; x_wconf 75' lang='lat' dir='ltr'><strong>tem—</strong></span> 
     </span>
    </p>
   </div>
   <div class='ocr_carea' id='block_1_112' title="bbox 1050 2725 1837 2766">
    <p class='ocr_par' dir='ltr' id='par_1_112' title="bbox 1050 2725 1837 2766">
     <span class='ocr_line' id='line_1_112' title="bbox 1050 2725 1837 2766; baseline -0.009 -7"><span class='ocrx_word' id='word_1_927' title='bbox 1050 2738 1125 2766; x_wconf 87' lang='lat' dir='ltr'><strong>pore,</strong></span> <span class='ocrx_word' id='word_1_928' title='bbox 1137 2730 1184 2759; x_wconf 89' lang='lat' dir='ltr'><strong>sed</strong></span> <span class='ocrx_word' id='word_1_929' title='bbox 1206 2735 1288 2764; x_wconf 89' lang='lat' dir='ltr'><strong>retro,</strong></span> <span class='ocrx_word' id='word_1_930' title='bbox 1302 2735 1329 2758; x_wconf 87' lang='lat' dir='ltr'><strong>et</strong></span> <span class='ocrx_word' id='word_1_931' title='bbox 1346 2730 1419 2758; x_wconf 88' lang='lat' dir='ltr'><strong>velut</strong></span> <span class='ocrx_word' id='word_1_932' title='bbox 1437 2731 1470 2758; x_wconf 88' lang='lat' dir='ltr'><strong>ab</strong></span> <span class='ocrx_word' id='word_1_933' title='bbox 1492 2730 1548 2765; x_wconf 80' lang='lat' dir='ltr'><strong>ipsa</strong></span> <span class='ocrx_word' id='word_1_934' title='bbox 1564 2729 1648 2764; x_wconf 84' lang='lat' dir='ltr'><strong>stirpe</strong></span> <span class='ocrx_word' id='word_1_935' title='bbox 1662 2731 1689 2755; x_wconf 89' lang='lat' dir='ltr'><strong>et</strong></span> <span class='ocrx_word' id='word_1_936' title='bbox 1703 2734 1735 2755; x_wconf 82' lang='lat' dir='ltr'><strong>ex</strong></span> <span class='ocrx_word' id='word_1_937' title='bbox 1752 2725 1837 2761; x_wconf 80' lang='lat' dir='ltr'><strong>patri-</strong></span> 
     </span>
    </p>
   </div>
   <div class='ocr_carea' id='block_1_113' title="bbox 1718 2824 1832 2854">
    <p class='ocr_par' dir='ltr' id='par_1_113' title="bbox 1718 2824 1832 2854">
     <span class='ocr_line' id='line_1_113' title="bbox 1718 2824 1832 2854; baseline -0.018 -2"><span class='ocrx_word' id='word_1_938' title='bbox 1718 2827 1740 2842; x_wconf 70' lang='lat'><strong>&quot;</strong></span> <span class='ocrx_word' id='word_1_939' title='bbox 1754 2824 1832 2854; x_wconf 74' lang='lat' dir='ltr'><strong>Joan.</strong></span> 
     </span>
    </p>
   </div>
   <div class='ocr_carea' id='block_1_114' title="bbox 213 2869 984 2903">
    <p class='ocr_par' dir='ltr' id='par_1_114' title="bbox 213 2869 984 2903">
     <span class='ocr_line' id='line_1_114' title="bbox 213 2869 984 2903; baseline 0 -7"><span class='ocrx_word' id='word_1_940' title='bbox 213 2876 259 2903; x_wconf 84' lang='lat' dir='ltr'><strong>vn,</strong></span> <span class='ocrx_word' id='word_1_941' title='bbox 273 2871 316 2903; x_wconf 81' lang='grc'><strong>57,</strong></span> <span class='ocrx_word' id='word_1_942' title='bbox 331 2871 374 2899; x_wconf 79' lang='grc'><strong>58.</strong></span> <span class='ocrx_word' id='word_1_943' title='bbox 414 2871 435 2886; x_wconf 71' lang='grc' dir='ltr'><strong>⁸ο</strong></span> <span class='ocrx_word' id='word_1_944' title='bbox 450 2869 526 2898; x_wconf 82' lang='lat' dir='ltr'><strong>Joan.</strong></span> <span class='ocrx_word' id='word_1_945' title='bbox 547 2877 603 2902; x_wconf 87' lang='lat' dir='ltr'><strong>vm,</strong></span> <span class='ocrx_word' id='word_1_946' title='bbox 617 2869 663 2896; x_wconf 75' lang='lat' dir='ltr'><strong>2t.</strong></span> <span class='ocrx_word' id='word_1_947' title='bbox 703 2869 724 2885; x_wconf 70' lang='grc'><strong>⁷⁵⁷</strong></span> <span class='ocrx_word' id='word_1_948' title='bbox 740 2869 817 2898; x_wconf 81' lang='lat' dir='ltr'><strong>.loan.</strong></span> <span class='ocrx_word' id='word_1_949' title='bbox 834 2878 860 2903; x_wconf 71' lang='grc' dir='ltr'><strong>ι,</strong></span> <span class='ocrx_word' id='word_1_950' title='bbox 882 2870 925 2897; x_wconf 77' lang='grc'><strong>20.</strong></span> <span class='ocrx_word' id='word_1_951' title='bbox 965 2870 984 2887; x_wconf 63' lang='grc' dir='ltr'><strong>δ’</strong></span> 
     </span>
    </p>
   </div>
   <div class='ocr_carea' id='block_1_115' title="bbox 1047 2869 1133 2903">
    <p class='ocr_par' dir='ltr' id='par_1_115' title="bbox 1047 2869 1133 2897">
     <span class='ocr_line' id='line_1_115' title="bbox 1047 2869 1133 2897; baseline -0.023 -1"><span class='ocrx_word' id='word_1_952' title='bbox 1047 2869 1070 2897; x_wconf 81' lang='lat' dir='ltr'><strong>d.</strong></span> <span class='ocrx_word' id='word_1_953' title='bbox 1090 2869 1133 2896; x_wconf 77' lang='grc'><strong>55.</strong></span> 
     </span>
    </p>
   </div>
  </div>
