1893 3052
114 167 182 196 1407
628 163 656 191 S.
678 163 817 192 CYRILLI
837 165 857 193 A

1042 165 1074 194 Nl
1095 164 1254 194 ARCHIEP.
1696 161 1709 188 Ι
1726 155 1786 186 ςοε

113 225 173 259 bus,
186 224 231 260 qui
252 223 341 252 divina
362 223 419 257 ejus
441 222 501 257 lcge
523 221 633 257 reiecta,
648 226 675 250 et
689 222 815 251 Mosaicis
835 232 860 259 p1

1041 227 1070 256 ην,
1099 224 1145 251 καὶ
1159 221 1214 250 οἷον
1230 223 1262 249 ἐκ
1276 221 1354 258 ῥίζης
1365 242 1373 255 ,
1398 221 1446 249 καὶ
1458 221 1491 248 ὲκ
1509 220 1636 257 πατέρων
1659 220 1697 248 οἱ
1727 217 1788 245 τὸν

112 271 198 306 ceptis
221 275 323 298 tantum
337 276 390 296 non
412 268 470 296 vale
490 269 571 300 dicto,
589 268 668 296 idolis
689 270 853 303 servierunt,

1041 269 1125 297 αὐτοῦ
1146 268 1340 304 παρωσάμενοι
1369 268 1462 303 νόμον,
1486 268 1534 295 καὶ
1557 265 1719 303 μονονουχὶ
1748 263 1788 289 τὸ

112 317 179 344 falso
195 316 354 350 nuncupatis
366 315 418 343 diis
438 315 643 348 sacriﬁcarunt,
661 320 688 344 et
704 317 856 345 immtmdor

1042 315 1092 342 r011.
1112 315 1263 350 φθάσαντες
1281 315 1342 346 ταῖς
1354 313 1399 340 διὰ
1413 313 1536 344 Μωσέως
1561 313 1709 344 ἐντολαῖς,
1729 309 1789 336 λε-

112 362 252 396 spirituum
269 361 386 388 cultores
401 361 574 389 exstiterunt.
592 371 601 388 1
621 362 669 389 llic
685 364 815 397 populus,
834 373 844 390 ι

1042 361 1137 388 ύκασιν
1151 359 1280 392 εἰδώλοις.
1293 360 1340 387 καὶ
1353 359 1483 386 τεθύκασι
1494 361 1551 391 τοῖς
1563 357 1699 394 ψευδωνὺ
1704 363 1789 392 μοις

112 408 186 442 quit.
203 416 212 433 1
228 412 270 434 est
284 407 331 442 qui
348 414 455 442 semper
475 415 517 435 me
537 407 693 436 exacerbat.
709 409 859 437 Sacriﬁcarl

1052 406 1100 434 καὶ
1113 407 1275 442 πνευμάτων
1287 406 1450 442 ἀκαθάρτων
1465 405 1594 440 γεγόνασι
1614 405 1788 441 θεραπευ-

111 454 184 481 enim
208 453 401 485 indesinenter,
421 463 431 479 ›
460 453 486 480 id
511 458 568 486 est,
585 453 664 488 longo
689 459 822 489 tempore,
841 464 851 481 1

1054 449 1138 484 Οὗτος
1150 453 1163 479 ὁ
1177 452 1241 484 λαὸς
1252 453 1295 479 ἀεὶ
1309 452 1415 487 γέγονε,
1439 462 1449 478 ι
1469 452 1546 488 φησὶ,
1568 461 1577 478 1
1592 451 1787 487 παροξύνων

111 503 257 534 conspectu
273 506 344 526 meo.
363 509 372 525 ι
389 501 422 526 At
437 499 572 533 quomodo
589 500 672 527 latere
686 505 827 534 poterant,
842 509 856 529 c

1042 498 1156 526 εθύκασι
1172 499 1226 534 γὰρ
1237 499 1445 534 ἀκαταλήκτως,
1465 509 1475 525 1
1487 499 1638 531 τουτέστιν,
1650 499 1679 524 ὲν
1694 495 1787 533 χρό-

113 546 185 572 Deus
198 545 287 572 omnia
303 545 447 579 inspiciat?
463 545 534 572 Dixit
547 546 620 573 enim
636 554 684 581 per
699 547 844 580 quemdam

1037 545 1152 580 ιακροῖς,
1166 553 1175 570 1
1185 543 1301 571 ἐνώπιόν
1311 552 1372 579 μου.
1387 553 1397 570 ι
1411 542 1479 571 Εἶτα
1496 544 1556 576 πῶς
1571 541 1605 580 ἦν
1622 542 1784 570 δύνασθαι

112 590 213 618 sanctis
227 591 366 627 prophetis
386 601 393 619 :
419 601 428 617 1
454 592 523 619 Deus
537 594 755 628 appropinquans
768 600 819 628 ego
831 601 859 621 su

1035 599 1045 617 ν
1061 590 1169 623 αὐτοὺς,
1184 590 1274 618 καίτοι
1298 590 1390 617 πάντα
1404 590 1557 626 ἐφορῶντος
1575 589 1664 623 Θεοῦ;
1680 589 1782 623 Ἔφη

112 637 350 669 dicitDominus",
364 642 391 665 et
406 645 458 665 non
474 637 545 665 Deus
557 645 572 665 e
583 638 738 673 longinquo.
749 639 790 666 An
805 647 848 667 me

1036 645 1092 670 mu,
1111 637 1158 664 καὶ
1182 636 1217 663 δι’
1229 636 1289 668 ἑνὸς
1305 636 1359 663 τῶν
1374 636 1460 670 ἁγίων
1474 635 1624 672 προφητῶν
1635 644 1642 650 ·
1659 645 1668 661 1
1687 633 1783 665 Θεὸς

113 682 213 709 labitur
224 682 388 717 quidquam?
406 692 416 709 ι
431 682 460 710 Si
474 690 538 716 ergo
552 683 618 710 nihil
633 690 694 710 eum
710 683 822 718 celetur,
837 693 860 719 qi

1035 691 1072 709 ων
1091 681 1147 717 ἐγώ
1172 683 1239 718 εἰμι,
1252 682 1325 717 λέγει
1340 681 1453 718 Κύριος,
1475 682 1523 709 καὶ
1534 682 1595 718 οὐχὶ
1611 682 1680 713 Θεὸς
1689 681 1782 717 πιὸῥ-

113 728 192 754 modo
204 727 340 755 latuerunt
352 728 460 762 quidam
475 728 593 755 sumtum
608 727 737 756 facientes
757 729 784 756 in
807 729 860 757 hor‘

1032 736 1052 760 ν,
1065 728 1102 763 μὴ
1114 728 1161 755 ἀπ’
1174 728 1241 764 ἐμοῦ
1253 728 1422 764 κρυϐήσεταί
1433 737 1459 755 τι
1470 737 1477 762 ;
1491 738 1500 754 ι
1521 728 1627 755 Οὐκοῦν
1636 729 1661 754 εί
1672 727 1779 763 μηδὲν

112 772 155 800 vel
177 773 202 800 in
224 773 308 806 silvis,
325 775 463 802 montibus
477 779 503 801 ct
519 774 605 802 lucis?
620 774 688 807 Quid
705 775 787 809 igitur
801 775 859 810 sign

1030 773 1098 801 κὺτοῦ
1111 774 1272 810 κρύπτεται,
1289 775 1347 807 πῶς
1365 774 1398 801 ἂν
1405 774 1501 802 ἔλαθον
1512 776 1584 807 τινὲς
1601 775 1777 810 θυμιιῖιντες

113 823 168 850 (at,
197 828 207 845 1
226 818 254 846 lu
269 824 414 854 conspectu
429 820 506 847 meo?
523 829 533 846 ι
552 820 662 848 Scilicet
679 821 705 847 in
726 820 785 855 ipso
805 825 858 848 tem

1028 819 1107 854 ήποις
1117 839 1124 850 ,
1144 819 1229 854 ἦγουν
1244 819 1273 845 έν
1288 819 1412 855 δρυμοῖς,
1437 819 1513 855 δρεσί
1523 827 1553 845 τε
1572 819 1618 844 καὶ
1633 818 1746 850 νάπαις
1760 826 1775 852 ;

112 865 183 899 quod
204 865 267 892 mihi
291 871 477 893 consecratum
502 871 553 893 est.
569 866 665 894 Simile
683 866 812 901 quiddam
830 874 859 894 er.

1027 862 1052 892 ἲν
1066 864 1121 900 ἄρα
1137 864 1168 891 τὸ
1181 873 1191 890 ‹
1209 864 1323 892 ἐνώπιόν
1337 874 1387 901 μου
1406 874 1415 891 ι
1433 864 1525 900 δηλοῖ,
1546 864 1607 891 ἀντὶ
1631 863 1690 895 τοῦ,
1709 863 1774 890 καὶ

113 910 181 937 dixit
195 918 259 938 voce
273 910 397 938 Jeremite
411 911 443 939 de
457 911 618 940 Jerusalem.
635 921 645 938 1
665 914 750 946 Quam
765 913 860 940 abomil

1025 910 1098 938 ιὺτδν
1118 910 1164 937 τὸν
1184 910 1374 946 ἀφιερωθέντα
1398 920 1443 946 μοι
1460 910 1538 938 νεών.
1556 911 1630 946 Ἔφη
1642 910 1699 945 γάρ
1714 917 1772 936 τοι

628 163 656 191 S.
678 163 817 192 CYRILLI
837 165 1074 195 ALEXANDRINI
1095 164 1254 194 ARCHIEP.

112 956 212 983 tionem
228 955 290 983 fecit
302 956 398 984 dilecta
415 957 441 984 iu
457 957 538 985 domo
557 965 615 985 mea
628 958 670 985 "7
688 968 698 985 ›
716 959 905 987 Abominatio-

113 1008 174 1027 nem
190 1001 330 1028 nominare
347 1006 548 1029 consueverunt
562 1009 648 1030 sacras
661 1002 771 1031 Litterae
793 1004 903 1031 idolum.

112 1047 206 1081 Itaque
231 1052 259 1075 et
285 1047 321 1075 ob
349 1047 443 1075 oculos
472 1055 548 1075 meos
578 1057 587 1074 1
618 1048 724 1076 sutlitus
751 1049 867 1083 faciunt,
893 1059 902 1076 ι

114 1093 211 1127 inquit,
228 1101 238 1119 1
255 1097 283 1120 et
304 1093 332 1120 in
357 1091 451 1125 hortis,
470 1102 480 1119 ι
497 1094 524 1120 id
546 1099 604 1123 est.
631 1093 658 1121 in
681 1095 828 1127 montibus,
866 1095 906 1122 uti

112 1139 178 1170 dixi.
190 1148 200 1164 1
213 1139 265 1166 sub
276 1146 390 1174 quercu,
401 1142 428 1166 et
440 1139 548 1174 populo,
557 1143 584 1166 et
597 1139 693 1167 arbore
706 1140 832 1168 umbrosa
844 1141 879 1175 ⁵⁸,
893 1150 903 1167 ι

113 1186 260 1214 secundum
283 1186 309 1214 id
328 1187 400 1221 quod
421 1186 551 1221 scriptum
573 1191 627 1215 est.
647 1187 858 1220 Sacriiicabant,
877 1191 906 1215 ut

113 1232 227 1264 videtur,
239 1231 394 1259 Graecorum
406 1239 508 1260 morem
522 1233 619 1265 secuti,
631 1233 791 1268 quibusdam
805 1234 906 1262 daemo-

113 1279 206 1311 nibus,
223 1279 354 1314 nymphas
370 1279 407 1306 illi
424 1284 537 1313 vocant,
554 1280 767 1316 hamadryadas,
782 1285 810 1309 et
825 1288 905 1309 orea-

113 1324 171 1351 das.
187 1324 238 1351 Sed
257 1332 308 1351 non
326 1329 398 1358 sunt,
414 1325 511 1360 inquit,
526 1333 578 1353 non
595 1325 665 1360 qttod
682 1333 734 1353 non
750 1326 905 1354 subsistant

112 1369 218 1396 exitiosi
235 1369 386 1401 daemones;
406 1370 453 1397 sed
470 1370 541 1404 quod
559 1377 614 1397 non
634 1369 687 1397 sint
703 1370 755 1403 dii,
771 1375 851 1406 prout
868 1370 905 1398 illi

113 1414 158 1448 qui
176 1414 331 1442 sacriﬁcant
348 1415 404 1442 illis
434 1415 591 1450 opinantur.
606 1414 803 1444 Sacriﬂearunt
819 1416 904 1444 etiam

113 1461 140 1488 in
156 1462 337 1489 menumentis
351 1466 379 1489 et
393 1461 541 1496 speluncis,
556 1462 757 1489 necromantica
770 1462 904 1497 quaedam,

113 1511 143 1534 ut
155 1507 274 1540 videtur,
287 1512 456 1535 exercentes.
473 1507 650 1536 Dormiebant
665 1508 747 1535 etiam
765 1508 791 1535 in
809 1516 905 1536 monu-

113 1553 222 1585 mentis,
237 1553 377 1581 insomniis
393 1553 553 1588 quibusdam
571 1558 598 1581 et
613 1554 730 1588 spectris
748 1554 863 1589 decepti,
877 1558 905 1582 et

958 954 1078 982 τοιοῦτον
1095 956 1141 982 καὶ
1160 956 1203 982 διὰ
1219 956 1311 992 φωνῆς
1327 956 1458 992 Ἱερεμίου
1471 957 1535 992 περὶ
1549 956 1598 992 τῆς
1619 956 1773 991 Ἰερουσα-

957 1002 1024 1038 λήμ·
1043 1011 1052 1028 1
1071 1002 1104 1029 Τί
1117 1002 1283 1038 ἠγαπημένη
1296 1003 1324 1029 ὲν
1337 1002 1375 1038 τῷ
1389 1003 1455 1038 οἴκῳ
1469 1012 1519 1037 μου
1532 1003 1646 1037 ἐποίησε
1662 1001 1771 1037 βδέλυ-

957 1056 1016 1083 γμα
1029 1056 1036 1080 ;
1050 1057 1059 1074 ι
1078 1047 1221 1083 Βδέλυγμα
1233 1048 1261 1074 δὲ
1280 1048 1310 1074 τὸ
1329 1048 1436 1075 εἴδωλον
1454 1048 1598 1084 ὀνομάζειν
1614 1049 1676 1080 ἔθος
1701 1049 1770 1080 τοῖς

959 1094 1044 1130 ἱεροῖς
1069 1094 1243 1130 Γράμμασιν.
1270 1093 1376 1121 Οὐκοῦν
1402 1096 1463 1121 κατ’
1488 1094 1646 1130 ὀφθαλμοὺς
1670 1095 1768 1130 ἐμοὺς

961 1150 970 1166 1
988 1140 1134 1176 θυμιῶσι,»
1153 1140 1246 1176 φησὶ,ι
1266 1140 1313 1167 καὶ
1326 1141 1355 1167 ὲν
1371 1142 1428 1172 τοῖς
1441 1141 1550 1177 κήποις,
1571 1151 1581 1167 ι
1601 1141 1764 1173 τουτέστιν,

957 1185 986 1212 ἐν
996 1185 1098 1221 ὄρεσιν,
1121 1185 1160 1217 ὡς
1183 1185 1262 1220 έφην,
1280 1194 1289 1211 1
1305 1185 1434 1212 ὑποκάτω
1453 1186 1544 1221 δρυὸς,
1566 1186 1613 1213 καὶ
1640 1186 1761 1222 λεύκης,

957 1231 1004 1258 καὶ
1022 1230 1131 1266 δένδρου
1149 1230 1358 1262 συσκιάζοντας,
1380 1240 1390 1257 ο
1407 1231 1479 1258 κατὰ
1499 1231 1529 1258 τὸ
1547 1232 1760 1267 γεγραμμένον.

959 1275 1056 1303 Ἔθυον
1070 1276 1109 1309 δὲ,
1126 1276 1198 1304 κατά
1208 1276 1239 1303 τὸ
1250 1277 1333 1309 εἰκὸς,
1344 1276 1541 1313 τοϊςΈλλήνων
1552 1278 1763 1314 ἀκολουθήσαν-

956 1330 1001 1354 τες
1009 1322 1114 1357 θυμοῖς,
1128 1322 1238 1358 δαίμοσι
1251 1323 1335 1355 τισὶν,
1359 1323 1392 1356 ἃς
1411 1323 1520 1360 νύμφας
1539 1325 1637 1352 ἐκεῖνοι
1653 1324 1738 1352 καλοῦ
1747 1339 1760 1345 -

957 1373 1010 1398 σιν,
1022 1366 1198 1402 ἁμαδρυάδας
1209 1368 1256 1394 καὶ
1270 1367 1396 1403 ὀρειάδας
1408 1377 1415 1384 ·
1438 1369 1497 1396 ἀλλ’
1510 1368 1561 1396 οὒκ
1579 1371 1643 1402 εισι,
1659 1370 1758 1406 φησὶν,

956 1412 1006 1447 οὺχ
1022 1413 1063 1440 ὅτι
1079 1413 1117 1449 μὴ
1137 1413 1307 1450 ὑπάρχουσιν
1333 1415 1358 1441 οἱ
1384 1415 1518 1451 ἀλιτήριοι
1532 1416 1679 1451 ¹δαίμονες,
1696 1415 1766 1445 ἀλλ’

956 1457 997 1484 ὅτι
1012 1458 1068 1485 θεοὶ
1083 1459 1184 1494 μᾶλλον
1202 1459 1252 1487 οὒκ
1278 1461 1343 1493 εισι,
1369 1462 1440 1489 κατά
1451 1470 1483 1496 γε
1495 1461 1545 1493 τὰς
1563 1461 1618 1488 τῶν
1633 1461 1759 1489 θυόντων

956 1503 1048 1536 αὐτοῖς
1064 1505 1202 1537 ὑπονοίας.
1219 1505 1319 1533 Ἐθυον
1331 1506 1359 1534 δὲ
1378 1507 1426 1534 καὶ
1443 1508 1472 1534 ἐν
1488 1507 1628 1543 μνήμασι,
1649 1508 1698 1535 καὶ⁸
1725 1508 1759 1536 ἐν

957 1549 1110 1584 σπηλαίοις,
1116 1550 1328 1586 νεκυομαντείας
1335 1551 1385 1583 τὰς
1393 1552 1562 1587 καλουμένας
1577 1553 1758 1588 ἐπιτηδεύον-

113 1599 234 1626 notitiam
266 1607 355 1627 rerum
382 1599 535 1627 futurarum
567 1599 736 1635 indagantes.
766 1599 857 1634 Ejusm

1027 1595 1099 1623 κατὰ
1113 1596 1144 1622 τδ
1167 1596 1250 1628 εἰκός.
1269 1596 1434 1632 Ἐκοιμῶντο
1459 1597 1488 1624 δὲ
1501 1598 1548 1625 καὶ
1560 1599 1589 1625 ὲν
1602 1599 1654 1634 μνή
1660 1607 1755 1634 μασιν,

113 1650 176 1673 sunt
197 1646 269 1673 enim
294 1645 440 1680 impietatis
461 1645 617 1673 Graecorum
642 1645 761 1673 inventa.
779 1645 906 1674 Calcasse

113 1696 203 1718 autem
226 1698 273 1718 eos
292 1697 400 1725 quoque
420 1690 486 1725 legis
507 1695 658 1725 praecepta.
675 1690 842 1718 demonstrat
865 1691 907 1718 in-

113 1739 209 1772 quiens
234 1746 241 1764 :
270 1746 280 1763 1
307 1736 458 1764 Comedunt
478 1743 575 1763 carnes
600 1735 703 1764 suillas.
731 1745 740 1761 ι
766 1736 907 1764 lnterdixit

113 1783 185 1812 enim
201 1783 257 1811 haec
273 1782 412 1810 lsraelitis.
428 1782 618 1809 Absorhebant
633 1782 715 1809 etiam
734 1782 780 1816 ius
802 1781 907 1809 sacriﬁ-

113 1830 226 1863 ciorum,
240 1829 312 1856 omui
333 1828 487 1864 impuritate
503 1827 607 1862 repleti,
623 1828 718 1856 sordes
738 1835 790 1856 nou
813 1827 906 1855 eluen-

113 1876 162 1902 das
183 1875 328 1907 habentes,
344 1879 469 1910 putantes
492 1873 589 1901 deinde
607 1873 640 1901 ad
663 1881 797 1901 summum
814 1874 906 1904 omnis

113 1921 237 1957 puritatis
264 1921 376 1956 gradum
393 1928 423 1948 se
446 1921 613 1955 pervenisse,
639 1920 706 1947 adeo
731 1925 761 1948 ut
785 1920 906 1948 dicerent

113 1968 328 2002 appropinquare
343 1966 505 1998 volentibus,
521 1964 606 2002 895,
628 1974 638 1992 1
664 1965 755 2001 Longe
771 1973 785 1993 a
801 1973 856 1998 me,
872 1973 905 1994 tte

113 2014 313 2048 appropinques
327 2014 405 2046 mihi,
420 2013 482 2048 quia
499 2021 583 2048 purus
598 2020 668 2040 sum.
688 2022 697 2039 ι
718 2012 777 2040 Mali
792 2013 863 2040 enim
879 2017 907 2041 et

113 2060 212 2095 impuri
236 2060 382 2092 daemones,
401 2059 566 2093 persuadent
591 2058 633 2086 his
658 2059 702 2093 qui
728 2066 756 2086 se
780 2059 904 2092 adorant,

113 2107 183 2140 quod
203 2106 252 2132 etsi
275 2105 365 2132 omnia
388 2109 485 2139 praeter
505 2111 610 2138 aequum
634 2107 661 2130 et
683 2103 783 2130 bonum
798 2109 903 2140 .agant,

114 2152 168 2178 imo
193 2151 273 2178 etiam
300 2158 343 2177 res
367 2149 613 2186 inquinatissimas,
637 2148 720 2176 futuri
746 2149 800 2177 sint
825 2150 903 2184 puri,

113 2196 173 2224 face
187 2196 239 2223 illis
253 2196 427 2231 pralucente,
440 2199 465 2222 et
480 2195 542 2229 igne
556 2195 753 2228 circumeunte,
766 2195 808 2223 vel
823 2197 905 2224 etiam

114 2250 244 2277 aquarum
261 2241 438 2273 abstersione,
453 2245 478 2268 et
494 2240 593 2268 fabulis
608 2241 724 2269 anilibus
740 2241 906 2269 incantauti-

957 1640 1195 1677 ὀνειροπομπείοις
1219 1642 1275 1668 τισὶ
1289 1643 1336 1669 καὶ
1353 1643 1494 1678 φάσμασιν
1504 1643 1694 1679 ἀπατώμενοι,
1707 1646 1758 1672 καὶ

956 1687 1010 1714 τῶν
1022 1687 1160 1723 ἐσομένων
1168 1688 1462 1724 πολυπραγμονοῦντες
1471 1690 1521 1725 τὴν
1532 1690 1643 1725 γνῶσιν.
1659 1691 1757 1718 Τοιαῦ-

955 1741 990 1759 τα
1005 1732 1059 1768 γάρ
1074 1732 1135 1765 πώς
1158 1733 1210 1760 εἰσι
1224 1733 1274 1769 τῆς
1288 1734 1343 1761 τῶν
1363 1734 1497 1770 Ἑλλήνων
1519 1736 1695 1772 ἀνοσιότητος
1719 1737 1755 1764 τὰ

956 1779 1112 1815 εὑρήματα.
1134 1780 1195 1806 ὀτι
1210 1780 1239 1807 δὲ
1252 1780 1299 1807 καὶ
1313 1780 1363 1817 τὴν
1388 1781 1436 1808 τοῦ
1453 1782 1536 1817 νόμου
1560 1784 1756 1818 πεπτήκασιν

955 1825 1076 1861 ἐντολὴν,
1094 1826 1274 1854 διαδείκνυσιν
1281 1826 1376 1860 εἰπὼν,
1389 1837 1398 1854 1
1410 1828 1561 1861 Ἐσθίοντες
1569 1830 1637 1865 κρέα
1653 1830 1725 1857 ῦειασ
1742 1840 1752 1857 ι

956 1872 1091 1908 ἀπείρητο
1108 1872 1163 1909 γὰρ
1182 1873 1216 1900 τά
1230 1874 1318 1901 τοιάδε
1331 1875 1388 1906 τοῖς
1400 1873 1429 1908 ἐξ
1453 1876 1571 1912 Ἰσραήλ·
1588 1877 1754 1913 ὲξερῤὁφουν

955 1918 984 1946 δὲ
997 1918 1044 1945 καὶ
1057 1918 1166 1954 ζωμοὺς
1182 1919 1294 1952 θυσιῶν,
1318 1920 1429 1955 ἁπάσης
1446 1921 1618 1958 ἀκαθαρσίας
1633 1923 1757 1958 ἀναπιμ-

956 1964 1098 2000 πλάμενοι,
1112 1965 1160 1992 καὶ
1183 1965 1401 2002 δυσαπότριπτον
1413 1967 1519 2002 ἔχοντες
1530 1968 1684 2004 μολυσμόψ
1693 1968 1755 1996 εἶτα

956 2010 1122 2046 νομίζοντες.
1138 2011 1179 2038 ὄτι
1195 2012 1242 2038 καὶ
1257 2012 1298 2044 είς
1316 2012 1391 2048 λῆξιν
1408 2013 1517 2049 ἀπάσης
1539 2014 1689 2050 ἑληλάκασι
1705 2024 1757 2042 κα-

956 2055 1116 2092 θαρότητος,
1133 2056 1203 2084 ὥστε
1218 2058 1265 2084 καὶ
1277 2057 1367 2092 λέγειν
1378 2060 1434 2090 τοῖς
1444 2060 1528 2093 ἐγγὺς
1544 2057 1614 2087 εἶναι
1629 2060 1757 2088 θέλουσιν

956 2102 1046 2129 αὐτῶν
1061 2111 1068 2118 ·
1089 2112 1098 2128 1
1120 2103 1218 2139 Πόρρω
1233 2103 1281 2130 ἀπ’
1296 2103 1375 2138 ἐμοῦ,
1394 2104 1431 2140 μὴ
1443 2105 1556 2140 enim;
1570 2114 1633 2140 μοι,
1645 2106 1688 2132 ὅτι
1703 2116 1756 2133 κα-

956 2146 1039 2182 θαρός
1054 2147 1123 2183 εἶμι.
1142 2157 1150 2173 ι
1162 2149 1193 2175 Οἱ
1208 2148 1262 2184 γὰρ
1278 2149 1392 2184 πονηροὶ
1407 2150 1455 2176 καὶ
1465 2150 1616 2187 ἀκάθαρτοι
1626 2151 1756 2187 δαίμονες

956 2193 1132 2220 ἀναπείθουσι
1152 2195 1260 2230 φρονεῖν
1280 2195 1343 2227 τοὺς
1363 2195 1582 2230 προσκυνοῦντας
1597 2197 1756 2229 αὐτοῖς,ὃτι

957 2238 1046 2266 πάντα
1058 2239 1185 2274 δρῶντες,
1200 2240 1247 2266 καὶ
1255 2239 1289 2267 τὰ
1306 2240 1378 2276 πέρα
1391 2241 1485 2276 νόμου,
1500 2242 1548 2268 καὶ
1564 2243 1656 2277 πάσης
1667 2244 1757 2270 ἐπιει-

113 2276 174 2317 bus.
187 2289 320 2315 Caeterum
336 2287 393 2314 haec
407 2287 507 2319 omnia,
523 2287 620 2322 inquit,
636 2287 717 2322 impie
732 2291 759 2315 et
773 2287 860 2323 ﬂagitii

1008 2293 1046 2316 ις,
1062 2284 1161 2319 μᾶλλον
1176 2285 1204 2311 δὲ
1214 2285 1249 2312 τὰ
1258 2286 1298 2317 εἰς
1308 2286 1392 2322 ἄκρον
1402 2287 1503 2322 ἥκοντα
1518 2276 1668 2324 μολυσμοῦ,
1679 2288 1755 2316 ἔσον-

113 2335 147 2361 ab
169 2334 221 2361 illis
243 2337 407 2368 perpetrata.
426 2343 435 2359 1
464 2333 564 2360 Fumus
587 2338 650 2361 sunt
673 2332 774 2361 furoris
798 2334 863 2366 mei,
878 2339 906 2361 et

114 2379 183 2415 ignis
200 2378 276 2406 ardet
293 2378 319 2406 in
337 2386 370 2406 eo
384 2378 508 2406 omnibus
524 2378 629 2406 diebus.
650 2388 659 2405 ι
681 2378 788 2406 Scimus
803 2383 905 2412 autem,

112 2431 176 2453 eum
197 2425 267 2458 ignis
289 2425 476 2452 accendendus
497 2429 554 2458 est,
575 2425 677 2453 exoriri
701 2425 777 2459 prius
802 2424 901 2452 fumos.

113 2469 206 2504 Itaque
225 2473 287 2497 ante
307 2469 461 2497 Servatoris
481 2469 636 2502 adventum,
650 2476 711 2496 cum
734 2469 761 2497 in
781 2469 906 2497 sordibus

112 2519 281 2548 versaretur,
296 2522 375 2549 quem
391 2514 471 2542 modo
486 2514 619 2548 diximus,
636 2514 716 2542 l'srael
726 2535 733 2547 ,
749 2514 821 2542 velut
836 2514 903 2542 fumi

113 2560 220 2596 quidam
237 2565 264 2588 et
279 2561 354 2588 initia
371 2561 469 2588 divina;
487 2561 533 2588 ira;
549 2565 741 2596 apparuerunt.
758 2561 903 2596 Postquam

112 2614 177 2633 vero
199 2606 336 2642 prioribus
356 2607 412 2635 suis
432 2607 618 2642 impietatibus
640 2606 801 2634 addiderunt
821 2607 903 2635 etiam

113 2651 349 2680 debaccltationem
371 2652 398 2680 in
418 2653 504 2687 ipsum
522 2653 710 2681 universorum
733 2654 905 2682 Servatorem

112 2702 139 2723 et
164 2695 373 2732 Redemptorem
403 2707 409 2724 :
438 2697 634 2726 interfecerunt
656 2699 728 2726 enim
754 2699 905 2734 principem

112 2742 174 2769 vitae
186 2743 220 2775 ",
237 2742 313 2770 furor
332 2742 429 2770 deinde
450 2750 581 2772 accensus
600 2749 653 2778 est,
671 2749 698 2773 et
720 2746 746 2773 in
768 2744 904 2772 ﬂammam

113 2788 312 2822 quodammodo
328 2787 393 2814 l'umi
410 2789 533 2817 conversi
546 2795 617 2818 sunt.

953 2338 1000 2357 ται
1022 2330 1148 2366 καθαροὶ,
1165 2331 1243 2367 δᾳδὸς
1270 2332 1404 2368 άφθείσης
1424 2333 1488 2369 παρ’
1513 2333 1560 2370 [aL
1577 2334 1632 2370 ἐπ’]
1648 2335 1753 2368 αὐτοῖς,

954 2376 1001 2402 καὶ
1017 2376 1108 2412 κύκλῳ
1124 2377 1209 2413 πυρὸς
1223 2378 1407 2418 περιθέοντες,
1424 2379 1440 2415 ἢ
1455 2381 1526 2416 τάχα
1545 2390 1608 2414 που,
1624 2383 1671 2408 καὶ
1687 2382 1756 2409 ὓδα-

953 2430 1000 2453 τος
1020 2423 1238 2458 ραντισμοῦ,καὶ
1256 2424 1420 2459 μυθολογίας
1441 2427 1636 2463 γραοπρεποῦς
1652 2428 1753 2463 ἐπᾳδο-

956 2467 1038 2503 μένης
1050 2468 1150 2500 αὐτοῖς.
1160 2469 1241 2496 Ἀλλά
1254 2471 1333 2498 ταυτὶ
1347 2471 1493 2506 σύμπαντα
1510 2474 1588 2508 φησὶ,
1607 2473 1642 2500 τά
1653 2474 1755 2500 δυσσε-

957 2513 1012 2545 ϐῶς
1023 2523 1052 2540 τε
1067 2516 1114 2542 καὶ
1128 2516 1243 2548 ἀνοσίως
1264 2519 1329 2552 παρ’
1345 2517 1434 2544 αὐτῶν
1449 2519 1592 2553 γεγονότα’
1610 2529 1619 2545 1
1639 2520 1754 2552 Καπνός

957 2560 1010 2587 εἰσι
1036 2560 1083 2588 τοῦ
1100 2561 1187 2597 θυμοῦ
1203 2571 1265 2598 μου,
1280 2563 1327 2590 καὶ
1345 2563 1399 2600 πῦρ
1408 2564 1514 2592 καίεται
1527 2566 1556 2592 ὲν
1573 2565 1648 2601 αὑτῷ
1661 2566 1754 2599 πάσας

957 2606 1008 2638 τὰς
1021 2607 1136 2642 ἡμέρας.
1159 2618 1168 2634 ι
1186 2609 1280 2644 ’Ίσμεν
1291 2609 1331 2643 δὲ,
1351 2611 1392 2637 ὅτι
1404 2611 1489 2647 πυρὸς
1508 2611 1673 2643 ἐξάπτεσθαι
1689 2612 1754 2647 μέλ-

958 2652 1048 2686 λοντος
1060 2655 1253 2691 προανίσχουσι
1269 2657 1378 2684 καπνοί.
1393 2658 1498 2685 Οὐκοῦν
1513 2659 1566 2694 πρὸ
1583 2659 1632 2694 μὲν
1643 2659 1692 2694 τῆς
1705 2659 1753 2686 τοῦ

957 2699 1084 2736 Σωτῆρος
1098 2701 1256 2737 ἐπιδημίας,
1277 2703 1306 2729 ὲν
1323 2703 1472 2740 μολυσμοῖς
1486 2703 1562 2736 ὄντος
1578 2705 1636 2737 τοῖς
1650 2704 1754 2741 ἀρτίως

956 2745 1022 2780 ἡμῖν
1046 2746 1203 2782 εξρημένοις
1229 2747 1276 2775 τοῦ
1302 2749 1421 2785 Ἰσραὴλ,
1438 2750 1535 2777 καπνοί
1559 2759 1633 2782 τινες
1646 2750 1752 2786 ὥσπερ,

957 2791 1004 2817 καὶ
1021 2791 1104 2827 ἀρχαὶ
1116 2793 1165 2828 τῆς
1180 2793 1255 2826 θείας
1270 2794 1356 2831 ὀργῆς
1381 2795 1564 2829 ἀνεφαίνοντο.
1599 2796 1710 2832 Ἐπειδὴ
1723 2795 1753 2824 δὲ

152 2874 173 2889 δ’
194 2873 245 2901 lsa.
261 2881 308 2906 LII,
326 2875 353 2901 6.
390 2875 412 2891 ⁵⁰
426 2875 481 2903 .lct'.
499 2883 536 2910 x1,
553 2876 593 2904 15.
633 2876 653 2893 "
670 2876 738 2906 Osce
755 2886 790 2912 Iv,
813 2879 854 2906 15.
895 2880 899 2896 ¹

390 2875 412 2891 ⁵⁰
426 2875 481 2903 .lct'.
499 2883 536 2910 XI,
553 2876 593 2904 15.
633 2876 653 2893 "
670 2876 738 2906 Osce
755 2886 790 2912 Iv,
813 2879 854 2906 15.
895 2880 916 2897 ¹²
933 2880 992 2909 Act.
1013 2888 1052 2914 ill,
1070 2880 1109 2908 12;.

1861 145 1868 192 l

1869 222 1873 251 1

1871 282 1878 331 l

1878 361 1881 383 Ν
