1893 3052
61 147 75 174 i
80 145 134 175 $09

611 150 645 178 IN
664 150 779 179 lSAlAM
800 151 865 180 LIB.
888 153 919 181 V.
941 153 1061 182 TOMUS
1081 155 1126 182 γι.

1623 154 1692 182 “l0

59 205 121 236 ταῖς
150 205 294 241 προτέραις
319 207 423 234 ἑαυτῶν
439 207 608 241 δυσσεϐείαις
629 212 850 247 προσεπήγαγον,
871 213 916 239 καὶ
933 213 980 248 τὴν
1008 215 1046 246 εἰς
1080 213 1161 240 αὐτὸν
1194 214 1337 249 παροινίαν
1359 213 1404 240 τδν
1420 212 1474 240 τῶν
1491 213 1560 239 ὅλων
1578 211 1693 248 Σωτῆρα

59 251 110 278 καὶ
132 252 289 288 Δυτρωτήν·
324 254 490 282 ἀπεκτόνασι
514 255 568 291 γὰρ
592 256 637 283 τὸν
657 258 778 294 ἀρχηγὸν
800 259 851 294 τῆς
884 259 966 295 ζωῆς,
989 259 1092 295 ἐξήφθη
1111 259 1201 286 λοιπὸν
1230 260 1244 286 ὁ
1260 259 1355 295 θυμὸς,
1374 260 1422 286 καὶ
1434 260 1473 290 εἰς
1491 258 1576 294 φλόγα
1593 258 1694 294 τρόπον

59 297 123 324 τινὰ
138 298 307 333 μετέστησαν
319 300 343 325 οἱ
358 300 464 328 καπνοί.

101 343 180 372 Ἰδοὺ
190 345 350 378 γέγραπται
365 345 494 374 ἐνώπιόν
501 355 571 381 μου·
586 349 627 376 Οὐ
643 349 787 383 σιωπήσω
797 350 841 378 Emi

939 351 1021 378 Vsus.
1040 350 1071 383 6,
1086 350 1112 378 7.
1129 349 1197 377 Ecce
1214 351 1337 383 scriptum
1354 355 1390 376 est
1409 350 1437 376 in
1455 354 1592 383 conspectu
1610 358 1665 377 meo
1682 357 1692 376 :

57 393 100 420 ἂν
111 392 224 425 ἀποδῶ,
236 393 285 420 καὶ
294 394 495 421 ἀνταποδώσω
506 397 549 429 εἰς
558 395 611 423 τὸν
622 397 738 424 κόλπον
752 399 851 426 αὐτῶν

56 438 114 471 τὰς
135 437 278 472 ἁμαρτίας
302 438 412 470 αὐτῶν,
433 439 483 466 καὶ
507 439 565 466 τῶν
585 440 719 474 πατέρων
740 440 849 474 αὐτῶν,

56 484 142 519 λέγει
157 484 274 517 Κύριος
292 483 320 510 οἳ
332 484 459 519 ἐθυμίων
472 485 521 511 ἐπὶ
536 485 594 512 τῶν
618 486 719 521 ὀρέων,
735 485 785 515 καί
801 487 850 514 ἐπὶ

55 529 120 556 τῶν
131 528 254 562 ,Βουνῶν
277 528 377 557 αὐτῶν
393 529 556 557 ὠνείδισάν
574 540 613 566 με
623 540 630 547 ·
656 532 801 560 ἀποδώσω
814 533 849 560 τά

56 575 131 610 ἔργα
145 575 244 602 αὐτῶν
257 576 300 608 εις
315 575 368 602 τὸν
386 576 503 602 κόλπον
518 576 626 604 αὐτῶν.

95 620 207 655 Ὅμοιον
218 621 256 652 ὡς
267 620 291 646 εί
304 620 389 654 λέγον
404 621 444 647 Τὰ
458 622 498 653 είς
511 621 598 657 λύπην
625 623 694 658 ἐμὴν
718 624 794 659 παρά.
818 633 848 651 τε

55 663 113 691 τῶν
129 664 256 700 πατέρων
266 664 365 696 αὐτῶν,
380 664 426 691 καὶ
441 664 505 700 παρ’
521 665 611 692 αὐτῶν
634 665 749 698 ἀνοσίως
769 675 849 701 γεγε-

55 709 173 745 νημένα,
188 709 328 744 μονονουχὶ
343 710 389 736 καὶ
401 709 431 736 ὲν
444 709 538 737 πίνακι
549 711 728 746 γεγραμμένα
743 711 847 747 θεωρῶ,

54 755 104 782 καὶ
117 756 145 782 ὲν
159 757 216 787 τοῖς
228 756 304 790 ἐμοῖς
321 756 390 782 εἰσιν
400 755 558 791 ὀφθαλμοῖς,
570 756 586 791 ἥ
600 756 658 788 πῶς
674 757 707 783 ἂν
723 757 849 793 ἀνασχοί-

54 809 112 836 μην
127 800 181 827 τῶν
206 800 278 827 οὕτω
303 799 414 832 δεινῶν,
436 801 483 829 καὶ
507 801 709 837 ἀπαρασλήτων
737 802 846 835 κακῶν;

59 845 207 873 ’Δποδώσω
219 846 326 878 πάντως
336 847 376 877 είς
387 846 432 872 τὸν
443 846 543 873 κόλπον
555 847 655 879 αὐτῶν,
667 847 808 883 δεχόμενος
819 848 848 874 ἐν

52 896 179 932 μνήμαις
197 895 243 922 καὶ
256 895 318 927 τοὺς
336 895 458 930 πατέρας
482 895 580 924 αὐτῶν.
596 895 621 922 οἳ
637 895 786 931 ἐθυμίασαν
801 896 846 922 ἐπὶ

49 942 109 968 τῶν
123 941 218 977 ὀρέων,
239 941 285 968 καὶ
308 941 355 967 ἐπὶ
380 940 434 967 τῶν
450 941 562 976 βουνῶν,
590 938 628 968 ὧν
644 941 784 968 ὠνείδισάν
801 950 845 976 με.

58 988 254 1023 Ἐπιτήρησον,
271 987 312 1014 ὅτι
328 986 429 1022 θυμιᾷν
439 987 538 1018 αὐτοὺς
551 987 580 1013 ὲν
592 988 691 1022 κήποις
702 986 786 1014 εἰπὼν
801 989 847 1014 ἐπὶ

48 1034 107 1060 τῶν
135 1034 221 1069 ὀρέων
249 1033 364 1060 καὶτῶν
386 1032 503 1068 βουνῶν,
529 1033 624 1060 ἐνθάδε
653 1033 721 1068 φησι⁹
734 1034 838 1069 κήπους

906 1035 974 1062 dicat
999 1035 1025 1062 in
1050 1036 1188 1063 montibus
1208 1040 1234 1062 et
1258 1035 1372 1062 collibus
1397 1043 1404 1061 :

47 1077 140 1114 οἶμαι,
153 1079 240 1114 λέγων
254 1079 318 1116 τοὺς
331 1079 358 1105 ὲν
368 1079 442 1114 ὄρεσι
456 1079 584 1115 δρυμοὺς,
597 1078 668 1106 καθὰ
680 1081 846 1116 προειρήκα-

49 1133 114 1160 μεν.
126 1124 240 1156 Θύοντες
257 1114 285 1151 δὲ
300 1126 357 1156 τοῖς
376 1124 542 1158 ἀκαθάρτοις
568 1124 702 1160 δαίμοσιν,
719 1114 777 1151 εἶτα
795 1125 844 1161 τὴν

47 1171 231 1207 ὀφειλομένην
245 1171 284 1207 τῷ
297 1171 356 1208 Θεῷ
369 1171 458 1204 δόξαν,
474 1171 565 1205 ὀλίγου
583 1171 723 1204 παντελῶς
738 1171 844 1204 ἀξιοῦν-

45 1225 95 1248 τες
109 1216 198 1250 λόγου,
213 1217 353 1251 μονονουχὶ
369 1217 417 1243 καὶ
427 1216 563 1248 ὠνείδιζον
573 1216 653 1242 αὑτὸν
666 1216 704 1248 ὠς
718 1216 768 1243 οὐκ
778 1216 842 1244 ὄντα

45 1261 127 1288 Θεόν.
143 1262 180 1288 Τὸ
196 1262 248 1297 γὰρ
266 1262 334 1294 ὅλως
348 1263 404 1294 τοῖς
418 1263 469 1288 οὐκ
494 1260 554 1288 οὖσι
580 1261 650 1293 Θεοῖς
664 1262 841 1297 προσκεῖσθαι

46 1306 139 1334 θέλειν
155 1307 230 1333 οὐδὲν
259 1307 351 1343 ἕτερον
368 1307 411 1343 εἴη
427 1307 471 1339 ἂν,
491 1308 559 1343 πλὴν
576 1308 616 1334 ὅτι
632 1307 682 1343 τὴν
699 1307 773 1334 θείαν
795 1307 841 1335 καὶ

44 1353 181 1379 ἀνωτάτω
193 1353 378 1389 περιυϐρίζειν
400 1353 487 1386 δόξαν.
512 1362 521 1379 ς
547 1352 690 1380 ’Δποδώσω
714 1363 723 1378 ι
739 1353 838 1387 τοίνυν,

45 1399 127 1434 φησὶ,
147 1408 156 1424 ι
167 1398 202 1426 τὰ
212 1398 280 1434 ἔργα
297 1399 387 1426 αὐτῶν
401 1400 441 1431 είς
456 1399 500 1425 τὸν
513 1399 613 1426 κόλπον
625 1399 715 1426 αὐτῶν
724 1407 730 1413 ⁸
751 1408 761 1425 ι
773 1400 839 1426 ἀπο-

43 1443 211 1470 πεπτώκασι
225 1444 278 1479 γὰρ
294 1443 395 1478 ἀγαθοῦ
412 1443 511 1475 παντὸς
524 1464 531 1476 ,
544 1444 644 1475 δειναῖς
660 1452 690 1470 τε
710 1444 757 1471 καὶ
773 1443 839 1478 ἀφύ-

44 1498 122 1521 κτοις
133 1489 354 1525 ὲνολισοήσαντες
372 1490 536 1525 συμφοραῖς,
551 1490 631 1516 κακοὶ⁵
640 1489 733 1522 κακῶς
744 1489 837 1516 διολώ-

43 1535 136 1562 λασιν.

77 1581 182 1614 Οῦτως
201 1580 284 1615 λέγει
301 1581 419 1616 Κύριος-ο
443 1582 498 1608 Ὃν
512 1582 624 1616 τρόπον
644 1581 836 1616 εὑρεθήσεται

38 1626 101 1660 ρὰξ
115 1626 199 1659 ἐντῷ
210 1627 330 1660 βότρυτ,
350 1629 398 1654 καὶ
411 1627 525 1661 ἐροῦσι·
537 1627 585 1662 Μὴ
598 1627 718 1662 λυμήνῃ
729 1628 833 1661 αὑτὸν,

41 1671 89 1699 ὅτι
107 1672 231 1706 εὐλοτία
249 1672 332 1699 ἐστίν
350 1672 385 1699 ἐν
405 1672 582 1706 αὐτῷ-οὓτω
597 1674 714 1707 ποιήσω
729 1674 835 1701 ἕνεκεν

906 395 967 423 Non
992 396 1092 427 tacebo,
1109 396 1190 422 donec
1213 396 1320 422 reddam
1343 400 1368 422 et
1392 395 1534 422 retribuam
1557 395 1583 421 in
1606 395 1692 422 sinum

902 450 991 468 eorum
1003 446 1108 475 peccata
1122 450 1180 473 sua,
1191 446 1215 467 et
1227 446 1334 473 patravit
1347 449 1463 472 suorum,
1476 441 1539 466 dicit
1553 440 1690 468 Dominus.

904 487 955 519 Qui
971 486 1108 513 adolebant
1123 487 1256 513 incensum
1271 494 1347 519 super
1360 491 1469 518 montes,
1483 491 1506 512 et
1523 493 1601 520 ευμεν
1614 485 1692 513 calle:

901 533 1004 566 probris
1020 532 1161 567 a/fecerunt
1175 540 1225 558 me.
1237 531 1355 558 Reddam
1371 540 1448 564 opera
1460 539 1549 558 eorum
1565 531 1591 557 in
1604 531 1692 558 sinum

901 584 987 603 ιιιιιιη.

936 621 1053 649 Perinde
1069 626 1110 649 est
1125 629 1156 649 ac
1172 622 1193 649 si
1212 622 1286 649 dicat
1304 631 1310 649 :
1330 622 1394 654 Qum
1412 629 1472 648 cum
1496 620 1644 649 oll‘ensione
1663 625 1691 647 et

902 667 993 695 dolore
1008 675 1068 695 meo
1083 675 1098 694 a
1112 669 1234 702 patribus
1249 674 1341 695 eorum
1356 673 1382 695 et
1396 669 1429 696 ab
1445 668 1509 702 ipsis
1523 667 1605 701 impie
1618 667 1689 694 facta

901 717 972 745 sunt,
988 714 1184 748 propemodum
1201 713 1227 740 in
1245 714 1334 741 tabula
1351 714 1454 748 depicta
1469 713 1647 748 contemplor,
1660 718 1689 740 et

899 759 1083 787 obversantur
1100 760 1168 787 meis
1185 759 1280 787 oculis.
1295 759 1434 792 Quomodo
1451 759 1507 786 haec
1525 764 1580 786 tam
1597 758 1688 792 gravia

899 809 926 833 et
940 806 1146 833 inconsolabilia
1163 806 1232 833 mala
1247 806 1301 840 pati
1317 805 1427 840 potero?
1444 805 1563 833 Reddam
1579 807 1689 833 omnino

900 850 926 877 in
954 851 1044 878 sinum
1070 858 1182 883 eorum,
1208 852 1338 878 memoria
1365 851 1446 878 etiam
1476 856 1573 879 tenens
1598 857 1689 887 patres

898 904 1007 929 eorum,
1025 897 1070 932 qui
1092 897 1242 925 sullimenta
1265 897 1386 924 fecerant
1409 897 1434 924 in
1459 898 1594 925 montibus
1614 902 1641 925 et
1660 897 1688 924 in

898 942 1027 975 collibus,
1049 943 1149 977 quibus
1174 943 1281 977 probris
1304 942 1452 970 all'ecerunt
1476 951 1527 970 me.
1549 942 1686 976 Observa,

900 989 970 1023 quod
987 996 1047 1015 cum
1063 989 1163 1016 dixerit
1179 989 1239 1015 illos
1251 987 1354 1015 sumtus
1367 988 1474 1016 adolere
1491 988 1517 1015 in
1532 989 1630 1020 hortis,
1644 989 1688 1016 hie

1431 1035 1522 1062 hortos
1531 1054 1538 1067 ,
1557 1035 1685 1066 arbitror,

898 1089 1015 1114 vocans,
1032 1081 1113 1109 silvas
1135 1082 1161 1108 in
1186 1082 1338 1113 montibus,
1356 1080 1581 1115 quemadmodum
1605 1087 1686 1114 supra

897 1127 1026 1155 diximus.
1043 1126 1235 1155 Sacriﬁcautes
1257 1131 1346 1154 autem
1370 1125 1482 1160 impuris
1503 1125 1683 1157 daemonibus,

897 1172 993 1200 deinde
1013 1173 1126 1208 gloriam
1145 1172 1201 1199 Deo
1217 1173 1334 1200 debitam
1353 1171 1454 1199 minimi
1472 1170 1613 1202 facientes,
1628 1174 1687 1197 tan-

897 1223 952 1244 tum
967 1226 1019 1245 non
1036 1219 1141 1254 probris
1156 1226 1230 1251 eum,
1241 1218 1352 1253 perinde
1367 1226 1398 1245 ac
1414 1217 1435 1244 si
1451 1217 1521 1244 Deus
1535 1224 1587 1243 non
1601 1220 1685 1247 esset.

896 1263 1053 1292 alIecerunt.
1072 1264 1146 1292 Velle
1164 1265 1235 1292 enim
1257 1265 1282 1291 in
1306 1269 1390 1291 totum
1414 1270 1467 1290 non
1491 1263 1542 1289 diis
1565 1262 1686 1289 adhaare-

894 1314 986 1340 scere,
1004 1308 1072 1335 nihil
1092 1309 1163 1336 aliud
1184 1314 1240 1342 est,
1258 1315 1338 1343 quam
1354 1308 1472 1335 divinam
1486 1311 1514 1334 ct
1532 1313 1684 1341 supremam

893 1352 1063 1386 majestatem
1077 1361 1266 1388 conspurcare.
1280 1363 1289 1379 ι
1307 1352 1426 1380 Reddam
1443 1361 1452 1378 ›
1481 1352 1573 1385 igitur,
1586 1350 1683 1384 inquit,

895 1408 904 1424 ι
929 1405 1009 1433 opera
1030 1406 1124 1426 eorum
1146 1400 1172 1426 in
1195 1399 1284 1426 sinum
1307 1406 1396 1426 suum.
1417 1407 1426 1424 ι
1448 1396 1531 1432 895
1550 1396 1590 1424 Ab
1610 1396 1684 1423 omni

891 1444 962 1471 enim
975 1444 1043 1471 bono
1051 1445 1218 1476 deciderunt,
1234 1444 1374 1479 illapsique
1389 1444 1414 1471 in
1424 1450 1520 1478 graves
1530 1446 1557 1470 et
1571 1441 1685 1469 inevita-

890 1489 959 1517 biles
973 1489 1150 1524 calamitates,
1167 1491 1230 1518 mali
1245 1490 1314 1518 male
1329 1490 1478 1526 perierunt.
1690 1489 1694 1511 ἶ

927 1580 1006 1608 Vsus.
1020 1581 1047 1613 8,
1063 1580 1090 1609 9.
1110 1580 1154 1608 Sic
1174 1581 1238 1607 dicit
1262 1580 1411 1607 Dominus:
1431 1578 1489 1612 Quo
1505 1578 1582 1605 modo
1614 1578 1686 1604 inve.

889 1626 976 1653 nietur
986 1627 1091 1654 acinum
1103 1627 1130 1653 in
1139 1627 1254 1658 botro.et
1261 1627 1345 1653 dicent
1358 1620 1364 1641 ί
1378 1625 1420 1653 Ne
1428 1625 1521 1660 perdat
1534 1625 1611 1658 illud,
1622 1626 1683 1660 quia

889 1672 1033 1699 benedictio
1041 1678 1079 1699 est
1096 1673 1122 1699 in
1136 1680 1186 1699 eo:
1201 1673 1238 1699 sic
1249 1673 1346 1707 faciant
1362 1677 1466 1706 propter
1475 1680 1533 1698 eum
1545 1672 1590 1706 qui
1605 1673 1683 1698 servit

41 1718 98 1745 τοῦ
113 1717 313 1751 δουλεύοντός
325 1727 383 1752 μοι.
402 1720 511 1746 Τούτου
524 1719 614 1746 ἕνεκα
623 1721 659 1747 οὐ
671 1720 714 1755 μὴ
729 1721 838 1748 duale-

906 1718 966 1750 tibi,
978 1718 1054 1752 cujus
1079 1726 1160 1744 causa
1176 1726 1225 1745 non
1237 1718 1344 1753 perdam
1362 1726 1460 1745 omnes.
1484 1718 1517 1744 Et
1536 1718 1628 1745 tollant
1650 1726 1683 1745 ea:

41 1772 89 1791 σω
108 1764 236 1797 πάντας.
249 1764 304 1791 Καὶ
321 1764 417 1798 ἐξαρῶ
430 1765 463 1791 τό
479 1765 514 1798 ἐξ
534 1765 638 1793 Ἰακὼό
647 1766 774 1801 σπέρμα,
788 1767 839 1795 καί

39 1811 76 1837 τὸ
93 1810 130 1843 ἐξ
149 1810 255 1844 Ἰούδα,
271 1810 319 1837 καὶ
338 1811 560 1846 κληρονομήσει
575 1812 607 1838 τὸ
619 1811 687 1845 ὅρος
702 1812 734 1838 τὸ
753 1812 840 1847 ἅγιόν

37 1863 114 1889 μου.
134 1854 185 1882 καί
199 1854 485 1890 κληρονομήσουσιν
512 1856 540 1882 οι
561 1855 716 1888 ἐκλεκτοί,
737 1856 787 1883 καί
811 1858 839 1884 οἱ

40 1900 154 1928 δοῦλοί
166 1909 237 1935 μου,
253 1900 302 1927 καί
313 1900 553 1934 κατοικήσουσιν
568 1900 639 1927 ἐκεῖ.

84 1944 239 1981 Ἐπηνέχθη
256 1945 305 1981 μὲν
326 1945 463 1977 Ἰουδαίοις
479 1942 519 1972 ’τὰ
534 1947 566 1973 ἐκ
580 1946 656 1978 θείας
674 1946 758 1982 ὀργῆς
769 1968 776 1980 ,
792 1947 839 1973 καὶ

42 1990 227 2025 ἰσοστάθμους
241 1992 297 2023 τοῖς
314 1990 416 2018 ἑαυτῶν
431 1991 663 2028 πλημμελήμασιν
684 1992 838 2020 ὲκτετίκασι

39 2037 134 2069 δίκας,
148 2037 218 2072 πλὴν
232 2037 282 2064 οὐκ
298 2037 383 2073 ἄρδην
398 2037 517 2070 ἅπαντες
533 2059 541 2071 ,
560 2039 606 2065 καὶ
622 2037 786 2073 ὰδιακρίτως
799 2038 840 2064 δι-

39 2082 172 2109 ολώλασι.
182 2081 290 2114 Δίκαιος
298 2082 351 2118 γὰρ
359 2083 372 2109 ὁ
383 2083 488 2118 κριτὴς,
500 2083 546 2112 καὶ
562 2084 612 2110 οὐκ
624 2083 658 2110 ἂν
666 2085 720 2115 τοῖς
728 2084 839 2110 ἀσεϐέσι

41 2127 228 2155 συναπολέσαι
241 2128 306 2159 τοὺς
325 2128 444 2162 ἀγαθούς
454 2136 460 2142 ·
470 2129 562 2155 είκόνα
573 2128 602 2155 δὲ
616 2128 709 2164 ὥσπερ
723 2130 839 2155 ποιεῖται

38 2174 187 2210 λαμπρὰν,
195 2174 242 2201 καὶ
253 2176 283 2201 έν
296 2174 372 2208 τάξει
387 2175 606 2210 παραδείγματος
615 2174 721 2210 δέχεται
730 2174 837 2210 βότρυν,

41 2221 110 2256 μιᾶς
125 2220 155 2246 ἐν
171 2219 246 2255 αὐτῷ
266 2219 423 2256 σωζομένης
445 2220 545 2256 ραγὺς,
567 2220 655 2247 καίτοι
679 2220 733 2247 τῶν
750 2220 839 2248 ἄλλων

38 2266 289 2302 τεθαυμασμένων·
303 2264 363 2293 εἶτα
375 2267 421 2293 τὴν
429 2266 557 2302 γηπόνον,
568 2266 651 2302 ἤγουν
665 2266 711 2292 τὸν
725 2266 771 2292 τοῦ
786 2275 839 2301 χω-

40 2313 101 2348 ρίου
115 2311 251 2347 δεσπότην
266 2312 418 2347 εἰσκομίζει
432 2312 546 2346 λέγοντά
561 2320 627 2338 τινι·
648 2321 656 2338 ι
673 2312 718 2348 Μὴ
731 2312 839 2348 λυμήνῃ

39 2359 136 2392 αὐτὸν,
154 2358 196 2385 ὅτι
221 2357 331 2392 εὐλογία
354 2358 428 2385 ἐστὶν
445 2359 474 2384 ὲν
488 2358 562 2393 αὐτῷ
573 2366 579 2372 ·
595 2357 666 2385 οὕτω
686 2359 799 2393 ποιήσω,
823 2367 833 2384 ι

39 2405 137 2439 φησὶν,
165 2414 172 2428 ι
191 2403 285 2430 ἕνεκεν
303 2403 350 2430 τοῦ
375 2403 546 2436 δουλεύοντάς
574 2413 631 2439 μοι,
662 2404 833 2435 »τουτέστίῆ

38 2449 297 2486 ἁκριϐείᾳτοσαύτῃ
308 2450 490 2485 κεχρήσομαι,
503 2449 574 2476 ὥστε
589 2451 641 2476 κᾶν
655 2450 685 2476 ὲν
696 2450 771 2476 πόλει
785 2450 836 2486 μιᾷ

38 2496 94 2522 τῶν
106 2495 199 2523 ἄλλων
206 2495 333 2523 ἁπάντων
348 2495 554 2522 ἀπονευσάντων
563 2497 602 2527 εὶς
611 2496 641 2522 τὸ
653 2495 783 2531 ἐξίτηλον,
795 2494 834 2528 εἷς

38 2543 86 2569 καὶ
104 2542 187 2578 μόνος
199 2542 359 2578 εὑρίσκηται
374 2542 479 2575 πιστὸς,
496 2543 542 2569 καὶ
556 2543 671 2577 εὐήνιος,
686 2541 763 2574 οὗτος
773 2543 835 2569 τεύ-

38 2588 117 2621 ξεται
137 2586 255 2622 φειδοῦς,
274 2587 321 2614 καὶ
336 2587 386 2613 οὐκ
400 2585 434 2613 ἂν
451 2588 508 2618 τοῖς
524 2587 627 2622 ἑτέροις
645 2587 834 2621 συγκινδυνεύ-

39 2643 96 2661 σειε
111 2634 175 2661 καθ’
189 2630 227 2661 ὧν
241 2633 274 2661 ἂν
300 2633 334 2660 [ot
348 2633 378 2660 τὸ
393 2633 479 2669 κρίμα
505 2633 624 2665 δικαίως.
645 2643 654 2659 ι
675 2634 711 2661 οὐ
726 2634 780 2669 γὰρ
794 2635 832 2670 μὴ

38 2678 168 2705 ἀπολέσω
183 2678 296 2710 πάντας,
315 2687 325 2704 ι
344 2678 421 2713 φησι.
449 2678 587 2714 Κατέθορε
609 2678 664 2715 γὰρ
676 2679 770 2714 ὥσπερ
783 2681 833 2714 τῆς

44 2724 184 2751 Ἰουδαίων
197 2723 356 2756 ἀλαζονείας
370 2724 385 2749 ὀ
399 2723 446 2749 τοῦ
461 2723 565 2759 Κυρίου
579 2723 676 2758 θυμὸς,
691 2725 833 2760 μονονουχὶ

37 2769 222 2804 καταφλέγων
238 2768 284 2795 τὸν
303 2768 403 2804 ἀπειθῆ
425 2768 471 2795 καὶ
485 2768 653 2802 δυσάγωγον·
674 2769 790 2802 ἐσώζετο
803 2770 832 2797 δὲ

38 2815 154 2851 προνοίᾳ
164 2814 243 2848 Θεοῦ,
259 2816 312 2847 πᾶς
327 2815 404 2846 εἴτις
420 2811 454 2849 ἦν
472 2815 502 2841 ἑν
519 2814 612 2847 αὐτοῖς
632 2815 680 2850 τῆς
703 2816 747 2842 διὰ
766 2817 832 2852 Χρι-

38 2860 105 2888 στοῦ
120 2860 256 2896 σωτηρίας
269 2860 344 2892 ἄξιος
356 2867 363 2875 ·
383 2859 429 2886 καὶ
453 2859 519 2893 γοῦν
533 2860 547 2886 ὀ
562 2859 704 2892 θεσπέσιος
728 2860 832 2893 Παῦλος

890 1764 973 1791 Iacob
988 1772 1085 1797 semen,
1099 1769 1123 1791 et
1134 1772 1166 1791 ex
1181 1763 1263 1795 Iuda,
1280 1769 1303 1790 et
1322 1764 1485 1792 haereditabit
1503 1769 1615 1791 montem
1623 1773 1682 1791 sau-

890 1814 961 1836 ctum
978 1817 1075 1838 meum.
1096 1809 1130 1836 Et
1145 1809 1336 1837 Itwreditabunt
1355 1808 1431 1836 electi
1447 1813 1472 1836 et
1489 1809 1556 1836 serti
1569 1810 1630 1841 mei,
1656 1815 1681 1836 et

890 1855 1046 1882 habitabant
1060 1855 1107 1882 ibi.

925 1943 1019 1970 Divina
1034 1943 1073 1970 ira
1083 1942 1288 1971 Judmisinﬂicta
1299 1948 1351 1976 est,
1367 1948 1394 1970 et
1402 1943 1497 1979 dignas
1509 1951 1557 1979 pro
1574 1944 1679 1971 ratione

889 1987 1048 2016 delictorum
1064 1996 1160 2023 ρωπος
1174 1989 1317 2017 dederunt.
1348 1989 1449 2017 Verum
1480 1997 1533 2017 non
1557 1989 1680 2016 funditus

889 2041 984 2062 omnes
997 2038 1024 2062 et
1042 2035 1101 2062 sine
1126 2035 1282 2062 discrimine
1309 2036 1458 2070 perierunt.
1487 2035 1580 2063 Justus
1604 2036 1675 2062 enim

886 2078 968 2112 judex
983 2084 1035 2113 est,
1053 2089 1102 2116 nec
1116 2088 1177 2109 cum
1194 2081 1284 2116 impiis
1300 2081 1380 2109 simul
1397 2082 1593 2116 perdethonos.
1615 2081 1677 2108 Illu-

888 2129 972 2152 slrem
995 2114 1101 2153 autem.
1117 2127 1226 2155 adhibet
1240 2128 1316 2163 quasi
1338 2127 1493 2163 imaginem,
1507 2132 1535 2154 et
1561 2127 1676 2161 exempli

889 2169 948 2197 loco
963 2171 1044 2197 sumit
1074 2171 1193 2205 botrum,
1213 2180 1266 2199 uno
1295 2173 1373 2200 acino
1401 2177 1520 2204 servato,
1548 2172 1589 2199 vel
1616 2172 1677 2198 aliis

889 2215 1137 2243 admirabilioribus
1159 2221 1187 2244 et
1211 2217 1414 2252 insignioribus.
1443 2217 1545 2244 Deinde
1570 2217 1676 2252 agrico-

889 2260 953 2294 lam,
969 2260 1010 2287 vel
1022 2260 1158 2288 dominum
1174 2261 1266 2296 praedii
1283 2261 1385 2288 inducit
1398 2261 1531 2289 dicentem
1545 2261 1650 2288 cuidam
1666 2269 1674 2288 :

892 2316 902 2333 ι
923 2306 962 2334 Ne
982 2307 1078 2342 perdas
1097 2314 1169 2339 eum,
1195 2307 1258 2342 quia
1277 2307 1428 2334 benedictio
1443 2311 1485 2334 est
1503 2307 1528 2333 in
1544 2314 1577 2334 eo
1594 2316 1602 2334 :
1636 2307 1676 2334 sic

889 2352 996 2386 faciam,
1019 2362 1028 2378 ι
1047 2352 1143 2387 inquit,
1163 2361 1173 2378 ι
1192 2357 1302 2387 propter
1326 2360 1388 2380 eum
1403 2353 1450 2386 qui
1472 2353 1556 2380 servit
1570 2353 1647 2385 mihi,
1663 2362 1673 2378 ι

890 2399 915 2426 id
932 2404 984 2430 est,
1004 2398 1071 2426 adeo
1086 2398 1198 2433 praecise
1211 2405 1299 2433 agam,
1319 2402 1347 2425 ut
1360 2399 1464 2425 etiamsi
1482 2399 1507 2424 in
1532 2406 1583 2425 una
1609 2398 1675 2425 civi-

890 2450 943 2472 tate
956 2445 1000 2472 alii
1017 2452 1112 2472 omnes
1127 2444 1160 2471 ad
1200 2444 1332 2478 ignaviam
1365 2444 1508 2476 declinent,
1536 2444 1559 2471 si
1584 2449 1673 2471 tamen

889 2499 960 2518 unus
972 2491 1045 2518 solus
1065 2490 1218 2517 inveniatur
1234 2489 1320 2517 ﬁdelis
1338 2494 1365 2516 et
1379 2496 1480 2524 sequax
1492 2509 1500 2522 ,
1534 2490 1578 2516 hic
1605 2497 1674 2517 con-

887 2543 1016 2572 sequetur
1041 2537 1271 2568 ntisericordiam,
1294 2540 1322 2563 et
1343 2543 1403 2562 curn
1428 2535 1487 2562 aliis
1514 2535 1541 2562 in
1569 2535 1674 2570 pericu-

888 2584 942 2610 lutn
968 2591 1020 2611 non
1037 2583 1190 2614 vocabitur,
1215 2581 1313 2616 quibus
1338 2580 1411 2614 juste
1428 2580 1576 2606 intentatur
1602 2579 1674 2612 judi-

887 2630 971 2657 cium.
996 2638 1005 2654 ι
1020 2628 1077 2656 Νοη
1092 2628 1164 2656 enim
1181 2628 1289 2662 perdant
1304 2634 1409 2658 omnes,
1427 2635 1437 2651 ι
1463 2626 1559 2659 inquit.
1576 2625 1673 2652 lnsiliit

886 2676 957 2703 enim
976 2675 1057 2702 veluti
1074 2679 1168 2702 contra
1189 2671 1536 2708 .ludaeorumarrogantiam
1564 2671 1672 2698 Domini

886 2722 971 2753 furor,
990 2726 1094 2749 tantum
1120 2729 1172 2748 non
1186 2721 1347 2748 comburens
1363 2719 1560 2747 inobedicntem
1575 2723 1603 2745 et
1629 2725 1681 2759 re-‘

885 2769 1055 2796 fractarium.
1070 2767 1104 2794 At
1119 2767 1287 2802 providentia
1307 2766 1354 2794 Dei
1375 2771 1498 2793 servatus
1523 2768 1575 2797 cst,
1594 2763 1671 2798 quis-

886 2814 947 2849 quis
963 2814 1032 2841 inter
1046 2814 1107 2842 illos
1121 2819 1179 2842 erat
1203 2814 1290 2841 salute
1321 2821 1369 2849 per
1397 2811 1534 2840 Christum
1561 2809 1681 2844 dignus.’

886 2859 1018 2888 Nimirum
1033 2860 1140 2889 divinus
1159 2859 1257 2889 Paulus
1277 2864 1415 2896 capturum
1440 2858 1587 2887 secundum
1616 2855 1670 2883 ele-
