  <div class='ocr_page' id='page_1' title='image "/cluster/home/n/w/nwhite01/storage/ocr_20150623/70/njp.32101077772737/821.png"; bbox 0 0 1893 3052; ppageno 0'>
   <div class='ocr_carea' id='block_1_1' title="bbox 217 120 283 148">
    <p class='ocr_par' dir='ltr' id='par_1_1' title="bbox 217 120 283 148">
     <span class='ocr_line' id='line_1_1' title="bbox 217 120 283 148; baseline 0.015 -1"><span class='ocrx_word' id='word_1_1' title='bbox 217 120 283 148; x_wconf 75' lang='lat' dir='ltr'><strong>MM</strong></span> 
     </span>
    </p>
   </div>
   <div class='ocr_carea' id='block_1_2' title="bbox 724 109 1352 143">
    <p class='ocr_par' dir='ltr' id='par_1_2' title="bbox 724 109 1352 143">
     <span class='ocr_line' id='line_1_2' title="bbox 724 109 1352 143; baseline -0.01 0"><span class='ocrx_word' id='word_1_2' title='bbox 724 115 753 143; x_wconf 88' lang='lat' dir='ltr'><strong>S.</strong></span> <span class='ocrx_word' id='word_1_3' title='bbox 775 113 914 142; x_wconf 78' lang='lat' dir='ltr'><strong>CYRILLI</strong></span> <span class='ocrx_word' id='word_1_4' title='bbox 935 109 1169 139; x_wconf 71' lang='lat' dir='ltr'><strong>ALEXANDRINI</strong></span> <span class='ocrx_word' id='word_1_5' title='bbox 1191 109 1352 137; x_wconf 75' lang='lat' dir='ltr'><strong>ARCIIIEP.</strong></span> 
     </span>
    </p>
   </div>
   <div class='ocr_carea' id='block_1_3' title="bbox 1774 109 1837 138">
    <p class='ocr_par' dir='ltr' id='par_1_3' title="bbox 1774 109 1837 138">
     <span class='ocr_line' id='line_1_3' title="bbox 1774 109 1837 138; baseline 0.032 -2"><span class='ocrx_word' id='word_1_6' title='bbox 1774 109 1837 138; x_wconf 71' lang='lat'><strong>“1?.</strong></span> 
     </span>
    </p>
   </div>
   <div class='ocr_carea' id='block_1_4' title="bbox 212 165 994 212">
    <p class='ocr_par' dir='ltr' id='par_1_4' title="bbox 212 171 994 212">
     <span class='ocr_line' id='line_1_4' title="bbox 212 171 994 212; baseline -0.01 -8"><span class='ocrx_word' id='word_1_7' title='bbox 212 178 331 206; x_wconf 75' lang='lat' dir='ltr'><strong>clientem</strong></span> <span class='ocrx_word' id='word_1_8' title='bbox 363 176 458 212; x_wconf 50' lang='lat' dir='ltr'><strong>gratim</strong></span> <span class='ocrx_word' id='word_1_9' title='bbox 500 177 596 202; x_wconf 79' lang='lat' dir='ltr'><strong>laetam</strong></span> <span class='ocrx_word' id='word_1_10' title='bbox 630 173 713 202; x_wconf 82' lang='lat' dir='ltr'><strong>fuisse</strong></span> <span class='ocrx_word' id='word_1_11' title='bbox 728 173 802 206; x_wconf 85' lang='lat' dir='ltr'><strong>dicit,</strong></span> <span class='ocrx_word' id='word_1_12' title='bbox 830 176 858 200; x_wconf 84' lang='lat' dir='ltr'><strong>et</strong></span> <span class='ocrx_word' id='word_1_13' title='bbox 895 171 994 199; x_wconf 82' lang='lat' dir='ltr'><strong>delectu</strong></span> 
     </span>
    </p>
   </div>
   <div class='ocr_carea' id='block_1_5' title="bbox 1084 165 1840 212">
    <p class='ocr_par' dir='ltr' id='par_1_5' title="bbox 1088 165 1840 202">
     <span class='ocr_line' id='line_1_5' title="bbox 1088 165 1840 202; baseline -0.003 -9"><span class='ocrx_word' id='word_1_14' title='bbox 1088 175 1148 202; x_wconf 88' lang='grc' dir='ltr'><strong>μμα</strong></span> <span class='ocrx_word' id='word_1_15' title='bbox 1176 167 1236 192; x_wconf 78' lang='grc' dir='ltr'>κατ’</span> <span class='ocrx_word' id='word_1_16' title='bbox 1267 165 1384 200; x_wconf 65' lang='grc' dir='ltr'>ἐκλογὴν</span> <span class='ocrx_word' id='word_1_17' title='bbox 1408 165 1518 200; x_wconf 70' lang='grc' dir='ltr'>χάριτος</span> <span class='ocrx_word' id='word_1_18' title='bbox 1545 165 1671 200; x_wconf 81' lang='grc' dir='ltr'>γενέσθαι</span> <span class='ocrx_word' id='word_1_19' title='bbox 1700 166 1769 201; x_wconf 65' lang='grc' dir='ltr'>φησι</span> <span class='ocrx_word' id='word_1_20' title='bbox 1798 167 1840 193; x_wconf 77' lang='grc' dir='ltr'><strong>καί</strong></span> 
     </span>
    </p>
   </div>
   <div class='ocr_carea' id='block_1_6' title="bbox 212 217 998 255">
    <p class='ocr_par' dir='ltr' id='par_1_6' title="bbox 212 217 998 255">
     <span class='ocr_line' id='line_1_6' title="bbox 212 217 998 255; baseline -0.01 -5"><span class='ocrx_word' id='word_1_21' title='bbox 212 224 286 251; x_wconf 81' lang='lat' dir='ltr'><strong>velut</strong></span> <span class='ocrx_word' id='word_1_22' title='bbox 299 231 332 250; x_wconf 77' lang='lat' dir='ltr'><strong>ex</strong></span> <span class='ocrx_word' id='word_1_23' title='bbox 350 222 424 249; x_wconf 81' lang='lat' dir='ltr'><strong>amni</strong></span> <span class='ocrx_word' id='word_1_24' title='bbox 460 221 614 248; x_wconf 68' lang='lat' dir='ltr'><strong>JUthOl&#39;llm</strong></span> <span class='ocrx_word' id='word_1_25' title='bbox 627 220 736 255; x_wconf 82' lang='lat' dir='ltr'><strong>regione</strong></span> <span class='ocrx_word' id='word_1_26' title='bbox 751 218 856 249; x_wconf 80' lang='lat' dir='ltr'><strong>habito,</strong></span> <span class='ocrx_word' id='word_1_27' title='bbox 870 217 998 251; x_wconf 88' lang='lat' dir='ltr'><strong>reliquias</strong></span> 
     </span>
    </p>
   </div>
   <div class='ocr_carea' id='block_1_7' title="bbox 212 263 994 300">
    <p class='ocr_par' dir='ltr' id='par_1_7' title="bbox 212 263 994 300">
     <span class='ocr_line' id='line_1_7' title="bbox 212 263 994 300; baseline -0.01 -5"><span class='ocrx_word' id='word_1_28' title='bbox 212 268 318 296; x_wconf 86' lang='lat' dir='ltr'><strong>lsraelis</strong></span> <span class='ocrx_word' id='word_1_29' title='bbox 338 268 370 294; x_wconf 88' lang='lat' dir='ltr'><strong>ad</strong></span> <span class='ocrx_word' id='word_1_30' title='bbox 390 267 468 294; x_wconf 81' lang='lat' dir='ltr'><strong>iidem</strong></span> <span class='ocrx_word' id='word_1_31' title='bbox 481 266 600 293; x_wconf 72' lang='lat' dir='ltr'><strong>irretitus</strong></span> <span class='ocrx_word' id='word_1_32' title='bbox 614 271 641 293; x_wconf 88' lang='lat' dir='ltr'><strong>et</strong></span> <span class='ocrx_word' id='word_1_33' title='bbox 655 265 814 300; x_wconf 87' lang='lat' dir='ltr'><strong>illaqueatas</strong></span> <span class='ocrx_word' id='word_1_34' title='bbox 826 264 859 291; x_wconf 84' lang='grc'><strong>⁵³.</strong></span> <span class='ocrx_word' id='word_1_35' title='bbox 891 272 900 288; x_wconf 95' lang='lat'><strong>1</strong></span> <span class='ocrx_word' id='word_1_36' title='bbox 913 263 972 288; x_wconf 85' lang='lat' dir='ltr'><strong>Non</strong></span> <span class='ocrx_word' id='word_1_37' title='bbox 985 271 994 287; x_wconf 72' lang='grc' dir='ltr'><strong>ι</strong></span> 
     </span>
    </p>
   </div>
   <div class='ocr_carea' id='block_1_8' title="bbox 211 307 997 347">
    <p class='ocr_par' dir='ltr' id='par_1_8' title="bbox 211 307 997 347">
     <span class='ocr_line' id='line_1_8' title="bbox 211 307 997 347; baseline -0.006 -7"><span class='ocrx_word' id='word_1_38' title='bbox 211 320 285 347; x_wconf 85' lang='lat' dir='ltr'><strong>ergo,</strong></span> <span class='ocrx_word' id='word_1_39' title='bbox 302 312 397 346; x_wconf 87' lang='lat' dir='ltr'><strong>inquit,</strong></span> <span class='ocrx_word' id='word_1_40' title='bbox 412 321 421 337; x_wconf 86' lang='lat'><strong>1</strong></span> <span class='ocrx_word' id='word_1_41' title='bbox 439 312 548 346; x_wconf 85' lang='lat' dir='ltr'><strong>perdant</strong></span> <span class='ocrx_word' id='word_1_42' title='bbox 569 318 675 344; x_wconf 90' lang='lat' dir='ltr'><strong>omnes,</strong></span> <span class='ocrx_word' id='word_1_43' title='bbox 692 311 738 338; x_wconf 88' lang='lat' dir='ltr'><strong>sed</strong></span> <span class='ocrx_word' id='word_1_44' title='bbox 755 310 844 337; x_wconf 92' lang='lat' dir='ltr'><strong>tollam</strong></span> <span class='ocrx_word' id='word_1_45' title='bbox 862 316 894 336; x_wconf 86' lang='lat' dir='ltr'><strong>ex</strong></span> <span class='ocrx_word' id='word_1_46' title='bbox 914 307 997 336; x_wconf 68' lang='lat' dir='ltr'><strong>Iacob</strong></span> 
     </span>
    </p>
   </div>
   <div class='ocr_carea' id='block_1_9' title="bbox 210 355 997 390">
    <p class='ocr_par' dir='ltr' id='par_1_9' title="bbox 210 355 997 390">
     <span class='ocr_line' id='line_1_9' title="bbox 210 355 997 390; baseline -0.005 -5"><span class='ocrx_word' id='word_1_47' title='bbox 210 365 302 386; x_wconf 85' lang='lat' dir='ltr'><strong>semen</strong></span> <span class='ocrx_word' id='word_1_48' title='bbox 320 362 346 385; x_wconf 90' lang='lat' dir='ltr'><strong>et</strong></span> <span class='ocrx_word' id='word_1_49' title='bbox 361 364 393 384; x_wconf 77' lang='lat' dir='ltr'><strong>ex</strong></span> <span class='ocrx_word' id='word_1_50' title='bbox 407 358 486 384; x_wconf 80' lang='lat' dir='ltr'><strong>Juda.</strong></span> <span class='ocrx_word' id='word_1_51' title='bbox 504 367 513 383; x_wconf 75' lang='grc' dir='ltr'><strong>ι</strong></span> <span class='ocrx_word' id='word_1_52' title='bbox 530 367 538 383; x_wconf 93' lang='lat'><strong>1</strong></span> <span class='ocrx_word' id='word_1_53' title='bbox 554 357 667 389; x_wconf 88' lang='lat' dir='ltr'><strong>&#39;l‘ollam,</strong></span> <span class='ocrx_word' id='word_1_54' title='bbox 682 366 691 382; x_wconf 76' lang='grc' dir='ltr'><strong>ι</strong></span> <span class='ocrx_word' id='word_1_55' title='bbox 712 356 754 383; x_wconf 86' lang='lat' dir='ltr'><strong>hic</strong></span> <span class='ocrx_word' id='word_1_56' title='bbox 771 355 915 390; x_wconf 76' lang='lat' dir='ltr'><strong>intelliges,</strong></span> <span class='ocrx_word' id='word_1_57' title='bbox 932 361 997 386; x_wconf 90' lang='lat' dir='ltr'><strong>non,</strong></span> 
     </span>
    </p>
   </div>
   <div class='ocr_carea' id='block_1_10' title="bbox 211 400 996 436">
    <p class='ocr_par' dir='ltr' id='par_1_10' title="bbox 211 400 996 436">
     <span class='ocr_line' id='line_1_10' title="bbox 211 400 996 436; baseline -0.005 -6"><span class='ocrx_word' id='word_1_58' title='bbox 211 403 342 435; x_wconf 86' lang='lat' dir='ltr'><strong>Perdant;</strong></span> <span class='ocrx_word' id='word_1_59' title='bbox 372 403 420 431; x_wconf 83' lang='lat' dir='ltr'><strong>sed</strong></span> <span class='ocrx_word' id='word_1_60' title='bbox 442 403 578 430; x_wconf 77' lang='lat' dir='ltr'><strong>excelsum</strong></span> <span class='ocrx_word' id='word_1_61' title='bbox 595 407 622 430; x_wconf 91' lang='lat' dir='ltr'><strong>et</strong></span> <span class='ocrx_word' id='word_1_62' title='bbox 648 402 847 436; x_wconf 86' lang='lat' dir='ltr'><strong>suscipiendum</strong></span> <span class='ocrx_word' id='word_1_63' title='bbox 875 400 996 428; x_wconf 84' lang='lat' dir='ltr'><strong>reddam.</strong></span> 
     </span>
    </p>
   </div>
   <div class='ocr_carea' id='block_1_11' title="bbox 209 445 998 483">
    <p class='ocr_par' dir='ltr' id='par_1_11' title="bbox 209 445 998 483">
     <span class='ocr_line' id='line_1_11' title="bbox 209 445 998 483; baseline -0.005 -7"><span class='ocrx_word' id='word_1_64' title='bbox 209 449 317 477; x_wconf 82' lang='lat' dir='ltr'><strong>Tollere</strong></span> <span class='ocrx_word' id='word_1_65' title='bbox 357 456 475 483; x_wconf 83' lang='lat' dir='ltr'><strong>namque</strong></span> <span class='ocrx_word' id='word_1_66' title='bbox 502 449 637 476; x_wconf 75' lang='lat' dir='ltr'><strong>interdum</strong></span> <span class='ocrx_word' id='word_1_67' title='bbox 671 453 722 480; x_wconf 86' lang='lat' dir='ltr'><strong>est,</strong></span> <span class='ocrx_word' id='word_1_68' title='bbox 758 447 884 475; x_wconf 81' lang='lat' dir='ltr'><strong>evehere.</strong></span> <span class='ocrx_word' id='word_1_69' title='bbox 919 445 998 473; x_wconf 82' lang='lat' dir='ltr'><strong>Tales</strong></span> 
     </span>
    </p>
   </div>
   <div class='ocr_carea' id='block_1_12' title="bbox 210 490 997 530">
    <p class='ocr_par' dir='ltr' id='par_1_12' title="bbox 210 490 997 530">
     <span class='ocr_line' id='line_1_12' title="bbox 210 490 997 530; baseline -0.004 -9"><span class='ocrx_word' id='word_1_70' title='bbox 210 495 384 526; x_wconf 69' lang='lat' dir='ltr'><strong>exstiterunt,</strong></span> <span class='ocrx_word' id='word_1_71' title='bbox 400 495 488 529; x_wconf 80' lang='lat' dir='ltr'><strong>quoad</strong></span> <span class='ocrx_word' id='word_1_72' title='bbox 505 494 629 530; x_wconf 86' lang='lat' dir='ltr'><strong>gloriam,</strong></span> <span class='ocrx_word' id='word_1_73' title='bbox 644 492 856 529; x_wconf 87' lang='lat' dir='ltr'><strong>inquam,divini</strong></span> <span class='ocrx_word' id='word_1_74' title='bbox 871 490 997 526; x_wconf 87' lang='lat' dir='ltr'><strong>discipuli</strong></span> 
     </span>
    </p>
   </div>
   <div class='ocr_carea' id='block_1_13' title="bbox 209 540 997 575">
    <p class='ocr_par' dir='ltr' id='par_1_13' title="bbox 209 540 997 575">
     <span class='ocr_line' id='line_1_13' title="bbox 209 540 997 575; baseline -0.005 -7"><span class='ocrx_word' id='word_1_75' title='bbox 209 541 337 569; x_wconf 80' lang='lat' dir='ltr'><strong>sublimes</strong></span> <span class='ocrx_word' id='word_1_76' title='bbox 352 546 379 568; x_wconf 87' lang='lat' dir='ltr'><strong>et</strong></span> <span class='ocrx_word' id='word_1_77' title='bbox 393 541 555 575; x_wconf 83' lang='lat' dir='ltr'><strong>spectabiles</strong></span> <span class='ocrx_word' id='word_1_78' title='bbox 582 541 707 567; x_wconf 86' lang='lat' dir='ltr'><strong>omnibus</strong></span> <span class='ocrx_word' id='word_1_79' title='bbox 730 540 853 571; x_wconf 82' lang='lat' dir='ltr'><strong>ubilibet,</strong></span> <span class='ocrx_word' id='word_1_80' title='bbox 887 543 914 565; x_wconf 86' lang='lat' dir='ltr'><strong>et</strong></span> <span class='ocrx_word' id='word_1_81' title='bbox 939 543 997 565; x_wconf 87' lang='lat' dir='ltr'><strong>tan-</strong></span> 
     </span>
    </p>
   </div>
   <div class='ocr_carea' id='block_1_14' title="bbox 209 585 998 622">
    <p class='ocr_par' dir='ltr' id='par_1_14' title="bbox 209 585 998 622">
     <span class='ocr_line' id='line_1_14' title="bbox 209 585 998 622; baseline -0.004 -9"><span class='ocrx_word' id='word_1_82' title='bbox 209 594 290 622; x_wconf 86' lang='lat' dir='ltr'><strong>quam</strong></span> <span class='ocrx_word' id='word_1_83' title='bbox 310 587 405 615; x_wconf 78' lang='lat' dir='ltr'><strong>civitas</strong></span> <span class='ocrx_word' id='word_1_84' title='bbox 429 587 455 614; x_wconf 91' lang='lat' dir='ltr'><strong>in</strong></span> <span class='ocrx_word' id='word_1_85' title='bbox 474 591 566 614; x_wconf 88' lang='lat' dir='ltr'><strong>monte</strong></span> <span class='ocrx_word' id='word_1_86' title='bbox 583 587 645 619; x_wconf 83' lang='lat' dir='ltr'><strong>sila,</strong></span> <span class='ocrx_word' id='word_1_87' title='bbox 661 591 689 614; x_wconf 82' lang='lat' dir='ltr'><strong>et</strong></span> <span class='ocrx_word' id='word_1_88' title='bbox 712 585 820 613; x_wconf 82' lang='lat' dir='ltr'><strong>lucerna</strong></span> <span class='ocrx_word' id='word_1_89' title='bbox 837 592 918 619; x_wconf 80' lang='lat' dir='ltr'><strong>super</strong></span> <span class='ocrx_word' id='word_1_90' title='bbox 934 592 998 611; x_wconf 86' lang='lat' dir='ltr'><strong>can-</strong></span> 
     </span>
    </p>
   </div>
   <div class='ocr_carea' id='block_1_15' title="bbox 209 630 998 667">
    <p class='ocr_par' dir='ltr' id='par_1_15' title="bbox 209 630 998 667">
     <span class='ocr_line' id='line_1_15' title="bbox 209 630 998 667; baseline -0.004 -8"><span class='ocrx_word' id='word_1_91' title='bbox 209 631 318 659; x_wconf 87' lang='lat' dir='ltr'><strong>delabro</strong></span> <span class='ocrx_word' id='word_1_92' title='bbox 334 633 430 667; x_wconf 85' lang='lat' dir='ltr'><strong>posita,</strong></span> <span class='ocrx_word' id='word_1_93' title='bbox 449 640 482 660; x_wconf 83' lang='lat' dir='ltr'><strong>ac</strong></span> <span class='ocrx_word' id='word_1_94' title='bbox 506 632 601 659; x_wconf 86' lang='lat' dir='ltr'><strong>lucens</strong></span> <span class='ocrx_word' id='word_1_95' title='bbox 630 631 756 658; x_wconf 90' lang='lat' dir='ltr'><strong>omnibus</strong></span> <span class='ocrx_word' id='word_1_96' title='bbox 784 631 830 665; x_wconf 91' lang='lat' dir='ltr'><strong>qui</strong></span> <span class='ocrx_word' id='word_1_97' title='bbox 854 631 880 658; x_wconf 94' lang='lat' dir='ltr'><strong>in</strong></span> <span class='ocrx_word' id='word_1_98' title='bbox 917 630 998 657; x_wconf 89' lang='lat' dir='ltr'><strong>domo</strong></span> 
     </span>
    </p>
   </div>
   <div class='ocr_carea' id='block_1_16' title="bbox 209 675 998 713">
    <p class='ocr_par' dir='ltr' id='par_1_16' title="bbox 209 675 998 713">
     <span class='ocr_line' id='line_1_16' title="bbox 209 675 998 713; baseline -0.003 -8"><span class='ocrx_word' id='word_1_99' title='bbox 209 682 272 706; x_wconf 86' lang='lat' dir='ltr'><strong>sunt</strong></span> <span class='ocrx_word' id='word_1_100' title='bbox 288 678 322 710; x_wconf 79' lang='grc'><strong>⁵⁴,</strong></span> <span class='ocrx_word' id='word_1_101' title='bbox 339 679 487 705; x_wconf 83' lang='lat' dir='ltr'><strong>secundum</strong></span> <span class='ocrx_word' id='word_1_102' title='bbox 511 679 596 713; x_wconf 85' lang='lat' dir='ltr'><strong>ipsius</strong></span> <span class='ocrx_word' id='word_1_103' title='bbox 618 685 711 705; x_wconf 88' lang='lat' dir='ltr'><strong>vocent</strong></span> <span class='ocrx_word' id='word_1_104' title='bbox 745 676 908 704; x_wconf 70' lang='lat' dir='ltr'><strong>Servatur-is.</strong></span> <span class='ocrx_word' id='word_1_105' title='bbox 941 675 998 703; x_wconf 87' lang='lat' dir='ltr'><strong>Hoc</strong></span> 
     </span>
    </p>
   </div>
   <div class='ocr_carea' id='block_1_17' title="bbox 210 721 998 758">
    <p class='ocr_par' dir='ltr' id='par_1_17' title="bbox 210 721 998 758">
     <span class='ocr_line' id='line_1_17' title="bbox 210 721 998 758; baseline -0.003 -7"><span class='ocrx_word' id='word_1_106' title='bbox 210 725 291 758; x_wconf 82' lang='lat' dir='ltr'><strong>igitur</strong></span> <span class='ocrx_word' id='word_1_107' title='bbox 309 728 352 752; x_wconf 84' lang='lat' dir='ltr'><strong>est</strong></span> <span class='ocrx_word' id='word_1_108' title='bbox 365 731 458 751; x_wconf 82' lang='lat' dir='ltr'><strong>semen</strong></span> <span class='ocrx_word' id='word_1_109' title='bbox 472 731 504 751; x_wconf 79' lang='lat' dir='ltr'><strong>ex</strong></span> <span class='ocrx_word' id='word_1_110' title='bbox 520 723 603 751; x_wconf 81' lang='lat' dir='ltr'><strong>Jacob</strong></span> <span class='ocrx_word' id='word_1_111' title='bbox 627 728 655 750; x_wconf 82' lang='lat' dir='ltr'><strong>et</strong></span> <span class='ocrx_word' id='word_1_112' title='bbox 680 723 758 750; x_wconf 81' lang='lat' dir='ltr'><strong>Juda.</strong></span> <span class='ocrx_word' id='word_1_113' title='bbox 773 722 858 758; x_wconf 72' lang='lat'><strong>896</strong></span> <span class='ocrx_word' id='word_1_114' title='bbox 878 731 887 747; x_wconf 90' lang='lat'><strong>1</strong></span> <span class='ocrx_word' id='word_1_115' title='bbox 907 721 998 749; x_wconf 83' lang='lat' dir='ltr'><strong>Possi-</strong></span> 
     </span>
    </p>
   </div>
   <div class='ocr_carea' id='block_1_18' title="bbox 209 768 997 802">
    <p class='ocr_par' dir='ltr' id='par_1_18' title="bbox 209 768 997 802">
     <span class='ocr_line' id='line_1_18' title="bbox 209 768 997 802; baseline -0.001 -8"><span class='ocrx_word' id='word_1_116' title='bbox 209 768 293 799; x_wconf 88' lang='lat' dir='ltr'><strong>debit,</strong></span> <span class='ocrx_word' id='word_1_117' title='bbox 311 768 407 802; x_wconf 88' lang='lat' dir='ltr'><strong>inquit.</strong></span> <span class='ocrx_word' id='word_1_118' title='bbox 439 772 556 795; x_wconf 89' lang='lat' dir='ltr'><strong>montem</strong></span> <span class='ocrx_word' id='word_1_119' title='bbox 586 772 708 794; x_wconf 82' lang='lat' dir='ltr'><strong>sanctum</strong></span> <span class='ocrx_word' id='word_1_120' title='bbox 742 774 863 798; x_wconf 74' lang='lat' dir='ltr'><strong>meuth</strong></span> <span class='ocrx_word' id='word_1_121' title='bbox 902 773 997 800; x_wconf 88' lang='lat' dir='ltr'><strong>nempe</strong></span> 
     </span>
    </p>
   </div>
   <div class='ocr_carea' id='block_1_19' title="bbox 210 811 996 848">
    <p class='ocr_par' dir='ltr' id='par_1_19' title="bbox 210 811 996 848">
     <span class='ocr_line' id='line_1_19' title="bbox 210 811 996 848; baseline -0.003 -8"><span class='ocrx_word' id='word_1_122' title='bbox 210 813 368 841; x_wconf 84' lang='lat' dir='ltr'><strong>Ecclesiam.</strong></span> <span class='ocrx_word' id='word_1_123' title='bbox 394 813 440 840; x_wconf 86' lang='lat' dir='ltr'><strong>Sic</strong></span> <span class='ocrx_word' id='word_1_124' title='bbox 465 813 536 840; x_wconf 91' lang='lat' dir='ltr'><strong>enim</strong></span> <span class='ocrx_word' id='word_1_125' title='bbox 550 820 609 840; x_wconf 88' lang='lat' dir='ltr'><strong>eam</strong></span> <span class='ocrx_word' id='word_1_126' title='bbox 628 812 753 848; x_wconf 76' lang='lat' dir='ltr'><strong>designat</strong></span> <span class='ocrx_word' id='word_1_127' title='bbox 768 811 832 839; x_wconf 87' lang='lat' dir='ltr'><strong>alibi</strong></span> <span class='ocrx_word' id='word_1_128' title='bbox 867 812 923 846; x_wconf 81' lang='lat' dir='ltr'><strong>ipse</strong></span> <span class='ocrx_word' id='word_1_129' title='bbox 949 818 996 838; x_wconf 84' lang='lat' dir='ltr'><strong>sa-</strong></span> 
     </span>
    </p>
   </div>
   <div class='ocr_carea' id='block_1_20' title="bbox 1047 211 1842 248">
    <p class='ocr_par' dir='ltr' id='par_1_20' title="bbox 1047 211 1842 248">
     <span class='ocr_line' id='line_1_20' title="bbox 1047 211 1842 248; baseline -0.005 -8"><span class='ocrx_word' id='word_1_130' title='bbox 1047 213 1228 248; x_wconf 78' lang='grc' dir='ltr'>ὰπολογάδην,</span> <span class='ocrx_word' id='word_1_131' title='bbox 1244 211 1337 247; x_wconf 71' lang='grc' dir='ltr'>ὥσπερ</span> <span class='ocrx_word' id='word_1_132' title='bbox 1354 211 1383 243; x_wconf 77' lang='grc' dir='ltr'>ἐξ</span> <span class='ocrx_word' id='word_1_133' title='bbox 1397 211 1506 246; x_wconf 81' lang='grc' dir='ltr'>ἁπάσης</span> <span class='ocrx_word' id='word_1_134' title='bbox 1528 211 1576 246; x_wconf 78' lang='grc' dir='ltr'>τῆς</span> <span class='ocrx_word' id='word_1_135' title='bbox 1600 211 1734 238; x_wconf 78' lang='grc' dir='ltr'>Ἰουδαίων</span> <span class='ocrx_word' id='word_1_136' title='bbox 1754 211 1842 246; x_wconf 75' lang='grc' dir='ltr'>χώρας</span> 
     </span>
    </p>
   </div>
   <div class='ocr_carea' id='block_1_21' title="bbox 1049 256 1842 293">
    <p class='ocr_par' dir='ltr' id='par_1_21' title="bbox 1049 256 1842 293">
     <span class='ocr_line' id='line_1_21' title="bbox 1049 256 1842 293; baseline -0.003 -8"><span class='ocrx_word' id='word_1_137' title='bbox 1049 258 1250 293; x_wconf 80' lang='grc' dir='ltr'>σαγηνευοῆναι</span> <span class='ocrx_word' id='word_1_138' title='bbox 1277 257 1346 292; x_wconf 75' lang='grc' dir='ltr'>πρὸς</span> <span class='ocrx_word' id='word_1_139' title='bbox 1365 256 1458 282; x_wconf 80' lang='grc' dir='ltr'>πίστιν</span> <span class='ocrx_word' id='word_1_140' title='bbox 1474 256 1505 282; x_wconf 83' lang='grc' dir='ltr'>τὸ</span> <span class='ocrx_word' id='word_1_141' title='bbox 1525 256 1699 291; x_wconf 80' lang='grc' dir='ltr'>κατάλειμμα</span> <span class='ocrx_word' id='word_1_142' title='bbox 1725 256 1774 282; x_wconf 73' lang='grc' dir='ltr'>τοῦ</span> <span class='ocrx_word' id='word_1_143' title='bbox 1797 256 1842 283; x_wconf 80' lang='grc' dir='ltr'><strong>Ἰσ-</strong></span> 
     </span>
    </p>
   </div>
   <div class='ocr_carea' id='block_1_22' title="bbox 1049 301 1843 340">
    <p class='ocr_par' dir='ltr' id='par_1_22' title="bbox 1049 301 1843 340">
     <span class='ocr_line' id='line_1_22' title="bbox 1049 301 1843 340; baseline -0.004 -9"><span class='ocrx_word' id='word_1_144' title='bbox 1049 305 1128 340; x_wconf 88' lang='grc' dir='ltr'>ραήλ.</span> <span class='ocrx_word' id='word_1_145' title='bbox 1155 314 1164 329; x_wconf 88' lang='lat'><strong>1</strong></span> <span class='ocrx_word' id='word_1_146' title='bbox 1185 302 1290 330; x_wconf 83' lang='grc' dir='ltr'><strong>Οὑκοῦν</strong></span> <span class='ocrx_word' id='word_1_147' title='bbox 1315 303 1345 329; x_wconf 78' lang='grc' dir='ltr'><strong>οὺ</strong></span> <span class='ocrx_word' id='word_1_148' title='bbox 1366 303 1403 338; x_wconf 81' lang='grc' dir='ltr'>μὴ</span> <span class='ocrx_word' id='word_1_149' title='bbox 1421 301 1548 328; x_wconf 79' lang='grc' dir='ltr'><strong>ἀπολέσω</strong></span> <span class='ocrx_word' id='word_1_150' title='bbox 1579 302 1694 334; x_wconf 81' lang='grc' dir='ltr'><strong>πάντας,</strong></span> <span class='ocrx_word' id='word_1_151' title='bbox 1717 312 1726 327; x_wconf 69' lang='grc' dir='ltr'><strong>ι</strong></span> <span class='ocrx_word' id='word_1_152' title='bbox 1751 303 1843 337; x_wconf 66' lang='grc' dir='ltr'>φησὶν,</span> 
     </span>
    </p>
   </div>
   <div class='ocr_carea' id='block_1_23' title="bbox 1051 347 1842 384">
    <p class='ocr_par' dir='ltr' id='par_1_23' title="bbox 1051 347 1842 384">
     <span class='ocr_line' id='line_1_23' title="bbox 1051 347 1842 384; baseline -0.003 -9"><span class='ocrx_word' id='word_1_153' title='bbox 1051 359 1060 375; x_wconf 92' lang='lat'><strong>1</strong></span> <span class='ocrx_word' id='word_1_154' title='bbox 1075 349 1132 377; x_wconf 79' lang='grc' dir='ltr'>ἀλλ’</span> <span class='ocrx_word' id='word_1_155' title='bbox 1147 348 1236 384; x_wconf 76' lang='grc' dir='ltr'>ὲξαρῶ</span> <span class='ocrx_word' id='word_1_156' title='bbox 1251 348 1282 375; x_wconf 80' lang='grc' dir='ltr'>τὸ</span> <span class='ocrx_word' id='word_1_157' title='bbox 1295 348 1326 381; x_wconf 77' lang='grc' dir='ltr'>ἐξ</span> <span class='ocrx_word' id='word_1_158' title='bbox 1344 347 1441 374; x_wconf 80' lang='grc' dir='ltr'>Ἰακὼὸ</span> <span class='ocrx_word' id='word_1_159' title='bbox 1454 347 1575 383; x_wconf 85' lang='grc' dir='ltr'>σπέρμα,</span> <span class='ocrx_word' id='word_1_160' title='bbox 1587 348 1633 374; x_wconf 72' lang='grc' dir='ltr'><strong>καὶ</strong></span> <span class='ocrx_word' id='word_1_161' title='bbox 1644 348 1673 374; x_wconf 82' lang='grc' dir='ltr'>τὸ</span> <span class='ocrx_word' id='word_1_162' title='bbox 1685 347 1716 379; x_wconf 77' lang='grc' dir='ltr'>ἐξ</span> <span class='ocrx_word' id='word_1_163' title='bbox 1729 347 1842 373; x_wconf 66' lang='grc' dir='ltr'><strong>Ἰούδα.»</strong></span> 
     </span>
    </p>
   </div>
   <div class='ocr_carea' id='block_1_24' title="bbox 1048 392 1845 430">
    <p class='ocr_par' dir='ltr' id='par_1_24' title="bbox 1048 392 1845 430">
     <span class='ocr_line' id='line_1_24' title="bbox 1048 392 1845 430; baseline -0.005 -8"><span class='ocrx_word' id='word_1_164' title='bbox 1048 395 1085 422; x_wconf 79' lang='grc' dir='ltr'>Τὸ</span> <span class='ocrx_word' id='word_1_165' title='bbox 1100 395 1129 422; x_wconf 78' lang='grc' dir='ltr'>δὲ</span> <span class='ocrx_word' id='word_1_166' title='bbox 1143 404 1153 421; x_wconf 90' lang='lat'><strong>1</strong></span> <span class='ocrx_word' id='word_1_167' title='bbox 1180 394 1280 430; x_wconf 73' lang='grc' dir='ltr'>ἐξαιρῶ,</span> <span class='ocrx_word' id='word_1_168' title='bbox 1301 403 1310 420; x_wconf 76' lang='grc' dir='ltr'><strong><em>ι</em></strong></span> <span class='ocrx_word' id='word_1_169' title='bbox 1335 393 1463 428; x_wconf 81' lang='grc' dir='ltr'>συνήσεις</span> <span class='ocrx_word' id='word_1_170' title='bbox 1479 392 1608 425; x_wconf 74' lang='grc' dir='ltr'>ἐνταῦθα,</span> <span class='ocrx_word' id='word_1_171' title='bbox 1620 392 1651 419; x_wconf 83' lang='grc' dir='ltr'>οὐ</span> <span class='ocrx_word' id='word_1_172' title='bbox 1664 393 1694 419; x_wconf 84' lang='grc' dir='ltr'>τὸ</span> <span class='ocrx_word' id='word_1_173' title='bbox 1720 392 1845 419; x_wconf 63' lang='grc' dir='ltr'>ἀπολέσω</span> 
     </span>
    </p>
   </div>
   <div class='ocr_carea' id='block_1_25' title="bbox 1049 437 1845 477">
    <p class='ocr_par' dir='ltr' id='par_1_25' title="bbox 1049 437 1845 477">
     <span class='ocr_line' id='line_1_25' title="bbox 1049 437 1845 477; baseline -0.006 -9"><span class='ocrx_word' id='word_1_174' title='bbox 1049 441 1160 477; x_wconf 78' lang='grc' dir='ltr'>μᾶλλον,</span> <span class='ocrx_word' id='word_1_175' title='bbox 1174 440 1276 474; x_wconf 80' lang='grc' dir='ltr'>ὑψηλὸν</span> <span class='ocrx_word' id='word_1_176' title='bbox 1292 439 1320 466; x_wconf 78' lang='grc' dir='ltr'>δὲ</span> <span class='ocrx_word' id='word_1_177' title='bbox 1338 439 1386 466; x_wconf 77' lang='grc' dir='ltr'>καὶ</span> <span class='ocrx_word' id='word_1_178' title='bbox 1399 438 1569 466; x_wconf 76' lang='grc' dir='ltr'>ἀπόϐλεπτον</span> <span class='ocrx_word' id='word_1_179' title='bbox 1579 437 1713 472; x_wconf 77' lang='grc' dir='ltr'>ἀποφανῶ</span> <span class='ocrx_word' id='word_1_180' title='bbox 1724 447 1731 453; x_wconf 91' lang='grc'><strong>·</strong></span> <span class='ocrx_word' id='word_1_181' title='bbox 1749 437 1782 464; x_wconf 82' lang='grc' dir='ltr'><strong>τό</strong></span> <span class='ocrx_word' id='word_1_182' title='bbox 1794 438 1845 472; x_wconf 76' lang='grc' dir='ltr'><strong>γὰρ</strong></span> 
     </span>
    </p>
   </div>
   <div class='ocr_carea' id='block_1_26' title="bbox 1048 483 1843 522">
    <p class='ocr_par' dir='ltr' id='par_1_26' title="bbox 1048 483 1843 522">
     <span class='ocr_line' id='line_1_26' title="bbox 1048 483 1843 522; baseline -0.004 -9"><span class='ocrx_word' id='word_1_183' title='bbox 1048 486 1166 522; x_wconf 79' lang='grc' dir='ltr'>ἐξαίρειν</span> <span class='ocrx_word' id='word_1_184' title='bbox 1176 485 1232 512; x_wconf 76' lang='grc' dir='ltr'>ἐσθ’</span> <span class='ocrx_word' id='word_1_185' title='bbox 1243 486 1287 512; x_wconf 75' lang='grc' dir='ltr'>ὅτε</span> <span class='ocrx_word' id='word_1_186' title='bbox 1303 485 1334 511; x_wconf 76' lang='grc' dir='ltr'><strong>τὸ</strong></span> <span class='ocrx_word' id='word_1_187' title='bbox 1348 484 1431 519; x_wconf 83' lang='grc' dir='ltr'>ὑψοῦν</span> <span class='ocrx_word' id='word_1_188' title='bbox 1448 485 1516 512; x_wconf 74' lang='grc' dir='ltr'>ἐστι,</span> <span class='ocrx_word' id='word_1_189' title='bbox 1533 484 1662 518; x_wconf 78' lang='grc' dir='ltr'>Γεγόνασι</span> <span class='ocrx_word' id='word_1_190' title='bbox 1672 483 1702 511; x_wconf 78' lang='grc' dir='ltr'>δὲ</span> <span class='ocrx_word' id='word_1_191' title='bbox 1713 483 1843 515; x_wconf 76' lang='grc' dir='ltr'>τοιοῦτοι,</span> 
     </span>
    </p>
   </div>
   <div class='ocr_carea' id='block_1_27' title="bbox 1049 529 1844 566">
    <p class='ocr_par' dir='ltr' id='par_1_27' title="bbox 1049 529 1844 566">
     <span class='ocr_line' id='line_1_27' title="bbox 1049 529 1844 566; baseline -0.003 -8"><span class='ocrx_word' id='word_1_192' title='bbox 1049 532 1118 558; x_wconf 84' lang='grc' dir='ltr'>κατά</span> <span class='ocrx_word' id='word_1_193' title='bbox 1137 540 1169 565; x_wconf 86' lang='grc' dir='ltr'>γε</span> <span class='ocrx_word' id='word_1_194' title='bbox 1184 531 1256 566; x_wconf 77' lang='grc' dir='ltr'>φημὶ</span> <span class='ocrx_word' id='word_1_195' title='bbox 1264 530 1312 566; x_wconf 82' lang='grc' dir='ltr'>τὴν</span> <span class='ocrx_word' id='word_1_196' title='bbox 1327 530 1417 563; x_wconf 78' lang='grc' dir='ltr'>δόξαν,</span> <span class='ocrx_word' id='word_1_197' title='bbox 1432 530 1455 556; x_wconf 77' lang='lat' dir='ltr'><strong>oi</strong></span> <span class='ocrx_word' id='word_1_198' title='bbox 1469 529 1607 556; x_wconf 77' lang='grc' dir='ltr'>θεσπέσιοι</span> <span class='ocrx_word' id='word_1_199' title='bbox 1617 529 1738 565; x_wconf 70' lang='grc' dir='ltr'>μαθηταὶ</span> <span class='ocrx_word' id='word_1_200' title='bbox 1750 530 1844 565; x_wconf 68' lang='grc' dir='ltr'>ὑψηλοὶ</span> 
     </span>
    </p>
   </div>
   <div class='ocr_carea' id='block_1_28' title="bbox 1048 573 1843 612">
    <p class='ocr_par' dir='ltr' id='par_1_28' title="bbox 1048 573 1843 612">
     <span class='ocr_line' id='line_1_28' title="bbox 1048 573 1843 612; baseline -0.004 -8"><span class='ocrx_word' id='word_1_201' title='bbox 1048 578 1096 604; x_wconf 74' lang='grc' dir='ltr'>καὶ</span> <span class='ocrx_word' id='word_1_202' title='bbox 1111 577 1252 612; x_wconf 79' lang='grc' dir='ltr'>περίοπτοι</span> <span class='ocrx_word' id='word_1_203' title='bbox 1267 577 1324 608; x_wconf 84' lang='grc' dir='ltr'>τοῖς</span> <span class='ocrx_word' id='word_1_204' title='bbox 1337 575 1504 611; x_wconf 77' lang='grc' dir='ltr'><strong>ἁπανταχοῦ,</strong></span> <span class='ocrx_word' id='word_1_205' title='bbox 1521 576 1568 602; x_wconf 78' lang='grc' dir='ltr'>καὶ</span> <span class='ocrx_word' id='word_1_206' title='bbox 1584 573 1629 602; x_wconf 76' lang='grc' dir='ltr'>οἶα</span> <span class='ocrx_word' id='word_1_207' title='bbox 1649 575 1729 607; x_wconf 85' lang='grc' dir='ltr'><strong>πόλις</strong></span> <span class='ocrx_word' id='word_1_208' title='bbox 1746 576 1776 602; x_wconf 83' lang='grc' dir='ltr'>ὲν</span> <span class='ocrx_word' id='word_1_209' title='bbox 1788 575 1843 610; x_wconf 68' lang='grc' dir='ltr'>ὄρει</span> 
     </span>
    </p>
   </div>
   <div class='ocr_carea' id='block_1_29' title="bbox 1048 621 1842 658">
    <p class='ocr_par' dir='ltr' id='par_1_29' title="bbox 1048 621 1842 658">
     <span class='ocr_line' id='line_1_29' title="bbox 1048 621 1842 658; baseline -0.003 -9"><span class='ocrx_word' id='word_1_210' title='bbox 1048 622 1174 658; x_wconf 82' lang='grc' dir='ltr'><strong>κειμένη,</strong></span> <span class='ocrx_word' id='word_1_211' title='bbox 1186 622 1233 648; x_wconf 74' lang='grc' dir='ltr'>καὶ</span> <span class='ocrx_word' id='word_1_212' title='bbox 1243 621 1338 657; x_wconf 82' lang='grc' dir='ltr'><strong>λύχνος</strong></span> <span class='ocrx_word' id='word_1_213' title='bbox 1349 622 1394 648; x_wconf 66' lang='grc' dir='ltr'><strong>ἐπὶ</strong></span> <span class='ocrx_word' id='word_1_214' title='bbox 1404 621 1515 656; x_wconf 81' lang='grc' dir='ltr'><strong>λυχνίαν</strong></span> <span class='ocrx_word' id='word_1_215' title='bbox 1535 621 1670 656; x_wconf 75' lang='grc' dir='ltr'><strong>κείμενος,</strong></span> <span class='ocrx_word' id='word_1_216' title='bbox 1681 621 1729 648; x_wconf 69' lang='grc' dir='ltr'>καὶ</span> <span class='ocrx_word' id='word_1_217' title='bbox 1742 622 1842 656; x_wconf 75' lang='grc' dir='ltr'>φαίνων</span> 
     </span>
    </p>
   </div>
   <div class='ocr_carea' id='block_1_30' title="bbox 1056 665 1842 702">
    <p class='ocr_par' dir='ltr' id='par_1_30' title="bbox 1056 665 1842 702">
     <span class='ocr_line' id='line_1_30' title="bbox 1056 665 1842 702; baseline -0.001 -9"><span class='ocrx_word' id='word_1_218' title='bbox 1056 668 1122 693; x_wconf 83' lang='grc' dir='ltr'>πᾶσι</span> <span class='ocrx_word' id='word_1_219' title='bbox 1135 667 1190 698; x_wconf 84' lang='grc' dir='ltr'>τοῖς</span> <span class='ocrx_word' id='word_1_220' title='bbox 1208 667 1237 692; x_wconf 86' lang='grc' dir='ltr'>ἐν</span> <span class='ocrx_word' id='word_1_221' title='bbox 1250 667 1282 701; x_wconf 84' lang='grc' dir='ltr'>τῇ</span> <span class='ocrx_word' id='word_1_222' title='bbox 1295 666 1369 702; x_wconf 78' lang='grc' dir='ltr'>οἰκίᾳ</span> <span class='ocrx_word' id='word_1_223' title='bbox 1389 666 1460 692; x_wconf 77' lang='grc' dir='ltr'>κατὰ</span> <span class='ocrx_word' id='word_1_224' title='bbox 1476 666 1526 701; x_wconf 83' lang='grc' dir='ltr'>τὴν</span> <span class='ocrx_word' id='word_1_225' title='bbox 1548 665 1632 692; x_wconf 75' lang='grc' dir='ltr'>αὑτοῦ</span> <span class='ocrx_word' id='word_1_226' title='bbox 1645 665 1694 692; x_wconf 77' lang='grc' dir='ltr'><strong>τοῦ</strong></span> <span class='ocrx_word' id='word_1_227' title='bbox 1719 666 1842 701; x_wconf 62' lang='grc' dir='ltr'>ἃυτῆρος</span> 
     </span>
    </p>
   </div>
   <div class='ocr_carea' id='block_1_31' title="bbox 1048 708 1842 748">
    <p class='ocr_par' dir='ltr' id='par_1_31' title="bbox 1048 708 1842 748">
     <span class='ocr_line' id='line_1_31' title="bbox 1048 708 1842 748; baseline -0.003 -9"><span class='ocrx_word' id='word_1_228' title='bbox 1048 712 1150 748; x_wconf 83' lang='grc' dir='ltr'>φωνήν.</span> <span class='ocrx_word' id='word_1_229' title='bbox 1166 711 1252 738; x_wconf 82' lang='grc' dir='ltr'>Τοῦτο</span> <span class='ocrx_word' id='word_1_230' title='bbox 1272 711 1304 747; x_wconf 82' lang='grc' dir='ltr'><strong>δὴ</strong></span> <span class='ocrx_word' id='word_1_231' title='bbox 1327 708 1374 738; x_wconf 83' lang='grc' dir='ltr'><strong>οὖν</strong></span> <span class='ocrx_word' id='word_1_232' title='bbox 1397 711 1429 737; x_wconf 75' lang='grc' dir='ltr'><strong>τὸ</strong></span> <span class='ocrx_word' id='word_1_233' title='bbox 1450 711 1480 742; x_wconf 77' lang='grc' dir='ltr'>ἐξ</span> <span class='ocrx_word' id='word_1_234' title='bbox 1512 710 1625 743; x_wconf 77' lang='grc' dir='ltr'>Ἰακὼϐ,</span> <span class='ocrx_word' id='word_1_235' title='bbox 1644 711 1692 737; x_wconf 78' lang='grc' dir='ltr'>καὶ</span> <span class='ocrx_word' id='word_1_236' title='bbox 1707 711 1736 744; x_wconf 76' lang='grc' dir='ltr'><strong>ἐξ</strong></span> <span class='ocrx_word' id='word_1_237' title='bbox 1762 711 1842 737; x_wconf 72' lang='grc' dir='ltr'>Ἰούδα</span> 
     </span>
    </p>
   </div>
   <div class='ocr_carea' id='block_1_32' title="bbox 1049 756 1842 792">
    <p class='ocr_par' dir='ltr' id='par_1_32' title="bbox 1049 756 1842 792">
     <span class='ocr_line' id='line_1_32' title="bbox 1049 756 1842 792; baseline -0.001 -9"><span class='ocrx_word' id='word_1_238' title='bbox 1049 757 1173 792; x_wconf 79' lang='grc' dir='ltr'>σπέρμα·</span> <span class='ocrx_word' id='word_1_239' title='bbox 1194 767 1203 782; x_wconf 96' lang='lat'><strong>1</strong></span> <span class='ocrx_word' id='word_1_240' title='bbox 1224 756 1442 792; x_wconf 79' lang='grc' dir='ltr'>κληρονομήσει,</span> <span class='ocrx_word' id='word_1_241' title='bbox 1459 766 1468 782; x_wconf 72' lang='grc' dir='ltr'><strong>ι</strong></span> <span class='ocrx_word' id='word_1_242' title='bbox 1488 756 1566 791; x_wconf 77' lang='grc' dir='ltr'>φησὶ,</span> <span class='ocrx_word' id='word_1_243' title='bbox 1583 765 1593 782; x_wconf 91' lang='lat'><strong>1</strong></span> <span class='ocrx_word' id='word_1_244' title='bbox 1609 756 1639 783; x_wconf 84' lang='grc' dir='ltr'>τὸ</span> <span class='ocrx_word' id='word_1_245' title='bbox 1649 757 1713 792; x_wconf 76' lang='grc' dir='ltr'>ὄρος</span> <span class='ocrx_word' id='word_1_246' title='bbox 1729 756 1761 783; x_wconf 82' lang='grc' dir='ltr'>τὸ</span> <span class='ocrx_word' id='word_1_247' title='bbox 1769 757 1842 790; x_wconf 74' lang='grc' dir='ltr'>ἅγιόν</span> 
     </span>
    </p>
   </div>
   <div class='ocr_carea' id='block_1_33' title="bbox 1050 801 1842 838">
    <p class='ocr_par' dir='ltr' id='par_1_33' title="bbox 1050 801 1842 838">
     <span class='ocr_line' id='line_1_33' title="bbox 1050 801 1842 838; baseline -0.001 -9"><span class='ocrx_word' id='word_1_248' title='bbox 1050 811 1101 838; x_wconf 90' lang='grc' dir='ltr'><strong>μου</strong></span> <span class='ocrx_word' id='word_1_249' title='bbox 1115 811 1122 817; x_wconf 92' lang='grc'><strong>·</strong></span> <span class='ocrx_word' id='word_1_250' title='bbox 1144 813 1153 828; x_wconf 77' lang='grc' dir='ltr'><strong><em>ι</em></strong></span> <span class='ocrx_word' id='word_1_251' title='bbox 1168 802 1247 838; x_wconf 84' lang='grc' dir='ltr'>δῆλον</span> <span class='ocrx_word' id='word_1_252' title='bbox 1266 802 1294 828; x_wconf 81' lang='grc' dir='ltr'>δὲ</span> <span class='ocrx_word' id='word_1_253' title='bbox 1309 802 1350 829; x_wconf 81' lang='grc' dir='ltr'>ὅτι</span> <span class='ocrx_word' id='word_1_254' title='bbox 1369 802 1420 837; x_wconf 79' lang='grc' dir='ltr'>τὴν</span> <span class='ocrx_word' id='word_1_255' title='bbox 1443 801 1616 837; x_wconf 82' lang='grc' dir='ltr'><strong>Ἐκκλησίαν.</strong></span> <span class='ocrx_word' id='word_1_256' title='bbox 1634 801 1715 829; x_wconf 78' lang='grc' dir='ltr'>Οὕτω</span> <span class='ocrx_word' id='word_1_257' title='bbox 1726 802 1782 838; x_wconf 77' lang='grc' dir='ltr'>γὰρ</span> <span class='ocrx_word' id='word_1_258' title='bbox 1798 803 1842 828; x_wconf 78' lang='grc' dir='ltr'><strong>αὑ-</strong></span> 
     </span>
    </p>
   </div>
   <div class='ocr_carea' id='block_1_34' title="bbox 209 848 994 892">
    <p class='ocr_par' dir='ltr' id='par_1_34' title="bbox 209 857 994 892">
     <span class='ocr_line' id='line_1_34' title="bbox 209 857 994 892; baseline 0 -8"><span class='ocrx_word' id='word_1_259' title='bbox 209 858 392 892; x_wconf 86' lang='lat' dir='ltr'><strong>pientissimus</strong></span> <span class='ocrx_word' id='word_1_260' title='bbox 406 859 488 886; x_wconf 84' lang='lat' dir='ltr'><strong>Isaias</strong></span> <span class='ocrx_word' id='word_1_261' title='bbox 500 879 508 890; x_wconf 88' lang='grc'><strong>,</strong></span> <span class='ocrx_word' id='word_1_262' title='bbox 524 857 637 892; x_wconf 88' lang='lat' dir='ltr'><strong>loquens</strong></span> <span class='ocrx_word' id='word_1_263' title='bbox 656 857 689 884; x_wconf 84' lang='lat' dir='ltr'><strong>de</strong></span> <span class='ocrx_word' id='word_1_264' title='bbox 714 857 816 885; x_wconf 88' lang='lat' dir='ltr'><strong>vocatis</strong></span> <span class='ocrx_word' id='word_1_265' title='bbox 842 865 889 892; x_wconf 89' lang='lat' dir='ltr'><strong>per</strong></span> <span class='ocrx_word' id='word_1_266' title='bbox 920 857 994 884; x_wconf 86' lang='lat' dir='ltr'><strong>iidem</strong></span> 
     </span>
    </p>
   </div>
   <div class='ocr_carea' id='block_1_35' title="bbox 1084 848 1842 892">
    <p class='ocr_par' dir='ltr' id='par_1_35' title="bbox 1084 848 1842 884">
     <span class='ocr_line' id='line_1_35' title="bbox 1084 848 1842 884; baseline 0.001 -9"><span class='ocrx_word' id='word_1_267' title='bbox 1084 857 1100 882; x_wconf 28' lang='grc' dir='ltr'><strong>ην</strong></span> <span class='ocrx_word' id='word_1_268' title='bbox 1122 849 1169 875; x_wconf 74' lang='grc' dir='ltr'>καὶ</span> <span class='ocrx_word' id='word_1_269' title='bbox 1185 848 1298 884; x_wconf 78' lang='grc' dir='ltr'>ἑτέρωθί</span> <span class='ocrx_word' id='word_1_270' title='bbox 1329 857 1380 875; x_wconf 85' lang='grc' dir='ltr'><strong>που</strong></span> <span class='ocrx_word' id='word_1_271' title='bbox 1405 848 1605 883; x_wconf 85' lang='grc' dir='ltr'>κατασημαίνει</span> <span class='ocrx_word' id='word_1_272' title='bbox 1629 848 1718 883; x_wconf 80' lang='grc' dir='ltr'>λέγων</span> <span class='ocrx_word' id='word_1_273' title='bbox 1737 849 1842 880; x_wconf 79' lang='grc' dir='ltr'>αὐτὸςὸ</span> 
     </span>
    </p>
   </div>
   <div class='ocr_carea' id='block_1_36' title="bbox 209 903 996 939">
    <p class='ocr_par' dir='ltr' id='par_1_36' title="bbox 209 903 996 939">
     <span class='ocr_line' id='line_1_36' title="bbox 209 903 996 939; baseline 0 -9"><span class='ocrx_word' id='word_1_274' title='bbox 209 903 236 930; x_wconf 90' lang='lat' dir='ltr'><strong>in</strong></span> <span class='ocrx_word' id='word_1_275' title='bbox 258 903 366 931; x_wconf 91' lang='lat' dir='ltr'><strong>Christo</strong></span> <span class='ocrx_word' id='word_1_276' title='bbox 381 905 414 931; x_wconf 88' lang='lat' dir='ltr'><strong>ad</strong></span> <span class='ocrx_word' id='word_1_277' title='bbox 431 904 528 931; x_wconf 63' lang='lat' dir='ltr'><strong>divina}</strong></span> <span class='ocrx_word' id='word_1_278' title='bbox 555 903 613 939; x_wconf 82' lang='lat' dir='ltr'><strong>ejus</strong></span> <span class='ocrx_word' id='word_1_279' title='bbox 629 909 731 931; x_wconf 69' lang='lat' dir='ltr'><strong>naturae</strong></span> <span class='ocrx_word' id='word_1_280' title='bbox 763 903 996 939; x_wconf 79' lang='lat' dir='ltr'><strong>participationem</strong></span> 
     </span>
    </p>
   </div>
   <div class='ocr_carea' id='block_1_37' title="bbox 208 948 997 982">
    <p class='ocr_par' dir='ltr' id='par_1_37' title="bbox 208 948 997 982">
     <span class='ocr_line' id='line_1_37' title="bbox 208 948 997 982; baseline 0.001 -7"><span class='ocrx_word' id='word_1_281' title='bbox 208 948 265 976; x_wconf 87' lang='lat' dir='ltr'><strong>sive</strong></span> <span class='ocrx_word' id='word_1_282' title='bbox 292 949 530 977; x_wconf 83' lang='lat' dir='ltr'><strong>communionem:</strong></span> <span class='ocrx_word' id='word_1_283' title='bbox 557 959 567 976; x_wconf 83' lang='lat'><strong>1</strong></span> <span class='ocrx_word' id='word_1_284' title='bbox 586 948 655 982; x_wconf 84' lang='lat' dir='ltr'><strong>Quia</strong></span> <span class='ocrx_word' id='word_1_285' title='bbox 684 949 778 976; x_wconf 83' lang='lat' dir='ltr'><strong>bibent</strong></span> <span class='ocrx_word' id='word_1_286' title='bbox 811 949 942 981; x_wconf 64' lang='lat' dir='ltr'><strong>laetitiam,</strong></span> <span class='ocrx_word' id='word_1_287' title='bbox 969 952 997 976; x_wconf 86' lang='lat' dir='ltr'><strong>et</strong></span> 
     </span>
    </p>
   </div>
   <div class='ocr_carea' id='block_1_38' title="bbox 210 993 993 1030">
    <p class='ocr_par' dir='ltr' id='par_1_38' title="bbox 210 993 993 1030">
     <span class='ocr_line' id='line_1_38' title="bbox 210 993 993 1030; baseline -0.003 -9"><span class='ocrx_word' id='word_1_288' title='bbox 210 994 303 1022; x_wconf 86' lang='lat' dir='ltr'><strong>bibent</strong></span> <span class='ocrx_word' id='word_1_289' title='bbox 325 995 427 1026; x_wconf 85' lang='lat' dir='ltr'><strong>vinum,</strong></span> <span class='ocrx_word' id='word_1_290' title='bbox 456 999 555 1030; x_wconf 87' lang='lat' dir='ltr'><strong>ungent</strong></span> <span class='ocrx_word' id='word_1_291' title='bbox 580 998 714 1029; x_wconf 84' lang='lat' dir='ltr'><strong>unguento</strong></span> <span class='ocrx_word' id='word_1_292' title='bbox 731 993 757 1021; x_wconf 94' lang='lat' dir='ltr'><strong>in</strong></span> <span class='ocrx_word' id='word_1_293' title='bbox 782 998 873 1022; x_wconf 88' lang='lat' dir='ltr'><strong>monte</strong></span> <span class='ocrx_word' id='word_1_294' title='bbox 903 993 964 1021; x_wconf 86' lang='lat' dir='ltr'><strong>isto.</strong></span> <span class='ocrx_word' id='word_1_295' title='bbox 984 1003 993 1019; x_wconf 78' lang='grc' dir='ltr'><strong>ι</strong></span> 
     </span>
    </p>
   </div>
   <div class='ocr_carea' id='block_1_39' title="bbox 209 1040 995 1076">
    <p class='ocr_par' dir='ltr' id='par_1_39' title="bbox 209 1040 995 1076">
     <span class='ocr_line' id='line_1_39' title="bbox 209 1040 995 1076; baseline -0.001 -8"><span class='ocrx_word' id='word_1_296' title='bbox 209 1041 297 1068; x_wconf 82' lang='lat' dir='ltr'><strong>Trade</strong></span> <span class='ocrx_word' id='word_1_297' title='bbox 308 1041 366 1069; x_wconf 67' lang='lat' dir='ltr'><strong>haec</strong></span> <span class='ocrx_word' id='word_1_298' title='bbox 381 1041 471 1068; x_wconf 84' lang='lat' dir='ltr'><strong>omnia</strong></span> <span class='ocrx_word' id='word_1_299' title='bbox 484 1041 618 1076; x_wconf 81' lang='lat' dir='ltr'><strong>gentibus.</strong></span> <span class='ocrx_word' id='word_1_300' title='bbox 636 1041 781 1068; x_wconf 81' lang='lat' dir='ltr'><strong>Decretum</strong></span> <span class='ocrx_word' id='word_1_301' title='bbox 794 1040 864 1068; x_wconf 90' lang='lat' dir='ltr'><strong>enim</strong></span> <span class='ocrx_word' id='word_1_302' title='bbox 888 1041 939 1068; x_wconf 90' lang='lat' dir='ltr'><strong>hoc</strong></span> <span class='ocrx_word' id='word_1_303' title='bbox 962 1040 995 1068; x_wconf 87' lang='lat' dir='ltr'><strong>ad</strong></span> 
     </span>
    </p>
   </div>
   <div class='ocr_carea' id='block_1_40' title="bbox 208 1084 994 1121">
    <p class='ocr_par' dir='ltr' id='par_1_40' title="bbox 208 1084 994 1121">
     <span class='ocr_line' id='line_1_40' title="bbox 208 1084 994 1121; baseline 0 -10"><span class='ocrx_word' id='word_1_304' title='bbox 208 1092 303 1112; x_wconf 87' lang='lat' dir='ltr'><strong>omnes</strong></span> <span class='ocrx_word' id='word_1_305' title='bbox 315 1090 409 1121; x_wconf 87' lang='lat' dir='ltr'><strong>gentes</strong></span> <span class='ocrx_word' id='word_1_306' title='bbox 420 1086 547 1120; x_wconf 86' lang='lat' dir='ltr'><strong>pertinet.</strong></span> <span class='ocrx_word' id='word_1_307' title='bbox 566 1085 595 1113; x_wconf 89' lang='lat' dir='ltr'><strong>In</strong></span> <span class='ocrx_word' id='word_1_308' title='bbox 611 1090 703 1113; x_wconf 83' lang='lat' dir='ltr'><strong>monte</strong></span> <span class='ocrx_word' id='word_1_309' title='bbox 719 1084 800 1120; x_wconf 78' lang='lat' dir='ltr'><strong>igitur</strong></span> <span class='ocrx_word' id='word_1_310' title='bbox 817 1085 880 1117; x_wconf 88' lang='lat' dir='ltr'><strong>isto,</strong></span> <span class='ocrx_word' id='word_1_311' title='bbox 896 1084 994 1119; x_wconf 88' lang='lat' dir='ltr'><strong>inquit,</strong></span> 
     </span>
    </p>
   </div>
   <div class='ocr_carea' id='block_1_41' title="bbox 210 1129 995 1162">
    <p class='ocr_par' dir='ltr' id='par_1_41' title="bbox 210 1129 995 1162">
     <span class='ocr_line' id='line_1_41' title="bbox 210 1129 995 1162; baseline 0 -6"><span class='ocrx_word' id='word_1_312' title='bbox 210 1130 353 1157; x_wconf 73' lang='lat' dir='ltr'><strong>hmreditas</strong></span> <span class='ocrx_word' id='word_1_313' title='bbox 365 1130 417 1157; x_wconf 89' lang='lat' dir='ltr'><strong>erit</strong></span> <span class='ocrx_word' id='word_1_314' title='bbox 434 1130 501 1156; x_wconf 84' lang='lat' dir='ltr'><strong>meis</strong></span> <span class='ocrx_word' id='word_1_315' title='bbox 518 1129 621 1162; x_wconf 85' lang='lat' dir='ltr'><strong>electis,</strong></span> <span class='ocrx_word' id='word_1_316' title='bbox 636 1134 665 1157; x_wconf 91' lang='lat' dir='ltr'><strong>et</strong></span> <span class='ocrx_word' id='word_1_317' title='bbox 704 1130 774 1157; x_wconf 87' lang='lat' dir='ltr'><strong>inter</strong></span> <span class='ocrx_word' id='word_1_318' title='bbox 804 1129 863 1156; x_wconf 91' lang='lat' dir='ltr'><strong>illos</strong></span> <span class='ocrx_word' id='word_1_319' title='bbox 890 1129 995 1156; x_wconf 88' lang='lat' dir='ltr'><strong>habita-</strong></span> 
     </span>
    </p>
   </div>
   <div class='ocr_carea' id='block_1_42' title="bbox 209 1175 994 1210">
    <p class='ocr_par' dir='ltr' id='par_1_42' title="bbox 209 1175 994 1210">
     <span class='ocr_line' id='line_1_42' title="bbox 209 1175 994 1210; baseline 0 -8"><span class='ocrx_word' id='word_1_320' title='bbox 209 1175 275 1202; x_wconf 93' lang='lat' dir='ltr'><strong>bunt</strong></span> <span class='ocrx_word' id='word_1_321' title='bbox 290 1182 395 1207; x_wconf 89' lang='lat' dir='ltr'><strong>omnes,</strong></span> <span class='ocrx_word' id='word_1_322' title='bbox 409 1175 563 1210; x_wconf 85' lang='lat' dir='ltr'><strong>quicunque</strong></span> <span class='ocrx_word' id='word_1_323' title='bbox 579 1175 654 1210; x_wconf 75' lang='lat' dir='ltr'><strong>regni</strong></span> <span class='ocrx_word' id='word_1_324' title='bbox 680 1175 732 1202; x_wconf 91' lang='lat' dir='ltr'><strong>mei</strong></span> <span class='ocrx_word' id='word_1_325' title='bbox 754 1175 849 1210; x_wconf 85' lang='lat' dir='ltr'><strong>jugum</strong></span> <span class='ocrx_word' id='word_1_326' title='bbox 867 1175 994 1202; x_wconf 82' lang='lat' dir='ltr'><strong>subeunt.</strong></span> 
     </span>
    </p>
   </div>
   <div class='ocr_carea' id='block_1_43' title="bbox 209 1218 994 1254">
    <p class='ocr_par' dir='ltr' id='par_1_43' title="bbox 209 1218 994 1254">
     <span class='ocr_line' id='line_1_43' title="bbox 209 1218 994 1254; baseline 0 -8"><span class='ocrx_word' id='word_1_327' title='bbox 209 1218 281 1246; x_wconf 81' lang='lat' dir='ltr'><strong>Nihil</strong></span> <span class='ocrx_word' id='word_1_328' title='bbox 296 1220 403 1246; x_wconf 82' lang='lat' dir='ltr'><strong>absurdi</strong></span> <span class='ocrx_word' id='word_1_329' title='bbox 421 1220 483 1252; x_wconf 85' lang='lat' dir='ltr'><strong>erit,</strong></span> <span class='ocrx_word' id='word_1_330' title='bbox 506 1221 528 1247; x_wconf 88' lang='lat' dir='ltr'><strong>si</strong></span> <span class='ocrx_word' id='word_1_331' title='bbox 546 1219 621 1247; x_wconf 85' lang='lat' dir='ltr'><strong>dicas</strong></span> <span class='ocrx_word' id='word_1_332' title='bbox 662 1227 817 1254; x_wconf 87' lang='lat' dir='ltr'><strong>supremam</strong></span> <span class='ocrx_word' id='word_1_333' title='bbox 856 1219 994 1247; x_wconf 87' lang='lat' dir='ltr'><strong>civitatem</strong></span> 
     </span>
    </p>
   </div>
   <div class='ocr_carea' id='block_1_44' title="bbox 209 1263 996 1298">
    <p class='ocr_par' dir='ltr' id='par_1_44' title="bbox 209 1263 996 1298">
     <span class='ocr_line' id='line_1_44' title="bbox 209 1263 996 1298; baseline 0.001 -8"><span class='ocrx_word' id='word_1_334' title='bbox 209 1264 344 1291; x_wconf 67' lang='lat' dir='ltr'><strong>cwleslem</strong></span> <span class='ocrx_word' id='word_1_335' title='bbox 374 1263 533 1297; x_wconf 79' lang='lat' dir='ltr'><strong>Jerusalem,</strong></span> <span class='ocrx_word' id='word_1_336' title='bbox 566 1269 684 1292; x_wconf 87' lang='lat' dir='ltr'><strong>montem</strong></span> <span class='ocrx_word' id='word_1_337' title='bbox 727 1264 861 1291; x_wconf 84' lang='lat' dir='ltr'><strong>nominari</strong></span> <span class='ocrx_word' id='word_1_338' title='bbox 889 1265 914 1291; x_wconf 95' lang='lat' dir='ltr'><strong>in</strong></span> <span class='ocrx_word' id='word_1_339' title='bbox 941 1271 996 1298; x_wconf 90' lang='lat' dir='ltr'><strong>quo</strong></span> 
     </span>
    </p>
   </div>
   <div class='ocr_carea' id='block_1_45' title="bbox 208 1309 993 1343">
    <p class='ocr_par' dir='ltr' id='par_1_45' title="bbox 208 1309 993 1343">
     <span class='ocr_line' id='line_1_45' title="bbox 208 1309 993 1343; baseline 0.001 -8"><span class='ocrx_word' id='word_1_340' title='bbox 208 1313 363 1336; x_wconf 87' lang='lat' dir='ltr'><strong>sanctorum</strong></span> <span class='ocrx_word' id='word_1_341' title='bbox 383 1316 443 1337; x_wconf 83' lang='lat' dir='ltr'><strong>sors</strong></span> <span class='ocrx_word' id='word_1_342' title='bbox 464 1313 504 1336; x_wconf 88' lang='lat' dir='ltr'><strong>est</strong></span> <span class='ocrx_word' id='word_1_343' title='bbox 516 1310 538 1325; x_wconf 89' lang='lat'><strong>&quot;</strong></span> <span class='ocrx_word' id='word_1_344' title='bbox 550 1329 558 1343; x_wconf 82' lang='lat'><strong>,</strong></span> <span class='ocrx_word' id='word_1_345' title='bbox 575 1310 627 1336; x_wconf 87' lang='lat' dir='ltr'><strong>Deo</strong></span> <span class='ocrx_word' id='word_1_346' title='bbox 641 1309 692 1336; x_wconf 91' lang='lat' dir='ltr'><strong>illis</strong></span> <span class='ocrx_word' id='word_1_347' title='bbox 703 1309 879 1337; x_wconf 87' lang='lat' dir='ltr'><strong>distribucute</strong></span> <span class='ocrx_word' id='word_1_348' title='bbox 913 1310 993 1341; x_wconf 86' lang='lat' dir='ltr'><strong>bona,</strong></span> 
     </span>
    </p>
   </div>
   <div class='ocr_carea' id='block_1_46' title="bbox 208 1355 991 1390">
    <p class='ocr_par' dir='ltr' id='par_1_46' title="bbox 208 1355 991 1390">
     <span class='ocr_line' id='line_1_46' title="bbox 208 1355 991 1390; baseline 0.001 -10"><span class='ocrx_word' id='word_1_349' title='bbox 208 1362 267 1389; x_wconf 72' lang='lat' dir='ltr'><strong>quae</strong></span> <span class='ocrx_word' id='word_1_350' title='bbox 285 1361 334 1382; x_wconf 86' lang='lat' dir='ltr'><strong>nec</strong></span> <span class='ocrx_word' id='word_1_351' title='bbox 348 1362 434 1387; x_wconf 90' lang='lat' dir='ltr'><strong>mens,</strong></span> <span class='ocrx_word' id='word_1_352' title='bbox 447 1362 497 1383; x_wconf 87' lang='lat' dir='ltr'><strong>nec</strong></span> <span class='ocrx_word' id='word_1_353' title='bbox 515 1355 602 1383; x_wconf 84' lang='lat' dir='ltr'><strong>oratio</strong></span> <span class='ocrx_word' id='word_1_354' title='bbox 617 1360 708 1390; x_wconf 89' lang='lat' dir='ltr'><strong>potest</strong></span> <span class='ocrx_word' id='word_1_355' title='bbox 724 1363 830 1390; x_wconf 78' lang='lat' dir='ltr'><strong>capere.</strong></span> <span class='ocrx_word' id='word_1_356' title='bbox 846 1365 855 1382; x_wconf 97' lang='lat'><strong>1</strong></span> <span class='ocrx_word' id='word_1_357' title='bbox 869 1355 968 1384; x_wconf 87' lang='lat' dir='ltr'><strong>Oculus</strong></span> <span class='ocrx_word' id='word_1_358' title='bbox 983 1365 991 1380; x_wconf 79' lang='grc' dir='ltr'><strong>ι</strong></span> 
     </span>
    </p>
   </div>
   <div class='ocr_carea' id='block_1_47' title="bbox 208 1400 993 1437">
    <p class='ocr_par' dir='ltr' id='par_1_47' title="bbox 208 1400 993 1437">
     <span class='ocr_line' id='line_1_47' title="bbox 208 1400 993 1437; baseline 0.005 -11"><span class='ocrx_word' id='word_1_359' title='bbox 208 1400 290 1433; x_wconf 91' lang='lat' dir='ltr'><strong>enim,</strong></span> <span class='ocrx_word' id='word_1_360' title='bbox 309 1400 405 1436; x_wconf 87' lang='lat' dir='ltr'><strong>inquit,</strong></span> <span class='ocrx_word' id='word_1_361' title='bbox 423 1410 432 1426; x_wconf 94' lang='lat'><strong>1</strong></span> <span class='ocrx_word' id='word_1_362' title='bbox 454 1409 506 1429; x_wconf 92' lang='lat' dir='ltr'><strong>non</strong></span> <span class='ocrx_word' id='word_1_363' title='bbox 522 1402 599 1435; x_wconf 87' lang='lat' dir='ltr'><strong>vidit,</strong></span> <span class='ocrx_word' id='word_1_364' title='bbox 634 1407 660 1430; x_wconf 86' lang='lat' dir='ltr'><strong>et</strong></span> <span class='ocrx_word' id='word_1_365' title='bbox 689 1403 765 1430; x_wconf 87' lang='lat' dir='ltr'><strong>auris</strong></span> <span class='ocrx_word' id='word_1_366' title='bbox 795 1409 848 1430; x_wconf 87' lang='lat' dir='ltr'><strong>non</strong></span> <span class='ocrx_word' id='word_1_367' title='bbox 881 1402 993 1437; x_wconf 83' lang='lat' dir='ltr'><strong>audivit,</strong></span> 
     </span>
    </p>
   </div>
   <div class='ocr_carea' id='block_1_48' title="bbox 1050 894 1842 930">
    <p class='ocr_par' dir='ltr' id='par_1_48' title="bbox 1050 894 1842 930">
     <span class='ocr_line' id='line_1_48' title="bbox 1050 894 1842 930; baseline 0 -9"><span class='ocrx_word' id='word_1_368' title='bbox 1050 896 1188 930; x_wconf 78' lang='grc' dir='ltr'>πάνσοφος</span> <span class='ocrx_word' id='word_1_369' title='bbox 1203 894 1317 926; x_wconf 75' lang='grc' dir='ltr'>Ἡσαΐας</span> <span class='ocrx_word' id='word_1_370' title='bbox 1330 894 1395 930; x_wconf 77' lang='grc' dir='ltr'>περὶ</span> <span class='ocrx_word' id='word_1_371' title='bbox 1407 894 1461 920; x_wconf 85' lang='grc' dir='ltr'>τῶν</span> <span class='ocrx_word' id='word_1_372' title='bbox 1478 894 1523 920; x_wconf 83' lang='grc' dir='ltr'><strong>διὰ</strong></span> <span class='ocrx_word' id='word_1_373' title='bbox 1535 894 1653 926; x_wconf 83' lang='grc' dir='ltr'>πίστεως</span> <span class='ocrx_word' id='word_1_374' title='bbox 1671 894 1721 930; x_wconf 82' lang='grc' dir='ltr'>τῆς</span> <span class='ocrx_word' id='word_1_375' title='bbox 1734 895 1764 921; x_wconf 85' lang='grc' dir='ltr'>ὲν</span> <span class='ocrx_word' id='word_1_376' title='bbox 1778 895 1842 930; x_wconf 72' lang='grc' dir='ltr'>Χριο</span> 
     </span>
    </p>
   </div>
   <div class='ocr_carea' id='block_1_49' title="bbox 1050 939 1841 976">
    <p class='ocr_par' dir='ltr' id='par_1_49' title="bbox 1050 939 1841 976">
     <span class='ocr_line' id='line_1_49' title="bbox 1050 939 1841 976; baseline 0.001 -9"><span class='ocrx_word' id='word_1_377' title='bbox 1050 940 1105 976; x_wconf 84' lang='grc' dir='ltr'><strong>στῷ</strong></span> <span class='ocrx_word' id='word_1_378' title='bbox 1122 941 1299 976; x_wconf 82' lang='grc' dir='ltr'>κεκλημένων</span> <span class='ocrx_word' id='word_1_379' title='bbox 1320 941 1360 972; x_wconf 81' lang='grc' dir='ltr'>εἰς</span> <span class='ocrx_word' id='word_1_380' title='bbox 1374 939 1490 976; x_wconf 80' lang='grc' dir='ltr'><strong>μέθεξιν,</strong></span> <span class='ocrx_word' id='word_1_381' title='bbox 1509 940 1591 976; x_wconf 75' lang='grc' dir='ltr'>ἧγουν</span> <span class='ocrx_word' id='word_1_382' title='bbox 1621 941 1671 968; x_wconf 77' lang='grc' dir='ltr'>καὶ</span> <span class='ocrx_word' id='word_1_383' title='bbox 1697 942 1841 968; x_wconf 82' lang='grc' dir='ltr'>κοινωνίαν</span> 
     </span>
    </p>
   </div>
   <div class='ocr_carea' id='block_1_50' title="bbox 1049 985 1842 1022">
    <p class='ocr_par' dir='ltr' id='par_1_50' title="bbox 1049 985 1842 1022">
     <span class='ocr_line' id='line_1_50' title="bbox 1049 985 1842 1022; baseline 0 -10"><span class='ocrx_word' id='word_1_384' title='bbox 1049 986 1098 1021; x_wconf 82' lang='grc' dir='ltr'>τῆς</span> <span class='ocrx_word' id='word_1_385' title='bbox 1108 986 1183 1017; x_wconf 80' lang='grc' dir='ltr'>θείας</span> <span class='ocrx_word' id='word_1_386' title='bbox 1194 985 1275 1013; x_wconf 81' lang='grc' dir='ltr'>αὑτοῦ</span> <span class='ocrx_word' id='word_1_387' title='bbox 1287 985 1394 1021; x_wconf 81' lang='grc' dir='ltr'>φύσεως</span> <span class='ocrx_word' id='word_1_388' title='bbox 1404 994 1411 1001; x_wconf 88' lang='grc'><strong>·</strong></span> <span class='ocrx_word' id='word_1_389' title='bbox 1427 995 1436 1012; x_wconf 83' lang='grc' dir='ltr'><strong>ι</strong></span> <span class='ocrx_word' id='word_1_390' title='bbox 1463 986 1524 1012; x_wconf 81' lang='grc' dir='ltr'>Ὅτι</span> <span class='ocrx_word' id='word_1_391' title='bbox 1536 986 1652 1014; x_wconf 82' lang='grc' dir='ltr'>πίωνται</span> <span class='ocrx_word' id='word_1_392' title='bbox 1660 987 1842 1022; x_wconf 77' lang='grc' dir='ltr'>εὐφροσύνην,</span> 
     </span>
    </p>
   </div>
   <div class='ocr_carea' id='block_1_51' title="bbox 1049 1027 1840 1068">
    <p class='ocr_par' dir='ltr' id='par_1_51' title="bbox 1049 1027 1840 1068">
     <span class='ocr_line' id='line_1_51' title="bbox 1049 1027 1840 1068; baseline 0.001 -11"><span class='ocrx_word' id='word_1_393' title='bbox 1049 1032 1096 1057; x_wconf 70' lang='grc' dir='ltr'>καὶ</span> <span class='ocrx_word' id='word_1_394' title='bbox 1106 1031 1222 1057; x_wconf 85' lang='grc' dir='ltr'>πίωνται</span> <span class='ocrx_word' id='word_1_395' title='bbox 1232 1027 1314 1064; x_wconf 72' lang='grc' dir='ltr'>οἶνον,</span> <span class='ocrx_word' id='word_1_396' title='bbox 1324 1031 1463 1065; x_wconf 84' lang='grc' dir='ltr'>χρίσονται</span> <span class='ocrx_word' id='word_1_397' title='bbox 1475 1031 1560 1067; x_wconf 85' lang='grc' dir='ltr'>μύρον</span> <span class='ocrx_word' id='word_1_398' title='bbox 1570 1032 1599 1058; x_wconf 82' lang='grc' dir='ltr'>ἐν</span> <span class='ocrx_word' id='word_1_399' title='bbox 1613 1031 1652 1066; x_wconf 82' lang='grc' dir='ltr'>τῷ</span> <span class='ocrx_word' id='word_1_400' title='bbox 1660 1032 1719 1066; x_wconf 74' lang='grc' dir='ltr'>ὕρει</span> <span class='ocrx_word' id='word_1_401' title='bbox 1729 1032 1824 1068; x_wconf 73' lang='grc' dir='ltr'>τούτῳ.</span> <span class='ocrx_word' id='word_1_402' title='bbox 1832 1042 1840 1058; x_wconf 82' lang='grc' dir='ltr'><strong>ι</strong></span> 
     </span>
    </p>
   </div>
   <div class='ocr_carea' id='block_1_52' title="bbox 1049 1075 1843 1113">
    <p class='ocr_par' dir='ltr' id='par_1_52' title="bbox 1049 1075 1843 1113">
     <span class='ocr_line' id='line_1_52' title="bbox 1049 1075 1843 1113; baseline 0.001 -11"><span class='ocrx_word' id='word_1_403' title='bbox 1049 1076 1173 1111; x_wconf 85' lang='grc' dir='ltr'>Παράδος</span> <span class='ocrx_word' id='word_1_404' title='bbox 1201 1075 1289 1103; x_wconf 80' lang='grc' dir='ltr'>ταῦτα</span> <span class='ocrx_word' id='word_1_405' title='bbox 1302 1076 1390 1103; x_wconf 83' lang='grc' dir='ltr'>πάντα</span> <span class='ocrx_word' id='word_1_406' title='bbox 1405 1077 1461 1108; x_wconf 80' lang='grc' dir='ltr'>τοῖς</span> <span class='ocrx_word' id='word_1_407' title='bbox 1487 1076 1603 1103; x_wconf 80' lang='grc' dir='ltr'>ἔθνεσιν.</span> <span class='ocrx_word' id='word_1_408' title='bbox 1630 1077 1662 1104; x_wconf 85' lang='grc' dir='ltr'><strong>Ἡ</strong></span> <span class='ocrx_word' id='word_1_409' title='bbox 1683 1077 1738 1113; x_wconf 73' lang='grc' dir='ltr'>γὰρ</span> <span class='ocrx_word' id='word_1_410' title='bbox 1763 1077 1843 1113; x_wconf 84' lang='grc' dir='ltr'>βουλὴ</span> 
     </span>
    </p>
   </div>
   <div class='ocr_carea' id='block_1_53' title="bbox 1049 1121 1842 1158">
    <p class='ocr_par' dir='ltr' id='par_1_53' title="bbox 1049 1121 1842 1158">
     <span class='ocr_line' id='line_1_53' title="bbox 1049 1121 1842 1158; baseline 0.001 -10"><span class='ocrx_word' id='word_1_411' title='bbox 1049 1121 1117 1157; x_wconf 72' lang='grc' dir='ltr'>αὕτη</span> <span class='ocrx_word' id='word_1_412' title='bbox 1130 1122 1176 1148; x_wconf 77' lang='grc' dir='ltr'><strong>ἐπὶ</strong></span> <span class='ocrx_word' id='word_1_413' title='bbox 1194 1122 1282 1149; x_wconf 84' lang='grc' dir='ltr'>πάντα</span> <span class='ocrx_word' id='word_1_414' title='bbox 1301 1122 1335 1149; x_wconf 80' lang='grc' dir='ltr'><strong>τὰ</strong></span> <span class='ocrx_word' id='word_1_415' title='bbox 1346 1122 1421 1157; x_wconf 76' lang='grc' dir='ltr'>ἔθνη.</span> <span class='ocrx_word' id='word_1_416' title='bbox 1446 1123 1490 1149; x_wconf 88' lang='grc' dir='ltr'>Ἐν</span> <span class='ocrx_word' id='word_1_417' title='bbox 1504 1123 1591 1158; x_wconf 81' lang='grc' dir='ltr'>τούτῳ</span> <span class='ocrx_word' id='word_1_418' title='bbox 1607 1122 1640 1158; x_wconf 82' lang='grc' dir='ltr'>δὴ</span> <span class='ocrx_word' id='word_1_419' title='bbox 1655 1121 1702 1149; x_wconf 78' lang='grc' dir='ltr'>οὖν</span> <span class='ocrx_word' id='word_1_420' title='bbox 1721 1123 1760 1158; x_wconf 85' lang='grc' dir='ltr'><strong>τῷ</strong></span> <span class='ocrx_word' id='word_1_421' title='bbox 1773 1123 1842 1158; x_wconf 76' lang='grc' dir='ltr'>ὄρει,</span> 
     </span>
    </p>
   </div>
   <div class='ocr_carea' id='block_1_54' title="bbox 1048 1167 1843 1202">
    <p class='ocr_par' dir='ltr' id='par_1_54' title="bbox 1048 1167 1843 1202">
     <span class='ocr_line' id='line_1_54' title="bbox 1048 1167 1843 1202; baseline 0.001 -9"><span class='ocrx_word' id='word_1_422' title='bbox 1048 1167 1125 1202; x_wconf 75' lang='grc' dir='ltr'>φησὶ,</span> <span class='ocrx_word' id='word_1_423' title='bbox 1143 1167 1242 1202; x_wconf 86' lang='grc' dir='ltr'>κλῆρος</span> <span class='ocrx_word' id='word_1_424' title='bbox 1257 1167 1334 1194; x_wconf 73' lang='grc' dir='ltr'>ἔσται</span> <span class='ocrx_word' id='word_1_425' title='bbox 1350 1168 1406 1199; x_wconf 83' lang='grc' dir='ltr'>τοῖς</span> <span class='ocrx_word' id='word_1_426' title='bbox 1427 1168 1504 1202; x_wconf 74' lang='grc' dir='ltr'>ἐμοῖς</span> <span class='ocrx_word' id='word_1_427' title='bbox 1522 1168 1672 1200; x_wconf 74' lang='grc' dir='ltr'>ἐκλεκτοῖς,</span> <span class='ocrx_word' id='word_1_428' title='bbox 1686 1169 1734 1194; x_wconf 74' lang='grc' dir='ltr'>καὶ</span> <span class='ocrx_word' id='word_1_429' title='bbox 1745 1169 1776 1195; x_wconf 82' lang='grc' dir='ltr'>ὲν</span> <span class='ocrx_word' id='word_1_430' title='bbox 1795 1168 1843 1194; x_wconf 59' lang='grc' dir='ltr'>αὖε</span> 
     </span>
    </p>
   </div>
   <div class='ocr_carea' id='block_1_55' title="bbox 1048 1213 1843 1249">
    <p class='ocr_par' dir='ltr' id='par_1_55' title="bbox 1048 1213 1843 1249">
     <span class='ocr_line' id='line_1_55' title="bbox 1048 1213 1843 1249; baseline 0.003 -11"><span class='ocrx_word' id='word_1_431' title='bbox 1048 1213 1104 1244; x_wconf 85' lang='grc' dir='ltr'>τοῖς</span> <span class='ocrx_word' id='word_1_432' title='bbox 1118 1213 1309 1248; x_wconf 79' lang='grc' dir='ltr'>κατοικήσουσι</span> <span class='ocrx_word' id='word_1_433' title='bbox 1339 1213 1440 1244; x_wconf 86' lang='grc' dir='ltr'>πάντες</span> <span class='ocrx_word' id='word_1_434' title='bbox 1451 1232 1458 1244; x_wconf 88' lang='grc'><strong>,</strong></span> <span class='ocrx_word' id='word_1_435' title='bbox 1473 1213 1530 1240; x_wconf 77' lang='grc' dir='ltr'>ὅσοι</span> <span class='ocrx_word' id='word_1_436' title='bbox 1554 1213 1600 1240; x_wconf 85' lang='grc' dir='ltr'>τὸν</span> <span class='ocrx_word' id='word_1_437' title='bbox 1614 1213 1665 1248; x_wconf 86' lang='grc' dir='ltr'>τῆς</span> <span class='ocrx_word' id='word_1_438' title='bbox 1680 1214 1751 1249; x_wconf 78' lang='grc' dir='ltr'>ἐμῆς</span> <span class='ocrx_word' id='word_1_439' title='bbox 1767 1213 1843 1248; x_wconf 79' lang='grc' dir='ltr'>βασι-</span> 
     </span>
    </p>
   </div>
   <div class='ocr_carea' id='block_1_56' title="bbox 1048 1259 1842 1294">
    <p class='ocr_par' dir='ltr' id='par_1_56' title="bbox 1048 1259 1842 1294">
     <span class='ocr_line' id='line_1_56' title="bbox 1048 1259 1842 1294; baseline 0 -10"><span class='ocrx_word' id='word_1_440' title='bbox 1048 1259 1122 1290; x_wconf 80' lang='grc' dir='ltr'>λείας</span> <span class='ocrx_word' id='word_1_441' title='bbox 1139 1259 1318 1294; x_wconf 82' lang='grc' dir='ltr'><strong>ὑποτρέχουσι</strong></span> <span class='ocrx_word' id='word_1_442' title='bbox 1334 1259 1432 1293; x_wconf 83' lang='grc' dir='ltr'>ζυγόν·</span> <span class='ocrx_word' id='word_1_443' title='bbox 1453 1259 1483 1286; x_wconf 82' lang='grc' dir='ltr'>τὸ</span> <span class='ocrx_word' id='word_1_444' title='bbox 1505 1259 1533 1286; x_wconf 80' lang='grc' dir='ltr'>δὲ</span> <span class='ocrx_word' id='word_1_445' title='bbox 1557 1259 1675 1290; x_wconf 78' lang='grc' dir='ltr'>ἀπεικὸς</span> <span class='ocrx_word' id='word_1_446' title='bbox 1691 1259 1780 1292; x_wconf 79' lang='grc' dir='ltr'>οὐδὲν,</span> <span class='ocrx_word' id='word_1_447' title='bbox 1798 1260 1842 1285; x_wconf 78' lang='grc' dir='ltr'><strong>καὶ</strong></span> 
     </span>
    </p>
   </div>
   <div class='ocr_carea' id='block_1_57' title="bbox 1047 1305 1842 1341">
    <p class='ocr_par' dir='ltr' id='par_1_57' title="bbox 1047 1305 1842 1341">
     <span class='ocr_line' id='line_1_57' title="bbox 1047 1305 1842 1341; baseline 0.001 -10"><span class='ocrx_word' id='word_1_448' title='bbox 1047 1305 1097 1340; x_wconf 80' lang='grc' dir='ltr'><strong>τὴν</strong></span> <span class='ocrx_word' id='word_1_449' title='bbox 1111 1305 1167 1332; x_wconf 78' lang='grc' dir='ltr'><strong>ἄνω</strong></span> <span class='ocrx_word' id='word_1_450' title='bbox 1182 1305 1259 1331; x_wconf 82' lang='grc' dir='ltr'>πόλιν</span> <span class='ocrx_word' id='word_1_451' title='bbox 1276 1305 1325 1340; x_wconf 82' lang='grc' dir='ltr'>τὴν</span> <span class='ocrx_word' id='word_1_452' title='bbox 1342 1305 1502 1340; x_wconf 77' lang='grc' dir='ltr'>ἐπουράνιον</span> <span class='ocrx_word' id='word_1_453' title='bbox 1518 1305 1697 1341; x_wconf 82' lang='grc' dir='ltr'>Ἰερουσαλὴμ</span> <span class='ocrx_word' id='word_1_454' title='bbox 1710 1305 1774 1340; x_wconf 73' lang='grc' dir='ltr'>ὅρος</span> <span class='ocrx_word' id='word_1_455' title='bbox 1785 1306 1842 1332; x_wconf 73' lang='grc' dir='ltr'>ὀνο-</span> 
     </span>
    </p>
   </div>
   <div class='ocr_carea' id='block_1_58' title="bbox 1049 1349 1843 1388">
    <p class='ocr_par' dir='ltr' id='par_1_58' title="bbox 1049 1349 1843 1388">
     <span class='ocr_line' id='line_1_58' title="bbox 1049 1349 1843 1388; baseline 0.001 -11"><span class='ocrx_word' id='word_1_456' title='bbox 1049 1351 1184 1386; x_wconf 78' lang='grc' dir='ltr'>μάζεσθαι</span> <span class='ocrx_word' id='word_1_457' title='bbox 1202 1351 1301 1386; x_wconf 78' lang='grc' dir='ltr'>λέγειν,</span> <span class='ocrx_word' id='word_1_458' title='bbox 1319 1352 1347 1378; x_wconf 84' lang='grc' dir='ltr'>ὲν</span> <span class='ocrx_word' id='word_1_459' title='bbox 1359 1349 1381 1385; x_wconf 83' lang='grc' dir='ltr'><strong>ᾧ</strong></span> <span class='ocrx_word' id='word_1_460' title='bbox 1395 1352 1449 1379; x_wconf 84' lang='grc' dir='ltr'>τῶν</span> <span class='ocrx_word' id='word_1_461' title='bbox 1460 1353 1546 1387; x_wconf 84' lang='grc' dir='ltr'>ἁγίων</span> <span class='ocrx_word' id='word_1_462' title='bbox 1557 1353 1571 1379; x_wconf 85' lang='grc' dir='ltr'><strong>ὁ</strong></span> <span class='ocrx_word' id='word_1_463' title='bbox 1587 1352 1688 1387; x_wconf 79' lang='grc' dir='ltr'>κλῆρος</span> <span class='ocrx_word' id='word_1_464' title='bbox 1704 1352 1843 1388; x_wconf 73' lang='grc' dir='ltr'>διανέμον-</span> 
     </span>
    </p>
   </div>
   <div class='ocr_carea' id='block_1_59' title="bbox 1047 1396 1840 1432">
    <p class='ocr_par' dir='ltr' id='par_1_59' title="bbox 1047 1396 1840 1432">
     <span class='ocr_line' id='line_1_59' title="bbox 1047 1396 1840 1432; baseline 0.001 -9"><span class='ocrx_word' id='word_1_465' title='bbox 1047 1405 1093 1429; x_wconf 85' lang='grc' dir='ltr'><strong>τος</strong></span> <span class='ocrx_word' id='word_1_466' title='bbox 1120 1396 1188 1423; x_wconf 81' lang='grc' dir='ltr'>Θεοῦ</span> <span class='ocrx_word' id='word_1_467' title='bbox 1213 1398 1247 1424; x_wconf 74' lang='grc' dir='ltr'>τὰ</span> <span class='ocrx_word' id='word_1_468' title='bbox 1272 1397 1341 1432; x_wconf 83' lang='grc' dir='ltr'>ὑπὲρ</span> <span class='ocrx_word' id='word_1_469' title='bbox 1359 1397 1421 1424; x_wconf 81' lang='grc' dir='ltr'>νοῦν</span> <span class='ocrx_word' id='word_1_470' title='bbox 1455 1398 1501 1424; x_wconf 80' lang='grc' dir='ltr'>καὶ</span> <span class='ocrx_word' id='word_1_471' title='bbox 1522 1398 1601 1432; x_wconf 79' lang='grc' dir='ltr'>λόγον</span> <span class='ocrx_word' id='word_1_472' title='bbox 1627 1398 1720 1429; x_wconf 70' lang='grc' dir='ltr'>αὐτοῖς</span> <span class='ocrx_word' id='word_1_473' title='bbox 1741 1398 1840 1432; x_wconf 78' lang='grc' dir='ltr'><strong>ἀγαοά-</strong></span> 
     </span>
    </p>
   </div>
   <div class='ocr_carea' id='block_1_60' title="bbox 209 1442 994 1486">
    <p class='ocr_par' dir='ltr' id='par_1_60' title="bbox 209 1444 994 1482">
     <span class='ocr_line' id='line_1_60' title="bbox 209 1444 994 1482; baseline 0.005 -12"><span class='ocrx_word' id='word_1_474' title='bbox 209 1444 272 1471; x_wconf 87' lang='lat' dir='ltr'><strong>etin</strong></span> <span class='ocrx_word' id='word_1_475' title='bbox 293 1452 339 1472; x_wconf 86' lang='lat' dir='ltr'><strong>cor</strong></span> <span class='ocrx_word' id='word_1_476' title='bbox 354 1445 473 1473; x_wconf 88' lang='lat' dir='ltr'><strong>hominis</strong></span> <span class='ocrx_word' id='word_1_477' title='bbox 492 1453 545 1474; x_wconf 91' lang='lat' dir='ltr'><strong>non</strong></span> <span class='ocrx_word' id='word_1_478' title='bbox 561 1447 694 1479; x_wconf 84' lang='lat' dir='ltr'><strong>ascendit,</strong></span> <span class='ocrx_word' id='word_1_479' title='bbox 710 1455 769 1482; x_wconf 68' lang='lat' dir='ltr'><strong>qua:</strong></span> <span class='ocrx_word' id='word_1_480' title='bbox 794 1447 899 1482; x_wconf 86' lang='lat' dir='ltr'><strong>paravit</strong></span> <span class='ocrx_word' id='word_1_481' title='bbox 923 1447 994 1475; x_wconf 86' lang='lat' dir='ltr'><strong>Deus</strong></span> 
     </span>
    </p>
   </div>
   <div class='ocr_carea' id='block_1_61' title="bbox 1084 1442 1841 1486">
    <p class='ocr_par' dir='ltr' id='par_1_61' title="bbox 1085 1442 1841 1479">
     <span class='ocr_line' id='line_1_61' title="bbox 1085 1442 1841 1479; baseline 0.001 -11"><span class='ocrx_word' id='word_1_482' title='bbox 1085 1442 1228 1477; x_wconf 78' lang='grc' dir='ltr'>Οφῦαλμὸς</span> <span class='ocrx_word' id='word_1_483' title='bbox 1239 1453 1248 1468; x_wconf 75' lang='grc' dir='ltr'><strong>ι</strong></span> <span class='ocrx_word' id='word_1_484' title='bbox 1266 1444 1320 1478; x_wconf 68' lang='grc' dir='ltr'>γὰρ</span> <span class='ocrx_word' id='word_1_485' title='bbox 1335 1463 1341 1475; x_wconf 85' lang='grc'><strong>,</strong></span> <span class='ocrx_word' id='word_1_486' title='bbox 1360 1444 1443 1479; x_wconf 76' lang='grc' dir='ltr'>φησὶν</span> <span class='ocrx_word' id='word_1_487' title='bbox 1455 1463 1462 1476; x_wconf 91' lang='grc'><strong>,</strong></span> <span class='ocrx_word' id='word_1_488' title='bbox 1484 1453 1493 1469; x_wconf 89' lang='lat'><strong>1</strong></span> <span class='ocrx_word' id='word_1_489' title='bbox 1512 1444 1561 1470; x_wconf 83' lang='grc' dir='ltr'>οὐκ</span> <span class='ocrx_word' id='word_1_490' title='bbox 1583 1442 1646 1476; x_wconf 74' lang='grc' dir='ltr'>εἶδε,</span> <span class='ocrx_word' id='word_1_491' title='bbox 1662 1445 1711 1470; x_wconf 76' lang='grc' dir='ltr'>καὶ</span> <span class='ocrx_word' id='word_1_492' title='bbox 1728 1442 1776 1476; x_wconf 76' lang='grc' dir='ltr'>οὖς</span> <span class='ocrx_word' id='word_1_493' title='bbox 1792 1444 1841 1470; x_wconf 68' lang='grc' dir='ltr'>οὐκ</span> 
     </span>
    </p>
   </div>
   <div class='ocr_carea' id='block_1_62' title="bbox 209 1489 499 1524">
    <p class='ocr_par' dir='ltr' id='par_1_62' title="bbox 209 1489 499 1524">
     <span class='ocr_line' id='line_1_62' title="bbox 209 1489 499 1524; baseline 0 -8"><span class='ocrx_word' id='word_1_494' title='bbox 209 1489 381 1524; x_wconf 76' lang='lat' dir='ltr'><strong>diligentibus</strong></span> <span class='ocrx_word' id='word_1_495' title='bbox 396 1498 425 1518; x_wconf 85' lang='lat' dir='ltr'><strong>se</strong></span> <span class='ocrx_word' id='word_1_496' title='bbox 440 1491 473 1518; x_wconf 81' lang='lat'><strong>“.</strong></span> <span class='ocrx_word' id='word_1_497' title='bbox 491 1501 499 1516; x_wconf 84' lang='lat' dir='ltr'><strong>I</strong></span> 
     </span>
    </p>
   </div>
   <div class='ocr_carea' id='block_1_63' title="bbox 245 1578 997 1618">
    <p class='ocr_par' dir='ltr' id='par_1_63' title="bbox 245 1578 997 1618">
     <span class='ocr_line' id='line_1_63' title="bbox 245 1578 997 1618; baseline 0.008 -13"><span class='ocrx_word' id='word_1_498' title='bbox 245 1578 327 1606; x_wconf 73' lang='lat' dir='ltr'><strong>VERS.</strong></span> <span class='ocrx_word' id='word_1_499' title='bbox 348 1579 391 1606; x_wconf 83' lang='grc'><strong>10.</strong></span> <span class='ocrx_word' id='word_1_500' title='bbox 404 1579 436 1606; x_wconf 89' lang='grc' dir='ltr'>Ει</span> <span class='ocrx_word' id='word_1_501' title='bbox 451 1585 525 1607; x_wconf 81' lang='lat' dir='ltr'><strong>erunt</strong></span> <span class='ocrx_word' id='word_1_502' title='bbox 560 1581 588 1608; x_wconf 82' lang='lat' dir='ltr'><strong>in</strong></span> <span class='ocrx_word' id='word_1_503' title='bbox 619 1581 690 1608; x_wconf 72' lang='lat' dir='ltr'><strong>saltu</strong></span> <span class='ocrx_word' id='word_1_504' title='bbox 724 1583 802 1609; x_wconf 77' lang='lat' dir='ltr'><strong>ovilia</strong></span> <span class='ocrx_word' id='word_1_505' title='bbox 831 1591 948 1618; x_wconf 80' lang='lat' dir='ltr'><strong>gregum,</strong></span> <span class='ocrx_word' id='word_1_506' title='bbox 973 1588 997 1610; x_wconf 73' lang='lat' dir='ltr'><strong>et</strong></span> 
     </span>
    </p>
   </div>
   <div class='ocr_carea' id='block_1_64' title="bbox 209 1624 997 1664">
    <p class='ocr_par' dir='ltr' id='par_1_64' title="bbox 209 1624 997 1664">
     <span class='ocr_line' id='line_1_64' title="bbox 209 1624 997 1664; baseline 0.006 -13"><span class='ocrx_word' id='word_1_507' title='bbox 209 1624 308 1657; x_wconf 77' lang='lat' dir='ltr'><strong>Achar,</strong></span> <span class='ocrx_word' id='word_1_508' title='bbox 323 1624 349 1651; x_wconf 86' lang='lat' dir='ltr'><strong>in</strong></span> <span class='ocrx_word' id='word_1_509' title='bbox 368 1626 505 1659; x_wconf 77' lang='lat' dir='ltr'><strong>requietem</strong></span> <span class='ocrx_word' id='word_1_510' title='bbox 529 1633 705 1654; x_wconf 80' lang='lat' dir='ltr'><strong>armentorum</strong></span> <span class='ocrx_word' id='word_1_511' title='bbox 728 1628 824 1663; x_wconf 84' lang='lat' dir='ltr'><strong>populo</strong></span> <span class='ocrx_word' id='word_1_512' title='bbox 856 1637 924 1662; x_wconf 86' lang='lat' dir='ltr'><strong>meo,</strong></span> <span class='ocrx_word' id='word_1_513' title='bbox 953 1630 997 1664; x_wconf 85' lang='lat' dir='ltr'><strong>qui</strong></span> 
     </span>
    </p>
   </div>
   <div class='ocr_carea' id='block_1_65' title="bbox 207 1669 406 1703">
    <p class='ocr_par' dir='ltr' id='par_1_65' title="bbox 207 1669 406 1703">
     <span class='ocr_line' id='line_1_65' title="bbox 207 1669 406 1703; baseline 0.005 -9"><span class='ocrx_word' id='word_1_514' title='bbox 207 1669 328 1703; x_wconf 72' lang='lat' dir='ltr'><strong>quwsivit</strong></span> <span class='ocrx_word' id='word_1_515' title='bbox 357 1677 406 1696; x_wconf 81' lang='lat' dir='ltr'><strong>me.</strong></span> 
     </span>
    </p>
   </div>
   <div class='ocr_carea' id='block_1_66' title="bbox 245 1714 996 1753">
    <p class='ocr_par' dir='ltr' id='par_1_66' title="bbox 245 1714 996 1753">
     <span class='ocr_line' id='line_1_66' title="bbox 245 1714 996 1753; baseline 0.007 -11"><span class='ocrx_word' id='word_1_516' title='bbox 245 1714 372 1742; x_wconf 88' lang='lat' dir='ltr'><strong>Solemne</strong></span> <span class='ocrx_word' id='word_1_517' title='bbox 387 1719 429 1742; x_wconf 85' lang='lat' dir='ltr'><strong>est</strong></span> <span class='ocrx_word' id='word_1_518' title='bbox 443 1715 588 1748; x_wconf 65' lang='lat' dir='ltr'><strong>Scriptura:</strong></span> <span class='ocrx_word' id='word_1_519' title='bbox 610 1717 740 1746; x_wconf 88' lang='lat' dir='ltr'><strong>divinitus</strong></span> <span class='ocrx_word' id='word_1_520' title='bbox 757 1718 908 1753; x_wconf 70' lang='lat' dir='ltr'><strong>inspiratm,</strong></span> <span class='ocrx_word' id='word_1_521' title='bbox 928 1727 996 1747; x_wconf 84' lang='lat' dir='ltr'><strong>non-</strong></span> 
     </span>
    </p>
   </div>
   <div class='ocr_carea' id='block_1_67' title="bbox 209 1761 995 1800">
    <p class='ocr_par' dir='ltr' id='par_1_67' title="bbox 209 1761 995 1800">
     <span class='ocr_line' id='line_1_67' title="bbox 209 1761 995 1800; baseline 0.009 -14"><span class='ocrx_word' id='word_1_522' title='bbox 209 1765 345 1795; x_wconf 83' lang='lat' dir='ltr'><strong>nunquam</strong></span> <span class='ocrx_word' id='word_1_523' title='bbox 369 1761 446 1787; x_wconf 85' lang='lat' dir='ltr'><strong>silvis</strong></span> <span class='ocrx_word' id='word_1_524' title='bbox 471 1761 643 1795; x_wconf 81' lang='lat' dir='ltr'><strong>spississiinis</strong></span> <span class='ocrx_word' id='word_1_525' title='bbox 658 1767 684 1790; x_wconf 92' lang='lat' dir='ltr'><strong>et</strong></span> <span class='ocrx_word' id='word_1_526' title='bbox 697 1763 809 1791; x_wconf 84' lang='lat' dir='ltr'><strong>ﬂoribus</strong></span> <span class='ocrx_word' id='word_1_527' title='bbox 824 1765 914 1793; x_wconf 88' lang='lat' dir='ltr'><strong>densis</strong></span> <span class='ocrx_word' id='word_1_528' title='bbox 947 1773 995 1800; x_wconf 88' lang='lat' dir='ltr'><strong>p0-</strong></span> 
     </span>
    </p>
   </div>
   <div class='ocr_carea' id='block_1_68' title="bbox 207 1805 997 1844">
    <p class='ocr_par' dir='ltr' id='par_1_68' title="bbox 207 1805 997 1844">
     <span class='ocr_line' id='line_1_68' title="bbox 207 1805 997 1844; baseline 0.008 -13"><span class='ocrx_word' id='word_1_529' title='bbox 207 1805 314 1839; x_wconf 85' lang='lat' dir='ltr'><strong>pulosas</strong></span> <span class='ocrx_word' id='word_1_530' title='bbox 331 1805 411 1832; x_wconf 83' lang='lat' dir='ltr'><strong>urbes</strong></span> <span class='ocrx_word' id='word_1_531' title='bbox 424 1809 451 1832; x_wconf 85' lang='lat' dir='ltr'><strong>ct</strong></span> <span class='ocrx_word' id='word_1_532' title='bbox 466 1806 588 1840; x_wconf 79' lang='lat' dir='ltr'><strong>regiones</strong></span> <span class='ocrx_word' id='word_1_533' title='bbox 602 1814 768 1842; x_wconf 87' lang='lat' dir='ltr'><strong>comparare.</strong></span> <span class='ocrx_word' id='word_1_534' title='bbox 787 1808 854 1836; x_wconf 86' lang='lat' dir='ltr'><strong>Nam</strong></span> <span class='ocrx_word' id='word_1_535' title='bbox 887 1810 997 1844; x_wconf 85' lang='lat' dir='ltr'><strong>quidam</strong></span> 
     </span>
    </p>
   </div>
   <div class='ocr_carea' id='block_1_69' title="bbox 207 1851 997 1884">
    <p class='ocr_par' dir='ltr' id='par_1_69' title="bbox 207 1851 997 1884">
     <span class='ocr_line' id='line_1_69' title="bbox 207 1851 997 1884; baseline 0.006 -8"><span class='ocrx_word' id='word_1_536' title='bbox 207 1857 223 1876; x_wconf 92' lang='lat' dir='ltr'><strong>e</strong></span> <span class='ocrx_word' id='word_1_537' title='bbox 240 1851 342 1877; x_wconf 83' lang='lat' dir='ltr'><strong>sanctis</strong></span> <span class='ocrx_word' id='word_1_538' title='bbox 361 1851 499 1884; x_wconf 82' lang='lat' dir='ltr'><strong>prophetis</strong></span> <span class='ocrx_word' id='word_1_539' title='bbox 518 1851 594 1884; x_wconf 79' lang='lat' dir='ltr'><strong>dixit,</strong></span> <span class='ocrx_word' id='word_1_540' title='bbox 608 1852 681 1879; x_wconf 88' lang='lat' dir='ltr'><strong>velut</strong></span> <span class='ocrx_word' id='word_1_541' title='bbox 694 1853 726 1880; x_wconf 86' lang='lat' dir='ltr'><strong>ad</strong></span> <span class='ocrx_word' id='word_1_542' title='bbox 752 1852 906 1881; x_wconf 63' lang='lat' dir='ltr'><strong>Judazorunt</strong></span> <span class='ocrx_word' id='word_1_543' title='bbox 942 1863 997 1881; x_wconf 88' lang='lat' dir='ltr'><strong>tna-</strong></span> 
     </span>
    </p>
   </div>
   <div class='ocr_carea' id='block_1_70' title="bbox 209 1894 997 1933">
    <p class='ocr_par' dir='ltr' id='par_1_70' title="bbox 209 1894 997 1933">
     <span class='ocr_line' id='line_1_70' title="bbox 209 1894 997 1933; baseline 0.006 -11"><span class='ocrx_word' id='word_1_544' title='bbox 209 1900 287 1926; x_wconf 83' lang='lat' dir='ltr'><strong>trem,</strong></span> <span class='ocrx_word' id='word_1_545' title='bbox 307 1895 466 1928; x_wconf 79' lang='lat' dir='ltr'><strong>Jerusalem,</strong></span> <span class='ocrx_word' id='word_1_546' title='bbox 481 1897 610 1932; x_wconf 84' lang='lat' dir='ltr'><strong>inquam:</strong></span> <span class='ocrx_word' id='word_1_547' title='bbox 637 1907 647 1923; x_wconf 95' lang='lat'><strong>1</strong></span> <span class='ocrx_word' id='word_1_548' title='bbox 664 1898 756 1933; x_wconf 81' lang='lat' dir='ltr'><strong>Aperi,</strong></span> <span class='ocrx_word' id='word_1_549' title='bbox 778 1894 889 1933; x_wconf 85' lang='lat' dir='ltr'><strong>Libane,</strong></span> <span class='ocrx_word' id='word_1_550' title='bbox 924 1900 997 1928; x_wconf 79' lang='lat' dir='ltr'><strong>fures</strong></span> 
     </span>
    </p>
   </div>
   <div class='ocr_carea' id='block_1_71' title="bbox 209 1941 998 1980">
    <p class='ocr_par' dir='ltr' id='par_1_71' title="bbox 209 1941 998 1980">
     <span class='ocr_line' id='line_1_71' title="bbox 209 1941 998 1980; baseline 0.006 -13"><span class='ocrx_word' id='word_1_551' title='bbox 209 1944 278 1971; x_wconf 85' lang='lat' dir='ltr'><strong>tuas,</strong></span> <span class='ocrx_word' id='word_1_552' title='bbox 291 1946 317 1968; x_wconf 88' lang='lat' dir='ltr'><strong>et</strong></span> <span class='ocrx_word' id='word_1_553' title='bbox 334 1942 443 1968; x_wconf 80' lang='lat' dir='ltr'><strong>devoret</strong></span> <span class='ocrx_word' id='word_1_554' title='bbox 461 1941 529 1977; x_wconf 83' lang='lat' dir='ltr'><strong>ignis</strong></span> <span class='ocrx_word' id='word_1_555' title='bbox 545 1944 642 1970; x_wconf 71' lang='grc' dir='ltr'><strong>εοεΙι-οδ</strong></span> <span class='ocrx_word' id='word_1_556' title='bbox 659 1949 728 1971; x_wconf 85' lang='lat' dir='ltr'><strong>tuas.</strong></span> <span class='ocrx_word' id='word_1_557' title='bbox 749 1944 866 1977; x_wconf 86' lang='lat' dir='ltr'><strong>Ululate,</strong></span> <span class='ocrx_word' id='word_1_558' title='bbox 878 1952 998 1980; x_wconf 87' lang='lat' dir='ltr'><strong>quercus</strong></span> 
     </span>
    </p>
   </div>
   <div class='ocr_carea' id='block_1_72' title="bbox 207 1984 997 2020">
    <p class='ocr_par' dir='ltr' id='par_1_72' title="bbox 207 1984 997 2020">
     <span class='ocr_line' id='line_1_72' title="bbox 207 1984 997 2020; baseline 0.009 -9"><span class='ocrx_word' id='word_1_559' title='bbox 207 1984 306 2018; x_wconf 84' lang='lat' dir='ltr'><strong>Basan,</strong></span> <span class='ocrx_word' id='word_1_560' title='bbox 326 1986 388 2020; x_wconf 84' lang='lat' dir='ltr'><strong>quia</strong></span> <span class='ocrx_word' id='word_1_561' title='bbox 408 1987 531 2014; x_wconf 80' lang='lat' dir='ltr'><strong>succisus</strong></span> <span class='ocrx_word' id='word_1_562' title='bbox 547 1992 589 2015; x_wconf 82' lang='lat' dir='ltr'><strong>est</strong></span> <span class='ocrx_word' id='word_1_563' title='bbox 612 1989 697 2016; x_wconf 88' lang='lat' dir='ltr'><strong>saltus</strong></span> <span class='ocrx_word' id='word_1_564' title='bbox 714 1990 835 2018; x_wconf 85' lang='lat' dir='ltr'><strong>consitus</strong></span> <span class='ocrx_word' id='word_1_565' title='bbox 853 1991 886 2017; x_wconf 82' lang='lat'><strong>&quot;’.</strong></span> <span class='ocrx_word' id='word_1_566' title='bbox 906 2000 916 2016; x_wconf 73' lang='grc' dir='ltr'><strong>ι</strong></span> <span class='ocrx_word' id='word_1_567' title='bbox 945 1991 997 2018; x_wconf 85' lang='lat' dir='ltr'><strong>Ne-</strong></span> 
     </span>
    </p>
   </div>
   <div class='ocr_carea' id='block_1_73' title="bbox 207 2031 996 2071">
    <p class='ocr_par' dir='ltr' id='par_1_73' title="bbox 207 2031 996 2071">
     <span class='ocr_line' id='line_1_73' title="bbox 207 2031 996 2071; baseline 0.009 -14"><span class='ocrx_word' id='word_1_568' title='bbox 207 2039 250 2057; x_wconf 89' lang='lat' dir='ltr'><strong>mo</strong></span> <span class='ocrx_word' id='word_1_569' title='bbox 265 2036 355 2058; x_wconf 89' lang='lat' dir='ltr'><strong>autem</strong></span> <span class='ocrx_word' id='word_1_570' title='bbox 373 2031 470 2059; x_wconf 84' lang='lat' dir='ltr'><strong>dixerit</strong></span> <span class='ocrx_word' id='word_1_571' title='bbox 497 2033 593 2068; x_wconf 88' lang='lat' dir='ltr'><strong>jubere</strong></span> <span class='ocrx_word' id='word_1_572' title='bbox 624 2035 697 2061; x_wconf 94' lang='lat' dir='ltr'><strong>illum</strong></span> <span class='ocrx_word' id='word_1_573' title='bbox 724 2035 804 2070; x_wconf 81' lang='lat' dir='ltr'><strong>pinus</strong></span> <span class='ocrx_word' id='word_1_574' title='bbox 831 2041 859 2063; x_wconf 88' lang='lat' dir='ltr'><strong>et</strong></span> <span class='ocrx_word' id='word_1_575' title='bbox 881 2044 996 2071; x_wconf 85' lang='lat' dir='ltr'><strong>quercus</strong></span> 
     </span>
    </p>
   </div>
   <div class='ocr_carea' id='block_1_74' title="bbox 206 2075 995 2115">
    <p class='ocr_par' dir='ltr' id='par_1_74' title="bbox 206 2075 995 2115">
     <span class='ocr_line' id='line_1_74' title="bbox 206 2075 995 2115; baseline 0.01 -14"><span class='ocrx_word' id='word_1_576' title='bbox 206 2075 321 2109; x_wconf 87' lang='lat' dir='ltr'><strong>plorare.</strong></span> <span class='ocrx_word' id='word_1_577' title='bbox 337 2081 376 2102; x_wconf 88' lang='lat' dir='ltr'><strong>est</strong></span> <span class='ocrx_word' id='word_1_578' title='bbox 391 2077 462 2103; x_wconf 80' lang='lat' dir='ltr'><strong>enini</strong></span> <span class='ocrx_word' id='word_1_579' title='bbox 480 2077 505 2104; x_wconf 92' lang='lat' dir='ltr'><strong>id</strong></span> <span class='ocrx_word' id='word_1_580' title='bbox 520 2077 598 2112; x_wconf 83' lang='lat' dir='ltr'><strong>plane</strong></span> <span class='ocrx_word' id='word_1_581' title='bbox 632 2079 768 2113; x_wconf 83' lang='lat' dir='ltr'><strong>ineptum;</strong></span> <span class='ocrx_word' id='word_1_582' title='bbox 795 2081 853 2114; x_wconf 86' lang='lat' dir='ltr'><strong>sed,</strong></span> <span class='ocrx_word' id='word_1_583' title='bbox 874 2086 903 2109; x_wconf 84' lang='grc' dir='ltr'><strong>ιιι</strong></span> <span class='ocrx_word' id='word_1_584' title='bbox 930 2082 995 2115; x_wconf 75' lang='lat' dir='ltr'><strong>dixi,</strong></span> 
     </span>
    </p>
   </div>
   <div class='ocr_carea' id='block_1_75' title="bbox 1047 1489 1843 1524">
    <p class='ocr_par' dir='ltr' id='par_1_75' title="bbox 1047 1489 1843 1524">
     <span class='ocr_line' id='line_1_75' title="bbox 1047 1489 1843 1524; baseline 0.001 -9"><span class='ocrx_word' id='word_1_585' title='bbox 1047 1489 1158 1524; x_wconf 66' lang='grc' dir='ltr'>ἤκουσε,</span> <span class='ocrx_word' id='word_1_586' title='bbox 1189 1490 1234 1515; x_wconf 77' lang='grc' dir='ltr'>καὶ</span> <span class='ocrx_word' id='word_1_587' title='bbox 1259 1489 1306 1515; x_wconf 74' lang='grc' dir='ltr'><strong>ἐπὶ</strong></span> <span class='ocrx_word' id='word_1_588' title='bbox 1330 1490 1444 1524; x_wconf 76' lang='grc' dir='ltr'>καρδίαν</span> <span class='ocrx_word' id='word_1_589' title='bbox 1471 1489 1615 1524; x_wconf 84' lang='grc' dir='ltr'>ἀνθρώπου</span> <span class='ocrx_word' id='word_1_590' title='bbox 1630 1490 1682 1516; x_wconf 86' lang='grc' dir='ltr'>οὐκ</span> <span class='ocrx_word' id='word_1_591' title='bbox 1711 1489 1809 1524; x_wconf 76' lang='grc' dir='ltr'>ἀνέϐη,</span> <span class='ocrx_word' id='word_1_592' title='bbox 1825 1490 1843 1516; x_wconf 69' lang='grc' dir='ltr'><strong>ἃ.</strong></span> 
     </span>
    </p>
   </div>
   <div class='ocr_carea' id='block_1_76' title="bbox 1048 1533 1660 1569">
    <p class='ocr_par' dir='ltr' id='par_1_76' title="bbox 1048 1533 1660 1569">
     <span class='ocr_line' id='line_1_76' title="bbox 1048 1533 1660 1569; baseline 0.002 -10"><span class='ocrx_word' id='word_1_593' title='bbox 1048 1534 1196 1569; x_wconf 76' lang='grc' dir='ltr'>ἡτοίμασεν</span> <span class='ocrx_word' id='word_1_594' title='bbox 1210 1535 1223 1560; x_wconf 82' lang='grc' dir='ltr'>ὸ</span> <span class='ocrx_word' id='word_1_595' title='bbox 1237 1534 1302 1565; x_wconf 82' lang='grc' dir='ltr'>Θεὸς</span> <span class='ocrx_word' id='word_1_596' title='bbox 1315 1535 1372 1565; x_wconf 81' lang='grc' dir='ltr'>τοῖς</span> <span class='ocrx_word' id='word_1_597' title='bbox 1383 1534 1527 1567; x_wconf 82' lang='grc' dir='ltr'><strong>ἀγαπῶσιν</strong></span> <span class='ocrx_word' id='word_1_598' title='bbox 1540 1533 1630 1560; x_wconf 77' lang='grc' dir='ltr'>αὐτόν.</span> <span class='ocrx_word' id='word_1_599' title='bbox 1650 1543 1660 1559; x_wconf 75' lang='grc' dir='ltr'><strong><em>ι</em></strong></span> 
     </span>
    </p>
   </div>
   <div class='ocr_carea' id='block_1_77' title="bbox 1083 1578 1840 1614">
    <p class='ocr_par' dir='ltr' id='par_1_77' title="bbox 1083 1578 1840 1614">
     <span class='ocr_line' id='line_1_77' title="bbox 1083 1578 1840 1614; baseline 0 -8"><span class='ocrx_word' id='word_1_600' title='bbox 1083 1580 1138 1606; x_wconf 77' lang='grc' dir='ltr'><strong>Καὶ</strong></span> <span class='ocrx_word' id='word_1_601' title='bbox 1148 1580 1269 1606; x_wconf 75' lang='grc' dir='ltr'>ἔσονται</span> <span class='ocrx_word' id='word_1_602' title='bbox 1288 1579 1322 1606; x_wconf 79' lang='grc' dir='ltr'>ἐν</span> <span class='ocrx_word' id='word_1_603' title='bbox 1349 1578 1389 1612; x_wconf 81' lang='grc' dir='ltr'>τῷ</span> <span class='ocrx_word' id='word_1_604' title='bbox 1404 1579 1505 1614; x_wconf 78' lang='grc' dir='ltr'>δρυμῷ</span> <span class='ocrx_word' id='word_1_605' title='bbox 1521 1580 1666 1613; x_wconf 77' lang='grc' dir='ltr'><strong>ἐπαύλεις</strong></span> <span class='ocrx_word' id='word_1_606' title='bbox 1685 1579 1840 1614; x_wconf 76' lang='grc' dir='ltr'>ποιμνίων,</span> 
     </span>
    </p>
   </div>
   <div class='ocr_carea' id='block_1_78' title="bbox 1050 1623 1842 1658">
    <p class='ocr_par' dir='ltr' id='par_1_78' title="bbox 1050 1623 1842 1658">
     <span class='ocr_line' id='line_1_78' title="bbox 1050 1623 1842 1658; baseline 0 -8"><span class='ocrx_word' id='word_1_607' title='bbox 1050 1624 1098 1650; x_wconf 82' lang='grc' dir='ltr'>καὶ</span> <span class='ocrx_word' id='word_1_608' title='bbox 1112 1623 1230 1658; x_wconf 68' lang='grc' dir='ltr'><strong>φάραγξ</strong></span> <span class='ocrx_word' id='word_1_609' title='bbox 1248 1623 1343 1658; x_wconf 82' lang='grc' dir='ltr'>Ἀχὼρ</span> <span class='ocrx_word' id='word_1_610' title='bbox 1356 1625 1399 1657; x_wconf 83' lang='grc' dir='ltr'><strong>είς</strong></span> <span class='ocrx_word' id='word_1_611' title='bbox 1423 1624 1598 1651; x_wconf 81' lang='grc' dir='ltr'>ἀνάπαυσιν</span> <span class='ocrx_word' id='word_1_612' title='bbox 1609 1624 1788 1656; x_wconf 76' lang='grc' dir='ltr'><strong>βουκολίωι-</strong></span> <span class='ocrx_word' id='word_1_613' title='bbox 1804 1624 1842 1656; x_wconf 75' lang='grc' dir='ltr'>τῷ</span> 
     </span>
    </p>
   </div>
   <div class='ocr_carea' id='block_1_79' title="bbox 1047 1669 1452 1705">
    <p class='ocr_par' dir='ltr' id='par_1_79' title="bbox 1047 1669 1452 1705">
     <span class='ocr_line' id='line_1_79' title="bbox 1047 1669 1452 1705; baseline 0.002 -9"><span class='ocrx_word' id='word_1_614' title='bbox 1047 1669 1110 1702; x_wconf 80' lang='grc' dir='ltr'><strong>λαῷ</strong></span> <span class='ocrx_word' id='word_1_615' title='bbox 1125 1679 1192 1704; x_wconf 87' lang='grc' dir='ltr'>μου,</span> <span class='ocrx_word' id='word_1_616' title='bbox 1203 1670 1231 1696; x_wconf 74' lang='grc' dir='ltr'><strong>οἳ</strong></span> <span class='ocrx_word' id='word_1_617' title='bbox 1243 1669 1391 1704; x_wconf 68' lang='grc' dir='ltr'>ἐζητησάν</span> <span class='ocrx_word' id='word_1_618' title='bbox 1404 1678 1452 1705; x_wconf 83' lang='grc' dir='ltr'><strong>με.</strong></span> 
     </span>
    </p>
   </div>
   <div class='ocr_carea' id='block_1_80' title="bbox 1086 1713 1840 1750">
    <p class='ocr_par' dir='ltr' id='par_1_80' title="bbox 1086 1713 1840 1750">
     <span class='ocr_line' id='line_1_80' title="bbox 1086 1713 1840 1750; baseline 0.004 -11"><span class='ocrx_word' id='word_1_619' title='bbox 1086 1714 1166 1745; x_wconf 81' lang='grc' dir='ltr'><strong>Ἔθος</strong></span> <span class='ocrx_word' id='word_1_620' title='bbox 1176 1715 1209 1749; x_wconf 82' lang='grc' dir='ltr'><strong>τῇ</strong></span> <span class='ocrx_word' id='word_1_621' title='bbox 1223 1713 1395 1749; x_wconf 79' lang='grc' dir='ltr'>θεοπνεύστῳ</span> <span class='ocrx_word' id='word_1_622' title='bbox 1410 1715 1503 1750; x_wconf 74' lang='grc' dir='ltr'>Γραφῇ</span> <span class='ocrx_word' id='word_1_623' title='bbox 1527 1715 1641 1750; x_wconf 79' lang='grc' dir='ltr'><strong>δρυμοῖς</strong></span> <span class='ocrx_word' id='word_1_624' title='bbox 1661 1716 1840 1750; x_wconf 76' lang='grc' dir='ltr'>παρεικάζειν</span> 
     </span>
    </p>
   </div>
   <div class='ocr_carea' id='block_1_81' title="bbox 1048 1759 1842 1794">
    <p class='ocr_par' dir='ltr' id='par_1_81' title="bbox 1048 1759 1842 1794">
     <span class='ocr_line' id='line_1_81' title="bbox 1048 1759 1842 1794; baseline 0.004 -9"><span class='ocrx_word' id='word_1_625' title='bbox 1048 1759 1273 1794; x_wconf 70' lang='grc' dir='ltr'>εὐδενδροτάτοις,</span> <span class='ocrx_word' id='word_1_626' title='bbox 1289 1760 1336 1786; x_wconf 75' lang='grc' dir='ltr'><strong>καὶ</strong></span> <span class='ocrx_word' id='word_1_627' title='bbox 1352 1759 1445 1786; x_wconf 76' lang='grc' dir='ltr'>ἄνθεσι</span> <span class='ocrx_word' id='word_1_628' title='bbox 1462 1762 1517 1791; x_wconf 82' lang='grc' dir='ltr'>τοῖς</span> <span class='ocrx_word' id='word_1_629' title='bbox 1537 1760 1631 1787; x_wconf 83' lang='grc' dir='ltr'>δασέσι</span> <span class='ocrx_word' id='word_1_630' title='bbox 1648 1761 1698 1793; x_wconf 82' lang='grc' dir='ltr'>τὰς</span> <span class='ocrx_word' id='word_1_631' title='bbox 1725 1762 1842 1788; x_wconf 81' lang='grc' dir='ltr'>πολυαν-</span> 
     </span>
    </p>
   </div>
   <div class='ocr_carea' id='block_1_82' title="bbox 1047 1805 1842 1842">
    <p class='ocr_par' dir='ltr' id='par_1_82' title="bbox 1047 1805 1842 1842">
     <span class='ocr_line' id='line_1_82' title="bbox 1047 1805 1842 1842; baseline 0.004 -12"><span class='ocrx_word' id='word_1_632' title='bbox 1047 1805 1161 1840; x_wconf 87' lang='grc' dir='ltr'>δρούσας</span> <span class='ocrx_word' id='word_1_633' title='bbox 1177 1805 1276 1837; x_wconf 86' lang='grc' dir='ltr'>πόλεις,</span> <span class='ocrx_word' id='word_1_634' title='bbox 1292 1805 1308 1840; x_wconf 86' lang='grc' dir='ltr'>ἢ</span> <span class='ocrx_word' id='word_1_635' title='bbox 1326 1805 1417 1841; x_wconf 88' lang='grc' dir='ltr'>χώρας</span> <span class='ocrx_word' id='word_1_636' title='bbox 1432 1805 1488 1832; x_wconf 80' lang='grc' dir='ltr'>ἔσθ’</span> <span class='ocrx_word' id='word_1_637' title='bbox 1502 1806 1558 1838; x_wconf 75' lang='grc' dir='ltr'>ὅτε,</span> <span class='ocrx_word' id='word_1_638' title='bbox 1581 1805 1630 1832; x_wconf 70' lang='grc' dir='ltr'>καὶ</span> <span class='ocrx_word' id='word_1_639' title='bbox 1650 1806 1718 1840; x_wconf 83' lang='grc' dir='ltr'>γοῦν</span> <span class='ocrx_word' id='word_1_640' title='bbox 1733 1807 1785 1842; x_wconf 76' lang='grc' dir='ltr'>ἔφη</span> <span class='ocrx_word' id='word_1_641' title='bbox 1801 1816 1842 1838; x_wconf 80' lang='grc' dir='ltr'><strong>τις</strong></span> 
     </span>
    </p>
   </div>
   <div class='ocr_carea' id='block_1_83' title="bbox 1047 1851 1842 1888">
    <p class='ocr_par' dir='ltr' id='par_1_83' title="bbox 1047 1851 1842 1888">
     <span class='ocr_line' id='line_1_83' title="bbox 1047 1851 1842 1888; baseline 0 -11"><span class='ocrx_word' id='word_1_642' title='bbox 1047 1851 1102 1878; x_wconf 85' lang='grc' dir='ltr'>τῶν</span> <span class='ocrx_word' id='word_1_643' title='bbox 1124 1851 1209 1886; x_wconf 83' lang='grc' dir='ltr'>ἁγίων</span> <span class='ocrx_word' id='word_1_644' title='bbox 1226 1851 1393 1886; x_wconf 79' lang='grc' dir='ltr'>προφητῶν,</span> <span class='ocrx_word' id='word_1_645' title='bbox 1421 1852 1459 1884; x_wconf 84' lang='grc' dir='ltr'>ὡς</span> <span class='ocrx_word' id='word_1_646' title='bbox 1481 1852 1551 1888; x_wconf 83' lang='grc' dir='ltr'>πρὸς</span> <span class='ocrx_word' id='word_1_647' title='bbox 1566 1852 1616 1887; x_wconf 82' lang='grc' dir='ltr'>τὴν</span> <span class='ocrx_word' id='word_1_648' title='bbox 1628 1853 1683 1879; x_wconf 86' lang='grc' dir='ltr'><strong>τῶν</strong></span> <span class='ocrx_word' id='word_1_649' title='bbox 1706 1853 1842 1880; x_wconf 72' lang='grc' dir='ltr'>Ἰουδαίων</span> 
     </span>
    </p>
   </div>
   <div class='ocr_carea' id='block_1_84' title="bbox 1050 1897 1843 1934">
    <p class='ocr_par' dir='ltr' id='par_1_84' title="bbox 1050 1897 1843 1934">
     <span class='ocr_line' id='line_1_84' title="bbox 1050 1897 1843 1934; baseline 0.005 -12"><span class='ocrx_word' id='word_1_650' title='bbox 1050 1897 1166 1933; x_wconf 84' lang='grc' dir='ltr'>μητέρα,</span> <span class='ocrx_word' id='word_1_651' title='bbox 1195 1898 1265 1932; x_wconf 83' lang='grc' dir='ltr'>φημὶ</span> <span class='ocrx_word' id='word_1_652' title='bbox 1284 1898 1316 1933; x_wconf 82' lang='grc' dir='ltr'>δὴ</span> <span class='ocrx_word' id='word_1_653' title='bbox 1327 1899 1376 1933; x_wconf 81' lang='grc' dir='ltr'>τὴν</span> <span class='ocrx_word' id='word_1_654' title='bbox 1407 1899 1588 1934; x_wconf 80' lang='grc' dir='ltr'>Ἰερουσαλήμ</span> <span class='ocrx_word' id='word_1_655' title='bbox 1600 1907 1607 1914; x_wconf 76' lang='grc'><strong>⁸</strong></span> <span class='ocrx_word' id='word_1_656' title='bbox 1636 1909 1645 1925; x_wconf 86' lang='lat'><strong>1</strong></span> <span class='ocrx_word' id='word_1_657' title='bbox 1661 1900 1810 1932; x_wconf 78' lang='grc' dir='ltr'>Διάνοιξον,</span> <span class='ocrx_word' id='word_1_658' title='bbox 1828 1901 1843 1926; x_wconf 80' lang='grc' dir='ltr'>ὁ</span> 
     </span>
    </p>
   </div>
   <div class='ocr_carea' id='block_1_85' title="bbox 1048 1943 1842 1980">
    <p class='ocr_par' dir='ltr' id='par_1_85' title="bbox 1048 1943 1842 1980">
     <span class='ocr_line' id='line_1_85' title="bbox 1048 1943 1842 1980; baseline 0.004 -11"><span class='ocrx_word' id='word_1_659' title='bbox 1048 1943 1174 1974; x_wconf 67' lang='grc' dir='ltr'>Λίϐανος,</span> <span class='ocrx_word' id='word_1_660' title='bbox 1190 1943 1239 1975; x_wconf 82' lang='grc' dir='ltr'><strong>τὰς</strong></span> <span class='ocrx_word' id='word_1_661' title='bbox 1265 1943 1348 1979; x_wconf 83' lang='grc' dir='ltr'>θύρας</span> <span class='ocrx_word' id='word_1_662' title='bbox 1366 1953 1423 1977; x_wconf 74' lang='grc' dir='ltr'>σου,</span> <span class='ocrx_word' id='word_1_663' title='bbox 1441 1945 1488 1971; x_wconf 83' lang='grc' dir='ltr'><strong>καὶ</strong></span> <span class='ocrx_word' id='word_1_664' title='bbox 1506 1945 1691 1980; x_wconf 74' lang='grc' dir='ltr'>καταφαγέτω</span> <span class='ocrx_word' id='word_1_665' title='bbox 1716 1945 1772 1980; x_wconf 78' lang='grc' dir='ltr'>πῦρ</span> <span class='ocrx_word' id='word_1_666' title='bbox 1793 1945 1842 1976; x_wconf 71' lang='grc' dir='ltr'>τὰς</span> 
     </span>
    </p>
   </div>
   <div class='ocr_carea' id='block_1_86' title="bbox 1049 1989 1842 2027">
    <p class='ocr_par' dir='ltr' id='par_1_86' title="bbox 1049 1989 1842 2027">
     <span class='ocr_line' id='line_1_86' title="bbox 1049 1989 1842 2027; baseline 0.003 -12"><span class='ocrx_word' id='word_1_667' title='bbox 1049 1989 1159 2024; x_wconf 80' lang='grc' dir='ltr'>κέδρους</span> <span class='ocrx_word' id='word_1_668' title='bbox 1183 1998 1229 2016; x_wconf 82' lang='grc' dir='ltr'><strong>σου</strong></span> <span class='ocrx_word' id='word_1_669' title='bbox 1244 1998 1249 2003; x_wconf 91' lang='grc'><strong>·</strong></span> <span class='ocrx_word' id='word_1_670' title='bbox 1266 1989 1418 2023; x_wconf 77' lang='grc' dir='ltr'>ὀλολύξατε,</span> <span class='ocrx_word' id='word_1_671' title='bbox 1435 1991 1515 2026; x_wconf 82' lang='grc' dir='ltr'>δρῦες</span> <span class='ocrx_word' id='word_1_672' title='bbox 1529 1991 1578 2027; x_wconf 74' lang='grc' dir='ltr'>τῆς</span> <span class='ocrx_word' id='word_1_673' title='bbox 1598 1991 1784 2025; x_wconf 79' lang='grc' dir='ltr'>Βασανίτιδῡς,</span> <span class='ocrx_word' id='word_1_674' title='bbox 1801 1993 1842 2018; x_wconf 78' lang='grc' dir='ltr'>ὅτι</span> 
     </span>
    </p>
   </div>
   <div class='ocr_carea' id='block_1_87' title="bbox 1049 2034 1840 2072">
    <p class='ocr_par' dir='ltr' id='par_1_87' title="bbox 1049 2034 1840 2072">
     <span class='ocr_line' id='line_1_87' title="bbox 1049 2034 1840 2072; baseline 0.005 -12"><span class='ocrx_word' id='word_1_675' title='bbox 1049 2034 1224 2069; x_wconf 70' lang='grc' dir='ltr'>κατεσπάσθη</span> <span class='ocrx_word' id='word_1_676' title='bbox 1242 2035 1256 2060; x_wconf 80' lang='grc' dir='ltr'>ὁ</span> <span class='ocrx_word' id='word_1_677' title='bbox 1269 2035 1394 2070; x_wconf 81' lang='grc' dir='ltr'>δρυμὺςὸ</span> <span class='ocrx_word' id='word_1_678' title='bbox 1415 2035 1567 2071; x_wconf 78' lang='grc' dir='ltr'>σύμφυτος.</span> <span class='ocrx_word' id='word_1_679' title='bbox 1593 2047 1602 2063; x_wconf 74' lang='grc' dir='ltr'>ι</span> <span class='ocrx_word' id='word_1_680' title='bbox 1621 2038 1677 2064; x_wconf 80' lang='grc' dir='ltr'><strong>Καὶ</strong></span> <span class='ocrx_word' id='word_1_681' title='bbox 1691 2038 1722 2064; x_wconf 79' lang='grc' dir='ltr'><strong>οὗ</strong></span> <span class='ocrx_word' id='word_1_682' title='bbox 1738 2037 1770 2072; x_wconf 87' lang='grc' dir='ltr'>δή</span> <span class='ocrx_word' id='word_1_683' title='bbox 1789 2046 1840 2063; x_wconf 81' lang='grc' dir='ltr'><strong>που</strong></span> 
     </span>
    </p>
   </div>
   <div class='ocr_carea' id='block_1_88' title="bbox 1049 2081 1841 2118">
    <p class='ocr_par' dir='ltr' id='par_1_88' title="bbox 1049 2081 1841 2118">
     <span class='ocr_line' id='line_1_88' title="bbox 1049 2081 1841 2118; baseline 0.004 -12"><span class='ocrx_word' id='word_1_684' title='bbox 1049 2081 1116 2115; x_wconf 78' lang='grc' dir='ltr'>φαίη</span> <span class='ocrx_word' id='word_1_685' title='bbox 1132 2089 1172 2111; x_wconf 87' lang='grc' dir='ltr'><strong>τις</strong></span> <span class='ocrx_word' id='word_1_686' title='bbox 1190 2081 1233 2111; x_wconf 84' lang='grc' dir='ltr'>ἂν,</span> <span class='ocrx_word' id='word_1_687' title='bbox 1249 2081 1286 2112; x_wconf 84' lang='grc' dir='ltr'>ὼς</span> <span class='ocrx_word' id='word_1_688' title='bbox 1300 2081 1392 2107; x_wconf 81' lang='grc' dir='ltr'>πίτυσί</span> <span class='ocrx_word' id='word_1_689' title='bbox 1405 2090 1434 2107; x_wconf 84' lang='grc' dir='ltr'><strong>τε</strong></span> <span class='ocrx_word' id='word_1_690' title='bbox 1452 2082 1498 2108; x_wconf 82' lang='grc' dir='ltr'>καὶ</span> <span class='ocrx_word' id='word_1_691' title='bbox 1519 2083 1610 2117; x_wconf 84' lang='grc' dir='ltr'>μέντοι</span> <span class='ocrx_word' id='word_1_692' title='bbox 1630 2083 1725 2118; x_wconf 72' lang='grc' dir='ltr'>δρυσὶν</span> <span class='ocrx_word' id='word_1_693' title='bbox 1747 2083 1841 2110; x_wconf 74' lang='grc' dir='ltr'>ὀλολύ-</span> 
     </span>
    </p>
   </div>
   <div class='ocr_carea' id='block_1_89' title="bbox 207 2120 994 2166">
    <p class='ocr_par' dir='ltr' id='par_1_89' title="bbox 207 2120 992 2158">
     <span class='ocr_line' id='line_1_89' title="bbox 207 2120 992 2158; baseline 0.013 -13"><span class='ocrx_word' id='word_1_694' title='bbox 207 2120 359 2146; x_wconf 84' lang='lat' dir='ltr'><strong>assimilarc</strong></span> <span class='ocrx_word' id='word_1_695' title='bbox 383 2121 509 2155; x_wconf 86' lang='lat' dir='ltr'><strong>dignatur</strong></span> <span class='ocrx_word' id='word_1_696' title='bbox 532 2121 613 2158; x_wconf 81' lang='lat' dir='ltr'><strong>lignis</strong></span> <span class='ocrx_word' id='word_1_697' title='bbox 653 2124 875 2154; x_wconf 88' lang='lat' dir='ltr'><strong>innumerabilem</strong></span> <span class='ocrx_word' id='word_1_698' title='bbox 900 2135 992 2155; x_wconf 83' lang='lat' dir='ltr'><strong>eorum</strong></span> 
     </span>
    </p>
   </div>
   <div class='ocr_carea' id='block_1_90' title="bbox 1084 2120 1837 2166">
    <p class='ocr_par' dir='ltr' id='par_1_90' title="bbox 1084 2126 1837 2166">
     <span class='ocr_line' id='line_1_90' title="bbox 1084 2126 1837 2166; baseline -0.004 -14"><span class='ocrx_word' id='word_1_699' title='bbox 1084 2136 1103 2152; x_wconf 68' lang='lat' dir='ltr'><strong>,v</strong></span> <span class='ocrx_word' id='word_1_700' title='bbox 1114 2126 1275 2153; x_wconf 78' lang='grc' dir='ltr'>ἐντέλλεται·</span> <span class='ocrx_word' id='word_1_701' title='bbox 1297 2127 1393 2162; x_wconf 75' lang='grc' dir='ltr'>κομιδῇ</span> <span class='ocrx_word' id='word_1_702' title='bbox 1412 2127 1465 2162; x_wconf 76' lang='grc' dir='ltr'>γὰρ</span> <span class='ocrx_word' id='word_1_703' title='bbox 1485 2127 1580 2164; x_wconf 70' lang='grc' dir='ltr'>εὔηθες</span> <span class='ocrx_word' id='word_1_704' title='bbox 1605 2129 1634 2155; x_wconf 68' lang='grc' dir='ltr'>τὸ</span> <span class='ocrx_word' id='word_1_705' title='bbox 1651 2129 1747 2166; x_wconf 71' lang='grc' dir='ltr'>χρῆμά</span> <span class='ocrx_word' id='word_1_706' title='bbox 1770 2130 1837 2155; x_wconf 71' lang='grc' dir='ltr'><strong>ἐστι·</strong></span> 
     </span>
    </p>
   </div>
   <div class='ocr_carea' id='block_1_91' title="bbox 206 2164 993 2203">
    <p class='ocr_par' dir='ltr' id='par_1_91' title="bbox 206 2164 993 2203">
     <span class='ocr_line' id='line_1_91' title="bbox 206 2164 993 2203; baseline 0.014 -13"><span class='ocrx_word' id='word_1_707' title='bbox 206 2164 295 2199; x_wconf 90' lang='lat' dir='ltr'><strong>quiin</strong></span> <span class='ocrx_word' id='word_1_708' title='bbox 313 2165 424 2193; x_wconf 87' lang='lat' dir='ltr'><strong>urbibus</strong></span> <span class='ocrx_word' id='word_1_709' title='bbox 451 2172 514 2193; x_wconf 85' lang='lat' dir='ltr'><strong>sunt</strong></span> <span class='ocrx_word' id='word_1_710' title='bbox 543 2173 570 2195; x_wconf 90' lang='lat' dir='ltr'><strong>et</strong></span> <span class='ocrx_word' id='word_1_711' title='bbox 595 2170 748 2203; x_wconf 87' lang='lat' dir='ltr'><strong>regionibus</strong></span> <span class='ocrx_word' id='word_1_712' title='bbox 784 2172 993 2201; x_wconf 89' lang='lat' dir='ltr'><strong>multitudinem.</strong></span> 
     </span>
    </p>
   </div>
   <div class='ocr_carea' id='block_1_92' title="bbox 207 2209 994 2253">
    <p class='ocr_par' dir='ltr' id='par_1_92' title="bbox 207 2209 994 2253">
     <span class='ocr_line' id='line_1_92' title="bbox 207 2209 994 2253; baseline 0.017 -19"><span class='ocrx_word' id='word_1_713' title='bbox 207 2209 351 2236; x_wconf 83' lang='lat' dir='ltr'><strong>Ulularunt</strong></span> <span class='ocrx_word' id='word_1_714' title='bbox 369 2215 458 2236; x_wconf 85' lang='lat' dir='ltr'><strong>autem</strong></span> <span class='ocrx_word' id='word_1_715' title='bbox 476 2210 572 2245; x_wconf 68' lang='lat' dir='ltr'><strong>Judaei,</strong></span> <span class='ocrx_word' id='word_1_716' title='bbox 595 2220 656 2241; x_wconf 91' lang='lat' dir='ltr'><strong>cum</strong></span> <span class='ocrx_word' id='word_1_717' title='bbox 672 2215 789 2242; x_wconf 86' lang='lat' dir='ltr'><strong>hostium</strong></span> <span class='ocrx_word' id='word_1_718' title='bbox 805 2217 901 2253; x_wconf 71' lang='lat' dir='ltr'><strong>gladiis</strong></span> <span class='ocrx_word' id='word_1_719' title='bbox 928 2219 994 2247; x_wconf 82' lang='lat' dir='ltr'><strong>sub-</strong></span> 
     </span>
    </p>
   </div>
   <div class='ocr_carea' id='block_1_93' title="bbox 205 2255 995 2293">
    <p class='ocr_par' dir='ltr' id='par_1_93' title="bbox 205 2255 995 2293">
     <span class='ocr_line' id='line_1_93' title="bbox 205 2255 995 2293; baseline 0.015 -13"><span class='ocrx_word' id='word_1_720' title='bbox 205 2255 366 2288; x_wconf 83' lang='lat' dir='ltr'><strong>jicerenlur,</strong></span> <span class='ocrx_word' id='word_1_721' title='bbox 392 2261 502 2291; x_wconf 89' lang='lat' dir='ltr'><strong>propter</strong></span> <span class='ocrx_word' id='word_1_722' title='bbox 522 2259 687 2293; x_wconf 87' lang='lat' dir='ltr'><strong>impietatem</strong></span> <span class='ocrx_word' id='word_1_723' title='bbox 712 2261 738 2288; x_wconf 92' lang='lat' dir='ltr'><strong>in</strong></span> <span class='ocrx_word' id='word_1_724' title='bbox 752 2261 901 2291; x_wconf 84' lang='lat' dir='ltr'><strong>Christum.</strong></span> <span class='ocrx_word' id='word_1_725' title='bbox 918 2264 995 2292; x_wconf 61' lang='lat' dir='ltr'><strong>Psal-</strong></span> 
     </span>
    </p>
   </div>
   <div class='ocr_carea' id='block_1_94' title="bbox 208 2301 994 2340">
    <p class='ocr_par' dir='ltr' id='par_1_94' title="bbox 208 2301 994 2340">
     <span class='ocr_line' id='line_1_94' title="bbox 208 2301 994 2340; baseline 0.015 -13"><span class='ocrx_word' id='word_1_726' title='bbox 208 2301 291 2334; x_wconf 89' lang='lat' dir='ltr'><strong>litque</strong></span> <span class='ocrx_word' id='word_1_727' title='bbox 304 2301 410 2330; x_wconf 88' lang='lat' dir='ltr'><strong>divinus</strong></span> <span class='ocrx_word' id='word_1_728' title='bbox 424 2302 516 2335; x_wconf 86' lang='lat' dir='ltr'><strong>David,</strong></span> <span class='ocrx_word' id='word_1_729' title='bbox 534 2309 627 2339; x_wconf 81' lang='lat' dir='ltr'><strong>utpote</strong></span> <span class='ocrx_word' id='word_1_730' title='bbox 646 2307 803 2340; x_wconf 86' lang='lat' dir='ltr'><strong>apparituro</strong></span> <span class='ocrx_word' id='word_1_731' title='bbox 829 2317 889 2336; x_wconf 79' lang='lat' dir='ltr'><strong>mox</strong></span> <span class='ocrx_word' id='word_1_732' title='bbox 914 2310 994 2339; x_wconf 86' lang='lat' dir='ltr'><strong>Chri-</strong></span> 
     </span>
    </p>
   </div>
   <div class='ocr_carea' id='block_1_95' title="bbox 152 2347 998 2392">
    <p class='ocr_par' dir='ltr' id='par_1_95' title="bbox 152 2347 998 2392">
     <span class='ocr_line' id='line_1_95' title="bbox 152 2347 998 2392; baseline 0.015 -21"><span class='ocrx_word' id='word_1_733' title='bbox 152 2364 158 2371; x_wconf 73' lang='lat'>,</span> <span class='ocrx_word' id='word_1_734' title='bbox 208 2351 250 2373; x_wconf 79' lang='lat' dir='ltr'><strong>sto</strong></span> <span class='ocrx_word' id='word_1_735' title='bbox 283 2347 310 2373; x_wconf 89' lang='lat' dir='ltr'><strong>in</strong></span> <span class='ocrx_word' id='word_1_736' title='bbox 332 2349 475 2376; x_wconf 88' lang='lat' dir='ltr'><strong>mundo:1</strong></span> <span class='ocrx_word' id='word_1_737' title='bbox 500 2349 576 2378; x_wconf 89' lang='lat' dir='ltr'><strong>Tunc</strong></span> <span class='ocrx_word' id='word_1_738' title='bbox 600 2353 772 2380; x_wconf 79' lang='lat' dir='ltr'><strong>exsultabunt</strong></span> <span class='ocrx_word' id='word_1_739' title='bbox 805 2356 895 2382; x_wconf 89' lang='lat' dir='ltr'><strong>omnia</strong></span> <span class='ocrx_word' id='word_1_740' title='bbox 927 2356 998 2392; x_wconf 83' lang='lat' dir='ltr'><strong>ligna</strong></span> 
     </span>
    </p>
   </div>
   <div class='ocr_carea' id='block_1_96' title="bbox 207 2392 997 2434">
    <p class='ocr_par' dir='ltr' id='par_1_96' title="bbox 207 2392 997 2434">
     <span class='ocr_line' id='line_1_96' title="bbox 207 2392 997 2434; baseline 0.015 -16"><span class='ocrx_word' id='word_1_741' title='bbox 207 2392 291 2424; x_wconf 62' lang='lat' dir='ltr'><strong>silvae,</strong></span> <span class='ocrx_word' id='word_1_742' title='bbox 315 2401 329 2420; x_wconf 88' lang='lat' dir='ltr'><strong>a</strong></span> <span class='ocrx_word' id='word_1_743' title='bbox 351 2393 419 2422; x_wconf 81' lang='lat' dir='ltr'><strong>facie</strong></span> <span class='ocrx_word' id='word_1_744' title='bbox 437 2394 553 2429; x_wconf 89' lang='lat' dir='ltr'><strong>Domini,</strong></span> <span class='ocrx_word' id='word_1_745' title='bbox 584 2397 647 2432; x_wconf 86' lang='lat' dir='ltr'><strong>quia</strong></span> <span class='ocrx_word' id='word_1_746' title='bbox 665 2399 739 2426; x_wconf 85' lang='lat' dir='ltr'><strong>venit</strong></span> <span class='ocrx_word' id='word_1_747' title='bbox 760 2401 792 2426; x_wconf 89' lang='lat' dir='ltr'><strong>ad</strong></span> <span class='ocrx_word' id='word_1_748' title='bbox 813 2400 997 2434; x_wconf 76' lang='lat' dir='ltr'><strong>iudicandum</strong></span> 
     </span>
    </p>
   </div>
   <div class='ocr_carea' id='block_1_97' title="bbox 209 2438 999 2480">
    <p class='ocr_par' dir='ltr' id='par_1_97' title="bbox 209 2438 999 2480">
     <span class='ocr_line' id='line_1_97' title="bbox 209 2438 999 2480; baseline 0.015 -17"><span class='ocrx_word' id='word_1_749' title='bbox 209 2443 306 2464; x_wconf 84' lang='lat' dir='ltr'><strong>terram</strong></span> <span class='ocrx_word' id='word_1_750' title='bbox 317 2438 366 2465; x_wconf 75' lang='grc'><strong>⁵⁸.»</strong></span> <span class='ocrx_word' id='word_1_751' title='bbox 381 2439 483 2475; x_wconf 81' lang='lat' dir='ltr'><strong>ltaque,</strong></span> <span class='ocrx_word' id='word_1_752' title='bbox 503 2450 512 2467; x_wconf 94' lang='lat'><strong>1</strong></span> <span class='ocrx_word' id='word_1_753' title='bbox 526 2441 555 2469; x_wconf 90' lang='lat' dir='ltr'><strong>In</strong></span> <span class='ocrx_word' id='word_1_754' title='bbox 567 2443 645 2477; x_wconf 87' lang='lat' dir='ltr'><strong>silva,</strong></span> <span class='ocrx_word' id='word_1_755' title='bbox 657 2453 666 2470; x_wconf 75' lang='grc' dir='ltr'><strong>ι</strong></span> <span class='ocrx_word' id='word_1_756' title='bbox 680 2444 776 2480; x_wconf 87' lang='lat' dir='ltr'><strong>inquit,</strong></span> <span class='ocrx_word' id='word_1_757' title='bbox 784 2445 810 2473; x_wconf 82' lang='lat' dir='ltr'><strong>id</strong></span> <span class='ocrx_word' id='word_1_758' title='bbox 822 2450 873 2480; x_wconf 85' lang='lat' dir='ltr'><strong>est,</strong></span> <span class='ocrx_word' id='word_1_759' title='bbox 887 2447 914 2474; x_wconf 89' lang='lat' dir='ltr'><strong>in</strong></span> <span class='ocrx_word' id='word_1_760' title='bbox 930 2448 999 2475; x_wconf 94' lang='lat' dir='ltr'><strong>mul-</strong></span> 
     </span>
    </p>
   </div>
   <div class='ocr_carea' id='block_1_98' title="bbox 209 2484 999 2528">
    <p class='ocr_par' dir='ltr' id='par_1_98' title="bbox 209 2484 999 2528">
     <span class='ocr_line' id='line_1_98' title="bbox 209 2484 999 2528; baseline 0.015 -19"><span class='ocrx_word' id='word_1_761' title='bbox 209 2484 322 2512; x_wconf 90' lang='lat' dir='ltr'><strong>titudine</strong></span> <span class='ocrx_word' id='word_1_762' title='bbox 346 2486 480 2521; x_wconf 84' lang='lat' dir='ltr'><strong>gentium,</strong></span> <span class='ocrx_word' id='word_1_763' title='bbox 498 2495 546 2516; x_wconf 81' lang='lat' dir='ltr'><strong>seu</strong></span> <span class='ocrx_word' id='word_1_764' title='bbox 571 2489 598 2516; x_wconf 89' lang='lat' dir='ltr'><strong>in</strong></span> <span class='ocrx_word' id='word_1_765' title='bbox 618 2490 730 2519; x_wconf 87' lang='lat' dir='ltr'><strong>urbibus</strong></span> <span class='ocrx_word' id='word_1_766' title='bbox 745 2498 839 2519; x_wconf 83' lang='lat' dir='ltr'><strong>eorum</strong></span> <span class='ocrx_word' id='word_1_767' title='bbox 862 2497 890 2520; x_wconf 87' lang='lat' dir='ltr'><strong>et</strong></span> <span class='ocrx_word' id='word_1_768' title='bbox 910 2495 999 2528; x_wconf 81' lang='lat' dir='ltr'><strong>regio-</strong></span> 
     </span>
    </p>
   </div>
   <div class='ocr_carea' id='block_1_99' title="bbox 198 2529 1000 2571">
    <p class='ocr_par' dir='ltr' id='par_1_99' title="bbox 198 2529 1000 2571">
     <span class='ocr_line' id='line_1_99' title="bbox 198 2529 1000 2571; baseline 0.016 -16"><span class='ocrx_word' id='word_1_769' title='bbox 198 2529 296 2562; x_wconf 81' lang='lat' dir='ltr'><strong>nibus,</strong></span> <span class='ocrx_word' id='word_1_770' title='bbox 320 2541 329 2556; x_wconf 86' lang='lat'><strong>1</strong></span> <span class='ocrx_word' id='word_1_771' title='bbox 347 2533 428 2559; x_wconf 83' lang='lat' dir='ltr'><strong>ovilia</strong></span> <span class='ocrx_word' id='word_1_772' title='bbox 445 2539 525 2561; x_wconf 90' lang='lat' dir='ltr'><strong>erunt</strong></span> <span class='ocrx_word' id='word_1_773' title='bbox 565 2542 685 2571; x_wconf 83' lang='lat' dir='ltr'><strong>gregum,</strong></span> <span class='ocrx_word' id='word_1_774' title='bbox 706 2547 716 2563; x_wconf 75' lang='lat' dir='ltr'><strong>tt</strong></span> <span class='ocrx_word' id='word_1_775' title='bbox 744 2537 847 2566; x_wconf 87' lang='lat' dir='ltr'><strong>Christi</strong></span> <span class='ocrx_word' id='word_1_776' title='bbox 874 2540 1000 2567; x_wconf 87' lang='lat' dir='ltr'><strong>videlicet</strong></span> 
     </span>
    </p>
   </div>
   <div class='ocr_carea' id='block_1_100' title="bbox 208 2575 997 2618">
    <p class='ocr_par' dir='ltr' id='par_1_100' title="bbox 208 2575 997 2618">
     <span class='ocr_line' id='line_1_100' title="bbox 208 2575 997 2618; baseline 0.018 -18"><span class='ocrx_word' id='word_1_777' title='bbox 208 2575 333 2603; x_wconf 81' lang='lat' dir='ltr'><strong>Ecclesiae</strong></span> <span class='ocrx_word' id='word_1_778' title='bbox 353 2587 360 2603; x_wconf 87' lang='lat'>:</span> <span class='ocrx_word' id='word_1_779' title='bbox 388 2588 397 2604; x_wconf 92' lang='lat'><strong>1</strong></span> <span class='ocrx_word' id='word_1_780' title='bbox 412 2583 439 2606; x_wconf 84' lang='lat' dir='ltr'><strong>et</strong></span> <span class='ocrx_word' id='word_1_781' title='bbox 466 2580 544 2608; x_wconf 82' lang='lat' dir='ltr'><strong>vallis</strong></span> <span class='ocrx_word' id='word_1_782' title='bbox 565 2581 656 2610; x_wconf 85' lang='lat' dir='ltr'><strong>Achor</strong></span> <span class='ocrx_word' id='word_1_783' title='bbox 678 2584 786 2618; x_wconf 84' lang='lat' dir='ltr'><strong>requies</strong></span> <span class='ocrx_word' id='word_1_784' title='bbox 814 2590 997 2614; x_wconf 89' lang='lat' dir='ltr'><strong>armentorum</strong></span> 
     </span>
    </p>
   </div>
   <div class='ocr_carea' id='block_1_101' title="bbox 209 2619 997 2664">
    <p class='ocr_par' dir='ltr' id='par_1_101' title="bbox 209 2619 997 2664">
     <span class='ocr_line' id='line_1_101' title="bbox 209 2619 997 2664; baseline 0.015 -19"><span class='ocrx_word' id='word_1_785' title='bbox 209 2619 305 2653; x_wconf 87' lang='lat' dir='ltr'><strong>populo</strong></span> <span class='ocrx_word' id='word_1_786' title='bbox 317 2628 384 2654; x_wconf 91' lang='lat' dir='ltr'><strong>meo,</strong></span> <span class='ocrx_word' id='word_1_787' title='bbox 399 2623 444 2657; x_wconf 89' lang='lat' dir='ltr'><strong>qui</strong></span> <span class='ocrx_word' id='word_1_788' title='bbox 471 2625 595 2658; x_wconf 58' lang='lat' dir='ltr'><strong>quaesivit</strong></span> <span class='ocrx_word' id='word_1_789' title='bbox 611 2634 663 2654; x_wconf 89' lang='lat' dir='ltr'><strong>me.</strong></span> <span class='ocrx_word' id='word_1_790' title='bbox 683 2635 693 2652; x_wconf 74' lang='grc' dir='ltr'><strong>ι</strong></span> <span class='ocrx_word' id='word_1_791' title='bbox 708 2627 797 2654; x_wconf 83' lang='lat' dir='ltr'><strong>Acltor</strong></span> <span class='ocrx_word' id='word_1_792' title='bbox 822 2628 866 2656; x_wconf 87' lang='lat' dir='ltr'><strong>hic</strong></span> <span class='ocrx_word' id='word_1_793' title='bbox 905 2631 997 2664; x_wconf 70' lang='lat' dir='ltr'><strong>oriun-</strong></span> 
     </span>
    </p>
   </div>
   <div class='ocr_carea' id='block_1_102' title="bbox 209 2665 996 2708">
    <p class='ocr_par' dir='ltr' id='par_1_102' title="bbox 209 2665 996 2708">
     <span class='ocr_line' id='line_1_102' title="bbox 209 2665 996 2708; baseline 0.015 -17"><span class='ocrx_word' id='word_1_794' title='bbox 209 2665 258 2692; x_wconf 83' lang='lat' dir='ltr'><strong>dus</strong></span> <span class='ocrx_word' id='word_1_795' title='bbox 273 2670 365 2693; x_wconf 79' lang='lat' dir='ltr'><strong>estex</strong></span> <span class='ocrx_word' id='word_1_796' title='bbox 388 2669 491 2697; x_wconf 86' lang='lat' dir='ltr'><strong>semine</strong></span> <span class='ocrx_word' id='word_1_797' title='bbox 506 2670 603 2704; x_wconf 87' lang='lat' dir='ltr'><strong>Israel;</strong></span> <span class='ocrx_word' id='word_1_798' title='bbox 635 2672 723 2700; x_wconf 89' lang='lat' dir='ltr'><strong>deleta</strong></span> <span class='ocrx_word' id='word_1_799' title='bbox 761 2678 850 2701; x_wconf 85' lang='lat' dir='ltr'><strong>autem</strong></span> <span class='ocrx_word' id='word_1_800' title='bbox 877 2674 996 2708; x_wconf 85' lang='lat' dir='ltr'><strong>Jericho,</strong></span> 
     </span>
    </p>
   </div>
   <div class='ocr_carea' id='block_1_103' title="bbox 208 2709 997 2752">
    <p class='ocr_par' dir='ltr' id='par_1_103' title="bbox 208 2709 997 2752">
     <span class='ocr_line' id='line_1_103' title="bbox 208 2709 997 2752; baseline 0.015 -18"><span class='ocrx_word' id='word_1_801' title='bbox 208 2709 306 2737; x_wconf 78' lang='lat' dir='ltr'><strong>deinde</strong></span> <span class='ocrx_word' id='word_1_802' title='bbox 317 2710 428 2744; x_wconf 78' lang='lat' dir='ltr'><strong>iubente</strong></span> <span class='ocrx_word' id='word_1_803' title='bbox 449 2713 503 2743; x_wconf 90' lang='lat' dir='ltr'><strong>Deo</strong></span> <span class='ocrx_word' id='word_1_804' title='bbox 518 2715 601 2751; x_wconf 80' lang='lat'><strong>897</strong></span> <span class='ocrx_word' id='word_1_805' title='bbox 613 2717 703 2744; x_wconf 89' lang='lat' dir='ltr'><strong>omnia</strong></span> <span class='ocrx_word' id='word_1_806' title='bbox 723 2724 783 2752; x_wconf 80' lang='lat' dir='ltr'><strong>quae</strong></span> <span class='ocrx_word' id='word_1_807' title='bbox 804 2717 830 2745; x_wconf 90' lang='lat' dir='ltr'><strong>in</strong></span> <span class='ocrx_word' id='word_1_808' title='bbox 844 2725 874 2745; x_wconf 90' lang='lat' dir='ltr'><strong>ea</strong></span> <span class='ocrx_word' id='word_1_809' title='bbox 891 2718 997 2746; x_wconf 81' lang='lat' dir='ltr'><strong>fuerant</strong></span> 
     </span>
    </p>
   </div>
   <div class='ocr_carea' id='block_1_104' title="bbox 244 2767 806 2809">
    <p class='ocr_par' dir='ltr' id='par_1_104' title="bbox 244 2767 806 2809">
     <span class='ocr_line' id='line_1_104' title="bbox 244 2767 806 2809; baseline 0.02 -16"><span class='ocrx_word' id='word_1_810' title='bbox 244 2767 266 2783; x_wconf 83' lang='grc'><strong>⁸³</strong></span> <span class='ocrx_word' id='word_1_811' title='bbox 282 2768 360 2809; x_wconf 48' lang='grc' dir='ltr'><strong>Ιὶ-οέη.</strong></span> <span class='ocrx_word' id='word_1_812' title='bbox 379 2779 418 2805; x_wconf 76' lang='lat' dir='ltr'><strong>xu,</strong></span> <span class='ocrx_word' id='word_1_813' title='bbox 435 2773 460 2800; x_wconf 84' lang='lat'><strong>5.</strong></span> <span class='ocrx_word' id='word_1_814' title='bbox 499 2774 519 2790; x_wconf 85' lang='lat'><strong>&quot;&#39;</strong></span> <span class='ocrx_word' id='word_1_815' title='bbox 538 2775 633 2803; x_wconf 80' lang='lat' dir='ltr'><strong>Matth.</strong></span> <span class='ocrx_word' id='word_1_816' title='bbox 646 2783 674 2809; x_wconf 86' lang='lat' dir='ltr'><strong>v,</strong></span> <span class='ocrx_word' id='word_1_817' title='bbox 690 2776 734 2809; x_wconf 77' lang='grc' dir='ltr'>Η,</span> <span class='ocrx_word' id='word_1_818' title='bbox 761 2777 806 2804; x_wconf 78' lang='grc'><strong>15.</strong></span> 
     </span>
    </p>
   </div>
   <div class='ocr_carea' id='block_1_105' title="bbox 210 2803 340 2835">
    <p class='ocr_par' dir='ltr' id='par_1_105' title="bbox 210 2803 340 2835">
     <span class='ocr_line' id='line_1_105' title="bbox 210 2803 340 2835; baseline 0.015 -7"><span class='ocrx_word' id='word_1_819' title='bbox 210 2809 271 2835; x_wconf 81' lang='lat' dir='ltr'><strong>xcv,</strong></span> <span class='ocrx_word' id='word_1_820' title='bbox 297 2803 340 2830; x_wconf 66' lang='grc' dir='ltr'><strong>ιε.</strong></span> 
     </span>
    </p>
   </div>
   <div class='ocr_carea' id='block_1_106' title="bbox 864 2777 1081 2813">
    <p class='ocr_par' dir='ltr' id='par_1_106' title="bbox 864 2777 1081 2813">
     <span class='ocr_line' id='line_1_106' title="bbox 864 2777 1081 2813; baseline 0 -7"><span class='ocrx_word' id='word_1_821' title='bbox 864 2777 886 2793; x_wconf 81' lang='grc'><strong><em>⁵³</em></strong></span> <span class='ocrx_word' id='word_1_822' title='bbox 908 2777 972 2813; x_wconf 83' lang='lat' dir='ltr'><strong>Sup.</strong></span> <span class='ocrx_word' id='word_1_823' title='bbox 999 2786 1027 2812; x_wconf 74' lang='grc' dir='ltr'><strong>ν,</strong></span> <span class='ocrx_word' id='word_1_824' title='bbox 1056 2779 1081 2806; x_wconf 82' lang='grc'><strong>5.</strong></span> 
     </span>
    </p>
   </div>
   <div class='ocr_carea' id='block_1_107' title="bbox 1048 2171 1838 2211">
    <p class='ocr_par' dir='ltr' id='par_1_107' title="bbox 1048 2171 1838 2211">
     <span class='ocr_line' id='line_1_107' title="bbox 1048 2171 1838 2211; baseline 0.006 -14"><span class='ocrx_word' id='word_1_825' title='bbox 1048 2172 1135 2205; x_wconf 76' lang='grc' dir='ltr'>ξύλοις</span> <span class='ocrx_word' id='word_1_826' title='bbox 1152 2171 1191 2202; x_wconf 85' lang='grc' dir='ltr'>δὲ,</span> <span class='ocrx_word' id='word_1_827' title='bbox 1219 2172 1256 2204; x_wconf 82' lang='grc' dir='ltr'>ὡς</span> <span class='ocrx_word' id='word_1_828' title='bbox 1279 2172 1355 2208; x_wconf 73' lang='grc' dir='ltr'>ἔφην,</span> <span class='ocrx_word' id='word_1_829' title='bbox 1375 2173 1523 2208; x_wconf 65' lang='grc' dir='ltr'>ἀφομοιοῦν</span> <span class='ocrx_word' id='word_1_830' title='bbox 1550 2174 1622 2207; x_wconf 81' lang='grc' dir='ltr'>ἀξιοῖ</span> <span class='ocrx_word' id='word_1_831' title='bbox 1644 2175 1693 2205; x_wconf 73' lang='grc' dir='ltr'>τὴν</span> <span class='ocrx_word' id='word_1_832' title='bbox 1721 2175 1838 2211; x_wconf 74' lang='grc' dir='ltr'>ἀριθμοῦ</span> 
     </span>
    </p>
   </div>
   <div class='ocr_carea' id='block_1_108' title="bbox 1048 2217 1837 2256">
    <p class='ocr_par' dir='ltr' id='par_1_108' title="bbox 1048 2217 1837 2256">
     <span class='ocr_line' id='line_1_108' title="bbox 1048 2217 1837 2256; baseline 0.006 -14"><span class='ocrx_word' id='word_1_833' title='bbox 1048 2217 1188 2252; x_wconf 79' lang='grc' dir='ltr'>κρείττονα</span> <span class='ocrx_word' id='word_1_834' title='bbox 1202 2217 1305 2252; x_wconf 68' lang='grc' dir='ltr'>πληθὺν</span> <span class='ocrx_word' id='word_1_835' title='bbox 1320 2217 1374 2244; x_wconf 81' lang='grc' dir='ltr'><strong>τῶν</strong></span> <span class='ocrx_word' id='word_1_836' title='bbox 1386 2219 1413 2244; x_wconf 74' lang='grc' dir='ltr'>ἐν</span> <span class='ocrx_word' id='word_1_837' title='bbox 1425 2220 1486 2250; x_wconf 80' lang='grc' dir='ltr'>ταῖς</span> <span class='ocrx_word' id='word_1_838' title='bbox 1503 2219 1598 2246; x_wconf 76' lang='grc' dir='ltr'>πόλεσὶ</span> <span class='ocrx_word' id='word_1_839' title='bbox 1615 2229 1644 2246; x_wconf 81' lang='grc' dir='ltr'><strong>τε</strong></span> <span class='ocrx_word' id='word_1_840' title='bbox 1667 2221 1714 2247; x_wconf 79' lang='grc' dir='ltr'>καὶ</span> <span class='ocrx_word' id='word_1_841' title='bbox 1726 2221 1837 2256; x_wconf 74' lang='grc' dir='ltr'>χώραις.</span> 
     </span>
    </p>
   </div>
   <div class='ocr_carea' id='block_1_109' title="bbox 1055 2262 1840 2301">
    <p class='ocr_par' dir='ltr' id='par_1_109' title="bbox 1055 2262 1840 2301">
     <span class='ocr_line' id='line_1_109' title="bbox 1055 2262 1840 2301; baseline 0.005 -12"><span class='ocrx_word' id='word_1_842' title='bbox 1055 2262 1192 2294; x_wconf 78' lang='grc' dir='ltr'>Ὠλόλυζον</span> <span class='ocrx_word' id='word_1_843' title='bbox 1220 2263 1249 2288; x_wconf 85' lang='grc' dir='ltr'>δὲ</span> <span class='ocrx_word' id='word_1_844' title='bbox 1270 2264 1328 2294; x_wconf 65' lang='grc' dir='ltr'>ταῖς</span> <span class='ocrx_word' id='word_1_845' title='bbox 1343 2263 1396 2289; x_wconf 78' lang='grc' dir='ltr'>τῶν</span> <span class='ocrx_word' id='word_1_846' title='bbox 1411 2264 1544 2298; x_wconf 78' lang='grc' dir='ltr'>πολεμὲων</span> <span class='ocrx_word' id='word_1_847' title='bbox 1574 2267 1724 2301; x_wconf 83' lang='grc' dir='ltr'>μαχαίραις</span> <span class='ocrx_word' id='word_1_848' title='bbox 1742 2267 1840 2293; x_wconf 68' lang='grc' dir='ltr'>ὑποπί-</span> 
     </span>
    </p>
   </div>
   <div class='ocr_carea' id='block_1_110' title="bbox 1048 2309 1839 2345">
    <p class='ocr_par' dir='ltr' id='par_1_110' title="bbox 1048 2309 1839 2345">
     <span class='ocr_line' id='line_1_110' title="bbox 1048 2309 1839 2345; baseline 0.008 -11"><span class='ocrx_word' id='word_1_849' title='bbox 1048 2317 1160 2340; x_wconf 75' lang='grc' dir='ltr'>πτοντες</span> <span class='ocrx_word' id='word_1_850' title='bbox 1179 2309 1299 2335; x_wconf 77' lang='grc' dir='ltr'>Ἰουδαῖοι</span> <span class='ocrx_word' id='word_1_851' title='bbox 1314 2309 1357 2335; x_wconf 78' lang='grc' dir='ltr'>διὰ</span> <span class='ocrx_word' id='word_1_852' title='bbox 1371 2311 1420 2344; x_wconf 74' lang='grc' dir='ltr'>τὴν</span> <span class='ocrx_word' id='word_1_853' title='bbox 1432 2311 1470 2341; x_wconf 83' lang='grc' dir='ltr'><strong>εἰς</strong></span> <span class='ocrx_word' id='word_1_854' title='bbox 1483 2311 1599 2345; x_wconf 79' lang='grc' dir='ltr'>Χριστὸν</span> <span class='ocrx_word' id='word_1_855' title='bbox 1612 2312 1751 2340; x_wconf 73' lang='grc' dir='ltr'>ἀσέϐειαν.</span> <span class='ocrx_word' id='word_1_856' title='bbox 1763 2314 1839 2340; x_wconf 75' lang='grc' dir='ltr'><strong>Ψάλ-</strong></span> 
     </span>
    </p>
   </div>
   <div class='ocr_carea' id='block_1_111' title="bbox 1048 2354 1840 2392">
    <p class='ocr_par' dir='ltr' id='par_1_111' title="bbox 1048 2354 1840 2392">
     <span class='ocr_line' id='line_1_111' title="bbox 1048 2354 1840 2392; baseline 0.006 -12"><span class='ocrx_word' id='word_1_857' title='bbox 1048 2354 1088 2380; x_wconf 86' lang='grc' dir='ltr'><strong>λει</strong></span> <span class='ocrx_word' id='word_1_858' title='bbox 1102 2354 1129 2381; x_wconf 77' lang='grc' dir='ltr'>δέ</span> <span class='ocrx_word' id='word_1_859' title='bbox 1145 2363 1196 2380; x_wconf 85' lang='grc' dir='ltr'><strong>που</strong></span> <span class='ocrx_word' id='word_1_860' title='bbox 1214 2355 1261 2380; x_wconf 79' lang='grc' dir='ltr'>καὶ</span> <span class='ocrx_word' id='word_1_861' title='bbox 1278 2355 1292 2381; x_wconf 87' lang='grc' dir='ltr'><strong>ὀ</strong></span> <span class='ocrx_word' id='word_1_862' title='bbox 1308 2354 1450 2386; x_wconf 70' lang='grc' dir='ltr'>θεσπέσιος</span> <span class='ocrx_word' id='word_1_863' title='bbox 1464 2355 1546 2382; x_wconf 71' lang='grc' dir='ltr'>Δαϐὶδ</span> <span class='ocrx_word' id='word_1_864' title='bbox 1557 2376 1563 2388; x_wconf 88' lang='grc'><strong>,</strong></span> <span class='ocrx_word' id='word_1_865' title='bbox 1588 2356 1635 2383; x_wconf 73' lang='grc' dir='ltr'>ἅτε</span> <span class='ocrx_word' id='word_1_866' title='bbox 1649 2357 1681 2392; x_wconf 81' lang='grc' dir='ltr'>δὴ</span> <span class='ocrx_word' id='word_1_867' title='bbox 1697 2358 1840 2392; x_wconf 79' lang='grc' dir='ltr'>μέλλοντος</span> 
     </span>
    </p>
   </div>
   <div class='ocr_carea' id='block_1_112' title="bbox 1049 2400 1842 2438">
    <p class='ocr_par' dir='ltr' id='par_1_112' title="bbox 1049 2400 1842 2438">
     <span class='ocr_line' id='line_1_112' title="bbox 1049 2400 1842 2438; baseline 0.008 -12"><span class='ocrx_word' id='word_1_868' title='bbox 1049 2401 1239 2435; x_wconf 76' lang='grc' dir='ltr'>ἐπιφαίνεσθαι</span> <span class='ocrx_word' id='word_1_869' title='bbox 1253 2400 1292 2436; x_wconf 83' lang='grc' dir='ltr'>τῷ</span> <span class='ocrx_word' id='word_1_870' title='bbox 1305 2401 1400 2436; x_wconf 76' lang='grc' dir='ltr'>κόσμῳ</span> <span class='ocrx_word' id='word_1_871' title='bbox 1411 2401 1539 2436; x_wconf 81' lang='grc' dir='ltr'>Χριστοῦ·</span> <span class='ocrx_word' id='word_1_872' title='bbox 1555 2411 1564 2428; x_wconf 90' lang='lat'><strong>1</strong></span> <span class='ocrx_word' id='word_1_873' title='bbox 1582 2403 1648 2429; x_wconf 80' lang='grc' dir='ltr'>Τότε</span> <span class='ocrx_word' id='word_1_874' title='bbox 1663 2404 1842 2438; x_wconf 74' lang='grc' dir='ltr'>ἁγαλλιὰσον-</span> 
     </span>
    </p>
   </div>
   <div class='ocr_carea' id='block_1_113' title="bbox 1047 2446 1840 2486">
    <p class='ocr_par' dir='ltr' id='par_1_113' title="bbox 1047 2446 1840 2486">
     <span class='ocr_line' id='line_1_113' title="bbox 1047 2446 1840 2486; baseline 0.008 -14"><span class='ocrx_word' id='word_1_875' title='bbox 1047 2454 1091 2472; x_wconf 86' lang='grc' dir='ltr'><strong>ται</strong></span> <span class='ocrx_word' id='word_1_876' title='bbox 1100 2446 1188 2473; x_wconf 84' lang='grc' dir='ltr'>πάντα</span> <span class='ocrx_word' id='word_1_877' title='bbox 1197 2446 1232 2473; x_wconf 80' lang='grc' dir='ltr'><strong>τὰ</strong></span> <span class='ocrx_word' id='word_1_878' title='bbox 1240 2446 1306 2479; x_wconf 80' lang='grc' dir='ltr'>ξύλα</span> <span class='ocrx_word' id='word_1_879' title='bbox 1319 2446 1365 2473; x_wconf 81' lang='grc' dir='ltr'><strong>τοῦ</strong></span> <span class='ocrx_word' id='word_1_880' title='bbox 1378 2446 1481 2482; x_wconf 81' lang='grc' dir='ltr'>δρυμοῦ</span> <span class='ocrx_word' id='word_1_881' title='bbox 1494 2447 1546 2474; x_wconf 82' lang='grc' dir='ltr'><strong>ἀπὸ</strong></span> <span class='ocrx_word' id='word_1_882' title='bbox 1559 2449 1707 2483; x_wconf 84' lang='grc' dir='ltr'>προσώπου</span> <span class='ocrx_word' id='word_1_883' title='bbox 1722 2451 1840 2486; x_wconf 76' lang='grc' dir='ltr'>Κυρίου,</span> 
     </span>
    </p>
   </div>
   <div class='ocr_carea' id='block_1_114' title="bbox 1046 2492 1841 2533">
    <p class='ocr_par' dir='ltr' id='par_1_114' title="bbox 1046 2492 1841 2533">
     <span class='ocr_line' id='line_1_114' title="bbox 1046 2492 1841 2533; baseline 0.006 -15"><span class='ocrx_word' id='word_1_884' title='bbox 1046 2492 1087 2519; x_wconf 79' lang='grc' dir='ltr'>ὅτι</span> <span class='ocrx_word' id='word_1_885' title='bbox 1102 2492 1212 2527; x_wconf 78' lang='grc' dir='ltr'>ἔρχεται</span> <span class='ocrx_word' id='word_1_886' title='bbox 1227 2494 1318 2528; x_wconf 85' lang='grc' dir='ltr'>κρῖναι</span> <span class='ocrx_word' id='word_1_887' title='bbox 1334 2493 1384 2528; x_wconf 84' lang='grc' dir='ltr'>τὴν</span> <span class='ocrx_word' id='word_1_888' title='bbox 1400 2493 1461 2528; x_wconf 77' lang='grc' dir='ltr'><strong>γῆν.</strong></span> <span class='ocrx_word' id='word_1_889' title='bbox 1481 2502 1490 2519; x_wconf 73' lang='grc' dir='ltr'><strong>ι</strong></span> <span class='ocrx_word' id='word_1_890' title='bbox 1501 2494 1620 2526; x_wconf 74' lang='grc' dir='ltr'>Οὐκοῦν,</span> <span class='ocrx_word' id='word_1_891' title='bbox 1633 2504 1643 2521; x_wconf 92' lang='lat'><strong>1</strong></span> <span class='ocrx_word' id='word_1_892' title='bbox 1656 2495 1701 2522; x_wconf 82' lang='grc' dir='ltr'>Ἐν</span> <span class='ocrx_word' id='word_1_893' title='bbox 1715 2496 1756 2531; x_wconf 83' lang='grc' dir='ltr'>τῷ</span> <span class='ocrx_word' id='word_1_894' title='bbox 1774 2497 1841 2533; x_wconf 82' lang='grc' dir='ltr'>δρυ-</span> 
     </span>
    </p>
   </div>
   <div class='ocr_carea' id='block_1_115' title="bbox 1048 2536 1840 2577">
    <p class='ocr_par' dir='ltr' id='par_1_115' title="bbox 1048 2536 1840 2577">
     <span class='ocr_line' id='line_1_115' title="bbox 1048 2536 1840 2577; baseline 0.01 -15"><span class='ocrx_word' id='word_1_895' title='bbox 1048 2536 1103 2572; x_wconf 83' lang='grc' dir='ltr'>μῷ,</span> <span class='ocrx_word' id='word_1_896' title='bbox 1123 2546 1132 2562; x_wconf 75' lang='grc' dir='ltr'><strong><em>ι</em></strong></span> <span class='ocrx_word' id='word_1_897' title='bbox 1151 2538 1239 2573; x_wconf 79' lang='grc' dir='ltr'>φησὶ,</span> <span class='ocrx_word' id='word_1_898' title='bbox 1259 2538 1408 2571; x_wconf 84' lang='grc' dir='ltr'>τουτέστιν,</span> <span class='ocrx_word' id='word_1_899' title='bbox 1432 2539 1461 2565; x_wconf 83' lang='grc' dir='ltr'>ὲν</span> <span class='ocrx_word' id='word_1_900' title='bbox 1485 2540 1518 2574; x_wconf 80' lang='grc' dir='ltr'>τῇ</span> <span class='ocrx_word' id='word_1_901' title='bbox 1539 2539 1595 2566; x_wconf 79' lang='grc' dir='ltr'><strong>τῶν</strong></span> <span class='ocrx_word' id='word_1_902' title='bbox 1619 2541 1706 2568; x_wconf 79' lang='grc' dir='ltr'>ἐθνῶν</span> <span class='ocrx_word' id='word_1_903' title='bbox 1726 2542 1840 2577; x_wconf 71' lang='grc' dir='ltr'>πληθιῗῑ,</span> 
     </span>
    </p>
   </div>
   <div class='ocr_carea' id='block_1_116' title="bbox 1047 2583 1840 2621">
    <p class='ocr_par' dir='ltr' id='par_1_116' title="bbox 1047 2583 1840 2621">
     <span class='ocr_line' id='line_1_116' title="bbox 1047 2583 1840 2621; baseline 0.008 -12"><span class='ocrx_word' id='word_1_904' title='bbox 1047 2583 1106 2619; x_wconf 78' lang='grc' dir='ltr'>ἦτοι</span> <span class='ocrx_word' id='word_1_905' title='bbox 1128 2585 1188 2615; x_wconf 79' lang='grc' dir='ltr'>ταῖς</span> <span class='ocrx_word' id='word_1_906' title='bbox 1213 2583 1304 2610; x_wconf 83' lang='grc' dir='ltr'>αὐτῶν</span> <span class='ocrx_word' id='word_1_907' title='bbox 1316 2583 1410 2610; x_wconf 82' lang='grc' dir='ltr'>πόλεσι</span> <span class='ocrx_word' id='word_1_908' title='bbox 1420 2593 1449 2610; x_wconf 87' lang='grc' dir='ltr'><strong>τε</strong></span> <span class='ocrx_word' id='word_1_909' title='bbox 1470 2585 1517 2611; x_wconf 76' lang='grc' dir='ltr'>καὶ</span> <span class='ocrx_word' id='word_1_910' title='bbox 1533 2585 1646 2621; x_wconf 82' lang='grc' dir='ltr'>χώραις,</span> <span class='ocrx_word' id='word_1_911' title='bbox 1672 2597 1681 2612; x_wconf 87' lang='lat'><strong>1</strong></span> <span class='ocrx_word' id='word_1_912' title='bbox 1709 2588 1840 2619; x_wconf 71' lang='grc' dir='ltr'>ἐπαύλεις</span> 
     </span>
    </p>
   </div>
   <div class='ocr_carea' id='block_1_117' title="bbox 1046 2628 1837 2668">
    <p class='ocr_par' dir='ltr' id='par_1_117' title="bbox 1046 2628 1837 2668">
     <span class='ocr_line' id='line_1_117' title="bbox 1046 2628 1837 2668; baseline 0.008 -14"><span class='ocrx_word' id='word_1_913' title='bbox 1046 2628 1152 2655; x_wconf 73' lang='grc' dir='ltr'>ἔσονται</span> <span class='ocrx_word' id='word_1_914' title='bbox 1176 2628 1320 2663; x_wconf 83' lang='grc' dir='ltr'>ποιμνίων,</span> <span class='ocrx_word' id='word_1_915' title='bbox 1344 2638 1353 2654; x_wconf 72' lang='grc' dir='ltr'><strong>ι</strong></span> <span class='ocrx_word' id='word_1_916' title='bbox 1375 2629 1534 2664; x_wconf 79' lang='grc' dir='ltr'>Ἐκκλησὶαι</span> <span class='ocrx_word' id='word_1_917' title='bbox 1562 2631 1684 2666; x_wconf 74' lang='grc' dir='ltr'>δηλονότι</span> <span class='ocrx_word' id='word_1_918' title='bbox 1706 2633 1837 2668; x_wconf 78' lang='grc' dir='ltr'>Χριστοῦ,</span> 
     </span>
    </p>
   </div>
   <div class='ocr_carea' id='block_1_118' title="bbox 1049 2673 1840 2714">
    <p class='ocr_par' dir='ltr' id='par_1_118' title="bbox 1049 2673 1840 2714">
     <span class='ocr_line' id='line_1_118' title="bbox 1049 2673 1840 2714; baseline 0.009 -15"><span class='ocrx_word' id='word_1_919' title='bbox 1049 2683 1057 2699; x_wconf 93' lang='lat'><strong>1</strong></span> <span class='ocrx_word' id='word_1_920' title='bbox 1068 2674 1114 2700; x_wconf 78' lang='grc' dir='ltr'>καὶ</span> <span class='ocrx_word' id='word_1_921' title='bbox 1129 2673 1237 2709; x_wconf 81' lang='grc' dir='ltr'>φάραγξ</span> <span class='ocrx_word' id='word_1_922' title='bbox 1255 2673 1344 2709; x_wconf 79' lang='grc' dir='ltr'>Ἀχὼρ</span> <span class='ocrx_word' id='word_1_923' title='bbox 1359 2674 1398 2706; x_wconf 88' lang='grc' dir='ltr'><strong>είς</strong></span> <span class='ocrx_word' id='word_1_924' title='bbox 1409 2674 1563 2701; x_wconf 78' lang='grc' dir='ltr'>ἀνάπαυσιν</span> <span class='ocrx_word' id='word_1_925' title='bbox 1575 2676 1724 2710; x_wconf 85' lang='grc' dir='ltr'>βουκολίων</span> <span class='ocrx_word' id='word_1_926' title='bbox 1732 2678 1772 2714; x_wconf 80' lang='grc' dir='ltr'>τῷ</span> <span class='ocrx_word' id='word_1_927' title='bbox 1784 2679 1840 2714; x_wconf 81' lang='grc' dir='ltr'>λαῷ</span> 
     </span>
    </p>
   </div>
   <div class='ocr_carea' id='block_1_119' title="bbox 1048 2716 1839 2758">
    <p class='ocr_par' dir='ltr' id='par_1_119' title="bbox 1048 2716 1839 2758">
     <span class='ocr_line' id='line_1_119' title="bbox 1048 2716 1839 2758; baseline 0.009 -14"><span class='ocrx_word' id='word_1_928' title='bbox 1048 2727 1108 2754; x_wconf 87' lang='grc' dir='ltr'>μου,</span> <span class='ocrx_word' id='word_1_929' title='bbox 1125 2719 1149 2746; x_wconf 81' lang='grc' dir='ltr'><strong>οἳ</strong></span> <span class='ocrx_word' id='word_1_930' title='bbox 1168 2717 1303 2753; x_wconf 73' lang='grc' dir='ltr'>ἐζήτησάν</span> <span class='ocrx_word' id='word_1_931' title='bbox 1321 2727 1381 2753; x_wconf 72' lang='grc' dir='ltr'>με.»</span> <span class='ocrx_word' id='word_1_932' title='bbox 1407 2718 1495 2754; x_wconf 79' lang='grc' dir='ltr'>Ἀχὼρ</span> <span class='ocrx_word' id='word_1_933' title='bbox 1512 2716 1600 2752; x_wconf 74' lang='grc' dir='ltr'>οὗτος,</span> <span class='ocrx_word' id='word_1_934' title='bbox 1615 2721 1713 2756; x_wconf 78' lang='grc' dir='ltr'>γέγονε</span> <span class='ocrx_word' id='word_1_935' title='bbox 1733 2724 1784 2758; x_wconf 81' lang='grc' dir='ltr'>μέν</span> <span class='ocrx_word' id='word_1_936' title='bbox 1798 2732 1839 2755; x_wconf 86' lang='grc' dir='ltr'><strong>τις</strong></span> 
     </span>
    </p>
   </div>
   <div class='ocr_carea' id='block_1_120' title="bbox 1135 2777 1837 2811">
    <p class='ocr_par' dir='ltr' id='par_1_120' title="bbox 1135 2777 1837 2811">
     <span class='ocr_line' id='line_1_120' title="bbox 1135 2777 1837 2811; baseline 0.007 -7"><span class='ocrx_word' id='word_1_937' title='bbox 1135 2777 1158 2794; x_wconf 80' lang='grc'><strong>⁵⁸</strong></span> <span class='ocrx_word' id='word_1_938' title='bbox 1175 2778 1183 2804; x_wconf 96' lang='lat' dir='ltr'><strong>l</strong></span> <span class='ocrx_word' id='word_1_939' title='bbox 1203 2777 1265 2805; x_wconf 87' lang='lat' dir='ltr'><strong>Cor.</strong></span> <span class='ocrx_word' id='word_1_940' title='bbox 1284 2784 1314 2810; x_wconf 89' lang='lat' dir='ltr'><strong>ll,</strong></span> <span class='ocrx_word' id='word_1_941' title='bbox 1331 2777 1357 2805; x_wconf 83' lang='lat'><strong>9.</strong></span> <span class='ocrx_word' id='word_1_942' title='bbox 1411 2778 1433 2793; x_wconf 81' lang='grc'><strong><em>⁵⁷</em></strong></span> <span class='ocrx_word' id='word_1_943' title='bbox 1450 2778 1531 2805; x_wconf 82' lang='lat' dir='ltr'><strong>Zach.</strong></span> <span class='ocrx_word' id='word_1_944' title='bbox 1552 2786 1590 2811; x_wconf 84' lang='lat' dir='ltr'><strong>xt,</strong></span> <span class='ocrx_word' id='word_1_945' title='bbox 1607 2779 1633 2811; x_wconf 81' lang='lat' dir='ltr'><strong>l,</strong></span> <span class='ocrx_word' id='word_1_946' title='bbox 1650 2780 1678 2807; x_wconf 78' lang='grc'><strong>2.</strong></span> <span class='ocrx_word' id='word_1_947' title='bbox 1728 2781 1751 2797; x_wconf 82' lang='grc'><strong>⁵³</strong></span> <span class='ocrx_word' id='word_1_948' title='bbox 1766 2781 1837 2809; x_wconf 82' lang='lat' dir='ltr'><strong>Psal.</strong></span> 
     </span>
    </p>
   </div>
  </div>
