1893 3052
51 146 124 174 Hi?)

604 148 635 175 ΙΝ
658 149 774 176 ISAlAM
793 149 856 176 LIB.
877 150 908 177 ν.
930 150 1046 178 TOMUS
1070 150 1110 178 Vl.

50 205 109 232 τῶν
124 204 154 238 ἐξ
171 204 287 240 αἵματος
310 205 416 241 Ἰσραήλ
428 213 434 220 ·
451 205 663 241 πεπορθημένης
678 206 706 232 δὲ
722 207 772 241 τῆς
796 207 829 232 Ἰε

896 215 1066 240 consecrare,
1098 207 1202 235 furatus
1217 213 1259 235 est
1280 215 1312 235 ex
1346 208 1526 234 anathemate.
1564 206 1679 234 Mande-

51 250 133 286 ριχὼ,
155 249 214 277 εἶτα
238 250 306 277 Θεοῦ
322 251 525 287 προστάξαντος
540 252 737 286 ἀναθεματίσαι
754 253 842 279 πάντα

49 297 86 323 τὰ
100 298 129 322 ἐν
152 297 232 332 αὐτῇ,
253 297 387 331 κέκλοφεν
405 297 437 323 ἐκ
459 297 506 324 τοῦ
529 297 710 332 ἀναθέματος.
734 298 841 334 Ἐπειδὴ

48 342 78 369 δὲ
92 342 259 378 παρεδείχθη
277 342 353 377 παρὰ
367 343 446 375 Θεοῦ,
475 343 576 379 πικρὰς
601 343 720 378 ἐζητήοη
746 344 840 376 δίκας·

48 387 176 414 ἀπόλωλε
194 388 248 422 γὰρ
263 387 383 419 πανοικὶ,
398 388 592 424 καθορίσαντος
607 389 690 416 αὐτοῦ
702 389 750 425 τὴν
765 390 842 425 δίκην

55 432 147 466 Ἰησοῦ
161 432 208 459 τοῦ
221 433 310 468 Ναυῆ.
329 433 383 460 Ἦν
393 431 439 461 οὖν
447 435 502 470 ἄρα
515 435 554 467 εἰς
569 435 690 470 κατάραν
702 437 718 471 ἠ
734 435 842 471 φάραγξ

48 478 64 511 ή
86 478 186 513 Ἀχὼρ.
203 478 330 505 Τοιαῦται
346 479 375 506 δέ
391 488 450 511 πως
465 481 512 507 καὶ
524 482 552 508 αί
566 481 622 508 τῶν
632 482 717 508 ἐθνῶν
735 482 839 518 χῶραι·

48 531 153 558 κεκατη
159 524 273 558 ραμέναι
286 524 351 560 γὰρ,
365 526 412 552 καὶ
427 526 572 561 θεομισεῖς.
594 527 632 559 ὼς
648 528 753 560 οὐδενὸς
766 529 840 561 ὄντος

47 569 76 594 ἐν
87 568 183 601 αὑταῖς
196 570 243 596 τοῦ
260 571 306 598 τὸν
324 571 404 606 φύσει
417 571 482 598 Θεὸν
500 572 600 605 εἰδότος
610 581 617 588 ⁸
636 573 693 600 ἀλλ’
711 575 727 610 ὴ
742 574 840 601 ἐπικα-

47 612 168 647 τάρατος
175 613 262 649 χώρα,
273 615 349 650 φησὶ,
364 615 434 642 κατὰ
446 616 509 648 τοὺς
520 617 651 649 παλαιοὺς
663 618 704 650 εἰς
717 619 840 646 ἀνάπαυ-

48 666 91 684 σιν
104 657 181 684 ἔσται
195 658 352 693 βουκολίων,
367 661 502 694 τουτέστι,
526 663 606 697 σηκοὶ
622 663 765 698 προϐάτων
779 672 839 700 νοη-

46 703 113 734 τῶν,
132 703 184 730 ὑπὸ
197 705 277 740 χεῖρα
302 705 420 740 Χριστοῦ
432 706 480 733 τοῦ
503 707 614 734 πάντων
633 708 838 744 ἀρχιποιμένος,

45 747 75 779 ὃς
91 751 147 780 τοῖς
165 749 298 777 Ἰουδαίων
313 750 410 786 δήμοις
431 752 650 789 προσπεφώνηκε
670 754 757 788 λέγων
775 755 840 790 περὶ

45 795 101 820 τῶν
115 794 211 828 ἐθνῶν,
231 805 241 822 ε
260 796 314 822 Καὶ
337 796 404 823 ἄλλα
426 797 550 833 πρόϐατα
565 799 619 833 ἔχω
632 819 639 830 ,
660 798 679 826 ἃ
700 799 750 826 οὐκ
765 799 838 827 ἐστιν

46 840 79 866 ἐκ
96 841 146 875 τῆς
160 840 245 876 αὐλῆς
264 841 365 877 ταύτης
378 861 385 873 ,
410 843 524 870 κάκεῖνά
544 852 577 878 με
593 843 634 870 δεῖ
647 844 770 879 ἀγαγεῖν,
791 845 838 872 καὶ

892 258 978 280 Status
994 260 1009 279 a
1031 254 1096 285 Deo,
1115 254 1226 281 acerbas
1243 260 1336 288 punias
1354 254 1426 280 dedit
1441 263 1447 281 :
1467 261 1527 279 nam
1544 260 1604 279 cum
1621 258 1675 279 tota

892 298 972 325 domo
985 299 1074 333 periit,
1083 306 1191 333 pernam
1204 300 1230 326 in
1251 299 1324 326 illum
1335 303 1471 325 statuente
1483 298 1545 324 Jesu
1560 298 1613 324 lilio
1625 297 1678 324 Na-

893 350 934 370 ve.
952 343 1044 377 Itaque
1053 344 1227 372 exsecrabilis
1241 343 1310 371 facta
1325 349 1366 371 est
1383 343 1456 370 vallis
1470 344 1570 370 Achor.
1583 342 1678 376 Cujus-

898 389 970 415 tnodi
988 394 1067 416 erant
1084 390 1206 423 regiones
1216 390 1346 424 gentium,
1365 389 1543 417 exsocrationi
1563 389 1676 421 devotae,
1710 387 1713 390 ’

892 438 919 460 et
943 434 999 461 Deo
1017 433 1120 467 invise,
1136 438 1228 468 utpote
1249 442 1311 461 cum
1326 435 1353 462 in
1370 435 1421 462 illis
1434 434 1523 462 nullus
1553 434 1599 465 sit.
1631 434 1676 468 qui

892 484 988 506 natura
1003 480 1086 507 Deum
1103 481 1235 515 cognorit.
1248 479 1358 514 Verum,
1390 481 1487 515 inquit,
1522 480 1579 507 haec
1603 479 1678 512 regio

891 526 989 560 priscis
1008 527 1173 561 temporibus
1202 527 1380 560 exsecranda,
1417 527 1527 561 requies
1559 527 1612 553 erit
1630 533 1676 553 ar-

892 575 1057 604 mentorum,
1084 572 1110 599 id
1127 577 1179 605 est,
1196 572 1300 600 stabula
1324 572 1415 600 ovium
1456 572 1675 607 intelligihilium,

891 617 982 644 manui
1006 616 1107 645 Christi
1136 617 1265 653 principis
1297 618 1417 645 omnium
1440 618 1558 653 pastoris
1585 617 1677 652 subje-

890 667 1005 696 ctarum,
1020 664 1065 697 qui
1079 662 1220 690 Iudaicum
1238 663 1363 698 populant
1372 656 1503 691 allocutus
1517 669 1570 696 est,
1581 663 1676 691 dicens

890 709 924 736 de
940 708 1085 743 gentibus:
1106 718 1116 734 ι
1139 708 1212 736 Alias
1228 716 1293 737 oves
1319 709 1416 743 habeo,
1442 717 1503 744 qute
1537 717 1591 737 non
1613 714 1676 737 sunt

890 754 924 781 de
938 754 1002 781 ovili
1019 754 1071 781 hoe
1083 763 1089 781 :
1104 761 1171 788 quas
1183 755 1262 782 etiam
1276 758 1383 789 oportet
1399 762 1443 782 me
1457 755 1600 787 adducere,
1609 755 1676 782 erit.

889 807 942 835 que
969 807 1051 828 unum
1078 800 1159 833 ovile,
1184 808 1253 828 unus
1284 805 1376 836 pastor
1388 801 1422 828 ".
1442 810 1453 827 ι
1488 801 1676 834 Quaasiverunt

889 854 1007 881 namque
1020 846 1093 873 illum
1112 854 1159 880 per
1173 846 1262 880 tidem,
1276 847 1322 881 qui
1333 846 1478 881 aliquando
1492 851 1652 874 erraverunt
1666 855 1673 873 :

45 886 208 921 γενήσονται
224 887 272 922 μία
289 888 403 924 ποίμνη,
413 886 454 919 εἷς
465 889 578 924 ποιμήν.
593 898 603 915 ι
622 889 775 926 Ἐζήτησαν
783 891 829 926 γὰε

891 899 942 926 qtto
958 891 1077 924 invento,
1099 891 1161 919 facti
1187 896 1250 919 sunt
1270 891 1329 926 ejus
1345 892 1497 924 domestici,
1511 896 1539 918 et
1550 892 1675 919 concivcs

44 932 130 959 αὐτὸν
143 933 186 960 διὰ
198 933 248 968 τῆς
269 935 387 967 πίστεως
412 936 437 962 οι
452 936 517 962 ποτὲ
542 935 723 971 πλανώμενοι,
745 937 792 963 καὶ
804 936 836 972 δὴ

891 941 1044 964 sanctorum
1057 940 1084 963 et
1092 936 1247 964 cohmredes
1255 937 1450 971 promissorum
1459 937 1524 972 ipsis
1530 936 1672 964 bonorum.

45 979 92 1005 καὶ
106 979 245 1015 εὑρόντες,
264 981 358 1008 οἰκεῖοι
369 981 513 1016 γεγόνασιν
533 982 615 1010 αὐτοϋ
626 1002 633 1015 ,
658 983 705 1009 καὶ
725 983 887 1018 συμπολῖται
900 982 953 1010 τῶν
968 983 1063 1017 ἁγίων,
1091 984 1137 1010 καὶ
1152 983 1365 1019 συγκληρονόμοι
1394 983 1447 1010 τῶν
1465 984 1674 1019 ἐπηγγελμένων

43 1025 138 1055 αὐτοῖς
149 1025 271 1059 ἀγαθῶν.

85 1070 184 1105 ’Υμεῖς
199 1070 242 1104 δὲ,
259 1073 286 1098 οἰ
300 1071 551 1107 ἐγκαταλιπόντες
561 1083 610 1109 με,
618 1075 667 1101 καὶ
674 1075 834 1103 ἐπιλανθα-

43 1117 166 1151 νίμενοι
181 1117 216 1143 τὸ
239 1117 308 1151 ὅρος
324 1118 357 1144 τὸ
376 1118 461 1153 ἅγιόν
476 1129 547 1154 μου,
571 1121 620 1147 καὶ
634 1120 834 1156 ἑτοιμάζοντες

43 1160 83 1192 τῷ
105 1161 225 1196 δαΙμονι
247 1162 406 1195 τράπεζὰν,
422 1164 470 1190 ⁸ναί
488 1165 676 1198 πληροῦντες
695 1165 733 1199 τῇ
753 1166 833 1201 Τύχῃ

43 1207 191 1242 κέρασμα·
211 1207 268 1241 ἐγὼ
283 1208 450 1243 παραδώσω
463 1209 541 1244 ὑμᾶς
553 1212 595 1244 εὶς
611 1211 770 1245 μάχαιραν,
783 1212 831 1238 καί

42 1252 157 1284 πάντες
177 1253 212 1279 ἐν
228 1252 331 1288 σφαγῇ
351 1254 505 1286 πεσεῖσοε,
527 1255 571 1282 ὅτι
592 1256 725 1283 ἐκάλεσα
747 1256 835 1291 ὑμᾶς,

41 1297 90 1323 καὶ
103 1298 161 1331 οὐχ
172 1299 537 1335 ὑπηκούσατε¹ἐλάλησα,
551 1301 599 1328 καί
611 1302 834 1335 παρηκούσατε,

40 1343 90 1369 καί
111 1343 273 1378 ἐποιήσατε
289 1345 322 1371 τὸ
349 1346 484 1379 πονηρὸν
502 1346 642 1383 ἐναντίον
656 1355 726 1381 μου,
751 1347 799 1374 καὶ
816 1347 836 1379 d

40 1390 98 1416 οὐκ
113 1389 291 1424 ἐϐουλόμην,
305 1390 497 1422 ἐξελέξασθε.

77 1434 186 1469 ’Ὠσπερ
209 1435 320 1468 γέγονεν
349 1435 398 1461 οὐκ
428 1434 545 1470 ἀζήμιον
575 1437 633 1468 τοῖς
661 1436 692 1469 ἐξ
717 1437 831 1472 αἵματος

46 1480 158 1516 Ἰσραὴλ
176 1480 206 1506 τὸ
215 1480 362 1514 ἀπειθῆσαι
379 1480 499 1516 Χριστῷ,
525 1481 642 1509 δέδονται
652 1483 705 1518 γὰρ
716 1484 754 1514 εἰς
763 1491 832 1517 σφα-

40 1527 104 1561 γὴν,
125 1525 193 1560 ἐλέῳ
207 1525 276 1551 Θεοῦ
302 1525 349 1551 καὶ
374 1526 564 1563 φιλανθρωπίᾳ
589 1529 760 1563 σεσωσμένον
785 1528 832 1555 τοῦ

39 1570 276 1605 καταλείμματος,
296 1570 367 1597 οὕτω
382 1571 429 1597 καὶ
448 1571 494 1597 ἐπὶ
512 1573 545 1607 τῇ
564 1572 617 1599 τῶν
633 1573 717 1600 ἐθνῶν
736 1574 830 1610 κλήσει

40 1616 180 1651 συνήοεις.
208 1615 239 1641 Οί
266 1615 315 1650 μὲν
339 1616 393 1651 γὰρ
408 1616 458 1652 τὴν
475 1617 519 1644 διὰ
545 1618 663 1652 Χριστοῦ
694 1619 831 1654 σωτηρίαν

39 1660 227 1695 ἁρπάσαντες,
240 1659 293 1693 ἔξω
308 1661 435 1694 γεγόνασι
450 1662 497 1688 καὶ
515 1662 610 1697 πυρὸς,
625 1662 671 1689 καὶ
683 1663 770 1698 δίκης,
785 1664 832 1690 καὶ

38 1706 95 1732 τῶν
115 1707 148 1732 ἐκ
165 1705 239 1736 θείας
262 1705 366 1741 ὀργῆς·
389 1707 414 1732 οἱ
440 1707 468 1733 δὲ
491 1708 551 1738 ταῖς
573 1707 676 1733 ἑαυτῶν
701 1707 830 1743 ἀμαθίαις

40 1752 293 1788 ἐναπομείναντες,
321 1752 369 1778 καὶ
398 1753 581 1779 ἀναπόνιπτον
607 1754 754 1788 ἐσχηκότες
776 1754 830 1782 τῶν

37 1800 162 1835 ἀρχαίων
174 1798 342 1833 αἰτιαμάτων
356 1797 402 1824 τὸν
417 1798 562 1833 μολυσμὸν,
582 1799 625 1825 διὰ
638 1799 684 1825 τοῦ
702 1801 831 1835 προσκεῖ-

39 1845 104 1871 σθαι
119 1844 207 1871 θέλειν
225 1845 286 1875 ταῖς
305 1844 359 1870 τῶν
379 1843 497 1871 εἰδώλων
511 1844 659 1879 λατρείαις,
673 1844 830 1879 δοθήσονται

37 1891 110 1925 πρὸς
126 1890 245 1924 σφαγήν.
262 1889 479 1924 Κατοιχήσονται
495 1888 550 1924 γὰρ
561 1890 600 1920 εἰς
615 1889 689 1924 ᾅδου,
708 1890 755 1916 καὶ
771 1891 832 1917 ἀτε-

37 1937 169 1972 λεύτητον
185 1936 276 1968 ἕξουσι
293 1936 342 1971 τὴν
358 1935 402 1962 διὰ
425 1935 511 1970 πυρὸς
533 1935 685 1970 ἀκοιμήτου
709 1936 828 1963 κόλασιν.

42 1982 140 2016 Ὑμεῖς
154 1981 255 2013 τοίνυν,
278 1981 371 2016 φησὶν,
394 1981 419 2007 οἱ
442 1980 670 2014 ἐγκαταλιπόντες
690 1989 738 2016 με,
753 1989 830 2008 τουτ-

37 2028 125 2058 έστιν,
139 2027 163 2053 oi
180 2027 262 2062 μέχρι
277 2026 376 2058 παντὸς
387 2026 549 2058 ἀποστάται,
567 2027 613 2052 καὶ
627 2024 683 2053 οἷον
693 2027 732 2058 είς
744 2027 829 2063 λήθην

37 2071 270 2107 κατενηνεγμένοι
291 2071 408 2107 παντελῆ
425 2071 472 2098 τοῦ
495 2072 574 2108 ὅρους
596 2072 642 2098 τοῦ
668 2073 747 2107 ἁγίου
766 2082 828 2108 μου.

37 2117 75 2143 οὐ
94 2116 150 2152 γὰρ
164 2116 305 2151 ἀνέχονται
318 2125 390 2148 τινες
402 2116 455 2143 τῶν
475 2117 700 2153 πεπλανημένων,
717 2119 764 2145 καὶ
775 2118 829 2145 τῶν

36 2163 68 2197 τῇ
86 2162 176 2188 κτίσει
197 2161 426 2197 λελατρευκότων,
442 2162 496 2189 οὐδ’
513 2163 574 2189 ὅσον
588 2164 676 2190 εἰπεῖν
689 2164 785 2191 ειδέναι
799 2164 830 2190 τὺ

925 1074 1007 1101 Vnus.
1024 1073 1067 1106 11,
1094 1073 1136 1100 12.
1160 1073 1209 1100 Vos
1233 1079 1319 1100 autem
1340 1074 1383 1108 qui
1407 1073 1549 1108 reliquistis
1575 1082 1625 1107 me,
1649 1081 1673 1102 et

887 1119 960 1146 obliti
975 1121 1036 1145 eam
1062 1119 1157 1145 montis
1172 1119 1256 1145 sancti
1274 1119 1335 1149 mei,
1361 1123 1384 1144 et
1405 1123 1526 1152 parantes
1561 1120 1673 1146 dwmom'

886 1173 1014 1196 meum"),
1037 1169 1060 1191 et
1077 1164 1210 1198 implente;
1238 1163 1363 1191 Fortuna:
1389 1165 1541 1197 potionem:
1558 1173 1601 1191 υυι
1627 1173 1672 1199 ego

886 1209 992 1236 tradant
1008 1211 1034 1236 in
1051 1209 1183 1244 giadium,
1198 1214 1222 1236 et
1239 1217 1326 1236 omnes
1359 1211 1429 1236 cu'tle
1455 1210 1553 1236 cadetis
1567 1217 1577 1241 ;
1610 1210 1673 1244 quia

886 1255 973 1281 vocavi
999 1262 1052 1285 vos.
1067 1260 1090 1281 et
1107 1263 1157 1281 non
1176 1255 1313 1282 audivistis
1327 1261 1336 1280 :
1352 1255 1453 1281 locum:
1466 1263 1534 1286 sum.
1551 1260 1575 1281 et
1592 1256 1673 1282 abou-

884 1300 994 1331 dioistis,
1010 1305 1032 1326 et
1050 1300 1146 1335 [sciatis
1159 1301 1256 1327 malum
1271 1301 1298 1327 in
1314 1306 1450 1334 conspectu
1467 1309 1533 1332 meo,
1567 1306 1589 1327 et
1613 1309 1672 1335 quo:

885 1353 935 1372 non
947 1345 1073 1379 volebant,
1087 1346 1211 1381 elegistis.

921 1433 1152 1467 Quemadmodum
1172 1434 1285 1461 inultum
1300 1442 1352 1461 non
1380 1434 1496 1462 tulerunt
1533 1435 1669 1466 Israelitaa.

886 1486 946 1506 cum
958 1480 1066 1507 Christo
1080 1488 1132 1506 non
1151 1480 1302 1511 obcdireut,
1318 1480 1407 1506 traditi
1437 1485 1500 1507 sunt
1522 1480 1593 1507 eniut
1624 1488 1670 1507 oc-

887 1524 994 1557 cisioni,
1017 1524 1137 1559 reliquiis
1160 1524 1346 1552 misericordia
1374 1528 1401 1551 et
1424 1523 1593 1551 humanitate
1625 1524 1669 1550 Dei

883 1570 1015 1597 servatis:
1037 1570 1076 1596 sic
1100 1574 1126 1596 et
1158 1570 1183 1596 iu
1217 1570 1334 1603 gentium
1357 1569 1496 1596 vocatione
1527 1569 1668 1604 intelliges.

883 1615 932 1649 Qui
963 1623 1079 1650 natuque
1106 1614 1220 1642 salutem
1251 1622 1298 1649 per
1330 1614 1466 1642 Christum
1487 1615 1670 1648 arripuerunt,

884 1661 1016 1688 immunes
1052 1661 1160 1687 fuerunt
1200 1661 1233 1688 ab
1271 1661 1341 1695 igne,
1370 1659 1501 1694 supplicio
1529 1665 1556 1686 et
1599 1661 1670 1687 divi-

883 1715 916 1734 na
959 1707 1009 1734 ira.
1048 1707 1081 1733 At
1106 1707 1151 1741 qui
1196 1707 1221 1733 in
1251 1713 1299 1733 sua
1341 1710 1546 1740 permanserunt
1594 1706 1670 1740 igno-

882 1752 983 1784 rantia,
1000 1756 1028 1779 et
1041 1751 1240 1785 inquinamenta
1257 1756 1376 1778 veterum
1385 1750 1516 1778 scelerum
1532 1758 1584 1777 non
1598 1751 1670 1778 dele-

882 1799 1000 1827 runt,eo
1019 1795 1090 1829 quod
1113 1795 1354 1822 vellentidolorum
1377 1795 1564 1822 adhaerescere
1590 1795 1670 1822 culti-

881 1841 941 1873 bus,
960 1841 1100 1868 tradentur
1115 1842 1148 1868 ad
1163 1841 1271 1868 eadem.
1291 1841 1456 1881 Descendunt
1474 1842 1545 1868 enim
1562 1841 1596 1868 ad
1628 1842 1668 1868 in-

881 1886 964 1919 feros.
979 1892 1006 1914 et
1028 1887 1188 1922 supplicium
1201 1892 1331 1914 a-ternum
1351 1886 1488 1913 habebunt
1505 1894 1552 1921 per
1578 1888 1667 1921 ignem

881 1932 1070 1966 irrcquictum.
1088 1932 1139 1960 Vos
1153 1932 1244 1967 igitur,
1258 1932 1355 1967 inquit,
1372 1932 1520 1967 reliquistis
1558 1940 1612 1965 me,
1642 1933 1667 1960 id

880 1982 932 2011 est,
947 1985 1054 2012 semper
1074 1984 1216 2013 apostalm,
1233 1983 1260 2006 et
1280 1979 1324 2012 qui
1337 1986 1446 2012 prorsus
1466 1980 1537 2006 velut
1550 1979 1666 2006 oblivio-

881 2023 906 2050 ui
925 2023 1072 2050 tradidistis
1087 2028 1205 2051 montem
1215 2029 1337 2051 sanctqu
1352 2031 1452 2051 meum.
1468 2024 1582 2057 Quidam
1595 2025 1666 2051 enim

880 2061 926 2102 qui
944 2074 1102 2096 erraverunt
1131 2074 1158 2096 et
1183 2072 1314 2097 creaturae
1344 2070 1505 2102 servierunt,
1530 2076 1562 2097 ne
1588 2077 1667 2097 nosse

880 2114 999 2149 quidem,
1021 2117 1050 2140 ut
1062 2116 1101 2141 sic
1113 2115 1237 2147 dixerint,
1252 2116 1386 2143 sustinent
1400 2122 1497 2142 nomen
1514 2115 1642 2142 Ecclesia:
1656 2125 1664 2143 :

884 2168 893 2185 ι
913 2164 1038 2192 parantes
1055 2160 1192 2186 dromouiis
1209 2167 1327 2194 mensas,
1348 2165 1376 2188 et
1404 2161 1526 2196 potiones
1552 2161 1666 2196 impleu-

36 2208 86 2242 τῆς
101 2207 266 2242 Ἑκκλησίας
280 2207 365 2243 ὖνομα
377 2215 384 2222 ’
404 2217 413 2234 ι
425 2208 449 2234 oi
459 2209 515 2240 τοῖς
525 2208 675 2244 δαιμονίοις
690 2209 829 2243 τραπέζας

894 2213 923 2232 es
939 2205 1074 2231 Fortunzr.
1095 2214 1104 2230 ι
1123 2204 1178 2232 lloc
1213 2205 1381 2239 factitarunt,
1411 2214 1525 2242 quorum
1560 2207 1666 2234 animos

34 2253 196 2286 τελοῦντες,
222 2253 269 2279 κα)¹
293 2253 455 2289 κεράσματα
476 2253 643 2290 πληροῦντες
663 2257 696 2292 τῇ
717 2255 801 2292 den'
817 2265 826 2281 ’

37 2299 145 2334 ’Ἐδρων
169 2299 197 2325 δέ
218 2307 244 2325 τι
261 2299 382 2326 τοιοῦτον
397 2300 422 2326 οἱ
445 2299 599 2335 διαϐολικῆς
621 2301 719 2336 ἀχλύος
742 2307 829 2337 μεμε-

35 2345 180 2379 στωμένην
193 2345 297 2379 ἔχοντες
305 2345 354 2380 τὴν
363 2346 486 2381 καρδίαν.
497 2346 543 2378 Εἰς
556 2347 662 2382 σφαγὴν
675 2347 829 2383 παραδοθή-

35 2390 127 2421 σεσθε,
138 2390 187 2416 κᾶν
198 2391 271 2421 εἴτις
283 2391 344 2418 ὅτου
358 2393 437 2428 χάριν
447 2393 570 2440 τολμήσῃ
584 2393 683 2426 λέγειν,
693 2393 747 2428 ἐρῶ
762 2394 830 2429 πρὸς

34 2435 67 2461 αὑ
72 2435 118 2460 τόν
127 2443 133 2449 ·
144 2435 275 2461 Ἑκάλεσα
285 2437 331 2462 καὶ
342 2437 388 2471 οὺχ
399 2435 584 2472 ὑπηκούσατε,
594 2437 651 2463 ἀλλ’
660 2437 777 2473 ἔμμονον
784 2439 830 2464 καὶ

33 2479 224 2515 ἀναπόϐλητον
237 2481 313 2516 ἔχετε
334 2482 478 2517 πονηρίαν,
501 2482 571 2517 μόνα
586 2482 703 2517 δρῶντες
721 2484 756 2510 τὰ
773 2485 829 2516 τοῖς

32 2525 114 2560 ἐμοῖς
135 2525 274 2561 ἀπᾴδοντα
296 2527 399 2562 νόμοις,
421 2528 468 2554 καὶ¹
488 2528 762 2564 κατακιὸδηλεύοντες
779 2530 828 2565 μὲν

33 2571 125 2597 πάντα
144 2571 244 2606 τρόπον
269 2572 464 2608 ἀγαθουργίας,
488 2574 627 2602 ἀπόλεκτα
642 2575 671 2601 δὲ
692 2575 826 2602 ποιεῖσθαι

33 2615 243 2648 σπουδάζοντες,
258 2617 291 2643 τὰ
302 2617 337 2643 δι’
351 2613 388 2644 ὧν
402 2617 434 2644 ἄν
445 2626 486 2649 τις
500 2619 605 2653 γένοιτο
617 2619 717 2650 παντὸς
725 2620 825 2655 ἀνάμε-

33 2669 98 2692 στος
112 2660 210 2695 ῥύπου.

66 2705 120 2733 Διὰ
131 2706 218 2734 τοῦτο
228 2707 297 2734 τάδε
311 2708 392 2742 λέγει
404 2710 521 2743 Κύριος·
532 2710 604 2737 Ἰδοὺ
619 2712 646 2737 οι
659 2711 824 2738 δουλεύον-

30 2750 83 2785 τές
110 2759 162 2785 μοι
188 2751 343 2786 φάγονται,
360 2753 445 2789 ὑμεῖς
459 2754 493 2781 δὲ
516 2754 683 2783 πεινάσετε.
706 2756 778 2783 Ἰδοὺ
797 2757 824 2783 οἱ

66 2839 183 2867 ⁵⁹.1ι›;ιιι.
209 2847 237 2872 χ,
259 2839 302 2868 ‘lG.

882 2250 966 2286 898
980 2249 1112 2278 diabolica
1127 2250 1239 2284 caligine
1259 2251 1381 2286 oppletus
1408 2257 1477 2280 erat.
1510 2251 1664 2279 Trademini

883 2297 915 2324 ad
944 2297 1065 2324 credent:
1089 2296 1189 2330 Siquis
1204 2304 1311 2323 causam
1328 2297 1437 2324 audebit
1465 2305 1596 2332 quaarere,
1626 2298 1665 2325 sic

882 2342 906 2369 ei
926 2342 1072 2376 respondeo
1085 2352 1090 2368 :
1102 2341 1208 2373 Vocavi,
1222 2347 1312 2368 etnon
1329 2344 1479 2375 audivistis,
1497 2345 1543 2371 sed
1556 2352 1666 2371 manen-

883 2393 936 2415 tem
951 2387 1055 2415 habetis
1080 2388 1238 2422 nequitiam,
1256 2395 1315 2422 qua:
1335 2397 1387 2415 nou
1417 2394 1504 2424 potest
1521 2390 1612 2423 ahjici,
1638 2396 1665 2417 et

881 2442 912 2461 ea
933 2433 989 2461 sola
1008 2433 1120 2467 patratis
1149 2440 1213 2467 qua:
1229 2442 1243 2459 a
1268 2434 1334 2460 meis
1362 2434 1524 2462 dissentiunt
1549 2436 1664 2470 legibus,

880 2487 1040 2514 omnemque
1059 2479 1226 2506 honestatem
1243 2479 1411 2513 adulteratis,
1430 2487 1456 2507 et
1476 2481 1519 2508 illa
1537 2483 1665 2517 expetitis

879 2531 905 2553 ct
934 2526 1031 2560 eligitis
1043 2525 1172 2556 studiose,
1198 2526 1268 2552 unde
1283 2526 1366 2559 possit
1384 2526 1443 2560 quis
1468 2534 1548 2554 omne
1581 2536 1665 2563 genus

881 2569 1054 2604 turpitudinis
1075 2569 1246 2596 contrahere.

913 2708 996 2735 Vsus.
1015 2708 1108 2736 15—15.
1126 2708 1318 2741 Quamobrem,
1334 2710 1389 2735 Ιιωε
1419 2708 1481 2735 dicit
1511 2707 1635 2736 Dominus
1659 2718 1666 2737 :

878 2756 945 2782 Ercc
963 2757 1007 2790 qui
1027 2756 1140 2782 serviunt
1161 2756 1224 2782 milli
1253 2757 1404 2788 comedent;
1423 2764 1463 2783 vos
1490 2761 1574 2782 nulem
1602 2763 1666 2782 esu-

1609 150 1679 178 tttt
1705 178 1715 189 κ
