1893 3052
217 139 288 170 Nili

730 135 760 163 S.
781 135 919 163 CYRILLI
937 135 1176 164 ALEXANDRINI
1195 134 1356 163 ARCHIEP.

1793 134 1866 163 “:6

214 201 305 229 riuis.
327 199 395 227 Ecce
413 199 458 233 qtu'
477 197 593 225 seruiunt
624 196 701 229 mihi,
727 197 825 229 bibent,
854 205 898 224 vos
923 202 1010 223 autem

1106 195 1261 229 ι’λεύοντές
1287 204 1339 230 μοι
1366 195 1502 227 πίονται,
1527 195 1612 230 ὑμεῖς
1634 195 1668 222 δὲ
1693 194 1865 230 διψ-ήσητε.

219 245 321 273 sitietis.
360 243 427 270 Ecce
437 243 482 278 qui
507 242 620 269 serviunt
635 241 709 276 mihi,
725 241 894 274 (amburitur,
907 249 951 268 vos
965 250 1015 268 au-

221 296 272 316 tem
285 288 492 322 confuttdemini.
519 287 588 314 Ecce
614 288 659 322 qui
681 288 798 314 serviunt
821 287 897 320 mihi,
926 287 1014 314 exsul-

220 333 314 360 tubunt
335 333 362 359 in
384 333 492 364 (milia,
508 340 551 359 vos
564 337 652 359 autem
671 331 818 359 clauubitis
837 340 892 366 prae
925 332 1014 359 dolore

220 379 306 408 cordis
327 380 415 411 uestri,
447 384 470 406 et
484 386 539 413 prce
558 378 716 405 contritione
730 379 837 411 spiritus
866 378 1012 405 ululabilis.

220 425 372 461 Reliquistie
387 425 455 452 enim
464 432 556 451 nomen
571 429 695 456 oestrum,
709 424 736 450 in
749 424 914 450 saturitate»:
925 423 1013 450 electis

220 471 295 500 nteit.
313 470 366 498 Vos
387 475 473 497 autem
487 469 625 504 interﬁciet
644 469 781 496 Dominus.

261 559 408 595 Componit
421 566 529 593 semper
548 558 628 593 idque
658 556 814 585 necessario
829 565 889 584 cum
906 555 1014 584 coronis

220 613 367 639 aerumnas,
403 609 432 633 ut
442 609 557 640 utroque
567 605 647 632 modo
658 604 773 632 adducat
786 610 844 636 eos,
855 607 883 630 ut
896 603 1014 630 sentiant

220 657 248 680 et
259 653 362 680 faciant
373 660 434 688 qua:
457 652 508 687 ipsi
524 652 645 687 placent.
662 651 730 679 Nam
757 651 834 679 sicuti
853 650 963 685 premis
979 650 1013 677 ad

221 698 329 726 virtutis
343 697 509 726 desiderium
524 699 670 726 inescant:
691 699 732 725 sic
756 705 842 732 ptume
877 697 1013 724 acerbitas

221 752 236 771 a
253 744 400 772 vitiositate
413 743 549 772 interdum
569 744 701 776 deterret,
718 747 746 770 et
763 747 874 770 revocat
896 743 928 769 ad
957 750 1013 770 me-

221 789 299 817 liora.
312 789 545 818 Artiﬁciosissime
563 789 645 824 igitur
663 789 689 816 in
719 789 825 816 animos
855 793 1011 816 vocatorum

221 844 250 864 se
260 837 389 868 insinuat,
407 843 469 863 cum
488 836 598 870 praemia
620 835 673 862 illis
691 835 864 870 promittens,
880 840 936 862 tum
964 843 1013 870 pu-

222 883 352 910 uitionem
385 881 523 909 minitans.
542 891 552 908 ε
585 881 735 908 Comedent
757 881 839 915 enim,
859 890 869 907 ι

224 938 233 954 ι
249 928 294 963 qui
311 928 432 956 serviunt
461 927 585 961 mihi;at
617 935 665 954 vos
695 927 830 955 esurietis.
860 927 893 955 Et
920 927 1013 955 bibent

223 974 271 1006 illi,
296 978 324 1001 et
339 974 438 1001 sitietis
451 981 510 1001 vos.
531 982 541 999 ›
565 973 754 1001 Gaudentibus
775 973 838 1007 illis,
860 981 908 1001 vos
937 973 1013 1008 igno-

223 1019 305 1046 minia
320 1017 487 1046 alIiciemini.
503 1018 571 1046 Nam
595 1019 640 1054 qui
667 1024 762 1046 natura
796 1024 822 1046 et
848 1026 910 1047 vere
929 1019 1013 1047 Deum

223 1065 461 1100 aguoverint.eta
491 1064 559 1092 l‘also
593 1065 758 1100 nuncupatis
776 1065 828 1092 diis
857 1065 1014 1098 resilierint,

224 1111 338 1146 verique
359 1110 448 1139 cultus
488 1110 716 1146 pulchritudinem
747 1110 872 1138 admirati
905 1111 1015 1144 fuerint,

223 1156 421 1184 deliciabuntur
437 1163 500 1184 vere
515 1157 621 1191 superis
637 1156 884 1189 benedictionibus,
895 1157 1017 1193 saginan-

225 1206 266 1229 tes
279 1201 373 1234 corda,
405 1206 433 1229 et
463 1201 626 1230 accedentes
652 1202 685 1229 ad
718 1201 856 1230 viviﬁcam
895 1210 1016 1231 mensam

223 1247 342 1275 omnium
365 1252 486 1275 nostrum
497 1247 651 1275 Servatoris
665 1247 783 1280 Christi,
801 1252 830 1276 et
842 1255 942 1283 panem
955 1248 1017 1276 vita

223 1291 344 1324 edentes,
373 1297 402 1320 et
430 1293 550 1320 divinum
580 1297 671 1327 potum
701 1293 836 1326 bibentes,
863 1301 911 1328 per
937 1301 1018 1328 quem

169 1363 171 1365 ,
224 1339 410 1373 ﬂautsupem
449 1337 594 1373 voluptatis
629 1338 797 1373 participes:
823 1344 920 1374 purgat
945 1339 1018 1367 enim

225 1388 348 1418 peccata,
373 1391 405 1412 ac
424 1383 544 1412 dolorem
563 1384 670 1418 eximit,
711 1385 891 1420 suppliciique
918 1390 1019 1413 metum

225 1437 278 1458 non
297 1430 362 1458 sinit
383 1430 488 1457 animas
501 1435 608 1458 nostras
624 1431 749 1458 obruere.
778 1430 914 1458 Laetamur
945 1432 1019 1459 enim

225 1477 314 1512 potius
328 1484 375 1512 spe
391 1477 534 1508 bonorum,
552 1484 612 1511 quae
636 1477 769 1504 destinata
802 1485 863 1505 esse
889 1477 1021 1513 diligenti-

225 1523 276 1549 hus
308 1521 392 1549 Deum
430 1521 552 1549 referunt
579 1529 663 1549 sacrae
682 1522 800 1549 Litterae.
818 1531 827 1548 ι
850 1523 902 1550 Sed
927 1531 985 1555 vos,
1008 1533 1018 1550 ι

1072 241 1144 268 Ἰδοὺ
1162 243 1189 268 οι
1202 240 1400 274 devictos-ter;
1417 250 1470 276 μοι
1487 241 1765 276 εὐφρανθήσονται,
1779 241 1868 276 ὑμεῖς

1064 286 1099 313 δὲ
1128 288 1382 321 αὶσχυνθήσεσθε.
1414 286 1492 314 Ἰδοὺ
1528 288 1555 313 οι
1583 285 1788 319 δουλεύοντές
1817 295 1866 321 pax

1064 331 1301 366 ἀγαλλιάσογται
1310 332 1346 358 ἐν
1358 332 1544 366 εὐφροσύνῃ,
1555 331 1640 366 ὑμεῖς
1653 331 1688 358 δὲ
1701 331 1867 365 ιιι-πράξετε

1064 377 1113 405 διὰ
1127 377 1181 404 τὸν
1193 378 1289 404 πόνον
1304 377 1360 412 τῆς
1375 377 1501 412 καρδίας
1514 377 1608 412 ὑμῶν,
1629 377 1680 404 καὶ
1703 377 1766 404 ἀπὸ
1789 385 1852 403 συγ
1878 367 1886 375 ¹

1063 423 1168 458 τριϐῆς
1177 424 1347 459 πνεύματος
1362 424 1528 454 ὀλολύζετε.
1542 424 1752 458 Κατελείψατε
1765 423 1822 458 γὰρ
1835 423 1867 449 τὸ

1065 470 1160 505 ὄνομα
1174 470 1259 504 ὑμῶν
1272 471 1316 503 είς
1333 469 1518 505 πλησμονὴν
1534 470 1598 502 τοῖς
1612 469 1773 502 ἐκλεκτοῖς
1787 477 1849 503 μου
1859 477 1866 483 ⁸

1065 514 1144 549 ὑμᾶς
1159 515 1193 542 δὲ
1203 515 1307 543 ἀνελεῖ
1316 516 1434 550 Κύριος.

1106 561 1163 587 Ἀεὶ
1188 561 1373 597 παρατίθησιν
1403 561 1560 596 ἀναγκαίως
1586 562 1644 593 τοῖς
1667 560 1820 595 στεφάνοις
1835 560 1870 586 τὰ

1065 606 1202 642 μοχθηρὰ,
1217 606 1251 633 δι’
1275 607 1377 642 ἀμφοῖν
1396 607 1544 643 ἀποφέρων
1570 608 1611 638 εἰς
1626 607 1656 633 τὸ
1676 607 1733 634 δεῖν
1757 606 1869 632 ἑλέσθαι

1063 652 1097 679 τὰ
1110 653 1264 687 ἀρέσκοντα
1279 653 1364 687 αὐτῷ,
1376 652 1424 679 καὶ
1437 655 1546 688 φρονεῖν
1560 661 1590 679 τε
1608 654 1654 680 καὶ
1671 652 1742 688 δρᾷν
1752 662 1758 667 -
1771 652 1868 687 ὥσπερ

1063 698 1118 733 γὰρ
1142 698 1289 733 σαγηνεύει
1306 698 1340 725 τὰ
1357 699 1430 734 γέρα
1459 699 1528 735 πρὸς
1549 699 1647 733 ἄφεσιν
1666 699 1784 733 ἀρετῆς,
1796 698 1867 725 οὕτω

1062 744 1114 778 τῆς
1127 743 1204 778 δίκης
1219 744 1249 770 τὸ
1270 744 1369 780 πικρὸν
1389 744 1512 780 ἐξίστησι
1529 745 1579 779 μὲν
1594 745 1650 772 ἔσθ’
1671 745 1718 771 ὅτε
1735 745 1794 771 τῶν
1817 745 1865 779 τῆς

1064 789 1232 826 φαυλότητος
1249 790 1374 826 τρόπων,
1393 790 1540 825 μετασοδεῖ
1555 790 1584 816 δὲ
1605 790 1674 826 πρὸς
1697 790 1732 817 τὰ
1755 790 1863 825 βελτίω.

1065 835 1269 871 Εὑτεχνέστατα
1281 835 1372 862 τοίνυν
1383 836 1431 867 τὰς
1450 835 1504 863 τῶν
1520 837 1698 872 καλουμένων
1717 836 1865 871 ὑποτρέχει

913 882 1010 916 inquit,
1029 887 1050 915 Β
1062 880 1191 913 διανοίας,
1210 881 1280 916 γέρα
1297 890 1327 908 τε
1340 882 1556 917 ὑπισχνούμενος
1578 882 1683 914 αὐτοῖς,
1708 882 1759 908 καὶ
1782 882 1864 908 volti-

1064 934 1122 958 σεις
1143 926 1275 954 ἀπειλῶν.
1292 936 1301 952 ι
1321 927 1454 961 Φάγοντσι
1469 927 1525 964 γὰρ
1547 929 1571 954 οἱ
1587 928 1763 960 δουλεύοντές
1782 937 1838 962 μοι,
1853 938 1861 952 ι

1064 971 1157 1006 φησὶν,
1171 982 1180 997 ι
1193 972 1271 1006 ὑμεῖς
1285 971 1314 998 δὲ
1325 973 1479 1004 πεινάσετε,
1490 973 1537 999 καὶ
1553 973 1669 999 πίωνται
1685 973 1737 1008 μὲν
1750 974 1864 1007 ἑκεῖνοι,

1063 1016 1195 1052 διψήσητε
1208 1017 1235 1043 δὲ
1250 1017 1339 1052 ὑμεῖς.
1356 1027 1365 1044 ι
1380 1018 1610 1054 Εὐφραινομὲνων
1622 1017 1651 1044 δὲ
1665 1018 1772 1050 αὐτῶν,
1786 1018 1865 1052 ὑμεῖς

1064 1062 1278 1098 αίσχυνθήσεσθε
1290 1070 1297 1077 ·
1313 1063 1338 1089 oi
1356 1063 1411 1098 γὰρ
1429 1063 1475 1090 τὸν
1501 1063 1581 1098 φύσει
1609 1064 1656 1090 καὶ
1677 1063 1793 1098 ἀληθῶς
1815 1064 1863 1089 ἑπ-

1065 1109 1214 1144 εγνωκότες
1224 1109 1301 1141 Θεὸν,
1311 1109 1418 1136 καὶτῶν
1427 1110 1549 1145 ψευδωνύ
1553 1119 1610 1146 μων
1619 1110 1751 1146 ἁποπηδή
1757 1118 1862 1141 σαντες,

1066 1156 1113 1182 καὶ
1125 1156 1156 1182 τὸ
1168 1156 1216 1191 τῆς
1226 1155 1342 1190 ἀληθοῦς
1352 1156 1479 1191 λατρείας
1491 1156 1683 1191 θαυμάσαντες
1695 1156 1809 1188 κάλλος,
1823 1158 1864 1182 ὲν-

1066 1202 1251 1237 τρυφήσουσίν
1269 1202 1353 1233 δντως
1368 1203 1428 1234 ταῖς
1443 1202 1546 1228 ἀνωθεν
1561 1202 1698 1236 εὐλογίαις
1712 1210 1863 1228 καταπιαι-

1066 1247 1174 1282 νόμενοι
1189 1247 1236 1278 τὰς
1254 1247 1378 1282 καρδίας,
1393 1248 1440 1274 καὶ
1457 1247 1582 1284 τραπέζῃ
1595 1247 1814 1282 προσϐάλλοντες
1829 1248 1861 1281 τῇ

1068 1293 1192 1328 ζωοποιῴ
1204 1293 1252 1320 τοῦ
1265 1293 1373 1320 πάντων
1387 1295 1403 1328 ἡ
1408 1294 1465 1329 μῶν
1479 1294 1604 1329 Σωτῆρος
1615 1293 1747 1329 Χριστοῦ,
1758 1293 1806 1319 καὶ
1819 1294 1863 1319 τῖν

1068 1339 1151 1375 ἄρτον
1163 1340 1298 1372 ἐσθίοντες
1311 1342 1360 1376 τῆς
1378 1340 1460 1376 ζωῆς,
1478 1341 1526 1367 καὶ
1539 1341 1615 1376 πόμα
1629 1340 1658 1366 τὸ
1675 1340 1759 1372 θεῖον,
1771 1340 1805 1366 δι’
1818 1337 1863 1366 οὖ-

1069 1395 1123 1423 περ
1142 1386 1175 1413 ἂν
1188 1386 1309 1421 γένοιντο
1322 1386 1456 1422 θυμηδίας
1468 1386 1518 1422 τῆς
1538 1387 1642 1414 ἄνωθεν
1659 1387 1772 1422 μέτοχοι
1785 1395 1791 1400 ·
1807 1386 1865 1412 δια-

1070 1433 1195 1468 καθαίρει
1211 1432 1266 1469 γὰρ
1278 1433 1426 1468 ἁμαρτίας,
1437 1433 1484 1459 καὶ
1500 1433 1623 1468 ἐξίστησι
1635 1434 1666 1459 τὸ
1683 1432 1799 1465 λυποῦν,
1816 1433 1864 1459 καὶ

1069 1478 1115 1504 τὸν
1131 1479 1176 1504 ἐπὶ
1193 1478 1231 1513 τῷ
1249 1478 1410 1509 κολάζεσθαι
1426 1478 1507 1512 φόϐον
1521 1479 1680 1514 κατισχύειν
1695 1479 1747 1505 οὐκ
1764 1479 1799 1513 ἑᾷ
1809 1478 1863 1504 τῶν

1071 1524 1212 1560 ἡμετέρων
1232 1523 1367 1551 διανοιῶν.
1391 1524 1602 1560 Εὐφραινόμεθα
1619 1524 1673 1560 γὰρ
1696 1525 1798 1560 μᾶλλον
1819 1525 1862 1550 ἐπ’

230 1568 329 1602 inquit,
345 1568 392 1603 qui
409 1567 434 1594 in
461 1575 554 1595 errore
580 1568 728 1599 mansistis,
750 1576 759 1593 ‹
781 1567 933 1595 clamabitis
963 1577 1015 1604 pra:

1106 1569 1155 1596 :i6t
1165 1568 1284 1602 ἀγαθῶν,
1297 1568 1315 1595 ἃ
1327 1569 1383 1600 τοῖς
1399 1568 1527 1602 ἀγαπῶσι
1536 1568 1582 1595 τὸν
1595 1568 1662 1594 Θεὸν
1679 1567 1861 1603 ηὐτρεπίσθαι

227 1614 320 1641 dolore
351 1613 443 1641 cordis
469 1613 564 1645 vestri,
590 1619 616 1640 et
639 1621 694 1648 pra:
715 1614 878 1642 contritione
907 1615 1019 1650 spiritus

228 1659 375 1687 ululabitis.
406 1668 416 1684 ι
446 1659 629 1686 Descendente
653 1660 724 1687 enim
759 1659 866 1688 caelitus
898 1661 1018 1688 omnium

227 1710 348 1733 nostrum
363 1705 508 1732 Servatore
522 1705 642 1739 Christo,
680 1705 764 1741 899
794 1712 819 1733 et
845 1707 942 1742 cuique
970 1715 1018 1743 pro

228 1751 355 1786 operibus
373 1751 519 1783 tribuente,
543 1751 690 1786 plorabunt
709 1760 815 1786 omnes,
832 1758 859 1780 et
891 1753 1019 1788 lugebunt

227 1797 272 1831 qui
294 1796 376 1824 Deum
396 1804 485 1823 verum
500 1805 551 1824 non
568 1802 746 1830 agnoverunt,
762 1799 807 1825 sed
834 1799 953 1832 peccatis
966 1799 1017 1834 ipsi

227 1843 284 1869 suis
304 1842 444 1869 iuunortui
463 1847 537 1869 sunt.
567 1842 724 1876 Reliquistis
746 1844 830 1876 enim,
850 1844 947 1879 inquit,
970 1853 1019 1873 no-

228 1895 289 1915 men
304 1893 422 1915 vestrum
450 1889 483 1915 ad
501 1888 670 1916 saturitatem
688 1889 783 1916 electis
804 1890 872 1918 meis
889 1899 896 1917 :
910 1897 958 1918 vos
971 1899 1018 1918 au-

233 1939 286 1961 tem
304 1933 448 1962 interﬂclet
471 1933 612 1961 Dominus.
641 1934 788 1962 Cousidera
817 1936 881 1962 mihi
910 1944 1017 1964 rursum

227 1987 324 2007 sensus
357 1979 579 2015 profunditatem.
620 1980 696 2007 Solet
723 1979 863 2015 Scriptura
889 1981 1018 2010 divinitus

229 2027 359 2060 inspirata
391 2027 563 2054 saturitatem
581 2027 715 2054 interdum
742 2034 838 2055 vocare
866 2028 1016 2056 satietatem

228 2078 255 2100 et
276 2072 377 2099 odium.
403 2072 474 2099 Dixit
502 2072 574 2100 enim
610 2073 680 2100 Deus
707 2072 856 2102 Israelitico
885 2076 1017 2110 sanguine

228 2117 372 2144 oriundis:
393 2126 402 2143 ί
431 2117 488 2144 Non
518 2117 653 2145 remittam
679 2125 789 2153 peccata
812 2126 915 2148 vestra.
940 2122 1015 2150 Facti

228 2163 294 2190 estis
311 2163 376 2189 mihi
402 2163 428 2189 in
455 2164 626 2191 saturitatem
640 2164 673 2192 ‘°.
696 2175 705 2191 ι
734 2165 787 2194 Vos
807 2175 881 2203 ergo,
916 2168 1014 2203 inquit,

229 2210 276 2244 qui
297 2208 397 2236 afalso
426 2211 588 2244 nuncupatis
617 2212 668 2239 diis
702 2220 755 2240 uon
783 2214 946 2247 descivistis,
969 2215 1015 2242 sed

1070 1615 1137 1650 φησὶ
1154 1615 1183 1641 τὸ
1195 1614 1315 1650 Γράμμα
1328 1614 1358 1640 τὸ
1377 1614 1461 1650 ίερδν,
1473 1623 1482 1640 ι
1502 1614 1573 1640 Ἀλλ’
1589 1614 1680 1649 ὑμεῖς,
1696 1623 1705 1639 ι
1724 1614 1817 1648 φησὶν,
1837 1614 1861 1640 οί

1069 1661 1255 1696 μεμενηκότες
1262 1661 1289 1686 ἐν
1301 1661 1400 1696 πλάνῃ,
1413 1669 1422 1685 ι
1432 1659 1599 1696 κεκράξεσθε
1613 1660 1657 1686 διὸ
1668 1659 1715 1686 τὸν
1724 1660 1804 1686 πόνον
1812 1660 1862 1694 τῆς

1069 1709 1183 1744 καρδίας
1202 1709 1289 1744 ὑμῶν,
1309 1710 1357 1736 καὶ
1371 1709 1426 1735 ἀπὸ
1444 1709 1589 1745 συντριϐῆς
1604 1707 1761 1743 πνεύματος
1775 1707 1860 1734 όλολύ-

1070 1753 1138 1786 ξετε.
1153 1764 1161 1780 ι
1173 1755 1432 1790 Καταφοιτήσαντος
1441 1754 1496 1790 γὰρ
1511 1754 1540 1788 ἐξ
1555 1754 1679 1790 οὐρανῶν
1693 1753 1740 1780 τοῦ
1755 1754 1860 1780 πάντων

1068 1800 1148 1836 ἡμῶν
1166 1801 1292 1836 Σωτῆρος
1310 1799 1510 1836 Χριστοΰ,εῐτα
1525 1799 1780 1835 νέμοντοςὲκάστῳ
1791 1799 1861 1825 κατὰ

1067 1847 1101 1873 τὰ
1115 1846 1184 1882 ἔργα
1199 1847 1293 1879 αὐτοῦ,
1309 1847 1475 1882 θρηνήσουσι
1490 1846 1600 1879 πάντες,
1613 1847 1662 1873 καὶ
1681 1846 1862 1881 κατοιμώξουι

1070 1901 1110 1919 σιν
1124 1894 1149 1919 oi
1166 1893 1235 1928 μήτε
1252 1893 1318 1920 Θεὸν
1339 1893 1592 1927 ἐπεγνωκότες-τὸν
1607 1892 1746 1928 ἀληθινὸν,
1764 1893 1860 1919 ἐναπο-

1068 1939 1194 1972 θανόντες
1205 1939 1233 1966 δὲ
1254 1940 1354 1975 μᾶλλον
1365 1941 1424 1972 ταῖς
1436 1940 1540 1967 ἑαυτῶν
1557 1939 1718 1975 ἁμαρτίαις,
1735 1939 1861 1966 Κατελεξσ

1067 1987 1136 2022 ψατε
1151 1987 1216 2022 γὰρ,
1233 1987 1310 2022 φησὶ,
1325 1987 1356 2014 τὸ
1369 1988 1455 2023 όνομα
1471 1987 1548 2023 ὑμῶν
1567 1989 1609 2019 είς
1628 1987 1789 2023 πλησμονὴν
1807 1989 1861 2018 τοῖς

1067 2033 1205 2065 ἐκλεκτοῖς
1221 2042 1282 2068 μου,
1305 2034 1377 2069 ὑμᾶς
1397 2033 1487 2061 ἀνελεῖ
1511 2033 1623 2070 Κύριος.
1642 2034 1739 2069 Ἀθρει
1757 2034 1788 2068 δή
1817 2042 1860 2068 μοι

1068 2080 1150 2106 πάλιν
1167 2080 1217 2114 τῆς
1239 2080 1344 2111 ἐννοίας
1361 2080 1392 2107 τὸ
1406 2080 1498 2114 βάθος.
1532 2080 1613 2112 Ἐθος
1637 2082 1671 2116 τῇ
1694 2080 1861 2114 θεοπνεῦστῳ

1068 2126 1162 2162 Γραφῇ
1180 2126 1211 2153 τὸ
1227 2127 1266 2158 εἰς
1289 2126 1449 2162 πλησμονὴν
1465 2126 1521 2152 ἔσθ’
1538 2126 1583 2152 ὅτε
1607 2126 1709 2160 λέγειν,
1727 2126 1788 2153 ἀντὶ
1813 2126 1859 2152 τοῦ

1067 2173 1107 2204 είς
1122 2172 1211 2208 κόρον,
1231 2173 1278 2199 καὶ
1293 2174 1382 2208 μῖσος.
1394 2172 1468 2207 Ἔφη
1486 2171 1541 2207 γάρ
1557 2181 1608 2198 που
1622 2172 1691 2204 Θεὸς
1704 2173 1760 2204 τοῖς
1776 2172 1805 2204 ἐξ
1818 2173 1860 2198 αῖ-

1070 2227 1155 2253 ματος
1175 2218 1284 2254 Ἰσραήλ
1295 2226 1301 2234 '
1318 2227 1327 2244 ‹
1342 2217 1439 2244 Οὐκέτι
1451 2218 1543 2253 ἀνήσω
1558 2217 1607 2249 τὰς
1619 2217 1757 2254 ἁμαρτίας
1769 2217 1858 2253 ὑμῶν·

230 2257 256 2283 in
272 2256 392 2291 peccatis
420 2257 514 2285 vestris
544 2258 643 2284 mortui
670 2259 748 2290 estis,
770 2267 867 2288 nomen
894 2266 1015 2289 vestrum

1106 2264 1217 2300 ενήθητέ
1232 2273 1276 2298 μοι
1288 2265 1328 2296 εἰς
1342 2263 1510 2299 πλησμονήν.
1524 2273 1532 2289 ι
1547 2263 1643 2298 Ὑμεῖς
1656 2264 1758 2296 τοίνυν,
1769 2264 1858 2299 φησὶν,

229 2303 256 2329 in
272 2301 455 2335 saturitatem,
471 2302 513 2330 vel
529 2302 556 2330 in
571 2304 661 2332 odium
677 2305 824 2340 reliquistis
833 2307 926 2335 electis
936 2309 1016 2338 meis.

229 2347 314 2374 Nemo
321 2347 390 2374 enim
400 2355 504 2381 eorum,
516 2348 560 2382 qui
570 2349 652 2377 semel
658 2350 735 2378 electi
748 2356 810 2379 sunt
817 2360 915 2380 nomen
922 2360 1018 2389 super-

229 2393 395 2421 stitiosorum
408 2394 542 2423 admittet.
555 2396 663 2431 Refugit
676 2405 793 2432 namque
803 2399 917 2434 quisque
926 2400 1016 2427 voeari

229 2438 276 2466 Dei
289 2446 364 2472 osor,
378 2439 586 2467 simulacrorum
602 2441 700 2474 cultor,
731 2443 842 2478 itupitts,
870 2445 1016 2478 profanus:

228 2486 354 2520 cupitque
367 2486 451 2521 magis
471 2486 524 2514 dici
541 2487 654 2522 populus
677 2494 798 2522 sanctus,
825 2497 890 2524 gens
918 2490 1016 2524 electa,

228 2532 330 2568 regium
338 2533 531 2565 sacerdotium,
541 2534 690 2561 secundum
702 2535 785 2562 divini
796 2535 868 2563 Petri
883 2543 975 2564 vocem
982 2537 1015 2564 σί.

229 2577 277 2605 Sin
294 2578 338 2606 cui
361 2579 447 2605 visum
463 2580 509 2612 sit,
527 2579 578 2607 hoc
593 2580 665 2614 quod
683 2580 783 2608 dictum
799 2585 850 2614 est,
882 2581 1014 2610 lsraelitis

228 2625 442 2656 accommodare,
467 2629 496 2650 ut
517 2625 571 2652 illis
596 2625 725 2654 dicatur:
744 2635 753 2651 ‹
780 2626 938 2661 Reliquistis
967 2628 1023 2655 no-'

227 2675 290 2695 men
307 2669 365 2703 ejus
377 2669 403 2695 in
417 2669 570 2697 satietatem
580 2671 675 2698 electis
696 2672 782 2700 meis:
805 2682 814 2698 ι
832 2672 947 2701 dicimus
955 2674 1015 2709 qui—

228 2714 289 2740 tlcm
308 2720 434 2744 vocatum
448 2715 532 2743 fuisse
547 2717 686 2750 lsraelem,
709 2718 807 2746 liberos
827 2719 884 2751 Dei,
902 2719 1014 2755 ejusque

228 2759 354 2794 populutn
374 2764 401 2787 et
415 2766 529 2794 sortem,
548 2762 594 2789 sed
607 2768 750 2797 postquam
767 2764 793 2791 in
809 2759 1013 2794 eﬂ’rénationem

264 2848 286 2865 ‘°
306 2849 357 2878 lsa.
382 2857 400 2884 ι,
429 2850 473 2878 l5.
512 2852 532 2867 "
550 2851 559 2879 Ι
576 2851 647 2880 Petr.
671 2861 699 2885 ιι,
717 2854 742 2881 9.

1070 2311 1095 2336 οἱ
1119 2311 1186 2346 μήτε
1204 2311 1258 2337 τῶν
1281 2310 1465 2346 ψευδωνύμων
1491 2310 1659 2343 ἀποστάντες
1688 2309 1768 2343 θεῶν,
1788 2311 1858 2336 tans-

1071 2357 1187 2388 θνεῶτες
1197 2356 1278 2383 δὲκαὶ
1290 2357 1350 2388 ταῖς
1361 2357 1465 2384 ἑαυτῶν
1477 2357 1636 2392 ἁμαρτίαις,
1645 2355 1678 2382 τὸ
1689 2356 1775 2391 ὄνομα
1786 2356 1860 2391 ὑμῶν

1071 2403 1111 2434 είς
1135 2402 1310 2438 πλησμονὴν,
1343 2403 1427 2438 ἦγουν
1452 2403 1491 2434 είς
1508 2404 1584 2437 μῖσος
1606 2402 1786 2436 κατελείψατε
1805 2404 1858 2434 τοῖς

1070 2447 1208 2479 ἐκλεκτοῖς
1226 2456 1277 2483 μου
1289 2457 1295 2464 ⁷
1314 2450 1370 2480 τοῖς
1385 2448 1440 2483 γὰρ
1454 2448 1527 2481 ἅπαξ
1542 2447 1754 2482 ὲξ-ῖιλεγι-ι-ένοις,
1776 2448 1859 2479 οὐδεὶς

1069 2493 1099 2519 τὸ
1120 2493 1176 2519 τῶν
1201 2493 1408 2529 δεισιδαιμόνων
1423 2493 1509 2529 όνομα
1535 2494 1653 2520 ποιεῖται
1680 2494 1856 2528 παράδεχτον.

1068 2539 1165 2573 Φεὺγει
1186 2539 1215 2566 δὲ
1237 2540 1310 2571 ἄπας
1324 2540 1354 2566 τὸ
1373 2539 1514 2566 καλεῖσθαι
1532 2539 1673 2574 θεομισὴς,
1691 2540 1740 2565 καὶ
1758 2540 1858 2566 εἰδωλο-

1068 2585 1171 2621 λάτρης
1193 2585 1301 2617 ἀνόσιός
1322 2594 1351 2612 τε
1367 2585 1414 2612 καὶ
1438 2585 1551 2620 βέϐηλος
1564 2594 1570 2600 ·
1587 2585 1693 2619 ἐφίεται
1711 2585 1741 2612 δὲ
1764 2586 1857 2621 μᾶλλον

1069 2631 1116 2658 τοῦ
1135 2630 1277 2658 καλεῖσθαι
1292 2631 1356 2662 λαὸς
1372 2631 1461 2665 ἆγιος,
1481 2631 1556 2662 ἔθνος
1573 2630 1714 2663 ἐκλεκτὸν,
1731 2631 1857 2666 βασίλειον

1069 2677 1230 2712 ἱεράτευμα,
1242 2676 1313 2703 κατὰ
1326 2677 1376 2712 τὴν
1391 2676 1536 2703 θεσπεσίου
1554 2676 1660 2711 Πέτρου
1675 2677 1778 2712 φωνήν.
1792 2677 1821 2703 Εἰ
1833 2676 1858 2702 δὲ

1068 2723 1101 2758 δὴ
1114 2723 1234 2758 βούλοιτό
1245 2732 1286 2755 τις
1299 2724 1355 2754 τοῖς
1370 2723 1399 2756 ἐξ
1413 2723 1528 2758 αἵματος
1544 2723 1654 2758 Ἰσραὴλ
1665 2722 1817 2758 ἐφαρμόσαι
1832 2721 1858 2748 τὸ

1071 2768 1224 2803 εἰρημένον,
1241 2769 1284 2795 ἵνα
1304 2768 1371 2803 πρὸς
1392 2769 1490 2801 αὐτοὺς
1514 2768 1629 2804 λέγηται
1646 2769 1689 2802 τὸ,
1711 2778 1720 2795 ι
1738 2766 1858 2796 Κατελείς
