1893 3052
87 182 157 212 ΗΠ

644 173 676 202 ΙΝ
697 171 811 200 lSAlMl
832 169 895 198 LIB.
917 168 948 196 V.
969 166 1087 195 TOMUS
1108 165 1151 193 VI.

1649 163 1697 190 Mi
1702 164 1719 191 3

85 242 159 276 ψατε
174 239 206 266 τὸ
223 239 310 273 ὄνομα
329 237 406 274 ὑμῶν
428 237 468 269 εις
487 235 648 272 πλησμονὴν
670 235 726 265 τοῖς
741 231 879 261 ἐκλεκτοῖς

971 236 987 255 ο
1002 227 1104 262 impetu
1122 226 1296 260 proruerunt,
1317 222 1368 250 hac
1388 226 1461 250 tanta
1475 221 1512 249 illi
1538 221 1623 257 gloria
1649 223 1722 249 excl-

88 295 144 322 μου
155 294 161 302 ·
179 295 188 312 ›
207 285 307 320 φαμὲν,
324 285 365 311 ὅτι
386 284 469 310 τέκνα
484 281 563 314 Θεοῦ,
580 281 628 307 καὶ
646 280 708 311 λαος
726 278 819 310 αὑτοῦ,
835 276 883 304 καὶ

87 332 193 368 κλῆρος
206 330 328 357 ἐκαλεῖτο
337 329 386 364 μὲν
398 329 412 356 ό
427 327 537 362 Ἰσραήλ
546 335 553 342 ·
568 327 661 361 ἐπειδὴ
673 325 701 351 δὲ
714 322 880 351 κατώλισθον

87 378 214 413 ἀσχέτως
231 377 269 408 εἰς
282 376 312 402 τὸ
326 375 443 411 ὲξήνιον,
454 374 651 401 ἒκπεπτώκασι
666 372 714 408 μὲν
729 371 777 405 τῆς
791 369 882 396 τοιαύ-

87 433 143 459 της
156 424 235 459 δόξης
246 423 333 454 αὐτοὶ,
343 421 602 457 κεκληρονομήκασι
616 419 645 446 δὲ
660 418 756 452 ὥσπερ
767 415 849 443 αὑτὸν
858 415 883 441 οἱ

90 459 124 502 ἐξ
137 470 222 497 ἐθνῶν
239 468 411 504 κεκλημένοι·
425 468 471 494 καὶ
478 467 565 498 τοῦτο,
572 464 659 501 οἶμαι,
673 464 745 490 ἐστὶν
751 463 820 497 ὅπερ
830 461 881 496 ἔφη

930 275 1038 306 derunt,
1060 279 1175 306 eamque
1191 270 1264 298 velut
1278 268 1451 297 hacreditario
1463 268 1526 303 jure
1544 268 1724 303 possederunt

931 320 1022 355 quiex
1037 318 1163 354 gentibus
1183 315 1272 343 vocati
1298 319 1371 343 sunt.
1401 314 1434 341 Et
1457 314 1508 341 hoc
1537 318 1589 346 est,
1617 313 1722 348 opinor,

931 366 1003 401 quod
1029 365 1097 392 dixit
1111 364 1181 391 Deus
1198 369 1264 390 voce
1280 361 1350 389 Osee
1372 369 1378 388 :
1396 370 1406 386 (
1427 359 1537 387 Vocabo
1553 367 1606 387 non
1636 366 1721 394 popu-

931 412 1098 442 lnmmeum,
1114 408 1242 444 populum
1267 414 1372 435 meum:
1398 410 1426 434 et
1447 406 1534 434 dicam
1552 413 1606 433 non
1624 404 1723 440 populo

932 465 1002 489 meo,
1023 455 1140 490 Populus
1165 460 1242 481 meus
1254 460 1284 481 es
1303 457 1331 479 tu
1347 452 1381 478 θ’.
1394 460 1404 476 ι

487 523 497 540 ι
515 494 629 541 Καλέσω
650 494 698 539 τὸν
718 511 748 537 οὐ
770 494 834 536 Mdv
851 494 914 543 μου,
933 505 997 532 λαόν
1019 512 1085 540 μου,
1107 503 1156 529 καὶ
1181 501 1237 537 ἐρῶ
1255 499 1295 535 τῷ
1317 499 1347 526 οὺ
1369 498 1426 534 λαῷ
1446 506 1495 534 μου
1509 506 1515 513 ’
1539 497 1610 529 Λαός
1634 505 1685 533 μου
1701 494 1726 523 εἷ

93 572 140 591 συ.
157 572 167 589 δ

133 611 200 644 Τοῖς
218 610 252 637 δὲ
265 608 467 637 δουλεύουσιν
483 607 573 640 αὐτῷ,
587 605 771 641 κληθήσεται
793 603 887 636 ὄνομα

92 657 213 688 καινὸν,
234 656 249 683 ὃ
267 655 504 690 εὐλογηϐήσεται
526 653 575 680 ἐπὶ
597 652 652 686 τῆς
672 651 743 686 γῆς·
760 647 887 683 εὐλογή-

92 710 189 730 σουσι
205 702 259 736 τὰρ
275 701 328 728 τὸν
341 701 414 728 Θεὸν
421 701 474 727 τὸν
484 698 638 733 ἀληθινόν.
649 697 704 725 Καὶ
719 698 746 723 οὶ
761 694 889 729 ὀμνύον-

93 756 148 780 τες
169 747 219 774 ἐπὶ
243 747 299 781 τῆς
324 746 390 781 γῆς,
415 745 558 780 όμοῦγται
578 744 633 770 τὸν
656 742 731 770 Θεὸν
747 741 801 768 τὸν
815 740 890 773 ἀλη-

95 794 199 821 θινόν·
224 792 422 825 ἐπιλήσονται
442 790 496 825 γὰρ
519 790 577 824 τὴν
593 789 699 823 θλίψιν
714 786 814 814 αὐτῶν
832 785 889 819 τὴν

96 839 231 873 πρώτην,
246 839 294 865 καὶ
306 839 362 865 οὐκ
378 837 561 870 ἀναϐήσεται
573 834 673 862 αὐτῶν
685 834 734 860 ἐπὶ
753 833 811 866 τὴν
821 839 890 865 καρ-

95 885 180 912 δίαν.
206 885 311 910 Ἔσται
335 883 390 918 γὰρ
407 885 423 909 ό
446 882 575 916 οὐρανὸς
593 879 705 912 καινὸς,
734 878 784 905 καὶ
805 878 824 912 ἡ
852 875 891 911 γῆ
907 893 929 920 Β

98 930 202 963 καινὴ.
221 929 270 956 καὶ
287 930 322 956 οὐ
344 928 388 963 μὴ
399 927 560 962 μνησθῶσι
573 925 633 953 τῶν
651 923 811 959 προτέρων,
829 921 891 948 οὐδ’

99 977 139 1002 οὐ
151 975 193 1010 μὴ
211 975 321 1008 ἐπέλθῃ
338 973 437 1000 αὐτῶν
451 973 500 999 ἐπὶ
521 972 580 1006 τὴν
603 971 739 1005 καρδίαν,
758 968 827 996 ἀλλ’
844 968 894 994 δὺο

100 1021 263 1056 sapae-um?
275 1020 324 1047 καὶ
339 1019 510 1054 ἀπαιλίαμιι
521 1017 710 1051 εὑρήσουσιν
725 1016 759 1042 ἐν·
771 1012 857 1047 αὐτῇ.

140 1066 233 1093 Πάντα
248 1066 358 1099 γέγονεν
373 1065 402 1090 ὲν
418 1062 529 1098 Χριστῷ
543 1061 634 1092 καινὰ,
650 1060 696 1087 καὶ
708 1058 832 1094 λατρεία,
847 1056 895 1083 καὶ

102 1111 174 1146 ζωὴ,
197 1110 245 1136 καὶ
261 1108 423 1144 νομοθεσία·
445 1107 475 1133 οὐ
492 1107 547 1141 γὰρ
562 1107 653 1137 σκιαῖς
678 1104 717 1130 ἐτι
735 1103 782 1130 καὶ
799 1102 895 1132 τύποις

102 1158 245 1190 ἀνονήτοις
260 1154 446 1190 προσκείμεθα
456 1161 463 1169 ⁸
478 1151 609 1186 τελοῦμεν
624 1151 652 1177 δὲ
674 1149 773 1184 μᾶλλον
791 1147 830 1183 τῷ
849 1147 896 1173 ἐπὶ

104 1202 216 1229 πάντων
235 1200 294 1235 Θεῷ
320 1200 369 1235 τὴν
383 1200 410 1225 ὲν
431 1198 607 1233 πνεύματίτε
622 1196 668 1222 καὶ
687 1194 801 1230 ἀληθείᾳ
813 1202 896 1229 προσ-

104 1248 222 1282 κίρνησιν
249 1247 296 1273 καὶ
309 1245 447 1280 λατρείαν.
464 1243 678 1280 Χρηματιζθμεν
692 1241 721 1268 δὲ
735 1241 764 1267 οὺ
780 1239 851 1266 κατά
864 1247 897 1272 γε

104 1295 170 1325 τοὺς
186 1293 216 1325 ἐξ
229 1292 343 1328 αἵματος
358 1290 476 1326 Ἰσραὴλ,
493 1289 531 1321 ὡς
548 1290 580 1315 ὲκ
591 1287 645 1314 τῶν
657 1285 824 1327 γενεαρχῶν,
838 1285 897 1320 ἢτοι

106 1340 246 1374 πατέρων,
266 1337 395 1373 Ἐφραῒμ,
411 1337 427 1372 ἢ
446 1333 619 1369 Μανασσῆ,ἢ
638 1333 685 1359 καὶ
699 1333 736 1364 ὡς
752 1331 782 1363 ἐξ
801 1330 898 1364 ἑτέρας

108 1386 216 1421 φυλῆς,
233 1384 290 1412 ἀλλ’
311 1384 371 1410 οὐδὲ
389 1382 438 1417 τὴν
459 1381 513 1408 τῶν
532 1379 721 1415 Γραμματέων
746 1377 794 1404 καὶ
815 1376 899 1411 Φαρι-

110 1432 195 1458 σαίων
206 1429 342 1466 ἐρχόμεθα
357 1427 459 1464 τρίῦον,
478 1427 526 1462 τὴν
541 1425 588 1452 τοῦ
603 1425 767 1460 γράμματος
786 1421 899 1448 παλαιό-

109 1486 182 1513 τητα
195 1476 241 1503 τοῦ
262 1475 361 1507 παντὸς
377 1473 514 1506 ἀξιοῦντες
533 1472 622 1506 λόγου,
640 1470 696 1498 ἀλλ’
715 1471 744 1496 ὲν
760 1468 898 1502 καινότητι

111 1523 186 1559 ζωῆς
206 1521 387 1556 εὐαγγελικῆς
412 1519 560 1555 προσίεμεν
573 1516 611 1552 τῷ
633 1514 756 1552 Χριστῷ,
781 1514 828 1541 καὶ
849 1513 898 1548 τὴν

977 593 1058 620 Vens.
1069 592 1159 620 16-18.
1172 592 1204 618 At
1217 591 1262 626 qui
1274 591 1387 618 serviunt
1400 590 1433 623 ei,
1447 590 1611 617 vocabuntur
1625 591 1730 618 nomine

942 647 1019 671 novo,
1036 639 1079 664 cui
1094 638 1258 665 benedicatur
1272 644 1349 671 super
1361 640 1476 663 terram:
1492 636 1640 663 benedicent
1659 637 1729 663 enim

942 686 1027 713 Deum
1048 692 1146 711 verum.
1162 683 1196 710 Et
1217 684 1261 717 qui
1279 683 1373 717 juranl
1395 683 1424 709 in
1444 686 1525 714 terra,
1535 682 1664 716 jar-abun!
1684 691 1731 718 per

943 731 1027 758 Deum
1044 738 1132 757 verum
1146 737 1154 756 :
1170 728 1355 756 obliviscemur
1367 729 1437 755 enim
1453 728 1607 762 afﬂictionia
1623 729 1729 762 prioris,

942 785 1023 811 neque
1034 776 1115 803 ueniet
1127 775 1155 801 in
1169 783 1214 801 cor
1227 782 1329 801 eorum.
1344 773 1403 800 Erit
1417 773 1485 800 enim
1501 774 1592 800 mlum
1601 782 1696 801 novum
1706 780 1730 801 ει

944 827 1015 849 terra
1028 829 1106 853 noua,
1125 827 1148 847 et
1165 828 1217 847 non
1233 819 1442 847 recordabuntur
1456 819 1586 854 priorum,
1598 828 1678 854 neque
1690 829 1732 847 ue-

943 868 1011 894 nient
1026 867 1080 893 illis
1101 867 1129 892 in
1152 870 1274 899 mentem,
1290 865 1335 892 sed
1350 865 1473 893 laetitiam
1488 871 1511 893 et
1531 866 1732 894 exsultationem

943 911 1072 938 invenient
1085 911 1113 937 in
1128 918 1169 937 ea.

980 1054 1075 1083 Omnia
1093 1054 1164 1082 facta
1179 1059 1242 1082 sunt
1255 1055 1281 1082 in
1292 1054 1404 1083 Christo
1418 1062 1498 1088 nova,
1513 1055 1686 1088 cultus,vila,
1697 1055 1734 1084 le-

945 1101 1063 1135 gislatio.
1082 1100 1140 1127 Non
1164 1101 1236 1127 enim
1257 1101 1312 1135 jam
1334 1101 1437 1128 umbris
1453 1106 1480 1128 et
1503 1102 1573 1136 typis
1597 1101 1736 1128 inutilibus

946 1146 1174 1179 adlmrescimus,
1190 1147 1240 1174 'sed
1262 1147 1328 1180 Deo,
1352 1147 1397 1181 qui
1419 1154 1500 1181 supra
1517 1155 1611 1175 omnes
1636 1151 1688 1179 est,
1709 1147 1736 1174 in

946 1192 1042 1226 spiritu
1066 1196 1094 1219 et
1115 1192 1228 1219 veritate
1246 1193 1347 1219 cultum
1369 1198 1529 1227 praestamus
1545 1197 1573 1220 et
1587 1193 1738 1220 veneratio-

948 1243 1020 1264 nem.
1045 1235 1138 1270 Neque
1166 1237 1334 1271 appellamur
1353 1237 1437 1273 900
1452 1242 1482 1264 ut
1506 1237 1655 1266 Israelitico
1676 1246 1738 1266 san-

947 1283 1028 1317 guine
1040 1282 1159 1315 oriundi,
1178 1282 1220 1310 vel
1237 1287 1266 1309 ut
1284 1291 1317 1310 ex
1332 1284 1420 1317 gentis
1433 1283 1615 1318 principibus.
1631 1289 1675 1311 aut
1691 1291 1738 1319 pa-

949 1329 1050 1362 tribus,
1073 1328 1221 1363 Ephraim,
1243 1329 1285 1356 vel
1301 1329 1439 1363 Manasse,
1465 1331 1508 1358 vel
1532 1338 1564 1358 ex
1587 1330 1639 1358 alia
1659 1331 1737 1365 quasi

949 1373 1032 1406 tribu,
1057 1374 1200 1408 sedneque
1219 1374 1376 1402 Scribarum
1402 1379 1429 1402 et
1445 1374 1642 1403 Pharisaeorum
1666 1377 1738 1404 viam

949 1419 1125 1454 ingredimur,
1137 1419 1234 1447 littera:
1247 1423 1409 1447 vetustatem
1430 1428 1536 1448 summo
1559 1421 1689 1448 trahentes
1710 1422 1738 1449 in

951 1467 1049 1501 pretio,
1063 1467 1111 1494 sed
1125 1466 1150 1493 in
1165 1467 1285 1493 novitate
1299 1467 1359 1493 vitm
1374 1466 1535 1500 evangelicae
1552 1467 1584 1493 ad
1598 1466 1738 1494 Christum

951 1513 1114 1542 accedimus.
1136 1517 1162 1539 et
1180 1519 1275 1539 nomen
1288 1512 1347 1546 ejus
1362 1512 1433 1539 velut
1447 1519 1546 1539 corona
1568 1513 1690 1548 lnsigniti
1709 1517 1739 1540 et

111 1571 158 1598 ἀπ’
171 1569 254 1596 αὐτοῦ
269 1568 375 1603 κλῆσιν,
390 1566 484 1601 ὥσπερ
495 1566 556 1591 τινὰ
572 1565 702 1596 στέφανον
713 1561 878 1596 ἀναδούμενο

970 1558 1082 1590 cdimiti,
1096 1557 1246 1585 Christiani
1265 1566 1466 1592 nuncupantur.
1484 1558 1539 1585 lloe
1561 1563 1602 1586 est
1616 1559 1679 1586 illud
1695 1567 1742 1587 ce-

113 1615 319 1653 χρηματίςομεν
335 1612 506 1648 Χριστιανοί.
522 1610 608 1637 Τοῦτο
635 1609 667 1644 δὴ
685 1609 715 1635 τὸ
739 1607 899 1653 διαϐόητον,

113 1652 161 1690 καὶ
173 1660 356 1697 εὐλογημένον
371 1660 458 1694 ὄνομα
472 1656 544 1684 κατὰ
559 1656 648 1683 πᾶσάν
661 1656 720 1681 ἐστι
734 1653 783 1688 τὴν
794 1653 838 1679 ὑπ’
855 1652 902 1678 οὐ-

114 1709 205 1744 ρανόν.
222 1707 331 1741 Ἐπειδὴ
346 1705 374 1732 δὲ
389 1703 582 1740 ηὑλογήθημεν
605 1702 682 1738 παρὰ
701 1700 831 1736 Χριστοῦ,
855 1699 903 1726 καὶ

112 1756 194 1791 ἡμεῖς
210 1754 289 1781 αὑτὸν
306 1753 366 1784 ταῖς
388 1750 526 1789 εὐλογίαις
540 1750 587 1776 καὶ
605 1748 804 1783 ἀκαταλήκτοις
830 1745 904 1777 δοξο-

113 1801 218 1835 λογίαις
236 1797 447 1833 κατευφραίνειν
463 1794 658 1830 σπουδάζομεν.
668 1793 755 1820 Πάλαι
772 1792 821 1828 μὲν
834 1791 900 1826 γὰρ,

113 1848 175 1883 ἦτοι
186 1846 239 1882 πρὸ
250 1845 299 1881 τῆς
321 1845 361 1876 εις
382 1843 463 1870 αὐτὸν
484 1842 612 1872 πίστεως,
627 1841 683 1871 τοῖς
697 1840 746 1866 οὐκ
760 1836 819 1866 οὖσι
833 1838 904 1869 θεοῖς

113 1882 303 1926 ἐξυφαίνοντες
322 1890 373 1921 τὰς
384 1888 466 1924 ᾠδὰς,
482 1886 640 1922 ἐγελώμεθα
654 1884 775 1916 δικαίως.
797 1882 905 1918 Ἐπειδὴ

113 1939 144 1966 δὲ
163 1940 209 1965 τδν
229 1938 308 1972 φύσει
323 1936 388 1963 Θεὸν
407 1933 579 1969 ἐγνώκαμεν,
598 1931 735 1967 ὑμνοῦμεν
756 1929 847 1960 αὑτὸν,
860 1929 906 1955 καὶ

114 1984 223 2019 καρπὸν
252 1982 364 2018 χειλέων
380 1981 428 2007 καὶ
449 1979 572 2014 γλώττης
587 1976 661 2011 αὑτῷ
675 1974 906 2011 προσκομίζομεν,

114 2031 165 2062 τὰς
178 2029 332 2063 δοξολογίας
346 2027 429 2054 αὐτοῦ
446 2025 625 2062 μεμνημένοι,
636 2023 687 2049 κᾶν
698 2023 722 2048 εἰ
733 2020 837 2056 γένοιτό
849 2028 908 2051 πως

114 2076 224 2110 ἀνάγκη
241 2074 288 2100 καὶ
310 2072 390 2108 χρεία
404 2072 454 2106 τῆς
475 2071 519 2097 διὰ
534 2070 588 2096 τῶν
603 2069 692 2104 ὅρκων
711 2065 908 2101 πληροφορίας,

115 2121 160 2154 ἐφ’
175 2109 228 2155 aeq;
243 2117 290 2146 οὖν
310 2118 365 2144 τῶν
385 2116 555 2153 πραγμάτων
569 2114 698 2150 ὀμοῦνται
714 2112 759 2138 τον
775 2110 841 2137 Θεὸν
864 2109 910 2135 τὸν

116 2165 256 2201 ἀληθινόν.
273 2164 353 2195 Ἔθος
370 2163 418 2198 μὲν
435 2163 489 2198 γὰρ
503 2163 559 2193 τοῖς
572 2161 626 2188 τῶν
642 2157 758 2186 εἰδώλων
774 2157 909 2201 θεραπευέ

117 2213 190 2244 ταῖς,
206 2211 296 2245 ὅρκιον
311 2209 366 2235 ἔσθ’
385 2209 429 2235 ὅτε
450 2207 585 2235 ποιεῖσθαι
607 2205 653 2232 τὸν
676 2203 803 2239 οὐρανὸν,
821 2202 838 2237 ἢ
864 2200 911 2227 καὶ

118 2258 214 2293 ἔτερόν
227 2266 254 2283 τι
275 2256 330 2283 τῶν
346 2257 375 2282 ὲν
390 2255 466 2290 αὐτῷ
487 2252 637 2288 στοιχείων.
653 2251 685 2278 Οἱ
703 2250 732 2276 δὲ
750 2249 799 2284 τὴν
819 2247 910 2274 πίστιν
929 2258 949 2284 D

120 2303 349 2340 παραδεξάμενοι,
366 2302 413 2329 καὶ
427 2301 481 2328 τῶν
504 2302 544 2332 εἰς
561 2299 641 2326 τοῦτο
665 2294 911 2332 πλημμελημάτων

121 2350 291 2385 ἀποψοιτῶσι
316 2348 448 2379 νεανικῶς
461 2355 467 2362 ί
489 2347 581 2383 ὅρκιον
604 2345 658 2381 γὰρ
676 2342 815 2370 ποιοῦνται
834 2340 912 2375 μόνον

121 2399 167 2425 τὸν
180 2397 234 2423 τῶν
250 2396 318 2423 ὅλων
335 2394 413 2426 Θεὸν,
428 2393 509 2420 αὑτὸν
530 2391 629 2423 ειδότες
649 2390 728 2425 φύσει
745 2397 774 2415 τε
790 2388 836 2414 καὶ
849 2387 914 2421 ἀλη-

122 2443 178 2474 θῶς
189 2442 336 2475 Δεσπότην,
349 2441 396 2466 καὶ
409 2439 502 2474 ἓτερον
513 2438 556 2464 ἐπ’
571 2436 645 2470 αὐτῷ
658 2433 797 2464 παντελῶς
807 2431 912 2458 οὐδένα.

123 2490 210 2516 Τοῦτο
221 2488 269 2514 καὶ
281 2489 296 2513 ὁ
309 2486 354 2513 διὰ
364 2485 486 2516 Μωσέως
501 2483 666 2518 προστέταχε
681 2482 762 2516 νόμος
772 2487 779 2495 ·
797 2478 914 2513 (Κύριον

123 2534 190 2570 γὰρ,
209 2533 286 2569 φησὶ,
303 2532 348 2559 τὸν
376 2532 442 2558 Θεόν
474 2538 520 2556 σου
538 2528 751 2565 προσκυνήσεις,
773 2525 820 2552 καὶ
839 2522 914 2570 σὺτῷ

215 2568 383 2617 λατρεύσεις,
401 2579 447 2605 καὶ
464 2577 503 2613 τῷ
512 2577 624 2612 ὀνόματι
644 2573 726 2601 αὑτοῦ
743 2574 810 2608 ὀμῇι
827 2580 836 2596 ι
855 2568 915 2618 εἶτα

125 2636 219 2664 φησιν,
231 2628 272 2654 ὅτι
289 2636 297 2652 ι
314 2625 504 2660 Ἐπιλήσονται
519 2623 567 2657 τὴν
580 2621 668 2655 θλίψιν
679 2619 769 2646 αὐτῶν
781 2617 828 2653 τὴν
841 2615 916 2651 πρώ-

124 2663 186 2711 την,
201 2674 249 2700 καὶ
268 2674 318 2699 οὐκ
341 2671 506 2706 ἀναϐήσεται
523 2668 612 2695 αὐτῶν
627 2667 674 2694 ἐπὶ
690 2666 740 2700 τὴν
763 2663 886 2711 καριῖίαν·
904 2671 913 2686 ι

126 2706 175 2748 καὶ
189 2719 277 2755 θλίψιν
294 2719 381 2745 ἔοικεν
398 2718 427 2743 ὲν
447 2715 552 2746 τούτοις
571 2712 726 2748 ὀνομάζειν,
747 2706 918 2755 ἢννὺςέστηῖ

127 2774 177 2793 σαν
192 2753 353 2805 μοχθηρίαν,
365 2764 410 2790 ὅτε
420 2761 485 2788 Θεὸν
496 2761 547 2787 οὐκ
557 2759 658 2789 εἰδότες
670 2756 716 2783 τὸν
733 2753 870 2805 ἀληθινον,
884 2753 917 2786 τῇ

127 2812 182 2840 τῶν
194 2800 345 2846 γδαιμονὶων
361 2808 504 2843 σκαιότητι
522 2804 724 2833 δεδουλεύκασι.
744 2800 918 2837 Προσέταττε

697 2892 718 2908 "'
735 2891 804 2918 Psnl.
829 2896 874 2920 cv,
894 2886 939 2912 57.

864 2948 892 2962 κ·

167 2898 187 2912 ’³
210 2900 279 2928 Osee
302 2907 331 2929 ιι,
344 2898 390 2925 2t.
431 2896 452 2912 “
472 2897 546 2923 limit.
561 2903 597 2925 vr,
615 2895 657 2921 ιτ».

299 2949 434 2979 Pn'nou.
455 2946 511 2975 Gul
532 2944 624 2975 LXX.

953 1604 1163 1631 lebratissimum
1184 1607 1213 1631 et
1228 1610 1275 1638 per
1289 1611 1398 1631 omnem
1411 1610 1510 1631 terram
1529 1606 1577 1632 sub
1591 1605 1652 1632 ρωιὶ
1664 1613 1741 1633 com-

953 1649 1033 1683 plexu
1054 1649 1235 1676 benedictum.
1256 1649 1288 1676 Et
1308 1650 1371 1683 quia
1387 1657 1437 1676 nos
1459 1650 1593 1677 benedicti
1613 1658 1706 1678 sumus
1725 1658 1741 1678 a

953 1696 1074 1728 Christo,
1095 1697 1234 1722 studemus
1255 1696 1336 1722 etiam
1351 1703 1400 1722 nos
1414 1695 1488 1722 illum
1509 1697 1744 1724 benedictionibus

954 1746 981 1768 et
992 1741 1128 1775 perpetuis
1147 1741 1269 1768 laudibus
1285 1741 1432 1768 oblectare.
1453 1742 1522 1769 Olim
1539 1743 1622 1776 enim,
1638 1748 1664 1769 et
1679 1749 1744 1770 ante

956 1786 1035 1813 iidem
1054 1786 1080 1812 in
1098 1786 1195 1821 ipsum,
1211 1786 1278 1813 odas
1290 1791 1467 1814 contexentes
1489 1794 1540 1814 non
1553 1788 1615 1821 dlis,
1627 1788 1690 1823 jure
1708 1791 1745 1815 ri—

956 1833 1097 1860 debamur.
1112 1832 1255 1867 Postquam
1280 1838 1369 1859 autem
1393 1838 1489 1860 natura
1503 1833 1589 1860 Deum
1606 1834 1742 1866 novimus,

956 1878 1031 1905 illum
1050 1879 1233 1911 celebramus,
1256 1883 1282 1906 et
1301 1879 1419 1906 fructum
1441 1879 1574 1907 lubiorum
1594 1887 1626 1907 ac
1647 1880 1745 1914 lingua)

957 1926 1006 1958 ipsi
1028 1925 1177 1956 offerimus,
1195 1925 1288 1952 laudes
1309 1924 1366 1958 ejus
1387 1930 1652 1953 commemorantes:
1668 1927 1746 1960 sique

957 1979 1027 2006 opus
1040 1978 1137 1998 ususve
1153 1970 1235 1998 fuerit
1249 1970 1427 2005 jurisjurandi
1443 1971 1661 2003 conﬁrmatione,
1675 1971 1701 1998 in
1716 1979 1746 1998 re

958 2017 1095 2052 quapiam,
1116 2015 1213 2051 juraut
1235 2024 1283 2051 per
1309 2016 1393 2043 Deum
1423 2024 1527 2043 verum.
1546 2015 1594 2043 Est
1619 2017 1690 2043 enim
1718 2017 1745 2042 in

960 2070 1035 2089 more
1056 2062 1188 2090 idolorum
1209 2062 1358 2089 cultoribus
1378 2061 1561 2096 juramentum
1585 2068 1632 2095 per
1647 2061 1744 2088 malum

961 2109 1001 2135 vel
1016 2117 1063 2143 per
1079 2109 1151 2136 aliud
1171 2109 1316 2144 quodpiam
1335 2108 1361 2135 in
1375 2116 1408 2135 eo
1423 2108 1615 2135 elementorqu
1642 2115 1747 2134 nuncu-

961 2161 1036 2188 pare.
1050 2154 1084 2181 Δι
1104 2155 1149 2188 qui
1169 2156 1248 2181 lidetu
1268 2158 1439 2189 receperunt,
1454 2154 1534 2180 etiam
1547 2154 1703 2189 juvenililer
1718 2162 1748 2180 ac

962 2204 1071 2227 strenue
1093 2208 1107 2226 a
1132 2200 1189 2228 suis
1212 2201 1319 2228 delictis
1341 2201 1484 2228 recedunt:
1503 2208 1550 2236 per
1573 2202 1658 2227 solum
1676 2201 1747 2227 enim

963 2244 1147 2271 universitatis
1171 2245 1255 2272 Dentri
1279 2245 1382 2279 juranl,
1400 2246 1517 2272 scientes
1543 2245 1628 2279 ipsum
1649 2250 1745 2271 natura

963 2294 990 2316 et
1001 2297 1063 2316 vere
1080 2289 1221 2316 Dominum
1246 2297 1317 2323 esse,
1333 2296 1358 2317 et
1380 2296 1478 2324 praeter
1503 2290 1588 2325 ipsum
1614 2290 1748 2328 neminem

964 2335 1056 2361 ullum.
1073 2333 1130 2361 Hoc
1145 2335 1225 2361 etiam
1243 2335 1359 2362 Mosaica
1375 2336 1500 2370 praecepit
1515 2336 1567 2362 lex.
1586 2344 1596 2360 ‹
1609 2331 1749 2362 Dominum

965 2380 1048 2412 enim,
1071 2380 1169 2413 inquit,
1197 2380 1282 2407 Deum
1308 2386 1381 2407 tuum
1412 2380 1548 2413 adorabis,
1582 2385 1609 2407 et
1627 2387 1688 2407 eum
1706 2387 1751 2406 so-

968 2426 1022 2452 lum
1035 2426 1117 2457 coles,
1127 2425 1189 2452 etin
1205 2427 1312 2452 nomine
1332 2426 1535 2461 ejnsjurabis".
1549 2436 1558 2452 ι
1571 2427 1616 2454 Ait
1629 2427 1724 2453 deinde
1743 2434 1750 2451 :

971 2482 980 2498 ι
992 2471 1188 2499 Obliviseentur
1205 2471 1358 2499 alllictionis
1376 2472 1486 2507 prioris,
1499 2476 1526 2499 et
1545 2480 1598 2499 non
1613 2472 1702 2500 veniet
1719 2471 1753 2498 il-

967 2519 1001 2545 lis
1018 2518 1043 2545 in
1060 2517 1189 2544 animum.
1207 2525 1216 2542 ι
1237 2516 1414 2544 Aﬂlictioncm
1428 2517 1589 2544 videturille
1603 2517 1753 2547 nominare.

967 2570 1035 2598 quas
1045 2562 1116 2597 passi
1129 2567 1189 2588 sunt
1202 2568 1347 2593 azrumnas,
1363 2568 1423 2587 eum
1440 2561 1523 2587 Deum
1538 2562 1692 2588 nescientes
1709 2568 1756 2586 ve-

970 2617 1039 2640 rum,
1048 2607 1241 2635 daemoniorum
1257 2605 1427 2640 perversitati
1442 2606 1604 2632 servierunt.
1617 2604 1755 2632 Jubeban-

972 2660 1015 2682 tur
1029 2654 1127 2682 etenim
1144 2653 1299 2681 sacriﬁcare
1312 2651 1374 2685 illis,
1385 2658 1436 2679 non
1454 2651 1532 2677 modo
1546 2658 1610 2678 oves
1624 2656 1652 2679 et
1662 2652 1755 2682 boves,

971 2701 1017 2728 sed
1034 2700 1116 2728 etiam
1141 2699 1213 2726 fetus
1226 2698 1295 2725 uteri
1311 2697 1363 2730 sui,
1378 2695 1603 2731 quemadmodum
1626 2696 1756 2730 scriptum

972 2752 1013 2774 est
1025 2755 1031 2772 :
1050 2745 1264 2773 «Sacriﬁcarunt
1282 2744 1364 2779 igitur
1377 2742 1486 2777 quidam
1500 2740 1569 2766 ﬁlios
1582 2745 1609 2767 et
1625 2740 1693 2767 tilias
1704 2740 1755 2766 ⁸³.»

975 2792 1124 2820 Tribnlatio
1145 2791 1199 2819 alio
1216 2791 1294 2818 modo
1313 2788 1449 2824 fuit,quod
1462 2785 1675 2814 innumerabiles
1690 2785 1759 2812 Deos

1563 2922 1601 2952 45
