1893 3052
182 160 252 189 “l9

695 158 724 185 S.
744 155 882 184 CYBELLI
903 151 1136 182 ALEXANDRINI
1157 151 1317 180 ARCHIEP.

1753 149 1836 176 ιιὲο

183 217 273 246 colere
285 221 312 244 et
326 216 438 243 adorare
450 218 609 248 cogerentur
623 214 729 249 ignotos
741 213 810 240 illos.
825 212 965 240 Probabile

1031 220 1076 245 γρ.
1093 208 1317 245 προσετάττοντο]
1335 208 1389 243 γὰρ
1409 207 1556 235 καταθύειν
1572 207 1678 240 αὐτοῖς,
1688 207 1762 243 οὐχὶ
1780 208 1838 242 δή-

179 268 274 292 -autem
287 266 329 290 est
340 260 500 296 quibusdam
512 260 626 287 insidias
635 265 755 287 structas
769 267 838 292 esse,
846 264 920 286 certe
933 259 969 285 ita

184 309 286 338 sentire
299 315 351 334 non
364 312 407 335 est
420 306 615 341 improbabile:
631 307 693 341 quia
705 313 766 332 cuin
781 305 833 333 illis
846 305 970 332 fortiores

183 352 448 382 essentersecraudi
477 356 504 379 et
541 351 707 387 sanguinarii
722 351 866 385 daemones,
888 351 969 378 etiam

183 399 336 434 opprimere
356 402 515 433 potuerunt,
529 404 592 424 cum
619 405 634 424 a
653 397 708 425 Deo
725 405 777 425 non
796 402 970 432 protegeren-

185 452 237 472 tur.
263 444 378 479 «Hujus,
394 443 491 478 inquit,
513 443 666 471 alllictionis
691 451 746 470 suae
765 443 968 471 obliviscentur.

184 491 243 518 Erit
257 490 328 518 enim
350 489 447 516 coelum
462 496 560 516 novum
583 493 610 516 et
634 493 707 516 terra
724 496 803 517 nova.
817 498 826 515 I
847 488 910 522 Qui,
924 492 972 516 aut;

184 536 319 571 quomodo
328 535 339 562 ?
347 535 427 570 901
439 534 571 561 Putabant
579 534 650 561 enim
659 534 722 561 olim
731 535 795 562 deos
803 542 863 562 esse
872 539 970 561 terram

182 586 210 610 et
221 582 337 609 uelum:
357 585 384 607 at
405 581 463 608 luce
487 579 578 607 divina
594 580 621 606 in
640 581 759 607 animum
778 580 908 612 admissa,
922 587 971 614 per

183 628 304 655 omnium
314 631 438 654 nostrum
451 625 626 654 Servatorem
639 626 787 658 Christum,
801 633 884 653 novas
892 626 970 660 quasi

184 672 333 700 sententias
348 678 381 698 ac
396 671 521 698 notiones
540 671 565 698 in
583 678 612 698 se
624 670 770 698 habebunt.
787 670 879 697 Sclent
896 678 971 697 nam-

183 725 236 752 que
250 725 302 744 non
319 724 381 744 esse
397 716 472 750 deos,
492 717 539 743 sed
553 716 673 744 omnium
690 716 802 743 artificis
813 721 840 743 et
855 716 970 743 fabrica-

185 762 251 790 toris
277 762 414 797 ﬁgmenta.
431 762 496 789 tSic
518 767 625 794 autem,
647 762 749 796 inqttit,
789 761 879 788 animo
903 761 969 788 alle-

184 808 232 840 cti,
256 815 310 835 non
337 808 405 834 ultra
435 808 648 834 recordabuntur
666 808 796 841 priorum.
809 817 819 832 ι
834 807 970 842 Abjicient

184 854 257 880 enim
271 853 352 880 simul
373 861 434 880 cum
454 853 606 887 graecismo,
626 853 706 879 etiam
731 861 798 886 quas
818 853 970 880 habuerunt

1021 265 1072 283 που
1091 257 1169 292 μόνον
1188 255 1314 291 πρόὸατέι
1341 263 1371 281 τε
1391 254 1439 281 καὶ
1461 253 1535 288 βοῦς,
1551 252 1620 280 ἀλλὰ
1633 254 1689 289 γὰρ
1713 253 1771 280 καὶ
1798 254 1840 279 τὰ

1021 302 1119 336 ἔκγονα.
1134 302 1182 336 τῆς
1196 300 1299 332 κοιλίας
1311 299 1412 331 αὐτῶν,
1428 299 1501 326 καθὰ
1514 299 1690 334 γέγραπται·
1703 307 1715 324 ε
1735 297 1839 324 Τεθύ-
1862 336 1865 337 ν

1021 355 1085 374 κασι
1102 346 1168 380 γοῦν
1185 354 1255 377 τινες
1267 345 1343 376 υἱούς
1359 353 1390 371 τε
1407 345 1455 370 καὶ
1469 344 1636 379 θυγατέρας.
1647 353 1656 369 ι
1671 342 1839 378 Μοχθηρία

1020 392 1048 418 δὲ
1073 392 1121 418 καὶ
1143 392 1246 426 ἑτέρως
1258 389 1304 425 ἦν,
1324 391 1356 417 τὸ
1377 390 1574 426 ἀναριθμήτοις
1588 389 1661 416 οὕτω
1675 388 1837 425 λατρεύειν

1021 437 1102 470 θεοῖς,
1120 438 1167 463 καὶ
1181 436 1343 472 θεραπεύειν
1357 435 1518 470 ἐπείγεσθαι
1531 436 1594 467 τοὺς
1618 435 1657 470 μὴ
1676 435 1834 470 ἐγνωσμέ-

1022 492 1098 514 νους·
1115 483 1188 515 εἰκὸς
1203 483 1232 509 δὲ
1245 482 1336 514 τοῦτο,
1348 482 1397 508 καὶ
1413 481 1637 508 ἐπιϐουλεύεσθαί
1649 489 1734 512 τινας
1748 481 1835 516 παρὰ

1020 529 1074 555 τῶν
1091 529 1273 564 ἠμελημένων
1283 535 1290 543 ’
1310 528 1340 554 τὸ
1351 527 1464 559 ἀπεικὸς
1480 527 1534 562 γὰρ
1551 527 1627 553 οὐδὲν
1641 527 1765 557 ἐννοεῖν,
1784 527 1830 553 ὅτι

1021 574 1185 611 κρατοῦντες
1209 573 1300 601 αὐτῶν
1315 574 1340 600 οἱ
1362 573 1487 609 βδελυροὶ
1504 573 1552 599 καὶ
1569 572 1709 608 μιαιφόνοι
1726 572 1834 607 δαίμο-

1021 628 1074 652 νες,
1097 619 1144 646 καὶ
1165 620 1268 647 ἀδικεῖν
1285 619 1424 651 ἐδύναντο,
1443 619 1548 654 σκέπην
1568 619 1619 645 οὐκ
1633 618 1753 653 ἔχοντας
1776 627 1833 652 την

1021 664 1097 700 παρὰ
1109 664 1186 692 Θεοῦ.
1207 674 1216 690 ι
1229 664 1347 700 Ταύτην,
1367 665 1450 700 φησὶ,
1466 664 1516 699 τὴν
1531 664 1634 690 Eat)th
1652 663 1752 697 θλίψιν
1766 663 1832 689 ἐπι-

1020 710 1156 746 λήσονται.
1186 711 1281 737 Ἔσται
1305 710 1360 746 γὰρ
1382 712 1396 737 ὁ
1410 711 1526 746 οὐρανὸς
1551 710 1655 741 καινὸς.
1677 710 1730 736 καὶ
1756 710 1775 744 ἠ
1793 709 1829 743 γῆ

1021 757 1111 792 καινή.
1125 766 1134 782 ι
1152 756 1225 788 Πῶς,
1239 756 1254 791 ἢ
1272 756 1334 783 τινα
1348 756 1467 792 τρόπον;
1484 756 1574 782 Πάλαι
1589 755 1640 790 μὲν
1655 755 1714 790 γὰρ
1729 755 1831 788 ἐνόμι-

1021 803 1076 836 ζον,
1093 803 1171 835 θεοὺς
1191 801 1262 829 εἶναι
1276 803 1328 837 γῆν
1342 811 1372 828 τε
1385 802 1431 828 καὶ
1444 801 1570 836 οὐρανόν·
1587 801 1644 835 φῶς
1658 800 1689 826 δὲ
1700 800 1733 826 τὸ
1752 800 1829 826 θεῖον

1021 850 1149 881 λαϐόντες
1175 851 1214 881 είς
1239 849 1300 876 νοῦν
1319 849 1364 875 διὰ
1383 848 1431 875 τοῦ
1454 849 1564 875 πάντων
1589 847 1671 882 ἡμῶν
1692 847 1828 882 Σωτῆρος

183 898 336 931 opiniones,
350 897 383 923 de
396 897 460 931 ipsis
472 896 660 928 elementis,et
677 896 718 923 his
735 897 780 930 qui
797 897 965 931 deceperunt1

1030 895 1154 931 Κριστοῦ,
1170 895 1266 926 καινὰς
1289 895 1384 930 ὥσπερ
1400 895 1504 925 ἐννοίας
1520 893 1626 926 ἕξουσιν
1647 893 1692 919 ἐπ’
1713 892 1826 923 αὐτοῖς.

183 944 240 971 sive
247 943 385 970 daemoniis
392 943 448 970 sive
464 942 675 976 ltominibus,qui
682 943 767 969 errori
776 947 974 970 consonserunt

185 994 211 1015 et
230 988 318 1022 lingua
336 995 384 1014 sua
401 988 561 1022 patrocinati
582 992 654 1014 sunt.
679 987 731 1015 Pro
752 987 906 1020 afﬂictione,
931 989 973 1015 itt-

183 1034 383 1068 quil,antiqua,
397 1033 516 1060 laetitiam
535 1038 562 1060 et
574 1034 779 1060 exsultationem
797 1034 935 1060 invenient
947 1033 973 1060 in

183 1086 224 1105 ea.
246 1078 568 1112 luqua?Ccrte,inquit,iu
579 1078 696 1105 Ecclesia
703 1077 812 1105 Christi.
823 1077 972 1105 Notandum

184 1129 226 1151 est
242 1125 409 1156 necessario,
421 1125 550 1158 quosdam
571 1116 733 1158 interpretes
749 1124 805 1151 hinc
817 1123 918 1150 referre
940 1124 974 1151 ad

186 1175 305 1204 tempora
321 1177 373 1196 nott
386 1169 584 1201 adventus,sed
602 1169 692 1196 futura
708 1174 769 1203 post
785 1169 835 1195 hoc
855 1177 973 1203 praesens

184 1224 281 1244 aevum.
297 1216 366 1243 Fore
385 1216 456 1242 enitn
471 1215 559 1250 iustos
577 1215 603 1242 in
619 1215 709 1242 laetitia
724 1220 752 1242 et
767 1215 876 1249 gaudio,
893 1216 969 1248 dicit,

184 1262 253 1289 etin
279 1262 416 1296 perpetuis
444 1261 558 1292 dcliciis,
584 1261 770 1295 spiritualibns
792 1261 926 1294 videlicet,
947 1266 974 1288 et

185 1308 243 1341 ipso
252 1307 304 1333 hoc
319 1306 427 1341 opiﬁcio
443 1310 545 1333 mutato
557 1306 583 1333 in
595 1307 808 1334 renovationem.
819 1306 889 1334 Dixit
900 1308 972 1334 euint

185 1353 294 1387 quidam
306 1359 321 1379 e
332 1352 434 1379 sanctis
455 1352 583 1386 apostolis
597 1361 604 1378 ι
621 1360 631 1376 ι
649 1352 743 1379 Veniet
758 1353 829 1379 enitn
846 1354 904 1380 dies
919 1353 972 1380 Do-

187 1398 251 1424 tnini
266 1402 393 1431 tanquam
403 1396 489 1430 lur,iu
501 1404 555 1431 quo
571 1397 633 1424 cceli
651 1405 747 1432 magno
762 1398 861 1432 impetu
882 1402 973 1426 trans-

186 1443 273 1474 ibunt,
291 1442 423 1469 elementa
459 1449 523 1468 vero
539 1442 628 1469 calore
639 1442 828 1476 dissolventur,
842 1449 913 1471 term
926 1452 974 1471 au-

188 1493 240 1516 tem
255 1493 282 1515 et
297 1495 355 1521 quae
372 1488 397 1514 ιιι
422 1495 453 1514 ea
470 1492 532 1514 sunt
546 1487 756 1522 caullagrabunt.
783 1489 873 1517 Cm‘tos
889 1497 973 1518 novos

187 1539 214 1561 et
228 1541 325 1561 novam
341 1538 451 1566 terram,
463 1537 489 1560 et
503 1535 635 1568 promissa
650 1534 709 1568 ejus
725 1541 913 1569 exspectamus
921 1535 969 1562 ⁸⁵.»

1025 940 1151 967 Εἵσονται
1159 941 1210 975 γὰρ
1217 940 1256 966 ὅτι
1266 940 1290 966 οἱ
1301 939 1349 974 μὲν
1356 939 1406 966 οὐκ
1418 939 1472 965 εἰσὶ
1482 938 1574 975 [Osci],
1583 939 1728 973 ποιήματα
1737 936 1826 964 δὲτοῡ

1025 986 1133 1013 πάντων
1160 985 1282 1020 τεχνίτου
1305 985 1351 1011 καὶ
1367 983 1546 1020 δημιουργοῦ.
1562 989 1572 1005 ί
1586 983 1665 1010 Οὕτω
1680 983 1709 1009 δέ
1730 982 1826 1008 διατε-

1025 1032 1134 1064 θέντες,
1157 1032 1258 1067 φησὶν,
1288 1031 1338 1057 οὐκ
1359 1030 1398 1057 ἐτι
1430 1031 1616 1066 μεμνήσονται
1642 1029 1698 1055 τῶν
1720 1028 1825 1064 προτέ-

1026 1077 1281 1113 ρων-»ἀποϐαλοῦσι
1298 1077 1351 1112 γὰρ
1361 1076 1431 1111 ὁμοῦ
1461 1076 1502 1111 τῷ
1523 1071 1706 1110 Ἐλληνισμῷ,
1726 1076 1775 1102 καί
1791 1075 1823 1106 ἃς

1024 1124 1159 1159 ἐσχήκασι
1182 1122 1262 1155 δόξας
1276 1122 1339 1158 περί
1359 1131 1388 1148 τε
1412 1122 1466 1148 τῶν
1484 1122 1624 1156 στοιχείων
1645 1121 1756 1152 αὐτῶν,
1774 1121 1823 1147 καὶ

1024 1170 1079 1196 τῶν
1092 1170 1178 1197 παλαι
1195 1169 1420 1204 πεπλανηκότων,
1431 1169 1448 1204 ἢ
1460 1169 1605 1204 δαιμόνων,
1622 1168 1638 1203 ἣ
1653 1168 1822 1203 ἀνθρώπων,

1024 1215 1049 1242 οἳ
1079 1217 1112 1251 τῇ
1142 1215 1231 1250 πλάνῃ
1256 1215 1406 1250 συνήγορον
1431 1214 1481 1250 τὴν
1507 1214 1613 1241 ἑαυτῶν
1641 1214 1821 1249 παρέστησαν

1023 1261 1160 1295 γλῶσσαν.
1191 1261 1298 1287 Ἀντὶδὲ
1315 1262 1362 1295 τῆς
1380 1259 1495 1294 θλίψεως
1522 1261 1571 1294 τῆς
1601 1259 1697 1290 πάλαι,
1725 1260 1819 1293 φησιν,

1023 1306 1194 1342 εὐφροσύνην
1224 1307 1270 1332 καὶ
1292 1306 1450 1340 ἀγαλλξαμα
1468 1306 1630 1340 εὑρήσουσιν
1657 1299 1687 1331 ἐν
1713 1306 1794 1340 αὐτῇ.

1024 1353 1080 1379 Καὶ
1092 1353 1120 1378 ὲν
1136 1353 1216 1386 αὐτῇ,
1226 1353 1294 1384 τίνι;
1306 1353 1340 1378 "H
1350 1352 1457 1383 παντως
1475 1352 1597 1387 φήσειεν·
1614 1352 1653 1387 Τῇ
1669 1351 1819 1387 Ἐκκλησία

1023 1398 1154 1433 Χριστοῦ.
1173 1398 1410 1434 Ἐπισημήνασθαι
1435 1397 1463 1424 δὲ
1484 1399 1652 1432 ἀναγκαῖον,
1673 1398 1715 1424 ὅτι
1732 1398 1818 1424 ταῦτα

1023 1445 1095 1476 τινὲς
1108 1444 1162 1471 τῶν
1179 1445 1320 1480 ἐξηγητῶν
1334 1444 1484 1471 ἀνάπτουσι
1507 1445 1563 1475 τοῖς
1579 1445 1698 1478 καιροῖς,
1713 1444 1746 1470 οὐ
1760 1445 1818 1473 τοῖς

1023 1490 1072 1524 τῆς
1085 1490 1232 1525 ἐπιδημίας
1253 1489 1363 1525 μᾶλλον,
1378 1488 1447 1516 ἀλλὰ
1461 1490 1518 1520 τοῖς
1536 1489 1678 1524 ἐσομένοις
1692 1489 1761 1524 μετὰ
1772 1489 1817 1514 τὸν

1025 1535 1111 1562 αἰῶνα
1126 1535 1170 1562 τὸν
1187 1535 1352 1570 ἐνεστηκότα
1362 1543 1369 1550 υ
1385 1534 1496 1561 ἔσεσθαι
1507 1535 1562 1570 γὰρ
1577 1535 1640 1566 τοὺς
1654 1534 1777 1565 δικαίους
1788 1535 1818 1560 ἐν

187 1580 314 1607 Liberum
329 1587 393 1614 ergo
409 1584 436 1606 et
457 1579 560 1606 licitum
576 1584 616 1606 est
639 1580 767 1613 cordatis,
781 1588 861 1614 quant
889 1581 965 1609 velim

1030 1581 1180 1617 εὐφροσύνῃ
1194 1581 1240 1608 καὶ
1257 1566 1329 1617 χαρᾷ
1344 1589 1424 1615 φησι,
1441 1581 1490 1607 καὶ
1503 1566 1532 1607 ἐν
1546 1566 1739 1615 ατελευτήτοις
1753 1588 1819 1616 τρυ-

189 1626 450 1660 interpretationem,
470 1625 539 1652 hanc
554 1625 595 1651 vel
613 1625 684 1652 illum
703 1625 815 1660 eligere.
836 1627 974 1661 Abjicien—

188 1672 250 1697 dum
264 1672 335 1698 enim
349 1677 389 1698 est
404 1671 476 1698 nullo
493 1671 583 1703 modo,
600 1671 671 1705 quod
685 1673 801 1705 prodest.

1027 1629 1101 1662 φαῖς,
1120 1629 1319 1663 πνευματικαῖς
1328 1627 1459 1662 δηλονότι,
1474 1627 1521 1653 καὶ
1537 1627 1622 1662 αὐτῆς
1636 1626 1687 1661 τῆς
1704 1626 1815 1658 κτίσεως

1030 1673 1236 1709 μεταϐαλούσης
1251 1673 1291 1704 εἰς
1315 1668 1607 1708 ὰνακαινισμόν.Ἕφη
1622 1672 1678 1707 γάρ
1701 1680 1744 1703 τις
1762 1671 1815 1697 τῶν

184 1716 270 1750 ἁγίων
294 1715 449 1742 ἀποστόλων
462 1723 470 1730 ·
485 1725 495 1741 ι
511 1715 590 1748 ’Ἥξει
610 1715 664 1751 γὰρ
687 1716 778 1751 ἡμέρα
801 1717 916 1752 Κυρίου,
933 1718 972 1750 ὡς
991 1718 1123 1754 κλέπτης,
1157 1719 1186 1745 ἐν
1232 1718 1342 1754 οὐρανοὶ
1362 1717 1412 1753 μὲν
1435 1717 1556 1753 ῥοιζηδὸν
1592 1717 1814 1752 παρελεύσονται.

188 1763 306 1797 στοιχεῖα
322 1761 351 1788 δὲ
369 1760 542 1796 καυσούμενα
557 1761 710 1796 λυθήσεται.
725 1762 764 1797 Γῆ
787 1763 815 1789 δὲ
848 1764 944 1790 καὶτὰ
977 1765 1006 1790 ἐν
1025 1765 1094 1799 αὐτῇ
1122 1765 1208 1792 πάντα
1229 1764 1408 1799 καυθήσεται,
1431 1764 1541 1795 καινοὺς
1558 1764 1588 1790 δὲ
1605 1763 1751 1799 οὐρανοὺς,
1769 1763 1814 1789 καὶ

186 1808 283 1842 καινὴν
299 1807 361 1842 γῆν,
385 1806 433 1832 καὶ
465 1806 499 1833 τὰ
515 1807 710 1842 ἐπαγγέλματα
739 1808 821 1835 αὑτοῦ
844 1809 1049 1846 προσδοκῶμεν.
1065 1820 1076 1836 ι
1093 1810 1210 1842 Ἐξὲστω
1243 1810 1275 1845 δὴ
1298 1808 1345 1837 οὖν
1359 1811 1416 1841 τοῖς
1450 1809 1580 1845 ὲχέφροσι
1601 1809 1632 1836 τὸ
1650 1809 1746 1836 δοκοῦν
1760 1809 1814 1835 ἑλέ-

188 1853 249 1879 σθαι
267 1851 321 1878 τῶν
335 1851 532 1886 θεωρημάτων,
551 1851 652 1886 μᾶλλον
667 1852 695 1879 δὲ
721 1853 800 1880 τοῦτό
813 1862 843 1896 τι
880 1855 1001 1883 κάκεῖνο.
1029 1856 1194 1892 Ἀπόὸλητον
1217 1856 1273 1892 γὰρ
1296 1855 1356 1883 κατ’
1382 1855 1476 1883 οὐδένα
1502 1856 1603 1891 τρόπον
1631 1856 1664 1882 τὸ
1694 1858 1813 1888 πεφυκὸς

185 1899 311 1934 ὠφελεῖν.

226 1947 306 1973 Vsus.
323 1946 364 1977 l9.
385 1945 430 1973 20.
453 1945 524 1978 Quia
539 1954 596 1972 εει-ε
610 1954 655 1981 ego
672 1946 743 1980 facio
765 1947 912 1975 Jerusalem
928 1957 974 1976 ex-

186 1992 365 2024 sultationem,
382 1996 405 2018 et
420 1992 543 2026 populant
559 2000 644 2018 meum
660 1992 790 2026 lwtitiam,
802 1999 823 2020 et
838 1995 973 2023 exsultubo

187 2046 264 2072 super
280 2037 440 2069 Jerusalem,
457 2043 480 2063 et
498 2038 610 2064 laetabor
622 2046 699 2072 super
712 2040 808 2073 popqu
832 2048 898 2067 meo.
918 2040 974 2068 Nec

186 2084 257 2110 ultra
271 2083 394 2109 audietur
406 2083 433 2108 in
448 2091 477 2109 ea
494 2091 544 2110 uox
554 2083 687 2116 clamoris,
705 2091 785 2119 neque
800 2085 843 2118 ﬁet
858 2086 912 2113 illic
925 2087 973 2113 im-

185 2133 316 2159 maturus,
332 2133 354 2154 et
383 2135 470 2157 senex,
486 2127 530 2161 qui
553 2135 605 2153 non
632 2128 736 2161 impleat
759 2134 858 2163 tempus
883 2139 970 2159 suum.

187 2171 247 2198 Erit
260 2172 329 2198 enim
351 2171 501 2198 adolescens
524 2176 625 2198 centum
654 2181 840 2201 aunorum:at
859 2178 972 2203 moriens

184 2222 305 2252 peccator
318 2223 419 2244 centum
437 2225 577 2251 annorum,
595 2220 674 2245 etiam
694 2222 862 2248 exsecrabili:
875 2224 933 2250 erit.

219 2348 356 2376 Profunda
372 2349 428 2376 lucc
442 2350 635 2383 consideratio,
649 2357 676 2379 et
686 2353 802 2382 obscura
824 2355 970 2384 admodum

185 2399 226 2421 cst
245 2395 390 2429 propositae
402 2395 478 2422 nobis
494 2397 643 2431 prophetia:
660 2406 746 2428 mens.
761 2400 871 2434 Verum,
883 2409 910 2429 ut
925 2411 972 2438 po-

188 2446 256 2472 lt'l‘O,
274 2440 390 2467 conabor
408 2442 552 2475 explicare.
568 2441 716 2472 Jerusalem
737 2446 828 2480 igitur,
849 2454 878 2475 ut
896 2449 971 2477 vide-

185 2489 239 2518 tur,
255 2484 299 2511 hic
326 2484 400 2517 dicit,
417 2493 470 2512 non
494 2487 634 2521 antiquam
657 2488 741 2523 iilum,
763 2491 808 2518 sed
831 2493 920 2526 potius
939 2502 970 2521 ex

185 2528 284 2556 .ludaeis
298 2535 325 2556 et
341 2531 465 2565 gentibus
483 2531 642 2561 Ecclesium.
668 2535 735 2563 lluic
763 2539 970 2568 exsultationem

185 2583 210 2602 ct
226 2576 346 2603 laetitiam
358 2582 529 2605 ostensurum
543 2586 574 2606 se
586 2581 743 2616 pollicetur;
757 2587 784 2610 et.
803 2585 913 2618 quidem
926 2594 972 2613 ve-

185 2631 242 2651 llllll
261 2630 312 2658 est,
331 2630 360 2652 ut
378 2627 543 2661 experientia
564 2633 689 2656 testatur.
706 2629 777 2658 Nihil
796 2632 868 2659 ettitn
894 2634 972 2661 tetri-

183 2679 243 2696 cum
263 2670 288 2697 in
302 2670 420 2698 Ecclesia
434 2672 533 2699 Christi
546 2682 553 2706 ;
566 2674 649 2709 902
658 2675 733 2703 dives
745 2681 787 2705 est
807 2685 855 2712 spe
873 2681 972 2714 sempi-

184 2721 267 2743 terna:
281 2717 384 2748 vitae,et
400 2719 625 2754 perennisglot‘ie
637 2729 644 2748 :
658 2722 770 2750 multum
785 2723 865 2750 habet
879 2725 970 2758 splen-

183 2760 256 2786 doris
274 2759 356 2786 etiam
372 2760 397 2786 in
414 2762 465 2788 hoc
481 2763 589 2790 mundo.
601 2763 648 2792 Vel
664 2766 744 2794 etiam
762 2768 852 2796 aliter.
870 2769 967 2797 Exsul—

220 2844 241 2857 “
254 2848 274 2875 ll
296 2848 368 2878 Petr.
388 2858 430 2885 ιιι,
448 2851 530 2879 lO-M

1059 1948 1124 1974 "Ott
1136 1947 1200 1974 ἰδοὺ
1209 1946 1266 1982 ἐγὼ
1279 1946 1353 1974 ποιῶ
1363 1948 1562 1982 Ἰερουσαλὴμ
1576 1948 1758 1984 ἀγαλλίιιμα,
1767 1951 1809 1977 ul

1024 1994 1078 2021 τὸν
1091 1995 1169 2021 λαόν
1181 2003 1242 2028 μου
1256 1993 1459 2028 εὐφροσύνην,
1473 1995 1522 2021 καὶ
1536 1995 1810 2029 ἀγαλλιὰσομαιὲατὶ

1031 2040 1249 2075 Ἰερουσαλὴμ,
1271 2041 1320 2067 καὶ
1346 2040 1593 2075 εὐφρανθήσομαι
1616 2041 1667 2067 ἐπὶ
1692 2041 1733 2074 τῷ
1753 2041 1810 2074 λαῷ

1023 2097 1093 2123 μου.
1118 2087 1171 2114 Καὶ
1193 2086 1293 2114 οὐκέτι
1314 2088 1350 2113 οὺ
1367 2087 1411 2121 μὴ
1425 2087 1563 2121 ἀκουσθῇ
1580 2088 1615 2114 ἐν
1636 2087 1809 2122 αὐτῇλφωνὴ

1025 2133 1169 2168 κραυγῆς,
1185 2133 1234 2160 καὶ
1250 2134 1285 2159 οὐ
1297 2133 1340 2167 μὴ
1356 2133 1478 2168 γένηται
1488 2133 1553 2160 ἐκεῖ
1562 2134 1667 2168 ᾶωρος,
1684 2135 1733 2161 καὶ
1749 2143 1810 2168 ,πρε-

1025 2180 1155 2213 σϐύτης,
1180 2179 1214 2212 ὃς
1239 2180 1295 2206 οὐκ
1322 2179 1473 2214 ἐμπλήσει
1496 2179 1551 2206 τὸν
1573 2182 1688 2213 χρόνον
1713 2180 1807 2208 αὐτοῦ.

987 2228 1009 2255 ι)
1025 2226 1131 2252 Ἔσται
1144 2227 1198 2259 γὰρ
1210 2227 1226 2251 ὀ
1240 2224 1309 2257 ’νέος
1323 2224 1431 2251 ἑκατὸν
1442 2224 1526 2257 ἐτῶν,
1539 2227 1555 2252 ό
1569 2225 1604 2251 δὲ
1617 2225 1809 2258 ἀποθνῆσκον

1024 2270 1196 2305 ἀμαρτωπ
1209 2270 1317 2297 ἑκατὸν
1328 2270 1414 2303 ἐτῶν,
1425 2271 1474 2298 καὶ
1489 2271 1707 2305 ἐπικατάρατος
1720 2273 1807 2302 ἔσται.

1061 2360 1134 2388 Balli:
1150 2361 1180 2387 τὸ
1197 2360 1341 2397 θεώρημα,
1359 2362 1407 2388 καὶ
1421 2362 1587 2398 ἁσυμφανὴς
1600 2362 1672 2397 ἄγαν
1687 2364 1737 2397 τῆς
1748 2373 1806 2400 προ-

1026 2405 1156 2440 κειμένης
1170 2407 1235 2441 ήμῖν
1252 2407 1420 2442 προφητείας
1433 2409 1447 2434 ὁ
1461 2408 1533 2440 νοῦς.
1550 2408 1635 2444 Πλὴν,
1661 2409 1700 2441 ὡς
1714 2410 1758 2442 ἔνι,
1776 2411 1806 2436 δι-

1025 2453 1111 2479 ειπεῖν
1127 2453 1306 2487 πειράσομαι.
1321 2453 1500 2489 Ἰερουσαλὴμ
1516 2454 1661 2489 τοιγαροῦν
1673 2456 1807 2490 ὀνομάζειί

1026 2497 1115 2525 ἔοικεν
1129 2499 1157 2525 ἐν
1168 2498 1285 2530 τούτοις,
1298 2499 1328 2525 οὺ
1348 2499 1398 2535 τὴν
1413 2500 1530 2535 ἀρχαίαν
1542 2500 1660 2535 ἐκείνην,
1674 2501 1740 2528 ἀλλὰ
1750 2503 1806 2536 μᾶ).-

1026 2544 1070 2571 λον
1087 2545 1137 2580 τήν
1153 2554 1181 2571 τε
1199 2545 1229 2578 ἐξ
1243 2546 1376 2572 Ἰουδαίων
1391 2546 1439 2572 καὶ
1455 2546 1540 2573 ἐθνῶν
1552 2547 1730 2582 Ἐκκλησίαν,
1749 2549 1804 2574 ταύ-

1026 2597 1076 2623 την
1099 2589 1255 2624 ὰγαλλίαμα
1273 2590 1320 2617 καὶ
1334 2591 1504 2626 εὐφροσύνην
1521 2591 1673 2624 ἀναδείξειν
1684 2593 1804 2627 ἐπαγγέλ-

1025 2634 1114 2668 λεται,
1139 2636 1185 2662 καὶ
1211 2636 1242 2662 τὸ
1269 2637 1386 2672 πρᾶγμά
1407 2638 1481 2663 ἐστιν
1504 2637 1619 2672 ἀληθὲς,
1641 2639 1679 2670 ὡς
1700 2639 1751 2665 ἀπὸ
1763 2639 1803 2673 τῆς

1026 2681 1123 2715 πείρας
1137 2683 1220 2717 αὐτῆς
1236 2682 1458 2718 μαρτυρούμενον
1467 2691 1474 2699 ·
1496 2684 1618 2718 κατηφὲς
1630 2684 1686 2720 γὰρ
1697 2684 1767 2711 οὐδὲν
1780 2686 1803 2710 ἐν

1031 2728 1179 2763 Ἐκκλησία
1192 2728 1323 2764 Χριστοῦ’
1348 2729 1458 2756 πλουτεῖ
1472 2729 1564 2756 ἐλπίσι
1575 2732 1634 2761 ταῖς
1649 2732 1690 2761 εἰς
1706 2730 1803 2757 ἀτελεύ-

1023 2781 1104 2807 τητον
1131 2773 1203 2805 cum
1226 2774 1274 2801 καὶ
1290 2775 1431 2810 ἀμήρυτον
1455 2774 1552 2808 δόξαν·
1566 2775 1622 2810 ἔχει
1645 2775 1674 2802 δὲ
1697 2776 1760 2802 πολὺ
1779 2775 1804 2802 τὸ
