1893 3052
80 186 144 213 ttat

621 180 654 208 IN
675 180 790 209 |S.\IA.\l
811 179 876 208 LIB.
900 181 929 208 Υ.
950 178 1070 209 TUMUS
1091 181 1134 209 Vl.

1626 180 1637 206 1
1649 180 1695 206 ινιτ

79 240 226 278 περιφανὲς
239 242 268 267 ἑν
285 239 352 276 τῷδε
364 238 404 273 τῷ
420 239 514 274 κόσμῳ
525 246 531 253 ·
548 239 564 274 ἢ
581 238 650 272 τάχα
665 245 716 264 που
737 238 784 264 καὶ
808 237 864 264 ἐτέ-

929 239 1057 269 ationetn,
1082 237 1178 272 inquit,
1194 241 1221 264 et
1237 237 1356 264 laetitiam
1381 236 1542 264 constituam
1565 237 1695 271 meipsum

80 297 143 324 ρως·
166 287 332 323 Ἀγαλλίαμα
348 286 396 312 καλ¹
413 283 581 320 εὐφροσύνην
598 283 717 318 ἐμαυτοῦ
732 284 862 318 θήσομαι,

79 334 156 370 φησὶ,
170 334 219 370 τὴν
238 331 428 367 Ἰερουσαλήμ.
442 330 612 366 Ἦσθήσομαι
626 330 680 365 γὰρ
695 330 740 356 ἐπὶ
754 330 792 364 τῷ
807 329 864 364 λαῷ

81 387 142 417 μου·
158 379 204 407 καὶ
215 379 263 414 τῆς
279 377 412 413 θυμηδίας
422 376 471 407 τὰς
484 375 611 410 ἀφορμὰς
622 375 748 409 ἐπιφέρει
762 374 848 408 λέγων
857 382 863 388 ·

80 427 181 454 ϋύκέτι
198 425 235 460 μὴ
259 423 380 459 ἀκουσθῇ
393 424 422 449 ἐν
449 422 518 457 αὐτῇ
536 422 613 457 φωνὴ
637 420 788 456 κλαυθμοῦ,
805 420 865 446 οὐδὲ

80 473 156 509 φωνὴ
170 470 304 507 κραυγῆς·
315 470 352 502 ὡς
366 470 398 496 ὲκ
410 465 538 501 διαϐολῆς
575 468 603 494 δὲ
614 468 669 494 τῶν
681 466 866 502 ἀρχαιοτέρων

81 519 252 555 πραγμάτων
277 517 323 543 τὸν
348 516 398 551 τῆς
411 514 573 550 Ἐκκλησίας
591 513 701 540 ἔπαινον
728 512 866 547 ὲξυφαίνει

79 564 156 595 θεός.
181 563 267 590 Πάλαι
288 560 338 597 μὲν
352 559 407 595 γὰρ
431 559 455 585 οἱ
477 560 528 593 τῆς
550 557 683 583 Ἰουδαίων
702 555 866 589 Συναγωγῆς

80 609 241 646 ἡγούμενοι,
265 606 334 642 μετὰ
347 605 442 640 δώρων
460 603 576 638 ἔκρινον,
595 602 643 646 και
656 602 706 628 οὐκ
716 601 813 637 ⁴ᾔδεσαν
829 601 868 626 δι-

81 645 177 682 ιέαιοῦν
188 653 305 689 ὀρφανὸν
317 651 333 686 ἢ
349 652 447 686 χήραν.
468 648 576 683 Ἐπειδὴ
592 648 620 674 δὲ
633 645 704 682 ἦσαν
716 646 867 682 λημμάτων

81 700 204 736 αἰσχρῶν
231 697 363 734 ἐρασταὶ,
391 695 478 723 ἅθώου
509 695 556 721 καὶ
581 693 684 720 δικαίου
717 692 867 726 κατεψηφί-

82 748 169 779 ζοντο,
189 746 236 772 καὶ
253 745 316 775 τοὺς
331 743 417 769 ταῦτα
443 740 612 771 πεπονθύτας
634 739 709 765 πᾶσά
741 747 798 769 πως
820 739 868 764 ἁν-

81 793 172 827 ἀγκη,
197 791 244 817 καὶ
269 789 461 825 δακρυῤῥοεῖν,
485 787 532 814 καὶ
553 784 783 820 κατολοφύρεσθαι
801 784 868 818 μετᾶ

81 838 221 874 κραυγῆς,
239 836 276 867 ὼς
294 833 485 870 ἠδικημένους.
505 833 620 868 Είρηται
641 831 707 865 γοῦν
726 838 778 856 που
805 830 868 864 περὶ

81 883 132 918 τῆς
163 880 339 917 Ἰερουσαλὴμ
363 880 407 906 διὰ
428 879 520 914 φωνῆς
543 877 693 913 Ἱερεμίου·
717 874 775 903 «Ὦ
790 876 866 906 πόλις

916 283 1074 310 Jerusalem.
1098 281 1226 310 Gaudebo
1237 283 1307 310 enim
1327 283 1359 310 de
1376 282 1472 317 popqu
1489 290 1548 310 meo
1562 292 1569 309 ι
1588 290 1697 310 causas-

916 336 968 363 que
982 328 1125 363 voluplatis
1141 327 1232 359 infert,
1244 327 1337 355 dicens
1352 337 1358 355 :
1373 327 1429 354 Non
1446 327 1513 354 ultra
1532 328 1654 355 audietur
1671 330 1696 355 in

916 380 948 400 ea
963 381 1013 400 vox
1029 373 1126 405 luctus,
1143 380 1230 407 neque
1246 380 1296 400 vox
1315 372 1453 400 clamoris.
1469 373 1506 399 Ex
1524 374 1696 400 accusatione

916 417 992 452 quasi
1011 424 1099 444 rerum
1119 422 1348 452 antegressarum,
1366 417 1494 445 Ecclesiae
1507 418 1612 445 laudent
1634 427 1699 445 eun—

917 464 984 491 texit
997 463 1076 491 Deus.
1093 463 1164 492 Olim
1179 463 1250 491 enim
1265 463 1385 491 Judaicat
1405 463 1552 499 Synagoga:
1569 464 1698 499 praefecti,

917 515 1028 544 propter
1040 509 1385 544 donajudicabantmeque
1393 510 1700 545 norantjustcjudicare

917 556 1065 588 orphanutu
1082 559 1108 581 et
1122 554 1240 587 viduam,
1256 555 1303 582 sed
1322 554 1385 589 quia
1410 555 1494 589 turpis
1520 555 1587 581 lucri
1610 555 1700 588 cupidi

918 605 1009 632 erant,
1030 601 1201 628 innocentem
1222 604 1249 628 et
1270 600 1373 635 justum
1395 600 1621 627 condemnabam.
1650 599 1701 633 Qui

919 651 1007 673 autem
1024 646 1080 672 haec
1095 646 1166 680 passi
1181 651 1254 678 sunt,
1265 653 1311 673 eos
1327 650 1419 680 utpote
1431 653 1575 680 oppressos
1592 653 1702 673 necesse

919 691 1029 718 omnino
1050 695 1109 718 erat
1131 690 1288 725 lacrymari,
1324 696 1351 717 et
1373 699 1434 718 cum
1456 691 1575 718 clamore
1597 691 1700 726 Ingere.

919 736 1025 763 Dictuttt
1043 737 1135 771 itaque
1148 741 1189 764 est
1207 743 1273 764 voce
1286 735 1410 764 Ieremia:
1426 738 1457 764 de
1470 736 1638 764 Jerusalem:
1658 747 1666 763 ι
1681 738 1703 765 0

919 783 1015 809 civitas
1030 783 1156 815 mendax,
1172 783 1302 810 nihilnisi
1332 782 1459 810 violentia
1476 784 1503 810 in
1534 791 1576 811 ea.
1605 784 1638 811 Ut
1660 793 1704 820 pu-

921 831 979 854 teus
999 826 1140 861 refrigerat
1155 828 1321 862 aquatn:ita
1340 828 1465 863 frigidam
1486 828 1552 856 facit
1574 830 1704 858 tnalitiatn

922 880 1009 900 suam.
1027 873 1153 908 impietas
1168 877 1195 900 et
1212 873 1319 900 miseria
1333 875 1457 901 audietur
1471 875 1497 901 in
1514 883 1545 902 ca
1557 880 1651 902 contra
1667 875 1706 902 fa-

81 929 198 965 ψευδής·
218 928 266 962 ὃλη
296 925 511 954 καταδυναστεία
552 925 581 950 ὲν
613 924 693 958 αὐτῇ.
721 922 765 952 Ὠς
788 922 869 956 ψύχει

927 918 988 944 :iem
1006 918 1064 952 ejus
1077 926 1184 953 semper
1195 919 1228 944 ⁸⁵.
1243 928 1252 945 ι
1276 918 1348 946 Dixit
1367 920 1430 946 item
1453 920 1521 948 alius
1537 929 1551 949 e
1565 923 1705 957 prophetis

82 975 184 1005 λάκκος
207 973 296 1007 ὕδωρ,
320 971 407 1002 οὕτως
422 970 501 1005 ψύχει
522 969 606 996 κακία
626 969 722 1003 αὐτῆς.
748 968 872 994 ’Λσέὄεια

83 1021 131 1046 καὶ
146 1018 318 1053 ταλαιπωρία
333 1016 531 1054 ἀκουσθήσεται
544 1016 572 1040 ὲν
586 1014 654 1050 αὐτῇ
671 1015 716 1040 ἐπὶ
728 1015 872 1049 πρόσωπον

83 1065 170 1100 αὐτῆς
185 1065 230 1091 διὰ
245 1060 450 1096 παντός.›”Εφη
461 1061 490 1087 δέ
505 1069 547 1092 τις
563 1061 610 1087 καὶ
624 1060 715 1094 ἕτερος
722 1059 776 1086 τῶν
789 1059 872 1092 ἁγίων

85 1111 234 1147 προφητῶν
244 1118 251 1126 ·
268 1118 277 1135 ι
298 1108 355 1136 Καὶ
371 1106 536 1138 ὲκονδύλιζον
552 1107 592 1137 είς
608 1105 729 1139 κεφαλὰς
745 1105 871 1140 πτωχῶν,

85 1159 132 1185 καὶ
143 1157 202 1183 ὁδὸν
216 1155 350 1182 ταπεινῶν
377 1153 525 1185 ἐξέκλιναν.
542 1161 550 1177 ι
586 1151 755 1187 Ἡσθήσομαι
772 1151 872 1184 τοίνυν,

86 1204 180 1239 φησιν,
191 1202 237 1229 ἐπὶ
247 1199 347 1236 τῷλαῷ
357 1207 419 1234 μου,
433 1197 607 1233 δικαιοσύνης
620 1199 683 1225 ὄντα
696 1199 745 1232 τῆς
757 1197 873 1233 ἀληθοῦς

86 1251 206 1286 ἐργάτην
229 1249 310 1285 ὀρῶν.
338 1246 473 1282 Δακρύσει
488 1246 543 1280 γὰρ
569 1245 655 1276 οὐδεὶς
681 1245 746 1279 παρ’
770 1245 872 1275 αὐτοῖς,

85 1297 165 1332 δῆλον
180 1296 209 1322 δὲ
219 1296 260 1322 ὅτι
270 1292 525 1327 πλεονεκτούμενος
540 1290 740 1325 κατακράξεται
753 1290 780 1316 δὲ
793 1290 873 1316 πάλιν

85 1343 186 1374 οὐδεὶς,
203 1342 241 1373 ὼς
255 1339 428 1376 ἠδικημένος.
455 1347 464 1363 ι
490 1338 545 1364 Καὶ
560 1337 591 1363 οὑ
620 1336 657 1372 μὴ
680 1337 790 1371 γένηται
806 1336 872 1369 ἐκεῖ,

87 1390 180 1424 φησιν,
203 1387 292 1423 ἄωρος
310 1387 358 1413 καὶ
382 1384 538 1420 πρεσϐύτης
550 1404 557 1415 ,
572 1383 601 1415 ὃς
617 1383 666 1410 οὐκ
680 1383 815 1418 ἐμπλήσει
830 1382 875 1408 τὸν

87 1436 184 1471 χρόνον
201 1433 294 1460 αὐτοῦ.
310 1432 406 1458 Ἔσται
427 1430 481 1465 γὰρ
494 1431 508 1456 6
525 1429 584 1460 νέος
599 1429 695 1455 ἑκατὸν
711 1428 780 1454 ἐτῶν
794 1447 801 1459 ,
816 1428 830 1453 6
846 1427 874 1453 δὲ

87 1481 270 1515 ἀποθνήσκων
292 1476 455 1513 ἁμαρτωλὸς
474 1475 571 1502 ἑκατὸν
592 1474 669 1505 ἑτῶν,
684 1474 731 1501 καὶ
743 1473 875 1500 ἐπικατά-

89 1535 171 1563 paco;
188 1525 276 1552 ἔσται.
290 1533 299 1549 ι
323 1521 408 1558 Οἶμαι
433 1522 460 1548 δὲ
477 1520 532 1554 ἐγὼ
553 1519 696 1555 βούλεσθαί
711 1528 736 1546 τι
755 1519 874 1545 τοιοῦτον

89 1571 241 1608 ὑποδηλοῢν
254 1572 304 1606 τῆς
315 1568 482 1605 προφητείας
495 1567 540 1593 τὸν
553 1566 624 1593 νοῦν.
636 1567 740 1600 Ἀωρον
755 1566 804 1600 μὲν
820 1567 874 1599 γὰρ

923 966 1044 992 sanctis:
1063 965 1261 999 «Etpulsabant
1271 967 1358 1001 capita
1370 974 1564 1002 pauperum,et
1574 970 1643 996 viam
1656 970 1706 997 hu.

923 1010 1024 1037 milium
1035 1011 1214 1046 depravarunt
1223 1012 1399 1040 "JLaztabor
1412 1022 1486 1049 ergo,
1505 1015 1600 1050 inquit,
1613 1017 1646 1043 de
1660 1024 1707 1052 po~

923 1056 986 1090 pulo
1000 1063 1070 1089 meo,
1087 1064 1148 1084 cum
1164 1057 1256 1085 videro
1273 1058 1347 1085 illuni
1364 1059 1554 1093 veraejustitice
1569 1068 1629 1087 esse
1640 1069 1706 1096 ope—

924 1102 1035 1128 rarium.
1052 1102 1257 1138 Lacrymabitur
1266 1106 1336 1131 enim
1355 1112 1387 1131 ex
1408 1105 1460 1133 illis
1475 1114 1565 1138 nemo,
1584 1108 1708 1135 videlicet

924 1150 1020 1184 injtn'ia
1043 1149 1213 1179 aﬂectus:et
1238 1158 1332 1178 rursus
1356 1151 1484 1180 clamabit
1508 1161 1604 1187 nemo,
1629 1155 1708 1190 quasi

923 1205 1078 1231 oppressus.
1100 1197 1156 1224 «Ει
1170 1206 1223 1225 uon
1249 1198 1294 1225 flet
1319 1198 1389 1232 illic,
1414 1200 1516 1233 ittqttit,
1546 1201 1707 1230 imtttaturtls

924 1247 951 1269 et
971 1249 1064 1274 senex,
1080 1243 1125 1277 qui
1141 1251 1195 1271 non
1210 1243 1320 1278 impleat
1338 1248 1443 1280 tempus
1458 1253 1549 1274 suum.
1566 1245 1624 1274 Erit
1636 1248 1708 1274 enim

924 1289 1082 1317 adolescens
1094 1295 1203 1317 centum
1221 1297 1353 1318 annorum
1365 1299 1372 1318 ι
1385 1296 1412 1318 at
1428 1292 1472 1326 qui
1488 1293 1602 1320 moritur
1613 1301 1708 1328 pecca-

925 1339 968 1362 tor
983 1340 1092 1362 centum
1111 1343 1255 1368 annorum,
1271 1336 1352 1362 etiam
1370 1337 1543 1364 exsecrabilis
1558 1339 1618 1365 crit.
1632 1348 1640 1364 ι
1655 1338 1710 1366 Huc

924 1380 975 1407 sibi
993 1380 1047 1406 vult
1063 1381 1213 1415 prophetia,
1236 1386 1264 1407 ut
1279 1388 1328 1416 ego
1341 1381 1449 1416 quidem
1467 1382 1592 1410 arbitror.
1612 1383 1710 1410 hntna-

926 1428 1015 1451 turum
1029 1425 1100 1452 enim
1113 1426 1220 1452 videtur
1243 1426 1400 1453 existimare
1414 1434 1485 1460 eum,
1504 1436 1601 1455 novum
1623 1429 1710 1457 adhuc

926 1470 1052 1504 populum
1068 1478 1101 1498 ex
1113 1472 1249 1506 gentibus,
1268 1473 1301 1499 de
1316 1480 1369 1507 quo
1384 1473 1468 1500 David
1482 1483 1488 1500 :
1508 1482 1517 1499 ι
1532 1473 1648 1509 Populus
1664 1474 1710 1509 qui

925 1521 1034 1542 creatur
1046 1515 1166 1543 laudabit
1181 1517 1324 1544 Domittum
1341 1517 1373 1544 ".
1389 1527 1398 1544 ι
1416 1517 1531 1552 illosque
1554 1519 1580 1546 itt
1597 1520 1712 1554 epistola

926 1559 1025 1587 affatur
1038 1562 1138 1589 Christi
1155 1562 1314 1598 discipulus,
1333 1564 1440 1591 dicens:
1458 1563 1616 1599 t,Tanquam
1633 1567 1712 1593 modo

89 1599 210 1654 νομίζειν
232 1599 304 1642 ἔοικε
320 1599 413 1646 τὸν-ἑξ
434 1612 517 1639 ἐθνῶν
539 1612 579 1638 ἔτι
600 1611 659 1638 νέον
675 1599 827 1646 λαὸνξπερὶ
843 1608 873 1637 οὗ

927 1608 980 1634 nati
1001 1607 1118 1636 infantes
1134 1609 1175 1636 lac
1187 1610 1317 1637 ratiOnale
1335 1616 1362 1638 et
1376 1610 1429 1638 doli
1451 1612 1570 1639 nescium
1589 1613 1714 1648 concupi-

91 1671 174 1698 φησιν
190 1663 204 1689 6
218 1660 308 1688 Δαὸίδ·
333 1669 342 1685 ι
363 1660 392 1685 '0
409 1659 470 1690 λαὸς
488 1659 502 1685 6
521 1656 679 1692 κτιζόμενος
701 1656 804 1683 αἰνέσει
828 1655 873 1682 τὸν

91 1710 203 1744 Κύριον·
221 1716 231 1733 ι
252 1705 357 1736 τούτοις
372 1705 400 1731 δὲ
421 1703 572 1730 ἐπιστέλλει
591 1702 637 1728 καὶ
653 1702 667 1727 ὁ
687 1701 803 1737 Χριστοῦ
822 1709 874 1736 μα-

91 1754 193 1789 θητὴς,
212 1752 310 1786 λέγων’
328 1760 338 1776 ι
355 1749 399 1781 Ὠς
418 1747 623 1783 ἀρτιγέν[ν]ητα
634 1747 720 1782 βρέφη
733 1746 875 1781 τδζλογικὺν

92 1800 138 1826 καὶ
154 1798 246 1825 ἄδολον
258 1796 328 1831 γάλα
342 1794 536 1828 ἐπιποθήσατε.
550 1803 558 1818 ι
570 1792 674 1819 Οὐκοῦν
684 1792 771 1827 ἄωρος
781 1793 795 1817 6
807 1791 875 1823 νέος,

92 1843 249 1880 πρεσϐύτης
264 1850 295 1876 γε
313 1840 365 1876 μὴν
379 1842 393 1867 6
406 1841 438 1866 ὲκ
451 1838 612 1874 περιτομῆς,
626 1837 708 1872 ἤγουν
722 1837 751 1868 ἐξ
764 1837 876 1871 αἵματος

99 1889 219 1925 Ἰσραὴλ,
235 1887 282 1914 ατε
298 1887 331 1923 δὴ
352 1884 608 1922 προσκεκλημένος,
630 1883 676 1909 καὶ
692 1883 763 1909 κατά
778 1891 809 1916 γε
829 1882 878 1918 τὴν

93 1935 193 1970 νοητὴν
205 1933 367 1967 Ἐκκλησίαν
389 1927 656 1967 προειληφώςοἌλλ¹
671 1929 700 1955 ὲν
722 1930 755 1964 τῇ
772 1929 877 1962 κλήσει,

88 1980 174 2014 φησὶ.
184 1980 218 2013 τῇ
234 1977 280 2004 διὰ
293 1977 423 2012 Χριστοῦ,
436 1976 484 2002 κα)⁵
499 1976 528 2001 ἐν
541 1975 645 2009 καιροῖς
660 1974 710 2008 τῆς
723 1973 878 2008 ἐπιδημίας,

94 2023 157 2051 οὗτε
170 2024 268 2058 ἄωρος,
275 2022 335 2048 οὔτε
345 2021 500 2057 πρεσϐύτης
509 2019 642 2055 διαφορὰν
653 2017 742 2051 ἕξουσι
754 2017 803 2053 τὴν
811 2019 881 2045 κατὰ

95 2070 176 2097 τοῦτο
190 2067 256 2095 αὑτὸ
271 2067 339 2104 προς
367 2067 498 2101 ἀλλήλους
509 2074 516 2081 ·
534 2065 633 2096 πάντες
645 2064 700 2100 γὰρ
716 2064 820 2090 ἔσονται
837 2063 880 2089 τέ-

96 2114 172 2146 λειοι,
191 2112 239 2139 καὶ
256 2112 356 2143 πάντες
373 2111 544 2146 ὲμπλήσουσι
557 2110 603 2136 τὸν
615 2109 720 2144 χρόνον,
733 2109 881 2140 τουτέστιν,

97 2161 136 2191 εἰς
144 2159 229 2193 ἄνδρα
243 2158 344 2185 τέλειον
353 2157 544 2192 ἀναϐήσονται,
554 2156 602 2182 καὶ
612 2157 652 2187 εἰς
663 2155 761 2191 μέτρον
776 2154 882 2190 ἡλικίας

97 2205 145 2233 τοῦ
168 2203 350 2239 πληρώματος
372 2202 419 2230 τοῦ
443 2202 573 2238 Χριστοῦ.
591 2202 621 2228 '0
645 2201 699 2236 γὰρ
713 2201 783 2233 νέος,
805 2209 882 2226 τουτ-

924 1653 991 1681 scite
1003 1654 1035 1681 ‘3.
1048 1664 1058 1680 ι
1076 1654 1168 1690 Itaque
1188 1656 1347 1684 immaturus
1371 1662 1412 1684 est
1426 1658 1471 1692 qui
1494 1666 1598 1691 novus;
1619 1667 1714 1688 senex.

929 1699 974 1733 qui
990 1706 1022 1725 ex
1034 1699 1251 1731 circumcisione.
1267 1705 1294 1727 et
1310 1709 1341 1727 ex
1357 1703 1487 1737 sanguine
1507 1703 1606 1731 Israel:
1622 1709 1714 1739 utpote

926 1745 1028 1772 ascitus
1046 1750 1073 1771 et
1097 1745 1129 1771 ad
1155 1745 1351 1779 intelligibilem
1381 1746 1527 1774 Ecclesium
1548 1754 1712 1783 assumptus.

928 1790 980 1816 Sed
995 1790 1021 1817 in
1037 1791 1189 1822 vocatione,
1203 1791 1301 1826 inquit,
1314 1799 1362 1826 per
1376 1791 1526 1825 Christum,
1538 1799 1564 1821 et
1586 1796 1714 1830 tempori-

928 1836 978 1863 bus
991 1837 1133 1868 adventus,
1155 1844 1241 1871 tteque
1261 1837 1423 1865 immaturus
1440 1846 1527 1873 neque
1543 1846 1624 1868 senex
1644 1841 1715 1868 inter

928 1889 957 1908 se
972 1881 1106 1909 dill'erent.
1123 1882 1189 1910 Nam
1214 1891 1309 1911 omnes
1332 1889 1413 1911 erunt
1432 1885 1556 1919 perfecti,
1570 1891 1596 1913 et
1619 1895 1713 1915 omnes
1753 1918 1756 1921 ι

931 1926 1079 1961 implebunt
1105 1934 1222 1963 tempus,
1241 1929 1265 1956 id
1279 1929 1364 1962 est,itt
1384 1931 1468 1957 virum
1488 1931 1636 1965 perfectum
1653 1941 1715 1959 eva-

930 1972 1006 2005 dent,
1022 1978 1048 2000 et
1066 1974 1099 2000 ad
1125 1982 1276 2001 mensuram
1303 1975 1390 2002 aetatis
1413 1976 1589 2010 plenitudinis
1602 1978 1712 2005 Christi.

931 2017 1096 2046 Adolescens
1107 2020 1190 2052 enim,
1209 2020 1235 2047 id
1249 2025 1301 2054 est,
1316 2022 1424 2055 gentilis
1441 2023 1567 2057 populus,
1587 2025 1638 2050 erit
1655 2032 1716 2051 ecn-

933 2067 987 2089 ιιιιιι
1004 2063 1086 2098 903
1094 2072 1237 2098 annorum,
1248 2073 1306 2100 pro,
1322 2067 1504 2102 perfectus,et
1518 2074 1606 2096 mente
1619 2078 1715 2103 canus,

933 2113 960 2135 et
978 2109 1010 2135 ad
1022 2110 1168 2142 spiritualis
1181 2112 1268 2139 aetatis
1279 2120 1412 2140 sunnnum
1432 2116 1543 2148 gradum
1559 2115 1715 2150 perductus.

934 2153 1111 2182 Pcrl‘ectionis
1139 2164 1256 2191 namque
1277 2159 1383 2192 signum
1410 2167 1456 2186 seu
1480 2161 1630 2196 symbolum
1656 2169 1716 2193 est,

935 2207 1043 2227 centum
1055 2208 1187 2229 annorum
1203 2196 1341 2231 numerus.
1357 2205 1457 2233 Deinde
1472 2207 1559 2234 addit:
1579 2217 1587 2232 ι
1600 2206 1718 2235 Moriens

97 2252 182 2283 ἐστιν,
196 2251 211 2278 6
225 2250 255 2282 ἐξ
271 2249 357 2276 ἐθνῶν
370 2248 444 2280 λαὸς,
457 2249 534 2275 ἐσται
553 2248 650 2275 ἑκατὸν
661 2248 739 2280 ἐτῶν,
751 2248 811 2275 ἀντὶ
824 2246 878 2280 τοῦ,

936 2249 1063 2279 peccator
1077 2251 1185 2274 centum
1199 2256 1342 2283 annorum,
1355 2251 1435 2278 etiam
1450 2253 1625 2280 exsecrabilis
1639 2254 1715 2279 erit;

97 2297 210 2328 τέλειος,
224 2296 272 2323 καὶ
289 2294 493 2329 πεπολιωμιὲνος
506 2294 556 2326 τὰς
571 2295 682 2330 φρένας,
695 2294 741 2321 καὶ
761 2301 883 2328 πνευμα-

98 2344 177 2380 τικῆς
203 2343 311 2379 ἡλικίας
336 2343 376 2373 είς
402 2341 479 2376 λῆξιν
502 2341 611 2373 ἐλάσας·
634 2341 803 2376 τελειότητος
828 2340 882 2375 γὰρ

100 2390 224 2425 σημεῖον,
236 2389 294 2424 ήτοι
305 2387 451 2423 σύμϐολον,
464 2388 478 2414 ὁ
492 2387 588 2414 ὲκατδν
600 2387 670 2413 ἐτῶν
687 2385 884 2422 ἀριθμός.Εῐτά

100 2444 193 2470 φησιν,
202 2435 243 2462 ὅτι
254 2444 263 2460 ι
275 2435 304 2461 '0
314 2434 342 2460 δὲ
348 2434 526 2468 ἀποθνήσκων
534 2432 695 2468 ἁμαρτωλὸς
701 2432 797 2458 ἑκατὸν
805 2431 882 2463 ἐτῶν,

101 2481 146 2508 καὶ
158 2480 359 2515 ὲπικατάρατος
365 2479 452 2506 ἔσται.
465 2488 474 2504 ι
486 2479 670 2505 Διαδεικνυσιν
680 2479 709 2504 ὲν
717 2478 831 2510 τούτοις,
844 2479 884 2504 ὅτι

101 2527 148 2555 καὶ
162 2526 343 2562 ήκατὰνόμον
353 2525 505 2557 τελείωσις,
520 2525 646 2559 ἀνόνητος
660 2526 715 2556 τοῖς
725 2525 831 2559 ἔχουσιν
840 2524 885 2550 αύ-

101 2572 161 2607 τὴν,
178 2571 209 2597 ού
229 2569 448 2606 προσηκαμένοις
460 2569 509 2604 τὴν
524 2569 614 2595 πίστιν
626 2569 676 2604 τήν
691 2569 735 2596 διὰ
755 2569 883 2604 Χριστοῦ,

102 2617 148 2643 καὶ
164 2616 213 2650 τὴν
228 2615 273 2642 διὰ
286 2615 333 2641 τοῦ
353 2615 432 2648 ἁγίου
447 2614 633 2649 βαπτίσματος
649 2613 793 2649 λύτρωσιν,
805 2614 838 2640 δι’
852 2611 886 2649 ἦς

102 2663 150 2688 καὶ
165 2661 250 2697 μόνης
260 2661 323 2692 τοὺς
337 2661 369 2687 ὲκ
383 2660 433 2695 τῆς
450 2659 585 2695 ἁμαρτίας
597 2659 799 2696 ἀποτριϐὁμεθα
813 2660 886 2694 λογι-

104 2707 198 2740 σμούς.
208 2705 313 2734 Οὐκοῦν
327 2706 379 2732 κᾶν
391 2706 457 2736 εἴτις
467 2705 562 2732 ἑκατὸν
574 2705 642 2731 ἑτῶν
657 2705 795 2740 ὑπάρχων,
808 2705 884 2740 φησὶ,

102 2752 234 2784 τουτέστι,
249 2751 298 2787 τὴν
314 2751 472 2786 τελειότητα
489 2751 539 2788 τῂν
562 2751 632 2777 κατὰ
646 2751 692 2777 τὸν
711 2751 793 2786 νόμον
810 2750 883 2785 ἔχοι·

103 2795 161 2825 εἶτα
170 2798 354 2832 τελευτήσειεν
365 2796 536 2832 ἁμαρτωλὸς,
547 2796 679 2828 τουτέστι,
689 2797 738 2832 τὴν
755 2797 782 2822 ἐν
796 2797 886 2822 πίστει

139 2884 160 2898 ⁸³
179 2882 278 2910 Jerem.
295 2891 332 2916 νι,
360 2883 386 2909 6.
425 2882 446 2897 ⁸⁵
461 2883 542 2909 Amos
564 2891 592 2915 ιι,
621 2882 645 2908 7.

936 2290 984 2318 llis
1003 2292 1092 2319 verbis
1102 2294 1218 2320 ostendit
1231 2295 1341 2329 legalem
1356 2296 1551 2325 absolutionem
1567 2297 1623 2325 fore
1637 2299 1717 2325 inuti-

937 2339 1072 2371 lem,eam
1096 2338 1268 2372 habentibus,
1283 2341 1306 2366 si
1328 2341 1406 2368 fidem
1431 2349 1478 2376 per
1501 2342 1638 2370 Christum
1667 2351 1718 2369 non

938 2383 1106 2416 admiserint,
1121 2389 1147 2411 et
1158 2391 1206 2417 per
1221 2391 1327 2411 sacrum
1344 2386 1479 2413 lavacrum
1495 2388 1718 2422 redemptionem,

938 2436 985 2464 per
999 2437 1078 2464 quam
1101 2433 1128 2456 et
1142 2429 1249 2463 quidem
1270 2429 1354 2457 solatn
1385 2432 1490 2465 peccati
1517 2432 1720 2466 inquinamenta

937 2476 1067 2503 deletnus.
1081 2475 1196 2502 Proinde
1212 2475 1330 2508 etiamsi,
1348 2475 1444 2510 inquit,
1460 2477 1521 2510 quis
1539 2482 1648 2505 centum
1671 2485 1718 2504 au-

939 2530 1034 2549 nortttn
1048 2522 1171 2553 exsistat,
1187 2521 1212 2547 id
1235 2526 1284 2552 est,
1304 2520 1494 2555 perfectionem
1512 2523 1622 2558 legalem
1638 2524 1720 2558 adep-

940 2573 981 2595 tus
994 2569 1037 2599 sit,
1053 2572 1158 2595 maneat
1170 2573 1258 2594 tatneu
1275 2571 1410 2601 peccator,
1428 2567 1455 2594 id
1470 2568 1657 2602 est,justitiam
1673 2577 1721 2604 per

939 2614 1018 2641 ﬁdem
1047 2622 1099 2641 non
1121 2614 1244 2648 accipiat,
1267 2614 1319 2640 erit
1345 2613 1424 2640 etiam
1451 2614 1637 2646 exsecrabilis,
1660 2623 1720 2649 pro,

939 2660 1019 2686 etiam
1036 2660 1102 2694 legis
1119 2659 1378 2694 transgressionibus
1389 2658 1523 2696 obnoxius
1539 2659 1722 2693 deprehende-

941 2711 992 2731 tur.
1013 2704 1096 2732 Nemo
1113 2705 1183 2732 enim
1203 2705 1272 2732 inter
1287 2704 1394 2732 Iudaeos
1406 2705 1465 2731 talis
1482 2711 1514 2731 ac
1528 2708 1619 2731 tantus
1636 2705 1719 2731 exsti—

941 2751 987 2781 tit.
1015 2751 1059 2784 qui
1089 2758 1140 2777 non
1172 2751 1262 2785 aliquo
1291 2751 1368 2778 modo
1395 2750 1427 2778 ad
1456 2750 1540 2785 legem
1570 2749 1720 2784 impegerit.

943 2796 1057 2822 «Omnes
1081 2797 1151 2822 enim
1167 2803 1356 2830 peccaverunt,
1375 2797 1469 2831 inquit,
1496 2801 1522 2823 et
1539 2800 1617 2831 egent
1639 2795 1723 2831 gloria

677 2883 704 2918 _“’
729 2883 796 2910 l’sal.
827 2891 862 2915 ct,
880 2882 922 2909 i9.
961 2883 982 2898 "
1022 2883 1091 2911 Petr.
1112 2884 1180 2916 “,2,
