1893 3052
186 160 256 188 “9.3

700 157 728 183 S.
749 155 887 184 CYBILIJ
908 156 1141 185 ALEXANDRINI
1163 156 1322 185 ARCHIEP.

1756 157 1834 186 μοι

187 219 244 250 hei.
260 216 399 253 jnstiticati
418 214 500 250 gratis
515 213 599 249 ipsius
616 214 702 250 gratia
716 215 749 241 σθ.
765 224 774 240 ι
793 215 868 248 Quod
882 219 971 243 autem

1053 215 1196 250 καιοσύνην
1211 216 1243 242 οὐ
1257 215 1358 247 λαϐὼν,
1373 215 1451 243 ἔσται
1465 215 1512 243 καὶ
1527 215 1748 252 ἑπικατάρατος,
1765 216 1836 244 ἀντὶ

186 272 218 292 ex
233 264 290 298 lege
305 262 431 297 perfectis
445 265 471 289 et
483 260 688 293 consummatis,
704 260 804 288 Christi
820 262 906 296 gratia
919 269 972 288 non

187 309 323 344 adjuncta,
345 308 439 336 inutile
453 308 488 335 sit
507 307 572 335 illud
583 307 716 339 studium,
729 307 909 342 pulcherrime
924 307 972 334 de-

185 360 318 384 monstrat
338 354 555 390 sapientissimus
581 353 690 386 Paulus,
718 353 879 388 quibusdam
903 353 973 381 scri-

185 401 263 434 bens,
277 409 306 429 se
320 408 369 436 pro
389 400 557 428 stercoribus
569 399 697 427 habuisse
711 407 770 434 quae
794 399 820 426 in
837 399 896 434 lege
910 403 973 426 sunt

184 448 286 480 omnia,
302 452 332 474 ut
352 447 489 475 Christum
505 446 637 478 lucretur,
651 450 677 473 et
702 446 855 473 inveniatur
869 446 894 472 in
917 445 974 480 ipso

185 501 237 521 non
265 494 368 521 habens
394 500 469 520 suam
493 492 638 527 justitiam,
654 492 705 518 hoc
726 496 767 518 est
787 491 911 526 legalem.
925 491 972 518 sed

174 548 244 575 quae
260 547 310 575 per
328 539 408 566 ﬁdem
434 542 476 565 est
497 537 560 565 Jesu
583 537 727 565 Christi".
765 537 872 565 Judzeos
892 537 974 564 etiam

185 585 322 613 insimulat
338 584 414 619 quasi
436 583 573 616 amentiae,
596 583 636 610 sic
658 583 770 610 dicens:
791 593 799 608 ι
814 582 974 618 Ignorantes

185 630 256 657 enim
269 620 271 622 ’
284 629 329 656 Dei
348 628 492 662 justitiam,
511 631 539 655 et
559 635 636 654 suam
657 627 778 654 volentes
796 626 973 659 constituere,

182 675 293 708 iustitia:
313 674 359 701 Dei
384 681 436 700 non
462 677 526 700 sunt
553 672 677 707 subjecti.
707 671 781 699 Finis
808 672 880 699 enim
907 671 975 706 legis

185 719 325 751 Christus,
343 719 376 746 ad
396 718 532 753 justitiam
553 717 627 745 omni
649 717 770 745 credenti
786 717 821 744 '“.
837 726 846 743 ι
871 717 976 744 Rursus

184 766 272 794 dixit:
289 775 298 791 ι
313 765 366 792 Nos
382 769 479 791 natura
500 763 594 795 Judtei,
613 768 705 790 etnon
725 771 758 791 ex
772 764 898 798 gentibus
913 770 977 798 pec-

185 814 291 837 catores
308 817 316 841 ;
340 808 457 836 scientes
469 812 558 835 autem
574 807 780 842 nonjustillcari
796 808 931 834 hominem
943 814 975 834 ex

184 855 312 889 operibus
336 854 413 888 legis,
432 853 482 881 nisi
504 860 553 887 per
577 853 656 880 [idem
672 852 735 881 Jesu
751 853 869 880 Christi:
883 857 912 880 et
928 860 976 880 nos

185 901 211 927 in
228 900 365 927 Christum
379 899 514 927 credimus
534 899 585 926 τ’.»
600 899 716 933 ideoque
730 899 817 926 dictus
829 903 870 926 est
898 898 977 925 Chri-

185 952 244 974 stus
263 945 427 978 maledictio,
443 949 472 972 ut
494 944 587 979 alegis
610 943 799 972 maledictione
824 944 967 976 eximeret,

184 992 230 1027 qui
243 991 266 1020 ei
286 992 394 1019 fuerunt
409 991 530 1020 obnoxii.
548 990 685 1025 Scriptum
700 995 742 1017 est
755 990 846 1017 enim:
868 999 877 1015 ι
892 989 976 1016 Mule-

184 1037 272 1065 dictus
283 1038 371 1064 omnis
389 1037 433 1071 qui
448 1043 500 1063 non
514 1041 604 1063 manet
619 1036 645 1062 in
657 1035 784 1063 omnibus
799 1042 859 1069 quae
875 1034 975 1069 scripta

185 1088 247 1110 sunt
262 1084 289 1110 in
308 1083 367 1117 lege
380 1082 442 1109 libri
464 1082 557 1117 hujus,
575 1086 649 1108 utea
667 1081 750 1108 faciat
763 1081 796 1107 ⁷⁸.
813 1091 823 1106 ι

1023 261 1082 294 τοῦ,
1100 262 1147 289 καὶ
1158 262 1218 293 ταῖς
1234 260 1282 287 τοῦ
1295 261 1379 297 νόμου
1395 261 1584 297 παραϐάσεσιν
1598 261 1692 296 ἔνοχος
1704 262 1835 298 εὑρεθή-

1025 315 1110 334 σεται.
1125 307 1218 338 Οὐδεὶς
1231 306 1285 342 γὰρ
1301 307 1397 341 γέγονε
1411 307 1540 339 τοσοῦτος
1558 309 1588 334 ὲν
1608 307 1765 339 Ἰουδαίοις,
1793 307 1836 339 ὥς

1024 352 1095 379 κατὰ
1112 352 1215 387 μηδένα
1229 352 1330 387 τρόπον
1338 352 1479 379 διαπεσεῖν
1490 361 1497 368 ·
1511 362 1521 378 ι
1535 354 1641 385 Πάντες
1661 353 1721 388 γὰρ
1735 354 1836 389 ἦμαρ-

1024 405 1079 428 τον,
1092 398 1140 423 καὶ
1156 397 1332 431 ὑστεροῦνται
1346 398 1394 432 τῆς
1407 397 1486 432 δόξης
1503 397 1551 424 τοῦ
1566 398 1645 430 Θεοῦ,
1662 398 1834 434 δικαιούμε-

1024 451 1064 469 νοι
1075 442 1179 478 δωρεὰν
1192 444 1225 479 τῇ
1240 443 1323 470 αὑτοῦ
1337 443 1510 479 χάριτι.⁹¹οτι
1524 444 1552 470 δὲ
1563 444 1695 479 ἀνόνητος
1706 444 1757 471 καὶ
1773 446 1834 475 τοῖς

1024 489 1095 515 κατὰ
1104 490 1184 524 νόμον
1193 489 1411 524 τετελειωμένοις
1423 491 1440 524 ἡ
1451 490 1490 522 εἰς
1499 490 1576 516 τοῦτο
1587 489 1705 525 σπουδὴ,
1720 490 1778 524 τῆς
1785 489 1835 516 διὰ

1025 533 1144 569 Χριστοῦ
1169 533 1282 569 χάριτος
1306 534 1336 560 οὐ
1367 534 1620 570 προσειλημμένης,
1637 534 1834 562 διαδείκνυσιν

1026 578 1055 606 εὖ
1069 580 1141 615 μάλα
1154 580 1210 606 τισὶ
1225 580 1374 615 γεγραφὼς
1385 580 1399 606 ὁ
1409 581 1548 615 πάνσοφος
1563 580 1681 612 Παῦλος,
1698 581 1743 607 ὅτι
1760 581 1835 608 σκύ-

1026 626 1096 654 ϐαλα
1114 626 1164 660 μὲν
1180 627 1303 662 ἡγήσατο
1325 627 1359 653 τὰ
1379 628 1407 653 ἐν
1422 627 1496 661 νόμῳ
1512 627 1612 659 πάντα,
1637 627 1680 653 ἵνα
1704 627 1834 662 Χριστὺν

1027 671 1154 706 κερδάνῃ,
1177 673 1225 698 καὶ
1247 671 1348 707 εὑρεθῇ
1375 673 1404 698 ἐν
1427 671 1502 707 αὐτῷ
1521 672 1557 707 μὴ
1573 672 1642 708 ἔχων
1668 672 1722 708 τὴν
1742 672 1832 699 αὑτοῦ

1026 715 1217 750 δικαιοσύνην.
1234 716 1373 748 τουτέστι,
1391 716 1440 750 τὴν
1464 717 1493 743 ὲν
1509 718 1594 753 νόμῳ,
1616 718 1685 744 ἀλλὰ
1705 718 1759 753 τὴν
1785 717 1832 745 διὰ

1028 761 1145 792 πίστεως
1161 760 1248 796 Ἰησοῦ
1265 761 1396 796 Χριστοῦ.
1418 762 1554 798 Γράφεται
1570 763 1599 789 δὲ
1616 763 1714 799 ὥσπερ
1731 764 1832 795 ἀνοίας

1027 807 1090 837 τοὺς
1106 807 1264 839 Ἰουδαίους,
1283 806 1354 833 οὕτω
1370 807 1467 841 λέγων·
1491 817 1500 833 ί
1521 808 1696 841 Ἀγνοοῦντες
1705 809 1763 844 γὰρ
1778 809 1832 844 τὴν

1028 851 1074 878 τοῦ
1087 851 1153 878 Θεοῦ
1163 852 1348 887 δικαιοσύνην,
1361 853 1408 879 καὶ¹
1421 853 1471 888 τὴν
1485 854 1551 880 ἰδίαν
1563 855 1713 889 ζητοῦντες
1725 855 1830 890 στῆσαι

1029 899 1061 933 τῇ
1075 898 1232 934 δικαιοσύνῃ
1249 899 1296 925 τοῦ
1314 899 1382 926 Θεοῦ
1397 900 1446 934 οὐχ
1463 900 1652 936 ὑπετάγησαν»
1669 901 1755 932 Τέλος
1772 901 1830 936 γὰρ

1029 945 1112 979 νόμου
1124 945 1243 980 Χριστὸς
1254 946 1294 977 είς
1303 945 1478 980 δικαιοσύνην
1492 947 1573 973 παντὶ
1584 946 1624 981 τῷ
1636 946 1827 973 πιστεύοντι.»

1030 989 1103 1023 Ἔφη
1117 989 1145 1016 δὲ
1161 990 1258 1016 πάλιν·
1278 999 1288 1016 ι
1305 990 1400 1026 Ἡμεῖς
1417 991 1496 1025 φύσει
1517 992 1649 1023 Ἰουδαῖοι,
1665 992 1715 1018 καὶ
1729 992 1785 1018 οὐκ
1799 992 1830 1024 ἐξ

1029 1035 1114 1061 ἐθνῶν
1137 1035 1310 1070 ἁμαρτωλοί·
1331 1036 1432 1068 εἰδότες
1446 1037 1475 1063 δὲ
1495 1037 1536 1063 ὅτι
1553 1038 1582 1064 οὐ
1601 1037 1760 1065 δικαιοῦται
1782 1038 1831 1064 ἀν-

1029 1080 1138 1116 θρωπος
1154 1081 1183 1114 ἐξ
1197 1081 1285 1116 ἔργων
1304 1082 1398 1116 νόμου,
1415 1083 1462 1109 ἐὰν
1478 1082 1516 1118 μὴ
1530 1082 1575 1109 διὰ
1597 1084 1717 1115 πίστεως
1739 1083 1830 1118 Ἰησοῦ

183 1129 315 1166 Χριστοῦ,
328 1130 374 1156 καὶ
392 1130 474 1165 ἡμεῖς
486 1129 526 1160 εἰς
556 1128 674 1164 Χριστὸν
694 1128 906 1163 ἐπιστεύσαμεν.
923 1137 931 1153 ι
954 1128 1154 1164 Κεχρημάτικε
1183 1129 1210 1155 δὲ
1226 1129 1270 1155 διὰ
1296 1129 1377 1156 τοῦτο
1391 1130 1499 1165 κατάρα
1508 1131 1636 1166 Χριστὸς,
1655 1131 1700 1158 ἵνα
1716 1131 1767 1166 τῆς
1779 1132 1830 1158 τοῦ

183 1177 266 1213 νόμον
280 1176 402 1210 κατάρας
428 1175 553 1210 ἐξέληται
566 1176 629 1206 τοὺς
657 1175 703 1200 ὑπ’
738 1174 807 1210 αὐτῇ
829 1175 976 1208 γεγονότας

1032 1175 1188 1210 γέγραπται
1204 1175 1259 1211 γὰρ
1274 1196 1280 1207 ,
1295 1176 1336 1202 ὅτι
1351 1185 1359 1201 ι
1383 1176 1599 1211 Ἐπικατάρατος
1623 1178 1695 1208 πᾶς.
1719 1178 1749 1209 ὃς
1777 1179 1830 1205 οὐκ

184 1223 298 1260 ἐμμένει
317 1223 384 1249 πᾶσι
411 1223 467 1253 τοῖς
487 1221 692 1257 γεγραμμένοις
719 1222 749 1248 ὲν
771 1221 809 1256 τῷ
828 1221 903 1256 νόμῳ
926 1220 972 1247 τοῦ
993 1221 1096 1256 βιϐλίου
1112 1222 1219 1254 τούτου,
1233 1222 1280 1249 τοῦ
1294 1223 1406 1258 ποιῆσαι
1422 1223 1501 1251 αὐτά.
1515 1233 1525 1250 ι

257 1270 337 1296 Vens.
358 1268 453 1294 ΞΙ-Ή.
490 1268 521 1294 Et
556 1267 723 1301 aedificabant
756 1267 857 1299 domos,
882 1273 905 1293 et
928 1267 978 1300 ipsi

183 1315 387 1346 inliubitubunt;
407 1313 562 1347 plautubunt
595 1314 694 1346 tineas,
716 1318 739 1340 et
771 1313 820 1347 ipsi
844 1313 977 1340 comedent

183 1362 299 1396 [ructant
327 1369 429 1388 earum.
450 1359 484 1386 Et
514 1368 565 1386 non
597 1359 778 1393 a'diﬁcabunt,
802 1363 825 1385 et
856 1358 902 1385 alii
936 1358 977 1385 in-

183 1409 361 1440 hobitabunt;
382 1412 405 1434 et
435 1415 485 1433 non
510 1405 676 1441 planlabunt,
702 1410 726 1432 et
754 1405 802 1431 alii
831 1405 976 1432 comedent.

184 1455 255 1482 Nam
279 1460 305 1481 ut
337 1455 391 1481 dies
416 1453 480 1488 ligni
509 1453 579 1484 vim,
607 1457 680 1479 erunt
708 1451 764 1478 dies
792 1451 881 1485 populi
909 1451 975 1477 mei:

183 1509 262 1535 opera
286 1508 412 1527 manuum
435 1507 544 1525 suarum
581 1498 778 1524 iuveterascent.
809 1495 891 1523 Elecli
924 1496 975 1523 mei

183 1556 236 1575 non
251 1546 408 1573 [al/arabum
427 1546 539 1579 frustra,
553 1551 633 1576 neque
666 1542 735 1576 filios
759 1541 918 1576 generubunt
946 1542 975 1568 in

183 1591 416 1618 muledictionem:
446 1589 508 1623 quia
527 1587 610 1623 904¹
629 1595 714 1614 semen
746 1586 910 1613 benedictum
938 1590 974 1613 ut

184 1645 199 1663 a
233 1634 356 1663 Domino.
384 1634 489 1668 Etfiet,
521 1638 661 1668 antequam
692 1632 804 1659 clament
836 1632 896 1666 ipsi,
928 1639 974 1666 ego

183 1681 324 1708 exaudiam
342 1688 396 1707 eos.
418 1680 509 1706 Adhuc
524 1678 686 1714 loquentibus
701 1677 753 1704 illis
763 1697 770 1710 ,
787 1676 873 1703 dicam
884 1697 892 1710 ,
903 1673 975 1707 Quid

183 1733 218 1754 cst
233 1728 245 1754 .’

220 1816 316 1842 Pacem
333 1814 385 1842 illis
408 1821 469 1849 qua:
484 1821 537 1841 non
565 1812 790 1844 labelactabitur,
820 1811 975 1839 misericor-

179 1862 268 1893 diam,
297 1861 533 1896 prepitiationem,
553 1860 703 1887 bonitatem
728 1864 756 1886 et
780 1858 975 1885 humanitatem

183 1907 362 1942 adpromittit.
383 1906 538 1941 Antiquitus
554 1905 625 1932 enim
643 1912 674 1932 ex
689 1899 820 1938 sanguine
831 1903 913 1930 Israel
925 1902 978 1932 ori;

184 1954 260 1987 undi,
286 1953 384 1988 insigni
418 1952 535 1985 insania,
549 1950 743 1986 multiplicibus
759 1950 846 1983 vitiis,
865 1954 892 1977 et
906 1949 978 1984 quod

184 2004 256 2026 recte
280 2000 370 2025 vivere
403 1997 513 2030 nollent,
532 1997 704 2024 continenter
725 1997 912 2023 universorum
930 1995 978 2022 do-

183 2045 342 2072 minatorem
360 2043 442 2070 Deum
462 2043 618 2076 irritabaut;
635 2043 706 2070 hanc
720 2042 755 2069 ob
780 2050 891 2070 causam
907 2041 977 2068 mul-

184 2090 218 2117 tls
245 2090 333 2117 modis
366 2089 452 2124 puniti
479 2093 553 2116 sunt.
573 2087 651 2115 Nunc
664 2088 762 2115 etenim
778 2095 838 2122 quas
858 2088 884 2114 in
906 2087 978 2121 agris

183 2141 261 2162 erant
285 2133 529 2168 corrumpebantur
545 2141 552 2157 :
567 2138 592 2159 et
608 2132 646 2159 rei
660 2132 766 2159 rustica
783 2132 895 2159 sudores
921 2133 978 2159 lru-

183 2183 239 2205 stra
268 2177 423 2207 tolerantes.
451 2176 520 2203 fame
545 2176 732 2212 cingebantur.
765 2175 902 2210 Scriptum
936 2181 978 2205 est

183 2223 253 2251 enim
267 2233 272 2249 :
285 2233 293 2248 ι
305 2222 368 2249 Dedi
382 2221 492 2254 aerugini
509 2222 611 2249 l'ructus
621 2229 715 2249 eorum
729 2226 756 2249 et
768 2222 874 2249 labores
883 2230 977 2250 eorum

166 2270 295 2305 q'locusta:
308 2268 357 2294 7‘.)
370 2267 476 2294 Dictum
496 2272 536 2294 est
546 2268 626 2294 etiam
637 2267 687 2294 illis
701 2275 747 2301 per
756 2275 836 2294 unum
849 2275 866 2294 e
878 2268 978 2295 sanctis

151 2331 163 2334 ρ
171 2310 176 2312 ⁷
185 2313 339 2348 prophetis:
355 2313 409 2339 c'l‘n
419 2319 504 2344 seres,
515 2317 541 2339 et
553 2319 604 2339 non
614 2317 700 2339 metes
711 2321 717 2345 ;
730 2316 757 2339 tu
765 2321 871 2347 premes
879 2313 975 2346 oleam,

186 2363 216 2387 et
227 2361 292 2386 "non
324 2358 433 2393 ungeris
445 2358 504 2385 oleo
518 2367 526 2392 ;
542 2358 644 2388 vinum,
658 2364 686 2385 et
709 2366 761 2385 non
789 2358 864 2386 bibes
876 2359 926 2386 ⁷⁸.»
945 2359 976 2385 Ει

185 2411 298 2432 rursus:
314 2415 323 2431 ι
340 2405 437 2431 Demos
458 2404 554 2439 politas
568 2403 747 2436 aedilicabitis,
761 2409 787 2431 et
800 2412 852 2431 non
870 2405 975 2432 habita-

184 2450 247 2477 bitis
264 2451 289 2476 in
303 2450 362 2482 eis;
379 2450 471 2476 vineas
487 2449 679 2476 desiderabiles
695 2449 860 2484 plantabitis,
877 2454 905 2477 et
919 2457 972 2477 non

184 2494 281 2523 bibetis
303 2497 395 2523 vinum
418 2503 511 2523 earum
529 2495 562 2524 ⁷⁸.
579 2505 586 2519 ι
607 2495 769 2531 lugu-uehunt
792 2497 862 2522 enim
887 2496 973 2523 inter-

185 2540 248 2567 dum
287 2541 404 2567 hostium
441 2541 647 2574 impressiones,
677 2544 705 2567 ut
743 2541 839 2575 partim
874 2541 972 2576 gladiis

184 2593 278 2612 eorum
306 2591 542 2617 consumerentur,
559 2586 656 2621 partim
679 2586 736 2613 haec
759 2586 891 2621 supplicia
916 2593 970 2614 me-

185 2636 301 2664 tuentes,
316 2639 331 2658 c
362 2632 442 2659 domo
469 2639 516 2659 sua
543 2640 574 2658 ac
607 2632 692 2667 patria
716 2632 872 2667 cﬂ'ugerent,
890 2638 917 2660 et
940 2634 972 2661 ad

185 2674 252 2704 alias
273 2676 352 2704 sedes
363 2684 392 2704 se
406 2677 567 2712 reciperent.
583 2677 635 2705 Sed
653 2678 710 2705 hmo
735 2679 815 2713 prisci
837 2679 872 2705 illi
903 2679 972 2713 passi

185 2724 258 2755 sunt,
275 2728 324 2748 nec
337 2721 431 2754 semel,
445 2726 555 2757 propter
588 2723 669 2750 multa
696 2729 815 2757 peccata.
838 2723 887 2757 Qui
910 2732 974 2752 vero

222 2820 244 2836 ⁸³
257 2818 336 2845 Rom.
351 2826 392 2851 ιιι,
408 2819 452 2846 25.
509 2821 532 2836 ’θ
550 2819 667 2854 Philipp.
689 2829 730 2853 Ill,
744 2822 770 2852 8,
785 2823 811 2849 9.

186 2855 274 2883 Galat.
290 2861 330 2886 ιιι,
348 2854 390 2882 it).
431 2855 452 2870 7‘
469 2855 541 2883 Psal.
556 2862 639 2887 mn,
652 2855 696 2882 46.

865 2823 885 2838 ’¹¹
901 2822 977 2848 Rom.

994 2292 1016 2319 D

744 2831 770 2852 ιι,
785 2831 811 2849 υ.
867 2831 885 2838 ’·
901 2831 977 2848 Itoin.
1008 2831 1034 2854 Χ,
1065 2833 1092 2855 ο,
1111 2831 1137 2852 4-.
1188 2831 1210 2842 "

736 2857 758 2872 τ’
770 2857 848 2884 Micli.
870 2865 906 2890 Vt,
923 2858 964 2884 iii.
993 2858 1118 2894 _”Amos
1136 2868 1161 2894 ν,
1179 2861 1221 2889 Η.

1065 1270 1119 1295 Καὶ
1132 1268 1389 1303 οὶκοδομήσουσιν
1406 1269 1514 1302 οίκίας,
1538 1270 1588 1296 καὶ
1604 1270 1690 1297 αὐτοὶ
1707 1271 1827 1304 ἐνοική-

1029 1321 1133 1341 σουσι·
1160 1314 1210 1341 καὶ
1236 1315 1520 1349 καταφυτεύσουσιν
1552 1315 1745 1350 ἀμπελῶνας,
1777 1318 1826 1343 καὶ

1028 1360 1113 1387 αὐτοὶ
1131 1360 1276 1395 φάγονται
1302 1361 1356 1387 τὸν
1382 1361 1500 1395 καρπὸν
1514 1360 1624 1388 αὐτῶν.
1643 1361 1699 1388 Kal
1724 1363 1762 1389 οὺ
1781 1363 1825 1396 μὴ

1028 1404 1261 1438 οὶκοΰομήσωσι,
1274 1405 1324 1432 καὶ
1342 1404 1431 1432 ἄλλοι
1452 1405 1625 1438 οἰκήσουσι·
1650 1407 1700 1433 καὶ
1721 1408 1759 1434 οὐ
1782 1407 1826 1442 μὴ

1026 1451 1210 1484 φυτεύσωσι,
1231 1450 1281 1477 καὶ
1300 1450 1390 1477 ἄλλοι
1416 1450 1572 1485 φάγονται.
1594 1452 1677 1485 Κατὰ
1699 1452 1756 1487 γὰρ
1772 1455 1827 1485 τὰς

1026 1495 1138 1530 ἡμέρας
1154 1496 1207 1523 τοῦ
1223 1496 1319 1528 ξύλου
1344 1496 1399 1530 τῆς
1420 1495 1494 1530 ζωῆς
1521 1497 1645 1524 ἔσονται
1665 1500 1696 1525 αι
1719 1500 1827 1533 ήμέζοαι

1027 1541 1079 1568 τοῦ
1091 1542 1167 1568 λαοῦ
1175 1550 1235 1575 μου
1248 1550 1255 1557 ο
1270 1542 1305 1568 τὰ
1316 1543 1388 1576 ἔργα
1400 1541 1459 1568 τῶν
1469 1543 1570 1569 πόνων
1581 1542 1682 1570 αὐτῶν
1697 1546 1828 1571 παλαιῶ-

1026 1594 1148 1613 σουσιν.
1167 1588 1199 1613 οἱ
1214 1587 1248 1613 δὲ
1270 1587 1407 1614 ἐκλεκτοί
1422 1596 1479 1621 μου
1497 1589 1533 1615 οὐ
1550 1590 1758 1617 κοπιὰσουσιν
1783 1592 1827 1622 εὶς

1026 1632 1126 1664 κενὸν,
1150 1633 1222 1659 οὐδὲ
1244 1633 1521 1666 τεκνοποιήσουσιν
1545 1636 1593 1667 εἰς
1617 1635 1765 1669 κατάραν·
1783 1635 1826 1661 ὅτι

1026 1676 1145 1711 σπέρμα
1162 1678 1370 1712 εὐλογημένον
1386 1679 1445 1705 ὑπὸ
1468 1678 1543 1706 Θεοῦ
1559 1679 1638 1707 ἐστι.
1657 1681 1715 1707 Καὶ
1739 1681 1825 1708 ἔσται

1027 1721 1098 1755 πρὶν
1113 1721 1253 1755 κεκράξαι
1267 1722 1389 1755 αὐτοὺς,
1405 1722 1463 1757 ἐγὼ
1479 1724 1702 1759 είσακούσομαι
1717 1725 1826 1752 αὐτῶν.

1029 1767 1090 1793 Ἔτι
1110 1767 1286 1794 λαλούντων
1304 1767 1414 1800 αὐτῶν,
1435 1767 1502 1801 ἐρῶ·
1525 1769 1557 1795 Τί
1570 1769 1677 1802 ἐστιν;

1062 1813 1179 1848 Εἰρήνην
1200 1813 1290 1844 αὐτοῖς
1313 1814 1362 1848 τὴν
1388 1813 1565 1848 ἁκράδαντον,
1584 1816 1668 1850 φειδῶ
1682 1817 1731 1843 καὶ
1747 1817 1826 1852 εὐμέ-

1028 1865 1113 1889 νειαν,
1133 1858 1308 1892 χρηστότητα
1324 1859 1371 1884 καὶ
1389 1858 1595 1893 φιλανθρωπίαν
1616 1860 1822 1895 ἐπαγγέλλεται.

1029 1903 1116 1930 Πάλαι
1139 1904 1187 1938 μὲν
1212 1903 1266 1938 γὰρ
1283 1904 1307 1930 οἱ
1333 1903 1362 1937 ἐξ
1389 1904 1504 1938 αἵματος
1522 1905 1641 1941 Ἰσραὴλ,
1662 1906 1706 1933 διὰ
1730 1907 1823 1943 πολλῆς

1028 1949 1097 1984 ἄγαν
1112 1949 1252 1982 ἀπονοίας,
1280 1950 1327 1976 καὶ
1351 1951 1506 1983 πολυειδοῦς
1522 1952 1701 1988 φαυλότητος,
1718 1955 1764 1980 καί
1779 1955 1821 1981 τοῦ

1029 1995 1067 2030 μὴ
1082 1995 1227 2029 ἀνέχεσθαι
1235 1995 1284 2031 ζῇν
1298 1995 1396 2031 ὀρθῶς,
1411 1997 1626 2033 παροτρύνοντες
1637 1998 1772 2026 διετέλουν
1781 2001 1821 2027 τὸν

1028 2041 1082 2068 τῶν
1093 2041 1162 2068 ὅλων
1186 2041 1338 2076 κρατοῦντα
1354 2042 1434 2069 Θεόν·
1453 2043 1555 2078 ταύτης
1571 2044 1655 2071 ἕνεκα
1671 2045 1724 2080 τῆς
1739 2047 1820 2078 αἰτίας

1029 2087 1101 2114 κατὰ
1115 2087 1228 2119 πολλοὺς
1240 2088 1366 2124 ᾐκίζοντο
1379 2089 1497 2124 τρόπους
1507 2097 1516 2105 ⁸
1531 2090 1596 2117 ποτὲ
1612 2091 1661 2124 μὲν
1691 2092 1746 2128 γὰρ
1759 2101 1819 2119 κστ-

1031 2132 1188 2169 εφϐείροντο
1201 2133 1235 2160 τά
1247 2135 1276 2160 ὲν
1289 2134 1394 2169 ἀγροῖς,
1406 2134 1453 2162 καὶ
1465 2135 1528 2165 τοὺς
1547 2137 1593 2162 ἐπὶ
1612 2138 1673 2169 ταῖς
1685 2138 1820 2173 γηπονίαις

1030 2179 1145 2214 ἱδρῶτας
1157 2179 1336 2214 ὑφιστάμενοι
1351 2180 1451 2215 μάτην,
1461 2180 1534 2216 λιμῷ
1547 2182 1763 2217 κπετρύχοντο·
1778 2185 1818 2218 γέ-

1029 2232 1152 2260 γραπται
1164 2225 1230 2260 γὰρ,
1242 2226 1283 2252 ὅτι
1301 2234 1310 2251 ι
1328 2225 1383 2252 Καὶ
1399 2224 1483 2252 ἔδωκε
1493 2228 1526 2261 τῇ
1542 2227 1657 2263 spias-{6n
1680 2230 1744 2260 τοὺς
1759 2238 1817 2265 καρ-

1034 2271 1099 2301 ποὺς
1114 2270 1214 2303 αὐτῶν,
1236 2271 1283 2297 καὶ
1306 2271 1370 2302 τοὺς
1394 2271 1492 2303 πόνους
1514 2273 1605 2299 αὐτῶν
1631 2275 1666 2309 τῇ
1690 2275 1786 2310 ἀκρξδι.
1805 2285 1813 2301 ι

1030 2315 1146 2351 Εἴρηται
1157 2316 1185 2342 δέ
1199 2324 1251 2342 που
1272 2316 1341 2351 πρὸς
1356 2317 1455 2349 αὐτοὺς
1471 2318 1519 2344 καὶ⁸
1534 2318 1568 2345 δι’
1585 2319 1646 2351 ἑνὸς
1660 2320 1717 2346 τῶν
1739 2321 1815 2355 ἁγίων

1029 2361 1187 2397 προφητῶν·
1208 2371 1217 2387 ι
1241 2362 1277 2389 Σὺ
1302 2363 1422 2396 σπερεῖς,
1445 2364 1493 2390 καὶ
1510 2365 1542 2390 οὐ
1573 2364 1611 2400 μὴ
1637 2365 1770 2401 ἀμήσεις·
1786 2368 1814 2394 σὺ

1029 2408 1133 2438 πιέσεις
1147 2407 1250 2440 ἐλαίαν,
1272 2408 1365 2435 καὶού
1386 2409 1423 2444 μὴ
1440 2409 1538 2445 ἀλείφῃ
1555 2409 1656 2443 ἔλαιον,
1680 2414 1728 2439 καὶ
1753 2411 1815 2440 οἶνον

1026 2453 1055 2479 οὐ
1074 2453 1111 2489 μὴ
1136 2453 1226 2488 πίητε.
1245 2464 1254 2480 ι
1273 2456 1328 2482 Καὶ
1358 2455 1449 2483 πάλιν·
1473 2465 1484 2482 ι
1505 2456 1603 2488 οἴκους
1626 2457 1738 2490 Eua-reb:
1753 2461 1816 2486 olm-

1024 2499 1166 2535 δομήσετε,
1185 2501 1231 2527 καὶ
1247 2501 1277 2527 οὺ
1292 2501 1329 2537 μὴ
1344 2502 1526 2537 κατοικήσητε
1537 2503 1566 2528 ὲν
1575 2503 1684 2536 αὐτοῖς·
1696 2505 1814 2540 ἀμπελῶ-

1025 2553 1071 2575 νας
1082 2545 1268 2581 ὲπιθυμητοὺς
1278 2547 1436 2581 φυτεύσετε,
1448 2549 1495 2574 καὶ
1508 2548 1538 2574 οὐ
1553 2548 1590 2583 μὴ
1601 2549 1682 2584 πίητε
1698 2550 1738 2577 τὴν
1751 2548 1812 2577 οἶνον

1024 2590 1122 2617 αὐτῶν.
1148 2601 1157 2616 ι
1183 2592 1363 2627 Ἐπεφέροντο
1375 2593 1428 2629 γὰρ
1441 2593 1533 2625 αὐτοῖς
1551 2593 1608 2620 ἔσθ’
1619 2594 1664 2621 ὅτε
1682 2596 1730 2622 καὶ
1741 2597 1812 2622 πολέ-

1025 2645 1083 2671 μων
1099 2637 1224 2672 ὲμϐολαὶ,
1238 2637 1308 2664 ὥστε
1325 2639 1387 2670 τοὺς
1404 2640 1453 2674 μὲν
1472 2641 1529 2671 τοῖς
1543 2640 1635 2666 αὐτῶν
1653 2640 1811 2669 δαπανᾶσθαι

1024 2682 1124 2716 ξίφεσι,
1142 2683 1204 2714 τοὺς
1220 2683 1247 2710 δὲ
1272 2684 1303 2710 τὸ
1329 2684 1425 2711 παθεῖν
1452 2685 1584 2717 δεδιότας,
1602 2686 1650 2712 καὶ
1673 2686 1752 2713 οἴκων
1769 2688 1810 2713 αὑ-

1024 2727 1078 2754 τῶν
1100 2729 1146 2754 καὶ
1168 2728 1218 2763 τῆς
1237 2729 1402 2765 ἐνεγκούσης
1430 2731 1583 2766 ἀποπηδᾷν,
1610 2731 1658 2758 καὶ
1675 2732 1715 2764 είς
1725 2731 1810 2767 ἑτέρας

1064 2824 1092 2855 '5,
1111 2826 1137 2852 4.

1188 2827 1210 2865 '_'
1224 2827 1312 2856 Galat.
1327 2836 1358 2862 ιι,
1381 2829 1423 2863 l5,
1445 2829 1489 2858 16.
1541 2830 1564 2846 ⁷³
1575 2830 1654 2858 Deut.
1672 2829 1809 2865 xxvnﬂi;
