1893 3052
90 154 173 183 1485

667 158 700 185 1N
721 156 835 186 lSAIAM
856 157 920 185 LIB.
941 158 972 185 V.
994 157 1110 186 TOMUS
1131 159 1172 186 VI.

1660 146 1738 190 nec

92 210 312 246 μετανίστασθαι
339 211 447 248 χώρας·
478 213 547 241 ἀλλὰ
571 216 649 242 ταυτὶ
671 215 720 251 μὲν
733 216 757 242 οἱ
781 215 886 242 παλαιώ

941 215 1052 250 gratiam
1065 215 1165 243 Christi
1192 223 1238 250 per
1263 216 1340 244 ﬁdem
1377 216 1560 251 arripuerunt,
1575 221 1601 244 et
1634 218 1728 244 sordes

91 257 261 291 πεπόνθασι,
275 259 322 285 καὶ
330 259 378 294 οὐχ
388 259 473 292 ἅπαξ,
489 260 533 286 διὰ
545 260 645 297 πολλὴν
662 261 807 297 ἁμαρτίαν·
818 262 843 288 οἳ
857 270 888 296 γε

92 303 152 339 μὴν
169 304 198 330 ὲν
211 304 320 339 Χριστῷ
336 306 385 340 τὴν
400 305 445 332 διὰ
469 306 585 338 πίστεως
605 308 776 343 ἁρπάσαντες
798 308 887 343 χάριν,

91 349 144 375 καὶ
170 350 233 381 τοὺς
247 350 279 377 ὲκ
293 350 343 385 τῆς
357 351 496 387 ἁμαρτίας
516 352 716 388 ἀπονιψάμενοι
733 354 888 389 μολυσμοὺς

89 393 140 420 διὰ
158 394 206 421 τοῦ
224 395 302 429 ἁγίου
323 395 519 432 βαπτίσματος,
542 399 573 425 οὐ
589 400 645 431 τοῖς
670 400 781 426 ἐκείνων
809 408 887 435 περι-

91 440 245 468 πεσοῦνται
262 442 368 474 κακοῖς,
382 442 443 469 οὔτε
466 444 519 479 μὴν
543 445 597 472 τῶν
615 445 708 477 αὐτοῖς
732 446 887 481 πεπονημέ-

90 493 150 510 νων
174 488 365 521 πνευματικῶς
386 487 515 523 ἀδόκητον
537 490 702 525 ὑπομενοῦσι
715 490 831 526 ζημίαν·
847 491 887 517 ev-

90 531 266 566 τρυφήσουσι
274 532 301 558 δὲ
313 533 410 567 μᾶλλον
419 535 475 566 τοῖς
487 535 589 562 ἑαυτῶν
599 537 801 572 κατορθώμασι,
816 536 887 563 κατὰ

89 575 122 601 τὸ
136 577 169 603 ὲν
181 577 304 613 Ψαλμοῖς
319 579 501 615 ὑμνούμενον·
521 591 529 607 ι
547 581 616 613 Τοὺς
632 582 728 613 πόνους
745 583 798 609 τῶν
818 591 885 618 καρ-

91 621 155 648 πῶν
169 631 216 649 σου
232 623 358 658 φάγεσαι·
379 635 388 651 ι
406 625 520 662 καρπῶν
534 627 686 662 λεγομένων
699 627 752 655 τῶν
764 628 885 656 κάτωθεν

89 667 145 702 τῆς
166 668 296 705 παλάμης
312 670 430 706 σαρκῶν.
451 672 591 700 Ἐκὸάλλει
601 674 657 709 γὰρ
670 674 768 706 αὐτοὺς
780 674 866 706 οὐδείς
877 683 883 690 ·

88 713 157 739 οὔτε
175 714 228 749 μὴν
245 716 409 753 ἀποσοϐήσει
432 718 497 745 ποτὲ
519 719 567 754 τῆς
591 718 774 755 δοθησομένης
793 719 886 752 αὐτοῖς

89 758 174 792 παρὰ
183 759 248 786 Θεοῦ
265 762 357 797 μονῆς.
374 763 472 790 Πολλαὶ
482 764 537 798 γὰρ
551 765 629 799 μοναὶ
643 765 715 800 παρὰ
728 765 767 799 τῷ
779 765 866 800 Πατρί
876 773 883 779 ⁸

89 804 154 830 ἀλλ’
171 805 225 832 οὐδ’
243 806 275 833 ἂν
289 808 488 836 ἁποπεσοῦνται
502 810 548 836 τοῦ
563 811 663 845 κλήρου
676 810 722 837 τοῦ
736 811 884 846 δοθησομέ-

89 859 138 877 νου
155 852 204 878 καὶ
225 853 372 889 πρέποντος
387 857 446 888 ταῖς
466 857 575 892 νοηταῖς
591 856 680 883 αὐτῶν
701 857 864 893 εὐκαρπίαις
875 866 882 873 ·

89 897 174 924 ἔσται
185 898 249 934 γὰρ,
266 901 383 936 φησὶνμὴ
399 901 454 937 ζωὴ
469 902 558 929 αὐτῶν
572 903 643 929 κατὰ
655 902 705 933 τὰς
719 902 825 938 ἡμέρας
837 902 885 929 τοῦ

91 941 176 973 ξύλου
192 943 242 978 τῆς
254 943 335 979 ζωῆς,
356 946 490 972 τουτέστιν
510 945 623 982 ἁγία[ν].
642 945 759 982 Τοιαύτη
779 947 832 982 γὰρ
853 944 887 982 ἦν

91 988 148 1023 πρὸ
165 989 215 1023 τῆς
227 990 407 1025 παραὸάσεως
419 991 448 1017 ὲν
464 993 519 1023 τοῖς
534 991 767 1027 πρωτοπλάστοις,
784 992 828 1018 ὅτε
839 992 887 1018 καὶ

90 1033 160 1068 ἐξῆν
179 1035 270 1066 αὐτοῖς
286 1036 315 1062 ὲν
329 1036 435 1071 μεθέξει
448 1036 573 1071 γενέσθαι
586 1037 632 1064 τοῦ
650 1037 729 1070 ξύλου
742 1037 792 1072 τῆς
803 1037 885 1072 ζωῆς,

90 1078 173 1106 οὔπω
191 1080 241 1115 τῆς
258 1080 453 1117 βδελυροτάτης
469 1082 515 1109 καὶ
538 1082 681 1118 θεομισοῦς
693 1083 830 1118 ἁμαρτίας
840 1083 887 1110 λα-

91 1125 198 1161 ϐούσης
214 1127 294 1153 τόπον
307 1127 335 1153 ἐν
349 1128 450 1159 αὐτοῖς.
467 1128 638 1164 Προσεπάγει
660 1138 686 1155 τι
700 1128 818 1155 τοιοῦτον
840 1129 886 1155 καὶ

91 1171 192 1206 ἕτερον
220 1172 270 1206 τῆς
299 1174 466 1208 προφητείας
492 1175 507 1201 ὁ
535 1174 628 1209 λόγος·
645 1184 653 1200 ι
675 1174 715 1201 Τὰ
734 1174 788 1210 γὰρ
808 1174 886 1210 ἔργα,

92 1217 173 1252 φησὶ,
200 1217 254 1244 τῶν
268 1219 366 1254 χειρῶν
397 1220 485 1246 αὐτῶν
501 1220 694 1253 παλαιώσουσι,
712 1230 721 1246 ι
737 1220 885 1253 τουτέστιν,

91 1264 317 1299 ἀναμετάωιητον
334 1264 423 1297 ἕξουσι
440 1266 489 1301 τὴν
504 1265 557 1292 τῶν
576 1265 718 1301 πρακτέων
739 1266 807 1293 ὁδόν.
824 1263 886 1292 Οἴον

91 1309 124 1345 δή
141 1308 168 1335 τί
186 1318 268 1344 φημι.
278 1310 386 1337 Δέδοται
401 1311 450 1346 μὲν
466 1312 521 1347 γὰρ
530 1313 585 1343 τοῖς
593 1311 623 1344 ἐξ
644 1311 752 1347 Ἰσραὴλ
767 1311 810 1338 διὰ
822 1312 886 1338 Μω-

94 1355 166 1386 σέως
180 1355 195 1381 ό
207 1355 297 1390 νόμος·
314 1356 371 1382 ἀλλ’
388 1354 420 1393 ἦν
437 1357 466 1383 ὲν
480 1356 554 1393 αὐτῷ
567 1357 631 1383 σκιὰ
644 1358 690 1384 καὶ
705 1357 799 1389 τύπος,
817 1357 885 1392 ἔχων

95 1401 147 1436 μὲν
158 1400 210 1435 τῆς
221 1400 348 1436 ἀληθείας
361 1402 410 1437 τὴν
425 1403 576 1438 μόρφωσιν,
594 1403 662 1438 πλὴν
677 1402 753 1430 οὔπω
769 1403 815 1430 καὶ
835 1405 884 1430 αὑ-

91 1445 142 1480 τὴν
159 1446 209 1481 τὴν
228 1446 366 1482 ἀλήθειαν.
390 1447 497 1483 Ἐπειδὴ
512 1447 540 1474 δὲ
556 1447 712 1482 ἐπέλαμψεν
728 1449 742 1475 ὁ
757 1449 883 1484 Χριστὸς,

94 1491 246 1526 μετέσαλον
265 1493 289 1519 οἱ
300 1492 379 1520 τύποι
391 1492 458 1528 πρὸς
472 1493 612 1529 ἀλήθειαν,
625 1494 671 1520 καὶ
685 1491 741 1521 οἷον
760 1494 884 1529 μετεκλί-

93 1538 182 1573 θησαν
194 1539 222 1565 αἱ
239 1539 312 1565 σκιαὶ
329 1539 376 1565 καὶ
396 1539 608 1573 πεπαλαίωνται,
626 1540 774 1572 τουτέστιν,
792 1541 823 1567 οὐ
842 1540 885 1576 μέ-
899 1558 919 1587 C

93 1592 140 1619 χρι
174 1583 275 1616 παντὸς
301 1585 453 1620 κεκράτηκε
474 1585 525 1619 τῆς
551 1585 580 1611 ὲν
609 1585 683 1620 νόμῳ
714 1586 849 1617 πολιτείας
865 1587 882 1622 ἠ

93 1628 219 1662 δύναμις.
239 1628 342 1655 Οὐκοῦν
350 1629 374 1655 οἱ
392 1629 440 1664 μὲν
454 1628 483 1661 ἐξ
500 1629 614 1664 αἵματος
631 1629 739 1666 Ἰσραὴλ
751 1630 801 1657 οὐκ
815 1631 883 1657 ἐπα-

94 1673 216 1700 λαίωσαν
236 1673 270 1701 τὰ
292 1674 361 1710 ἔργα
388 1675 497 1706 αὐτῶν(
518 1675 645 1710 ἀνόνητος
669 1676 722 1712 γὰρ
747 1677 763 1711 ὴ
786 1677 883 1712 νομικὴ

95 1719 255 1755 λατρεία,τὸ
270 1729 302 1754 γε
314 1718 381 1754 ἧκον
392 1721 431 1752 εἰς
445 1720 567 1755 τύπους),
580 1721 765 1748 παλαιώσουσι
780 1722 808 1749 δὲ
815 1723 840 1749 οἱ
856 1724 884 1749 ἐν

95 1765 218 1800 Χριστῷ.
240 1767 277 1792 Οὐ
293 1766 346 1802 γὰρ
366 1765 459 1801 ἕτερος
473 1766 563 1797 αὐτοῖς
577 1766 718 1802 δοθήσεται
734 1768 825 1802 νόμος,
847 1768 885 1799 ὡς

98 1812 229 1848 μεθιστᾷν
240 1812 287 1838 ἐπὶ
297 1813 327 1839 τὸ
342 1812 454 1848 ἄμεινον
470 1813 523 1840 τῶν
536 1813 721 1847 εὺαγγελικῶν
738 1813 885 1849 θεσπισμά-

96 1867 150 1885 των
176 1857 224 1893 τὴν
249 1858 372 1893 δύναμιν.
393 1859 506 1894 Εἴρηται
533 1858 587 1894 γάρ
610 1867 660 1885 που
684 1858 753 1894 πρὸς
768 1859 814 1886 τὸν
831 1859 885 1885 τῶν

96 1903 166 1930 ὅλων
185 1904 298 1939 Σωτῆρα
309 1904 424 1940 Χριστὸν
436 1904 479 1931 διὰ
491 1904 540 1940 τῆς
556 1904 602 1931 τοῦ
615 1903 769 1935 Ψάλλοντος
782 1904 884 1939 φωνῆς·

101 1958 110 1974 ι
129 1950 164 1976 'H
173 1949 326 1985 δικαιοσύνη
350 1958 396 1976 σου
410 1949 567 1983 δικαιοσύνη
582 1950 622 1981 εἰς
638 1948 682 1976 τδν
696 1949 791 1981 αἰῶνα,
810 1950 856 1975 καὶ
872 1950 886 1976 ὁ

97 1994 181 2029 νόμος
196 2002 241 2020 σου
259 1994 382 2030 ἀλήθεια.
401 1995 477 2021 -Οἱ
494 1994 521 2020 δὲ
536 1993 659 2021 ἐκλεκτοί
689 2002 738 2028 μου
749 2013 756 2025 ,
789 1994 885 2029 φησιν,

97 2038 128 2064 οὐ
155 2038 331 2065 κοπιάσουσιν
348 2039 387 2070 εἰς
402 2039 489 2073 κενὸν,
507 2039 567 2065 οὐδὲ
597 2038 833 2073 τεκνοποιήσουσιν
848 2039 887 2070 εἰς

99 2085 234 2120 κατάραν.
257 2093 266 2110 ι
283 2084 496 2112 Διδάσκειπάλιν
513 2085 550 2116 ὡς
564 2085 596 2111 ὲκ
604 2084 787 2120 παραθέσεως,
804 2084 887 2119 ἠγουν

99 2129 292 2165 ἀντεξαγωγῆς
309 2130 361 2157 τῶν
384 2131 468 2157 πάλαι
497 2131 708 2166 συμῦεὸηκὸτων
735 2131 790 2161 τοῖς
820 2131 886 2156 Ἰου-

99 2176 182 2202 δαίων
194 2176 378 2211 καθηγηταῖς*
397 2177 572 2212 Γραμματείς
593 2177 622 2203 δὲ
641 2172 713 2203 οὗτοι
735 2176 782 2202 καὶ
806 2177 888 2211 Φαρι-

939 261 1040 295 pcccati
1057 268 1104 295 per
1124 268 1230 288 sacrum
1247 261 1386 288 lat'acrum
1404 261 1557 293 ablucrunt,
1575 261 1601 288 in
1621 260 1729 288 merum

939 306 1008 333 mala
1025 314 1075 334 non
1092 307 1220 339 incident,
1239 315 1289 334 nec
1307 315 1413 340 eorum,
1431 307 1455 334 in
1474 308 1573 342 quibus
1602 307 1726 335 elabora-

937 356 1034 378 verunt
1048 352 1234 386 spiritualiter,
1256 354 1382 380 damnum
1400 353 1640 387 iuexspectandum
1663 360 1724 380 sus-

938 396 1080 431 tinebunt;
1103 399 1148 425 sed
1165 399 1371 425 delectabuntur
1395 400 1450 426 suis
1477 400 1604 434 praeclare
1633 400 1721 429 factis.

936 442 1082 469 secundum
1118 444 1143 470 id
1171 446 1242 478 quod
1268 445 1292 471 in
1327 444 1440 472 Psalmis
1470 446 1640 472 decantatum
1666 451 1724 472 est:

939 488 1068 516 (Fructus
1083 489 1202 516 laborum
1212 496 1317 518 tuorum
1333 491 1506 518 manducabis
1518 492 1555 518 ττι
1574 492 1724 522 plaborum.

936 533 982 568 qui
998 535 1032 561 ab
1058 535 1234 563 inferioribus
1268 538 1427 571 corporibus
1455 537 1611 564 tolerantur.
1643 537 1725 563 Nemo

935 579 1005 605 enim
1018 579 1076 607 illos
1090 580 1192 614 ejiciet,
1211 588 1259 609 nec
1276 589 1393 617 unquam
1422 589 1435 608 a
1457 582 1544 608 danda
1561 581 1626 615 ipsis
1641 590 1654 608 a
1670 582 1724 607 Dm

935 624 997 651 sede
1010 624 1141 653 detrudet.
1157 626 1245 654 Multa:
1265 628 1335 654 cnim
1351 629 1426 655 sedes
1443 633 1505 655 sunt
1523 628 1591 663 apud
1605 628 1723 654 Patrem.

935 669 987 697 Sed
1005 677 1054 698 nec
1069 678 1083 697 a
1098 676 1171 699 sorte
1184 672 1270 699 danda
1283 678 1310 700 et
1325 681 1387 708 qua:
1405 673 1538 708 spirituali
1567 681 1659 701 eorum
1683 673 1724 700 fe-

934 715 1063 742 cunditati
1079 717 1214 750 convenit,
1232 718 1364 745 decideut.
1386 718 1443 745 Erit
1456 719 1528 746 enim
1542 718 1596 746 vita
1614 726 1720 748 eorum.

933 761 1030 795 inquit,
1058 767 1086 789 ιιι
1117 763 1174 790 dies
1202 763 1265 799 ligni
1291 764 1354 791 vita:
1371 773 1378 791 :
1396 764 1421 792 id
1447 768 1500 796 est,
1528 769 1632 791 sancta.
1650 764 1724 791 Talis

935 806 1006 833 enim
1024 811 1091 841 erat,
1107 813 1168 836 ante
1183 811 1423 845 transgressionem
1438 830 1445 842 ,
1459 811 1485 837 in
1502 810 1597 844 primis
1621 817 1722 844 paren-

936 851 1019 884 tibus,
1034 861 1094 880 cum
1109 855 1192 881 etiam
1208 855 1303 883 liceret
1327 855 1381 883 illis
1400 856 1465 891 ligni
1481 855 1543 882 vita:
1560 855 1617 882 ﬁeri
1639 854 1723 888 parti-

901 894 922 922 B
937 897 1019 931 cipes,
1039 900 1258 928 exsecratissimo
1283 905 1309 928 et
1339 901 1392 928 Deo
1417 900 1502 927 inviso
1530 903 1641 935 peccato
1656 906 1723 925 non-

939 942 1001 970 dum
1026 944 1113 972 locum
1130 945 1157 972 in
1172 945 1226 973 illis
1256 945 1382 973 habente.
1410 945 1491 973 Aliud
1518 953 1570 972 non
1593 944 1723 972 dissimile

938 990 1059 1025 adiungit
1079 991 1235 1025 prophetica
1268 991 1366 1018 oratio.
1384 999 1393 1016 ι
1408 989 1494 1024 Opera
1523 986 1609 1022 enim,
1622 989 1722 1024 inquit,

937 1043 1064 1063 manuum
1088 1043 1197 1062 suarum
1216 1036 1423 1067 inveterascent,
1450 1036 1475 1062 id
1493 1039 1544 1067 est,
1557 1033 1640 1069 905
1658 1041 1721 1060 cur-

937 1089 995 1109 sum
1022 1081 1048 1108 in
1064 1082 1143 1109 rebus
1161 1082 1287 1116 gerendis
1299 1086 1402 1109 certum
1426 1082 1563 1108 habebunt
1579 1086 1605 1108 et
1625 1081 1721 1107 immu-

938 1126 1055 1155 labilem.
1069 1126 1146 1160 Quod
1175 1128 1245 1160 dico,
1270 1128 1307 1155 ita
1335 1135 1364 1155 se
1389 1128 1480 1155 habet.
1495 1126 1560 1154 Data
1588 1131 1629 1153 est
1650 1126 1722 1153 enim

936 1171 1066 1201 lsraelitis
1082 1182 1129 1209 per
1153 1174 1263 1210 Moysen
1278 1174 1338 1207 lex;
1359 1174 1405 1201 sed
1428 1174 1454 1201 in
1472 1173 1516 1200 illa
1539 1177 1598 1200 erat
1628 1172 1721 1199 umbra

936 1223 964 1246 et
978 1223 1065 1255 typus,
1078 1220 1194 1254 speciem
1212 1221 1334 1248 veritatis
1354 1220 1465 1253 habens,
1488 1219 1606 1246 nondum
1633 1223 1721 1252 tamen

937 1266 1022 1301 ipsam
1040 1266 1194 1294 veritatem.
1212 1266 1386 1294 illucescente
1402 1266 1520 1299 Christo,
1537 1264 1631 1291 mutati
1658 1268 1721 1291 sunt

937 1312 991 1348 typi
1004 1312 1030 1339 in
1053 1312 1192 1339 veritatem
1223 1316 1250 1338 et
1271 1312 1374 1339 umbuce
1405 1310 1479 1338 velut
1507 1309 1672 1337 inclinarunt
1695 1311 1723 1335 et

936 1359 1141 1391 inveteraruut,
1170 1357 1195 1384 id
1222 1361 1274 1389 est,
1319 1364 1372 1384 non
1412 1363 1519 1390 semper
1538 1355 1620 1383 robur
1642 1362 1720 1382 suum

936 1404 1030 1432 habuit
1055 1404 1149 1439 legalis
1163 1403 1380 1431 conversationis
1397 1402 1494 1429 virtus.
1511 1401 1605 1436 Itaque
1632 1399 1720 1427 lsrae-

935 1449 988 1476 lit:e
1003 1457 1084 1484 opera
1106 1456 1153 1476 sua
1169 1449 1366 1476 inveterascere
1382 1454 1435 1474 non
1457 1446 1579 1473 fecerunt
1591 1444 1601 1480 (
1614 1444 1718 1471 inutilis

935 1495 1034 1530 quippe
1057 1499 1098 1521 est
1109 1494 1201 1529 legalis
1230 1494 1330 1526 cultus,
1355 1493 1426 1528 quod
1451 1493 1483 1520 ad
1501 1497 1577 1527 typos
1591 1490 1720 1525 attinet).

936 1544 963 1567 at
985 1541 1031 1575 qui
1043 1540 1069 1567 in
1088 1540 1195 1567 Christo
1207 1543 1271 1567 sunt
1284 1539 1429 1566 durabunt.
1449 1538 1507 1565 Non
1519 1538 1591 1565 enim
1604 1537 1655 1564 alia
1669 1535 1721 1563 illis

936 1586 979 1614 lex
999 1586 1107 1614 dabitur
1139 1593 1198 1620 quae
1214 1585 1431 1620 evangelicorum
1448 1583 1621 1612 oraculorum
1636 1581 1722 1608 virtu-

935 1637 987 1660 tem
1001 1632 1028 1659 in
1043 1632 1138 1659 melius
1153 1634 1309 1658 commutet.
1330 1629 1437 1657 Dictum
1450 1632 1492 1656 est
1507 1628 1579 1655 enim
1598 1633 1646 1662 per
1659 1626 1720 1653 uni-

934 1685 1073 1706 versorum
1106 1677 1276 1704 Servatorem
1300 1675 1448 1707 Christum,
1477 1681 1543 1702 voce
1560 1672 1734 1714 Psallentisz‘

938 1722 1239 1758 cJustitialuaJustitia
1259 1721 1286 1748 ln
1299 1721 1436 1753 satculum,
1461 1724 1487 1746 et
1508 1719 1551 1746 lex
1577 1723 1621 1746 tua
1651 1719 1722 1745 veri-

935 1774 977 1797 tas
989 1770 1020 1796 ⁷³.
1036 1779 1044 1796 ι
1063 1784 1095 1789 -
1111 1779 1119 1795 ι
1132 1769 1216 1796 Electi
1233 1772 1333 1799 autem,
1350 1767 1449 1802 inquit,
1471 1766 1523 1793 mei
1546 1761 1598 1792 non
1613 1764 1718 1791 labora-

935 1816 1002 1843 bunt
1024 1814 1133 1846 frustra,
1154 1820 1241 1848 neque
1260 1812 1359 1840 liberos
1374 1812 1484 1847 gignent
1498 1811 1524 1838 in
1549 1810 1718 1837 maledictio-

936 1869 1007 1890 nem.
1025 1871 1034 1887 ι
1049 1860 1152 1888 Rursus
1168 1859 1254 1891 docet,
1270 1858 1344 1885 velut
1354 1865 1387 1884 ex
1400 1856 1574 1885 contentione
1587 1860 1615 1883 et
1634 1862 1717 1890 oppo-

936 1907 1033 1934 sitione
1045 1913 1137 1933 eorum
1162 1911 1220 1939 quat
1242 1904 1377 1938 quondam
1407 1902 1539 1937 prmfectis
1562 1900 1735 1929 Jndmorum"

937 1952 1127 1985 contigerunt:
1146 1950 1173 1977 hi
1192 1953 1282 1976 autem
1304 1952 1367 1975 sunt
1394 1947 1495 1974 Scribae
1515 1951 1541 1973 et
1570 1945 1699 1973 Pharisazi
1713 1965 1720 1976 ,

937 1997 994 2032 qui,
1011 1997 1069 2032 lege
1097 1996 1200 2028 relicta,
1213 1999 1239 2023 et
1264 1995 1392 2022 docentes
1425 1986 1579 2025 doctrinas,
1594 1991 1731 2019 mandata

939 2043 1089 2074 hominum,
1117 2046 1207 2077 patres
1235 2041 1343 2076 quidem
1371 2039 1531 2067 exstiterunt
1556 2038 1719 2069 liberorum,

937 2096 986 2123 per
1004 2088 1182 2122 disciplinam,
1203 2087 1306 2114 scilicet
1322 2090 1369 2113 :at
1387 2085 1486 2112 frustra
1498 2103 1506 2116 ,
1526 2084 1592 2110 etin
1610 2082 1722 2110 maledi-

939 2134 1065 2161 ctionem.
1088 2133 1144 2159 Hoc
1159 2134 1240 2160 etiam
1273 2138 1322 2159 nos
1338 2131 1429 2158 docuit
1452 2130 1590 2161 Set-valor,
1614 2128 1722 2156 Scribas

938 2183 965 2207 et
987 2178 1137 2206 Pharisaeos
1159 2177 1368 2211 reprehendens.
1388 2176 1459 2203 Dixit
1486 2175 1578 2202 enim:
1598 2183 1607 2200 ι
1621 2175 1665 2202 Vua
1681 2182 1723 2201 vo-

101 2223 182 2253 σαῖοι,
197 2221 221 2248 οἳ
235 2222 279 2248 τὸν
294 2222 375 2257 νόμον
384 2222 507 2256 ἀφέντες,
520 2222 566 2248 καὶ
579 2221 748 2252 διδάσκοντες
761 2221 886 2247 διδασκα-

940 2225 993 2257 bis,
1016 2224 1117 2251 Scribat
1131 2228 1158 2251 et
1170 2223 1299 2250 Phariswi
1328 2222 1485 2258 hypocritae,
1510 2221 1572 2255 quia
1602 2219 1722 2247 circuitis

99 2267 160 2294 λίαν
188 2267 340 2302 ἐντάλματα
364 2267 524 2303 ἀνθρώπων.
549 2267 667 2302 πατέρες
693 2267 742 2302 μὲν
759 2267 886 2301 γεγόνασι

100 2313 202 2340 τέκνων
212 2313 267 2340 τῶν
283 2313 353 2340 κατὰ
372 2314 489 2349 μάθησιν
504 2313 634 2348 δηλονότι,
654 2312 724 2348 πλὴν
740 2313 779 2343 εἰς
800 2313 886 2345 κενὸν,

102 2359 150 2385 καὶ
164 2360 202 2390 εἰς
214 2359 344 2395 κατάραψ
364 2360 436 2394 ἡμᾶς
455 2359 502 2386 καὶ
516 2359 594 2386 τοῦτο
608 2359 725 2391 ἐδίδαξεν
746 2361 759 2386 ὁ
781 2358 886 2394 Σωτὴρ,

103 2405 159 2435 τοῖς
185 2403 380 2439 Γραμματεῦτι
405 2405 452 2431 καὶ
476 2405 633 2439 Φαρισαίοις
659 2404 792 2440 ἐπιτιμῶν
816 2404 887 2439 ’ἔφη

101 2448 166 2484 γὰρ,
191 2449 231 2475 ὅτι
250 2458 260 2475 ‹
285 2449 354 2476 Οὐαὶ
373 2450 448 2484 ὑμῖν,
474 2449 652 2485 Γραμματεῖς
675 2449 722 2476 καὶ
749 2450 890 2485 Φαρισαῖοι

103 2494 257 2529 ὑποκριταὶ,
266 2494 306 2520 ὅτι
322 2494 467 2529 περιάγετε
481 2495 531 2530 τὴν
549 2495 685 2522 θάλασσαν
716 2495 763 2522 καὶ
778 2495 827 2531 τὴν
841 2495 890 2531 ξη-

104 2538 164 2573 ρὰν,
177 2539 287 2573 ποιῆσαι
296 2539 343 2566 ἕνα
356 2540 533 2576 προσήλυτονο
544 2542 590 2567 καὶ
601 2541 647 2567 ἐὰν
654 2540 776 2575 γένηται,
789 2542 891 2568 ποιεῖτε

103 2584 183 2610 αὑτὸν
196 2584 252 2610 υἱὸν
263 2584 375 2620 γεέννης
386 2585 542 2620 διπλότερον
559 2585 645 2619 ὑμῶν.
662 2595 671 2611 ι
698 2585 801 2612 Οὐκοῦν
814 2586 885 2612 ἐκεῖ·

103 2636 142 2655 νοι
166 2628 215 2664 μὲν
235 2630 444 2665 ὲτεκνοποίησαν
469 2631 509 2662 εἰς
525 2631 646 2667 κατάραν
666 2632 712 2657 καὶ
730 2633 770 2662 εἰς
789 2632 866 2657 κενόν
878 2639 884 2645 ·

103 2674 127 2699 οἱ
141 2673 169 2700 δὲ
183 2675 305 2701 ἐκλεκτοί
319 2684 379 2710 μου,
389 2676 465 2711 φησὶ,
479 2677 625 2708 τουτέστιν,
641 2678 666 2703 οἱ
680 2676 816 2703 θεσπέσιοι
834 2686 886 2711 μα-

105 2718 194 2754 θηταὶ,
221 2720 305 2756 ἦγουν
329 2721 456 2755 καθάπαξ
477 2723 501 2748 οἱ
523 2723 577 2749 τῶν
596 2722 670 2758 ἐμῶν
695 2723 887 2758 θεσπισμάτων

107 2764 251 2802 ἱερουργοὶ,
277 2766 327 2793 οὐκ
350 2768 388 2798 εις
414 2767 536 2802 κατάραν
557 2769 804 2804 τεκνοποιήςιουσιν,
826 2768 887 2794 οὔτε

940 2277 1015 2297 mare
1028 2274 1054 2297 et
1076 2269 1189 2300 aridam,
1206 2273 1235 2295 ut
1254 2268 1360 2295 faciatis
1385 2275 1467 2294 unum
1492 2267 1674 2302 proselytum:
1696 2270 1723 2292 et

939 2324 999 2344 cum
1013 2315 1095 2343 fuerit
1121 2315 1216 2346 factus,
1245 2314 1333 2341 facitis
1355 2313 1429 2340 illum
1459 2313 1542 2340 ﬁlium
1574 2313 1721 2346 gehennae,

941 2363 1020 2398 duplo
1034 2361 1119 2395 magis
1134 2367 1213 2395 quam
1228 2367 1275 2386 vos
1289 2360 1354 2387 estis
1366 2359 1398 2386 "'.
1416 2368 1425 2385 ι
1441 2358 1535 2393 itaque
1561 2358 1601 2385 illi
1624 2354 1733 2384 liberos

936 2411 1086 2444 genuerunt
1103 2406 1129 2433 in
1149 2404 1364 2432 maledictionem
1385 2409 1412 2431 et
1426 2404 1451 2431 in
1467 2411 1563 2431 vanum
1580 2412 1585 2431 :
1608 2404 1654 2431 sed
1671 2404 1723 2430 ele-

936 2455 983 2488 cti,
999 2452 1097 2488 inquit,
1118 2451 1181 2483 mei,
1197 2450 1222 2476 id
1236 2454 1289 2482 est,
1304 2449 1386 2476 divini
1414 2449 1549 2484 discipuli,
1564 2449 1604 2476 vel
1634 2449 1721 2476 omni-

937 2508 973 2528 no
1003 2505 1125 2526 mcorum
1155 2494 1325 2523 oraculorum
1347 2495 1507 2528 administri,
1537 2501 1588 2521 non
1615 2494 1724 2529 gig‘nent

938 2545 1038 2573 liberos
1070 2544 1096 2571 in
1131 2541 1368 2572 maledictionem,
1410 2546 1496 2573 neque
1527 2539 1627 2566 frustra
1660 2547 1722 2566 suos

937 2595 1070 2627 posteros.
1099 2588 1196 2615 Semen
1226 2586 1297 2614 enim
1333 2585 1503 2612 benedictum
1534 2585 1596 2618 erit,
1631 2587 1731 2612 semen'

940 2644 1032 2664 eorum
1048 2639 1075 2663 et
1093 2633 1258 2662 benedictum
1273 2640 1286 2658 ιι
1300 2632 1362 2659 Deo.
1376 2630 1452 2664 Quod
1469 2634 1557 2657 autem
1569 2630 1621 2657 illis
1632 2630 1724 2658 adita:-

941 2682 1021 2714 rebit,
1037 2681 1183 2708 clementer
1195 2684 1221 2706 et
1245 2678 1397 2705 humaniter
1422 2676 1473 2703 illis
1483 2676 1574 2703 omnia
1590 2675 1721 2712 largiens,

940 2731 966 2753 et
983 2726 1107 2760 precibus
1130 2731 1221 2751 eorum
1243 2721 1440 2756 paratissimam
1469 2727 1560 2747 aurem
1585 2720 1720 2755 praebens,

940 2770 1073 2802 ostendit,
1091 2778 1151 2796 cum
1172 2769 1236 2796 dicit
1252 2776 1258 2794 :
1278 2767 1457 2802 «Priusquam
1471 2762 1589 2794 clament
1612 2763 1661 2797 illi,
1675 2773 1723 2800 ego

139 2852 163 2869 ⁷⁷
176 2853 247 2881 Psal.
268 2861 368 2888 cum,
382 2855 409 2882 ‘2.
448 2855 470 2871 ⁷⁸
487 2856 556 2883 Psal.
574 2863 666 2888 cxvut.
688 2856 746 2883 142.
785 2857 806 2873 ’³
825 2856 886 2883 Matt

937 2864 1015 2891 XXIII,
1032 2857 1072 2884 15.
