1893 3052
114 136 190 166 N29

687 136 721 164 IN
737 136 855 164 ISAIAM
876 136 942 165 LIB.
964 137 995 166 V.
1015 136 1133 164 TOMUS
1151 136 1194 165 Vl.

1679 141 1748 169 N30

108 192 227 229 ἄνομος
254 193 271 220 δ
291 192 371 220 θύων
396 201 448 227 μοι
473 192 604 226 μόσχον,
622 192 663 225 ὼς
685 193 702 219 ὁ
720 193 908 220 ἀποκτείνων

982 197 1021 219 cat
1058 192 1123 219 mihi
1168 191 1288 225 vitulum,
1312 193 1388 228 quasi
1421 193 1466 226 qui
1505 192 1606 222 occidat
1639 203 1750 229 canem;

108 238 202 265 κύνα·
221 239 237 264 ὀ
253 236 287 263 δὲ
302 237 459 271 ἀναφέρων
485 236 655 271 σεμίδαλιν,
668 237 708 270 ὡς
726 235 798 272 αἷμα
818 237 909 264 ὕειον·

968 239 1012 273 qui
1042 244 1127 266 autem
1148 239 1225 273 offert
1251 239 1375 272 similam,
1397 241 1474 275 quasi
1499 242 1652 275 sanguinem
1682 243 1750 270 utit-

108 285 130 311 ό
142 284 177 310 δὲ
200 283 303 316 διδοὺς
324 283 451 310 λίϐανον
467 284 511 315 εις
523 284 739 318 μνημόσυνον,
760 283 800 316 ὠς
814 282 910 315 ,βλάσ-

982 292 1038 316 um;
1066 285 1111 319 qui
1130 284 1176 311 dat
1205 285 1265 312 tlwr
1291 284 1318 311 in
1345 285 1496 313 memorial:
1532 287 1608 321 quati
1632 287 1751 322 blasphe-

108 337 223 363 φημος-

158 375 310 409 Ἐξυφήνας
328 373 512 409 ἀποχρώντως
532 373 578 400 τὸν
593 373 660 408 πρός
682 381 714 407 γε
736 373 770 399 τὰ
787 372 850 407 ἔθνη
866 372 910 399 λό-

109 427 173 454 γον,
190 419 334 455 μεθίστησι
342 419 391 455 τὴν
417 419 612 454 μυσταγωγίαν
629 419 697 454 πρὸς
706 418 787 445 αὑτὸν
801 418 852 453 ⁸ἤδη
865 418 911 445 τὸν

119 464 245 501 Ἰσραήλ.
263 465 392 491 Βούλεται
409 465 463 500 γὰρ
489 464 536 491 καὶ
552 464 651 495 αὐτοὺς
668 464 716 498 τῆς
739 463 810 490 κατὰ
827 464 909 499 νόμον

111 511 270 546 ἀποστῆσαι
293 511 392 542 κακίας
414 510 464 545 (1),
488 509 614 540 καθάπερ
641 509 737 544 ἀμέλει
764 510 909 541 κάκείνους

111 557 267 591 ἀποφοιτᾷν
284 556 394 582 ἐκέλευε
415 556 464 591 τῆς
479 555 596 590 ἀρχαίας
612 555 731 590 ἀπάτης,
749 555 796 582 κα)⁴
812 555 862 590 τῆς
878 555 906 581 ὲν

111 602 156 637 τῷ
184 602 336 629 πλανᾶσθαι
362 601 477 636 βεϐήλου
501 600 591 635 ζωῆς·
622 601 662 627 ὅτι
689 600 778 627 τοίνυν
802 601 851 635 τῆς
877 601 907 627 ὲν

112 647 252 682 πνεύματι
276 647 403 683 λατρείας
429 647 618 681 μεταποιεῖται
644 646 756 681 μᾶλλον,
780 646 860 680 λόγου
879 646 907 673 δὲ

111 693 188 726 ἀξιοῖ
202 692 343 724 παντελῶς
359 692 476 724 οὐδενὸς,
489 691 538 727 τὴν
554 691 592 723 ὡς
605 691 634 717 ὲν
650 692 741 723 σκιαῖς
752 692 799 718 καὶ
808 691 906 724 τύποις

111 738 236 765 διδάσκει
261 738 354 772 σαφῶς
369 746 376 754 ’
400 737 524 773 βούλεται
552 737 580 764 δέ
600 746 627 764 τι
654 737 722 773 πρὸς
744 737 831 773 τούτῳ
859 739 907 765 καὶ

111 785 208 820 ἓτερον
236 784 335 815 αὐτοὺς
362 783 472 816 εἰδέναι,
497 784 536 815 ὡς
560 783 608 810 καὶ
638 783 827 818 ἄνω,αῐρουσι
855 784 905 819 τὴν

111 830 212 865 ὀφρὺν,
229 829 275 856 καὶ
290 830 333 855 ἐπ’
349 829 437 855 οὐδενὶ
458 828 512 855 τῶν
531 828 688 863 ἀναγκαίων
715 829 903 864 πεφρονήκασι

965 337 1033 358 mus.

997 376 1064 403 Cum
1076 377 1182 404 abunde
1198 383 1349 404 sermonem
1371 385 1448 405 suum
1460 377 1492 404 ad
1505 381 1598 413 gentes
1610 382 1753 412 pertexue—

961 422 1008 455 rit,
1024 423 1218 458 rnystagogiam
1229 423 1262 450 ad
1277 424 1364 458 ipsum
1382 423 1439 459 jam
1464 424 1592 452 lsraelem
1606 425 1751 453 convertit.

962 462 1024 496 Vult
1036 468 1109 495 enim
1123 475 1169 496 eos
1185 469 1288 503 alegali
1299 469 1381 497 etiam
1395 469 1488 497 umbra
1500 470 1662 504 desciscere,
1672 471 1752 498 sicuti

959 513 1085 541 videlicet
1099 513 1157 541 illos
1168 521 1273 548 quoque
1285 514 1379 549 jussit,
1395 521 1410 541 ιι
1427 514 1540 548 pristino
1556 522 1659 549 errore,
1672 516 1753 543 sedu—

959 559 1048 586 ctione
1058 563 1085 587 et
1095 559 1208 593 profana
1221 559 1277 587 vita
1290 559 1429 587 recedere.
1439 559 1540 594 Aperte
1557 561 1648 594 itaque
1662 559 1751 592 docet,

959 610 989 630 se
1005 603 1173 637 spiritualem
1186 605 1275 638 potius
1301 604 1403 632 cultum
1421 605 1556 632 aestimare
1583 608 1611 632 et
1639 612 1751 639 curare;

958 648 1130 676 umbratilem
1144 654 1171 676 et
1182 650 1301 684 typicum
1316 650 1392 678 nihili
1407 650 1506 678 facere.
1520 650 1582 677 Vult
1600 658 1681 686 porro
1693 650 1753 678 illos

957 698 985 721 et
1005 694 1078 722 aliud
1107 695 1189 729 scire,
1213 696 1284 730 quod
1305 696 1478 730 supercilium
1504 696 1610 731 erigant
1631 701 1658 723 et
1679 696 1713 724 de
1724 703 1753 723 re

957 740 1035 767 nihili
1049 741 1131 768 altum
1140 741 1257 774 sapiant,
1269 741 1315 776 qui
1329 741 1606 777 Hierosolymitanum
1623 741 1752 776 templum

957 786 1119 814 excitarunt.
1131 787 1327 815 Existimarunt
1336 787 1407 814 enim
1424 787 1483 814 loco
1498 787 1630 814 contineri
1651 787 1752 814 divini-

957 837 1051 864 tatem,
1068 837 1095 860 et
1119 832 1146 860 in
1170 832 1333 860 manufactis
1361 831 1467 866 templis
1499 832 1703 866 circumscripte
1727 835 1754 858 et

114 864 201 908 μέγα,
218 874 264 901 τὸν
283 875 311 901 ὲν
325 875 382 905 τοίς
397 873 595 908 Ἰεροσολύμοις
610 873 815 908 ἀναστήσαντες
829 873 901 900 ναόν·

982 877 1201 905 :linitebabitare
1217 886 1224 904 :
1239 878 1310 905 sicut
1323 877 1361 905 illi
1390 864 1459 905 falso
1473 877 1621 912 nuncupari
1643 864 1694 909 dii,
1707 876 1752 911 qui

111 918 200 954 ᾤοντο
220 919 284 954 γὰρ,
304 919 344 946 ὅτι
358 919 406 945 καὶ
421 919 496 953 τόπῳ
513 917 679 954 περιληπτὸν
698 918 728 944 τὸ
744 918 821 944 Θεῖὀν
836 918 903 951 ἐστι,

113 965 163 992 καὶ
189 966 218 992 ὲν
239 965 438 1001 χειροποιήτοις
460 965 535 996 ναοῖς
566 965 688 991 κατοικεῖ
713 964 904 999 περιεκτικῶς,

113 1009 189 1037 καθὰ
203 1009 250 1036 καὶ
266 1010 292 1036 οἱ
304 1009 357 1036 τῶν
371 1009 456 1036 ἐθνῶν
471 1009 652 1044 ψευδώνυμοι,
669 1009 717 1036 καὶ
736 1009 813 1036 οὐδὲν
828 1008 905 1041 ὄντες

113 1055 266 1087 παντελῶς,
278 1054 347 1090 πλὴν
361 1055 401 1082 ὅτι
416 1054 482 1087 ξύλα
498 1063 528 1081 τε
545 1055 591 1082 καὶ
605 1055 690 1081 λίθοι·
707 1055 753 1082 καὶ
767 1055 811 1082 διὰ
826 1055 906 1081 τοῦτό

113 1108 216 1135 φησιν·
230 1101 262 1126 Ὢ
279 1101 328 1135 τῆς
350 1099 424 1132 θείας
448 1100 527 1134 δόξης
551 1099 600 1127 οὒκ
626 1100 726 1132 εἰδότες
748 1100 798 1135 τὴν
821 1100 905 1135 ὑπερ-

112 1146 201 1183 οχήνι
223 1144 245 1172 ὣ
262 1145 317 1172 τῶν
341 1145 403 1181 ἐμοὶ
425 1145 581 1180 προσόντων
604 1145 766 1181 ἀξιωμάτων
791 1145 842 1172 οὐκ
860 1146 905 1172 ὲν-

113 1193 240 1225 νοοῦντες
255 1192 285 1220 τὸ
299 1193 430 1228 μέγεθοςί
448 1202 456 1218 ι
474 1192 597 1228 Οὐρανός
613 1201 657 1227 μοι
673 1192 778 1227 θρόνος,
796 1193 813 1227 ἡ
828 1192 856 1219 δὲ
869 1193 906 1228 γῆ

114 1237 261 1265 ὑποπόδιον
273 1237 328 1264 τῶν
349 1237 436 1264 ποδῶν
451 1245 514 1273 μου.
536 1238 615 1264 Ποῖον
628 1235 702 1263 οἷκον
716 1237 906 1273 οἰκοδομήσετέ

115 1292 181 1319 μοι;
207 1283 224 1319 ἢ
252 1285 327 1316 ποῖος
358 1283 440 1314 τόπος
468 1283 519 1318 τῆς
548 1282 748 1315 καταπαύσεώς
788 1292 858 1319 μου;
894 1293 904 1310 ι

114 1329 221 1364 Πληροῖ
234 1329 288 1363 γὰρ
302 1328 336 1355 τὰ
349 1328 438 1355 πάντα
451 1327 483 1354 τὸ
498 1328 590 1354 Θεῐον·
607 1327 676 1362 μετὰ
689 1327 718 1354 δὲ
730 1327 812 1354 αὑτοῦ
829 1327 864 1362 γῆ
877 1335 908 1353 τε

115 1376 165 1402 κα¹ι
179 1375 293 1411 οὐρανός
304 1383 311 1408 ς
324 1373 451 1409 Είρήσθω
465 1374 497 1408 δὴ
511 1373 753 1409 ἀνθρωποπρεπιῖις
763 1392 770 1405 ,
786 1373 827 1400 ὅτι
844 1373 907 1408 θρύ-

116 1432 163 1450 νον
177 1422 246 1458 ἔχων
258 1424 303 1449 τὸν
318 1422 432 1458 οὐρανὸν
442 1442 449 1454 ,
465 1422 609 1448 ὑποπόδιον
625 1421 653 1447 δὲ
671 1421 765 1456 ὥσπερ
777 1429 805 1448 τι
821 1422 907 1448 ποιεῖ-

115 1478 163 1497 ται
177 1470 225 1505 τὴν
238 1469 300 1504 γῆν.
313 1470 391 1500 Ποίος
404 1467 450 1495 οὖν
465 1469 545 1495 αὑτὸν
559 1468 663 1501 δέξεται
676 1468 782 1504 χῶροςς
797 1468 814 1504 ἢ
832 1469 908 1500 ποῖος

957 931 1053 951 revera
1069 923 1136 952 nihil
1160 929 1235 957 sunt,
1262 931 1341 959 quam
1369 923 1440 958 ligna
1470 929 1498 951 et
1521 923 1634 958 lapides.
1651 922 1754 950 ldcireo

957 969 994 996 ait
1010 977 1016 996 :
1034 968 1056 997 0
1070 977 1119 997 vos
1127 969 1172 1004 qui
1189 969 1286 996 divina:
1299 968 1450 1004 maiestatis
1475 969 1658 1003 praestantiam
1675 967 1751 1003 igno-

956 1015 1033 1048 ratis,
1051 1014 1097 1049 qui
1115 1014 1256 1050 dignitatis
1269 1022 1336 1042 mea:
1357 1014 1572 1049 magnitudinem
1595 1021 1648 1041 non
1662 1013 1752 1041 consi-

961 1061 1062 1089 deratis
1077 1068 1083 1087 :
1109 1069 1119 1087 ι
1137 1060 1242 1088 Caelum
1261 1060 1328 1088 mihi
1343 1060 1440 1088 solium
1450 1065 1501 1092 est,
1514 1064 1542 1087 et
1562 1063 1635 1087 terra
1647 1059 1753 1091 scabel-

957 1106 1012 1134 lum
1021 1106 1117 1141 pedum
1125 1105 1371 1139 meorum.Qualem
1381 1106 1488 1134 domum
1496 1105 1667 1133 aeditleabitis
1676 1105 1755 1132 mihi?

957 1152 1011 1179 Aut
1031 1152 1091 1186 quis
1105 1152 1182 1179 locus
1196 1152 1325 1186 requietis
1342 1151 1426 1179 mete?
1444 1161 1454 1178 ν
1470 1151 1564 1186 Implet
1576 1151 1650 1178 enim
1663 1150 1753 1178 omnia

957 1197 1094 1230 divinitas,
1120 1202 1147 1225 et
1168 1198 1247 1232 plena
1269 1196 1329 1232 ejus
1358 1201 1422 1225 sunt
1447 1201 1518 1224 terra
1546 1202 1574 1224 et
1602 1196 1699 1224 oculum
1719 1196 1752 1223 ".

957 1244 1081 1272 Humano
1095 1251 1170 1272 more
1181 1244 1283 1272 dictum
1293 1243 1442 1277 sit,solium
1457 1250 1520 1270 eum
1528 1243 1629 1270 habere
1641 1242 1753 1274 ccelum.

957 1296 985 1318 et
998 1291 1144 1319 scabellum
1158 1290 1231 1318 velut
1244 1290 1379 1325 quoddam
1394 1290 1445 1317 sibi
1462 1293 1562 1317 terram
1577 1296 1746 1324 supponere.

956 1336 1023 1370 Quis
1036 1337 1108 1363 enim
1121 1336 1196 1364 locus
1218 1342 1280 1363 eum
1300 1335 1408 1369 capiet?
1429 1338 1475 1361 aut
1492 1341 1553 1369 quae
1574 1333 1670 1361 domus
1684 1333 1751 1361 satis

957 1382 1010 1410 erit
1022 1381 1109 1417 ampla
1119 1382 1153 1409 ad
1163 1380 1462 1416 comprehendendum?
1474 1388 1483 1406 ι
1494 1379 1587 1406 Omnia
1601 1379 1672 1407 enim
1685 1379 1753 1412 haec,

958 1428 1058 1463 inquit,
1082 1427 1145 1455 fecit
1160 1435 1256 1454 manus
1273 1433 1332 1453 mea
1343 1445 1352 1459 ,
1364 1429 1392 1453 et
1412 1433 1471 1452 mea
1486 1424 1617 1452 sunthaec
1632 1424 1750 1452 omniaa

959 1474 1024 1508 Quae
1037 1478 1126 1510 autem
1143 1473 1217 1500 hmo?
1230 1472 1363 1500 Videlicet
1377 1478 1438 1506 qua!
1454 1474 1602 1498 cernuntur
1612 1489 1620 1502 ,
1633 1474 1662 1497 et
1689 1477 1750 1503 quae

115 1513 192 1546 οἶκος
218 1514 330 1557 ἀρκέσει
355 1513 546 1550 περιληπτός;
575 1522 584 1538 ι
604 1513 697 1540 Πάντα
723 1513 777 1548 γὰρ
804 1512 907 1544 ταῦτα,

982 1520 1037 1547 erui
1052 1524 1198 1554 nequeunt.
1232 1518 1297 1553 Ejus
1320 1518 1392 1545 enim
1418 1521 1461 1545 est
1489 1515 1578 1544 omnis
1608 1519 1749 1548 creatura;

117 1561 212 1596 φησιν,
240 1554 367 1595 ἐποίησεν
383 1561 400 1595 ὴ
417 1560 476 1595 χείρ
492 1567 558 1594 μου·
582 1559 630 1586 καὶ¹
651 1558 723 1586 ἔστιν
744 1558 799 1594 ὲμὰ
820 1558 907 1586 ταῦτα

117 1607 219 1634 πάντα.
239 1616 248 1632 ι
265 1607 333 1634 Ποῖα
357 1606 385 1632 δὲ
404 1605 504 1639 ταῦτα;
518 1605 603 1640 Δῆλον
618 1605 646 1632 δὲ
668 1605 709 1632 ὅτι
725 1605 772 1632 καὶ
787 1605 819 1632 τὰ
837 1605 908 1641 ὁρώ-

118 1662 201 1688 μενα,
217 1653 264 1680 xal.
277 1653 332 1679 τῶν
347 1652 495 1688 ὁρωμένων
512 1651 660 1678 ἐπέκεινα·
678 1651 726 1678 καὶ
749 1651 831 1678 αὑτοῦ
854 1651 908 1687 γὰρ

117 1701 136 1734 ὴ
158 1699 245 1730 κτίσις
260 1699 365 1730 ἅπασα,
385 1699 506 1729 καὶτοῖς
529 1697 612 1724 αὑτοῦ
639 1697 757 1732 νεύμασι
779 1697 907 1734 παρήχθη

117 1743 189 1778 πρὸς
218 1743 322 1776 γένεσιν
342 1742 377 1769 τὰ
400 1743 451 1769 οὐκ
480 1742 544 1769 ὂντα
563 1741 640 1769 ποτέ.
665 1741 698 1768 Τί
723 1741 812 1768 τοίνυν
834 1742 909 1778 αὐτῷ

117 1788 302 1824 προσοίσομεν
326 1789 363 1820 ὡς
379 1789 429 1815 οὐκ
453 1788 553 1821 αὐτοῦς
582 1787 702 1814 τοιοῦτόν
729 1788 755 1814 τί
778 1797 845 1823 φησι
862 1789 908 1816 καὶ

117 1835 218 1869 διὰτῆς
230 1834 277 1861 τοῦ
295 1835 449 1866 Ψάλλοντος
477 1835 579 1870 φωνῆς·
595 1843 603 1859 ι
616 1833 679 1860 Ἐὰν
691 1835 821 1866 πεινάσω,
830 1835 860 1861 οὺ
871 1835 907 1870 μή

119 1887 163 1906 σοι
176 1878 261 1905 εἴπω·
275 1879 328 1913 ἐμὰ
342 1879 467 1914 γάρνὲστι
487 1879 576 1905 πάντα
590 1878 624 1905 τὰ
644 1877 726 1913 θηρία
741 1878 788 1905 τοῦ
809 1880 906 1914 ἀγροῦ,

117 1925 206 1961 κτήνη
236 1925 265 1951 ὲν
287 1925 342 1956 τοῖς
362 1924 438 1960 ὄρεσι
461 1924 509 1950 καὶ
533 1923 601 1959 βόες.
619 1924 747 1958 Ἔγνωκα
767 1924 856 1951 πάντα
874 1925 908 1952 τὰ

116 1971 201 2006 θηρία
213 1969 260 1997 τοῦ
270 1969 366 2005 ἀγροῦ,
381 1970 429 1996 καὶ
440 1969 528 1996 πάντα
544 1969 578 1996 τὰ
590 1969 708 1996 πετεινὰ
718 1968 765 1996 τοῦ
780 1969 906 2005 οὐρανοῦ,

116 2016 166 2044 καὶ
182 2016 315 2051 ὼραιὸτης
332 2015 417 2051 ἀγροῦ
440 2015 498 2050 μετ’
521 2014 589 2050 ἐμοῦ
611 2015 695 2042 ἐστιν.
725 2024 733 2041 ι
766 2015 828 2042 Ἐπὶ
847 2016 908 2042 τίνα

115 2062 150 2096 δὴ
169 2059 216 2088 οὖν
234 2061 383 2095 ὲπιὸλέψω,
409 2060 504 2096 φησίν;
553 2060 570 2095 ἢ
596 2060 705 2092 πάντως
725 2069 775 2087 που
799 2061 844 2087 ἐπὶ
863 2061 908 2088 τὸν

115 2107 245 2134 ταπεινὸν
275 2108 323 2135 καὶ
337 2107 458 2142 ἡσύχιον,
484 2105 619 2138 τουτέστι,
644 2106 690 2133 τὸν
711 2107 831 2134 εἱκτικον
862 2107 908 2133 καὶ¹

116 2154 216 2188 πρᾶον,
231 2153 278 2179 καὶ
296 2152 352 2179 τῶν
367 2153 441 2188 ἐμῶν
456 2152 616 2188 θελημάτων
633 2153 744 2188 γνήσιον
759 2152 905 2188 ὑπουργὸν,

961 1564 1020 1599 ejus
1035 1568 1099 1591 nutu
1118 1568 1209 1591 creata
1227 1567 1255 1590 et
1281 1566 1340 1589 orta
1360 1565 1424 1590 sunt
1448 1569 1507 1596 quae
1530 1560 1676 1595 aliquando
1699 1567 1753 1588 non

961 1615 1049 1638 erant.
1063 1610 1131 1643 Quid
1147 1609 1228 1644 igitur
1244 1608 1268 1636 ei
1285 1607 1439 1640 oﬂ‘eremus,
1463 1607 1534 1642 quod
1557 1606 1614 1641 ejus
1632 1614 1684 1633 non
1701 1604 1756 1633 sit?

962 1657 1026 1684 Tale
1041 1656 1169 1691 quiddam
1180 1655 1245 1682 dicit
1255 1655 1335 1681 etiam
1348 1662 1414 1682 voce
1436 1652 1599 1681 Psallentis:
1616 1661 1625 1678 ι
1647 1651 1675 1679 Si
1691 1659 1754 1679 esu-

962 1700 1043 1733 riero,
1058 1708 1110 1728 non
1124 1699 1210 1727 dicam
1230 1699 1276 1727 tibi
1292 1707 1298 1724 :
1312 1706 1379 1726 mete
1398 1699 1470 1725 enim
1487 1702 1551 1725 sunt
1574 1704 1669 1724 omnes
1696 1696 1755 1724 ani-

961 1750 1068 1773 mantes
1081 1744 1279 1780 agd,iumenta
1306 1744 1331 1770 in
1355 1743 1492 1770 montibus
1513 1747 1540 1770 et
1566 1742 1660 1770 b0ves.
1685 1741 1754 1769 Novi

960 1791 1052 1818 omnia
1075 1790 1195 1818 volatilia
1225 1789 1298 1822 emli,
1327 1793 1352 1816 et
1377 1788 1548 1824 pulchritudo
1575 1789 1631 1823 agri
1647 1795 1752 1816 mecum

959 1842 1002 1864 est
1015 1837 1048 1863 ⁸³.
1112 1835 1198 1868 Quem
1213 1835 1294 1870 igitur
1308 1834 1472 1869 respiciam?
1489 1844 1500 1860 ι
1520 1834 1608 1869 inquit
1621 1843 1629 1861 :
1644 1843 1654 1861 ι
1691 1842 1748 1863 om-

959 1882 1023 1910 nino
1038 1882 1072 1909 ad
1091 1881 1219 1909 humilem
1232 1887 1259 1909 et
1274 1881 1405 1915 quietum,
1421 1889 1430 1905 ι
1447 1881 1472 1907 id
1485 1884 1538 1913 est,
1557 1887 1702 1915 sequacem
1726 1884 1754 1908 et

961 1928 1065 1960 mitem,
1078 1932 1105 1955 et
1129 1935 1195 1954 mea:
1217 1926 1364 1955 voluntatis
1383 1927 1527 1960 ingenuum
1551 1932 1582 1952 ac
1594 1932 1752 1960 germanum

959 1973 1124 2006 effectorem,
1142 1978 1171 2000 ut
1184 1973 1217 2000 ad
1229 1972 1312 2000 verba
1331 1979 1389 1999 mea
1400 1970 1752 2005 contremiscat.Signiticat

959 2023 1049 2046 autem
1060 2019 1102 2046 his
1113 2018 1292 2052 evangelicum
1305 2025 1337 2045 ac
1348 2017 1432 2052 908
1447 2016 1595 2044 salutarem
1625 2015 1751 2050 praedica-

961 2065 1072 2091 tionem.
1085 2063 1139 2092 Hos
1152 2064 1278 2098 dignatur
1288 2062 1398 2096 intueri,
1416 2066 1443 2089 et
1452 2061 1524 2089 velut
1539 2060 1750 2095 bumilesinspi-

959 2117 1032 2137 cere.
1043 2110 1138 2136 Audax
1153 2110 1224 2137 enim
1236 2114 1263 2137 et
1274 2116 1416 2143 arrogans,
1433 2107 1478 2142 qui
1497 2107 1596 2134 divinis
1611 2107 1670 2142 ejus
1683 2106 1752 2134 resi-

959 2156 1007 2183 stit
1036 2155 1138 2189 legibus
1161 2161 1188 2183 et
1217 2163 1249 2183 ex
1278 2162 1372 2189 magna
1396 2153 1587 2185 inohedientia,
1610 2152 1753 2187 superbam

116 2198 189 2226 ὥστε
205 2199 252 2225 καὶ
267 2199 379 2233 τρέμειν
393 2199 457 2229 τοὺς
469 2198 550 2233 οἵπερ
565 2198 598 2225 ἃν
614 2197 737 2232 γένοιντο
754 2198 819 2233 παρ’
838 2198 906 2233 ἐμοῦ

982 2201 1034 2228 elut
1056 2205 1083 2228 et
1100 2201 1196 2228 duram
1223 2201 1356 2228 cervicem
1372 2200 1470 2227 mentis
1494 2206 1549 2226 sua)
1565 2203 1660 2226 contra
1679 2197 1752 2224 illum

117 2245 206 2279 Αὸγοι;
224 2244 354 2280 Σημαίνει
374 2244 403 2271 δὲ
425 2244 469 2270 διὰ
491 2244 592 2271 τούτων
615 2244 646 2270 τὸ
665 2243 842 2278 εὑαγγελικὸν
861 2244 908 2272 καὶ

118 2291 253 2326 σωτήριον
267 2291 414 2326 κήρυγμα·
441 2289 551 2320 τούτους
575 2290 676 2325 ὲφορᾷν
691 2289 777 2322 ἀξιοῖ,
801 2289 848 2317 καὶ¹
870 2290 908 2322 ὡς

116 2336 266 2367 ταπεινοὺς
279 2335 505 2363 ἐπισκέπτεσθαι.
529 2335 638 2371 Θρασὺς
653 2335 708 2371 γὰρ
731 2335 778 2362 καὶ
800 2335 908 2368 ἀλαζὼν

116 2383 132 2409 ό
155 2383 212 2414 τοῖς
228 2381 310 2413 θείοις
326 2381 409 2408 αὑτοῦ
424 2381 518 2416 νόμοις
542 2381 783 2417 ἀντανιστάμενος,
801 2383 849 2410 καὶ
864 2383 909 2410 διὰ

120 2427 225 2462 πολλῆς
247 2427 401 2460 ἀπειθείας,
425 2426 528 2462 γαῦρον
543 2427 637 2463 ὥσπερ
651 2427 713 2454 τινὰ
730 2427 777 2454 καὶ
792 2428 910 2464 σκληρὸν

123 2473 261 2500 ἀνατείνει
275 2472 350 2508 αὐτῷ
366 2475 411 2499 τὸν
423 2472 473 2508 τῆς
484 2471 580 2499 ἑαυτοῦ
593 2472 714 2504 διανοίας
732 2473 834 2508 αὐχένα
844 2482 851 2489 ·
868 2475 910 2501 ὅτι

121 2517 151 2544 δὲ
166 2517 357 2552 ἁπαράδεκτον
368 2518 489 2544 ποιεῖται
503 2517 552 2552 τὴν
567 2517 611 2544 διὰ
624 2518 706 2553 νόμου
721 2518 912 2554 λατρείαν,καὶ

117 2561 162 2588 διὰ
179 2561 275 2597 μίσους
290 2561 357 2597 ἔχει,
378 2563 506 2597 σαφηνιεῖ
519 2562 605 2597 λέγων
616 2570 623 2578 ·
642 2572 650 2588 ι
672 2563 701 2590 '0
718 2563 789 2590 θύων
802 2572 847 2599 μοι
861 2565 910 2600 μό-

118 2615 194 2642 σχον,
211 2607 249 2638 ὠς
263 2608 277 2633 ὀ
297 2607 468 2635 ἀποκτείνων
482 2607 566 2634 κύνα’
588 2609 603 2634 ὸ
621 2608 650 2634 δὲ
665 2608 807 2644 ἀναφέρων
829 2609 908 2645 σεμί-

117 2651 205 2686 δαλιν,
217 2651 255 2684 ὡς
267 2649 337 2688 αἷμα
353 2653 442 2680 ὕειον·
462 2653 476 2680 ὁ
491 2653 519 2680 δὲ
532 2653 595 2685 δοὺς
609 2653 718 2681 λίδανον
740 2655 779 2686 εις
802 2656 908 2691 μνημό-

155 2742 178 2759 ⁸³
195 2742 264 2772 Psal.
277 2743 391 2776 ul,19.
428 2743 451 2759 ³³
465 2742 534 2770 Psal.
553 2742 721 2775 xux,10-12

157 2832 195 2864 (ί)
212 2831 307 2859 llunfr.
327 2832 404 2863 σκιᾶς

960 2246 1075 2274 extollit.
1089 2246 1170 2280 Legis
1189 2253 1253 2273 vero
1261 2246 1362 2273 cultum
1379 2252 1409 2272 se
1419 2253 1473 2272 non
1492 2244 1622 2280 recipere,
1635 2247 1663 2270 et
1690 2242 1754 2269 odio

961 2293 1076 2324 habere,
1093 2291 1182 2326 palam
1193 2291 1275 2320 faciet
1296 2299 1358 2318 cum
1377 2291 1486 2326 inquit:
1506 2299 1516 2316 (
1547 2289 1597 2323 Qui
1620 2287 1754 2316 sacriﬁcat

963 2338 1029 2366 mihi
1044 2338 1169 2371 vitulum,
1183 2343 1224 2364 est
1248 2337 1359 2372 perinde
1374 2344 1406 2364 ac
1415 2337 1438 2364 is
1462 2336 1508 2371 qui
1526 2335 1625 2364 occidit
1639 2341 1751 2364 canem;

963 2383 1008 2418 qui
1021 2381 1097 2410 oﬂ'ert
1111 2382 1238 2414 similam,
1252 2381 1329 2416 quasi
1345 2381 1390 2416 qui
1405 2381 1564 2416 sanguinem
1584 2379 1664 2407 oﬂ'ert.
1688 2377 1753 2406 suil-

964 2428 1088 2462 lum;qui
1101 2428 1146 2456 dot
1157 2428 1230 2460 thus,
1243 2427 1277 2454 ad
1297 2427 1455 2455 memoriam
1471 2426 1523 2458 sui,
1540 2429 1582 2453 est
1603 2425 1680 2460 quasi
1698 2424 1753 2452 bla-

963 2475 1101 2509 spbemus.
1116 2483 1126 2500 ι
1149 2474 1297 2502 Considera
1312 2474 1393 2509 igitur
1416 2480 1478 2500 euln
1512 2479 1565 2499 non
1589 2472 1676 2499 solum
1700 2478 1752 2498 non

960 2521 1104 2548 admittere
1117 2528 1177 2556 quae
1192 2521 1219 2548 in
1237 2519 1341 2548 umbris
1368 2527 1400 2547 ac
1420 2519 1491 2554 typis
1504 2518 1590 2553 posita
1606 2520 1680 2550 sunt,
1695 2516 1751 2548 sed,

962 2570 992 2594 ut
1006 2566 1179 2598 dixi,odisse.
1193 2565 1277 2594 Vituli
1301 2566 1373 2593 enim
1399 2566 1511 2596 eaedem,
1536 2563 1612 2590 canis
1632 2566 1747 2589 mortem

961 2612 1118 2645 existimat,
1144 2617 1172 2640 et
1185 2620 1240 2640 rem
1255 2613 1399 2647 impuram,
1415 2609 1532 2638 similam
1553 2608 1613 2636 oleo
1624 2615 1751 2642 consper-

964 2665 1032 2687 sam.
1050 2658 1192 2693 Signiﬁcat
1208 2659 1279 2687 enim
1296 2659 1356 2692 hoc,
1373 2662 1403 2686 ut
1416 2657 1521 2692 opinor,
1538 2655 1600 2682 dum
1615 2661 1675 2682 eam
1687 2660 1752 2681 san-
