1893 3052
67 186 84 214 1
91 187 153 215 433

611 184 647 212 IN
666 184 782 213 ISAIAM
802 184 865 212 LIB.
884 185 914 214 V.
933 186 1052 214 TOMUS
1068 187 1112 214 Vl.

1643 190 1710 218 1431

71 243 263 280 ἡγουμένους,
295 242 319 270 οἳ
348 242 432 278 ψήφῳ
458 241 519 277 θείᾳ
551 243 786 278 κεχειροτόνηνται
815 243 888 273 τῶνΔ

958 245 1013 272 tino
1031 244 1134 272 calculo
1165 245 1320 280 deliguntur
1344 251 1502 274 sanctarum
1527 247 1708 276 Ecclesiarum

68 290 170 324 ἁγίων
200 288 386 324 ῘΕκκλησιῶν,
416 288 464 314 καὶ
489 287 544 314 τῶν
579 288 658 324 ἱερῶν
687 289 872 324 κηρυγμάτων

71 336 231 372 ίερουρτοί.
254 334 366 366 Τούτοις
390 334 530 361 ἐπιτάττει
551 334 648 368 λέγων·
666 343 676 360 ι
693 335 797 362 Εἴπατε
816 336 874 366 τοῖς

73 381 210 415 μισοῦσιν
225 381 297 416 ὑμᾶς
308 380 356 407 καὶ
373 380 605 414 βδελυσσομένοις·
617 380 743 414 ’Δδελφοὶ
756 380 845 416 ἡμῶν.
860 389 869 406 ι

73 427 119 453 “H
144 427 198 463 γὰρ
215 426 320 462 πράους
344 426 442 457 αὐτοὺς
477 425 599 460 βούλεται
623 427 671 452 καὶ
695 425 873 459 ἀνεξικάκως

72 470 167 501 εἶναι,
181 473 252 499 κατά
267 480 299 506 γε
314 471 364 503 τὰς
380 471 563 505 εὐαγγελικάς
583 471 755 507 παραδόσεις,
770 471 818 498 καὶ
830 471 874 498 διὰ

71 519 133 554 τῆς
146 519 185 550 είς
199 517 276 552 λῆξιν
289 517 480 553 μακροθυμίας
496 516 657 551 σαγηνεύειν
668 518 708 548 είς
721 517 875 552 οἰκειότητα

74 565 284 599 πνευματικὴν,
296 564 360 595 τοὺς
373 563 563 595 ἀνανεύοντας,
579 563 626 590 καὶ
637 563 875 598 παραιτουμένους

74 609 135 642 τὴν
153 609 221 644 πρὸς
233 608 332 640 αὐτοὺς
351 608 495 636 κοινωνίαν
505 617 512 623 ·
533 608 618 643 ἦγουν
631 608 720 634 ἐκεῖνό
734 617 786 634 που
806 608 876 643 τάχα

75 654 279 685 διακελεύεται,
293 654 322 680 τὸ
334 654 462 690 κηρύξαι,
479 654 563 689 φημὶ,
577 655 634 685 τοῖς
647 653 748 686 ἔθνεσι,
759 653 806 680 καὶ
826 661 876 680 κα-

75 699 162 726 λέσαι
176 699 244 734 πρὸς
261 699 426 733 θεογνωσίαν
440 699 490 734 τὴν
505 697 606 734 ἀληθῆ,
621 698 685 729 τοὺς
696 696 876 732 πεπλανημέ-

77 753 167 777 νους,
187 745 234 771 καὶ
248 744 302 775 τῶν
324 743 488 779 ἀκαθάρτων
504 742 667 778 πνευμάτων
685 740 877 777 προσκυνητὰς

85 788 252 822 Ἰουδαίους,
276 791 317 816 ὅτι
341 789 378 825 μὴ
403 789 463 816 κατ’
485 789 585 820 αὐτοὺς
604 787 727 822 ἐδέχοντο
750 787 799 822 τὴν
824 795 874 813 πο-

77 836 207 868 λυθεΐαν,
233 835 281 862 ἕνα
306 835 334 862 δὲ
358 835 406 861 καὶ
441 834 521 869 φύσει
539 834 587 861 καὶ
618 834 698 869 μόνον
720 833 878 868 ὡμολόγουν

78 880 164 907 Θεόν·
181 881 238 908 ἀλλ’
255 881 280 907 ει
293 881 339 907 καὶ
359 880 550 916 «Μεμισήκασι
561 879 663 916 ,φησὶν,
680 879 764 914 ὑμᾶς,
785 879 878 914 βδελυ-

81 926 153 961 ροὺς
177 924 247 952 εἶναι
276 925 526 961 καταλογιζόμενοι,
557 925 740 961 προτεινέσθω
764 925 812 952 καὶ
831 923 877 951 οῦ·
892 917 916 947 Β

79 980 141 1003 τως
157 972 250 1003 αὐτοῖς
265 973 280 998 ὁ
293 972 358 1006 παρ’
374 972 450 1006 ὑμῶν
471 971 558 1006 λόγος,
583 971 632 998 καὶ
653 971 683 998 ὲν
700 970 776 1003 τάξει
792 979 878 997 κατα-

79 1017 290 1052 λογιζέσθωσαν
305 1017 436 1051 ἀδελφῶν,
464 1018 508 1044 ἕνα
526 1017 557 1044 τὸ
575 1017 659 1052 δνομα
674 1017 778 1052 Κυρίου
799 1017 878 1050 δοξα-

81 1061 151 1096 σθῇ.
171 1071 180 1087 ι
197 1062 398 1097 Σεσαγήνευται
422 1061 477 1097 γὰρ
496 1061 550 1088 τῶν
566 1061 649 1089 ἐθνῶν
672 1063 689 1097 ἡ
712 1062 816 1098 πληθῦς
839 1062 879 1093 είς

80 1106 166 1139 δόξαν
180 1107 300 1143 Χριστοῦ
312 1128 319 1140 ,
338 1108 385 1134 καὶ
410 1107 521 1141 γέγονεν
541 1107 666 1143 ἐμφανὴς
684 1108 712 1134 ὲν
727 1109 761 1144 τῇ
781 1108 880 1143 εὐφρο-

83 1151 158 1187 σύνῃ
180 1152 286 1178 αὐτῶν·
312 1152 531 1188 εὐφραινομένων
544 1152 599 1188 γὰρ
613 1152 667 1179 τῶν
683 1152 767 1180 ὲθνῶν
786 1153 833 1180 ἐπὶ
845 1155 878 1189 τῇ

83 1197 156 1233 παρ’
172 1196 255 1224 αὑτοῦ
278 1197 370 1233 χάριτι
386 1197 434 1224 καὶ
455 1198 578 1233 σωτηρίᾳ
588 1217 595 1229 ,
611 1197 836 1234 κατῃσχύνθησαν
854 1200 879 1225 οἱ

84 1243 118 1275 ἐξ
149 1243 258 1278 Ἰσραὴλ
285 1243 322 1275 ὼς
352 1244 511 1278 ἀπόϐλητοι,
535 1244 582 1270 καὶ
608 1245 801 1280 μεμισημένοι,
832 1245 880 1272 καὶ

83 1289 220 1326 ἀμέτοχοι
236 1289 375 1321 παντελῶς
393 1289 445 1324 τῆς
464 1289 518 1317 τῶν
531 1290 618 1324 ἁγίων
635 1290 752 1322 ἐλπίδος,
763 1291 812 1317 καὶ
826 1291 881 1318 τῶν

85 1337 158 1372 παρ’
171 1335 254 1363 αὑτοῦ
267 1335 370 1372 δεδωρη
376 1335 463 1371 μένων
475 1336 532 1367 τους
547 1334 719 1362 πιστεύουσιν
732 1337 771 1367 είς
787 1336 879 1363 αὐτόν’

85 1382 193 1409 ειδέναι
210 1381 239 1408 δὲ
254 1382 415 1415 ἀναγκαῖον,
438 1381 479 1407 ὃτι
502 1381 617 1416 νομικὴν
633 1381 744 1408 λέλυκεν
759 1381 880 1417 ἐντολὴν,

87 1428 224 1463 ἀδελφοὺς
237 1427 383 1462 ὀνομάζειν
398 1426 530 1458 κελεύσας
542 1427 607 1458 τοὺς
620 1426 651 1459 ἐξ
668 1426 765 1453 ἐθνῶν.
788 1426 881 1454 Ἀπεί-

89 1482 162 1510 ρητο
176 1473 230 1509 γὰρ
243 1474 298 1504 τοῖς
313 1473 342 1506 ἐξ
363 1472 471 1508 Ἰσραὴλ
484 1472 514 1499 τὸ
529 1472 779 1499 συναναπλέκεσθαι
793 1473 882 1508 φιλεῖν

86 1521 150 1551 τοῖς
163 1519 391 1555 πεπλανημένοις.
410 1528 419 1544 ι
435 1519 473 1545 Οὐ
488 1519 542 1553 γὰρ
555 1518 683 1554 λαλήσεις
699 1520 791 1551 αὐτοῖς
804 1520 883 1555 είρη-

91 1565 186 1597 νικὰ,ι
203 1565 284 1600 φησὶν
304 1566 318 1591 ό
331 1565 376 1591 διὰ
401 1564 523 1596 Μωσέως
545 1564 644 1599 νόμος,
662 1573 671 1590 ι
688 1564 748 1591 οὐδὲ
766 1564 803 1600 μὴ
822 1566 883 1591 ὲπι-

90 1610 280 1646 γαμσρεύσεις
291 1610 396 1641 αὐτοῖς·
412 1609 461 1645 τὴν
477 1609 614 1645 θυγατέρα
630 1617 677 1636 σου
691 1610 722 1636 οὐ
735 1610 832 1642 δώσεις
843 1610 882 1645 τῷ

92 1656 148 1692 υἱῷ
170 1656 263 1690 αὑτοῦ,
287 1656 347 1683 οὐδὲ
361 1656 410 1690 τὴν
424 1655 562 1690 θυγατέρα
585 1655 668 1682 αὑτοῦ
685 1655 757 1692 λήψῃ
774 1655 814 1691 τῷ
833 1655 883 1691 υἱῷ

92 1711 157 1729 σου”
183 1702 225 1728 ἴνα
243 1702 279 1737 μὴ
294 1702 438 1737 ἀποστήσῃ
452 1701 498 1727 τὸν
523 1701 580 1728 υἱόν
610 1710 657 1728 σου
674 1701 721 1727 ἀπ’
736 1701 814 1736 ἐμοῦ,
837 1702 885 1728 καὶ

93 1748 240 1784 πορευθεὶς
255 1748 390 1784 λατρεύσῃ
408 1747 479 1779 θεοῖς
491 1747 604 1782 ἑτέροις,
619 1757 629 1773 ι
652 1747 721 1776 Ἀλλ’
739 1747 768 1774 ὲν
778 1748 888 1784 Χριστῷ

93 1796 239 1830 γέγονετά
253 1796 397 1831 ἀμφότερα
421 1794 460 1827 ἓν,
476 1796 523 1821 καὶ
557 1794 667 1820 λέλυται
689 1794 719 1820 τὺ
743 1795 900 1831 μεσότοιχον

895 1589 918 1620 C

924 295 951 318 et
959 291 1110 318 divinorum
1125 291 1296 326 praemiorum
1314 293 1469 320 administri
1484 302 1492 320 :
1508 294 1550 321 his
1561 295 1587 321 in
1601 295 1712 321 manda—

925 338 960 365 tis
972 337 1028 369 dat,
1043 337 1184 372 inquiens:
1218 347 1227 363 Ι
1250 338 1336 366 Dicite
1357 339 1391 366 iis
1416 340 1462 374 qui
1478 340 1595 367 oderunt
1609 348 1665 372 vos,
1684 344 1711 367 et

924 382 1130 416 abominantur,
1154 383 1252 410 fratres
1267 384 1365 411 nostri.
1385 395 1395 411 ι
1413 385 1465 412 Aut
1489 386 1560 412 enim
1587 386 1642 413 vult
1665 394 1711 413 eos

926 428 1004 456 mites
1025 433 1119 456 esseet
1133 429 1264 457 malorum
1287 429 1446 464 tolerantes,
1456 431 1603 458 secundum
1627 433 1713 459 tradi-

926 474 1014 502 tiones
1032 475 1212 510 evangelicas,
1238 479 1266 502 et
1297 483 1402 502 summa
1429 477 1567 511 patientia,
1585 477 1619 504 ad
1633 477 1713 512 spiri-

926 520 1025 548 tualem
1044 521 1261 555 coniunctionem
1274 521 1397 550 inescare
1412 530 1458 550 eos
1481 523 1526 557 qui
1548 529 1665 550 renuunt
1687 529 1713 551 et

927 565 1063 600 refugiunt
1088 566 1207 600 ipsorum
1237 568 1408 601 sodalitinm;
1435 572 1482 595 aut
1499 568 1562 595 illud
1591 568 1714 596 fortassis

927 611 1036 637 mandat
1049 615 1078 638 ut
1090 612 1246 645 praedicent,
1259 613 1356 648 inquit,
1372 613 1507 648 gentibus,
1522 618 1549 640 et
1561 619 1657 640 vocent
1679 614 1713 640 ad

927 662 1017 682 veram
1036 655 1082 682 Dei
1094 656 1273 690 cognitionem
1285 665 1331 685 eos
1348 658 1393 692 qui
1412 662 1582 689 erraverunt,
1595 657 1716 685 Iudaeos.

927 707 980 734 que
1011 699 1212 728 immundorum
1244 701 1388 735 spirituum
1418 701 1555 734 cultores;
1576 702 1640 736 quia
1662 709 1715 730 nou

929 746 966 779 bi,
982 749 1011 773 ut
1023 745 1059 772 illi
1076 746 1223 773 multorum
1235 747 1347 774 deorum
1359 747 1461 775 cultum
1476 751 1648 781 receperunt,
1669 747 1716 774 sed

928 799 1010 818 unum
1023 796 1051 819 et
1061 795 1157 819 natura
1169 799 1202 820 ac
1223 792 1309 820 solum
1324 793 1408 821 Deum
1433 792 1550 821 confessi
1565 797 1636 820 sunt.
1663 792 1717 821 Sed

929 837 1047 870 etiamsi,
1067 838 1164 873 inquit,
1178 848 1188 865 ι
1207 839 1269 867 odio
1283 844 1484 874 prosequantur
1498 847 1557 872 vos,
1568 844 1596 867 et
1608 840 1718 867 credant

930 890 978 910 vos
1001 890 1061 910 esse
1088 883 1294 918 abominabiles,
1317 884 1471 919 proferatur
1481 890 1570 912 tamen
1588 884 1628 911 sic
1649 883 1719 918 apud

929 936 976 956 eos
992 928 1091 961 oratio,
1120 933 1147 956 et
1166 929 1280 957 fratrum
1295 930 1354 958 loco
1378 931 1523 962 ducantur,
1561 934 1591 957 ut
1621 936 1718 956 nomen

930 973 1036 1001 Domini
1048 974 1165 1008 gloriose
1180 975 1350 1009 praedicetur.
1367 985 1376 1001 ι
1395 975 1499 1002 lrrelita
1514 976 1586 1002 enim
1603 979 1642 1002 est
1651 982 1718 1010 gen-

931 1019 996 1046 tium
1016 1019 1158 1048 multitudo
1170 1017 1202 1047 ad
1218 1020 1330 1055 gloriam
1342 1021 1453 1053 Christi,
1471 1026 1499 1048 et
1510 1021 1534 1047 in
1549 1027 1641 1047 earum
1652 1020 1720 1046 1³*ιὶ-

932 1065 965 1093 tia
978 1066 1112 1100 apparuit.
1122 1066 1288 1094 Latantibus
1295 1067 1367 1094 enim
1385 1067 1509 1100 gentibus
1521 1066 1555 1093 de
1561 1066 1646 1098 gratia
1656 1065 1715 1098 ejus

930 1115 960 1138 et
978 1111 1076 1144 salute,
1093 1112 1198 1139 confusi
1213 1117 1276 1139 sunt
1289 1112 1424 1145 lsraelitae,
1437 1116 1466 1139 ut
1482 1111 1571 1146 reiecti
1588 1111 1672 1146 910
1694 1115 1721 1137 et

930 1157 993 1185 odio
1009 1157 1105 1190 habiti,
1115 1165 1146 1185 ac
1163 1158 1273 1185 omnino
1288 1163 1413 1193 expertes
1439 1158 1495 1193 spei
1516 1162 1683 1189 sanctorum,
1695 1161 1722 1184 ct

930 1209 1022 1230 eorum
1036 1211 1097 1237 quae
1110 1203 1172 1230 data
1187 1209 1250 1231 sunt
1260 1204 1296 1230 ab
1309 1204 1365 1238 ipso
1379 1203 1561 1231 credentibus.
1576 1201 1720 1229 Sciendum

932 1252 1021 1276 autem
1037 1253 1079 1276 est
1100 1249 1253 1276 necessario
1267 1249 1380 1276 solvisse
1390 1256 1451 1276 eum
1465 1249 1532 1283 legis
1542 1253 1703 1282 prmceptum
1713 1266 1721 1280 ,

931 1303 992 1322 eum
1010 1295 1104 1329 jubeat
1118 1296 1258 1322 nominare
1275 1295 1373 1322 fratres
1389 1302 1435 1322 eos
1451 1295 1495 1328 qui
1519 1298 1581 1321 sunt
1594 1301 1628 1320 ex
1656 1301 1723 1328 gen-

933 1340 1015 1369 tibus.
1028 1340 1171 1367 luterdixit
1185 1341 1254 1367 enim
1268 1340 1407 1372 Israelitis,
1423 1347 1457 1366 ne
1467 1339 1661 1367 commercium
1676 1338 1724 1364 ha-

932 1387 1028 1414 berent
1041 1394 1102 1413 cum
1119 1386 1160 1414 bis
1173 1387 1219 1421 qui
1237 1387 1263 1413 in
1277 1393 1370 1413 errore
1402 1386 1501 1413 versati
1525 1389 1598 1412 sunt.
1625 1393 1635 1410 ι
1665 1383 1722 1410 Non

933 1433 1004 1460 enim
1037 1433 1154 1467 loqueris
1178 1440 1270 1467 pacem
1296 1432 1367 1464 illis,
1402 1432 1490 1465 inquit
1520 1431 1560 1458 lex
1587 1429 1719 1462 Mosaica,

933 1486 982 1505 nec
996 1478 1114 1506 elocabis
1129 1478 1182 1505 illis
1205 1478 1287 1505 llliam
1313 1483 1398 1509 tuam,
1417 1485 1466 1504 nec
1485 1476 1562 1503 dabis
1581 1475 1637 1503 ﬁlio
1652 1475 1724 1509 ejus.

934 1531 984 1551 nec
1000 1524 1080 1551 filiam
1101 1523 1162 1558 ejus
1175 1523 1292 1559 accipies
1303 1524 1356 1550 ﬁlio
1371 1528 1429 1555 tuo,
1449 1529 1482 1549 ne
1505 1524 1610 1549 avertat
1640 1521 1724 1548 filium

935 1575 1032 1597 tuuma
1050 1578 1102 1601 me,
1120 1575 1148 1597 et
1173 1570 1253 1596 abeat
1280 1570 1436 1603 serviatque
1470 1568 1521 1595 diis
1541 1568 1635 1594 alienis
1664 1567 1699 1594 ⁵⁹.
1713 1576 1722 1592 ι

937 1615 1034 1643 Verum
1056 1615 1082 1642 in
1099 1615 1207 1642 Christo
1219 1615 1288 1642 facta
1305 1621 1367 1642 sunt
1382 1612 1464 1642 ambo
1488 1621 1582 1646 unum,
1597 1618 1624 1640 et
1654 1612 1726 1639 solu-

937 1665 995 1688 tum
1023 1660 1196 1688 interstitium
1226 1661 1360 1691 maceriae,
1372 1664 1398 1687 et
1415 1660 1514 1687 abolita
1527 1664 1569 1687 est
1589 1659 1632 1686 lex
1651 1664 1723 1693 pra:-

940 1710 1080 1740 ecptornm
1107 1705 1134 1731 in
1158 1705 1304 1739 dogmatis.
1329 1712 1339 1729 ‹
1363 1703 1411 1730 Est
1435 1703 1505 1731 enim
1528 1703 1585 1737 ipse
1605 1709 1655 1736 pax
1680 1708 1726 1727 no-

944 1757 1000 1778 stra
1013 1751 1046 1777 °°.
1065 1760 1075 1777 ›

937 1798 983 1825 τοῦ
1013 1798 1151 1834 φραγμοῦ,
1176 1797 1348 1833 κατήργηται
1376 1795 1405 1822 δὲ
1433 1794 1481 1822 καὶ
1507 1794 1521 1820 ό
1549 1793 1641 1829 νόμος,
1671 1791 1728 1819 τῶν

93 1842 212 1869 ἐντολῶν
225 1842 253 1869 ὲν
267 1841 397 1876 δόγμασι·
417 1850 426 1867 ι
444 1841 498 1867 Καὶ
507 1840 562 1876 γάρ
577 1841 651 1867 ἐστιν
680 1840 762 1872 αὐτὸς
773 1841 790 1876 ἡ
807 1842 901 1879 εἰρήνη
922 1844 1012 1880 ἡμῶν,
1030 1853 1040 1870 ι

132 1899 220 1932 Φωνὴ
247 1897 379 1932 κραυγῆς
396 1898 430 1924 ἐκ
458 1897 590 1930 πόλεως,
627 1897 712 1931 φωνὴ
734 1897 768 1923 ἐκ
795 1896 882 1930 ναοῦ,

974 1890 1054 1916 Vens.
1068 1889 1094 1916 6.
1116 1888 1172 1915 Vox
1186 1886 1308 1914 clamoris
1326 1886 1359 1912 de
1386 1885 1499 1917 civitate,
1529 1891 1579 1911 vos;
1600 1883 1632 1910 de
1661 1888 1726 1910 tem-

95 1945 184 1982 φωνὴ
207 1929 317 1978 ὶίυριου
327 1929 584 1976 -ἀνταποδιδόντος
603 1929 810 1970 ἀνταπόδοσιν
822 1943 886 1976 τοῖς

958 1935 990 1967 io,
1012 1943 1061 1962 v01:
1091 1934 1196 1961 Domini
1212 1932 1383 1960 retribuentis
1414 1929 1612 1957 retributionem
1635 1929 1728 1956 adver-

95 1992 209 2019 ἁντικει
214 1990 323 2023 μένοις.

132 2036 237 2067 Εἰπὼν,
249 2037 290 2062 ὃτι
310 2046 318 2061 ι
334 2035 420 2069 Κάγὼ
431 2034 576 2069 ὲκλέξομαι
594 2033 628 2060 τὰ
641 2033 822 2068 ἐμπαίγματα
841 2033 887 2059 αύ-

96 2082 165 2114 τῶν,
179 2082 228 2108 καὶ
242 2082 290 2112 τάς
308 2081 444 2116 ἁμαρτίας
459 2080 548 2106 αὐτῶν
560 2078 741 2105 ἀνταποδώσω
757 2079 859 2110 αὐτοῖς,
874 2088 883 2104 ι

97 2128 278 2155 διαδείκνυσιν
294 2127 375 2158 εὐθὺς
398 2126 452 2152 τῶν
476 2125 677 2160 ἀπειληθέντων
701 2125 750 2160 τὴν
766 2124 888 2158 ἔκϐασιν,

938 1989 1028 2007 εανιη.

974 2027 1040 2054 Cum
1057 2025 1176 2053 dixerit:
1198 2034 1208 2050 ι
1228 2024 1260 2051 Et
1272 2031 1322 2057 ego
1334 2023 1430 2058 eligam
1448 2021 1561 2047 lmlibria
1578 2027 1684 2051 eorum,
1701 2023 1729 2046 et

939 2077 1048 2107 peccata
1064 2078 1158 2098 eorum
1177 2068 1395 2099 retribuamillis,
1415 2076 1423 2092 I
1437 2067 1526 2092 statim
1552 2064 1670 2092 ostendit
1683 2071 1729 2091 eo-

939 2125 997 2144 rum
1018 2124 1078 2150 quae
1094 2116 1274 2143 comminatus
1288 2118 1330 2141 est
1342 2113 1455 2143 exitum,
1473 2116 1499 2137 et
1517 2111 1572 2143 jam
1585 2109 1661 2144 quasi
1679 2109 1728 2136 ho-

98 2174 147 2201 καὶ
163 2173 200 2205 ὡς
214 2172 262 2208 ἤδη
276 2171 329 2198 τῶν
347 2155 484 2206 πολεμίων
506 2170 556 2205 τήν
569 2155 609 2196 ’τε
631 2169 708 2196 πόλιν
723 2155 825 2202 αὐτῶν,
842 2155 888 2194 καί

958 2163 1018 2189 tium
1033 2162 1170 2190 civitatem
1200 2161 1286 2195 ipsam
1314 2164 1341 2187 et
1373 2157 1502 2192 templum
1521 2155 1728 2186 devastantinm,

98 2218 146 2245 τδν
158 2200 387 2253 ναδνιῂρηκότων,
403 2200 494 2250 ᾦωνὴν
511 2200 544 2241 ἐκ
561 2214 675 2248 πόλεως,
689 2215 735 2241 καὶ
751 2200 842 2249 φωνην
856 2215 888 2240 ὲκ

959 2215 1033 2235 ocem
1045 2208 1078 2234 de
1093 2206 1211 2237 civitate,
1221 2211 1248 2232 et
1260 2212 1351 2232 vocem
1367 2204 1400 2231 de
1417 2202 1516 2237 templo
1541 2201 1640 2227 editam
1670 2206 1730 2226 esse

99 2265 168 2292 ναοῦ
182 2263 307 2298 γενέσθαι
322 2262 415 2297 φησιν,
430 2261 468 2292 ὼς
491 2260 591 2295 ἀναμὶξ
609 2260 757 2287 κλαιόντων
782 2260 889 2296 ἱερουρ-

100 2309 169 2344 γῶν,
197 2310 244 2335 καὶ
265 2307 486 2343 συνθρηνούντων
510 2305 635 2342 ἀλλήλοις
652 2306 706 2332 τῶν
726 2305 819 2332 λαῶν·
841 2306 889 2332 καὶ

102 2356 159 2390 γὰρ
173 2352 207 2390 ἦν
224 2354 305 2385 εἰκὸς,
323 2354 374 2387 τῆς
391 2353 438 2379 τοῦ
457 2352 576 2388 πολέμου
596 2353 736 2387 συμφορᾶς
751 2360 891 2386 κατακρα-

101 2401 202 2436 τούσης
217 2400 316 2432 αὐτῶν,
332 2399 439 2434 θρηνεῖν
459 2407 489 2424 τε
509 2398 556 2424 καὶ
577 2397 758 2432 ὀλοφύρεσθαι
769 2405 775 2412 ·
793 2396 823 2422 οὺ
838 2396 892 2430 γὰρ

102 2445 137 2483 ἦν
151 2447 297 2477 ἀπόνευσις
319 2444 367 2471 τοῦ
382 2443 478 2475 κακοῦ,
496 2444 599 2479 Κυρίου
610 2443 637 2470 δὲ
654 2442 745 2478 φωνὴν
764 2441 889 2476 γενέσθαι

104 2493 188 2529 φησὶν
203 2501 213 2518 ι
230 2491 451 2522 ἀνταποδιδόντος
467 2489 647 2517 ἀνταπόδοσιν
668 2491 723 2520 τοῖς
738 2488 893 2523 ἀντικειμέ-

105 2548 172 2570 νοις,
192 2548 201 2564 ›
220 2535 275 2564 οἷον
302 2537 491 2567 ἐπιτάττοντος
516 2535 564 2561 καὶ
586 2533 810 2568 διακελευομένου
835 2534 892 2563 τοῖς

105 2585 288 2620 ὀλοθρευταῖς,
310 2582 448 2618 φείδεσθαι
471 2581 525 2608 τῶν
547 2580 664 2607 ἁλόντων
688 2579 808 2611 οὐδενὸς,
829 2580 892 2605 ἐπι-

108 2631 196 2666 πηδᾷν
209 2630 237 2656 δὲ
252 2629 350 2665 μᾶλλον
366 2627 470 2663 ἀγρίως
479 2628 536 2658 τοῖς
549 2625 758 2661 ἀντικειμένοις,
772 2625 819 2651 καὶ
836 2623 894 2651 οὔτι

108 2685 160 2703 που
183 2676 292 2706 πάντως
317 2675 378 2705 ταῖς
405 2673 460 2700 τῶν
481 2672 671 2707 πολεμούντων
691 2673 799 2707 ὁρμαῖς,
824 2670 893 2697 ἀλλά

107 2721 163 2758 γὰρ
184 2721 317 2756 θελήμασι
338 2721 395 2751 τοῖς
416 2718 585 2749 δεσποτίκοῖς
604 2726 611 2733 ·
624 2717 704 2744 τοῦτο
729 2717 784 2751 γὰρ
802 2716 896 2748 αὐτοῖς

108 2768 205 2802 γέγονε
221 2766 349 2803 πρόξενον
362 2765 409 2792 τοῦ
426 2765 473 2791 καὶ
489 2764 601 2795 ἁλῶναι,
616 2764 662 2790 καὶ
682 2763 789 2790 παθεῖν.

145 2814 220 2847 Πρὶν
232 2813 251 2847 ἢ
271 2813 328 2846 τὴν
341 2811 512 2839 ὠδίνουσαν
524 2809 630 2842 τεκεῖν,
647 2808 717 2843 πρὶν
731 2807 832 2836 ἐλθεῖν
844 2808 896 2834 τὸν

146 2901 169 2920 ⁸⁸
186 2901 261 2930 Deut.
278 2909 326 2934 vu,
344 2900 362 2927 ‘2
377 2900 403 2927 4.
442 2898 465 2914 ’⁸
476 2897 573 2932 Ephes.
594 2905 624 2930 ιι,
643 2895 683 2923 ll.

942 2253 1016 2284 dicit,
1029 2257 1056 2280 et
1076 2252 1261 2278 ministrorum
1287 2249 1366 2277 simul
1407 2256 1468 2276 cum
1486 2247 1582 2282 populo
1597 2245 1729 2275 flentium,

942 2304 969 2327 et
985 2299 1054 2325 inter
1064 2305 1093 2324 se
1105 2295 1339 2330 complorantium.
1356 2294 1422 2320 Nam
1438 2301 1497 2320 cum
1516 2291 1578 2319 belli
1594 2289 1732 2318 calamita-

946 2345 1016 2371 tibus
1031 2342 1146 2369 ferendis
1158 2349 1237 2375 pares
1262 2348 1315 2368 non
1332 2344 1433 2372 essent,
1448 2339 1512 2365 ﬂere
1537 2345 1585 2364 eos
1610 2343 1658 2370 par
1681 2335 1731 2361 fuit

945 2395 972 2417 et
989 2389 1104 2424 plorare.
1122 2387 1198 2414 Nulla
1228 2387 1300 2414 enim
1310 2391 1369 2413 erat
1384 2385 1446 2412 mali
1467 2384 1604 2412 evitatio.t
1625 2381 1730 2409 Domini

946 2441 1035 2462 autem
1066 2441 1160 2461 vocem
1187 2433 1269 2459 fuisse
1299 2431 1381 2464 dicit,
1408 2429 1582 2457 relribuentis
1608 2427 1729 2455 retribu-

947 2482 1045 2509 tionem
1075 2479 1246 2510 adversariis,
1261 2487 1270 2503 ι
1289 2482 1317 2504 et
1339 2477 1520 2511 praecipientis
1539 2483 1571 2502 ac
1585 2475 1724 2509 imperan-

947 2527 981 2554 tis
1006 2526 1185 2553 vastaloribus
1205 2528 1239 2559 ,ιιι
1263 2523 1362 2550 nullius
1389 2521 1488 2555 captivi
1517 2519 1730 2548 misericordiam

944 2574 1062 2608 capiant,
1077 2572 1123 2599 sed
1141 2576 1169 2598 ut
1184 2570 1327 2598 crudeliter
1341 2569 1459 2596 insiliant
1490 2567 1516 2594 in
1542 2565 1730 2596 adversarios;

945 2626 995 2645 nec
1006 2612 1195 2644 tantummodo
1209 2614 1366 2641 bellantium
1383 2613 1494 2646 impetu,
1509 2611 1556 2638 sed
1575 2614 1603 2637 et
1630 2608 1731 2636 domini

947 2663 1093 2691 voluntate.
1105 2662 1159 2688 Hoc
1174 2660 1245 2687 enim
1261 2659 1314 2687 illis
1331 2659 1357 2686 in
1369 2665 1449 2686 causa
1465 2655 1524 2689 fuit,
1542 2662 1590 2682 cur
1603 2661 1733 2688 caperen-

947 2713 992 2735 tur
1008 2713 1034 2734 et
1043 2705 1232 2741 alliigerentur.

987 2805 1067 2832 Vens.
1088 2805 1145 2833 7-9.
1159 2804 1302 2838 Antequam
1315 2799 1465 2836 parturiens
1474 2802 1573 2832 pariat,
1593 2799 1732 2829 antequam
