1893 3052
215 155 285 194 H55

711 162 739 190 S.
760 163 896 191 CYRILLI
913 165 1148 195 ALEXANDRINI
1166 155 1327 198 ABGHIEP.

1773 176 1836 205 M36

213 227 297 254 ueniat
312 228 387 254 latior
399 230 602 264 parturiginum,
617 231 719 266 effugit,
741 237 766 259 et
789 235 887 267 peperit
900 243 981 261 masc:

1052 227 1148 254 πόνον
1170 227 1232 255 τῶν
1248 228 1364 255 ὠδίνων
1379 229 1520 264 ἐξέφυγε,
1535 230 1584 257 καὶ
1611 231 1717 258 ἔτεκεν
1731 231 1834 265 ἄρσεν.

212 272 277 298 (uti).
293 272 358 304 Quis
366 274 466 300 audivit
485 275 570 302 tales?
586 278 673 310 etquis
690 278 813 306 vidilsic?
825 278 896 306 Nunt
908 287 1000 315 partu-

212 317 273 343 rivit
294 322 365 345 terra
391 327 442 346 uno
463 320 516 352 die,
529 322 661 349 autetiam
676 325 781 350 condita
792 329 831 352 est
855 334 918 359 gens
944 331 1000 354 tota

211 362 304 394 simul,
325 364 387 397 quia
414 367 562 398 parturivit.
577 372 600 393 et
611 369 706 402 peperit
728 369 793 396 Sion
809 370 904 398 liberos
917 373 1000 398 suos!

211 407 267 441 Ego
280 414 365 436 autent
379 411 440 438 dedi
451 414 666 446 exspectationem
679 415 756 444 hanc.
768 421 792 443 et
807 425 858 443 non
880 419 999 446 recorda-

211 459 237 480 ta
245 457 282 480 est
291 456 350 486 mei.
362 457 428 483 dixit
440 457 576 486 Dominus.
590 459 683 487 Nonne
694 469 739 496 ego
752 462 893 492 parientem
913 468 938 490 et
947 469 998 491 ste-

212 499 284 525 rilem
299 499 357 532 feri,
367 502 434 528 dixit
451 502 575 530 Domimts
585 505 598 530 .’

247 544 344 572 lterum
365 547 444 575 docet
458 557 509 576 non
523 549 643 577 funditus
661 551 793 585 perditum
809 552 841 580 iri
858 552 995 582 israelem.

210 588 354 625 Postquam
370 593 442 620 enim
458 593 484 620 in
511 595 667 622 universum
696 597 820 631 praedixit
846 597 994 627 Jerusalem

209 637 404 671 captivitatem;
420 647 512 667 rursus
524 641 604 676 911
632 642 697 670 facit
724 644 889 672 mentionem
931 647 994 673 reli-

209 690 333 716 quiarum
351 691 383 711 ex
401 685 542 713 electione.
565 687 676 715 Servata
695 694 735 716 est
747 690 817 716 etiim
836 699 888 718 non
899 692 993 726 exigua

207 728 362 760 multitudo,
372 737 420 764 per
435 731 514 758 [idem
528 732 652 760 videlicet
668 734 693 760 in
705 734 823 762 Christo.
837 735 891 762 lloc
903 741 992 764 autem

207 773 360 807 signiﬁcare
371 775 451 804 vult:
477 777 638 805 Debaccliati
656 780 729 805 enim
763 784 826 806 sunt
852 781 879 807 in
907 781 991 815 ipsum

206 817 303 850 Judazi,
317 825 344 846 et
355 821 504 856 principem
522 823 585 850 vitae
615 823 818 852 interfecerunt.
845 824 991 861 Postquam

207 867 296 890 autem
313 865 421 897 revixit,
447 867 548 894 calcata
577 873 674 900 morte,
696 870 828 905 rediitque
855 871 887 898 d
912 872 993 898 male-

1052 273 1100 305 Τίς
1114 273 1228 307 ἤκουσε
1244 274 1390 307 totout-or;
1412 275 1461 302 καὶ
1477 277 1522 309 τίς
1537 276 1667 310 ἑώρακεν
1681 277 1789 310 οὕτωςς
1803 278 1837 304 Εί

1048 319 1136 347 ῶδινε
1150 320 1188 355 γῆ
1198 321 1233 347 ἐν
1243 321 1293 354 μιᾷ
1308 322 1411 356 ᾑμέρᾳ,
1431 322 1451 356 ἣ
1469 322 1657 359 καὶὲτέθίχῖη
1675 323 1764 356 ἔθνος
1774 323 1837 350 εισ-

1048 365 1140 398 άπαξ,
1157 366 1202 393 ὅτι
1213 367 1300 394 didm:
1314 367 1363 394 καὶ
1375 367 1458 395 ἔτεκε
1473 367 1549 395 Σιὼν
1560 368 1596 395 τὰ
1610 368 1716 395 παιδία
1729 367 1835 401 αὐτῆς

1054 411 1127 445 Ἐγὼ
1141 411 1176 438 δὲ
1187 412 1283 439 ἔδωκα
1297 412 1354 446 τὴν
1368 414 1554 444 προσδοκίαν
1574 415 1699 446 ταύτην,
1711 415 1762 440 καὶ
1780 415 1835 440 οὐκ

1046 455 1183 490 ἐμνήσθη
1198 466 1268 491 μου,
1288 456 1353 485 εἷπε
1368 460 1483 493 Κύριος.
1502 461 1563 486 οὐκ
1578 459 1710 494 ιδοὺὲγὼ
1727 459 1833 494 τενηῦ-

1046 510 1107 529 σαν
1128 503 1176 530 καὶ
1190 504 1312 537 trra/"par
1329 505 1473 538 ἐποίησα,
1487 506 1552 532 εἷπε
1563 504 1692 539 Κύριος;

1085 549 1145 575 Ὅτι
1163 549 1199 584 μὴ
1215 549 1354 585 ὁλόρῥιζος
1379 551 1393 577 6
1421 550 1528 587 Ἰσραὴλ
1539 551 1692 583 ἀπολεῖται,
1712 551 1833 577 διδάσκει

1045 595 1136 623 πάλιν.
1157 596 1264 631 Ἐπειδὴ
1281 596 1336 631 γὰρ
1354 597 1423 628 ὅλως
1445 599 1698 632 προαναπεφώνηκε
1729 599 1763 632 τῇ
1786 597 1834 623 Ἰε-

1046 641 1187 676 ρουσαλὴμ
1202 641 1251 674 τὴν
1272 641 1383 673 ἅλωσιν,
1403 642 1588 678 διαμέμνηται
1605 643 1688 670 πάλιν
1705 642 1755 669 τοῦ
1774 643 1834 669 κατ’

1043 686 1158 722 ἐκλογὴν
1182 687 1418 721 καταλείμματος·
1446 689 1580 715 σέσωσται
1603 689 1658 723 γὰρ
1679 688 1733 714 οὐκ
1758 688 1833 722 ὀλίγη

1043 732 1159 767 πληθὺς.
1186 732 1230 759 διὰ
1253 733 1370 764 πίστεως
1390 733 1418 759 δὲ
1433 733 1553 768 δηλονότι
1575 735 1626 769 τῆς
1649 734 1679 760 ὲν
1699 734 1832 768 Χριστῷ·

1044 777 1167 812 βούλεται
1188 777 1217 804 δέ
1235 787 1261 805 τι
1279 778 1400 805 τοιοῦτον
1420 779 1584 814 ὑποδηλοῦν·
1615 781 1834 815 πεπαρῳνὴκασι

1042 822 1095 858 γὰρ
1107 824 1146 854 εἰς
1161 823 1242 850 αὑτὸν
1262 823 1392 856 Ἰουδαῖοι,
1407 824 1455 850 καὶ
1470 825 1637 852 ἀπεκτόνασι
1647 825 1695 852 τὸν
1714 825 1834 859 ἀρχηγὸν

1040 868 1089 903 τῆς
1108 869 1190 903 ζωῆς.
1213 869 1320 905 Ἐπειδὴ
1331 871 1359 897 δὲ
1370 870 1481 902 ἀνε6¹ω,
1498 871 1623 906 πατήσας
1647 871 1694 897 τὸν
1709 871 1833 898 Θάνατον.

205 911 274 934 stem
286 908 391 937 Patrem
409 917 441 937 ac
466 910 561 946 Deum,
577 914 757 947 prmdicarunt
770 924 831 943 eum
842 917 923 944 divini
950 918 981 944 di.

1043 913 1245 949 ἀναπεφοίτηκέ
1254 923 1283 941 τε
1294 915 1362 950 πρὸς
1369 915 1415 942 τὸν
1426 917 1455 942 ὲν
1468 917 1523 948 τοῖς
1531 916 1656 951 οὐρανοῖς
1669 916 1782 951 Πατέρα
1789 917 1834 942 καὶ

204 953 316 987 acipuli,
338 955 503 990 alloquentes
518 965 622 991 omnes,
653 960 733 987 etiam
758 961 802 996 qui
830 961 988 991 debacchati

204 1003 277 1029 sunt,
293 1004 320 1026 et
335 1006 463 1029 vocantes
477 1003 510 1028 ad
527 1004 738 1038 resipiscentiam
759 1013 791 1033 ac
807 1007 920 1035 salutem
940 1016 988 1044 per

204 1042 296 1075 titlctn,
312 1049 340 1071 et
354 1047 542 1074 remissionem
561 1057 733 1084 peccatorum
749 1060 798 1087 per
807 1060 929 1083 sanctum
946 1055 986 1082 la-

202 1095 325 1118 vacrum.
338 1090 489 1119 Dixitenim
505 1093 599 1121 Petrus
614 1104 621 1123 :
640 1104 649 1121 ι
666 1095 698 1123 Ει
714 1105 795 1130 nunc,
807 1098 986 1135 fratres,novl

202 1142 251 1161 vos
262 1142 295 1161 ex
311 1135 459 1170 ignorantia
469 1138 574 1172 fecisse,
587 1140 656 1168 sicut
666 1146 694 1169 et
707 1143 842 1178 principes
853 1146 936 1173 vestri
951 1147 985 1174 ".

203 1179 392 1209 Paenitentiam
403 1183 485 1217 igitur
505 1185 622 1220 agite,ct
636 1187 787 1222 haptizetur
803 1191 986 1226 unusquisque

203 1231 319 1253 vestrum
335 1227 361 1254 in
376 1229 483 1256 nomine
497 1229 560 1257 Jesu
570 1231 680 1264 Christi,
692 1237 719 1260 et
735 1235 872 1270 accipietis
885 1237 984 1264 donum

203 1269 322 1304 Spiritus
345 1273 443 1301 sancti.
464 1273 590 1302 Vestrum
606 1276 677 1303 enim
701 1280 765 1303 sunt
782 1269 989 1312 promissiones,

201 1319 229 1342 et
251 1316 368 1344 tiliorum
390 1324 542 1347 vestrorum
563 1321 597 1348 9'.
621 1330 631 1347 ι
658 1320 721 1349 [hec
745 1323 874 1357 loquente
899 1324 991 1352 divino

200 1358 291 1391 Petro,
305 1361 381 1389 multi
394 1364 577 1392 crediderunt.
591 1365 726 1401 Scriptum
740 1372 782 1396 est
812 1370 945 1404 siquidem
957 1372 983 1400 in

199 1405 275 1432 Actis
293 1412 447 1435 sanctorum
464 1411 646 1444 apostolorum
661 1413 780 1446 adiectas
803 1422 864 1444 esse
880 1417 923 1444 die
939 1418 984 1446 illo

199 1451 304 1479 animas
314 1451 374 1486 plus
389 1454 478 1482 minus
491 1461 532 1483 ter
547 1457 619 1485 mille
627 1458 660 1485 ⁸³.
673 1457 786 1493 Semper
797 1461 888 1496 itaque
900 1463 982 1490 divini

198 1494 320 1530 discipuli
337 1497 483 1531 instabant.
497 1506 636 1529 monentes
651 1494 886 1536 lsraelitas.et-ad
902 1507 981 1535 iidem

197 1546 394 1571 convertentes.
410 1544 542 1580 Tempore
556 1547 652 1575 deinde
663 1549 815 1585 interjecto,
827 1552 925 1580 inﬂicta
940 1559 981 1581 est

1040 958 1116 991 Θεὸν,
1127 959 1302 995 διεκήρυττον
1311 961 1392 988 αὐτὸν
1402 962 1426 988 oi
1438 962 1574 989 θεσπέσιοι
1589 961 1712 996 μαθηταὶ
1722 961 1835 993 προσλα-

1040 1004 1148 1037 λοῦντες
1159 1006 1255 1036 ἅπασι,
1270 1006 1316 1032 καὶ
1329 1008 1385 1038 τοῖς
1396 1008 1618 1043 πεπαρῳνηκόσι,
1627 1008 1674 1034 καὶ
1688 1006 1834 1038 καλοῦντες

1039 1050 1080 1081 είς
1097 1051 1277 1085 μετάγνωσιν.
1298 1052 1344 1078 καὶ
1363 1053 1404 1083 είς
1417 1052 1554 1086 σωτηρίαν
1569 1053 1619 1087 τὴν
1638 1052 1685 1079 διὰ
1703 1053 1831 1084 πίστεως,

1038 1096 1087 1122 καὶ
1103 1097 1142 1128 είς
1160 1097 1257 1130 ἄφεσιν
1275 1097 1418 1133 ἁμαρτιῶν
1433 1097 1482 1133 τὴν
1496 1098 1539 1124 διὰ
1556 1098 1603 1124 τοῦ
1621 1098 1703 1131 ἁγίου
1722 1097 1810 1131 βαι-πί
1822 1112 1832 1116 -

1040 1146 1152 1173 σματος.
1167 1140 1238 1175 Ἔφη
1261 1141 1316 1176 γὰρ
1337 1143 1351 1168 ὁ
1373 1141 1494 1176 Πέτρος⁵
1524 1151 1533 1166 ι
1548 1141 1605 1168 Καὶ
1625 1142 1684 1172 νῦν,
1709 1141 1829 1175 ἀδελφοὶ,

1038 1180 1107 1215 οἰδα,
1136 1184 1176 1211 ὅτι
1205 1185 1275 1212 κατὰ
1301 1186 1412 1220 ἄγνοιαν
1440 1186 1587 1222 ἐπράξατε.
1617 1186 1716 1221 ὥσπερ
1733 1187 1781 1213 καὶ
1807 1187 1830 1213 si

1038 1228 1168 1263 ἄρχοντες
1187 1230 1275 1265 ὑμῶν.
1300 1246 1337 1252 —
1357 1233 1551 1267 Μετανοήσατε
1571 1230 1629 1263 οὖν,
1655 1232 1706 1259 καὶ
1732 1233 1830 1267 βαπτι-

1038 1273 1130 1309 σθήτω
1158 1275 1273 1309 ἕκαστος
1292 1277 1370 1312 ὑμῶν
1391 1279 1438 1304 ἐπὶ
1459 1278 1498 1314 τῷ
1515 1279 1627 1314 ὀνόματι
1652 1278 1743 1314 Ἰησοῦ
1763 1279 1829 1314 Χρι-

1037 1319 1113 1350 στοῦ,
1121 1320 1167 1346 καὶ
1177 1320 1294 1356 λήψεσθε
1307 1323 1357 1357 τὴν
1368 1323 1472 1357 δωρεὰν
1482 1322 1529 1350 τοῦ
1539 1323 1618 1357 ἁγίου
1632 1323 1803 1358 Πνεύμιτος.

1041 1364 1135 1399 ’Υμῶν
1153 1367 1207 1402 γάρ
1229 1368 1298 1394 είσιν
1321 1369 1348 1394 αἱ
1371 1369 1542 1402 ἐπαγγελίαι,
1567 1369 1615 1396 καὶ
1640 1371 1698 1400 τοῖς
1723 1369 1829 1401 τέκνοις

1037 1409 1234 1445 ὑμῶν-’Ταῦτα
1248 1412 1374 1446 λέγοντος
1390 1414 1437 1440 τοῦ
1453 1414 1597 1441 θεσπεσίου
1615 1415 1722 1449 Πέτρου
1747 1423 1827 1441 πεπι-

1037 1457 1166 1484 στεύκασι
1182 1458 1285 1486 πολλοί.
1313 1460 1469 1495 Γέγραπται
1493 1461 1558 1495 γοῦν
1575 1463 1604 1488 ὲν
1624 1463 1684 1493 ταῖς
1709 1461 1827 1496 Πράξεσι

1035 1501 1090 1528 τῶν
1122 1502 1206 1536 ἁγίων
1234 1504 1401 1538 ἀποστόλων,
1436 1506 1478 1533 ὅτι
1509 1507 1718 1542 προσετέθησαν
1739 1507 1770 1533 ὲν
1794 1508 1826 1541 τῇ

1035 1548 1126 1584 ἡμέρᾳ
1140 1549 1230 1586 ἐκείνῃ
1244 1550 1328 1585 ψυχαὶ
1349 1551 1415 1578 ὡσεὶ
1431 1542 1588 1588 τρισχίλιαι.
1615 1552 1826 1579 Διατετελέκασι

197 1585 305 1613 demum
333 1586 486 1616 Judazormu
511 1592 612 1626 regioni
642 1593 760 1629 ipsisque
791 1596 981 1633 Hierosolymis

1043 1593 1122 1621 τοίνυν
1147 1595 1171 1621 oi
1194 1594 1331 1623 θεσπέσιοι
1358 1585 1479 1632 μαθηταὶ
1494 1585 1687 1633 νουθετοῦντες
1710 1599 1775 1630 τοὺς
1798 1598 1826 1631 ἐξ

197 1630 289 1658 divina
305 1632 358 1664 ira,
375 1633 501 1668 ingressis
511 1635 566 1670 jam
584 1637 624 1664 his
639 1638 684 1672 qui
714 1639 746 1666 ad
775 1630 981 1670 moderatiorem

195 1677 303 1705 vivendi
318 1679 448 1707 rationem
463 1682 551 1708 vocati
578 1688 650 1711 sunt.
665 1683 698 1711 Hi
717 1692 780 1713 vero
797 1685 906 1715 fuerunt
919 1689 982 1716 reli-

196 1723 284 1755 quiae:
300 1725 372 1758 quod
387 1725 475 1758 docet,
500 1734 559 1754 cum
576 1727 663 1762 inquit
679 1738 686 1756 :
708 1739 717 1755 ι
740 1731 890 1766 Antequam
919 1742 982 1768 par-

197 1769 299 1796 turiens
311 1767 410 1803 ‘pariat,
429 1776 573 1806 antequam
588 1775 677 1801 veniat
687 1775 764 1803 labor
778 1777 899 1806 dolorum
919 1767 982 1814 par-

196 1817 238 1840 tus
250 1813 352 1849 effugit,
366 1819 392 1842 et
405 1818 507 1851 peperit
521 1819 681 1848 masculum.
705 1831 716 1848 »
731 1821 798 1849 Nam
821 1813 977 1860 priusquam

195 1860 326 1887 instarent
345 1862 411 1888 dura
430 1867 563 1898 tempora,
577 1869 604 1891 et
619 1866 701 1893 veluti
722 1874 798 1895 acres
810 1869 921 1906 bellicae
935 1879 979 1898 ca-

194 1903 324 1933 lamitatis
347 1906 453 1935 dolores
470 1909 657 1938 incumberent
688 1903 889 1949 Hierosolymis,
912 1916 981 1944 ell‘u-

193 1950 242 1984 git,
266 1950 292 1978 id
308 1956 358 1984 est,
389 1958 451 1980 ante
467 1955 614 1987 periculum
628 1958 732 1991 peperit
749 1960 918 1988 masculum:
932 1963 978 1997 qui

193 2000 285 2029 partus
303 1997 450 2030 praeclarus
467 2004 508 2026 est
520 2005 547 2027 et
561 2002 756 2036 optatissimus.
773 2004 839 2031 Nam
849 2013 908 2040 quae
932 2015 978 2041 pa-

192 2041 274 2074 riunt,
290 2041 372 2069 l'etnm
390 2045 535 2072 masculum
558 2047 636 2074 alteri
663 2049 828 2083 prtel'eruut;
845 2052 887 2078 vel
908 2052 978 2081 forte

191 2086 326 2115 masculus
339 2093 380 2114 est
388 2089 477 2117 editus
491 2097 498 2116 :
513 2098 565 2117 non
579 2092 651 2118 enim
665 2093 837 2122 ell'eminatur
864 2097 975 2125 mollitia

189 2132 360 2160 Christianus
375 2135 500 2168 populus.
511 2135 597 2163 Sensu
611 2138 682 2164 enim
695 2139 765 2166 virili
782 2142 910 2175 prmditus
933 2148 976 2171 est

189 2183 217 2206 et
226 2179 348 2212 juvenili.
360 2180 443 2214 Cujus
458 2182 534 2209 testis
550 2188 591 2209 est
602 2183 696 2212 beatus
707 2185 815 2219 Paulus,
827 2189 951 2217 scribens
965 2198 972 2216 :

191 2233 201 2250 ι
220 2223 272 2257 Qui
288 2224 388 2251 Christi
401 2233 510 2254 carnem
526 2229 718 2258 cruciﬁxernnt
746 2239 807 2258 cum
833 2233 973 2262 ali'ectibus
990 2252 1010 2278 Β

187 2269 411 2303 etcupiditatibus
428 2270 462 2298 ".
477 2281 486 2297 ι
502 2271 566 2300 Dein
578 2275 653 2307 quasi
669 2275 756 2303 divina
770 2279 889 2311 potentia
905 2279 973 2307 hanc

187 2321 244 2341 rem
261 2314 392 2348 insignem
405 2322 543 2350 operante,
559 2319 717 2346 miraculum
725 2322 839 2356 extollit,
854 2324 948 2352 dicens
963 2333 969 2351 :

189 2369 200 2385 s
214 2359 281 2392 Quis
296 2360 362 2387 vidit
376 2361 435 2389 sic?
451 2361 517 2389 Num
533 2365 676 2396 parturivit
697 2370 769 2393 terra
794 2375 846 2394 uno
859 2369 911 2401 die,
925 2375 971 2396 aut

184 2405 266 2431 etiam
275 2406 382 2434 condita
397 2413 439 2435 est
449 2416 515 2443 gens
527 2413 580 2436 tota
590 2410 688 2444 simul,
711 2412 773 2445 quia
789 2414 930 2447 parturivi!
942 2420 970 2442 et

184 2449 288 2483 peperit
304 2450 368 2478 Sion
385 2453 484 2481 liberos
501 2455 581 2482 suos?
594 2463 603 2480 ι
627 2455 692 2488 Quis
704 2457 775 2484 enim
790 2458 901 2490 audivit,
930 2459 971 2486 in-

181 2494 254 2529 quit,
268 2495 378 2530 velquis
391 2497 457 2525 vidit
477 2503 586 2533 terram,
603 2501 647 2527 vel
659 2501 796 2536 regionem
806 2508 899 2536 totam,
916 2513 970 2533 uno

183 2539 228 2567 die
243 2541 438 2574 germinantem
447 2550 495 2570 eos
507 2545 552 2578 qui
567 2553 627 2572 eam
645 2546 756 2580 implere
766 2547 890 2576 valeant?
900 2549 967 2576 Num

178 2586 254 2612 enim
269 2587 361 2618 semel,
380 2588 470 2622 idest,
489 2590 570 2625 912
583 2599 636 2619 uno
661 2599 797 2621 momento
827 2602 894 2629 gens
915 2601 968 2623 tota

180 2639 303 2666 unquam
315 2637 376 2661 nata
386 2635 445 2662 est?
460 2635 495 2663 At
507 2638 557 2669 sic,
577 2638 673 2673 inquit,
689 2649 700 2665 ε
717 2639 780 2667 Sion
808 2642 912 2675 peperit
935 2643 968 2669 li-

181 2678 263 2709 heros
273 2686 347 2706 suos.
366 2690 376 2707 ι
392 2681 496 2708 Etenim
511 2691 564 2711 uno
580 2685 622 2712 die
638 2686 687 2712 tria
719 2686 801 2713 millia
814 2688 965 2716 animarum

180 2724 286 2757 adjecta
299 2732 371 2758 esse,
387 2731 414 2754 et
429 2728 595 2762 spiritualem
623 2732 852 2764 regenerationem
869 2741 916 2768 per
934 2734 965 2761 tl-

180 2768 245 2796 dem
261 2774 288 2796 et
307 2776 506 2800 sacrosanctum
529 2774 661 2809 baptisma
681 2778 833 2812 suscepisse
849 2787 856 2807 :
873 2780 965 2814 quidni

1039 1638 1145 1674 Ἰσραὴλ
1166 1641 1361 1676 σαγηνεύοντες
1377 1644 1418 1674 εἰς
1434 1643 1542 1671 πίστιν·
1565 1641 1624 1670 εἶτα
1646 1644 1747 1679 χρόνου
1770 1645 1826 1671 δια-

1031 1684 1182 1718 γεγονότος,
1210 1686 1344 1722 ὲπηνέχθη
1375 1688 1466 1716 λοιπὺν
1491 1691 1524 1725 τῇ
1551 1698 1580 1716 τε
1607 1691 1662 1716 τῶν
1691 1690 1825 1717 Ἰουδαίων

1031 1729 1118 1765 χώρᾳ,
1133 1731 1180 1758 καὶ
1196 1732 1287 1764 αὐτοῖς
1301 1733 1330 1759 δὲ
1344 1735 1400 1765 τοῖς
1418 1734 1615 1770 Ἰεροσολύμοις
1637 1736 1672 1762 τὰ
1693 1736 1727 1762 ὲκ
1750 1736 1824 1767 Θείας

1030 1776 1127 1812 ὀργῆς,
1146 1777 1184 1809 ὡς
1203 1779 1405 1814 είσΰεὸηκότων
1420 1781 1483 1816 ήδη,
1508 1782 1555 1808 καὶ
1575 1782 1756 1817 κεκλημένων
1771 1782 1824 1809 τῶν

1030 1821 1249 1858 ἐπιεικεστέρων,
1264 1822 1336 1860 ἦσαν
1350 1825 1379 1852 δὲ
1395 1822 1467 1853 οὗτοι
1482 1826 1513 1853 τὸ
1525 1828 1721 1862 κατάλειμμα·
1746 1827 1823 1854 τοῦτο

1029 1865 1148 1893 διδάσκει
1175 1867 1273 1902 λέγων·
1308 1870 1399 1904 (Πρὶν
1427 1870 1444 1905 ἢ
1473 1871 1524 1906 τὴν
1546 1871 1695 1899 ὠδίνουσαν
1721 1874 1820 1903 τεκεῖν,

1030 1912 1095 1946 πρὶν
1121 1912 1208 1940 ἐλθεῖν
1229 1914 1274 1941 τὸν
1296 1915 1378 1941 πόνον
1404 1915 1458 1942 τῶν
1486 1916 1589 1943 ὠδίνων
1613 1917 1742 1951 ἐξέφυγε,
1776 1918 1821 1944 καὶ

1029 1955 1122 1982 ἔτεκεν
1138 1957 1230 1991 ἄρσεν.
1243 1967 1252 1983 ι
1273 1959 1341 1994 Πρὶν
1361 1960 1415 1995 γὰρ
1437 1961 1581 1997 ἐπιστῆναι
1602 1962 1636 1988 τὰ
1659 1962 1746 1993 δεινὰ,
1775 1963 1819 1989 καὶ

1028 1999 1083 2028 οἶόν
1096 2011 1172 2034 τινας
1187 2004 1288 2038 πικρὰς
1301 2004 1398 2036 ὠδῖνας
1415 2005 1465 2038 τὰς
1487 2008 1520 2033 ὲκ
1541 2007 1589 2033 τοῦ
1609 2007 1731 2042 πολέμου
1751 2016 1817 2043 συμ-

1029 2049 1116 2083 φορὰς
1133 2050 1307 2085 κατασκῆψαι
1325 2051 1374 2085 τῆς
1389 2052 1575 2088 Ἰερουσαλὴμ,
1593 2053 1726 2087 ἐξέφυγε,
1743 2062 1816 2080 τουτ-

1027 2093 1095 2124 έστι.
1112 2095 1165 2130 πρὸ
1179 2096 1224 2123 τοῦ
1235 2096 1357 2123 κινδύνου
1371 2097 1463 2124 ἔτεκεν
1484 2099 1578 2133 ἄρσεν,
1599 2099 1613 2126 ὅ
1630 2100 1691 2126 ἐστι
1723 2100 1816 2135 κύημα

1027 2141 1108 2167 καλὸν
1133 2142 1180 2168 καὶ
1194 2143 1358 2179 τριπόθητον
1372 2152 1379 2158 '
1390 2146 1451 2175 ταῖς
1467 2145 1521 2180 γὰρ
1534 2145 1692 2178 τικτούσαις
1707 2147 1816 2182 apem-

1025 2188 1103 2213 τοκία
1123 2188 1222 2222 μᾶλλον
1237 2188 1352 2225 ϐατέρου
1366 2191 1546 2225 προτέτακται
1559 2200 1566 2207 ·
1591 2192 1607 2227 ἢ
1619 2193 1692 2227 τάχα.
1708 2201 1759 2219 που
1773 2193 1814 2220 καὶ

1026 2233 1109 2269 ἄρσεν
1117 2234 1147 2260 τὸ
1154 2234 1250 2270 τεχθέν
1258 2243 1264 2250 ’
1274 2236 1305 2262 οὺ
1315 2235 1370 2271 γὰρ
1381 2237 1525 2271 οηλύνεται
1535 2238 1604 2273 πρὸς
1617 2239 1807 2274 μαλακισμοπ

1026 2280 1040 2305 ὁ
1057 2279 1086 2305 ὲν
1105 2280 1215 2315 Χριστῷ
1229 2281 1302 2313 λαός.
1319 2282 1448 2317 Φρόνημα
1467 2283 1521 2318 γὰρ
1539 2284 1729 2319 ἀνδροπρεπές
1743 2286 1812 2312 ἐστιν

1025 2326 1054 2352 ὲν
1072 2325 1146 2361 αὺτῷ
1173 2327 1220 2354 καὶ
1234 2327 1365 2359 νεανικὸν,
1389 2329 1437 2355 καὶ
1456 2329 1549 2356 τούτου
1570 2331 1678 2365 μάρτυς
1697 2331 1712 2357 ὁ
1730 2331 1812 2366 μακά-

1024 2380 1082 2407 ριος
1102 2372 1207 2405 Παῦλος
1229 2374 1342 2408 γράφων
1355 2383 1362 2390 ·
1391 2375 1442 2402 ιοί
1464 2375 1492 2402 δὲ
1512 2375 1558 2402 τοῦ
1581 2375 1669 2411 Ἰησοῦ
1694 2376 1810 2411 Χριστοῦ

1021 2417 1070 2452 τὴν
1086 2417 1174 2452 σάρκα
1190 2419 1375 2455 ἐσταύρωσαν,
1393 2421 1441 2447 σὺν
1455 2422 1511 2452 τοῖς
1523 2421 1668 2456 παθήμασι
1694 2423 1743 2449 καὶ
1755 2423 1811 2454 ταῖς

1020 2462 1189 2498 ἐπιθυμίαις.
1203 2474 1212 2490 ι
1229 2462 1294 2491 Εἶτα
1314 2466 1363 2500 τῆς
1377 2466 1452 2497 θείας
1468 2467 1608 2502 δυνάμεως
1626 2467 1676 2504 τὴν
1697 2468 1810 2504 ὑπερδο-

1020 2505 1077 2542 λὴν,
1094 2507 1131 2540 ὡς
1147 2509 1334 2545 ὲνεργησάσης
1344 2511 1391 2537 καὶ
1402 2511 1490 2544 τοῦτο,
1502 2512 1568 2539 πολὺ
1584 2513 1678 2548 θαῦμα
1693 2515 1810 2541 ποιεῖται

1019 2552 1116 2587 λέγων·
1145 2564 1155 2580 ‹
1169 2554 1217 2587 Τίς
1242 2555 1365 2591 ἑώρακεν
1386 2555 1488 2589 οὖτως;
1515 2559 1539 2584 εἰ
1563 2558 1643 2585 ὥδινε
1662 2559 1698 2593 γῆ
1718 2560 1747 2586 ὲν
1763 2560 1809 2594 μιᾷ

1014 2599 1115 2635 ἡμέρᾳ..
1134 2600 1150 2635 ἧ
1166 2601 1212 2627 καὶ
1225 2601 1321 2637 ἐτέχθη
1348 2601 1423 2634 ἔθνος
1447 2602 1578 2636 εἰσάπαξ,
1598 2604 1639 2630 ὅτι
1662 2604 1742 2631 ὥδινε
1764 2606 1807 2632 καὶ

1015 2643 1091 2671 ἔτεκε
1106 2645 1174 2671 Σιὼν
1188 2646 1222 2673 τὰ
1240 2647 1332 2673 παιδία
1351 2648 1473 2682 αὐτῆςςι
1497 2649 1546 2681 Τίς
1566 2649 1621 2685 γὰρ
1641 2651 1656 2677 ὁ
1677 2650 1803 2682 ἀκούσας,

1016 2690 1108 2725 φησὶν.
1124 2691 1141 2726 ἢ
1165 2691 1207 2724 τίς
1233 2692 1338 2728 ἑώρακε
1361 2694 1423 2729 γῆν,
1447 2695 1506 2729 ἦτοι
1532 2695 1624 2730 χώραν
1650 2696 1802 2732 ὁλόκληρον.

1015 2735 1259 2772 ἀναϐλαστῆσασαν
1275 2739 1304 2765 ὲν
1323 2740 1415 2776 ἡμέρᾳ
1432 2741 1481 2775 μιᾷ
1495 2741 1558 2772 τοὺς
1571 2742 1719 2777 πληρῶσαι
1728 2742 1806 2771 δυνα-

1016 2782 1113 2816 μένους
1125 2783 1226 2818 αὑτήν;
1244 2781 1316 2820 Ἀρα
1330 2785 1383 2819 γὰρ
1396 2785 1521 2819 εἰσάπαξ,
1542 2787 1694 2820 τουτέστιν,
1716 2788 1761 2822 ὑφ’
1772 2789 1798 2814 ἓν

222 2853 243 2870 ’ί
256 2855 315 2882 Act.
330 2864 370 2889 lli,
388 2858 430 2885 i'l.
468 2859 490 2875 "
501 2860 560 2886 Act.
575 2868 604 2893 ιι,
618 2861 662 2888 58,
699 2863 722 2878 ’³
738 2863 801 2892 ibid.
815 2865 857 2892 Η.
896 2866 918 2882 ’⁸
929 2866 981 2894 Gali

1043 2876 1055 2900 ',
1074 2869 1117 2896 ει.
