1893 3052
81 172 95 200 1
106 171 158 199 557

649 168 682 196 IN
699 167 816 196 ISAIAM
835 167 900 196 LIB.
921 167 954 195 ν.
975 165 1093 194 TOMUS
1112 164 1157 193 Vl.

1641 164 1711 194 *1458

80 233 163 264 ἔθνος
173 232 233 258 ὅλον
247 231 343 267 ἐτέχθη
359 231 488 264 πώποτε;
509 229 569 258 ἀλλ’
589 231 669 264 οὕτω,
693 231 784 266 φησιν,
813 239 822 257 t
842 231 895 261 ἨΑ

937 228 1067 257 nanifeste
1085 228 1122 255 sil.
1153 225 1362 262 iutegrtegeutis
1375 225 1445 253 fetus
1463 229 1491 252 et
1519 224 1632 259 partus?
1657 225 1711 252 Sed

80 278 155 306 Σιὼν
173 278 249 304 ἔτεκε
264 277 299 304 τὰ
309 278 404 304 παιδία
415 278 510 313 αὐτῆς.
535 287 544 303 ι
559 277 596 304 Τὸ
607 277 660 312 γὰρ
673 278 701 303 ὲν
715 277 807 312 ἡμέρᾳ
824 278 872 312 μιᾷ

79 326 160 359 τρεῖς
169 323 290 358 χιλιάδας
307 323 494 359 προστεθείναι
508 323 607 357 ψυχὰς,
625 323 671 349 καὶ
683 321 872 357 πνευματικὴν

80 370 264 404 ἀναγέννησιν
273 370 416 404 ὑπομεῖναι
424 370 468 396 διὰ
479 370 528 404 τῆς
537 369 655 400 πίστεως
679 368 726 395 καὶ
737 367 783 394 τοῦ
794 367 873 401 ἁγίου

81 415 284 450 βαπτίσματος,
303 414 361 444 πῶς
372 414 421 440 οὐκ
441 414 563 448 ἐναργῶς
586 413 628 448 εἴη
651 413 684 439 ἂν
703 412 796 443 ἔθνους
815 412 874 439 ὁλο-

81 461 188 496 κλήρου
206 460 303 495 κύησις
327 459 373 486 καὶ
388 459 536 492 ἀπότεξιςς
557 459 643 489 Ἀλλ’,
660 468 669 483 ι
687 457 772 492 Ἐγὼ,
796 457 872 492 φησὶ,

79 507 188 534 δέδωκα
210 506 259 541 τὴν
281 506 445 541 προσδοκίαν
467 505 579 540 ταύτην.
594 514 603 530 ι
626 504 792 540 Προείρηται
820 503 874 538 γὰρ

82 554 132 579 καὶ
145 552 224 579 τοῦτο
236 552 279 579 διὰ
294 552 384 587 φωνῆς
404 552 489 585 ἁγίων
502 551 659 587 προφητῶν,
673 550 719 577 καὶ
733 549 874 585 προεπηγ-

82 598 178 632 γελται
215 597 280 629 Θεὸς
308 598 376 632 αὐτῇ
405 598 454 632 τὴν
483 596 660 623 τοολυπαιδίαν
677 604 683 610 ·
707 595 800 630 «Πλὴν
825 594 876 621 οὐκ

81 645 208 680 ἐμνήσθη
243 653 303 678 μου,
335 643 403 679 φησι
430 644 549 678 Κύριος,
574 643 663 670 καίτοι
689 643 798 676 στεῖραν
828 641 876 667 καὶ

81 691 224 725 γεννῶσαν
237 691 292 725 ἐγὼ
314 690 465 725 πεποίηκα.
479 699 487 714 ι
515 689 544 715 ὐ
562 689 590 715 δὲ
611 687 713 714 τούτων
734 687 802 722 ἔχων
826 686 876 722 τὴν

83 735 223 768 ἐξουσίαν.
252 735 311 767 πῶς
341 735 374 762 ἂν
402 735 504 761 ἄπαιδα
529 733 655 768 γενέσθαι
686 732 875 768 συνεχώρησεν

82 781 191 815 αὐτὴν,
212 781 290 816 εἴπερ
302 780 429 815 ἠθέλησε,
442 780 491 815 τὴν
512 780 552 811 είς
572 779 653 806 αὑτὸν
683 779 772 805 πίστιν
794 786 878 812 προσ-

83 827 224 862 ηκαμένη,
239 826 370 856 πολύπαις
395 834 423 852 τε
438 826 485 852 καὶ
508 825 605 856 εὔπαις
621 824 737 858 ὀφθῆναι
756 825 811 854 τοῖς
826 823 877 849 ἀνὰ

83 873 178 899 πᾶσαν
195 872 244 907 τὴν
264 872 331 906 γῆνς
355 870 447 905 ἐπειδὴ
458 870 484 896 δὲ
497 870 608 904 γέγονεν
621 868 746 903 ἀπειθὴς,
761 867 876 902 σκληρὰ,

926 283 935 300 ι
957 274 1022 309 Ego,
1052 272 1150 307 inquit,
1168 272 1227 299 dedi
1257 271 1486 305 exspectationem
1516 270 1595 298 hanc.
1610 279 1620 296 ι
1638 270 1712 297 Prie-

924 319 1022 346 dictum
1036 322 1078 346 est
1093 318 1165 345 enim
1181 318 1232 344 hoc
1243 324 1310 344 voce
1324 320 1481 344 sanctorum
1503 316 1710 350 prophetarum,

923 364 1084 399 etpromisit
1095 364 1121 390 ei
1132 362 1204 390 Deus
1219 362 1422 390 fecunditatem.
1443 371 1453 387 ‹
1473 362 1570 389 Verum
1596 369 1648 388 non
1670 368 1713 388 ro-

923 410 1033 437 cordata
1081 413 1123 436 est
1147 408 1210 440 mei,
1240 407 1327 442 inqttit
1353 407 1498 440 Dominus,
1522 406 1573 434 etsi
1594 406 1712 433 sterilem

923 459 951 481 et
968 459 1141 489 generantem
1160 453 1283 481 fecerim.
1308 462 1317 478 ι
1337 451 1387 484 Qui
1402 452 1457 478 luet-
1466 455 1564 486 potest,
1580 451 1714 486 quomodo

923 500 1046 535 permisit
1057 507 1117 527 eam
1134 499 1228 526 orbam
1249 497 1330 525 ﬁeri?
1345 497 1373 524 Si
1397 497 1527 524 voluisset
1545 497 1623 524 fidem
1633 496 1659 523 in
1672 496 1713 530 ip-

922 552 983 572 sum
993 545 1145 576 admittere,
1162 549 1189 570 et
1205 543 1313 578 copiosa
1330 547 1357 569 et
1380 542 1493 576 pulchra
1513 541 1590 576 prnle
1619 541 1713 568 dotata

925 591 1099 626 apparuisset
1114 589 1242 616 omnibus
1258 593 1335 616 terrae
1351 587 1457 620 incolis;
1477 588 1524 614 sed
1540 586 1602 621 quia
1615 585 1714 613 immo-

925 639 1013 671 rigera
1040 635 1100 668 fuit,
1127 635 1193 661 dura
1218 639 1246 662 et
1263 634 1434 665 refractaria,
1449 632 1520 660 facta
1545 636 1589 660 est
1613 631 1715 659 sterilis

925 683 1000 718 ipsa;
1021 681 1141 716 gentium
1156 683 1245 708 autem
1261 679 1335 714 regio
1352 679 1437 705 multo
1460 680 1606 705 maximum
1627 681 1655 703 et
1677 676 1709 703 in

927 727 1124 756 numerabilem
1141 725 1267 760 populum
1279 725 1427 760 generavit.
1439 724 1495 751 Hoc
1521 723 1607 757 ipsum
1637 723 1702 749 doce

925 780 1034 809 quoque
1053 772 1159 799 divinus
1174 771 1302 805 propheta
1315 770 1409 802 Isaias,
1424 769 1641 803 velutalloquens
1649 776 1707 801 gen-

927 821 991 847 lium
1007 818 1154 846 Ecclesium
1173 827 1179 844 :
1204 826 1213 842 ι
1232 817 1349 848 Laetare,
1365 815 1475 846 sterilis,
1492 822 1552 849 quae
1565 822 1617 842 non
1631 814 1712 848 paris.

927 871 1037 899 erumpe
1048 868 1075 890 et
1102 863 1198 895 clama,
1211 869 1270 897 quae
1303 869 1357 889 non
1378 861 1507 896 parturis,
1536 860 1597 894 quia
1624 859 1714 894 plures

84 918 134 945 καὶ
158 906 325 951 δυσάγωγος,
341 915 491 950 ἐπειρώθη
509 915 558 949 μὲν
573 914 653 948 αὕτη,
677 913 827 947 γεγέννηκε
849 910 895 938 δὲῖ

939 913 1005 940 lberi
1027 912 1141 939 deserta
1170 914 1243 942 sunt,
1266 916 1347 944 quam
1371 909 1431 941 ejus
1468 915 1529 942 qua;
1555 906 1637 934 habet
1674 906 1716 933 vi-

84 964 102 998 ή
122 963 178 990 τῶν
192 963 277 989 ἐθνῶν
290 961 367 997 χώρα
382 961 427 987 τὸν
443 959 561 996 ἀριθμοῦ
581 959 723 994 κρείττονα
753 958 800 985 καὶ
814 957 873 983 ne

930 966 991 985 rnm
999 959 1033 984 ⁸⁵.
1052 967 1061 983 ι

85 993 166 1036 κεινσ.
184 1009 263 1036 λαόν·
366 1006 433 1033 αὐτὸ
453 993 485 1041 δὴ
512 993 606 1032 Emi
620 1004 742 1031 διδάσκει
767 1004 853 1037 λέγων
877 1004 892 1030 ὁ
912 1003 1055 1035 Θεσπέσιος
1080 1001 1234 1037 προφήτης
1249 999 1372 1031 Ἡσαΐας,
1393 998 1431 1030 ὠς
1454 997 1523 1033 πρός
1542 1005 1575 1031 γε
1608 996 1659 1031 τὴν
1687 993 1718 1025 ἐξ

85 1057 174 1085 ἐθνῶν
213 1055 385 1090 Ἐκκλησίαν·

432 1052 639 1088 «Εὐφράνθητι,
671 1053 766 1088 στεῖρα
798 1052 815 1086 ἡ
846 1051 876 1078 οὐ
915 1051 1056 1082 τίκτουσα,
1085 1049 1165 1086 ῥῆξον
1186 1049 1234 1077 ml.
1260 1048 1357 1083 βόησον
1378 1047 1396 1082 ὴ
1423 1046 1474 1074 οὐκ
1506 1045 1649 1074 ὠδίνουσα,
1673 1043 1718 1070 ὅτι

86 1103 175 1130 πολλὰ
191 1102 224 1129 τὰ
243 1102 325 1128 τέκνα
338 1101 386 1135 τῆς
402 1100 508 1135 ἐρήμου
524 1098 634 1134 μᾶλλον,
654 1098 670 1134 ἦ
692 1098 741 1133 τῆς
759 1097 875 1132 ἐχούσης
893 1097 939 1124 τὸν
953 1096 1048 1132 ἄνδρα.
1063 1105 1073 1122 ι

124 1147 325 1182 Εὐφράνθητι,
347 1144 551 1180 Ἰερουσαλὴμ,
577 1144 626 1170 καί
655 1144 882 1177 πανηγυρίσατε

86 1196 122 1223 ἐν
152 1193 239 1228 αὐτῇ,
254 1194 364 1226 πάντες
387 1193 414 1219 οι
441 1190 614 1226 ἀγαπῶντες
635 1189 742 1223 αὐτήν.
769 1189 882 1223 Χάρητι-ι

89 1237 171 1274 χαρᾷ
185 1237 298 1271 πάντες
312 1236 379 1263 ὅσοι
398 1229 533 1263 πενθὲἷτε
549 1235 595 1262 ἐπ’
610 1234 715 1268 αὐτῆς,
732 1235 781 1261 ἵνα
789 1233 882 1267 θηλά-

88 1293 167 1318 σητε
189 1283 238 1311 καὶ
251 1281 447 1316 summatim
463 1280 523 1307 ἀπὸ
533 1279 652 1314 μαστοῦ
663 1278 878 1313 παρακλήσεως

88 1330 198 1365 αὐτῆς,
218 1330 269 1356 ἵνα
286 1328 510 1361 ἐριθηλάσαντες
525 1326 698 1361 τρυφήσητε
726 1324 784 1351 ἀπὸ
817 1325 878 1350 εισ-

90 1377 171 1404 όδου
181 1375 273 1409 δόξης
291 1374 395 1408 αὐτῆς.
411 1373 471 1399 Ὅτι
485 1371 641 1406 τάδελέγει
662 1370 785 1404 Κύριος·
803 1368 880 1395 Ἰδοὺ

90 1423 149 1457 ἐγὼ
160 1422 287 1449 ὲκκλίνω
299 1420 344 1447 ἐπ’
359 1419 471 1451 αὐτοὺς
488 1419 527 1451 ὡς
538 1416 669 1451 ποταμὸς
688 1415 820 1449 εἰρήνης,
832 1414 881 1441 καὶ

91 1469 132 1502 ὡς
151 1467 330 1503 χειμάρῤους
345 1463 510 1494 ἐπικλύζων
521 1462 615 1494 δόξαν
633 1460 739 1488 ἐθνῶν.

967 1142 1049 1169 Vsus.
1065 1139 1155 1168 10-12.
1182 1138 1294 1169 La'tare,
1320 1134 1482 1166 Jerusalem,
1520 1137 1544 1160 at
1566 1135 1717 1159 conuentum

933 1189 1009 1223 facile
1024 1189 1051 1214 in
1065 1195 1095 1214 ea
1109 1193 1210 1217 omnes,
1223 1184 1266 1218 qui
1278 1182 1389 1217 diligitis
1400 1188 1457 1208 eam
1468 1188 1478 1212 ;
1489 1178 1599 1214 gaudete
1609 1177 1717 1212 gaudio,

931 1242 1030 1264 omnes.
1063 1231 1209 1267 quicunque
1236 1228 1327 1262 lugetis
1359 1234 1437 1260 super
1457 1233 1526 1256 tam,
1549 1228 1576 1250 ut
1607 1222 1718 1257 rugam,

931 1277 1215 1314 etimpleantiniubero
1228 1272 1413 1301 consolationis
1435 1270 1503 1305 ejus.
1533 1274 1560 1296 ut
1582 1273 1718 1303 postquam

923 1324 1066 1355 .auzeritis,
1080 1321 1241 1349 delectemim‘
1253 1319 1364 1346 introitu
1389 1316 1479 1351 gloria:
1498 1314 1565 1348 ejus.
1579 1313 1647 1346 Quia
1663 1313 1721 1340 hac

923 1369 995 1397 dicit
1024 1368 1176 1394 Dominus:
1203 1364 1269 1391 Ecce
1305 1371 1352 1398 ego
1383 1360 1484 1388 declina
1516 1359 1550 1386 ad
1579 1366 1623 1385 eor
1662 1363 1722 1384 tan-

931 1423 1008 1450 quam
1016 1414 1113 1448 [lumen
1128 1411 1213 1447 pacis,
1229 1415 1252 1438 et
1264 1409 1340 1445 quasi
1351 1413 1455 1436 torrem
1465 1404 1598 1433 inundans
1610 1403 1721 1440 gloriam

934 1460 1058 1496 gentium.

151 1492 270 1503 ,μγ-ηπ
280 1492 286 1493 κ
300 1492 304 1493 ν
317 1492 326 1499 .
459 1492 466 1494 .
567 1492 572 1494 .

128 1514 243 1549 Χαίρειν
265 1511 404 1538 ἐπιτάττει
422 1511 455 1545 τῇ
470 1509 519 1544 νέᾳ
531 1509 579 1535 καὶ
596 1508 680 1543 νοητῇ
697 1505 775 1536 Σιὼν,
797 1505 881 1542 ἤγουν

937 1492 945 1496 ⁷
970 1506 1094 1534 Gaudere
1105 1503 1182 1539 jubet
1195 1502 1265 1529 hanc
1286 1507 1382 1528 novam
1396 1503 1424 1527 et
1438 1495 1633 1532 mtelligibllem
1658 1492 1742 1521 δίου,

99 1559 288 1597 Ἰερουσαλὴμ,
303 1558 364 1593 ἥτις
392 1557 465 1583 ἐστὶν
482 1554 630 1588 Ἐκκλησία
643 1552 710 1580 Θεοῦ
725 1552 836 1585 ζῶντος,
849 1552 882 1587 ἢν

94 1609 176 1639 αὐτὸς
207 1605 297 1640 ἑαυτῷ
322 1603 493 1639 παρέστησεν
511 1603 525 1629 ὀ
547 1601 663 1637 Χριστὸς
685 1599 798 1627 ἄσπιλον
834 1598 881 1626 ml.

95 1655 219 1690 ἄμωμον,
234 1652 265 1679 ἐκ
277 1660 307 1678 τε
321 1650 374 1678 τῶν
394 1649 547 1677 Ἰουδαϊκῶν
558 1647 716 1684 ταγμάτων.
730 1646 777 1673 καὶ
791 1646 823 1671 ἐκ
833 1645 882 1679 τῆς

95 1699 151 1726 τῶν
167 1697 250 1726 ἐθνῶν
270 1697 381 1730 ἀγέλης.
407 1695 513 1730 Συνῆψε
529 1693 584 1728 γὰρ
602 1693 666 1724 τοὺς
685 1692 732 1718 δύο
747 1691 828 1722 λαοὺς
843 1690 883 1721 είς

96 1747 145 1773 ἕνα
157 1744 249 1772 καινὸν
264 1743 417 1778 ἄνθρωπον,
435 1740 520 1766 ποιῶν
535 1740 657 1774 εἰρήνην,
669 1738 717 1765 καὶ
732 1736 885 1764 ἀποκαταλ-

96 1792 182 1825 λάξας
196 1792 259 1822 τοὺς
278 1788 448 1824 ἀμφοτέρους
460 1787 488 1813 ὲν
503 1786 542 1812 ἑνὶ
562 1785 669 1820 σώματι
686 1783 754 1818 πρὸς
769 1783 814 1809 τὸν
828 1782 884 1809 Πα-

97 1839 177 1874 τέρα.
204 1836 306 1872 Πρέποι
324 1834 347 1861 δ’
371 1834 404 1861 ἂν
422 1833 452 1859 τὸ
477 1832 580 1867 χαίρειν
596 1831 663 1865 αὐτῇ
676 1839 682 1845 ·
712 1828 885 1864 μεμέστωται

97 1873 153 1920 γάρ
173 1883 288 1910 ἐλπίδων
307 1880 361 1908 τῶν
384 1879 454 1914 ὑπὲρ
473 1878 534 1905 νοῦν
553 1877 600 1904 καὶ
619 1876 706 1910 λόγον.
743 1884 752 1900 ι
766 1874 803 1901 Οὐ
831 1873 884 1910 γὰρ

99 1918 170 1958 εἶδεν
197 1927 351 1963 ὀφθαλμδς,
375 1925 460 1960 φησὶ,
487 1923 535 1950 καὶ
573 1921 620 1953 οὖς
642 1921 691 1948 οὐκ
712 1920 810 1954 ’ἢκουσε
839 1918 885 1944 καὶ

99 1977 146 2002 ἐπὶ
169 1974 283 2010 καρδίαν
303 1971 446 2007 ἀνθρώπου
468 1969 518 1996 οὐκ
538 1967 633 2002 ἀνέϐη,
658 1966 676 1993 ἃ
699 1965 848 2001 ἡτοίμασεν
872 1964 887 1990 ὁ

99 2021 168 2053 Θεδς
181 2021 237 2050 τοῖς
252 2017 396 2052 ἀγαπῶσιν
408 2015 499 2042 αὐτόν’
515 2023 523 2040 ι
539 2012 656 2048 ἡσθῆναί
666 2020 698 2046 γε
709 2011 761 2046 μὴν
775 2009 888 2045 προστέ-

99 2075 168 2102 ταχε
181 2065 245 2096 τούς
257 2073 288 2090 τε
304 2063 383 2094 ὄντας
398 2063 426 2088 ἐν
441 2061 508 2095 αὐτῇ
540 2059 587 2086 ml.
605 2056 770 2092 ἀγαπῶντας
787 2055 885 2089 αὑτήν·

102 2110 157 2139 εἷεν
169 2111 191 2137 δ’
204 2110 236 2136 ἂν
251 2104 324 2135 οὗτοι
337 2107 417 2134 πάλιν
434 2107 459 2132 ol
475 2105 616 2139 ἀνέχοντες
629 2102 722 2137 ὥσπερ
734 2100 830 2135 αὐτὴν,
843 2099 889 2125 καὶ

101 2160 165 2189 ταῖς
187 2156 347 2191 ἀμωμήτοις
372 2151 556 2182 διδασκαλίαις
588 2147 766 2183 πολυτρόπως
795 2143 888 2179 στηρί-

104 2203 206 2233 ζοντες,
223 2200 269 2227 καὶ
287 2200 343 2225 ὅσοι
365 2196 507 2223 πενθοῦσιν
527 2194 571 2221 ἐπ’
585 2194 679 2228 αὐτῆς,
696 2191 767 2219 κατά
785 2198 818 2225 γε
840 2189 890 2224 τὴν

102 2245 187 2274 αὐτοῦ
213 2243 259 2270 τοῦ
283 2241 409 2276 Σωτῆρος
433 2241 537 2276 φωνήν
553 2248 562 2264 ι
579 2238 728 2273 Μακάριοι,
752 2235 844 2270 φησὶν,
867 2235 891 2260 ol

104 2290 278 2320 πενθοῦντες,
299 2286 427 2314 ὅτιαὺτοὶ
446 2283 734 2319 παρακληθήσονται.»
760 2281 796 2307 Τὺ
817 2280 846 2306 δέ
860 2288 893 2313 γε

104 2335 202 2366 πένθος
220 2335 249 2360 ὲν
262 2332 365 2364 τούτοις
377 2331 425 2367 τὴν
441 2330 495 2357 τῶν
515 2329 622 2363 εὺαγῶν
640 2326 892 2363 ἀνδραγαθημάτων

105 2379 250 2414 ὑποφαίνει
268 2377 436 2412 κατόρθωσιν
449 2384 456 2391 ν
475 2374 574 2409 ἱδρῶτα
589 2373 643 2408 γὰρ
663 2373 752 2407 ἔχουσι
770 2371 816 2398 τὸν
831 2370 893 2405 ὀνη-

107 2426 230 2461 σιφόρον,
248 2425 295 2450 καὶ
309 2421 478 2458 τληπαθοῦσι
495 2419 639 2452 νεανικῶς,
664 2419 712 2453 οὺχ
738 2417 781 2443 ἵνα
797 2425 824 2443 τι
840 2416 894 2442 τῶν

106 2470 238 2505 ἐπιγείων
253 2468 428 2504 κερδάνωσιν,
445 2466 502 2493 ἀλλ’
516 2466 559 2491 ἵνα
576 2464 632 2490 τῶν
647 2463 723 2498 παρὰ
735 2461 802 2489 Θεοῦ
817 2469 894 2497 χαρι-

108 2517 221 2553 σμάτων
237 2513 487 2550 ἀναπιμπλάμενοι,
505 2510 636 2545 θυμηδίας
648 2509 756 2543 ἁπάσης
764 2507 895 2541 γένωνται

111 2561 215 2598 μεστοῦ
232 2560 311 2587 τοῦτο
320 2559 375 2594 γὰρ
390 2558 480 2589 αὐτοῖς
497 2557 668 2590 ὑπισχνεῖται
685 2553 771 2587 λέγων
783 2560 789 2567 ·
815 2561 825 2577 ι
838 2552 896 2578 Ἵνα

109 2608 245 2643 θηλάσητε
268 2605 315 2632 καὶ
323 2603 498 2639 ἑμπλησθῆτε
515 2601 569 2628 ἀπὸ
584 2598 685 2636 μαστοῦ
701 2597 897 2633 παρακλήσεως

110 2642 204 2688 αῦτῆς.
216 2662 225 2678 ι
243 2651 391 2686 Πρόσωπον
407 2649 435 2675 δὲ
449 2647 521 2680 ἅπαξ
527 2646 656 2681 γυναικὸς
669 2643 790 2677 περιθεὶς
804 2644 836 2678 τῇ
849 2642 898 2677 νέᾳ

111 2687 192 2731 Σιὼν,
209 2698 332 2732 ἐπιμένει
344 2697 378 2730 τῇ
392 2694 438 2721 τοῦ
452 2693 533 2728 λόγου
549 2692 647 2727 τροπῇ,
666 2690 711 2716 καὶ
722 2689 772 2724 τὴν
786 2689 815 2714 ὲν
828 2687 896 2722 αὐτῇ

114 2743 283 2779 παράκλησιν
296 2742 346 2776 τὴν
364 2740 408 2766 διά.
422 2748 465 2772 γε,
486 2735 621 2773 φημὶ,τοῦ
636 2736 713 2769 ἁγίου
730 2733 897 2767 Πνεύματος,

114 2790 225 2826 μαστοῖς
244 2785 405 2821 παρεικάζει
433 2783 480 2810 καὶ
493 2782 619 2817 γάλακτι.
643 2780 757 2815 Εἴρηται
774 2778 828 2814 γὰρ
847 2785 897 2804 που

149 2877 172 2893 θ’
184 2876 235 2904 lsa.
248 2881 301 2908 Liv,
316 2875 340 2902 t.
377 2873 401 2890 '°
414 2872 511 2907 Epltes.
532 2879 560 2902 ll,
577 2870 619 2902 l5,
634 2869 676 2896 l6.
714 2868 736 2884 "
751 2868 758 2894 I
772 2867 833 2895 Cor.
849 2873 878 2898 ιι,
891 2864 918 2892 9.

935 1560 1009 1583 nem,
1023 1559 1069 1578 seu
1081 1549 1241 1580 Jerusalem,
1255 1554 1314 1581 qua;
1325 1550 1366 1574 est
1382 1544 1501 1572 Ecclesia
1525 1542 1571 1569 Dei
1596 1539 1723 1572 viventis,

932 1603 1012 1630 quam
1022 1595 1078 1629 ipse
1089 1593 1212 1621 Christus
1220 1591 1271 1619 sibi
1289 1587 1500 1624 repraesentavit,
1521 1584 1721 1614 immaculatam

933 1646 960 1668 et
971 1641 1144 1674 inculpatum,
1161 1646 1194 1665 ex
1211 1636 1336 1664 tribubus
1350 1633 1470 1662 Judaicis
1482 1636 1510 1660 et
1526 1634 1559 1659 e‘x
1577 1635 1726 1664 congrega-

935 1688 1006 1715 tione
1019 1681 1380 1720 geutiumﬁonjunxitenim
1396 1680 1463 1706 duos
1475 1676 1589 1713 populos
1601 1675 1628 1702 in
1641 1680 1724 1701 unum

934 1739 1031 1761 novum
1045 1730 1191 1760 hominem,
1206 1727 1373 1755 constituens
1387 1731 1491 1759 pacem,
1505 1727 1532 1749 et
1547 1719 1726 1748 reconcilians

935 1783 1079 1811 utrumque
1099 1775 1126 1802 in
1138 1781 1192 1801 uno
1203 1778 1320 1806 corpore
1331 1770 1401 1805 apud
1427 1768 1535 1795 Patrem
1551 1767 1586 1792 ".
1604 1766 1636 1793 Et
1666 1771 1724 1792 me-

935 1823 988 1849 rito
1002 1821 1119 1857 gaudere
1134 1822 1234 1853 potest,
1248 1824 1308 1844 cum
1329 1822 1377 1849 spe
1404 1813 1483 1848 plena
1510 1811 1555 1844 sit,
1567 1817 1648 1845 qttam
1676 1815 1726 1836 nec

935 1853 1077 1900 complecti
1089 1871 1163 1892 mens
1174 1866 1264 1897 queat,
1276 1867 1326 1887 nec
1346 1857 1446 1886 oratio.
1468 1864 1477 1881 ι
1497 1854 1555 1882 Non
1571 1853 1644 1881 enitn
1656 1858 1723 1879 ocu-

937 1912 978 1939 lus
995 1911 1073 1942 vidit,
1091 1896 1189 1944 inquit,
1206 1915 1255 1935 nec
1272 1905 1348 1933 auris
1369 1902 1481 1932 audivit.
1498 1905 1525 1928 et
1540 1900 1566 1926 in
1581 1906 1628 1926 cor
1640 1896 1729 1925 homi-

938 1958 979 1985 nis
996 1965 1048 1984 non
1063 1943 1251 1987 ascenderunt,
1265 1960 1324 1987 quae
1337 1950 1443 1986 paravit
1459 1949 1529 1975 Deus
1553 1943 1728 1980 diligentibus

939 2010 968 2030 se
983 2003 1016 2029 "’.
1040 2012 1048 2028 ι
1067 2000 1249 2035 Laetarijubet
1259 1998 1304 2033 qui
1320 1997 1349 2024 in
1361 2003 1393 2022 ea
1407 1998 1480 2025 sunt,
1492 1996 1518 2019 et
1532 1998 1591 2019 eam
1603 1989 1726 2023 diligunt.

938 2048 970 2076 Ili
987 2049 1096 2074 demum
1115 2051 1181 2073 sunt
1193 2043 1336 2080 ejusmodi,
1350 2041 1395 2077 qui
1409 2048 1466 2068 earn
1480 2044 1606 2072 tanquam
1622 2040 1729 2062 susten-

940 2097 1008 2126 tant,
1020 2093 1064 2126 qui
1080 2092 1214 2127 inculpata
1229 2091 1350 2117 doctrina
1365 2086 1539 2114 multifariam
1550 2082 1724 2112 conﬁrmant,

940 2139 1093 2173 quicunque
1114 2138 1195 2164 etiam
1220 2144 1280 2164 eam
1303 2133 1384 2170 913
1413 2131 1563 2166 deplorant,
1581 2126 1728 2156 secundum

942 2184 1093 2212 Servatoris
1108 2190 1221 2210 vocem:
1241 2191 1250 2207 ι
1269 2181 1342 2207 Beati
1354 2179 1443 2210 enim,
1462 2176 1559 2210 inquit,
1571 2174 1615 2208 qui
1627 2173 1730 2206 lugent,

943 2231 1004 2265 quia
1022 2229 1072 2263 ipsi
1084 2228 1295 2256 consolabuntur
1309 2226 1343 2253 ³³.
1364 2234 1373 2251 ι
1397 2224 1498 2251 Luctus
1513 2221 1557 2248 hic
1578 2218 1730 2246 subindicat

943 2279 1095 2304 sanctarum
1112 2274 1247 2300 actionum
1265 2270 1491 2298 emendationem.
1514 2266 1646 2294 Sudorem
1658 2263 1728 2290 enitn

942 2321 1079 2355 patiuntur
1094 2318 1196 2350 utilem,
1211 2322 1238 2344 et
1253 2316 1357 2343 labores
1377 2314 1492 2341 tolerant
1508 2316 1618 2337 strenue
1630 2315 1661 2334 ac
1684 2306 1730 2340 ju—

943 2366 1079 2397 veuiliter,
1095 2372 1146 2390 non
1161 2368 1190 2390 ut
1217 2361 1317 2395 aliquid
1335 2365 1471 2387 terrenum
1499 2357 1658 2383 lucrentur:
1684 2352 1733 2380 sed

944 2418 972 2440 ut
982 2411 1079 2440 divinis
1089 2410 1166 2437 donis
1178 2407 1281 2438 referti,
1292 2405 1365 2434 omni
1380 2405 1516 2437 voluptate
1532 2399 1731 2434 compleantur.

945 2457 1002 2484 Hoc
1021 2456 1092 2483 enim
1113 2453 1166 2481 illis
1184 2451 1327 2488 promittit,
1351 2450 1444 2476 dicens
1460 2457 1467 2474 :
1484 2456 1493 2472 ι
1510 2445 1546 2474 Ut
1574 2443 1686 2478 sugatis,
1705 2446 1734 2468 et

946 2500 1110 2537 impleamini
1129 2499 1211 2526 ubere
1222 2495 1413 2524 consolationis
1442 2492 1510 2526 ejus.
1534 2500 1543 2517 ι
1563 2491 1629 2518 Cum
1643 2492 1733 2514 autem

946 2555 1088 2584 personant
1104 2543 1224 2572 mulieris
1232 2541 1315 2570 semel
1332 2546 1407 2567 non
1424 2537 1498 2565 Sinni
1527 2533 1689 2565 attribuerit,
1704 2532 1734 2560 in

947 2593 1079 2622 sermonis
1099 2596 1175 2625 tropo
1189 2591 1338 2623 permanet,
1352 2590 1379 2612 et
1403 2582 1613 2611 consolationem
1630 2581 1655 2607 in
1687 2586 1734 2614 eaI

947 2638 1031 2667 sancti
1042 2636 1170 2671 Spiritus,
1188 2634 1308 2668 inquam,
1323 2629 1450 2658 uberibus
1471 2631 1497 2654 et
1529 2625 1588 2652 lacti
1621 2631 1731 2658 compa-

947 2683 1107 2712 rat.Dictum
1120 2679 1238 2708 estenim
1247 2678 1270 2705 ei
1287 2677 1313 2704 in
1326 2675 1436 2703 Cantico
1448 2670 1613 2699 canticorum
1626 2677 1633 2695 :
1651 2677 1661 2695 ι
1677 2668 1736 2695 Με-,

948 2729 1014 2757 liora
1029 2733 1091 2756 sunt
1110 2727 1190 2753 ubera
1209 2729 1252 2751 tua
1268 2723 1331 2750 vino
1345 2721 1378 2747 θ’.
1392 2729 1401 2746 ι
1432 2717 1538 2745 Primus
1560 2714 1632 2742 enim
1655 2713 1735 2739 cibus

948 2774 1096 2802 infantibus
1111 2770 1286 2801 conveniens,
1300 2764 1503 2795 admittentibus
1517 2761 1594 2789 fidem
1609 2759 1636 2786 in
1649 2758 1734 2786 Deum

955 2864 978 2879 ’⁸
993 2861 1086 2890 Matth.
1102 2868 1127 2893 ι’,
1142 2859 1167 2887 5.
1217 2858 1240 2874 ¹⁹
1254 2856 1334 2885 Cant.
1351 2863 1373 2888 ι,
1387 2855 1412 2881 l.
