1893 3052
664 100 690 108 ι*-

176 166 249 196 «ιω

182 228 305 250 nostrum
315 222 406 250 Iesum
423 221 562 250 Christum
574 222 732 257 porrigitur,
746 222 771 249 Id
787 227 838 255 est,
853 226 929 250 tener
946 226 974 249 et
988 223 1010 252 Λ

182 268 295 302 simpiex
307 275 397 295 sermo
415 268 603 296 catecheseos.
620 268 666 296 Sic
679 269 752 295 enim
776 268 876 296 Paulus
888 276 972 304 quos-

181 313 243 340 dam
258 313 409 348 alloquens,
423 313 478 340 ait:
499 323 508 339 ι
523 313 577 340 Lac
590 314 667 342 vobis
683 314 716 341 ad
734 314 886 349 potandum
899 314 969 345 dedi.

183 367 236 387 non
255 359 355 387 cibum.
369 359 493 387 Nondum
508 360 580 387 enim
592 361 732 394 poteratis,
748 361 795 388 sed
813 367 861 387 nec
885 361 972 388 adhuc

184 403 294 438 quidem
308 404 452 438 potestis‘.
466 413 475 430 ι
494 404 569 438 Quod
583 408 672 432 autem
688 414 739 433 non
759 413 866 439 semper
883 405 972 432 ini‘an-

183 454 225 476 tes
240 453 268 475 et
280 456 341 476 esse
356 454 384 476 et
393 449 477 476 videri
497 450 640 477 conveniat
654 457 712 482 eos,
724 451 768 485 qui
792 449 875 477 semel
898 455 972 478 cate-

183 495 295 522 cheseos
307 502 458 522 sermonem
469 495 613 528 imbibunt,
628 497 674 523 sed
684 496 709 522 in
723 496 809 522 virum
823 495 971 529 perfectum

183 544 210 567 et
228 540 254 566 in
272 547 426 567 mensuram
440 540 528 567 aetatis
542 540 713 575 plenitudinis
729 540 829 568 Christi
858 542 973 568 evadere

184 590 309 619 oporteat
319 587 341 618 ',
360 590 389 612 ut
403 591 525 614 exactam
542 591 569 613 et
591 586 755 620 exquisitam
770 586 828 620 ejus
841 587 975 620 cognitio-

186 639 248 659 nem
262 631 389 667 deinceps
415 637 628 667 cousequantur,
642 632 743 664 docuit,
763 640 823 660 cum
853 632 951 666 adjecit
967 642 973 660 :

188 686 199 703 α
217 677 263 710 Ut,
272 682 414 712 postquam
425 678 564 710 suxeritis,
578 678 746 705 deiectcmini
759 678 869 705 introitu
885 678 977 712 gloria:

184 722 252 757 eius.
272 732 281 749 ι
296 723 346 751 Ubi
365 723 503 757 suxeritis,
517 723 592 755 dicit,
613 731 673 757 pro.
689 731 748 750 cum
758 724 792 751 ab
807 723 935 751 uberibus
948 727 976 751 et

186 776 302 796 mamma
321 769 451 797 abstracti
476 770 554 800 estis.
579 769 620 796 vei
646 776 708 796 cum
720 769 845 796 ahiactati
860 769 935 801 estis,
950 769 976 797 id

185 817 228 839 est
241 819 248 838 :
265 820 319 839 non
332 812 448 840 infantes
461 813 586 845 manetis,
596 813 642 840 sed
657 813 730 840 velut
744 813 770 839 in
790 813 902 848 ephebis
919 813 975 847 jam

186 857 288 885 etviris
305 858 532 889 numemuini,et
553 858 669 885 solidum
694 858 785 885 cibum
806 863 974 893 expetentes.

186 902 386 930 delectabimini
412 904 523 932 intmitu
551 905 642 938 gloriae
665 905 733 940 eius.
756 905 876 933 Gloriam
897 910 977 932 vocat
991 894 1012 921 Β

187 947 341 982 Christum;
356 949 395 976 sic
407 950 480 976 enim
495 954 523 977 et
542 949 648 978 Psaltes
666 952 699 978 de
730 958 763 978 eo
778 959 785 976 :
813 960 823 976 ι
844 951 877 979 Ut
900 950 977 978 habi-

187 998 226 1021 tet
237 995 323 1030 gloria
339 995 366 1022 in
384 999 454 1022 terra
470 1000 562 1023 nostra
571 996 592 1022 ³.
604 1004 613 1020 ι
627 996 767 1023 introitum
783 1004 857 1028 vero,
867 997 976 1032 dispen-

187 1041 303 1068 sationis
320 1041 347 1067 in
368 1048 452 1069 carne
478 1042 648 1076 mysterium.
678 1042 748 1069 Deus
773 1043 845 1069 enim
868 1047 976 1074 natura,

188 1085 278 1113 factus
292 1089 335 1113 est
350 1086 441 1119 homo,
454 1091 482 1113 et
496 1086 568 1113 velut
587 1086 726 1121 ingressus
745 1092 787 1114 est
807 1087 878 1114 hunc
899 1094 978 1113 mun-

187 1131 251 1157 dum
263 1131 610 1165 promes-incarnationem.
629 1132 799 1160 Deiectautur
825 1132 907 1167 igitur
932 1132 977 1166 qui

188 1179 260 1208 hinc
277 1185 428 1205 sermonem
440 1178 473 1205 de
487 1177 532 1205 ilio
543 1177 574 1204 ad
589 1185 703 1213 unguem
729 1183 832 1212 tenent,
844 1184 871 1207 et
883 1189 978 1215 quem-

188 1225 333 1253 admodum
358 1225 385 1251 in
406 1223 503 1251 orbem
522 1224 631 1251 intrarit
643 1225 768 1259 εισι-ἰωὰ
779 1226 977 1262 est.Christus,

189 1273 367 1304 cognoscunt.
382 1268 529 1303 Propterea
540 1274 568 1295 et
592 1269 700 1297 divinus
724 1272 855 1305 propheta
886 1273 977 1300 statim

187 1319 216 1342 et
231 1322 246 1342 ο
261 1314 376 1349 vestigio
391 1315 586 1348 apparitionem
602 1316 660 1350 ejus
681 1323 741 1344 cum
765 1324 846 1344 carne
864 1318 978 1345 manife-

188 1365 258 1389 stam
272 1368 304 1388 ac
321 1361 492 1395 perspicuam
511 1361 587 1389 facit.
604 1361 750 1389 Personam
770 1364 842 1391 enim
858 1364 916 1399 ejus
938 1365 979 1392 io—

189 1410 316 1440 quentem
332 1407 396 1434 facit
411 1416 417 1434 :
434 1416 444 1432 ι
461 1407 531 1435 Ecce
545 1407 651 1435 deelino
665 1408 692 1434 iu
716 1416 763 1436 eos
784 1413 912 1444 tanquam
931 1410 980 1437 iiu-

189 1460 251 1480 men
266 1452 445 1488 pacis,9[&.
459 1459 486 1480 et
511 1458 637 1488 tanquam
671 1459 774 1482 torrens
799 1455 843 1490 qui
868 1455 980 1483 inundat

159 1509 164 1515 ε
189 1498 302 1533 gloriam
312 1499 442 1532 gentium.
465 1509 474 1525 ι
493 1498 605 1526 Flumen
625 1500 707 1535 igitur
724 1502 797 1534 pacis
823 1506 849 1528 et
874 1507 980 1530 torrens

189 1544 347 1571 deliciarum
364 1549 415 1578 est,
426 1544 560 1572 Christus.
575 1545 620 1573 Sic
631 1546 704 1573 enim
715 1547 788 1574 illum
806 1547 913 1574 divinus
927 1548 979 1574 Da-
993 1558 1017 1589 ρ

190 1589 236 1616 vid
252 1595 341 1622 vocat.
361 1598 423 1617 cum
452 1590 540 1625 inquit
557 1599 564 1617 :
583 1600 592 1616 ι
625 1591 710 1624 Quam
730 1593 908 1627 multiplicata
939 1598 981 1621 est

191 1635 377 1662 misericordia
413 1640 473 1667 tua.
516 1644 532 1662 ο
561 1635 648 1664 Deus!
679 1637 741 1664 Filii
773 1639 913 1665 hominum
954 1640 980 1667 in

191 1679 347 1707 umbraculo
391 1681 494 1707 alarum
532 1685 637 1709 tuarum
682 1684 839 1717 sperabunt.
860 1684 982 1712 inebria-

191 1726 292 1753 buntur
312 1725 345 1752 ab
377 1726 497 1753 ubertate
531 1727 626 1754 domus
644 1731 705 1759 tuas.
735 1734 762 1755 et
789 1734 907 1758 torrente
935 1737 983 1758 vo-

192 1771 303 1806 luptatis
316 1775 368 1798 tua:
404 1772 509 1806 potabis
531 1780 578 1800 eos
592 1773 612 1800 ⁸.
633 1782 643 1799 ι
673 1773 704 1800 Et
725 1774 841 1802 iterum:
878 1784 889 1802 ε
916 1775 982 1803 Flu-

193 1817 274 1845 minis
314 1817 430 1852 impetus
459 1819 576 1846 laetiﬁcat
607 1819 743 1847 civitatem
772 1821 816 1848 Dei
836 1822 856 1848 '.
888 1831 897 1848 ι
930 1822 981 1849 De-

192 1862 302 1890 ciinavit
315 1869 378 1890 vero
391 1867 418 1890 et
434 1863 578 1891 uberrimis
599 1864 694 1892 rivulis
717 1865 854 1895 inundavit
867 1866 980 1901 gloriam

193 1908 322 1942 gentium,
335 1907 361 1934 id
376 1912 427 1939 cst,
440 1909 511 1942 quod
531 1913 574 1935 est
593 1909 664 1936 inter
680 1914 773 1944 gentes
791 1911 939 1944 pretiosum
956 1917 983 1939 et

192 1953 302 1979 omnino
321 1952 479 1986 gloriosum.
506 1952 563 1980 Non
592 1954 663 1981 enim
683 1962 777 1982 omnes
797 1957 981 1990 crediderunt,

194 2004 280 2032 neque
292 1997 376 2032 gloria
391 1999 476 2026 evecti
489 2003 562 2032 sunt,
579 2000 626 2027 sed
634 2005 663 2027 ut
676 2000 774 2028 Paulus
798 2001 863 2029 dicit
881 2003 913 2029 de
929 2004 982 2030 Deo

192 2047 220 2069 et
233 2042 336 2070 Patre:
356 2053 365 2069 ι
382 2044 455 2077 Quos
481 2045 625 2079 prtescivil,
648 2050 675 2073 et
710 2047 984 2081 prmdestinavitcon-

193 2087 360 2116 formesfieri
378 2089 503 2123 imaginis
525 2089 583 2116 Filii
601 2091 655 2122 sui,
674 2091 722 2118 hos
736 2096 763 2119 et
783 2095 898 2120 vocavit.
909 2095 983 2128 Quos

194 2133 311 2165 vocavit,
323 2141 370 2161 eos
383 2139 410 2160 et
422 2134 579 2168 glorilicavit
597 2135 617 2164 °.
636 2136 720 2164 iCum
734 2138 807 2171 dicit,
824 2148 834 2164 ι
845 2139 979 2173 Ι)εε1ἱιιο,ι

196 2179 260 2206 illud
272 2179 424 2206 subi‘ndicat
439 2187 446 2206 :
466 2179 549 2208 Recta
558 2182 598 2208 via
614 2186 641 2209 et
654 2183 704 2210 iter
719 2184 742 2210 ei
760 2183 809 2211 fuit
834 2192 866 2212 ex
887 2194 984 2220 propo-

672 162 701 190 S.
723 161 862 190 CYRILLI
881 156 1119 189 ALEXANDRINI
1139 160 1302 190 ARCIIIEP.

1751 158 1832 186 μω

1025 221 1094 257 πρὸς
1108 221 1194 256 αὐτὴν
1213 221 1260 248 καὶ
1275 221 1304 246 ἐν
1321 221 1353 256 τῇ
1366 219 1421 246 τῶν
1439 218 1593 254 ’ᾼσμάτοΜ
1616 218 1658 245 δτι
1681 227 1692 243 ‹
1710 215 1832 248 Ἀγαθοὶ

1024 267 1122 303 μαστοί
1135 276 1183 294 σου
1199 267 1270 302 ὑπὲρ
1284 264 1364 294 οἶνον.
1382 275 1391 292 ι
1410 265 1509 301 Πρώτη
1531 265 1559 291 δὲ
1578 266 1687 296 πάντως
1703 265 1766 295 τοῖς
1781 263 1832 298 τὴν

1024 314 1117 340 πίστιν
1135 313 1326 349 προσιεμένοις
1344 308 1393 347 τὴν
1415 313 1455 344 εἰς
1469 311 1515 338 τδν
1532 310 1598 337 Θεὸν
1617 310 1699 345 ἡμῶν
1718 309 1832 345 Ἰησοῦν

1022 358 1067 384 τὸν
1087 358 1204 393 Χριστὸν
1220 356 1412 393 νηπιοπρεπὴς
1431 355 1598 390 προσάγεται
1611 353 1706 390 τροφὴ
1718 374 1726 386 ,
1745 361 1832 379 τουτ-

1022 404 1112 436 έστιν,
1143 404 1157 430 ὁ
1182 403 1319 439 τρυφερὸς
1352 402 1400 429 καὶ
1424 401 1527 432 ἁπλοῦς
1558 400 1610 434 τῆς
1640 399 1831 434 κατηχήσεως

1021 449 1100 484 λόγος
1112 457 1119 464 ·
1140 449 1213 476 οὕτω
1233 449 1287 484 γάρ
1308 457 1360 475 που
1375 448 1422 475 καὶ
1442 449 1457 474 ὁ
1474 446 1580 478 Παῦλος
1591 444 1831 481 ’προσπεφώνηκὲ

1020 503 1106 528 τισιν,
1125 493 1220 521 εἰπών’
1239 503 1249 520 ι
1262 493 1335 521 Γάλα
1351 494 1423 528 ὑμᾶς
1433 493 1556 524 ἐπότισα,
1571 492 1602 518 οὺ
1616 491 1718 526 βρῶμα
1730 499 1739 506 ν
1750 489 1831 517 οὔπω

1022 541 1077 576 γὰρ
1088 541 1231 575 ἠδύνασθε,
1249 541 1308 568 ἀλλ’
1322 540 1382 567 οὐδὲ
1402 540 1443 566 ἔτι
1458 539 1507 566 νῦν
1526 538 1651 566 δύνασθε.
1668 548 1678 563 ι
1710 538 1777 564 Ὀτι
1803 537 1831 563 δὲ

1023 587 1073 614 οὐκ
1089 587 1134 613 ἀεὶ
1146 586 1259 621 νηπίους
1273 595 1303 612 τε
1323 583 1394 612 εἶναι
1413 585 1460 612 καὶ
1487 584 1603 620 ὁρᾶσθαι
1623 583 1742 619 πρέπει.
1763 583 1830 610 τοὺς

1024 633 1103 668 οἵπερ
1118 632 1151 659 ἂν
1167 633 1236 663 ὅλως
1249 631 1295 658 τὸν
1307 631 1358 666 τῆς
1371 631 1551 666 κατηχήσεως
1569 630 1715 656 ὲκπίνουσι
1733 628 1828 662 λόγον,

1024 678 1125 713 χρῆναι
1141 677 1171 703 δὲ
1192 677 1293 712 μᾶλλον
1309 676 1469 710 ἀναφοιτᾷν,
1487 675 1534 702 καὶ
1549 676 1589 707 εἰς
1604 675 1692 709 ἄνδρα
1709 673 1827 702 τέλειον,

1024 724 1071 750 καὶ
1086 724 1128 754 εἰς
1139 723 1237 758 μέτρον
1250 722 1358 758 ἡλικίας
1369 722 1416 748 τοῦ
1428 721 1612 757 πληρώματος
1626 720 1674 747 τοῦ
1691 719 1826 755 Χριστοῦ,

1025 769 1070 796 ἵνα
1094 768 1140 795 τὸν
1167 768 1270 803 ἀκριϐῆ
1293 768 1341 794 καὶ
1365 767 1549 802 έξητασμένον
1573 766 1617 792 ἐπ’
1639 765 1718 800 αὐτῷ
1746 764 1828 798 λόγον

1026 813 1145 840 συνιέναι
1157 813 1290 839 δύνωνται
1303 811 1406 843 λοιπὸν,
1424 810 1527 843 ἐδίδαξε
1546 810 1706 844 προστιθείς
1720 817 1727 824 ·
1744 819 1754 834 ε
1769 809 1828 835 Ἷνα

1026 859 1229 895 ἑκθηλάσαντες
1243 859 1414 894 τρυφήσητε,
1428 858 1482 884 ἀπὸ
1496 857 1598 884 εἰσόδου
1612 856 1694 891 δόξης
1710 855 1825 890 αὐτῆς.»

1027 906 1064 933 Τὸ
1088 905 1289 941 ὲκθηλάσαντες
1312 904 1341 931 δέ
1355 912 1448 939 φησιν,
1467 903 1528 930 ἀντὶ
1549 902 1609 934 τοῦ,
1634 901 1750 937 μαστῶν
1775 900 1828 933 ἔξω

1027 953 1074 979 καὶ
1104 951 1188 987 θηλῆς
1212 950 1366 985 γεγονότες,
1396 950 1480 984 ἤγουν
1507 946 1826 983 ἀτιογεγαλακτισμένοι,

1026 996 1175 1030 τουτέστιν,
1201 996 1250 1023 οὐκ
1275 996 1315 1022 ἔτι
1340 996 1467 1031 μένοντες
1496 995 1599 1028 νήπιοι,
1629 993 1777 1023 τελοῦντες
1800 992 1828 1018 δὲ

1027 1043 1122 1078 ὥσπερ
1137 1044 1166 1069 ὲν
1178 1043 1292 1078 ἐφήϐοις
1316 1042 1366 1077 ήδη
1388 1042 1435 1069 καὶ
1452 1042 1575 1076 ἀνδράσι,
1586 1040 1632 1067 καὶ
1645 1039 1696 1075 τῆς
1712 1039 1829 1073 στερεᾶς

1027 1089 1165 1124 ἐφιέμενοι
1190 1088 1303 1124 τροφῆς,
1330 1083 1518 1122 έντρυφύσητε
1536 1086 1591 1113 ἀπδ
1616 1085 1724 1112 εἰσόδου
1745 1084 1827 1118 δόξης

1028 1135 1127 1169 αὐτῆς·
1149 1133 1286 1166 καὶδόξαν
1302 1133 1350 1169 μὲν
1366 1133 1495 1169 ὀνομάζει
1521 1132 1661 1167 Χριστὸν(
1680 1131 1757 1157 οὕτω
1774 1131 1828 1164 γάρ

1028 1188 1081 1206 που
1096 1180 1144 1205 καὶ
1157 1179 1172 1205 ό
1184 1178 1300 1206 Ψάλλων
1316 1179 1383 1214 φησὶ
1400 1179 1464 1214 περὶ
1483 1177 1576 1210 αὐτοῦ,
1596 1186 1606 1202 t
1618 1176 1674 1203 Τοῦ
1689 1183 1828 1209 κατασκη-

1027 1225 1113 1252 νῶσαι
1127 1224 1206 1256 δόξαν
1221 1225 1250 1250 ὲν
1263 1225 1295 1260 τῇ
1309 1211 1442 1260 ᾖῇήμῶν
1452 1223 1476 1259 ι)
1487 1223 1604 1250 -εῐσοδον
1625 1222 1664 1255 δὲ,
1679 1222 1733 1256 τῆς
1757 1223 1827 1256 μετὰ

1029 1270 1131 1306 σαρκὸς
1158 1270 1315 1304 οἰκονομίας
1342 1270 1373 1296 τὸ
1401 1269 1572 1304 μυστήριον·
1589 1267 1656 1300 Θεὸς
1680 1267 1721 1294 ὣν
1748 1267 1828 1301 φύσει

1029 1315 1141 1349 γέγονεν
1171 1315 1330 1350 ἄνθρωπος,
1353 1313 1401 1340 καὶ
1426 1311 1481 1340 οἷον
1506 1312 1668 1347 εἰσσέὸηκεν
1690 1313 1731 1343 εἰς
1753 1312 1828 1338 τόνδε

1029 1361 1076 1388 τὸν
1091 1362 1195 1396 κόσμον
1208 1360 1253 1387 διὰ
1269 1360 1318 1396 τὴν
1333 1361 1482 1395 οάρκωσιν.
1505 1359 1678 1394 Ἐντρυφῶσι
1691 1359 1784 1384 τοίνυν
1803 1359 1827 1384 οἰ

1029 1409 1075 1435 τὸν
1101 1408 1204 1444 ἀκριϐῆ
1223 1408 1273 1442 τῆς
1294 1407 1358 1442 περὶ
1383 1405 1466 1432 αὑτοῦ
1490 1406 1608 1436 πίστεως
1639 1403 1743 1434 εἰδότες
1770 1402 1825 1438 [αἰ.

1030 1455 1139 1491 δόντες]
1156 1456 1245 1489 λόγον,
1265 1455 1313 1481 καὶ
1335 1453 1398 1480 τινα
1420 1452 1522 1488 τρόπον
1534 1451 1699 1485 εἰσεέὸηκεν
1718 1450 1760 1480 εἰς
1780 1449 1828 1483 τὴν

1029 1501 1192 1536 οἰκουμένην
1211 1501 1228 1535 ἡ
1240 1499 1313 1532 δόξα,
1330 1498 1453 1525 τουτέστι
1478 1496 1608 1532 Χριστὸς,
1627 1495 1825 1531 μανθάνοντες·

1031 1548 1074 1574 διὰ
1085 1547 1165 1573 τοῦτο
1175 1547 1222 1573 καὶ
1235 1546 1250 1572 ὁ
1262 1545 1405 1576 θεσπέσιος
1419 1544 1563 1579 προφήτης
1585 1542 1676 1574 εὐθὺς,
1694 1541 1743 1568 καὶ
1761 1549 1827 1576 παρ-

1032 1593 1216 1628 εζευγμένως,
1241 1592 1291 1628 τὴν
1310 1592 1460 1627 ἐμφάνειαν
1477 1588 1560 1617 αὑτοῦ
1574 1588 1624 1623 τὴν
1640 1587 1712 1622 μετὰ
1728 1586 1826 1620 σαρκὸς

1032 1638 1193 1672 καθίστησιν
1210 1638 1311 1672 έναργῆ
1327 1645 1334 1652 ·
1353 1637 1444 1671 ἵστησι
1460 1635 1515 1670 γὰρ
1532 1634 1564 1660 τὸ
1580 1632 1663 1660 αὑτοῦ
1682 1632 1827 1667 πρόσωπον

1031 1684 1166 1718 λέγοντος,
1185 1685 1227 1710 ὃτι
1250 1692 1260 1709 ι
1282 1682 1347 1710 Ἰδοὺ
1367 1682 1485 1709 ὲκκλίνω
1503 1681 1546 1707 ἐπ’
1564 1679 1676 1711 αὐτοὺς,
1691 1679 1731 1711 ὡς
1743 1687 1824 1705 ποτα-

1034 1729 1084 1765 μὸς
1104 1729 1226 1765 εἰρήνης,
1253 1728 1301 1756 καὶ
1326 1728 1363 1760 ὡς
1386 1728 1552 1764 χειμάρρους
1574 1726 1732 1758 ἐπικλύζων
1752 1726 1826 1758 δόξαν

1033 1774 1128 1802 ἐθνῶν,
1147 1783 1156 1800 ι
1174 1774 1300 1809 Ποταμὸς
1320 1774 1370 1807 μὲν
1385 1771 1431 1800 οὖν
1446 1774 1567 1809 εἰρήνης,
1590 1772 1637 1798 καὶ
1660 1772 1827 1807 χειμάρρους

1032 1820 1148 1855 τρυφῆς,
1161 1819 1176 1845 ό
1189 1819 1325 1853 Χριστος(
1344 1818 1415 1844 οὕτω
1429 1818 1484 1854 γὰρ
1499 1817 1580 1845 αὑτὸν
1597 1818 1645 1844 καὶ
1657 1818 1672 1843 ὁ
1688 1817 1825 1847 θεσπέσιος

1033 1865 1115 1892 Δαὸὶδ
1127 1865 1254 1900 ὀνομάζει
1269 1864 1366 1898 λέγων·
1389 1873 1399 1889 ‹
1417 1865 1461 1895 Ὧς
1474 1863 1629 1898 έπλήθυνας
1641 1863 1672 1889 τὺ
1692 1863 1766 1893 ἔλεός
1780 1870 1823 1888 σου

1032 1911 1047 1937 ὀ
1062 1910 1143 1942 Θεόςί
1156 1911 1180 1936 οἱ
1191 1910 1219 1936 δὲ
1228 1910 1280 1936 υἱοὶ
1294 1909 1518 1944 τῶνάνθρώπων,
1543 1909 1572 1935 ὲν
1586 1908 1676 1943 σκέπῃ
1691 1908 1747 1934 τῶν
1763 1916 1823 1934 πτε-

1034 1956 1125 1992 ρύγων
1147 1964 1193 1981 σου
1219 1954 1362 1981 ι-ξλπιοῦσι⁸
1388 1954 1604 1990 μεθυσθήσονται
1623 1954 1679 1980 ἀπὸ
1699 1954 1750 1988 τῆς
1770 1953 1822 1979 πιό-

1032 2010 1114 2036 τητος
1129 2001 1177 2027 τοῦ
1190 2001 1266 2027 οἰκον
1283 2009 1340 2032 σου,
1358 2000 1405 2026 καὶ
1418 2000 1463 2026 τὸν
1477 2000 1648 2034 χειμάρρουν
1659 1999 1711 2034 τῆς
1726 1999 1822 2034 τρυφῆς

1034 2056 1082 2074 σου
1092 2048 1195 2078 ποτιεῖς
1212 2046 1321 2078 αὐτούς.
1336 2055 1345 2071 ι
1370 2046 1424 2073 Καὶ
1440 2046 1537 2072 πάλιν
1558 2055 1567 2070 ι
1580 2045 1634 2071 Τοῦ
1653 2045 1775 2080 ποταμοῦ
1793 2045 1822 2071 τὰ

1033 2093 1182 2128 ὁρμήματα
1202 2092 1377 2127 εὐφραίνουσι
1391 2091 1440 2126 τὴν
1457 2091 1534 2118 πόλιν
1548 2090 1596 2117 τοῦ
1610 2090 1680 2117 Θεοῦ
1697 2092 1732 2125 »)·
1754 2090 1823 2117 ἐκκέ-

1034 2138 1111 2165 κλικε
1122 2138 1160 2170 δὲ,
1175 2138 1222 2164 καὶ
1236 2135 1290 2164 οἷον
1305 2136 1555 2173 ἅμφιλαφεστάτοις
1565 2135 1686 2170 νάμασιν
1698 2136 1822 2162 ἐπέκλυσε

1034 2184 1088 2211 τῶν
1101 2183 1185 2210 ἐθνῶν
1200 2183 1250 2219 τὴν
1264 2184 1352 2215 δόξαν.
1366 2183 1498 2213 τουτέστι,
1514 2182 1545 2208 τὸ
1560 2182 1652 2216 τίμιον
1666 2181 1723 2208 τῶν
1737 2181 1820 2211 ἐθνῶν,

195 2223 249 2251 sito
263 2227 291 2250 et
304 2223 443 2250 voluntate
460 2224 556 2257 Patris,
580 2227 612 2253 ad
635 2226 782 2256 Israelitas.
804 2229 895 2263 itaque
926 2231 981 2257 ait:

1037 2232 1096 2267 ἦτοι
1120 2231 1150 2257 τὸ
1166 2230 1360 2265 δεδοξασμένον
1378 2229 1460 2255 ἅπαν.
1492 2228 1529 2254 Οὺ
1555 2228 1610 2262 γὰρ
1632 2227 1736 2258 πάντες
1750 2236 1821 2253 πεπι-

198 2279 209 2295 ‹
226 2268 285 2296 Non
309 2268 406 2296 missus
434 2277 492 2297 sum
517 2272 568 2299 nisi
599 2273 631 2299 ad
658 2274 778 2307 perditas
808 2282 872 2302 oves
886 2276 981 2304 domus

194 2313 278 2341 israei
291 2314 312 2341 ⁷.
328 2323 336 2340 ι
350 2314 415 2341 Cum
430 2323 494 2344 vero
508 2317 544 2344 illi
560 2317 640 2345 [idem
673 2321 835 2354 respuet-int,
860 2321 981 2349 declina-

194 2358 235 2385 vit
245 2358 279 2385 ab
299 2358 361 2391 iiiis,
372 2359 451 2386 sicuti
468 2361 598 2395 scriptum
612 2367 663 2393 est,
677 2367 705 2389 et
726 2365 845 2398 gentium
872 2373 984 2401 congre-

193 2404 327 2439 gationem
337 2412 369 2432 ex
385 2405 470 2434 sacris
487 2407 580 2435 rivulis
603 2409 789 2437 consolatione
811 2411 939 2445 perfudit,
956 2412 982 2440 id

193 2454 244 2482 est,
257 2450 409 2485 evangelica
424 2456 451 2478 et
479 2452 587 2480 salutari
610 2455 812 2488 praedicatione,
829 2464 876 2490 per
901 2465 981 2491 quam

193 2502 287 2529 pacem
304 2496 373 2529 apud
396 2504 456 2523 eum
478 2497 682 2530 iucrii‘ecerunt,
706 2504 733 2527 et
748 2508 796 2534 per
823 2508 904 2535 quem
926 2502 982 2536 spi-

193 2538 284 2566 ritnaii
312 2539 442 2568 societate
466 2541 604 2575 conjuncti
629 2548 692 2571 sunt
711 2552 772 2571 cum
794 2544 848 2573 Deo
867 2551 895 2573 et
929 2546 982 2574 Pa-

195 2589 247 2612 ιτα-ε.

1037 2277 1191 2308 στεὺκασιν,
1210 2276 1272 2303 οὕτε
1290 2276 1343 2311 μὴν
1357 2274 1549 2308 ἐδοξάσθησαν,
1565 2273 1623 2300 ἀλλ’
1644 2274 1683 2304 ὡς
1698 2275 1712 2299 ὁ
1727 2273 1821 2305 Παῧλός

1037 2332 1103 2359 φησι
1123 2323 1186 2357 περὶ
1209 2322 1256 2349 τοῦ
1281 2321 1349 2348 Θεοῦ
1377 2321 1425 2348 καὶ
1446 2320 1566 2356 Πατρὺςξ
1604 2329 1613 2345 ‹
1630 2319 1687 2350 Οὓς
1708 2319 1821 2354 προέγνω

1036 2370 1084 2396 καὶ
1110 2367 1247 2404 προώρισε
1271 2367 1450 2401 συμμόρφους
1474 2365 1525 2400 τῆς
1554 2365 1659 2396 εἰκόνος
1692 2364 1740 2390 τοῦ
1764 2363 1819 2390 Υἰοῦ

1036 2414 1128 2446 αὑτοῦ,
1149 2414 1261 2445 τούτους
1282 2413 1329 2439 καὶ
1343 2411 1489 2438 ἐκάλεσεν·
1509 2410 1556 2442 οὒς
1571 2410 1599 2436 δὲ
1617 2410 1744 2440 ἐκάλεσε,
1767 2409 1821 2436 τούν

1034 2467 1097 2489 τους
1116 2458 1163 2484 καὶ
1176 2458 1294 2491 ἐδόξασε.
1310 2466 1319 2482 ι
1332 2456 1368 2483 Τό
1382 2465 1414 2490 γε
1430 2456 1507 2491 μὴν,‹
1519 2454 1703 2490 Ἑκκλίνω[ν],
1715 2465 1724 2480 ›
1735 2455 1820 2489 λέγων.

1034 2503 1127 2529 δίδωσι
1143 2503 1265 2529 τοιοῦτον
1285 2502 1397 2529 ἐννοεῖν·
1422 2501 1454 2527 Ἦ
1472 2501 1520 2534 μὲν
1539 2500 1593 2535 γὰρ
1614 2500 1675 2531 ὁδὸς
1692 2500 1766 2535 αὑτῷ
1779 2500 1820 2527 καὶ

1035 2549 1143 2583 πορεία,
1159 2548 1231 2575 κατὰ
1242 2547 1370 2584 πρόθεσιν
1382 2546 1430 2573 καὶ
1442 2545 1566 2572 εὐδοκίαν
1578 2544 1626 2571 τοῦ
1642 2546 1750 2580 Πατρὸς
1761 2545 1819 2580 πρὸς

1034 2595 1098 2626 τοὺς
1120 2594 1151 2627 ἐξ
1169 2594 1286 2629 αἵματος
1308 2593 1433 2628 Ἰσραήλ·
1458 2591 1510 2627 ἔφη
1528 2585 1593 2625 γοῦν
1606 2592 1650 2617 ὅτι
1675 2601 1684 2617 ι
1699 2591 1755 2618 Οὐκ
1773 2592 1817 2618 ὰπ-

194 2629 322 2666 εστάλην,
351 2630 430 2666 εἰμὴ
454 2632 494 2663 εἰς
515 2633 551 2659 τὰ
575 2633 734 2661 ἀπολωλότα
761 2635 885 2670 πρόὸατα
907 2637 982 2663 οἴκου
1008 2637 1127 2675 Ἰσραήλ,
1160 2649 1169 2665 ι
1197 2639 1307 2674 Ἐπειδὴ
1331 2639 1360 2664 δὲ
1385 2637 1545 2664 ἀπεώσαντο
1566 2637 1616 2672 τὴν
1661 2637 1761 2669 πίστιν,
1780 2635 1815 2668 EE-

194 2675 299 2702 έκλινεν
318 2675 366 2702 ἀπ’
385 2676 473 2703 αὐτῶν
497 2677 568 2704 καθὰ
582 2677 757 2713 γέγραπται,
783 2680 832 2707 καὶ
856 2683 918 2713 ταῖς
930 2682 985 2710 τῶν
1020 2683 1106 2711 ἐθνῶν
1136 2684 1249 2718 ἀγέλαις
1264 2683 1314 2720 τὴν
1327 2684 1359 2709 ἐκ
1380 2681 1434 2708 τῶν
1451 2681 1531 2717 ἱερῶν
1546 2681 1676 2716 ναμάτων
1691 2680 1816 2716 παράκλη-

198 2729 241 2748 σιν
252 2721 405 2756 ἑχαρίσατο,
423 2722 558 2756 τουτέστι,
574 2723 604 2750 τὸ
632 2725 810 2759 εὐαγγελικὺν
830 2728 876 2754 καὶ
903 2729 1036 2764 σωτήριον
1068 2731 1210 2766 κήρυγμα,
1225 2729 1259 2757 δι’
1273 2725 1304 2756 οὗ
1319 2728 1369 2764 τὴν
1400 2728 1468 2763 πρὸς
1505 2727 1586 2754 αὑτὸν
1603 2727 1718 2763 εἰρήνην
1732 2735 1814 2762 κεκερ-

197 2767 307 2802 δήκασι,
329 2767 377 2794 καὶ
398 2767 432 2794 δι’
448 2768 530 2794 αὑτοῦ
547 2770 722 2806 συνήφθησαν
747 2773 807 2799 κατ’
828 2774 983 2810 οἰκειότητα
1001 2775 1051 2812 τὴν
1068 2776 1257 2812 πνευματικὴν
1270 2775 1309 2811 τῷ
1323 2774 1383 2810 Θεῷ
1396 2774 1444 2800 καὶ
1454 2774 1552 2809 Πατρί.

235 2833 243 2848 ¹
258 2833 350 2877 ερον..
360 2835 442 2877 131,λῇ
482 2838 492 2852 ’
511 2836 610 2877 Ephesi.
629 2846 665 2873 tv,
683 2839 724 2867 i5.
766 2841 775 2857 '
789 2841 860 2870 Psai.
874 2850 974 2871 uutv

1035 2863 1041 2872 .
1082 2844 1092 2860 ³
1106 2844 1179 2874 Psal.
1193 2853 1275 2876 xxxv,
1290 2846 1316 2877 Θ,
1328 2845 1354 2872 9.
1394 2843 1404 2858 ³
1418 2842 1487 2870 Psal.
1506 2849 1568 2873 nr,
1584 2842 1608 2869 5.
1649 2843 1660 2860 ⁸
1676 2841 1754 2869 Rom.
1765 2847 1814 2874 vtu,

199 2867 245 2900 29,
258 2867 303 2895 30.
340 2869 350 2884 '
366 2869 460 2896 Matth.
478 2879 521 2904 (ι’,
534 2867 582 2898 Ἢ.
