1893 3052
190 159 261 188 “$3

684 156 714 186 S.
735 156 871 186 CYltILLI
890 155 1129 184 ALEXANDRINI
1149 152 1310 182 ARCHIEP.

1761 148 1832 176 HN

143 245 146 247 .
189 226 222 247 ea
250 217 482 246 resuscitationem
515 216 665 250 emortuis,
688 221 714 244 et
739 225 881 252 supremas

1087 214 1145 241 ,Btbv
1158 211 1302 249 χορηγίαν,
1317 211 1358 238 ιτι
1372 218 1401 236 τι
1412 209 1479 245 πρὸς
1495 208 1600 240 τούτοις
1613 207 1662 244 τὴν
1677 208 1711 234 ὲκ
1726 207 1834 242 νεκρῶν

191 271 223 290 ac
236 270 295 297 quae
310 262 346 289 ibi
360 266 412 294 est,
424 261 537 296 gloriam
552 269 604 288 non
615 261 724 296 impune
735 261 793 290 fore
804 262 871 290 dicit
888 262 981 290 inube-

190 308 324 336 dientibus
341 307 394 335 hoc
406 308 493 334 audax
504 312 598 334 contra
611 307 670 335 illos
682 308 848 335 institutum.
879 307 980 336 Veniet

189 354 275 385 enim.
296 353 392 387 inquit,
420 354 496 388 quasi
509 353 590 388 ignis.
610 353 763 381 Descendet
777 361 893 387 namque
903 353 980 380 coeli-

189 403 234 427 tus
247 399 273 426 in
284 399 368 434 gloria
383 399 472 426 Patris
482 399 523 426 sui
536 407 597 426 cum
606 399 707 426 sanctis
720 400 833 434 angelis.
846 399 894 426 Hic
909 399 980 426 enim

190 449 233 472 est
244 452 342 472 currus
353 445 424 480 eius,
439 445 518 472 sicuti
532 451 559 472 et
572 444 599 472 in
611 444 725 473 Psalmis
740 445 904 472 celebratum
917 449 958 472 est
972 453 980 471 :

194 498 204 515 ι
223 489 326 517 Currus
339 489 385 517 Dei
400 489 494 517 decem
521 490 640 517 millibus
659 490 811 524 multiplex,
826 489 908 516 millia
933 489 981 516 la:-

192 536 305 562 tantium
319 535 352 562 ¹⁶.
373 545 384 562 ι
403 536 497 563 Veniet
510 540 601 564 autem
617 536 774 563 redditurus
793 536 924 563 ultionem
954 537 980 563 in

191 580 332 614 l'urore,et
359 581 571 616 increpationem
599 581 626 608 in
649 581 758 608 ﬂamina
788 583 867 617 ignis.
899 581 983 617 918

191 625 343 660 Increpatio
356 627 668 662 denotatabjeclionem.
686 626 763 655 Dicet
777 628 848 654 enini
866 628 908 654 his
934 628 981 662 qui

192 672 219 698 in
232 673 350 705 peccatis
365 674 462 700 mortui
476 679 557 701 sunt:
575 674 727 701 «Discedite
742 681 756 700 a
770 680 824 705 me,
834 674 979 707 maledicti,

192 719 220 745 in
239 719 328 752 ignem
345 724 487 751 atemum,
500 721 546 754 qui
565 725 731 755 praeparatus
747 725 788 747 est
811 719 918 747 diabolo
954 723 981 747 et

192 765 296 799 angelis
308 764 368 800 ejus
382 766 415 790 “.
437 775 446 791 ι
466 765 638 793 Judicabitur
663 766 747 799 enim,
763 766 862 800 inquit,
894 766 983 793 omnis

194 814 277 842 terra,
290 815 316 837 et
331 816 456 845 tanquam
475 812 564 846 gladio
576 811 674 838 divina:
686 811 733 838 ira!
745 812 878 846 percussi,
906 811 982 839 multi

192 856 417 884 vulnerabuntur.
433 856 464 884 Hi
483 857 591 884 demum
607 862 671 884 sunt
694 857 739 892 qui
758 864 852 891 pinnas
863 859 983 892 pendunt

1036 261 1196 291 ὰναὸίωσιν,
1213 259 1260 286 καὶ
1271 257 1322 289 τᾶς
1337 256 1393 283 ἄνω
1405 255 1499 291 μονὰς.
1517 255 1564 282 καὶ
1579 254 1628 289 τὴν
1643 252 1740 280 αὐτόθι
1755 252 1836 285 δόξαν

1033 307 1084 333 οὑκ
1109 306 1227 341 ἀζήμιον
1244 302 1353 330 ἔσεσθαί
1375 310 1442 338 φησι
1464 302 1521 332 τοῖς
1541 300 1666 327 ἀπειθεῖν
1692 298 1835 334 ἑλομένοις

1034 351 1109 387 αύτῷ
1122 351 1154 377 τὺ
1172 350 1218 376 ἐπὶ
1231 348 1337 380 τούτοις
1359 347 1522 382 ἐγχείρημα.
1539 345 1618 377 Ἥξει
1629 345 1686 380 γὰρ
1701 344 1741 375 ὡς
1764 343 1834 377 πῦρ,

1035 396 1101 432 φησι
1112 404 1119 410 ·
1137 395 1324 430 καταδήσεται
1339 393 1394 427 γὰρ
1410 392 1440 425 ἐξ
1453 391 1586 428 οὐρανῶν,
1605 392 1634 417 ὲν
1646 391 1681 425 τῇ
1704 389 1769 424 δόξῃ
1786 388 1834 414 τοῦ

1034 442 1142 477 Πατρὺς
1159 441 1242 468 αὑτοῦ
1264 440 1333 476 μετὰ
1349 439 1403 466 τῶν
1421 439 1508 473 ἁγίων
1527 438 1661 472 ἀγγέλων.
1676 436 1766 463 Τοῦτο
1781 435 1834 470 γὰρ

1034 489 1065 514 τὺ
1092 489 1169 523 ἅρμα
1192 487 1285 518 αὐτοῦ,
1305 486 1376 513 κατὰ
1400 485 1432 512 τὺ
1458 486 1486 511 ὲν
1509 484 1635 519 Ψαλμοῖς
1650 482 1834 518 ὑμνούμενον,

1038 543 1048 560 ι
1062 533 1099 560 Τὸ
1117 533 1194 568 ἅρμα
1212 532 1260 558 τοῦ
1281 531 1349 558 Θεοῦ
1376 529 1585 566 μυριοπλάσιον,
1610 528 1733 563 χιλιάδες
1753 525 1835 560 εὐθη-

1034 581 1162 607 νούντων.
1179 588 1189 604 »
1216 578 1295 610 Ἥξει
1318 577 1348 604 δὲ
1367 576 1514 604 ἀποδώσων
1532 575 1673 609 ἐκδίκησιν
1694 574 1724 599 ἐν
1744 572 1833 607 θυμῷ.

1035 627 1083 653 καὶ
1095 624 1337 661 ὰποσκορακισμὺν
1355 624 1384 650 ὲν
1399 623 1479 657 φλογὶ
1498 622 1595 657 πυρός.
1617 621 1646 646 '0
1665 619 1696 646 δὲ
1714 619 1834 645 ἀποσκο-

1037 673 1170 709 ρακισμὸς
1183 671 1260 706 δηλοί
1271 670 1320 705 τὴν
1334 669 1471 704 ἀποϐολήν
1483 678 1488 683 ·
1505 669 1563 703 ὲρεί
1574 668 1629 702 γὰρ
1644 668 1704 697 τοῖς
1720 663 1835 691 τεθνεῶ-

1036 727 1078 745 σιν
1102 720 1130 745 ὲν
1151 717 1310 752 ἁμαρτίαις
1339 725 1348 741 ι
1360 713 1513 751 Πορεύεσθε
1543 713 1589 739 ἀπ’
1607 711 1677 747 ἐμοῦ
1689 732 1697 743 ,
1714 717 1835 744 κατηρα-

1037 766 1124 802 μένοι,
1138 765 1177 796 εἰς
1187 764 1217 790 τὸ
1230 763 1286 798 πῦρ
1297 762 1326 789 τὺ
1336 761 1456 791 αίώνιον,
1470 760 1501 786 τὸ
1509 757 1715 795 ἡτοιμασμένον
1727 755 1770 790 τῷ
1779 756 1831 782 δια·

1037 812 1108 847 δόλῳ
1148 811 1195 837 καὶ
1221 811 1276 841 τοῖς
1302 808 1426 842 ἀγγέλοις
1447 807 1566 833 αὺτοῦ-ι
1594 805 1762 840 κριθήσεται
1785 802 1834 836 γαρ

1035 857 1118 890 οὕτω,
1140 856 1233 891 φησὶν,
1249 856 1265 890 ή
1284 855 1416 889 σύμπασα
1432 853 1478 888 γῆ,
1500 852 1547 878 καὶ
1559 851 1658 886 ὥσπερ
1681 849 1738 876 ἀπὸ
1769 850 1832 884 ῥομ-

193 901 374 934 inevitabiles,
386 907 413 929 et
428 903 454 929 in
477 901 613 929 ﬂammam
640 907 754 930 currunt
781 905 940 931 inexstinctu

1086 911 1117 934 ας
1134 903 1183 937 τῆς
1198 901 1273 932 θείας
1286 900 1372 935 ὀργῆς
1387 899 1540 934 πληγέντες
1557 897 1651 924 πολλοὶ
1664 895 1832 931 τραυματίαι

193 946 351 980 catenisque
366 953 477 974 suorum
496 952 669 982 peccatorum
683 948 836 980 constricti,
865 949 984 974 maxime

193 998 259 1018 vero
273 991 389 1018 aliorum
404 991 581 1026 subjiciuntur
595 991 737 1026 supplicio,
756 992 871 1026 inquit,"
884 992 985 1024 expiati

192 1042 220 1064 et
235 1038 340 1072 purgati
364 1038 390 1065 in
403 1038 499 1070 hortis,
516 1038 542 1065 id
559 1042 611 1070 est,
630 1038 785 1072 rejicientes
817 1037 981 1072 redemptio-

194 1091 255 1111 nem
276 1091 323 1118 per
349 1083 499 1115 Christum,
515 1088 543 1110 et
571 1088 775 1110 contemnentes
800 1084 915 1118 gratiam
938 1090 986 1118 per

193 1134 397 1157 sacrosanctum
426 1129 583 1163 baptisma,
613 1135 672 1163 quae
696 1129 828 1163 iustiﬁcat
858 1129 982 1163 impium,

193 1173 321 1208 omnique
349 1177 440 1201 errato
470 1172 589 1200 absolvit
615 1173 734 1207 peccatis
764 1179 977 1208 oonspurcatos,

193 1223 318 1246 amantes
340 1218 455 1253 denique
488 1218 516 1246 in
541 1224 637 1245 errore
661 1219 750 1252 potius
769 1223 797 1246 et
827 1219 981 1254 ignorantia

194 1265 307 1297 versari,
321 1269 348 1292 et
363 1272 416 1292 non
433 1264 498 1292 deos
531 1265 654 1298 adorare,
679 1265 725 1299 qui
748 1265 831 1292 etiam
857 1265 899 1293 usi
921 1269 985 1293 sunt

193 1312 398 1339 lustrationihus
433 1311 547 1346 impuris
584 1315 612 1338 et
641 1311 798 1340 immundis.
834 1312 984 1347 Erpiantur

192 1358 265 1384 enim
279 1361 308 1384 ut
334 1357 500 1389 existimant,
526 1363 587 1383 cum
615 1362 678 1390 erga
703 1356 806 1391 seipsos
830 1355 981 1390 falluntur;

193 1403 234 1431 vel
248 1402 321 1430 enim
334 1401 548 1437 aspergebantur
560 1402 647 1436 aquis,
667 1401 708 1428 vel
722 1401 797 1429 iaces
808 1403 900 1437 igneas
923 1408 983 1430 tan-

192 1457 272 1484 quam
287 1449 314 1476 in
330 1449 423 1476 orbem
438 1448 672 1482 circumferentes,
692 1449 797 1475 animas
814 1456 878 1476 suas
903 1448 982 1476 vitio-

193 1502 253 1522 rum
271 1493 485 1529 inquinamentis
502 1492 618 1520 fmdatas
630 1493 789 1527 abstergere
803 1493 979 1527 seputabant.

194 1542 270 1575 Quod
300 1545 391 1568 autem
425 1539 584 1568 munditiem
608 1546 716 1566 omnem
746 1546 779 1566 ac
818 1539 980 1573 probitatem

1036 951 1205 986 γενήσονται.
1226 946 1305 976 Οὗτοι
1320 948 1343 974 δ’
1361 947 1394 973 ἂν
1419 944 1473 973 εἷεν
1494 947 1517 972 οἱ
1540 946 1590 981 τὴν
1610 945 1737 980 ἄφυκτον
1759 943 1832 977 δεχό-

1039 1005 1116 1033 μενοι
1129 996 1218 1030 δίκην,
1235 995 1282 1021 καὶ
1299 995 1338 1025 είς
1355 993 1488 1020 ἄσϐεστον
1503 993 1648 1027 τρέχοντες
1670 990 1773 1025 φλόγα,
1790 989 1833 1014 καὶ

1035 1042 1140 1078 σειραῖς
1155 1041 1210 1068 τῶν
1233 1041 1307 1067 ἰδίων
1328 1038 1573 1074 πλημμελημάτων
1591 1036 1811 1071 κατεσφιγμένοι
1824 1042 1831 1050 ·

1036 1086 1153 1122 μάλιστα
1181 1085 1210 1112 δὲ
1232 1085 1289 1111 τῶν
1314 1084 1401 1112 ἄλλων
1433 1084 1663 1119 ὑπενεχθήσονται
1696 1084 1731 1118 τῇ
1760 1082 1831 1116 δίκῃ,

1037 1133 1132 1167 φησὶν,
1157 1132 1181 1158 οἱ
1207 1130 1378 1165 ἁγνιζόμενοι
1401 1131 1449 1158 καὶ
1472 1130 1686 1165 καθαριζόμενοι
1710 1129 1752 1159 εἷς
1772 1128 1832 1158 τοὺς

1034 1178 1151 1212 κήπους,
1175 1176 1332 1210 τουτέστιν,
1361 1176 1387 1202 οἱ
1411 1175 1606 1210 παρωσάμενοι
1632 1174 1683 1208 μὲν
1710 1172 1762 1207 τὴν
1790 1171 1831 1197 διὰ

1033 1222 1152 1258 Χριστοῦ
1167 1221 1311 1257 λύτρωσιν,
1325 1221 1372 1248 καὶ
1387 1221 1438 1256 τὴν
1452 1220 1497 1247 διὰ
1511 1220 1558 1246 τοῦ
1577 1219 1657 1254 ἁγίου
1674 1218 1832 1253 βαπτίσμα-

1033 1276 1079 1300 τες
1093 1268 1277 1304 ἀτιμάσαντες
1288 1268 1379 1303 χάριν,
1406 1266 1565 1293 δικαιοῦσαν
1588 1265 1636 1292 τὸν
1656 1264 1758 1299 ἀσεϐῆ,
1786 1263 1831 1289 καὶ

1034 1313 1134 1344 παντὸς
1150 1313 1313 1348 αίτιάματος
1327 1312 1553 1339 ἀπαλλάττουσαν
1575 1312 1639 1343 τοὺς
1660 1312 1724 1342 ταῖς
1743 1310 1832 1345 ἁμαρ-

1033 1359 1105 1390 τίαις
1121 1358 1344 1394 μεμολυσμένονς
1357 1366 1363 1385 τ
1378 1358 1572 1393 ἀγαπήσαντες
1587 1358 1615 1384 δὲ
1631 1357 1735 1392 μᾶλλον
1756 1356 1787 1382 τὸ
1803 1357 1830 1382 ἐν

1033 1405 1122 1441 πλάνῃ
1160 1405 1208 1431 καὶ
1228 1404 1324 1440 ἀγνοίᾳ
1347 1405 1518 1439 περιπατεῖν,
1542 1404 1590 1430 καὶ
1608 1404 1680 1435 θεοῖς
1699 1404 1757 1434 τοῖς
1782 1403 1831 1429 οὐκ

1033 1448 1093 1477 οὖσι
1107 1452 1279 1486 προσκυνεῖν,
1306 1450 1330 1477 οἳ
1349 1451 1397 1477 καὶ
1417 1451 1566 1486 κέχρηνται
1587 1450 1831 1485 περιρραντηρίοις

1033 1495 1198 1531 ἀκαθάρτοις
1217 1497 1266 1523 καὶ
1282 1497 1427 1532 ῥυπαροῖς.
1453 1495 1678 1531 Περιαγνίζονται
1701 1496 1770 1531 γὰρ,
1794 1496 1831 1528 ὠς

1032 1543 1098 1578 γοῦν
1112 1544 1225 1576 οῖονται,
1243 1543 1313 1571 κατὰ
1328 1544 1399 1578 σφᾶς
1413 1543 1511 1575 αὐτοὺς
1526 1543 1681 1574 πλανῶντες
1699 1543 1747 1569 καὶ
1763 1542 1831 1568 πλα-

193 1594 305 1622 prorsus
316 1585 497 1621 neglexerint,
514 1589 541 1612 et
570 1591 604 1612 ne
623 1586 737 1612 humana
764 1585 871 1619 quidem
892 1592 940 1613 me:

1080 1598 1159 1616 ιενοι.
1178 1590 1214 1616 Ἢ
1227 1590 1282 1625 γὰρ
1303 1588 1381 1616 ὕδασι
1401 1589 1622 1624 κατερραίνοντο,
1641 1589 1727 1624 ήγουν
1744 1589 1827 1623 δᾷδας

193 1631 296 1666 praediti
321 1631 433 1663 iuerint,
459 1631 507 1657 sed
538 1629 670 1665 iumentis
697 1629 890 1664 insipientibus
914 1630 982 1657 assi-

193 1678 281 1710 miles,
295 1677 422 1708 ostendit,
433 1683 494 1704 cum
508 1676 592 1703 dicit:
607 1674 757 1709 Expiantur
772 1676 799 1703 iu
828 1676 925 1709 hortis,
954 1675 981 1703 id

193 1728 247 1756 est,
267 1723 294 1750 in
310 1722 470 1750 nemoribus
490 1721 532 1748 vel
542 1721 630 1753 silvis,
645 1722 695 1749 sub
705 1728 806 1755 quercu
834 1725 861 1748 et
883 1721 981 1756 populo

192 1775 220 1797 et
239 1769 336 1796 arbore
365 1769 503 1795 umbrosa.
531 1767 750 1795 Exstrucbantur
781 1774 898 1801 namque
927 1767 981 1795 illic

191 1816 226 1843 ab
241 1816 305 1850 ipsis
336 1822 391 1842 arae
401 1819 428 1842 et
453 1814 564 1842 delubra
585 1814 762 1846 daemonibus,
784 1813 812 1841 in
840 1814 980 1842 vestibulis

192 1866 282 1889 autem
310 1860 485 1888 delubrorum
513 1860 640 1888 carnibus
676 1859 763 1888 suillis
790 1860 978 1888 vescebantur.

191 1908 268 1942 Quod
284 1907 390 1942 quidem
402 1912 590 1942 argumentum
602 1911 644 1933 est
665 1903 800 1934 luxuria'
821 1906 980 1934 Adorahant

193 1954 407 1982 aboruiuationcs
427 1957 455 1980 et
477 1960 592 1980 murem.
605 1952 644 1980 Eo
671 1955 743 1980 enim
760 1953 883 1980 stultitiae
911 1953 979 1987 lapsi

190 2005 270 2028 erant
288 1999 470 2034 superstitiosi
482 1999 594 2033 aliquot,
606 2003 634 2025 ut
649 1999 731 2026 etiam
748 1999 863 2025 murium
877 2003 978 2026 statuas

190 2055 222 2074 ac
235 2046 337 2081 ﬁguras
351 2046 492 2073 haberent.
530 2045 583 2072 Sed
599 2045 625 2071 hi
641 2051 744 2077 omnes,
775 2044 872 2078 inquit,
898 2043 978 2070 simul

190 2097 394 2124 consumeutur,
404 2091 431 2118 id
441 2090 599 2124 est,pariter
609 2097 669 2116 cum
682 2089 776 2116 lsraeli
784 2091 818 2117 tis
829 2090 874 2125 qui
883 2090 978 2117 inobo-

190 2137 295 2165 dientes
318 2135 440 2163 fuerunt.
469 2135 575 2162 Etenim
592 2142 602 2159 ι
622 2133 678 2169 Ego
689 2135 748 2161 novi
763 2141 845 2169 opera
870 2142 974 2169 eorum,

189 2187 217 2210 et
230 2182 424 2217 cogitatiOnem
441 2187 544 2208 eorum.
565 2188 574 2206 ι
600 2179 796 2215 Cogitationem
810 2181 873 2208 dicit
895 2182 977 2208 ratio-

189 2228 271 2260 cinia,
296 2234 356 2263 qua:
366 2226 546 2258 seculi,fteda
561 2226 618 2253 haec
646 2225 766 2253 facinora
792 2227 974 2254 invenerunt:

1033 1636 1089 1671 πῦρ
1105 1636 1328 1672 περιενεγκόντες
1345 1635 1448 1670 κύκλῳ,
1473 1635 1635 1671 διασμήχειν
1652 1635 1704 1666 τὰς
1724 1633 1827 1661 ἑαυτῶν

1031 1682 1121 1718 ψυχὰς
1136 1682 1189 1708 τῶν
1206 1683 1238 1708 ὲκ
1253 1681 1421 1716 φαυλότητος
1435 1681 1575 1716 λογισμῶν
1589 1681 1646 1717 [πί.
1659 1678 1825 1717 μολυσμῶν]

1031 1727 1127 1763 ῷοντο.
1147 1727 1210 1756 ’ζοτι
1237 1727 1264 1753 δὲ
1288 1727 1466 1762 κοσμιότητος
1491 1727 1539 1752 καὶ
1564 1726 1718 1757 ἐπιεικείας
1741 1725 1826 1756 οὐδείς

1031 1774 1090 1800 ἐστι
1105 1772 1245 1804 παντελῶς
1258 1773 1334 1808 παρά
1350 1781 1382 1807 γε
1395 1773 1452 1804 τοῖς
1469 1772 1602 1803 τοιούτοις
1620 1773 1634 1798 ό
1656 1772 1748 1805 λόγος,
1770 1770 1824 1797 ἀλλ’

1030 1819 1092 1847 οὐδὲ
1114 1819 1176 1851 νοῦς
1199 1818 1453 1854 ἀνθρωποπρεπὴς,
1479 1816 1764 1853 παρασυνεὸλήθησαν
1796 1815 1822 1842 δὲ

1032 1865 1132 1900 μᾶλλον
1160 1866 1217 1896 τοῖς
1243 1866 1355 1900 κτήνεσι
1383 1865 1439 1896 τοῖς
1473 1864 1609 1898 ἀνοήτοις,
1646 1862 1823 1889 διαδείκνυσιν

1030 1911 1126 1943 εἰπὼν,
1142 1911 1183 1937 ὃτι
1205 1910 1360 1945 ἁγνίζονται
1379 1909 1428 1944 μὲν
1449 1909 1478 1935 ὲν
1492 1909 1601 1943 κήποις,
1622 1907 1772 1938 τουτέστιν,
1796 1906 1822 1931 ὲν

1031 1959 1088 1989 τοῖς
1115 1957 1236 1989 ἄλσεσιν,
1254 1957 1338 1992 ήγουν
1360 1955 1489 1991 δρυμοῖς,
1513 1954 1643 1980 ὑποκάτω
1669 1953 1750 1987 δρυὸς
1778 1949 1822 1978 καὶ

1029 2001 1136 2037 λεύκης,
1158 2002 1205 2029 καὶ
1219 2002 1326 2037 δένδρου
1350 2000 1551 2032 συσκιάζοντος.
1580 1998 1814 2033 Ἐεῳκοδόμηνται

1028 2048 1083 2083 γὰρ
1097 2047 1161 2082 παρ’
1173 2047 1262 2073 αὐτῶν
1279 2047 1376 2074 αὐτόσε
1400 2046 1486 2081 βωμοὶ
1507 2046 1554 2072 καὶ
1572 2045 1675 2080 τεμένη
1693 2045 1750 2075 τοῖς
1767 2042 1821 2069 δαί-

1030 2102 1119 2129 μοσιν,
1141 2094 1170 2120 ὲν
1191 2093 1219 2120 δὲ
1241 2095 1297 2124 τοῖς
1327 2092 1474 2128 προθύροις
1499 2092 1553 2118 τῶν
1582 2090 1707 2125 τεμενῶν
1731 2088 1820 2124 ήοΘιον

1028 2139 1113 2174 κρέας
1125 2139 1207 2166 ὕειον.
1235 2138 1384 2172 Ἀπόδειξις
1399 2139 1426 2165 δὲ
1442 2138 1489 2164 καὶ
1503 2137 1583 2164 τοῦτο
1595 2136 1713 2171 τρυφῆς.
1737 2136 1819 2170 Πρια-

1027 2184 1142 2211 εκύνουν
1158 2185 1187 2211 δὲ
1201 2186 1250 2212 καὶ
1276 2185 1309 2212 τὰ
1328 2185 1498 2220 βδελύγματα
1522 2184 1569 2210 καὶ¹
1592 2182 1638 2208 τὸν
1664 2181 1727 2216 μῦν.
1751 2179 1819 2207 Καθ-

1029 2231 1116 2257 ίκοντο
1131 2230 1185 2266 γὰρ
1201 2231 1266 2263 ἴσως
1275 2233 1314 2263 εἰς
1333 2230 1413 2258 τοῦτο
1436 2228 1648 2266 φρενοϐλαϐείας
1666 2228 1724 2254 τῶν
1743 2227 1818 2253 6am-

134 2270 139 2275 ’
189 2275 261 2302 unde
281 2260 338 2301 ista:
363 2272 444 2300 etiam
467 2272 682 2299 abominationes
712 2273 879 2307 irrepserunt

1074 2276 1161 2311 μόνων
1177 2277 1259 2308 τινὲς,
1276 2276 1314 2308 ὡς
1333 2277 1380 2303 καὶ
1405 2276 1480 2311 μυῶν
1502 2274 1574 2310 ἔχειν
1589 2275 1618 2301 ὲν
1639 2275 1735 2308 σηκοῖς
1752 2271 1817 2307 ἱδρύ-

189 2327 271 2346 nnmn
284 2323 379 2345 natura
394 2322 421 2344 et
437 2324 499 2344 vere
523 2316 606 2344 Deum
620 2317 708 2345 colere
722 2318 896 2352 oportuisset.

1032 2322 1104 2355 ματά
1118 2330 1147 2348 τε
1165 2322 1212 2348 καὶ
1226 2322 1338 2354 τύπους.
1357 2321 1427 2348 Ἀλλ’
1438 2318 1509 2348 οὗτοι
1527 2321 1641 2351 πάντες,
1663 2319 1759 2354 φησὶν,
1776 2317 1817 2343 ἐπὶ

188 2364 219 2391 τὸ
242 2363 308 2390 αὐτὸ
329 2362 559 2398 ἀναλωθήσονται,
580 2363 729 2396 τουτέστιν,
757 2363 826 2398 ὁμοῦ
859 2365 916 2395 τοῖς
939 2364 1121 2402 ἀπειθήσασιν
1149 2367 1178 2400 ἐξ
1213 2367 1339 2402 Ἰσραήλ’
1355 2376 1365 2393 ι
1392 2367 1464 2401 Ἐγὼ
1485 2365 1540 2401 γὰρ
1568 2365 1654 2399 ἔγνων
1690 2364 1725 2390 τὰ
1754 2363 1818 2398 ἔργα

187 2410 278 2438 αὐτῶν
293 2410 399 2438 καὶτὸν
424 2410 553 2445 λογισμὸν
565 2409 665 2438 αὐτῶν.
679 2420 688 2436 ι
710 2411 848 2446 Δογισμδν
865 2412 892 2438 δέ
911 2421 977 2447 φησι
1013 2415 1062 2446 τὰς
1081 2415 1251 2451 ἐνθυμήσεις,
1269 2412 1313 2446 αἷς
1341 2414 1573 2450 ἀκολουθήσαντες
1585 2412 1707 2448 αἰσχρῶν
1725 2413 1819 2444 ἐπιχει-

189 2459 319 2494 ρημάτων
333 2458 476 2493 γεγόνασιν
492 2458 612 2493 εὑρεταὶ,
627 2458 660 2485 δι’
674 2455 711 2485 ὦν
731 2459 822 2490 αὐτοῖς
837 2460 884 2486 καὶ
911 2461 928 2495 ή
958 2461 1012 2488 τῶν
1032 2462 1224 2498 βδελυγμάτων
1244 2463 1356 2498 γέγονεν
1376 2461 1501 2497 εἰσφορὰ,
1523 2461 1613 2488 καίτοι
1637 2460 1696 2486 δέον
1724 2459 1764 2485 ἑνὶ
1782 2458 1818 2493 τῷ

187 2507 268 2541 φύσει
292 2506 339 2533 καὶ
355 2505 462 2540 ἀληθῶς
475 2505 616 2541 λατρεύειν
630 2506 700 2541 Θεῷ.

225 2552 304 2580 Vens.
324 2551 414 2585 l8,19.
436 2550 516 2577 Venio
532 2555 560 2578 ut
570 2559 722 2586 congregem
738 2561 825 2579 omnes
839 2558 926 2588 gentes
951 2560 972 2580 et

1070 2555 1205 2588 Ἔρχομαι
1225 2553 1408 2588 συναγαγεῖν
1425 2553 1523 2579 πάντα
1537 2552 1573 2579 τὰ
1592 2552 1677 2585 ἔθνη,
1697 2552 1748 2578 καὶ
1768 2552 1817 2584 τὰς

187 2598 302 2633 linguas.
317 2597 351 2623 Et
373 2597 485 2629 venient,
512 2606 543 2624 ac
555 2597 679 2624 videbunt
692 2598 805 2632 gloriam
823 2607 909 2626 meam
922 2606 931 2625 :

1068 2600 1179 2632 ώσσας.
1199 2600 1254 2626 Καὶ
1274 2599 1394 2633 ἥξουσι,
1424 2598 1472 2626 καὶ
1495 2598 1623 2632 ὄψονται
1645 2597 1705 2631 τὴν
1727 2597 1815 2629 δόξαν

186 2643 317 2669 dimittam
341 2651 420 2676 super
448 2651 490 2670 eos
507 2643 628 2678 signum:
659 2643 739 2678 917
754 2649 777 2671 et
806 2645 923 2671 emittam
946 2654 979 2672 ea:

188 2689 244 2715 iiiis
259 2690 305 2723 qui
322 2688 418 2714 saluati
443 2688 540 2723 fuerint
555 2690 589 2715 ad
608 2694 706 2722 gentes,
723 2694 747 2717 et
770 2690 804 2716 ad
824 2690 940 2723 Tharsis,
953 2697 978 2719 et

186 2734 213 2760 in
228 2733 397 2765 Plaud,Lud,
414 2732 531 2767 Horatii,
556 2739 580 2762 et
605 2734 710 2768 Thobel,
742 2741 765 2763 et
782 2737 810 2763 in
834 2736 974 2770 (Im-ciam,

186 2784 210 2805 et
233 2778 334 2806 insulas
347 2785 469 2812 remotas,
481 2781 526 2815 qui
542 2788 593 2807 non
603 2781 742 2808 audierunt
757 2790 848 2810 nomen
875 2790 972 2815 meum,

223 2864 245 2879 “
257 2864 328 2894 Psal.
343 2873 426 2900 um,
440 2866 483 2893 l8.
523 2867 542 2882 ¹¹
559 2865 653 2894 Matth.
673 2875 735 2900 xxv,
751 2868 795 2895 Al.

1024 2655 1093 2680 μου,
1124 2646 1175 2672 καὶ
1207 2646 1379 2679 καταλείψω
1403 2645 1449 2671 ἐπ’
1476 2643 1587 2676 αὐτοὺς
1615 2643 1743 2677 σημεῖα,
1770 2641 1814 2668 καί

1025 2689 1220 2723 ἐξαποστελῶ
1234 2691 1268 2723 ἐξ
1281 2690 1381 2717 αὐτῶν
1400 2689 1615 2724 σεσωσμένους
1628 2689 1673 2721 εὶς
1685 2689 1722 2714 τὰ
1735 2687 1813 2720 ἔθνη,

1025 2738 1072 2765 καὶ
1085 2739 1127 2770 εις
1139 2737 1274 2772 Θαρσεῖς,
1291 2737 1340 2764 καὶ
1361 2736 1451 2770 Φοὺδ,
1461 2736 1509 2763 καί
1521 2735 1604 2763 Λοὺδ
1613 2755 1620 2767 ,
1638 2735 1687 2761 καὶ
1703 2733 1814 2768 Μοσὸχ,

1025 2784 1073 2810 καί
1090 2783 1192 2818 Θοεὲλ,
1211 2783 1260 2810 καί
1272 2784 1314 2817 είς
1336 2783 1394 2818 τὴν
1416 2781 1558 2815 Ἑλλάδα,
1575 2781 1625 2808 καὶ
1640 2782 1684 2814 είς
1698 2780 1750 2813 τὰς
1765 2778 1815 2814 νή-
