1893 3052
77 163 148 192 16ιὸ

627 159 661 186 IN
681 159 797 186 iSAlAM
818 158 882 186 LIB.
904 158 936 186 ν.
957 158 1074 188 TOMUS
1095 159 1136 188 Vl.

1634 161 1701 192 “66

75 229 154 255 σονς
168 220 220 255 τὰς
232 222 342 256 stippa),
360 221 388 248 οἳ
404 222 459 247 οὐκ
472 220 624 254 ἀκηκόασί
637 229 696 255 μου
710 220 744 246 τὸ
764 220 857 254 ὄνομα

920 228 1001 255 neque
1016 221 1135 247 viderunt
1152 218 1264 254 gloriam
1279 228 1374 252 meum,
1388 221 1630 256 annuntiabuntque
1641 221 1698 256 glo-

76 268 149 294 οὐδὲ
170 266 316 301 ἑωράκασι
338 267 394 301 τὴν
408 266 502 298 δόξαν
513 275 584 301 μου,
600 267 648 293 καὶ
663 266 865 302 (translatio!

73 322 125 348 μοι
139 313 198 347 τὴν
209 312 304 344 δόξαν
316 312 351 340 ἐν
363 313 426 346 τοῖς
444 313 574 340 ἔθνεσιν.

125 358 367 394 Λνακεφαλαιωσιν
388 358 481 393 ὥσπερ
502 358 563 385 τινὰ
579 357 626 384 τοῦ
651 358 750 388 παντὸς
773 357 862 392 λόγου,

76 404 122 430 καὶ
139 404 248 439 ἁπάσης
271 405 441 439 προφητείας
461 404 505 432 διὰ
524 403 638 431 τουτωνὶ
657 398 774 430 ποιεῖται
797 404 864 439 Χρι-

75 449 148 481 οτδς,
165 450 210 476 καὶ
224 449 262 480 ὡς
278 450 306 476 ἐν
336 449 447 485 βραχέσι
467 450 514 477 καὶ
531 449 753 484 συνεσταλμένως
772 449 864 483 ἀπαγ-

75 495 165 530 γέλλει
190 494 225 522 τὰ
252 496 300 522 ἀπ’
326 495 414 530 ἀρχῆς
434 495 515 531 μέχρι
535 495 639 527 τέλους.
654 495 703 522 καὶ
724 495 774 530 τῆς
795 494 864 530 μετὰ

76 540 178 577 σαρκὸς
200 540 356 575 οἰκονομίας
377 541 428 575 τὴν
449 541 573 576 δύναμιν.
598 541 787 576 Διαμέμνηται
808 540 863 576 γὰρ

74 587 121 612 καὶ
137 587 187 621 τῆς
198 585 321 621 κλήσεως
332 586 387 612 τῶν
402 585 495 619 ἐθνῶν,
510 587 557 612 καὶ
570 587 619 622 τῆς
630 587 684 612 τῶν
697 587 781 620 ἁγίων
795 587 863 613 ἁπο-

74 632 178 658 σςόλων
199 631 368 664 ἀναδείξεως,
391 632 437 658 καὶ
453 633 494 658 ὃτι
513 633 765 668 προσχυνηθήσεται
787 633 862 667 παρὰ

74 678 166 713 πάσης
181 679 231 713 τῆς
246 678 290 704 ὑπ’
301 677 425 712 οὐρανόν.
451 678 478 704 '0
493 679 541 712 μὲν
556 678 609 713 γὰρ
627 678 710 704 πάλαι
726 678 816 712 νόμος,
832 677 862 704 ἓν

73 721 120 747 καὶ
136 720 216 756 μόνον
229 722 382 756 συνήγαγεν
390 721 559 756 ἐθνος,δῆλον
570 722 597 748 δὲ
607 722 686 748 ὅτιτὸ
698 722 728 754 ἐξ
742 721 860 757 Ἰσραὴλ,

73 767 120 794 καὶ
138 767 204 801 μίαν
218 767 330 794 ἐκάλεσε
346 767 482 801 γλῶσσαν.
498 767 528 794 '0
549 767 578 793 δὲ
592 767 693 802 Κύριος
713 767 791 802 ήμῶν
811 767 862 802 Ίη-

74 813 137 845 non;
152 813 269 848 Χριστὸς
291 812 352 847 οὐχὶ
375 813 465 847 μόνοις
488 814 544 844 τοῖς
560 813 589 846 ἐξ
608 813 723 848 αἳματος
741 813 858 848 Ἰσραὴλ,

71 858 121 892 τῆς
136 859 206 893 μετὰ
224 857 323 893 σαρκὸς
339 858 492 893 οἰκονομίας
507 858 557 894 τὴν
578 858 692 893 δύναμιν
707 859 859 894 ἐχαρίζετο,

73 904 142 930 ἀλλὰ
163 903 216 939 γὰρ
236 903 308 930 ἔθνει
323 904 404 930 παντὶ
428 904 474 929 καὶ
492 903 609 935 ἁπάσαις
625 903 771 937 γλώσσαις.
789 904 861 938 Ἔφη

73 949 137 983 γοῦν
160 949 205 976 διὰ
232 949 282 984 τῆς
304 949 350 975 τοῦ
375 949 528 980 Ψάλλοντος
546 948 646 983 λύρας⁸
671 957 681 974 ι
715 948 861 975 Ἀκούσατε

73 993 172 1027 ταῦτα,
186 994 274 1021 πάντα
290 994 323 1021 τὰ
334 994 396 1029 ἔθνη
408 1002 414 1009 ·
430 993 604 1026 ἐνωτίσασθε,
617 993 716 1025 πάντες
732 995 756 1020 οῑ
771 1002 861 1020 κατοι-

73 1038 185 1071 κοῦντες
197 1039 246 1075 τὴν
265 1039 426 1074 οέκουμένην
438 1048 444 1055 ·
464 1048 474 1065 t
492 1038 590 1065 οὐκοῦν
600 1038 723 1070 ἅπαντας
738 1039 787 1073 μὲν
798 1047 861 1066 συν-

74 1084 140 1117 άξω,
154 1084 237 1119 φησίν
248 1092 255 1099 ·
273 1093 283 1110 ι
299 1085 423 1118 Ἥξουσι,
439 1084 486 1110 καὶ
496 1083 607 1118 δψονται
617 1083 667 1118 τὴν
679 1083 756 1117 δόξαν
773 1093 834 1120 μου,
845 1093 856 1111 ι

73 1130 229 1166 Κέκληνται
242 1130 296 1166 γὰρ
306 1130 483 1162 διὰπίστεως,
494 1129 541 1156 καὶ
550 1128 574 1155 οἰ
586 1129 651 1157 ποτὲ
663 1130 772 1165 μακρὰν
784 1130 860 1162 ὄντες

73 1177 218 1211 γεγόνασιν
239 1178 332 1211 ἐγγὺς,
354 1177 401 1203 καὶ
424 1175 566 1203 τεθέανται
586 1175 637 1211 τὴν
659 1175 737 1208 δόξαν
756 1176 838 1203 αὺτοῦ
851 1184 857 1192 ·

74 1223 144 1255 πῶς,
164 1223 181 1258 ἢ
199 1223 260 1249 τινα
273 1222 385 1258 τρόπον;
397 1222 544 1257 ’Δκηκόασι
556 1222 610 1257 γὰρ
625 1221 669 1248 διὰ
681 1222 735 1248 τῶν
745 1219 860 1256 εὐαγγεὲ

72 1269 154 1296 λικῶν
179 1269 375 1305 κηρυγμάτων,
391 1269 432 1295 ὅτι
449 1268 496 1295 καὶ
514 1267 637 1303 ίσουργὸς
653 1268 699 1294 καὶ
720 1268 859 1304 ίσοσθενής

72 1315 129 1341 tm
143 1313 184 1349 τῷ
196 1313 255 1349 Θεῷ
269 1314 316 1340 καὶ
329 1313 428 1349 Πατρὶ,
440 1312 554 1343 καὶ.τῶν
568 1313 638 1349 ὑπὲρ
656 1313 734 1347 λόγον
748 1314 859 1347 γέγονεν

72 1358 265 1394 ἀποτελεστὴς,
274 1357 345 1385 ὥστε
354 1358 401 1385 καὶ
413 1358 527 1394 νεκροὺς
536 1358 568 1385 ὲκ
582 1366 634 1393 μνη
639 1359 731 1393 μάτων
742 1359 856 1394 ἐγεῖραι,

73 1405 118 1433 καὶ
134 1405 245 1440 τυφλοῖς
264 1405 364 1432 ἐνεῖναι
385 1404 416 1431 τὸ
432 1404 500 1438 φῶς,
518 1404 599 1440 ἕτερά
621 1408 651 1430 τε
668 1404 735 1440 πρὸς
754 1404 859 1436 τούτοις

71 1450 241 1486 ἐργάσασθαι
257 1449 292 1476 τὰ
308 1448 408 1480 παντὸς
426 1448 489 1481 ἀξια
504 1448 552 1474 καὶ
576 1448 666 1482 λόγου,
684 1449 731 1475 καὶ
754 1448 859 1483 θαύμα-

72 1503 126 1528 τος.
139 1495 245 1530 Ἤγουν
256 1494 316 1522 καθ’
331 1494 425 1530 ἕτερον
439 1495 552 1529 τρόπον’
567 1494 710 1521 τεθέανται
720 1493 768 1529 τὴν
782 1494 859 1527 δόξαν

72 1540 165 1573 αὐτοῦ,
190 1539 450 1576 μυσταγωγηθέντες
472 1540 513 1567 ὅτι
533 1538 599 1570 Θεὸς
612 1536 646 1574 ἦν
671 1539 685 1565 ὁ
699 1539 795 1573 Λόγος,
810 1539 858 1566 καὶ

72 1568 196 1621 γέγονεν¹
207 1568 366 1622 ἄνθρωπος.-
384 1586 415 1612 οὑ
429 1568 484 1621 γὰρ
501 1585 572 1612 κατὰ
588 1568 653 1617 ζιτοίδς
673 1568 815 1617 Ἰουδαίους
832 1586 857 1612 ol.
871 1568 895 1599 Ο

73 1632 102 1666 ἐξ
119 1631 205 1659 ὲθνῶν
224 1632 352 1667 εἰρήκασι
363 1638 370 1645 ·
388 1639 397 1656 ι
421 1630 497 1657 Διατί
515 1630 547 1656 σὺ
560 1629 701 1666 ἄνθρωπος
713 1630 751 1657 ὢν
772 1632 859 1662 ποιεῖς

73 1677 184 1704 σεαυτὸν
203 1677 288 1709 Θιόν;
314 1686 325 1702 ι
347 1676 549 1710 Ἐπεγνωκότες
575 1676 604 1702 δὲ
637 1675 737 1711 μᾶλλον
762 1675 791 1702 τὸ
815 1676 858 1702 ἐπ’

73 1722 148 1757 αὐτῷ
166 1720 381 1756 μυστήριον,τὰς
397 1721 471 1756 ἱερὰς
483 1721 590 1752 ὲκείνας
601 1721 736 1748 ὰναὸοῶσι
751 1721 858 1755 φωνάς·

75 1776 85 1794 ι
107 1767 144 1794 Σὺ
157 1765 183 1794 si
195 1768 209 1795 ὀ
219 1767 335 1803 Χριστὸς
349 1767 364 1793 ό
379 1767 442 1798 Υιὸς
454 1766 500 1793 τοῦ
513 1766 580 1792 Θεοῦ
598 1766 646 1792 τοῦ
659 1766 769 1799 ζῶντος,
789 1775 800 1792 t
812 1766 860 1793 καὶ

74 1813 127 1848 μὴν
139 1814 250 1840 κάκεῖνο
265 1812 334 1847 πρὸς
350 1811 437 1847 τούτῳ
453 1811 484 1838 τὸ
504 1812 548 1838 διὰ
567 1812 621 1838 τῶν
643 1812 727 1846 ἁγίων
741 1812 859 1839 ἀποστό-

72 1859 135 1892 λων,
157 1867 167 1885 ι
192 1858 312 1894 ’Δληθῶς
324 1859 391 1885 Θεοῦ
406 1858 470 1890 Υἱὸς
484 1857 518 1885 εἴ.
537 1868 546 1884 t
567 1858 691 1885 Τέοειται
706 1859 734 1885 δὲ
754 1859 800 1885 καὶ
815 1859 858 1885 ἐπ’

72 1906 165 1936 αὐτοῖς
185 1906 297 1940 σημεῖον
308 1912 314 1919 ”
329 1905 368 1937 ὠς
382 1905 436 1940 γὰρ
453 1905 467 1931 ὸ
481 1904 586 1936 Παῦλὸς
606 1913 688 1939 φησιν
699 1924 706 1937 ,
722 1914 731 1930 ι
743 1905 860 1940 Ἐσφρα-

72 1950 206 1986 γίσθημεν
222 1950 261 1985 τῷ
278 1951 414 1985 πνεύματι
436 1951 485 1986 τῆς
501 1950 724 1985 ἀπολυτρώσεως,
738 1951 785 1977 καὶ
799 1952 860 1982 ταῖς

72 1997 201 2024 ἁπάντων
225 1996 303 2032 ήμῶν
327 1997 452 2032 καρδίαις
479 1996 656 2032 ὲνεμορφώοη
676 1996 794 2031 Χριστὸς
815 1997 860 2024 διὰ

75 2043 192 2079 μετοχῆς
199 2042 246 2069 τοῦ
257 2043 335 2076 ἁγίου
346 2042 512 2077 Πνεύματος.
525 2051 534 2068 t
551 2042 617 2068 Ἀπὸ
626 2042 654 2067 δέ
662 2051 693 2076 γε
700 2042 755 2068 τῶν
763 2043 860 2069 ἀνασε-

74 2088 233 2124 σωσμένων,
246 2088 337 2123 φησὶν,
350 2087 489 2114 ἀποστελῶ
500 2088 540 2119 εις
555 2087 590 2114 τὰ
606 2087 680 2121 ἔθνη,
705 2088 745 2117 εἰς
766 2087 860 2113 τούσδε

73 2135 121 2161 καὶ
130 2134 234 2161 τούσδε.
247 2134 331 2169 Ἐθνη
342 2134 370 2160 δὲ
380 2134 468 2160 ταῦτα.
482 2133 516 2160 τὰ
529 2133 577 2169 μὲν
593 2134 633 2166 εις
645 2134 774 2168 ἑσπέραν,
787 2134 821 2160 τὰ
831 2134 860 2161 δὲ

74 2181 114 2212 εἰς
130 2179 184 2215 ἠῶ,
199 2188 232 2206 τα
244 2179 271 2206 δὲ
288 2180 334 2205 καὶ
357 2179 387 2205 ὲν
411 2180 467 2210 τοῖς
479 2179 669 2214 βορειοτέροις,
686 2180 769 2214 ήγουν
790 2179 861 2206 κατὰ

919 266 985 292 riam
1002 273 1085 292 meam
1096 266 1164 292 inter
1171 269 1269 299 gentes.

949 352 1185 387 Anacephalaeosin
1206 353 1350 387 quamdam
1365 353 1439 380 hisce
1467 353 1557 381 verbis
1574 353 1639 382 facit
1658 359 1698 382 to-

915 398 967 425 tius
991 399 1124 426 orationis
1151 403 1179 426 et
1202 399 1284 426 totius
1305 399 1452 433 prophetiae
1480 399 1604 428 Christus
1631 410 1638 428 :
1671 405 1698 428 et

913 443 1032 470 breviter
1047 444 1178 479 quasique
1191 445 1329 472 succincte
1341 452 1402 479 quat
1414 445 1448 472 ab
1473 445 1549 472 ittitio
1562 446 1594 472 ad
1618 446 1697 473 linem

914 496 998 523 usque
1021 488 1092 516 facta
1119 494 1191 522 sunt,
1227 491 1407 524 virtutemque
1432 490 1641 524 dispensationis
1669 491 1696 517 itt

912 541 994 561 carne
1007 535 1124 569 expedit.
1141 535 1342 562 Commemorat.
1367 535 1440 562 enim
1471 540 1497 562 et
1528 536 1697 563 vocationem

912 580 1030 615 gentium
1051 586 1077 607 et
1089 587 1245 608 sanctorum
1267 581 1451 616 apostolorum
1476 580 1696 615 patelactionettt,

912 630 939 651 et
960 627 1030 659 quod
1057 627 1092 653 ab
1121 627 1247 654 universo
1273 632 1406 654 terrarum
1433 628 1499 654 orbe
1528 626 1695 654 :tdoraltitttr.

914 669 996 698 Vetus
1010 671 1082 697 enim
1097 671 1138 697 lex
1153 679 1231 699 uitam
1243 673 1327 700 solani
1342 678 1461 708 gentem,
1473 673 1598 700 nimirum
1611 673 1698 701 lsrae—

912 715 1012 743 liticam
1023 718 1206 751 congregavit,
1225 724 1250 744 et
1262 726 1340 744 uttattt
1356 719 1472 753 linguam
1495 719 1610 745 vocavit.
1643 719 1695 745 Do-

911 760 999 787 minus
1011 765 1099 787 autent
1112 766 1204 788 noster
1216 761 1294 789 Jesus
1308 761 1432 789 Christus
1456 770 1508 789 non
1526 763 1591 790 solis
1609 763 1696 790 lsrae—

911 805 984 833 litico
995 807 1125 841 sanguine
1136 808 1202 835 ortis
1214 807 1341 835 virtutem
1354 808 1565 842 dispensationis
1583 809 1609 835 iit
1635 817 1696 836 car-

912 859 945 879 ne
959 851 1101 886 impertiit,
1115 853 1162 879 sed
1181 854 1253 879 omni
1267 859 1295 880 et
1304 854 1376 887 genti
1388 859 1417 881 et
1436 853 1542 887 linguas.
1555 855 1694 888 Siquidem

877 897 898 925 Β
913 898 979 924 dixit
996 905 1044 932 per
1072 898 1157 934 lyram
1183 898 1323 927 Psallentis
1338 909 1345 927 :
1376 909 1386 926 ι
1400 901 1497 927 Audite
1522 901 1588 932 haec,
1601 909 1695 929 omnes

911 949 1016 978 gentes;
1036 944 1187 972 auscultate
1211 953 1305 972 omnes
1321 945 1366 980 qui
1397 946 1523 973 habitatis
1547 947 1692 973 orbem".t

911 988 1027 1016 l’roittde
1050 997 1154 1023 omnes,
1174 991 1279 1025 inquit,
1293 993 1472 1027 cottgregabo.
1500 1001 1509 1017 ι
1525 992 1650 1024 Venient,
1667 998 1695 1020 et

912 1033 1040 1061 videbunt
1070 1035 1183 1070 gloriam
1212 1044 1336 1064 meam.»
1361 1037 1428 1064 Nam
1463 1045 1512 1072 per
1541 1038 1619 1065 [idem
1649 1046 1696 1065 vo-

910 1079 963 1106 cati
992 1085 1075 1114 sunt,
1098 1086 1127 1108 et
1145 1082 1190 1115 qui
1211 1083 1346 1116 quondam
1371 1083 1483 1110 aberant
1508 1085 1611 1117 procul,
1632 1083 1695 1110 facti

910 1129 974 1151 sunt
988 1125 1140 1160 propinqui,
1161 1131 1189 1152 et
1207 1127 1379 1162 contemplati
1407 1133 1469 1155 sunt
1496 1129 1607 1163 gloriam
1627 1129 1695 1162 ejus.

909 1168 962 1201 Qui
985 1173 1012 1196 et
1037 1170 1188 1204 quomodo?
1214 1171 1381 1198 Audiverunt
1411 1173 1482 1198 enim
1506 1179 1539 1199 ex
1559 1172 1695 1208 Evangelii

909 1214 1110 1249 praedicatione,
1121 1223 1182 1243 eum
1195 1216 1325 1251 aequalem
1341 1221 1395 1243 ttttn
1419 1218 1545 1251 operibus
1566 1223 1621 1244 tuttt
1648 1226 1696 1253 po-

900 1259 993 1286 tentia
1014 1259 1069 1287 Deo
1095 1265 1122 1288 et
1145 1260 1218 1288 Patri
1243 1268 1314 1293 esse,
1342 1267 1370 1289 et
1384 1269 1416 1289 ea
1442 1263 1556 1297 gessisse
1579 1270 1638 1296 qua:
1651 1271 1696 1290 ex-

909 1305 1003 1340 plicari
1016 1307 1106 1334 verbis
1120 1314 1173 1334 non
1192 1313 1316 1341 possunt,
1330 1308 1397 1334 adeo
1411 1312 1439 1334 ut
1458 1312 1578 1336 ntortuos
1592 1309 1695 1336 excita-

910 1350 945 1378 rit
955 1358 969 1377 e
984 1351 1173 1385 monumentis,
1184 1356 1211 1380 et
1222 1353 1300 1380 caecis
1314 1352 1403 1379 lumen
1421 1353 1575 1386 immiserit,
1589 1354 1694 1388 aliaque

908 1396 943 1423 ad
957 1396 1014 1424 hac
1027 1402 1153 1431 operatus
1166 1396 1257 1430 fuerit,
1274 1405 1334 1432 quae
1349 1405 1399 1425 nec
1422 1405 1551 1426 enarrare
1571 1406 1621 1426 nec
1646 1400 1695 1426 ad-

909 1442 1002 1469 mirari
1023 1443 1088 1470 satis
1117 1451 1268 1478 possumus.
1298 1442 1344 1471 Vel
1373 1443 1426 1471 alio
1447 1444 1527 1472 modo
1546 1453 1553 1471 :
1570 1445 1696 1472 viderunt

908 1488 1022 1523 gloriam
1037 1488 1107 1522 ejus,
1131 1489 1243 1516 instituti
1256 1494 1284 1516 et
1297 1490 1394 1522 edocti,
1412 1489 1494 1517 Deunt
1503 1497 1563 1518 esse
1578 1490 1694 1518 Verbum

909 1539 937 1560 et
952 1534 1090 1561 hominem
1105 1542 1165 1562 esse
1178 1534 1290 1562 factum.
1304 1534 1362 1562 Non
1373 1534 1457 1568 ettim,
1478 1540 1506 1562 ut
1530 1534 1626 1568 Judaei,
1655 1538 1695 1563 sic

910 1585 1003 1615 gentes
1017 1581 1159 1607 dixerunt:
1178 1589 1187 1606 ι
1209 1580 1300 1613 Quare
1319 1586 1347 1608 tu
1377 1589 1439 1609 eum
1453 1581 1491 1608 sis
1516 1582 1605 1614 ltomo,
1629 1582 1695 1609 tat-is

911 1632 937 1654 te
957 1627 1045 1662 ipsum
1075 1627 1239 1654 Dettttt"?t
1269 1628 1324 1654 lino
1351 1636 1412 1655 cum
1438 1628 1610 1662 agnovissent
1638 1629 1697 1662 ejus

910 1674 1079 1708 mysterium,
1108 1681 1202 1700 sacras
1230 1673 1288 1701 illas
1319 1679 1444 1700 resonant
1468 1681 1586 1701 vocesu
1605 1674 1643 1701 Tu
1666 1681 1697 1701 es

909 1718 1031 1746 Christus
1045 1718 1129 1746 Filius
1141 1719 1186 1746 Dei
1203 1719 1317 1747 viventis
1330 1719 1382 1746 ιδ.»
1396 1720 1430 1746 Et
1441 1720 1505 1746 illud
1519 1727 1609 1754 porro,
1624 1721 1695 1755 quod

909 1770 926 1790 a
942 1763 1043 1791 sanctis
1057 1763 1186 1798 apostolis
1202 1764 1301 1790 dictutn
1332 1769 1394 1791 est:
1413 1774 1422 1790 ι
1451 1764 1518 1792 Vere
1548 1764 1595 1793 Dei
1611 1765 1696 1792 Filius

909 1815 940 1835 es
957 1808 988 1835 ¹⁵.
1004 1818 1014 1835 t
1029 1809 1136 1836 Editunt
1153 1814 1194 1836 est
1206 1817 1312 1843 quoque
1335 1811 1440 1845 signum
1458 1811 1527 1845 apud
1544 1818 1600 1838 eos.
1615 1810 1696 1844 Nam,

910 1859 939 1880 ut
956 1853 1054 1881 Paulus
1064 1855 1123 1882 ait:
1145 1864 1154 1880 ι
1170 1855 1306 1889 Obsignati
1333 1863 1425 1882 sutttus
1453 1857 1548 1889 spiritu
1580 1857 1695 1890 promis-

909 1899 1004 1930 sionis,
1020 1900 1176 1927 etomniuttt
1190 1901 1315 1928 cordibus
1328 1901 1475 1936 impressus
1491 1907 1518 1928 et
1535 1902 1695 1929 informatus

909 1950 951 1972 est
966 1945 1089 1972 Christus
1102 1947 1311 1981 participatione
1333 1947 1420 1973 sancti
1446 1947 1564 1982 Spiritus
1580 1948 1613 1974 ”.
1630 1957 1639 1973 t
1656 1948 1695 1975 Ex

911 1991 944 2018 iis
960 1991 1005 2025 qui
1019 1991 1112 2018 salvati
1136 1992 1247 2026 fuerint,
1275 1993 1372 2028 inquit,
1390 1994 1510 2020 emittant
1538 1993 1571 2020 ad
1599 1999 1695 2028 gentes

911 2037 978 2064 alias
996 2042 1075 2071 atque
1088 2038 1165 2066 alias.
1183 2038 1251 2066 Sunt
1263 2040 1334 2066 enim
1360 2045 1454 2074 gentes
1472 2039 1523 2070 hat,
1540 2040 1635 2073 pattint
1662 2041 1694 2065 ad

911 2082 1088 2116 occidentem,
1116 2084 1213 2118 partim
1232 2085 1265 2110 ad
1299 2083 1543 2119 orientem.918
1573 2085 1693 2119 quaedam

912 2129 938 2155 itt
953 2128 1037 2163 plagis
1055 2129 1088 2156 ad
1099 2130 1251 2163 aquilonem
1273 2130 1457 2164 vergentibus,
1482 2136 1509 2155 et
1533 2130 1557 2156 itt
1586 2130 1694 2164 regione

911 2172 1067 2200 Gra-corutn
1090 2181 1122 2200 ac
1143 2174 1237 2200 insulis
1268 2174 1451 2200 ulterioribus.
1470 2183 1479 2199 ι
1498 2173 1570 2206 Illic,
1596 2174 1693 2208 inquit,

74 2227 124 2262 τήν
144 2226 278 2261 Ἐλλήνων
297 2225 400 2261 χώραν,
417 2225 464 2251 καὶ
486 2225 525 2256 εις
539 2225 589 2255 τὰς
604 2225 733 2252 ἐπέκεινα
752 2227 859 2261 νήσους.

915 2218 1112 2245 anttuntiabuttt
1127 2219 1239 2252 gloriant
1255 2227 1368 2246 meant.t
1384 2218 1443 2246 Non
1468 2220 1539 2246 enim
1560 2219 1693 2246 silui-runt

79 2272 182 2304 «Ἐκεῖ,
191 2271 285 2306 φησὶν,
300 2270 535 2305 ἁναγγελοῦσιτὴν
545 2270 615 2306 ὲμὴν
624 2270 712 2303 δόξαν.
728 2280 738 2296 t
754 2271 792 2297 Οὺ
810 2271 862 2307 γὰρ

75 2318 253 2353 σεσιγήκασιν
267 2317 291 2343 οε
309 2316 437 2352 μαθηταὶ,
455 2316 618 2352 διεκήρυξαν
638 2316 667 2342 δὲ
681 2316 818 2351 πανταχοῦ
831 2317 862 2343 τὸ

102 2362 268 2397 Εὐαγγέλιον
283 2363 332 2397 τῆς
347 2361 494 2398 βασιλείας,
506 2361 554 2388 καὶ
563 2362 616 2388 τῶν
624 2362 704 2398 ιερῶν
720 2363 862 2397 κηρυγμά-

74 2415 128 2434 των
144 2406 193 2442 τὴν
209 2407 334 2442 δύναμιν.

109 2451 164 2478 Καὶ
179 2451 289 2484 ἄξουσι
313 2451 384 2484 τοὺς
404 2451 556 2485 ἀδελφοὺς
579 2451 663 2485 ἰψῶν
682 2450 716 2478 ἐκ
738 2451 860 2478 πάντων

73 2495 134 2522 τῶν
155 2495 251 2523 ἐθνῶν
270 2495 366 2531 δῶρον
386 2497 486 2531 Κυρίῳ
498 2497 562 2531 μεθ’
575 2497 674 2523 ἳππων
700 2497 750 2523 καὶ
769 2497 860 2531 ἁρμά-

74 2550 143 2573 των,
158 2542 193 2569 ἐν
214 2541 386 2576 ,καμπήν-αις
409 2542 541 2577 ἡμιόνων
555 2542 631 2576 μετὰ
646 2542 801 2574 σκιαὸίων,
816 2543 859 2575 εἰς

74 2587 132 2621 τὴν
157 2587 245 2622 ἁγίαν
260 2587 350 2614 πόλιν
370 2587 574 2622 Ἰερουσαλὴμ,
597 2587 663 2614 εἷπε
683 2588 801 2621 Κύριος,
819 2587 859 2620 ὡς

74 2633 113 2659 ἂν·
129 2633 309 2668 avertamur
332 2635 358 2660 οι
373 2634 431 2661 υιοι
450 2633 573 2667 Ἰσραὴλ
587 2633 651 2668 ἐμοὶ
673 2633 726 2666 τὰς
752 2633 861 2665 θυσίας

71 2678 174 2715 ᾳὺτῶν
191 2679 267 2713 μετὰ
286 2679 416 2713 ψαλμῶν
430 2681 474 2713 εις
496 2679 549 2706 τὸν
571 2677 656 2706 οἷκον
675 2679 796 2713 Κυρίου,
809 2679 858 2705 καὶ

74 2725 124 2751 ἀπ’
159 2724 260 2751 αὐτῶν
286 2724 421 2759 λήψομαι
448 2725 535 2759 ἱερεῖς
558 2724 608 2752 καὶ
631 2725 768 2757 Λευῒτας,
793 2722 860 2751 εἶπε

74 2770 191 2803 Κύριος.

915 2264 1048 2298 discipuli,
1074 2266 1123 2292 sed
1154 2265 1252 2299 ubique
1265 2264 1438 2300 Evangelium
1454 2265 1528 2301 regni
1552 2270 1579 2292 et
1609 2272 1694 2292 sacra:

911 2309 1108 2344 pradicatiottis
1121 2309 1247 2336 virtutem
1273 2311 1463 2344 pratdicarunt.

945 2450 1025 2479 Vatis.
1045 2450 1090 2485 20,
1104 2451 1148 2478 21.
1164 2451 1198 2478 Et
1211 2451 1339 2478 adducent
1356 2451 1453 2485 fratres
1472 2458 1567 2480 vestros
1584 2462 1616 2481 ex
1639 2462 1695 2480 om-

911 2498 987 2524 nibus
1002 2498 1121 2532 gentibus
1139 2499 1236 2524 donum
1255 2497 1368 2525 Domino
1391 2505 1449 2524 cum
1462 2500 1545 2532 equis,
1573 2500 1695 2537 curribus

911 2550 936 2572 et
961 2545 1058 2572 lecticis
1084 2546 1226 2577 mulorum,
1257 2554 1316 2572 cum
1341 2545 1505 2572 umbraculis.
1527 2547 1554 2572 in
1577 2554 1695 2574 sanctum

912 2590 1042 2617 civitatem
1069 2590 1228 2623 Jerusalem,
1241 2590 1307 2617 dixit
1324 2590 1470 2616 Domitius:
1485 2591 1560 2622 quasi
1583 2591 1696 2625 aferunt

909 2635 961 2669 ﬁlii
991 2635 1076 2663 Israel
1103 2637 1167 2663 milii
1184 2637 1284 2664 ltouias
1302 2644 1365 2662 suas
1382 2643 1440 2662 cum
1463 2635 1571 2669 psalmis
1595 2638 1621 2662 iu
1645 2637 1695 2663 da-

910 2688 981 2707 tttuut
996 2681 1114 2714 Domini,
1129 2688 1152 2709 et
1168 2689 1201 2709 ex
1214 2683 1249 2709 eis
1260 2690 1361 2709 sumam
1376 2681 1522 2708 sacerdota
1537 2686 1560 2707 et
1590 2680 1695 2713 (nilus.

908 2726 974 2754 dixit
992 2727 1118 2755 Dominus
1126 2748 1133 2755 .

111 2859 133 2874 “
146 2857 216 2886 Psal.
233 2866 325 2891 XLVIII,
340 2858 368 2884 2.
408 2857 430 2873 "
439 2857 517 2886 Joan.
535 2866 561 2890 ι,
574 2857 619 2885 55.
659 2858 682 2872 “
700 2852 795 2884 Matth.
812 2864 854 2884 χιιι

915 2860 926 2883 1.
967 2857 987 2874 "
1004 2857 1097 2884 Matth.
1113 2865 1168 2890 xiv,
1185 2859 1229 2885 55.
1248 2858 1269 2873 ¹⁶
1284 2857 1382 2893 Epltes.
1400 2856 1477 2891 1,13,
1494 2856 1536 2883 Η.
