1893 3052
212 154 225 182 1
235 156 280 184 347

213 265 302 286 torum
317 256 497 292 apostolorum
529 255 694 289 praedicatio,
719 255 790 290 apud
802 261 897 290 gentes
928 262 997 290 quas

214 304 341 335 diximus,
355 293 382 328 et
399 301 425 328 in
441 308 534 328 earum
553 301 720 336 regionibus,
738 301 780 328 his
789 301 879 328 verbis
892 301 1002 328 demon-

212 353 292 376 strat:
313 356 322 373 ι
344 348 453 374 Vestros
481 346 564 377 enim,
589 346 705 379 fratres,
729 347 816 381 inquit
838 346 893 382 (ut
915 347 1002 374 oratio

212 394 246 420 ad
286 392 421 420 lsrnelitas
457 392 598 420 credentes
632 392 796 428 habeatur),
820 400 853 419 ex
879 392 1002 426 gentibus

214 439 349 466 adducent
362 439 431 465 dona
441 438 580 465 Domino.»
593 437 741 472 Namivelut
750 438 892 465 anathema
905 441 932 464 et
944 445 1002 464 mu-

214 493 268 511 nus
284 485 317 511 ad
332 484 443 518 gloriam
457 483 504 510 Dei
518 488 706 510 consecratum
719 489 788 516 erat,
803 483 921 517 gentium
933 482 1002 509 mni-

214 530 310 562 titndo,
325 537 372 563 per
386 529 464 556 [idem
481 529 515 556 ab
525 529 650 556 omnibus
675 529 750 556 vitiis
763 529 898 561 absoluta,
917 533 943 555 et
954 536 1003 563 per

213 583 319 603 sacrum
331 575 465 602 lavacrum
481 575 607 602 omnibus
617 575 729 608 abiectis
740 575 878 606 sordibus,
892 579 919 601 et
933 582 1002 608 qun-

213 619 235 646 si
252 620 358 645 senium
373 626 405 645 ac
429 618 570 645 donarium
589 618 742 653 apostolicae
771 619 919 650 industrius,
948 618 1002 646 Deo

212 664 343 692 oblatum.
369 664 406 691 De
421 664 472 691 hoc
505 664 594 698 itaque
615 665 777 697 gloriantur,
804 665 931 699 gaudium
955 671 1003 692 eos

212 717 291 737 suum
306 714 333 737 et
358 717 486 736 coronam
513 717 590 736 suam
617 710 797 737 nominantes.
832 710 1001 737 Facillimam

213 759 302 782 autent
319 754 376 782 fore
387 762 419 781 ac
433 754 532 786 levem,
548 755 608 782 sine
628 756 701 782 omni
731 756 838 788 sudore,
869 755 1002 782 industria

213 805 240 827 et
255 800 356 832 labore,
373 800 490 834 gentium
506 801 538 826 ad
565 799 648 827 Deum
674 802 867 833 reversionem,
884 801 1004 828 declarat

213 851 316 880 aperte,
334 845 406 872 velut
421 845 574 879 exemploa
606 845 683 872 nobis
709 851 828 880 sumpto,
853 853 914 873 cum
938 846 1004 873 dicit

704 151 733 180 S.
753 150 895 180 CYRILLI
913 150 1150 178 ALEXANDRIM
1168 150 1330 180 ARCHIEP.

246 213 325 247 Quod
335 212 429 240 efﬁcax
444 210 556 238 omnino
565 208 656 237 futura
673 209 709 237 sit
728 214 756 237 et
769 209 908 238 fructuosa
921 217 1001 237 sanc-
1015 214 1039 242 Α

1781 157 1848 186 tu;

1089 210 1150 237 Ὅτι
1176 210 1264 246 πάντη
1290 219 1320 237 τε
1344 210 1391 238 καὶ
1413 210 1523 243 πάντως
1550 212 1664 248 ἐνεργὸν
1697 212 1777 240 ἔσται
1802 216 1847 242 καὶ

1051 255 1191 291 ἔγκαρπον
1217 256 1247 282 τὸ
1274 255 1319 282 διὰ
1346 255 1401 282 τῶν
1419 256 1504 290 ἁγίων
1528 258 1688 285 ἀποστόλων
1716 259 1847 295 κήρυγμα

1052 302 1128 337 παρὰ
1141 303 1197 334 τοῖς
1215 302 1420 338 ώνομασμένοις
1437 303 1526 330 ἔθνεσι
1542 304 1589 330 καὶ
1605 305 1666 336 ταῖς
1688 304 1781 332 αὐτῶν
1802 306 1848 341 χώ-

1053 355 1123 382 ραις,
1140 347 1318 374 διαδείκνυσιν
1339 348 1368 374 ὲν
1391 348 1497 380 τούτοις
1511 357 1518 364 ·
1538 358 1547 374 ι
1561 349 1630 381 Τοὺς
1645 349 1702 386 γὰρ
1717 350 1848 384 ἀδελφοὺς

1053 392 1140 428 ὑμῶν,
1162 402 1171 419 ι
1188 390 1281 428 φησὶν,
1297 393 1330 420 ἵν’
1346 394 1360 419 ὁ
1385 393 1462 427 λόγος
1525 394 1593 429 πρὸς
1608 395 1673 426 τοὺς
1687 395 1718 426 ἐξ
1734 395 1848 430 αἵματος

1043 458 1045 460 -
1058 438 1167 473 Ἰσραὴλ
1181 438 1390 470 πιστεύσαντας,
1409 447 1419 464 ι
1441 439 1495 465 ἀπὸ
1514 439 1568 465 τῶν
1585 439 1672 466 ὲθνῶν
1688 439 1786 471 ἄξουσι
1797 440 1847 467 δῶ-

1053 491 1100 519 ρον
1111 483 1150 518 τῷ
1160 483 1265 519 Κυρίῳ.
1281 493 1291 509 ι
1309 483 1450 518 Ἀνάθημα
1465 484 1518 519 γὰρ
1529 484 1625 520 ὥσπερ
1639 486 1680 517 είς
1689 486 1772 519 δόξαν
1782 486 1847 513 Θεοῦ

1051 529 1106 556 τῶν
1118 530 1203 556 ἐθνῶν
1216 530 1327 564 γέγονεν
1341 531 1357 565 ἡ
1375 531 1490 566 πληθὺς,
1503 531 1702 567 ἁπηλλαγμένη
1721 533 1773 566 μὲν
1784 541 1850 559 παν-

1052 575 1098 607 τὸς
1112 576 1273 610 αἰτιάματος
1293 575 1338 602 διὰ
1358 576 1407 611 τῆς
1428 577 1559 608 πίστεως,
1576 577 1624 602 καὶ
1645 577 1738 603 πάντα
1765 577 1841 612 ῥύπα*

1052 619 1226 646 ἁποὸαλοῦσα
1244 619 1288 646 διὰ
1313 619 1361 646 τοῦ
1385 620 1464 654 ἁγίου
1492 619 1693 655 βαπτίσματος,
1717 621 1804 653 Εὲνιον
1819 621 1847 648 is

1053 665 1127 692 ὥσπε
1132 674 1147 700 ρ
1162 665 1348 692 ἁποστολικῶν
1363 666 1579 701 σπουδασμὰτων
1590 667 1797 702 προσκομισθὲν
1809 667 1846 702 τῷ

1053 712 1124 746 Θεῷ.
1140 712 1302 746 Καυχῶνται
1313 712 1379 746 γοῦν
1394 713 1436 738 ἐπ’
1448 712 1523 747 αὐτῷ
1539 712 1570 746 δὴ
1584 713 1682 747 τούτῳ,
1699 713 1789 747 χαρὰν
1802 713 1847 739 αὒ-

1054 757 1118 788 τοὺς
1131 757 1177 783 καὶ
1191 757 1322 791 στέφανον
1335 757 1440 784 ἑαυτῶν
1457 758 1645 792 ὀνομάζοντες.
1662 758 1727 784 Ὀτι
1742 758 1770 784 δὲ
1782 758 1847 784 ἁπο-

1053 804 1158 839 νωτάτη
1173 804 1243 836 λίαν,
1259 805 1306 831 καὶ
1322 804 1433 839 ἱδρῶτος
1453 804 1515 839 δίχα
1530 805 1644 836 παντὸς,
1658 805 1706 830 καὶ
1728 804 1845 838 ἀγῶνος,

1055 851 1101 876 καὶ
1116 850 1203 877 πόνων
1219 851 1234 885 ἡ
1257 849 1324 885 πρὸς
1336 849 1402 876 Θεὸν
1423 849 1576 885 ἐπιστροφὴ
1593 849 1648 876 τῶν
1664 849 1763 881 ἐθνῶν,
1787 849 1849 876 καθ-

212 891 383 918 adducendas
397 898 457 917 esse
471 898 531 917 cum
551 891 640 924 equis,
672 891 805 922 curribus,
834 891 947 922 lecticis,
973 895 1000 918 et

1068 903 1157 930 ςτησιν
1169 894 1300 928 ἐναργῶς,
1316 894 1353 925 ὡς
1367 895 1399 921 ὲκ
1408 895 1628 930 παραδείγματος
1637 895 1686 921 τοῦ
1699 895 1761 921 καθ’
1776 895 1848 930 ἡμᾶς

212 935 387 963 umbraculis.
401 935 467 962 Nam
481 941 510 962 ut
526 935 571 970 qui
588 936 629 963 his
641 936 721 963 rebus
745 936 797 963 iter
822 944 901 964 suum
917 936 1001 963 conli-

212 981 298 1014 cinnl,
312 981 383 1008 nullo
394 981 485 1009 labore
499 981 646 1014 expediunt
658 1000 666 1014 ,
683 982 722 1008 sic
747 981 791 1015 qui
817 988 833 1008 e
852 982 1003 1016 graecanico

211 1034 305 1054 errore
316 1027 348 1054 ad
367 1027 448 1053 Deum
462 1028 584 1058 redeunt,
600 1027 642 1053 via
655 1027 732 1061 plana
747 1032 776 1054 et
788 1027 849 1053 trita
879 1027 1001 1060 veniunt,

211 1079 244 1099 ac
259 1076 363 1099 tantum
376 1080 429 1099 non
445 1072 525 1104 vecti,
540 1077 568 1098 et
582 1071 636 1098 Deo
646 1072 718 1099 omni
731 1079 777 1099 eos
791 1072 919 1106 requietis
951 1079 999 1106 ge-

213 1125 278 1144 nere
303 1118 440 1152 dignante.
456 1117 569 1144 venient
592 1122 680 1144 autem
699 1117 834 1152 quonam?
846 1118 871 1144 in
883 1122 1003 1144 sanctam

211 1163 362 1195 civitatem,
381 1170 478 1196 nempe
493 1161 653 1194 Jerusalem,
672 1170 732 1197 quae
755 1168 798 1190 est
811 1162 856 1190 Dei
889 1163 1005 1190 viventis

212 1209 343 1237 Ecclesia.
361 1209 499 1244 Eruntqne
525 1209 593 1235 adeo
617 1208 727 1243 jucundi
757 1214 784 1235 et
813 1209 928 1242 accepti,
953 1208 1003 1242 qui

212 1256 344 1283 accedunt
359 1255 391 1282 ad
403 1254 498 1287 Deum,
516 1255 627 1289 perinde
638 1255 715 1289 quasi
735 1253 834 1286 hostia,
849 1254 1004 1288 inquit,ad—

213 1302 357 1329 duceretur
366 1308 427 1328 cum
441 1301 501 1328 odis
520 1305 547 1327 et
560 1308 649 1327 rerum
662 1301 813 1327 divinarum
841 1300 1005 1328 celebratio-

217 1355 262 1374 ne.
280 1347 334 1374 lmo
347 1351 374 1373 et
390 1355 399 1372 ι
416 1347 453 1373 Ex
468 1346 523 1373 illis
537 1354 641 1374 sumam
658 1346 812 1374 sacerdotes
823 1350 850 1373 et
876 1345 981 1373 levitas.
993 1355 1002 1372 ι

212 1393 250 1420 Ex
269 1393 385 1428 quibus?
397 1392 452 1419 Nec
466 1392 539 1420 enim
549 1393 733 1420 satisconstat
745 1397 835 1419 utrum
853 1399 888 1419 ex
906 1392 940 1419 iis
958 1391 1006 1426 qui

213 1440 288 1466 missi
303 1438 405 1466 suntad
418 1438 568 1465 vocandum
592 1443 695 1473 gentes,
710 1445 744 1464 an
754 1437 896 1472 exillisqui
917 1437 1005 1464 vocati

211 1489 287 1511 sunt.
298 1483 492 1511 Verumtamen
504 1483 671 1510 inveniemus
677 1488 705 1510 et
713 1483 797 1509 hocet
805 1482 888 1517 919
896 1482 959 1508 illud
967 1489 1008 1509 es-

1053 940 1139 974 λέγων
1150 961 1158 972 ,
1173 940 1214 966 ὃτι
1235 941 1398 975 ἁχθήσονται
1415 940 1475 975 μεθ’
1489 941 1580 967 ἵππων
1606 941 1653 967 καὶ
1671 941 1806 976 ἁρμάτων
1819 941 1848 966 ὲν

1053 984 1210 1020 λαμπήναις
1226 986 1274 1011 καὶ
1291 983 1438 1016 σκιαδίοις·
1458 984 1553 1020 ὥσπερ
1574 984 1629 1020 γὰρ
1642 985 1667 1011 ot
1678 984 1724 1011 διὰ
1744 984 1846 1011 τούτων

1053 1031 1204 1065 ὁδοιπορεῖν
1228 1030 1364 1063 εἰωθότες,
1388 1031 1567 1066 ἁπονωτὰτην
1589 1030 1638 1066 τὴν
1661 1030 1848 1065 προκειμένην

1054 1077 1146 1108 αὐτοῖς
1163 1076 1326 1112 κατορθοῦσι
1345 1075 1440 1111 τρίὸυν
1451 1085 1458 1091 ·
1472 1076 1558 1108 οὕτως
1570 1076 1595 1102 οί
1612 1076 1645 1102 ὲκ
1665 1077 1772 1111 πλάνης
1793 1075 1849 1102 Έλ-

1054 1122 1166 1157 ληνικῆς
1184 1122 1252 1157 πρὸς
1274 1122 1341 1148 Θεὸν
1366 1122 1577 1158 ἐπιστρέφοντες
1597 1121 1642 1148 διὰ
1664 1121 1740 1153 λείας
1756 1122 1849 1156 ὥσπερ

1055 1168 1102 1195 καὶ
1118 1167 1294 1203 ἐστρωμένης
1308 1167 1419 1202 ἥξουσιν
1435 1167 1506 1199 όδοῦ,
1526 1168 1574 1194 καὶ
1593 1167 1736 1202 μονονουχὶ
1750 1168 1798 1193 καὶ
1813 1168 1850 1193 δο-

1057 1212 1263 1248 ρυφορούμενοι,
1279 1212 1325 1238 καὶ
1341 1213 1452 1247 ἁπάσης
1465 1213 1563 1244 αὐτοὺς
1574 1212 1737 1246 ἀναπαύλης
1748 1212 1852 1244 ἀξιοῦν-

1055 1267 1101 1290 τος
1114 1258 1195 1285 Θεοῦ·
1209 1258 1304 1293 ἥξουσι
1315 1258 1354 1289 δὲ,
1366 1257 1417 1285 ποῦ
1428 1266 1435 1290 ;
1448 1259 1495 1289 Et;
1507 1258 1556 1292 τὴν
1570 1258 1652 1292 ἁγίαν
1663 1258 1753 1290 πόλιν,
1768 1259 1850 1294 ἠγουν

1063 1303 1249 1340 Ἰερουσαλὴμ,
1273 1303 1334 1337 ἥτις
1359 1303 1433 1330 ἐστὶν
1463 1303 1611 1338 Ἐκκλησία
1634 1303 1704 1329 Θεοῦ
1730 1303 1850 1336 ζῶντος·

1056 1350 1162 1376 ἔσονται
1176 1348 1205 1375 δὲ
1223 1348 1311 1380 οὕτως
1321 1347 1395 1382 ἡδεῖς
1417 1349 1462 1374 καὶ
1478 1348 1674 1384 εὺπρόσδεκτοι
1690 1348 1851 1383 προσιόντες

1056 1394 1232 1430 Θεῷ,ὼσανεὶ
1245 1394 1292 1422 καὶ
1303 1394 1382 1421 θυσία
1396 1394 1600 1429 προσαγομένη,
1611 1394 1690 1429 φησὶ,
1705 1395 1766 1428 μετ’
1781 1393 1851 1428 ᾠδῆς

1058 1441 1106 1468 καὶ
1128 1440 1292 1475 δοξολογίας.
1318 1439 1398 1467 Ἀλλὰ
1421 1441 1469 1466 καὶ
1485 1450 1495 1466 ι
1519 1440 1576 1466 Ἀπ’
1601 1440 1692 1466 αὐτῶν
1715 1439 1849 1474 λήψομαι.

1057 1487 1135 1522 φησὶ,
1149 1487 1195 1513 καὶ
1213 1487 1306 1521 ίερεϊς,
1322 1486 1369 1512 καὶ
1384 1486 1510 1517 Λευῖτας.
1564 1486 1624 1512 Ἀπ’
1642 1485 1736 1512 αὐτῶν
1755 1485 1797 1518 δὲ,
1811 1486 1849 1511 τί·

211 1537 250 1557 se.
262 1529 327 1556 Nam
341 1530 499 1556 sacerdotes
521 1528 693 1557 oraculorum
718 1527 821 1555 Christi
841 1528 1001 1554 exstiterunt

1068 1541 1128 1565 νων;
1145 1531 1229 1558 Οὔπω
1243 1532 1315 1566 μάλα
1330 1532 1424 1566 σαφὲς,
1441 1532 1554 1568 πότερον
1568 1531 1600 1558 ἐκ
1615 1531 1669 1558 τῶν
1682 1531 1849 1558 ἀποσταλέν-

211 1582 320 1609 quoque
327 1574 543 1608 divinidiscipnli
552 1583 558 1601 :
566 1575 748 1601 vocatiautem
757 1579 858 1600 suntex
867 1572 1001 1599 Graecani-

1068 1586 1110 1604 ῖων
1125 1578 1165 1609 είς
1188 1577 1218 1604 τὸ
1237 1564 1348 1604 καλέσαι
1363 1564 1426 1608 τοὺς
1447 1576 1477 1609 ἐξ
1497 1564 1592 1608 ἐθνῶν,
1608 1578 1693 1612 ἠγουν
1713 1576 1745 1609 ἐξ
1763 1577 1849 1604 αὐτῶν

207 1635 215 1649 ι
223 1629 240 1649 o
250 1619 423 1654 gregemulti,
433 1619 552 1646 etadhnc
560 1620 728 1645 vocsntnrad
738 1618 930 1649 sacerdotium,
947 1617 1001 1644 Deo

1068 1623 1112 1650 ;ῶν
1132 1622 1324 1659 κεκλημένων
1344 1623 1414 1658 πλὴν
1430 1623 1529 1657 ἀληθὲς
1548 1623 1577 1649 ὃν
1593 1624 1752 1658 εὑρήσομεν
1774 1622 1847 1649 τοῦτό

210 1665 270 1692 LlUS
285 1666 318 1692 ad
331 1666 475 1692 novitatem
490 1665 552 1692 vitae
566 1670 593 1692 et
613 1664 709 1691 mentis
732 1662 921 1691 transferente.
935 1661 1001 1689 Nam

1068 1678 1086 1695 τε
1109 1670 1229 1696 κάκεῖνο.
1251 1669 1400 1704 Ὶερουργοὶ
1426 1671 1480 1703 γὰρ
1500 1670 1628 1703 γεγόνασι
1648 1670 1704 1696 τῶν
1720 1669 1765 1696 διὰ
1783 1670 1847 1704 Χρι-

211 1709 278 1737 fides
292 1710 363 1738 velut
377 1710 483 1745 reiingit
497 1710 530 1737 ad
545 1710 570 1736 id
584 1709 655 1744 quod
669 1711 693 1736 ei
711 1709 807 1744 placet,
821 1708 931 1735 electos.

1068 1714 1121 1741 ποῦ
1147 1714 1340 1750 θεσπισμάτων
1368 1714 1416 1741 καὶ
1438 1715 1463 1740 οἱ
1487 1714 1626 1741 Θεσπέσιοι
1651 1715 1790 1750 μαθηταί·
1805 1714 1846 1741 κέ-

210 1767 322 1802 κληνται
339 1766 366 1792 δὲ
378 1765 445 1801 πρὸς
458 1765 617 1801 ἱερωσύνην,
634 1765 680 1792 καὶ
698 1766 738 1796 εις
751 1764 831 1799 δεῦρο
854 1763 999 1791 καλοῦνται
1017 1762 1111 1790 πολλοὶ
1128 1761 1183 1788 τῶν
1217 1761 1247 1794 ὲξ
1275 1760 1376 1796 ἀγέλης
1407 1761 1483 1792 ὄντες
1503 1760 1675 1796 Ἑλληνικῆς,
1688 1761 1759 1787 Θεοῦ
1785 1761 1846 1796 μεθ-

211 1813 334 1843 ιστάντος
356 1812 395 1842 εις
420 1812 568 1846 καινότητα
592 1811 664 1846 ζωῆς
687 1810 734 1838 καὶ
759 1810 872 1846 γνώμης
896 1809 1005 1842 αὐτούς.
1031 1808 1223 1844 Ἀναχαλκεύει
1250 1807 1305 1843 γὰρ
1330 1807 1425 1842 ὥσπερ
1448 1808 1465 1843 ἡ
1483 1807 1576 1839 πίστις
1595 1809 1634 1837 εις
1663 1807 1695 1834 τὺ
1715 1807 1790 1843 αὐτῷ
1805 1807 1846 1834 ὀο-

210 1859 274 1886 κοῦν
286 1859 348 1890 τοὺς
364 1858 580 1893 ἐξειλεγμένους.

247 1906 329 1932 Vsus.
345 1904 390 1938 22,
401 1905 446 1932 εδ.
461 1905 542 1937 Quem
553 1905 694 1931 admodum
717 1904 785 1931 enim
805 1903 898 1930 mlum
912 1911 1006 1930 navum

210 1956 235 1977 et
253 1955 322 1977 terra
340 1957 484 1984 nova,qua:
498 1957 544 1983 ego
568 1949 649 1982 facio,
672 1949 700 1975 in
725 1955 862 1983 conspectu
879 1956 935 1975 meo
950 1955 1008 1974 ma-

210 1997 353 2028 nenl,dt'cit
363 1995 491 2022 Dominus
501 2002 510 2021 :
521 1997 557 2022 ita
567 1996 645 2021 stabit
656 2003 741 2022 semen
753 1999 866 2022 vestrum
879 1999 903 2021 et
913 2001 1006 2020 nomen

210 2048 332 2074 uestrum,
355 2042 403 2068 erit
418 2050 468 2077 que
487 2042 583 2068 mensis
594 2048 626 2068 ea:
647 2049 744 2073 mense,
760 2045 784 2067 et
813 2040 958 2067 Sabbatum
972 2047 1004 2065 ea:

210 2088 337 2116 Sabbuto.
361 2079 450 2114 Veniet
473 2088 556 2113 omnis
579 2095 661 2119 caro,
687 2092 715 2112 ut
735 2087 761 2112 in
781 2090 918 2121 conspectu
949 2093 1004 2112 meo

209 2135 302 2161 adoret
315 2133 343 2159 in
353 2131 513 2162 Jerusalem,
527 2131 593 2158 dixit
606 2130 734 2158 Dominus
745 2130 827 2158 Deus.

243 2220 413 2248 Firmitatem
423 2219 480 2254 spei
490 2220 516 2246 in
523 2220 649 2247 omnibus
657 2220 735 2247 bonis
741 2219 882 2255 pollicetur
890 2219 1003 2255 diligen-
1020 2238 1042 2265 ὓ

209 2267 281 2294 tibus
289 2274 328 2299 se,
335 2270 362 2292 et
369 2266 460 2300 appari
466 2266 565 2294 tionem
574 2275 650 2294 suam
656 2268 876 2302 agnoscentibus.
888 2267 1001 2295 Utenim

209 2312 307 2347 inquit,
324 2319 385 2338 cum
400 2319 485 2339 novos
508 2313 590 2340 coalos
607 2318 634 2340 et
648 2321 747 2340 novam
768 2317 867 2340 terram
886 2313 1003 2340 fabrica-

208 2357 305 2389 ret-im,
318 2356 356 2384 ita
369 2357 455 2384 sinam
474 2365 595 2389 manere,
617 2365 669 2384 nec
689 2365 721 2384 ea
734 2358 818 2384 ullum
834 2362 941 2392 tempus
955 2357 1002 2384 de-

207 2403 287 2430 lebit:
306 2403 341 2430 ita
360 2410 452 2430 semen
471 2407 498 2430 et
510 2410 610 2430 nomen
644 2407 763 2430 vestrum
779 2403 861 2430 stabit
884 2403 911 2429 in
933 2410 1000 2430 con-

207 2454 302 2484 spectu
315 2457 385 2476 meo.
400 2449 489 2476 Novos
503 2449 576 2476 enim
600 2449 684 2477 malos
698 2454 726 2476 et
739 2457 839 2477 novam
851 2453 950 2476 terram
965 2456 997 2476 ac

209 2495 406 2530 promissiones
431 2495 490 2528 ejus
508 2500 706 2530 exspectamus,
730 2495 880 2522 secundum
892 2494 918 2521 id
928 2494 1001 2528 quod

207 2541 338 2575 scriptum
359 2545 402 2567 est
416 2540 449 2568 ".
474 2540 637 2567 Sanctorum
662 2544 751 2567 autem
767 2548 844 2575 spem
867 2544 999 2567 staturam

207 2593 316 2621 semper
341 2590 369 2614 et
399 2594 616 2621 permansuram,
644 2586 862 2621 sapientissimus
900 2586 1001 2613 Paulus

205 2632 393 2664 confirmabit,
417 2632 542 2659 scribens
556 2633 588 2664 ",
615 2632 686 2659 dona
710 2637 738 2659 et
758 2631 928 2659 vocationem
950 2631 999 2659 Dci

208 2685 268 2705 esse
285 2677 344 2705 sine
375 2677 545 2712 pirnitentia.
572 2677 670 2705 Semen
698 2678 789 2712 itaque
812 2677 995 2710 benedictum,

205 2723 270 2751 illud
280 2731 295 2750 a
303 2723 405 2750 sanctis
416 2723 544 2758 apostolis
554 2723 608 2750 Deo
619 2723 751 2756 oblatum,
766 2723 917 2750 servabitur
936 2730 996 2757 per-

207 2775 302 2805 petuo,
316 2768 446 2803 nulloque
471 2768 552 2796 tnodo
575 2769 708 2801 interibit,
726 2776 758 2797 ac
771 2769 844 2796 velut
860 2776 921 2795 cum
936 2774 992 2795 cos-

245 2856 268 2874 "
282 2856 304 2884 ll
315 2857 387 2885 Petr.
399 2865 440 2892 tu,
457 2857 502 2885 13.
541 2858 562 2874 ¹¹
581 2857 660 2884 Rom.
675 2866 712 2891 ιιι,
725 2857 771 2885 29.

1095 1902 1147 1928 Ὃν
1161 1901 1275 1934 τρόπον
1300 1899 1355 1934 γὰρ
1377 1901 1393 1926 ὀ
1415 1899 1544 1933 οὐρανέ-ες
1566 1898 1680 1932 καινὸς,
1699 1901 1749 1927 καὶ
1766 1902 1785 1935 ἠ
1810 1900 1844 1937 τῆ

1057 1946 1159 1980 καινὴ,
1175 1946 1195 1973 d
1208 1945 1266 1980 ἐγὼ
1276 1944 1351 1971 ποιῶ
1362 1944 1446 1980 μένει
1460 1944 1590 1971 ἐνώπιόν
1606 1954 1677 1979 μου,
1693 1945 1776 1982 λέγει
1790 1948 1844 1974 Κύ-

1052 2001 1127 2027 ριος·
1153 1992 1248 2024 οὕτως
1274 1990 1421 2023 στήσεται
1441 1989 1475 2017 τὸ
1497 1990 1616 2025 σπέρμα
1633 1991 1728 2025 ὑμῶν,
1751 1993 1843 2018 καὶτὸ

1057 2038 1151 2073 ὄνομα
1165 2036 1259 2072 ὑμῶν,
1276 2037 1326 2063 καὶ
1355 2037 1439 2063 ἔσται
1453 2036 1519 2070 μὴν
1536 2036 1569 2063 ἑκ
1580 2037 1690 2071 μηνὸς,
1705 2037 1756 2064 καὶ
1776 2038 1844 2064 Σάι-

1056 2085 1148 2112 6ατον
1169 2084 1204 2110 ἐκ
1223 2083 1387 2110 Σαϐϐάτου.
1410 2082 1489 2114 Ἥξει
1513 2082 1597 2110 πᾶσα
1622 2083 1703 2116 σὰρξ
1721 2084 1841 2110 ἐνώπιόν

1053 2139 1113 2165 μου
1133 2129 1347 2164 προσκυνῆσαι
1365 2129 1400 2154 ἐν
1421 2128 1632 2163 ’Ῑερουσαὶὴμ
1657 2127 1724 2156 εἷπε
1742 2130 1840 2163 Κύριος

1055 2178 1072 2203 ό
1085 2176 1168 2208 Θεός.

1090 2221 1127 2247 Τὸ
1140 2220 1307 2256 ἁκράδαντον
1327 2221 1376 2255 τῆς
1391 2220 1496 2251 ἐλπίδος
1514 2221 1570 2252 τοῖς
1589 2221 1633 2255 ἐφ’
1651 2221 1754 2248 ἅπασιν
1777 2223 1840 2256 ἀγα-

1055 2266 1112 2297 θοῖς
1132 2266 1300 2300 ὑπισχνεῖται
1317 2266 1434 2301 Χριστὸς
1448 2267 1505 2297 τοῖς
1526 2266 1671 2299 ἀγαπῶσιν
1695 2267 1786 2299 αὐτὸν,
1800 2268 1840 2294 καὶ

1057 2313 1112 2343 τοῖς
1130 2312 1298 2346 ἐπεγνωκόσι
1315 2311 1364 2346 τὴν
1378 2311 1538 2345 ἐπιφάνειαν
1553 2311 1646 2338 αὑτοῦ.
1664 2313 1769 2349 Ὥσπερ
1781 2313 1840 2348 γὰρ,

1057 2358 1133 2393 φησὶ,
1152 2358 1352 2392 καινουργήσας
1365 2356 1410 2382 τὸν
1429 2357 1542 2391 οὐρανὸν
1562 2357 1610 2384 καὶ
1622 2358 1673 2392 τὴν
1694 2359 1756 2394 γῆν,
1776 2359 1840 2385 οὕτω

1057 2403 1147 2437 μένειν
1171 2402 1261 2433 ἐάσω,
1283 2402 1329 2428 καὶ
1354 2402 1441 2433 οὐδεὶς
1465 2402 1534 2428 αὑτὰ
1562 2403 1711 2429 καταλύσει
1734 2405 1839 2439 χρόνος·

1053 2446 1125 2472 οὕτω
1140 2447 1170 2472 τὺ
1184 2447 1293 2481 σπέρμα
1314 2445 1401 2480 ὑμῶν,
1427 2446 1474 2471 καὶ
1493 2446 1523 2471 τὸ
1542 2446 1628 2481 ὄνομα
1647 2448 1777 2482 στήσεται
1802 2449 1836 2474 ὲνα

1050 2491 1137 2518 ώπιόν
1154 2500 1214 2526 μου.
1238 2492 1355 2522 Καινοὺς
1379 2491 1432 2526 γὰρ
1451 2491 1593 2526 οὐρανοὺς,
1607 2492 1656 2518 καὶ
1672 2493 1769 2528 καινὴν
1782 2494 1841 2528 γῆν,

1049 2537 1097 2563 καὶ
1118 2536 1152 2563 τὰ
1174 2536 1373 2571 ἐπαγγέλματα
1394 2536 1478 2562 αὐτοῦ
1502 2537 1709 2572 προσδοκῶμεν,
1725 2539 1794 2565 κατὰ
1815 2536 1844 2565 τδ

1049 2582 1252 2617 γεγραμμένον.
1275 2584 1336 2609 Ὅτι
1350 2582 1378 2608 δὲ
1394 2583 1442 2609 καὶ
1456 2583 1473 2616 ἡ
1484 2583 1538 2608 τῶν
1554 2583 1640 2616 ἁγίων
1653 2583 1732 2615 ἐλπὶς
1749 2586 1828 2618 στήσε

1051 2638 1096 2654 ται
1117 2629 1158 2656 ἀεὶ
1182 2629 1229 2656 καὶ
1246 2629 1378 2664 διαμενεῖ,
1394 2627 1562 2655 πιστώσεται
1582 2629 1698 2664 γράφων
1720 2631 1836 2657 ὸπάνσο-

1051 2683 1100 2709 φος
1116 2675 1230 2707 Παῦλος,
1251 2674 1292 2701 ὃτι
1312 2674 1508 2709 ἀμεταμέλητα
1527 2674 1561 2700 τὰ
1575 2675 1747 2710 χαρίσματα,
1766 2675 1838 2710 καἱὴ

1051 2721 1147 2756 κλῆσις
1158 2720 1205 2747 τοῦ
1221 2720 1300 2747 Θεοῦ.
1317 2721 1423 2747 Οὐκοῦν
1442 2720 1472 2746 τὸ
1487 2721 1600 2756 σπέρμα
1613 2721 1644 2747 τὸ
1665 2721 1840 2756 εὐλογημένον

1047 2766 1078 2792 τὺ
1094 2766 1138 2792 διὰ
1153 2765 1207 2792 τῶν
1222 2765 1307 2800 ἁγίων
1322 2765 1479 2792 ἀποστόλων
1493 2765 1700 2801 προσκομισθὲν
1716 2766 1756 2801 τῷ
1773 2763 1837 2800 Θεῷ,
