1893 3052
91 182 162 210 Μῖῖὄ

655 181 866 210 FRAGMENTA
886 181 919 209 IN
937 181 1120 211 JEREMIAM.

1644 187 1654 214 ί
1660 187 1713 215 451

131 239 207 274 θυσίᾳ
218 238 250 274 δὴ
268 236 314 265 οὗν
331 239 529 275 τετιμώρηνται
543 241 636 275 ψήφῳ.
654 240 809 272 Ἀναθέντες
820 241 874 277 γὰρ

963 242 1039 270 Justa
1060 248 1138 277 paena
1152 242 1272 270 mulctati
1288 249 1362 272 sunt.
1376 244 1442 272 Cum
1455 244 1526 272 enim
1541 246 1618 273 rebus
1634 254 1712 273 crea-

89 284 177 311 κτίσει
195 284 226 311 τὸ
241 284 323 316 σέϐας
334 303 342 315 ,
357 284 405 311 καὶ
424 285 481 316 τοῖς
496 285 587 320 ἔργοις
608 285 663 312 τῶν
687 285 758 312 ἰδίων
775 286 875 322 χειρῶν

88 330 296 366 λατρεύσαντες,
307 330 383 357 αὐτοὶ
396 332 456 362 ταῖς
470 331 550 362 ίδίαις
562 331 734 367 ὲπήντλησαν
745 332 875 366 κεφαλαῖς

86 376 123 402 τὰ
139 377 171 402 ἐκ
184 375 258 407 θείας
271 376 365 411 ὀργῆς.
381 376 418 403 Οὐ
434 376 486 411 γὰρ
497 376 599 408 ἀδίκως
619 377 768 405 ἐκτείνεται
779 377 875 404 δίκτυα

89 423 249 459 πτερωτοῖς,
267 421 338 448 κατὰ
349 421 380 448 τὸ
395 423 598 458 γεγραμμένον.

130 468 346 503 ’ῌσχύνθησαν
358 469 458 503 σοφοί.

124 515 227 549 Σοφοὺς
239 514 326 541 ἔοικεν
340 515 368 541 ὲν
384 514 488 546 τούτοις
503 515 653 550 ὺποδηλοῦν
667 515 729 547 τοὺς
742 515 798 541 τῶν
819 515 874 541 Ἐλ‹

87 560 178 596 λήνων
200 560 328 594 λογάδας,
356 560 470 596 ποιητάς
490 569 520 587 τε
557 561 603 587 καὶ
629 561 822 597 συγγραφέας·
849 561 874 587 οῖ

85 606 211 640 γλῶτταν
239 607 288 642 μὲν
306 606 412 641 ἔχουσιν
433 607 522 642 εὐφυᾶ
545 607 591 633 καὶ
613 606 873 642 περιειργασμένην,

86 652 136 680 καὶ
155 654 216 684 ταῖς
230 652 284 679 τῶν
305 652 391 686 λόγων
413 653 558 688 κομψείαις
577 652 767 688 ἐξησκημένην
787 654 827 685 εις
844 653 875 680 τὺ

86 699 216 734 ἐπίχαρι,
240 699 397 734 φρονήσεως
413 698 442 724 δὲ
465 699 516 733 τῆς
538 698 655 733 ἀληθοῦς
678 699 806 734 ἁμέτοχοι
826 699 874 734 τὴν

85 745 213 778 καρδίαν.
227 744 269 776 Ὧς
280 744 333 780 γὰρ
341 745 355 771 ὁ
365 744 502 778 πάνσοφος
513 744 614 779 γράφει
627 743 748 776 Παῦλος,
765 754 775 770 ‹
789 745 873 779 Ἐμα-

86 791 244 826 ταιώθησαν
257 792 286 817 ὲν
299 792 356 822 τοῖς
365 790 549 825 διαλογισμοῖς
559 790 659 821 αὐτῶν,
668 791 716 818 καὶ
729 790 874 826 ἐσκοτίσθη

85 838 104 872 ἡ
127 836 256 868 ἀσύνετος
278 835 368 862 αὐτῶν
388 834 496 870 καρδία.
518 835 668 867 Φάσκοντες
692 833 762 862 εἷναι
787 835 874 870 σοφοὶ,

86 882 296 917 ἐμωράνθησαν,
304 891 313 907 ι
324 882 370 908 καὶ
380 881 452 916 ἑξῆς.
462 881 565 908 Οὐκοῦν
576 881 652 915 σοφοὶ
663 882 722 916 μὲν,
729 881 760 907 τό
768 889 799 915 γε
807 879 875 917 ἧκον

87 930 128 960 είς
143 929 234 964 φωνὴν
251 928 298 954 καὶ
312 927 445 962 γλῶτταν,
461 927 558 962 ἄσοφοι
575 928 603 954 δὲ
629 929 668 960 εἰς
682 927 731 962 τὴν
747 927 872 963 καρδίαν.

92 975 124 1001 Ἡ
145 974 179 1000 δὲ
196 975 288 1008 σοφία
303 973 356 1000 τοῦ
371 974 487 1008 κόσμου
505 974 614 1000 τούτου
625 974 720 1008 μωρία
739 973 819 1007 παρὰ
835 973 875 1006 τῷ

88 1021 150 1052 Θεῷ
167 1021 243 1053 ἐστι,
256 1021 325 1047 κατὰ
338 1020 369 1046 τὸ
383 1020 585 1054 γεγραμμένον.

129 1067 250 1093 Ἐλαίαν
267 1066 378 1100 ὡραίαν
391 1066 516 1093 εὔσκιον
531 1065 571 1099 τῷ
584 1066 667 1092 εῖδει.

129 1113 249 1148 Ἀχρειοῖ
266 1111 321 1147 γὰρ
337 1112 489 1147 ὁλοτρόπως
504 1112 553 1148 τὴν
569 1111 617 1138 τοῦ
629 1111 773 1148 ἀνθρώπου
785 1112 874 1147 ψυχὴν

84 1161 117 1187 τδ
136 1159 318 1195 ἁποφοιτῆσαι
339 1159 407 1186 Θεοῦ
431 1160 477 1186 καὶ
496 1159 644 1194 ἁμοιρῆσαι
667 1158 808 1190 παντελῶς
823 1159 875 1194 τῆς

85 1206 152 1241 παρ’
171 1205 255 1232 αὑτοῦ
275 1204 385 1240 χάριτος
404 1205 451 1231 καὶ
473 1205 645 1240 ἐπικουρίας.
669 1204 798 1238 Φοϐερὸν
821 1205 874 1240 γὰρ

84 1251 120 1277 τὸ
136 1250 278 1285 ἐμπεσεῖν
294 1251 337 1283 εὶς
352 1250 452 1285 χεῖρας
467 1250 541 1277 Θεοῦ
556 1249 673 1283 ζῶντος.

121 1296 200 1331 Πρὸς
214 1295 253 1323 σὲ
266 1297 348 1330 ἔθνη.

121 1345 154 1371 Εἰ
165 1344 219 1380 γὰρ
233 1345 282 1371 καὶ
300 1345 443 1379 γεγόνασιν
457 1344 584 1380 ὑϐρισταὶ
605 1346 653 1372 καὶ
666 1345 806 1378 ἀπειθεῖς,
827 1345 874 1372 καὶ

85 1390 232 1422 ἀσυνεσίας
255 1390 366 1425 ἔμπλεω
391 1390 441 1426 τὴν
462 1391 581 1418 διάνοιαν
608 1391 725 1427 ἔχοντες,
746 1391 805 1418 ἀλλ’
826 1389 874 1418 οὖν

85 1436 219 1469 σώζονται
232 1437 280 1463 καὶ
294 1436 449 1469 δοξάζονται
466 1437 542 1473 παρὰ
557 1437 685 1474 Χριστοῦ.
708 1438 832 1473 Ἀπαρχὴ
844 1438 873 1464 δὲ

83 1482 189 1509 τούτων
211 1482 353 1517 γεγόνασιν
378 1483 402 1508 οἱ
425 1482 569 1518 ἀθλοφόροι
592 1483 749 1518 μάρτυρες,
767 1480 805 1510 ὧν
823 1484 874 1519 τῆς

85 1528 212 1560 εὐκλείας
231 1528 248 1563 ἠ
270 1527 415 1563 φαιδρότης
431 1527 495 1562 ὃλην
518 1528 670 1563 ἀστράπτει
689 1528 737 1563 τὴν
758 1529 805 1555 ὑπ’
828 1529 873 1555 οὐ-

86 1574 179 1609 ρανόν.

122 1619 178 1647 Καὶ
193 1619 279 1646 ἔσται
292 1619 332 1652 ὼς
346 1619 379 1646 τὸ
399 1619 502 1651 ξύλον.

121 1666 161 1692 Οὐ
179 1665 234 1701 γὰρ
255 1665 300 1692 ἐπὶ
321 1665 430 1701 πλούτῳ
453 1665 526 1700 μέγα
539 1667 649 1702 φρονεῖ,
667 1665 729 1692 οὗτε
749 1666 801 1701 μὴν
817 1665 874 1693 δια-

85 1712 175 1739 κένων
194 1711 323 1747 δοξαρίων
346 1712 424 1744 ἐκτὸς
446 1712 566 1746 γεγονὼς
591 1712 640 1747 τὴν
662 1713 748 1748 ὀσφὺν
769 1712 874 1748 ὑψηλήν

86 1757 166 1793 (sic)'
187 1757 354 1791 είκαιότητος
366 1758 420 1793 γὰρ
433 1757 531 1789 ταῦτα,
545 1758 593 1784 καὶ
609 1758 701 1794 ἕτερον
718 1758 803 1785 οὐδέν.
820 1759 875 1785 Καὶ

85 1804 143 1839 γάρ
163 1804 236 1830 ἐστιν
259 1802 380 1837 ἀσφαλὲς
406 1804 532 1839 ἐνέχυρον
550 1805 590 1835 εἰς
607 1804 753 1840 σωτηρίαν,
775 1804 805 1831 τὸ
828 1805 875 1830 ἐπὶ

85 1849 148 1884 θεῷ
174 1849 331 1876 πεποιθέναι
358 1849 397 1884 τῷ
424 1849 514 1876 πάντα
546 1849 680 1884 ἰσχύοντι·
714 1850 744 1877 τὸ
772 1850 801 1877 δὲ
832 1850 873 1884 ἐφ’

85 1895 193 1930 ἑτέροις
224 1895 279 1922 τισὶ
306 1895 441 1922 ποιεῖσθαι
470 1895 519 1930 τὴν
549 1895 661 1927 ἐλπίδα,
688 1897 800 1932 μάταιον
827 1897 874 1923 καὶ

84 1940 235 1975 ἀνωφελές.

129 1986 207 2014 Ἰδοὺ
220 1987 260 2020 ὡς
273 1988 291 2014 δ
303 1989 410 2021 πηλός.

123 2033 313 2060 Μεταπλάττει
328 2033 382 2069 γὰρ
401 2033 520 2066 εὐκόλως
535 2034 577 2068 ἐφ’
597 2031 674 2070 ᾧπερ
694 2035 727 2061 ἂν
739 2035 826 2062 ’ἐλοιτο
844 2036 874 2062 τὺ

87 2081 155 2113 παρ’
171 2079 253 2106 αὑτοῦ
268 2080 390 2113 γεγονός.

120 2126 182 2152 Οὐκ
197 2125 261 2152 ἰδοὺ
276 2127 305 2152 οι
317 2126 420 2160 λόγου
436 2134 464 2152 κ.
484 2134 510 2152 τ.
525 2126 550 2152 λ.

122 2170 181 2207 Πῦρ
198 2169 324 2206 ὀνομάζει
348 2170 379 2197 τὺ
399 2171 576 2205 εὖαγγελικὸν
596 2171 644 2198 καὶ
666 2172 800 2208 σωτήριον
826 2173 874 2207 κή-

87 2225 204 2253 ρυγμα,
239 2217 256 2252 ἦ
282 2217 330 2243 καὶ
359 2217 443 2252 αὐτὴν
469 2218 519 2253 τὴν
540 2217 589 2244 τοῦ
611 2218 690 2252 ἁγίου
715 2218 874 2252 Πνεύματος

927 289 960 316 tis
975 288 1075 315 cultum
1093 288 1288 323 exhibuissent,
1303 296 1468 324 suarumque
1485 297 1611 318 manuum
1629 299 1711 326 opera

926 337 955 360 ut
980 333 1063 360 Deum
1083 333 1251 367 adorassent,
1267 334 1294 360 in
1309 341 1356 361 sua
1369 334 1457 369 capita
1479 334 1598 362 divinam
1617 337 1710 364 conci-

926 383 1017 406 tarunt
1055 379 1133 407 iram.
1153 379 1211 407 Non
1242 381 1314 408 enim
1342 380 1441 415 injuste
1465 381 1533 408 retia
1560 381 1712 410 volatilibus

924 424 1116 456 extenduntur,
1129 423 1205 458 juxta
1218 425 1243 452 id
1259 425 1329 459 quod
1343 425 1475 459 scriptum
1495 429 1537 453 est.
1555 426 1576 452 ‘.

966 469 1030 502 VIII,
1045 470 1071 498 9.
1084 470 1194 506 Confusi
1210 476 1271 497 sunt
1289 471 1428 505 sapientes.

961 516 1103 551 Sapientes
1119 517 1223 544 videtur
1243 516 1396 550 signiﬁcare
1423 516 1450 543 in
1476 516 1519 544 his
1546 517 1712 551 praestantis-

925 562 1009 590 simos
1035 561 1190 589 Graecorum
1213 567 1306 597 poetas
1319 567 1345 589 et
1359 563 1517 598 scriptores,
1533 561 1631 598 lingua:
1651 563 1710 598 qui~

925 607 987 635 dem
1006 607 1158 642 aptitudine
1182 612 1209 635 et
1228 609 1262 636 ad
1282 608 1474 643 proferendum
1490 609 1625 637 versatilis
1637 613 1666 636 et
1678 610 1711 636 ad

925 652 1040 687 lepidam
1055 653 1188 681 sermonis
1207 653 1367 688 elegantiam
1383 656 1591 681 accommodatae
1606 653 1710 687 pollen-

925 703 975 731 tes,
991 699 1038 726 sed
1053 706 1101 726 cor
1118 699 1248 726 habentes
1265 705 1328 726 vere
1348 699 1495 732 prudentiae
1510 706 1615 734 expers.
1633 698 1711 726 Sicut

925 744 996 771 enim
1013 745 1085 771 omni
1105 744 1217 772 scicntia
1235 745 1363 778 praeditus
1385 744 1484 771 Paulus
1496 744 1560 777 ait’,
1587 744 1711 772 Evanu-

925 795 987 817 runt
1001 791 1030 817 in
1044 791 1245 826 cogitationibus
1273 791 1341 823 suis,
1363 796 1388 818 et
1405 791 1530 826 insipiens
1551 799 1641 818 eorum
1666 799 1712 818 cor

926 836 1119 864 obtenebratum
1148 841 1208 869 est;
1247 841 1394 864 asserentes
1427 845 1455 864 se
1490 844 1546 864 esse
1570 837 1710 872 sapientes,

925 881 1001 909 stulti
1015 882 1102 917 effecti
1123 887 1195 915 sunt,
1219 887 1246 910 et
1258 883 1371 917 reliqua.
1388 882 1527 917 Sapientes
1542 883 1625 918 igitur
1640 883 1712 918 quod

926 928 1022 955 attinet
1043 928 1076 956 ad
1094 928 1215 963 linguam
1238 932 1265 956 et
1285 935 1390 961 vocem,
1407 928 1488 956 corde
1502 935 1566 956 vero
1580 928 1711 962 insipien-

926 977 976 1000 tes.
989 972 1125 1007 Sapientia
1140 973 1209 999 enim
1225 973 1303 1007 hujus
1313 973 1406 1000 mundi
1420 973 1581 1006 stultitia,ut
1594 981 1627 1000 ex
1639 972 1712 1001 Seri-

924 1019 1011 1054 pturis
1026 1019 1155 1046 habemus
1172 1019 1192 1052 ³,
1200 1019 1270 1053 apud
1285 1018 1369 1046 Deum
1391 1023 1438 1046 est.

959 1064 1005 1098 XI,
1024 1064 1067 1092 Ili.
1082 1064 1186 1092 Olivam
1198 1065 1345 1100 pulchram,
1358 1064 1420 1092 bene
1434 1073 1558 1100 opacam.

960 1111 1076 1139 Omnino
1102 1112 1174 1140 enim
1196 1111 1314 1139 hominis
1335 1111 1454 1138 anituum
1478 1111 1599 1138 inutilem
1624 1110 1712 1138 reddit

925 1166 940 1186 a
953 1157 1008 1186 Deo
1023 1158 1150 1186 recedere
1166 1158 1278 1193 ejusque
1295 1158 1402 1192 penitus
1416 1157 1503 1192 gratia
1527 1155 1709 1192 sufl'ragioque

924 1203 1036 1238 privari.
1059 1202 1228 1230 Horrendum
1250 1202 1321 1230 enim
1348 1202 1462 1229 incidere
1488 1202 1517 1228 in
1537 1210 1630 1229 manus
1660 1201 1710 1229 Dei

924 1250 1030 1277 viventis
1039 1249 1059 1276 ⁸.

959 1295 1040 1327 XVII,
1056 1295 1100 1323 I9.
1117 1296 1159 1322 Ad
1173 1300 1197 1322 te
1206 1300 1302 1331 gentes.

960 1342 1118 1377 Quanquam
1134 1342 1207 1368 enim
1224 1341 1361 1377 iniuriosae
1387 1341 1465 1368 facta:
1486 1341 1542 1369 sint
1559 1344 1586 1367 et.
1613 1341 1709 1368 inobe-

925 1388 1030 1416 dientes
1061 1387 1219 1422 plenamque
1245 1387 1407 1422 insipientia
1425 1392 1541 1415 utentem
1565 1388 1707 1419 habentes,

918 1434 1062 1462 salvantur
1082 1438 1170 1461 tamen
1184 1438 1212 1461 et
1230 1433 1415 1468 gloriﬁcantur
1429 1441 1445 1460 a
1472 1433 1590 1462 Christo.
1613 1433 1712 1460 Primi-

925 1481 968 1509 tiae
984 1484 1073 1509 autem
1095 1487 1189 1508 earum
1212 1480 1322 1507 luerunt
1334 1479 1453 1507 victoria:
1468 1479 1576 1514 praemia
1592 1479 1710 1507 assecuti

924 1533 1068 1562 martyres,
1080 1534 1195 1562 quorum
1221 1526 1313 1561 glorias
1339 1526 1447 1554 claritas
1469 1526 1626 1553 universum
1648 1525 1710 1553 illu-

887 1585 908 1613 c
924 1577 992 1601 strat
1010 1573 1114 1601 orbem.

959 1619 1040 1652 XVII,
1056 1619 1082 1646 8.
1098 1618 1134 1646 Et
1144 1619 1194 1646 erit
1209 1623 1336 1654 tanquam
1351 1619 1463 1653 lignum.

960 1665 1018 1693 Non
1042 1665 1112 1693 enim
1145 1665 1266 1701 superbit
1296 1665 1323 1692 in
1348 1665 1460 1698 divitiis,
1475 1672 1561 1700 neque
1591 1665 1710 1692 lnanium

925 1711 1100 1748 quarumdam
1112 1711 1257 1747 gloriarum
1274 1718 1385 1745 compos
1396 1711 1482 1738 factus
1497 1711 1596 1738 attollit
1615 1718 1711 1746 super-

925 1759 1039 1792 cilium;
1061 1758 1139 1793 plena
1159 1762 1222 1785 sunt
1240 1757 1312 1784 enim
1346 1757 1403 1784 haec
1432 1756 1576 1789 futilitatis,
1600 1761 1627 1784 et
1645 1756 1711 1783 nihil

926 1805 1007 1833 aliud.
1023 1805 1130 1832 Etenim
1146 1808 1230 1831 tutttm
1246 1804 1342 1838 pignus
1361 1803 1394 1830 ad
1407 1804 1519 1830 salutem
1535 1807 1588 1834 est,
1603 1803 1629 1830 in
1645 1802 1711 1834 Deo.

925 1853 970 1886 qui
985 1851 1072 1879 omnia
1095 1855 1193 1886 potest,
1218 1850 1372 1883 conﬁdere;
1384 1854 1412 1877 et
1427 1850 1452 1876 in
1474 1849 1534 1877 aliis
1551 1850 1710 1884 quibusdam

926 1906 1000 1934 spem
1018 1905 1127 1933 ponere,
1144 1897 1222 1925 futile
1235 1901 1265 1924 et.
1279 1896 1382 1924 inutile.

963 1943 1053 1974 XVIII.
1064 1943 1091 1970 6.
1117 1942 1184 1970 Ecce
1197 1943 1265 1970 sicut
1286 1942 1370 1969 lutum
1386 1941 1473 1977 ﬁguli.

960 1989 1146 2017 'l'rauslortnat
1180 1989 1252 2016 enim
1290 1990 1391 2023 absque
1420 1988 1472 2015 ulla
1503 1987 1659 2016 diﬂicultate
1685 1989 1710 2015 in

927 2037 1106 2072 quodcunque
1126 2035 1176 2063 sibi
1197 2035 1353 2063 collubitum
1372 2034 1452 2062 fuerit
1486 2041 1541 2062 rem
1567 2043 1581 2061 a
1608 2042 1638 2062 se
1666 2035 1709 2061 la-

926 2087 1007 2110 οιιιηι.

961 2128 1056 2160 XXIII,
1069 2128 1114 2155 29.
1129 2128 1222 2155 Nonne
1237 2135 1294 2155 ecce
1306 2127 1384 2154 verba
1400 2128 1412 2154 Ρ
1427 2132 1482 2155 etc.

960 2175 1050 2209 Ignem
1064 2173 1180 2209 appellat
1200 2174 1381 2209 evangelicam
1394 2173 1595 2207 salutaremque
1617 2173 1711 2207 pracdi-

928 2221 1063 2248 calionem
1075 2241 1082 2252 ,
1099 2219 1142 2247 vel
1169 2225 1196 2247 et
1215 2219 1300 2254 ipsam
1316 2219 1433 2253 Spiritus
1457 2219 1543 2246 sancti
1567 2219 1711 2254 participa-

87 2263 209 2299 μέθεξιν,
225 2263 239 2289 ὃ
255 2264 302 2290 καὶ
316 2264 384 2299 -ιιυρὶ¹
401 2263 608 2299 παρεικάζεται.
623 2265 678 2290 Καὶ
696 2264 761 2298 γοῦν
779 2265 793 2290 ὁ
807 2265 873 2292 πάν-

938 2267 1027 2294 ionem
1050 2267 1095 2302 qui
1116 2272 1143 2294 et
1165 2266 1219 2301 igni
1247 2265 1417 2293 assimilatur.
1440 2264 1529 2298 Quare
1557 2269 1584 2292 et
1603 2265 1711 2299 sapien-

87 2318 169 2345 σοφος
189 2310 315 2344 Ἰωάννης
330 2309 511 2344 ὁΒαπτιστὴς
533 2310 596 2344 περὶ
615 2310 698 2336 αὐτοῦ
713 2318 742 2336 τε
761 2310 807 2336 καὶ
828 2309 874 2336 τοῦ

86 2355 198 2383 πάντων
212 2355 291 2390 ἡμῶν
307 2355 431 2391 Σωτῆρος
450 2356 536 2390 Ἰησοῦ
549 2356 667 2392 Χριστοῦ
687 2356 757 2382 οὕτω
776 2355 874 2390 φησίν·

92 2401 167 2437 Ἐγὼ
183 2401 262 2436 ὑμᾶς
276 2401 361 2428 ὕδατι
371 2401 504 2434 βαπτίζω
520 2402 564 2434 εις
575 2401 747 2436 μετάνοιαν,
762 2411 788 2429 κ.
804 2411 831 2428 τ.
848 2401 873 2429 λ.

93 2447 199 2484 Ὀρθῶς
215 2445 261 2474 οὖν
277 2447 328 2482 ἔφη
343 2448 358 2474 ὁ
374 2448 491 2483 Χριστός
501 2456 507 2462 ·
522 2448 585 2481 Πῦρ
600 2446 694 2483 ἦλθον
705 2448 814 2480 βαλεῖν
826 2449 875 2475 ἐπὶ

87 2493 147 2526 τὴν
166 2492 235 2528 γῆν.
250 2493 300 2519 καὶ
313 2493 342 2520 τί
355 2491 429 2519 θέλω
443 2493 468 2519 ει
486 2492 543 2527 ἤδη
559 2492 698 2528 civ-135501;;

126 2539 181 2565 Kal
196 2538 413 2573 ὐπεστρέψατε.

130 2585 214 2620 Ὁρᾷς
237 2585 310 2615 ὅπως
327 2585 377 2611 οὐκ
395 2585 520 2620 ἀνέχεται
536 2585 591 2611 τῶν
611 2585 706 2612 τύπων
726 2586 876 2622 ἀθετουμέ-

87 2638 153 2660 νων,
172 2629 273 2664 μᾶλλον
286 2630 315 2656 δὲ
329 2630 413 2664 αὐτῆς
425 2629 476 2664 τῆς
488 2629 616 2664 ἀληθείας
632 2630 829 2666 ἐξυδρισμένης
839 2630 876 2662 ὡς

88 2679 119 2704 ἂν
143 2678 233 2708 σκιαῖς
252 2676 310 2710 Est;
335 2677 553 2712 ’.ἀμεταμέλητα
573 2677 628 2712 γὰρ
652 2677 687 2703 τὰ
710 2677 878 2712 χαρίσματα

88 2724 140 2752 καὶ
165 2724 185 2758 ἠ
206 2718 316 2758 κλῆσις
338 2723 391 2751 τοῦ
413 2724 497 2756 Θεοῦ,
523 2724 593 2751 κατὰ
618 2724 650 2750 τὸ
672 2724 876 2759 γεγραμμένον.

89 2770 161 2801 Τοὺς
176 2770 204 2796 δὲ
217 2769 362 2801 ἀνεθέντας
378 2769 452 2801 ἅπαξ
475 2770 570 2797 ἀνόπιν
594 2770 719 2802 ἕλκοντες
744 2770 876 2802 Ἰουδαῖοι.

89 2817 139 2842 καὶ
153 2817 209 2847 πῖς
221 2816 270 2851 τῆς
291 2815 414 2848 δουλείας
427 2814 505 2849 αὖθις
520 2816 702 2852 ὑποφέροντες
719 2815 810 2850 ζυγοῖς
820 2837 827 2849 ,
845 2816 875 2842 τὺ

929 2312 1051 2339 tissimus
1071 2311 1190 2339 Joannes
1209 2311 1328 2346 Baptista
1350 2311 1382 2337 de
1403 2317 1432 2338 se
1461 2309 1520 2345 ipso
1537 2315 1564 2337 et
1591 2310 1712 2337 omnium

928 2362 1048 2384 nostrum
1072 2356 1210 2384 Salvatore
1232 2356 1297 2384 Jesu
1323 2356 1431 2384 Christo
1448 2355 1488 2383 sic
1506 2355 1559 2382 ait:
1585 2353 1641 2390 Ego
1670 2364 1712 2382 ros

928 2403 1031 2437 beptizo
1045 2403 1073 2429 in
1092 2411 1161 2437 aqua
1180 2403 1215 2429 ad
1232 2402 1411 2437 penitentiam
1426 2402 1448 2434 ⁸,
1460 2406 1512 2429 etc.
1532 2401 1612 2428 Recte
1633 2401 1711 2436 igitur

929 2449 996 2477 dixit
1011 2448 1154 2476 Christus:
1167 2447 1260 2483 Ignem
1281 2449 1338 2476 veni
1358 2449 1459 2475 mittere
1470 2455 1548 2481 super
1566 2452 1674 2479 terram,
1686 2454 1711 2475 et

927 2496 990 2532 quid
1005 2495 1061 2522 mlo
1074 2495 1124 2522 nisi
1139 2498 1167 2521 ut
1178 2495 1337 2521 accendatur
1352 2494 1381 2520 ⁸2

962 2539 1079 2571 XXXIV,
1097 2539 1139 2566 16.
1157 2538 1189 2566 Et
1218 2540 1311 2566 reversi
1326 2541 1400 2567 estis.

964 2587 1042 2614 Vides
1056 2591 1084 2613 ut
1108 2593 1179 2621 a-gre
1208 2586 1327 2621 patiatur
1357 2586 1458 2621 ﬁguras
1485 2587 1630 2618 contemni,
1656 2587 1709 2613 imo

927 2633 1067 2660 veritatem
1099 2632 1184 2667 ipsam
1212 2630 1302 2658 adhuc
1330 2631 1380 2658 sub
1413 2633 1507 2659 utnhra
1544 2631 1714 2660 contumeliis

929 2678 1008 2706 allici.
1038 2677 1102 2706 Sine
1124 2677 1276 2712 pwnitentia
1296 2678 1364 2704 enim
1386 2682 1447 2704 sunt
1479 2678 1550 2705 dona
1571 2683 1594 2704 et
1614 2677 1713 2704 notatio

930 2725 988 2757 Dei.
1010 2724 1157 2754 secundum
1175 2723 1245 2757 quod
1270 2722 1404 2757 scriptum.
1428 2728 1471 2751 est
1488 2724 1509 2751 ⁷.
1531 2723 1622 2751 Semel
1652 2730 1714 2750 vero

928 2770 1054 2798 dimissos
1066 2769 1243 2797 retrahentes
1259 2767 1344 2795 Iudaei
1363 2769 1467 2804 subque
1490 2769 1629 2796 servitutis
1651 2767 1714 2803 iugo

929 2817 1077 2848 mittentes,
1101 2815 1131 2842 τὸ
1163 2814 1226 2842 Sine
1254 2814 1407 2842 aaanitentia
1437 2822 1489 2841 non
1515 2815 1712 2846 observarunt;

122 2905 313 2938 .‘Prov.t.l7.
351 2908 529 2936 'ltom.t.21.
567 2907 770 2937 ’lCor.tII.t9.
810 2909 1004 2938 “llebr.x.5l.
1043 2907 1224 2937 'Marc.t.7.
1267 2907 1350 2935 ‘Luc.
1365 2906 1469 2934 1:11.49.
1507 2904 1712 2934 ’Rom.xn.29.
