1893 3052
183 191 196 217 ί
201 190 254 218 459

677 191 706 219 S.
726 192 862 220 CYRILLI
883 188 1118 218 ALEXANDRINI
1137 188 1298 216 ARCHIEP.

1750 182 1819 209 μίὶῦ

185 237 361 265 nihilominus
377 237 521 267 salvandos
534 246 583 267 eos
595 240 653 267 fore
669 239 736 267 dicit
750 240 786 267 ob
800 248 877 267 suam
891 239 968 274 justi.

1042 237 1094 272 ἁχα
1106 237 1133 263 δέ
1147 246 1199 263 που
1212 237 1258 264 καὶ
1270 235 1353 262 αὑτοῦ
1367 234 1415 262 τοῦ
1427 233 1537 269 Δανιὴλ,
1548 231 1722 267 σωθήσεσθαί
1735 239 1819 266 φησιν

185 283 261 315 tiam,
272 290 424 318 quanquam
437 284 539 319 reliqua
554 286 642 313 omnis
654 290 736 319 terra,
750 286 878 314 adversus
890 292 970 320 quam

184 328 280 356 mortis
293 329 429 357 decretum
443 330 616 366 inﬂigeretur,
628 337 754 367 corrupta
767 336 851 359 esset.
861 331 972 359 Videtur

183 374 294 401 Noaeho
311 382 471 410 comparare
487 384 534 404 eos
549 377 593 410 qui
610 377 645 405 ob
662 385 738 405 suam
757 378 835 404 tidem
855 378 923 404 bene
939 378 972 406 de

185 419 240 446 Deo
257 421 348 447 meriti
364 427 442 449 erant
460 432 466 449 :
486 423 588 451 Danieli
605 429 694 451 autem
711 423 849 458 sapientes
865 429 893 451 et
906 431 971 451 con-

185 465 345 500 templantes
359 476 365 493 :
382 467 497 502 denique
507 468 574 496 Jobo
588 476 646 501 eos,
660 469 705 504 qui
718 469 753 497 ob
768 469 926 504 patientiam
942 470 970 497 in

183 513 256 538 omni
273 519 302 540 re
315 513 384 540 bona
397 514 466 549 apud
480 523 540 542 cum
553 516 664 549 gratiosi
677 515 796 543 fuerunt.

218 643 298 676 XVII,
312 644 358 672 22.
374 644 407 672 Et
423 654 525 674 sumam
541 655 587 682 ego
604 648 637 675 de
652 648 734 675 electa
751 632 826 683 parte
841 649 924 682 cedri,
939 657 971 676 ex

182 694 284 716 uertice.

217 734 312 763 Cedris
323 742 462 771 comparat
474 737 635 766 sublimibus
646 743 673 766 et
683 739 878 774 pulcherrimis
886 739 970 768 Israe-

183 780 245 807 litas
259 789 374 816 quorum
389 790 454 817 pars
467 783 552 811 electa
559 788 607 817 ..ποι
621 785 820 819 quodammodo
835 793 892 818 cor,
905 785 969 813 bea-

183 832 226 853 tus
240 826 324 854 David
341 827 405 861 l‘uit,
421 836 454 856 ex
471 837 526 863 quo
542 837 651 858 sumens
669 830 739 858 Deus
754 830 850 865 Pater,
863 831 970 859 Emma-

183 872 288 900 uueletn
309 873 449 908 plantavit,
466 875 511 909 qui
532 876 558 903 in
580 883 720 910 proceram
741 877 850 905 cedrum
873 878 969 912 evasit,

182 926 330 954 omnesque
355 920 406 948 sub
429 921 552 949 umbram
579 929 656 949 suam
685 923 793 957 excepit
819 931 827 950 :
853 931 971 959 moxque

182 965 291 999 agnovit
305 966 429 994 universa
444 971 514 994 terra
528 967 723 1003 omnipotentis
735 969 784 996 Dei
797 970 926 997 virtutem
944 974 971 997 et

183 1014 351 1044 potestatem.
374 1011 530 1040 Humiliavit
554 1014 626 1041 enim
654 1013 758 1050 lignum
782 1016 883 1049 viride,
901 1017 968 1045 oriri

182 1063 247 1083 vero
261 1060 289 1084 et
299 1058 453 1092 germinare
466 1059 568 1094 lignum
582 1060 687 1088 aridum
702 1060 784 1096 jussit
800 1062 838 1096 (id
852 1067 895 1090 est
911 1063 972 1090 eth-

182 1101 304 1130 nicorum
328 1103 489 1140 Ecclesium)
514 1106 584 1141 quod
611 1111 691 1134 antea
717 1108 815 1136 diaboli
844 1108 970 1136 violentia

182 1147 340 1176 deﬂoratum
355 1149 453 1178 fuerat.

218 1281 277 1314 XX,
289 1282 334 1309 25.
350 1282 384 1309 Et
396 1291 444 1318 ego
459 1284 520 1311 dedi
534 1285 587 1312 illis
601 1291 730 1320 praecepta
745 1295 798 1314 non
811 1288 890 1316 bona.

216 1327 293 1361 Quod
307 1329 416 1363 quidem
431 1330 529 1358 attinet
545 1331 579 1358 ad
593 1331 742 1365 spiritalem
756 1334 908 1362 divinarum
927 1343 968 1363 re-

182 1381 241 1400 rutn
266 1374 432 1407 doctrinam,
455 1375 498 1403 lex
523 1381 617 1404 sancta
641 1383 700 1411 est,
722 1379 880 1407 mandatum
905 1381 971 1409 item

183 1423 307 1447 sanctum
324 1425 352 1447 et
367 1420 477 1448 bonum.
492 1421 569 1455 Quod
588 1428 677 1452 tamen
695 1425 814 1459 pertinet
829 1426 863 1454 ad
881 1428 968 1455 actio-

183 1473 247 1492 num
264 1465 411 1500 levitatem,
426 1472 454 1496 et
469 1469 639 1498 umbratilem
655 1472 841 1500 tantummodo
856 1473 970 1507 cultum,

183 1511 254 1538 haud
276 1512 345 1540 bona
367 1518 447 1541 erant
464 1521 616 1550 praecepta,
631 1524 718 1552 neque
739 1522 865 1546 aeternam
887 1520 970 1548 vitum

1022 283 1120 315 αὐτοὺς
1139 283 1168 309 ὲν
1184 284 1218 318 τῇ
1245 282 1299 317 ἰδίᾳ
1325 280 1503 316 δικαιοσύνῃ,
1526 279 1573 306 καί
1595 287 1636 304 τοι
1659 279 1713 312 τῆς
1733 276 1819 311 ἄλλης

1023 329 1130 365 ἁπάσης
1152 330 1217 364 γῆς,
1230 328 1291 356 καθ’
1313 326 1348 364 ἧς
1369 328 1402 354 ἂν
1422 328 1439 360 ὴ
1459 326 1506 354 τοῦ
1526 325 1646 353 θανάτου
1664 323 1759 359 ψῆφος
1774 324 1821 350 ἐκ·

1023 376 1140 412 φέροιτο.
1149 375 1414 411 καταφθειρομέης.
1423 374 1515 400 Ἔοικε
1529 372 1619 399 τοίνυν
1632 371 1673 406 τῷ
1695 371 1746 406 μὲν
1757 369 1819 397 Νῶε

1023 421 1201 456 παρεικάζειν
1213 421 1277 452 τοὺς
1296 420 1340 447 διὰ
1361 420 1481 450 πίστεως
1494 418 1544 452 τῆς
1565 418 1605 449 εἰς
1619 416 1689 443 Θεὸν
1705 416 1819 449 εὐεργε-

1020 468 1134 499 τοῦντας
1154 467 1244 503 αὐτῷ⁴
1263 466 1303 502 τῷ
1327 475 1359 500 γε
1382 466 1436 501 μὴν
1460 464 1558 500 Δανιὴλ
1581 464 1645 494 τοὺς
1669 461 1772 496 σοφούς
1790 469 1820 487 τε

1021 515 1069 540 καὶ
1083 513 1253 549 διορατικούς
1266 521 1273 528 ·
1290 511 1349 538 Ίὼδ
1364 511 1392 538 δὲ
1407 510 1488 537 πάλιν
1501 510 1563 541 τοὺς
1577 509 1622 536 διά
1637 517 1669 543 γε
1684 508 1735 542 τῆς
1752 508 1819 534 ὑπο-

1023 559 1117 594 μονῆς,
1135 558 1212 594 δῆλον
1228 558 1255 585 δὲ
1270 558 1310 584 ὅτι
1324 557 1373 592 τῆς
1390 557 1428 588 εἰς
1440 557 1495 582 πᾶν
1509 555 1598 581 ὁτιοῦν
1613 554 1671 581 τῶν
1690 554 1818 579 ἐπαινου-

1023 605 1122 640 μένων,
1137 603 1349 640 εὐαρεστοῦντας
1365 602 1451 637 αὐτῷ.

1057 652 1113 678 Kal
1132 650 1268 685 λήψομαι
1289 649 1347 684 ἐγὼ
1367 649 1402 675 ἑκ
1425 647 1486 674 τῶν
1505 645 1674 672 ἐπιλέκτων
1698 643 1755 678 τῆς
1772 643 1818 670 κέ-

1021 697 1094 731 δρου
1108 697 1143 723 ἐκ
1157 695 1307 730 κορυφῆς.

1057 743 1126 777 (Cat.
1141 741 1159 769 l'.
1171 741 1247 776 208.)
1268 740 1384 776 Κέδροις
1399 740 1448 776 μὲν
1460 738 1605 771 ἀπεικάζει
1622 739 1684 769 ταῖς
1700 735 1819 771 ὑψηλαῖς

1021 790 1068 815 καὶ
1088 788 1303 824 εὐκοσμοτάταις
1328 786 1392 818 τοὺς
1409 786 1440 819 ἐξ
1460 785 1578 822 Ἰσραὴλ,
1599 786 1629 811 ὲν
1645 781 1688 816 οἷς
1711 783 1742 810 τὸ
1759 782 1818 808 ἐπί-

1021 835 1130 867 λεκτον,
1153 835 1200 862 καὶ
1224 833 1304 861 οἱονεί
1324 842 1367 865 τις
1390 833 1489 869 καρδία
1509 834 1621 867 γέγονεν
1645 832 1660 857 6
1680 830 1817 866 μακάριος

1021 882 1113 914 Δαϐὶδ,
1127 881 1156 914 ἐξ
1169 878 1198 908 οὗ
1213 880 1303 907 λαϐὼν
1320 881 1334 907 6
1354 879 1421 911 Θεὸς
1442 880 1490 906 καὶ
1512 879 1608 914 Πατὴρ
1628 876 1816 910 κατεφύτευσε

1021 928 1065 954 τὸν
1083 926 1267 963 Ἐμμανουὴλ,
1281 926 1310 958 ὃς
1324 926 1372 953 καὶ
1389 927 1429 957 εἰς
1448 925 1543 962 κέδρον
1558 924 1660 958 ἀνέστη
1681 922 1816 958 μεγάλην,

1022 974 1069 1001 καὶ
1085 973 1238 1005 εἰσεδέξατο
1253 973 1358 1004 πάντας
1371 973 1412 1004 εἰς
1428 971 1497 998 ἰδίαν
1513 971 1591 998 σκιάν
1601 979 1607 985 ·
1623 970 1697 1004 ἔγνω
1711 977 1740 994 τε
1760 968 1814 993 λοι-

1022 1020 1072 1047 πὸν
1091 1020 1108 1055 ἡ
1126 1019 1240 1055 ὑφήλιος
1264 1019 1395 1054 σύμπασα
1415 1018 1466 1053 τὴν
1489 1017 1538 1044 τοῦ
1561 1017 1651 1044 πάντα
1677 1014 1818 1050 ἰσχύοντος

1021 1065 1088 1093 0εοῦ
1101 1065 1216 1101 δύναμίν
1230 1074 1260 1091 τε
1280 1065 1327 1092 καὶ
1345 1064 1482 1097 ἐξουσίαν.
1500 1063 1694 1089 Τεταπείνωκε
1711 1061 1768 1096 γὰρ
1787 1059 1817 1086 τὸ

1022 1111 1100 1145 ξύλον
1121 1111 1153 1138 τὸ
1175 1112 1266 1146 ὑγρὸν,
1284 1111 1366 1145 φῦναι
1389 1111 1417 1137 δὲ
1451 1110 1498 1137 καὶ
1521 1108 1728 1143 ἁναὸλαστῆναι
1746 1114 1816 1141 παρ-

1022 1158 1154 1185 εσκεύασε
1175 1157 1206 1184 τὸ
1231 1156 1307 1189 ξύλον
1330 1157 1361 1183 τὸ
1382 1156 1484 1192 ξηρὸν,
1508 1154 1648 1182 τουτέστιν
1675 1153 1705 1187 ἐξ
1730 1151 1816 1179 ἐθνῶν

1028 1204 1204 1240 Ἐκκλησίαν,
1218 1205 1279 1235 ταῖς
1292 1203 1338 1230 τοῦ
1354 1203 1478 1230 διαϐόλου
1492 1201 1662 1235 πλεονεξίαις
1679 1207 1815 1226 κατευαν-

1022 1250 1067 1276 θέν
1088 1250 1140 1284 (ita
1154 1249 1237 1283 ταώ).

1056 1295 1111 1322 Καὶ
1125 1294 1182 1329 ἐγὼ
1197 1294 1293 1321 ἔδωκα
1310 1293 1412 1327 αὐτοῖς
1427 1292 1643 1328 προστάγματα
1666 1291 1704 1318 οὺ
1724 1289 1814 1316 καλά.

1059 1341 1130 1375 (Cat.
1146 1341 1210 1368 210.
1232 1342 1272 1377 b.)
1293 1342 1374 1369 Ὅσον
1392 1341 1442 1375 μὲν
1466 1340 1521 1375 γὰρ
1544 1337 1610 1375 ἧκεν
1631 1339 1672 1370 εἰς
1696 1336 1815 1372 θεωρίαν

1022 1388 1221 1423 πνευματικὴν.
1234 1389 1249 1414 6
1264 1387 1347 1422 νόμος
1363 1386 1442 1420 ἅγιος
1458 1385 1507 1413 καὶ
1525 1385 1542 1420 ἡ
1563 1383 1659 1418 ἐντολὴ
1682 1382 1752 1416 ἁγία
1768 1380 1815 1407 καὶ

1022 1433 1113 1459 δικαία
1129 1433 1176 1459 καὶ
1198 1433 1297 1468 ἀγαθή.
1315 1432 1396 1458 Ὅσον
1412 1439 1444 1465 γε
1466 1430 1515 1465 μὲν
1545 1430 1584 1461 εἰς
1601 1428 1651 1463 τὴν
1672 1426 1722 1453 τοῦ
1744 1425 1815 1460 πρά-

1022 1486 1128 1513 γματος
1152 1477 1321 1512 εἰκαιότητα,
1344 1477 1391 1504 καὶ
1414 1476 1497 1511 μόνην
1519 1475 1568 1510 τὴν
1593 1474 1623 1500 ἐν
1648 1473 1740 1504 σκιαῖς
1769 1470 1813 1497 λα-

1022 1525 1126 1560 τρείαν,
1145 1524 1175 1550 οὐ
1200 1523 1271 1550 καλὰ
1287 1523 1322 1550 τὰ
1349 1522 1560 1560 προστάγματα,
1585 1519 1644 1547 ἀλλ’
1661 1518 1723 1545 οὐδὲ
1743 1517 1813 1552 ζωῆς

183 1556 289 1585 datura.
305 1557 389 1586 Nemo
409 1560 494 1595 enim,
510 1561 548 1588 uti
571 1562 699 1597 scriptum
719 1564 793 1597 est',
806 1564 968 1600 jtutificatur

1042 1556 1073 1606 ἧς
1095 1570 1204 1596 αἰωνίου
1230 1568 1358 1604 πρόξενα.
1372 1556 1551 1595 ’Δικαιοῦται
1578 1566 1632 1600 γὰρ
1655 1563 1757 1596 οὐδεὶς
1781 1562 1812 1589 ἐγ

182 1604 209 1629 in
223 1602 286 1637 lege.

219 1643 340 1681 XXXXV,
350 1650 379 1677 ὅ.
391 1650 459 1678 Ecce
469 1651 510 1679 lac
522 1653 714 1682 manducauit.

218 1694 285 1722 Cum
312 1696 384 1723 enim
410 1697 520 1733 (levita)
546 1699 686 1733 exigerent
707 1700 805 1736 legales
830 1702 969 1737 decimas,

186 1740 334 1774 primitias,
354 1742 443 1769 oblata
466 1750 515 1777 pro
538 1744 685 1778 gratiarum
713 1746 836 1779 actione,
855 1747 969 1783 aliisque

185 1786 341 1820 populorum
354 1787 432 1816 donis
443 1788 580 1817 luxuriose
591 1789 754 1824 fruerentur,
768 1792 867 1820 nullam
880 1797 969 1821 tamen

186 1833 279 1860 salutis
295 1832 401 1860 illorum
415 1841 508 1861 curam
520 1835 660 1869 gerebant.

219 1878 338 1913 XXXIV,
352 1880 394 1907 18.
409 1880 470 1908 Non
481 1882 545 1909 satis
558 1881 628 1909 vobis
642 1882 704 1916 fuit,
714 1884 783 1918 quod
794 1884 860 1912 bona
873 1893 971 1919 pascua

182 1925 283 1959 depasti
298 1928 380 1955 estis?

218 1971 298 2007 Legis
307 1973 386 2008 periti
403 1982 464 2002 cum
472 1980 563 2003 essent
580 1975 683 2010 levitae,
698 1981 726 2004 et
739 1977 871 2012 optimum
889 1977 970 2004 veluti

183 2025 312 2051 pascuum
343 2020 447 2052 sortiti,
474 2029 623 2056 puramque
649 2028 677 2050 et
702 2023 841 2057 limpidam
872 2030 970 2058 aquam

183 2063 316 2092 habentes
334 2064 434 2100 Moysis
456 2066 623 2101 doctrinam,
639 2068 711 2096 unde
731 2069 809 2096 facile
827 2069 970 2096 veritatem

183 2113 293 2143 possent
326 2110 452 2142 haurire,
484 2113 680 2140 conculcabaut
711 2114 911 2149 quodammodo
944 2114 969 2141 id

183 2162 323 2190 pascuum,
336 2157 512 2187 sordidabant
523 2158 604 2185 etiam
619 2167 726 2193 aquam,
740 2168 860 2187 crassam
875 2167 970 2195 quam-

182 2202 244 2229 dam
257 2207 283 2229 et
296 2210 432 2230 ccenosam
445 2204 670 2240 imntunditiaque
681 2207 788 2241 plenam
804 2211 970 2241 opponentes

1024 1617 1114 1650 νόμῳ,
1131 1614 1201 1642 κατὰ
1219 1614 1249 1640 τὸ
1265 1613 1469 1650 γεγραμμένον.

1066 1660 1138 1688 Ἰδοὺ
1156 1660 1188 1687 τὸ
1203 1659 1281 1695 τάλα
1294 1659 1474 1687 κατεσθίετε.

1060 1707 1131 1743 (Cat.
1156 1707 1175 1733 f.
1191 1706 1266 1742 224.)
1291 1705 1478 1738 Ἐξαιτοῦντες
1498 1704 1553 1740 γὰρ
1574 1704 1646 1731 κατὰ
1668 1704 1715 1732 τὸν
1735 1704 1811 1740 νόμον

1023 1753 1149 1784 δεκάτας,
1165 1752 1304 1788 ἀπαρχάς,
1328 1751 1535 1787 εὐχαριστήρια,
1559 1751 1606 1776 καὶ⁷
1625 1751 1686 1782 ταῖς
1701 1752 1733 1777 ἐκ
1745 1750 1810 1777 λαῶν

1023 1797 1203 1834 δωροφορίαις
1218 1798 1403 1833 ἐντρυφῶντες
1417 1796 1539 1830 ἀσώτως,
1548 1796 1645 1823 οὐδένα
1659 1797 1711 1831 τῆς
1727 1805 1810 1832 σωτη-

1026 1845 1086 1880 ρίας
1102 1843 1192 1871 αὐτῶν
1208 1843 1347 1870 ἐποιοῦντο
1362 1843 1449 1878 λόγον.

1061 1890 1117 1917 Kal
1143 1891 1199 1924 οὐχ
1220 1889 1326 1917 ἰκανὸν
1352 1889 1423 1924 ὑμῖν
1446 1889 1491 1916 ὅτι
1517 1888 1574 1923 τὴν
1596 1888 1700 1924 καλὴν
1717 1889 1809 1924 νομὴν

1023 1935 1164 1969 ἐνέμεσθε
1175 1944 1184 1967 ;

1060 1981 1129 2017 (Cat.
1150 1981 1168 2008 ί.
1182 1981 1244 2008 224.
1260 1980 1300 2016 1).)
1325 1980 1498 2016 Νομομαθεῖς
1513 1980 1567 2015 γάρ
1587 1980 1664 2012 ὅντες
1681 1981 1707 2007 οἰ
1723 1980 1753 2013 ἐξ
1770 1980 1808 2007 αἰ·

1026 2036 1112 2062 ματος
1124 2027 1200 2060 Λευὶ,
1223 2027 1270 2053 καὶ
1283 2025 1430 2061 καλλίστην
1450 2025 1545 2061 ὥσπερ
1563 2025 1661 2061 νομὴν,
1672 2025 1769 2052 λεπτὺν
1783 2025 1808 2052 δὲ

1024 2073 1071 2099 καὶ
1086 2072 1181 2104 διειδὲς
1200 2072 1307 2108 ἔχοντες
1332 2071 1405 2107 ὕδωρ
1423 2072 1473 2107 τὴν
1492 2071 1536 2098 διὰ
1549 2072 1692 2103 Μωῦσὲως
1705 2071 1808 2098 παίδευ-

1025 2126 1066 2144 σιν
1089 2117 1140 2144 οὑκ
1162 2116 1297 2148 ἀνικάνως
1319 2115 1435 2151 ἔχουσαν
1455 2115 1584 2150 ποδηγεῖν
1605 2116 1647 2147 εἰς
1673 2115 1808 2151 ἀλήθειαν,

1024 2163 1193 2190 κατεπάτουν
1214 2162 1314 2199 τρόπον
1332 2161 1393 2189 τινὰ
1411 2162 1461 2198 τὴν
1487 2162 1590 2196 νομήν·
1616 2162 1808 2196 συνετάραττον

1023 2209 1051 2237 δὲ
1069 2210 1115 2236 καὶ
1134 2209 1164 2236 τὸ
1189 2209 1271 2244 ὕδωρ,
1293 2208 1408 2243 παχεῖάν
1421 2216 1481 2234 τινα
1498 2208 1546 2234 καὶ
1560 2207 1649 2242 ὑλώδη
1666 2207 1714 2234 καὶ
1732 2207 1808 2241 γαιώ-

182 2248 333 2275 doctrinam
356 2249 409 2282 his,
424 2249 470 2284 qui
493 2250 584 2278 ovium
610 2252 696 2280 instar
718 2253 902 2287 sequebantur
922 2260 968 2280 eos

1042 2264 1082 2287 tu;
1102 2254 1272 2290 ἀκαθαρσίας
1291 2252 1432 2280 ἀνάπλεων
1464 2253 1661 2289 παρατιθέντες
1686 2253 1808 2280 διδασκα-

183 2299 310 2329 tanquam
327 2296 436 2324 arietes.

218 2383 338 2417 XXXIV,
352 2385 397 2413 25.
412 2386 447 2413 Et
461 2387 594 2415 suscitabo
607 2388 660 2415 illi:
676 2392 807 2422 pastorem
819 2397 900 2416 unum
915 2397 969 2417 scr-

180 2438 239 2457 tum
255 2439 339 2458 meum
355 2431 491 2459 Davidem.

216 2476 292 2510 Quod
303 2478 359 2505 haec
370 2478 403 2505 de
412 2478 523 2506 Christo
533 2479 606 2507 dicat
615 2480 758 2516 propheta,
769 2481 840 2509 haud
853 2481 966 2509 arduum

180 2527 223 2550 est
240 2530 405 2558 cognoscere
422 2533 429 2551 :
448 2532 509 2552 nam
524 2525 628 2560 jamdiu
647 2532 752 2555 mortuo
767 2532 795 2555 et
812 2527 838 2555 in
857 2527 967 2555 tumulis

181 2569 285 2600 iacente
298 2570 375 2598 beato
387 2571 501 2604 Davide,
513 2572 711 2601 vaticinabatur
723 2575 818 2601 beatus
830 2573 964 2602 Ezechiel.

181 2612 358 2642 Promittebat
380 2621 469 2644 autem
495 2616 565 2645 Deus
589 2617 670 2646 Pater
692 2625 749 2646 rem
772 2618 892 2646 futuram
920 2626 968 2654 per

180 2665 313 2694 tempora,
328 2669 381 2689 non
402 2670 457 2690 rem
476 2663 532 2698 iam
552 2669 704 2700 peractam;
725 2665 758 2694 de
778 2665 876 2694 futuris
894 2665 965 2694 enim

182 2706 249 2733 liunt
262 2707 407 2741 promissa.
422 2716 474 2736 non
488 2711 522 2737 de
534 2711 688 2745 prateritis.

222 2900 228 2914 ¹
246 2899 304 2927 Gal.
317 2908 359 2930 ut.
376 2901 418 2929 ll.

1025 2303 1086 2329 λίαν
1099 2303 1154 2334 τοῖς
1171 2302 1200 2328 ὲν
1214 2301 1289 2333 τάξει
1303 2300 1448 2336 προὸάτων
1459 2301 1654 2327 ἀκολουθοῦσιν
1671 2300 1763 2333 αὐτοῖς
1775 2300 1808 2332 ὡς

1024 2347 1118 2382 κριοῖς.

1059 2393 1113 2419 Καὶ
1136 2392 1300 2425 ἀναστήσω
1317 2391 1364 2418 ἐπ’
1378 2391 1490 2425 αὐτοὺς
1508 2391 1638 2426 ποιμένα
1654 2391 1744 2420 ἕνα...
1759 2392 1807 2420 τὸν

1022 2439 1133 2466 δοῦλόν
1144 2447 1204 2473 μου
1217 2437 1314 2465 Δαείδ.

1058 2485 1127 2521 (Cat.
1146 2484 1164 2512 Γ.
1182 2484 1259 2518 225.)
1280 2485 1341 2511 Ὀτι
1365 2484 1394 2511 δὲ
1413 2484 1476 2519 περὶ
1499 2483 1618 2518 Χριστοῦ
1646 2483 1682 2510 τὰ
1701 2483 1807 2510 τοιαῦτὰ

1020 2539 1112 2566 φησιν,
1140 2530 1329 2566 ἀταλαίπωρον
1354 2530 1436 2556 ἰδεῖν·
1457 2529 1738 2565 προτετελευτηκότος
1757 2530 1808 2565 γὰρ

1020 2577 1071 2612 ἤδη
1084 2575 1131 2602 τοῦ
1153 2575 1289 2611 μακαρίου
1298 2575 1381 2602 Δαὸὶδ
1393 2575 1440 2602 καὶ
1456 2575 1485 2601 ὲν
1498 2575 1595 2609 τάφοις
1605 2574 1655 2610 ἤδη
1672 2575 1806 2611 κειμένου,

1021 2623 1210 2658 προεφήτευσε
1228 2622 1277 2657 μὲν
1291 2623 1305 2648 6
1322 2621 1456 2657 μακάριος
1471 2620 1614 2655 Ἰεζεκιήλ.
1634 2621 1765 2646 Ἐποιεῖτο
1780 2620 1806 2647 δὲ

1021 2668 1070 2703 τὴν
1086 2667 1232 2702 ὑπόσχεσιν
1244 2667 1258 2694 6
1271 2666 1338 2698 Θεὸς
1354 2666 1401 2693 καὶ
1415 2665 1510 2701 Πατὴρ
1532 2665 1570 2696 ὡς
1592 2666 1727 2701 ἐσομένην
1741 2665 1805 2692 κατὰ

1021 2715 1150 2750 καιροὺς,
1170 2714 1216 2741 καὶ
1233 2714 1283 2749 οὐχ
1304 2714 1342 2745 ὡς
1366 2713 1416 2749 ἤδη
1435 2712 1648 2747 τετελεσμένην·
1683 2711 1729 2737 ἐπὶ
1756 2712 1805 2746 γὰρ

1021 2762 1077 2792 τοῖς
1095 2761 1235 2795 ἐσομένοις
1258 2761 1286 2787 αἰ
1305 2759 1484 2794 ὑποσχέσεις,
1503 2757 1595 2785 οὐκέτι
1616 2758 1673 2789 τοῖς
1690 2757 1739 2793 ἤδη
1760 2765 1803 2783 πε-

1024 2806 1201 2841 πραγμένοις.
