4178 6580
662 364 723 419 η
1669 356 1727 415 S.
1766 354 2038 413 CYRIILI
2082 354 2547 412 ALEXANDRINI
2587 354 2903 415 ARCHIEP.
3834 364 3897 420 12

660 478 847 531 dorem
875 483 927 530 ct
948 474 1263 529 industriam
1288 475 1339 528 in
1358 473 1511 529 bonis
1540 474 1732 529 studiis
1754 474 1983 528 locatam
2018 474 2220 543 ignavia

2332 474 2737 544 σπουδάσμασιν
2772 474 2971 547 ἱδρῶτα
3016 475 3109 528 καὶ
3151 471 3312 529 πόνον
3340 473 3438 545 τῆς
3477 477 3535 529 ἓν
3574 474 3654 547 τῷ
3687 475 3898 548 ρόγχειν

663 566 1112 635 przestabiliorem
1141 580 1280 628 esse,
1307 580 1370 619 ac
1406 565 1651 620 laborare
1676 566 1868 620 melius
1901 579 2044 629 esse,
2069 578 2220 634 quam

2330 565 2555 635 ἀργείας
2580 566 2789 636 ἀμείνω
2817 584 2877 619 τε
2926 561 3065 619 εἶναι
3107 567 3506 633 πεπιστευκὼς,
3531 568 3626 621 καὶ
3661 568 3760 621 οὑκ
3790 570 3898 621 είσ-

660 666 927 709 stertere:
961 671 1059 711 nec
1103 656 1259 725 plane
1316 654 1543 720 dili‘tsus,
1596 655 1725 724 quin
1770 655 2058 724 aliquando
2106 670 2229 726 pos.

660 760 773 799 sem
807 747 1006 816 aliquid
1040 762 1235 800 twvum
1265 757 1320 800 et
1368 746 1576 799 varium
1635 745 1875 799 invenire
1906 763 1919 798 :
1982 746 2229 814 quando-

658 837 871 905 quidem
908 838 1047 891 Deus
1080 838 1217 891 hanc
1237 835 1749 891 commentationum
1776 837 1917 887 viam
1939 835 2229 889 rationem-

657 943 760 997 que
812 927 1022 981 dilatat.
1064 927 1331 996 Scriptum
1363 938 1443 980 est
1478 927 1621 981 enim
1651 944 1663 979 :
1696 944 1714 975 ι
1756 924 1947 978 Latum
2004 926 2225 979 mandas

658 1031 767 1074 tum
818 1027 966 1071 tuum
992 1018 1335 1071 vehementer
1368 1019 1403 1069 ¹.
1446 1036 1463 1067 ι

728 1108 1074 1177 Prophetavit
1107 1109 1267 1176 igitur
1317 1109 1506 1162 beatus
1545 1107 1711 1162 Isaias
1750 1106 2079 1177 temporibus
2135 1120 2225 1159 re-

657 1199 743 1269 gni
775 1197 1041 1263 Ochoziaa,
1074 1208 1131 1251 et
1157 1196 1440 1257 Joathami,
1478 1196 1675 1251 Acltazi
1730 1206 1783 1251 et
1812 1196 2072 1250 Ezechiae.
2114 1195 2227 1266 Age

658 1307 804 1353 vero,
841 1301 1077 1359 tempora
1120 1289 1543 1357 uniuscujusque
1584 1289 1844 1343 memoria
1903 1297 2223 1357 repetamus

656 1394 709 1435 et
744 1395 849 1451 quo
883 1393 1041 1450 pacto
1095 1381 1322 1450 quisque
1353 1378 1572 1443 vixerit,
1627 1378 1831 1432 cursim
1881 1386 1936 1431 et
1984 1377 2221 1431 strictim

657 1475 918 1529 dicamus.
994 1472 1389 1540 l’erspiciemus
1451 1471 1594 1524 enim
1646 1468 2218 1538 ltinc‘propheticum

656 1581 959 1621 sermonem
989 1564 1151 1619 rebus
1203 1564 1369 1632 gestis
1397 1572 1450 1617 et
1494 1561 1825 1632 temporibus
1855 1561 1984 1629 ipsis
2008 1575 2227 1615 accom-

656 1658 928 1710 modatum
979 1671 1121 1719 esse,
1173 1665 1226 1708 et
1275 1662 1755 1723 peropportunum.
1804 1653 1970 1708 Ozias
2015 1653 2219 1720 itaque,

2330 654 2474 709 ά-παν
2502 656 2816 728 ἀπειρηκὼς
2839 658 2938 729 τὴν
2965 658 3174 721 ἐλπίδα,
3201 658 3295 711 τοῦ
3331 659 3426 712 καὶ
3455 657 3565 711 ἔσθ’
3598 660 3686 712 ὅτε
3715 660 3901 717 καινὸν

2329 749 2421 801 καὶ
2458 748 2854 819 ἐξηλλαγμένον
2884 752 3206 821 προσευρεῖν
3238 768 3288 803 τι
3320 749 3598 813 δύνασθαι,
3633 750 3897 821 κατευρύ-

2327 854 2507 901 νοντος
2545 839 2679 892 Θεοῦ
2720 840 2817 911 τὴν
2851 841 2908 893 ἔν
2950 858 3014 909 γε
3060 844 3173 903 τοῖς
3207 841 3525 913 θεωρήμασι
3571 840 3774 911 τρίϐον.
3806 840 3899 893 Γέ-

2329 946 2569 999 γραπται
2604 930 2732 1001 γὰρ,
2760 931 2841 985 ὅτι
2874 949 2890 981 ι
2927 932 3164 984 Πλατεία
3195 933 3228 1002 ή
3271 931 3459 1003 ἐντολή
3492 949 3586 984 σου
3614 932 3835 1002 σφόδρα.
3874 950 3893 982 ι

2398 1102 2738 1174 Προφητεύει
2765 1104 2941 1157 τοίνυν
2969 1104 2998 1156 6
3030 1104 3298 1175 μακάριος
3337 1105 3561 1168 Ἡσαΐας
3598 1107 3655 1158 ὲν
3690 1108 3897 1176 καιροῖς

2329 1192 2601 1264 βασιλείας
2661 1196 2919 1265 Ὀχοζίου,
2971 1199 3066 1251 καὶ¹
3128 1199 3383 1269 Ἰωάθαμ,
3431 1198 3526 1251 καὶ
3572 1199 3761 1269 Ἀχαζ,
3805 1199 3898 1252 καὶ

2339 1286 2601 1356 Ἐζεχίου.
2633 1289 2745 1341 Καὶ
2781 1290 2913 1360 φέρε
2951 1288 3059 1343 τῶν
3084 1290 3311 1344 ἑκάστου
3353 1289 3558 1360 καιρῶν
3600 1290 3899 1361 διαμνημο-

2326 1378 2626 1449 νεύσωμεν,
2674 1379 2856 1431 διεϐίω
2902 1397 2961 1432 τε
3017 1382 3163 1444 ὅπως
3212 1380 3579 1453 ἐπιδρομάδην
3626 1380 3894 1450 λέγωμεν.

2326 1469 2595 1540 Εἰσόμεθα
2624 1470 2731 1540 γὰρ
2760 1471 3027 1536 ἐντεῦθεν,
3055 1474 3135 1526 δτι
3168 1475 3277 1535 τοῖς
3303 1472 3596 1541 δρωμένοις
3621 1471 3760 1526 κατὰ
3784 1489 3899 1525 και⁸

2327 1564 2454 1632 pob;
2498 1561 2722 1632 πρέπων
2750 1563 2807 1616 τέ
2841 1564 2955 1616 ἔστι
2992 1564 3085 1617 καὶ
3113 1564 3511 1635 ἁρμοδιώτατος
3552 1565 3651 1636 τῆς
3689 1581 3900 1635 προφηο

2324 1654 2474 1716 τείας
2500 1656 2528 1705 6
2553 1653 2729 1721 λόγος.
2767 1655 2959 1723 Γέγονε
2997 1656 3172 1708 τοίνυν
3205 1656 3430 1727 εὐσεϐὴς
3460 1656 3597 1728 ἀνὴρ
3633 1659 3661 1710 6
3696 1657 3896 1721 Ὀζίας,

653 1746 743 1814 qui
773 1755 825 1799 et
854 1746 1119 1800 Ochozias
1164 1744 1335 1799 dictus
1388 1754 1491 1809 est,
1544 1745 1629 1797 vir
1686 1743 1803 1813 pius
1865 1743 1985 1810 fuit,
2050 1758 2220 1811 eoque

2324 1747 2352 1798 6
2403 1746 2496 1798 καὶ
2532 1744 2796 1815 Ὀχοζίας,
2846 1745 3153 1816 προϐέϐηκε
3199 1747 3261 1819 δὴ
3306 1747 3441 1818 ὁμοῦ
3492 1748 3650 1818 δόξης
3694 1764 3751 1801 τε
3803 1749 3897 1801 καὶ

652 1807 1018 1904 amplitudinis
1056 1844 1111 1888 et
1152 1835 1402 1905 potentia:
1436 1807 1744 1904 provectus,
1788 1844 1847 1888 ut
1910 1807 2096 1905 gentes
2128 1807 2220 1889 ἀυ-

2328 1832 2506 1903 ίσχύος
2544 1835 2623 1895 είς
2660 1833 2836 1895 τοῦτο,
2873 1833 2947 1897 ὡς
2993 1835 3404 1907 κατακρατήσαι
3448 1833 3554 1887 τῶν
3584 1833 3751 1886 ἐθνῶν
3788 1834 3897 1886 τῶν

652 1930 777 1982 ὀίεαι
807 1929 1062 1982 ﬁnitimas
1104 1927 1391 1995 subegerit,
1432 1926 1615 1980 multis
1642 1926 1845 1980 tributa
1905 1925 2223 1994 imposuerit

651 2036 714 2075 ac
743 2021 972 2088 sceptris
1015 2020 1126 2073 suis
1186 2017 1500 2084 subjecerit,
1526 2018 1687 2073 urbes
1720 2018 2057 2080 instaurarit,
2084 2017 2219 2071 alias

652 2110 944 2180 acceperit,
987 2108 1288 2177 ﬁnibusque
1324 2107 1558 2163 Judaica:
1600 2118 1757 2161 terra:
1786 2106 2116 2175 adiunxerit.
2140 2106 2221 2160 Ad

651 2210 950 2255 extremum
1009 2215 1139 2254 vero
1222 2200 1511 2253 humanum
1569 2199 1822 2267 quiddam
1871 2212 2060 2266 passus
2116 2208 2218 2252 est.

651 2293 1001 2347 lnmtoderata
1048 2291 1190 2345 enim
1235 2291 1335 2345 hac
1385 2288 1654 2344 alllnentia
1695 2299 1750 2344 et
1785 2289 1969 2359 gloria:
2020 2290 2217 2359 ampli-

652 2383 836 2436 tudine
867 2382 1061 2447 victus,
1105 2379 1273 2433 altum
1307 2382 1703 2450 quodammodo
1754 2381 1951 2451 sapuit,
2012 2382 2223 2436 morbo-

649 2487 754 2539 que
786 2471 1051 2541 superbia
1098 2480 1397 2539 correptus,
1433 2471 1505 2540 ι’
1535 2470 1632 2539 ipsi
1671 2470 1805 2524 adeo
1867 2470 2064 2525 divinae
2116 2469 2220 2540 legi

650 2580 709 2618 se
756 2562 1024 2632 opposuit,
1066 2561 1259 2632 quippe
1297 2561 1387 2631 qui
1449 2561 1735 2616 sacerdotii
1784 2561 1946 2616 divini
2016 2576 2221 2631 praero-

650 2654 827 2723 gativa
875 2653 1173 2708 ornandum
1208 2667 1266 2707 se
1301 2667 1363 2706 ac
1389 2654 1751 2707 coronandum
1784 2654 2127 2709 existimarit.
2164 2652 2219 2707 In

651 2744 908 2815 templum
980 2744 1121 2797 enim
1184 2743 1275 2796 Dei
1330 2743 1652 2813 irrumpere,
1722 2760 1786 2799 ac
1839 2745 1950 2801 Deo
2004 2746 2221 2801 sumtus

649 2838 875 2907 ipsemet
942 2835 1194 2899 adolere,
1264 2844 1319 2890 et
1374 2850 1493 2903 quae
1548 2835 1600 2889 in
1691 2836 1807 2906 lege
1863 2846 2019 2892 erant
2078 2854 2219 2908 pra:-

648 2928 867 2998 scripta,
926 2936 1120 2997 praeter
1147 2926 1314 2995 legem
1349 2926 1568 2995 exsequi
1637 2927 1851 2981 molitus
1895 2937 1999 2983 est.
2054 2930 2218 2983 Eam-

646 3034 750 3088 que
782 3021 852 3073 ob
895 3034 1113 3073 causam
1172 3018 1315 3087 lepra
1363 3019 1619 3072 continuo
1665 3032 1973 3087 percussus,
2048 3020 2222 3074 evasit

2323 1922 2705 1992 προσηκόντων
2750 1924 2848 1994 τὴν
2888 1923 3163 1986 Ἰουδαίαν,
3222 1924 3314 1977 καὶ
3370 1924 3475 1994 μὴν
3519 1923 3613 1976 καὶ
3659 1923 3898 1993 δασμοὺς

2324 2010 2587 2065 ἐπιθεῖναι
2609 2012 2843 2076 πολλοῖς,
2868 2013 2962 2066 καὶ
2985 2016 3277 2084 σκήπτροις
3306 2013 3452 2077 ίδίοις
3474 2013 3549 2076 ὡς
3569 2011 3628 2077 ἐξ
3651 2013 3897 2082 ἀνάγκης

2322 2104 2662 2173 ὑπενεγκεῖν,
2700 2105 3091 2175 ἀναδείμασθαί
3120 2123 3177 2159 τε
3208 2106 3411 2171 πόλεις,
3447 2106 3540 2159 καὶ
3572 2104 3895 2177 προσλαϐεῖν

2320 2194 2533 2266 ἐτέρας,
2562 2196 2655 2248 καὶ
2703 2195 2933 2264 συνάψαι
2967 2199 3080 2260 τοῖς
3124 2196 3291 2267 ὁρίοις
3333 2198 3430 2266 τῆς
3473 2197 3736 2252 Ἰουδαίων
3768 2198 3890 2267 γῆς.

2321 2281 2455 2340 Εἶτά
2476 2303 2528 2339 τι
2564 2284 2796 2339 πέπονθε
2828 2287 2935 2339 τῶν
2963 2287 3335 2357 ἀνθρωπίνων.
3390 2287 3521 2341 Ἀπὸ
3552 2289 3661 2359 γάρ
3695 2306 3775 2343 τοι
3791 2289 3894 2358 τῆς

2320 2378 2459 2445 ἄγαν
2491 2377 2721 2449 τρυφῆς,
2756 2377 2850 2429 καὶ
2886 2381 2952 2448 τῇ
2992 2378 3091 2448 τῆς
3117 2378 3365 2442 εὐκλείας
3407 2380 3647 2449 ὑπεροχῇ
3683 2396 3894 2449 νενικη-

2325 2468 2505 2538 μένος,
2534 2470 2734 2541 τρόπον
2775 2469 2896 2522 τινὰ
2936 2470 3275 2540 πεφρόνηκεν
3321 2471 3521 2543 ὑψηλὰ,
3561 2473 3655 2525 καὶ
3692 2476 3757 2543 τῇ
3795 2471 3894 2540 τῆς

2322 2559 2622 2632 ὑπεροψίας
2661 2560 2800 2631 νόσῳ
2839 2560 3267 2631 κεκρατημένος,
3299 2562 3392 2615 καὶ
3421 2560 3583 2616 αὑτοῦ
3611 2562 3706 2615 τοῦ
3748 2562 3891 2615 θείου

2322 2650 2687 2721 κατεξανέστη
2744 2652 2930 2721 νόμου.
2983 2652 3149 2723 ᾭήθη
3197 2654 3304 2724 γὰρ
3352 2653 3459 2706 δεῖν
3512 2656 3746 2717 καὶτοῖς
3793 2656 3891 2725 τῆς

2322 2742 2469 2806 θείας
2504 2742 2800 2813 ἱερωσύνης
2831 2744 3136 2815 αὐχήμασιν
3188 2744 3377 2798 ἑαυτὸν
3419 2746 3734 2815 στεφανοῦν.
3772 2748 3895 2799 Ἐπ-

2320 2834 2571 2905 εχείρησε
2609 2835 2718 2905 γάρ
2749 2837 2829 2899 εἰς
2861 2836 2951 2889 τὸν
2990 2836 3129 2890 θεῖον
3163 2837 3429 2891 εἰσελάσαι
3459 2839 3601 2902 ναὸν,
3641 2839 3800 2904 αὑτὸς
3834 2839 3892 2893 δὲ

2319 2926 2385 2979 δι’
2412 2927 2608 2980 ἑαυτοῦ
2649 2926 2848 2999 θυμιᾷν
2890 2928 2969 2999 τῷ
3002 2928 3118 2999 Θεῷ
3153 2929 3245 2982 καὶ
3276 2929 3515 2999 πληροῦν
3552 2930 3794 3000 ἐκνόμως
3826 2932 3896 2984 τὰ

2320 3018 2698 3087 νενομισμένα.
2740 3018 2957 3088 Ταύτης
2998 3020 3160 3071 ἕνεκα
3198 3019 3295 3089 τῆς
3337 3018 3517 3083 αίτίας
3554 3018 3896 3091 λελέπρωται

649 3110 1188 3179 contemptissimus:
1249 3109 1600 3164 exsecrabilis
1632 3110 1773 3165 enim
1832 3110 2123 3165 secundum
2152 3110 2220 3164 le-

2322 3108 2687 3180 παραχρῆμα,
2718 3108 2812 3163 καὶ
2854 3104 2923 3179 ἦν
2970 3108 3327 3179 ἀτιμότατοςο
3363 3108 3559 3180 μιαρὸς
3595 3111 3704 3181 γάρ
3751 3112 3895 3165 κατὰ

646 3216 764 3269 gem
790 3211 892 3265 est,
932 3201 1021 3270 qui
1070 3200 1258 3254 morbo
1292 3199 1452 3270 lepra:
1514 3209 1744 3256 tenetur.
1806 3200 1932 3257 Post
1977 3203 2218 3258 succedit

2321 3201 2484 3272 νόμον
2515 3203 2543 3254 6
2583 3200 2660 3271 τῷ
2703 3201 2803 3271 τῆς
2852 3202 3058 3272 λέπρας
3098 3200 3261 3255 πάθει
3311 3201 3723 3272 κατισχυμένος.
3759 3198 3895 3255 Εἶτα

649 3294 703 3347 in
764 3307 985 3362 regnum
1028 3291 1173 3347 Ozia:
1224 3292 1341 3361 ejus
1410 3303 1603 3361 gnatus
1651 3292 1986 3358 Joathamus,
2056 3294 2217 3348 homo

650 3382 868 3453 quidem
899 3382 1039 3450 pius,
1073 3392 1447 3437 verumtamen
1495 3382 1703 3437 excelsa
1746 3399 1852 3436 non
1887 3384 2073 3449 diruit,
2119 3384 2214 3439 sed

648 3473 907 3529 Israelita:
931 3473 1226 3529 etiamnum
1255 3473 1635 3527 sacriﬁcarunt
1682 3474 1935 3543 operibus
1992 3491 2213 3529 suarum

646 3580 923 3628 manuum,
958 3574 1164 3619 montes
1190 3572 1245 3617 et
1288 3564 1454 3619 colles
1492 3567 1862 3634 occupantes,’_
1880 3566 1981 3620 sub
2004 3581 2207 3635 quercu

646 3667 702 3712 et
729 3657 943 3726 populo,
974 3666 1029 3711 et
1053 3656 1246 3710 arbore
1274 3657 1549 3721 umbrosa,
1595 3657 1719 3726 quia
1752 3657 1954 3711 bonum
1988 3658 2207 3712 umbra-

646 3748 847 3811 culum,
878 3748 1018 3802 sicut
1060 3747 1130 3800 ait
1183 3746 1371 3802 Oseas.
1408 3749 1428 3778 ²
1457 3746 1721 3802 Defuncto
1785 3758 1962 3803 autem
1996 3748 2216 3804 Joatha-

647 3855 756 3905 mo,
789 3839 1022 3907 capessit
1046 3848 1315 3908 sceptrum
1347 3840 1613 3903 Achazns,
1633 3840 1717 3893 vir
1742 3840 2215 3896 exsecratissimus

647 3947 687 3985 ar
736 3931 916 3986 divina
968 3932 1223 3999 religione
1251 3930 1571 3996 abhorrens,
1600 3932 1855 4000 omnique
1889 3931 2212 4002 ﬂagitiorum

648 4040 846 4095 genere
872 4034 1175 4093 coopertus.
1211 4024 1258 4078 Is
1305 4024 1558 4093 templum
1620 4024 1794 4092 ipsum
1853 4026 1942 4079 Dei
2000 4025 2213 4088 clausit,

648 4115 927 4170 sacriﬁciis
950 4130 1016 4169 ex
1038 4115 1167 4183 legis
1195 4115 1505 4184 praescripto
1540 4115 1907 4169 universitatis
1944 4117 2107 4170 Deum
2124 4132 2218 4171 co-

650 4209 762 4263 lere
794 4209 983 4272 vetuit,
1012 4208 1143 4263 l'esta
1165 4206 1469 4261 Jndteorum
1503 4221 1598 4275 pro
1629 4220 1775 4260 more
1804 4206 2070 4261 celebrata
2094 4222 2217 4276 pro-

649 4301 842 4365 hibuit,
885 4302 993 4355 aris
1019 4301 1071 4354 in
1122 4300 1268 4353 omni
1316 4298 1431 4354 loco
1476 4298 1814 4352 Hierusalem
1846 4301 2072 4363 erectis,
2102 4316 2215 4354 ma-

646 4409 715 4447 nn
766 4392 977 4447 condita
1009 4392 1236 4446 adorare
1295 4390 1475 4458 jussit,
1536 4400 1592 4445 et
1648 4390 1909 4445 cmlorum
1968 4393 2213 4447 militiam

2315 3291 2613 3363 διαδέχεται
2640 3292 2739 3364 τήν
2767 3292 2857 3347 τοῦ
2894 3292 3069 3357 ὐζίου
3096 3292 3369 3362 βασιλείαν
3398 3295 3427 3347 6
3470 3294 3531 3359 ἐξ
3590 3293 3757 3348 αὑτοῦ
3798 3311 3893 3362 γε·-

2314 3384 2487 3451 γονὼς
2530 3382 2788 3455 Ἰωάθαμ,
2806 3383 3045 3453 φιλόθεος
3093 3384 3190 3456 μὲν
3216 3384 3374 3456 ἀνὴρ,
3404 3384 3544 3456 πλὴν
3571 3386 3670 3439 οὑκ
3709 3386 3893 3456 ἐξῇρε,

2316 3476 2469 3545 φησι,
2500 3475 2568 3526 τὰ
2601 3474 2800 3544 ὑψηλὰ,
2836 3474 2950 3528 ἀλλ’
2980 3475 3135 3529 ἔθυον
3159 3474 3236 3528 ἔτι
3264 3478 3375 3539 τοῖς
3403 3474 3583 3546 ἔργοις
3603 3476 3711 3530 τῶν
3750 3476 3895 3531 ίδίων

2315 3567 2511 3636 χειρῶν
2539 3568 2588 3619 οί
2619 3566 2679 3630 ἐξ
2718 3566 2952 3638 Ἰσραὴλ,
2982 3567 3082 3639 ὅρη
3126 3586 3185 3621 τε
3218 3568 3311 3622 καὶ
3355 3569 3574 3639 βουνοὺς
3610 3570 3893 3641 καταλαμ-

2317 3654 2892 3735 ϐάνοντεςηὺποκάτω
2934 3656 3114 3729 δρυὸς,
3162 3660 3254 3711 καὶ
3296 3658 3514 3731 λεύκης,
3548 3660 3639 3713 καὶ
3674 3660 3894 3732 δένδρου

2317 3736 2650 3809 σκιάζοντὸς,
2702 3746 2845 3800 καθά
2892 3765 3058 3817 φησιν
3104 3750 3297 3818 Ὠσηὲ,
3344 3751 3427 3803 ὅτι
3478 3751 3640 3805 καλὸν
3690 3752 3891 3822 σκέπη.

2316 3837 2745 3907 Τελευτήσαντος
2770 3837 2827 3890 δὲ
2872 3838 3108 3909 Ἰωάθσιμ
3136 3840 3437 3911 διαδέχεται
3470 3842 3528 3895 τὸ
3556 3842 3834 3912 σκῆπτρον
3861 3844 3895 3895 6

2322 3928 2497 3998 Ἀχαζ
2528 3928 2666 3999 ἀνὴρ
2699 3927 3113 3999 βδελυρώτατος,
3143 3932 3235 3983 καὶ
3256 3931 3482 4004 θεομισὴ
3494 3953 3532 3995 τ,
3568 3933 3780 4003 καὶτῆς
3809 3936 3893 3997 εἰς

2316 4020 2484 4087 ἄκρον
2524 4017 2855 4086 φαυλότητος
2890 4017 3127 4089 ἡκούσης
3164 4018 3431 4089 ἔμπλεως.
3465 4014 3630 4084 Οὗτος
3674 4022 3767 4074 καὶ
3797 4023 3897 4074 αὑ-

2316 4111 2406 4164 τὸν
2438 4110 2528 4164 τὸν
2557 4110 2697 4163 θεῖον
2745 4110 2953 4163 ἔκλεισε
2984 4110 3129 4176 ναὸν,
3160 4112 3254 4166 καὶ
3286 4118 3405 4178 ταῖς
3443 4115 3582 4169 κατὰ
3617 4114 3778 4185 νόμον
3799 4114 3900 4167 θυ-

2318 4204 2460 4267 σίαις
2486 4205 2587 4256 οὑκ
2616 4203 2763 4273 ἠφίει
2804 4204 3297 4275 καταγεραίρεσθαι
3326 4206 3418 4257 τὸν
3439 4207 3545 4258 τῶν
3570 4206 3705 4258 ὅλων
3736 4205 3891 4269 Θεὸν,

2319 4294 2595 4349 κεκώλυκε
2625 4295 2681 4348 δὲ
2717 4295 2811 4348 καὶ
2836 4295 2933 4356 τὰς
2964 4295 3024 4358 ἐξ
3052 4294 3204 4357 ἔθους
3236 4294 3341 4347 τῶν
3379 4295 3648 4348 Ἰουδαίων
3676 4296 3888 4367 ἑορτὰς,

2318 4387 2412 4440 καὶ
2443 4390 2501 4440 ὲν
2534 4386 2695 4439 παντὶ
2722 4385 2870 4455 τόπῳ
2892 4386 2988 4454 τῆς
3031 4384 3381 4455 Ἰερουσαλὴμ
3414 4384 3630 4454 βωμοὺς
3652 4386 3890 4458 ἀναστήο

646 4486 893 4541 venerari
934 4504 945 4538 :
985 4485 1111 4554 quin
1138 4492 1193 4537 et
1218 4483 1418 4537 liberos
1440 4497 1568 4537 suos
1594 4497 1687 4551 per
1715 4484 1890 4553 ignem
1953 4486 2209 4549 traduxit,

2321 4497 2415 4542 σας
2440 4481 2762 4550 προσκυνεῖν
2784 4478 2999 4530 ἐκέλευε
3024 4476 3090 4529 τὰ
3114 4477 3467 4548 χειρόκμητα,
3499 4478 3592 4531 καὶ
3613 4478 3894 4550 λατρεύειν

646 4580 700 4634 id
746 4588 848 4644 est,
883 4577 1210 4631 cremavitin
1244 4574 1567 4629 sacrificium
1601 4576 1825 4644 impuris
1848 4575 2208 4640 dzemmtibus,

648 4683 826 4742 atque.
862 4680 918 4723 ut
962 4670 1272 4725 summatim
1304 4678 1360 4721 et
1393 4667 1558 4721 semel
1601 4668 1804 4731 dicam,
1841 4668 1892 4721 in
1934 4668 2079 4721 omni
2111 4668 2212 4720 inn-

645 4766 865 4834 pietatis
892 4776 1089 4830 genere
1143 4760 1413 4813 volutatus
1489 4769 1593 4812 est.
1665 4760 1863 4812 Deinde
1914 4758 2207 4811 secundum

648 4862 789 4911 hunc
812 4852 1057 4919 regnavit
1119 4848 1399 4911 Ezechias,
1486 4848 1566 4899 vir
1617 4848 1736 4914 pius
1800 4858 1853 4899 et
1908 4847 2208 4911 religiosus,

646 4948 784 5016 sequi
801 4953 855 5000 et
870 4944 991 4998 boni
1006 4937 1521 5002 administer,omnis
1547 4937 1668 4990 boni
1688 4946 1943 5001 sectator,
1956 4945 2008 4989 et
2026 4936 2217 4989 divina:

648 5034 945 5094 voluntatis
958 5032 1199 5088 effector.
1217 5031 1265 5085 Is
1284 5029 1463 5085 omnia
1490 5029 1763 5083 mandavit
1796 5026 1909 5081 ﬁeri
1932 5037 1987 5081 et
2018 5027 2215 5091 valere,

655 5140 978 5201 quaecunque
1003 5124 1215 5179 fuerant
1232 5121 1430 5177 Achazi
1452 5119 1982 5191 pravarleationibus
2003 5130 2221 5173 ('Ottll'a-

652 5221 751 5283 ria,
773 5227 831 5270 ut
857 5215 946 5282 qui
967 5213 1144 5281 templi
1178 5214 1318 5266 fores
1351 5211 1578 5279 aperuit,
1593 5210 1712 5262 dein
1731 5207 1995 5261 sacriﬁcia
2012 5218 2065 5260 et
2088 5208 2218 5261 liba-

654 5310 825 5362 tlones
872 5304 1150 5359 constituit
1187 5301 1298 5356 Deo
1324 5301 1647 5363 oll‘erendas,
1680 5307 1736 5351 ut
1758 5298 2014 5367 legalibus
2044 5299 2209 5351 mini-

653 5397 832 5451 steriis
859 5396 1210 5448 honoraretnr
1232 5405 1247 5444 :
1269 5391 1428 5444 etiam
1447 5390 1662 5443 Pascha:
1684 5388 1876 5457 legem,
1899 5386 2056 5456 longo
2083 5396 2214 5439 tem—

654 5501 781 5555 pore
828 5484 1209 5548 intermissam,
1242 5482 1596 5536 revocandam
1616 5480 1828 5533 curavit
1858 5491 1909 5531 et
1949 5494 2216 5532 renovan-

654 5579 780 5633 dam
802 5590 955 5630 :aras
977 5584 1203 5630 etmann
1230 5573 1442 5627 condita
1466 5570 1663 5625 excidit
1683 5589 1694 5624 :
1713 5570 1947 5625 hariolos
1971 5579 2023 5623 et
2056 5568 2218 5623 falsos

728 5790 742 5819 ί
777 5787 920 5843 Psal.
949 5796 1134 5849 cxvm,
1167 5779 1253 5837 96.
1333 5780 1351 5809 ‘
1392 5778 1540 5834 Osee.
1582 5793 1651 5843 ιγ,
1680 5776 1770 5829 'l‘S.

2317 4570 2412 4640 τὴν
2438 4567 2697 4638 στρατιὰν
2723 4568 2814 4619 τοῦ
2846 4566 3076 4638 ούρανοῦ
3100 4582 3112 4596 ⁸
3143 4566 3236 4619 καὶ
3264 4568 3367 4637 μὴν
3393 4567 3488 4621 καὶ
3513 4568 3579 4621 τὰ
3601 4568 3705 4621 rem
3728 4569 3894 4623 τέκνα

2317 4660 2574 4729 διήγαγεν
2618 4661 2674 4711 ὲν
2706 4659 2857 4729 πυρὶ,
2891 4660 3154 4719 τουτέστι.
3202 4659 3538 4713 κατέκαυσεν
3576 4662 3655 4723 είς
3703 4660 3895 4713 θυσίαν

2318 4752 2430 4812 τοῖς
2484 4749 2817 4823 ἀκαθάρτοις
2873 4750 3112 4819 δαίμοσι,
3162 4751 3254 4802 καὶ
3310 4750 3643 4816 ἁπαξαπλῶς
3696 4755 3891 4819 εἰπεῖν,

2318 4841 2516 4909 τρόπος
2560 4842 2707 4911 αὑτῷ
2753 4841 3069 4903 δυσσεϐείας
3116 4843 3532 4910 ἁνεπιτήδευτος
3577 4839 3645 4914 ἦν
3697 4843 3890 4906 οὑδείς.

2324 4929 2456 4984 Εἶτα
2493 4933 2631 5001 μετὰ
2655 4932 2843 4985 τοῦτον
2886 4932 3267 5001 βεϐασίλευκεν
3310 4934 3549 5002 Ἐζεκίας
3584 4935 3722 5005 ἀνὴρ
3750 4935 3896 4986 εὑσε-

2324 5022 2424 5093 ϐὴς
2452 5023 2546 5077 καὶ
2568 5023 2832 5091 φιλόθεος,
2864 5024 2957 5077 καὶ
2970 5023 3313 5094 δικαιοσύνης
3337 5024 3617 5094 πρύτανις,
3643 5025 3736 5078 καὶ
3768 5043 3897 5078 παν-

2321 5115 2414 5177 τὸς
2462 5114 2668 5183 ἀγαθοῦ
2721 5115 2995 5185 ζηλωτὴς,
3060 5115 3155 5167 καὶ
3211 5116 3319 5167 τῶν
3375 5115 3531 5169 θείων
3576 5116 3896 5186 θελημάτων

2324 5208 2582 5279 ἐργάτης.
2612 5203 2777 5271 Οὗτος
2797 5208 2889 5261 τοῦ
2918 5210 3094 5278 Ἀχαζ
3121 5210 3574 5280 παρανομήμασιν
3602 5211 3707 5263 πᾶν
3733 5213 3898 5282 πράτ-

2322 5298 2508 5352 τεσθαί
2542 5316 2597 5350 τε
2628 5298 2719 5350 καὶ
2762 5298 2965 5369 ἰσχύειν
2998 5300 3246 5352 ἐκέλευεν
3268 5316 3280 5330 ·
3310 5300 3477 5369 ἀνῆκε
3526 5301 3627 5370 μὲν
3664 5300 3770 5370 γὰρ
3800 5302 3897 5363 τὰς

2319 5389 2412 5441 τοῦ
2445 5389 2572 5444 ναοῦ
2617 5389 2804 5459 θύρας,
2847 5387 2962 5443 εἶτα
2992 5390 3202 5456 θυσίας,
3235 5391 3327 5443 καὶ
3373 5390 3601 5453 σπονδάς
3646 5389 3898 5443 διετύπου

2323 5480 2693 5551 προσάγεσθαι
2735 5481 2810 5549 τῷ
2854 5480 2995 5550 θεῷ,
3029 5482 3119 5534 καὶ
3152 5484 3269 5542 ταῖς
3308 5481 3447 5534 κατὰ
3477 5481 3639 5550 νόμον
3685 5482 3896 5551 ἱερουρ-

2323 5573 2467 5636 γίαις
2502 5572 2883 5643 γεραίρεσθαυ
2915 5574 3005 5625 καὶ
3041 5572 3146 5642 μὴν
3178 5574 3271 5625 καὶ
3294 5572 3415 5642 δίχα
3439 5573 3641 5644 χρόνων
3673 5571 3897 5641 μακρῶν
