4178 6564
228 483 293 545 t3
1386 472 1453 536 IN
1494 478 1726 536 ISAIAM
1766 471 1895 534 LIB.
1936 479 1974 532 l.
2017 467 2223 534 (mar.
2265 470 2308 532 l.
3410 472 3475 532 tt

227 606 317 659 τδν
347 601 441 658 ἐπὶ
477 605 554 674 τῷ
580 604 770 672 Πάσχα
803 601 964 673 νόμον
1013 599 1416 654 άνανεωσασθαι
1444 575 1654 671 ὁρᾶται.
1686 599 1800 650 Κα-

1910 606 2071 662 vates,
2104 606 2160 651 et
2203 599 2722 652 incantamen‘torum
2775 594 2985 653 turbam
3034 592 3294 668 quasique
3358 603 3479 665 gre-

222 697 368 752 θεῐλε
395 697 612 766 τεμένη,
643 695 736 748 καὶ
765 693 1002 764 βωμοὺς,
1038 693 1132 746 καὶ
1156 692 1516 762 χειρόκμητα,
1546 690 1794 758 γνίῦστας

225 805 284 841 τε
320 787 413 859 κα).
461 785 869 857 ψευδομάντεις,
911 789 1006 838 καὶ
1049 783 1149 847 τὰς
1193 782 1301 836 τῶν
1339 782 1558 850 ἐπῳδῶν
1602 781 1801 851 ἀγέλας

225 877 452 950 ἠρεμεῖν
476 876 749 941 ἐκέλευσε,
782 876 876 928 καὶ
903 869 973 946 ἦν
1012 873 1150 946 ἀνὴρ
1187 873 1388 942 ἀγαθὸς
1419 874 1477 927 ἐν
1508 869 1802 942 ὀφθαλμοῖς

222 967 318 1022 τοῦ
339 963 496 1023 Θεοῦ.
520 967 727 1040 Οὐκοῦν
751 965 1044 1038 ἐπειδήπερ
1073 961 1132 1019 ἐν
1159 966 1369 1036 καιροῖς
1393 963 1666 1034 βασιλείας
1693 962 1800 1015 τῶν

222 1054 427 1131 ἀρτίως
467 1057 599 1130 ἡμῖν
659 1059 998 1130 εἰρημένων,
1045 1057 1174 1111 ποτὲ
1221 1057 1320 1128 μὲν
1367 1056 1600 1121 ὠξύνετο
1663 1053 1799 1126 πρὸς

221 1149 394 1223 ὀργὰς
413 1149 442 1202 6
463 1150 570 1204 τῶν
594 1149 729 1204 ὅλων
748 1147 904 1213 Θεὸς,
927 1144 1434 1220 εἰδωλολατροῦντος
1447 1146 1542 1201 τοῦ
1561 1145 1795 1219 Ἰσραήλ·

223 1242 355 1295 ποτὲ
387 1241 442 1295 δέ
472 1240 565 1294 καὶ
601 1237 943 1311 ἐμαλάσσετο
985 1239 1118 1311 πρὸς
1142 1238 1202 1292 τδ
1226 1239 1454 1310 ἥμερον,
1491 1237 1798 1307 μεταπλατ-

221 1334 452 1404 τομένου
477 1333 613 1405 πρὸς
637 1333 912 1386 εὐσέδειαν
937 1331 1024 1386 διὰ
1049 1331 1144 1402 τῆς
1163 1331 1257 1384 τοῦ
1281 1329 1606 1398 κρατοῦντος
1629 1331 1799 1382 ἐπιει-

222 1424 410 1489 κείαςο
439 1425 610 1497 ταύτῃ
648 1441 728 1478 τοι
771 1425 1033 1495 μέμικται
1065 1424 1164 1493 τῆς
1185 1421 1518 1493 προφητείας
1553 1423 1581 1473 6
1617 1415 1793 1488 λόγος,

223 1519 317 1571 καὶ
340 1517 599 1587 πλείστην
633 1517 731 1587 μὲν
754 1517 886 1586 ὅσην
909 1515 1020 1566 ἔσθ’
1050 1514 1140 1566 ὅτε
1161 1515 1395 1565 ποιεῖται
1419 1511 1517 1582 τὴν
1544 1511 1797 1582 ἀπειλὴν,

1908 702 2003 758 ges
2049 688 2266 743 sustulit
2303 707 2316 744 :
2350 698 2406 743 et
2451 688 2534 742 vir
2564 689 2734 743 bonus
2761 699 2879 744 erat
2907 691 2960 744 in
3013 698 3304 760 canspectu
3358 687 3475 743 Dei.

1904 779 2092 848 Itaque
2118 796 2246 834 cum
2268 779 2828 844 universitatis-Deus,
2864 780 3198 851 temporibus
3256 781 3475 843 horum,

1901 886 2039 942 quos
2065 871 2176 941 jam
2215 871 2470 936 diximus,
2501 884 2645 927 nunc
2675 871 2743 926 ad
2768 871 2905 926 iram
2935 863 3311 936 exacueretur,
3358 871 3477 925 ido-

1906 963 2136 1019 lolatr‘iae
2167 963 2346 1018 dedito
2378 982 2392 1019 :
2421 980 2587 1030 nunc,
2619 979 2683 1020 eo
2734 979 2996 1019 converso
3046 963 3114 1018 ad
3167 963 3479 1033 religionem

1901 1065 2122 1127 propter
2159 1057 2414 1111 virtutem
2457 1066 2512 1113 et
2552 1057 2878 1128 probitatem
2929 1056 3211 1126 principis,
3252 1057 3318 1110 ad
3369 1055 3485 1123 pla-

1901 1148 2235 1202 cabilitatem
2285 1147 2700 1203 emollesceret:
2735 1148 2862 1203 hinc
2920 1148 3096 1202 oratio
3138 1145 3300 1215 hujus
3355 1161 3482 1214 prn-

1899 1239 2096 1308 phetia:
2128 1239 2287 1293 mista
2319 1249 2403 1295 est
2423 1249 2478 1294 et
2494 1239 2640 1294 velut
2669 1239 2867 1296 lsraele
2890 1239 3055 1308 impie
3072 1246 3286 1307 agente.
3304 1236 3481 1290 minas

1899 1331 2167 1388 interdum
2218 1348 2410 1403 graves
2438 1333 2699 1388 intendit:
2748 1333 2868 1387 aliis
2905 1341 3080 1387 autem
3113 1329 3486 1402 promissionis

1899 1422 2159 1479 bonorum
2180 1425 2503 1480 mentionem
2530 1425 2659 1481 facit
2685 1443 2701 1481 :
2727 1425 2928 1495 ubique
2949 1439 3076 1480 vero
3095 1421 3486 1492 redemptionis

1899 1529 1996 1584 per
2042 1515 2312 1571 Christum
2343 1519 2669 1574 mentionem
2701 1519 2895 1588 injicit,
2922 1518 3106 1586 aitque
3146 1518 3484 1584 subsequen-
3558 1521 3562 1571 ς

218 1608 297 1669 ὡς
340 1606 728 1668 δυσσεϐοῦντος
775 1603 870 1657 τοῦ
918 1600 1155 1673 Ἰσραὴλ,
1206 1600 1549 1669 ὑποσχέσεως
1594 1599 1651 1653 δὲ
1701 1603 1802 1671 τῆς

1910 1607 2392 1676 tibustemporibus
2416 1624 2442 1661 a
2466 1610 2727 1664 societate
2743 1620 2795 1664 et
2808 1608 3160 1664 contubemio
3183 1606 3275 1661 Dei
3306 1615 3486 1660 estera
3561 1674 3564 1677 Ι

221 1700 310 1752 ἐπ’
339 1698 563 1767 ἀγαθοῖς
605 1694 908 1765 εἰσκομίζει
948 1693 1124 1762 λόγον.
1166 1691 1542 1761 Διαμέμνηται
1569 1689 1626 1743 δὲ
1667 1708 1802 1743 παν-

1910 1697 2215 1753 minandum
2277 1699 2552 1766 lsraelem,
2629 1714 3005 1756 successuram
3063 1713 3193 1754 vero
3241 1697 3480 1768 gentium

219 1791 390 1862 ’ταχοῦ
438 1793 537 1861 τῆς
581 1789 671 1842 διὰ
702 1787 795 1841 τοῦ
839 1785 1076 1858 Χριστοῦ
1124 1781 1461 1853 λυτρώσεως,
1521 1783 1614 1836 καὶ
1639 1783 1800 1853 φησὶν

1910 1788 2322 1856 multitudinem,
2366 1808 2462 1861 per
2499 1794 2659 1848 Iidem
2727 1793 2778 1846 in
2841 1791 3055 1846 Christo
3114 1789 3484 1860 justitlcatam.

221 1882 306 1934 ὅτι
331 1882 472 1935 κατά
498 1879 720 1953 καιροὺς
753 1878 849 1949 μὲν
881 1877 1030 1930 ἔσται
1059 1875 1159 1944 τῆς
1200 1873 1335 1943 πρὸς
1372 1872 1507 1926 Θεὸν
1526 1873 1796 1942 οἰκειότη-

1910 1878 2085 1945 Quare
2134 1881 2266 1936 mihi
2299 1883 2512 1937 videtur
2532 1884 2723 1938 beatus
2753 1884 3012 1954 propheta
3042 1881 3209 1937 Isaias
3243 1895 3348 1934 non
3370 1877 3484 1933 sola

222 1986 317 2036 ¹τος
360 1952 720 2042 ἀπόπεμπτος
761 1973 790 2022 6
841 1967 1074 2041 Ἰσραὴλ,
1128 1966 1532 2037 είσδεχθήσεται
1583 1963 1640 2019 δὲ
1690 1965 1800 2020 τῶν

1910 1972 2202 2041 prophetiae
2232 1977 2405 2041 gratia
2437 1974 2727 2043 plurimum
2754 1952 3084 2038 exornatus,
3122 1971 3216 2028 sed
3249 1980 3306 2025 et
3328 1970 3489 2024 deco-

220 2065 392 2118 ἐθνῶν
419 2066 452 2134 ἡ
487 2063 694 2133 πληθὺς
724 2059 1077 2132 δικαιουμένη
1104 2059 1190 2113 διὰ
1221 2058 1323 2129 τῆς
1356 2058 1589 2124 πίστεως
1610 2058 1710 2129 τῆς
1741 2059 1800 2112 ἐν

1910 2058 2059 2115 ribus
2085 2061 2450 2133 apostoli.Est
2477 2066 2622 2118 enim
2652 2065 2740 2120 hic
2759 2064 3019 2134 prOpheta
3049 2061 3209 2117 simul
3236 2072 3292 2116 et
3355 2073 3487 2130 οι)οά

221 2154 463 2226 Χριστῷ.
496 2155 658 2206 Ὥστε
686 2170 776 2223 μοι
814 2151 962 2206 δοκεῖ
988 2149 1286 2220 στεφανοῦν
1311 2145 1369 2204 εὖ
1403 2150 1548 2220 μάλα
1572 2150 1664 2204 τὸν
1697 2167 1800 2221 μα-

1910 2153 2124 2208 stolus:
2181 2166 2236 2208 et
2289 2153 2340 2208 in
2372 2155 2472 2209 hac
2533 2155 2825 2225 scriptione
2847 2171 2944 2211 sua
3010 2153 3226 2210 habebit
3281 2165 3487 2207 sermo-

220 2247 414 2318 κάριον
445 2247 731 2318 προφήτην
775 2240 1025 2310 Ἡσαΐαν,
1073 2244 1195 2314 οὐχ).
1225 2246 1291 2314 τῇ
1328 2243 1428 2314 τῆς
1464 2243 1802 2314 προφητείας

1910 2255 2003 2298 nes
2056 2243 2381 2314 erangelicae
2428 2246 2825 2314 praedicationis
2889 2245 3178 2317 splendore
3238 2252 3344 2296 nou
3392 2255 3486 2296 ca-

214 2340 404 2412 χάριτι
437 2338 595 2411 μόνῃ,
626 2336 761 2392 ἀλλὰ
794 2337 904 2407 γὰρ
939 2336 1032 2389 καὶ
1063 2339 1174 2399 τοῖς
1213 2335 1590 2398 ἁποστολικοῐς
1629 2334 1800 2405 αὑχή-
1910 2345 2112 2391 rentes.
3347 2349 3349 2352 '

223 2445 410 2499 μασιν.
457 2429 545 2482 Ἐν
580 2424 763 2498 ταῦτῷ
801 2425 908 2498 γὰρ
947 2426 1093 2480 ἐστιν
1123 2427 1409 2497 προφήτης
1443 2436 1504 2478 τε
1572 2425 1710 2494 ἅμα,
1742 2421 1836 2479 καὶ
1874 2425 2203 2492 -άπὸστολος,
2257 2431 2353 2482 καὶ
2397 2430 2499 2500 τῆς
2545 2429 2653 2484 τῶν
2700 2428 3072 2500 εὐαγγελικῶν
3113 2427 3484 2501 κηρυγμάτων

220 2525 577 2598 φαιδρότητος
610 2525 709 2578 οὐκ
745 2525 1118 2597 ὴμοιρηκότας
1139 2523 1266 2587 τοὺς
1321 2521 1424 2592 τῆς
1465 2518 1658 2575 ἑαυτοῦ
1705 2523 2026 2596 συγγραφῆς
2055 2523 2335 2595 ποιήσεται
2367 2524 2572 2594 λόγους.

849 2612 1067 2670 ΛΟΓΟΣ
1104 2619 1183 2669 A'.

299 2705 548 2777 Ὅρασις
581 2703 662 2775 ἣν
689 2697 852 2762 εἶδεν
893 2707 1141 2774 Ἡσαΐας
1169 2699 1299 2772 υιὸς
1333 2703 1540 2776 Ἀμὼς,
1583 2702 1664 2773 ἢν
1683 2698 1805 2759 εἶδε

221 2799 380 2854 κατὰ
422 2797 533 2866 τῆς
591 2796 908 2863 Ἰουδαίας,
958 2797 1057 2850 καί
1114 2797 1267 2851 κατὰ
1305 2793 1691 2865 Ἰερουσαλὴμ
1736 2795 1806 2848 ἐν

216 2891 513 2956 ,ϐασιλείᾳ
575 2889 785 2954 Ὀζίου,
837 2890 934 2944 καὶ
993 2889 1260 2959 ἰωάθαμ,
1314 2889 1412 2943 καί
1449 2887 1648 2958 Ἀχαζζ
1707 2887 1806 2942 καὶ

234 2983 494 3052 Ἐζεκίου
532 2981 590 3035 οἳ
621 2983 1033 3036 ἐϐασίλευσαν
1057 2981 1169 3050 τῆς
1201 2981 1516 3047 Ἰουδαίας.

296 3076 413 3128 Οὐκ
438 3073 506 3128 ἂν
550 3069 705 3144 οἶμαι
745 3071 1093 3141 διαψεύσαιτό
1129 3089 1212 3135 τις
1249 3072 1424 3124 ἐκεῖνο
1463 3067 1631 3123 εἰπὼν
1679 3068 1807 3139 περὶ

2522 2615 2780 2674 ORATIO
2814 2617 2851 2672 Ι.

1977 2707 2106 2764 Car.
2139 2709 2177 2776 Ι,
2211 2721 2340 2766 νειιε
2371 2713 2420 2765 1.
2467 2707 2631 2778 Visio,
2688 2729 2843 2782 quam
2908 2715 3034 2768 vidit
3114 2708 3289 2769 Isaias
3341 2715 3486 2785 ﬁlius

1909 2791 2088 2864 Amos,
2114 2815 2272 2867 quam
2303 2800 2427 2853 uidit
2450 2813 2630 2854 contra
2657 2797 2924 2865 ludit-am,
2979 2808 3026 2856 e't
3052 2815 3234 2858 contra
3286 2803 3486 2861 Hieru-

1913 2884 2098 2950 salem,
2133 2887 2187 2939 in
2215 2902 2370 2955 regno
2403 2885 2552 2942 Ozias
2573 2893 2622 2942 el
2671 2888 2943 2955 Joatham,
2978 2903 3023 2944 el
3058 2890 3254 2960 Aelius,
3280 2906 3325 2949 et
3353 2895 3489 2953 Eu.

1913 2975 2067 3040 cltiw,
2119 2977 2208 3045 qui
2249 2983 2610 3047 reguarunliu
2649 2979 2864 3035 Iudaea.

1987 3065 2044 3120 Si
2118 3067 2241 3137 quis
2289 3070 2452 3135 dicat,
2512 3082 2729 3126 sanctos
2801 3073 3089 3144 prophetas
3149 3096 3253 3135 uon
3315 3081 3485 3138 solam

218 3169 334 3223 τῶν
386 3164 557 3236 ἁγίων
617 3162 932 3236 προφητῶν,
983 3162 1060 3224 ὡς
1106 3163 1167 3215 οὐ
1199 3162 1366 3233 μόνην
1412 3161 1654 3232 ἐδέχοντο
1698 3158 1806 3212 τῶν

1915 3171 2095 3211 rerum
2159 3157 2462 3214 futurarum
2527 3161 2889 3232 cognitionem
2946 3169 3240 3238 accepisse,
3291 3173 3486 3241 praelu-

217 3259 502 3331 ἐσομένων
537 3256 638 3328 τὴν
670 3255 894 3325 γνῶσιν,
931 3252 1482 3327 καταλαμπρύνοντος
1521 3251 1584 3305 τὸ
1619 3250 1806 3323 χρῆμα

1910 3255 2068 3300 cente
2129 3245 2234 3301 hoc
2286 3247 2412 3312 illis,
2467 3257 2522 3302 et
2577 3249 2629 3302 in
2720 3249 2930 3306 animos
2987 3239 3307 3310 insonsntei
3354 3274 3480 3312 sano

217 3350 412 3416 αὐτοῖς
429 3349 522 3405 τοῦ
544 3349 700 3420 ἁγίου
723 3345 1059 3418 Πνεῦματος,
1091 3346 1184 3399 καὶ
1213 3344 1532 3416 ἐνηχοῦντος
1560 3345 1638 3408 είς
1658 3342 1804 3407 νοῦν,

216 3443 363 3501 ἀλλὰ
399 3441 507 3516 γὰρ
546 3442 641 3495 καὶ
663 3439 843 3503 αὐτῶν
870 3438 982 3492 ἐσθ’
1011 3439 1100 3492 ὅτε
1126 3438 1235 3492 τῶν
1262 3437 1602 3510 πραγμάτων
1631 3433 1807 3490 εἰπὼν

214 3538 304 3590 ὃτι
335 3535 577 3604 ἐγίνοντο
603 3531 814 3605 θεωροί.
846 3531 1032 3585 Ἔοικε
1059 3529 1236 3584 τοίνυν
1257 3531 1285 3584 6
1313 3531 1583 3603 μακάριος
1605 3532 1808 3602 προφή-

217 3645 325 3701 της
359 3626 588 3688 Ἡσαΐας
615 3627 726 3687 τοῖς
756 3622 856 3694 τῆς
883 3621 1120 3686 διανοίας
1157 3622 1369 3691 ὄμμασι
1411 3620 1480 3674 τὰ
1517 3619 1656 3674 κατὰ
1685 3638 1808 3675 καις

220 3721 358 3790 ρους
392 3719 625 3790 ἐσόμενα
669 3715 809 3771 κατὰ
847 3715 947 3787 τῆς
994 3714 1256 3778 Ἰουδαίας
1297 3713 1584 3768 τεθεᾶσθαι
1635 3713 1804 3784 πάθη,

216 3808 388 3865 τοῦτο
420 3809 516 3881 μὲν
549 3808 647 3871 τὰς
678 3806 788 3861 τῶν
817 3804 1088 3876 πολεμίων
1115 3801 1398 3875 φάλαγγας
1427 3805 1805 3879 καταδῃούσας

215 3902 324 3976 τὴν
358 3901 489 3974 γῆν,
529 3901 684 3957 τοῦτο
711 3899 767 3953 δὲ
796 3899 896 3963 τὰς
941 3898 1124 3963 πόλεις
1166 3898 1558 3970 ἠρημωμένας,
1591 3899 1683 3952 καὶ
1727 3899 1805 3951 οῖ-

215 4013 358 4057 ιιους
386 3993 859 4066 ἐμπιπραμένους,
887 3991 980 4044 καὶ
995 3991 1092 4043 ὅσα
1113 3992 1224 4053 τοῖς
1254 3987 1348 4042 τοῦ
1367 3988 1601 4060 πολέμου
1623 3989 1807 4060 νόμοις

216 4089 536 4159 πράττεται
565 4085 696 4155 παρ’
727 4082 937 4154 ἐχθρῶν
961 4077 1132 4152 ταύτῃ
1151 4094 1231 4133 τοι
1272 4080 1684 4152 προγέγραπται
1709 4081 1808 4151 τῆς

215 4177 597 4252 προφητείαςο
633 4195 652 4227 ‹
683 4176 909 4246 Ὅρασις
935 4174 1002 4246 ἥν
1030 4169 1170 4226 εἶδεν
1201 4173 1428 4235 Ἡσαΐας
1445 4172 1561 4235 υίὸς
1604 4172 1804 4242 Ἀμὼς,

214 4270 370 4325 κατὰ
421 4269 519 4338 τῆς
559 4266 820 4328 Ἰουδαίας
857 4266 949 4319 καὶ
992 4264 1134 4319 κατά
1180 4262 1552 4336 Ἰερουσαλήμ.
1593 4283 1612 4316 s
1658 4264 1809 4318 Ἐπι-

217 4360 561 4434 σημαίνεται
593 4359 650 4412 δὲ
679 4359 963 4430 χρησίμως
989 4359 1114 4421 τοὺς
1138 4357 1244 4411 τῶν
1275 4356 1537 4427 βασιλέων
1561 4357 1806 4428 καιροὺς,

1909 3348 1998 3392 cto
2055 3337 2280 3409 Spiritu,
2376 3341 2730 3394 verumetiam
2787 3357 2965 3399 rerum
3020 3346 3257 3416 ipsarum
3308 3365 3479 3419 (ιιιαιιο

1910 3429 2085 3499 doque
2152 3441 2486 3500 spectatores
2551 3434 2866 3502 exstitisse,
2913 3451 3035 3492 eum
3090 3453 3191 3510 ego
3267 3442 3486 3498 minime

1908 3534 2093 3576 errare
2195 3537 2353 3591 posse
2438 3524 2695 3580 arbitror.
2799 3527 2982 3596 Itaque
3091 3529 3279 3586 beatus
3362 3549 3485 3603 pro-

1912 3611 2074 3679 pheta
2136 3611 2326 3679 lsaias,
2385 3617 2524 3669 mala
2620 3631 2740 3688 qua:
2813 3630 2998 3674 contra
3046 3613 3282 3678 Iudaeam
3347 3634 3481 3679 tem-

1911 3702 2134 3771 poribus
2202 3704 2611 3776 insequentibus
2676 3707 2857 3764 l‘utura
2925 3720 3119 3778 erant,
3199 3715 3290 3784 ι’·
3344 3703 3481 3784 pila-

1911 3794 2093 3866 langes
2131 3796 2364 3851 hostium
2420 3806 2619 3853 terram
2665 3802 3013 3868 vastantium,
3067 3804 3227 3860 urbes
3275 3806 3484 3862 desola-

1911 3897 2012 3950 tas,
2064 3889 2254 3944 domos
2309 3892 2577 3958 incensas,
2623 3904 2678 3948 et
2727 3911 3063 3966 quaecunque
3110 3899 3324 3954 tandem
3361 3902 3486 3972 jure

1909 3980 2030 4034 belli
2085 3981 2198 4035 ﬁeri
2243 3983 2416 4037 solent
2465 3985 2534 4040 ab
2592 3985 2861 4052 hostibus,
2913 3990 3108 4043 mentis
3146 3990 3305 4046 oculo
3351 4008 3484 4048 con-

1912 4073 2198 4142 templatus
2231 4075 2444 4130 videtur
2471 4091 2484 4130 :
2512 4077 2738 4147 ideoque
2791 4081 3094 4149 prophetiae
3123 4087 3274 4151 quasi
3309 4100 3486 4153 prom-

1917 4164 2027 4218 mio
2065 4166 2323 4235 scriptum
2359 4177 2485 4222 est:
2525 4187 2542 4220 t
2579 4165 2728 4225 Visio
2758 4185 2918 4241 quam
2951 4173 3084 4227 vidit
3129 4173 3296 4230 Isaias
3345 4175 3486 4232 ﬁlius

1908 4258 2117 4324 Amos,
2172 4270 2362 4315 contra
2419 4259 2656 4318 Iudaeam
2727 4271 2781 4319 et
2838 4274 3024 4320 contra
3080 4253 3402 4324 Jerusalem.
3455 4287 3480 4324 s

1909 4346 2224 4419 Opportune
2268 4366 2400 4406 sane
2432 4367 2614 4423 regunt
2645 4363 2884 4423 tempora
2917 4355 3184 4425 designat,
3229 4373 3286 4414 ut
3317 4374 3484 4430 appa-

217 4455 309 4507 ἴνα
345 4451 612 4522 φαίνηται
638 4448 768 4514 Θεὸς
809 4449 1135 4520 προσφόρως
1177 4451 1289 4513 τοῖς
1318 4448 1549 4502 ἑκάστου
1587 4447 1806 4520 τρόποις

1912 4449 2029 4491 reat
2073 4439 2235 4493 Deum
2274 4443 2391 4495 haec
2445 4441 2869 4513 uniuscujusque
2901 4446 3142 4502 moribus
3177 4463 3486 4508 accommo-

212 4545 286 4600 τὰ
317 4545 380 4598 ἐν
406 4543 486 4615 τῷ
517 4543 772 4614 προφήτῃ
795 4541 992 4596 λαλῶν.

1912 4528 2035 4583 date
2061 4546 2160 4597 per
2188 4531 2502 4600 prophetam
2536 4533 2738 4590 dicere.

293 4635 536 4696 Ἄκουε,
585 4631 835 4699 οὐρανέ,
872 4631 971 4685 καὶ
1009 4629 1303 4694 ὲνωτίζου,
1333 4631 1444 4701 γῆ,
1474 4630 1562 4686 ὅτι
1592 4631 1806 4700 Κύριος

1988 4621 2146 4677 Vsus.
2181 4621 2235 4678 2.
2276 4623 2448 4688 Audi,
2489 4623 2704 4690 uelum,
2731 4633 2780 4678 et
2806 4626 3019 4680 auribus
3051 4629 3274 4697 percipe,
3321 4641 3485 4698 terra,

214 4723 544 4792 ἐλάλησεν
568 4758 582 4785 ,
623 4719 793 4786 Υιοὺς
821 4716 1123 4788 ἐγέννησα
1153 4720 1247 4772 καί
1284 4719 1524 4787 ὒψωσα,
1548 4718 1716 4773 αὐτοὶ
1743 4717 1806 4770 δέ

1911 4719 2033 4784 quia
2062 4713 2314 4768 Dominus
2346 4715 2549 4770 loculus
2578 4729 2691 4770 est:
2728 4714 2898 4771 Filios
2922 4719 3076 4786 genui
3105 4729 3154 4774 et
3189 4722 3354 4787 evexi,
3386 4725 3485 4793 ipsi

211 4833 292 4885 ,με
323 4815 665 4882 ἠθέτησαν.
702 4813 897 4882 Ἔγνω
933 4812 1091 4877 ,ϐοῦς
1136 4812 1244 4865 τὸν
1283 4811 1679 4880 κτησάμενον,
1713 4808 1806 4862 καί

1912 4815 2080 4857 autem
2122 4816 2419 4870 spreverunt
2457 4823 2557 4861 me.
2597 4803 2849 4876 Cognovit
2889 4808 2977 4862 bos
3014 4825 3358 4878 possessorem
3381 4853 3395 4877 .
3437 4827 3496 4884 et

218 4905 367 4972 ὄνος
393 4903 518 4970 τὴν
553 4901 790 4973 φάτνην
816 4902 923 4956 τοῦ
975 4902 1186 4970 κυρίου
1227 4901 1444 4955 αὐτοῦ’
1476 4898 1721 4969 Ἰσραὴλ
1747 4898 1812 4951 δέ

211 5014 292 5067 με
326 4999 450 5052 οὐκ
492 4994 670 5066 ἔγνω,
698 4994 796 5048 καί
830 4997 861 5048 ὁ
890 4992 1040 5059 λαός
1063 5010 1141 5063 με
1166 4995 1238 5048 οὐ
1271 4991 1562 5059 συνῆκεν.

292 5090 365 5144 Τί
403 5089 470 5145 τὸ
504 5087 718 5160 χρῆμα,
750 5087 833 5150 τίς
874 5087 903 5139 6
933 5085 1112 5153 λόγος,
1142 5084 1236 5138 καὶ
1268 5084 1320 5137 τί
1349 5082 1414 5137 ἂν
1447 5082 1690 5154 βούλοιτο
1718 5083 1813 5154 δη-

218 5182 352 5237 λοῦν
382 5176 714 5252 περιαθρεῖν
747 5179 1064 5246 ἀναγκαῖον.
1100 5173 1544 5247 Διαμαρτύρεται
1571 5175 1680 5247 γὰρ
1704 5174 1816 5229 ὦσ-

221 5291 334 5346 περ
372 5271 615 5344 οὐρανόν
641 5287 699 5323 τε
739 5270 834 5322 καὶ
861 5268 968 5338 γῆν
999 5269 1028 5322 6
1069 5267 1336 5338 μακάριος
1369 5267 1688 5338 προφήτης,
1721 5265 1815 5320 καὶ

219 5362 388 5417 τοῦτο
420 5360 686 5432 πράττων
725 5360 824 5412 οὐκ
854 5359 1022 5423 ἀθεεὶ,
1051 5357 1213 5428 πλὴν,
1244 5358 1344 5412 οὐκ
1391 5357 1575 5423 ἰδίους,
1598 5357 1734 5411 Θεοῦ
1758 5356 1816 5411 δέ

227 5455 440 5527 μᾶλλον
477 5450 625 5507 εἶναι
659 5453 785 5515 τοὺς
811 5451 1004 5519 λόγους
1040 5449 1226 5521 φησίν.
1266 5451 1386 5504 Ὀτι
1427 5449 1603 5520 πάντη
1633 5465 1692 5502 τε
1721 5447 1817 5503 καὶ

225 5548 456 5610 πάντως
505 5545 648 5615 πρὸς
695 5543 867 5615 πέρας
913 5541 1238 5614 ἐκόήσονται
1273 5541 1358 5595 διὰ
1383 5540 1572 5595 τούτου
1617 5538 1818 5612 σημαί-

225 5656 358 5701 νων,
413 5630 515 5691 καὶ
562 5637 676 5698 τοῖς
706 5633 799 5687 τοῦ
837 5633 1030 5687 παθεῖν
1071 5632 1287 5703 δείμασι
1330 5627 1650 5686 καταπτοῶν
1691 5632 1818 5694 τοὺς

227 5724 654 5796 ἀκροωμένους.
715 5721 1018 5792 ’Δμήχανον
1067 5721 1175 5790 γὰρ
1232 5720 1598 5792 ψευδοεπῆσαι
1653 5718 1813 5774 Θεόνσ

229 5817 370 5886 ὁμοῦ
416 5815 478 5869 δὲ
522 5815 770 5876 κάκεῖνο,
821 5811 1072 5883 καθάπερ
1101 5807 1336 5882 ἐγῷμαι,
1368 5811 1814 5876 κατασκευάζων.

245 5904 472 5991 Ἐπειδὴ
505 5904 620 5976 γὰρ
664 5902 888 5974 ἔμελλεν
936 5903 1036 5968 τὰς
1080 5904 1221 5959 κατὰ
1259 5903 1361 5973 τῆς
1418 5903 1674 5968 Ἰουδαίας
1722 5904 1818 5958 καὶ

1913 4895 2090 4948 asinus
2135 4912 2361 4965 prwsepe
2408 4898 2606 4951 domini
2655 4900 2785 4964 sui;
2822 4907 2879 4953 at
2911 4897 3083 4954 Israel
3127 4917 3207 4954 me
3255 4918 3354 4958 non
3395 4923 3486 4960 co-

1911 4984 2108 5050 gnovit,
2144 4996 2190 5038 et
2222 4987 2444 5055 papulus
2475 5005 2554 5041 me
2586 5005 2688 5042 non
2717 4991 2994 5049 intellexit.

1984 5076 2122 5142 Quid
2163 5077 2264 5132 hoc
2304 5081 2379 5134 rei
2419 5080 2508 5144 sit,
2535 5095 2654 5151 quae
2683 5084 2896 5149 oratio,
2932 5096 2981 5140 et
3014 5089 3141 5158 quid
3183 5092 3489 5162 signiﬁcare

1917 5167 2076 5234 Velil,
2115 5183 2293 5238 opera:
2344 5173 2575 5240 pretium
2624 5174 2742 5228 erit.
2775 5177 3139 5235 considerare.
3173 5183 3487 5239 Obtestatur

1917 5257 2060 5313 enim
2115 5261 2278 5314 veluti
2326 5261 2524 5316 coelum
2573 5271 2628 5318 et
2681 5273 2879 5322 terram
2938 5268 3128 5328 beatus
3183 5276 3484 5344 propheta:

1916 5350 2058 5422 quod
2091 5351 2219 5408 dum
2250 5352 2401 5422 facit,
2446 5371 2550 5413 non
2579 5357 2699 5413 sine
2725 5359 2907 5418 divino
2933 5363 3158 5420 consilio
3187 5365 3344 5433 facit;
3386 5369 3510 5425 imo.

1918 5461 2024 5501 non
2048 5461 2176 5502 suos
2203 5462 2323 5504 esse
2353 5449 2484 5506 dicit
2512 5465 2813 5519 sermones,
2848 5456 2945 5511 sed
2992 5456 3110 5512 Dei.
3151 5457 3268 5525 Quo
3319 5450 3509 5523 innuit,

1918 5540 2140 5595 omnino
2175 5556 2236 5596 ea
2268 5542 2334 5596 ad
2366 5543 2570 5598 exitum
2607 5555 2926 5615 perventura
2947 5587 2963 5613 ,
3011 5557 3067 5603 et
3104 5550 3298 5604 horum
3322 5550 3493 5620 m‘alon

1920 5647 2041 5685 rum
2074 5642 2218 5687 metu
2247 5635 2520 5690 auditores
2554 5637 2798 5705 percellit
2823 5657 2836 5692 :
2857 5654 2956 5695 nec
2983 5641 3127 5696 enim
3161 5641 3275 5696 ﬁeri
3297 5647 3491 5710 potest.

1920 5733 1976 5776 ut
2003 5721 2142 5779 Deus
2157 5717 2350 5779 falsum
2373 5726 2517 5781 dicat
2539 5749 2550 5780 :
2572 5728 2839 5799 simulque
2869 5727 2994 5785 illttd
3016 5769 3032 5798 ,
3070 5741 3128 5786 ut
3158 5746 3260 5801 ego
3275 5729 3500 5798 quidem;

1919 5815 2118 5878 sentio,
2181 5816 2487 5884 praemuniit.
2528 5815 2792 5883 Quoniam
2853 5820 2995 5874 enim
3028 5827 3214 5875 contra
3251 5815 3489 5871 Judteam

1917 5913 1969 5960 et
1999 5903 2292 5962 Jerusalem
2325 5906 2716 5963 vaticinaturus
2757 5916 2900 5974 erat,
2935 5918 2987 5964 et
3019 5907 3154 5963 mala
3191 5905 3335 5962 omni
3362 5920 3488 5962 ora-
