4178 6532
682 446 753 502 i5
1727 444 1783 499 ε.
1827 441 2104 497 CYRILLI
2142 436 2611 493 ALEXANDRINI
2648 441 2967 498 saeuum.
3869 446 3934 498 ισ

677 561 822 614 tione
870 558 1096 627 majora,
1138 557 1575 628 calamitatesque
1629 573 1738 613 non
1799 559 2072 613 sanandas
2122 572 2257 628 ιιι-τεο

2374 555 2723 628 Ἰερουσαλὴμ
2753 560 3180 631 προαγορεύσεις
3224 561 3523 627 ποιεῖσθαι,
3556 562 3648 614 καὶ
3682 562 3747 614 τὰ
3772 561 3932 631 λόγου

678 659 1095 713 monstraturus,
1126 665 1242 717 eos,
1279 651 1345 704 ad
1380 666 1518 720 quos
1554 650 1646 705 hic
1683 666 1863 705 sermo
1894 650 2144 714 habetur,
2181 648 2261 702 ira

678 738 874 793 mirum
917 739 967 793 in
1013 739 1229 792 modum
1265 738 1587 808 ﬂagraturos
1640 755 1744 793 non
1798 741 2081 811 ignoravit.
2139 739 2262 792 Ideo

677 829 960 883 Dominum
989 830 1105 883 ba-c
1133 829 1369 885 locutum
1402 832 1499 894 ait,
1537 832 1825 897 impiorunt
1856 829 2093 885 furorem
2129 828 2261 881 arti-

677 920 1024 976 ticiosissime
1098 921 1436 989 reprimens.
1518 923 1857 993 injustasque
1925 922 2033 978 iras
2104 920 2258 991 quasi

677 1014 993 1067 retundens.
1040 1013 1095 1067 Si
1148 1013 1290 1067 enim
1330 1015 1481 1081 quasi
1530 1025 1814 1085 sequester
1854 1014 2157 1078 adhibetur,
2206 1022 2260 1068 et

677 1105 949 1169 minister,
984 1118 1037 1160 et
1093 1121 1374 1162 sermones
1432 1123 1460 1161 e
1488 1108 1739 1178 supernis
1795 1116 1851 1162 et
1896 1123 1924 1161 a
1966 1106 2075 1161 Deo
2106 1106 2257 1175 quasi

678 1196 887 1266 legatus
930 1199 1232 1262 annuntiat,
1272 1199 1392 1268 quis
1426 1199 1473 1256 ei
1521 1200 1713 1253 merito
1747 1213 2066 1256 succensere
2114 1205 2260 1268 pote-

683 1288 797 1344 rit?
821 1288 929 1344 imo
971 1289 1146 1359 potius
1178 1290 1353 1347 audax
1390 1290 1492 1345 hoc
1522 1288 1736 1345 [acinus
1761 1306 1824 1347 ex
1860 1290 1938 1345 ira
1971 1288 2258 1349 ebulliens.

681 1380 867 1450 quidni
896 1380 1118 1448 impium
1160 1390 1349 1435 contra
1383 1378 1551 1437 Deum
1586 1380 1675 1449 qui
1718 1380 1929 1437 locutus
1959 1389 2042 1435 est
2072 1379 2259 1434 haberi

681 1469 903 1525 debeat?
949 1469 1183 1527 Proinde
1227 1481 1279 1525 et
1316 1470 1506 1525 merito
1556 1484 1689 1526 Sane
1737 1466 1936 1525 coelum
1970 1479 2023 1523 et
2062 1479 2258 1524 terram

681 1571 1034 1617 contestatur.
1063 1559 1195 1619 Nam
1218 1562 1283 1616 de
1312 1561 1509 1616 Israele
1531 1571 1923 1637 conquestnrus
1947 1576 2068 1616 cuin
2092 1570 2257 1624 esset,

682 1671 804 1711 cum
836 1656 1053 1726 angelos
1074 1655 1342 1720 caelestes,
1375 1664 1483 1709 tum
1518 1654 1684 1723 ipsam
1719 1664 1916 1709 terram
1956 1654 2258 1709 universam

682 1746 822 1801 scire
874 1744 984 1798 vult
1034 1759 1210 1799 mores
1252 1744 1369 1813 ejus
1408 1743 1635 1811 impios;
1690 1756 1755 1796 ne
1805 1743 1926 1812 quis
1973 1757 2093 1797 eum
2140 1756 2261 1799 esse

682 1843 1006 1893 commotum
1034 1833 1154 1889 sine
1186 1848 1350 1889 causa
1391 1842 1564 1902 putet,
1601 1832 1680 1889 vel
1716 1832 1966 1902 populum
2001 1833 2257 1895 dilectum

2362 647 2562 710 παντὸς
2606 648 2861 702 ἐπέκεινα
2909 652 3422 721 προκαταμηνύσειν
3475 653 3659 723 πάθη,
3706 653 3798 709 καὶ
3836 653 3933 716 τὰς

2362 736 2696 807 ἀνηκέστους
2728 741 3016 811 συμφορὰς
3041 780 3056 803 ,
3103 742 3204 795 οὐκ
3248 744 3513 814 ἠγνόησεν
3544 744 3625 797 ὅτι
3666 742 3840 813 πάντη
3874 761 3931 796 τε

2362 827 2456 880 καὶ
2484 828 2699 893 πάντως
2722 831 3151 901 ἁκονηθήσονται
3183 832 3320 903 πρὸς
3346 832 3513 903 όργάς
3535 834 3584 885 οἰ
3619 832 3754 904 πρός
3784 832 3875 896 οὓς
3905 833 3934 882 ό

2361 918 2538 987 λόγος.
2566 919 2768 991 Κύριον
2788 922 2965 975 τοίνυν
2994 922 3063 976 τὰ
3097 923 3273 977 τοιάδε
3304 924 3439 994 πρὸς
3471 924 3671 986 αὐτοὺς
3703 923 3931 993 λαλῆσαί

2362 1027 2562 1079 φησιν,
2614 1012 2706 1065 τὸν
2755 1011 2864 1065 τῶν
2928 1013 3156 1068 ἀνοσίων
3204 1014 3375 1082 θυμὸν
3414 1015 3806 1084 εὐτεχνέστατα
3853 1015 3932 1067 δι-

2360 1100 2686 1172 ωθούμενος,
2719 1104 2813 1157 κα)⁵
2852 1101 2964 1156 οἷον
3009 1105 3339 1159 ὲκδυσωπῶν
3368 1106 3465 1169 τὰς
3498 1106 3711 1169 ἀδίκους
3741 1106 3927 1174 ὀργάς.

2360 1192 2426 1243 Ei
2454 1192 2564 1264 γὰρ
2607 1193 2928 1263 παρελήφθη
2964 1195 3186 1264 μεσίτης
3233 1194 3326 1249 καί
3368 1195 3647 1258 διάκονος,
3686 1192 3931 1256 καὶτοὺς

2359 1283 2566 1338 ἀνωθεν
2594 1286 2687 1338 καὶ
2715 1285 2862 1356 παρὰ
2895 1285 3028 1341 Θεοῦ
3060 1285 3285 1356 διαπορο
3296 1285 3447 1356 μεύοι
3476 1284 3689 1354 λόγους,
3723 1284 3838 1346 πῶς
3866 1283 3930 1336 ἂν

2360 1377 2447 1429 ἐπ’
2494 1376 2641 1448 αὐτῷ
2693 1377 2914 1441 δικαίως
2963 1378 3233 1450 όργίζοιτό
3281 1396 3394 1444 τις;
3444 1378 3643 1447 μᾶλλον
3688 1377 3765 1439 δὲ,
3817 1375 3929 1436 πῶς

2358 1468 2479 1538 οὑχί
2511 1468 2648 1521 κατά
2671 1466 2807 1522 Θεοῦ
2840 1468 2933 1521 τοῦ
2958 1468 3314 1539 λελαληκότος
3338 1471 3404 1523 τὰ
3450 1469 3510 1534 ἐξ
3535 1468 3705 1539 ὀργῆς
3732 1466 3929 1535 γένοιτ’

2358 1558 2424 1611 ἂν
2453 1558 2687 1629 δυσσεϐῆ
2727 1560 3074 1632 τολμήματα.
3118 1560 3559 1632 Διαμαρτύρεται
3587 1559 3765 1613 τοίνυν
3797 1556 3929 1626 σφόο

2357 1650 2458 1721 δρα
2484 1652 2706 1717 εἰκότως
2735 1652 2959 1723 οὐρανόν
2982 1670 3040 1705 τε
3065 1654 3156 1707 καὶ
3187 1653 3326 1721 γῆν;
3355 1651 3571 1723 Ἐπειδὴ
3602 1651 3708 1720 γὰρ
3736 1649 3929 1720 ἔμελλε

2358 1745 2458 1809 τὰς
2483 1745 2623 1799 κατά
2647 1745 2741 1799 τοῦ
2781 1746 2998 1819 Ἰσραὴλ
3023 1746 3291 1801 ποιεῖσθαι
3323 1745 3545 1817 μομφὰς
3569 1786 3582 1803 .
3620 1745 3715 1799 καὶ
3758 1742 3927 1811 ἀγγέ-

2360 1836 2483 1900 λους
2514 1838 2711 1891 εἰδέναι
2742 1836 2987 1907 βούλεται
3018 1838 3144 1901 τοὺς
3182 1838 3301 1891 κατ’
3350 1837 3597 1909 οὐρανὸν,
3630 1836 3721 1889 καὶ
3758 1835 3930 1903 αὐτὴν

682 1936 733 1979 et
764 1926 816 1980 in
847 1935 1049 1982 sortem
1081 1926 1180 1981 sibi
1222 1925 1556 1993 deputatum,
1600 1923 1651 1975 in
1686 1923 1947 1989 leviculis,
1993 1935 2051 1979 et
2073 1924 2257 1991 vulga-

2359 1927 2533 1998 δὲτὴν
2564 1928 2857 2000 σύμπασαν
2891 1930 3012 2001 γῆν,
3045 1932 3145 1999 τῆς
3187 1930 3393 1983 ἐκείνου
3440 1929 3756 1990 δυσσεϐείας
3805 1920 3930 1990 τοὺς

684 2017 833 2073 ribus
886 2015 1201 2071 criminibus
1257 2016 1696 2085 deprehensum,
1746 2026 2024 2084 propterea
2088 2012 2255 2071 fuisse

684 2103 942 2173 rejectum
981 2122 994 2157 :
1033 2103 1264 2156 maxime
1302 2119 1458 2174 quem
1495 2107 1622 2162 olim
1670 2120 1879 2161 sunmta
1915 2104 1962 2157 vi
1994 2118 2059 2158 ex
2087 2102 2257 2175 [Egy-

683 2197 913 2263 ptiorum
972 2194 1249 2263 tyrannide
1304 2196 1615 2251 vindicavit.
1672 2196 1805 2250 Nam
1861 2195 2113 2249 misertus
2176 2205 2255 2250 est

684 2286 856 2353 illius,
918 2286 968 2354 2
1023 2294 1165 2338 utet
1212 2283 1404 2352 injuria
1465 2284 1639 2340 affecti
1697 2293 1893 2356 praeter
1940 2299 2152 2352 aequum
2206 2293 2262 2339 et

682 2380 911 2441 bonum,
948 2388 1003 2435 ct
1033 2390 1088 2432 nt
1120 2388 1312 2448 prmtcr
1349 2379 1676 2441 nobilitatem
1708 2390 1761 2435 et
1801 2379 2117 2456 dignitatem
2149 2387 2259 2431 ιιιηι

682 2468 908 2533 patriam
932 2510 947 2531 ,
978 2479 1030 2522 et
1064 2472 1295 2535 avitam,
1333 2484 1439 2526 ttnn
1479 2489 1628 2527 suam
1654 2515 1669 2539 ,
1719 2474 1949 2535 violenta
2000 2472 2263 2526 servitute

684 2561 950 2625 oppressi.
981 2559 1222 2629 Cumque
1251 2562 1304 2615 hi
1347 2564 1436 2632 qui
1481 2575 1864 2632 oppresserant
1915 2563 2260 2635 restitissent,

684 2647 924 2715 graviter
949 2646 1114 2715 puniti
1147 2658 1289 2712 sunt,
1322 2649 1427 2703 Deo
1458 2651 1577 2704 illos
1608 2651 1753 2704 omni
1786 2642 2259 2720 generezsnpplicii

680 2740 963 2795 mnltante.
1007 2738 1190 2808 Itaque
1221 2742 1993 2807 ntIsraelitarnm'assnmptio
2033 2739 2261 2809 insignis

681 2842 735 2885 et
783 2831 1004 2884 illustris
1053 2830 1181 2893 fuit,
1220 2831 1292 2884 ita
1353 2832 1659 2897 rejectionis
1698 2832 1915 2886 modum
1977 2847 2085 2885 non
2147 2827 2260 2882 vult

685 2920 938 2988 ignorari.
975 2919 1125 2986 Quod
1150 2921 1191 2973 si
1218 2919 1303 2975 cni
1332 2920 1602 2984 videatur,
1632 2921 1745 2989 ipsa
1773 2920 2041 2973 elementa
2071 2917 2257 2971 vocari

683 3013 782 3063 hac
808 3009 1090 3078 propheta:
1127 3024 1257 3064 voce
1288 3029 1299 3063 :
1332 3012 1419 3078 qui
1459 3013 1556 3065 hoc
1589 3011 1657 3063 ita
1691 3011 2017 3074 considerat,
2060 3021 2163 3061 nec
2193 3006 2260 3060 ab

683 3116 747 3155 eo
777 3100 918 3170 quod
960 3112 1041 3154 est
1086 3101 1277 3155 rationi
1312 3111 1367 3155 et
1399 3100 1761 3169 probabilitati
1811 3108 2257 3157 consentaneum,

2359 2021 2616 2092 τρόπους,
2644 2022 2730 2076 ἵνα
2754 2023 2828 2093 μή
2861 2040 2945 2085 τις
2978 2023 3155 2093 οἴηται
3190 2020 3509 2090 κεκινῆσθαι
3548 2020 3731 2091 μάτην
3764 2021 3796 2090 ἤ
3829 2022 3930 2072 καὶ

2362 2110 2635 2181 προαλῶσι
2664 2113 2755 2164 ἐπὶ
2782 2115 2995 2182 μικροῖς
3022 2129 3081 2165 τε
3110 2114 3202 2165 καί⁵
3224 2111 3621 2174 εὐτελεστάτοις
3654 2111 3929 2181 πταίσμα-

2364 2219 2470 2267 σιν,
2521 2202 2826 2272 ἀπόσλητον
2873 2202 3143 2259 ποιεῖσθαι
3184 2202 3275 2256 τὸν
3320 2203 3695 2272 ἠγαπημένον,
3729 2202 3820 2254 καὶ
3851 2203 3930 2266 εἰς

2364 2292 2563 2365 κλῆρον
2590 2293 2738 2363 αὐτῷ
2768 2293 2990 2347 τεθέντα
3027 2293 3178 2356 λαὸν,
3208 2294 3298 2347 καὶ
3324 2294 3381 2346 τὸ
3418 2293 3581 2346 πάλαι
3613 2292 3699 2347 διὰ
3728 2292 3931 2361 πολλῆς

2363 2387 2501 2456 ἄγαν
2537 2388 2743 2458 ἰσχύος,
2772 2385 2871 2453 τῆς
2917 2386 3025 2439 τῶν
3054 2387 3365 2453 Αἰγυπτίων
3397 2385 3707 2450 πλεονεξίας
3737 2384 3933 2460 ἐξῃρη-

2367 2483 2543 2553 μένον.
2582 2481 2805 2549 Ἦλέησε
2832 2481 2928 2550 μὲν
2958 2480 3064 2550 γὰρ
3104 2479 3179 2543 ὡς
3219 2479 3571 2549 ἀδικούμενον
3600 2480 3750 2550 παρά
3782 2494 3838 2530 τε
3868 2478 3930 2529 τὸ

2364 2575 2530 2636 εἰκὸς,
2562 2575 2655 2627 καὶ
2685 2573 2782 2642 τὴν
2809 2575 2920 2635 τοῖς
2946 2573 3187 2642 πατράσι
3222 2573 3540 2644 πρέπουσάν
3563 2589 3621 2624 τε
3655 2574 3747 2625 καί
3770 2572 3924 2625 ἐνοῦ-

2366 2681 2465 2716 σαν
2519 2664 2817 2732 εὐγένειαν,
2866 2663 3147 2733 ἀϐουλήτῳ
3194 2663 3383 2735 θητείᾳ
3441 2662 3929 2734 κατηχθισμένους.

2376 2754 2592 2825 Ἐπειδὴ
2625 2754 2682 2808 δὲ
2713 2755 3077 2825 ἀντέπραττον
3109 2756 3156 2810 οἰ
3187 2755 3699 2826 πλεονεκτήσαντες,
3735 2754 3931 2811 ὲκολά-

2364 2846 2515 2911 ζοντο
2562 2844 2803 2915 πικρῶς,
2840 2846 3016 2900 πάντα
3044 2847 3243 2918 τρόπον
3275 2847 3458 2908 αὐτοῖς
3492 2847 3673 2910 αἰκίας
3718 2847 3933 2917 ἐπιρρι-

2363 2938 2620 2999 πτοῦντος
2656 2936 2811 2990 Θεοῦ.
2841 2938 3049 3007 Ὥσπερ
3090 2936 3269 2991 τοίνυν
3310 2938 3682 3006 ἐπισημοτάτη
3710 2935 3935 3002 γέγονεν

2363 3032 2397 3101 ἡ
2424 3029 2726 3100 πρόσληψις
2748 3031 2861 3091 τοῖς
2895 3028 2955 3093 ἐξ
2998 3029 3232 3100 Ἰσραὴλ,
3266 3028 3407 3083 οὕτω
3437 3028 3682 3099 βούλεται
3714 3028 3805 3079 καὶ
3838 3025 3932 3078 τὸν

2362 3123 2457 3189 τῆς
2492 3120 2761 3188 ἀποϐολῆς
2806 3120 2880 3189 μὴ
2924 3120 3233 3187 ἀγνοεῖσθαι
3261 3119 3478 3190 τρόπον.
3512 3120 3574 3171 Ei
3618 3119 3673 3171 δὲ
3713 3118 3778 3187 δὴ
3809 3116 3931 3185 βού-

684 3206 782 3244 nec
813 3205 841 3243 a
867 3204 1027 3245 sensu
1061 3191 1346 3247 verborum
1376 3191 1669 3245 aberrabit.
1702 3189 2085 3244 Redimebatnr
2107 3185 2250 3241 enim

2364 3210 2534 3265 λοιντό
2558 3228 2697 3272 τινες
2725 3212 2817 3265 καὶ
2850 3210 2989 3263 αύτά
3027 3209 3307 3267 καλεῖσθαι
3350 3207 3419 3262 τὰ
3451 3212 3686 3277 στοιχεῖα
3712 3207 3798 3259 διὰ
3833 3207 3936 3276 τῆς

691 3298 787 3351 per
814 3283 1037 3345 Mosem,
1070 3283 1143 3336 uti
1178 3284 1307 3348 dixi,
1338 3283 1404 3336 ab
1435 3281 1747 3354 {Egyptiaca
1775 3281 2047 3350 impietate
2078 3278 2259 3335 Israel.

682 3372 815 3425 Cum
860 3383 1036 3426 autem
1084 3371 1291 3427 Pharao
1334 3371 1425 3426 Dei
1476 3372 1625 3424 mttni
1680 3382 1733 3424 et
1788 3370 2047 3424 voluntati
2104 3368 2263 3437 impie

684 3462 958 3516 resisteret
984 3477 1046 3515 ac
1080 3462 1305 3527 diceret,
1343 3480 1359 3512 ι
1388 3460 1675 3517 Dominum
1709 3479 1811 3516 non
1842 3463 1982 3520 novi,
2006 3474 2057 3515 et
2087 3462 2262 3515 Israe-

686 3540 787 3607 lem
808 3568 908 3606 non
942 3552 1205 3609 dimittam
1225 3553 1266 3619 ³,
1296 3571 1314 3605 ι
1354 3565 1599 3608 creatura
1627 3571 1654 3609 a
1689 3556 1911 3611 Domino
1942 3570 2041 3613 suo
2073 3569 2259 3613 contra

686 3646 1051 3699 inobedientes
1096 3653 1149 3698 et
1201 3644 1427 3700 rebelles
1479 3656 1562 3701 est
1621 3658 1854 3703 armata.
1904 3648 1945 3702 E
1999 3651 2251 3721 supernis

683 3736 827 3790 enim
853 3746 905 3789 et
947 3749 979 3790 e
1021 3736 1159 3791 caelo
1192 3736 1420 3806 plurima
1448 3777 1461 3800 .
1498 3748 1551 3792 et
1602 3740 1893 3809 conspicua
1934 3740 2084 3810 signa
2118 3740 2259 3796 facta

686 3838 811 3881 sunt
863 3846 875 3881 :
927 3826 1153 3896 plurima
1212 3829 1338 3882 item
1391 3838 1447 3882 et
1500 3830 1549 3882 in
1608 3831 1721 3899 ipsa
1775 3842 1917 3885 terra
1968 3831 2256 3887 mirabilia.

684 3918 889 3974 (Icelum
947 3918 1088 3971 enim
1145 3918 1360 3973 demisit
1408 3920 1753 3987 grandinem,
1808 3931 1952 3974 terra
2008 3922 2260 3990 produxit

685 4022 864 4071 ranas,
915 4006 1075 4061 sicuti
1122 4009 1378 4074 scriptum
1411 4018 1493 4062 est
1522 4027 1536 4063 τ
1570 4020 1623 4063 et
1648 4025 1786 4079 aqua
1834 4010 1887 4064 in
1933 4011 2255 4078 sanguinem

683 4111 943 4150 conversa
993 4107 1075 4151 est
1120 4115 1135 4151 ι
1177 4099 1359 4153 cinere
1414 4115 1540 4152 vero
1586 4088 1781 4153 camini
1823 4101 2160 4155 discurrente
2205 4107 2257 4154 et

683 4189 968 4257 dissipato,
995 4203 1285 4258 acremque
1313 4200 1720 4259 corrumpente,
1744 4191 1923 4246 ulcera
1953 4202 2007 4247 et
2034 4194 2259 4261 pustula:

683 4277 1090 4335 eﬂ’ervescentes
1128 4282 1369 4335 omnium
1410 4284 1731 4349 corporibus
1777 4283 2108 4341 insederunt.
2148 4284 2255 4339 Ita-

684 4386 789 4440 que
845 4371 1064 4439 perinde
1107 4372 1258 4441 quasi
1298 4374 1526 4441 ipsamet
1569 4374 1833 4429 elementa
1890 4385 2100 4431 tantum
2150 4394 2254 4432 non

686 4461 884 4513 t‘rnstra
935 4474 1032 4529 pro
1079 4460 1163 4516 his
1217 4462 1308 4530 qui
1368 4462 1579 4516 liberati
1634 4462 1850 4519 inertmt
1899 4465 2251 4524 laborassem:

2364 3302 2457 3355 τοῦ
2489 3304 2766 3371 προφήτου
2792 3301 2994 3371 φωνῆς,
3027 3302 3125 3354 οὐκ
3151 3300 3216 3354 ἂν
3245 3301 3477 3371 ἀμάρτοι
3512 3298 3603 3351 τοῦ
3631 3297 3932 3368 πρέποντος

2363 3395 2525 3463 λόγου
2558 3394 2665 3446 τῶν
2698 3393 2916 3446 ἐννοιῶν
2950 3395 2982 3463 ἡ
3016 3393 3262 3462 δύναμις,
3286 3392 3461 3442 ἐκεῖνο
3491 3387 3926 3457 διεσκεμμένοις.

2375 3485 2693 3556 Ἑλυτροῧτο
2729 3485 2827 3555 μὲν
2856 3485 2986 3553 γὰρ,
3030 3483 3106 3546 ὡς
3130 3482 3288 3552 ἕιρην,
3327 3482 3426 3549 τῆς
3460 3479 3773 3547 Αἰγυπτίων
3799 3479 3927 3529 ἀνοο

2363 3577 2606 3645 σιότητος
2646 3575 2733 3627 διὰ
2766 3574 3003 3637 Μωσέως
3028 3573 3055 3623 ὁ
3094 3571 3327 3642 Ἰσραὴλ.
3372 3568 3587 3639 Ἐπειδὴ
3613 3567 3668 3621 δὲ
3696 3570 3809 3631 τοῖς
3831 3568 3931 3620 τοῦ

2362 3667 2497 3721 Θεοῦ
2545 3667 2804 3737 νεύμασιν
2849 3665 3076 3726 ἀνοσίως
3122 3663 3576 3731 ἁντανιστάμενος
3624 3660 3857 3729 ἔφασκεν
3900 3662 3930 3713 ό

2358 3758 2577 3831 Φαραὼ,
2621 3759 2733 3811 Ούκ
2774 3755 2890 3809 οἶδα
2917 3755 3008 3808 τὸν
3042 3754 3265 3825 Κύριον,
3312 3752 3404 3806 καὶ
3448 3752 3539 3804 τὸν
3576 3752 3790 3823 Ἰσραὴλ
3827 3753 3931 3805 οὐκ

2361 3849 2641 3904 ἀποστελῶ
2670 3888 2685 3913 ,
2721 3846 3084 3911 συνωπλίζετο
3112 3843 3187 3916 τῷ
3228 3845 3343 3915 ἰδίῳ
3373 3844 3605 3914 δεσπότῃ
3648 3842 3789 3897 κατά
3819 3842 3933 3895 τῶν

2360 3939 2741 4011 ἀπεχθούντων
2769 3940 2801 4007 ἡ
2836 3937 3033 3999 κτίσις.
3072 3933 3313 3988 Ἀνωθεν
3353 3935 3448 4005 μὲν
3482 3934 3589 4005 γὰρ
3623 3934 3717 3987 καί
3742 3932 3800 3997 ἐξ
3832 3934 3927 3985 οὐ-

2362 4028 2523 4101 ρανοῦ
2546 4028 2771 4081 πλεῖστά
2795 4045 2853 4080 τε
2876 4028 2976 4080 ὅσα
3005 4028 3098 4080 καὶ
3122 4027 3395 4096 περιφανῆ
3419 4027 3673 4095 γεγόνασι
3698 4042 3763 4095 ση
3774 4026 3928 4094 μεῖα,

2360 4120 2586 4173 πλεῖστα
2622 4119 2677 4172 δὲ
2706 4119 2905 4190 ὁμοίως
2936 4120 3029 4172 καὶ
3066 4119 3165 4172 οὐκ
3213 4118 3539 4189 ἀθαύμαστα
3579 4118 3636 4169 ἐν
3680 4119 3814 4186 αὐτῇ
3855 4119 3928 4191 τῇ

2359 4212 2525 4284 γῇ.’0
2555 4212 2653 4281 μὲν
2678 4210 2787 4282 γὰρ
2816 4212 3039 4282 οὐρανὸς
3063 4210 3239 4264 καθίει
3270 4211 3367 4281 τὴν
3403 4206 3666 4280 χάλαζαν,
3704 4210 3737 4277 ἠ
3767 4208 3822 4260 δὲ
3851 4210 3927 4278 γῆ

2360 4303 2658 4374 βατράχους
2704 4302 2981 4375 ἐξέρριψε,
3034 4302 3178 4354 καθά
3222 4301 3560 4371 γέγραπται·
3598 4299 3782 4352 καὶτὸ
3825 4300 3929 4368 μὲν

2360 4396 2502 4467 ὕδωρ
2532 4398 2609 4458 είς
2632 4391 2771 4465 αἷμα
2799 4394 3243 4465 μετεπευάζετο,
3271 4391 3495 4461 αἰθάλης
3533 4390 3587 4443 δὲ
3630 4391 3939 4461 καμιναίας,

2358 4487 2885 4555 κατασκιδναμένης,
2929 4483 3137 4537 καὶτὸν
3175 4484 3314 4552 ἀέρα
3345 4481 3629 4550 θολούσης,
3664 4481 3795 4552 ἕλκη
3830 4483 3927 4534 καὶ

690 4572 706 4605 ι
743 4553 901 4615 Audi,
956 4555 1148 4624 inquit,
1202 4557 1420 4624 cmlum,
1470 4569 1524 4613 et
1581 4561 1848 4626 ausculta,
1904 4572 2069 4626 terra,
2128 4565 2251 4632 quia

2362 4578 2648 4648 φλυκτίδες
2675 4575 2999 4639 ἀναζέουσαι
3026 4577 3137 4639 τοῖς
3163 4577 3222 4627 ὲν
3253 4574 3470 4627 πάντων
3506 4573 3784 4626 συνέϐαινε
3817 4572 3923 4626 σῶ-

684 4646 942 4701 Dominus
974 4644 1180 4703 locutus
1228 4658 1329 4703 est.
1370 4666 1393 4702 ο
1435 4651 1606 4707 Aliter
1634 4654 1796 4706 etiam
1849 4656 1959 4708 haec
2001 4655 2253 4721 explicari

685 4746 928 4805 possunt.
990 4739 1247 4793 Israelita:
1308 4742 1574 4811 siquidem
1628 4742 1759 4813 legis
1816 4743 2061 4798 doctrina
2120 4762 2252 4799 con-

688 4828 920 4905 tempta,
966 4842 1020 4887 et
1075 4834 1398 4893 salutaribus
1449 4837 1745 4906 disciplinis
1806 4838 2083 4907 neglectis,
2148 4854 2254 4892 uno

689 4938 881 4982 natura
941 4928 1049 4982 Deo
1103 4926 1380 4990 derelicto,
1436 4926 1660 4994 impuris
1717 4929 1994 4983 dzemoniis
2048 4930 2249 4985 cultum

688 5018 995 5072 tribuerunt
1037 5019 1088 5070 in
1125 5016 1395 5071 tnontibus
1429 5028 1587 5084 atque
1628 5017 1851 5072 collibus
1897 5029 1949 5072 et
1984 5020 2037 5072 in
2083 5021 2247 5077 silvo-

686 5109 759 5162 sis
783 5108 1012 5160 vallilms
1044 5109 1403 5161 incenderunt
1437 5106 1758 5171 snftitntn,et
1797 5122 1958 5175 opera
1996 5126 2248 5165 manuum

684 5210 901 5253 Suarum
951 5198 1340 5252 adoraverunt.
1394 5195 1703 5265 Indignatus
1768 5214 1896 5253 vero
1972 5211 2251 5271 propterea

686 5288 1052 5342 universitatis
1080 5286 1238 5353 Deus,
1290 5299 1341 5342 et
1368 5291 1585 5358 quidem
1616 5288 1934 5357 justissime,
1972 5292 2108 5345 dixit
2138 5293 2254 5346 eni-

685 5375 805 5430 dam
858 5391 889 5429 e
959 5379 1161 5430 sanctis
1216 5380 1544 5446 pmphetis:
1595 5395 1612 5429 ι
1665 5379 1841 5449 Surge
1906 5392 1957 5435 et
2011 5383 2253 5452 judicare

685 5466 822 5532 apud
858 5476 1099 5532 mentes,
1145 5476 1199 5521 et
1245 5469 1467 5522 audiant
1515 5469 1677 5524 colles
1706 5485 1888 5525 vocem
1923 5483 2066 5527 tuam
2097 5491 2111 5528 :
2144 5475 2253 5528 Au-

684 5557 817 5619 dite,
848 5556 1030 5615 collcs.
1066 5557 1323 5628 judicium
1359 5560 1589 5625 Domini,
1622 5571 1675 5615 et
1712 5562 1876 5617 valles
1904 5562 2249 5620 fundamenta

687 5657 876 5714 teme,
934 5650 1056 5718 quia
1106 5649 1363 5718 judicium
1420 5652 1645 5707 Domino
1692 5653 1953 5711 adversus
1997 5659 2246 5727 papulum

684 5752 870 5802 suum,
902 5748 953 5794 et
988 5754 1108 5794 cum
1139 5740 1335 5796 lsraele
1362 5742 1691 5812 jndlcahitur
1717 5747 1779 5800 ³⁸.
1809 5764 1827 5798 ι
1866 5746 2047 5815 Neque
2069 5758 2244 5804 tamen

757 5850 774 5880 ⁸
800 5848 962 5905 Evod.
991 5868 1042 5916 ν,
1079 5853 1134 5907 2.
1160 5855 1201 5885 ³·
1234 5854 1392 5913 Micb.
1419 5870 1490 5925 vt,
1522 5859 1576 5937 ᾖ,
1600 5859 1657 5917 2.

2365 4685 2546 4739 μασιν.
2592 4668 2677 4729 Ὠς
2716 4662 2811 4719 οὖν
2852 4668 2944 4719 καὶ
2976 4665 3154 4719 αὐτῶν
3186 4666 3290 4719 τῶν
3320 4666 3599 4735 στοιχείων
3642 4667 3927 4738 μονονουχὶ

2364 4758 2538 4828 μάτην
2556 4757 2648 4809 ἐπὶ
2666 4761 2777 4819 τοῖς
2801 4756 3228 4829 λελυτρωμένοις
3250 4757 3683 4825 πεπονηκότων,ι
3700 4757 3929 4820 Ἄκουε,

2359 4846 2574 4917 οὖρανὲ,
2606 4848 2794 4915 φησὶν,
2820 4846 2914 4899 καί
2940 4846 3216 4911 ὲνωτίζου,
3250 4846 3357 4915 γῆ,
3387 4845 3469 4898 ὅτι
3504 4844 3704 4916 Κύριος
3734 4845 3928 4916 ἐλάλη-

2358 4954 2465 4992 σεν.
2506 4958 2523 4989 ι
2565 4937 2981 5009 Προσόαλούμεν
3017 4937 3072 4990 δὲ
3104 4938 3197 4990 καί
3231 4936 3434 5008 ἑτέρως
3463 4938 3583 4999 ταῖς
3631 4935 3736 4988 τῶν
3790 4950 3929 5005 προ-

2355 5026 2623 5097 κειμένων
2666 5028 2914 5091 ὲννοίαις.
2960 5027 3352 5098 ’Λτιμήσαντες
3410 5026 3509 5096 μὲν
3551 5027 3660 5098 γὰρ
3702 5026 3800 5097 τὴν
3836 5027 3928 5081 διὰ

2356 5119 2520 5187 νόμου
2555 5119 2834 5171 παίδευσιν
2879 5122 2925 5171 οἱ
2972 5119 3030 5185 ἐξ
3070 5118 3281 5191 Ἰσραὴλ
3306 5160 3319 5182 ,
3356 5120 3449 5172 καὶ
3495 5119 3599 5172 τῶν
3644 5120 3929 5191 σωτηρίων

2361 5208 2694 5279 μαθημάτων
2745 5210 3179 5281 ὀλιγωρήσαντες
3228 5212 3320 5264 τὸν
3371 5212 3466 5262 ἕνα
3520 5227 3578 5262 τε
3625 5211 3719 5261 καὶ
3766 5210 3928 5279 φύσει

2358 5300 2802 5365 καταλελοιπότες
2832 5302 2963 5354 Θεὸν
3020 5303 3131 5365 τοῖς
3169 5302 3498 5371 ἀκαθάρτοις
3544 5301 3788 5370 δαίμοσιν
3826 5303 3927 5365 τὰς

2358 5390 2653 5461 θεραπείας
2678 5394 2952 5464 προσῆγον
2976 5395 3033 5445 ἐν
3054 5392 3204 5463 ὄρεσι
3235 5393 3326 5445 καὶ
3355 5390 3584 5460 βουνοῖς,
3610 5392 3703 5445 καὶ
3724 5394 3780 5445 ἐν
3804 5396 3925 5455 ταῖς

2356 5480 2791 5553 εύδενδροτάταις
2818 5483 3087 5554 φάραγξιν
3134 5480 3491 5552 τεθυμιάκασί
3524 5498 3584 5534 τε
3630 5482 3722 5535 καί
3758 5499 3926 5551 προσ-

2356 5572 2689 5641 κεκυνήκασι
2720 5574 2831 5634 τοῖς
2877 5572 3055 5645 ἔργοις
3084 5571 3190 5625 τῶν
3224 5570 3365 5624 ἰδίων
3390 5572 3608 5643 χειρῶν.
3647 5572 3754 5631 Καὶ
3782 5571 3924 5640 ἠγα-

2357 5661 2545 5715 νάκτει
2584 5663 2681 5733 μὲν
2720 5664 2815 5717 ἐπὶ
2861 5665 3093 5726 τούτοις,
3131 5663 3223 5716 καί
3276 5663 3419 5733 μάλα
3468 5663 3710 5725 εἰκότως,
3755 5662 3782 5714 ό
3816 5661 3926 5714 τῶν

2352 5754 2487 5807 ὅλων
2515 5754 2665 5822 Θεὸς,
2708 5755 2811 5830 ἔψη
2840 5754 2895 5807 δὲ
2939 5754 3073 5826 πρὸς
3115 5754 3210 5808 ’ἐνα
3264 5755 3368 5808 τῶν
3402 5754 3572 5824 ἁγίων
3605 5752 3921 5825 προφητῶν
