5176 6476
770 416 838 472 ιτ
1941 411 2007 466 ιΝ
2051 410 2279 468 tsmtt
2323 395 2449 465 me.
2493 409 2509 463 ι
2573 406 2782 468 eum.
2825 412 2866 467 l.
3976 399 4038 464 t8

779 555 796 584 ι
843 536 1137 602 Ἀνάστηθι
1170 532 1262 586 καὶ
1294 532 1511 604 κρίθητι
1543 533 1676 604 πρὸς
1692 533 1757 586 τὰ
1778 533 1902 603 ὅρη,
1932 530 2352 587 καὶάκουσάτω-
2381 531 2427 590 Α
2458 550 2550 601 per
2611 535 2750 588 hanc
2822 553 2823 576 ι

1988 530 2427 590 ιὶὰκουσάτωσλ
2458 550 2550 601 per
2611 535 2750 588 hanc
2822 531 3098 602 prophetae
3157 541 3343 584 vocem
3416 533 3699 597 propterea
3765 525 4032 579 dicimus.

777 643 873 678 σαν
901 627 949 677 oi
987 624 1165 694 βουνοί
1188 621 1287 694 τὴν
1317 625 1498 695 φωνήν
1527 639 1643 676 σου.
1685 622 1999 688 Ἀκούσατε,
2030 622 2229 692 βουνοί,
2253 622 2350 692 τὴν

778 714 957 785 κρίσιν
992 714 1086 768 τοῦ
1121 713 1358 786 Κυρίου,
1404 714 1496 767 καὶ
1538 714 1594 766 αἱ
1632 714 1934 786 φάραγγες,
1972 715 2197 785 θεμέλια
2252 715 2351 781 τῆς

777 808 898 877 γῆς.
924 808 1006 861 ὅτι
1038 807 1223 878 κρίσις
1255 805 1334 876 τῷ
1359 805 1547 876 Κυρίῳ
1577 807 1713 876 πρὸς
1753 807 1844 859 τὸν
1877 806 2003 859 λαὸν
2036 805 2222 874 αὑτοῦ,
2256 808 2351 859 καί

780 900 915 970 μετᾶ
937 899 1028 952 τοῦ
1064 897 1279 969 Ἰσραὴλ
1309 898 1767 968 διελεγχθήσεται.
1795 917 1814 950 ›
1838 899 1947 952 Καὶ
1963 898 2080 952 οὔτι
2111 915 2213 952 που
2249 917 2352 968 φα·-

781 989 877 1058 μὲν
907 989 989 1042 ὅτι
1018 990 1156 1058 πρός
1179 1001 1244 1057 γε
1275 987 1344 1041 τὰ
1379 987 1479 1059 ὅρη
1507 989 1602 1041 κα)⁵
1642 989 1766 1052 τοὺς
1803 988 2028 1058 βουνοὺς
2061 991 2284 1058 γέγονεν
2314 993 2348 1062 ἡ

778 1081 958 1152 κρίσις
979 1079 1058 1147 τῷ
1087 1080 1277 1152 Κυρίῳ
1305 1079 1394 1133 διὰ
1432 1073 1531 1149 τῆς
1559 1080 1654 1133 τοῦ
1695 1082 1976 1152 προφήτου
2013 1083 2218 1153 φωνῆς,
2251 1083 2353 1136 ἐδι-

777 1171 975 1235 κάζετο
1019 1171 1078 1224 δὲ
1123 1168 1323 1241 μᾶλλον
1355 1170 1433 1240 τῷ
1477 1171 1613 1244 πρὸς
1641 1173 1813 1240 αὐτὴν
1839 1173 1937 1244 τὴν
1964 1175 2219 1228 ἀσέϐειαν
2256 1175 2352 1228 τοῦ

789 1255 1008 1334 Ἰσραὴλ
1052 1265 1163 1327 τοῖς
1203 1265 1407 1327 ἐντοῖς
1446 1262 1596 1332 ὄρεσι
1629 1267 1723 1319 καὶ
1755 1267 1964 1336 βουνοῖς
2002 1268 2098 1321 καὶ
2133 1269 2348 1332 νάπαις.

789 1354 1081 1426 Ἦλὲγχετο
1103 1355 1212 1427 γὰρ
1242 1355 1522 1428 ἀμετρίως
1543 1356 1972 1428 δεδυσσεϐηκὼς,
2001 1360 2096 1412 καὶ
2134 1358 2352 1429 βωμοὺς

776 1448 871 1501 καὶ
897 1448 1100 1519 τεμένη
1137 1449 1556 1513 κατασκευάσας
1593 1451 1712 1503 ἐκεῖ
1733 1454 1846 1515 τοῖς
1878 1452 2215 1523 ἀκαθάρτοις
2242 1452 2352 1505 δαί-

779 1557 956 1610 μοσιν.
982 1540 1190 1594 Οὐκοῦν
1225 1532 1525 1614 ἐπειδήπερ
1551 1545 1599 1597 οἱ
1624 1543 1683 1608 ἐξ
1717 1545 1934 1617 Ἰσραὴλ
1961 1546 2060 1616 τῆς
2095 1547 2174 1610 είς
2221 1547 2353 1600 Θεὸν

777 1631 958 1695 αἰδοῦς
1009 1631 1378 1702 ἀλογήσαντες
1416 1635 1829 1705 προσεκύνησαν
1875 1639 1943 1708 τῇ
1993 1640 2220 1708 στρατιᾷ
2257 1637 2351 1691 τοῦ

776 1722 1029 1793 ούρανοῦ,
1061 1723 1194 1794 ἡλίῳ
1216 1741 1276 1777 τε
1311 1725 1454 1794 φημὶ
1480 1726 1571 1778 καὶ
1610 1725 1829 1800 σελήνῃ,
1851 1727 2132 1798 δεχόμενοι
2170 1728 2226 1781 δὲ
2261 1729 2354 1782 καί⁸

776 1816 874 1885 τὴν
900 1818 964 1869 ὲκ
987 1817 1090 1886 γῆς
1120 1816 1276 1889 ὕλην,
1313 1817 1444 1882 ξύλα
1472 1819 1530 1872 τέ
1555 1836 1696 1890 φημι
1727 1821 1820 1874 καὶ
1852 1819 2056 1884 λίθους,
2082 1821 2352 1893 ἐποίησαν

777 1906 989 1970 ἑαυτοῖς
1017 1907 1214 1961 εἴδωλα
1236 1908 1375 1962 κατά
1393 1910 1454 1964 τὸ
1482 1910 1697 1982 ἑκάστῳ
1719 1909 1929 1975 δοκοῦν,
1949 1911 2356 1983 οίκονομώτατα

775 1996 894 2050 λίαν
936 1997 1035 2068 τὴν
1081 1999 1137 2050 ὲν
1179 1999 1391 2064 τούτοις
1444 2001 1623 2054 αὐτῶν
1658 2000 1912 2056 ἀσέϐειαν
1961 2002 2355 2068 ύπαινίττεται,

777 2089 872 2142 καὶ
899 2084 1010 2142 οἷον
1045 2092 1122 2154 είς
1145 2090 1365 2161 ἔλεγχον
1391 2094 1482 2145 καὶ
1505 2093 1778 2158 ἀπόδειξιν
1811 2095 2036 2163 οὐρανόν
2058 2112 2116 2147 τε
2140 2094 2233 2147 καὶ
2253 2094 2356 2163 γῆν

776 2181 855 2243 είς
878 2180 1044 2250 μέσον
1060 2181 1248 2253 ὥσπερ
1269 2183 1635 2254 παρακομίζει
1653 2184 1876 2252 λέγων.‹
1895 2188 2116 2251 Ἄκουε,
2135 2186 2354 2259 οὐρανὲ,

776 2273 870 2324 καὶ
903 2273 1179 2336 ἐνωτίζου,
1216 2275 1309 2345 γῆ,
1359 2275 1440 2327 ὅτι
1489 2274 1689 2345 Κύριος
1738 2275 2020 2346 ἐλάλησεν.
2057 2297 2075 2328 ι
2105 2276 2210 2332 Καὶ
2231 2276 2355 2332 καθ’

776 2360 966 2434 ἕτερον
995 2363 1054 2416 δὲ
1077 2365 1298 2434 τρόπον,
1333 2364 1558 2428 πολλοὺς
1580 2362 1717 2419 εἶναι
1753 2369 1933 2440 φαμὲν
1953 2368 2080 2434 τοὺς
2113 2371 2357 2444 πατέρας

778 2459 838 2509 ὲν
868 2457 1106 2527 οὐρανῷ,
1131 2457 1258 2521 τοὺς
1287 2461 1690 2529 πνευματικοὺς
1714 2461 1876 2532 δῆλον
1904 2463 1985 2515 ὅτι
2004 2479 2019 2494 ·
2049 2463 2277 2530 πολλοὺς
2300 2465 2356 2520 δὲ

777 2551 979 2619 ὁμοίως
1011 2551 1104 2603 καὶ
1143 2551 1238 2603 ἐπὶ
1258 2551 1359 2622 τῆς
1387 2554 1512 2622 γῆς,
1536 2552 1694 2605 τοῦτο
1726 2555 1828 2622 μὲν
1857 2558 2176 2626 σαρκικοὺς,
2194 2555 2353 2611 τοῦτο

777 2643 834 2696 δὲ
857 2643 1276 2713 πνευματικούς.
1314 2643 1474 2697 Ἀλλὰ
1501 2645 1711 2709 τούτοις
1751 2647 1852 2716 μὲν
1905 2646 2076 2702 ἅπασι
2107 2650 2219 2712 τοῖς
2251 2668 2356 2703 παο

778 2733 938 2803 τράσι
963 2735 1076 2796 τοῖς
1103 2735 1218 2788 ἄνω
1242 2752 1301 2787 τε
1336 2735 1429 2788 καὶ
1459 2737 1610 2789 κάτω
1641 2739 1790 2808 παρά
1813 2739 1918 2792 τῶν
1947 2741 2050 2792 ὑπὸ
2084 2743 2242 2812 χεῖρα
2269 2742 2356 2794 τέ-

780 2840 928 2876 κνων
962 2825 1330 2893 προσάγονται
1353 2826 1530 2894 τιμαί.
1559 2828 1824 2898 Χαίρουσι
1847 2830 1900 2882 δὲ
1923 2829 2040 2884 λίαν
2065 2834 2114 2883 oi
2135 2849 2357 2902 τετιμη-

781 2915 957 2984 μένοι,
991 2916 1087 2969 καὶ
1112 2917 1287 2981 οὐδείς
1316 2919 1462 2971 ἐστιν
1482 2921 1540 2972 ὲν
1562 2921 1764 2983 αὐτοῖς,
1798 2922 1856 2986 ὃς
1877 2923 1938 2974 ού
1973 2924 2150 2995 πάντῃ
2179 2942 2238 2976 τε
2264 2926 2357 2979 καὶ

781 3007 1007 3069 πάντως
1041 3009 1274 3060 ποιεῖται
1303 3007 1641 3080 δυσφόρητον
1668 3011 1728 3063 τὸ
1764 3011 2179 3083 ἀχαριστεῖσθαι
2205 3013 2356 3086 παρὰ

777 3095 888 3149 τῶν
909 3096 1135 3150 τέκνων.
1169 3099 1233 3149 Ὃ
1262 3096 1326 3168 δὴ
1361 3098 1646 3162 πεπονθὼς
1671 3102 1698 3152 6
1729 3100 1838 3154 τῶν
1867 3101 2004 3156 ὅλων
2035 3102 2197 3168 Θεὸς,
2231 3106 2356 3169 τούς

2454 629 2716 682 adversus
2759 631 2967 680 n‘iontcs
3020 631 3073 677 ct
3111 621 3276 676 cdilcs
3327 619 3586 689 judicium
3642 615 3866 672 Domino
3909 616 4038 671 fuis-

2454 736 2511 774 se
2566 738 2579 774 :
2633 727 2687 773 at
2751 719 2930 788 potius
2986 719 3170 770 contra
3235 713 3403 781 ipsam
3471 711 3802 779 impietatem
3861 707 4036 764 Israe-

2455 811 2538 874 lis,
2605 826 2724 880 qua:
2775 818 2894 863 erat
2954 808 3008 862 in
3068 806 3364 864 montibus,
3409 812 3462 858 et
3515 804 3759 867 collibus,
3796 813 3850 856 et
3900 803 4037 856 itu-is

2452 905 2504 974 3
2539 903 2742 972 judicio
2763 899 3230 956 conﬂictabantur.
3263 899 3472 954 Etenim
3532 897 3889 965 reprehensus
3931 907 4034 957 est,

2454 997 2594 1064 quod
2618 995 2755 1048 haud
2775 991 3032 1047 mediocri
3090 1005 3148 1045 se
3197 991 3472 1061 impietate
3527 987 3764 1052 laedam,
3823 988 4037 1055 illicque

2456 1086 2752 1140 immundis
2779 1084 3114 1138 dtenmnihus
3132 1097 3255 1137 aras
3301 1093 3461 1151 alque
3503 1080 3721 1134 delubra
3751 1089 4032 1133 exstruu-

2456 1181 2546 1234 rit.
2573 1178 2710 1233 Cum
2766 1193 2895 1248 ergo
2919 1178 3197 1242 lsraelitaz,
3248 1176 3592 1232 observantia
3624 1185 3678 1228 et
3732 1174 4034 1229 reverentia

2455 1285 2579 1342 erga
2630 1270 2794 1325 Deum
2827 1270 3149 1340 posthabita,
3183 1270 3428 1324 militiam
3474 1268 3621 1330 caeli,
3650 1267 3816 1321 solem
3843 1265 3962 1319 dico
3985 1273 4037 1318 et

2458 1363 2634 1417 iuuant
2655 1363 2965 1430 adorarent,
2993 1372 3045 1416 et
3067 1371 3280 1430 sumpta
3307 1376 3372 1414 ex
3403 1370 3548 1414 terra
3575 1359 3827 1420 materia,
3855 1359 4034 1426 lignis,

2458 1455 2697 1524 inquam,
2724 1464 2778 1508 et
2811 1454 3105 1522 lapidibus,
3143 1453 3286 1507 idola
3314 1452 3414 1506 sibi
3445 1455 3674 1522 quisque
3707 1465 3803 1517 pro
3829 1451 4034 1504 abitra-

2459 1561 2512 1603 tu
2544 1548 2787 1604 facerent
2808 1568 2820 1603 :
2841 1548 3236 1618 appositissime
3266 1562 3450 1600 eorum
3485 1548 3534 1600 in
3565 1547 3685 1601 istis
3708 1545 4035 1614 impietatem

2458 1641 2844 1704 subinnuit,et
2896 1641 3046 1695 velut
3093 1641 3146 1695 in
3201 1648 3576 1709 argumentum
3624 1639 4036 1691 etdemonstra-

2459 1735 2660 1789 tionem
2713 1732 2909 1789 cceium
2971 1749 3035 1787 ac
3097 1742 3296 1786 terram
3365 1733 3613 1802 producit
3665 1731 3718 1784 in
3776 1730 4034 1790 medium,

2460 1827 2737 1896 inquiens:
2772 1844 2790 1877 ι
2825 1825 2985 1890 Audi,
3012 1823 3227 1887 cmlum,
3253 1833 3308 1880 et
3352 1824 3620 1886 ausculta,
3679 1831 3844 1885 terra,
3909 1822 4034 1891 quia

2461 1915 2718 1971 Dominus
2758 1916 2969 1971 locutus
3027 1925 3161 1971 est.»
3201 1915 3319 1970 Jam
3383 1915 3564 1970 etalio
3593 1916 3750 1968 modo
3807 1913 4036 1969 dicimus

2457 2020 2577 2060 esse
2614 2005 2889 2061 multosin
2949 2007 3090 2060 caelo
3133 2015 3337 2075 patres,
3388 2004 3660 2074 spiritales
3733 2003 4031 2058 videlicet:

2460 2097 2807 2151 Innltositem
2843 2099 2894 2150 in
2925 2105 3068 2152 terra
3099 2107 3206 2151 tam
3257 2096 3525 2159 carnales,
3585 2111 3745 2166 quam
3806 2095 4028 2164 spiritu-

2458 2185 2590 2241 ales.
2655 2183 2919 2243 Omnibus
2989 2197 3170 2243 autem
3252 2187 3338 2241 his
3411 2194 3521 2240 tum
3618 2185 3851 2253 superis,
3923 2193 4033 2237 tum

2459 2279 2808 2334 inferioribus
2847 2280 3079 2334 honores
3111 2279 3445 2333 exhibentur
3474 2293 3503 2331 a
3559 2276 3768 2338 liberis,
3801 2285 4037 2344 potesta-

2460 2370 2495 2423 ti
2533 2372 2769 2440 ipsorum
2803 2370 3067 2426 subditis:
3113 2379 3168 2424 et
3207 2369 3480 2440 impendio
3537 2369 3790 2440 gaudent,
3828 2369 4036 2422 honore

2458 2461 2634 2516 allecti
2667 2479 2680 2515 :
2713 2475 2814 2516 nec
2854 2471 2937 2514 est
2971 2476 3160 2518 eorum
3207 2459 3493 2529 quisquam
3542 2459 3632 2527 qui
3680 2472 3783 2513 non
3817 2457 4036 2511 omnino

2458 2549 2799 2606 intolerabile
2839 2552 3018 2616 ducat,
3053 2551 3278 2620 ingratis
3307 2549 3480 2604 modis
3541 2547 3761 2602 tractari
3822 2561 3852 2600 a
3892 2546 4030 2602 iibe-

2460 2645 2552 2698 ris.
2587 2641 2699 2698 Hoc
2719 2642 2829 2712 jam
2859 2657 3050 2712 passus
3077 2649 3131 2695 et
3171 2641 3412 2697 sentiens
3443 2639 3813 2694 universitatis
3868 2637 4030 2701 Deus,

2458 2743 2770 2802 patrestam
2813 2733 2864 2785 in
2913 2733 3072 2796 caelo,
3155 2747 3315 2800 quam
3344 2731 3396 2785 in
3459 2739 3603 2785 terra
3677 2738 4034 2795 comestatur,

2459 2828 2678 2880 dicens:
2711 2824 2876 2889 Audi,
2915 2823 3122 2889 ca’lum,
3155 2833 3203 2877 et
3231 2823 3494 2887 ausculta,
3520 2833 3680 2884 terra,
3707 2823 3830 2890 quia
3858 2819 4034 2874 Domi~

2459 2936 2555 2972 nus
2585 2917 2788 2970 locutus
2830 2926 2901 2969 est
2931 2931 2950 2968 .'
2989 2913 3158 2969 Filios
3197 2931 3349 2984 genui
3383 2917 3432 2967 et
3481 2913 3649 2977 erexi,
3703 2914 3803 2982 ipsi
3862 2922 4037 2966 autem

2457 3019 2755 3076 spreverunt
2817 3023 2918 3060 me.
2963 3007 3231 3076 Receptus
3259 3005 3402 3058 enim
3435 3018 3530 3074 per
3569 3002 3796 3071 gratiam
3847 3001 4036 3070 Israel,

2458 3114 2512 3158 et
2544 3103 2911 3161 misericordia
2959 3099 3192 3154 ﬁliorum
3254 3096 3524 3166 dignatus,
3587 3109 3618 3148 a
3663 3095 3771 3149 Deo
3823 3095 4037 3163 genitus

777 3204 841 3240 τε
863 3190 919 3240 ἐν
949 3188 1164 3258 οὐρανῷ
1199 3190 1294 3242 καὶ
1322 3190 1413 3242 ἐπὶ
1443 3190 1544 3259 τῆς
1580 3191 1681 3262 γῆς
1712 3193 1954 3264 πατέρας
1980 3195 2352 3267 διαμαρτύρε-
2384 3207 2430 3276 c
2460 3213 2582 3252 esse
2611 3195 2808 3250 dicitur

1989 3195 2352 3267 Βιαμαρτύρε-
2384 3207 2430 3276 c
2460 3213 2582 3252 esse
2611 3195 2808 3250 dicitur
2839 3213 2852 3250 :
2881 3195 3007 3246 dum
3055 3204 3181 3245 vera
3213 3203 3277 3242 ac
3341 3186 3640 3256 spiritualis
3693 3185 4033 3255 regeneratio

778 3297 872 3334 ται
916 3279 1119 3348 λέγων·
1155 3282 1392 3344 Ἀκουε,
1417 3281 1653 3349 οὐρανέ,
1674 3284 1772 3336 καί
1805 3283 2100 3349 ἐνωτίζου,
2136 3287 2235 3357 γῆ,
2265 3288 2354 3341 ὅτι

780 3373 999 3439 Κύριος
1041 3372 1353 3440 ἐλάλησεν
1377 3390 1390 3402 ·
1430 3373 1604 3439 Υὶοὺς
1641 3375 1941 3445 ἐγέννησα
1977 3378 2074 3430 καί
2117 3379 2356 3450 ὕψωσα,

781 3464 954 3517 αὐτοὶ
996 3462 1065 3517 δέ
1103 3483 1178 3533 με
1203 3464 1528 3532 ἠθέτησαν.
1573 3467 1878 3538 Είσδεχθεὶς
1920 3469 2028 3542 γὰρ
2073 3471 2101 3522 6
2147 3470 2361 3542 Ἰσραὴλ

779 3556 873 3608 διά
918 3555 1021 3626 τῆς
1067 3557 1313 3626 χάριτος,
1363 3557 1458 3610 καὶ
1496 3558 1596 3628 τῆς
1636 3562 1749 3622 τοῖς
1787 3559 1998 3624 τέκνοις
2042 3562 2361 3634 πρεπούσης

783 3647 1087 3717 ἠξιωμένος
1121 3647 1360 3716 φειδοῦς,
1390 3649 1750 3720 γεγεννῆσθαι
1772 3651 1989 3718 λέγεται
2016 3651 2166 3724 παρά
2198 3651 2355 3718 Θεοῦ,

787 3735 891 3805 τῆς
941 3735 1176 3806 ἀληθοῦς
1219 3737 1314 3790 καὶ
1369 3739 1746 3809 πνευματικῆς
1805 3741 2217 3810 ἀναγεννήσεως
2274 3743 2360 3811 ἐφ’

785 3829 918 3896 ἡμῖν
951 3829 1464 3901 ὲκπεπερασμένης.
1497 3832 1595 3885 Διά
1625 3832 1859 3896 πίστεως
1892 3833 1947 3885 δὲ
1974 3833 2130 3904 δῆλον
2157 3836 2239 3888 ὅτι
2263 3835 2361 3905 τῆς

785 3921 845 3972 ὲν
882 3921 1139 3992 Χριστῷδ
1167 3923 1542 3995 γεγεννήμεθα
1580 3924 1688 3996 γὰρ
1736 3925 1794 3990 ἐξ
1831 3920 2022 3990 ὓδατος
2067 3930 2159 3980 καὶ
2205 3926 2365 3980 πνεύ-

789 4028 980 4080 ματος,
1028 4013 1123 4066 καὶ
1165 4013 1371 4066 δέδοται
1415 4015 1514 4085 μὲν
1559 4018 1669 4079 τοῖς
1719 4017 2095 4089 ἀρχαιοτέροις
2143 4019 2364 4089 πνεῦμα

785 4102 1057 4166 δουλείας.
1087 4105 1136 4156 εἰ
1163 4106 1256 4157 καὶ
1288 4107 1628 4176 πρωτότοκος
1662 4102 1729 4180 ἦν
1752 4109 1847 4161 καὶ
1869 4109 2185 4181 ὠνόμασται
2214 4109 2359 4172 λαός.

797 4195 962 4265 Ἡμῖν
987 4187 1068 4258 δὲ,
1100 4194 1199 4265 τῆς
1233 4195 1508 4260 υἱοθεσίας
1542 4197 1713 4268 ὄνομά
1756 4216 1815 4251 τε
1864 4199 1957 4252 καὶ
1997 4199 2234 4270 πνεῦμα,
2275 4216 2366 4252 κε-

787 4287 1044 4358 χάρισται
1068 4290 1096 4341 6
1119 4287 1434 4350 Θεὸς.‹”οτι
1453 4288 1562 4360 γάρ
1588 4291 1730 4352 ὲστε,
1757 4309 1775 4340 ι
1806 4291 2016 4361 φησ“ιν,ι
2054 4289 2364 4354 υίοὶ,ὲξαπ-

788 4378 1077 4432 ἔστειλενὸ
1102 4376 1236 4442 Θεὸς
1279 4379 1341 4432 τδ
1376 4379 1592 4450 πνεῦμα
1631 4379 1724 4433 τοῦ
1763 4379 1894 4432 Υίοῦ
1926 4380 2114 4444 αὑτοῦ,
2151 4382 2232 4443 είς
2267 4381 2366 4442 τὰς

787 4471 1018 4543 καρδίας
1048 4472 1223 4542 ὑμῶν,
1256 4471 1458 4540 κρᾶζον
1495 4472 1662 4524 Ἀὁὸἀ
1690 4476 1718 4526 6
1752 4474 1957 4544 πατήρ.
1997 4490 2015 4523 ι
2050 4473 2364 4542 Γεγέννηκα

2461 3288 2514 3342 iu
2556 3287 2715 3342 nobis
2740 3301 2836 3357 per
2893 3282 3074 3345 iidem,
3112 3295 3301 3349 nempe
3327 3280 3379 3332 in
3440 3277 3658 3333 Christo
3694 3283 4037 3330 consumma-

2462 3392 2567 3434 tur.
2624 3377 2800 3434 Geniti
2831 3378 2975 3433 enim
3003 3388 3188 3430 sumus
3229 3388 3295 3426 ex
3327 3387 3466 3442 aqua
3508 3380 3564 3424 et
3605 3370 3820 3439 spiritu.
3864 3367 4036 3437 Majo-

2463 3472 2611 3526 ribus
2643 3471 2856 3540 quidem
2902 3469 3061 3522 datus
3092 3474 3175 3520 est
3221 3465 3444 3534 spiritus
3497 3461 3797 3524 servitutis,
3857 3475 4038 3530 quan-

2463 3562 2658 3615 tumvis
2686 3559 2845 3614 l‘ucrit
2875 3558 3284 3627 primogenitus.
3313 3563 3367 3608 et
3391 3553 3568 3608 dictus
3595 3552 3757 3605 etiam
3786 3549 4035 3620 populus:

2462 3653 2615 3707 nobis
2650 3662 2827 3706 autem
2869 3649 3009 3710 Deus
3062 3647 3311 3716 spiritum
3373 3643 3681 3712 aiiOptiouis
3735 3649 3790 3695 et
3844 3653 4036 3694 nomen

2466 3743 2669 3797 tribuit.
2694 3759 2712 3793 r
2750 3740 3008 3807 Quoniam
3047 3739 3212 3800 enim,
3237 3755 3259 3789 ι
3290 3736 3464 3806 inquit
3491 3752 3510 3786 ι
3541 3723 3632 3787 lilii
3669 3733 3826 3796 estis,
3860 3731 4042 3786 emisit

2466 3835 2605 3889 Deus
2638 3836 2882 3903 spiritum
2909 3830 3026 3885 Filii
3071 3830 3152 3884 sui
3205 3830 3256 3883 in
3321 3827 3482 3882 corda
3538 3836 3736 3890 vestra,
3804 3823 4041 3879 claman-

2465 3936 2570 3982 tem
2631 3925 2805 3986 Abba,
2844 3933 2996 3994 pater
3039 3929 3081 3977 ⁵.
3117 3940 3135 3972 ι
3199 3921 3404 3976 Idcirco
3435 3918 3605 3974 dicit:
3671 3913 3846 3971 Genui
3877 3914 4038 3976 illius.

2466 4028 2564 4066 nec
2590 4011 2643 4066 id
2700 4012 2876 4076 modo,
2943 4010 3036 4063 sed
3089 4007 3274 4073 Erexi,
3309 4007 3359 4060 id
3424 4015 3526 4069 est,
3580 4004 3854 4058 euutrivi:
3915 4017 4038 4055 nam

2465 4105 2571 4159 hoc
2621 4104 2847 4158 aliorum
2882 4103 3233 4172 interpretum
3257 4098 3526 4169 eXpositio
3579 4097 3760 4151 habet.
3821 4093 4042 4149 Libera-

2469 4205 2552 4250 tus
2621 4194 2819 4264 quippe
2888 4192 3072 4257 israei,
3148 4207 3254 4247 non
3335 4191 3580 4244 desertus
3634 4203 3698 4242 ac
3753 4187 4043 4242 destitutus

2467 4286 2664 4341 auxilio
2710 4287 2962 4354 deinceps
3002 4284 3119 4352 fuit,
3175 4293 3280 4338 non
3323 4283 3526 4337 amoris
3579 4280 3747 4335 divini
3794 4293 4036 4347 expers:

2469 4389 2650 4448 utpote
2705 4379 2796 4448 qui
2847 4388 3102 4446 tanquam
3161 4373 3303 4430 iiiius
3356 4391 3384 4429 a
3429 4384 3585 4445 patre
3642 4387 3767 4426 vere
3811 4371 4040 4424 liliorum

2471 4477 2685 4523 amante
2713 4478 2767 4523 et
2825 4469 3297 4539 indulgentissimo
3367 4465 3727 4527 nutriebatur,
3784 4482 3802 4516 ι
3837 4461 4040 4515 Panem

788 4563 920 4634 γὰρ,
947 4564 1136 4634 φησὶν,
1172 4566 1342 4627 υἱοὺς,
1366 4566 1460 4617 καὶ
1488 4565 1546 4617 οὐ
1576 4563 1666 4618 διὰ
1701 4563 1858 4618 τοῦτο
1889 4567 2068 4635 μόνον,
2092 4563 2230 4618 ἀλλά
2258 4564 2367 4636 γὰρ
2404 4559 2446 4614 Ι)
2472 4575 2710 4630 namque
2735 4559 2832 4614 cmi

1995 4583 2068 4628 ον,
2092 4563 2230 4618 ἀλλά
2258 4564 2367 4636 γὰρ
2404 4559 2446 4614 Ι)
2472 4575 2710 4630 namque
2735 4559 2856 4614 caeli
2882 4559 3117 4626 t'ithuit,
3145 4576 3163 4609 ι
3195 4557 3340 4612 dedit
3371 4555 3495 4622 illis,
3524 4569 3714 4624 panem
3730 4553 4039 4622 angelorum

791 4653 886 4705 καὶ
913 4651 1129 4722 ὕψωσα,
1160 4653 1308 4706 τοῦτ’
1338 4651 1507 4718 ἔστιν,
1540 4652 1836 4722 ἀνέθρεψα.
1863 4653 2031 4707 Τοῦτο
2060 4655 2169 4724 γὰρ
2198 4658 2232 4725 ἡ
2259 4654 2366 4707 τῶν

791 4744 1000 4815 ἑτέρων
1034 4743 1286 4815 μηνυτῶν
1311 4744 1552 4807 ἐπίδοσις
1581 4744 1715 4815 ἔχει.
1739 4745 2163 4817 Λελυτρωμένος
2204 4746 2316 4818 γὰρ
2340 4749 2368 4800 6

805 4835 1053 4906 Ἰσραὴλ,
1108 4835 1207 4888 οὐκ
1252 4834 1681 4907 ἀνεπικούρητος
1730 4831 1797 4908 ἦν
1840 4836 1977 4906 μετά
2025 4837 2220 4902 τοῦτο,
2273 4839 2370 4892 καὶ

792 4929 1015 4998 ἀγάπης
1049 4926 1252 4999 ἔρημος
1292 4925 1393 4997 τῆς
1423 4929 1574 4998 παρά
1617 4927 1773 4983 Θεοῦ.
1821 4927 2106 4999 Τέθραπτο
2137 4928 2245 5002 γὰρ
2276 4948 2370 4984 κα-

796 5017 976 5092 θάπερ
1007 5036 1092 5082 τις
1119 5019 1234 5082 υίὸς
1270 5022 1333 5072 ἐκ
1361 5017 1673 5088 φιλόπαιδος
1704 5019 1922 5091 ἀληθῶς
1974 5021 2067 5074 καὶ
2097 5021 2371 5093 φιλοστορ-

797 5111 1042 5181 γωτάτου
1107 5111 1333 5185 πατρὸς.
1381 5128 1408 5162 ι.
1452 5111 1650 5181 ’Λρτον
1695 5110 1806 5182 γὰρ
1836 5111 2087 5183 ούρανοῦ,
2127 5131 2145 5163 ι
2172 5114 2358 5184 φησὶν,

804 5204 1037 5258 «ἔδωκεν
1075 5205 1286 5269 αὐτοῖς,
1314 5204 1478 5275 ἄρτον
1505 5201 1749 5272 ἀγγέλων
1782 5203 1983 5272 ἔφαγεν
2013 5204 2315 5276 ἄνθρωπος.
2347 5225 2366 5258 ι

811 5295 1100 5365 Ἐτρέφετο
1139 5296 1195 5349 δὲ
1248 5297 1450 5366 ἑτέρως
1500 5296 1596 5350 καὶ
1629 5298 1708 5360 είς
1736 5295 1947 5362 εὐεξίαν
1996 5300 2373 5369 πνευματικὴν

793 5386 886 5440 διὰ
917 5387 1019 5456 τῆς
1053 5387 1295 5458 ἐννόμως
1329 5389 1522 5456 σοφίας
1553 5388 1646 5441 καὶ
1690 5388 2043 5460 προφητικῶν
2070 5389 2368 5460 παιδευμάο

795 5498 932 5545 των,
987 5481 1434 5553 ἀποκομιζόντων
1485 5483 1716 5546 ἀστείως
1769 5483 1846 5546 είς
1897 5483 2192 5552 ἐπίγνωσιν
2237 5483 2370 5554 ἀλη-

798 5570 971 5636 θείας,
1019 5571 1163 5624 τοῦτ’
1196 5570 1310 5624 ἐστι
1349 5572 1605 5640 Χριστοῦ.
1639 5571 1844 5642 Γράφει
1887 5571 2017 5641 γοῦν
2065 5575 2093 5626 ὁ
2137 5573 2367 5638 Παῦλος,

799 5661 940 5716 ὥστε
965 5664 995 5714 6
1021 5662 1188 5733 νόμος
1219 5663 1562 5731 παιδαγωγὸς
1589 5663 1744 5734 ἡμῶν
1769 5663 1992 5732 γέγονεν
2015 5665 2364 5737 είςΧριστόν.

2470 4656 2704 4712 comedit
2731 4655 2892 4708 homo
2915 4651 2980 4703 “.
3006 4667 3026 4700 ι
3053 4647 3193 4714 Quin
3219 4652 3274 4700 et
3325 4645 3433 4700 alio
3463 4644 3620 4698 modo
3641 4644 3906 4698 enutritus
3935 4651 4039 4706 est,

2468 4747 2804 4819 vegetatione
2849 4759 2913 4798 ac
2958 4743 3153 4797 robore
3212 4738 3498 4808 spirituali,
3557 4751 3652 4806 per
3710 4734 4032 4804 sapientiam

2457 4841 2604 4910 legis
2646 4847 2701 4894 et
2749 4843 3012 4906 praecepta
3080 4833 3433 4898 inStitutaque
3471 4829 3881 4898 prophetarum,
3919 4841 4041 4894 quae

2473 4933 2537 4986 ad
2569 4927 2624 5003 ἥ,
2643 4929 2970 4999 agnitionem
2999 4925 3262 4986 veritatis,
3292 4919 3545 4974 nimirum
3575 4917 3802 4981 Christi,
3828 4917 4042 4986 placide

2470 5039 2534 5078 ac
2568 5022 2800 5077 molliter
2837 5017 3158 5088 provehunt.
3220 5011 3425 5068 Scribit
3484 5008 3750 5078 siquidem
3809 5005 4039 5061 Paulus:

2474 5115 2688 5181 «itaque
2758 5109 2840 5163 lex
2894 5107 3218 5179 pwdagogus‘
3281 5111 3467 5156 noster
3535 5100 3713 5154 factus
3779 5099 3830 5152 in
3886 5094 4045 5150 Chri-

2469 5217 2610 5260 stum
2641 5204 2684 5257 '.
2725 5223 2754 5255 ι-
2804 5201 2873 5255 Ᾱι
2922 5199 3066 5256 enim
3109 5203 3236 5252 eum
3286 5199 3379 5266 qui
3433 5187 4037 5266 genueratrepudiavit.

2471 5289 2537 5350 Et
2585 5297 2717 5365 quis.
2762 5292 2977 5348 tandem
3035 5289 3196 5359 hujus
3236 5285 3444 5358 repudii
3509 5279 3745 5337 modus?
3806 5279 4044 5331 Aversus

2459 5372 2559 5442 est
2607 5386 2751 5440 enim
2798 5391 2855 5437 ut
2916 5381 3076 5434 etiam
3119 5377 3348 5433 coluerit
3404 5390 3498 5432 eos
3553 5373 3642 5444 qui
3715 5383 3902 5427 natura
3971 5369 4058 5427 dii-

2476 5493 2586 5532 nou
2660 5486 2836 5537 sunt,
2922 5469 3294 5538 laboravitque
3373 5466 3563 5520 morbo
3635 5463 3740 5520 alio
3823 5467 4045 5533 magna:

2475 5569 2753 5638 cujusdam
2795 5561 3184 5629 eii'rcnationis,
3242 5575 3306 5614 ac
3334 5560 3476 5628 quod
3531 5558 3615 5614 itis
3669 5554 3829 5627 longe
3857 5556 4058 5610 absur-

2477 5664 2595 5718 dius
2651 5669 2758 5726 cst,
2789 5673 2854 5714 nc
2881 5659 3158 5714 brutorum
3219 5651 3447 5723 quidem.
3480 5649 3847 5705 animantium.
3882 5648 4044 5702 bene-

875 5819 901 5852 ‘
935 5818 1089 5877 Rom.
1128 5835 1243 5886 vnt,
1281 5821 1366 5876 15.
1442 5821 1480 5852 ³⁸
1518 5820 1656 5878 Psal.
1692 5822 1970 5892 Lunai,
2000 5823 2088 5880 25.
2147 5824 2188 5896 __'
2217 5823 2386 5879 Gaiat.
2429 5838 2507 5888 nt,
2540 5819 2631 5875 ει.
