4178 6502
601 368 670 423 49
1672 378 1730 430 S.
1772 373 2043 431 CYRILLI
2083 370 2559 430 ALEXANDRlNl
2594 370 2915 427 ARCHIEP.
3789 372 3864 431 20

600 485 889 540 volentiam
951 501 1115 557 quam
1191 487 1282 543 illa
1335 502 1467 559 erga
1534 487 1784 547 dominos
1832 491 2052 556 habent,
2100 497 2184 545 est

2298 489 2438 542 Ἀλλ’
2466 487 2700 559 ηθέτησε
2730 488 2821 541 τὸν
2848 487 3204 559 γεννήσαντα.
3250 485 3359 542 Καὶ
3392 486 3477 551 τίς
3514 487 3543 538 6
3584 486 3684 559 τῆς
3728 488 3851 544 ἀθε-

599 577 856 632 imitatus.
917 577 1053 637 Hinc
1112 595 1216 634 nun
1295 581 1412 636 sine
1470 597 1635 639 causa
1698 584 1810 640 ait:
1846 601 1865 636 ι
1915 582 2180 655 Cognovit

600 665 698 719 bos
758 680 1122 734 possessorem
1162 683 1343 733 suum,
1395 680 1451 724 et
1495 672 1679 726 asinus
1714 686 1952 742 przesepe
2006 671 2179 726 domi-

602 757 656 810 ni
706 757 1209 822 sui;lsraelautcm
1255 776 1341 815 me
1373 778 1479 819 non
1501 764 1773 834 cognovit,
1822 775 1878 819 et
1952 762 2181 833 pepqus

601 862 689 902 me
728 863 832 903 non
888 848 1173 904 intellexit.
1214 851 1421 915 stam
1470 854 1513 908 si
1565 865 1710 910 emat
1766 855 1887 924 quis
1963 855 2178 918 bovem,

602 936 749 990 illum
794 938 979 1007 utique
1008 938 1227 995 habebit
1264 944 1331 997 ad
1372 944 1445 1000 rei
1484 946 1701 1001 rusticae
1758 950 1989 1001 munera
2068 948 2179 1001 uti-

602 1030 892 1095 lissimum,
921 1030 1034 1087 sive
1092 1040 1288 1088 terram
1345 1050 1502 1089 arare
1567 1036 1714 1103 velit,
1768 1040 1882 1093 sive
1927 1041 1981 1093 in
2044 1056 2170 1096 area

601 1123 881 1185 triturare,
935 1132 988 1177 et
1045 1124 1299 1181 frumenti
1356 1128 1564 1200 paleam
1620 1140 1896 1185 excutere.
1934 1131 1991 1185 Si
2050 1148 2181 1187 vero

602 1216 727 1288 quis
795 1218 1007 1273 asinum
1084 1229 1317 1283 coemat,
1409 1229 1615 1277 naturae
1667 1225 1831 1279 etiam
1898 1235 2044 1279 motu
2127 1236 2182 1281 et

604 1308 838 1379 impulsu
875 1320 1102 1367 vocatur
1136 1313 1200 1364 ad
1260 1313 1582 1382 obsequium
1657 1325 1715 1369 et
1785 1332 1880 1385 pro
1938 1319 2021 1375 bis
2060 1333 2181 1386 quae

598 1400 783 1467 jacent
859 1401 912 1457 in
961 1403 1292 1472 przcsepibus
1332 1404 1721 1472 subjectionem
1777 1410 1930 1476 quasi
1985 1424 2181 1477 repen-

604 1494 684 1545 dit
746 1502 800 1548 et
825 1492 1210 1575 obedientiam.
1274 1496 1424 1553 Onus
1500 1498 1643 1551 enim
1730 1499 1931 1565 ltajulat
1972 1501 2181 1567 volens,

604 1594 659 1638 et
704 1585 891 1643 herilis
932 1586 1129 1642 laboris
1165 1589 1426 1645 litsocius
1457 1605 1521 1644 ac
1579 1592 1867 1660 particeps.
1929 1593 1999 1646 At
2069 1593 2184 1649 haec

605 1678 825 1744 quidem
856 1677 929 1732 ita
971 1695 1028 1733 se
1056 1681 1247 1735 habent
1300 1682 1356 1737 in
1385 1684 1497 1737 bis.
1540 1681 1706 1738 Israel
1730 1695 1908 1739 autem
1943 1687 2182 1755 sapiens,

607 1770 660 1823 in
706 1770 837 1840 legis
902 1772 1204 1843 prcdagogia
1254 1776 1521 1841 initiatus,
1577 1792 1687 1846 quo
1735 1777 1788 1833 id
1849 1779 1994 1848 quod
2055 1795 2085 1833 e
2126 1794 2184 1833 re

605 1870 707 1923 est,
749 1860 1048 1929 intelligere
1098 1876 1298 1932 posset,
1348 1867 1687 1934 majestatem
1754 1837 2076 1924 Dei-multis
2129 1880 2184 1925 et
2217 1837 2260 1897 Β

610 1949 1021 2005 admirabilibus
1078 1955 1246 2022 signis
1333 1956 1577 2020 edoctus,
1610 1959 1765 2016 asino
1797 1969 1847 2013 et
1896 1960 2032 2015 bove
2103 1960 2189 2015 in-

612 2043 857 2098 feriorem
925 2060 983 2099 se
1015 2054 1266 2115 praestat,
1329 2055 1384 2101 et
1454 2063 1482 2101 ε
1552 2049 1725 2105 brutis
1779 2050 2187 2106 mansuetudine

609 2147 663 2189 et
696 2138 965 2207 probitate
1008 2152 1313 2208 superatus,
1367 2140 1651 2195 Dominum
1714 2143 2001 2212 ignoravit.
2044 2142 2189 2199 Bene

611 2244 739 2285 sane
792 2231 920 2290 illud
961 2231 1279 2288 dixit:Non
1345 2235 1519 2299 novit,
1571 2249 1679 2289 non
1747 2236 2026 2291 intellexit.
2081 2235 2184 2289 Ta-

612 2324 766 2377 tuetsi
799 2325 965 2394 enim,
996 2335 1057 2381 ut
1102 2326 1235 2391 dixi,
1304 2327 1528 2397 gloriam
1566 2339 1623 2384 et
1683 2329 2020 2398 majestatem
2090 2332 2185 2385 Dei

611 2413 895 2481 didicerat,
971 2426 1149 2472 tamen
1229 2418 1451 2488 quodin
1507 2418 1824 2475 ellrenatam
1883 2423 2174 2490 quamdam

614 2504 1019 2569 perversitatem
1089 2506 1369 2577 prolapsus
1456 2515 1559 2571 est,
1635 2519 1924 2578 propterea
1999 2512 2046 2565 ei
2092 2513 2187 2579 qui

614 2609 717 2651 non
785 2608 1028 2659 noverat,
1097 2614 1205 2652 non
1257 2600 1539 2654 dissimilis
1623 2600 1745 2654 fuit.
1808 2599 1960 2667 Quod
2002 2603 2056 2656 ni
2109 2604 2183 2658 ita

612 2700 741 2741 vere
784 2698 948 2752 esset,
980 2688 1292 2758 neutiquam
1337 2690 1563 2744 dixisset
1602 2691 1788 2760 ligno:
1838 2693 2011 2745 «Deus
2040 2709 2189 2749 meus

610 2789 671 2827 es
722 2785 797 2843 tu,
827 2794 860 2829 ι
909 2786 962 2830 et
1000 2778 1159 2845 lapidi
1201 2795 1215 2829 :
1249 2796 1267 2828 ι
1306 2776 1385 2830 Tu
1429 2780 1660 2848 genuisti
1727 2795 1833 2833 me.
1873 2799 1891 2831 ι
1962 2780 2115 2836 Unde
2137 2791 2191 2836 et

618 2883 642 2916 ι,
662 2866 951 2933 obstupuit,
989 2885 1007 2917 ι
1038 2866 1233 2939 inquit,
1259 2885 1276 2916 ι
1309 2867 1507 2923 ctelum
1555 2883 1717 2936 super
1768 2868 1898 2930 hoc,
1932 2879 1986 2923 et
2031 2870 2192 2923 vehe-

611 2966 824 3015 menter
878 2972 1039 3026 supra
1084 2958 1300 3014 modum
1357 2957 1666 3024 inhorruit,
1721 2959 1853 3015 dicit
1908 2959 2188 3019 Dominus.

610 3050 747 3120 Quia
809 3050 914 3103 duo
1017 3050 1154 3103 mala
1220 3049 1454 3118 patravit
1523 3051 1747 3121 populus
1814 3068 2023 3107 meus:
2108 3070 2193 3109 me

613 3144 1013 3213 dereliquerunt
1094 3142 1295 3195 fontem
1378 3156 1532 3211 aquae
1591 3142 1754 3211 vivae,
1804 3153 1859 3198 et
1936 3144 2263 3231 foderuntc

614 3234 718 3288 sibi
769 3234 1030 3291 cisternas
1054 3233 1334 3296 contritas,
1381 3249 1501 3302 qua:
1541 3249 1644 3287 non
1700 3243 1952 3303 poterunt
1994 3251 2189 3306 aquam

621 3328 905 3385 continere
935 3327 976 3379 ⁸.
1016 3344 1034 3377 ι
1068 3324 1255 3380 Posset
1303 3338 1483 3378 autem
1518 3325 1619 3378 hoc
1643 3325 1861 3381 Christo
1884 3342 2189 3382 accommo-

615 3420 737 3478 dari.
783 3428 841 3473 ut
895 3418 1040 3473 dicat
1088 3418 1153 3473 de
1184 3415 1287 3469 illis
1317 3433 1330 3469 :
1358 3414 1523 3471 lsraei
1556 3431 1683 3469 vero
1736 3433 1825 3472 me
1874 3434 1978 3471 non
2017 3419 2193 3479 novit,

616 3523 673 3567 et
724 3510 954 3582 populus
1016 3524 1102 3565 me
1144 3523 1248 3563 non
1290 3507 1580 3563 intellexit.
1614 3507 1893 3578 Siquidem
1929 3510 2190 3578 perillum

619 3603 759 3658 facta
791 3611 877 3655 est
908 3601 995 3655 illa
1051 3600 1216 3654 etiam
1269 3597 1490 3667 antiqua
1549 3600 1871 3670 redemptio.
1901 3600 1965 3655 Et
2018 3600 2193 3669 posita

617 3704 703 3748 est
761 3690 843 3744 lex
907 3689 972 3746 ad
1044 3698 1254 3757 tempus
1340 3702 1512 3758 usque
1583 3689 1959 3752 correctionis,
2038 3688 2195 3742 sicuti

620 3783 884 3853 scriptum
945 3790 1049 3835 est.
1102 3781 1237 3836 Cum
1266 3790 1445 3836 autem
1482 3783 1671 3835 umbra
1724 3779 1871 3835 nullo
1904 3779 2065 3835 modo
2102 3794 2199 3835 nos

614 3873 915 3943 iustiﬁcam
937 3882 1142 3944 posset,
1204 3873 1381 3929 illuxit
1435 3874 1592 3929 nobis
1644 3872 1697 3925 in
1743 3885 1907 3943 carne
1956 3869 2201 3937 unigeni-

623 3976 736 4023 tnm
778 3966 870 4021 Dei
897 3964 1164 4030 Verbum,
1198 3976 1256 4019 ut
1329 3965 1433 4019 lidc
1495 3968 1562 4018 ad
1631 3964 1805 4033 ipsum
1880 3963 2201 4015 accedentes

618 4057 970 4126 iustiﬁcaret,
1025 4066 1129 4112 eta
1171 4066 1345 4113 morte
1369 4066 1533 4123 atque
1593 4062 1817 4123 peccato
1859 4052 2121 4108 liberaret
2155 4052 2197 4105 ⁷.

624 4145 675 4219 5
706 4144 1083 4204 Verumtamen
1127 4160 1247 4199 eum
1285 4159 1389 4198 non
1444 4142 1591 4199 novit
1656 4141 1819 4197 lsrael
1859 4141 2203 4210 quantumvis

626 4249 811 4307 aperte
852 4239 1171 4307 dicentem;
1212 4255 1231 4288 ‹
1265 4236 1648 4299 Αωειι,ειιιεη
1708 4234 1830 4287 dico
1890 4232 2067 4298 vobis,
2112 4234 2201 4301 qui

625 4321 928 4396 sermonem
968 4316 1142 4393 meum
1170 4325 1338 4389 audit,
1382 4332 1436 4378 et
1464 4324 1639 4381 credit
1685 4323 1733 4376 ei
1779 4322 1868 4392 qui
1905 4322 2051 4377 misit
2092 4337 2202 4387 me,

628 4418 789 4479 hibet
818 4404 983 4472 Vitam
1033 4426 1314 4480 aeternam,
1366 4424 1421 4469 et
1467 4415 1518 4468 in
1564 4414 1827 4484 judicium
1872 4428 1977 4468 non
2029 4415 2200 4479 venit,

626 4511 719 4563 sed
749 4498 967 4566 transiit
1024 4526 1090 4565 ex
1160 4518 1332 4563 morte
1374 4508 1441 4562 ad
1471 4508 1639 4561 vitam
1669 4545 1684 4561 .
1720 4507 1770 4559 ⁸»

2280 583 2490 651 τήσεως
2528 570 2729 651 τρόπος
2762 580 2847 649 εἴη
2882 578 2981 643 ἀν.;
3029 578 3300 649 ἐτράπετο
3326 577 3434 648 γάρ
3465 577 3544 641 εἷς
3575 593 3639 646 γε
3669 579 3731 631 τὸ
3764 578 3858 631 θέο

2281 673 2392 725 λειν
2415 672 2525 735 τοῖς
2562 669 2823 741 μὴ-φύσει
2852 668 3137 743 λατρεύειν
3179 668 3343 735 θεοῖς,
3386 667 3645 738 νενόσηκε
3679 667 3737 720 δὲ
3764 667 3861 726 καὶ

2282 764 2508 835 ἑτέρως,
2542 761 2676 815 πολὺ
2705 760 2768 813 τὸ
2800 760 3031 830 ὲξήνιον,
3064 759 3158 813 καὶ
3186 759 3247 811 τὸ
3270 756 3350 811 ἔτι
3378 757 3581 811 τούτων
3614 758 3695 820 είς
3734 757 3859 810 610-

2282 857 2414 910 πίαν
2451 855 2730 917 ἐπέκεινα,
2769 852 2893 906 οὕτε
2937 853 3108 923 αὐτὴν
3142 852 3451 922 μεμίμηται
3493 850 3601 904 τῶν
3648 849 3861 917 ἀλόγων

2283 946 2436 1013 ζώων
2466 947 2565 1018 τὴν
2607 944 2841 1008 εὔνοιαν,
2889 944 2956 1015 ἢν
3004 943 3071 997 ἂν
3111 943 3283 1013 ἔχοιεν
3318 943 3499 996 ἐκεῖνα
3548 942 3685 1012 πρὸς
3730 941 3860 1004 τοὺς

2281 1040 2564 1101 δεσπότας.
2599 1035 2787 1108 Ταύτῃ
2806 1052 2888 1088 τοι
2920 1034 3111 1103 φησίν’
3149 1051 3168 1084 ι
3204 1034 3386 1100 Ἔγνω
3432 1031 3558 1102 βοῦς
3600 1031 3691 1084 τὸν
3720 1048 3856 1100 κτη-

2290 1131 2544 1200 σάμενον,
2593 1128 2688 1180 καὶ
2743 1126 2863 1189 ὖνος
2903 1125 3002 1195 τὴν
3052 1125 3258 1194 φάτνην
3299 1124 3391 1178 τοῦ
3430 1123 3619 1195 κυρίου
3668 1122 3858 1186 αὑτοῦ,

2296 1220 2512 1291 Ἰσραὴλ
2539 1219 2595 1271 δέ
2627 1236 2694 1289 με
2721 1217 2820 1270 οὐκ
2842 1216 3004 1285 ἔγνω,
3035 1215 3131 1267 καὶ
3156 1217 3187 1267 6
3209 1215 3336 1278 λαός
3364 1232 3433 1285 με
3457 1215 3521 1267 ού
3549 1217 3800 1285 συνῆκεν.
3831 1233 3854 1266 ι

2286 1311 2607 1382 Ἀνθρωπος
2638 1310 2735 1379 μὲν
2757 1307 2867 1377 γὰρ
2893 1308 2940 1358 εί
2977 1305 3263 1376 ὲκπρίαιτο
3291 1304 3439 1375 βοῦν,
3486 1304 3598 1370 ἕξει
3625 1305 3691 1375 δὴ
3717 1305 3857 1359 πάν..

2284 1422 2390 1469 τως
2422 1403 2583 1462 αὑτὸν
2621 1404 2701 1465 εἰς
2747 1400 2816 1452 τά
2867 1400 2965 1468 τῆς
2998 1397 3304 1467 γεωπονὶας
3348 1396 3483 1467 ἔργα
3516 1397 3859 1467 χρησιμώτα-

2284 1515 2397 1558 τον,
2429 1494 2586 1548 τοῦτο
2637 1493 2735 1563 μὲν
2778 1490 2968 1563 ἀροῦν,
3021 1493 3068 1543 εί
3097 1489 3289 1553 ἕλοιτο,
3323 1487 3421 1558 τὴν
3447 1488 3573 1559 γῆν,
3607 1487 3765 1541 τοῦτο
3802 1488 3860 1547 δὲ

2285 1590 2365 1652 είς
2389 1587 2486 1654 τὴν
2526 1584 2638 1638 ἆλω
2680 1580 3130 1647 καταλεπτύνειν,
3164 1581 3256 1633 καὶ
3292 1579 3613 1648 ἀποκρίνειν
3643 1579 3738 1631 τοῦ
3774 1578 3858 1631 σίο

2284 1698 2378 1732 του
2402 1678 2463 1731 τὸ
2495 1678 2717 1748 ἀχυρον.
2746 1676 2809 1727 Εἰ
2847 1675 2902 1727 δὲ
2930 1674 2994 1743 δή
3026 1690 3109 1736 τις
3140 1671 3360 1745 πρίαιτο
3415 1670 3510 1722 καὶ
3536 1670 3677 1726 ὄνον.
3707 1687 3860 1739 φυσι-

2287 1773 2403 1831 κοῖς
2432 1768 2524 1821 καὶ
2550 1766 2711 1828 αὐτὸς
2746 1765 3043 1834 κινήμασιν
3074 1762 3319 1815 καλεῖται
3351 1761 3489 1831 πρὸς
3525 1760 3858 1823 εὐπείθειαν,

2288 1861 2383 1915 καὶ
2412 1855 2523 1913 οἷόν
2564 1876 2685 1911 τινα
2725 1857 2834 1910 τῶν
2866 1858 2922 1909 ὲν
2955 1855 3183 1923 φάτναις
3228 1852 3376 1923 αὐτῷ
3411 1851 3675 1922 κειμένων
3709 1851 3859 1905 ἀντί-

2286 1954 2432 2006 δοσιν
2462 1953 2695 2003 ποιεῖται
2735 1948 2835 2020 τὴν
2884 1945 3160 2010 ὑπόταξιν.
3197 1944 3517 2015 Ἀχθοφορεῖ
3556 1941 3665 2013 γὰρ
3696 1940 3861 2005 ἑκὼν,

2287 2046 2381 2101 καὶ
2410 2045 2499 2099 τὸν
2536 2042 2630 2096 τοῦ
2659 2040 2919 2095 δεσπότου
2958 2039 3238 2110 μερίζεται
3275 2037 3456 2090 πόνον.
3498 2034 3657 2087 Ἀλλά
3702 2034 3857 2087 ταυτὶ

2291 2137 2389 2208 μὲν
2416 2139 2472 2195 ἐν
2500 2135 2733 2197 τούτοις.
2780 2132 2838 2184 Ὀ
2869 2131 2925 2184 δὲ
2956 2131 3117 2199 σοφὸς
3159 2128 3375 2200 Ἰσραὴλ
3406 2130 3464 2180 ἐν
3488 2125 3636 2195 νόμῳ
3663 2124 3859 2177 παιδα-

2287 2225 2657 2295 γωγούμενος,
2691 2222 2785 2275 ἐπὶ
2829 2221 2888 2274 τὸ
2919 2220 3029 2273 δεῖν
3060 2219 3258 2273 εἰδέναι
3307 2218 3368 2270 τὸ
3409 2214 3653 2283 ὠφελοῦν
3696 2217 3724 2269 6
3763 2213 3865 2283 τὴν

2286 2318 2383 2371 τοῦ
2414 2316 2547 2370 Θεοῦ
2583 2314 2739 2379 δόξαν
2766 2312 2855 2367 διὰ
2886 2311 3096 2365 πολλῶν
3120 2311 3212 2364 καὶ
3242 2308 3589 2377 ἀξιαγάστων
3622 2303 3864 2376 σημείων

2289 2405 2717 2478 ὲκμεμαθηκὼς,
2771 2404 2898 2457 δνου
2943 2402 3037 2455 καὶ
3074 2400 3195 2471 βοὸς
3225 2398 3457 2451 κατόπιν
3488 2396 3726 2466 ἔρχεται,
3768 2392 3865 2445 καὶ

2288 2499 2388 2568 τῆς
2430 2499 2536 2550 τῶν
2570 2497 2779 2563 ἀλόγων
2827 2493 3129 2555 ἐπιεικείας
3158 2488 3468 2560 ἡττώμενος
3502 2486 3741 2556 ⁴ῐγγνόηκε
3770 2483 3865 2535 τὸν

2290 2589 2576 2659 δεσπότην.
2609 2582 2681 2639 Εὖ
2716 2584 2771 2638 δὲ
2804 2584 2870 2656 δὴ
2899 2582 3101 2651 σφόδρα
3134 2580 3214 2643 τὸ,
3243 2579 3343 2631 οὐκ
3384 2576 3544 2643 ἔγνω,
3576 2573 3764 2644 φησιν,
3797 2572 3862 2629 οὐ

2293 2679 2544 2748 συνῆκεν.
2572 2674 2765 2729 Καίτοι
2798 2673 2906 2742 γὰρ
2952 2665 3309 2743 μεμαθηκὼς,
3346 2666 3421 2727 ῶς
3454 2664 3615 2734 ἔφην,
3636 2665 3735 2732 τὴν
3767 2659 3870 2714 τοῦ.

2291 2768 2425 2821 Θεοῦ
2475 2766 2653 2830 δόξαν,
2692 2765 2787 2817 καὶ
2820 2762 2909 2815 διὰ
2932 2762 2994 2813 16
3020 2757 3319 2816 ἀπονεῦσαι
3349 2755 3470 2808 λίαν
3499 2756 3578 2815 είς
3609 2751 3872 2823 ἀχάλινον⁴

2292 2859 2585 2932 ἐκτροπὴν,
2618 2858 2675 2909 ὲν
2706 2856 2807 2925 ίσῳ
2844 2854 3067 2921 γέγονεν
3098 2850 3174 2920 τῷ
3210 2847 3521 2917 ἠγνοηκότι.
3555 2846 3619 2896 Εἰ
3649 2843 3755 2913 γάρ
3790 2843 3863 2911 μὴ

2292 2951 2449 3005 τοῦτό
2492 2952 2639 3002 ἐστιν
2671 2945 2908 3015 ἀληθῶς,
2956 2944 3057 2995 οὐκ
3087 2940 3153 2995 ἂν
3199 2940 3303 3007 ἔφη
3337 2937 3414 3006 τῷ
3449 2935 3605 3000 ξύλῳ,
3661 2952 3680 2983 ι
3733 2932 3867 2995 Θεός

2298 3063 2399 3116 μου
2442 3039 2492 3095 εί
2520 3039 2584 3092 σύ
2609 3056 2623 3069 ·
2658 3057 2675 3087 ι
2713 3037 2805 3089 καὶ
2844 3034 2923 3104 τῷ
2967 3032 3099 3100 λίθῳ
3129 3071 3142 3091 ,
3181 3048 3199 3081 ι
3243 3032 3315 3084 Σὺ
3370 3025 3664 3095 ὲγέννησάς
3711 3040 3799 3095 με.
3841 3041 3861 3074 ι

2295 3115 2457 3186 Ὅθεν
2492 3150 2509 3181 ι
2540 3128 2751 3195 ἐξέστη,
2782 3145 2801 3175 ι
2832 3125 3020 3194 φησιν,
3054 3142 3074 3174 ι
3113 3122 3140 3173 6
3170 3118 3396 3192 οὐρανὸς
3428 3119 3519 3172 ἐπὶ
3552 3116 3746 3185 τούτῳ,
3768 3115 3865 3167 καὶ

2295 3221 2511 3294 ἔφριξεν
2558 3220 2650 3271 ἐπὶ
2692 3219 2874 3271 πλεῖον
2906 3214 3133 3285 σφόδρα,
3165 3212 3312 3280 λέγει
3353 3209 3580 3281 Κύριος.
3616 3208 3738 3259 Ὅτι
3775 3204 3877 3257 δύο

2295 3315 2389 3372 καὶ
2434 3313 2645 3383 πονηρά
2675 3310 2927 3379 ἐποίησεν
2952 3309 2980 3359 6
3007 3305 3136 3368 λαός
3195 3321 3295 3375 μου
3318 3343 3332 3365 ,
3378 3301 3477 3373 ἐμὲ
3513 3297 3868 3369 ἐγκατέλιπον

2297 3403 2480 3476 πηγὴν
2523 3402 2715 3465 ὓδατος
2762 3398 2985 3465 ζῶντος,
3037 3396 3131 3450 καὶ
3165 3395 3379 3466 ὤρυξαν
3423 3394 3605 3454 αὐτοῖς
3634 3391 3869 3451 λάκκους

2299 3492 2820 3566 συντετριμμένους,
2853 3490 2902 3543 οἳ
2930 3490 2989 3543 οὐ
3019 3488 3337 3557 δυνήσονται
3372 3483 3515 3552 ὕδωρ
3544 3481 3809 3549 συνέχειν.
3844 3496 3865 3529 ι

2297 3568 2511 3661 Πρέποι
2647 3584 2712 3639 ἂν
2746 3584 2840 3637 καὶ
2872 3581 3021 3651 αὐτῷ
3055 3579 3132 3650 τῷ
3160 3576 3380 3649 Χριστῷ
3428 3575 3489 3628 τὸ
3535 3574 3696 3642 φάναι
3742 3568 3879 3661 περ),

2300 3660 2503 3747 αύτῶν,
2532 3679 2613 3745 τὸ,
2657 3676 2873 3750 Ἰσραὴλ
2902 3674 2959 3726 δὲ
3005 3672 3103 3725 οὐκ
3136 3670 3298 3740 ἔγνω,
3329 3668 3421 3722 καὶ
3466 3669 3493 3719 6
3533 3664 3661 3726 λαός
3712 3677 3779 3732 με
3808 3660 3869 3713 οὐ

2302 3777 2555 3848 συνῆκεν.
2605 3772 2799 3839 Γέγονε
2838 3769 2936 3839 μὲν
2963 3766 3078 3839 γὰρ⁴
3104 3765 3196 3818 καὶ
3229 3766 3261 3834 ὴ
3297 3763 3465 3821 πάλαι
3507 3752 3873 3848 λύτρωσις-δι’

2301 3843 2482 3920 αὑτοῦ.
2522 3862 2769 3917 Τέθειται
2796 3860 2852 3912 δὲ
2879 3859 2974 3912 καὶ
3001 3860 3029 3910 6
3051 3858 3216 3933 νόμος
3244 3854 3403 3925 μέχρι
3436 3847 3629 3920 καιροῦ
3649 3843 3873 3916 διορθώ-

2304 3973 2440 4019 σεως
2466 3995 2479 4017 ,
2516 3952 2659 4006 καθά
2711 3951 3045 4020 γέγραπται.
3091 3944 3311 4015 Ἐπειδὴ
3353 3944 3429 3996 δὲ.
3476 3981 3489 3994 .
3535 3980 3547 3993 .
3584 3936 3875 4005 ἀνέφικτον

2301 4046 2541 4102 δικαιοῦν
2574 4045 2721 4119 ἡμᾶς
2751 4041 3011 4099 δύνασθαι
3046 4039 3143 4107 τὴν
3198 4036 3377 4097 σκιὰν,
3425 4031 3694 4099 ὲπέφανεν
3739 4029 3879 4119 ἡμῖν

2307 4137 2443 4208 μετὰ
2495 4117 2694 4206 σαρκὸς
2726 4136 2753 4186 6
2787 4130 3079 4203 μονογενὴς
3128 4128 3220 4181 τοῦ
3268 4125 3403 4178 Θεοῦ
3452 4124 3643 4190 Λόγος,
3673 4120 3760 4172 ἵνα
3796 4117 3875 4208 δι-

2304 4226 2516 4299 καιώσῃ
2546 4228 2614 4296 τῇ
2645 4226 2824 4281 πίστει
2873 4223 2996 4283 τοὺς
3031 4218 3356 4290 προσιόντας
3391 4213 3561 4283 αύτῷ,
3586 4213 3680 4265 καὶ
3706 4207 3877 4262 ἀπαλ-

2305 4319 2439 4391 λάξῃ
2482 4319 2714 4373 Θανάτου
2764 4315 2860 4368 καὶ
2896 4310 3189 4385 ἁμαρτίας.
3242 4305 3379 4365 Ἀλλ’
3412 4306 3470 4357 οὐ
3507 4303 3737 4371 συνῆκεν
3775 4299 3875 4351 αὐ·-

2305 4413 2395 4465 τὺν
2419 4412 2496 4464 ὁΊ
2508 4408 2698 4480 σραὴλ,
2735 4404 2915 4458 καίτοι
2940 4402 3189 4469 λέγοντος
3217 4397 3435 4467 σαφῶς·
3461 4416 3480 4447 ι
3503 4395 3694 4465 Ἀμὴν,
3728 4392 3877 4461 ἀμὴν

2242 4501 2287 4556 Ι)
2310 4503 2455 4569 λέγω
2484 4501 2611 4569 ύμῖν
2633 4540 2647 4563 ,
2688 4497 2715 4548 6
2755 4496 2844 4548 τὸν
2885 4493 3041 4561 λόγον
3090 4508 3188 4561 μου
3236 4490 3450 4543 ἀκούων
3486 4487 3577 4541 καὶ
3606 4481 3876 4539 πιστεύων

626 4601 704 4673 τῷ
743 4603 1016 4674 πέμψαντί
1050 4620 1137 4675 με,
1166 4603 1277 4673 ἔχει
1307 4602 1451 4675 ζωὴν
1496 4601 1731 4666 αἰώνιον,
1763 4602 1854 4655 καὶ
1893 4604 1972 4666 είς
2027 4601 2211 4670 κρίσιν
2246 4599 2347 4653 οὑκ
2374 4596 2609 4667 ἔρχεται,
2657 4590 2794 4645 ἀλλά
2863 4587 3238 4659 μεταϐέϐηκεν
3272 4588 3336 4638 ἐκ
3375 4582 3468 4637 τοῦ
3528 4578 3759 4637 θανάτου
3798 4578 3878 4640 εὶς

627 4699 728 4768 τὴν
756 4697 919 4770 ζωήν.
953 4718 972 4749 ι
1008 4752 1011 4759 ,

705 4794 862 4845 Vens.
888 4792 943 4844 Δ.
963 4776 1057 4845 \‘ce
1072 4806 1195 4858 gens
1224 4791 1744 4864 peccatrix,populus
1760 4789 1940 4856 plenus
1958 4786 2205 4855 peccatis,

628 4870 800 4943 semen
824 4899 1066 4953 nequam,
1097 4881 1197 4950 ﬁlii
1232 4880 1454 4945 scelesti,
1508 4879 1862 4948 dereliquistis
1901 4877 2206 4942 Dominum,

629 4984 677 5029 et
708 4974 1007 5030 concitasti:
1043 4972 1112 5027 ad
1139 4972 1469 5025 iracundiam
1494 4967 1954 5023 Sanctumlsrael.

700 5065 925 5136 Bepudii
944 5065 1103 5120 modo
1130 5064 1448 5133 Optimejam
1470 5060 1734 5129 exposito,
1765 5069 1819 5115 et
1848 5059 2212 5130 magnitudine

629 5158 802 5212 bruta;
826 5169 1010 5209 eorum
1040 5152 1355 5207 insulsitatis
1398 5150 1781 5212 demonstrata,
1812 5148 2068 5204 transfert
2096 5160 2207 5202 sta-

632 5248 734 5300 tim
765 5244 1059 5299 oratiouem
1092 5241 1287 5311 partim
1342 5241 1408 5294 ad
1447 5254 1633 5295 eorum
1661 5239 1891 5294 miseria:
1939 5238 2200 5307 praedica-

632 5337 854 5398 tionem,
894 5333 1091 5402 partim
1119 5332 1185 5385 ad
1239 5331 1648 5385 territationem.
1697 5330 1864 5384 Decet
1900 5329 2065 5391 enim,
2091 5328 2205 5396 opi-

633 5439 755 5486 nor,
790 5424 843 5475 in
872 5423 1060 5491 primis
1093 5436 1376 5492 personam
1403 5420 1694 5491 proltltetre,
1734 5429 1942 5474 tantum
1983 5433 2208 5473 noneos

634 5515 934 5582 deplorare,
962 5523 1017 5568 et
1053 5529 1122 5569 ex
1154 5514 1419 5568 immenso
1458 5514 1573 5567 zelo
1603 5513 1820 5582 pietatis
1851 5512 2128 5582 insurgere
2144 5524 2208 5564 ac

635 5604 850 5661 dicere:
893 5606 977 5659 νω
1000 5606 1146 5675 genti
1179 5606 1456 5676 improbat,
1481 5602 1675 5674 populo
1700 5604 1844 5659 vitiis
1875 5611 2091 5665 onusto,
2123 5616 2209 5656 se-

707 5763 730 5797 ⁸
754 5761 953 5825 Jerem.
984 5780 1042 5832 ιι,
1077 5764 1144 5818 19.
1172 5777 1285 5833 seq.

1363 5763 1385 5794 '
1417 5761 1578 5818 llebr.
1621 5779 1696 5832 Ix,
1738 5766 1817 5819 l0.
1898 5763 1917 5793 ⁸
1947 5760 2105 5821 Ιοιιη·,
2136 5774 2185 5823 v,
2218 5757 2288 5815 9.4

2377 4777 2519 4832 Οὐαί
2545 4778 2718 4840 ἔθνος
2733 4771 3100 4843 ἁμαρτωλὸν,
3118 4768 3269 4835 λαὸς
3289 4769 3528 4837 πλήρης
3558 4767 3882 4839 ἁμαρτιῶν,

2303 4870 2537 4938 σπέρμα
2565 4864 2850 4934 πονηρὸν,
2883 4864 2997 4918 υἱοὶ
3028 4861 3259 4929 ἄνομοι·
3310 4860 3758 4929 ἐγκατελείπετε
3774 4859 3881 4911 τὸν

2303 4962 2538 5030 Κύριον,
2563 4959 2660 5013 καὶ
2692 4956 3099 5026 παρωργίσατε
3119 4953 3225 5007 τὸν
3247 4953 3447 5023 ’Ἀγιον
3476 4951 3581 5006 τοῦ
3608 4949 3877 5019 Ἰσραήλ.

2376 5055 2479 5107 Τὸν
2498 5054 2597 5124 τῆς
2628 5051 2935 5121 ἀθετήσεως
2978 5048 3179 5123 τρόπον
3231 5041 3289 5099 εὖ
3334 5043 3476 5115 μάλα
3524 5043 3879 5115 διηγγελκὼς,

2309 5146 2404 5200 καὶ
2442 5147 2539 5216 τῆς
2572 5143 2796 5211 ἐνούσης
2833 5140 3017 5203 αὐτοῖς
3046 5138 3267 5207 ἀλογίας
3322 5134 3652 5207 παραδείξας
3697 5134 3758 5186 τὸ
3790 5133 3885 5203 μὲ-

2308 5240 2485 5309 γεθος,
2526 5236 2811 5308 μεθίστησι
2846 5233 3186 5305 παραχρῆμα
3228 5232 3319 5284 τὸν
3360 5229 3539 5296 λόγον,
3587 5225 3745 5278 τοῦτο
3785 5226 3882 5294 μὲν

2309 5331 2387 5394 εἰς
2440 5326 2766 5397 ταλανισμὸν
2822 5325 2909 5376 ἐπ’
2959 5323 3145 5385 αὐτοῖς
3187 5319 3447 5391 δηλονότι,
3504 5316 3663 5375 τοῦτο
3705 5316 3748 5367 δ’
3814 5309 3882 5367 αὖ

2310 5420 2469 5477 πάλιν
2501 5418 2637 5490 πρὸς
2658 5414 2965 5486 ἐπίπληξιν.
2993 5413 3198 5484 Πρέποι
3232 5411 3275 5463 δ’
3308 5410 3393 5473 ἂν,
3429 5404 3604 5477 οἶμαι,
3649 5405 3726 5476 τῷ
3752 5421 3886 5474 προ-

2313 5508 2526 5581 φητικῷ
2578 5504 2857 5578 προσώπῳ
2911 5502 3145 5574 μάλιστα
3208 5499 3297 5551 τὸν
3358 5494 3641 5567 μονονουχὶ
3694 5509 3884 5547 κατοι-

2316 5600 2517 5669 μώζειν
2563 5597 2778 5659 αὐτοὺς.
2832 5595 2923 5647 καὶ
2952 5594 3015 5646 ὲκ
3044 5588 3246 5661 πολλῆ-ς
3283 5586 3423 5656 ἀγαν
3450 5585 3725 5655 φιλοθείας
3756 5598 3888 5638 κατ-ξ
