4178 6568
271 514 336 572 21
1476 526 1543 582 ΙΝ
1583 529 1820 585 lSAlAll
1859 528 1921 584 LI

1874 529 1987 585 LIB.
2030 528 2068 584 1.
2107 531 2312 586 ORAT.
2354 535 2397 586 Ι.
3455 520 3524 576 22

270 626 653 698 εξανίστασοαί
681 629 738 686 τε
769 627 860 690 καὶ
892 626 1069 708 λέγειν
1089 654 1100 668 °
1150 640 1287 695 Οὐαὶ
1319 641 1468 709 ἔθνος
1515 645 1858 718 ἁμαρτωλὸν,
1888 655 1920 711 Α

1888 655 1934 711 Α
1964 651 2092 706 mini
2151 649 2416 714 maleﬁco,
2473 646 2598 702 ﬁliis
2650 644 2904 714 :perd‘itis.
2946 643 3178 700 Omnino
3218 649 3395 694 autem
3433 641 3522 708 qui

269 721 396 784 λαὸς
435 720 647 794 πλήρης
667 724 971 797 ἁμαρτιῶν,
1008 730 1226 802 σπέρμα
1273 733 1533 804 πονηρὸν,
1581 735 1688 789 υἱοὶ
1727 736 1849 790 ἄνο-

1955 743 2196 796 omnium
2269 740 2583 810 largitorem
2612 739 2873 791 bonorum
2903 733 3070 787 Deum
3120 729 3403 802 repudiare
3432 743 3524 780 vo-

271 828 381 882 μοι.
411 811 639 867 Ἐπεται
664 816 793 883 γοῦν
825 818 1043 882 πάντως
1090 822 1202 886 τοῖς
1228 821 1440 875 ἀθετεῖν
1481 841 1548 895 με
1582 823 1847 888 θέλουσιν,

1951 839 2084 902 lunt,
2148 834 2200 890 hi
2265 842 2324 889 ut
2362 832 2506 888 vitiis
2537 829 2992 891 contaminentur,
3052 821 3561 892 nunquameluen—‘

267 904 358 958 τὸν
378 906 636 963 ἁπάντων
670 911 804 979 ἡμῖν
852 910 1074 978 ἀγαθῶν
1105 911 1320 985 δωτῆρα
1347 914 1500 982 Θεὸν,
1535 917 1595 969 τὸ
1646 917 1849 971 ἀναπό·

1949 929 2054 994 dis,
2099 927 2456 998 gravibusque
2486 935 2648 993 atque
2693 917 3114 988 inexpiabilibus
3161 915 3375 986 ﬂagitiis
3402 929 3530 966 one-

267 1013 454 1052 νιπτον
479 997 623 1069 ἔχειν
646 1001 746 1068 τὴν
798 1001 1091 1074 ἁμαρτίαν,
1147 1006 1242 1058 καὶ
1270 1006 1626 1079 πεφορτίσθαι
1656 1009 1849 1072 δεινοῖς

1953 997 2158 1082 rentur,
2199 1031 2421 1074 necesse
2449 1025 2549 1072 est.
2581 1013 2773 1068 Trahit
2802 1011 2944 1066 enim
3003 1021 3214 1075 semper
3269 1004 3529 1074 quodam-

267 1087 532 1157 ἀφύκτοις
553 1092 914 1164 ἐγκλήμασιν.
945 1095 1115 1150 Νοσεῖ
1141 1098 1249 1170 γάρ
1279 1116 1395 1162 πως
1423 1100 1511 1154 ἀεὶ
1533 1101 1567 1171 ή
1589 1099 1848 1170 ἀθέτησις

1951 1107 2110 1161 modo
2139 1105 2254 1159 haec
2283 1103 2581 1172 repudiatio
2611 1102 2856 1155 morbum
2900 1095 3217 1151 defectionis
3243 1103 3525 1162 etaposta-

267 1175 364 1248 τὴν
391 1177 711 1245 ἀπόστασιν,
744 1182 841 1252 τῆς
869 1183 948 1246 είς
972 1185 1081 1237 πᾶν
1111 1186 1291 1239 ὁτιοῦν
1315 1187 1424 1240 τῶν
1447 1191 1510 1241 ὲκ
1536 1190 1716 1243 τόπων
1754 1208 1849 1261 με·

1954 1199 2068 1260 sim,
2096 1194 2553 1265 demigrationelin
2580 1207 2739 1246 omne
2763 1204 2927 1260 genus
2953 1185 3230 1242 foeditatis.
3252 1182 3388 1237 Hinc
3406 1179 3532 1234 illud

269 1267 520 1341 τασολήν.
565 1271 749 1345 Ταύτῃ
786 1291 870 1328 τοι
915 1276 1006 1329 καὶ
1039 1277 1317 1348 ἐπήγαγεν
1340 1278 1532 1345 εὐθὺς,
1553 1279 1611 1333 τὸ
1655 1265 1855 1348 ὲγκατέ

1951 1285 2307 1347 moxinducit,
2343 1301 2363 1335 ι
2387 1280 2755 1351 Dereliquistis
2786 1279 3089 1334 Dominum.
3120 1274 3352 1329 iSemen
3374 1285 3533 1340 porro

269 1359 513 1415 ελείπετε
539 1362 630 1416 τὸν
673 1363 900 1437 Κύριον.
945 1368 1172 1440 Σπέρμα
1199 1370 1256 1423 δὲ
1299 1370 1558 1442 ὀνομάζει
1591 1370 1846 1443 πονηρὸν,

1953 1375 2251 1432 maleﬁcum
2278 1374 2431 1439 dicit,
2469 1388 2574 1428 non
2622 1371 2746 1442 quia
2781 1379 2966 1426 essent
2991 1377 3084 1421 aut
3119 1365 3312 1419 ﬁerent
3335 1378 3398 1417 ex
3435 1377 3529 1414 na-

269 1451 366 1522 οὐχ
404 1451 482 1517 ὡς
532 1454 712 1521 ὄντας,
751 1457 784 1528 ἦ
826 1461 1229 1531 πεποιημένους
1271 1462 1411 1515 κατὰ
1457 1465 1620 1532 φύσιν
1673 1463 1849 1516 τοιού-

1954 1477 2070 1521 tura
2097 1466 2256 1531 tales,
2307 1465 2400 1520 sed
2427 1464 2568 1534 quod
2604 1462 2715 1518 nali
2745 1470 2871 1516 sunt
2914 1475 2981 1515 ex
3008 1457 3249 1528 patribus
3279 1452 3537 1522 improbis

269 1560 415 1610 τους,
445 1545 562 1599 ἁλλ’
612 1549 694 1602 ὅτι
749 1551 1035 1619 γεγόνασιν
1068 1553 1134 1604 ὲκ
1165 1553 1414 1624 πονηρῶν
1453 1555 1701 1625 πατέρων
1745 1556 1852 1608 υἱοὶ

1953 1557 2047 1610 lilii
2090 1573 2301 1627 quoque
2322 1555 2569 1625 improbi,
2600 1556 2751 1623 juxta
2790 1567 2977 1608 vocem
3018 1548 3265 1605 Joannis.
3296 1545 3346 1600 ls
3381 1543 3531 1598 enim

271 1637 519 1708 πονηροὶ,
548 1641 691 1695 κατά
723 1656 788 1709 γε
820 1641 918 1712 τὴν
957 1641 1202 1697 Ἰωάννου
1239 1646 1445 1714 φωνήν
1482 1647 1584 1716 ἔφη
1621 1646 1730 1717 γὰρ
1758 1647 1852 1698 καὶ

1955 1645 2160 1701 Scribis
2188 1656 2240 1701 et
2273 1645 2560 1700 Pharisaeis
2589 1645 2654 1698 ad
2677 1645 2996 1712 baptismum
3025 1638 3351 1711 paenitentia:
3386 1649 3540 1688 acce-

273 1725 455 1790 αύτοῖς
487 1730 600 1792 τοϊς
628 1728 1019 1801 γραμματεῦσι
1064 1731 1160 1785 καὶ
1194 1732 1509 1802 Φαρισαίοις
1540 1732 1854 1802 ἐρχομένοις

1953 1734 2235 1789 dentibus:
2267 1733 2605 1802 «Progenies,
2625 1731 2817 1801 inquit,
2843 1729 3236 1800 viperarum'.»
3264 1725 3425 1780 Primi
3451 1723 3535 1777 ni-

276 1818 368 1869 ὲπὶ
395 1818 456 1871 τὸ
486 1820 583 1890 τῆς
616 1820 903 1891 μετανοίας
948 1821 1248 1892 βάπτισμα,
1291 1841 1312 1874 ι
1357 1825 1670 1893 γεννήματα
1711 1823 1852 1892 ἐχιδ-

1953 1827 2150 1880 mirum
2181 1826 2254 1879 illi
2283 1826 2348 1878 ab
2380 1824 2534 1878 initio
2561 1834 2761 1893 patres,
2795 1821 2952 1891 plane
2981 1819 3150 1875 sancti
3178 1817 3501 1872 exstiterunt
3526 1848 3537 1882 ε

275 1906 403 1962 νῶν.
445 1927 463 1959 ι
510 1909 690 1978 Ἀγιοι
725 1912 822 1980 μὲν
846 1912 954 1982 γὰρ
984 1911 1431 1981 ὁμολογουμένως
1475 1913 1524 1966 οἰ
1555 1911 1760 1982 πρῶτοί
1793 1928 1850 1964 τε

1953 1917 2046 1986 qui
2091 1931 2218 1971 vero
2270 1915 2390 1970 illus
2421 1916 2588 1970 secuti
2639 1922 2787 1980 sunt,
2842 1909 3245 1967 sceleratissimi
3296 1907 3531 1961 fuerunt.

277 1999 372 2051 καὶ
399 1999 458 2063 ἐξ
480 2001 655 2070 ἀρχῆς
683 2001 933 2072 πατέρες,
965 2001 1208 2072 βδελυροὶ
1237 2003 1293 2056 δὲ
1323 2003 1442 2057 λίαν
1483 2004 1534 2055 οἱ
1574 2005 1689 2073 μετ’
1712 2001 1854 2055 ἐκείο
1882 1989 1927 2049 Β

1889 1989 1931 2049 Β
1958 2005 2252 2060 lnnutritos
2274 2019 2404 2076 ergo
2432 2005 2625 2075 patriis
2646 2002 2908 2068 moribus,
2941 2009 2997 2056 et
3026 2000 3226 2054 avitam
3268 2003 3539 2051 sectantes

277 2106 418 2151 νους.
461 2088 948 2160 Ἐντεθραμμένοις
1006 2090 1070 2161 δὴ
1133 2087 1226 2144 οῦν
1278 2095 1392 2154 τοῖς
1435 2091 1544 2145 τῶν
1602 2090 1854 2161 πατέρων

1962 2097 2312 2166 impietatem,
2339 2110 2522 2152 semen
2566 2095 2866 2150 maleﬁcum
2911 2107 3019 2146 non
3069 2090 3339 2144 immerito
3368 2086 3540 2140 nomi-

276 2179 442 2243 ἔθεσι,
478 2180 570 2232 καὶ
594 2181 924 2251 προγονικὴν
946 2181 1242 2251 ζηλοῦντας
1268 2181 1608 2253 ἀνοσιότητα,
1634 2181 1856 2253 σπέρμα

1962 2190 2130 2246 navit.
2159 2188 2571 2258 Dereliquernnt
2597 2201 2829 2255 namque
2865 2185 3167 2247 Dominum,
3208 2190 3261 2235 et
3291 2179 3545 2234 Sanctum

277 2271 510 2343 πονηρὸν
538 2271 820 2342 ὠνόμασεν
880 2273 1125 2337 εἰκότως.
1177 2273 1700 2342 Ἐγκαταλελοίπασι
1745 2271 1855 2342 γὰρ

1963 2279 2196 2346 lsraelis,
2220 2279 2431 2336 scilicet
2461 2278 2758 2343 Christum,
2779 2276 3054 2331 concitare
3077 2287 3182 2328 non
3203 2271 3544 2327 destiterunt.

276 2362 368 2414 τὸν
409 2362 629 2433 Κύριον,
661 2363 752 2415 καὶ
794 2363 1224 2436 παροτρύνοντες
1269 2366 1370 2417 οὐκ
1415 2364 1724 2418 ἐπαύσαντο
1764 2363 1858 2415 τὸν

1963 2370 2445 2442 Μγειετίιιιηίεηίιιι
2481 2373 2546 2426 de
2574 2371 2663 2426 illo
2693 2387 2797 2426 non
2834 2368 3251 2424 intellexerunt:
3285 2364 3467 2432 itaque
3493 2362 3545 2416 in

279 2451 432 2522 ᾶγιον
451 2453 543 2506 τοῦ
588 2453 821 2525 Ἰσραὴλ,
861 2456 1105 2509 τουτέστι
1137 2456 1390 2527 Χριστόν.
1443 2457 1518 2508 Οὐ
1579 2456 1686 2527 γάρ
1734 2473 1858 2510 συν-

1962 2463 2177 2517 cumulo
2191 2477 2252 2516 ac
2281 2463 2608 2532 plenitudine
2630 2476 2848 2517 suorum
2879 2468 3224 2529 peccatorum
3252 2458 3546 2510 haeserunt.

279 2543 421 2614 ἧκαν
453 2543 513 2597 τὸ
548 2545 634 2597 ἐπ’
665 2546 813 2617 αύτῷ
836 2549 1151 2618 μυστήριον.
1182 2545 1467 2619 Τοιγάρτοι
1497 2550 1592 2600 καὶ
1625 2549 1854 2620 μεμενή-

1965 2553 2114 2621 Quod
2157 2556 2319 2610 etiam
2353 2556 2454 2608 illis
2475 2554 2720 2610 Christus
2772 2553 2936 2606 dixit:
2984 2553 3204 2613 «Amen,
3238 2563 3395 2603 amen
3431 2545 3550 2599 dico

281 2647 439 2684 κασιν
495 2633 553 2686 ἐν
608 2634 936 2706 πληρώματι
994 2635 1106 2688 τῶν
1165 2636 1308 2689 ἰδίων
1383 2637 1687 2708 ἁμαρτιῶν.
1749 2640 1859 2692 Καὶ

1967 2646 2137 2710 vobis,
2173 2647 2216 2701 si
2261 2662 2367 2702 non
2407 2645 2918 2712 creditleritis,;Qttia
2957 2658 3056 2713 ego
3087 2658 3228 2708 sum,
3270 2641 3324 2694 in
3358 2652 3550 2708 pecca—

280 2721 438 2775 τοῦτο
463 2724 645 2786 αὐτοῖς
674 2724 910 2794 ἔφασκεν
929 2727 958 2779 ό
976 2726 1210 2796 Χριστός
1231 2743 1245 2757 ο
1278 2747 1296 2778 ι
1322 2728 1518 2800 Ἀμὴν,
1547 2729 1693 2801 ἀμὴν
1715 2729 1862 2798 λέγω

1969 2739 2038 2793 tis
2073 2741 2262 2793 vestris
2290 2737 2591 2793 moriemini
2617 2738 2713 2790 ιο.»
2746 2735 2983 2792 Onustus
3007 2737 3188 2804 itaque
3210 2734 3352 2787 vitiis
3389 2728 3549 2796 Israel

283 2811 435 2883 ὑμῖν,
474 2813 568 2867 ἐὰν
624 2813 710 2887 μὴ,
759 2815 1109 2887 πιστεύσητε,
1164 2818 1248 2871 ὅτι
1301 2816 1413 2886 ὲγὼ
1461 2819 1597 2889 εἰμὶ,
1649 2821 1707 2873 ἐν
1742 2822 1864 2883 ταῖς

1968 2846 2034 2887 eo
2063 2833 2274 2885 demum
2312 2832 2554 2901 pervenit
2591 2829 2866 2899 nequitiaa,
2906 2835 2965 2882 ut
2999 2841 3186 2896 ptenas
3231 2839 3352 2879 eum
3405 2822 3553 2878 luere

284 2905 581 2974 ἁμαρτίαις
638 2907 792 2974 ὑμῶν
865 2908 1244 2964 ἀποθανεῖσθε.
1309 2928 1329 2962 ι
1397 2910 1620 2983 Πλήρης
1678 2912 1861 2966 τοίνυν

1971 2919 2135 2973 fuerit
2157 2919 2540 2989 aequissimum.
2572 2920 2779 2974 Etenim
2813 2917 3165 2988 expleverunt
3187 2924 3241 2969 et
3269 2913 3368 2984 ipsi
3404 2928 3555 2967 men--

285 2994 566 3066 αμαρτιῶν
593 2997 621 3048 ὁ
656 2997 892 3064 Ἰσραὴλ,
931 2999 1024 3056 καὶ
1045 3001 1124 3067 εἰς
1156 2999 1314 3058 τοῦτο
1346 2998 1531 3058 λοιπὸν
1561 3002 1866 3077 ἀφιγμένος

1970 3027 2150 3070 Suram
2183 3019 2394 3079 patrum
2429 3025 2670 3075 suorum,
2713 3011 2866 3080 juxta
2911 3023 3094 3064 vocem
3134 3003 3552 3061 Servatoris‘”.

286 3084 618 3164 φωλὸτητῡς
642 3134 657 3157 ,
696 3087 771 3156 ὡς
809 3094 1042 3164 πρέπειν
1077 3092 1226 3165 αύτῷ
1272 3095 1334 3147 τὸ
1378 3095 1701 3160 κολάζεσθαι
1729 3097 1862 3150 δεῖν.

1969 3109 2026 3179 6
2041 3107 2120 3161 Ad
2136 3103 2506 3176 aliquodjenim
2527 3112 2734 3172 tempus
2753 3113 2806 3157 et
2825 3115 3129 3156 mensuram
3152 3099 3253 3154 fert
3280 3100 3414 3154 Deus
3427 3113 3555 3153 con-

289 3182 688 3254 Πεπληρὼκασι
733 3181 841 3253 γάρ
885 3184 979 3236 καὶ
1025 3183 1180 3236 αὐτοὶ
1236 3183 1298 3238 τὸ
1341 3185 1538 3256 μέτρον
1562 3186 1670 3240 τῶν
1719 3187 1866 3240 ίδίων

1973 3208 2235 3265 templum
2291 3195 2751 3266 delinquentium:
2793 3210 2916 3250 cum
2959 3201 3138 3247 autem
3167 3192 3230 3245 ad
3267 3190 3553 3260 plenitudi-

288 3276 562 3347 πατέρων,
593 3275 732 3330 κατὰ
773 3273 980 3346 τὴντοῦ
1006 3276 1255 3346 Σωτῆρος
1286 3279 1468 3347 φωνήν
1487 3319 1502 3332 .
1550 3278 1728 3348 Μέχρι
1766 3279 1865 3349 μὲν

1976 3306 2095 3343 nent
2123 3297 2180 3344 et
2223 3287 2588 3342 maturitatem
2641 3285 2844 3354 peccati
2890 3292 3068 3338 notam
3097 3282 3199 3337 sibi
3248 3291 3301 3337 et
3336 3295 3559 3350 perspe-

292 3368 398 3438 γάρ
448 3384 596 3429 τινος
631 3366 822 3436 καιροῦ
872 3367 965 3419 καὶ
1013 3367 1212 3438 μέτρου
1273 3368 1516 3439 φορητὴν
1561 3373 1792 3424 ποιεῖται
1841 3371 1869 3423 ὁ
1897 3356 1940 3413 C

1935 3359 1940 3410 ί
1973 3394 2116 3437 etam
2136 3380 2244 3449 jam
2267 3378 2607 3448 pertigcrint,
2629 3375 2945 3446 supplicium
2964 3375 3181 3444 irrogat,
3201 3387 3263 3427 ac
3289 3387 3382 3440 pro
3406 3373 3585 3427 modo.

290 3458 442 3522 Θεὸς,
483 3458 593 3512 τῶν
639 3456 1102 3529 πλημμελούντων
1141 3458 1239 3530 τὴν
1288 3460 1723 3532 καταφρόνησινο
1764 3463 1870 3530 ἁφ-

1975 3483 2028 3527 et
2069 3472 2276 3526 ratione
2299 3471 2615 3525 delictorum
2651 3468 3020 3524 inobedientes
3056 3481 3211 3537 poena
3255 3464 3440 3519 nlﬁcit.
3468 3463 3561 3516 Ni-

293 3549 522 3620 ιγμένης
550 3549 605 3602 δὲ
627 3547 725 3620 ήδη
756 3547 892 3620 πρὸς
916 3549 1192 3620 πλήρωσιν
1211 3548 1311 3620 τὴν
1340 3550 1687 3621 ἐγνωσμένην
1723 3549 1872 3621 αὐτῷ

1980 3563 2176 3617 mirum
2193 3557 2344 3616 hanc
2369 3575 2672 3615 mensuram
2692 3559 3034 3630 conspicatus
3062 3557 3321 3627 propheta
3354 3555 3573 3608 Licha--

292 3643 396 3712 τῆς
447 3641 738 3713 ἁμαρτίας,
775 3641 1027 3712 ἐπιφέρει
1075 3641 1173 3706 τὰς
1225 3641 1401 3707 δίκας,
1457 3643 1550 3696 καὶ
1599 3643 1873 3712 ἀναλόγως

1983 3655 2112 3718 rias,
2144 3650 2492 3718 interrogavit
2545 3650 2758 3704 beatum
2815 3648 3080 3718 angelum,
3125 3660 3373 3716 quaenam
3424 3655 3568 3698 esset

292 3737 409 3797 τοῖς
461 3732 895 3804 πλημμελήμασι
941 3732 1159 3796 κολάζει
1197 3733 1288 3786 τὸν
1328 3735 1548 3805 ἀπειθῆ.
1591 3735 1702 3788 Καὶ
1745 3735 1885 3804 γοῦν-

1983 3741 2097 3796 Ιιαιο
2116 3753 2364 3794 mensura
2387 3754 2505 3808 quae
2538 3740 2848 3807 egreditur:
2871 3737 2959 3790 hic
2981 3749 3109 3790 vero
3132 3734 3195 3788 ad
3231 3732 3404 3798 illum,
3444 3730 3569 3785 llzne

293 3826 326 3882 ὁ
358 3824 640 3895 προφήτης
671 3823 947 3894 Ζαχαρίας
971 3823 1168 3894 μέτρον
1199 3823 1546 3893 τεθεαμένος,
1579 3825 1740 3897 ἤρετο
1777 3825 1878 3896 μὲν

1983 3839 2068 3886 est
2096 3831 2352 3900 iniquitas
2383 3844 2570 3884 eorum
2604 3828 2692 3898 qui
2727 3837 2851 3884 sunt
2881 3827 2932 3881 in
2979 3827 3231 3879 universa
3259 3833 3417 3878 terra.
3450 3821 3569 3876 llae-

293 3914 394 3968 τδν
421 3914 687 3998 μακάριον
719 3914 968 3984 ἄγγελον,
991 3915 1020 3968 ὅ
1048 3933 1101 3968 τι
1133 3914 1198 3987 δὴ
1222 3914 1378 3968 τοῦτό
1407 3917 1525 3969 ἐστι
1565 3916 1625 3969 τὸ
1676 3917 1879 3988 μέτρον

1986 3923 2294 3994 sitproinde
2324 3922 2484 3978 Israel
2517 3922 2568 3974 in
2601 3929 2822 3991 peccato
2847 3917 3140 3980 indelebili,
3167 3930 3266 3971 nec
3285 3913 3571 3972 emundari

292 4009 364 4061 τὸ
396 4007 847 4077 ἐκπορευόμενον.
879 4007 936 4061 Ὀ
957 4007 1015 4062 δὲ
1057 4007 1192 4078 πρὸς
1221 4008 1406 4075 αὐτὸν,
1438 4009 1588 4081 Αὕτη
1626 4013 1660 4083 ὴ
1697 4011 1881 4065 ἀδικία

1989 4016 2160 4069 voluit
2229 4030 2324 4084 per
2367 4014 2682 4069 Christum:
2725 4013 2835 4088 imo
2884 4026 3012 4065 vero
3063 4012 3225 4065 etiam
3283 4007 3573 4078 dereliquit

292 4097 487 4157 αὐτῶν
517 4099 575 4151 ὲν
626 4099 776 4171 πάσῃ
804 4101 870 4170 τῇ
904 4101 996 4172 γῇ.
1031 4100 1324 4173 Μεμένηκε
1368 4103 1544 4156 τοίνυν
1594 4103 1887 4175 ἀναπότρι-

1987 4121 2135 4172 eum,
2170 4122 2291 4160 cum
2351 4104 2509 4161 ﬁdem
2557 4119 2679 4174 qua:
2706 4103 2760 4157 in
2795 4101 2945 4156 illum
2975 4110 3057 4156 est
3086 4114 3190 4154 non
3238 4100 3570 4169 recipiendo,

294 4207 443 4243 πτον
492 4189 630 4260 ἔχων
686 4190 784 4262 τὴν
849 4191 1122 4262 ἁμαρτίαν
1150 4194 1178 4245 ό
1227 4193 1462 4266 Ἰσραὴλ,
1517 4195 1611 4248 καὶ
1666 4195 1766 4266 τὴν
1797 4195 1888 4250 διὰ

1992 4207 2106 4253 tum
2147 4199 2211 4254 ad
2253 4197 2367 4254 haec
2403 4196 2669 4251 dicendo:
2730 4193 2902 4258 Tolle,
2941 4193 3086 4259 tolle,
3138 4192 3394 4262 cruciﬁge
3427 4205 3571 4255 eum,

292 4283 547 4355 Χριστοῦ
604 4283 868 4358 κάθαρσιν
918 4285 1019 4338 οὐκ
1069 4285 1302 4356 ἠθέλησε
1349 4285 1552 4351 λαϐεῖν,
1599 4287 1736 4343 ἀλλὰ
1777 4288 1888 4360 γὰρ

1623 4287 1736 4342 ιλλὰ
1777 4288 1888 4360 γὰρ
1993 4299 2081 4345 et:
2115 4288 2232 4344 Non
2276 4290 2538 4345 habemus
2564 4302 2745 4357 regem
2773 4286 2875 4341 nisi
2915 4286 3183 4342 Catsarem
3208 4286 3273 4339 ".

295 4379 448 4450 πρὸς
470 4377 642 4447 τούτῳ
682 4377 1082 4442 καταλελοιπὼς
1145 4378 1328 4442 αὐτὸν,
1361 4378 1449 4434 διὰ
1493 4377 1586 4432 τοῦ
1626 4380 1766 4449 μήτε
1822 4379 1924 4450 τὴν
1959 4383 2039 4447 είς
2066 4382 2229 4437 αὐτὸν
2296 4381 2674 4454 προσήκασθαι
2707 4380 2907 4445 πίστιν,
2937 4380 3108 4432 εἰπεῖν
3133 4395 3191 4431 τε
3218 4377 3352 4450 πρὸς
3383 4375 3576 4446 τούτῳ,

294 4475 376 4531 τὸ.
397 4469 552 4544 Αἶρε,
585 4467 730 4540 αἶρε,
762 4470 995 4542 σταύρου
1031 4471 1214 4537 αὐτὸν,
1261 4472 1376 4536 καὶ,
1418 4473 1532 4527 Ούκ
1564 4471 1759 4544 ἔχομεν
1787 4473 2010 4544 βασιλέα
2038 4478 2087 4528 εί
2121 4476 2196 4548 μὴ
2227 4477 2504 4546 Καίσαρα.
2725 4541 2727 4544 ,

386 4563 452 4617 Τί
490 4562 578 4614 ἔτι
632 4560 903 4629 πληγνῆτε
951 4560 1372 4635 προστιθέντες
1395 4561 1688 4632 ἀνομίαν;
1730 4561 1901 4619 πᾶσα
1931 4572 1974 4626 ι)

1931 4572 1974 4626 ι)
2073 4565 2242 4619 Vens.
2284 4565 2336 4619 5.
2367 4565 2510 4632 Quid
2540 4563 2906 4632 percutiamini
2949 4563 3112 4627 ultra,
3174 4561 3423 4614 addentes
3473 4562 3548 4614 ini
3563 4590 3580 4605 -

294 4651 552 4722 κεφαλὴ
575 4653 663 4718 εις
699 4652 912 4716 πόνον,
956 4652 1051 4706 καὶ
1093 4651 1261 4707 πᾶσα
1284 4653 1495 4720 καρδία
1523 4656 1611 4720 εἰς
1650 4655 1856 4723 λύπην
1885 4672 1898 4688 ο

2003 4660 2298 4730 quitatem?
2330 4655 2496 4710 Omne
2537 4666 2692 4722 caput
2718 4655 2968 4708 inlabere
2994 4663 3040 4706 et
3073 4668 3222 4706 omne
3250 4667 3340 4704 cor
3373 4652 3426 4704 in
3452 4665 3576 4703 mo:—

307 4744 477 4802 Ἀπὸ
510 4743 711 4797 ποδῶν
742 4743 853 4809 ἓως
883 4743 1174 4812 κεφαλῆς,
1206 4747 1317 4799 οὐκ
1358 4745 1532 4799 ἔστιν
1563 4745 1656 4798 ἐπ’
1698 4747 1903 4813 αὐτοῖς

2004 4765 2121 4803 rore
2137 4764 2156 4802 :
2172 4765 2203 4801 a
2219 4746 2433 4817 pedibus
2459 4746 2528 4799 ad
2557 4753 2713 4814 caput
2736 4761 2895 4814 usque
2910 4760 3014 4798 non
3035 4745 3177 4796 estin
3193 4757 3252 4796 eo
3279 4741 3576 4810 integritas,

296 4838 671 4906 ὁλοκληρία,
726 4836 862 4890 οὔτε
913 4836 1162 4906 τραῦμα,
1241 4838 1378 4892 οὔτε
1443 4838 1695 4909 gmw,
1766 4841 1904 4895 οὔτε

2005 4857 2167 4912 neque
2186 4840 2395 4903 vulnus,
2423 4854 2586 4910 neque
2608 4838 2762 4904 livor,
2783 4853 2942 4907 neque
2962 4837 3114 4907 plaga
3137 4846 3360 4899 tumens,
3378 4851 3479 4887 non
3508 4843 3580 4886 est

295 4929 527 5000 πληγὴ
558 4929 1014 4998 φλεγμαίνουσα
1027 4945 1046 4992 ;
1079 4931 1189 4984 οὐκ
1225 4929 1399 4984 ἐστιν
1436 4929 1724 5000 μάλαγμα
1773 4932 1906 4985 ἐπι-

2007 4932 2267 5002 malagma
2298 4932 2580 5002 imponere,
2611 4945 2774 4999 neque
2831 4930 3022 4992 oleum,
3057 4941 3220 4996 neque
3243 4925 3579 4994 alligaturus.

295 5023 530 5083 θεῖναι,
562 5020 700 5074 οὔτε
735 5020 962 5083 ἔλαιον.
990 5021 1124 5075 οὔτε
1158 5019 1592 5088 καταδέσμους.

394 5115 494 5178 Ὠς
535 5113 621 5183 ἐφ’
665 5113 782 5176 ἐνὸς
828 5113 1080 5183 σώματος
1109 5111 1216 5166 τῶν
1283 5112 1585 5166 Ἰουδαϊκῶν
1632 5113 1910 5182 σύστημα·

2082 5108 2157 5163 De
2193 5123 2300 5161 uno
2325 5107 2470 5162 velut
2503 5120 2730 5174 corpore
2770 5103 3006 5158 Judaica:
3039 5099 3334 5164 societatis,
3369 5099 3434 5153 de
3465 5113 3586 5167 pra-

295 5225 445 5270 των,
511 5203 726 5276 μικρῶν
776 5205 835 5258 τέ
887 5221 1029 5275 φημι
1075 5204 1170 5257 καὶ
1224 5203 1494 5275 μεγάλων,
1550 5204 1642 5256 καὶ
1696 5203 1804 5256 τῶν
1853 5205 1910 5256 έν

2011 5200 2116 5267 vis,
2143 5201 2385 5268 inquam,
2434 5207 2489 5251 et
2529 5195 2745 5266 magnis
2784 5204 2839 5248 et
2875 5191 3129 5247 mediocri
3165 5199 3310 5244 sorte
3347 5188 3588 5260 prmdilis

300 5300 589 5371 μεσότητι
635 5296 938 5368 νοουμένων
970 5298 1204 5350 ποιεῖται
1237 5296 1363 5358 τοὺς
1390 5295 1598 5362 λόγους.
1632 5295 1814 5348 Ἔοικε
1854 5295 1911 5348 δὲ

2012 5291 2320 5347 hominibus
2349 5302 2653 5344 sermonem
2679 5285 2930 5340 instituit.
2963 5283 3137 5350 Caput
3168 5282 3380 5336 videtur
3409 5281 3590 5334 dicere

297 5386 571 5460 κεφαλὴν
605 5387 701 5456 μὲν
753 5387 1063 5459 ὀνομάζειν.
1122 5386 1214 5441 τὸν
1259 5388 1370 5450 τοῖς
1421 5384 1699 5456 βασιλείας
1745 5387 1914 5457 αὐχή-

2011 5397 2160 5449 eum,
2183 5383 2276 5450 qui
2305 5378 2453 5449 regni
2493 5377 2861 5446 praerogativis
2890 5385 3118 5430 ornatus
3148 5381 3230 5428 est
3255 5389 3269 5426 :
3300 5372 3408 5427 Cor
3435 5385 3584 5436 vero,

301 5458 496 5552 μασιν
550 5478 822 5549 εὐπρεπῆ.
851 5458 1101 5550 Καρδίαν
1145 5476 1224 5543 δὲ,
1274 5476 1378 5546 τὴν
1441 5476 1593 5547 ἱερὰν
1637 5477 1732 5531 καὶ
1775 5475 1914 5528 ἀπό-

2016 5478 2416 5527 sacrosanctam
2445 5475 2515 5521 et.
2556 5469 2810 5522 selectam
2873 5465 3091 5527 tribum,
3135 5463 3185 5517 id
3241 5471 3346 5526 est,
3388 5458 3589 5516 Leviti-

299 5547 525 5628 λεκτον
559 5547 754 5640 φυλὴν,
779 5547 1021 5624 τουτέστι
1069 5567 1165 5638 τὴν
1190 5565 1499 5637 Λευῖτικὴν,
1547 5566 1622 5628 ὡς
1660 5564 1735 5635 τῷ
1767 5564 1922 5635 νόμῳ

2017 5575 2164 5628 cam,
2194 5559 2355 5616 veluti
2380 5559 2496 5630 lege
2523 5558 2813 5624 eruditam,
2844 5569 2901 5611 et
2940 5571 3126 5611 curam
3167 5554 3327 5608 totius
3347 5547 3589 5620 corporis

306 5659 760 5731 αεσοερισμένην,
789 5661 882 5712 καὶ
924 5657 1018 5712 τοῦ
1049 5658 1247 5722 παντὸς
1279 5655 1529 5724 σώματος
1561 5654 1787 5726 ἔχουσαν
1819 5656 1916 5728 τὴν

2023 5663 2320 5722 gerentem.
2358 5649 2552 5705 «Labia
2589 5651 2729 5704 enim
2753 5649 3073 5713 sacerdotis,
3101 5666 3120 5699 ι
3146 5645 3339 5715 inquit,
3363 5661 3382 5694 ι
3407 5653 3591 5696 casto—

309 5729 624 5829 φροντίδα.
653 5771 673 5804 ι
694 5729 876 5822 ῨΧείλη
905 5750 1013 5822 γὰρ
1045 5750 1256 5823 ἱερέως,
1298 5769 1315 5800 ι
1351 5749 1538 5820 φησιν,
1573 5767 1590 5801 ι
1621 5745 1916 5817 φυλάξεται

2025 5745 2170 5800 dient
2205 5740 2489 5812 iudicium,
2519 5751 2574 5796 et
2607 5740 2776 5813 legem
2808 5741 3082 5812 requirent
3109 5752 3174 5794 ex
3203 5751 3300 5792 ore
3328 5729 3586 5805 ejus“'.x

391 5939 414 5970 '
452 5933 654 5990 Matth.
691 5947 774 5999 ιιι,
816 5931 866 5986 7.
946 5931 988 5962 ’θ
1021 5929 1178 5985 Jonn.
1218 5943 1332 5995 \‘Ill,
1366 5928 1454 5982 21.
1535 5927 1597 5958 '°'
1625 5925 1812 5981 Matth.
1843 5941 1995 5992 unt,
2030 5925 2041 5979 ξ

1635 5925 1812 5981 Matth.
1843 5941 1995 5992 unt,
2030 5923 2120 5979 52.
2198 5923 2237 5956 ¹¹
2263 5921 2418 5978 Joan.
2451 5937 2560 5985 xix,
2598 5921 2684 5975 15.
2763 5920 2827 5951 ¹¹⁸
2863 5918 3090 5975 Μειιιςιι..
3133 5931 3190 5979 ιι,
3231 5915 3285 5970 Ἰ..
