4178 6552
668 440 747 505 23
1666 446 1725 500 S.
1766 445 2036 502 CYRILLI
2078 444 2543 503 ALEXANDle
2585 445 2904 502 ARCIIIEP.
3848 445 3921 501 αι

672 560 842 616 Pedes
864 561 1077 617 demum
1120 577 1211 618 eos
1231 578 1349 621 esse
1377 563 1471 630 ait,
1503 564 1594 637 qui
1614 564 1665 620 in
1695 566 1981 634 postremis
2010 574 2161 629 sunt,
2188 575 2229 619 e1

2349 566 2548 635 κρίσιν,
2609 564 2700 619 καὶ
2762 565 2924 635 νόμον
2985 563 3378 634 ἐκζητήσωσιν
3434 566 3499 617 ἐκ
3542 562 3806 632 στόματος
3830 564 3923 616 αὖ·

672 653 761 720 qui
800 662 1049 723 tanquam
1072 654 1309 711 intimam
1337 654 1390 709 in
1424 655 1625 726 populo
1655 658 1940 717 stationem
1977 656 2240 713 obtinent.

671 741 899 799 Proinde
929 760 1050 798 cum
1080 754 1219 798 terra
1244 743 1465 799 Iudaica
1492 746 1826 807 calamitates
1864 763 1965 801 non
1998 747 2244 809 ferendas

672 834 1048 899 sustinuisset,
1087 835 1533 903 dep0pulantibus
1571 850 1688 890 eam
1728 854 1870 892 nunc
1905 837 2241 908 Babyloniis,

673 938 814 978 nunc
833 924 1072 980 finitimis
1086 926 1425 996 gentibus,et
1441 938 1657 997 propter
1674 929 1999 999 impietatem
2018 930 2070 983 in
2088 930 2245 985 Chri-

670 1025 836 1078 stum,
863 1016 1225 1073 Romanorum
1249 1018 1493 1075 manibus
1508 1028 1652 1076 esset
1683 1022 2096 1087 concremanda,
2120 1036 2239 1075 cum

669 1121 856 1161 eorum
885 1108 1046 1165 etiam
1098 1123 1316 1177 regnum
1335 1110 1684 1164 evertendum
1714 1120 1877 1178 esset,
1909 1111 2241 1181 (alienigena:

670 1200 813 1254 enim
836 1215 927 1255 eos
962 1201 1308 1271 subegerunt)
1335 1217 1563 1273 cumque
1589 1204 1875 1261 sacerdotii
1901 1205 2079 1261 tnunia
2100 1204 2238 1274 apud

668 1305 763 1345 eos
795 1299 1089 1357 cessarent,
1123 1290 1403 1345 sacrificiis
1449 1290 1745 1357 subversis,
1790 1292 1990 1360 templo
2028 1291 2240 1348 sublata

670 1397 773 1434 non
822 1381 930 1436 aris
964 1382 1325 1443 manentibus,
1354 1398 1457 1436 non
1494 1384 1814 1448 sacerdotio,
1842 1383 1971 1453 :non
1998 1384 2241 1443 tleclara-

670 1470 923 1536 tionibus,
964 1471 1115 1540 juxta
1146 1472 1421 1543 prophetae
1470 1488 1679 1539 vocem,
1722 1473 1847 1526 hinc
1892 1474 2023 1525 dicit
2053 1488 2069 1526 :
2102 1474 2238 1539 Quid

666 1562 1036 1629 percutiamini
1063 1562 1224 1626 ultra,
1259 1564 1521 1621 addentes
1555 1564 1933 1633 iniquitatem?
1974 1563 2236 1621 lnﬂictum

663 1662 766 1717 est,
798 1653 995 1722 inquit,
1021 1654 1170 1707 vobis
1202 1669 1543 1721 omnegenus
1568 1654 1659 1708 ira:
1686 1664 1739 1707 et
1774 1654 2017 1725 supplicii
2051 1672 2078 1708 a
2107 1656 2235 1722 Deo,

663 1745 807 1799 diras
851 1746 1238 1813 continuusque
1276 1745 1407 1800 alias
1458 1760 1620 1814 super
1664 1747 1799 1801 alias
1848 1762 2036 1814 prunas
2072 1749 2237 1817 depo-

660 1844 845 1890 scente
880 1854 894 1889 :
930 1835 985 1904 ’7
1035 1835 1197 1889 nihilo
1232 1847 1408 1889 tamen
1453 1840 1628 1893 minus
1656 1846 2051 1907 contemptores
2079 1841 2233 1902 estis,

2345 657 2460 710 τοῦ.
2496 677 2515 710 ι
2544 657 2713 720 Πόδας
2738 655 2792 708 δὲ
2824 652 2961 708 εἷναί
2991 673 3121 726 φησι
3146 655 3269 718 τοὺς
3300 656 3358 707 ὲν
3388 654 3655 723 ἐσχάτοις,
3687 653 3781 705 καὶ
3817 649 3925 706 οἷον

2346 748 2643 802 κατωτάτω
2689 747 2951 816 λαχόντας
2999 745 3153 811 τάξιν
3208 748 3265 801 ὲν
3314 746 3426 809 τοῖς
3482 744 3656 807 λαοῖς.
3716 743 3929 797 Οὐκοῦν

2344 838 2637 911 ἐπειδήπερ
2683 838 2960 892 δύσοιστον
3006 836 3107 907 μὲν
3176 837 3277 907 ἤδη
3333 834 3706 905 ταλαιπωρίαν
3750 834 3924 905 ἡτῶν

2356 929 2625 984 Ἰουδαίων
2655 928 3039 999 ὑπομεμένηκε
3063 928 3158 997 γῆ,
3188 925 3604 999 καταδῃοῦντων
3622 924 3808 997 αὐτὴν,
3837 925 3927 978 ὅτε

2347 1021 2446 1092 μὲν
2504 1019 2879 1087 Βαϐυλωνίων,
2937 1020 3025 1073 ὅτε
3085 1019 3143 1073 δὲ
3199 1018 3307 1071 τῶν
3357 1017 3665 1089 προσοίκων
3732 1017 3921 1079 ἐθνῶν,

2342 1113 2533 1184 ἔμελλε
2583 1113 3077 1184 καταπίμπρασθαι
3110 1114 3231 1176 mi;
3267 1110 3550 1181 Ῥωμαίων
3607 1109 3795 1180 χερσὶν
3838 1108 3925 1162 διὰ

2340 1205 2439 1276 τὴν
2472 1206 2551 1269 είς
2580 1206 2812 1275 Χριστὸν
2841 1205 3115 1268 ἀσέϐειαν,
3152 1202 3246 1257 καὶ
3296 1198 3777 1271 ἀνατραπήσεσοαι
3827 1198 3927 1269 μὲν

2339 1297 2532 1369 ἧπαρ*
2589 1298 2771 1359 αὐτοῖς
2829 1294 3098 1367 βασιλεία,
3154 1292 3533 1363 κεκρατήκασι
3581 1289 3690 1359 γὰρ
3744 1290 3927 1345 αὐτῶν

2341 1386 2682 1456 ἀλλομενεῖς,
2744 1386 3127 1457 ἁπρακτήσειν
3173 1384 3231 1437 δὲ
3278 1383 3411 1454 παρ’
3462 1382 3667 1448 αὐτοῖς,
3712 1382 3806 1439 καὶ
3853 1380 3922 1435 τὰ

2339 1476 2439 1547 τῆς
2468 1475 2765 1547 ἱερωσύνης
2804 1476 2961 1547 ἔργα,
2991 1474 3190 1529 θυσιῶν
3232 1472 3749 1543 ἀνατετραμμένων,
3790 1470 3922 1525 καθ⁶

2340 1568 2620 1639 ῃρημὲνου
2657 1567 2751 1620 τοῦ
2803 1566 2952 1631 ναοῦ,
2990 1564 3391 1635 θυσιαστηρίων
3424 1564 3527 1616 οὐκ
3568 1562 3760 1625 ὄντων,
3800 1558 3923 1613 οὔτε

2342 1659 2633 1729 ίερατείας,
2657 1658 2780 1711 οὔτε
2807 1658 3000 1725 δήλων,
3045 1656 3186 1710 κατά
3219 1655 3319 1726 τὴν
3363 1654 3456 1707 τοῦ
3498 1654 3778 1723 προφήτου
3808 1669 3919 1721 φω-

2338 1750 2456 1820 νὴν,
2505 1748 2674 1819 ταύτῃ
2711 1749 2794 1801 τοί
2846 1765 3000 1819 φησι,
3030 1748 3082 1800 τί
3130 1747 3210 1800 ἔτι
3251 1747 3495 1817 πληγῆτε
3540 1742 3921 1813 προστιθέντες

2339 1842 2571 1911 ἀνομίαν
2597 1858 2610 1905 ;
2640 1842 3018 1912 ὲπενήνεκται,
3042 1838 3227 1909 φησὶν,
3259 1838 3387 1906 ὑμῖν
3419 1838 3527 1889 πᾶν
3557 1832 3695 1897 εἶδος
3728 1834 3920 1904 ὀργῆς.

663 1937 720 1982 et
749 1926 947 1981 alumni
980 1926 1298 1995 iniquitatis.
1324 1927 1464 1997 Ergo
1489 1928 1615 1996 quid
1644 1904 2013 1996 percutie‘mini
2055 1930 2229 1982 ultra?

2340 1904 2454 1987 καὶ.
2486 1904 2639 1988 αἰκία
2691 1904 2841 2005 πα.ρά
2881 1932 3017 1986 Θεοῦ
3055 1904 3312 2003 λάληρῇ
3353 1930 3450 1983 καὶ
3490 1928 3923 1998 ἀλλεπαλλήλους

659 2032 905 2089 quietiam
930 2018 1149 2072 ultionis
1180 2034 1431 2083 mensura
1460 2019 1613 2073 vobis
1650 2021 1754 2072 erit
1784 2021 1914 2073 satis
1946 2021 2011 2073 ad
2043 2036 2230 2073 enien-

659 2112 932 2166 elationem
953 2111 985 2165 ?‘
1016 2110 1073 2164 ln
1095 2126 1303 2165 summa
1336 2126 1457 2179 qua:
1486 2110 1778 2172 acerbitas,
1805 2126 1922 2179 quae
1955 2110 2231 2165 calamitas

661 2203 844 2257 inferri
875 2202 1065 2269 possit,
1104 2216 1223 2272 quas
1251 2200 1361 2269 jam
1404 2216 1509 2255 non
1551 2201 1785 2255 accidit?
1835 2201 2006 2256 Omne
2071 2214 2233 2270 caput

660 2294 824 2361 dolet,
854 2308 1015 2349 omne
1049 2308 1142 2346 cor
1180 2301 1394 2359 innaret,
1440 2307 1468 2344 a
1513 2293 1739 2361 pedibus
1766 2294 1831 2347 ad
1858 2304 2227 2364 capulosque.

658 2385 867 2439 Etenim
885 2385 973 2454 qui
998 2385 1143 2455 regia
1173 2385 1433 2455 dignitate
1460 2385 1751 2454 pollebant,
1778 2386 2053 2441 laboribus
2083 2386 2221 2439 haud

658 2494 847 2547 parum
880 2477 1300 2542 afﬂictabantur,
1333 2492 1456 2533 cum
1497 2479 1562 2532 ad
1595 2480 1951 2536 resistendum
1994 2480 2226 2549 impres-

656 2571 899 2625 sionibus
944 2569 1177 2625 hostium
1239 2586 1395 2641 pares
1461 2587 1568 2625 non
1639 2582 1839 2627 essent.
1912 2573 2229 2627 Sacerdotes

655 2662 783 2721 item
839 2662 1024 2717 dolore
1074 2662 1251 2717 allecti
1320 2661 1607 2731 aﬂlictique
1666 2675 1791 2716 sunt
1848 2665 2090 2728 abolito,
2170 2674 2228 2718 ut

654 2753 923 2820 dixeram,
971 2754 1265 2809 sacriﬁcio.
1327 2754 1495 2809 Pedes
1556 2770 1791 2823 quoque,
1840 2757 1940 2810 hoc
1985 2768 2087 2817 est,
2133 2772 2227 2810 ex-

659 2844 813 2898 t-remi
839 2853 893 2898 et
927 2844 1172 2900 homines
1228 2844 1394 2897 iulimi
1427 2846 1889 2911 percutiebantur,
1944 2857 2048 2898 tam
2097 2848 2221 2900 hos-

656 2933 730 2993 t-ili
757 2934 932 3003 gladio
974 2934 1379 3003 concisi,quam
1415 2933 1565 2988 fame
1602 2944 1658 2989 et
1709 2938 1991 2989 sterilitate
2015 2937 2221 2999 domiti,

652 3034 710 3079 et
744 3026 796 3078 in
816 3040 1039 3079 summa:
1088 3024 1319 3079 miseriae
1373 3024 1658 3079 discrimen
1692 3026 1927 3080 adducti.
1958 3026 2095 3080 Dicit
2124 3026 2224 3079 itas

654 3131 767 3186 que
811 3116 1027 3179 vulnus,
1059 3116 1217 3180 livor,
1254 3117 1407 3187 plaga
1447 3126 1679 3179 tumens,
1725 3131 1823 3172 nec
1848 3128 1929 3172 est
1962 3120 2221 3190 malagma

2338 2025 2601 2097 ὲξῄτησθε
2669 2026 2844 2089 δίκας,
2875 2024 2988 2077 ἀλλ’
3021 2022 3172 2075 οὐδὲν
3217 2017 3379 2092 ἦττον
3418 2021 3540 2075 ἐστὲ
3581 2035 3922 2089 καταφρονη-

2337 2117 2428 2170 ταὶ
2502 2116 2595 2169 καὶ
2651 2115 2881 2185 ἀνομίας
2931 2113 3239 2185 σύντροφοι.
3283 2112 3349 2164 Τί
3399 2106 3493 2164 οὖν
3523 2110 3601 2162 ἔτι
3638 2108 3920 2178 πληγῆτες

2339 2210 2489 2260 ποῖον
2514 2208 2639 2276 ὑμῖν
2677 2206 2859 2268 αἰκίας
2892 2204 3114 2275 ἀρκέσει
3150 2204 3352 2275 μέτρον
3392 2203 3471 2264 είς
3510 2198 3918 2270 ὲπανόρθωσιν;

2335 2300 2389 2351 τί
2440 2298 2495 2350 δὲ
2531 2298 2668 2362 ὅλως
2726 2295 3146 2366 ὲπενεχθήσεται
3186 2295 3294 2348 τῶν
3348 2292 3554 2355 δεινῶν,
3592 2292 3620 2343 ὅ
3675 2292 3748 2361 μή
3804 2305 3921 2351 πως

2338 2388 2719 2459 συμϐέϐηκενς
2782 2389 2931 2440 πᾶσα
2986 2387 3197 2457 κεφαλὴ
3250 2386 3332 2448 είς
3384 2385 3563 2445 πόνον,
3622 2382 3719 2434 καὶ
3768 2381 3923 2433 πᾶσα

2334 2479 2636 2550 καρδίαείς
2666 2478 2841 2547 λύπην
2888 2476 2996 2530 ἀπὸ
3049 2476 3223 2529 ποδῶν
3256 2475 3363 2538 ἓως
3402 2472 3665 2542 κεφαλῆς.
3717 2472 3780 2522 Οί
3823 2467 3924 2539 μὲν

2334 2570 2444 2641 γὰρ
2488 2571 2588 2643 τὴν
2640 2570 2887 2640 βασιλίδα
2925 2569 3089 2639 τιμὴν
3143 2567 3397 2635 λαχόντες
3436 2564 3808 2630 πεπονηκασιν
3856 2560 3921 2613 οῦ

2336 2660 2594 2729 μετρίως,
2638 2659 2914 2727 ἀντισχεῖν
2952 2657 3053 2709 οὐκ
3098 2654 3311 2724 ἔχοντες
3355 2654 3471 2715 ταῖς
3500 2651 3608 2709 τῶν
3643 2649 3919 2721 πολεμίων

2333 2750 2612 2820 ἐμϐολαῖς.
2665 2748 3006 2817 Λελύπηνται
3058 2747 3153 2799 καὶ
3206 2746 3255 2798 οἱ
3314 2746 3478 2813 ἱερεῖς
3525 2741 3803 2817 ἀργοὺσης
3843 2740 3918 2802 ὡς

2331 2836 2468 2908 ἔφην
2504 2836 2714 2903 Θυσίας.
2757 2837 3117 2907 Ἐπλήττοντο
3135 2835 3191 2888 δὲ
3215 2834 3309 2888 καὶ
3339 2835 3387 2886 οἱ
3414 2833 3593 2897 πόδες,
3636 2832 3918 2885 τουτέστιν

2330 2928 2380 2979 οί
2420 2926 2719 2980 τελευταῖοι
2758 2925 2851 2977 καὶ
2899 2923 3222 2976 κατώτατα.
3283 2922 3454 2975 Τοῦτο
3519 2922 3617 2991 μὲν
3661 2923 3772 2984 τοῖς
3808 2919 3919 2971 τῶν

2331 3015 2606 3088 πολεμίων
2642 3017 2819 3085 ξίφεσι
2857 3014 3258 3084 δαπανώμενοι,
3299 3012 3462 3065 τοῦτο
3507 3011 3565 3065 δὲ
3615 3010 3711 3064 καὶ
3736 3010 3915 3079 λιμοϊς

2328 3127 2389 3163 τε
2422 3110 2514 3165 καὶ
2551 3107 2854 3182 ἀκαρπίαις
2884 3104 3376 3177 κατατρυχόμενοι,
3404 3102 3496 3155 καὶ
3538 3102 3635 3172 τῆς
3675 3101 3917 3173 ἀκράτου

652 3208 796 3275 quod
828 3222 1088 3279 apponas,
1138 3224 1243 3262 non
1268 3207 1467 3270 oleum,
1501 3221 1607 3261 non
1643 3206 1965 3277 alligaturae.
1997 3209 2222 3275 Quando

2331 3200 2699 3271 ταλαιπωρίας
2736 3199 2813 3262 είς
2856 3200 3052 3268 πεῖραν
3088 3194 3459 3266 ἐνηνεγμένοι.
3492 3191 3784 3262 Τοιγάρτοι
3813 3206 3914 3259 φη-

655 3301 865 3356 scilicet
890 3300 1114 3354 modica:
1174 3299 1343 3368 plagze
1373 3299 1669 3351 humanum
1701 3314 1900 3370 corpus
1950 3302 2222 3363 infestant,

652 3401 710 3447 et
747 3407 909 3447 unum
961 3392 1331 3447 tantummodo
1392 3394 1690 3449 membrum
1764 3393 1998 3461 pervasit
2042 3393 2222 3457 Ιιυεί(›;

655 3494 785 3537 tunc
835 3482 1128 3539 moderatae
1182 3485 1492 3539 curationes
1539 3501 1722 3539 eorum
1760 3487 1847 3553 qui
1900 3485 1973 3538 rei
2008 3484 2226 3537 luetlij

652 3576 805 3645 gnari
841 3584 987 3639 sunt,
1014 3584 1139 3644 puta
1172 3574 1468 3646 malagma',
1503 3575 1815 3645 ligamenta,
1851 3588 1906 3630 et
1941 3575 2043 3629 olei
2079 3575 2225 3630 inun-

652 3663 762 3716 ctio
798 3674 1081 3720 contentas
1107 3676 1286 3735 partes
1317 3683 1381 3721 ac
1407 3668 1605 3736 rigidas
1639 3667 1932 3732 resolvens,
1972 3684 2093 3723 esse
2131 3684 2224 3738 po-

654 3745 834 3808 terunt
858 3753 994 3807 usui.
1034 3753 1167 3808 Cum
1208 3765 1386 3810 autem
1427 3773 1624 3826 corpus
1665 3766 1835 3810 totum
1909 3768 2220 3824 corruptum

650 3854 761 3911 est,
790 3846 1085 3913 {quodnam
1136 3849 1438 3903 curationis
1474 3864 1642 3917 genus
1684 3849 1963 3918 proderit?
1995 3851 2224 3918 Superat

652 3936 796 3991 enim
838 3953 1053 3993 omnem
1111 3940 1474 3994 remediorum
1525 3940 1630 3993 vim
1673 3956 1735 3993 ac
1792 3939 2043 3993 virtutem
2089 3941 2222 3992 artis

651 4028 969 4098 magnitudo
1009 4030 1203 4085 morbi.
1257 4030 1442 4101 Itaque
1504 4032 1726 4101 populus
1791 4028 2046 4085 Judaicus
2108 4031 2216 4098 jam

651 4123 1029 4179 consauciatus
1078 4124 1262 4179 sanari
1331 4138 1441 4177 non
1500 4130 1674 4192 potest
1724 4138 1739 4175 :
1810 4132 1863 4175 et
1909 4122 2222 4175 inveteratis

654 4214 859 4268 morbis
896 4229 1015 4271 cum
1046 4216 1254 4270 laboret
1304 4213 1738 4279 intolerabiliter,
1783 4228 1880 4267 nec
1910 4211 2018 4267 ullo
2063 4213 2222 4267 modo

651 4304 700 4359 ei
731 4307 970 4360 succurri
1001 4307 1188 4376 possit.
1216 4307 1436 4361 omnino
1454 4306 1633 4376 periit.
1667 4304 1814 4358 Unde
1837 4304 2069 4361 etdivioi
2095 4319 2211 4373 pro-

651 4396 823 4461 pheta:
846 4396 1099 4450 dixerunt
1133 4416 1148 4451 :
1200 4415 1222 4449 ι
1253 4398 1573 4452 Curavimus
1610 4394 1961 4466 Babylonem,
1994 4410 2100 4451 non
2133 4405 2222 4451 est

649 4498 861 4556 sanata,
910 4489 1243 4545 deseruimus
1304 4504 1424 4545 eam
1478 4490 1542 4544 η.
1578 4507 1598 4542 ι
1633 4487 1895 4557 Babyloni
1953 4487 2218 4558 siquidem

2331 3293 2434 3353 σὶν,
2470 3293 2570 3344 οὐκ
2601 3290 2715 3343 ἔστι
2759 3289 3022 3359 μάλαγμα
3061 3286 3348 3351 ἐπιθεῖναι,
3401 3284 3510 3337 οὔτ’
3555 3283 3753 3348 ἔλαιον,
3792 3281 3914 3335 οὔτε

2328 3381 2725 3452 καταδέσμους.
2774 3381 2891 3432 Ὂτ⁹
2920 3379 2985 3432 ἂν
3039 3378 3137 3449 μὲν
3171 3376 3281 3448 γὰρ
3327 3372 3629 3446 σύμμετροί
3665 3390 3810 3436 τινες
3836 3370 3917 3441 τῷ

2328 3472 2653 3542 ἀνθρωπίνῳ
2702 3470 2912 3542 σώματι
2968 3469 3307 3539 συμϐαίνωσι
3360 3466 3586 3535 πληγαὶ,
3631 3464 3725 3519 καὶ
3792 3461 3915 3517 καθ’

2327 3562 2443 3626 ἐνὸς
2479 3564 2547 3616 ίοι
2593 3562 2785 3634 μέλους
2844 3563 2879 3631 ἡ
2926 3560 3119 3630 βλάϐη.
3165 3557 3494 3629 Τοτηνικάδε
3536 3556 3783 3627 χρήσιμα
3815 3555 3914 3624 τῆς

2324 3655 2433 3707 τῶν
2460 3654 2818 3724 θεραπεύσειν
2866 3654 3081 3705 εἰδότων
3134 3648 3436 3711 ἐπιεικείας
3484 3647 3552 3700 τὰ
3598 3647 3908 3718 εὑρήματα,

2324 3742 2436 3801 οἷον
2484 3746 2767 3817 μάλαγμα,
2806 3745 2899 3798 καὶ
2944 3743 3295 3813 κατάδεσμοι,
3355 3742 3449 3794 καὶ
3506 3740 3684 3793 ἐλαίου
3732 3738 3915 3809 χρίσις

2324 3838 2537 3907 χολῶσα
2588 3838 2655 3890 τὰ
2680 3835 3080 3904 συντεινόμενα.
3108 3836 3275 3889 Ὂταν
3318 3832 3375 3887 δὲ
3410 3832 3477 3884 δι’
3504 3832 3623 3883 ὅλον
3658 3831 3717 3882 τὸ
3751 3829 3913 3898 σῶμα

2323 3928 2474 3997 νοσῇ,
2506 3927 2598 3979 καὶ
2626 3926 2708 3993 ἐφ’
2739 3922 2915 3994 ἑαυτῷ
2966 3922 3417 3993 καταῳθείρηται,
3460 3922 3609 3982 ποῖος
3643 3918 3794 3988 αὐτῷ
3824 3918 3912 3970 θε-

2329 4018 2557 4088 ραπείας
2592 4016 2800 4087 ὀνίνησι
2848 4014 3086 4085 τρόπος;
3121 4014 3247 4084 νικᾷ
3301 4013 3411 4083 γάρ
3459 4013 3674 4072 πάντως
3710 4010 3827 4064 τῶν
3848 4012 3912 4063 ἐκ

2322 4109 2518 4179 τέχνης
2575 4108 3032 4179 έπικουρημάτων
3087 4107 3185 4176 τὴν
3219 4105 3467 4173 δύναμιν,
3509 4102 3607 4172 τῆς
3647 4100 3804 4153 νόσου
3843 4100 3904 4152 τὸ

2329 4199 2578 4270 μέγεθος.
2626 4198 2869 4261 ’Λνίατος
2901 4195 3188 4267 τοιγαροῦν
3230 4197 3264 4263 ἡ
3302 4193 3414 4245 τῶν
3459 4191 3727 4243 Ἰουδαίων
3770 4192 3909 4258 πλη-

2326 4292 2421 4355 θὺς
2455 4290 2823 4361 περιπεσοῦσα
2851 4288 3181 4359 τραύμασιν,
3229 4284 3322 4334 καὶ⁸
3358 4282 3648 4351 ἀφορήτους
3676 4281 3911 4334 νοσοῦσα

2323 4383 2393 4435 τὰ
2433 4382 2490 4448 ἐξ
2535 4382 2725 4453 ὀργῆς,
2761 4378 3038 4433 ἀπόλωλεν
3072 4373 3400 4444 όλοτρόπως,
3450 4371 3678 4441 μηδενὸς
3720 4373 3907 4434 αὐτοῖς

2326 4474 2688 4545 βοηθήσαντος
2713 4472 2935 4541 τρόπου.
2977 4465 3265 4533 Τοιγάρτοι
3303 4463 3540 4533 ἔφασκον
3587 4465 3681 4516 καὶ
3729 4465 3778 4516 οί
3826 4465 3909 4517 θε-

650 4582 890 4652 gentium
926 4581 1065 4645 urbi,
1108 4591 1163 4635 et
1214 4581 1328 4636 hrec
1374 4583 1503 4637 urbs
1543 4582 1669 4636 licet
1713 4593 1898 4637 sancta
1934 4582 2074 4635 dicta
2123 4581 2214 4642 sit,

2331 4564 2534 4617 σπέσιοι
2589 4563 2901 4631 προφῆται;
2964 4577 2982 4608 ι
3030 4555 3421 4625 ’ἰατρεύσαμεν
3454 4555 3553 4627 τὴν
3583 4554 3903 4616 Βαϐυλῶνα,

652 4682 873 4742 propter
917 4671 1248 4740 impietatem
1282 4672 1334 4726 in
1362 4671 1637 4728 Christum
1689 4673 1943 4737 maxime,
1985 4680 2040 4726 et
2092 4671 2216 4739 quia

653 4778 775 4817 eam
839 4762 1160 4818 manufactis
1219 4763 1588 4832 oppleverunt,
1632 4773 1935 4833 comparata
1967 4770 2050 4815 est
2086 4778 2100 4814 :
2134 4771 2219 4813 ut-

647 4865 771 4925 pote
804 4869 922 4908 cum
949 4872 978 4909 a
1008 4857 1394 4911 consuetudine
1418 4856 1771 4925 institutoque
1803 4854 2217 4926 Babyloniorum

651 4946 961 5013 neutiquam
992 4947 1308 5001 recederet:
1343 4961 1467 5016 qua:
1508 4947 1650 5002 dicta
1700 4959 1785 5002 est
1832 4949 1993 5003 etiam
2024 4947 2220 5003 civitas

647 5037 998 5108 sculptiliutn.

716 5197 880 5255 Vsus.
916 5198 965 5254 7.
1010 5196 1170 5253 Terra
1222 5211 1390 5254 vestra
1448 5199 1675 5259 deserta.
1731 5201 1969 5254 civitates
2031 5210 2215 5254 vestra:

646 5289 755 5359 igni
788 5302 1030 5344 cremata
1074 5300 1216 5353 sunt,
1271 5292 1524 5360 regionem
1577 5300 1810 5343 nostram
1850 5293 1904 5345 in
1934 5303 2214 5361 conspectu

646 5393 813 5436 rastro
836 5383 991 5435 alieni
1021 5383 1294 5439 devorant.
1340 5384 1405 5435 Et
1434 5390 1635 5435 vastata
1671 5392 1767 5446 est,
1796 5398 1974 5437 eversa
1995 5401 2026 5436 a
2055 5399 2215 5452 popu-

644 5472 708 5527 li:
738 5474 943 5527 alienis.

713 5563 865 5631 Quod
919 5564 1121 5619 dictum
1159 5564 1440 5620 videbatur
1473 5565 1867 5636 quodammodo
1907 5568 2210 5634 obscurius,

642 5670 804 5725 quam
854 5654 959 5709 dici
1013 5659 1270 5723 oportuit,
1306 5657 1358 5712 id
1410 5658 1626 5730 planum
1676 5670 1731 5713 et
1771 5670 2013 5729 apertmn
2050 5659 2195 5714 facit.

643 5745 782 5813 Quid
839 5746 981 5801 enim
1033 5751 1139 5804 hoc
1162 5748 1447 5818 signiﬁcat,
1484 5765 1589 5807 non
1632 5762 1714 5808 cst
1753 5752 2016 5822 malagma
2057 5753 2196 5821 quod

721 5900 765 5933 "
804 5899 1000 5958 Jerem.
1037 5916 1105 5961 ιι.
1136 5901 1188 5957 9.

2317 4657 2411 4711 καὶ
2470 4655 2571 4707 οὐκ
2615 4652 2763 4722 ίάθη,
2820 4650 3283 4720 ἐγκατελείπομεν
3333 4649 3522 4717 αὑτήν.
3556 4666 3577 4699 ι
3617 4645 3905 4699 Βαϐυλῶνι

2315 4750 2422 4819 γὰρ
2455 4750 2521 4819 τῇ
2570 4746 2677 4799 τῶν
2724 4744 2890 4797 ἐθνῶν
2920 4742 3335 4815 παρεικάζεται,
3380 4742 3555 4794 καίτοι
3590 4739 3743 4801 πόλις
3768 4738 3901 4808 ἁγία

2316 4838 2805 4911 κατωνομασμένη,
2858 4836 2948 4890 διά
2980 4853 3062 4888 τοι
3105 4834 3340 4905 μάλιστα
3396 4832 3492 4902 τὴν
3527 4832 3607 4894 είς
3664 4830 3903 4899 Χριστὸν

2316 4932 2593 4993 ἀσέϐειαν,
2620 4930 2765 5003 ἦκα).
2794 4931 2873 4982 ὅτι
2915 4927 3025 4980 τῶν
3065 4925 3453 4998 χειροποιήτων
3484 4921 3898 4992 ἐνεπίμπλασαν

2320 5023 2507 5096 αὐτὴν,
2540 5022 2616 5085 ὡς
2640 5022 2760 5075 κατ’
2787 5020 2974 5073 οὐδένα
3008 5018 3207 5087 τρόπον
3227 5019 3292 5087 τῇ
3325 5014 3682 5067 Βαϐυλωνίων
3728 5030 3898 5085 παραυ

2320 5117 2609 5189 χωρήσειν,
2635 5116 2670 5183 ἢ
2703 5113 2797 5166 καὶ⁵
2846 5112 3159 5181 ὠνόμασται
3182 5110 3255 5178 γῆ
3290 5107 3398 5161 τῶν
3426 5106 3698 5175 γλυπτῶν.

2394 5207 2455 5261 Ἠ
2498 5204 2573 5276 γῆ
2600 5203 2767 5273 ὑμῶν
2792 5204 3030 5272 ἕρημος,
3067 5204 3128 5255 αἱ
3160 5200 3366 5264 πόλεις
3412 5196 3579 5265 ὑμῶν
3607 5195 3897 5262 πυρίκαυ-

2318 5313 2473 5360 στοι,
2532 5296 2645 5363 τὴν
2691 5295 2887 5365 χώραν
2943 5292 3111 5363 ὑμῶν
3168 5291 3422 5345 ἐνώπιον
3484 5285 3651 5354 ὑμῶν
3706 5284 3893 5339 ἄλλόν

2320 5405 2464 5457 τριοι
2532 5385 2958 5440 κατεσθίουσιν
3005 5381 3221 5448 αὐτήν.
3276 5379 3383 5433 Καὶ
3418 5376 3718 5446 ἠρήμωται
3760 5391 3893 5428 κατε

2318 5474 2689 5546 εστραμμένη
2720 5473 2839 5528 ὑπὸ
2872 5472 3038 5527 λαῶν
3067 5469 3416 5536 ἀλλοτρίων.

2390 5568 2464 5622 To
2505 5567 2872 5637 ἀσαφέστερόν
2924 5581 3038 5629 πως
3106 5564 3160 5633 ἢ,
3196 5561 3334 5633 χρῆν
3386 5560 3637 5630 εἰρῆσθαι
3698 5553 3891 5609 δοκοῦν

2322 5658 2642 5729 καθίστησιν
2674 5656 2918 5727 ἐναργές.
2954 5654 3018 5706 Τί
3066 5653 3173 5722 γάρ
3210 5651 3274 5705 ἂν
3321 5650 3561 5720 βούλοιτο
3594 5645 3787 5719 δηλοῦν
3806 5642 3885 5704 τὸ,

2304 5754 2405 5805 οὐκ
2427 5750 2538 5804 ἔστι
2582 5748 2843 5818 μάλαγμα
2879 5744 3163 5809 ἐπιθεῖναι,
3190 5743 3311 5796 οὗτε
3336 5742 3528 5807 ἔλαιον,
3567 5738 3688 5793 οὔτε
3723 5751 3889 5790 κατοι-
