4178 6526
377 409 452 466 Ώὸ
1430 448 1432 450 τ
1541 407 1607 464 LV
1648 406 1880 464 ISAIAM
1919 407 1960 462 L

2089 408 2133 468 1.
2173 410 2380 470 οιιΑτ.
2421 411 2471 466 Ι.
3557 411 3634 462 ‘26

379 525 640 598 δέσμονςη
684 524 1027 600 διερμηνεύει
1062 522 1292 589 λευκῶς,
1336 523 1666 596 ἠρημῶσθαι
1711 524 1816 596 τὴν
1853 523 1958 595 γῆν

2066 536 2390 598 apponatur,
2420 541 2525 582 non
2547 527 2758 594 oleum,
2795 543 2901 582 non
2924 526 3254 597 alligatum?
3294 525 3514 581 Terram
3538 543 3632 581 eo-

380 615 551 683 λέγῳν
601 613 806 679 αύτῷν,
856 615 1225 685 ὲμπρισθῆναι
1266 614 1323 668 δὲ
1370 615 1596 678 καὶτὰς
1631 614 1814 676 πόλεις
1858 617 1956 669 καὶ

382 706 642 774 ὑπόχειρα
677 703 930 773 γενέσθαι
959 704 1068 757 τῶν
1109 705 1339 776 ἐχθρῶν,
1383 705 1480 758 καὶ
1524 705 1682 758 τοῦτο
1737 706 1959 774 ἀλλογε-

379 795 506 861 νῶν,
538 796 614 858 ὡς
669 797 950 870 μονονουχὶ
979 797 1071 850 καὶ
1128 796 1345 850 ἃπασαν
1396 798 1462 850 ὲκ
1521 797 1736 870 βάθρων
1779 798 1957 852 αὐτῶν

349 886 805 957 κάνατετράφθαι,
839 887 1164 952 Πλειστὰκις
1185 887 1284 958 μὲν
1304 881 1398 941 οὖν
1423 905 1485 939 συ
1493 887 1769 958 μϐέόηκεν
1815 887 1958 941 ἁλῶ-

380 990 467 1032 ναι
491 973 590 1046 τὴν
622 975 902 1037 Ἰουδαίαν,
929 976 1031 1028 ὑπό
1063 992 1124 1028 τε
1165 975 1464 1046 Ἀσσυρίων
1489 977 1583 1030 κοιλ⁸
1619 976 1953 1044 Αἰγυπτίων,

379 1065 569 1136 Σύρων
619 1084 680 1121 τε
709 1067 806 1122 καὶ
848 1067 1176 1132 Μωαϐιτῶν,
1245 1070 1557 1140 Ἰδουμαίων
1604 1088 1664 1123 τε
1706 1071 1800 1124 καὶ
1850 1073 1957 1126 τῶν

380 1157 729 1228 καλουμένων
781 1158 1105 1231 Φιλιστιεὶμ,
1143 1161 1260 1232 ἦτοι
1321 1161 1721 1216 Παλαιστινῶν.
1799 1161 1959 1216 Ἀλλά

380 1248 536 1319 ὀλίγα
572 1249 844 1317 παθοῦσα,
883 1251 978 1306 καὶ
1034 1253 1366 1324 συμμέτροις
1416 1253 1528 1306 ἐσθ’
1583 1255 1672 1307 ὅτε
1726 1271 1958 1326 περιπεο

381 1341 551 1402 σοῦσα
566 1344 879 1414 ’συμφοραῖς
897 1343 1060 1398 πάλιν
1081 1345 1376 1414 ἀνήνεγκεν
1403 1345 1779 1416 ἐπαμύνοντος
1801 1345 1958 1414 Θεοῦ,

379 1433 474 1492 καὶ
505 1433 675 1486 αὑτοῦ.
699 1435 984 1505 μοτοῦντος
1025 1434 1121 1488 τοῦ
1175 1434 1496 1505 πλήξαντος.
1553 1437 1854 1490 Ἀπόλωλεν
1905 1437 1963 1491 δὲ

378 1520 686 1592 ὁλοτρόπως
749 1523 891 1592 μετά
916 1523 1007 1575 τὸν
1052 1521 1151 1574 τοῦ
1198 1523 1447 1594 Σωτῆρος
1488 1527 1743 1596 σταυρὸν,
1790 1543 1963 1581 κατα-

379 1611 650 1683 δῃούντων
700 1611 868 1682 αὐτὴν
901 1613 1314 1666 Οὐεσπασιανοῦ
1362 1631 1421 1666 τε
1464 1617 1559 1669 καὶ
1613 1614 1794 1669 Τίτου.
1829 1615 1964 1668 Τότε

381 1699 491 1772 γὰρ
548 1701 612 1771 δὴ
674 1703 1019 1772 συμὸέὸηκεν
1063 1703 1538 1774 κατεμπρισθῆναι
1604 1707 1704 1777 μὲν
1759 1707 1962 1774 πόλεις,

381 1790 602 1845 ἃπασαν
653 1791 710 1845 δὲ
753 1793 861 1846 τῶν
918 1793 1267 1848 ἐνοικούντων
1327 1797 1490 1867 κενὴν
1548 1797 1802 1865 γενέσθαι
1864 1797 1962 1868 τὴν

381 1879 589 1953 χώραν,
633 1885 726 1936 καὶ
779 1885 883 1937 ὑπὸ
934 1888 1090 1954 χεῖρα
1132 1889 1315 1939 πεσεῖν
1360 1888 1470 1941 τῶν
1516 1890 1956 1960 κεκρατηκότων,
1990 1869 2032 1928 Β

378 1973 778 2044 παμμοχθηρὸν
803 1974 859 2028 δὲ
890 1975 950 2028 τὸ
984 1976 1213 2030 ἐνώπιον
1272 1978 1451 2032 αὐτῶν
1500 1980 1666 2050 ἤγουν
1712 1979 1962 2051 ὁρώντων

376 2062 474 2116 καὶ
503 2064 904 2136 ἀλγυνομένων,
953 2069 1044 2137 ὑφ’
1086 2069 1291 2141 ἑτέροις
1333 2066 1474 2123 εἶναι
1527 2071 1627 2142 τὴν
1675 2073 1780 2142 γῆν
1830 2091 1962 2126 κατ-

375 2152 696 2225 εσθιομένην
724 2157 922 2226 τρόπον
944 2158 1176 2212 τινὰκαὶ
1198 2160 1615 2234 δαπανωμένην.
1641 2163 1714 2216 Τὸ
1733 2163 1832 2234 μὲν
1853 2163 1962 2236 γὰρ

375 2243 617 2311 ἀπόντας
639 2245 869 2302 ἀκοῦσαι
893 2249 1051 2319 μόνον
1072 2251 1211 2321 τάχα
1249 2270 1352 2305 που
1389 2254 1630 2326 φορητὴν
1669 2256 1851 2319 αὐτοῖς
1896 2255 1961 2308 ἂν

375 2336 662 2408 ἐνεποίησε
693 2339 790 2411 τὴν
818 2340 1016 2414 λύπην.
1041 2345 1114 2398 Τὸ
1135 2345 1191 2398 δὲ
1216 2345 1310 2399 καὶ
1343 2349 1614 2418 παρόντας
1643 2351 1792 2420 ὁρᾷν,
1846 2348 1962 2403 εἶτα

379 2429 548 2500 μηδὲν
577 2433 875 2502 ἐπαμύνειν
907 2436 1166 2496 δύνασθαι
1227 2441 1602 2514 κατηχθῆσθαι
1657 2443 1718 2496 δὲ.
1771 2443 1961 2515 ὥσπερ

375 2523 498 2586 ταῖς
536 2523 596 2588 ἐξ
631 2525 876 2596 ἀνάγκης
901 2533 1211 2600 συμφοραῖς
1233 2531 1508 2588 δύσοιστον
1533 2534 1646 2604 ἔχει
1685 2535 1778 2589 καὶ
1822 2553 1964 2605 ποιμ-

376 2612 514 2676 πολὺ
561 2614 623 2666 τὸ
660 2614 885 2672 λυποῦν.
933 2622 1026 2672 Δεῖ
1054 2621 1117 2690 δὴ
1162 2617 1254 2678 οὖν
1286 2624 1435 2693 ἡμᾶς
1477 2624 1552 2696 μὴ
1603 2629 1961 2696 παροργίζειν

377 2701 470 2755 τδν
494 2703 650 2772 ἅγιον
681 2705 775 2758 τοῦ
821 2707 1054 2780 Ἰσραὴλ,
1092 2711 1178 2764 ἵνα
1229 2708 1306 2786 μὴ
1355 2715 1567 2784 ὁρατοῖς
1597 2733 1656 2768 τε
1686 2718 1779 2771 καὶ
1804 2719 1963 2788 ἀορά-

377 2809 493 2858 τοις
545 2798 966 2868 περιπίπτωμεν
1025 2801 1238 2872 ἐχθροῖς
1305 2805 1388 2866 εις
1450 2804 1521 2859 τὰ
1583 2805 1683 2874 τῆς
1741 2807 1964 2875 ἀτιμίας

377 2883 809 2948 κατασισαζουσι
836 2889 1004 2960 πάθη,
1045 2891 1139 2942 καὶ
1173 2892 1281 2944 πᾶν
1316 2891 1579 2963 ὀχύρωμα
1611 2893 1706 2947 τοῦ
1729 2897 1786 2949 ὲν
1833 2897 1964 2966 ημῖν

375 2971 529 3038 δντος
553 2975 645 3028 νοῦ
693 2980 1181 3049 καταστρέφουσιν,
1216 2980 1294 3045 ὼς,
1333 2985 1736 3053 κατανέμεσθαι
1763 2988 1962 3056 τρόπον

375 3065 500 3121 τινὰ
526 3067 625 3138 τὴν
663 3067 853 3126 ἀθλίαν
877 3070 1077 3142 ψυχὴν,
1114 3079 1207 3130 καὶ
1258 3074 1461 3138 πάντας
1513 3076 1681 3145 αὐτῆς
1719 3077 1962 3148 δαπανᾷν

375 3158 502 3222 τοὺς
533 3163 798 3230 καρποὺς,
845 3163 932 3217 ἵνα
957 3159 1067 3218 οἷον
1119 3164 1260 3236 ξηρά
1298 3183 1359 3219 τε
1387 3169 1480 3220 καὶ
1523 3167 1719 3239 ἄτιμος
1759 3164 1820 3244 ᾖ,
1865 3171 1958 3228 καὶ

377 3248 741 3314 ἀκανθοτόκος
767 3253 1088 3324 εὑρίσκηται
1137 3255 1232 3324 γῆ,
1260 3251 1324 3328 ἦς,
1351 3257 1412 3311 τὸ
1439 3257 1592 3321 τέλος
1627 3260 1707 3322 είς
1741 3259 1954 3326 καῦσιν.

375 3338 519 3396 κατὰ
541 3340 642 3411 τὴν
672 3341 768 3394 τοῦ
797 3342 1066 3412 μακαρίου
1091 3344 1302 3400 Παύλου
1341 3348 1546 3419 φωνήν.

459 3430 1100 3502 Ἤματα-λειφθήσεται
1126 3437 1162 3504 ἠ
1183 3437 1443 3514 θυγάτηρ
1467 3438 1621 3496 Σιὼν
1649 3441 1730 3506 ὡς
1753 3439 1956 3509 σκηνὴ

374 3520 447 3575 ἐν
474 3522 800 3596 ἀμπελῶνι,
833 3525 933 3579 καί
963 3527 1460 3596 όπωροφυλάκιον
1482 3529 1552 3584 ἐν
1591 3533 1958 3599 σικυηλάτῳ,

375 3613 457 3680 ὡς
482 3615 661 3682 πόλις
687 3619 1188 3688 πολιορκουμένη.

459 3705 720 3760 Ἑλεεινὸν
743 3707 803 3760 τὸ
829 3709 1048 3780 χρῆμα·
1083 3710 1201 3774 πῶς
1247 3711 1356 3783 γὰρ
1407 3715 1466 3767 οὐ
1520 3714 1718 3788 θρήνου
1751 3733 1810 3770 τε
1865 3717 1961 3770 καὶ

375 3797 623 3867 οἰμωγῆς
667 3795 853 3862 ἀξιον;
885 3799 918 3869 ή
952 3800 1061 3870 γὰρ
1090 3799 1256 3856 πάλαι
1289 3801 1556 3873 θυγάτηρ,
1590 3805 1686 3860 καὶ
1713 3808 1778 3876 τῇ
1826 3806 1960 3877 κλή-

380 3902 463 3938 σει
489 3886 666 3957 τοιᾷδε
692 3889 1051 3960 τετιμημένη,
1085 3891 1180 3946 καὶ
1201 3888 1314 3946 οἷον
1350 3894 1456 3947 ὑπὸ
1486 3896 1656 3966 πατρὶ
1680 3896 1962 3970 φιλοστορ-

377 3978 590 4047 γοτάτῳ
637 3980 952 4049 πράττουσα
981 3983 1058 4054 τῷ
1095 3983 1236 4054 Θεῷ,
1268 3986 1301 4057 ἡ
1329 3987 1505 4055 φειδοῖ
1543 3989 1638 4042 καὶ
1668 3991 1856 4063 ἀγάπῃ
1890 3994 1956 4062 τῇ

378 4072 508 4140 παρ’
542 4072 708 4126 αὑτοῦ
739 4072 1036 4142 μεθύουσα,
1069 4075 1164 4132 καί⁵
1191 4077 1313 4140 ταῖς
1350 4079 1431 4142 εἰς
1485 4079 1638 4148 λῆξιν
1687 4081 1958 4145 εύκλείαις

379 4162 512 4232 παρ’
559 4163 723 4217 αὐτοῦ
765 4165 1200 4238 στεφανουμένη,
1254 4167 1351 4222 καὶ
1391 4170 1814 4242 κατακρατοῦσα
1849 4172 1960 4225 τῶν

375 4254 832 4324 ἀνθειστηκότων,
876 4259 970 4310 καὶ
992 4258 1290 4331 ἀμετρήτῳ
1319 4259 1520 4331 πληθυῖ
1543 4261 1653 4316 τῶν
1681 4262 1958 4318 ἐνοικούν-

377 4361 485 4398 των
546 4347 719 4416 αύτὴν
764 4348 1152 4420 περιεχομένη,
1203 4349 1236 4420 ή
1288 4351 1664 4421 παμμακαρία
1706 4356 1802 4408 καὶ
1843 4355 1960 4409 δια-

378 4434 570 4503 εόητος
591 4435 752 4502 Σιὼν,
777 4438 963 4507 ἡγουν,
994 4437 1370 4511 Ἰερουσαλὴμ,
1398 4441 1960 4516 ὲγκαταλειφθήσεταί

2059 636 2178 686 rum
2211 627 2476 674 vastatam
2534 635 2659 675 esse
2690 620 2917 674 candide
2944 629 2999 674 ct
3038 618 3322 690 perspicue
3358 617 3627 690 interpre-

2061 718 2224 772 tatur,
2292 706 2537 776 dicitque
2591 706 2750 760 urbes
2812 707 3078 771 incensas,
3122 707 3174 760 in
3217 721 3486 774 manuque
3511 721 3631 760 esse

2059 796 2291 851 hostium
2319 806 2480 867 atque
2504 797 2640 854 adeo
2669 795 3114 865 alienigenarum,
3168 805 3443 866 totamque
3474 797 3631 850 modo

2064 906 2168 944 non
2198 904 2226 941 a
2256 889 2314 960 8
2377 888 2746 945 fundamentis
2791 886 3033 941 excisam
3063 903 3202 941 esse.
3251 885 3631 958 Saepenumero

2062 979 2278 1051 quidem
2321 979 2538 1046 accidit,
2580 989 2637 1032 ut
2667 989 2952 1049 caperetur
2979 976 3185 1040 Judaza,
3216 979 3284 1032 ab
3319 979 3555 1050 Assyriis
3575 987 3633 1032 et

2061 1071 2352 1144 Egyptiis,
2382 1069 2534 1144 Syris
2593 1081 2648 1128 cl
2699 1071 2966 1134 Moabitis,
3034 1072 3103 1124 ab
3142 1070 3416 1135 liluutaeis,
3475 1079 3530 1124 et
3565 1071 3636 1125 ab

2065 1164 2146 1227 his
2178 1163 2270 1234 qui
2310 1162 2618 1218 Pliilisthim
2654 1178 2748 1219 seu
2782 1161 3056 1216 Palaestini
3081 1169 3376 1216 vocantur:
3407 1169 3462 1214 at
3493 1161 3633 1216 levia

2062 1254 2302 1323 pertulit,
2333 1262 2388 1308 et
2419 1254 2470 1306 iu
2505 1251 2646 1307 mala
2678 1251 2869 1311 incidit
2899 1249 3226 1317 tolerabilia,
3258 1261 3315 1305 et
3339 1250 3635 1318 opitulante

2064 1346 2172 1401 Deo
2200 1344 2426 1416 ipsoque
2451 1343 2770 1400 vulnerante
2795 1343 3208 1412 percutientem,
3240 1357 3428 1398 rursus
3455 1357 3634 1396 emer-

2063 1438 2153 1492 sit.
2187 1437 2386 1492 Verum
2439 1444 2557 1506 post
2590 1434 2904 1489 Servatoris
2934 1449 3152 1488 crucem
3206 1431 3537 1500 Vespasiano
3570 1447 3642 1488 ae

2065 1529 2188 1582 Tito
2241 1542 2362 1582 eam
2409 1525 2788 1596 populantibus
2834 1523 3080 1578 funditus
3131 1533 3210 1577 est
3244 1523 3438 1578 deleta.
3483 1521 3640 1578 Tunc

2066 1618 2209 1671 enim
2284 1618 2486 1682 evenit,
2549 1626 2606 1670 ut
2677 1617 2838 1670 urbes
2899 1616 3337 1680 incenderentur,
3383 1613 3632 1668 universa

2066 1707 2227 1760 etiam
2257 1706 2405 1776 regio
2458 1705 2650 1760 incolis
2685 1720 2877 1764 vacua,
2921 1715 3178 1774 vastaque
3218 1705 3534 1758 redderetur
3582 1709 3640 1756 et

2069 1800 2120 1848 lu
2162 1811 2379 1849 manmn
2437 1797 2705 1848 victorum
2757 1794 3044 1856 recideret,
3100 1794 3349 1862 quodque
3391 1792 3641 1847 omnium

2064 1885 2430 1940 miserrimum
2457 1893 2559 1949 est,
2613 1883 2665 1937 in
2707 1895 2999 1952 conspectu
3054 1883 3314 1950 ipsorum,
3348 1882 3478 1951 ipsis
3531 1882 3635 1936 sci-

2063 1975 2187 2030 licet
2222 1990 2404 2030 coram
2445 1974 2809 2044 spectantibus
2834 2014 2847 2038 ,
2903 1984 3064 2042 atque
3103 1972 3407 2028 dolentibus
3435 1983 3634 2027 terram

2062 2083 2183 2124 esse
2220 2066 2343 2121 aliis
2381 2065 2675 2131 subditam,
2721 2075 2774 2118 et
2803 2080 3018 2118 exesam
3050 2063 3445 2132 quodammodo
3476 2073 3642 2132 atque

2061 2167 2454 2226 consumptam.
2487 2153 2622 2208 Nam
2649 2157 2903 2208 absentes
2943 2153 3166 2207 auribus
3195 2153 3412 2208 haurire
3437 2153 3640 2215 solum,

2061 2249 2300 2304 dolerent
2363 2245 2579 2300 afferret
2633 2244 2900 2308 fortassis,
2959 2251 3016 2296 at
3061 2243 3438 2298 tolerabilem:
3495 2259 3635 2312 pra:-

2060 2349 2243 2395 scntes
2267 2354 2392 2394 vero
2410 2337 2628 2404 intueri,
2655 2352 2756 2391 nec
2778 2347 2952 2390 tamen
2971 2334 3264 2403 quidquam
3294 2337 3413 2404 opis
3441 2336 3641 2392 all'erre

2061 2444 2238 2500 posse,
2292 2427 2722 2495 necessariisque
2772 2426 2922 2494 quasi
2971 2425 3330 2494 ingemiscere
3351 2426 3638 2481 calamita-

2061 2522 2225 2582 tibus,
2262 2520 2657 2574 intolerabilius
2703 2522 2919 2591 quidcm
2963 2535 3065 2585 est,
3091 2533 3142 2576 et
3174 2538 3304 2575 sane
3331 2538 3491 2590 quam
3523 2538 3640 2579 mo-

2055 2610 2278 2665 lestum.
2327 2611 2508 2676 Quare
2560 2625 2665 2664 non
2698 2621 2780 2665 est
2835 2614 2991 2667 nobis
3022 2623 3244 2666 sanctus
3273 2611 3486 2668 l'sraeiis
3508 2628 3636 2667 con-

2059 2703 2329 2769 citandus,
2361 2719 2428 2757 ne
2469 2705 2521 2757 in
2562 2703 2746 2758 hostes
2777 2715 2882 2756 tam
2931 2705 3306 2773 aspectabil-es,
3345 2722 3505 2775 quam
3562 2709 3639 2760 in-

2061 2795 2414 2865 aspectabiles
2442 2796 2760 2860 incidamus,
2793 2797 2880 2864 qui
2912 2797 2962 2849 in
3006 2798 3175 2852 l’mdas
3200 2802 3636 2868 perturbationes

2061 2890 2402 2957 demergunt,
2453 2898 2501 2940 et
2524 2903 2684 2942 omne
2711 2888 3182 2958 propugnaculum
3206 2891 3403 2944 mentis
3434 2903 3635 2948 nostra:

2061 2983 2401 3041 subvertant,
2461 2992 2521 3032 ut
2580 2981 2831 3033 miseram
2887 2979 3123 3033 animum
3171 2982 3461 3049 depascunt
3501 3000 3639 3053 quo-

2061 3070 2350 3123 dammodo
2405 3083 2702 3138 omnesque
2740 3071 2857 3139 ejus
2894 3071 3104 3126 ir‘ttctus
3135 3072 3442 3140 absumant,
3483 3077 3639 3131 itaut

2061 3162 2209 3214 arida
2263 3161 2419 3228 quasi
2471 3176 2534 3214 ae
2595 3161 2842 3230 ignobilis
2904 3172 2958 3218 et
2996 3165 3265 3220 senticosa
3295 3176 3442 3220 terra
3480 3181 3637 3236 repe-

2061 3253 2263 3316 riatur’,
2303 3251 2456 3318 cujus
2511 3252 2630 3306 t‘inis
2682 3253 3028 3320 combustio,
3105 3257 3402 3312 secundum
3491 3258 3633 3313 beati

2060 3341 2208 3396 Pauli
2245 3341 2450 3396 dictum
2477 3343 2546 3396 ¹³“.

2131 3431 2297 3489 Vsus.
2331 3435 2385 3490 8.
2447 3435 2851 3505 Derelinquetur
2890 3437 3012 3506 [me
3061 3439 3218 3504 Sion,
3251 3451 3306 3493 ut
3337 3441 3532 3494 (αεσξη
3557 3456 3638 3495 οι-

2053 3544 2179 3591 -ηεα,
2220 3537 2276 3579 ut
2335 3529 2602 3596 tugurium
2655 3528 2708 3581 in
2758 3528 2908 3581 horto
2952 3546 3328 3597 cucumerum,
3381 3540 3436 3584 ut
3509 3534 3631 3586 urbs

2061 3619 2290 3672 obsessa.

2133 3709 2326 3765 Misera
2368 3724 2452 3763 res
2509 3709 2797 3779 prol‘lacto:
2836 3713 2926 3780 qui
2963 3712 3107 3766 enim
3141 3728 3245 3765 non
3284 3712 3355 3766 sit
3385 3711 3639 3769 lamentis

2057 3813 2113 3858 et
2132 3804 2276 3858 luctu
2312 3803 2509 3874 digna?
2538 3802 2672 3857 Nam
2706 3819 2827 3874 qua.
2849 3804 2956 3859 lilia
2986 3806 3258 3873 quondam
3302 3805 3421 3872 fuit,
3461 3815 3514 3860 et
3540 3806 3636 3860 tali

2060 3896 2340 3951 vocatione
2385 3904 2596 3958 ornata,
2637 3911 2756 3964 qua}
2798 3897 2880 3952 sic
2902 3897 3010 3968 egit
3041 3899 3142 3952 sub
3171 3907 3323 3967 patre
3350 3898 3634 3969 indulgen—

2061 3987 2271 4042 tissimo
2329 3987 2462 4053 Deo,
2514 4001 2634 4056 quae
2679 3985 3056 4040 misericordia
3100 3996 3152 4041 et
3200 3986 3464 4041 charltate
3515 3987 3638 4054 ejus

2059 4077 2206 4132 ebria
2267 4078 2664 4146 quodammodo
2704 4077 2845 4132 facta
2878 4087 2983 4140 est,
3021 4077 3354 4131 nobiliSsima
3391 4087 3535 4132 sorte
3566 4077 3640 4132 ab

2058 4184 2124 4223 eo
2151 4178 2429 4234 coronata,
2466 4183 2585 4238 qua:
2605 4169 2787 4224 hostes
2821 4169 3150 4238 subjugavit,
3214 4177 3271 4223 et
3319 4167 3636 4223 innumera-

2059 4257 2151 4313 bili
2199 4257 2538 4312 multitudine
2580 4259 2924 4313 incolentium
2968 4258 3165 4313 referta
3196 4268 3252 4313 et
3303 4259 3482 4312 cincta
3512 4256 3636 4324 fuit,

2061 4351 2312 4419 perbeata
2369 4351 2459 4406 illa
2506 4351 2718 4419 quidem
2760 4359 2815 4405 et
2863 4351 3232 4422 percelebrata
3278 4348 3431 4413 Sion,
3475 4347 3634 4404 Jeru-

2061 4442 2230 4496 salem
2298 4442 2620 4498 videlicet:
2674 4443 2810 4506 huic,
2883 4443 3127 4512 inquam,
3209 4442 3634 4513 derelinquetur,

377 4543 563 4596 φησιν.
600 4527 756 4581 Τοῦτ’
784 4529 952 4594 ἐστιν,
982 4529 1189 4602 ἔρημος
1216 4531 1390 4586 ἔσται.
1423 4533 1614 4606 Γυμνή
1648 4551 1708 4589 τε
1747 4536 1960 4608 ἀπομε-

2066 4547 2258 4600 nempc
2295 4533 2508 4586 deserta
2542 4533 2669 4596 erit,
2709 4541 2770 4587 et
2803 4550 2924 4588 cum
2960 4535 3153 4589 robore
3197 4534 3464 4602 corporis,
3521 4544 3633 4589 tum

375 4622 478 4680 νεῖ,
511 4619 724 4688 καὶτῆς
764 4621 860 4674 τοῦ
904 4620 1170 4691 σώζοντος
1211 4623 1542 4692 εὐσθενείας,
1569 4627 1665 4681 καὶ
1691 4628 1800 4682 τῶν
1829 4631 1960 4683 ἐνοι-

376 4713 621 4766 κούντων
649 4714 839 4783 αύτήν.
873 4714 1462 4788 Ἐγκαταλειφθήσεται
1501 4717 1558 4771 δὲ
1597 4717 1790 4785 οὕτως,
1824 4721 1958 4775 ὡσεὶ

377 4805 562 4877 σκηνὴΔ
585 4807 642 4859 ἐν
679 4806 988 4875 ἀμπελῶνι,
1028 4807 1124 4860 καὶ
1166 4807 1243 4872 ὼς
1281 4808 1732 4880 όπωροφυλάκιον
1760 4816 1818 4867 ὲν
1871 4831 1955 4866 σι-

377 4896 634 4965 κυηλάθτῳ
651 4897 745 4949 καὶ
768 4897 844 4961 ὡς
863 4897 1017 4962 πόλις
1034 4899 1484 4972 πολιορκουμένη.
1509 4904 1572 4956 Oi
1591 4903 1691 4972 μὲν
1720 4904 1828 4975 γὰρ
1847 4906 1956 4959 τῶν

375 4985 736 5055 ἀμπελώνων.
751 4988 1078 5058 τεταγμένοι
1101 4989 1358 5058 φύλακες,
1387 4990 1746 5064 ὲντεθηλότων
1771 4995 1956 5058 αὐτοῖς

376 5075 488 5128 τῶν
519 5077 759 5148 βοτρύων
791 5077 894 5140 ἔτι,
941 5079 1199 5151 πλείστην
1241 5097 1302 5133 τε
1353 5081 1484 5152 ὅσην
1533 5084 1812 5141 ποιοῦνται
1857 5087 1958 5156 τὴν

377 5167 712 5236 ἀσφάλειαν,
763 5171 857 5223 καὶ
907 5173 1034 5235 τοὺς
1076 5172 1392 5244 ἀποκείρειν
1454 5174 1736 5240 ἐθέλοντας
1791 5194 1958 5232 κατα-

380 5259 606 5312 πτυοῦσι
636 5259 854 5332 λῃστάς.
886 5264 994 5314 Καὶ
1019 5263 1088 5316 τὰ
1118 5263 1227 5316 τῶν
1259 5264 1463 5334 θηρίων
1489 5266 1774 5322 ἐλαύνουσι
1802 5269 1953 5338 γένη.

383 5352 542 5416 Ἐθος
566 5354 623 5407 δὲ
648 5355 808 5408 τοῦτο
842 5356 994 5427 δρᾷν,
1021 5358 1114 5410 καὶ
1157 5361 1270 5424 τοῖς
1300 5358 1408 5412 τῶν
1448 5361 1788 5432 σικυηλάτων
1832 5365 1954 5416 ἐπι-

381 5449 638 5514 τηρηταῖς
670 5447 790 5516 ἢτοι
817 5447 1127 5513 δεσπόταις.
1174 5443 1700 5524 Συγκελκομισμένων
1745 5455 1802 5508 δὲ
1844 5457 1954 5510 τῶν

382 5535 646 5607 βοτρύων,
671 5539 767 5592 καὶ
797 5542 1226 5614 πεπατημένων,
1250 5544 1344 5598 καὶ
1368 5545 1476 5602 τῶν
1505 5548 1564 5604 ὲν
1609 5549 1952 5620 σικυηλάτοις

383 5623 754 5697 ἐξῃρημένων,
785 5629 845 5682 τὸ
889 5630 996 5684 τῶν
1041 5633 1417 5702 φυλαττόντων
1465 5639 1702 5702 ἐπιεικὲς
1746 5641 1954 5694 ἀνεῖται

458 5806 502 5840 ³³
529 5806 689 5864 Hebr.
734 5823 803 5874 ri,
837 5811 884 5865 8.

2060 4625 2253 4680 incolis
2325 4625 2437 4678 suis
2524 4626 2721 4678 nudata
2783 4644 2796 4680 :
2859 4636 2920 4679 et
3002 4627 3076 4680 ita
3176 4627 3631 4696 derelinquetur,

2060 4727 2117 4769 ut
2161 4731 2284 4771 casa
2358 4715 2411 4770 in
2469 4716 2644 4781 vinea,
2687 4725 2744 4770 ut
2792 4718 3062 4788 tugurium
3115 4718 3168 4772 in
3231 4718 3633 4783 cucumerario,

2057 4807 2116 4878 9
2146 4815 2200 4861 et
2234 4817 2291 4861 ut
2343 4808 2475 4864 urbs
2522 4808 2764 4864 obsessa.
2801 4808 2902 4876 Qui
2946 4811 3222 4864 vinearum
3271 4809 3415 4864 enim
3445 4819 3632 4865 custo-

2057 4901 2162 4955 diis
2185 4899 2573 4972 praei‘rciuntur,
2599 4903 2830 4957 racemis
2852 4902 2962 4971 jam
2999 4903 3303 4972 vigentibus
3332 4911 3391 4956 ut
3426 4902 3479 4956 in
3514 4911 3634 4957 tuto

2059 5009 2123 5046 ac
2151 5009 2342 5048 securo
2369 4995 2496 5059 sint,
2526 4995 2816 5066 plurimum
2851 4996 3189 5061 adnituntur,
3222 5005 3276 5049 et
3312 4993 3464 5050 fures
3489 5035 3504 5059 ,
3538 4995 3632 5065 qui

2059 5087 2352 5160 decerpere
2383 5087 2608 5152 volunt,
2666 5096 2908 5153 terrent,
2941 5096 2995 5140 et
3039 5085 3278 5140 ferarum
3307 5100 3508 5158 genera
3543 5101 3634 5139 ar-

2059 5185 2185 5230 cent
2218 5193 2234 5232 :
2266 5177 2406 5244 quod
2446 5178 2606 5231 etiam
2656 5177 2905 5232 factitare
2937 5178 2988 5231 in
3028 5191 3177 5230 more
3201 5187 3306 5243 est,
3346 5175 3630 5230 excubito-

2061 5268 2231 5331 ribus,
2261 5281 2354 5321 seu
2388 5266 2623 5320 dominis
2667 5265 3187 5320 cucnmcrariorum.
3217 5263 3472 5319 Racemis
3500 5277 3636 5316 vero

2059 5357 2412 5429 comportatis
2439 5366 2495 5412 et
2522 5355 2769 5421 calcatis,
2791 5365 2845 5410 et
2879 5355 3146 5411 fructibus
3173 5356 3263 5426 qui
3293 5355 3346 5410 in
3377 5367 3632 5409 cucume-

2065 5459 2224 5514 rariis
2255 5467 2380 5514 sunt
2409 5455 2627 5522 ablatis,
2671 5456 2932 5511 sedulitas
2981 5455 3400 5511 custodientium
3443 5452 3498 5505 in
3534 5464 3632 5518 po—

2061 5559 2266 5605 sterum
2314 5550 2629 5618 remittitur,
2660 5559 2712 5604 ct
2756 5549 2853 5612 illi,
2881 5548 2996 5602 suis
3030 5547 3244 5602 reiectis
3271 5541 3633 5603 umbraculis.

2064 5643 2285 5700 liberant
2323 5642 2653 5712 irrumpemii
2696 5650 3017 5710 potestatem
3067 5639 3266 5695 faciunt
3299 5633 3626 5703 quibuscun.
