4178 6502
560 385 629 442 27
1564 391 1622 449 S.
1665 392 1938 449 CYRILLI
1979 390 2112 449 ALE

2215 396 2447 452 NDRINI
2486 400 2805 458 ABCHIEP.
3744 412 3818 468 28

558 518 669 572 que
690 541 709 568 ,
743 503 837 574 qui
890 518 954 560 ea
983 503 1317 576 perlustrare
1365 503 1634 559 voluerint
1663 547 1678 559 .
1716 506 1845 561 Tale
1877 508 2117 576 quiddau

2236 509 2452 565 λοιπόν*
2493 512 2545 565 οἶ
2583 514 2677 566 καὶ
2722 513 2892 578 αὐτὰς
2937 514 3166 585 ἀφέντες
3195 517 3294 582 τὰς
3337 518 3545 576 ἑαυτῶν
3585 525 3814 597 σκηνάς.

561 602 615 645 et
644 589 698 646 iu
757 592 953 648 misera
1006 591 1137 647 Sion
1173 592 1287 646 ﬁeri
1317 593 1663 663 prapheticus
1712 610 1808 649 nos
1836 610 2015 650 sermo
2046 597 2132 649 do-

561 692 665 737 cet.
702 681 837 738 Dum
865 684 1007 737 enim
1042 685 1216 740 adhuc
1265 685 1474 741 fructus
1509 685 1734 756 iustitiae
1763 686 2008 753 haberet,
2051 703 2137 743 se-

560 799 690 837 cura
733 786 1032 840 munitione
1053 794 1109 839 et
1136 786 1382 841 custodia
1415 796 1469 840 et
1497 788 1645 842 omni
1678 803 1797 843 eam
1832 790 2134 845 misericor-

558 876 647 929 dia
673 875 926 943 dignatus
966 888 1050 931 est
1079 877 1244 931 Deus.
1279 877 1422 932 Dixit
1450 879 1590 933 enim
1633 896 1648 933 :
1696 897 1714 930 ι
1755 879 1865 949 Ego
1898 896 1992 936 ero
2031 881 2129 947 illi,

558 965 634 1018 ait
676 963 967 1032 Dominus,
1003 984 1190 1022 murus
1223 968 1360 1039 ignis
1388 969 1779 1024 circumclusus
1804 1011 1818 1037 ,
1866 981 1918 1026 et
1955 971 2127 1040 gloria

556 1072 653 1112 ero
689 1058 741 1111 in
776 1060 951 1116 medio
981 1060 1099 1128 ejus
1128 1059 1196 1116 “.
1229 1078 1247 1112 ι
1296 1059 1457 1115 Canit
1506 1061 1670 1116 etiam
1704 1064 1889 1116 beatus
1927 1064 2124 1119 David:

563 1168 579 1197 ι
619 1147 757 1203 Ecce
806 1164 908 1204 non
963 1151 1314 1219 dormitabit,
1351 1167 1450 1207 nec
1478 1153 1729 1216 dormiet,
1763 1155 1855 1225 qui
1894 1157 2130 1211 custodit

556 1237 726 1293 lsrael
759 1239 825 1295 ".
866 1259 884 1291 ι
938 1240 1186 1308 Quaudiu
1225 1253 1342 1298 erat
1366 1244 1552 1311 Israel,
1592 1245 1750 1300 vinea
1784 1247 1993 1301 Domini
2022 1247 2125 1303 Sa-

557 1330 742 1397 baoth,
772 1331 1146 1387 obvallabatur
1172 1343 1227 1389 et
1255 1335 1553 1404 scpimento
1571 1337 1729 1407 digna
1755 1337 2122 1407 judicabatur.

556 1422 772 1493 Peperit
818 1434 995 1479 autem
1036 1427 1253 1496 spinas,
1294 1428 1601 1497 traditaque
1622 1438 1705 1485 est
1730 1445 1759 1484 a
1797 1432 1904 1485 Deo
1934 1436 2124 1502 oppri-

554 1517 861 1582 mentibus;
891 1518 1065 1588 inquit
1096 1520 1241 1573 enim
1278 1536 1291 1573 :
1328 1539 1346 1571 ι
1379 1517 1634 1573 Auleram
1669 1536 1849 1590 sepem
1889 1523 2037 1591 ejus,
2068 1533 2123 1578 et

554 1612 662 1682 erit
690 1612 973 1682 direptioni
1010 1632 1023 1668 :
1060 1624 1115 1669 et
1144 1616 1387 1670 auferam
1423 1619 1713 1673 maceriam
1746 1620 1861 1689 ejus
1882 1661 1896 1685 ,
1932 1632 1987 1676 et
2017 1623 2123 1677 erit

554 1702 949 1757 conculcationi
973 1742 990 1768 ,
1019 1712 1072 1759 et
1104 1704 1405 1774 relinquam
1442 1706 1655 1762 vineam
1702 1724 1905 1774 meam,
1934 1720 1987 1766 et
2014 1727 2119 1767 non

553 1790 847 1858 putabitur,
898 1807 1074 1861 neque
1114 1791 1350 1849 fodietur
1379 1796 1446 1848 η.
1490 1815 1508 1848 ι
1557 1796 1747 1853 Fuisse
1780 1801 1942 1855 etiam
1975 1802 2117 1856 illam

551 1883 617 1937 ab
652 1897 782 1953 apro
816 1884 1053 1941 silvestri
1091 1886 1496 1955 depopulatam,
1534 1900 1589 1944 et
1637 1892 1705 1945 ab
1737 1894 1889 1947 asino
1919 1895 2118 1964 agresti

549 1974 850 2043 depastum,
877 1977 1256 2047 desertamque
1273 1978 1427 2034 aDeo
1451 1983 1661 2036 vineam
1686 1999 1749 2038 ac
1783 1984 2117 2052 derelictam,

550 2066 806 2120 Servatur
837 2067 994 2123 docet
1023 2067 1175 2124 hisce
1217 2071 1396 2125 verbis
1429 2089 1443 2127 :
1492 2091 1510 2125 ι
1544 2073 1866 2141 Jerusalem,
1899 2075 2121 2131 Jerusa»

549 2156 675 2220 lem,
705 2174 823 2228 quae
851 2160 1056 2216 occidis
1086 2164 1398 2231 prophetas,
1423 2174 1479 2219 et
1514 2165 1721 2236 lapidas
1754 2184 1847 2223 eos
1879 2171 1974 2238 qui
1996 2172 2119 2225 mit-

546 2257 735 2303 tuntur
769 2250 835 2304 ad
864 2259 916 2305 te
946 2270 961 2306 :
996 2254 1207 2322 quoties
1238 2254 1380 2309 volui
1411 2270 1739 2328 congregare
1782 2260 1922 2315 ﬁlios
1953 2270 2073 2317 tuos
2095 2304 2111 2327 ,

546 2342 997 2408 quemadmodum
1033 2344 1230 2413 gallina
1278 2357 1571 2417 congregat
1609 2350 1785 2419 pullos
1841 2367 1970 2407 suos
2015 2353 2121 2409 sub

546 2434 695 2499 alas,
748 2445 803 2493 et
846 2436 1133 2496 noluistisd
1178 2438 1318 2495 Ecce
1364 2440 1687 2510 relinquitur
1734 2445 1888 2499 vobis
1925 2446 2118 2501 domus

545 2536 725 2580 vestra
756 2527 970 2582 deserta
996 2528 1061 2584 ".
1096 2547 1115 2580 ι
1154 2529 1490 2584 Exclamavit
1518 2541 1571 2585 et
1596 2532 1701 2587 hoc
1729 2544 1853 2588 ante
1885 2549 1981 2604 per
2022 2551 2117 2591 vo-

544 2629 661 2670 cem
690 2617 985 2687 prophetar,
1009 2619 1192 2674 dicens
1227 2640 1244 2676 :
1278 2640 1295 2673 ι
1334 2620 1610 2691 Dereliqui
1650 2624 1870 2680 domum
1901 2642 2074 2682 meam
2097 2669 2115 2697 ,

543 2706 721 2763 dimisi
746 2708 1107 2765 [nereditatem
1137 2713 1472 2777 meam,dedi
1504 2713 1763 2769 dilectam
1802 2718 2037 2772 animam
2061 2720 2113 2774 in

544 2813 734 2854 manus
755 2799 1094 2855 inimicorum
1130 2817 1371 2857 suorum.
1399 2803 1564 2858 Facta
1583 2816 1664 2861 est
1682 2806 1973 2864 brereditas
1994 2825 2111 2865 mea

541 2890 696 2956 mihi,
729 2900 785 2946 ut
817 2893 902 2947 leo
931 2892 983 2946 in
1014 2894 1184 2961 silva;
1208 2894 1376 2949 edidit
1395 2906 1582 2951 contra
1611 2912 1696 2951 me
1725 2912 1911 2953 vocem
1936 2914 2116 2965 suam,

538 2991 821 3049 prapterea
846 2982 933 3036 odi
963 2998 1079 3038 eam
1112 2985 1172 3039 ’⁸,
1210 3005 1229 3037 ι
1264 2983 1529 3054 Josephus
1563 2988 1691 3040 item
1723 2989 1966 3045 .ludaica:
2000 3001 2113 3047 ter-

541 3088 615 3128 rae
642 3072 779 3127 mala
819 3076 1021 3141 tragice
1062 3076 1437 3144 ampliﬁcatis,
1489 3094 1610 3132 cum
1639 3080 1753 3149 jam
1791 3082 1841 3135 in
1868 3085 2115 3151 proximo

539 3174 656 3219 erat
699 3174 756 3219 ut
804 3177 1089 3236 caperetur
1132 3166 1465 3235 Jerusalem,
1521 3183 1909 3227 commemorat
1956 3176 2185 3249 audi-(3

541 3258 684 3313 visse
710 3257 762 3313 in
797 3261 997 3327 templo
1031 3276 1217 3316 vocem
1251 3263 1588 3327 sacerdotes,
1615 3263 1762 3317 velut
1801 3267 2112 3336 angelorum

540 3348 595 3402 in
625 3364 688 3404 eo
714 3349 1059 3406 clamantium
1092 3371 1105 3406 :
1143 3352 1248 3422 ιο
1267 3352 1554 3423 Migremus
1573 3354 1719 3408 hinc.
1739 3354 1967 3412 Obsessa
1986 3374 2113 3414 vero

539 3442 693 3505 urbe,
721 3445 934 3497 modum
981 3444 1163 3516 ell‘ugii
1204 3447 1271 3501 ab
1302 3448 1553 3503 omnibus
1600 3450 1691 3517 qui
1748 3450 1801 3505 in
1835 3466 1895 3506 ea
1928 3463 2109 3517 erant,

537 3535 818 3601 quaesitum
873 3536 1040 3593 fuisse
1065 3578 1080 3603 ,
1116 3539 1206 3607 qui
1238 3539 1458 3594 dubium
1491 3541 1542 3595 id
1574 3544 1831 3610 quiddam
1855 3559 1982 3601 esse
2017 3561 2112 3614 po-

539 3625 688 3679 test?
722 3625 857 3681 llinc
889 3627 1157 3696 conjicere
1211 3629 1370 3694 licet,
1424 3647 1545 3702 qua:
1586 3633 1825 3690 Judaiere
1866 3638 2110 3707 regionis

539 3715 676 3769 mala
712 3716 935 3772 iuerint.
974 3718 1109 3773 Nam
1142 3721 1385 3777 obsessis
1421 3732 1503 3778 ter
1529 3726 1766 3794 optabile
1798 3727 2106 3796 videbatur,

538 3800 621 3854 vel
672 3802 834 3856 vitam
866 3818 1193 3860 conservare
1223 3825 1238 3863 :
1270 3808 1335 3863 de
1357 3810 1513 3864 domo
1544 3823 1722 3868 autem
1751 3825 1805 3870 et
1827 3815 2106 3874 facultati-

536 3893 658 3957 bus,
686 3894 770 3948 vcl
799 3895 960 3949 etiam
1002 3896 1068 3949 de
1114 3898 1331 3953 civitate
1384 3901 1526 3957 nulla
1566 3903 1669 3959 illis
1715 3908 1936 3962 omnino
1976 3925 2107 3965 cura

537 3994 676 4038 erat.
716 3985 1004 4040 Sciendum
1036 3998 1293 4057 prmterea
1325 3991 1559 4049 hominis
1603 3997 1836 4053 animam
1871 4001 2106 4056 derelin—

534 4076 625 4144 qui
659 4088 689 4128 a
721 4074 831 4130 Deo
863 4078 1245 4137 multifariam:
1279 4083 1379 4139 nisi
1418 4088 1731 4158 praescripta
1756 4101 1902 4146 recte
1937 4107 2105 4148 exse-

535 4177 753 4235 quatnr,
781 4177 836 4222 et
864 4168 1071 4225 Domini
1108 4175 1340 4230 oraculis
1370 4180 1639 4235 cervicem
1661 4181 1973 4249 submittat,
1994 4186 2107 4256 pie-

537 4257 765 4326 tatisque
788 4259 994 4316 fructus
1020 4265 1212 4332 pariat.
1243 4264 1499 4337 [{Etenim
1526 4272 1571 4324 si
1601 4274 1724 4342 quis
1755 4286 2000 4331 nostrmu
2030 4280 2097 4333 ab

535 4350 690 4404 initio
716 4353 914 4420 probus
950 4355 1129 4419 fuerit,
1162 4355 1182 4428 ]
1213 4358 1256 4412 si
1292 4372 1633 4430 nuncupatus
1667 4365 1809 4422 illius
1857 4378 1950 4422 aut
1994 4371 2100 4426 lilia

533 4440 650 4505 Dei,
684 4442 726 4495 si
758 4444 921 4498 etiam
955 4444 1105 4513 Sion,
1139 4448 1240 4502 hoc
1262 4459 1383 4514 est,
1437 4454 1653 4521 specula
1685 4458 1974 4524 exstiterit,
2013 4463 2098 4516 ni-

534 4531 728 4585 mirum
758 4535 936 4588 auimo
962 4537 1174 4592 excelso
1196 4550 1249 4593 et
1285 4551 1466 4596 mente
1505 4546 1813 4613 purissima,
1839 4555 2099 4621 mysteria

532 4621 770 4702 intuente
804 4640 865 4680 ac
896 4629 1269 4685 considerante
1306 4651 1318 4687 :
1361 4634 1405 4687 si
1439 4650 1567 4689 vero
1616 4637 1833 4705 deinde,
1866 4658 1985 4709 quae
2023 4644 2102 4698 fas

530 4726 637 4767 non
680 4726 764 4771 est
808 4730 1150 4787 perpetrare,
1184 4732 1237 4776 et
1274 4734 1518 4781 sanctum
1565 4728 1727 4783 Israel
1770 4734 2100 4790 exacerbare

529 4805 889 4875 conspiciatur
931 4825 943 4861 :
1006 4815 1071 4865 ab
1099 4812 1216 4882 ipso
1239 4816 1540 4882 deseretur,
1574 4835 1637 4874 ac
1667 4822 1814 4875 velut
1856 4824 2097 4881 incusto-

530 4895 641 4951 dita
696 4897 853 4952 vinea
884 4903 1141 4969 prodetur
1180 4905 1429 4975 Satanae,
1461 4920 1511 4964 et
1568 4913 1750 4966 carnis
1780 4912 2058 4971 aﬂ‘ectibus
2081 4958 2096 4982 ,

527 4987 777 5056 omnique
814 4991 1010 5048 virtute
1058 5010 1280 5060 vacuus,
1335 5001 1716 5071 praeclarisque
1768 5004 1888 5058 vita:
1943 5004 2099 5061 iusti-

528 5078 739 5132 tuendze
763 5094 826 5134 ac
854 5090 1282 5144 conversationis
1302 5091 1586 5146 decoribus
1612 5092 1809 5160 nudus,
1838 5096 2093 5151 omnibus

524 5178 751 5225 onustus
778 5175 931 5229 malis
954 5177 1235 5237 eﬂicietur.

2237 603 2528 675 ἐλευθέραν
2578 608 2691 670 τοῖς
2742 606 2983 662 ἐθέλουσι
3036 612 3499 682 περιεργάζεσθαι
3544 614 3612 669 τὰ
3650 616 3814 675 λοιπὰ

2238 697 2513 751 ποιοῦνται
2545 698 2644 769 τὴν
2676 700 2944 771 είσϐολήν.
2978 704 3301 776 Πεπράχθαι
3351 726 3404 761 τι
3450 709 3693 763 τοιοῦτον
3716 713 3813 765 καὶ

2234 786 2327 840 ἐπὶ
2351 790 2415 859 τῇ
2447 787 2774 860 ταλαιπώρῳ
2804 790 2943 845 Σιὼν
2966 793 2995 844 6
3025 795 3363 864 προφητικὸς
3398 798 3546 868 ἡμᾶς
3570 799 3810 855 διδάσκει

2232 877 2410 947 λόγος.
2451 881 2567 934 Ἔτι
2622 881 2721 951 μὲν
2750 880 2856 952 γὰρ
2887 881 3013 946 τοὺς
3059 884 3160 954 τῆς
3204 885 3547 960 δικαιοσύνης
3579 889 3809 960 ἔχουσαν

2232 970 2495 1040 καρποὺς,
2538 971 2839 1038 ἀσφαλείας
2886 990 2945 1025 τε
2980 973 3073 1026 καὶ
3119 976 3516 1049 παραφυλακῆς
3550 981 3644 1032 καὶ
3687 998 3807 1051 φει-

2229 1059 2351 1123 δοῦς
2385 1062 2604 1133 ἁπάσης
2632 1062 2783 1132 ἠξίου
2818 1064 2969 1128 Θεός.
3016 1067 3157 1136 Ἔφη
3214 1067 3322 1137 γάρ
3362 1070 3443 1122 ὃτι
3512 1089 3532 1122 ι
3572 1073 3806 1143 Ἔσομαι

2229 1152 2388 1222 αὐτῇ,
2420 1152 2565 1221 λέγει
2596 1154 2820 1226 Κύριος,
2863 1159 3041 1227 τεῖχος
3071 1158 3240 1229 πυρὸς
3265 1159 3561 1226 κύκλωθεν,
3603 1165 3697 1218 καὶ
3727 1166 3807 1228 είς

2226 1243 2383 1308 δόξαν
2422 1244 2614 1315 ἔσομαι
2645 1249 2701 1298 ὲν
2738 1248 2885 1317 μέσῳ
2918 1249 3108 1318 αὐτῆς.
3171 1270 3189 1303 ι
3237 1251 3443 1305 Ψάλλει
3488 1253 3597 1323 γὰρ
3640 1254 3735 1307 καὶ
3778 1256 3806 1307 6

2230 1338 2498 1408 μακάριος
2525 1338 2717 1392 Δαϐίδο
2758 1358 2777 1390 ι
2827 1340 2958 1394 Ἰδοὺ
3008 1343 3068 1395 οὐ
3098 1343 3376 1409 νυστάξει,
3414 1345 3535 1398 οὐδὲ
3566 1345 3811 1401 ὕπνὼσει-

2224 1430 2253 1480 ὁ
2279 1427 2565 1496 φυλάσσων
2595 1428 2683 1482 τὸν
2720 1431 2959 1501 Ἰσραήλ.
3001 1451 3018 1482 ι
3069 1433 3286 1504 Ἐπειδὴ
3336 1435 3393 1487 δὲ
3421 1437 3596 1491 καίτοι
3642 1455 3802 1508 γεγο-

2224 1519 2329 1580 νὼς
2358 1522 2385 1573 6
2430 1520 2662 1592 Ἰσραὴλ,
2703 1523 2960 1591 ἀμπελὼν
3002 1526 3209 1597 Κυρίου
3262 1526 3511 1593 Σαϐαὼθ,
3561 1532 3803 1603 κεχαρά-

2224 1628 2398 1665 κωται
2431 1612 2528 1682 μὲν
2553 1614 2646 1666 καὶ
2667 1613 2870 1685 ἠξιώθη
2904 1615 3183 1685 φραγμοῦ.
3213 1617 3413 1672 Τέτοκε
3439 1620 3494 1673 δὲ
3533 1622 3797 1688 ἀκάνθας,

2223 1702 2315 1755 καὶ
2338 1701 2544 1756 δέδοται
2571 1705 2720 1776 παρὰ
2744 1706 2878 1759 θεοῦ
2908 1710 3020 1770 τοῖς
3049 1708 3252 1761 ἀδικεῖν
3284 1710 3549 1773 εἰωθόσιν,
3581 1731 3600 1763 r
3653 1712 3795 1767 Καθ-

2223 1792 2330 1845 ελῶ
2366 1793 2495 1865 γὰρ,
2546 1797 2697 1866 φησι,
2754 1798 2843 1849 τὸν
2887 1799 3138 1868 φραγμὸν
3185 1800 3371 1867 αὐτοῦ,
3405 1804 3499 1856 καὶ
3540 1803 3689 1857 ἔσται
3722 1808 3802 1875 είς

2219 1883 2546 1957 διαρπαγὴν,
2584 1888 2677 1940 καὶ
2708 1888 2920 1940 καθελῶ
2951 1890 3042 1942 τὸν
3085 1892 3264 1961 τοῖχον
3292 1892 3479 1957 αὐτοῦ,
3514 1896 3608 1951 καὶ
3646 1895 3798 1950 ἔσται

2220 1979 2299 2040 είς
2330 1979 2723 2050 καταπάτημα,
2753 1981 2847 2036 καὶ
2877 1981 3062 2052 ἀνήσω
3091 1982 3182 2039 τὸν
3227 1984 3525 2053 ἀμπελῶνά
3553 2004 3675 2056 μου,
3705 1988 3798 2039 καὶ

2220 2068 2280 2122 οὐ
2355 2069 2430 2140 μὴ
2478 2069 2682 2140 τμηθῇ,
2748 2072 2868 2124 οὐδὲ
2920 2074 2995 2145 μὴ
3043 2076 3247 2145 σκαφῇ.
3303 2091 3322 2125 ›
3376 2077 3661 2151 Τοιγάρτοι
3703 2079 3797 2130 καὶ

2219 2161 2521 2233 ἐλυμήνατο
2594 2162 2763 2234 αὐτὴν
2805 2164 3017 2235 κάπρος
3087 2167 3151 2218 ἐκ
3217 2166 3445 2237 δρυμοῦ,
3520 2170 3614 2222 καὶ
3678 2170 3793 2236 ὄνος

2218 2250 2409 2319 ἄγριος
2432 2252 2840 2323 κατενεμήσατο
2865 2252 3056 2335 αὐτῂν,
3096 2255 3177 2308 ὅτι
3206 2255 3261 2309 δὲ
3286 2256 3457 2327 ἀνῆκε
3500 2259 3591 2313 τὸν
3618 2261 3799 2335 άμπε.

2217 2339 2364 2395 λῶνα
2384 2340 2538 2405 Θεὸς,
2567 2343 2663 2396 καὶ
2688 2330 3177 2412 ἐγκαταλέλειπται
3206 2348 3340 2418 παρ’
3362 2348 3526 2401 αὑτοῦ
3556 2330 3795 2405 διδάσκει

2216 2430 2393 2500 λέγων
2439 2434 2467 2485 6
2521 2433 2752 2505 Σωτήρ·
2799 2452 2817 2485 ι
2879 2435 3254 2507 Ἰερουσαλὴμ,
3321 2438 3695 2512 Ἰερουσαλὴμ,
3760 2445 3794 2520 ἡ

2217 2515 2588 2574 ἀποκτενοῦσα
2626 2522 2750 2585 τοὺς
2796 2526 3097 2595 προφήτας,
3130 2527 3223 2578 καὶ
3271 2526 3622 2584 λιθοϐολοῦσα
3667 2515 3795 2597 τοὺς

2216 2613 2658 2683 ἀπεσταλμένους
2688 2615 2823 2685 πρὸς
2869 2616 3059 2686 αὐτὴν,
3108 2619 3341 2688 ποσάκις
3387 2620 3628 2698 ἠθέλησα
3672 2625 3792 2681 tm-

2218 2708 2541 2773 συναγαγεῖν
2561 2703 2628 2758 τὰ
2650 2703 2816 2759 τέκνα
2845 2724 2957 2772 σου,
2989 2708 3048 2760 δν
3082 2710 3282 2779 τρόπον
3302 2712 3619 2781 ἐπισυνάγει
3644 2714 3793 2785 ὅρνις

2213 2793 2284 2848 cdt
2326 2795 2512 2847 νοσσία
2540 2794 2710 2865 αὐτῆς
2735 2796 2840 2849 ὑπὸ
2866 2796 2964 2860 τὰς
2994 2799 3289 2870 πτέρυγας,
3338 2801 3432 2854 καὶ
3463 2803 3562 2855 οὐκ
3598 2802 3792 2879 ἠθελήέ

2218 2902 2384 2939 σατε⁸
2447 2886 2554 2939 ἰδοὺ
2604 2886 2823 2956 ἀφίεται
2880 2888 3008 2958 ὑμῖν
3059 2891 3087 2942 6
3118 2885 3266 2953 οἷκος
3316 2892 3468 2962 ὑμῶν
3501 2892 3722 2964 ἔρημος.
3766 2915 3787 2953 ι

2214 2975 2699 3046 Προανακεκράγει
2750 2977 2807 3029 δὲ
2854 2976 3013 3030 τοῦτο
3064 2980 3154 3031 καὶ
3186 2979 3274 3032 διά
3305 2984 3486 3052 φωνῆς
3514 2987 3791 3055 προφήτου

2213 3065 2391 3135 λέγων
2413 3084 2427 3096 ο
2476 3067 2937 3134 Ἐγκαταλέλοιπα
2986 3069 3077 3121 τὸν
3109 3065 3255 3122 οἶκόν
3291 3088 3417 3141 μου,
3455 3074 3641 3143 ἀφῆκα
3693 3075 3792 3146 τὴν

2215 3157 2585 3228 κληρονομίαν
2629 3174 2750 3227 μου.
2801 3159 3020 3212 Δέδωκα
3063 3160 3162 3230 τὴν
3208 3162 3570 3233 ἠγαπημένην
3615 3150 3791 3236 ψυχὴν

2218 3266 2318 3319 μου
2350 3252 2429 3312 εἰς
2469 3252 2656 3319 χεῖρας
2686 3248 2895 3318 ὲχθρῶν
2933 3251 3121 3321 αὐτῆς.
3170 3250 3431 3323 Ὲγενήθη
3471 3256 3502 3323 ή
3536 3255 3790 3325 κληρονο-

2218 3340 2313 3410 μία
2346 3356 2446 3408 μου
2486 3338 2631 3407 ἐμοὶ,
2664 3337 2739 3400 ὡς
2786 3337 2922 3390 λέων
2971 3340 3029 3390 ὲν
3073 3339 3285 3410 δρυμῷ,
3319 3340 3547 3393 δέδωκεν
3574 3343 3663 3394 ἐπ’
3691 3343 3790 3413 ἐμὲ

2214 3430 2398 3499 φωνὴν
2429 3430 2621 3498 αὐτῆς,
2666 3427 2754 3481 διὰ
2825 3427 2984 3481 τοῦτο
3031 3429 3271 3499 ἐμίσησα
3308 3432 3495 3501 αὑτήν.
3535 3451 3552 3482 ι
3597 3434 3793 3503 Διαμέη

2216 3537 2415 3591 μνηται
2460 3519 2519 3573 δέ
2566 3536 2669 3572 που
2737 3519 3018 3589 Ἰώσηπος,
3068 3522 3096 3573 6
3127 3521 3195 3573 cdt
3225 3522 3323 3587 τῆς
3378 3523 3643 3576 Ἰουδαίων
3688 3524 3791 3594 γῆς

2215 3612 2639 3683 ἐκτραγῳδήσας
2689 3611 2861 3681 πάθη,
2916 3612 3041 3665 Ὀτι
3094 3612 3391 3684 μελλούσης
3444 3615 3645 3669 άλῷναι
3690 3617 3795 3685 τῆς

2223 3700 2600 3772 Ἰερουσαλὴμ.
2633 3703 2829 3773 ἤκουον
2856 3704 2907 3755 oi
2941 3704 3106 3773 ἱερεῖς
3132 3704 3189 3756 ὲν
3215 3704 3294 3773 τῷ
3340 3705 3453 3775 ναῷ
3482 3706 3683 3777 φωνῆς,
3714 3706 3789 3770 ὡς

2210 3790 2320 3843 τῶν
2357 3791 2415 3844 ὲν
2458 3791 2606 3860 αὐτῷ
2639 3789 2885 3862 βοώντων
2929 3793 3197 3861 ἀγγέλων,
3248 3794 3676 3865 Μεταϐαίνωμεν
3706 3798 3790 3848 ἑν-

2208 3882 2421 3937 τεῦθεν.
2475 3883 2596 3936 Ὅτι
2664 3882 2721 3936 δὲ
2787 3880 2995 3948 πόλεως
3062 3885 3544 3957 πολιορκουμένης,
3609 3886 3787 3955 φυγῆς

2211 3974 2362 4045 παρὰ
2417 3974 2638 4027 πάντων
2684 3975 2930 4046 ζητεῖται
2955 3976 3154 4048 τρόπος
3205 3977 3315 4030 τῶν
3368 3979 3426 4030 ὲν
3479 3978 3637 4047 αὐτῇ,
3670 3978 3789 4041 πῶς

2208 4066 2356 4120 ἐστιν
2386 4066 2753 4137 ἀμφιϐαλεῖν;
2808 4068 3058 4121 ἐντεῦθέν
3113 4069 3227 4121 ἐστι
3267 4067 3336 4121 τὰ
3368 4068 3469 4139 τῆς
3514 4067 3784 4121 Ἰουδαίων

2210 4155 2395 4227 χώρας
2432 4156 2919 4227 διατεκμαίρεσθαι
2962 4156 3139 4227 πάθη.
3169 4156 3507 4226 Τριπόθητον
3536 4156 3644 4225 γὰρ
3672 4158 3787 4220 τοῖς

2207 4249 2684 4321 πολιορκουμένοις
2719 4250 3074 4319 κατεφαίνετο
3102 4247 3196 4300 καὶ¹
3224 4246 3283 4299 τὸ
3314 4247 3483 4317 μόνην
3523 4246 3784 4301 δύνασθαι

2204 4341 2465 4395 διασῶσαι
2488 4341 2688 4412 ψυχήν.
2720 4341 2883 4393 Οἵκου
2912 4338 2967 4391 δὲ
3005 4338 3100 4391 καὶ
3135 4337 3447 4408 περιουσίας
3481 4339 3514 4409 ἢ
3550 4340 3643 4391 καὶ
3683 4339 3784 4407 τῆς

2205 4432 2414 4495 πόλεως
2476 4432 2647 4499 αὐτῆς
2700 4429 2873 4491 οὐδεὶς
2929 4423 2995 4497 ἦν
3046 4428 3226 4490 αὐτοῖς
3279 4428 3559 4490 παντελῶς
3604 4427 3781 4496 λόγος.

2134 4515 2180 4573 D
2219 4523 2414 4575 ’ἰστέον
2441 4520 2499 4573 δὲ
2526 4521 2609 4572 ὃτι
2638 4519 2731 4572 καὶ
2754 4518 2851 4589 τὴν
2875 4518 2969 4571 τοῦ
3003 4518 3290 4588 ἀνθρώπου
3318 4519 3494 4587 ψυχὴν
3529 4519 3779 4585 ὲγκατα-

2207 4610 2490 4663 λείπεσθαι
2542 4609 2689 4680 παρὰ
2738 4606 2872 4661 Θεοῦ
2926 4608 3213 4678 συμϐαίνει
3274 4607 3551 4670 πολλάκις,
3600 4609 3648 4659 εί
3707 4607 3781 4676 μὴ

2204 4702 2378 4755 ἕλοιτο
2427 4700 2671 4771 διορθοῦν
2722 4699 2788 4752 cdt
2836 4700 3266 4769 διατεταγμένα,
3313 4700 3405 4752 καὶ
3443 4698 3781 4762 δεσποτικοῖς

2206 4794 2572 4863 θεσπίσμασιν
2602 4792 2953 4861 ὑποφέρουσα
2983 4791 3072 4843 τὸν
3125 4790 3347 4859 αὐχένα,
3393 4790 3520 4851 τοὺς
3566 4787 3665 4857 τῆς
3698 4789 3779 4849 είς

2205 4887 2368 4940 αὑτὸν
2411 4884 2691 4947 εὐσεϐείας
2724 4884 3004 4936 ἀποτίκτει
3055 4880 3321 4953 καρπούς.
3358 4881 3418 4932 Et
3452 4880 3544 4933 καὶ
3572 4896 3777 4950 κεκρη-

2209 4980 2433 5045 μάτικεν
2465 4977 2579 5040 υἱὸς
2626 4975 2658 5045 ἢ
2708 4976 2952 5047 θυγάτηρ
2985 4973 3142 5035 Θεοῦ,
3177 4975 3226 5026 εί
3262 4973 3355 5026 καὶ.
3393 4972 3583 5040 γέγονε
3616 4969 3781 5034 Σιὼν,

2202 5072 2231 5123 ὃ
2269 5071 2385 5122 ἐστι
2420 5068 2832 5136 σκοπευτήριον,
2864 5066 3009 5119 τοῦτ’
3062 5066 3207 5118 ἐστιν
3252 5066 3310 5117 ὲν
3354 5063 3530 5134 ὑψηλῇ
3575 5062 3777 5132 διανοίᾳ

2208 5162 2303 5217 καὶ
2331 5161 2409 5232 νῷ
2438 5159 2809 5231 καθαρωτάτῳ
2838 5160 2932 5213 καὶ
2956 5159 3088 5229 ὁρᾷν
3117 5158 3278 5211 εἰδότι
3312 5158 3603 5227 μυστήρια.
3649 5150 3777 5206 Εἶτα

522 5256 685 5327 δρῶν,
723 5260 758 5317 ἃ
810 5264 883 5337 μὴ
919 5264 1075 5337 θέμις
1108 5269 1460 5341 παροτρύνων
1485 5271 1656 5342 ὁρῷτο
1680 5274 1770 5327 τὸν
1803 5276 1957 5344 ἆγιον
1989 5282 2083 5338 τοῦ
2119 5280 2360 5354 Ἰσραὴλ,
2405 5272 2961 5345 ὲγκαταλειφθήσεται
3005 5272 3136 5344 παρ’
3211 5269 3397 5335 αὐτοῦ,
3450 5271 3545 5323 καὶ
3566 5261 3656 5321 οἷά
3692 5284 3775 5334 τις
3869 5333 3876 5340 .

525 5348 868 5422 ἀφρούρητος
913 5355 1175 5427 ἀμπελὼν
1219 5358 1567 5431 ὲκδοθήσεται
1613 5361 1690 5433 τῷ
1720 5365 1953 5438 Σατανᾷ,
2000 5348 2241 5437 καὶτοῖς
2295 5348 2500 5424 πάθεσι
2537 5365 2636 5436 τῆς
2685 5363 2905 5434 σαρκὸς,
2947 5362 3150 5433 ἔρημός
3196 5378 3255 5415 τε
3293 5360 3509 5431 ἀπάσης
3576 5357 3775 5429 ἀρετῆς

523 5440 986 5517 ἀναδειχθήσεται,
1020 5450 1115 5501 καὶ
1176 5450 1377 5520 γυμνὸς
1445 5454 1775 5525 αὐχημάτων
1812 5460 1920 5513 τῶν
1948 5463 2012 5515 ἐκ
2042 5466 2310 5527 πολιτείας
2335 5459 2565 5531 ἀγαθῆς,
2601 5456 2695 5511 καὶ
2724 5458 2922 5519 παντὸς
2951 5454 3232 5515 ἀνάπλεως
3264 5451 3455 5506 κακοῦ.
3778 5459 3781 5461 ’

600 5536 763 5602 Vens.
792 5538 845 5594 9.
882 5539 949 5593 Et
983 5543 1084 5594 nisi
1117 5543 1369 5601 Dominus
1399 5548 1630 5603 Sabaoth
1673 5553 1963 5622 reliquisset
1999 5576 2090 5611 no-

607 5801 647 5833 ιι
671 5801 835 5860 lacn.
868 5818 927 5869 ιι,
983 5804 1035 5859 5.
1121 5806 1160 5837 ⁸⁸
1189 5805 1329 5860 Paul.
1373 5825 1498 5877 cxx,
1531 5815 1583 5869 5.

2268 5556 2376 5611 Καὶ
2415 5557 2466 5609 εὶ
2506 5552 2592 5623 μὴ
2640 5552 2857 5622 Κύριος
2887 5550 3128 5605 Σαϐαὼθ
3165 5548 3587 5617 ἐγκατέλειπεν
3630 5544 3776 5615 ἡμῖν

1664 5817 1703 5847 ⁸⁸
1742 5815 2001 5882 lsa.v,6.
2083 5817 2123 5848 "
2160 5815 2349 5873 Matth.
2413 5832 2566 5882 mn,
2620 5816 2829 5883 37,58.
2908 5816 2953 5847 ¹⁹
3007 5819 3209 5873 Jerem.
3264 5831 3359 5881 xu,
3423 5816 3478 5881 7,
3508 5814 3563 5870 8.
