4178 6534
370 407 446 463 ευ
1538 402 1605 458 IN
1643 401 1882 457 ISAIAM
1921 400 1939 456 1

2044 444 2049 457 .
2095 402 2139 456 I.
2181 400 2387 457 OIIAT.
2428 398 2470 458 I.
3542 391 3617 446 δή

371 526 631 596 σπέρμα,
659 524 739 590 ὡς
774 526 1006 596 Σόδομα
1038 526 1117 581 ἂν
1154 526 1537 597 ἐγενήθημεν,
1568 529 1664 582 καὶ
1698 529 1779 595 ὡς
1825 528 1935 581 Fo-

2065 526 2143 579 bis
2166 540 2359 589 semen,
2408 539 2635 580 essemus
2662 534 2717 579 ut
2755 522 2988 581 Sodoma
3008 564 3022 590 ,
3066 484 3115 580 et
3145 525 3295 595 quasi
3324 518 3619 581 Gomorrlm

366 619 557 688 μόρῤα
586 617 664 671 ἂν
690 618 1084 687 ὡμοιώθημεν.

442 707 938 780 Καταπρησθεισης
966 710 1062 780 τῆς
1088 708 1274 782 χώρας
1316 709 1487 766 διάτοι
1534 710 1635 782 τὴν
1679 714 1758 775 εἰς
1804 713 1939 782 Χρι-

374 799 498 853 στὸν
543 799 819 866 ἀσέϐειαν,
871 800 1140 854 σέσωσται
1196 802 1288 855 καὶ
1320 802 1462 855 οὕτω
1501 803 1563 856 τὸ
1595 803 1941 873 κατάλειμμα

369 891 465 943 τοῦ
535 889 770 961 Ἰσραὴλ,
816 890 951 944 Θεοῦ
998 893 1483 964 κατοικτείροντος,
1538 894 1634 947 καὶ
1679 896 1798 957 ταῖς
1834 893 1943 947 τῶν

369 982 621 1053 πατέρων
657 985 897 1055 μνήμαις
930 984 1100 1056 δῶρον
1129 986 1380 1055 καθάπερ
1418 1004 1472 1039 τι
1500 986 1594 1039 καὶ
1625 986 1783 1039 τοῦτο
1808 986 1945 1055 μετὰ

368 1072 478 1126 τῶν
507 1072 683 1126 ἄλλων
704 1072 978 1145 ἐξαίρετον
1009 1075 1392 1146 ἀπονέμοντος.
1427 1077 1500 1129 Οὐ
1532 1076 1639 1146 γὰρ
1667 1074 1944 1127 ἀπόλωλεν

369 1165 697 1235 όλοτρόπως,
733 1164 855 1218 οὕτε
890 1167 996 1237 μὴν
1033 1165 1091 1232 ἐξ
1139 1167 1318 1220 αὐτῶν
1346 1166 1669 1235 κατεσείσθη
1705 1165 1941 1237 βάθρων,

368 1256 503 1309 ἀλλὰ
533 1256 841 1327 μεμένηκεν
872 1257 929 1309 ὲν
958 1257 1246 1328 λειψάνοις.
1283 1252 1464 1311 1Ἦσαν
1505 1258 1613 1327 γὰρ
1658 1258 1718 1322 ἐξ
1765 1257 1943 1311 αὐτῶν

368 1344 463 1398 καὶ
507 1346 556 1398 οἱ
587 1344 860 1399 θεσπέσιοι
912 1346 1171 1416 μαθηταὶ,
1216 1348 1310 1399 καὶ
1348 1348 1454 1417 μὴν
1494 1348 1586 1401 καὶ
1633 1348 1747 1400 ὅσοι
1784 1365 1946 1401 πεπι-

369 1437 660 1491 στεύκασιν
689 1439 768 1501 εις
795 1440 885 1493 τὸν
917 1439 1121 1509 Κύριον
1153 1438 1309 1507 ἡμῶν
1343 1440 1550 1509 Ἰησοῦν
1571 1441 1661 1493 τὸν
1687 1440 1943 1511 Χριστόν.

369 1529 749 1599 κληθήσονται
773 1530 831 1581 δὲ
878 1530 973 1583 καὶ
1003 1531 1059 1581 ὲν
1087 1529 1338 1598 ὲσχάτοις
1365 1531 1459 1582 τοῦ
1488 1532 1682 1593 αἰῶνος
1712 1534 1944 1600 καιροῖς,

368 1620 464 1673 καὶ
492 1621 542 1673 oi
577 1621 743 1690 μήπω
774 1618 1186 1681 πιστεύσαντες.
1224 1620 1331 1671 Καὶ
1362 1622 1495 1689 πρός
1527 1636 1589 1688 γε
1619 1619 1774 1672 τοῦτο
1802 1621 1947 1689 ἡμᾶς

374 1708 707 1763 πιστώσεται
766 1709 924 1778 λόγος
986 1710 1339 1780 προφητικός.
1404 1711 1568 1778 Λέγει
1624 1711 1680 1764 δὲ
1740 1711 1944 1775 οὕτως’

376 1818 395 1851 ι
442 1801 562 1854 Ἔτι
607 1800 809 1863 πολλὰς
853 1802 1068 1872 ἡμέρας
1112 1800 1439 1870 καθήσονται
1474 1804 1522 1853 οι
1562 1804 1669 1855 υἱοὶ
1710 1804 1943 1875 Ἰσραὴλ,

2044 618 2239 674 similes
2272 632 2515 672 essemus.

2120 711 2347 766 Incensa
2380 710 2600 778 regione
2625 717 2846 778 pr0pter
2873 709 3202 778 impietatem
3233 710 3284 763 in
3315 708 3615 776 Christum,

2047 803 2121 859 ita
2160 812 2342 857 tamen
2378 801 2619 871 reliquiae
2658 800 2868 855 lsraelis
2897 812 3124 854 servatae
3145 809 3291 865 sunt,
3321 801 3619 856 miserante

2051 896 2196 959 Deo;
2229 904 2396 962 atque
2427 895 2527 948 hoc
2556 892 2711 963 quasi
2750 882 3067 945 beneficium
3106 893 3246 947 inter
3277 902 3473 948 caetera
3501 893 3617 946 exi-

2047 986 2211 1039 tnium
2240 983 2513 1039 memorite
2529 993 2738 1051 patrum
2773 982 3053 1049 largiente.
3084 980 3192 1034 Nec
3222 983 3364 1035 enim
3395 996 3616 1051 prorsus

2046 1075 2268 1138 interiit,
2308 1089 2405 1129 nec
2434 1076 2501 1129 ab
2536 1074 2665 1143 ipsis
2691 1072 3055 1127 fundamentis
3076 1071 3365 1126 convulsus
3394 1082 3498 1137 est,
3523 1071 3621 1126 sed

2046 1167 2199 1221 litesit
2232 1167 2283 1219 in
2316 1165 2577 1235 reliquiis.
2626 1162 2760 1217 Nam
2834 1178 2900 1217 ex
2945 1162 3050 1215 illis
3083 1162 3412 1215 exstiterunt
3448 1161 3615 1215 divini

2045 1256 2310 1325 discipuli,
2347 1264 2402 1308 et
2428 1254 2643 1325 quidem
2685 1262 2947 1323 quotquot
2976 1252 3028 1306 in
3061 1251 3343 1305 Dominum
3375 1259 3620 1305 nostrum

2043 1350 2225 1405 Iesum
2277 1348 2551 1404 Christum
2593 1363 2741 1417 spem
2766 1347 3047 1417 :ﬁdemque
3084 1345 3434 1415 eonjererunt
3461 1362 3476 1399 :
3504 1352 3619 1399 tum

2045 1444 2381 1498 vocabuntur
2414 1441 2674 1495 extremis
2710 1440 2890 1494 saeculi
2949 1438 3283 1507 temporibus
3314 1446 3370 1491 et.
3412 1437 3488 1501 bi,
3520 1437 3617 1505 qui

2048 1534 2282 1586 nondum
2301 1532 2663 1586 crediderunt.
2692 1531 2770 1584 Ad
2794 1530 2909 1583 haec
2940 1528 3096 1582 [idem
3128 1527 3285 1581 nobis
3312 1526 3470 1580 faciei.
3494 1523 3624 1579 Vera

2048 1623 2174 1694 bum
2203 1636 2218 1685 ;
2254 1621 2395 1688 quod
2426 1620 2498 1673 ita
2530 1621 2691 1674 habet
2726 1638 2740 1675 :
2770 1639 2789 1671 ι
2819 1618 2955 1686 Quia
2985 1619 3180 1672 multos
3208 1617 3322 1672 dies
3356 1618 3621 1671 sedebunt

2051 1712 2142 1765 ﬁlii
2175 1711 2387 1767 lsraelis
2413 1751 2428 1774 ,
2483 1712 2602 1766 sine
2654 1726 2801 1780 rege,
2841 1712 2959 1765 sine
3010 1709 3274 1779 principe,
3312 1708 3431 1762 sine
3459 1706 3627 1762 sacris

2052 1804 2192 1866 ticio,
2225 1804 2344 1859 sine
2371 1803 2553 1869 altari,
2577 1804 2694 1858 sine
2726 1803 3050 1866 sacerdotio,
3073 1802 3194 1855 sine
3222 1799 3619 1854 manifestatioo

370 1892 470 1944 οὐκ
502 1891 652 1954 ὄντος
686 1892 949 1959 βασιλέως
976 1890 1101 1944 οὐδὲ
1138 1892 1289 1955 ὄντος
1317 1893 1599 1962 ἄρχοντος,
1639 1896 1739 1947 οὐκ
1782 1895 1939 1964 ούσης

2053 1896 2233 1950 nibus.
2270 1896 2461 1950 Postea
2510 1905 2852 1949 revertentur
2898 1894 2992 1947 ﬁlii
3049 1892 3256 1957 Israel,
3293 1901 3347 1946 et
3377 1898 3626 1959 quaerens

369 1982 580 2043 θυσίας,
634 1981 755 2034 οὐδὲ
809 1981 961 2044 ὄντος
1021 1981 1427 2053 θυσιαστηρίου,
1488 1983 1611 2036 οὔτε
1670 1986 1948 2054 ἱερατείας

366 2071 489 2125 οὔτε
544 2072 739 2141 δήλων.
822 2073 934 2125 Καὶ
996 2075 1133 2144 μετὰ
1179 2074 1353 2129 ταῦτα.
1420 2076 1838 2147 ἐπιστρέφουσιν
1895 2079 1946 2130 oi

366 2165 475 2218 υἱοὶ
532 2166 764 2238 Ἰσραὴλ,
839 2166 935 2220 καὶ⁵
974 2167 1363 2238 ὲπιζητήσουσι
1427 2167 1631 2239 Κύριον
1680 2169 1772 2221 τὸν
1816 2168 1948 2222 Θεὸν

365 2255 547 2312 αὐτῶν
600 2259 693 2311 καὶ
747 2258 909 2312 Δασὶδ
953 2259 1045 2313 τὸν
1135 2259 1358 2330 βασιλέα
1402 2260 1611 2315 αὐτῶν.
1689 2261 1798 2313 Καὶ
1855 2262 1946 2314 ὲκ-

369 2350 655 2420 στήσονται
713 2350 804 2403 ἐπὶ
858 2348 936 2421 τῷ
983 2350 1193 2421 Κυρίῳ,
1248 2353 1342 2406 καὶ
1404 2351 1497 2404 ἐπὶ
1554 2354 1668 2415 τοῖς
1722 2352 1947 2419 ἀγαθοῖς

368 2434 536 2490 αὑτοῦ
563 2437 651 2487 ἐπ’
682 2438 910 2508 ἐσχάτου
936 2438 1045 2491 τῶν
1084 2439 1329 2510 ἡμερῶν.
1366 2459 1384 2491 ι
1420 2441 1531 2494 Καὶ
1559 2440 1666 2511 μὴν
1709 2442 1802 2494 καὶ
1829 2442 1947 2494 ἑτέ-

371 2523 502 2593 ρωθι
547 2526 575 2578 ὁ
622 2526 730 2580 τῶν
776 2526 913 2581 ὅλων
942 2528 1108 2592 Θεός⁹
1144 2549 1162 2581 ι
1211 2530 1276 2582 Τί
1327 2548 1386 2584 σε
1437 2531 1606 2585 διαθῶ
1669 2533 1943 2603 Ἐφραῖμ;

377 2616 733 2688 Ὑπερασπιῶ
756 2636 868 2683 σου,
902 2620 1227 2691 Ἰσραήλςτί
1254 2639 1311 2675 σε
1332 2622 1533 2688 διαθῶ;
1568 2625 1710 2679 Ὥσεὶ
1739 2628 1945 2699 Ἀδάμα

370 2707 606 2777 θήσομαί
646 2725 730 2773 σε,
754 2712 848 2763 καὶ
875 2710 950 2774 ὡς
982 2711 1260 2780 Σεϐωείμ’
1305 2715 1652 2785 μετεστράφη
1686 2718 1718 2786 ή
1748 2716 1946 2788 καρδία

373 2816 500 2868 μου,
532 2801 591 2853 ὲν
632 2800 711 2871 τῷ
742 2801 910 2872 αὐτῷ.
947 2804 1327 2876 Συνεταράχθη
1370 2806 1402 2875 ή
1440 2807 1773 2876 μεταμέλειά
1803 2824 1905 2877 μου
1929 2825 1943 2839 ·

366 2889 428 2941 οὐ
465 2890 542 2961 μὴ
576 2892 789 2961 ποιήσω
827 2894 966 2946 κατὰ
1007 2894 1108 2963 τὴν
1135 2896 1304 2966 ὀργὴν
1344 2896 1438 2949 τοῦ
1472 2897 1643 2967 θυμοῦ
1697 2916 1819 2968 μου.
1870 2900 1943 2953 Οὐ

370 2981 447 3052 μὴ
473 2983 852 3052 ἐγκαταλείψω
872 2985 966 3037 τοῦ
991 2986 1374 3057 ἐξαλειφθῆναι
1402 2990 1493 3042 τὸν
1529 2989 1784 3060 Ἐφραῖμ,
1811 2991 1944 3045 διότι

366 3071 478 3140 ἐγὼ
525 3072 657 3136 Θεός
700 3076 835 3144 ειμι,
885 3077 979 3129 καὶ
1008 3077 1109 3130 οὐκ
1140 3077 1430 3149 ἄνθρωπος
1479 3081 1536 3133 ἐν
1577 3098 1659 3134 σοι
1701 3082 1876 3149 ἅγιος.
1918 3102 1937 3135 s

2051 1988 2334 2040 Dominum
2376 1986 2542 2039 Deum
2576 2001 2730 2040 suum
2752 2025 2768 2047 ,
2800 1996 2855 2040 et
2889 1986 3056 2039 David
3086 1999 3263 2052 regem
3310 1998 3465 2037 suum
3493 2020 3508 2045 ,
3569 1992 3624 2035 et

2050 2079 2343 2146 stupebnnt
2374 2077 2441 2132 ad
2466 2077 2777 2141 Dominum,
2824 2087 2877 2130 et
2904 2092 3067 2145 super
3094 2075 3247 2130 bonis
3273 2074 3411 2141 ejus,
3442 2074 3495 2127 in
3525 2088 3625 2127 no-

2051 2171 2285 2225 vissimis
2316 2172 2502 2225 diebus
2529 2170 2593 2223 ¹⁹.
2626 2189 2644 2221 s
2701 2170 2762 2223 Et
2816 2169 3012 2223 alicubi
3037 2169 3417 2222 universorum
3444 2167 3620 2221 Deus:

2054 2280 2073 2313 ι
2106 2261 2242 2327 Quid
2262 2261 2378 2325 tibi,
2412 2280 2430 2314 ι
2460 2261 2653 2330 inquit,
2688 2280 2706 2313 s
2751 2261 2944 2316 faciam
2988 2259 3293 2330 Ephraim?
3332 2258 3626 2329 Protegam

2051 2369 2102 2412 te
2134 2356 2493 2426 lsracl?Quid
2544 2358 2638 2412 tibi
2691 2357 2929 2412 faciam?
2968 2354 3037 2411 Ut
3062 2354 3266 2409 Adams
3302 2368 3494 2424 ponam
3532 2361 3627 2418 te,

2053 2447 2150 2514 ιι
2185 2455 2241 2499 et
2280 2455 2340 2500 ut
2368 2445 2607 2500 Sehoim.
2632 2447 2965 2500 Conversum
2993 2453 3075 2499 est
3094 2459 3188 2498 cor
3204 2459 3379 2499 meum
3409 2444 3461 2497 in
3482 2442 3625 2511 ipso.

2047 2538 2368 2591 conturbata
2419 2548 2507 2592 est.
2556 2538 2834 2607 pmnitudo
2877 2552 3017 2600 mea,
3055 2552 3162 2590 non
3224 2533 3623 2602 faciam,jnxta

2048 2630 2181 2683 iram
2245 2630 2442 2683 furoris
2525 2631 2650 2697 mei,
2712 2645 2817 2684 non
2889 2629 3190 2699 relinquam
3254 2638 3313 2682 ut
3382 2627 3623 2681 deleatur

2051 2721 2323 2791 Ephraim,
2349 2721 2545 2790 quippe
2578 2735 2676 2791 ego
2731 2723 2869 2776 Deus
2894 2736 3035 2785 sum,
3072 2736 3176 2775 non
3230 2720 3410 2783 homo,
3464 2720 3516 2773 in
3571 2727 3623 2772 te

2047 2813 2372 2868 uinctus":
2393 2811 2593 2875 Audin,
2613 2827 2718 2879 quo
2736 2824 2891 2881 pacto
2916 2828 3017 2864 non
3036 2828 3132 2879 pro
3148 2813 3241 2866 ira:
3260 2811 3624 2881 magnitudine

2046 2918 2105 2958 se
2137 2911 2323 2957 contra
2386 2916 2481 2956 eos
2531 2900 2796 2954 facturum
2849 2897 3185 2967 polliceatur,
3228 2907 3285 2951 at
3345 2898 3624 2952 denuntiet

2045 3004 2171 3047 ante
2228 2993 2404 3060 potius
2435 2991 2772 3045 clementiam
2801 2990 3243 3059 delinquentibus
3263 3030 3278 3052 ,
3308 3005 3370 3043 ac
3400 2991 3454 3043 in
3487 3004 3623 3058 pau-

2045 3084 2124 3137 cis
2186 3082 2429 3152 reliqniis
2478 3080 2727 3135 Israelem
2784 3079 3202 3135 remansurum?
3239 3080 3391 3146 Quod
3436 3081 3622 3135 eodem

381 3163 621 3228 Ἀκούεις
649 3166 797 3229 ὅπως
824 3169 885 3220 οὐ
927 3169 1070 3222 κατὰ
1102 3169 1163 3223 τὸ
1192 3171 1421 3239 μέγεθος
1457 3173 1555 3242 τῆς
1589 3173 1757 3245 ὀργῆς
1786 3175 1939 3244 ποιή-

2044 3175 2208 3228 etiam
2281 3176 2439 3227 modo
2498 3171 2762 3241 superiori
2827 3172 3085 3226 memoria
3154 3173 3312 3225 nobis
3365 3172 3620 3227 ostendit.

369 3271 481 3309 σειν
543 3257 665 3331 κατέ
724 3258 902 3310 αὐτῶν
954 3260 1350 3329 ἐπηγγείλατο,
1402 3262 1823 3334 προύπισχνεῖτο
1881 3265 1939 3318 δὲ

2048 3266 2215 3318 Erant
2274 3264 2418 3317 enim
2488 3261 2742 3316 Israelita:
2809 3261 3067 3316 increduli
3132 3262 3185 3315 in
3222 3264 3459 3325 deserto,
3500 3277 3621 3315 cum

370 3346 1934 3420 μᾶλλονπλημμε............

1244 3443 1549 3515 ἠπείθησαν
1578 3447 1677 3516 μὲν
1706 3448 1815 3520 γάρ
1844 3451 1938 3503 καὶ

366 3531 506 3584 κατὰ
542 3530 640 3602 τὴν
665 3531 869 3604 ἔρημον
910 3537 959 3587 oi
989 3533 1049 3599 ἐξ
1086 3535 1302 3608 Ἰσραὴλ
1338 3538 1476 3608 πρὸς
1502 3538 1684 3604 αὐτοῖς
1719 3540 1939 3609 γεγονό-

364 3636 456 3685 τες
485 3624 596 3685 τοῖς
618 3623 711 3676 τοῦ
756 3625 1018 3695 Ἰορδάνου
1042 3627 1265 3698 νάμασι,
1298 3628 1391 3682 καὶ
1424 3628 1779 3701 κληρονομεῖν
1807 3632 1937 3702 μέλ-

365 3712 546 3775 λοντες
576 3713 676 3784 τῆς
724 3717 1054 3785 ἐπαγγελίας
1086 3721 1184 3790 τὴν
1236 3719 1356 3791 γῆν.
1413 3721 1576 3775 Ὅθεν
1627 3722 1729 3794 ἔφη
1766 3724 1931 3788 Θεόςο

370 3824 388 3854 ι
440 3805 529 3868 Ὠς
553 3804 742 3876 ὤμοσα
780 3810 934 3881 ὲντῇ
969 3809 1104 3881 ὀργῇ
1145 3828 1267 3881 μου,
1320 3813 1369 3864 εξ
1414 3814 1808 3869 εἰσελεύσονται
1854 3819 1935 3881 εἰς

362 3895 462 3965 τὴν
491 3897 833 3954 κατάπαυσίν
857 3917 979 3970 μου.
1012 3920 1031 3952 s
1061 3902 1323 3956 Πέπτωκε
1350 3903 1459 3975 γὰρ
1480 3903 1549 3957 τὰ
1576 3905 1723 3959 κῶλα
1753 3906 1933 3963 αὐτῶν

365 3985 423 4036 ἐν
448 3987 513 4056 τῇ
544 3987 752 4058 ἐρήμῳ,
802 3990 894 4043 καὶ
929 3990 1166 4056 ἅπαντες
1203 3992 1617 4067 δεδαπάνηνται,
1650 3997 1789 4070 πλὴν
1820 4000 1934 4053 Χα-

365 4075 458 4128 λὲὸ
497 4075 611 4140 υἱὸς
667 4078 890 4152 Ἰεφονῆ,
925 4083 1018 4135 καὶ
1064 4083 1272 4155 Ἰησοῦς
1314 4088 1343 4139 ό
1368 4087 1462 4142 τοῦ
1492 4090 1666 4160 Ναυῆ.
1715 4092 1933 4146 Συνεισ-

364 4170 565 4242 ἔϐησαν
593 4173 670 4244 τῷ
699 4175 803 4245 νέῳ
832 4174 964 4246 λαῷ,
1008 4178 1104 4230 καὶ
1132 4178 1343 4248 διῆλθον
1379 4182 1469 4235 τὸν
1522 4183 1811 4256 Ἰορδάνην,
1838 4186 1932 4239 καὶ

362 4265 561 4336 κλῆρον
596 4268 862 4338 ἐσχήκασι
890 4269 982 4322 τὸν
1024 4270 1176 4341 παρὰ
1209 4270 1365 4328 Θεοῦ.
1413 4272 1595 4337 Τύπος
1635 4274 1680 4326 δ’
1727 4276 1794 4329 ἂν
1822 4271 1931 4330 εἷεν

360 4353 507 4411 οὗτοι
548 4358 644 4411 τοῦ
694 4359 1137 4431 καταλείμματος
1182 4361 1278 4415 τοῦ
1318 4363 1554 4434 Ἰσραὴλ,
1582 4367 1928 4435 σεσωσμένον

365 4448 465 4517 μὲν
493 4448 561 4502 δι’
591 4450 837 4521 ὑπακοῆς
865 4451 1101 4515 πίστεως
1143 4452 1245 4522 τῆς
1285 4454 1365 4516 εἰς
1396 4455 1650 4524 Χριστὸν,
1680 4455 1929 4508 διαϐιϐα-

370 3475 387 3492 9
463 3476 481 3491 ο
557 3478 572 3492 ο
650 3478 665 3492 ο
743 3478 760 3495 ο
838 3481 852 3496 ο
929 3478 946 3494 ο
1026 3481 1041 3496 ο
1118 3480 1134 3495 ο

365 4537 579 4602 σθέντος
602 4538 660 4592 δὲ
699 4541 835 4609 μεθἰ
853 4540 1010 4611 ἡμῶν
1037 4541 1126 4595 τὸν
1150 4542 1302 4611 ἅγιον
1342 4546 1633 4616 Ἰορδάνην,
1685 4548 1779 4600 καὶ
1800 4547 1930 4618 κλη-

2044 4564 2257 4604 essemus
2323 4556 2378 4598 ut
2434 4544 2684 4605 Sodoma,
2732 4559 2957 4596 essemus
3022 4543 3325 4597 Gomorrlue
3394 4543 3610 4597 similes.
3707 4615 3716 4625 _

365 4628 683 4696 ρονομήσειν
727 4627 1012 4697 μέλλοντος
1048 4630 1146 4699 τὴν
1185 4631 1294 4685 τῶν
1339 4634 1584 4702 οὐρανῶν
1634 4634 1929 4704 βασιλείαν.

362 4717 685 4788 Εὐχαριστετ
708 4719 998 4791 τοιγαροῦν
1024 4722 1053 4774 ὁ
1078 4724 1382 4795 προφήτης,
1423 4725 1596 4794 λέγων
1619 4743 1633 4757 ·
1671 4746 1689 4777 ι
1731 4730 1798 4781 Ei
1844 4728 1931 4797 μὴ

360 4808 575 4875 Κύριος
606 4810 881 4865 Σαϐαώθε
913 4812 1304 4881 ἐγκατέλιπεν
1353 4815 1498 4883 ἡμῖν
1546 4817 1803 4886 σπέρμα,
1853 4819 1934 4884 ὡς

360 4897 596 4965 Σόδομα
647 4898 725 4952 ἂν
782 4900 1183 4970 ἐγενήθημεν,
1251 4904 1350 4957 καὶ
1396 4905 1476 4970 ὡς
1523 4907 1799 4974 ΓοΜρῤα
1857 4906 1935 4961 ἂν

359 4988 758 5059 ὡμοιώθημεν.
807 4993 1241 5065 Λελατρευκότος
1284 4994 1394 5066 γὰρ
1436 4995 1675 5061 εἰδώλοις
1698 4997 1792 5050 τοῦ
1833 4997 1935 5053 Ἰσ-

363 5078 522 5149 ραὴλ,
552 5081 834 5145 ἀνελόντος
864 5084 922 5136 δὲ
962 5086 1057 5138 καὶ⁵
1101 5087 1407 5156 προφήτας,
1450 5088 1831 5158 ἀρνησαμένου
1872 5106 1932 5143 τε

361 5168 614 5238 Χριστὸν,
672 5173 870 5242 μᾶλλον
918 5173 975 5227 δὲ
1019 5176 1113 5228 καὶ
1141 5177 1499 5241 ἀπεκτονότος
1532 5177 1626 5231 τὸν
1689 5178 1932 5249 ἀρχηγὸν

360 5261 462 5329 τῆς
511 5262 675 5334 ζωῆς.
734 5265 826 5319 τὸν
881 5266 1114 5321 εἰσάπαν
1176 5268 1396 5340 ὄλεθρον
1450 5271 1933 5341 καταψηφίσασθαι

363 5353 565 5414 παντὸς
602 5355 795 5422 γένους
826 5358 994 5428 ὲχρῆν
1015 5358 1107 5412 τὸν
1133 5360 1239 5413 τῶν
1266 5361 1401 5415 ὅλων
1429 5363 1582 5417 Θεόν.
1628 5365 1845 5437 Ἐπειδὴ
1875 5364 1932 5419 δέ

360 5443 511 5495 ἐστιν
548 5445 753 5512 ἀγαθὸς
791 5448 929 5519 ὑπὲρ
956 5450 1130 5518 λόγον,
1164 5454 1430 5525 τετήρηκε
1463 5454 1524 5507 τὸ
1561 5456 1928 5527 κατάλειμμα,

360 5537 456 5587 καί
481 5536 543 5588 οὐ
587 5538 873 5606 γεγόνασιν
919 5542 977 5594 ὲν
1012 5542 1110 5613 ἴσῳ
1151 5548 1264 5608 τοῖς
1291 5546 1563 5618 Σοδόμοις,
1590 5551 1639 5602 οἱ
1672 5553 1930 5619 παγγενεί

356 5643 420 5683 τε
475 5628 570 5681 καὶ
612 5633 863 5691 πανοικεὶ
913 5636 1006 5687 καὶ
1059 5636 1246 5701 αὐταῖς
1289 5679 1301 5691 .
1346 5679 1359 5693 .
1406 5681 1417 5692 .
1463 5679 1476 5694 .
1522 5680 1536 5695 .
1581 5682 1594 5695 .
1640 5684 1650 5695 .
1692 5686 1704 5696 .
1751 5684 1764 5699 .
1806 5687 1818 5701 .
1860 5685 1872 5699 .
1912 5689 1924 5702 .

442 5783 485 5821 λ’
516 5782 677 5843 Osee.
736 5802 819 5853 ut,
852 5787 904 5855 4,
938 5790 989 5843 5.
1068 5792 1114 5822 ευ
1149 5790 1307 5847 Osee.
1368 5796 1525 5849 xi..8.

2045 3365 2229 3411 essent
2276 3367 2442 3423 prope
2496 3352 2667 3420 ipsum
2721 3351 2894 3405 rivum
2958 3349 3227 3409 Iordanis.
3288 3349 3622 3419 jamjamque

2047 3458 2244 3500 terram
2286 3443 2657 3514 promissionis
2704 3444 3027 3508 possessuri,
3070 3444 3212 3497 unde
3257 3442 3399 3498 Deus
3431 3462 3447 3499 :
3475 3461 3496 3496 ι
3529 3442 3621 3498 Sic

2037 3533 2236 3604 jnravi,
2260 3552 2278 3587 ι
2300 3534 2488 3603 inquit,
2517 3550 2535 3583 ι
2567 3533 2620 3586 in
2639 3534 2720 3587 ira
2752 3548 2890 3596 mea,
2910 3531 2966 3586 Si
2993 3532 3355 3587 introibuntin
3383 3531 3619 3600 requiem

2044 3645 2218 3684 tneam
2235 3630 2303 3682 “.
2342 3648 2361 3681 s
2397 3626 2723 3684 Ceciderunt
2767 3627 3008 3681 membra
3052 3642 3237 3681 eorum
3279 3626 3331 3679 in
3365 3626 3622 3683 deserto:

2040 3731 2095 3775 et
2124 3735 2312 3775 omnes
2344 3719 2644 3788 consumpti
2687 3728 2814 3772 sunt
2870 3724 3066 3787 praeter
3119 3716 3374 3771 Calebum
3449 3716 3617 3770 tilium

2039 3811 2302 3884 Jepbone,
2345 3826 2399 3867 et
2434 3810 2559 3866 Jesu
2627 3810 2797 3865 lilium
2858 3808 3027 3873 Nave,
3067 3809 3158 3876 qui
3203 3808 3428 3877 ingressi
3491 3816 3618 3863 sunt

2041 3921 2144 3959 ttna
2188 3920 2311 3959 cum
2366 3904 2559 3973 popqu
2614 3914 2773 3966 novo,
2815 3912 2872 3955 et
2926 3901 3261 3955 transierunt
3297 3899 3619 3966 Iordanem,

2037 4008 2091 4051 et
2113 4012 2142 4050 a
2164 3998 2271 4050 Deo
2287 4004 2484 4049 sortem
2502 3993 2775 4048 consecuti
2800 4002 2947 4047 sunt.
2969 3990 3165 4061 Figura
3186 4006 3304 4045 esse
3322 4001 3547 4060 possunt
3561 4000 3617 4046 et

2048 4090 2102 4144 hi
2134 4089 2480 4158 reliquiarum
2507 4084 2741 4149 lsraelis,
2766 4100 2886 4153 quae
2936 4099 3031 4154 per
3068 4083 3429 4140 obedientiam
3491 4082 3616 4138 ﬁdei

2041 4189 2094 4240 in
2125 4181 2405 4238 Christum
2433 4189 2683 4243 servatte,
2718 4177 3055 4247 trajectoqne
3103 4177 3385 4231 nobiscum
3420 4190 3611 4231 sacro.-

2037 4283 2228 4329 sancto
2254 4271 2513 4333 Jordane,
2544 4271 2709 4324 etiam
2735 4285 2955 4337 regnum
2987 4269 3247 4323 caelorum
3274 4269 3617 4323 baereditario

2036 4366 2323 4434 accipient.
2358 4363 2576 4418 Gratias
2633 4364 2816 4431 itaque.
2864 4376 3029 4430 agens
3100 4362 3383 4431 propheta,
3447 4361 3613 4416 dicit:

2036 4459 2151 4511 Nisi
2211 4456 2462 4509 Dominus
2529 4453 2764 4507 Sabaoth
2837 4454 3130 4523 reliquisset
3200 4454 3345 4507 nobis
3416 4469 3609 4514 semen,

2039 4641 2175 4696 Nam
2212 4639 2469 4710 quoniam
2532 4637 2692 4693 idolis
2770 4637 2938 4688 servit
3008 4633 3195 4697 Israel,
3230 4649 3371 4702 eque
3437 4634 3614 4688 medio

2038 4733 2326 4803 prophetas
2360 4730 2594 4796 sustulit,
2608 4747 2671 4785 ac
2697 4732 2911 4800 negavit
2941 4729 3237 4793 Christum,
3270 4728 3378 4781 imo
3432 4727 3613 4794 potius

2038 4823 2335 4893 principem
2363 4824 2503 4889 vitae,
2522 4824 2628 4877 vita
2661 4822 2924 4891 privavit:
2945 4820 3169 4875 omnino
3201 4829 3365 4875 totam
3394 4828 3610 4887 gentem

2041 4930 2216 4973 morte
2297 4919 2553 4971 damnare
2602 4916 2971 4971 universitatis
3039 4914 3205 4967 Deum
3278 4920 3610 4981 oportuerat.

2037 5007 2171 5061 Cum
2198 5017 2376 5061 autem
2409 5008 2481 5061 sit
2507 5021 2666 5075 supra
2700 5021 2865 5075 quam
2900 5006 3004 5059 dici
3065 5012 3239 5073 potest
3301 5006 3495 5067 bonus,
3528 5017 3613 5057 re-

2038 5100 2248 5152 siduum
2270 5098 2527 5162 servavit,
2558 5106 2613 5151 et
2653 5098 2768 5165 pari
2798 5095 3109 5150 conditione
3133 5110 3255 5148 cttm
3317 5092 3610 5148 Sodomitis

2039 5204 2143 5244 non
2208 5188 2445 5252 fuerunt,
2494 5189 2754 5258 quicum
2816 5196 2929 5241 toto
2981 5200 3177 5256 genere
3248 5200 3311 5239 ac
3382 5185 3604 5249 familia,

2039 5297 2160 5334 cum
2195 5281 2326 5348 ipsis
2347 5280 2573 5334 urbibus
2599 5279 2704 5349 igni
2727 5279 3029 5346 consumpti
3058 5284 3201 5331 sunt.
3226 5277 3282 5331 Si
3313 5277 3405 5345 qui
3431 5277 3594 5330 etiam

2038 5372 2290 5426 vitiorum
2352 5368 2603 5425 sordibus
2642 5372 2853 5433 teneri,
2892 5376 3216 5437 peccatoque
3262 5369 3352 5421 vix
3395 5365 3607 5422 delebili

2037 5463 2389 5519 contaminari
2420 5462 2633 5517 volunt:
2666 5460 2751 5516 his
2787 5476 3001 5530 quoque
3047 5460 3147 5533 hoc
3181 5459 3320 5513 idem
3353 5458 3603 5515 accidet;

2037 5558 2232 5627 quibus
2270 5572 2299 5610 a
2338 5555 2493 5611 nobis
2521 5554 2624 5611 dici
2658 5563 2835 5624 potest
2875 5569 2978 5607 non
3023 5534 3193 5607 male:
3232 5569 3251 5602 ι
3281 5549 3363 5604 An
3388 5546 3604 5601 divitias

2039 5647 2297 5704 bonitatis
2329 5646 2465 5717 ejus,
2492 5655 2546 5703 et
2584 5644 2876 5716 patientiae,
2917 5652 2973 5699 et
3009 5636 3432 5713 longanimitatis
3474 5649 3600 5693 cou-

1605 5799 1643 5827 "
1682 5797 1821 5853 Psal.
1850 5814 1993 5866 κων,
2036 5804 2117 5858 Il.
