4178 6506
560 376 632 437 at;
1551 378 1612 434 s.
1653 372 1929 435 manu
1970 366 2439 434 ALEXANDRINI
2477 375 2798 436 ARClllEP.
3745 380 3813 441 as

568 510 735 567 quam
765 492 1090 564 voluptatem
1117 509 1180 549 ex
1214 492 1328 548 istis
1354 503 1575 562 caperet
1603 496 1778 549 Dens?
1807 494 1937 560 Quis
1962 493 2135 561 exegit

2241 508 2323 545 σει
2367 494 2478 565 γάρ
2515 493 2685 561 ὅπως,
2724 494 2843 548 είπέ
2878 508 2989 565 μοι,
3027 490 3119 547 τὸν
3161 493 3270 548 τῶν
3310 494 3447 548 ὅλων
3492 495 3624 551 Θεὸν
3662 500 3815 569 κριὸς

568 589 683 644 hch
716 590 782 643 de
839 587 1083 641 manibus
1111 585 1345 641 vestris?
1384 585 1493 640 Etsi
1526 585 1668 639 enim
1715 585 1888 638 Moses
1925 584 2135 637 locutus

561 690 651 736 est
694 681 760 735 tle
804 678 1035 733 victimis
1085 686 1140 732 et
1174 676 1398 743 hostiis,
1437 691 1499 732 ea
1548 686 1728 730 tamen
1773 676 1951 729 cultus
1999 674 2137 729 ratio

565 774 863 843 antiquitus
896 770 1005 826 Deo
1039 771 1259 825 minime
1292 769 1391 823 fuit
1424 778 1667 837 accepta.
1707 767 1977 823 Nimirum
2010 770 2134 837 quia

563 882 659 934 per
691 866 913 934 ﬁguram
943 874 998 919 et
1021 864 1265 918 umbram
1298 862 1365 917 ad
1395 862 1677 916 veritatem
1718 862 1922 916 erudiri
1972 876 2135 929 opor-

565 957 731 1023 lebat,
762 954 951 1025 legalia
978 955 1270 1010 constituta
1305 966 1432 1008 sunt
1463 966 1637 1024 usque
1678 954 1745 1007 ad
1789 962 2000 1023 tempus
2046 953 2133 1007 in-

558 1046 934 1108 staurationis,
976 1060 1074 1101 nec
1119 1046 1189 1099 ita
1238 1053 1413 1098 tamen
1456 1044 1778 1109 constituta,
1820 1044 1972 1113 quasi
2009 1057 2135 1098 vere

562 1136 674 1193 Deo
717 1148 889 1207 grata.
942 1136 1049 1191 Nec
1096 1135 1314 1191 omnino
1357 1146 1413 1190 et
1456 1136 1697 1191 absolute
1743 1136 1809 1191 de
1854 1134 2134 1191 sacriﬁciis

560 1227 824 1297 legalibus
866 1238 948 1281 est
1000 1228 1211 1281 locutus
1244 1243 1258 1281 :
1292 1236 1347 1279 at
1391 1227 1514 1296 quia
1556 1227 1770 1281 inﬁrma
1817 1242 1969 1281 mens
2014 1237 2134 1281 erat

571 1334 782 1380 eorum,
816 1319 905 1387 qui
956 1319 1103 1373 hisce
1152 1319 1471 1373 rudimentis
1518 1327 1646 1373 tunc
1695 1318 2131 1384 instituebantur,

560 1422 663 1475 per
688 1418 869 1479 typum
899 1418 953 1461 et
985 1408 1227 1462 umbram
1260 1408 1324 1463 ad
1356 1409 1636 1464 veritatem
1661 1410 1812 1478 quasi
1845 1425 2003 1463 manu
2032 1410 2132 1464 du-

562 1500 848 1553 cebantur.
907 1498 1011 1553 Sed
1054 1499 1380 1553 adventante
1425 1510 1695 1568 tempore,
1742 1515 1848 1570 quo
1888 1501 2132 1580 veritatis

561 1590 1012 1659 pulchritudinem
1056 1592 1335 1659 oportebat
1372 1592 1695 1677 enitescere,
1746 1602 1899 1661 typus
1946 1591 2131 1646 irritus

560 1690 668 1745 est,
701 1681 887 1734 umhra
938 1681 1160 1735 inutilis.
1195 1682 1321 1736 ideo
1352 1683 1429 1736 ait
1459 1704 1472 1737 :
1499 1682 1720 1737 Calcare
1745 1684 1881 1737 atria
1912 1699 2025 1738 mea
2062 1700 2131 1739 ne

561 1771 933 1839 perrexeritis.
979 1771 1035 1824 Si
1082 1770 1391 1827 obtuleritis
1424 1774 1808 1842 similaginem,
1840 1775 2000 1828 inane
2043 1776 2129 1829 in-

2234 584 2722 656 ὼλοκαυτωμένοςς
2753 587 2807 639 τί
2832 586 2889 639 δὲ
2918 586 2979 639 τὸ
3016 585 3125 639 τῶν
3153 588 3333 657 ἀρνῶν
3367 589 3489 658 ἥσει
3527 591 3725 663 στέαρ;
3765 596 3813 649 εί

2233 674 2289 727 δὲ
2310 674 2373 746 δὴ
2398 676 2492 729 καὶ
2519 676 2737 748 τράγων
2757 677 2851 729 καὶ
2878 675 3093 747 ταύρων
3118 671 3255 747 αἷμα
3288 677 3665 749 προσφέροιτο,
3697 682 3813 746 πῶς

2233 764 2428 834 ἡσθείη
2460 765 2550 819 διά
2573 765 2732 819 τοῦτο
2768 764 2934 831 Θεός;
2968 766 3052 829 τίς
3085 766 3194 837 γάρ
3222 766 3514 839 ὲξεζήτησε
3544 768 3719 823 ταῦτα
3747 773 3811 825 ἑκ

2232 856 2343 908 τῶν
2376 856 2574 927 χειρῶν
2604 856 2798 927 ύμῶν;
2842 859 2891 910 εί
2933 856 3043 925 γάρ
3073 858 3167 911 καὶ
3210 857 3507 929 λελάληκεν
3543 863 3572 915 ὁ
3605 863 3811 934 Μωσῆς

2234 947 2360 1015 περὶ
2388 947 2851 1018 ὁλοκαυτωμάτων
2887 948 2981 1001 καὶ
3017 948 3236 1011 θυσιῶν,
3276 949 3390 1002 ἀλλ’
3415 946 3484 1021 ἦν
3512 953 3605 1005 καὶ
3638 953 3811 1007 πάλαι

2231 1036 2331 1107 τῆς
2377 1037 2588 1092 τοιᾶσδε
2632 1037 2887 1108 λατρείας
2925 1039 2953 1091 ὁ
2992 1038 3191 1109 τρόπος
3226 1039 3525 1111 ἀϐούλητος
3553 1043 3632 1112 τῷ
3660 1044 3803 1113 Θεῷ.

2244 1126 2459 1198 Ἐπειδὴ
2507 1127 2565 1181 δὲ
2602 1126 2691 1181 διά
2726 1127 2898 1180 τύπου
2940 1128 3035 1180 καὶ
3076 1129 3233 1192 σκιᾶς
3280 1124 3643 1199 παιδαγωγεῖν
3700 1132 3809 1185 ἔδει

2234 1213 2372 1284 πρὸς
2400 1213 2659 1285 ἀλήθειαν
2690 1216 2854 1286 μέχρι
2882 1216 3077 1286 καιροῦ
3113 1215 3449 1287 διορθώσεως
3474 1219 3711 1273 τέθειται
3740 1222 3809 1275 τὰ

2232 1305 2291 1356 ὲν
2311 1305 2481 1375 νόμῳ,
2516 1304 2710 1358 οὐκοῦν
2741 1306 2865 1358 ὅσον
2894 1301 3028 1378 ἦκεν
3053 1306 3133 1368 είς
3157 1325 3221 1375 γε
3247 1307 3306 1360 τὸ
3332 1308 3528 1379 ἀληθὲς
3549 1310 3809 1381 ἀρέσκειν

2232 1396 2311 1467 τῷ
2339 1396 2480 1467 Θεῷ’
2515 1397 2622 1449 οὐδ’
2654 1398 2719 1451 ἂν
2750 1398 2884 1462 ὅλως
2909 1398 3137 1468 ἐλάλησε
3166 1400 3292 1471 περὶ
3319 1400 3519 1453 θυσιῶν
3539 1401 3647 1454 τῶν
3668 1404 3809 1457 κατά

2233 1486 2414 1557 νόμον.
2458 1488 2673 1558 Ἐπειδὴ
2697 1489 2753 1541 δὲ
2782 1490 2890 1542 τῶν
2916 1490 2976 1543 τὸ
2996 1491 3249 1560 τηνικάδε
3280 1491 3809 1563 παιδαγωγουμένων

2232 1578 2462 1650 ἀσθενὴς
2493 1574 2562 1649 ἦν
2603 1582 2632 1632 ὁ
2673 1580 2817 1645 νοῦς,
2858 1581 3331 1652 κεχειραγώγηντο
3371 1582 3459 1637 διὰ
3502 1584 3672 1637 τύπου
3714 1585 3808 1637 καὶ

2231 1671 2328 1739 τῆς
2364 1669 2505 1723 κατὰ
2533 1670 2592 1724 τὸ
2614 1672 2851 1743 γράμμα
2878 1674 3035 1736 σκιᾶς
3063 1674 3141 1736 είς
3164 1672 3445 1744 ἀλήθειαν.
3491 1676 3806 1745 Ἐνεστηκό-

2232 1778 2323 1826 τος
2345 1761 2403 1814 δὲ
2431 1762 2526 1815 τοῦ
2559 1766 2775 1833 καιροῦ,
2804 1764 2925 1817 καθ’
2951 1764 3009 1817 ὃν
3038 1764 3144 1817 ἔδει
3169 1765 3230 1818 τὸ
3263 1764 3445 1818 λοιπὸν
3470 1766 3531 1818 τὸ
3558 1767 3657 1837 τῆς
3680 1766 3811 1836 άλη-

560 1875 783 1915 censnm
815 1871 919 1925 est,
949 1863 1280 1916 ahominatio
1315 1864 1445 1917 mihi
1478 1874 1583 1919 est.
1619 1864 1729 1920 Nos
1760 1866 1902 1920 enim
1938 1867 2040 1922 lide
2080 1868 2133 1921 itt

2237 1854 2386 1916 θείας
2434 1853 2785 1923 ἐκφαίνεσθαι
2818 1855 3031 1919 κάλλος,
3060 1856 3312 1927 περιττὸς
3339 1859 3368 1910 ὁ
3396 1856 3584 1922 τύπος,
3620 1858 3810 1929 ἀνόνηο

560 1947 835 2003 Christum
866 1950 1135 2014 illustrati,
1169 1953 1480 2019 spirituales
1520 1954 1727 2010 hostias
1759 1956 1874 2013 Deo
1907 1958 2139 2014 offeren-

564 2043 669 2099 tes,
698 2045 884 2089 sancta
920 2036 1036 2105 ejus
1062 2038 1345 2107 implemus
1373 2044 1535 2108 atria,
1569 2044 1820 2099 nimirum
1853 2048 2132 2105 ecclesias.

562 2125 814 2180 Christus
862 2138 1042 2181 autem
1096 2129 1149 2183 in
1193 2132 1442 2188 ecclesiis
1486 2134 1692 2190 Judaici
1742 2136 1921 2193 cultus
1972 2140 2133 2195 ritum

565 2217 786 2270 minime
813 2217 1024 2286 recipit.
1060 2217 1195 2272 Nam
1227 2222 1318 2289 qui
1368 2223 1725 2294 similaginem
1751 2226 1872 2281 oleo
1898 2242 2137 2283 macera-

564 2318 676 2363 tam
703 2319 757 2364 et
795 2311 1074 2366 incensum
1101 2313 1300 2369 cadens
1329 2316 1431 2370 sub
1457 2330 1677 2372 sensum
1709 2318 1902 2375 oﬂ'erre
1933 2322 2133 2385 volent,

565 2401 875 2471 neutiquam
907 2403 1281 2462 admittentur.
1310 2406 1652 2463 Meminimus
1679 2411 1823 2464 enim
1857 2413 1923 2466 de
1958 2426 2025 2466 eo
2057 2413 2137 2466 lo-

562 2501 748 2544 cutum
798 2505 919 2545 esse
962 2490 1174 2548 Deum:
1208 2493 1551 2550 Abominatio
1595 2505 1677 2550 est
1730 2497 1883 2551 mihi.
1926 2497 1990 2551 Et
2039 2513 2136 2552 nos

561 2581 781 2650 quidem
814 2592 961 2637 certe
989 2596 1334 2639 sacrosancta
1365 2585 1417 2640 in
1453 2585 1672 2641 Christo
1714 2586 1848 2641 festa
1891 2588 2135 2643 celebra-

571 2689 713 2728 mus.
748 2673 819 2728 At
850 2673 1019 2729 Judaei
1046 2692 1074 2728 a
1108 2678 1300 2747 typicis
1328 2677 1808 2746 signiﬁcationibus
1847 2694 1951 2734 non
1984 2696 2137 2736 rece-

562 2766 776 2830 dentes,
817 2767 868 2820 in
916 2766 1225 2824 Neomeniis
1264 2769 1420 2823 tubas
1454 2768 1660 2834 inﬂant,
1708 2771 1847 2825 diem
1882 2770 2135 2826 feriatum

563 2867 756 2927 putant
789 2873 909 2913 esse
938 2858 1255 2926 Sabhatum,
1284 2871 1339 2914 et
1366 2859 1507 2915 diem
1534 2876 1654 2931 quae
1693 2876 1883 2928 magna
1912 2862 2131 2927 dicitur,

558 2950 765 3005 colunt.
791 2951 867 3004 Ea
894 2966 1023 3005 vero
1049 2962 1132 3006 est
1158 2950 1305 3017 festi,
1336 2952 1478 3021 quod
1510 2952 1980 3008 tabernaculorum
2008 2954 2136 3007 iixio

561 3052 811 3107 vocatur,
840 3043 959 3097 dies
985 3050 1249 3098 extrema.
1270 3042 1494 3099 Etiamsi
1526 3044 1915 3114 Deojejunent,
1942 3047 2135 3117 pugnis

2237 1962 2327 2010 τος
2372 1947 2405 2016 η
2432 1946 2577 1999 σκιά.
2619 1946 2801 2018 Ταύτῃ
2822 1964 2903 2000 τοι
2937 1948 3120 2017 φησὶν,
3147 1946 3229 2000 ὅτι
3256 1951 3446 2002 πατεῖν
3470 1948 3568 2021 τὴν
3598 1950 3810 2005 αύλῶνά

2240 2055 2341 2107 μου
2375 2038 2437 2090 ού
2476 2039 2872 2110 προσθήσεσθε.
2919 2040 3046 2094 Ἐάν
3084 2040 3323 2111 φέρησθε
3364 2042 3662 2111 σεμίδαλιν,
3710 2044 3811 2114 μά.

2235 2144 2383 2182 ταιον
2412 2129 2683 2201 θυμίαμα,
2717 2130 2992 2201 βδέλυγμα
3016 2132 3107 2201 μοί
3141 2134 3308 2187 ἐστιν.
3350 2131 3542 2203 Ἦμεῐς
3571 2133 3671 2204 μὲν
3702 2136 3810 2205 γάρ

2237 2220 2287 2272 οι
2348 2220 2531 2273 πίστει
2580 2222 2646 2291 τῇ
2691 2223 2768 2284 είς
2815 2222 3047 2292 Χριστὸν
3098 2221 3658 2296 ὲκλελαμπρυσμένοι,
3712 2227 3809 2290 τὰς

2237 2310 2611 2381 πνευματικὰς
2656 2310 2845 2374 θυσίας
2890 2313 3349 2383 προσκομιοῦντες
3392 2315 3469 2385 τῷ
3514 2314 3655 2386 Θεῷ,
3712 2316 3811 2379 τάς

2236 2402 2398 2470 άγίας
2437 2400 2600 2456 αὑτοῦ
2653 2403 2967 2474 πληροῦμεν
3012 2403 3199 2467 αὐλάς,
3246 2406 3392 2459 τοῦτ’
3424 2407 3570 2459 ἐστιν
3611 2407 3810 2478 ικκληο

2238 2496 2377 2553 σίας.
2434 2494 2833 2565 Ἀπαράδεκτος
2885 2495 2941 2547 δὲ
2988 2494 3141 2565 παρὰ
3173 2496 3411 2566 Χριστοῦ
3448 2497 3723 2561 παντελῶς
3752 2499 3811 2551 έν

2236 2588 2553 2656 ἐκκλησίαις
2580 2589 2678 2659 τῆς
2716 2587 3011 2657 Ἰουδαϊκῆς
3039 2588 3297 2658 λατρείας
3327 2591 3355 2642 ό
3381 2590 3595 2660 τρόπος.
3626 2588 3812 2644 Είσδε-

2237 2679 2411 2749 χθεῑεν
2435 2679 2547 2750 γάρ
2584 2678 2650 2732 ἂν
2685 2677 2889 2748 ἥκιστά
2928 2695 2991 2747 γε
3032 2679 3306 2749 σεμίδαλιν
3335 2680 3686 2745 ὲλαιόδευτον,
3718 2680 3814 2733 καὶ

2234 2770 2295 2822 τδ
2334 2769 2588 2839 αἰσθητὸν
2631 2768 2884 2839 θυμίαμα
2920 2770 3215 2840 προσάγειν
3249 2770 3543 2833 ἐθέλοντες.
3586 2770 3812 2839 Μεμνήο

2239 2862 2375 2932 μεθα
2406 2860 2513 2932 γὰρ
2560 2860 2693 2913 Θεοῦ
2736 2860 2983 2928 λέγοντος
3020 2862 3147 2933 περὶ
3188 2861 3370 2915 αὐτοῦ.
3413 2860 3696 2930 Βδέλυγμά
3722 2860 3811 2932 μοί

2236 2954 2402 3006 ἐστιν.
2432 2952 2541 3007 Καὶ
2562 2954 2722 3023 ἡμεῖς
2747 2953 2846 3023 μὲν
2879 2952 2974 3014 τὰς
3005 2953 3161 3021 ἁγίας
3193 2953 3284 3005 ἐπὶ
3313 2951 3531 3024 Χριστῷ
3553 2952 3812 3023 τελοῦμεν

2236 3045 2446 3117 ἑορτάς.
2488 3045 2731 3098 Ἰουδαῖοί
2759 3061 2822 3114 γε
2862 3045 2968 3118 μὴν
2994 3046 3103 3099 τῶν
3142 3046 3200 3097 ὲν
3228 3046 3421 3108 τύποις
3458 3045 3559 3098 ούκ
3600 3043 3814 3110 ἐξιστά-

564 3134 843 3188 humiliter
874 3151 931 3190 se
963 3137 1270 3190 verberant.
1312 3137 1669 3204 Quamobrem
1702 3139 1926 3193 audiant
1958 3140 2131 3208 ipsum

2240 3156 2409 3207 μενοι,
2472 3137 2822 3201 σαλπίζουσιν
2884 3139 2943 3191 εν
3006 3138 3316 3208 Νεομηνίας
3380 3137 3584 3208 ἡμέρᾳ,
3643 3134 3814 3206 ἀργὸν

562 3225 834 3283 dicentem
864 3242 880 3281 :
912 3226 1016 3297 15
1054 3228 1212 3283 Festa
1247 3240 1427 3283 vestra
1467 3231 1581 3285 odit
1612 3231 1792 3284 anima
1820 3246 1959 3286 mea.
2009 3231 2135 3287 llzec

2237 3228 2494 3299 ἡγοῦνται
2527 3227 2586 3281 τὸ
2616 3228 2909 3294 Σάϐϐατον,
2943 3228 3038 3281 καὶ
3071 3229 3169 3297 τὴν
3201 3226 3541 3298 καλουμένην
3574 3225 3814 3297 μεγάλην

569 3326 750 3373 autem
808 3320 973 3383 dicit,
1014 3336 1120 3389 quo
1163 3336 1191 3373 a
1239 3321 1375 3392 typis
1420 3321 1487 3374 ad
1532 3321 1813 3377 veritatem
1867 3322 2130 3387 traducat,

562 3411 993 3481 persuadeatque
1039 3424 1097 3466 ut
1122 3412 1325 3467 Christi
1363 3412 1597 3468 oraculis
1627 3414 1897 3469 cervicem
1940 3414 2136 3470 mentis

564 3513 902 3571 supponant,
943 3513 996 3557 ut
1051 3503 1329 3559 nobiscum
1383 3504 1694 3576 evangelica
1742 3517 2045 3572 versentur,
2081 3516 2136 3561 et

562 3593 831 3647 suavitate
876 3594 1099 3649 odorum
1156 3594 1480 3664 spiritalium
1535 3596 1700 3651 Deum
1742 3598 2133 3667 permulceant,

565 3685 834 3755 quasique
859 3686 1153 3756 thymiama
1187 3687 1467 3756 spirituale
1491 3688 1541 3743 ei
1576 3698 1895 3744 consecrent
1920 3701 2128 3744 morum

566 3776 920 3839 modestiam,
953 3777 1305 3843 eharitatem,
1339 3789 1577 3833 mutuum
1608 3795 1878 3844 amorem,
1925 3781 2132 3849 patien-

567 3868 720 3932 tiam,
759 3871 1191 3937 temperantiam,
1220 3880 1273 3924 et
1301 3882 1428 3925 ante
1461 3871 1590 3933 alia,
1614 3872 1793 3926 (idem.
1825 3872 1919 3928 His
1942 3874 2135 3929 hostiis

564 3962 810 4030 placatur
833 3961 996 4027 Deus,
1020 3974 1073 4018 et
1094 3964 1529 4034 evangelicornm
1558 3966 1936 4021 vaticiniorum
1963 3968 2133 4023 virtus

564 4053 648 4108 his
677 4055 1008 4110 ornamentis
1039 4067 1262 4111 coronat
1291 4058 1592 4112 credentes.

2234 3320 2468 3392 τιμῶσιν
2500 3322 2735 3392 ἡμέραν.
2768 3321 2924 3373 Ἔστι
2956 3318 3012 3373 δὲ
3052 3319 3191 3389 αὕτη
3223 3319 3320 3389 τῆς
3358 3320 3551 3389 ἑορτῆς
3581 3319 3680 3388 τῆς
3714 3334 3816 3371 και

2235 3413 2502 3484 λουμένης
2537 3410 2910 3481 σκηνοπηγίας
2951 3411 2984 3480 ἡ
3016 3410 3321 3476 τελευταία,
3355 3411 3459 3463 κᾶν
3500 3412 3548 3463 εἰ
3590 3407 3816 3479 νηστεύο

2238 3520 2388 3558 σειαν
2422 3503 2497 3574 τῷ
2527 3502 2666 3574 Θεῷ,
2706 3502 2970 3555 τύπτουσι
3010 3505 3257 3572 πυγμαῖς
3303 3502 3576 3555 ταπεινόν.
3607 3499 3816 3555 Οὐκοῦν

2236 3596 2583 3650 άκουέτωσαν
2611 3593 2861 3661 λέγοντος
2888 3592 3077 3646 αὐτοῦ.
3115 3593 3227 3657 Τὰς
3259 3592 3450 3664 ἑορτάς
3487 3592 3639 3663 ὑμῶν
3669 3592 3817 3662 μισεῐ

2238 3689 2271 3759 ἠ
2304 3687 2447 3758 ψυχή
2480 3702 2602 3756 μου.
2635 3684 2821 3739 Ταῦτα
2854 3684 2911 3738 δέ
2951 3700 3084 3756 φησι
3125 3684 3381 3755 μεθιστὰς
3413 3687 3476 3738 ἐκ
3508 3685 3693 3737 τύπων
3721 3682 3816 3736 ἐπὶ

2237 3780 2297 3834 τὸ
2321 3779 2536 3849 ἀληθὲς,
2565 3777 2659 3830 καὶ
2690 3779 2803 3839 τοῖς
2830 3776 2917 3830 διὰ
2943 3776 3179 3847 Χριστοῦ
3213 3776 3573 3845 θεσπίσμασιν
3610 3773 3813 3843 ύποφέ-

2241 3888 2353 3943 ρειν
2388 3869 2696 3924 ἀναπείθων
2737 3870 2829 3921 τὸν
2864 3868 2965 3938 τῆς
3003 3868 3240 3930 διανοίας
3278 3866 3497 3937 αὐχένα,
3530 3868 3618 3919 ἴνα
3659 3866 3814 3919 πολια-

2237 3962 2476 4016 τεύοιντο
2523 3961 2639 4031 μεθ’
2679 3960 2836 4030 ἡμῶν
2876 3958 3263 4026 εύαγγελικῶς.
3304 3959 3436 4021 Ταῖς
3472 3960 3689 4028 νοηταῖς
3730 3956 3815 4007 εύο

2236 4060 2457 4128 οσμίαις
2476 4056 2961 4126 κατευφραίνοντες
2980 4054 3132 4107 Θεόν.
3158 4055 3265 4107 Καὶ
3287 4053 3474 4124 ὥσπερ
3497 4071 3547 4106 τι
3566 4053 3814 4123 θυμίαμα

562 4145 929 4214 πνευματικὸν
970 4145 1312 4209 ἀνατιθέντες
1353 4146 1501 4217 αύτῷ
1538 4148 1599 4200 τὸ
1676 4149 1915 4212 ἐπιεικὲς
1946 4149 2025 4212 είς
2060 4150 2314 4220 τρόπους,
2350 4148 2447 4219 τὴν
2494 4147 2733 4218 ἀγάπην,
2801 4148 2898 4218 τὴν
2937 4143 3310 4216 φιλαλληλίαν,
3351 4145 3450 4213 τὴν
3517 4144 3811 4214 ὑπομονὴν,

558 4240 659 4312 τὴν
688 4242 1033 4311 ἐγκράτειαν,
1064 4242 1156 4294 καὶ
1191 4240 1298 4311 πρό
1341 4257 1405 4307 γε
1436 4241 1545 4293 τῶν
1572 4240 1747 4295 ἄλλων
1792 4242 1889 4313 τὴν
1930 4243 2132 4297 πίστιν.
2175 4241 2464 4305 Τοιαύταις
2525 4240 2736 4304 θυσίαις
2766 4238 3136 4312 εὐαρεστεῖται
3202 4238 3354 4301 Θεὸς,
3392 4238 3486 4291 καὶ
3523 4237 3630 4293 τῶν
3657 4238 3815 4305 εύαγι

559 4334 794 4400 γελικῶν
828 4334 1215 4405 θεσπισμάτων
1237 4336 1269 4405 ἠ
1292 4334 1523 4405 δύναμις
1545 4337 1657 4399 τοῖς
1682 4335 1943 4400 τοιούτοις
1968 4339 2301 4410 αὐχήμασιν,
2327 4336 2451 4399 τοὺς
2474 4333 2825 4399 πιστεύοντας
2860 4336 3130 4402 στεφανοῖ.

638 4431 799 4488 Vsus.
838 4432 922 4485 15.
959 4430 1112 4483 Facti
1143 4433 1265 4484 estis
1304 4432 1431 4484 mihi
1453 4432 1506 4485 in
1557 4435 1879 4501 satietatem,
1934 4451 2132 4504 nequa—
2166 4438 2210 4493 ι)

559 4538 716 4591 quam
753 4522 891 4573 ultra
942 4521 1204 4575 dimittam
1257 4533 1469 4591 peceata
1504 4534 1699 4580 vestra.
1755 4525 1888 4581 Cum
1944 4544 2130 4581 manus

558 4614 912 4680 expattdert'tis
946 4615 1015 4669 tu!
1058 4631 1157 4679 me,
1195 4626 1426 4668 avertam
1478 4618 1655 4670 oculos
1707 4634 1904 4671 meosa
1956 4618 2126 4671 vobis.

563 4704 632 4758 Et
678 4706 725 4758 si
775 4708 1063 4759 orationem
1097 4706 1458 4771 multiplicatis
1488 4746 1502 4769 ,
1554 4724 1655 4760 non
1701 4709 1984 4762 exaudiam
2021 4722 2129 4761 vos.

561 4794 754 4851 Manus
779 4798 913 4851 enim
940 4808 1123 4852 vestrm
1144 4798 1310 4865 plenw
1333 4808 1453 4851 sunt
1495 4799 1769 4866 sanguine.

631 4970 759 5036 Quae
780 4985 864 5025 res
892 4972 1191 5027 satietatem
1216 4983 1269 5029 et
1305 4987 1563 5027 nauseam
1612 4971 1849 5042 pariunt,
1893 4973 2125 5028 fastidiri

558 5062 777 5126 debent,
812 5072 867 5116 et
913 5064 1132 5117 omnino
1162 5069 1309 5131 parvi
1347 5066 1515 5127 tlunt,
1555 5063 1664 5117 imo
1701 5065 1753 5118 in
1803 5067 1985 5120 odium
2028 5081 2126 5122 ve-

559 5156 731 5206 niunt.
767 5153 1042 5222 Siquidem
1095 5155 1525 5221 sapientissimus
1573 5154 1853 5223 Salomon,
1898 5159 2072 5227 inquit
2108 5175 2123 5211 :

562 5263 580 5297 ι
626 5244 803 5300 Tarde
830 5245 970 5302 inter
1012 5246 1197 5316 pedem
1245 5256 1392 5299 tuum
1444 5246 1509 5298 ad
1542 5245 1776 5300 amicum
1808 5257 1955 5302 tuum
1984 5291 1999 5315 ,
2059 5266 2128 5303 ne

556 5346 712 5391 satur
738 5336 813 5389 tui
848 5338 1019 5391 oderit
1052 5346 1104 5389 te
1154 5336 1219 5389 ".
1257 5355 1277 5388 ι
1331 5334 1473 5390 Dicit
1522 5336 1708 5404 itaque
1762 5340 2129 5396 universitatis

560 5426 701 5481 Deus
750 5425 949 5482 Iudaeis
986 5448 1000 5482 :
1037 5428 1393 5482 Exsaturatus
1442 5443 1565 5482 sum
1622 5430 1865 5485 exsoleta
1912 5432 2125 5495 umbra,

558 5528 760 5584 vosque
784 5516 1037 5571 molestos
1068 5515 1199 5567 mihi
1233 5529 1356 5571 esse
1381 5516 1542 5583 duco,
1564 5518 1607 5574 si
1632 5520 2017 5590 iugrediamini
2052 5522 2120 5575 ad

556 5610 977 5679 comparandum
1003 5620 1184 5661 coram
1210 5622 1316 5663 me.
1352 5610 1585 5667 Aversor
1599 5614 1760 5669 etiam
1792 5614 1965 5671 solum
1989 5629 2129 5671 con-

636 5789 678 5822 “
703 5787 862 5844 Prov.
902 5802 1028 5853 xxv,
1058 5789 1144 5845 17.

2320 4431 2673 4503 Ἐγενήθητέ
2696 4450 2799 4500 μοι
2826 4431 2913 4497 εις
2941 4428 3328 4500 πλησμονὴν,
3350 4446 3461 4486 ουκ
3492 4431 3577 4487 ἔτι
3606 4434 3815 4501 ἀνήσω

2232 4522 2339 4587 τὰς
2385 4521 2673 4589 ἁμαρτίας
2714 4517 2899 4587 ὑμῶν.
2935 4519 3118 4572 Ὅταν
3152 4518 3259 4586 τὰς
3289 4520 3489 4589 χεῖρας
3511 4522 3815 4587 ἐκτείνητε

2234 4610 2383 4678 πρός
2420 4626 2518 4677 με,
2551 4609 2925 4677 ξιὶποστρέψω
2977 4608 3118 4673 τοὺς
3167 4610 3513 4678 ὀφθαλμούς
3555 4626 3674 4679 μου
3712 4607 3813 4677 ἀφ’

2233 4698 2420 4768 ὑμῶν.
2482 4700 2589 4753 Kal
2652 4698 2758 4751 ἐὰν
2822 4699 3166 4767 π.ῑηθύνητε
3230 4697 3345 4765 τὴν
3411 4697 3644 4765 δέησιν,
3700 4700 3813 4751 οὐκ

2234 4792 2568 4859 ἀκούσομαι
2622 4789 2807 4860 ὑμῶν.
2856 4793 2925 4844 Al
2979 4790 3087 4861 γὰρ
3136 4790 3327 4860 χεῖρες
3359 4789 3526 4859 ὑμῶν
3567 4792 3815 4858 αἵματος

2238 4881 2512 4950 πλήρεις.

2307 4974 2387 5027 Τά
2414 4977 2492 5039 είς
2522 4972 2835 5044 πλησμονὴν
2855 4972 2972 5043 ἦτοι
3002 4970 3160 5043 κόρον
3183 4973 3385 5043 ἥκοντα
3413 4971 3520 5027 τῶν
3554 4975 3814 5043 πραγμά-

2235 5080 2343 5121 των
2410 5064 2867 5137 καταφρονεῖσθαι
2923 5065 3083 5134 φιλεῖ,
3138 5065 3232 5117 καὶ
3289 5063 3469 5132 ὀλίγου
3535 5064 3815 5127 παντελῶς

2235 5160 2480 5225 ἀξιοῦται
2510 5159 2687 5227 λόγου,
2722 5152 2922 5229 μᾶλλον
2951 5157 3007 5210 δὲ
3038 5154 3138 5227 ἤδη
3179 5156 3274 5209 καὶ
3305 5155 3395 5209 διὰ
3426 5153 3614 5227 μίσους
3660 5157 3815 5229 ἔρχεο

2233 5272 2343 5308 ται.
2358 5255 2468 5308 Καὶ
2488 5252 2617 5322 γοῦν
2636 5256 2663 5306 ὁ
2678 5252 2983 5322 σοφώτατος
3002 5247 3269 5318 Σολομὼν,
3296 5267 3314 5298 ι
3336 5247 3584 5318 Βραδέως
3606 5248 3813 5315 εἴσαγε,

2235 5346 2387 5414 φησὶ,
2422 5344 2512 5397 σὺν
2561 5343 2694 5396 πόδα
2752 5341 2887 5412 πρὸς
2936 5338 3025 5392 τὸν
3065 5338 3250 5407 φίλον,
3296 5339 3383 5391 ἵνα
3435 5336 3509 5409 μὴ
3552 5336 3813 5406 πλησθεὶς

2237 5454 2331 5492 σου
2370 5438 2575 5510 μισήσῃ
2607 5450 2687 5488 σε.
2728 5452 2748 5486 ι
2785 5434 2928 5502 Ἔφη
2958 5434 3139 5487 τοίνυν
3182 5429 3456 5493 Ἰουδαίοις
3486 5432 3514 5483 6
3539 5430 3647 5482 τῶν

2235 5527 2390 5591 Θεὸς,
2424 5526 2903 5596 κατακεκόρεσμαι
2941 5522 3041 5592 τῆς
3075 5520 3241 5575 ἑώλου
3275 5522 3451 5583 σκιᾶς,
3482 5519 3722 5591 ἡγοῦμαι
3754 5518 3813 5571 δὲ

2235 5619 2334 5690 ἤδη
2382 5618 2693 5689 φορτικοὺς,
2735 5616 2839 5671 κᾶν
2885 5613 3202 5685 εἰσέρχησθε
3246 5611 3473 5684 ὀφθῆναί
3525 5628 3633 5684 μοι.
3664 5613 3814 5681 Bap:
