5176 6522
802 370 874 427 31
1929 367 1992 420 IN
2032 367 2262 424 ISAIAM
2299 366 2431 423 LIB.
2475 370 2518 424 I.
2556 365 2770 424 ORAT.
2808 367 2829 421 Ι
3982 365 4056 424 58

798 487 1056 561 αιτοῦμαι
1078 487 1136 540 δὲ
1165 489 1259 541 καὶ
1283 486 1452 557 μόνην
1483 486 1635 556 ὑμῶν
1661 487 1758 558 τὴν
1787 486 1935 541 θέαν·
1957 488 2058 541 οὐκ
2089 487 2170 542 ἔτι
2195 487 2384 559 ἀνήσω
2412 494 2458 550 Α
2487 494 2731 554 spectum
2768 499 2842 539 vet

2009 491 2058 541 ix
2089 487 2170 542 ἔτι
2195 487 2384 559 ἀνήσω
2412 494 2458 550 Α
2487 494 2731 554 spectum
2768 485 2957 553 vestri,
2993 499 3099 540 non
3146 484 3419 539 remittam
3442 481 3672 556 amplius
3701 493 3921 552 peccata
3960 500 4053 540 ve-

797 579 898 643 τὰς
941 579 1215 650 ἁμαρτίας
1263 577 1439 648 ὑμῶν.
1479 577 1653 632 Πάλαι
1689 577 1788 649 μὲν
1824 577 1933 649 γὰρ
1973 580 2024 632 οἱ
2065 579 2124 646 ἐξ
2162 579 2382 651 Ἰσραὴλ

797 670 1030 732 ἀνοσίως
1059 669 1481 728 ἀπονενευκότες
1521 667 1616 720 ἐπὶ
1654 668 1713 722 τὸ
1751 667 1966 722 ἑλέσθαι
2005 669 2115 722 δεῖν
2151 669 2244 721 τὸν
2271 668 2382 722 τῶν

799 755 937 814 ὅλων
962 759 1095 813 Θεὸν
1123 759 1482 831 παροτρύνειν
1501 757 1586 829 ἐφ’
1608 760 1854 824 ἑαυτοὺς,
1875 760 1961 814 διὰ
1981 760 2073 814 τοῦ
2098 760 2380 833 λατρεύειν

795 855 862 924 τῇ
897 852 1094 916 κτίσει,
1127 854 1450 924 προσκυνεῖν
1480 847 1536 904 δὲ
1567 851 1660 904 καὶ
1695 853 1877 915 αὐτοῖς
1908 855 2020 916 τοῖς
2053 851 2236 925 ἔργοις
2268 853 2378 906 τῶν

798 942 944 997 ἰδίων
972 942 1195 1014 χειρῶν,
1232 942 1467 998 δέδονται
1497 945 1610 1007 τοῖς
1649 943 2011 1007 Βαϐυλωνίοις
2055 946 2148 998 καὶ
2177 947 2379 1000 ἀπεκο-

797 1034 1073 1105 μίσθησαν
1115 1035 1217 1102 τῆς
1256 1034 1513 1098 Ἰουδαίας
1543 1033 1899 1105 αἰχμάλωτοι,
1929 1037 2020 1090 καὶ
2055 1039 2381 1108 κατῳκήκαο

799 1143 883 1177 σιν
915 1127 973 1178 ἐν
1002 1122 1112 1189 τοῖς
1147 1121 1334 1195 δρεσιν
1379 1121 1602 1196 Περσῶν
1645 1125 1737 1180 καὶ
1783 1127 2002 1198 Μήδων,
2040 1128 2240 1199 πικράν
2284 1127 2380 1181 καὶ

799 1210 1075 1268 δύσοιστον
1127 1211 1454 1280 ἀνατλάντες
1499 1216 1758 1273 δουλείαν.
1816 1219 2029 1288 Ἐπειδὴ
2082 1219 2138 1272 δὲ
2199 1221 2380 1283 αύτοῖς

798 1299 1200 1375 ἒδδομηκοστδν
1227 1305 1347 1368 ἔτος
1372 1305 1698 1368 τετέλεσται,
1727 1305 1976 1375 κατηλέει
2007 1307 2169 1360 πάλιν
2199 1307 2226 1359 ό
2257 1305 2379 1374 φιλ-

798 1393 1126 1464 οικτείρμων
1176 1393 1330 1456 Θεός..
1380 1394 1490 1446 Καὶ
1534 1393 1665 1462 γοῦν
1711 1393 1786 1456 ὡς
1822 1395 1879 1446 ὲν
1912 1393 1989 1464 τῷ
2021 1393 2264 1465 Ζαχαρία
2291 1393 2380 1462 γέ·-

797 1503 1068 1555 γραπται,
1102 1487 1202 1549 τὰς
1232 1487 1372 1557 ὑπὲρ
1399 1479 1576 1539 αύτῶν
1605 1482 1838 1539 ἐποιεῖτο
1865 1485 2018 1550 λιτὰς
2047 1488 2075 1538 ό
2111 1488 2379 1558 μακάριος

801 1574 1053 1644 ἅγγελος,
1089 1575 1286 1644 λέγων·
1323 1596 1340 1626 ι
1377 1576 1546 1646 Κύριε
1576 1577 1991 1648 παντοκράτωρ,
2015 1577 2118 1640 ἕως
2142 1576 2284 1640 τίνος
2317 1577 2376 1629 ού

804 1669 878 1739 μὴ
903 1659 1148 1738 ὲλεήσέις
1174 1667 1273 1738 τὴν
1301 1663 1677 1740 Ἰερουσαλὴμ,
1711 1669 1803 1721 καὶ
1836 1668 1932 1732 τὰς
1969 1667 2152 1729 πόλεις
2187 1665 2377 1731 Ἰούδα,

800 1759 865 1822 ἃς
892 1757 1184 1830 ύπέριδες;
1227 1757 1384 1811 τοῦτο
1431 1753 1826 1829 ἑϐδομηκοστὸν
1867 1756 2005 1822 ἕτοςο
2044 1775 2062 1808 ι
2108 1757 2200 1810 καὶ
2244 1756 2379 1826 πρός

800 1863 864 1919 γε
893 1850 1061 1904 ταῦτα
1095 1847 1250 1912 Θεός.
1278 1869 1301 1900 ι
1338 1844 1617 1920 Ἑζήλωσα
1644 1848 1740 1920 τὴν
1773 1843 2129 1920 Ἰερουσαλὴμ
2158 1843 2249 1900 καὶ
2282 1847 2380 1918 τὴν
2410 1835 2452 1890 Β

799 1939 939 1993 Σιὼν
971 1940 1131 2010 ζῆλον
1161 1940 1360 2012 μέγαν,
1391 1940 1484 1992 καὶ
1514 1937 1669 2011 θυμῷ
1697 1935 1918 2011 μεγάλῳ
1949 1938 2059 2008 ἐγὼ
2095 1939 2384 2010 ὀργίζομαι

799 2030 892 2083 ἐπὶ
915 2029 986 2082 τὰ
1011 2030 1140 2099 ἔθνη
1174 2030 1243 2083 τὰ
1274 2027 1749 2098 συνεπιτιθέμενα,
1777 2027 1892 2082 ἀνθ’
1922 2020 1996 2081 ὧν
2023 2027 2132 2096 ἐγὼ
2165 2028 2261 2098 μὲν
2289 2026 2382 2097 όρ-

798 2121 997 2192 γίσθην
1017 2119 1190 2189 ὀλίγα,
1223 2121 1376 2174 αὐτοὶ
1403 2114 1460 2172 δὲ
1491 2117 1843 2174 συνεπέθοντο
1871 2121 1948 2182 είς
1978 2119 2139 2173 κακά.
2178 2117 2386 2172 υύκοῢν

801 2213 1047 2284 ἀνῄρηκε
1079 2213 1175 2283 μὲν
1207 2212 1328 2264 τότε
1365 2211 1463 2274 τὰς
1501 2209 1771 2282 ἁμαρτίας
1811 2207 2011 2278 αὐτῶν,
2055 2209 2385 2282 λελύτρωται

799 2306 932 2376 γάρ,
964 2306 1061 2358 καὶ
1085 2303 1417 2375 ἀνεκομίσθη
1449 2303 1610 2356 πάλιν
1641 2304 1720 2366 εἰς
1753 2302 1852 2374 τὴν
1878 2302 2110 2356 ἑαυτῶν.
2146 2301 2303 2356 Μετά
2326 2301 2385 2355 δέ

799 2409 861 2464 γε
907 2393 999 2449 τὸν
1044 2395 1135 2448 τοῦ
1184 2396 1438 2466 Σωτῆρος
1479 2393 1730 2467 σταυρὸν,
1761 2392 1942 2448 οὐκέτι
1980 2393 2078 2458 τὰς
2107 2394 2382 2466 ἁμαρτίας

800 2488 984 2551 αὺτοῖς
1008 2487 1226 2557 ἀνήσειν
1257 2486 1670 2555 ἐπαγγέλλεται,
1705 2483 1792 2540 διά
1821 2503 1901 2539 τοι
1929 2487 1988 2539 τὸ
2021 2487 2266 2556 μακροὺς
2299 2481 2383 2554 ἐφ’

801 2580 1013 2641 ἑαυτοῖς
1036 2577 1379 2646 διαγενέσθαι
1411 2579 1657 2650 καιροὺς,
1688 2576 1869 2641 καθὼς
1900 2579 2244 2648 μεμενήκασι
2272 2579 2384 2642 τοῖς

799 2670 859 2736 ἐξ
886 2671 1059 2742 ὀργῆς
1093 2671 1390 2742 κινήμασιν
1428 2669 1876 2742 ύπενηνεγμένοι.
1902 2671 2024 2723 Ὅτι
2062 2670 2158 2741 μὲν
2186 2670 2296 2742 γὰρ
2327 2673 2384 2724 ὲν

799 2763 1051 2836 ἐσχάτοις
1078 2761 1464 2833 ἐλεηθήσονται
1494 2764 1725 2833 καιροῖς,
1750 2765 1814 2833 τῇ
1841 2763 1919 2827 εἰς
1943 2761 2176 2835 Χριστὸν
2203 2764 2385 2834 χάριτι

802 2853 922 2924 μεθ’
952 2853 1114 2925 ἡμῶν
1153 2851 1540 2922 δικαιούμενοι,
1587 2851 1874 2924 διεκήρυξε
1927 2854 1986 2906 τὸ
2040 2855 2273 2925 γράμμα
2324 2853 2386 2908 τὸ

801 2944 948 3018 ἱερὸν
973 2983 988 3008 ,
1012 2943 1202 3016 ἐπειδὴ
1227 2944 1306 3008 δὲ,
1334 2944 1410 3008 ὠς
1435 2943 1591 3016 ἔφην,
1622 2944 1754 2998 πολὺ
1781 2945 1889 2998 τῶν
1926 2945 2091 2998 πάλαι
2124 2947 2385 3018 μακρότε-

800 3055 883 3110 ροι
915 3037 1204 3107 γεγόνασιν
1228 3037 1314 3089 ἐπ’
1342 3037 1538 3100 αὐτοὺς
1562 3039 1610 3091 οί
1637 3038 1734 3109 τῆς
1755 3036 1924 3108 ὀργῆς
1974 3039 2171 3109 χρόνοι.
2199 3040 2381 3111 Ταύτῃ

795 3129 880 3182 τοί
932 3146 1118 3200 φησιν·
1156 3127 1351 3183 Οὐκέτι
1395 3130 1578 3200 ἀνήσω
1632 3131 1731 3192 τάς
1776 3130 2047 3201 ἁμαρτίας
2081 3129 2256 3200 ὑμῶν,
2290 3135 2384 3184 καὶ

797 3221 925 3274 καθ’
953 3222 1145 3291 ἕτερον
1179 3220 1256 3284 δὲ,
1285 3222 1332 3274 εἱ
1357 3220 1557 3290 βούλει,
1586 3220 1806 3292 τρόπον,
1839 3224 1904 3293 τῇ
1937 3221 2046 3274 τῶν
2083 3221 2380 3294 προκειμέ-

797 3330 906 3366 νων
954 3311 1136 3384 ἐννοίᾳ
1177 3311 1520 3384 προσϐαλεῖς.
1566 3311 1972 3383 Προσεκόμιζον
2018 3312 2208 3377 θυσίας
2243 3313 2384 3368 κατά

798 3403 890 3460 τὸν
917 3400 1089 3454 πάλαι
1109 3400 1270 3472 νόμον
1295 3401 1345 3453 οί
1373 3401 1431 3467 ἐξ
1459 3399 1696 3473 Ἰσραὴλ,
1721 3401 1818 3464 τὰς
1846 3401 1985 3473 ὑπέρ
2011 3417 2074 3470 γε
2102 3401 2209 3454 τῶν
2237 3402 2384 3456 ἰδίων

800 3493 1310 3566 πλημμελημάτων.
1335 3495 1561 3566 Ἔριφος
1587 3494 1642 3546 δὲ
1664 3494 1755 3547 καὶ
1779 3495 1948 3566 ἀμνὸς
1977 3494 2262 3564 ἐσφάζετο,
2291 3495 2384 3548 καὶ

802 3585 1102 3658 συνεχώρει
1132 3585 1281 3649 Θεὸς.
1312 3586 1424 3639 Οὐκ
1445 3587 1713 3649 ἀνικάνως
1737 3585 1952 3657 ἔχοντος
1981 3585 2076 3639 καὶ
2103 3586 2268 3640 πάλαι
2287 3584 2383 3639 τοῦ

801 3680 968 3750 νόμου
999 3677 1214 3748 βοηθεῖν
1239 3677 1632 3748 ἀρχαιοτέροις,
1672 3676 1976 3749 ὲμορφοῦτο
2006 3677 2115 3748 γὰρ
2146 3680 2205 3732 ὲν
2235 3678 2384 3749 αὑτῴ

801 3768 861 3822 τὺ
885 3765 1126 3838 Χριστοῦ
1159 3768 1478 3838 μυστήριον.
1524 3765 1744 3836 Ἐπειδὴ
1779 3766 1835 3819 δὲ
1877 3766 2147 3840 ὲπέφανεν
2190 3769 2219 3821 ό
2251 3768 2386 3840 Χρι-

805 3857 953 3921 στὸς,
982 3858 1287 3926 ἀπρακτεῖν
1324 3855 1430 3907 ἔδει
1474 3853 1658 3908 λοιπὸν
1687 3856 1784 3926 τὴν
1816 3856 1871 3908 ἐν
1903 3838 2058 3926 τύπῳ
2097 3838 2379 3928 κάθαρσιν,

801 3949 877 4013 ὡς
907 3948 1007 4019 τῆς
1035 3947 1294 4016 ἀληθείας
1324 3946 1424 4017 ἤδη
1471 3946 1770 4018 παρούσης.
1804 3946 1924 3999 Ὀτι
1962 3945 2138 3999 τοίνυν
2163 3947 2260 4000 οὐκ
2287 3948 2383 4018 ἁρ-

805 4041 955 4094 κέσει
986 4040 1124 4109 πρὸς
1153 4039 1344 4108 ἀφεσιν
1369 4040 1550 4103 αὐτοῖς
1594 4040 1628 4109 ἡ
1667 4039 1830 4110 νόμου
1863 4039 1988 4092 σκιά
2017 4039 2114 4111 τὴν
2141 4039 2226 4094 διά
2252 4042 2385 4112 Χρι-

807 4134 934 4188 στοῦ
977 4133 1268 4204 λύτρωσιν,
1320 4132 1380 4184 οὐ
1435 4131 1835 4203 προσιεμένοις,
1882 4133 2143 4198 διδάσκει,
2189 4133 2381 4201 λέγων·

806 4225 1005 4280 οὐκέτι
1038 4226 1226 4295 ἀνήσω
1260 4221 1358 4286 τάς
1392 4222 1666 4295 ἁμαρτίας
1710 4223 1881 4294 ὑμῶν.
1935 4223 2098 4276 Οὔπω
2144 4226 2241 4296 μὲν
2277 4225 2384 4296 γὰρ

805 4317 1090 4388 παρούσης
1141 4313 1241 4384 τῆς
1283 4311 1560 4386 ἀληθείας,
1610 4315 1795 4384 φησιν,
1841 4314 2237 4387 συγκεχώρηκα
2276 4320 2386 4382 τοῖς

803 4408 997 4471 τύποις
1053 4405 1281 4476 ὠφελεῖν
1323 4404 1579 4459 δύνασθαι
1622 4405 1748 4469 τοὺς
1792 4405 2007 4476 ἐνόχους
2050 4407 2342 4479 ἁμαρτίαις
2367 4449 2382 4474 ,

2490 585 2625 629 stra.
2660 574 2800 630 Olim
2836 576 2978 630 enim
3024 574 3282 630 Israelita:
3312 591 3433 630 cum
3469 574 3631 644 impie
3673 574 4054 640 descivissent,

2487 668 2562 722 ita
2590 677 2646 722 ut
2673 667 3048 722 universitatis
3078 667 3244 722 Deum
3270 668 3322 721 in
3356 683 3416 722 se
3454 666 3873 732 exacerbareut,
3898 681 4056 720 crea-

2487 767 2662 811 turam
2717 757 2982 824 colendo,
3023 756 3246 827 ipsaque
3308 773 3473 826 opera
3524 772 3776 811 manuum
3826 773 4051 812 suarum

2482 848 2794 914 adoranda,
2851 848 3035 903 traditi
3083 856 3210 904 sunt
3240 848 3552 917 Babyloniis
3581 888 3597 914 ,
3651 859 3705 903 et
3747 865 3815 902 ex
3865 847 4050 904 Iudaea

2482 939 2705 994 abducti
2725 949 2852 994 sunt
2875 939 3095 1008 captivi,
3118 938 3247 993 etin
3271 937 3562 992 Persarum
3588 954 3750 1008 atque
3774 939 4052 995 Medorum

2485 1031 2680 1086 ﬁnibus
2709 1030 3113 1097 habitaverunt,
3139 1031 3390 1086 acerbam
3414 1047 3477 1085 ac
3499 1046 3603 1085 noa
3638 1031 3914 1085 ferendam
3937 1048 4054 1087 ser-

2482 1125 2712 1178 vitutem
2760 1122 3073 1178 subeuntes.
3125 1122 3332 1177 Exacto
3384 1121 3596 1176 demunt
3651 1124 4050 1191 septuagesimo

2482 1228 2650 1276 anno,
2703 1213 2898 1267 iterum
2945 1212 3254 1268 misericors
3287 1212 3428 1267 Deus
3484 1213 3895 1268 commiseratus
3947 1223 4049 1268 est.

2483 1303 2760 1375 Siquidem
2814 1313 2872 1358 ut
2916 1305 2968 1359 in
3023 1303 3292 1358 Zacharia
3355 1300 3615 1374 scriptum
3665 1313 3786 1370 est,
3865 1318 4052 1373 preces

2480 1396 2749 1465 Supplices
2801 1412 2895 1465 pro
2929 1396 3032 1450 illis
3085 1397 3222 1450 fudit
3265 1399 3455 1452 beatus
3501 1396 3764 1466 angelus,
3814 1396 4046 1449 dicens:

2487 1506 2505 1538 ι
2548 1487 2771 1542 Domine
2798 1488 3162 1558 omnipotens,
3187 1503 3468 1558 quousque
3497 1498 3547 1542 tu
3595 1505 3700 1542 non
3755 1488 4049 1542 miserebeo

2482 1580 2556 1632 ris
2582 1578 2902 1642 Jerusalem,
2968 1591 3022 1633 et
3053 1580 3266 1633 urbium
3310 1577 3470 1642 Juda,
3521 1596 3655 1647 quas
3687 1578 3984 1646 deSpexisti
4027 1579 4051 1631 τ

2481 1669 2578 1724 llic
2611 1687 2782 1724 annus
2815 1679 2897 1724 est
2934 1672 3387 1738 septuagesimus.
3423 1689 3440 1720 ι
3480 1665 3546 1723 Et
3596 1671 3662 1724 ad
3708 1671 3821 1724 haec
3863 1671 4001 1723 Deus
4035 1685 4050 1722 :

2485 1781 2505 1812 ι
2536 1761 2750 1817 Zeiatus
2772 1778 2887 1816 sum
2917 1755 3212 1816 Jerusalem
3243 1772 3298 1816 et
3328 1762 3480 1827 Sion,
3511 1762 3635 1816 zelo
3660 1778 3875 1830 magno,
3893 1772 3948 1816 et
3973 1764 4051 1816 ira

2482 1872 2674 1924 magna
2704 1856 2909 1908 irascor
2947 1869 3110 1922 super
3161 1862 3346 1924 gentes
3391 1869 3508 1922 quae
3562 1870 3668 1908 una
3709 1856 4049 1922 conspirant.

2483 1947 2588 2004 Pro
2611 1963 2675 2003 eo
2705 1948 2847 2018 quod
2879 1963 2978 2018 ego
3002 1949 3170 2002 iratus
3198 1962 3317 2000 sunt
3347 1962 3536 2016 parum
3561 1985 3579 2014 ,
3628 1947 3727 2013 ipsi
3764 1962 3866 2000 una
3902 1962 4008 2002 con
4035 1977 4044 1986 -

2483 2042 2760 2112 spirarunt
2793 2042 2859 2095 ad
2896 2041 3034 2095 mala
3067 2039 3134 2093 “.
3177 2057 3196 2092 ι
3238 2040 3424 2109 Itaque
3454 2049 3563 2094 tum
3590 2040 3801 2094 remisit
3833 2040 4050 2094 illorum

2487 2139 2743 2201 peccata;
2777 2129 3036 2185 liberatus
3070 2130 3175 2201 16
3217 2129 3362 2184 enim
3394 2138 3497 2193 est;
3529 2139 3584 2182 et
3607 2129 3782 2183 denuo
3806 2129 3858 2182 in
3895 2144 4051 2186 suam

2489 2225 2727 2294 ipsorum
2748 2222 3234 2278 terramreductus.
3259 2222 3388 2278 Post
3440 2223 3854 2279 cruciﬁxioneut
3899 2223 4050 2278 deni-

2485 2332 2591 2387 que
2617 2313 2952 2380 Servatoris,
2978 2330 3083 2371 non
3108 2317 3340 2384 amplius
3367 2332 3424 2371 se
3447 2326 3668 2386 peccata
3694 2315 4052 2371 remissuruin

2483 2409 2802 2474 denuntiat,
2847 2418 3134 2479 prepterea
3181 2409 3324 2478 quod
3378 2410 3432 2464 in
3486 2408 3594 2464 illis
3639 2418 4054 2478 perseverarent

2483 2500 2642 2572 longo
2679 2512 2939 2572 tempore,
2963 2516 3072 2570 quo
3146 2501 3363 2568 quidem
3417 2501 3700 2558 intervallo
3737 2511 4056 2556 manserunt

2485 2595 2579 2650 ira:
2604 2593 2722 2663 ejus
2760 2595 2928 2647 furori
2968 2603 3024 2648 et
3071 2594 3202 2649 ictui
3242 2593 3488 2648 obnoxii.
3531 2593 3684 2660 Quod
3743 2602 3921 2663 tamen
3957 2609 4055 2647 no-

2485 2686 2722 2740 vissimis
2755 2684 3085 2754 temporibus
3109 2683 3537 2740 misericordiam
3561 2696 4054 2753 consequerentur,

2483 2779 2653 2848 gratia
2710 2780 2761 2834 iu
2823 2779 3104 2836 Christum
3162 2781 3441 2836 nobiscum
3489 2780 3816 2848 iustiﬁcati,
3879 2794 4052 2835 sacrae

2488 2868 2708 2924 Littera
2734 2871 3058 2938 praedicant;
3085 2869 3201 2936 sed,
3226 2878 3285 2922 ut
3314 2869 3448 2931 dixi,
3470 2856 3627 2937 longe
3657 2870 3857 2923 diutius
3888 2884 4053 2938 quant

2484 2973 2628 3026 ante,
2662 2962 2756 3017 irae
2784 2972 2996 3032 tempus
3026 2962 3272 3026 duravit;
3317 2952 3524 3016 idcirco
3579 2960 3752 3014 dicit:
3786 2960 3902 3014 Non
3931 2976 4054 3015 am-

2486 3054 2623 3124 plius
2645 3055 2914 3108 remittam
2931 3062 3152 3122 peccata
3175 3061 3379 3107 vestra.
3403 3053 3586 3107 Addas
3623 3061 3803 3107 autem
3843 3053 3888 3107 si
3937 3053 4055 3122 pla-

2484 3154 2571 3198 cet
2593 3154 2647 3198 et
2665 3143 2811 3197 aliud
2853 3144 2980 3198 huic
3010 3143 3317 3201 sententia.
3372 3142 3708 3198 Israelitaex
3734 3143 3901 3198 veteri
3936 3144 4043 3198 ritu

2487 3233 2843 3303 institutoque
2891 3231 3024 3300 legis
3085 3230 3356 3286 sacriﬁcia
3413 3228 3748 3296 oﬁ‘erebant,
3785 3245 3881 3300 pro
3935 3230 4058 3286 suis

2484 3323 2738 3386 delictis,
2801 3323 2987 3376 haedus
3047 3331 3224 3376 autem
3280 3331 3334 3376 et
3375 3337 3544 3392 agnus
3591 3323 3950 3386 mactabatur,
4000 3332 4058 3378 et

2487 3413 2799 3483 indulgebat
2840 3412 3004 3466 Deus.
3034 3411 3244 3481 Quippe
3266 3427 3392 3466 cum
3428 3423 3584 3466 vetus
3615 3411 3780 3466 etiam
3815 3411 3899 3467 lex
3945 3428 4056 3467 non

2485 3502 2733 3558 iueﬁicax
2764 3503 2927 3558 fuerit
2953 3502 3018 3557 ad
3046 3502 3419 3572 opitulandum
3453 3502 3771 3572 majoribus,
3802 3503 4046 3560 delinea-

2484 3595 2645 3652 batur
2675 3594 2820 3649 enim
2851 3595 2904 3650 in
2936 3610 2996 3650 ea
3020 3593 3223 3649 Christi
3270 3593 3616 3666 mysterium.
3669 3593 3894 3661 Quando
3925 3610 4056 3649 vero

2485 3688 2737 3758 apparuit
2773 3688 3045 3752 Christus,
3096 3701 3348 3741 enervem
3409 3701 3531 3742 esse
3577 3685 3866 3754 oportebat
3903 3686 4056 3740 dein-

2486 3793 2614 3846 ceps
2669 3776 2893 3847 legalem
2933 3776 3385 3845 puriﬁcationem,
3418 3763 3744 3846 utpote'eum
3762 3777 3874 3845 jam
3899 3778 4056 3832 ades-

2487 3878 2569 3922 set
2605 3868 2826 3922 veritas.
2888 3864 3006 3920 Non
3055 3881 3185 3932 ergo
3216 3867 3348 3920 satis
3405 3881 3527 3920 esse
3565 3867 3630 3919 ad
3677 3867 4052 3921 remissiora-nt

2489 3959 2618 4029 legis
2649 3959 2915 4023 umbram,
2952 3958 3057 4012 illis
3085 3956 3287 4012 Christi
3319 3957 3748 4026 redemptionem
3777 3973 3883 4010 non
3934 3974 4050 4010 am-

2489 4047 2874 4118 plectentibus,
2903 4048 3078 4112 docet,
3111 4044 3361 4116 inquiens
3391 4061 3404 4097 ε
3443 4044 3558 4098 Non
3607 4046 3883 4110 remittam
3937 4063 4056 4101 aut-

2487 4142 2626 4212 plius
2642 4149 2863 4210 peccata
2894 4149 3094 4194 vestra.
3135 4134 3374 4191 Veritate
3395 4136 3561 4204 enim,
3586 4136 3781 4206 inquit,
3812 4138 4050 4192 nomium

2486 4241 2776 4302 praesente,
2817 4231 3089 4293 concessi,
3123 4239 3179 4282 ut
3209 4229 3317 4299 typi
3338 4226 3528 4295 iuvare
3554 4237 3774 4296 possent
3817 4229 4056 4296 peccatis

2489 4323 2779 4391 implicitos
2808 4361 2824 4385 ,
2887 4321 3057 4391 ipsius
3103 4319 3350 4374 veritatis
3397 4320 3695 4373 reverentia
3746 4319 3906 4373 etiam
3956 4320 4058 4386 hoc

2489 4413 2714 4476 faciens,
2744 4428 2851 4481 qua
2891 4410 3287 4480 praesentejam
3344 4425 3408 4464 ac
3448 4407 3818 4464 deumustrata
3854 4449 3870 4472 ,
3933 4410 4041 4462 im-

805 4505 944 4558 αἰδοι
966 4506 1034 4575 τῇ
1068 4504 1205 4575 πρὸς
1233 4503 1331 4576 τὴν
1361 4502 1616 4575 ἀλήθειαν
1654 4504 1747 4557 καὶ
1774 4503 1933 4557 τοῦτο
1964 4503 2151 4570 ποιῶν,
2182 4501 2385 4573 παρού-
2417 4537 2460 4591 D
2490 4504 2694 4560 becillis
2727 4504 2849 4573 ﬁgUI

2005 4503 2151 4570 οιῶν,
2182 4501 2385 4573 παρού-
2417 4537 2460 4591 D
2490 4504 2694 4560 becillis
2727 4504 2895 4573 ﬁgura
2926 4511 3027 4564 est.
3058 4512 3112 4555 et
3133 4504 3320 4556 umbra
3359 4516 3546 4570 parum
3579 4500 3794 4555 efﬁcax.
3843 4500 3907 4552 Et
3942 4517 4048 4556 non

807 4618 908 4672 σης
960 4601 1018 4653 δὲ
1064 4601 1161 4671 ήδη
1213 4599 1306 4654 καὶ
1358 4597 1828 4669 ἀναδεδειγμένης,
1859 4597 2093 4669 ἀδρανὴς
2136 4599 2164 4649 ό
2192 4597 2379 4662 τύπος,

804 4691 1070 4756 ἀνόνητος
1107 4692 1138 4760 ἠ
1188 4688 1332 4742 σκιά.
1366 4689 1475 4741 Καὶ
1514 4689 1695 4758 ἀνήσω
1735 4688 1832 4759 μὲν
1860 4688 2043 4740 οὐκέτι
2076 4687 2172 4751 τὰς
2206 4688 2383 4759 ἀμαρ-

803 4783 928 4846 τίας
985 4780 1159 4850 ὑμῶν,
1210 4779 1546 4846 ἐπαιρόντων
1593 4778 1648 4832 δὲ
1683 4779 1781 4843 τὰς
1817 4783 2026 4851 χεῖρας,
2053 4779 2382 4852 ἀποστρέψαι

799 4873 931 4934 τοὺς
974 4869 1284 4940 ὀφθαλμούς
1331 4886 1455 4939 μου,
1495 4869 1598 4922 κᾶν
1649 4870 1696 4920 εί
1741 4867 1995 4931 πλείστας
2034 4869 2163 4932 ὅσας
2209 4870 2381 4921 ποιεῖν

802 4959 1013 5012 ἕλοισθε
1048 4959 1146 5022 τὰς
1184 4958 1356 5020 λιτάς,
1391 4959 1490 5010 οὐκ
1519 4959 1842 5030 εἰσδέξομαι.
1875 4955 2000 5030 'Ap‘
2030 4955 2123 5013 οὖν
2171 4957 2390 5032 ἀπέστη

800 5049 899 5103 τοῦ
958 5047 1099 5103 εἴναι
1151 5049 1386 5120 χρηστὸς
1436 5051 1464 5102 ὁ
1505 5049 1612 5103 τῶν
1649 5051 1784 5104 ὅλων
1821 5051 2181 5122 δημιουργόςς
2215 5051 2381 5122 ἥγουν

804 5139 1100 5194 ἐπελάθετο
1141 5140 1232 5192 τοῦ
1267 5140 1604 5210 οἰκτειρῆσαι
1639 5140 1808 5205 Θεός;
1853 5142 2125 5212 οὐδαμῶς,
2165 5143 2339 5212 πφησὶν
2365 5183 2381 5206 ,

803 5231 923 5300 εἰμὶ
937 5231 1068 5301 γὰρ,
1095 5231 1209 5300 εἰμὶ
1239 5233 1474 5302 χρηστός
1509 5249 1567 5285 τε
1596 5234 1688 5285 καὶ
1722 5232 1924 5301 ἀγαθὸς
1951 5236 2048 5286 καὶ
2085 5233 2382 5305 φιλοικτίρ-

807 5339 948 5390 μων,
1001 5323 1163 5392 μόνον
1204 5323 1261 5376 δὲ
1302 5324 1423 5394 οὐχὶ
1463 5323 1613 5376 ἄκων
1652 5323 1981 5396 ἀποστρέφω
2017 5325 2143 5387 τοὺς
2178 5325 2382 5394 ὀφθαλ-

807 5413 962 5481 μούς.
995 5414 1058 5465 Δί
1085 5413 1193 5485 γὰρ
1223 5415 1405 5483 χεῖρες
1431 5414 1582 5484 ὑμῶν
1609 5413 1837 5484 αἵματος
1862 5414 2108 5487 πλήρεις.
2141 5415 2382 5480 Ἀκούεις,

801 5503 956 5566 ὅπως
973 5504 1035 5555 τὺ
1059 5503 1158 5573 τῆς
1179 5503 1489 5573 μιαιφονίας
1515 5506 1694 5569 αὐτοῖς
1713 5506 2092 5575 είσκεκόμικεν
2111 5505 2275 5578 ἕγκλη
2285 5525 2382 5578 μα,

807 5597 1093 5666 σιωπήσας
1116 5593 1186 5648 τὰ
1212 5594 1376 5666 ἔτερα
1406 5597 1515 5652 τῶν
1543 5599 1898 5669 πταισμάτων
1921 5616 1935 5667 ;
1964 5599 2140 5655 καίτοι
2169 5599 2383 5664 πολλοῖς

879 5746 926 5778 ³·
948 5745 1174 5802 Zachar.
1208 5763 1247 5801 t.
1282 5749 1462 5805 12-15.

2491 4595 2761 4649 remittam
2794 4592 3024 4661 amplius
3054 4601 3272 4677 peccata
3314 4602 3522 4656 vestra;
3564 4591 3658 4644 sed
3706 4591 3752 4645 si
3779 4593 4052 4662 expande-

2491 4683 2611 4739 ritis
2660 4697 2871 4744 manus,
2918 4677 3388 4733 avertam-oeulos
3443 4695 3614 4744 meos,
3655 4691 3709 4734 et
3760 4681 3804 4734 si
3866 4697 4056 4750 preces

2491 4772 3026 4844 multiplicaveritis,
3092 4786 3196 4824 non
3257 4770 3571 4838 suscipiam.
3633 4770 3843 4842 Ergone
3896 4773 4058 4828 desiit

2489 4882 2610 4924 esse
2657 4865 2918 4933 benignus
2986 4864 3072 4916 hic
3123 4861 3495 4915 universitatis
3554 4863 3792 4931 opifex?
3846 4865 4057 4936 Ergone

2490 4960 2688 5016 oblitus
2720 4969 2807 5012 est
2854 4957 3098 5011 misereri
3137 4957 3322 5012 Deus?
3376 4957 3771 5024 Nequaquam,
3829 4957 4000 5028 inquit
4033 4977 4052 5015 :

2492 5053 2623 5108 Sum
2655 5051 2824 5114 enim,
2855 5065 2972 5104 sum
3001 5061 3052 5104 et
3079 5052 3366 5114 Immanus,
3417 5059 3473 5105 et
3516 5052 3713 5116 bonus,
3766 5057 3821 5104 et
3844 5050 4058 5106 miseri-

2491 5155 2638 5204 cors,
2670 5148 2875 5192 tantum
2928 5154 3033 5192 non
3080 5138 3284 5192 invitus
3313 5148 3564 5194 avertens
3618 5140 3823 5196 oculos.
3865 5140 4057 5196 Manus

2492 5230 2760 5300 siquidem
2821 5239 3018 5284 vestrze
3066 5231 3238 5298 plenae
3279 5241 3407 5285 sunt
3472 5232 3756 5302 sanguine.
3814 5234 4056 5290 Audisne

2494 5337 2616 5377 eum
2672 5321 2884 5377 caeteris
2933 5318 3251 5376 criminibus
3287 5323 3602 5392 praeteritis,
3661 5324 3823 5390 credis
3879 5325 4056 5379 dicam

2493 5414 2800 5484 impingere
2827 5414 2851 5468 ?
2891 5409 3130 5470 Tametsi
3164 5416 3410 5484 pluribus
3440 5431 3536 5471 eos
3561 5417 3705 5472 vitiis
3746 5417 4054 5487 implicatos

2491 5522 2611 5563 esse
2649 5507 3121 5576 deprehendimus.
3167 5506 3301 5561 Nam
3352 5508 3675 5562 audiverunt
3731 5507 3869 5564 εγω
3913 5507 4056 5575 genti

2494 5600 2771 5672 improbae,
2834 5598 3030 5671 pOpulo
3084 5598 3232 5655 vitiis
3263 5607 3502 5664 onusto,
3553 5599 3746 5654 semini
3789 5597 4055 5661 maleﬁco,
