4178 6508
613 386 689 443 59
1615 387 1674 439 S.
1714 384 1987 441 CYRILIJ
2028 380 2494 441 ALEXANDIHNI
2532 382 2849 439 ARCIIIEP.

3806 389 3875 441 40

619 500 743 556 mas
778 500 1021 571 perditis.
1052 498 1184 553 Cum
1240 513 1367 552 vero
1404 500 1568 553 etiam
1594 503 1886 572 prophetas
1942 504 2183 558 trucida-

2288 503 2608 572 αἰτιάμασιν
2651 503 2870 572 ἐνόχους
2904 502 3061 566 ὄντας
3101 504 3425 575 εὑρήσομεν.
3467 505 3701 559 ’Πκουον
3744 508 3872 578 γὰρ,

615 596 769 659 rint,
817 592 1023 661 ipsique
1064 589 1300 653 Christo,
1341 591 1580 646 omnium
1632 605 1874 648 nostrmn
1918 595 2190 649 Servatori

618 687 813 756 impias
866 699 1055 738 manus
1089 683 1375 738 attulerint
1407 701 1422 737 :
1456 684 1580 739 hinc
1610 694 1665 739 et
1687 685 1904 754 quidem
1930 685 2054 755 jure
2096 701 2190 753 op-

619 779 748 831 timo
764 775 1132 846 gravissimam
1152 775 1551 828 accusationem
1565 784 1617 828 et
1631 776 1696 830 ad
1720 775 2185 829 condemnandum

615 868 746 920 satis
771 864 1054 934 capitalem
1083 864 1458 928 illisintendit,
1498 864 1724 917 dicens:
1760 861 1948 915 Manus
1979 871 2178 914 vestra:

614 959 785 1024 plena:
824 966 950 1011 sunt
991 957 1276 1023 sanguine.
1310 956 1517 1009 Avertit
1566 964 1746 1009 autem
1792 952 1986 1009 faciem
2018 953 2181 1013 Deus,

604 1060 667 1101 et
711 1048 893 1112 Pater,
929 1048 1030 1118 17
1056 1049 1253 1117 quippe
1302 1064 1406 1100 non
1458 1048 1733 1101 sustinens
1771 1044 1953 1098 videre
1999 1054 2186 1097 manus

613 1140 1008 1194 homicidarum
1058 1140 1149 1194 lilii
1172 1142 1250 1194 sui
1278 1140 1539 1205 sanguine
1576 1140 1851 1191 rubentes.

2297 594 2434 646 Οὐαὶ
2477 593 2627 657 ἔθνος
2687 595 3031 665 ἁμαρτωλὸν,
3091 594 3219 658 λαὸς
3283 595 3500 668 πλήρης
3566 598 3871 670 ἁμαρτιῶν,

2296 684 2515 754 σπέρμα
2552 686 2808 757 πονηρὸν,
2841 688 2949 740 υἱοὶ
2970 687 3181 757 ἄνομοι.
3222 686 3437 759 Ἐπειδὴ
3462 688 3517 742 δὲ
3541 690 3871 746 ἀπεκτόνασι

2290 776 2419 837 τοὺς
2467 777 2773 847 προφήτας,
2816 779 2911 831 καὶ
2963 779 3113 849 αὐτῷ
3150 777 3248 841 τὰς
3295 780 3545 844 ἀνοσίους
3596 782 3871 852 ἐπήγαγον

2290 866 2479 933 χεῖρας
2521 866 2598 935 τῷ
2634 871 2850 921 πάντων
2882 868 3039 938 ἡμῶν
3080 870 3284 941 σωτῆρι
3318 871 3572 942 Χριστῷ,
3603 872 3772 945 ταύτῃ
3790 890 3870 926 τοι

2292 956 2382 1006 καὶ
2410 957 2553 1025 μάλα
2583 959 2809 1023 είκότως
2835 959 2895 1012 τὸ
2920 960 3266 1031 παγχάλεπον
3292 962 3559 1034 ἔγκλημα,
3587 965 3679 1017 καὶ
3701 965 3760 1017 τὸ
3790 965 3867 1029 είς

2296 1045 2481 1097 πᾶσαν
2526 1047 2849 1117 κατάκρισιν
2892 1048 3094 1120 ἀρκοῦν
3138 1050 3319 1113 αὐτοῖς
3363 1052 3630 1121 ἐπιφέρει,
3672 1050 3864 1118 λέγων·

2290 1134 2357 1185 Ai
2383 1136 2562 1207 χεῖρες
2602 1136 2756 1207 ὑμῶν
2801 1140 3029 1208 αἵματος
3063 1140 3309 1211 πλήρεις.
3352 1141 3705 1211 Ἀποστρέφει
3727 1141 3783 1194 δὲ
3811 1143 3868 1197 τὸ

614 1233 901 1303 πρόσωπον
927 1236 953 1286 6
976 1233 1105 1296 Θεὸς
1130 1234 1224 1286 καὶ
1252 1232 1461 1303 Πατὴρ,
1487 1232 1563 1295 ὡς
1587 1231 1717 1301 όρᾷν
1741 1228 1839 1282 οὐκ
1894 1226 2219 1296 ἀνεχόμενος
2257 1223 2335 1295 τῷ
2380 1227 2571 1297 αἵματι
2608 1229 2701 1282 τοῦ
2738 1229 2869 1283 Υίοῦ
2934 1233 3355 1303 πεφοινιγμένας
3391 1232 3469 1286 ἔτι
3496 1234 3604 1287 τῶν
3647 1234 3868 1305 μιαιφό-

612 1342 719 1377 νων
746 1326 843 1388 τὰς
862 1327 1065 1395 χεῖρας.

684 1418 845 1471 Vsus.
889 1416 971 1470 l6.
1000 1415 1297 1479 Lavamini,
1338 1415 1520 1467 mundi
1540 1422 1724 1468 estote.

686 1508 930 1565 Peccatis
966 1508 1018 1561 in
1058 1506 1373 1561 memoriam
1405 1507 1700 1569 revocatis,
1730 1520 1824 1559 eos
1852 1503 2184 1571 despondere

614 1602 854 1655 animum
891 1614 994 1652 non
1031 1598 1180 1660 sinit,
1223 1596 1315 1651 sed
1350 1597 1578 1667 gratiam
1609 1612 1675 1650 ex
1711 1595 1945 1650 bonitate
1974 1604 2028 1648 et
2070 1594 2185 1649 cle-

616 1692 814 1745 mentia
862 1688 1155 1759 profectam
1200 1690 1581 1757 percommode
1618 1687 1801 1753 infert,
1838 1701 1937 1742 nec
1973 1685 2187 1740 fraudat

613 1800 706 1865 nos
734 1781 1018 1842 beneiicio,
1056 1780 1199 1848 quod
1235 1794 1331 1848 per
1353 1776 1629 1833 Christum
1653 1779 1905 1834 omnibus
1932 1791 2029 1847 per
2064 1776 2182 1829 uni-
2219 1810 2261 1865 Β

612 1858 826 1928 versum
871 1883 1140 1926 terrarum
1181 1870 1368 1924 orbem
1400 1878 1486 1924 est
1532 1870 1889 1939 propositum.
1937 1888 1955 1920 ι
1990 1866 2189 1923 Omnes

614 1968 755 2020 cnim
803 1965 1241 2025 declinaverunt,
1276 1962 1445 2017 simul
1479 1963 1697 2018 inutiles
1735 1961 1863 2017 facti
1906 1970 2031 2017 sunt
2062 1962 2127 2015 ”.
2164 1977 2183 2012 ι

616 2058 681 2111 Et
718 2057 983 2110 obnoxius
1032 2053 1212 2109 factus
1252 2062 1337 2108 est
1376 2057 1606 2109 mundus
1654 2056 1782 2119 Deo,
1837 2053 1959 2123 quia
1998 2062 2189 2124 gentes

612 2158 918 2204 creaturam
940 2146 1250 2211 coluerunt,
1296 2144 1552 2201 Israelita
1586 2145 1766 2217 legem
1812 2146 1913 2201 sibi
1949 2157 2045 2214 per
2076 2143 2190 2197 Mo-

610 2256 722 2295 sem
777 2240 956 2294 datam
1023 2238 1315 2292 violarunt.
1371 2236 1641 2293 Czeterum
1692 2239 1945 2307 gentibus
2009 2242 2187 2295 illuxit

610 2332 879 2395 Christus,
908 2342 962 2386 et
1006 2332 1073 2385 ad
1117 2331 1415 2386 mirabilem
1438 2331 1561 2401 ejus
1605 2331 1778 2386 lucem
1802 2342 2006 2388 vocatae
2040 2341 2186 2401 sunt,

609 2435 665 2480 et
706 2427 793 2494 qui
843 2440 945 2477 non
978 2423 1204 2494 populus
1241 2424 1551 2492 quondam,
1604 2423 1730 2477 facti
1769 2433 1897 2478 sunt
1932 2425 2179 2493 populus.

607 2511 775 2568 Indtni
806 2525 986 2567 autem
1038 2510 1221 2565 miseri
1274 2512 1325 2565 in
1360 2512 1534 2582 ipsum
1580 2511 1898 2567 dehacchati
1947 2521 2092 2575 sunt,
2135 2519 2188 2565 ct

611 2604 916 2673 Principem
946 2604 1067 2657 vitae
1107 2603 1224 2656 neci
1253 2603 1514 2657 dederunt
1546 2602 1729 2671 impie,
1754 2601 1969 2657 etiamsi
1998 2615 2187 2656 rursus

606 2703 670 2747 ut
699 2694 841 2747 Deus
885 2693 1101 2747 revixit.
1126 2691 1268 2759 Quia
1298 2706 1429 2746 vero
1460 2692 1630 2745 bonus
1657 2699 1760 2754 est,
1792 2699 1845 2746 et
1866 2706 2054 2747 omnes
2086 2692 2186 2745 bo-
2242 2764 2245 2767 γ

606 2784 787 2838 mines
814 2782 1017 2838 servari
1053 2781 1189 2845 vult,
1233 2789 1287 2834 et
1336 2780 1402 2833 ad
1445 2780 1776 2850 agnitionem
1803 2780 2053 2835 veritatis
2091 2794 2187 2834 ve.

610 2875 748 2938 nire,
785 2874 997 2943 illisque
1023 2875 1160 2926 adeo
1182 2871 1320 2925 viam
1345 2870 1538 2925 salutis
1560 2870 1905 2939 patefacere:
1933 2885 2028 2927 eos
2053 2886 2188 2941 quo.

603 2981 716 3035 que
746 2967 902 3035 jubet
928 2972 1153 3034 peccata
1177 2962 1431 3030 abjicere,
1452 2962 1775 3032 justiticatos
1797 2961 1964 3031 gratis
1992 2973 2048 3017 et
2078 2977 2184 3017 non

604 3070 677 3110 ex
709 3055 961 3126 operibus
1000 3054 1154 3122 legis,
1199 3052 1309 3106 imo
1349 3052 1529 3120 magis
1558 3066 1653 3121 per
1682 3050 1840 3106 iidem
1883 3062 1939 3105 et
1967 3066 2183 3105 sacrum

2358 1409 2699 1475 Λούσασθε,
2727 1409 2973 1479 καθαροὶ
3004 1410 3265 1478 γίνεσθε.

2360 1499 2529 1553 Πάλιν
2565 1500 2760 1564 αὐτοὺς
2800 1502 2881 1564 εἰς
2906 1501 3212 1572 ἀνάμνησιν
3238 1503 3347 1558 τῶν
3380 1504 3734 1577 ἠσεϐημένων
3765 1510 3863 1564 αὗ-

2286 1593 2400 1653 τοῖς
2452 1591 2694 1659 ἐνεγκὼν
2744 1591 3145 1661 ἀπογινώσκειν
3187 1595 3287 1647 οὐκ
3341 1595 3423 1665 ἐᾷ.
3479 1597 3758 1669 Ἐπιφέρει
3806 1601 3863 1654 δὲ

2288 1681 2577 1753 χρησίμως
2599 1683 2699 1755 τὴν
2720 1683 2780 1748 ἐξ
2808 1685 3143 1756 ἡμερότητος
3174 1688 3349 1757 χάριν.
3376 1688 3483 1741 Καὶ
3504 1689 3607 1744 οὐκ
3629 1691 3863 1764 ἐξείργει

2288 1774 2388 1843 τῆς
2419 1774 2627 1845 δωρεᾶς
2670 1774 2772 1842 τῆς
2812 1776 3170 1849 προτεθείσης
3202 1778 3289 1832 διά
3330 1780 3566 1851 Χριστοῦ
3603 1785 3716 1847 τοῖς
3760 1786 3864 1839 ἁνά

2291 1868 2469 1920 πᾶσαν
2518 1868 2617 1938 τὴν
2672 1869 2762 1922 ὑπ’
2811 1868 3056 1939 οὐρανόν.
3111 1890 3127 1922 ι
3166 1872 3373 1935 Πάντες
3412 1873 3521 1945 γὰρ
3564 1873 3860 1942 ἐξέκλιναν,

2290 1957 2409 2028 ἅμα
2437 1958 2835 2030 ἠχρειώθησαν.
2871 1978 2889 2012 ι
2934 1962 3043 2015 Καὶ
3069 1961 3317 2025 ὑπόδικος
3343 1963 3563 2032 γέγονεν
3600 1967 3628 2018 6
3660 1966 3863 2038 κόσμος

2286 2048 2365 2119 τῷ
2402 2048 2539 2119 Θεῷ,
2573 2049 2683 2102 τῶν
2731 2050 2830 2121 μὲν
2869 2050 3039 2104 ἐθνῶν
3082 2055 3145 2122 τῇ
3188 2053 3359 2106 κτίσει
3408 2054 3860 2126 λελατρευκότων,

2288 2140 2395 2192 τῶν
2421 2159 2483 2209 γε
2509 2141 2613 2212 μὴν
2644 2141 2703 2207 ἐξ
2719 2142 2932 2214 Ἰσραὴλ
2953 2142 3044 2198 τὸν
3062 2143 3151 2197 διὰ
3171 2146 3413 2210 Μωσέως
3440 2148 3620 2212 αὐτοῖς
3643 2148 3861 2202 δοθέντα

2290 2229 2753 2300 παραϐεϐηκότων
2800 2232 2983 2302 νόμον.
3027 2233 3162 2285 Ἀλλ’
3196 2233 3505 2304 ἐπέλαμψεν
3550 2237 3578 2289 ὁ
3628 2238 3860 2307 Χριστὸς

2287 2323 2399 2383 τοῖς
2432 2320 2629 2386 ἔθνεσι,
2666 2323 2761 2376 καὶ
2802 2323 3062 2394 κέκληται
3105 2323 3241 2395 πρὸς
3272 2324 3331 2377 τὸ
3361 2325 3668 2396 θαυμαστὸν
3695 2326 3858 2381 αὑτοῦ

2289 2412 2424 2480 φῶςο
2462 2413 2555 2465 καὶ
2578 2416 2605 2466 ό
2635 2414 2763 2466 ποτε
2792 2415 2852 2467 οὐ
2876 2413 3024 2479 λαὸς,
3060 2415 3311 2484 γεγόνασι
3338 2416 3482 2481 λαός.
3534 2418 3772 2473 Ἰουδαῖοί
3795 2435 3858 2488 γε

2290 2503 2399 2572 μὴν
2451 2502 2501 2554 οἱ
2539 2503 2764 2567 τάλανες
2818 2506 3286 2577 πεπαροινήκασιν
3330 2509 3409 2571 εἰς
3464 2507 3718 2578 Χριστὸν,
3766 2508 3860 2562 καὶ

2288 2594 2533 2664 ἀρχηγὸν
2561 2594 2689 2647 ὅντα
2718 2596 2816 2665 τῆς
2840 2595 2984 2667 ζωῆς
3011 2598 3378 2651 ἀπεκτόνασιν
3411 2599 3660 2663 ἀνοσίως,
3689 2602 3735 2653 εί
3768 2600 3860 2653 καὶ

2286 2687 2488 2739 ἀνεϐίω
2520 2685 2681 2739 πάλιν
2700 2687 2776 2752 ὡς
2802 2688 2954 2749 Θεός.
2996 2686 3211 2760 Ἐπειδὴ
3244 2689 3300 2743 δέ
3336 2692 3482 2743 ἐστιν
3507 2691 3728 2759 ἀγαθὸς,
3768 2693 3861 2745 καὶ

2287 2778 2495 2842 πάντας
2530 2778 2848 2849 ἀνθρώπους
2881 2779 3026 2833 θέλει
3062 2780 3319 2852 σωθῆναι,
3345 2781 3439 2834 καὶ
3465 2784 3542 2844 εἰς
3568 2782 3859 2851 ἐπίγνωσιν

2287 2869 2543 2941 ἀληθείας
2571 2870 2743 2923 ἐλθεῖν
2770 2872 3052 2941 ἀνευρύνει
3078 2872 3170 2925 καὶ
3208 2872 3369 2935 αὐτὸς
3411 2872 3510 2942 τὴν
3547 2872 3648 2944 τῆς
3684 2890 3859 2945 σωτη-

2289 2962 2411 3032 ρίας
2455 2962 2573 3015 ὁδὸν
2615 2964 2707 3015 καὶ
2735 2962 3135 3033 ἀποκρούεσθαι
3166 2962 3378 3017 κελεόει
3425 2965 3491 3018 τά
3516 2965 3858 3037 ἐγκλήματα,

2287 3054 2665 3125 δικαιουμένου
2694 3054 2901 3125 δωρεὰν
2945 3055 3039 3108 καὶ
3064 3056 3165 3109 οὐκ
3203 3055 3263 3121 ἐξ
3286 3055 3462 3126 ἔργων
3490 3057 3673 3129 νόμου.
3708 3061 3862 3114 Μᾶλ-

608 3148 895 3216 baptisma,
928 3145 1155 3214 ideoque
1184 3143 1260 3196 ait
1287 3159 1300 3197 :
1328 3161 1347 3193 ι
1382 3142 1679 3209 Lavamini,
1714 3143 1900 3197 mundi
1934 3152 2127 3198 estote.
2161 3162 2179 3195 ι

2288 3144 2376 3197 λον
2411 3144 2467 3198 δέ
2490 3146 2578 3198 διὰ
2614 3146 2713 3217 τῆς
2744 3145 2999 3210 πίστεως,
3026 3147 3118 3200 καὶ
3150 3146 3243 3201 τοῦ
3274 3150 3429 3217 ἁγίου
3464 3150 3858 3223 βαπτίσματος,

609 3238 763 3304 Quod
793 3246 944 3291 vetus
972 3234 1057 3290 lex
1100 3234 1265 3290 etiam
1303 3234 1407 3289 illis
1434 3248 1532 3303 per
1558 3235 1777 3288 umbras
1814 3234 2091 3304 ﬁguravit,
2124 3244 2180 3289 et

612 3331 841 3399 gratiam
872 3344 967 3398 per
994 3343 1207 3383 sacrum
1233 3327 1504 3382 lavacrum
1542 3337 1667 3381 ante
1688 3329 2018 3396 prmdicavit.
2046 3329 2187 3382 Dhit

610 3420 752 3476 enim
787 3421 982 3475 alicubi
1030 3420 1170 3474 Deus
1206 3424 1271 3473 ad
1296 3421 1631 3474 sacerdotem
1669 3418 1907 3473 Mosam:
1942 3437 1962 3471 ι
1990 3422 2187 3489 Accipe

611 3517 830 3569 Levitas
860 3514 927 3568 de
961 3514 1138 3569 medio
1169 3512 1398 3567 ﬁliorum
1432 3511 1617 3578 Israel,
1646 3523 1699 3567 et
1723 3512 2034 3582 puriﬁcabis
2067 3528 2182 3579 eos,

608 3617 664 3663 et
703 3608 782 3663 sic
811 3606 981 3662 iacies
1012 3606 1141 3675 ipsis
1189 3606 1621 3675 puriﬁcationem
1671 3620 1883 3661 eorum.
1921 3606 2185 3677 ASpergcs

609 3716 704 3756 eos
747 3715 884 3770 aqua
936 3698 1355 3768 purilicationis,
1414 3706 1468 3753 et
1523 3698 1873 3768 superveniet
1925 3701 2184 3754 novacula

612 3808 775 3861 super
812 3801 981 3845 totum
1010 3805 1206 3858 corpus
1228 3805 1437 3854 eorum,
1465 3799 1519 3843 et
1544 3790 1801 3844 lavabunt
1833 3799 2010 3844 vestes
2034 3805 2183 3852 suas,

611 3899 674 3938 ac
698 3883 879 3935 mundi
911 3881 1154 3936 erunt”.
1182 3898 1202 3932 ι
1237 3880 1366 3933 Dein
1398 3881 1701 3949 cujusmodi
1726 3881 1797 3934 sit
1815 3895 1951 3949 aqua
1994 3878 2181 3949 puriﬁ-

608 3975 862 4039 cationis,
906 3973 1102 4029 Paulus
1142 3973 1574 4043 sapientissimus
1628 3972 1845 4027 docebit
1893 3974 2039 4026 hisce
2069 3987 2186 4025 ver-

609 4069 694 4125 bis
731 4089 744 4125 :
783 4087 801 4120 ι
846 4068 901 4124 Si
932 4070 1075 4125 enim
1103 4070 1325 4140 sanguis
1355 4069 1632 4124 hircorum
1662 4078 1717 4123 et
1756 4067 2076 4129 vitulorum,
2130 4075 2186 4119 et

607 4159 748 4213 cinis
790 4159 1035 4229 jnvenca:
1084 4174 1342 4229 aspersus
1390 4159 1697 4228 inquinatos
1764 4156 2073 4213 sanctiﬁcat
2118 4158 2187 4210 ad

609 4253 793 4309 carnis
854 4252 1294 4309 emundationem
1357 4270 1371 4306 :
1433 4260 1638 4322 quanto
1713 4250 1885 4319 magis
1959 4247 2185 4317 sanguis

606 4347 811 4403 Christi
850 4347 929 4399 ’σῖ
955 4366 974 4398 ι
1002 4346 1267 4413 Quocirca
1307 4345 1580 4401 carnalem
1626 4343 1841 4412 quidem
1875 4342 1960 4396 lex
1991 4356 2187 4394 emun-

2286 3238 2458 3309 ταύτῃ
2480 3255 2560 3291 τοι
2586 3240 2740 3311 φησί’
2769 3257 2791 3289 ι
2815 3238 3115 3303 Λούσασθε,
3145 3240 3373 3313 καθαροὶ
3393 3242 3666 3309 γένεσθε.»
3693 3243 3861 3299 Τοῦτο

2288 3328 2380 3380 καὶ
2410 3330 2438 3381 6
2476 3327 2641 3381 πάλαι
2666 3327 2831 3398 νόμος
2860 3329 3044 3390 αὐτοῖς
3068 3329 3143 3392 ὡς
3174 3331 3230 3382 ἐν
3260 3332 3437 3395 σκιαῖς
3463 3332 3736 3399 διετύπου,
3768 3335 3861 3386 καὶ

2287 3422 2728 3492 προανεκήρυττε
2758 3422 2857 3491 τὴν
2881 3422 3041 3493 χάριν
3081 3424 3181 3493 τὴν
3219 3416 3307 3477 δῖἀ
3346 3425 3439 3477 τοῦ
3472 3426 3629 3493 ἁγίου
3669 3426 3861 3497 βαπτί-

2289 3532 2511 3584 σματος.
2564 3514 2707 3585 Ἔφη
2739 3515 2847 3588 γάρ
2885 3533 2986 3568 που
3033 3515 3186 3581 Θεὸς,
3218 3516 3353 3589 πρὸς
3399 3518 3490 3571 τὸν
3539 3521 3861 3590 ἱεροφάντην

2286 3606 2510 3660 Μωσέα’
2565 3626 2582 3657 ‹
2622 3606 2766 3660 Λάϐε
2824 3608 2949 3672 τοὺς
2991 3607 3224 3673 Λευῖτας
3268 3612 3331 3663 ἐκ
3372 3610 3539 3681 μέσου
3583 3612 3692 3665 τῶν
3728 3612 3860 3664 υἱῶν

2299 3699 2534 3772 Ἰσραὴλ,
2578 3701 2671 3753 καὶ
2695 3699 2874 3768 ἀγνιεί
2906 3701 3125 3766 αὐτοὺς,
3155 3703 3247 3755 καὶ
3274 3701 3446 3766 οὕτως
3484 3706 3732 3773 ποιήσεις
3760 3708 3859 3760 αῦ-

2286 3793 2395 3854 τοῖς
2440 3790 2531 3843 τὸν
2568 3790 2831 3860 ἁγνισμὸν
2859 3790 3057 3846 αὐτῶν.
3105 3792 3462 3863 Περιρρανείς
3490 3793 3686 3856 αὐτοὺς
3718 3794 3860 3865 ὕδωρ

2287 3880 2575 3951 ἁγνισμοῦ,
2624 3883 2717 3935 καὶ
2763 3881 3114 3935 ἐπελεύσεται
3158 3883 3320 3953 ξυρὸν
3352 3884 3444 3935 ἐπὶ
3475 3886 3581 3937 πᾶν
3611 3884 3671 3937 τὸ
3702 3884 3860 3955 σῶμα

2286 3974 2485 4026 αὐτῶν.
2518 3976 2628 4028 Καὶ
2654 3975 2914 4028 πλυνοῦσι
2950 3976 3018 4029 τὰ
3050 3978 3241 4046 ἱμάτια
3269 3977 3467 4041 αὐτῶν,
3506 3980 3601 4031 καὶ
3632 3980 3861 4051 καθαροὶ

2286 4068 2521 4120 ἔσονται.
2567 4086 2585 4118 ι
2624 4065 2755 4121 Εἶτα
2783 4071 2933 4120 ποῖον
2975 4067 3056 4121 ἔτι
3100 4068 3157 4120 τὸ
3188 4069 3331 4140 ὕδωρ
3361 4070 3455 4122 τοῦ
3491 4071 3754 4140 ἁγνισμοῦ
3784 4072 3860 4125 δι-

2282 4159 2434 4224 δάξει
2464 4158 2634 4227 λέγων
2667 4162 2695 4212 6
2727 4158 3038 4229 σοφώτατος
3068 4160 3299 4222 Παῦλος⁹
3340 4180 3358 4211 ι
3404 4159 3466 4213 Εἰ
3496 4161 3604 4232 γάρ
3629 4162 3689 4214 τὸ
3720 4157 3861 4232 αἷμα

2284 4250 2502 4321 τράγων
2525 4250 2617 4304 καὶ
2648 4250 2883 4320 μόσχων,
2905 4251 2997 4302 καὶ
3020 4249 3213 4313 σποδὸς
3236 4249 3516 4319 δαμάλεως
3539 4253 3859 4320 ῥαντίζουσα

2286 4342 2410 4405 τοὺς
2462 4341 2889 4411 κεκοινωμένους
2938 4338 3151 4409 ἁγιάζει
3196 4342 3332 4413 πρὸς
3366 4342 3464 4412 τὴν
3517 4342 3617 4412 τῆς
3660 4344 3860 4415 σαρκὸς

609 4439 881 4492 dationem
908 4453 1003 4506 per
1029 4454 1225 4507 aquam
1252 4436 1650 4507 puriﬁcationis
1676 4432 1856 4489 eﬂ‘ecit
1887 4451 1900 4488 :
1933 4432 2183 4488 Christus

2288 4433 2649 4505 καθαρότητα,
2683 4433 2833 4504 πόσῳ
2869 4432 3069 4503 μᾶλλον
3109 4433 3169 4487 τὸ
3192 4428 3332 4505 αἷμα
3363 4435 3632 4507 Χριστοῦ,
3661 4454 3681 4488 ι
3716 4435 3859 4491 Οὔκ-

608 4539 790 4583 autem
828 4543 924 4599 per
963 4529 1287 4597 baptismum
1327 4542 1519 4583 omnes
1563 4527 1754 4581 sordes
1793 4524 1960 4579 animi
2000 4525 2182 4579 deter-

606 4620 707 4691 git.
741 4617 1002 4686 Baptizati
1041 4619 1185 4673 enim
1223 4632 1410 4673 sumus
1458 4616 1662 4687 Spiritu
1709 4626 1898 4670 sancto
1940 4625 1994 4671 et
2035 4616 2180 4684 igne,

611 4712 705 4781 qui
737 4711 992 4780 excoquit
1022 4726 1183 4767 omne
1218 4711 1329 4764 vitii
1357 4724 1525 4780 genus
1558 4709 1609 4763 in
1657 4709 1813 4763 nobis
1848 4718 1903 4763 et
1930 4707 2177 4778 collique-

609 4804 740 4857 facit
763 4804 1181 4873 quodammodo,
1216 4810 1273 4856 et
1315 4813 1373 4856 ut
1401 4800 1646 4855 inutilem
1678 4800 2183 4870 materiam,quasi-

606 4912 713 4965 que
740 4893 1061 4964 quisquilias
1106 4893 1365 4948 absumit.
1419 4890 1553 4945 Nam
1585 4890 1690 4945 hoc
1739 4891 1878 4961 ignis
1926 4907 2063 4961 opus
2101 4899 2183 4948 est

604 4995 662 5038 et
697 4986 991 5053 praprium.
1030 4980 1257 5038 Planum
1287 4980 1416 5036 facit
1444 4982 1545 5035 hoc
1586 4979 1647 5037 Β.
1676 4980 1896 5048 Paulus,
1942 4983 2129 5037 dicens
2164 5001 2177 5037 :

613 5095 633 5127 ι
674 5075 777 5129 Per
808 5075 965 5130 ﬁdem
989 5075 1253 5129 divinitus
1287 5074 1601 5127 admonitus
1631 5072 1744 5127 Noe
1773 5074 2180 5143 aptavitarcam

610 5169 664 5221 in
683 5168 909 5223 salutem
929 5168 1119 5222 domus
1141 5182 1255 5221 sua:
1278 5165 1344 5230 ",
1376 5184 1395 5217 ι
1435 5164 1607 5233 inqua
1626 5179 1808 5233 pauca:
1836 5165 1937 5220 hoc
1952 5175 2055 5228 est,
2078 5164 2185 5235 18

606 5269 733 5313 octo
759 5259 950 5313 anima:
978 5269 1315 5313 conservata:
1343 5264 1469 5311 sunt
1498 5257 1550 5310 in
1577 5271 1714 5326 aqua
1742 5274 1756 5309 :
1787 5276 1806 5307 ‹
1836 5256 1991 5326 cujus
2013 5257 2181 5326 figura

610 5352 933 5419 baptismus,
962 5364 1104 5404 nunc
1138 5359 1320 5404 servat
1338 5364 1454 5416 nos,
1481 5350 1573 5418 qui
1609 5364 1715 5403 non
1742 5358 1826 5405 est
1852 5350 2032 5403 carnis
2062 5365 2182 5403 sor-

608 5440 759 5494 dium
792 5440 1084 5509 depositio,
1122 5439 1214 5493 sed
1247 5441 1592 5494 conscientia:
1642 5440 1794 5495 bona:
1830 5440 2182 5510 interrogatio

610 5531 665 5586 in
699 5532 867 5586 iteum
895 5530 961 5582 ³⁷.
996 5548 1014 5581 ι
1047 5530 1200 5597 Quod
1232 5528 1521 5585 Iudaicum
1564 5531 1819 5601 p0pulum
1862 5532 2042 5587 facere
2076 5550 2187 5589 mo-

609 5628 744 5687 net,
810 5620 1035 5675 dicens:
1076 5638 1095 5672 ι
1134 5619 1353 5689 Lavate,
1406 5623 1588 5678 mundi
1631 5630 1847 5677 estote:
1886 5640 1904 5675 ι
1944 5623 2047 5679 hoc
2074 5636 2180 5691 εει,

680 5801 729 5832 ⁸⁸
757 5798 899 5858 Psal.
934 5815 1053 5868 vnt,
1088 5801 1141 5857 3.
1218 5802 1263 5834 ³³
1289 5800 1449 5857 Num.
1485 5818 1604 5866 vtu.
1635 5801 1802 5873 7seq.

1908 5803 1952 5836 ³⁸
1985 5803 2151 5859 Hebr.
2183 5819 2256 5870 ix,
2290 5804 2372 5871 l5,
2412 5803 2497 5857 Η.
2577 5804 2622 5834 ³⁸
2658 5801 2819 5857 Hebr.
2863 5817 2937 5867 ιιι,
2971 5799 3020 5851 7.

2285 4522 2379 4576 οὖν
2419 4522 2687 4593 σαρκικὴν
2720 4522 2817 4592 μὲν
2846 4522 2873 4574 6
2904 4523 3062 4592 νόμος
3092 4524 3325 4578 ἐποιεῖτο
3347 4525 3446 4596 τὴν
3474 4526 3739 4597 κάθαρσιν
3770 4526 3860 4581 διά

2283 4615 2379 4670 τοῦ
2406 4616 2593 4678 ὓδατος
2612 4614 2706 4669 τοῦ
2740 4614 3027 4685 ἁγνισμοῦ.
3054 4617 3353 4688 Διασμήχει
3377 4616 3431 4669 δὲ
3457 4620 3486 4670 6
3513 4617 3745 4688 Χριστὸς
3771 4617 3860 4672 διὰ

2283 4707 2378 4761 τοῦ
2406 4709 2561 4775 ἁγίου
2598 4707 2991 4777 βαπτίσματος,
3028 4708 3205 4762 πάντα
3230 4708 3402 4780 ῥύπον
3429 4709 3583 4780 ἡμῶν
3608 4707 3857 4781 ψυχικόν.

2286 4799 2707 4869 Βεϐαιττίσμεθα
2738 4799 2847 4867 γὰρ
2875 4801 2933 4852 ἐν
2958 4798 3233 4870 Πνεύματι
3262 4800 3400 4871 ἁγίῳ
3434 4802 3526 4856 καὶ
3566 4802 3721 4873 πυρὶ,
3752 4803 3861 4856 πᾶν

2286 4887 2424 4955 εἶδος
2454 4891 2550 4960 τῆς
2577 4892 2633 4943 ὲν
2657 4891 2788 4961 ἡμῖν
2810 4888 3142 4961 φαυλότητος
3171 4891 3451 4961 μονονουχὶ
3483 4894 3859 4963 συντήκοντος,

2290 4984 2384 5037 καὶ
2423 4983 2500 5047 ὡς
2554 4983 2823 5053 ἄχρηστον
2861 4981 3207 5047 δαπανῶντός
3239 4999 3360 5036 τινα
3400 4981 3664 5052 συρφετὸν
3706 4980 3857 5051 ὕλην·

2288 5072 2450 5147 ἔργον
2494 5075 2603 5146 γὰρ
2634 5074 2789 5129 τοῦτο
2834 5075 3021 5146 πυρός.
3066 5071 3234 5127 Τοῦτό
3277 5091 3357 5127 τοι
3391 5074 3483 5126 καὶ
3527 5076 3555 5126 6
3588 5072 3859 5143 μακάριος

2290 5168 2501 5233 Παῦλος
2530 5170 2802 5237 διασαφεῖ,
2833 5167 3025 5236 λέγων·
3056 5184 3075 5218 ι
3110 5167 3294 5219 Πίστει
3318 5165 3707 5235 χρηματισθεὶς
3734 5162 3857 5215 Νῶε

2290 5256 2660 5312 κατεσκεύασε
2712 5256 2941 5310 κιϐωτὸν
2993 5256 3072 5318 είς
3119 5252 3390 5325 σωτηρίαν
3434 5252 3527 5304 τοῦ
3564 5253 3711 5305 οῐκου
3757 5251 3857 5303 αὐ-

2286 5349 2403 5411 τοῦ,
2448 5370 2466 5402 ι
2502 5352 2581 5413 είς
2605 5349 2672 5420 ἣν
2703 5350 2901 5415 ὀλίγαι,
2934 5345 3077 5400 τοῦτ’
3110 5345 3276 5411 ἔστιν,
3302 5343 3444 5396 ὀκτὼ
3472 5342 3642 5413 ψυχαὶ
3671 5339 3859 5395 διεσώ-

2290 5441 2461 5511 θησαν
2485 5439 2549 5492 δι’
2574 5438 2781 5502 ὓδατος.
2817 5457 2835 5488 ι
2873 5439 2938 5489 Ὃ
2963 5437 3056 5489 καὶ
3084 5436 3230 5507 ἡμᾶς
3258 5434 3548 5487 ἀντίτυπον
3576 5430 3673 5485 νῦν
3697 5430 3858 5495 σώζει

2292 5532 2597 5603 βάπτισμα,
2630 5532 2691 5584 οὐ
2720 5530 2919 5603 σαρκὸς
2948 5528 3203 5591 ἀπόθεσις
3228 5528 3420 5598 ῥύπου,
3455 5524 3592 5578 ἀλλὰ
3622 5522 3859 5592 συνειδή-

2294 5642 2429 5688 σεως
2457 5623 2674 5693 ἀγαθῶς
2709 5622 3039 5694 ἐπερώτημα
3062 5622 3141 5683 είς
3161 5617 3311 5671 Θεόν.
3344 5636 3363 5669 ι
3395 5619 3460 5671 Ὃ
3487 5615 3549 5688 δὴ
3572 5614 3663 5670 καὶ
3677 5614 3860 5676 αὐτοῖς

3077 5796 3309 5854 "lPetr.
3342 5811 3423 5859 ιιι,
3448 5794 3540 5852 2|.
