4178 6556
296 388 353 440 ιι
1452 383 1521 436 ιΝ
1565 383 1794 439 ISAIAM
1838 384 1963 441 LIB.
2007 387 2046 442 l.
2089 387 2297 443 ORAT.
2339 390 2380 444 1.
3464 393 3535 447 ιε

293 503 509 558 ἑλέσθαι
537 504 668 575 δρᾷν
691 506 801 568 τοῖς
834 503 1099 556 Ἰουδαίων
1127 502 1320 573 δήμοις
1367 504 1744 576 συμϐουλεύει,
1777 505 1863 557 λέ·-

1973 504 2175 563 abhtite
2224 507 2510 572 maculam,
2559 509 2893 577 jnstilicante
2919 523 3014 565 vos
3055 524 3120 565 es
3171 506 3454 562 clementia
3484 517 3540 562 ct

293 610 423 660 γιωδ·
473 613 490 645 t
539 594 835 656 Λούσασθε,
886 594 1117 664 καθαροὶ
1164 595 1407 661 γένεσθε
1447 614 1465 645 ι
1507 596 1652 649 τοῦτ’
1692 596 1860 659 ἐστιν,

292 682 625 751 ἁπονίψασθε
652 682 749 753 τὴν
780 683 991 752 κηλῖδα,
1032 682 1365 745 δικαιοῦντος
1391 686 1541 754 ἡμᾶς
1574 685 1631 751 ἐξ
1660 686 1863 755 ήμερόυ

290 790 449 842 τητος
484 773 574 826 καὶ
606 774 1014 844 φιλανθρωπίας
1050 774 1142 826 τοῦ
1172 776 1299 845 παρ’
1331 774 1484 844 ὑμῶν
1510 775 1858 846 ὑϐρισμένου.

290 865 629 935 Εὑρίσκομεν
655 865 709 917 δὲ
740 868 833 918 καὶ
860 866 950 918 τὸν
973 865 1257 919 Θεσπέσιον
1278 866 1481 937 Πέτρον
1509 867 1863 939 ἐπιπλήττον-

286 974 355 1008 τα
380 957 483 1027 μὲν
514 958 695 1020 αὐτοῖς
720 958 794 1020 ῶς
827 957 1150 1010 ἀπεκτονόσι
1184 958 1274 1010 τὸν
1307 958 1406 1028 τῆς
1432 957 1577 1029 ζωῆς
1596 960 1859 1031 ἀρχηγὸν,

288 1048 383 1101 καὶ
413 1050 696 1119 αἰτήσασιν
728 1048 896 1120 ἄνδρα
924 1049 1088 1117 φονέα
1117 1049 1442 1120 χαρισθῆναι
1481 1051 1683 1117 αὐτοῖς,
1716 1052 1859 1104 τοῦτ’

1971 598 2321 667 benignitate,
2362 614 2449 664 eo,
2473 600 2565 670 qui
2614 602 2754 670 apud
2794 616 2888 656 vos
2924 601 3267 657 contumeliis
3312 598 3538 656 allectus

1969 698 2074 748 est.
2130 690 2383 748 Videmus
2424 694 2585 749 etiam
2642 695 2881 750 divinum
2950 696 3168 752 Petrum
3213 713 3308 753 eos
3358 697 3539 753 iacre-
3585 701 3593 727 ί

1972 793 2118 850 pare,
2149 782 2291 851 quod
2340 784 2462 839 vitm
2514 785 2814 855 principem
2868 788 3256 854 interfecerint,
3303 801 3356 847 et
3393 788 3537 859 quod

1976 870 2333 936 homicidam,
2390 873 2601 928 scilicet
2657 873 2992 939 Barabbam,
3041 877 3142 931 sibi
3199 879 3386 934 donari
3442 892 3540 946 po-

1971 960 2312 1017 stulaverint.
2353 962 2404 1018 is
2449 973 2627 1021 tamen
2680 966 2844 1021 etiam
2896 968 3098 1021 excitat
3146 968 3212 1021 ad
3269 969 3539 1037 poeniten-

1969 1051 2141 1120 tiam;
2204 1054 2278 1108 ait
2338 1055 2482 1110 enim
2525 1070 2541 1109 :
2582 1073 2605 1109 ε
2649 1056 2716 1111 Ει
2765 1072 2946 1122 nunc,
2997 1060 3216 1123 fratres,
3271 1058 3387 1113 scio
3442 1074 3539 1112 vos

288 1139 403 1192 ἔστι
431 1141 519 1194 τὸν
541 1140 827 1212 Βαραόἀμ.
862 1141 1009 1211 Πλὴν
1035 1140 1401 1194 διανίστανται
1429 1142 1565 1212 πρὸς
1588 1143 1863 1212 μετάγνω-

1964 1159 2056 1214 per
2086 1146 2441 1215 ignorantiam
2492 1146 2703 1213 fecisse,
2746 1149 2887 1203 sicut
2930 1158 2984 1204 et
3025 1147 3294 1217 principes
3343 1149 3535 1203 vestri.

289 1248 412 1285 σινο
443 1232 546 1303 ἔφη
601 1232 709 1303 γάρ
736 1248 749 1261 ·
791 1252 809 1283 ι
845 1233 952 1285 Καὶ
992 1232 1107 1296 νῦν,
1148 1232 1385 1302 ἀδελφοὶ,
1425 1230 1541 1287 οίδα
1592 1235 1673 1288 ὅτι
1726 1235 1869 1288 κατὰ

285 1322 508 1390 ἄγνοιαν
570 1323 843 1392 ἐπράξατε
897 1323 1086 1394 ὥσπερ
1132 1325 1227 1378 καὶ
1282 1327 1330 1378 οἱ
1370 1326 1628 1394 ἄρχοντες
1686 1325 1862 1396 ὑμῶν.

284 1415 672 1486 Μετανοήσατε
700 1411 793 1468 οὖν
825 1415 919 1467 καὶ
951 1415 1301 1485 βαπτισθήτω
1325 1416 1556 1479 ’ἕκαστος
1585 1415 1743 1485 ὑμῶν
1774 1417 1867 1469 ἐπὶ

284 1507 360 1577 τῷ
402 1508 625 1578 ὀνόματι
672 1508 766 1561 τοῦ
815 1510 1021 1580 Κυρίου
1066 1509 1222 1579 ἡμῶν
1269 1508 1442 1578 Ἰησοῦ
1480 1508 1740 1579 Χριστοῦ,
1776 1511 1872 1563 καὶ

1968 1235 2290 1306 Resipiscite
2338 1238 2522 1309 igitur,
2577 1249 2632 1295 et
2686 1239 2991 1310 baptisetur
3037 1240 3405 1310 unusquisque
3447 1254 3541 1295 ve-

1964 1333 2135 1380 strum
2172 1328 2222 1381 itt
2255 1332 2471 1385 nomine
2516 1329 2729 1386 Domini
2759 1332 2927 1386 nostri
2949 1329 3076 1386 Jesu
3110 1331 3333 1397 Christi,
3357 1340 3415 1387 et
3444 1345 3540 1385 ac-

1963 1418 2178 1489 cipietis
2226 1421 2424 1476 donum
2478 1423 2715 1493 Spiritus
2768 1424 2967 1479 sancti.
2998 1422 3167 1480 Vobis
3208 1423 3357 1480 enim
3412 1433 3540 1479 sunt

1978 1514 2365 1580 promissiones
2384 1525 2439 1571 et
2468 1514 2593 1572 [iliis
2625 1518 2816 1572 vestris
2843 1517 2912 1571 ³⁸.
2955 1536 2975 1570 ι

283 1597 519 1669 λήψεσθε
578 1599 676 1668 τὴν
698 1598 907 1670 δωρεὰν
934 1599 1027 1652 τοῦ
1084 1599 1239 1667 ἁγίου
1270 1599 1601 1669 Πνεύματος.
1638 1598 1795 1669 ’Υμῖν
1821 1600 1929 1671 γάρ
1955 1602 2091 1655 είσιν
2116 1603 2171 1656 αἱ
2199 1605 2517 1673 ἐπαγγελίαι
2544 1608 2638 1660 καῖ
2664 1609 2777 1671 τοῖς
2803 1608 3012 1671 τέκνοις
3042 1607 3214 1679 ὑμῶν.
3254 1627 3274 1661 ι

367 1691 645 1759 Ἀςρέλετε
686 1691 794 1757 τὰς
836 1692 1126 1759 πονηρίας
1159 1690 1276 1744 ἀπὸ
1310 1690 1429 1744 τῶν
1452 1690 1671 1761 ψυχῶν
1702 1689 1861 1761 ὑμῶν

2039 1693 2201 1748 Vens.
2244 1695 2330 1750 16.
2360 1698 2577 1766 Auferte
2618 1698 2759 1752 mala
2791 1715 2857 1753 ea:
2896 1700 3171 1755 animabus
3222 1701 3429 1767 castris,
3470 1701 3535 1753 ab

284 1779 576 1834 ἀπέναντι
604 1780 722 1834 τῶν
752 1781 1069 1851 ὀφθαλμῶν
1097 1794 1237 1849 μουθ
1266 1782 1586 1835 παύσασθε
1608 1782 1727 1835 ἀπὸ
1746 1782 1868 1835 τῶν

285 1868 586 1937 πονηριῶν
617 1867 803 1938 ὑμῶν.

370 1960 605 2030 Ἀπόχρη
639 1959 738 2029 μὲν
760 1958 893 2030 πρὸς
924 1958 1182 2028 ἀπόνιψιν
1210 1958 1485 2031 ἁμαρτίας
1514 1958 1576 2014 τὸ
1599 1960 1863 2031 σωτήριον

283 2050 378 2104 καὶ
409 2049 563 2118 ἅγιον
595 2049 896 2119 βάπτισμα,
924 2050 1016 2102 καὶ
1044 2050 1142 2120 τὴν
1178 2048 1284 2101 τῶν
1321 2049 1424 2120 ήδη
1459 2050 1865 2121 προεπταισμέο

281 2158 388 2194 νων
441 2141 730 2213 διασμὴχει
786 2136 995 2210 κηλῖδα.
1033 2138 1244 2210 Χρῆναι
1290 2138 1348 2192 δέ
1388 2156 1529 2210 φημι
1555 2140 1680 2204 τοὺς
1711 2141 1862 2207 ἅπαξ

280 2233 664 2303 ἡγιασμένους,
701 2230 949 2301 καθαρὰς
1003 2232 1097 2285 καὶ
1135 2229 1421 2302 ἀμώμους,
1458 2231 1537 2294 ὡς
1569 2232 1635 2287 ἂν
1661 2226 1764 2285 οἷοί
1800 2246 1859 2285 τε

281 2321 410 2390 εἷεν,
442 2324 540 2387 τὰς
565 2322 770 2376 ἑαυτῶν
796 2322 1082 2392 φυλάττειν
1120 2320 1299 2391 ψυχὰς
1339 2321 1432 2374 καί⁵
1460 2320 1861 2392 διαμεμνῆσθαι

284 2417 383 2486 μὲν
428 2416 523 2468 τοῦ
561 2414 832 2483 λέγοντος⁹
868 2433 886 2466 t
928 2415 1082 2486 Πάσῃ
1122 2414 1335 2484 φυλακῇ
1381 2414 1537 2484 τήρει
1586 2415 1686 2485 σὴν
1726 2428 1862 2487 καρο

281 2508 418 2562 δίαν.
453 2526 471 2561 ι
499 2510 608 2561 Καὶ
640 2507 824 2561 πάλιν·
873 2525 893 2558 t
934 2508 1057 2561 Ἐὰν
1079 2506 1297 2575 πνεῦμα
1328 2505 1423 2559 τοῦ
1454 2505 1861 2572 ὲξουσιάζοντος

283 2599 457 2671 ἀναϐῇ
490 2600 584 2651 ἐπὶ
612 2599 695 2663 σὲ,
724 2599 888 2651 τόπον
917 2615 1010 2651 σου
1035 2597 1108 2668 (l)
1142 2597 1216 2667 μὴ
1245 2597 1409 2667 ἀφῇς,
1432 2597 1511 2650 δτι
1536 2596 1672 2666 ἴαμα
1694 2610 1861 2648 κατα-

281 2691 483 2744 παύσει
509 2690 780 2761 ἁμαρτίας
819 2689 1081 2759 μεγάλας.
1123 2707 1140 2739 t
1165 2688 1421 2740 Πλεῖσται
1450 2687 1547 2757 μὲν
1575 2688 1698 2740 ὅσαι
1728 2686 1863 2757 πρὸς

279 2784 350 2837 τὰ
370 2782 570 2852 αἰσχίω
596 2781 889 2851 βλέπουσαι
918 2780 1014 2851 τὴν
1046 2777 1139 2832 τοῦ
1167 2778 1453 2847 ἀνθρώπου
1481 2777 1655 2848 ψυχὴν
1692 2791 1863 2831 κατα-

283 2874 521 2928 σείουσιν
572 2872 793 2944 ἡδοναὶ,
829 2871 925 2923 καὶ
971 2870 1076 2941 πρό
1108 2886 1172 2938 γε
1210 2868 1317 2922 τῶν
1360 2868 1556 2934 ἄλλων,
1599 2871 1629 2923 6
1664 2870 1723 2923 ἐν
1752 2868 1864 2932 τοῖς

284 2966 475 3036 μέλεσι
512 2964 611 3035 τῆς
638 2962 840 3034 σαρκὸς
869 2960 1111 3032 ἔμφυτός
1137 2976 1198 3014 τε
1228 2960 1321 3015 καὶ
1354 2960 1650 3031 ἀγριαίνων
1677 2961 1857 3030 νόμος·

1970 1782 2134 1837 oculis
2167 1788 2294 1839 meis
2316 1803 2335 1850 ;
2370 1788 2618 1856 quiescit:
2646 1805 2678 1842 a
2706 1790 2921 1844 malitiis
2946 1791 3153 1845 vestris.

2036 1960 2115 2013 Ad
2150 1960 2355 2029 peccati
2396 1974 2627 2030 namque
2681 1961 3013 2017 ablutionem
3052 1960 3251 2017 sulIicit
3292 1961 3533 2017 salutare

1964 2061 2019 2107 et
2056 2068 2272 2107 sacrum
2310 2052 2603 2119 lavacrum,
2650 2053 3019 2124 abstergitque
3066 2054 3406 2124 superiorum
3442 2056 3535 2110 de-

1964 2144 2212 2199 lictorum
2244 2144 2529 2200 maculam.
2555 2145 2655 2213 Qui
2681 2160 2809 2202 vero
2831 2145 2999 2202 semel
3028 2146 3352 2202 sattctillcati
3380 2158 3529 2209 sunt,

1962 2237 2170 2289 animas
2209 2250 2334 2292 suas
2365 2240 2541 2307 quoad
2588 2235 2705 2305 ejus
2733 2235 2847 2292 ﬁeri
2889 2247 3090 2308 potest,
3129 2252 3294 2307 puras
3334 2247 3391 2293 et
3422 2237 3529 2292 illi-

1963 2325 2114 2381 batas
2148 2340 2367 2382 servare
2412 2334 2661 2398 oportere
2708 2328 2808 2394 ait,
2848 2341 2904 2383 et
2951 2343 3220 2384 memores
3249 2342 3369 2384 esse
3411 2327 3527 2396 ejus

1961 2418 2051 2487 qui
2084 2416 2214 2474 dicit
2246 2436 2259 2473 :
2292 2438 2311 2472 ι
2354 2418 2511 2475 Omni
2542 2421 2788 2475 custodia
2818 2422 2975 2476 Serva
3004 2434 3097 2476 cor
3128 2430 3277 2475 tuum
3303 2420 3370 2475 ”.
3411 2439 3429 2473 t
3466 2420 3533 2475 Et

1963 2524 2152 2564 rursus
2183 2526 2196 2563 :
2242 2527 2260 2560 ι
2313 2509 2372 2564 Si
2415 2510 2641 2580 spiritus
2674 2510 3006 2568 dominantis
3037 2512 3342 2567 ascenderit
3366 2512 3419 2565 in
3453 2519 3527 2575 te,

1961 2615 2057 2656 cer
2090 2610 2238 2655 tuum
2282 2616 2348 2656 ne
2386 2602 2651 2669 dimittas,
2686 2603 2812 2672 quia
2859 2604 3066 2658 medela
3113 2604 3372 2674 reprimet
3402 2617 3530 2672 pec-

1963 2702 2084 2747 cata
2129 2692 2293 2746 multa
2322 2692 2387 2748 “l.
2423 2712 2440 2745 ι
2475 2692 2731 2764 Voluptas
2779 2696 2921 2750 enim
2967 2710 3155 2765 magna
3200 2710 3321 2766 qua
3365 2696 3529 2751 etiam

1963 2797 2087 2838 cum
2137 2783 2471 2854 turpitudine
2517 2786 2808 2857 conjuncta
2853 2796 2959 2851 est,
3006 2787 3243 2843 hominis
3291 2788 3528 2842 animant

1966 2873 2277 2940 labefactat,
2313 2873 2686 2946 imprimisque
2728 2891 2838 2947 pm
2884 2876 3005 2931 aliis
3048 2875 3132 2930 lex
3173 2877 3224 2931 in
3270 2878 3531 2933 membris

1965 2966 2148 3022 carnis
2195 2966 2358 3021 insita
2395 2976 2448 3021 et
2488 2965 2747 3035 eﬂ‘erata;
2796 2968 2862 3022 ad
2915 2968 3051 3034 hec,
3099 2983 3280 3037 pravae
3324 2970 3530 3041 cogita-

279 3027 402 3110 εἶτα
430 3027 577 3126 πρὸς¹
593 3027 803 3116 τούτοις
827 3027 1167 3122 διαλογισμοὶ
1198 3027 1446 3123 πονηροὶ,
1475 3049 1610 3121 πρὸς
1642 3027 1754 3103 πᾶν
1786 3045 1863 3102 εί-

1968 3060 2144 3114 tiones
2191 3060 2245 3115 in
2286 3072 2448 3115 omne
2496 3060 2748 3114 vitiorum
2783 3073 2955 3129 genus
2999 3074 3236 3115 mentem
3289 3070 3527 3117 nostram

278 3149 372 3212 δος
404 3146 735 3217 φαυλότητος
764 3145 863 3197 οὐκ
890 3143 1131 3212 ἀγεννῶς
1159 3139 1674 3214 καταϐροχιζόμενοι
1694 3140 1785 3194 τὸν
1805 3138 1864 3194 ἐν

280 3242 417 3311 ἡμῖν
437 3239 565 3293 δντα
592 3236 736 3290 νοῦν.
761 3238 851 3289 Δεῖ
874 3235 938 3307 δὴ
960 3231 1053 3288 οὖν
1072 3233 1180 3287 τῶν
1201 3234 1455 3288 τοιούτων
1482 3233 1738 3287 ἁπάντων
1766 3234 1866 3285 ἀπ-

276 3333 501 3404 έχεσθαι
519 3330 705 3384 κακῶν
721 3330 844 3391 τοὺς
870 3327 1354 3399 βεϐαπτισμένους,
1376 3327 1469 3380 καὶ
1485 3326 1583 3390 τὰς
1601 3326 1865 3396 πονηρίας

279 3423 503 3493 ἀφελεῖν
534 3421 643 3475 ἀπὸ
660 3422 760 3491 τῆς
788 3419 922 3482 ιδίας
940 3418 1137 3489 ψυχῆς·
1167 3418 1260 3471 καὶ
1275 3417 1391 3473 οὔτι
1418 3417 1577 3487 μόνον
1594 3417 1651 3470 ὲν
1666 3416 1865 3486 ὀφθαλ-

283 3516 406 3586 μοῖς
435 3512 757 3584 ἀνθρώπων,
788 3510 926 3563 ἀλλὰ
956 3510 1051 3563 καὶ
1080 3510 1137 3562 ὲν
1165 3508 1462 3579 ὀφθαλμοῖς
1496 3507 1733 3578 μάλιστα
1768 3506 1861 3560 τοῦ

280 3606 462 3660 πάντα
482 3603 680 3664 εἰδότος
698 3618 758 3654 τε
779 3601 873 3654 καὶ
888 3599 1191 3671 ἐφορῶντος
1211 3597 1367 3653 Θεοῦ.
1401 3597 1862 3653 ’Υποπλάττονται

283 3697 387 3767 μὲν
400 3695 508 3765 γὰρ
522 3694 632 3748 ἔσθ’
643 3695 729 3747 ὅτε
743 3693 802 3747 τὸ
813 3688 952 3746 εἶναι
968 3691 1214 3763 χρηστοὶ,
1229 3690 1323 3744 καὶ
1337 3689 1434 3760 τὴν
1449 3690 1547 3761 τῆς
1563 3688 1863 3751 ἐπιεικείας

278 3787 500 3857 δόκησιν
523 3785 1016 3858 παρακλέπτοντες,
1043 3781 1244 3835 ἔσωθεν
1270 3781 1327 3834 δέ
1355 3783 1489 3835 εἰσιν
1516 3780 1671 3835 λύκοι
1694 3781 1864 3849 ἅρπα-

279 3894 401 3948 γες,
436 3878 576 3932 κατὰ
603 3877 666 3930 τὸ
702 3874 1104 3947 γεγραμμένον.
1136 3873 1245 3927 Καὶ
1278 3874 1406 3944 περὶ
1437 3874 1655 3939 παντὸς,
1687 3864 1859 3943 οἶμαι,

279 3969 524 4023 τοιούτου
545 3968 635 4021 τὸν
656 3968 764 4020 τῶν
784 3967 920 4020 ὅλων
940 3965 1092 4029 Θεὸν,
1118 3963 1205 4018 διὰ
1227 3964 1409 4034 φωνῆς
1435 3963 1700 4034 Ἰερεμίου
1729 3976 1861 4032 Rpo-

281 4062 457 4133 φήτου
479 4060 678 4128 λέγειν’
712 4077 730 4108 t
756 4058 847 4129 Τῷ
871 4058 1097 4127 στόματι
1120 4056 1284 4109 αὑτοῦ
1305 4054 1455 4108 λαλεῖ
1475 4054 1744 4126 εἰρηνικὰ,
1767 4053 1863 4105 καὶ

279 4153 339 4205 ὲν
369 4150 547 4221 ἑαυτῷ
579 4149 689 4219 ἔχει
714 4148 811 4220 τὴν
842 4147 1058 4219 ἔχθραν.
1090 4165 1108 4198 ι
1161 4147 1270 4199 Καὶ
1306 4145 1411 4215 μὴν
1440 4145 1534 4197 καὶ
1559 4144 1742 4214 φωνῆς
1764 4141 1861 4195 τοῦ

279 4244 447 4299 Δαδίδ
468 4259 480 4273 ’
543 4258 562 4293 ι
596 4240 1011 4310 Ἠπαλύνθησαν
1035 4240 1084 4292 οι
1106 4238 1252 4307 λόγοι
1278 4238 1456 4291 αὐτῶν
1484 4236 1620 4305 ὑπὲρ
1659 4236 1859 4300 ἔλαιον,

279 4333 374 4387 καὶ
403 4332 557 4387 αὐτοί
580 4333 685 4385 είσι
716 4330 940 4401 βολίδες.
964 4348 982 4381 ι
1036 4328 1175 4382 Ἀλλ’
1205 4330 1253 4381 εί
1283 4328 1377 4381 καὶ
1408 4327 1590 4380 πᾶσαν
1625 4329 1863 4379 ποιοῖντο
1896 4360 1937 4423 D

280 4424 519 4496 σπουδὴν
548 4425 628 4488 εἷς
662 4440 725 4492 γε
754 4422 816 4477 τὸ
851 4422 961 4477 δεῖν
992 4420 1249 4475 δύνασθαι
1284 4418 1487 4481 λαθεῖν,
1519 4418 1548 4470 6
1590 4417 1856 4471 κατοικῶν

277 4522 335 4573 ὲν
374 4518 625 4591 οὐρανοῖς
673 4512 1029 4585 ὲκγελάσεται
1080 4513 1296 4576 αὐτοὺς,
1346 4511 1440 4565 καὶ
1464 4512 1492 4563 6
1522 4508 1725 4580 Κύριος
1763 4510 1857 4561 sx-

278 4608 576 4682 μυκτηριεῖ
600 4609 813 4671 αὐτούς.
852 4599 1004 4661 Οἳδεν
1032 4605 1160 4676 γὰρ,
1198 4598 1339 4657 οἶδεν
1389 4602 1618 4674 καρδίαν
1648 4601 1740 4655 καὶ
1767 4616 1857 4654 νε-

277 4700 472 4773 φρούς.
502 4698 561 4754 Ὃ
582 4700 637 4753 δὲ
666 4697 883 4768 ἀληθῶς
910 4696 1110 4766 ἀγαθὸς
1131 4694 1367 4758 τοιοῦτος
1394 4694 1544 4747 ἔσται
1571 4692 1705 4764 μετὰ
1724 4689 1858 4745 Θεοῦ

275 4792 373 4844 καὶ
400 4787 725 4859 ἀνθρώπων,
750 4789 826 4850 ὡς
848 4787 956 4857 γὰρ
983 4789 1011 4841 6
1032 4784 1240 4847 Παῦλος
1262 4783 1453 4854 φησιν’
1487 4801 1506 4835 t
1527 4780 1861 4853 Προνοούμε-

276 4900 355 4935 νοι
383 4881 528 4936 καλὰ
568 4880 796 4935 ἐνώπιον
828 4879 1053 4951 Κυρίου.
1103 4877 1237 4932 ἀλλά
1272 4881 1367 4930 καὶ
1389 4874 1618 4930 ἐνώπιον
1646 4872 1859 4945 ἀνθρώ-

275 4990 415 5029 πων.
439 4993 457 5024 t
496 4972 659 5042 Μέγα
686 4972 866 5027 τοίνυν
889 4972 949 5024 τὸ
974 4969 1165 5041 ἐξᾶραι
1193 4969 1291 5032 τὰς
1312 4968 1574 5039 πονηρίας
1603 4966 1861 5020 ἀπέναντι

276 5066 384 5121 τῶν
414 5064 715 5135 ὀφθαλμῶν
744 5063 839 5119 τοῦ
881 5061 1037 5117 Θεοῦ.
1076 5062 1183 5115 Καὶ
1207 5061 1348 5131 τάχα
1387 5076 1490 5113 που
1516 5057 1752 5119 τοιοῦτός
1779 5070 1862 5118 τις

276 5153 344 5227 ἦν
392 5161 421 5212 6
466 5157 780 5228 Ναθαναὴλ,
842 5155 968 5227 περὶ
1015 5142 1078 5208 οὗ
1119 5170 1283 5223 φησιν
1325 5154 1354 5205 6
1399 5151 1664 5222 Χριστός⁸
1708 5167 1727 5201 t
1756 5147 1860 5201 Ἴδε

277 5247 494 5318 ἀληθῶς
510 5247 867 5320 Ἰσραηλίτης,
893 5247 950 5300 ἐν
966 5236 1011 5313 ᾧ
1035 5244 1182 5309 δόλος
1197 5245 1297 5297 οὐκ
1317 5242 1482 5297 ἔστιν.
1512 5262 1529 5294 ι
1556 5239 1864 5306 Παύσασθε,

279 5340 464 5409 φησιν,
520 5340 630 5394 ἀπὸ
674 5338 785 5393 τῶν
819 5336 1094 5408 πονηριῶν
1125 5335 1303 5407 ὑμῶν,
1346 5334 1490 5389 τοῦτ’
1517 5335 1653 5401 ἐστι,
1694 5351 1865 5388 καταο

277 5431 495 5484 λείπετε
525 5431 626 5501 τῆς
648 5431 946 5503 συντρόφου
976 5447 1037 5483 τε
1061 5429 1191 5501 ὑμῖν
1217 5429 1311 5483 καὶ
1337 5426 1617 5498 ὲντριὸοῦς
1645 5426 1867 5496 δυστρο-

280 5524 429 5588 πίας,
466 5525 840 5595 μεταστήσατε
875 5523 1011 5595 πρὸς
1038 5522 1107 5576 τὰ
1127 5521 1334 5594 ἀμείνω
1362 5522 1462 5591 τὴν
1495 5517 1703 5571 ἑαυτῶν
1735 5517 1863 5570 δυσ-

347 5642 392 5675 ³⁸
419 5642 543 5697 Act.
592 5658 673 5707 ιιι,
719 5645 820 5709 l7;
858 5660 919 5705 tt.
963 5643 1075 5710 58,
1110 5643 1199 5698 '59.
1309 5643 1355 5675 ”
1394 5638 1553 5697 Prov.
1583 5656 1667 5702 tv,
1713 5639 1805 5710 25.

280 5709 325 5741 ⁸⁸
358 5711 499 5765 Psal.
532 5728 640 5776 uv,
670 5713 760 5768 ‘22.
807 5707 883 5745 7“
910 5707 1070 5769 Rom.
1107 5730 1204 5779 ιιι,
1244 5715 1331 5768 t7.
1406 5712 1450 5743 λ’
1490 5710 1644 5765 Joan.
1696 5723 1733 5773 ι,
1764 5707 1852 5763 47.

348 5805 429 5875 (l)
460 5803 784 5859 llumfrctlus
814 5805 941 5876 legit
979 5805 1205 5876 καρδίαν
1239 5822 1354 5861 σου.

638 5900 912 5961 Ριιτκοι..
963 5902 1079 5962 (in.
1131 5902 1328 5962 LXX.

1911 5638 1958 5670 ⁸ο
1994 5638 2141 5696 Eccl.
2174 5655 2227 5708 x,
2259 5638 2312 5696 4.

1964 3151 2121 3221 plane
2150 3152 2546 3223 demergentes.
2596 3151 2903 3222 Baptizatus
2936 3153 3097 3222 igitur
3121 3163 3334 3223 oportet
3364 3155 3433 3209 ab
3462 3155 3529 3211 il-

1965 3242 2215 3298 liusmodi
2263 3243 2558 3299 sceleribus
2618 3244 2867 3299 omnibus
2917 3244 3232 3301 desistere:
3289 3262 3390 3302 nec
3436 3263 3530 3301 so-

1964 3333 2074 3386 lum
2106 3334 2174 3387 ab
2198 3333 2282 3389 his
2305 3334 2549 3403 partibus
2576 3348 2695 3403 quae
2716 3344 2935 3390 exstant
2962 3345 3017 3390 et
3043 3336 3095 3391 in
3115 3346 3406 3407 conspectu
3435 3353 3531 3408 po-

1963 3425 2083 3479 sitae
2130 3433 2278 3489 sunt,
2320 3427 2415 3481 sed
2452 3434 2509 3480 et
2550 3426 2620 3479 ab
2651 3424 2829 3479 anima
2868 3440 2966 3480 sua
3011 3426 3309 3495 nequitiam
3347 3442 3528 3482 remo-

1965 3524 2089 3570 vere
2123 3529 2139 3568 :
2176 3516 2408 3571 maxime
2438 3530 2561 3571 cum
2598 3516 2774 3572 videat
2800 3516 2940 3571 Deus
2965 3525 3022 3570 et
3043 3515 3297 3587 inspiciat
3321 3518 3526 3575 omnia.

1965 3604 2233 3660 Simulant
2259 3607 2460 3661 etenim
2499 3618 2887 3677 nonnunquam
2920 3606 3115 3670 bonos,
3149 3614 3205 3662 et
3241 3609 3529 3678 probitatis

1962 3698 2272 3766 opinionem
2303 3706 2643 3768 aucupentur
2688 3707 2743 3753 et
2779 3697 2931 3767 quasi
2978 3695 3334 3766 suﬂ‘urantur,
3379 3698 3526 3755 intus

1963 3798 2084 3839 cum
2110 3784 2222 3839 sint
2248 3784 2355 3856 lupi
2387 3797 2632 3855 rapaces,
2665 3786 2959 3841 secundum
2987 3786 3042 3839 id
3085 3786 3226 3854 quod
3260 3786 3523 3857 scriptum

1962 3884 2046 3929 est
2098 3872 2165 3929 “.
2218 3874 2293 3929 De
2339 3874 2535 3945 quibus
2583 3876 2834 3930 omnibus
2881 3876 3118 3930 arbitror
3157 3876 3529 3933 universitatis

1962 3966 2129 4022 Deum
2160 3976 2292 4021 voce
2323 3966 2571 4022 Jeremiae
2604 3967 2824 4022 dicere:
2864 3984 2883 4019 ι
2912 3965 3017 4022 Ore
3042 3982 3140 4022 suo
3171 3966 3407 4037 loquitur
3434 3984 3530 4038 pa-

1962 4057 2138 4121 ciﬁca,
2177 4066 2232 4112 et
2264 4056 2370 4126 ιθ
2401 4060 2540 4127 apud
2579 4070 2700 4112 sese
2736 4057 2899 4111 habet
2925 4057 3109 4112 odium
3136 4059 3204 4113 δ’.
3250 4076 3269 4110 ι
3301 4057 3443 4125 Quin
3474 4070 3530 4115 et

1960 4160 2093 4203 voce
2151 4147 2366 4202 Davidis
2423 4162 2439 4201 :
2501 4166 2521 4199 ι
2568 4147 2751 4201 Molliti
2812 4159 2940 4203 sunt
3001 4160 3281 4206 sermones
3336 4164 3527 4206 eorum

1960 4252 2126 4310 super
2147 4240 2419 4303 oleum,et
2447 4238 2546 4309 ipsi
2588 4249 2714 4295 sunt
2735 4238 2911 4307 iacula
2940 4238 3006 4294 “.
3039 4257 3059 4291 ι
3096 4238 3208 4295 imo
3237 4250 3531 4310 quantum-

1961 4331 2044 4386 vis
2090 4331 2261 4385 latere
2310 4330 2549 4401 cupiant,
2590 4330 2679 4400 qui
2718 4330 2927 4385 habitat
2982 4330 3037 4386 in
3082 4329 3238 4386 omlis
3284 4330 3533 4385 irridebit

1963 4430 2059 4476 eos
2114 4430 2171 4475 et
2229 4420 2487 4476 Dominus
2544 4420 2896 4477 subsannabit
2964 4435 3079 4476 eos.
3144 4419 3305 4476 Novit
3383 4421 3529 4476 enim

1964 4509 2074 4575 ille,
2121 4511 2268 4564 novit
2324 4511 2485 4564 corda
2544 4521 2599 4565 et
2665 4526 2841 4566 renes.
2904 4510 2975 4565 At
3029 4512 3121 4581 qui
3170 4526 3299 4567 vere
3355 4510 3534 4566 bonus

1962 4614 2065 4667 est,
2125 4603 2196 4657 ita
2235 4603 2344 4656 erit
2380 4609 2436 4657 et
2487 4605 2627 4674 apud
2684 4604 2847 4658 Deum
2892 4613 2949 4657 et
2989 4602 3130 4673 apud
3172 4602 3440 4667 homines,
3475 4615 3533 4656 nt

1964 4702 2018 4750 et
2051 4694 2185 4750 dicit
2230 4690 2431 4750 Paulus
2477 4711 2491 4749 :
2546 4713 2567 4747 ι
2609 4694 2956 4750 Providentes
3004 4693 3143 4749 bona
3193 4706 3299 4747 non
3358 4693 3531 4748 solum

1964 4800 2147 4843 coram
2181 4786 2433 4851 Domino,
2479 4787 2572 4842 sed
2600 4795 2655 4841 et
2703 4795 2886 4842 coram
2925 4784 3233 4841 hominibus
3267 4782 3333 4840 “.
3361 4802 3381 4836 ι
3418 4783 3534 4838 Μει-

1966 4888 2129 4948 gnum
2177 4877 2360 4946 itaque
2420 4877 2524 4932 hoc
2569 4886 2671 4942 est,
2725 4877 3039 4947 iniquitates
3079 4878 3147 4931 ab
3198 4875 3372 4931 oculis
3439 4874 3529 4929 Dei

1966 4970 2304 5025 submovere.
2332 4964 2519 5037 Qualis
2542 4979 2660 5024 erat
2682 4968 3003 5034 Natbaoael,
3027 4970 3095 5023 de
3114 4984 3222 5039 quo
3241 4968 3489 5024 Christus
3517 4986 3530 5021 :

1972 5074 1989 5111 t
2033 5060 2171 5114 Ecce
2214 5070 2343 5115 vere
2385 5059 2653 5125 Israelita,
2700 5060 2753 5115 in
2792 5072 2901 5129 quo
2948 5058 3105 5114 dolus
3148 5073 3253 5114 non
3286 5066 3370 5113 est
3395 5056 3464 5112 “.
3508 5076 3526 5109 ι

1973 5152 2227 5206 Desistlte
2259 5151 2446 5221 igitur,
2477 5152 2674 5222 inquit,
2708 5151 2776 5207 ab
2810 5151 3183 5221 iniquitatibus
3214 5151 3446 5206 vestris:
3477 5151 3530 5203 id
3602 5150 3605 5153 ’

1966 5252 2071 5310 est,
2102 5243 2334 5300 desinite
2374 5244 2719 5299 committere
2766 5253 3048 5314 peccannn
3081 5244 3223 5313 quod
3251 5242 3529 5296 nobiscum

1966 5350 2068 5389 una
2118 5335 2379 5391 coalescit
2422 5346 2477 5395 et
2517 5336 2861 5401 inhaerescit;
2917 5337 2985 5390 ad
3034 5336 3257 5390 meliora
3298 5349 3395 5388 cor
3442 5348 3532 5386 vc-

1964 5438 2136 5480 Strum
2186 5429 2508 5485 cenvertite.
2540 5426 2693 5495 Quod
2738 5422 2781 5483 si
2826 5427 2941 5483 haec
2983 5428 3232 5484 Christus
3272 5423 3527 5494 loquitur,

1961 5516 2180 5572 inda-os
2230 5520 2462 5587 crimine
2519 5530 2831 5587 arcessens,
2883 5521 3058 5592 cogita
3134 5533 3255 5589 qua:
3300 5511 3533 5567 fecerint

2413 5641 2457 5673 “
2493 5636 2684 5698 Matth.
2714 5657 2820 5709 vn,
2858 5636 2944 5696 l5.
3050 5634 3097 5670 δ’
3124 5635 3324 5693 Jerem.
3353 5634 3403 5686 ιι
3425 5668 3440 5695 ,
3470 5629 3524 5683 8.

3099 5890 3139 5948 2
