4178 6500
629 388 700 442 ιδ

1648 366 1704 417 S.
1749 359 2020 415 CYRILLI
2061 347 2529 409 ALEXANDIHNI
2572 345 2890 401 ARCllli-‘P.
3812 348 3877 403 Η

631 514 753 551 cum
787 492 1247 548 delntccharcntur
1284 484 1337 537 in
1371 495 1517 542 eum,
1559 479 1782 547 laqueos
1809 480 2092 542 ponerent,
2120 468 2203 523 [ο-

2305 464 2553 534 τροπίαν.
2589 463 2652 514 Ei
2692 461 2746 513 δὲ
2792 460 2854 530 δὴ
2900 460 3066 513 ταῦτα
3100 460 3244 526 λέγοι
3279 460 3531 529 Χριστὸς,
3567 462 3659 512 καὶ
3695 475 3882 513 καται-

630 603 757 641 veas
790 585 1051 644 luderent,
1093 590 1325 644 cumque
1365 572 1542 627 modis
1573 566 1826 623 omnibus
1866 577 1929 615 ac
1962 559 2088 614 totis
2117 557 2194 609 vi-

631 681 784 734 ribus
808 689 968 730 oume
990 686 1160 741 genus
1187 664 1542 722 immanitatis
1576 661 1628 713 iu
1660 671 1781 713 cum
1812 652 2195 709 machinareuo

631 784 736 825 tur.
764 768 916 822 Nunc
949 740 1150 816 etenim
1187 758 1453 829 quosdam
1489 768 1519 806 e
1554 752 1665 806 suis
1697 743 1974 815 discipulis
2010 740 2198 794 subor-

628 869 757 913 nant
796 872 919 912 cum
954 855 1038 907 his
1080 851 1171 920 qui
1208 857 1472 902 vocantur
1508 838 1823 904 licrodiani,
1870 844 1931 890 ut
1973 834 2206 888 interro-

632 959 823 1021 garent
852 958 910 1000 et
939 919 1184 998 dicerent
1208 957 1221 990 :
1247 959 1265 990 ι
1293 938 1513 992 Licetne
1540 935 1666 988 dare
1697 930 1952 984 tributum
1979 919 2203 983 Caesari,

628 1012 694 1095 Et.
745 1056 848 1093 non
874 1038 963 1089 “'1
993 1053 1011 1086 ι
1055 1033 1209 1087 Nunc
1246 1030 1419 1083 etiam
1454 1028 1649 1080 iterum
1700 1019 1965 1075 accedunt
2010 1022 2065 1067 et
2118 1012 2205 1065 itt-

628 1133 823 1201 quiunt
870 1148 884 1183 :
943 1146 962 1177 ι
997 1124 1077 1179 An
1111 1124 1234 1177 licet
1261 1134 1463 1175 curare
1502 1112 1776 1171 Sahbato?
1802 1120 1857 1163 ut
1886 1110 2203 1161 accusarent

628 1197 750 1278 eum
796 1220 865 1270 ".
898 1236 917 1269 ι
962 1214 1201 1269 Audiant
1248 1209 1476 1280 proinde
1525 1207 1789 1260 dicentem
1825 1219 1840 1254 :
1890 1217 1907 1249 ι
1942 1197 2201 1249 Amovete

633 1312 835 1367 scelera
871 1307 1172 1361 animarum
1202 1310 1502 1356 vestrarum
1535 1296 1603 1351 ab
1634 1294 1805 1351 oculis
1848 1290 2001 1350 meis,
2053 1285 2194 1337 desi-

628 1405 751 1456 stite
780 1402 847 1453 ab
875 1395 1247 1466 iniquitatibus
1278 1391 1492 1446 vestris.
1529 1407 1549 1441 ι

2292 554 2456 624 τιῷτο
2507 554 2633 616 τοὺς
2680 552 2987 613 Ἰουδαίους,
3046 552 3317 622 ἐννοήσεις
3379 551 3477 603 ὅσα
3540 550 3882 621 πεπράχασιν

2297 645 2757 716 ὲμπαροινοῦντες
2810 643 2979 712 αὐτῷ,
3039 644 3133 695 καὶ
3197 642 3397 709 παγίδα
3465 644 3727 706 ἱστάντες,
3789 643 3881 695 καὶ

2298 738 2665 809 διορύττοντες
2715 736 2960 807 βόθρους.
3016 736 3125 789 Καὶ
3171 736 3229 788 τό
3270 752 3332 804 γε
3373 731 3506 806 ἧκον
3554 736 3633 797 είς
3663 736 3880 798 αὐτοὺς,

2303 830 2397 883 καὶ
2428 831 2508 892 είς
2534 828 2762 897 δύναμιν
2787 826 3231 896 ἐπιχειρημάτων
3268 829 3372 879 πᾶν
3402 821 3539 888 εἶδος
3568 825 3882 894 σκαιότητος

2306 918 2599 990 ἀρτύοντες
2628 918 2714 970 ἐπ’
2744 917 2915 987 αὐτῷ.
2948 918 3085 970 ΙΙοτὲ
3122 918 3219 987 μὲν
3262 918 3369 987 γὰρ
3396 915 3767 969 ἀπεστάλκασὶ
3804 933 3885 967 τι·

2304 1027 2398 1073 νας
2424 1010 2531 1063 τῶν
2566 1011 2709 1063 ἰδίων
2742 1009 3016 1080 μαθητῶν,
3041 1010 3178 1079 μετά
3203 1010 3309 1063 τῶν
3340 1008 3686 1078 καλουμένων
3713 1008 3884 1078 Ἥρω-

2304 1099 2518 1165 διανῶν,
2553 1102 2841 1171 ἐρομένους
2876 1117 2935 1153 τε
2965 1100 3055 1153 καὶ
3080 1101 3336 1167 λέγοντας
3358 1118 3370 1132 ·
3406 1120 3424 1151 ι
3451 1099 3663 1164 Ἔξεστι
3701 1099 3882 1152 δοῦναι

2304 1190 2503 1262 φόρους
2547 1192 2867 1262 Καίσαρι,ἣ
2914 1190 2975 1244 οῦ
3002 1208 3017 1256 ;
3045 1210 3061 1242 ι
3112 1192 3247 1244 Ποτὲ
3290 1190 3345 1244 δὲ
3386 1189 3546 1244 πάλιν
3595 1192 3885 1260 προσίεσαν

2300 1280 2571 1348 λέγοντες,
2607 1300 2626 1331 σ
2647 1282 2712 1336 Ei
2742 1281 2917 1347 ἔξεστι
2956 1280 3034 1352 τῷ
3070 1281 3332 1352 Σαϐϐάτῳ
3366 1281 3738 1352 θεραπεῦσαι;
3772 1282 3884 1334 ’Ὶνα

2294 1376 2745 1444 κατηγορήσωσιν
2767 1372 2953 1427 αὐτοῦ.
2976 1393 2994 1423 ι
3016 1373 3388 1426 Ἀκουέτωσαν
3414 1373 3591 1425 τοίνυν
3610 1372 3881 1440 λέγοντος,

634 1513 651 1543 ι
677 1463 1078 1561 Ἀφέλεσθε-τάς
1096 1485 1355 1556 πονηρίας
1370 1483 1477 1537 ἀπὸ
1487 1482 1594 1535 τῶν
1614 1478 1801 1550 ψυχῶν
1823 1478 1853 1530 ύ
1862 1475 1975 1547 μῶν
1990 1470 2249 1525 ἀπέναντι
2271 1463 2379 1517 τῶν
2394 1467 2687 1538 ὀφθαλμῶν
2701 1468 3116 1539 μου.ΙΙαύσασθε
3135 1468 3243 1521 ἀπὸ
3259 1467 3366 1522 τῶν
3382 1467 3653 1537 πονηριῶν
3674 1469 3703 1520 ὑ
3711 1468 3843 1538 μῶν.
3862 1489 3878 1516 ι

701 1589 863 1643 Vsus.
900 1587 984 1651 Π,
1011 1584 1100 1637 18.
1133 1582 1331 1635 Discite
1362 1580 1532 1649 facere
1564 1577 1775 1638 bonum,
1802 1571 2019 1642 qrtterite
2051 1564 2201 1635 judi-

2380 1561 2605 1615 Μάθετε
2642 1563 2833 1616 καλὸν
2864 1562 3077 1626 ποιεῖν,
3132 1562 3496 1629 ἐκζητήσατε
3525 1564 3748 1630 κρίσιν,
3778 1564 3887 1629 ρίσ-

630 1683 763 1735 cium
792 1720 806 1741 ,
840 1691 1135 1746 oppressum
1167 1674 1404 1734 liberate,
1438 1670 1680 1741 judicate
1713 1663 1936 1734 pupillos
1974 1657 2205 1728 etjusti-

2309 1654 2503 1704 σασθε
2534 1650 2948 1720 ἀδικούμενον,
2980 1653 3217 1720 κρίνατε
3246 1650 3503 1720 ὀρφανῷ,
3525 1652 3621 1704 καί
3650 1651 3884 1704 δικαιώ-

628 1773 780 1838 ﬁcate
813 1769 1107 1827 viduam,et
1138 1764 1322 1825 t'enite,
1348 1772 1394 1814 et
1425 1773 1736 1829 arguantur,
1763 1752 1886 1806 dicit
1919 1749 2198 1803 Dominus.

630 1859 697 1911 Et
724 1860 767 1910 si
791 1858 893 1909 sint
933 1864 1142 1922 peccata
1184 1861 1351 1905 vestra
1378 1849 1525 1920 quasi
1578 1849 1918 1916 pltmniceum,
1944 1842 2077 1895 sicut
2118 1841 2200 1893 ni-

628 1966 739 2002 vem
770 1945 1045 1999 dealbabo.
1092 1942 1159 1995 Et
1208 1942 1250 1995 si
1295 1942 1396 1993 sint
1438 1949 1491 1992 ut
1523 1937 1807 1999 coccinum,
1846 1932 1977 1986 velut
2026 1930 2202 1983 lanam

628 2039 902 2093 dealbubo.

700 2128 1128 2183 lmbecillilatetn
1167 2124 1343 2179 cultus
1374 2123 1558 2189 legalis
1593 2113 1858 2183 deli'nivit,
1902 2128 2026 2170 cum
2072 2111 2148 2165 ait
2185 2127 2199 2164 :

638 2240 656 2273 ι
692 2219 963 2286 Quorsum
989 2216 1117 2270 mihi
1149 2214 1433 2268 multitudo
1461 2210 1853 2266 sacriﬁciorum
1876 2216 2201 2269 vestrorum,

633 2313 763 2366 dicit
801 2308 1097 2364 Dominus?
1148 2305 1309 2360 Satur
1367 2320 1505 2357 sum.
1540 2321 1560 2355 ι
1598 2302 1663 2355 Et
1715 2300 1803 2353 ubi
1855 2295 2146 2353 subintulit
2190 2312 2201 2347 :

641 2425 656 2456 ι
690 2403 823 2469 Quis
849 2402 990 2455 enim
1019 2398 1199 2468 exegit
1228 2399 1339 2451 tunc
1366 2396 1431 2449 de
1462 2393 1711 2448 manibus
1739 2388 1970 2445 vestris?
2000 2408 2018 2441 ι
2047 2388 2208 2443 Com-

636 2497 793 2549 mode
822 2493 932 2562 jam
975 2493 1151 2546 denuo
1194 2487 1518 2555 evangelicae
1564 2482 2001 2539 conversationis
2030 2480 2207 2549 digni-

638 2597 824 2648 tatem,
864 2596 918 2638 et
963 2584 1128 2651 quasi
1157 2579 1477 2649 elegantiam
1506 2577 1748 2645 exponit,
1775 2585 1827 2629 et
1862 2582 2062 2629 sancta:
2089 2572 2210 2625 vitae

640 2677 777 2730 viam
809 2674 1048 2729 ostendit
1078 2686 1223 2736 vere,
1258 2687 1377 2740 qua:
1426 2683 1532 2722 non
1572 2668 1627 2721 iu
1668 2667 1807 2737 typis
1834 2680 1995 2734 porro
2032 2677 2125 2717 aut
2154 2664 2208 2716 in

640 2769 868 2830 umbris,
896 2766 989 2819 sed
1020 2779 1085 2816 ex
1120 2762 1279 2815 rebus
1323 2760 1454 2830 ipsis
1487 2757 1927 2823 ornamentisque
1954 2755 2209 2807 virtutum

639 2860 847 2913 laudem
874 2857 1033 2911 habet
1051 2862 1104 2908 et
1127 2851 1591 2922 approbationem.
1629 2847 1766 2915 Quid
1785 2847 1925 2902 enim
1949 2846 2059 2899 ait:
2089 2843 2209 2897 «Di-

638 2952 774 3006 scite
806 2949 940 3003 bene
972 2945 1185 3000 facere?
1209 2962 1226 2995 ο
1260 2945 1340 2996 An
1377 2943 1561 3010 igitur,
1605 2955 1809 3009 quasso,
1830 2937 2025 2993 dixerit
2055 2936 2207 3004 quis-

639 3043 781 3111 piam
801 3079 814 3101 ,
861 3037 1051 3091 eximit
1078 3034 1296 3088 omnino
1320 3033 1427 3101 2ο
1455 3047 1484 3084 a
1528 3031 1658 3099 legis
1690 3040 1985 3100 praecepto,
2030 3041 2203 3095 neque

638 3132 765 3184 sinit
797 3128 1018 3182 omnino
1068 3127 1132 3178 ad
1181 3123 1270 3177 illa
1319 3138 1416 3192 per
1466 3120 1651 3176 Mosen
1692 3120 1950 3174 divinitus
2005 3115 2200 3171 tradita

639 3230 906 3291 praecepta
971 3214 1286 3285 respicere?
1342 3212 1411 3266 At
1459 3212 1550 3281 qui
1604 3212 1663 3266 tit
1716 3221 1775 3264 ut
1824 3216 2011 3278 postea
2058 3205 2203 3260 dicat

639 3314 888 3368 Christus
922 3327 936 3366 :
967 3327 986 3361 ι
1022 3307 1198 3363 Nolite
1231 3314 1419 3377 putare
1445 3303 1698 3375 quoniam
1734 3301 1852 3355 veni
1886 3299 2098 3354 solvere
2126 3296 2202 3352 le-

639 3421 756 3472 gem
790 3414 883 3457 aut
928 3401 1252 3471 prophetas;
1303 3413 1412 3452 non
1462 3398 1578 3450 veni
1625 3393 1858 3456 solvere,
1894 3391 1986 3446 sed
2032 3389 2203 3443 adim-

638 3495 789 3563 plere
816 3492 883 3545 ⁸⁸.
919 3509 938 3542 ι
978 3489 1045 3543 Ει
1078 3488 1353 3557 quomodo
1379 3486 1541 3540 etiam
1582 3485 1657 3537 ait
1702 3480 1897 3536 Paulus
1927 3497 1940 3533 :
1974 3497 1993 3530 ι
2026 3478 2204 3545 Quare

637 3587 720 3637 lex
749 3582 965 3652 quidem
1015 3588 1229 3641 sancta,
1265 3586 1320 3631 et
1351 3583 1673 3645 praeceptum
1710 3582 1980 3635 sanctum,
2014 3572 2204 3637 etjus-

639 3687 772 3737 tum,
801 3682 856 3728 et
884 3673 1081 3725 bonum
1124 3668 1210 3722 "1’
1241 3686 1260 3720 ι
1296 3668 1375 3721 Ad
1404 3681 1521 3735 quae
1556 3680 1653 3719 nos
1685 3678 1897 3718 rursum
1935 3662 2199 3724 dicemus,

636 3767 829 3819 bonam
866 3762 1077 3831 quidem
1118 3774 1239 3815 esse
1296 3758 1486 3826 legem,
1534 3756 1579 3809 si
1622 3755 1838 3824 quidem
1875 3752 2201 3821 intelligatur

634 3853 1005 3925 spiritualiter,
1038 3864 1213 3926 neque
1240 3849 1432 3903 eximit
1460 3861 1559 3900 nos
1587 3846 1815 3899 omnino
1838 3859 1866 3897 a
1899 3844 2013 3913 lege
2045 3842 2203 3897 Chri-

633 3959 770 4010 stus,
808 3944 916 3998 imo
974 3940 1146 4010 magis
1191 3938 1407 3993 deducit
1449 3936 1515 3989 ad
1568 3935 1619 3988 id
1660 3937 1803 4003 quod
1845 3933 2202 3989 excellentius

632 4058 719 4100 est
745 4054 799 4100 et
825 4041 1170 4113 praestantius
1207 4056 1220 4091 :
1250 4053 1372 4092 cum
1399 4033 1763 4108 ptedagogiam
1798 4030 1929 4098 legis
1952 4042 2049 4083 ceu
2083 4025 2205 4079 fun-
2276 4068 2290 4092 ,

634 4143 947 4191 uamentum
986 4132 1040 4185 iu
1093 4130 1251 4184 nobis
1296 4125 1687 4196 prmstruxerit,
1737 4131 1792 4175 et
1835 4117 2056 4173 umbras
2085 4116 2204 4171 illas

634 4228 785 4297 quasi
824 4238 1002 4297 typos,
1044 4223 1153 4277 veri
1187 4220 1366 4275 cultus
1401 4227 1660 4285 tanquam
1691 4222 2104 4283 progymnasma
2137 4220 2201 4260 ac

2304 1754 2453 1794 σατε
2490 1743 2705 1810 χήραν,
2742 1744 2841 1796 καὶ
2876 1743 3069 1809 δεῦτε,
3104 1744 3201 1796 καὶ
3237 1738 3688 1812 διελεγχθῶμεν,
3722 1741 3884 1810 λέγει

2304 1834 2538 1901 Κύριος.
2564 1836 2675 1887 Καὶ
2698 1834 2805 1889 édr
2834 1831 2986 1889 ὦσιν
3014 1838 3075 1887 αἱ
3103 1835 3374 1903 ἁμαρτίαι
3410 1832 3576 1902 ὑμῶν
3597 1835 3675 1897 ὡς
3698 1851 3888 1901 φοινι-

2305 1924 2475 1989 κοῦν,
2505 1927 2585 1990 ὡς
2616 1930 2791 1995 χιόνα
2814 1912 3110 1981 λευκὰνῶ.
3162 1925 3295 1978 Ἐὰν
3336 1924 3403 1977 δὲ
3431 1920 3584 1979 ὦσιν
3620 1924 3700 1989 ὡς
3742 1927 3884 1979 κόκ-

2306 2032 2495 2080 κινον,
2523 2016 2665 2070 ὡσεὶ
2696 2018 2859 2087 ἔριον
2882 2015 3178 2072 λευκανῶ.

2378 2106 2487 2177 Τῆς
2517 2109 2573 2160 ὲν
2597 2108 2744 2178 νόμῳ
2774 2108 3030 2178 λατρείας
3058 2107 3120 2159 τὸ
3144 2108 3369 2178 ἀδρανὲς
3396 2108 3710 2179 καθορίσας,
3728 2107 3885 2160 διάτε

2304 2198 2398 2252 τοῦ
2428 2200 2613 2268 φάναι,
2667 2219 2683 2250 ι
2705 2200 2768 2252 Τί
2808 2202 2897 2271 μοι
2937 2200 3137 2270 πλῆθος
3164 2202 3273 2256 τῶν
3299 2201 3497 2255 θυσιῶν
3537 2200 3710 2272 ὑμῶν,
3739 2200 3885 2262 λέγει

2306 2290 2538 2362 Κύριοςς
2566 2292 2784 2362 Πλήρης
2815 2292 2953 2362 εἰμί.
2982 2314 2998 2345 ι
3026 2293 3135 2346 Καὶ
3162 2293 3369 2357 τούτοις
3399 2292 3727 2360 ἐπενεγκὼν.
3751 2311 3768 2342 ι
3790 2292 3884 2352 Τίς

2307 2382 2414 2453 γὰρ
2465 2382 2755 2454 ὲξεξήτησε
2781 2384 2951 2437 ταῦτα
2987 2385 3051 2436 ἐκ
3092 2384 3199 2437 τῶν
3248 2384 3445 2455 χειρῶν
3478 2384 3630 2455 ὑμῶν
3655 2401 3670 2448 ;
3697 2403 3714 2435 ι
3763 2383 3887 2435 Ἐπὶ⁵

2307 2475 2501 2544 καιροῦ
2546 2473 2707 2528 πάλιν
2748 2476 2847 2546 τῆς
2895 2475 3251 2545 εὐαγγελικῆς
3306 2475 3578 2538 πολιτείας
3606 2476 3882 2545 ἐξηγεῖται

2308 2565 2405 2636 τὴν
2436 2567 2776 2636 ἀστειότητα,
2828 2567 2922 2621 καὶ
2956 2567 3055 2637 τῆς
3090 2566 3303 2637 ἀληθῶς
3346 2567 3506 2635 ἁγίας
3530 2566 3674 2636 ζωῆς
3713 2583 3881 2619 καταο

2307 2657 2545 2711 δείκνυσι
2572 2658 2668 2728 τὴν
2700 2657 2837 2722 ὁδὸν,
2875 2659 2973 2711 οὐκ
2998 2661 3055 2712 ὲν
3081 2658 3270 2721 τύποις
3306 2658 3386 2711 ἔτι
3416 2659 3507 2712 κα)⁵
3540 2660 3737 2723 σκιαῖς,
3769 2658 3881 2711 ἀλλ’

2311 2750 2368 2801 ἐν
2397 2749 2581 2812 αὐτοῖς
2609 2749 2918 2819 πράγμασι,
2953 2750 3179 2813 καὶτοῖς
3208 2749 3325 2803 κατ’
3354 2749 3554 2821 ἀρετὴν
3577 2750 3880 2819 νοουμένοις

2311 2840 2622 2910 αὐχήμασιν
2655 2840 2834 2910 έχουσι
2865 2840 2927 2893 τὸ
2959 2841 3262 2911 εὐδόκιμον.
3305 2841 3369 2895 Τί
3398 2842 3505 2914 γάρ
3532 2859 3684 2912 φησι,
3724 2860 3741 2892 ι
3765 2841 3880 2894 Md.-

2314 2930 2433 2984 θετε
2466 2932 2629 2985 καλὸν
2660 2936 2867 2998 ποιεῖν;
2896 2952 2913 2984 ι
2941 2928 3066 3004 Ἆρ’
3086 2929 3199 2999 οὖν,
3228 2933 3348 2987 είπέ
3377 2952 3487 3005 μοι,
3517 2934 3647 3005 φαίη
3681 2951 3763 2996 τις
3793 2933 3877 2995 ἂν,

2309 3020 2552 3092 ἐξίστησι
2578 3021 2857 3086 παντελῶς
2887 3023 2985 3094 τῆς
3011 3023 3242 3093 νομικῆς
3274 3023 3522 3093 ὲντολῆς;
3551 3024 3649 3077 οὐκ
3676 3026 3739 3094 ὲᾷ
3772 3027 3880 3083 τοῖς

2302 3112 2389 3165 διά
2421 3112 2665 3177 Μωσέως
2704 3114 3149 3185 τεθεσπισμένοις
3185 3115 3509 3178 ὲνατενίζειν
3547 3115 3720 3179 ὅλως;
3753 3112 3881 3167 Εἶτα

2303 3202 2420 3266 πῶς
2452 3202 2657 3271 ἔφασκε
2686 3205 2940 3275 Χριστός·
2980 3224 2998 3256 ι
3022 3205 3114 3274 Μὴ
3140 3206 3393 3275 νομίσητε
3434 3206 3512 3259 ὅτι
3533 3201 3695 3275 ἦλθον
3724 3223 3882 3259 κατα-

2303 3292 2459 3347 λῦσαι
2479 3294 2571 3348 τὸν
2605 3294 2766 3364 νόμον
2791 3294 2823 3365 ἢ
2850 3296 2975 3357 τοὺς
3004 3296 3306 3366 προφήτας·
3330 3295 3429 3348 οὐκ
3456 3292 3618 3366 ἦλθον
3650 3294 3883 3350 καταλῦ-

2305 3401 2413 3448 σαι,
2439 3384 2573 3439 ἀλλὰ
2597 3385 2901 3457 πληρῶσαι.
2937 3405 2954 3436 ι
2988 3385 3114 3449 Πῶς
3138 3387 3308 3441 δὲκαὶ
3333 3390 3360 3440 ὁ
3381 3388 3589 3450 Παῦλος
3610 3387 3843 3456 ἔφασκεν
3866 3406 3879 3418 ι

2310 3493 2328 3525 ι
2353 3474 2513 3526 Ὥστε
2549 3476 2577 3528 ὁ
2613 3475 2707 3542 μὲν
2739 3475 2899 3545 νόμος
2942 3476 3116 3543 ἅγιος,
3148 3477 3243 3529 καὶ
3293 3478 3324 3547 ή
3369 3476 3553 3547 ἐντολὴ
3594 3477 3747 3545 ἀγία,
3792 3479 3883 3530 καὶ

2304 3564 2505 3627 δικαία,
2528 3566 2621 3619 καὶ
2638 3565 2813 3636 ἀγαθή
2835 3585 2848 3634 ;
2872 3585 2890 3617 ι
2918 3567 3060 3639 Πρὸς
3078 3567 3231 3638 δὴτά
3254 3569 3426 3622 τοιάδε
3448 3569 3607 3622 πάλιν
3629 3569 3881 3640 ἐροῦμεν,

2304 3653 2383 3707 ὅτι
2416 3654 2577 3718 καλὸς
2620 3657 2649 3709 ὁ
2683 3655 2867 3726 νόμος,
2915 3658 2963 3709 εἰ
3002 3657 3066 3727 δὴ
3104 3660 3275 3710 νοοῖτο
3324 3657 3730 3727 πνευματικῶς,
3783 3657 3883 3710 οὑκ

2305 3746 2580 3817 ἐξίστησιν
2610 3749 2757 3818 ἡμᾶς
2800 3747 3107 3818 ὁλοτρόπως
3133 3746 3227 3801 τοῦ
3260 3748 3424 3819 νόμου
3457 3749 3724 3819 Χριστός;
3752 3749 3883 3801 ἀνα-

2305 3838 2517 3901 ϐιϐάζει
2554 3838 2612 3891 δὲ
2648 3838 2847 3909 μᾶλλον
2880 3840 2971 3891 ἐπὶ
3002 3838 3063 3891 τὸ
3094 3839 3326 3911 προῦχον
3350 3840 3443 3892 καὶ
3481 3838 3720 3910 ἄμεινον,
3747 3840 3879 3892 ὐποο

2304 3931 2512 4002 ϐάθραν
2559 3930 2747 4001 ὥσπερ
2798 3929 2922 3982 τινὰ
2954 3933 3314 4002 προκαταθεὶς
3372 3934 3428 3984 ὲν
3473 3934 3605 4002 ἡμῖν
3655 3931 3753 4003 τὴν
3795 3931 3884 3985 διὰ

2304 4022 2469 4093 νόμου
2507 4021 2899 4089 παιδαγωγίαν,
2936 4022 3030 4075 καὶ
3058 4022 3155 4092 τῆς
3180 4022 3408 4093 ἀληθοῦς
3434 4022 3688 4092 λατρείας
3717 4023 3883 4075 oiovei

2305 4113 2709 4185 προγύμνασμα
2737 4113 3124 4185 προαναδείξας
3164 4116 3277 4176 τοῖς
3308 4114 3677 4184 ἀρχαιοτέροις
3708 4116 3775 4166 τὰ
3805 4112 3881 4174 ὼς

2305 4204 2362 4256 ὲν
2413 4205 2591 4268 σκιαῖς
2644 4204 2739 4257 καὶ
2770 4204 2980 4264 τύποις.
3029 4202 3240 4265 Ἄλλως
3300 4219 3359 4255 τε
3409 4202 3627 4254 κάκεῖνο
3672 4200 3881 4265 τούτοις

638 4292 960 4389 ι’γτοείιιίιιιιι
992 4312 1263 4366 veteribus
1287 4303 1800 4379 prmmonstraverit.
1832 4299 1965 4359 illud
1989 4298 2053 4352 ad
2085 4296 2199 4351 haec

2305 4294 2617 4365 ἀναγκαίως
2647 4294 2757 4348 ἔστ’
2793 4296 2966 4347 εἰπεῖν
2985 4309 2999 4323 ·
3044 4293 3103 4345 '0
3134 4293 3228 4362 μὲν
3261 4293 3422 4363 νόμος
3451 4293 3479 4344 ὁ
3502 4292 3589 4345 διά
3614 4293 3878 4356 Μωσέως,

639 4386 841 4473 alioqui
875 4402 1162 4458 dicendum
1192 4409 1273 4454 est
1307 4415 1321 4451 :
1354 4397 1464 4451 Lex
1492 4394 1718 4450 llosaica
1743 4392 1900 4445 docet
1924 4403 1952 4441 a
1979 4386 2109 4442 vitio
2137 4398 2202 4441 ac

635 4505 860 4565 peccato
900 4492 1197 4553 abstinere,
1232 4498 1288 4542 et
1320 4483 1800 4542 commoustratrix
1843 4490 1929 4535 est
1969 4477 2200 4548 turpitu-

634 4586 797 4640 diuis.
842 4583 1041 4637 Paulus
1079 4582 1261 4648 itaque
1294 4578 1371 4632 ait
1406 4595 1420 4631 :
1459 4593 1478 4628 ι
1517 4576 1804 4631 Peccatqu
1846 4588 1950 4627 non
1973 4570 2198 4641 cognovi

636 4675 737 4729 nisi
794 4687 890 4743 per
932 4671 1099 4741 legem
1151 4669 1220 4725 '°.
1253 4688 1274 4721 ι
1307 4666 1508 4723 Verum
1560 4666 1871 4735 praedicatio
1924 4660 2199 4730 Evangelii

638 4764 812 4819 reddit
841 4778 939 4817 nos
971 4761 1151 4817 omnis
1174 4760 1393 4814 virtutis
1426 4758 1719 4812 studiosos.
1760 4753 1969 4808 Idcirco
2008 4751 2201 4806 merito

637 4865 689 4909 et
724 4856 960 4924 proprie,
993 4865 1046 4908 et
1077 4867 1201 4907 vere
1242 4853 1437 4906 bonum
1490 4848 1663 4917 reipsa
1693 4845 1798 4899 dici
1830 4854 2025 4913 potest.
2062 4841 2198 4895 Nam

636 4946 789 5011 illud,
815 4965 832 4996 ι
856 4942 972 4999 Νοιι
990 4945 1226 5008 occides,
1250 4940 1362 4996 Non
1392 4938 1739 5002 adulterabis,
1760 4955 1779 4987 υ
1814 4934 2055 4989 initiatos
2081 4934 2201 5002 qui-

638 5039 759 5091 dem
796 5036 1104 5090 deterrebat
1134 5052 1163 5089 a
1188 5042 1433 5103 peccato,
1468 5046 1573 5084 non
1601 5040 1778 5083 tamen
1808 5026 1937 5096 quid
1967 5025 2203 5095 perfecte

639 5136 837 5177 bonum
891 5125 963 5178 sit
1006 5122 1357 5187 ostendebat,
1412 5119 1665 5176 nimirum
1723 5116 1874 5169 fratri
1937 5130 2041 5170 non
2084 5130 2204 5170 esse

637 5218 1004 5276 irascendum.
1041 5232 1144 5269 non
1176 5213 1687 5283 concupiscendum,
1732 5225 1830 5264 nec
1882 5209 1950 5263 ad
1985 5208 2200 5263 virtutis

636 5307 840 5375 apicem
864 5317 917 5362 et
937 5315 1317 5361 ornamentum
1342 5304 1689 5374 perducebat.
1710 5301 1978 5355 Eximium
2003 5300 2201 5368 quippe

635 5410 721 5453 est
768 5399 903 5453 iram
959 5399 1173 5451 vincere
1210 5414 1224 5451 :
1270 5392 1582 5450 admirabile
1623 5403 1704 5447 est
1739 5407 1894 5460 posse
1942 5392 2201 5448 revellere

638 5486 761 5541 mali
803 5486 1144 5555 cupiditates,
1191 5499 1288 5540 nec
1330 5480 1642 5553 permittere
1686 5492 1918 5537 mentem
1955 5482 2021 5536 ad
2052 5492 2200 5537 teme

634 5588 691 5629 et
736 5575 1194 5632 exsecratissimm
1261 5573 1574 5640 cupiditatis
1638 5571 1901 5643 principia
1961 5573 2196 5642 evagari.

702 5750 939 5803 “Marc.
970 5763 1064 5809 xu,
1113 5746 1195 5798 li.
1278 5748 1318 5777 ³⁷
1361 5744 1548 5800 Matth.
1591 5762 1691 5815 xu,
1732 5746 1817 5801 10.
1894 5748 1937 5779 ⁸⁸
1977 5747 2172 5804 Matth.
2202 5767 2253 5817 v,

2309 4385 2641 4457 φαυλότητός
2690 4401 2749 4438 τε
2791 4386 2885 4437 καὶ
2917 4383 3191 4454 ἁμαρτίας
3239 4383 3573 4453 ἀποσχέσθαι
3619 4383 3877 4445 διδάσκει,

2308 4478 2403 4531 καὶ
2443 4478 2549 4531 τῶν
2579 4476 2862 4545 αἰσχιόνων
2910 4476 3027 4529 ὲστὶ
3075 4475 3514 4547 παραδεικτικός.
3594 4476 3703 4527 Καὶ
3749 4473 3879 4542 γοῦν

2306 4570 2335 4622 ὁ
2358 4571 2567 4633 Παῦλος
2598 4586 2761 4640 φησι·
2805 4586 2822 4618 ι
2853 4568 2964 4640 Τὴν
2995 4566 3050 4620 δὲ
3081 4568 3353 4639 ἁμαρτίαν
3382 4568 3480 4621 οὐκ
3512 4566 3680 4636 ἔγνων
3722 4567 3772 4619 εί
3803 4566 3878 4637 μὴ

2308 4663 2394 4715 διὰ
2413 4660 2504 4714 τοῦ
2533 4661 2718 4729 νόμου.
2744 4679 2762 4711 ι
2794 4660 2867 4714 Td
2908 4660 2964 4714 δὲ
2997 4663 3256 4732 κήρυγμα
3284 4660 3345 4713 τὸ
3379 4659 3729 4729 εὐαγγελικὸν
3754 4660 3879 4730 ἀρε-

2308 4754 2407 4823 τῆς
2440 4754 2655 4824 ἀπάσης
2691 4755 2838 4823 ἡμᾶς
2882 4754 3213 4825 ἐπιμελητὰς
3240 4752 3552 4822 ἀποφαίνει.
3589 4751 3771 4823 Ταύτῃ
3797 4767 3877 4804 τοι

2308 4844 2402 4897 xai
2448 4843 2763 4912 ὀνομάζοιτο
2808 4844 2872 4896 ἂν
2915 4844 3159 4907 εἰκότως,
3209 4843 3413 4912 κυρίως
3444 4859 3503 4895 τε
3530 4842 3625 4896 καὶ
3662 4838 3877 4911 άληθῶς

2309 4936 2439 4989 αὐτὸ
2472 4936 2655 5005 χρῆμα
2688 4934 2747 4988 τὸ
2794 4935 2975 4988 καλόν.
3022 4934 3095 4987 Τὸ
3132 4934 3262 5005 γὰρ,
3316 4935 3428 4988 «Ob
3480 4933 3779 5003 φονεύσεις,
3813 4934 3875 4987 οὐ

2317 5025 2639 5096 μοιχεύσεις,
2668 5045 2685 5077 ι
2740 5025 2957 5097 ἐξιστᾷν
2982 5021 3050 5097 ἦν
3081 5025 3353 5096 ἁμαρτίας
3383 5026 3506 5087 τοὺς
3557 5026 3876 5096 παιδευομέ-

2309 5135 2451 5179 νους,
2483 5116 2634 5169 οὔπω
2661 5134 2723 5183 γε
2755 5117 2859 5186 μὴν
2880 5118 2907 5169 ὃ
2927 5116 2978 5169 τί
2999 5115 3127 5170 ποτέ
3149 5117 3265 5169 ἐστι
3280 5116 3339 5170 τὸ
3364 5115 3524 5170 καλὸν
3547 5116 3763 5180 τελείως
3793 5119 3879 5170 ἐκ·

2314 5210 2613 5278 φαίνοντος.
2648 5209 2689 5259 Τ
2692 5208 2719 5260 ὸ
2750 5208 2806 5261 δὲ
2826 5208 2932 5260 δεῖν
2952 5208 3084 5270 ὅλως
3119 5209 3253 5279 μήτε
3277 5206 3590 5279 ὀργίζεσθαι
3617 5206 3694 5277 τῷ
3719 5207 3875 5261 ἀδελ-

2299 5301 2402 5372 φῷ,
2436 5302 2572 5371 μήτε
2611 5302 2717 5371 μὴν
2740 5300 3042 5371 ἐπιθυμεῖν,
3072 5304 3182 5364 τοῖς
3214 5301 3311 5371 τῆς
3339 5300 3536 5371 ἀρετῆς
3565 5300 3875 5370 αὐχήμασιν

2297 5394 2698 5464 ἐμϐιϐάζοντος.
2759 5392 3063 5463 Ἐξαίρετον
3113 5390 3221 5461 γὰρ
3266 5391 3325 5443 τὸ
3370 5390 3654 5443 καταθλεῖν
3684 5390 3872 5462 ὀργῆς,

2296 5486 2621 5553 ἀξιάγαστον
2662 5482 2717 5535 δὲ
2750 5483 2884 5554 πρὸς
2912 5482 3068 5534 τοῦτο
3110 5482 3169 5533 τὸ
3196 5480 3577 5552 ἁνασειράζειν
3618 5466 3876 5535 δύνασθαι

2297 5575 2393 5637 τὰς
2434 5577 2509 5637 εἰς
2559 5575 2619 5625 τὸ
2663 5570 2864 5641 φαῦλον
2913 5569 3228 5639 ἐπιθυμίας,
3282 5571 3377 5624 καλ⁹
3436 5573 3509 5643 μὴ
3562 5571 3878 5643 ἐπιτρέπειν

2296 5750 2379 5805 l7.
2457 5753 2499 5781 ‘9
2542 5750 2694 5803 lion].
2725 5765 2818 5812 vn,
2848 5749 2932 5802 12.
3010 5748 3056 5779 '°
3091 5749 3221 5803 ibid.
3260 5749 3310 5801 7.
