4178 6544
334 436 406 492 ιδ
1479 428 1545 484 IN
1585 427 1818 485 lSAlAM
1857 426 1907 483 LI

2025 426 2066 482 1.
2109 427 2316 483 ORAT.
2361 427 2399 482 l.
3516 427 3587 484 ιο

335 549 426 600 τὸν
451 547 596 611 νοῦν,
634 547 736 601 κᾶν
766 547 894 615 γοῦν
944 546 1022 609 εἰς
1052 543 1226 616 ἀρχὰς
1268 543 1403 598 ἰέναι
1430 545 1529 617 τῆς
1560 542 1788 598 ἐκτόπου
1819 543 1907 596 καὶ

2019 543 2252 599 Proinde
2279 556 2408 597 vere
2430 541 2567 595 bona
2601 552 2687 595 est
2715 540 2996 613 disciplina
3026 540 3322 611 Evangelii,
3351 551 3407 598 et
3429 540 3588 612 Chri-

337 639 742 710 βδελυρωτάτης
791 637 1106 708 ἐπιθυμίας.
1152 637 1359 690 Ούκοῦν
1392 637 1454 692 τὸ
1498 638 1660 692 καλὸν
1697 637 1912 708 ἀληθῶς

335 725 418 794 εἴη
442 725 506 778 ἂν
527 725 586 778 τὸ
618 725 848 796 μάθημα
872 725 932 778 τὸ
957 725 1330 794 εύαγγελικὸν,
1363 730 1456 780 καὶ
1478 726 1580 796 τῆς
1605 728 1662 780 ἐν
1692 725 1912 797 Χριστῷ

333 815 606 880 πολιτείας
634 820 666 888 ἡ
698 816 945 887 δύναμις.
1014 817 1413 889 Ἐπιφωνητέον
1441 817 1505 888 δὴ
1541 813 1636 872 οὖν
1670 821 1784 880 τοῖς
1816 817 1910 871 τοῦ

332 905 658 977 γράμματος
683 907 855 977 φίλοις
875 948 890 971 ,
925 926 946 960 ι
975 907 1189 962 Μὰθετε
1225 907 1390 961 καλὸν
1432 911 1639 972 ποιεῖν,
1676 905 1911 978 ἐκζητή-

336 1013 463 1050 σατε
496 998 741 1068 κρίσιν,›
799 998 944 1052 τοῦτ’
989 999 1125 1066 ἐστι,
1182 998 1245 1052 τδ
1287 999 1494 1070 κρίνειν
1536 998 1733 1070 ὀρθῶς.
1765 998 1909 1070 Πρὸς

333 1087 442 1158 γὰρ
461 1090 572 1151 τοῖς
598 1087 777 1152 ἄλλοις
799 1089 972 1160 ἀτοπή
983 1107 1147 1160 μασιν
1182 1083 1404 1155 ἅπασιν,
1448 1089 1770 1160 νενοσήκασι
1817 1089 1912 1143 καὶ

331 1179 490 1233 τοῦτο
538 1181 637 1250 τῆς
667 1181 932 1235 Ἰουδαίων
978 1182 1301 1253 συναγωγῆς
1343 1182 1390 1235 οἱ
1433 1181 1786 1252 καθηγεῖσθαι
1815 1179 1911 1233 λα-

333 1271 537 1341 χόντες,
571 1273 633 1326 τὸ
665 1275 739 1345 μὴ
786 1274 974 1347 ὀρθὰς,
1021 1275 1186 1345 φημὶ,
1233 1274 1502 1328 ποιεῖσθαι
1535 1273 1634 1337 τὰς
1673 1273 1755 1342 ἐφ’
1787 1272 1913 1326 ἐκά-

335 1379 444 1432 στῳ
483 1363 768 1434 πράγματι
801 1364 1043 1436 κρίσεις*
1089 1364 1422 1435 ψηφοφορεῖν
1463 1363 1520 1416 δὲ
1555 1363 1754 1432 μᾶλλον
1791 1361 1908 1415 ἀδί-

332 1472 464 1518 κως,
497 1455 592 1508 καὶ
620 1455 808 1527 δώρων
832 1458 1097 1527 ἡττᾶσθαι
1124 1456 1217 1509 καὶ
1240 1472 1346 1525 χρη
1357 1456 1540 1524 μάτων
1571 1453 1784 1524 ἡδονῆς,
1818 1453 1913 1507 καὶ

330 1547 444 1609 τοῖς
472 1546 681 1599 ἀδικεῖν
710 1545 956 1599 ἐθέλουσι
980 1545 1326 1599 καταπωλεῖν
1349 1545 1446 1614 τῆς
1467 1543 1672 1596 ἑαυτῶν
1698 1543 1911 1596 ἀνοσίου

337 1635 532 1706 βουλῆς
578 1633 678 1704 τὴν
737 1634 971 1689 σύνεσιν.
1014 1635 1103 1698 Ὧς
1159 1635 1264 1706 γάρ
1303 1651 1466 1706 φησιν
1510 1635 1538 1686 6
1590 1633 1911 1705 προφήτης,

339 1746 358 1778 ι
384 1728 446 1780 υἱ
499 1725 794 1796 ἡγούμενοι
837 1725 1006 1795 αὐτῆς
1033 1723 1168 1795 μετά
1190 1723 1377 1794 δώρων
1409 1726 1641 1796 ἔκρινον.
1665 1742 1683 1774 ι
1723 1724 1914 1790 Ἀναγ-

335 1817 470 1870 καία
525 1816 814 1886 τοιγαροῦν
871 1817 904 1884 ὴ
965 1812 1189 1884 ἐντολὴ,
1239 1815 1334 1868 καὶ
1383 1817 1496 1878 τοῖς
1539 1812 1912 1882 εύαγγελικῶς

2015 631 2204 687 stiana:
2241 631 2597 686 institutionis
2632 633 2804 689 virtus
2852 645 3015 705 atque
3043 633 3298 690 ellicacia.
3333 633 3587 691 Claman-

2015 722 2140 778 dum
2170 731 2254 777 est
2299 723 2460 793 igitur
2489 722 2680 778 litterae
2710 726 3046 782 amatoribus
3075 745 3088 780 :
3133 745 3152 778 ι
3181 723 3385 783 Discite
3416 725 3585 783 bene—

2016 813 2218 880 facere,
2248 815 2515 885 exquirite
2539 813 2826 885 judicium,
2867 833 2886 868 ι
2917 815 3148 884 scilicet,
3175 827 3235 875 ut
3266 830 3412 875 recte
3441 816 3586 888 judi—

2013 905 2168 967 cetis.
2195 904 2332 960 Nam
2359 913 2556 975 printer
2581 905 2717 961 alias
2749 906 3029 963 fmditates
3050 923 3258 976 omnes,
3286 910 3392 966 hoc
3424 910 3587 966 etiam

2013 997 2205 1052 morbo
2252 996 2576 1052 laborabant
2615 996 2853 1053 Judaicae
2881 999 3182 1070 Synagoge
3211 1003 3354 1058 nacti
3386 1002 3589 1072 princi-

2013 1093 2222 1152 patum,
2268 1086 2412 1154 quod
2439 1095 2587 1140 recte
2615 1085 2826 1141 scilicet
2859 1088 3467 1159 nusquamjndicarent,
3490 1092 3585 1148 sed

2015 1170 2218 1242 injuste
2246 1173 2426 1242 potius
2456 1171 2669 1229 ferrent
2699 1174 2964 1241 calculos,
3009 1187 3064 1232 et
3097 1191 3382 1232 munerum
3421 1187 3586 1248 atque

2012 1261 2281 1316 donorum
2335 1261 2592 1318 illecebra
2631 1277 3143 1336 corrumperentur,
3176 1267 3589 1340 volentibusqne

2015 1353 2221 1408 inferre
2243 1352 2520 1422 injuriam,
2553 1355 2718 1428 impio
2745 1372 2847 1414 suo
2871 1359 3099 1415 consilio
3132 1360 3584 1432 suffragarentur.

2017 1444 2086 1500 Ut
2132 1446 2276 1500 enim
2307 1449 2568 1517 propheta
2623 1449 2798 1519 inquit
2849 1466 2865 1505 :
2907 1470 2926 1503 ι
2987 1451 3166 1510 Duces
3203 1454 3323 1524 ejus
3366 1466 3587 1525 propter

2014 1551 2240 1594 munera
2266 1539 2586 1608 judicabant
2625 1541 2694 1597 ⁸³.
2742 1561 2764 1596 ι
2803 1542 3121 1600 Necessaria
3171 1545 3334 1618 igitur
3379 1563 3585 1618 praece-

2015 1628 2130 1700 ptio
2173 1637 2279 1696 est,
2313 1632 2475 1687 etiam
2522 1633 2624 1698 his,
2656 1635 2746 1703 qui
2773 1636 3086 1706 evangelice
3127 1639 3352 1708 cupiunt
3385 1632 3587 1706 vivere,

2016 1730 2118 1771 nec
2155 1717 2221 1772 ad
2244 1718 2512 1788 justitiam
2543 1721 2773 1788 inutilis,
2810 1737 2958 1779 recte
2977 1725 3246 1795 judicare,
3281 1744 3385 1784 non
3419 1730 3471 1786 in
3491 1747 3589 1787 ex-

2017 1809 2187 1864 ternis
2226 1810 2400 1864 solum
2437 1813 2616 1877 rebus,
2657 1813 2762 1882 21
2806 1816 2900 1870 sed
2931 1816 2983 1870 in
3014 1816 3139 1874 aliis
3174 1818 3339 1875 etiam
3379 1835 3499 1890 qua:
3520 1822 3588 1879 ad

337 1907 579 1961 ἐθέλουσι
613 1907 714 1979 ζῇν
751 1908 848 1960 οὐκ
879 1904 1174 1977 ἀσυντελής
1207 1907 1286 1969 είς
1312 1904 1657 1976 δικαιοσύνην
1702 1906 1763 1958 τὸ
1792 1904 1907 1974 κρί-

2015 1899 2256 1954 animum
2275 1910 2332 1956 et
2364 1903 2431 1956 ad
2456 1917 2552 1957 cor
2583 1912 2833 1972 spectant
2869 1921 2886 1959 :
2922 1917 3072 1974 puta,
3096 1924 3218 1964 cum
3238 1911 3378 1966 Deus
3399 1913 3588 1969 vitium

333 2016 446 2053 νειν
493 1988 690 2070 ὀρθῶς,
721 2000 820 2052 οὐκ
871 1998 928 2050 ἐν
977 2015 1040 2067 γε
1089 1999 1246 2068 μόνον
1290 1999 1401 2061 τοῖς
1432 1996 1536 2061 ἔξω
1569 1996 1909 2068 πράγμασιν,

331 2092 468 2146 ἀλλά
490 2093 584 2146 καὶ
612 2095 724 2155 τοῖς
755 2093 834 2155 είς
856 2090 982 2145 νοῦν
1005 2093 1100 2145 καὶ⁹
1128 2091 1380 2163 καρδίαν.
1413 2085 1537 2145 Οἷον
1561 2091 1624 2162 δή
1651 2090 1704 2143 τί
1731 2107 1874 2162 φημι
1894 2107 1908 2122 ν

330 2181 462 2234 Θεοῦ
492 2180 590 2252 τὴν
614 2181 923 2252 φαυλότητα
962 2181 1383 2251 καταψέγοντος,
1413 2181 1623 2235 ἐπαινεῖ
1650 2181 1853 2251 ταύτην
1883 2183 1912 2235 6

331 2273 593 2335 Σατανᾶς.
645 2273 754 2326 Καὶ
797 2273 824 2324 6
867 2272 965 2342 μὲν
1011 2273 1104 2326 τοῦ
1155 2273 1406 2344 Σωτῆρος
1433 2276 1581 2345 ἡμᾶς
1629 2274 1911 2328 ἀναπείθει

329 2362 514 2433 νόμος,
538 2362 858 2434 ἀξιέραστον
878 2361 1146 2415 ποιεῖσθαι
1171 2361 1229 2416 τὸ
1250 2361 1454 2431 ἀγαθόν
1471 2380 1482 2391 ο
1503 2362 1750 2416 ἀνθέλκει
1775 2363 1910 2434 πρὸς

331 2455 390 2509 τὸ
420 2455 660 2509 ἐναντίον
705 2456 930 2518 ἐκεῖνος.
963 2454 1097 2508 Τότε
1138 2453 1202 2526 δὴ
1229 2455 1347 2508 τότε
1379 2455 1572 2526 κριτὴς
1603 2453 1792 2523 ῶσπερ
1825 2454 1907 2518 τίς

331 2547 447 2598 ἐστι
482 2545 577 2598 καὶ
600 2543 856 2617 δικαστὴς
881 2546 940 2598 ἐν
965 2546 1098 2616 ἡμῖν
1124 2547 1152 2598 6
1179 2543 1334 2609 νοῦς·
1367 2547 1463 2598 καὶ
1495 2544 1784 2609 ἐπαινέσας
1811 2545 1910 2616 μὲν

331 2634 391 2688 τό
419 2635 642 2704 ἀγαθον,
690 2636 783 2688 καὶ
821 2634 954 2689 αὐτὸ
997 2635 1060 2688 τὸ
1101 2635 1296 2706 χρῆναι
1336 2637 1556 2706 κρατεῖν
1596 2635 1907 2706 ἀπονέμων,

334 2727 628 2798 ἐξεζήτησε
658 2727 858 2797 κρίσιν.
895 2725 1142 2790 Ἐπιδούς
1167 2742 1231 2794 γε
1273 2724 1379 2796 μὴν
1409 2725 1705 2795 φαυλότητι
1744 2725 1805 2778 τὸ
1835 2743 1912 2778 νι-

334 2819 458 2890 κᾷν,
493 2817 596 2881 ἔξω
625 2817 814 2884 γέγονε
857 2815 950 2868 τοῦ
1003 2816 1208 2887 κρίνειν
1243 2815 1439 2886 ὀρθῶς,
1492 2814 1584 2867 καὶ
1621 2813 1911 2868 ἀκούσεται

331 2909 557 2972 δικαίως
580 2924 594 2940 ο
629 2928 647 2959 ι
671 2909 806 2962 Οὐαὶ
829 2909 878 2960 οἱ
899 2907 1148 2977 λέγοντες
1174 2907 1234 2960 τὸ
1264 2906 1500 2978 πονηρὸν
1527 2907 1710 2972 καλὸν,
1741 2908 1832 2960 καὶ
1852 2905 1914 2959 τὸ

334 2999 496 3054 καλὸν
534 3005 770 3070 πονηρόν
795 3016 808 3031 ο
849 2999 972 3053 οὐαὶ
1002 3001 1050 3053 oi
1081 2999 1330 3067 λέγοντες
1375 2999 1437 3053 τὸ
1484 3000 1681 3071 πικρδν
1713 2999 1910 3068 γλυκὺ,

335 3093 428 3146 καὶ
458 3091 520 3145 τὸ
540 3090 712 3160 γλυκὺ
753 3090 982 3161 πικρόν·
1020 3093 1067 3144 oi
1091 3090 1334 3154 τιθέντες
1363 3090 1422 3144 τὺ
1443 3090 1632 3154 σκότος
1663 3092 1742 3154 είς
1773 3089 1909 3159 φῶς,

335 3184 428 3236 καὶ
456 3182 516 3236 τὸ
549 3183 664 3250 φῶς
685 3184 765 3246 είς
796 3183 1004 3246 σκότος.
1031 3203 1049 3235 ι
1091 3182 1327 3254 Δῠχημα
1349 3182 1526 3235 τοίνυν
1560 3179 1910 3251 εύαγγελικὺν

333 3274 394 3327 τὸ
415 3274 619 3346 κρίνειν
641 3274 837 3344 ὀρθῶς,
870 3277 964 3329 καὶ
994 3276 1292 3346 ἐπαμύνειν
1319 3273 1713 3345 ἀδικουμένοις.
1737 3271 1909 3325 Τοῦτο

334 3365 465 3438 γὰρ,
488 3361 660 3437 οἶμαι,
681 3366 817 3430 ἐστὶ,
838 3367 916 3432 τὸ,
936 3385 955 3418 ι
978 3365 1237 3419 Ῥύσασθε
1265 3364 1634 3434 ἀδικούμενον.
1649 3383 1668 3417 ι
1689 3364 1908 3434 Ἐπιτη-

333 3455 507 3510 δεύειν
534 3455 590 3509 δὲ
611 3455 715 3526 χρὴ
743 3454 877 3526 πρὸς
892 3456 1065 3526 τούτῳ
1082 3457 1142 3508 τὺ
1165 3453 1467 3526 συμπαθὲς,
1499 3453 1673 3508 καὶτὸ
1702 3454 1907 3524 ἀπροσ-

317 3547 675 3620 ’ωπόληπτον.
689 3567 706 3599 ι
727 3549 775 3601 Κ
784 3548 963 3619 ρίνατε
975 3548 1212 3619 ὀρφανῷ,
1227 3567 1245 3600 ι
1267 3547 1450 3619 φησὶ,ι
1471 3547 1565 3600 καὶ
1584 3543 1906 3599 δικαιώσατε

336 3639 507 3710 χήραν
530 3652 543 3665 ·
571 3638 663 3693 καὶ
683 3639 855 3704 δεῦτε,
893 3639 987 3692 κα)⁸
1011 3637 1429 3709 διελεγχθῶμεν,
1456 3637 1602 3705 λέγει
1628 3636 1832 3706 Κύριος
1855 3653 1900 3688 οι

333 3729 432 3798 οὐχ
451 3731 524 3792 ὡς
546 3729 854 3799 κρινόμενοι
875 3727 951 3798 τῷ
971 3727 1215 3798 Δεσπότῃ
1239 3743 1253 3790 ;
1288 3744 1305 3776 ι
1329 3726 1752 3797 Δικαιωθήσεται
1773 3730 1904 3798 γὰρ,

337 3823 490 3893 φησὶ,
519 3823 732 3885 πάντως
759 3823 817 3874 ἐν
848 3823 960 3884 τοῖς
986 3821 1165 3889 λόγοις
1191 3819 1378 3884 αὐτοῦ,
1412 3819 1505 3872 καὶ⁵
1530 3819 1745 3890 νικήσει
1783 3835 1907 3890 κρι-

335 3913 618 3982 νόμενος.»
660 3912 853 3964 Ἔσται
887 3913 994 3982 γάρ
1044 3910 1220 3973 οὐδεὶς
1267 3911 1376 3963 ἀπὸ
1418 3909 1591 3982 ῥύπου
1641 3911 1903 3982 καθαρὸς,

334 4004 450 4057 ἀλλ’
477 4003 596 4056 οὐδὲ
640 4002 971 4075 καυχήσεται
1011 4018 1094 4065 τις
1139 4000 1306 4071 ἁγνὴν
1341 3999 1481 4072 ἔχειν
1511 4001 1610 4072 τὴν
1655 4001 1904 4072 καρδίαν,

334 4095 728 4165 διελεγχόμενοι
786 4095 843 4147 δέ
895 4093 1114 4165 μᾶλλον,
1162 4094 1254 4146 καὶ
1305 4093 1466 4146 οίονεὶ
1517 4091 1636 4145 καθ’
1681 4093 1906 4154 ἑαυτοὺς

333 4186 736 4257 δοκιμάζοντες,
781 4187 829 4240 εί
880 4186 955 4257 μὴ
1001 4188 1100 4256 τῆς
1143 4184 1291 4248 θείας
1326 4183 1631 4253 φιλοτιμίας
1677 4183 1904 4255 μέγεθος

335 4281 468 4335 πολύ
508 4280 568 4333 τέ
619 4279 734 4332 ἐστι
777 4279 870 4331 καὶ
899 4275 1243 4347 άξιόληπτον.
1278 4275 1373 4337 Ὦς
1410 4291 1472 4342 γε
1517 4277 1546 4328 6
1583 4275 1744 4343 σοφὸς
1770 4277 1904 4345 ἡμῖν

333 4373 534 4443 γράφει
578 4370 825 4432 Παῦλος·
872 4387 891 4421 ι
923 4369 1035 4422 Οὐκ
1083 4366 1208 4431 ἀξια
1257 4365 1326 4420 τά
1356 4366 1655 4437 παθήματα
1677 4366 1768 4420 τοῦ
1809 4365 1905 4419 νῦν

332 4461 525 4534 καιροῦ
547 4460 682 4533 πρὸς
709 4466 808 4531 τὴν
837 4458 1143 4531 μέλλουσαν
1165 4453 1321 4521 δόξαν
1346 4455 1798 4526 ἀποκαλυφθῆναι
1824 4458 1906 4520 είς

2013 1988 2259 2056 damnat,
2289 1989 2520 2048 Satanas
2551 1993 2769 2062 laudat;
2822 2011 2946 2052 cum
2987 1997 3071 2053 lex
3115 1998 3422 2058 Servatoris
3456 2018 3588 2058 sua-

2013 2081 2105 2136 det
2137 2082 2336 2138 bonum
2395 2099 2519 2141 esse
2547 2087 2798 2154 amabile,
2831 2088 2920 2144 ille
2951 2090 3118 2146 trahit
3142 2092 3209 2148 ad
3231 2091 3587 2152 contrarium.

2013 2171 2166 2229 Tunc
2194 2174 2249 2230 in
2291 2175 2447 2232 nobis
2471 2191 2625 2233 mens
2647 2179 2812 2235 veluti
2840 2179 3008 2251 judex
3048 2193 3132 2238 est
3172 2193 3228 2239 et
3258 2186 3482 2242 arbiter.
3526 2189 3585 2244 Si

2011 2266 2157 2335 quod
2187 2265 2388 2321 bonum
2413 2276 2497 2322 est
2526 2270 2810 2339 probarit,
2853 2273 3014 2343 eique
3065 2275 3374 2345 superiores
3404 2288 3587 2348 partes

2014 2355 2237 2424 tribuat,
2264 2355 2377 2426 jam
2406 2360 2700 2441 exquisivit
2739 2359 3023 2430 judicium.
3062 2365 3159 2422 Sin
3202 2367 3336 2424 vitio
3371 2369 3589 2440 adiudi-

2012 2457 2099 2502 cet
2131 2447 2440 2516 victoriam,
2477 2451 2708 2507 discedit
2757 2464 2870 2509 tum
2921 2471 2952 2510 a
3001 2466 3151 2515 recte
3175 2457 3489 2529 iudicando,
3531 2473 3590 2520 et

2011 2539 2206 2593 merito
2234 2540 2420 2596 audiet
2453 2559 2468 2597 :
2500 2559 2520 2594 ι
2555 2539 2650 2600 Vae
2679 2542 2766 2600 his
2795 2545 2888 2615 qui
2922 2546 3108 2604 dicunt
3134 2550 3334 2607 malum
3359 2552 3585 2623 bonum,

2011 2637 2068 2683 et
2117 2628 2316 2684 bonum
2369 2631 2570 2687 malum
2616 2649 2633 2690 :
2676 2635 2767 2704 qui
2803 2637 2988 2694 dicunt
3035 2655 3284 2697 amarum
3315 2644 3493 2712 dulce,
3533 2659 3592 2703 et

2013 2721 2167 2776 dulce
2196 2736 2442 2777 amarum
2478 2741 2492 2778 :
2526 2725 2617 2794 qui
2653 2736 2872 2784 vertunt
2910 2731 3163 2788 tenebras
3197 2732 3250 2788 in
3299 2733 3496 2802 lucem,
3529 2747 3587 2792 et

2012 2809 2188 2866 lucem
2216 2811 2270 2866 in
2303 2815 2556 2868 tenebras
2595 2814 2661 2868 ".
2700 2834 2718 2867 ι
2756 2816 2937 2872 Gloria
2973 2819 3140 2888 igitur
3167 2831 3223 2876 et
3255 2821 3374 2877 laus
3407 2824 3586 2880 Evan-

2012 2901 2139 2970 gelii
2181 2911 2290 2968 est,
2338 2915 2487 2958 recte
2529 2903 2797 2974 judicare,
2846 2919 2902 2961 et
2932 2924 3224 2978 oppressos
3275 2912 3585 2975 defendere.

2012 2991 2126 3045 Hoc
2181 2991 2324 3046 enim
2349 3029 2365 3058 ,
2407 2995 2622 3062 opinor,
2669 3002 2787 3061 est,
2829 3014 2848 3048 ι
2885 2995 3135 3054 Liberata
3191 3015 3529 3071 oppressum.
3560 3024 3582 3060 ο

2015 3083 2332 3140 Exercenda
2361 3095 2440 3139 est
2477 3094 2740 3156 praeterea
2767 3090 3168 3147 commiseratio
3192 3095 3457 3163 quaedam,
3485 3112 3586 3153 nec

2013 3190 2373 3246 personarum
2402 3188 2681 3247 respectus
2707 3179 3005 3236 habendus.
3032 3181 3476 3257 Patrocinamiui,
3502 3190 3586 3245 in-

2015 3269 2154 3339 quit,
2183 3269 2407 3340 pupillo,
2449 3280 2505 3324 et
2529 3272 2702 3326 viduze
2738 3286 2957 3328 causam
3001 3278 3165 3345 agite,
3199 3284 3254 3332 et
3288 3278 3498 3347 adeste,
3529 3290 3586 3338 et

2015 3361 2373 3432 disputemus,
2405 3361 2542 3418 dicit
2582 3361 2867 3430 Dominus,
2914 3381 3019 3420 non
3071 3369 3225 3437 quasi
3249 3369 3452 3441 judicio
3486 3376 3580 3430 de-

2014 3464 2286 3509 certantes
2321 3469 2442 3509 cum
2488 3453 2760 3511 Domino:
2811 3475 2830 3509 r
2861 3455 3256 3515 Justiﬂcabitur
3291 3463 3436 3518 enim
3464 3483 3582 3519 υιιι-

2015 3548 2144 3601 nino
2194 3546 2248 3600 in
2295 3546 2636 3602 sermonibus
2684 3548 2819 3613 suis,
2851 3557 2907 3604 et
2941 3550 3120 3606 vincet
3167 3567 3289 3608 cum
3316 3554 3585 3625 judicabi-

2018 3649 2103 3693 tur
2134 3637 2202 3692 ³³.
2239 3656 2258 3691 ι
2298 3638 2468 3694 Nemo
2500 3640 2698 3710 quippe
2735 3643 2842 3696 erit
2870 3641 3080 3713 integer
3108 3645 3460 3718 sordiumqne
3484 3665 3584 3719 pu-

2013 3742 2130 3793 rus,
2161 3731 2255 3784 sed
2308 3743 2484 3799 neque
2527 3727 2844 3800 gloriabitur
2884 3732 3168 3801 quisquam
3216 3737 3474 3791 mundum
3513 3753 3573 3794 se

2015 3818 2216 3874 habere
2273 3835 2418 3874 cor:
2475 3829 2530 3872 at
2568 3819 2746 3888 pmius
2803 3833 3092 3890 arguentes
3138 3833 3192 3878 et
3243 3825 3390 3879 velut
3441 3829 3582 3897 apud

2012 3914 2218 3982 seipsos
2252 3911 2563 3981 probantes,
2597 3912 2738 3966 sitne
2793 3913 3100 3984 magnitudo
3136 3915 3329 3970 divinae
3372 3921 3582 3989 magni-

2013 4003 2245 4059 ﬁcentiae
2275 4003 2465 4070 multa,
2498 4012 2553 4058 et
2576 4002 2970 4072 amplectenda.
3014 4002 3165 4059 Sicut
3207 4016 3262 4060 et
3291 4007 3446 4064 nobis
3488 4025 3580 4066 sa-

2013 4096 2166 4164 piens
2200 4093 2396 4148 Paulns
2426 4095 2617 4149 scribit
2647 4112 2661 4148 :
2696 4112 2714 4146 ι
2749 4093 2864 4149 Νοιι
2895 4106 3022 4151 sunt
3052 4097 3337 4169 condignae
3370 4103 3579 4172 passio~

2015 4203 2109 4242 nes
2133 4185 2291 4256 hujus
2325 4185 2582 4252 temporis
2611 4187 2676 4239 ad
2713 4187 2950 4242 futuram
2979 4187 3203 4260 gloriam
3233 4205 3353 4260 qua:
3377 4193 3584 4248 revela-

2012 4279 2160 4334 bitur
2185 4279 2237 4332 in
2269 4277 2424 4332 nobis
2454 4273 2522 4330 “.
2553 4293 2575 4328 ι
2609 4273 2712 4343 Qui
2742 4291 2870 4346 ergo
2911 4292 2942 4331 a
2986 4277 3121 4348 legis
3158 4279 3498 4336 institutione
3527 4295 3584 4338 et

2012 4369 2427 4426 conversatione
2473 4367 2540 4422 ad
2588 4369 2912 4424 Christiana:
2953 4370 3074 4426 vita:
3121 4371 3442 4444 elegantiam
3486 4389 3583 4445 per

2013 4461 2170 4516 tidem
2200 4460 2598 4529 quodammodo
2639 4460 3016 4527 traducuntur,
3067 4461 3151 4516 his
3187 4462 3456 4531 promittit
3493 4479 3577 4518 re-

331 4555 498 4626 ἡμᾶς.
523 4571 542 4606 ι
616 4551 983 4622 ’Υπισχνείται
1038 4550 1326 4623 τοιγαροῦν
1379 4552 1490 4613 τοῖς
1547 4551 1612 4603 ἐκ
1673 4549 1904 4620 νομικῆς

2013 4552 2425 4621 promissionem
2460 4565 2670 4615 eorum,
2709 4552 2762 4606 in
2794 4553 2989 4622 quibus
3016 4553 3130 4622 jam
3175 4562 3302 4608 ante
3333 4553 3579 4610 oﬂ'endeu

329 4647 554 4716 ἀγωγῆς
605 4643 1087 4716 μεθορμιζομένοις
1132 4645 1332 4714 τρόπον
1382 4643 1504 4696 τινὰ
1536 4640 1626 4695 διά
1664 4640 1766 4712 τῆς
1811 4642 1904 4697 πί-

330 4757 502 4802 στεως
530 4742 609 4803 είς
632 4737 956 4809 ἀστειότητα
987 4736 1103 4808 βίου
1129 4736 1222 4790 τοῦ
1253 4735 1395 4790 κατὰ
1422 4735 1677 4806 Χριστὸν,
1714 4735 1907 4803 ἄφεσιν

326 4833 440 4887 τῶν
497 4832 597 4905 ῆδη
652 4831 1156 4904 προεπταισμένων.
1191 4829 1336 4901 Αὕτη
1381 4829 1488 4898 γὰρ
1536 4827 1763 4899 ήμῶνή
1809 4826 1908 4897 τῆς

325 4922 546 4985 ἐλπίδος
572 4921 814 4991 εἰσϐολὴ,
853 4920 1068 4990 καὶτῆς
1098 4918 1247 4982 θείας
1277 4922 1356 4981 εις
1390 4918 1534 4988 ἡμᾶς
1573 4919 1909 4988 ἡμερότητος

324 5015 573 5086 ἀπαρχὴ,
623 5012 762 5085 θύρα
807 5029 866 5067 τε
900 5011 1088 5084 ῶσπερ
1119 5012 1212 5065 καὶ
1261 5009 1397 5072 ὁδός.
1439 5009 1562 5062 Ὅτι
1590 5008 1644 5062 δὲ
1672 5009 1764 5062 καὶ
1793 5009 1903 5072 τοῖς

216 5103 219 5105 “
325 5108 556 5174 είσάγαν
607 5103 1067 5176 μεμολυσμένοις,
1126 5101 1302 5155 καίτοι
1348 5101 1435 5154 ἐπ’
1479 5099 1699 5153 ἔλαττον
1745 5099 1904 5154 τοῦτο

326 5196 694 5266 νενοσηκόσιν,
745 5195 972 5265 ἀρκέσει
1005 5192 1141 5264 πρὸς
1172 5191 1548 5261 ἀποκάθαρσιν
1599 5193 1631 5261 ἡ
1676 5189 1764 5243 διά
1810 5189 1898 5243 πίε

326 5306 501 5351 στεως
525 5290 706 5358 χάρις,
738 5283 1018 5340 ἀναπείθει
1045 5283 1218 5352 λέγων
1238 5300 1250 5314 ο
1284 5301 1301 5333 ι
1335 5283 1459 5336 Ἑάν
1492 5276 1624 5337 ὦσιν
1644 5283 1698 5334 αἱ
1732 5283 1907 5352 ἀμαρ-

321 5384 439 5436 τίαι
469 5380 620 5452 ὑμῶν
650 5381 725 5444 ὡς
755 5376 1050 5450 φοινικοῦν,
1093 5376 1167 5440 ὡς
1216 5375 1368 5448 χιόνα
1393 5375 1638 5429 λευκανῶ
1657 5394 1670 5404 ·
1705 5376 1799 5430 ἐὰν
1847 5375 1905 5430 δέ

319 5469 459 5529 ὦσιν
491 5474 566 5537 ὡς
595 5473 866 5534 κόκκινον,
885 5470 960 5534 ὡς
982 5469 1125 5539 ἔριον
1149 5468 1415 5523 λευκανῶ.
1452 5488 1471 5520 ›
1521 5469 1901 5522 Δυσὲκπλυτον

316 5567 431 5639 γὰρ
483 5565 637 5619 οὐδὲν
677 5563 812 5617 Θεοῦ
865 5563 1273 5633 διασμήχοντος.
1333 5560 1420 5624 Ὠς
1467 5561 1575 5632 γὰρ
1623 5563 1651 5614 6
1693 5561 1902 5625 Παῦλος

316 5659 512 5728 φησιν,
555 5647 670 5710 «οὖ
707 5653 762 5707 δέ
799 5653 1126 5708 ἐπλεόνασεν
1162 5653 1196 5722 ἡ
1238 5651 1500 5723 ἁμαρτία,
1536 5651 1900 5723 ὑπερεπερίσ-

2010 4652 2152 4699 runt.
2191 4639 2283 4696 illa
2313 4641 2458 4696 enim
2483 4650 2568 4698 est
2602 4649 2802 4697 nostrae
2835 4642 2948 4712 spei
2993 4643 3268 4710 introitus,
3303 4655 3357 4698 et
3385 4644 3580 4702 divinae

2005 4751 2132 4806 erga
2165 4750 2262 4790 nos
2283 4733 2584 4790 clementiae
2615 4733 2886 4806 primitiae,
2919 4743 2974 4788 et
2999 4733 3162 4789 veluti
3185 4733 3351 4803 janua
3381 4751 3446 4792 ac
3469 4737 3574 4792 via.

2004 4826 2156 4884 Fidei
2188 4836 2369 4882 autem
2412 4825 2641 4896 gratiam
2689 4840 2812 4882 cum
2843 4827 2926 4882 bis
2957 4825 3052 4896 qui
3106 4827 3266 4884 valde
3308 4827 3577 4898 inquinati

2006 4926 2150 4985 sunt,
2187 4927 2301 4973 tum
2353 4918 2519 4972 etiam
2563 4917 2781 4987 paulum
2825 4917 3016 4973 morbo
3054 4913 3281 4982 allectis,
3335 4919 3469 4975 satis
3508 4923 3577 4974 ad

2008 5011 2447 5066 emundationem
2476 5011 2762 5066 valituram
2792 5025 2935 5074 esse,
2970 5011 3129 5065 iidem
3165 5011 3316 5078 facit,
3341 5013 3528 5069 dicens
3559 5034 3572 5070 :

2013 5120 2031 5154 ι
2073 5102 2128 5157 Si
2164 5102 2275 5157 sint
2323 5113 2544 5173 peccata
2579 5110 2758 5157 vestra
2797 5108 2856 5154 ut
2904 5115 3163 5172 purpura,
3199 5101 3345 5157 velut
3399 5105 3576 5161 nive‘m

2009 5191 2262 5249 inalbabo
2296 5211 2312 5246 :
2340 5204 2395 5248 et
2415 5193 2461 5247 si
2487 5193 2598 5248 sint
2630 5201 2688 5246 ut
2711 5191 3019 5260 coccinum,
3049 5193 3203 5262 quasi
3241 5193 3420 5249 lanam
3445 5183 3582 5248 inal-

2009 5284 2168 5340 babo.
2206 5304 2225 5336 ι
2275 5282 2421 5339 Nihil
2479 5282 2624 5338 enim
2664 5280 2951 5338 difﬁculter
2994 5282 3216 5351 eluitur,
3252 5283 3363 5340 Deo
3395 5285 3580 5340 deter-

2009 5384 2191 5446 gente.
2223 5373 2684 5442 Quemadmodum
2731 5382 2786 5428 et
2821 5372 3019 5430 Paulus
3053 5375 3129 5428 ait
3165 5392 3179 5429 :
3226 5373 3361 5430 «Ubi
3402 5376 3579 5430 abun-

2010 5467 2161 5524 davit
2199 5474 2504 5537 peccatum,
2552 5463 3014 5536 superabundavit
3055 5473 3111 5519 et
3139 5466 3309 5536 gratia
3337 5467 3406 5520 ³⁸.
3453 5483 3473 5517 ι
3515 5465 3581 5517 Et

2011 5573 2200 5615 rursus
2240 5577 2253 5614 :
2297 5576 2317 5610 ι
2348 5558 2480 5626 Quis
2532 5557 2813 5613 accusabit
2867 5556 3130 5614 adversus
3188 5559 3393 5613 electos
3444 5556 3580 5612 Dei?

2008 5653 2151 5708 Deus
2173 5652 2262 5722 qui
2289 5650 2572 5722 justifieat,
2595 5651 2721 5721 quis
2750 5660 2834 5706 est
2865 5650 2954 5720 qui
2992 5649 3315 5705 condemnet
3341 5646 3423 5701 “7
3451 5666 3470 5700 ι

320 5767 518 5807 σευσεν
551 5752 586 5822 ἠ
619 5750 795 5822 χάρις.
847 5750 956 5805 Καὶ
997 5747 1189 5803 πάλιν·
1237 5767 1255 5798 ι
1279 5747 1374 5811 Τίς
1404 5746 1688 5816 ἐγκαλέσει
1739 5748 1877 5819 μετὰ
1917 5747 2184 5805 ἐκλεκτῶν
2213 5743 2348 5801 Θεοῦ
2371 5763 2385 5814 ;
2410 5745 2542 5810 Θεὸς
2569 5747 2599 5799 6
2625 5744 2872 5811 δικαιῶν,
2909 5743 2994 5807 τίς
3023 5744 3053 5796 ὀ
3088 5739 3430 5811 κατακρίνων
3453 5756 3501 5805 ς»

398 5867 446 5899 ⁵⁸
487 5865 591 5920 lsa.
617 5881 670 5932 v,
698 5865 787 5920 25.
864 5866 910 5897 ⁸⁸
940 5865 1040 5921 lsa.
1087 5881 1136 5929 v,
1170 5862 1261 5936 20.
1337 5863 1382 5893 "
1419 5861 1560 5918 Psal.
1605 5879 1656 5927 ι,
1703 5863 1753 5915 6.
1832 5862 1875 5895 "

2012 5879 2072 5920 ω.
2111 5878 2237 5932 ϊιη,
2273 5861 2360 5919 18.
2436 5864 2481 5897 ⁸⁵
2514 5861 2669 5917 Rom.
2715 5877 2766 5927 v,
2807 5859 2896 5914 20.
2939 5859 2985 5892 "
3015 5856 3173 5914 Rom.
3216 5870 3333 5926 vm,
3368 5856 3458 5924 53,
3488 5855 3578 5915 δι.
