4178 6502
558 429 627 481 ιτ
1576 408 1631 461 s.
1675 403 1954 461 evrum
1996 364 2471 456 ALEXANDRINI
2510 393 2829 450 ARCIIIEP.
3754 389 3821 435 ιδ

630 552 790 602 Vens.

563 642 691 694 bona
730 637 836 707 22
878 644 1028 688 terra:
1056 630 1355 685 comedetis.
1383 625 1444 681 Si
1476 640 1591 679 vero
1624 620 1918 682 nolueritis,
1952 625 2002 671 et
2039 632 2141 671 non

564 730 867 784 audireritis
912 741 1010 795 me,
1048 723 1259 794 gladius
1290 736 1379 774 vos
1419 714 1710 772 deuorabr’t.
1753 711 1826 766 Os
1868 711 2004 764 enim
2039 709 2145 763 Do-

564 820 691 871 mini
724 816 957 879 locutum
990 822 1063 867 est
1094 811 1226 864 lucc.

631 945 839 1007 Atratus
864 952 952 1003 est
988 939 1263 1003 Israelitas
1305 933 1679 995 universitatis
1722 932 1887 997 Deus,
1928 944 2025 999 per
2057 942 2144 983 sa-

564 1038 956 1108 ρὶυηιίεείιιιυιη
980 1031 1236 1102 Moysen:
1262 1048 1279 1087 ι
1307 1028 1445 1085 Ecce
1472 1040 1573 1096 ego
1594 1024 1749 1095 posui
1780 1023 1831 1079 in
1853 1029 2144 1090 conspectu

571 1140 664 1185 tuo
699 1128 839 1181 viam
873 1126 997 1181 vitae
1024 1133 1078 1178 et
1120 1122 1259 1178 viam
1296 1119 1489 1175 mortis
1514 1117 1583 1173 ⁸⁷.
1612 1134 1632 1168 ι
1666 1114 1846 1171 Posita
1886 1114 2030 1169 enim
2060 1119 2145 1167 est

567 1223 723 1277 nobis
768 1219 835 1272 ad
879 1228 1169 1284 utrumque
1199 1213 1416 1277 semita,
1467 1218 1521 1265 et
1570 1208 1776 1263 fructus
1806 1205 2143 1261 voluntatum

569 1314 833 1381 cujusque
875 1325 972 1364 ceu
1012 1305 1359 1363 ﬂosculorum
1396 1313 1481 1359 est
1511 1299 1769 1369 prazclare
1797 1306 1852 1352 et
1883 1295 2143 1366 legitime,

570 1416 664 1463 aut
687 1412 877 1459 contra
918 1399 1127 1468 culpate
1162 1397 1364 1453 vivere.
1406 1393 1513 1451 Sed
1547 1407 1645 1446 nec
1670 1404 1790 1445 esse
1824 1396 2001 1458 potest
2027 1384 2144 1440 cui-

572 1510 733 1563 quam
782 1492 1030 1554 duhinm,
1072 1489 1203 1559 quin
1251 1487 1305 1541 hi
1354 1486 1444 1554 qui
1478 1482 1700 1551 probam
1731 1490 1787 1537 et
1828 1476 2143 1547 praeclaram

572 1588 789 1654 Deoque
809 1580 1240 1650 acceptissimam
1260 1576 1446 1628 vivunt
1462 1575 1647 1635 vitam,
1672 1583 1885 1638 semper
1901 1568 1965 1621 ad
1982 1566 2143 1619 vitam

573 1675 985 1735 subvehantur:
1023 1668 1112 1738 qui
1164 1675 1343 1720 autem
1384 1660 1754 1730 voluptatibus
1796 1656 1951 1711 malis
1978 1654 2143 1709 dediti

572 1773 771 1823 suntet
792 1759 1018 1823 addicti,
1045 1757 1248 1821 exitum
1281 1752 1481 1809 habent
1506 1750 1814 1804 tendentem
1840 1747 1894 1800 in
1921 1744 2144 1798 exitium

575 1869 629 1911 et
668 1854 969 1917 interitum.
1006 1848 1191 1916 Itaque
1235 1844 1445 1898 fructus
1487 1838 1810 1895 obedientiae
1842 1836 1970 1899 erit,
2006 1834 2147 1889 bona

838 545 929 609 19,
957 542 1047 596 20.
1101 540 1167 593 Et
1218 539 1262 592 si
1307 533 1598 597 volueritis,
1639 541 1686 584 et
1734 530 1779 583 si
1841 524 2141 589 audieritis,

2321 519 2429 574 Kal
2452 518 2562 571 ἐὰν
2580 516 2811 583 θέλητε,
2836 512 2933 566 καί
2957 507 3357 576 εἰσακούσητέ
3376 523 3519 576 μου,
3542 504 3615 558 τὰ
3634 502 3824 572 ἀγαθὰ

2243 610 2354 681 τῆς
2380 609 2494 680 γῆς
2514 608 2800 679 φάγεσθε.
2843 603 2985 658 Ἐὰν
3015 602 3083 656 δὲ
3120 599 3200 671 μὴ
3236 600 3473 666 θέλητε,
3500 596 3658 668 μηδὲ
3694 598 3822 649 εἱσ-

2244 700 2548 767 ακούσητέ
2593 715 2734 768 μου,
2782 695 3048 766 μάχαιρα
3075 691 3231 762 ὑμᾶς
3262 688 3586 745 κατέδεται.
3619 688 3689 741 Τὸ
3715 690 3825 758 γὰρ

2246 793 2440 862 στόμα
2475 788 2697 859 Κυρίου
2722 786 2990 854 Aldinae
3025 784 3230 837 ταῦτα.

2315 922 2755 997 Προσπεφώνηκέ
2796 932 2905 975 ’που
2950 921 3060 983 τοῖς
3109 918 3169 991 ἐξ
3206 916 3423 988 Ἰσραὴλ
3468 916 3496 969 ὁ
3525 915 3635 969 τῶν
3690 914 3827 967 ὅλων

2243 1018 2374 1083 Θεὸς
2412 1017 2499 1070 διὰ
2531 1015 2623 1069 τοῦ
2657 1012 2931 1083 πανσόφου
2956 1009 3221 1075 Μωσέως⁶
3261 1027 3280 1061 ι
3325 1008 3454 1061 Ἰδοὺ
3481 1007 3691 1061 δέδωκα
3723 1005 3828 1077 πρὸ

2243 1105 2536 1179 προσώπου
2573 1122 2667 1158 σου
2695 1103 2793 1176 τὴν
2823 1101 2940 1155 ὁδὸν
2970 1102 3071 1172 τῆς
3109 1100 3279 1171 ζωῆς,
3318 1098 3412 1152 καὶ
3437 1098 3535 1169 τὴν
3565 1096 3683 1151 ὁδὸν
3732 1085 3826 1148 τοῦ

2244 1199 2497 1257 θανάτου.
2522 1217 2539 1250 ι
2569 1196 2819 1250 Τέθειται
2859 1193 2969 1266 γὰρ
2999 1194 3057 1246 ἐν
3087 1192 3218 1263 ἡμῖν
3258 1192 3292 1262 ἡ
3322 1191 3408 1243 ἐπ’
3431 1190 3598 1261 ἀμφω
3620 1187 3827 1260 τρίϐος,

2244 1288 2491 1344 καὶ’τῶν
2532 1288 2764 1343 ἑκάστου
2812 1283 3193 1355 διανευμάτων
3217 1320 3232 1348 ,
3289 1283 3458 1354 ἡγουν
3507 1280 3827 1352 θελημάτων

2245 1379 2459 1450 καρπὸς
2486 1378 2552 1433 ἂν
2584 1378 2791 1447 γένοιτο
2820 1376 2881 1430 τὸ
2924 1374 3208 1429 διαϐιῶναι
3251 1372 3523 1445 λαμπρῶς
3553 1372 3647 1426 καὶ
3683 1371 3827 1424 ἐννό-

2249 1488 2383 1543 μως,
2422 1471 2590 1541 ἤγουν
2637 1469 2887 1539 ἑτεροίως
2926 1466 3375 1538 κατεψεγμένως.
3429 1463 3572 1518 Ἀλλ’
3619 1464 3719 1515 ούκ
3762 1460 3830 1514 ἂν

2246 1560 2537 1616 ἐνδοιάσειέ
2560 1577 2663 1623 τις,
2702 1558 2779 1624 ὡς
2814 1560 2863 1612 oi
2902 1558 3000 1630 μὲν
3038 1558 3129 1611 τὸν
3160 1556 3361 1626 ἀγαθὸν
3396 1557 3488 1609 καὶ
3522 1554 3821 1619 ἀπόλεκτοι)

2246 1653 2341 1707 καὶ
2364 1649 2482 1721 Θεῷ
2504 1650 2818 1720 φιλαίτατον
2846 1647 3087 1719 βιοῦντες
3114 1648 3246 1719 βίον,
3287 1647 3460 1713 πάντη
3485 1662 3544 1698 τε
3566 1645 3661 1698 καὶ
3690 1643 3826 1697 πάν-

2246 1760 2355 1807 τως
2382 1741 2736 1813 καταίρουσιν
2760 1742 2841 1803 εἰς
2872 1740 3038 1811 ζωήν.
3065 1738 3193 1809 Οἴγε
3223 1738 3327 1809 μὴν
3353 1739 3473 1801 ταῖς
3503 1737 3582 1800 εἰς
3610 1735 3670 1788 τὸ
3699 1733 3811 1803 φαῦ

2247 1834 2337 1901 λον
2365 1833 2578 1904 ἡδοναῖς
2607 1831 2931 1904 ἡττώμενοι,
2958 1831 3016 1884 τὸ
3062 1829 3214 1895 τέλος
3241 1828 3452 1898 ἔχουσιν
3482 1827 3562 1889 εἰς
3608 1824 3827 1897 ὄλεθρον

577 1959 736 2002 teme
769 1941 1077 2003 comedere,
1105 1949 1225 2006 quae
1274 1933 1475 1987 sanctis
1515 1936 1814 1998 praeparata
1867 1934 1974 1991 est;
2002 1921 2154 1990 cujus

2260 1926 2351 1980 καὶ
2376 1924 2675 1983 ἀπώλειαν.
2702 1922 3024 1987 Εύπειθείας
3051 1918 3144 1977 οὖν
3166 1920 3275 1993 ἄρα
3301 1919 3510 1992 καρπὸς
3532 1918 3593 1972 τὸ
3633 1919 3831 1987 φαγεῖν

577 2033 827 2099 meminit
851 2030 1015 2084 etiam
1046 2026 1164 2096 ipse
1186 2023 1449 2078 Dominus
1483 2028 1667 2074 noster
1693 2016 1853 2072 lesu's
1879 2016 2152 2079 Christus,

579 2132 632 2183 in
665 2128 806 2194 hanc
833 2121 1158 2179 sententiam
1198 2133 1213 2170 :
1252 2132 1271 2167 ι
1304 2113 1451 2169 Beati
1486 2112 1667 2176 mites,
1688 2110 1810 2179 quia
1843 2106 1944 2177 ipsi
1979 2107 2164 2171 haeres

587 2218 835 2274 ditabunt
861 2224 1059 2275 terram
1087 2208 1153 2262 ⁸⁸.
1188 2225 1208 2260 ι
1239 2205 1477 2269 Fructus
1507 2211 1685 2257 autem
1717 2199 1933 2265 malitiae
1960 2207 2011 2259 et
2030 2196 2153 2251 vitae

578 2310 879 2380 ﬂagitiosae,
919 2313 1004 2361 est
1045 2300 1251 2367 inutilis
1291 2296 1630 2369 ptenitentia.
1666 2303 1721 2361 et
1751 2306 1819 2347 ex
1850 2291 2032 2351 divina
2077 2290 2155 2353 ira

581 2400 791 2473 gladius
821 2405 875 2463 et
910 2393 1177 2459 interitus,
1208 2400 1267 2445 ut
1309 2390 1510 2445 dictum
1544 2396 1646 2452 est,
1687 2393 1741 2439 et
1778 2382 1904 2452 quid
1941 2396 2043 2434 non
2076 2381 2153 2434 is-

585 2469 838 2555 tiusmodi
887 2480 1187 2557 malorum?
1215 2477 1527 2549 Orationem
1564 2487 1690 2529 vero
1734 2487 1885 2526 suam
1930 2470 2034 2524 ﬁde
2064 2469 2152 2521 dl-

582 2595 741 2653 gnam
772 2592 891 2634 esse
919 2576 1255 2631 demonstrat
1304 2567 1587 2638 propheta,
1632 2580 1752 2629 cum
1787 2577 1908 2615 mox
1943 2560 2101 2615 infert
2138 2576 2151 2611 :

590 2650 607 2726 ἐ
642 2671 716 2729 Os
755 2668 966 2735 Domini
1023 2665 1265 2720 locutum
1312 2667 1394 2714 est
1443 2657 1578 2712 haec.
1619 2674 1637 2707 ι
1681 2654 1814 2708 Cum
1870 2652 2010 2707 enim
2039 2650 2155 2704 ﬁeri

584 2781 691 2820 non
718 2760 893 2833 possit
929 2766 990 2813 ut
1032 2755 1174 2810 Deus
1201 2750 1516 2813 mentiatur,
1553 2754 1733 2800 manet
1763 2745 1905 2799 enim
1946 2755 2160 2810 semper

585 2858 725 2911 idem
758 2849 904 2922 quod
939 2856 1042 2913 est,
1088 2858 1279 2912 nempe
1320 2839 1522 2895 veritas
1553 2855 1573 2891 ι
1614 2850 1791 2890 annon
1845 2841 1928 2888 est
1973 2846 2159 2887 neces-

585 2947 728 3013 sario
765 2939 1167 3008 intelligendum
1201 2948 1269 2990 ea
1302 2946 1422 3003 quae
1453 2927 1808 3001 praenuntiata
1842 2934 1988 2991 sunt,
2037 2938 2157 2976 cer-

588 3037 796 3094 tissime
826 3034 893 3088 ad
922 3031 1082 3085 linem
1112 3040 1235 3084 esse
1269 3020 1635 3095 perventura?
1666 3016 1873 3073 Etenim
1904 3015 2032 3068 illud
2062 3027 2161 3068 ne-

586 3141 802 3185 cessum
872 3128 958 3179 est
1019 3115 1393 3179 considerare,
1476 3110 1703 3166 miriﬁce
1764 3116 1822 3163 et
1882 3106 2163 3179 insigniter

590 3218 846 3287 prodesse
909 3222 1213 3266 sermonem
1288 3202 1703 3275 propheticum,
1777 3213 1899 3252 cum
1964 3194 2163 3250 animle

591 3284 954 3378 pet-lectorum
1019 3306 1075 3353 ct
1138 3305 1515 3356 maturorum,
1571 3298 1681 3344 tum
1740 3302 1927 3343 eorum
1994 3284 2161 3341 etiam
2188 3284 2230 3313 υ

590 3376 683 3468 qui
752 3391 985 3464 genuina
1052 3397 1414 3461 germanaque
1484 3381 1589 3447 lide
1656 3378 1891 3433 nondqu
1965 3376 2163 3431 conﬁr-

593 3496 828 3542 mantur.
890 3482 1024 3537 Cum
1088 3478 1232 3533 enim
1301 3472 1541 3549 posuerit
1585 3468 1957 3525 universitatis
2018 3468 2160 3523 Deus

595 3581 649 3634 in
713 3573 1071 3647 propensione
1118 3582 1328 3635 eorum,
1384 3565 1476 3636 qui
1528 3562 1862 3627 erudiantnr,
1904 3576 2027 3616 cum
2068 3560 2163 3615 ho-

593 3673 722 3724 niim
757 3666 974 3739 eligere,
1012 3671 1122 3719 tum
1162 3675 1193 3715 a
1229 3658 1383 3714 malis
1417 3656 1692 3721 recedere,
1730 3654 1938 3722 liquido
1972 3652 2164 3723 prohat

596 3772 779 3814 rerum
809 3752 1181 3811 faciendarum
1212 3756 1267 3805 et
1296 3746 1667 3820 fugiendarum
1700 3744 1940 3799 habenas
1969 3743 2165 3812 cuique

595 3847 904 3905 mortalium
934 3845 1171 3907 dedisse,
1212 3849 1272 3896 ut
1299 3840 1366 3895 ad
1403 3840 1455 3893 id
1494 3835 1636 3908 quod
1671 3835 1896 3906 elegerit
1929 3834 2072 3903 quis,
2102 3833 2167 3887 li-

594 3942 722 3995 bere
754 3939 834 3993 ire
865 3942 1071 4009 posset.
1100 3933 1236 3987 Cum
1270 3930 1371 3985 hoc
1411 3943 1593 3984 verum
1628 3927 1718 3992 sit,
1748 3941 1881 3979 vana
1911 3924 2164 3979 nimirum

593 4039 650 4086 et
679 4028 876 4098 frigida
900 4024 1073 4082 sutela
1097 4031 1202 4089 est,
1231 4020 1563 4076 contendere
1591 4033 1657 4073 ac
1684 4017 1888 4083 dicere,
1922 4015 2169 4070 naturale

594 4136 714 4177 esse
760 4120 814 4175 in
864 4117 1086 4174 homine
1119 4113 1344 4178 malum,
1380 4111 1464 4166 vel
1497 4109 1770 4165 fortunam
1825 4118 1918 4163 aut
1970 4105 2163 4173 fatum,

595 4224 691 4269 aut
714 4211 1057 4270 nativitatem
1087 4206 1300 4264 clavum
1336 4217 1516 4259 rerum
1564 4202 1928 4256 humanarum
1970 4198 2169 4267 guber-

597 4320 763 4371 nare,
796 4310 850 4358 et
892 4301 961 4355 ad
1010 4297 1153 4371 quod
1189 4297 1384 4373 cuique
1418 4306 1608 4348 eorum
1647 4289 1860 4361 placet,
1896 4286 2168 4369 quoslibet

597 4411 696 4467 pro
729 4410 827 4450 suo
861 4391 1127 4459 arbitratu
1153 4388 1396 4460 adigere,
1443 4393 1503 4438 ut
1532 4381 1749 4448 vitium,
1789 4389 1882 4437 aut
1913 4380 2167 4434 virtutem

597 4487 801 4550 colant,
831 4498 938 4539 non
973 4482 1041 4536 ad
1079 4481 1132 4535 id
1167 4475 1471 4532 voluntario
1499 4474 1759 4544 impulsu,
1788 4473 1883 4529 sed
1912 4482 2165 4543 tanquam

2251 2018 2496 2074 ἔσταιτά
2524 2017 2703 2089 ἀγαθά
2745 2018 2845 2089 τῆς
2896 2016 2999 2087 γῆς
3046 2016 3145 2087 τῆς
3188 2016 3299 2078 τοῖς
3346 2012 3521 2085 ἁγίοις
3564 2011 3827 2083 ηὐτρεπι-

2255 2110 2480 2183 σμένης,
2524 2104 2593 2182 ἦς
2635 2109 2732 2165 καὶ
2761 2108 2921 2177 αὐτὸς
2946 2107 3310 2179 διαμέμνηται
3350 2105 3523 2174 λέγων
3568 2105 3597 2157 ὁ
3627 2102 3827 2174 Κύριος

2253 2202 2410 2275 ἡμῶν
2439 2200 2644 2271 Ἰησοῦς
2666 2198 2930 2271 Χριστός·
2963 2217 2982 2249 ι
3003 2197 3275 2266 Μακάριοι
3305 2196 3353 2248 οἱ
3381 2195 3598 2265 πραεῖς,
3623 2193 3704 2246 ὅτι
3734 2192 3832 2247 αύ-

2253 2294 2337 2347 τοὶ
2384 2293 2850 2364 κληρονομήσουσι
2894 2290 2993 2360 τὴν
3040 2289 3163 2359 γῆν.
3188 2305 3209 2340 ›
3259 2286 3584 2355 Σκαιότητος
3631 2284 3687 2338 δέ
3736 2285 3829 2337 καὶ

2258 2384 2375 2455 βίου
2411 2384 2891 2455 φιλαμαρτήμονος
2933 2382 2965 2451 ἡ
3002 2380 3258 2451 ἀνόνητος
3301 2377 3706 2449 ύστεροὸουλία,
3737 2377 3831 2432 καὶ

2255 2472 2323 2533 τὰ
2354 2473 2418 2526 ἐκ
2449 2472 2598 2536 θείας
2620 2471 2807 2541 όργῆς,
2838 2469 3081 2541 μάχαιρα
3106 2486 3165 2522 τε
3187 2468 3281 2522 καὶ
3307 2468 3548 2540 όλεθρος,
3572 2468 3648 2532 ὡς
3676 2468 3831 2539 ἔφην,

2259 2564 2354 2618 καὶ
2383 2563 2437 2617 τί
2466 2564 2575 2634 γὰρ
2599 2563 2719 2632 οὐχὶ
2741 2561 2995 2616 τοιούτων
3038 2560 3256 2627 κακῶν;
3295 2559 3629 2627 Ἀξιόπιστον
3661 2560 3716 2612 δὲ
3742 2560 3837 2613 τὸν

2260 2652 2453 2706 ἑαυτοῦ
2502 2652 2661 2721 λόγον
2707 2653 2735 2705 ὁ
2787 2652 3069 2722 προφήτης
3112 2649 3424 2718 ἀποφαίνει,
3472 2647 3833 2717 προσεπάγων

2260 2744 2442 2809 εὐθὺς,
2508 2744 2589 2797 ὅτι
2646 2760 2665 2794 t
2709 2742 2783 2795 Τὸ
2840 2740 3013 2812 στόμα
3065 2740 3268 2811 Κυρίου
3313 2739 3538 2810 ἐλάλησε
3593 2736 3833 2792 ταῦτα.ν

2273 2832 2491 2905 Ἐπειδὴ
2535 2832 2592 2886 δὲ
2627 2834 2909 2903 ἀμήχανον
2950 2830 3011 2884 τὸ
3033 2828 3335 2900 ψεύσασθαι
3362 2828 3451 2883 τὸν
3487 2828 3621 2881 Θεὸν
3660 2828 3835 2899 (μένει

2261 2926 2370 2997 γὰρ
2401 2926 2489 2980 ἀεὶ
2524 2922 2673 2978 τοῦθ’
2694 2924 2830 2995 ὅπερ
2860 2920 3024 2986 ἐστὶν,
3052 2919 3280 2991 άλὴθεια
3317 2919 3373 2973 δὲ
3403 2918 3689 2990 δηλονότι),
3720 2917 3837 2981 πῶς

2261 3018 2363 3070 οὐκ
2393 3016 2605 3085 ἀνάγκη
2632 3016 2772 3069 νοεῖν
2796 3014 2879 3067 ὅτι
2906 3012 3080 3083 πάντη
3105 3028 3166 3065 τε
3197 3010 3293 3065 καὶ
3319 3009 3534 3073 πάντως
3562 3011 3640 3073 είς
3664 3008 3838 3079 πέρας

2263 3108 2555 3179 ἐκϐήσεται
2570 3106 2637 3161 τὰ
2656 3104 3074 3179 προηγγελμένα
3098 3104 3281 3176 ;Πλὴν
3314 3106 3491 3158 ἑκεῖνο
3522 3101 3843 3175 περιαθρεῖν

2264 3202 2582 3270 ἀναγκαῖον,
2612 3200 2687 3263 ὼς
2713 3198 2922 3270 ὀνίνησι
2942 3197 3211 3261 πλουσίως
3243 3198 3272 3250 ό
3298 3195 3632 3267 προφητικὸς
3658 3195 3844 3263 λόγος,

2262 3293 2360 3358 τάς
2382 3309 2440 3346 τε
2470 3292 2579 3346 τῶν
2608 3290 3012 3363 άκεραιοτέρων
3040 3288 3121 3342 ἐτι
3140 3287 3338 3358 ψυχάς,
3368 3286 3462 3340 καὶ
3487 3286 3591 3358 μὴν
3622 3286 3717 3340 καὶ
3740 3285 3838 3348 τὰς

2262 3384 2370 3439 τῶν
2401 3384 2503 3455 ἡδη
2531 3382 2767 3454 γνησίων
2797 3380 2892 3436 καὶ
2932 3379 3232 3453 ἱδρυμένων
3282 3379 3341 3430 ἐν
3369 3377 3573 3433 πίστει.
3616 3374 3838 3448 Ἐπειδὴ

2262 3473 2370 3546 γὰρ
2396 3473 2637 3526 τέθεικεν
2667 3474 2695 3525 ό
2724 3470 2832 3524 τῶν
2860 3470 2998 3523 ὅλων
3031 3468 3162 3531 Θεὸς
3191 3468 3250 3521 ἐν
3280 3469 3401 3529 ταῖς
3430 3464 3536 3520 τῶν
3565 3465 3841 3533 παιδαγω-
3890 3496 3891 3499 η

2262 3560 2541 3630 γουμένων
2578 3562 2773 3631 ῥοπαῖς
2791 3558 2851 3613 τὸ
2879 3556 3097 3611 ἑλέσθαι
3132 3556 3232 3628 μέν
3256 3556 3317 3609 τὸ
3346 3555 3572 3625 ἀγαθὸν,
3612 3556 3839 3624 ἀποφοι-

2263 3653 2363 3727 τᾷν
2408 3651 2465 3704 δέ
2514 3650 2623 3704 τῶν
2658 3649 2897 3719 φαύλων,
2955 3648 3441 3718 πεπληροφόρηκεν
3485 3648 3566 3701 ὅτι
3599 3646 3699 3710 τὰς
3730 3645 3841 3700 τῶν

2266 3744 2555 3815 πρακτέων
2583 3743 2619 3813 ἣ
2653 3742 2728 3814 μὴ
2751 3741 2980 3795 δέδωκεν
3011 3740 3226 3810 ἑκάστῳ
3257 3739 3364 3793 τῶν
3410 3738 3502 3791 ἐπὶ
3525 3738 3630 3809 γῆς
3660 3739 3837 3810 ἡνίας,

2266 3837 2361 3890 καὶ
2402 3837 2487 3905 ἐφ’
2518 3837 2656 3906 ὅπερ
2705 3835 2771 3888 ἂν
2826 3833 2997 3886 ἐλοιτό
3037 3850 3143 3899 τις,
3194 3831 3375 3885 ἐλάσει
3425 3832 3541 3902 μετ’
3571 3831 3837 3895 ἐξουσίας.

2279 3926 2497 4000 Ἐπειδὴ
2524 3926 2581 3981 δὲ
2602 3925 2760 3979 τοῦτό
2802 3928 2949 3978 ἐστιν
2992 3922 3210 3993 ἀληθὲς,
3250 3923 3455 3975 είκαῐον
3483 3922 3585 3993 ἡδη
3611 3923 3704 3975 καὶ
3736 3922 3841 3992 algu—

2267 4019 2419 4092 χρὸν,
2449 4018 2544 4071 καὶ
2583 4017 2889 4088 ραψῴδημα
2917 4016 2977 4069 τὸ
3024 4014 3386 4070 διατείνεσθαι
3430 4031 3491 4066 τε
3516 4015 3611 4067 καὶ
3637 4014 3838 4082 λέγειν,

2275 4111 2356 4163 δτι
2397 4110 2624 4179 φυσικὸν
2648 4109 2705 4161 ἐν
2731 4106 3001 4179 ἀνθρώπῳ
3028 4106 3091 4160 τὸ
3122 4106 3290 4160 κακόν
3312 4122 3325 4136 ’
3374 4106 3540 4177 ἤγουν
3582 4106 3665 4158 δτι
3704 4107 3839 4174 τύχη

2267 4218 2328 4254 τε
2356 4201 2449 4253 καὶ
2468 4199 2796 4273 εἱμαρμένη,
2831 4199 2926 4253 καὶ
2955 4200 3171 4267 γένεσις
3202 4195 3623 4268 πηδαλιουχοῦσι
3652 4195 3722 4249 τὰ
3750 4198 3845 4251 άν-

2278 4292 2561 4366 θρώπινα,
2612 4294 2705 4347 καὶ
2750 4293 2884 4366 πρός
2914 4307 2977 4363 γε
3026 4292 3087 4344 τὸ
3143 4290 3347 4361 ἑκάστῃ
3380 4287 3592 4354 δοκοῦν,
3642 4286 3736 4350 οὓς
3778 4287 3843 4341 ἂν

2269 4386 2473 4440 ἕλοιντο
2525 4384 2996 4455 κατασφίγγουσαι
3041 4380 3373 4453 φαυλότητός
3410 4396 3469 4433 τε
3516 4379 3608 4432 καὶ
3642 4379 3843 4451 ἀρετῆς

2269 4473 2619 4532 ἀποτελοῦσιν
2652 4475 2906 4546 ἐργάτας,
2947 4474 3047 4528 οὐκ
3083 4474 3405 4536 ἐθελουσίοις
3446 4473 3639 4543 ῥοπαῖς
3666 4472 3844 4533 ἰόντας

599 4575 897 4645 inevitabili
940 4572 1093 4629 ηυιυὶ
1148 4570 1416 4641 subjugati
1463 4578 1520 4624 et
1566 4566 1790 4632 subditi,
1839 4564 2160 4620 necessitate

2272 4572 2352 4639 et;
2371 4568 2548 4635 τοῦτο,
2576 4566 3043 4636 κατεζευγμένους
3086 4565 3144 4618 δὲ
3190 4564 3380 4635 ὥσπερ
3415 4562 3682 4633 ἀφύκτοις
3721 4563 3849 4616 νεύ-

596 4666 992 4724 dcmiaantium
1024 4676 1168 4733 aegre
1196 4677 1261 4716 ac
1296 4658 1582 4714 diliiculter
1605 4657 1844 4726 impulsi.
1879 4656 2090 4711 Etenim
2120 4654 2165 4708 si

498 4758 503 4761 ⁷
598 4760 797 4815 malum
837 4768 1032 4812 natura
1066 4764 1171 4831 est,
1217 4751 1322 4825 2,3
1367 4767 1431 4806 ac
1477 4752 1531 4805 in
1573 4748 1874 4805 substantia
1919 4747 2169 4810 inheret,

595 4862 655 4906 ut
690 4851 780 4906 isti
830 4856 1126 4919 nugantur,
1159 4844 1425 4916 quomodo
1465 4856 1562 4912 pro
1604 4840 2019 4908 uniuscujusque
2077 4851 2173 4893 vo-

599 4945 822 5006 luntate,
869 4940 954 4997 vel
979 4937 1281 5003 invalescit,
1314 4934 1398 4991 vel
1433 4931 1784 4989 debilitatur?
1812 4930 1867 4985 Si
1892 4931 2035 4984 enim
2063 4928 2175 4982 vel-

599 5034 702 5087 lem
736 5032 910 5088 bonus
943 5043 1084 5097 esse,
1120 5027 1250 5083 nihil
1302 5024 1485 5081 obstat
1537 5020 1825 5092 quominus
1869 5020 1991 5076 talis
2033 5035 2171 5090 quo-

599 5139 704 5195 que
728 5123 931 5177 videar.
984 5120 1039 5175 Si
1103 5119 1229 5174 item
1287 5116 1489 5181 malus,
1537 5111 1671 5168 nihil
1719 5113 1881 5167 etiam
1921 5111 2176 5181 impediet

598 5212 888 5284 quominus
943 5210 1011 5265 ad
1051 5208 1104 5265 id
1146 5209 1309 5265 etiam
1351 5204 1591 5261 delabar.
1632 5200 1728 5257 Ubi
1785 5201 1997 5255 tandem
2063 5201 2174 5256 lor—

601 5311 743 5356 tuna
805 5310 861 5355 et
922 5299 1019 5353 lati
1078 5294 1288 5351 virtus?
1319 5294 1386 5349 Et
1439 5306 1559 5363 quae
1615 5301 1700 5348 est
1749 5290 1836 5345 illa
1895 5290 2170 5359 nativitas,

599 5407 720 5463 quae
774 5391 870 5448 ulli
926 5388 1207 5445 hominum
1260 5382 1605 5441 necessitatis
1654 5381 1843 5452 iugum
1898 5380 2169 5449 imponit,

601 5484 648 5538 si
698 5481 858 5537 modo
903 5481 1003 5535 hoc
1060 5476 1323 5545 cujusque
1390 5472 1717 5528 voluntatem
1773 5480 2054 5542 sequatur,
2114 5478 2172 5524 ut

601 5581 917 5648 praestantes
966 5566 1363 5632 obedientiam,
1432 5565 1571 5620 bona
1614 5573 1774 5619 teme
1832 5561 2174 5620 comedent?

672 5790 721 5826 ⁸⁷
752 5789 908 5844 Deut.
933 5784 1191 5867 “5,15.
1256 5783 1301 5825 ⁸η
1356 5781 1541 5841 Matth.
1576 5800 1627 5853 ν,
1655 5781 1712 5843 Ι.

2272 4671 2425 4725 μασι,
2461 4656 2556 4709 καὶ
2594 4655 2945 4726 δυσφορὴτως
2974 4654 3198 4726 ἔχοντας
3235 4655 3303 4724 τῇ
3346 4652 3455 4707 τῶν
3497 4651 3846 4724 κρατούντων

2269 4747 2501 4816 ἀνάγκῃ.
2554 4746 2616 4799 Et
2644 4746 2754 4818 γὰρ
2802 4746 2961 4815 φύσει
2993 4747 3054 4800 τὸ
3102 4744 3289 4811 κακὸν,
3344 4745 3438 4800 καὶ
3481 4743 3846 4799 ἐνυπόστατόν

2270 4836 2440 4899 ἐστιν,
2490 4834 2565 4900 ὼς
2603 4834 2732 4903 γοῦν
2778 4835 2973 4888 ἐκεῖνοι
3018 4833 3308 4906 ληροῦντές
3356 4849 3521 4902 φασι·
3571 4832 3689 4896 πῶς
3735 4835 3849 4897 τοῖς

2272 4927 2502 4982 ἑκάστου
2533 4926 2799 4999 θελήμασι
2828 4926 3153 4999 κρατύνεταί
3179 4943 3242 4980 τε
3261 4927 3355 4979 καὶ
3385 4925 3632 4991 ἀσθενεῖ;
3667 4926 3715 4978 εἰ
3740 4929 3850 4994 γὰρ

2274 5019 2494 5089 ἑλοίμην
2547 5016 2686 5073 εἶναι
2732 5018 2983 5089 χρηστὸς,
3053 5018 3114 5072 τὸ
3160 5017 3368 5073 κωλύον
3419 5018 3570 5072 οὐδὲν
3618 5018 3849 5089 ὁρᾶσθαι

2271 5108 2530 5163 τοιοῦτον.
2564 5110 2625 5162 El
2666 5108 2725 5162 δὲ
2757 5109 2820 5181 δὴ
2849 5110 2944 5162 καὶ
2972 5109 3223 5180 πονηρὸς,
3258 5108 3570 5179 ἀπείρξειεν
3606 5108 3673 5163 ἂν
3697 5108 3851 5162 οὐδὲν

2274 5202 2369 5257 καὶ
2393 5201 2527 5272 πρός
2564 5216 2627 5269 γε
2666 5199 2823 5254 τοῦτο
2847 5200 3204 5254 κατολισθείν.
3234 5199 3344 5254 Ποῦ
3387 5200 3445 5254 δὲ
3469 5200 3534 5271 δὴ
3560 5198 3728 5270 τύχης
3757 5200 3853 5252 καὶ

2272 5291 2611 5362 εἱμαρμένης
2639 5290 2672 5361 ἡ
2713 5289 2975 5360 δύναμις;
3012 5289 3045 5361 ἢ
3074 5287 3201 5342 ποία
3227 5304 3312 5353 τις
3339 5287 3552 5355 γένεσις
3597 5284 3854 5355 ἐπιφέρει

2270 5382 2380 5436 τισὶ
2407 5382 2497 5433 τὸν
2529 5380 2588 5446 ἐξ
2611 5380 2855 5450 ἀνάγκης
2876 5380 3060 5449 ζυγὸν,
3089 5382 3137 5433 εί
3161 5381 3271 5442 τοῖς
3294 5379 3524 5432 ἑκάστου
3551 5374 3851 5446 θελήμασιν

2276 5473 2577 5540 ἀκολουθεῖ,
2605 5473 2700 5527 καὶ
2723 5474 2784 5527 τὸ
2811 5474 3005 5543 φαγεῖν
3037 5472 3109 5526 τὰ
3135 5471 3315 5541 ἁγαθὰ
3347 5471 3445 5543 τῆς
3472 5471 3576 5541 γῆς
3609 5464 3852 5538 πληροῦν

2278 5563 2565 5635 ἑλομένους
2592 5562 2691 5635 τὴν
2720 5564 2986 5635 ὑπακοὴν,
3022 5564 3116 5619 καὶ
3142 5561 3249 5634 μὴν
3294 5560 3387 5616 καὶ
3419 5560 3477 5614 τὸ
3508 5557 3670 5632 ἔργον
3697 5554 3852 5626 γενέ-
