4178 6564
338 454 404 509 40
1498 452 1566 510 ῐΝ
1604 449 1840 511 ISAIAM
1879 449 1919 504 L

2050 449 2093 510 L
2130 449 2346 506 ORAT.
2379 447 2426 504 1.
3516 447 3584 502 59

343 567 464 623 σθαι
502 569 601 640 τῆς
651 570 922 643 μαχαίρας
967 569 1074 641 (l),
1122 572 1170 626 εἰ
1209 573 1320 637 τοῖς
1359 568 1523 636 θείοις
1565 569 1906 641 ἀντεξάγοιεν

2022 565 2252 636 ideoque
2279 561 2458 634 gladio
2486 569 2733 632 pereant,
2777 561 2822 617 si
2863 575 2958 632 per
3007 555 3426 615 inobedientiam
3457 570 3580 628 per-

344 659 521 730 νόμοις
551 660 609 714 τὸ
640 660 862 726 ἀπειθὲς
888 661 984 716 καὶ
1009 663 1310 734 δυσήκοονς

407 749 541 816 Πῶς
570 751 808 821 ἐγένετο
829 755 1024 822 πόρνη
1054 757 1234 820 πόλις
1262 754 1450 824 πιστὴ
1481 753 1654 821 Σιὼν,
1668 753 1911 823 πλήρης

341 843 592 910 κρίσεως
610 860 631 907 ,·
660 845 806 913 πρὶν
837 847 876 914 ἡ
904 845 1258 916 δικαιοσύνη
1303 845 1589 917 ἐκοιμήθη
1618 845 1689 901 ἐν
1711 844 1868 915 αὐτῇ
1892 886 1908 912 ,

341 933 454 986 νῦν
484 931 554 986 δὲ
580 936 887 1002 φονευται.

407 1021 836 1094 Καταθαυμάζει
885 1024 1087 1098 τρόπον
1135 1026 1259 1080 τινὰ
1309 1025 1412 1097 τῆς
1465 1026 1737 1081 ’ῐουδαίων
1786 1043 1911 1080 συν-

340 1111 562 1183 αγωγῆς
589 1112 687 1184 τὴν
706 1113 848 1168 οὕτω
881 1115 1107 1187 σαθρὰν,
1132 1117 1224 1170 καὶ
1252 1116 1353 1170 ούκ
1387 1119 1706 1188 εὐάφορμον
1741 1134 1910 1187 μετα-

2014 657 2388 726 vicaciamque
2419 653 2618 710 divinis
2649 653 2860 724 legibus
2883 644 3275 708 adversentur?

2083 745 2248 802 Vsus.
2290 745 2382 804 2|.
2418 744 2692 811 Quomodo
2733 741 2878 814 facta
2910 753 2989 798 ut
3033 744 3281 799 meretrix
3323 739 3472 810 Sion,
3511 744 3585 795 ci-

2013 837 2142 892 vitas
2170 836 2363 905 ﬁdelis,
2399 836 2551 905 plena
2570 835 2806 902 judicii?
2835 831 2900 888 In
2936 850 3038 902 qua
3076 835 3290 905 justitia
3320 831 3584 894 dormivit,

2011 929 2069 982 in
2092 945 2152 982 ea
2183 941 2319 981 nunc
2354 925 2651 981 homicidia.

2082 1015 2396 1072 Admiratur
2419 1015 2814 1087 quodammodo
2848 1013 3086 1069 Iudaicm
3114 1011 3412 1086 Syuagogze
3455 1011 3589 1068 adeo

2011 1109 2295 1164 ﬂaccidam
2357 1118 2412 1163 et
2470 1107 2732 1163 lubricam
2789 1103 3163 1171 mutationem,
3225 1107 3586 1158 mutationem

341 1201 522 1274 δολὴν,
551 1203 652 1274 τῆς
683 1204 768 1270 εἷς
802 1223 867 1276 γε
896 1207 966 1261 τὰ
999 1209 1186 1281 χείρω,
1218 1211 1394 1282 φημὶ,
1435 1211 1532 1264 καὶ
1559 1210 1658 1281 τὴν
1705 1211 1771 1264 ἐκ
1802 1209 1912 1263 τῶν

2022 1202 2136 1256 dico
2162 1207 2218 1255 et
2253 1197 2536 1255 transitum
2571 1201 2624 1254 in
2663 1198 2954 1266 deteriora,
2988 1209 3041 1253 et
3088 1212 3153 1252 ex
3191 1195 3504 1250 melioribus
3535 1196 3587 1249 in

341 1294 641 1363 ἀμεινόνων
667 1297 748 1360 είς
767 1299 836 1352 τὰ
869 1299 1064 1370 αἰσχίω
1101 1301 1455 1370 μετάστασιν.
1485 1303 1656 1374 Νόμῳ
1681 1302 1780 1374 μέν
1801 1305 1910 1376 γὰρ

2015 1297 2284 1367 turpiora.
2327 1294 2403 1348 Et
2477 1291 2640 1348 Mosi‘s
2684 1291 2948 1362 siquidem
3001 1291 3135 1361 lege,
3177 1288 3421 1342 notitiam
3472 1284 3587 1353 ejus

340 1384 418 1455 τῷ
447 1385 536 1440 διὰ
568 1387 817 1452 Μωσέως
857 1390 959 1461 τὴν
991 1392 1085 1445 τοῦ
1121 1395 1491 1465 συμφέροντος
1521 1395 1723 1464 γνῶσιν
1765 1397 1914 1449 ἐπαι-

2022 1391 2162 1458 quod
2186 1386 2316 1442 mile
2353 1395 2457 1452 est,
2497 1385 2792 1441 docebatur
2831 1399 2846 1437 :
2894 1391 3099 1437 etcum
3143 1380 3235 1435 Dei
3281 1387 3618 1435 sermonem.

335 1476 524 1531 δεύετο
545 1519 560 1543 ,
602 1480 696 1534 καὶ¹
725 1482 804 1544 είς
837 1481 1044 1537 ἕκαστα
1083 1483 1191 1537 τῶν
1238 1487 1529 1555 πρακτέων
1557 1486 1916 1558 διακομιστὴν

339 1566 571 1638 ἔχουσαν
602 1569 692 1624 τὸν
720 1570 816 1624 τοῦ
843 1571 980 1625 Θεοῦ
1010 1572 1190 1640 λόγον,
1231 1573 1462 1645 λαμπρὰ
1492 1577 1585 1628 καὶ
1613 1577 1914 1646 εὐδοκιμω-

341 1658 476 1728 τάτη
503 1698 518 1722 ,
549 1661 645 1714 καὶ
686 1661 1016 1730 ἀξιάγαστος
1042 1658 1110 1735 ῆν
1131 1705 1146 1731 ,
1181 1663 1456 1729 πλείστοις
1501 1667 1647 1731 ὅσοις
1691 1666 1918 1739 ἀνδράσι

342 1746 682 1822 διαπρεπὴς,
714 1748 795 1816 οἷς
823 1755 852 1806 ὁ
881 1754 978 1824 τῆς
1009 1754 1357 1824 δικαιοσύνης
1384 1757 1598 1827 καρπὸς
1641 1759 1916 1830 ἐπήνθησε

347 1838 645 1905 πλουσίως,
684 1842 776 1894 καὶ
811 1842 1138 1916 άξιόληπτος
1181 1837 1250 1915 ῆν
1283 1843 1362 1915 τῷ
1405 1845 1544 1916 Θεῷ.
1578 1841 1760 1900 Ἦσαν
1805 1848 1904 1917 μὲν

344 1929 454 2000 γὰρ
499 1930 559 1982 ἐν
591 1930 726 2002 αὐτῇ
759 1909 1037 2004 προφῆται
1085 1950 1146 1986 τε
1195 1909 1290 1986 καὶ
1321 1909 1508 2006 ίερεῖς,
1551 1936 1647 1990 καὶ
1673 1936 1786 1988 τῶν
1805 1909 1914 2008 ’τῆς
1949 1909 1987 1963 Β

341 2017 688 2090 δικαιοσύνης
726 2020 903 2090 ἔργων
936 2021 1225 2092 μελεδωνοὶ
1247 2064 1262 2087 ,
1305 2025 1398 2080 καὶ
1446 2025 1590 2080 λαῶν
1620 2026 1914 2098 ἡγούμενοι

341 2108 700 2176 φυλάττοντες
726 2110 924 2178 κρίσιν,
951 2113 1044 2166 καῖ
1075 2114 1237 2185 νόμον
1268 2114 1486 2188 ἔχοντες
1513 2117 1607 2171 ἐπὶ
1639 2116 1912 2188 γλώττης,

339 2198 434 2250 καὶ
478 2198 664 2269 τρόπῳ
706 2201 871 2253 παντὶ
907 2202 1125 2273 χρηστῷ
1157 2220 1216 2257 τε
1265 2206 1360 2259 καὶ
1390 2204 1582 2276 ἀγαθῷ
1617 2207 1912 2278 κατηγλαῖο

341 2287 553 2356 σμένοι.
603 2285 736 2343 Εἶτα
787 2291 897 2344 τῶν
944 2292 1201 2346 τοιούτων
1241 2295 1501 2349 ἁπάντων
1549 2298 1913 2370 ἐστερημένη,

343 2379 543 2449 μᾶλλον
581 2381 679 2451 τῆς
711 2383 942 2453 ἀρχαίας
975 2385 1190 2455 ἐκείνης
1223 2386 1527 2451 ἐπιεικείας
1557 2387 1771 2458 ἀλογεῖν
1795 2389 1915 2444 ἐλο-

342 2470 501 2541 μένη,
533 2472 628 2525 καὶ
667 2473 866 2545 θεμένη
905 2477 1035 2547 παρ’
1070 2477 1224 2530 οὐδὲν
1245 2477 1346 2548 τὴν
1378 2479 1458 2540 είς
1483 2477 1616 2532 Θεὸν
1642 2479 1799 2544 αἰδῶ,
1818 2482 1914 2534 καὶ

338 2563 617 2633 ἀγάπησιν
645 2564 750 2635 πρὸ
778 2567 878 2637 μὲν
897 2567 993 2638 τῆς
1016 2567 1110 2620 τοῦ
1140 2569 1401 2640 Σωτῆρος
1426 2569 1586 2640 ἡμῶν
1615 2572 1915 2642 ἐπιδημίας

341 2656 754 2728 προσκεκύνηκε
794 2661 904 2722 τοῖς
947 2659 1022 2730 μὴ
1061 2659 1220 2729 φύσει
1257 2661 1419 2723 θεοῖς,
1455 2661 1548 2714 τὸν
1589 2661 1685 2714 ἕνα
1730 2679 1791 2715 τε
1821 2664 1918 2716 καὶ

342 2746 561 2818 ἀληθῶς
597 2749 874 2819 Δεσπότην
898 2751 1016 2812 ταῖς
1065 2751 1145 2812 είς
1169 2749 1329 2802 τοῦτο
1365 2751 1644 2820 πορνείαις
1670 2751 1919 2815 ἐκτόπως

342 2837 791 2910 περιυϐρίζουσα.
822 2841 933 2894 Καὶ
960 2835 1050 2894 οἷά
1087 2857 1172 2905 τις
1198 2840 1519 2906 πολύκοινος
1561 2843 1654 2896 καὶ⁸
1690 2842 1917 2913 σεσοδηο

344 2928 480 2999 μένη
515 2929 651 2999 γυνὴ
685 2929 824 2983 κατὰ
873 2929 1100 2994 πολλοὺς
1128 2931 1365 3002 ἠσέϐησε
1400 2933 1656 3003 τρόπους.
1696 2931 1920 2986 Ἀλλοτοε

341 3016 525 3079 ἀλλοις
562 3019 935 3089 προσκειμένῃ
976 3021 1349 3091 καθηγηταῖς,
1403 3021 1541 3092 πρὸς
1589 3023 1697 3076 πᾶν
1740 3021 1920 3075 ὁτιοῦν

343 3109 451 3161 τῶν
498 3109 902 3189 ἀπηχθημένων
950 3112 1101 3184 παρὰ
1143 3111 1279 3165 Θεοῦ
1321 3112 1660 3184 διακομίζειν
1697 3113 1916 3168 εἰδόσιν.

2016 1479 2171 1549 quasi
2204 1472 2597 1532 internuntium
2631 1483 2684 1530 et
2715 1473 3054 1529 tabei‘larium
3086 1472 3331 1532 haberet,
3366 1470 3456 1539 qui
3481 1468 3595 1522 sin-

2016 1575 2142 1644 gula
2177 1583 2297 1642 quae
2327 1557 2534 1642 agenda
2565 1578 2691 1625 sunt
2736 1561 2966 1624 referret
3010 1563 3065 1623 et
3109 1567 3440 1637 deportaret.
3482 1561 3598 1614 illu-

2017 1665 2146 1718 suis
2176 1678 2240 1718 ac
2291 1653 2706 1733 spectatissima,
2760 1668 2816 1714 et
2861 1659 3220 1714 admiratione
3259 1656 3421 1723 digna
3475 1653 3593 1714 fuit,

2017 1760 2081 1810 ac
2135 1745 2464 1826 percéiebris
2528 1753 2666 1823 apud
2717 1750 3140 1821 quamplurimos
3201 1747 3483 1810 homines,
3543 1745 3595 1797 in

2016 1846 2211 1916 quibus
2253 1844 2476 1910 iustitia:
2532 1843 2739 1898 fructus
2783 1841 3062 1912 0pulenter
3111 1849 3165 1893 et
3213 1837 3416 1892 aliatiui
3452 1836 3598 1890 elllu.

2019 1937 2147 2002 ruit,
2178 1947 2402 2006 eratque
2438 1935 2546 1989 Deo
2580 1942 2821 2000 accepta.
2859 1929 3198 1986 Exstitcrunt
3252 1932 3396 1984 enim
3434 1929 3486 1982 iu
3534 1943 3594 1979 ea

2022 2027 2299 2098 propheta:
2324 2027 2742 2090 ac'sacerdotes,
2775 2031 2829 2078 et
2865 2025 2955 2091 qui
2999 2021 3226 2092 justitia:
3282 2020 3596 2073 muneribus

2017 2119 2413 2188 fungebantur:
2445 2115 2805 2170 nudtitudinis
2851 2126 3065 2184 quinque
3106 2110 3363 2182 pra-fecti,
3411 2109 3594 2177 iudicii

2018 2219 2233 2266 tenaces
2286 2219 2340 2265 et
2402 2211 2653 2265 custodes
2711 2207 2951 2273 fuerunt,
3005 2207 3284 2275 legemque
3319 2205 3372 2258 in
3416 2203 3594 2272 lingua

2017 2303 2340 2362 habuerunt,
2387 2300 2541 2356 bonis
2592 2300 3002 2370 commodisque
3063 2296 3304 2352 moribus
3344 2295 3596 2349 omnibus

2018 2393 2289 2448 honestati
2317 2402 2372 2447 et
2418 2391 2682 2447 exornati.
2726 2391 2807 2444 Ad
2847 2401 3152 2444 extremum
3206 2393 3342 2440 vero
3380 2385 3469 2440 his
3514 2393 3593 2439 tot

2018 2487 2084 2538 ac
2115 2485 2279 2538 rantis
2339 2483 2528 2547 bouis,
2583 2493 2639 2537 et
2692 2483 2912 2551 antiqua
2973 2481 3115 2536 adeo
3162 2477 3246 2533 iil'a
3303 2478 3594 2558 probitate,

2018 2575 2170 2644 quasi
2203 2575 2422 2634 orbata.
2458 2573 2858 2629 inconsiderate
2897 2573 3090 2627 maluit
3137 2569 3317 2642 agcr‘e,
3369 2566 3426 2623 et
3472 2568 3599 2624 reli-

2019 2669 2231 2735 gionem
2261 2681 2324 2721 ac
2353 2666 2706 2721 reverentiam
2735 2680 2864 2734 erga
2894 2665 3058 2720 Deum
3104 2679 3453 2733 amoremque
3499 2679 3597 2733 pro

2020 2753 2191 2812 nihilo
2213 2759 2361 2811 duxit
2391 2768 2555 2828 atque
2595 2757 2941 2828 contempsit.
2990 2745 3272 2824 Siquidem
3305 2758 3429 2810 ante
3474 2747 3599 2809 Ser-

2020 2847 2228 2902 vatoris
2290 2846 2458 2901 nostri
2519 2847 2832 2908 adventum,
2883 2846 3128 2900 adoravit
3193 2846 3331 2900 haud
3405 2855 3596 2898 natura

2020 2939 2194 2993 deos:
2229 2953 2394 2992 mnum
2430 2947 2610 2992 autem
2645 2947 2700 2993 et
2731 2952 2861 2992 vere
2905 2937 3187 2991 Dominum
3221 2936 3598 2991 fornicationi-

2022 3030 2128 3086 bns
2155 3020 2208 3084 in
2241 3029 2341 3084 hoc
2371 3029 2602 3100 repertis
2637 3029 2798 3098 impie
2834 3028 3057 3092 hederis,
3093 3037 3145 3083 et
3176 3039 3430 3097 tanquam
3476 3044 3599 3098 pro-

2020 3121 2207 3175 stituta
2253 3123 2519 3190 quaepiam
2583 3135 2646 3175 ac
2697 3121 2896 3175 lasciva
2943 3120 3136 3174 mulier
3190 3119 3372 3174 multis
3407 3119 3600 3173 variis-

344 3201 592 3253 Αίτιᾶται
623 3199 754 3268 γοῦν
807 3200 977 3272 αὐτὴν
1012 3200 1100 3256 διὰ
1143 3202 1328 3273 φωνῆς
1366 3203 1630 3275 Ἱερεμίου
1678 3205 1852 3273 λέγων
1889 3205 1918 3257 δ

2022 3225 2128 3280 que
2169 3213 2340 3266 modis
2375 3212 2537 3282 impia
2575 3205 2694 3276 fuit,
2737 3211 2872 3268 alias
2910 3203 3032 3266 aliis
3078 3205 3452 3267 adhtnrescens
3503 3212 3601 3266 do-
3635 3241 3644 3250 -

343 3287 452 3341 τῶν
475 3287 613 3342 ὅλων
635 3288 767 3353 Θεός
787 3304 800 3318 ’
831 3307 853 3344 ε
892 3290 998 3342 Ἴδε
1033 3290 1068 3345 ἃ
1097 3291 1319 3362 ἐποίησέ
1346 3309 1441 3364 μοι
1471 3294 1505 3364 ἡ
1546 3294 1797 3348 κατοικία
1821 3291 1917 3347 τοῦ

357 3382 596 3454 Ἰσραὴλ.
649 3384 990 3456 ἐπεπορεύθη
1041 3386 1134 3438 ἐπὶ
1199 3389 1308 3441 πᾶν
1359 3387 1484 3460 ὅρος
1537 3389 1764 3460 ύῷηλὸν,
1825 3391 1920 3446 καὶ

347 3475 605 3529 ὑποκάτω
652 3476 851 3540 παντὸς
893 3476 1051 3544 ξύλου
1100 3478 1395 3544 ἁλσὼδους,
1444 3482 1537 3535 καὶ
1593 3484 1919 3555 ἐπόρνευσεν

347 3569 479 3620 ἐκεῖ.
517 3587 536 3618 ι
573 3569 683 3622 Καὶ
720 3570 883 3622 πάλιν
925 3569 1003 3633 ὼς
1048 3571 1184 3642 πρὸς
1228 3571 1436 3644 αὐτὴν·
1482 3592 1502 3626 ι
1549 3575 1676 3628 Ἐὰν
1724 3575 1922 3640 ἐξαπο-

349 3658 543 3731 στέλλῃ
576 3659 712 3730 ἀνὴρ
741 3660 837 3732 τὴν
865 3663 1098 3730 γυναῖκα
1124 3663 1314 3729 αὐτοῦ,
1345 3665 1439 3718 καὶ
1479 3665 1790 3720 ἀπελθοῦσα
1817 3667 1916 3721 ἀπ’

347 3750 511 3803 αὑτοῦ
541 3751 765 3822 γένηται
793 3752 946 3824 ἀνδρὶ
977 3753 1166 3826 ἑτέρῳ,
1194 3755 1267 3826 μὴ
1301 3755 1759 3813 ἀνακαλύπτουσα
1786 3761 1919 3814 ava-

347 3838 578 3910 καλύψει
608 3840 741 3912 πρὸς
780 3841 944 3896 αὐτὸν
974 3843 1082 3908 ἔτι,
1117 3844 1178 3898 ού
1224 3847 1523 3919 μαινομένη
1563 3849 1920 3920 μιανθησεται

349 3932 486 4004 γυνὴ
521 3933 744 4004 ἐκείνη;
787 3934 970 3988 καὶσὺ
1001 3935 1396 4008 ἐξεπόρνευσας
1430 3941 1489 3992 ἐν
1527 3933 1751 4012 ποιμέσι
1791 3943 1916 3997 πολ,-

345 4026 478 4091 λοῖς,
499 4027 595 4080 καὶ
628 4027 997 4090 άνεκάλυπτες
1027 4028 1164 4099 πρός
1203 4046 1292 4100 με,
1320 4031 1468 4100 λέγει
1502 4030 1920 4107 Κύριος.Ἀρον

347 4120 476 4182 τοὺς
506 4118 812 4190 ὀφθαλμούς
851 4137 942 4174 σου
988 4123 1067 4184 είς
1108 4122 1347 4188 εὐθεῖαν,
1399 4126 1495 4179 καὶ
1539 4125 1635 4190 ίδε,
1678 4127 1782 4180 ποῦ
1821 4129 1920 4182 οὐκ

348 4209 675 4284 ἐξεφύρθης,
705 4213 796 4266 ἐπὶ
825 4215 945 4277 ταῖς
973 4214 1111 4277 ὁδοῖς
1141 4214 1400 4280 ὲκάθισας
1431 4217 1636 4284 αὐτοῖς,
1667 4218 1800 4272 ὡσεὶ
1827 4237 1918 4273 κο-

347 4300 495 4372 ρὼνη
526 4304 586 4355 ἐν
609 4304 801 4375 ἐρήμῳ
833 4305 989 4377 μόνῃ.
1026 4307 1135 4360 Καὶ
1171 4307 1402 4378 ἐμίανας
1439 4307 1536 4379 τὴν
1575 4312 1690 4381 γῆν
1711 4313 1769 4364 ἐν
1799 4315 1920 4377 ταῖς

346 4395 628 4464 πορνείαις
659 4413 770 4461 σου,
800 4397 895 4451 καὶ
932 4400 990 4451 ἐν
1036 4401 1156 4463 ταῖς
1189 4400 1408 4465 κακίαις
1457 4417 1572 4468 σου,
1620 4403 1716 4456 καὶ
1765 4402 1921 4474 ἔσχες

346 4485 612 4555 ποιμένας
646 4486 874 4551 πολλοὺς
902 4490 981 4552 εἰς
1002 4488 1334 4560 πρόσκομμα
1358 4492 1754 4563 σεαυτῇ.”οψις
1789 4494 1921 4565 πόρ-

2022 3301 2289 3364 oloribus.
2312 3302 2405 3372 qui
2430 3301 2497 3356 ad
2535 3303 2752 3372 quidvis
2811 3303 2919 3358 Deo
2965 3293 3195 3357 invisum
3244 3302 3604 3370 infestumque

2023 3391 2288 3447 adducere
2311 3403 2599 3448 noverant.
2645 3393 2880 3448 Accusat
2914 3393 3096 3463 itaque
3145 3394 3289 3447 illam
3341 3393 3605 3447 uidversi-

2023 3481 2150 3536 tatis
2200 3481 2339 3536 Deus
2381 3489 2512 3537 voce
2542 3475 2794 3537 Jer’emize
2834 3489 2856 3537 :'
2892 3491 2916 3534 ι’
2942 3483 3068 3537 Scis'
3120 3497 3240 3552 qua:
3298 3480 3428 3536 fecit
3472 3481 3601 3534 mibi

2022 3572 2212 3627 domus
2237 3572 2399 3627 Israel
2432 3589 2445 3627 :
2470 3574 2722 3628 abierunt
2748 3573 2817 3628 ad
2835 3589 3047 3628 omnem
3075 3583 3310 3629 montem
3331 3571 3600 3627 excelsum

2021 3673 2075 3718 et
2107 3663 2208 3719 sub
2243 3663 2390 3719 omni
2430 3655 2577 3733 ligno
2619 3661 2880 3720 frondoso
2925 3663 3149 3720 scortat'i
3200 3675 3327 3718 sunt
3361 3651 3428 3723 "1.
3475 3683 3493 3717 ι
3537 3661 3605 3719 Et

2025 3761 2209 3811 rursus
2241 3756 2392 3827 quasi
2421 3757 2488 3812 ad
2521 3757 2708 3812 illam:
2748 3776 2768 3810 ι
2806 3753 2864 3812 Si
2899 3757 3165 3812 dimiserit
3211 3759 3333 3827 quis
3378 3760 3600 3812 uxorem

2023 3850 2195 3911 Suam,
2213 3852 2386 3918 eaque
2410 3849 2670 3904 recedens
2695 3849 2897 3913 abillo,
2917 3837 3086 3903 nubat
3109 3849 3225 3902 viro
3246 3847 3421 3912 alteri,
3449 3864 3604 3902 num-

2021 3939 2148 4006 quid
2181 3948 2461 3995 revertens
2503 3945 2807 3996 revertetur
2839 3938 2948 4012 24
2984 3939 3060 3994 ad
3086 3939 3245 3994 eum?
3286 3953 3464 3994 nonne
3489 3938 3604 4008 pol-

2021 4029 2132 4083 luta
2160 4029 2430 4099 polluetur
2455 4037 2593 4087 utor
2623 4029 2750 4085 illa?
2786 4029 2852 4085 Et
2895 4041 2948 4086 tu
2985 4030 3250 4086 fornicata
3301 4041 3361 4085 es
3410 4029 3463 4084 in
3511 4044 3603 4098 pa.

2022 4120 2266 4176 sroribus
2297 4122 2500 4191 multis,
2531 4130 2586 4179 et
2618 4122 2982 4178 revertebaris
3008 4122 3072 4176 ad
3106 4129 3210 4187 me,
3249 4121 3381 4176 dicit
3411 4119 3598 4174 Domi-

2023 4221 2147 4270 nu‘s.
2178 4211 2377 4268 Attolle
2405 4213 2593 4270 oculos
2639 4222 2762 4268 tuos
2810 4213 2865 4269 in
2916 4224 3148 4279 rectum,
3208 4213 3268 4268 et'
3308 4213 3449 4277 vide,
3513 4211 3600 4266 ubi

2024 4317 2134 4358 non
2162 4315 2521 4374 conspurcata'
2541 4305 2637 4361 sis.
2670 4306 2726 4360 In
2749 4306 2850 4362 viis
2883 4303 3109 4362 sedebas
3140 4304 3242 4373 eis,
3283 4305 3438 4374 quasi
3483 4319 3604 4359 cor-

2021 4395 2112 4448 nix
2168 4394 2449 4464 solitaria;
2507 4397 2745 4466 polluisti
2821 4408 3018 4452 terram
3070 4397 3123 4452 in
3185 4396 3605 4452 scortationibus

2023 4487 2154 4550 tuis,
2179 4497 2233 4541 et
2272 4487 2325 4540 in
2354 4488 2554 4543 malitia
2590 4499 2703 4543 tua.
2735 4501 2756 4540 ι
2815 4489 3057 4545 habuisti
3103 4497 3351 4559 pastores
3411 4488 3606 4541 multos

344 4593 446 4645 νης
488 4577 703 4646 ἐγένετό
739 4595 852 4643 σοι,
896 4579 1443 4654 ἀπηνῃσχύνῘτ]ησας
1491 4584 1630 4656 πρὸς
1662 4585 1919 4649 πάντας.ι

2033 4579 2084 4632 in
2117 4577 2467 4635 offensionem
2489 4579 2585 4636 tibi
2616 4581 2739 4648 ipsi.
2770 4579 2962 4636 Facies
2993 4580 3300 4636 meretricis
3337 4577 3482 4633 facta
3522 4589 3606 4632 ρει

344 4671 827 4742 Καταφρονήσασα
868 4671 998 4743 γὰρ,
1043 4671 1121 4736 ὡς
1161 4672 1318 4744 ἔφην,
1363 4675 1465 4744 τῆς
1511 4676 1617 4730 ὑπὸ
1653 4676 1773 4748 Θεῷ
1804 4678 1926 4732 δου-

343 4758 519 4824 λείας,
549 4761 819 4832 ἐτράπετο
848 4761 984 4833 πρὸς
1012 4763 1312 4818 ἀπόστασιν
1329 4767 1557 4830 καὶτοῖς
1585 4767 1924 4842 ἀκαθάρτοις

344 4852 646 4923 πνεύμασι,
670 4855 763 4907 καὶ
788 4856 902 4919 τοῖς
924 4856 1032 4910 τῶν
1051 4856 1287 4910 εἰδώλων
1313 4858 1699 4929 θεραπευταῖς,
1720 4862 1919 4932 ἐχρῆτο

343 4945 576 5014 ποιμέσι
612 4947 707 5000 καὶ
737 4945 1098 5013 διδασκάλοις.
1133 4949 1244 5003 Καὶ
1275 4951 1436 5004 ταυτὶ
1478 4951 1577 5021 μὲν
1597 4991 1611 5016 ,
1645 4953 1722 5016 ὼς
1762 4952 1920 5024 ἔφην,

343 5036 457 5107 πρὸ
512 5034 613 5105 τῆς
661 5036 756 5090 τοῦ
799 5037 1058 5109 Σωτῆρος
1108 5038 1266 5109 ἡμῶν
1319 5039 1618 5110 ἐπιδημίας
1665 5040 1764 5110 τῆς
1817 5041 1923 5095 τῶν

355 5126 632 5181 Ἰουδαίων
655 5125 987 5198 Συναγωγῆς
1009 5127 1078 5182 τά
1102 5128 1440 5199 ἐγκλήματα.
1479 5129 1697 5202 Ἐπειδὴ
1727 5129 1785 5185 δὲ
1812 5133 1924 5195 τοῖς

342 5217 442 5271 ἐπὶ
493 5217 596 5288 τῆς
633 5217 738 5289 γῆς
789 5217 1106 5289 ἐπέλαμψεν
1153 5219 1183 5270 ὁ
1231 5217 1469 5289 Χριστὸς
1518 5217 1775 5288 (ὲπέφανε
1815 5219 1925 5292 γὰρ

339 5310 511 5379 ἡμῖν,
539 5310 683 5363 κατὰ
706 5309 766 5362 τὸ
789 5309 1193 5380 γεγραμμένον,
1215 5308 1345 5372 Θεὸς
1374 5309 1623 5380 Κύριος),
1652 5310 1751 5362 ούκ
1775 5308 1926 5382 αὐτῷ

345 5398 559 5473 μᾶλλον
589 5403 789 5476 ἐχρῆτο
821 5403 1124 5474 παιδευτῇ·
1151 5403 1414 5473 τετίμηκε
1458 5402 1514 5455 δὲ
1557 5403 1925 5469 διδασκαλίας,

339 5492 663 5563 ἐντάλματα
711 5493 1049 5566 ἀνθρώπων
1086 5495 1180 5548 καὶ
1225 5495 1315 5548 τὸν
1349 5494 1512 5548 καλὸν
1555 5495 1755 5566 ἀφεῖσα
1810 5511 1930 5548 ποι-

415 5673 464 5705 ⁹⁹
498 5669 699 5727 J'erem.
742 5687 827 5732 Ill.
853 5670 904 5726 6.
981 5671 1028 5707 ⁸ο
1049 5670 1178 5726 ibid.
1220 5671 1268 5733 l,
1295 5671 1350 5738 2,
1383 5669 1437 5724 5.

420 5809 504 5875 (Ι)
543 5805 848 5872 lluml'red.,
871 5807 1091 5860 materia
1110 5817 1157 5859 et
1189 5823 1316 5869 opus
1346 5806 1476 5875 ﬁunt
1503 5805 1688 5875 gladii.
1711 5803 1918 5875 Tritum

342 5873 494 5949 apud
526 5877 745 5934 Grazcos
787 5876 1039 5947 loquendi
1090 5891 1277 5944 genus.
1321 5873 1527 5930 lleliod.
1568 5877 1658 5929 ιιι).
1692 5891 1732 5940 ι,
1761 5873 1921 5941 ἔργον

2028 4671 2144 4737 tibi,
2179 4671 2296 4726 sine
2323 4670 2520 4725 rubore
2575 4669 2714 4726 facta
2757 4686 2817 4726 es
2848 4672 2914 4724 ad
2949 4685 3137 4726 omnes
3180 4667 3248 4726 “.
3301 4688 3320 4720 ι
3363 4669 3598 4732 Etenim,

2027 4763 2104 4818 uti
2135 4761 2400 4828 dixeram,
2441 4761 2647 4816 cultum
2701 4762 2941 4816 divinum
2997 4765 3304 4831 aspernata,
3353 4760 3406 4815 in
3472 4773 3600 4829 upo-

2027 4853 2256 4909 st‘asiam
2284 4867 2546 4908 conversa
2572 4861 2655 4908 est
2703 4869 2718 4906 :
2749 4857 2819 4906 ae‘
2844 4851 3154 4923 pastoribus
3187 4849 3604 4917 doetoriimsque

2031 4959 2130 5001 usa
2156 4955 2260 5011 est,
2296 4943 2525 5014 imparis
2574 4942 2855 5015 spiritibus
2887 4951 2943 4998 et
2983 4941 3250 4997 idolorum
3290 4940 3604 4996 cultoribus.

2032 5037 2174 5100 Haec.
2209 5038 2282 5091 ita
2301 5045 2359 5091 ut
2382 5035 2515 5102 dixi,
2540 5035 2758 5090 ruerunt
2781 5044 2908 5089 ante
2955 5032 3267 5088 Servatoris
3311 5031 3601 5086 adventura

2029 5127 2268 5185 iudaice
2301 5126 2598 5198 Synagogaa
2629 5125 2858 5181 scelera.
2886 5121 3178 5193 Postquam
3207 5133 3337 5178 vero
3359 5123 3412 5176 in
3447 5123 3608 5178 terris

2032 5215 2282 5276 Christus
2301 5214 2517 5282 effulsit,
2542 5215 2791 5286 apparuit
2815 5214 2958 5271 enim
2986 5213 3141 5270 nobis
3159 5213 3298 5270 Deus
3319 5211 3606 5278 Dominus,

2033 5324 2094 5367 ut
2128 5296 2390 5382 scriptum
2425 5317 2528 5374 est,
2569 5324 2676 5363 non
2722 5306 2872 5362 illum
2905 5301 3150 5362 adhibuit
3195 5317 3604 5378 praeceptorem,

2035 5401 2139 5455 sed"
2157 5398 2324 5454 coluit
2346 5397 2525 5467 potius
2560 5395 2856 5460 doctrinas,
2895 5396 3144 5450 mandata
3189 5395 3502 5460 hominum;
3548 5410 3611 5446 ac

2035 5493 2174 5548 bono
2198 5500 2416 5563 pastore
2443 5489 2747 5561 repudiato,
2778 5488 2870 5560 qui
2895 5489 2962 5544 ad
2985 5488 3165 5544 omnia
3198 5485 3609 5559 praeclarissima

2030 5803 2282 5872 γενέσθαι
2313 5801 2568 5874 πολέμου·
2602 5801 2819 5873 Syues.,
2858 5800 3020 5873 ἔργον
3050 5798 3298 5869 γενέσθαι
3343 5797 3612 5868 συκοφάν-

2031 5890 2146 5928 του.
