4178 6504
573 374 637 430 3i
1600 370 1658 425 S.
1701 369 1974 426 CYRILLI
2015 370 2483 425 ALEXANDRINI
2521 369 2843 427 ARCIIIEP.
3769 361 3839 416 59

576 486 828 542 instituta
878 485 1173 556 perducere
1224 494 1468 551 noverat,
1518 485 1726 543 Scribis
1767 499 1820 543 et
1860 487 2149 544 Pharisaeis

2261 491 2415 561 μένα,
2452 490 2542 544 τὸν
2574 490 2656 553 εἰς
2701 489 2810 541 πᾶν
2841 482 3017 540 ὁτιοῦν
3055 482 3164 536 τῶν
3199 483 3435 547 ἀρίστων
3481 476 3839 547 ἀποκομίζειν

578 576 912 648 agglutinata
945 586 1049 641 est,
1081 584 1136 630 et
1167 574 1407 632 addicta.
1454 574 1611 631 Hunc
1641 578 1707 632 ad
1750 578 1966 632 modum
2004 594 2154 633 scor-

578 677 685 723 tuta
711 676 813 733 est,
841 667 1054 721 etiamsi
1085 665 1168 720 lex
1209 675 1263 722 et
1290 666 1567 736 propheta:
1597 666 1797 722 Christi
1839 670 2152 739 mysterium

575 757 623 810 ei
651 756 1027 827 praedicerent,
1058 764 1114 809 et
1135 754 1312 826 ipsum
1342 754 1653 810 adfuturum
1685 757 1973 827 aliquando
2014 774 2151 828 pra:-

577 847 910 900 nuntiarent.
944 864 962 895 ι
999 843 1279 910 Quomodo
1303 844 1484 914 igitur,
1521 864 1540 896 ›
1582 846 1779 914 inquit,
1813 864 1831 897 ι
1882 846 2021 900 facta
2072 855 2156 901 est

576 937 835 990 meretrix
872 936 1068 990 civitas
1101 935 1274 989 ﬁdelis
1305 934 1456 1001 Sion,
1488 936 1643 1005 plena
1684 936 1925 1005 judicio?
1965 955 1984 989 ι
2020 936 2148 991 Per-

576 1025 699 1079 inde
743 1036 829 1080 est
854 1040 919 1080 ac
946 1026 991 1080 si
1028 1026 1232 1080 diceret
1266 1044 1279 1081 :
1317 1025 1447 1091 Quae
1503 1035 1585 1082 tot
1625 1028 1693 1082 ad
1741 1028 2149 1099 intelligendum

578 1116 897 1172 occasiones
958 1117 1190 1187 accepit,
1255 1116 1364 1171 imo
1418 1132 1549 1173 vero
1609 1133 1728 1187 quas
1783 1119 2155 1190 spiritualibus

575 1205 900 1275 adiumentis
958 1208 1284 1271 abundavit.
1328 1209 1383 1265 in
1420 1209 1778 1266 defectionem
1834 1221 1889 1267 et
1937 1224 2155 1281 aposta-

577 1300 712 1354 siam
741 1299 985 1364 deﬂuxit,
1005 1301 1132 1355 olim
1169 1301 1344 1358 ﬁdelis
1379 1312 1435 1358 et
1477 1302 1703 1372 iustitia!
1735 1304 2050 1373 operatrix?
2099 1304 2152 1360 In

578 1405 685 1460 qua
734 1390 946 1459 justitia
982 1393 1268 1459 habitavit,
1296 1395 1401 1450 hoc
1433 1403 1533 1460 est,
1570 1395 1653 1449 lex
1686 1396 1994 1466 conquievit
2031 1396 2154 1468 (do-

582 1472 842 1537 micilium
889 1484 1033 1538 enim
1094 1486 1363 1555 quoddam
1414 1486 1531 1556 ejus
1578 1486 1700 1552 fuit,
1754 1488 1839 1543 his
1874 1487 2156 1544 elementis

581 1573 770 1640 primis
811 1575 1018 1629 erudita
1062 1576 1395 1644 multitudo),
1438 1593 1582 1633 nunc
1608 1577 1662 1632 in
1701 1592 1765 1633 ea
1810 1578 2155 1633 diversantur

580 1664 899 1721 homicidae?
935 1667 1177 1722 Audisne
1208 1683 1352 1730 eum,
1380 1669 1601 1739 reliquis
1634 1669 1888 1725 omnibus
1927 1680 2153 1741 praeter-

2258 580 2454 645 εἰδότα,
2495 573 2900 649 προσεκολλήθη
2930 575 3041 637 τοῖς
3080 569 3399 642 ἀρχιερεῦσι
3441 567 3535 621 καὶ
3579 567 3841 636 Γραμμασ

2257 671 2453 734 ταίοις,
2484 670 2578 723 καί
2610 668 2717 739 μὴν
2741 666 2799 721 δὲ
2831 666 2926 718 κοιλ⁵
2951 662 3287 734 Φαρισαίοις.
3307 659 3749 728 Ἐκπεπόρνευκε
3782 657 3837 709 δὲ

2257 759 2398 813 κατά
2428 759 2615 813 τοῦτον
2648 758 2739 810 τὸν
2767 756 2989 827 τρόπον.
3024 752 3216 806 Καίτοι
3249 751 3343 803 καὶ
3376 749 3538 819 νόμον
3569 747 3662 801 καὶ
3696 763 3831 814 προ-

2259 852 2442 922 φητῶν
2476 845 3042 921 προανακεκραγότων
3074 844 3210 914 αὐτῇ
3250 842 3313 895 τὸ
3352 838 3588 912 Χριστοῦ
3622 837 3833 908 μυστή-

2259 962 2396 1016 ριον,
2430 944 2525 997 καὶ
2558 944 2639 995 ὅτι
2674 940 2947 1012 παρέσται
2993 937 3135 992 κατά
3181 937 3406 1006 καιροὺς
3453 929 3835 1003 προαπηγγελ-

2257 1036 2453 1089 κότων.
2488 1053 2505 1085 ι
2540 1034 2666 1098 Πῶς
2688 1029 2780 1087 οὖν
2816 1033 3054 1101 ἐγένετο,
3077 1029 3234 1100 φησί,
3268 1028 3443 1098 πόρνη
3478 1025 3634 1087 πόλις
3669 1019 3833 1091 πιστὴ

2257 1125 2396 1179 Σιὼν
2429 1125 2643 1196 πλήρης
2684 1125 2954 1197 κρίσεως;
2992 1142 3008 1174 ι
3051 1124 3276 1193 Ὅμοιον
3302 1118 3434 1172 ὼσεί
3458 1116 3634 1184 λέγοιο
3670 1113 3834 1174 Ποίας

2256 1218 2497 1272 λαϐοῦσα
2545 1218 2645 1281 τάς
2695 1216 2790 1270 τοῦ
2837 1218 3014 1271 νοσεῖν
3062 1212 3354 1283 ἀφορμὰς,
3404 1209 3604 1281 μᾶλλον
3630 1206 3687 1260 δὲ
3718 1204 3835 1267 πῶς

2257 1309 2565 1379 ἀνάμεστος
2590 1302 2724 1361 οὖσα
2766 1304 3158 1377 πνευματικῶν
3196 1299 3660 1372 ὲπικουρημάτων
3701 1312 3833 1350 κατ-

2256 1398 2484 1455 ῶλισθεν
2525 1400 2603 1461 εἰς
2636 1398 2937 1451 ἀπόστασιν
2971 1397 3004 1465 ὴ
3029 1394 3196 1447 πάλαι
3228 1391 3394 1463 πιστὴ
3425 1390 3521 1450 καὶ
3556 1383 3834 1440 δικαιοσύ-

2256 1508 2355 1561 νης
2385 1490 2642 1562 ἐργάτις,
2693 1482 2814 1562 ὲνῇ
2864 1486 3160 1541 κατέλυσεν
3202 1485 3236 1554 ἠ
3287 1479 3635 1549 δικαιοσύνη,
3686 1475 3833 1530 τοῦτ’

2256 1582 2425 1646 ἔστιν,
2467 1579 2817 1635 ἀνεπαύσατο
2858 1578 3053 1649 νόμος;
3090 1573 3238 1636 οἰκος
3267 1574 3376 1644 γάρ
3406 1571 3595 1641 ὥσπερ
3622 1586 3705 1632 τις
3731 1568 3833 1622 αύ-

2253 1671 2349 1727 τοῦ
2380 1672 2604 1742 γέγονεν
2643 1673 2677 1739 ὴ
2712 1669 2824 1723 τῶν
2871 1663 3409 1735 παιδαγωγουμένων
3448 1662 3691 1733 πληθὺς,
3737 1657 3832 1712 νῦν

580 1757 779 1824 missis,
811 1758 1081 1812 actionem
1114 1760 1275 1814 caedis
1314 1760 1420 1815 illis
1454 1762 1760 1816 intentare?
1798 1763 2153 1819 Attraxerunt

2261 1764 2315 1817 δὲ
2342 1762 2745 1817 καταλελύκασι
2781 1757 3058 1828 φονευταί.
3105 1755 3349 1819 Ἀκούεις
3374 1755 3457 1808 ὅτι
3490 1752 3671 1806 πάντα
3692 1766 3833 1821 παρ’

577 1862 810 1917 rmmque
840 1848 894 1901 in
946 1858 1109 1918 caput
1142 1865 1298 1905 suum
1348 1854 1647 1921 pretiosum
1690 1852 1892 1909 Christi
1936 1855 2153 1926 sangui-

2261 1855 2337 1918 εὶς
2361 1855 2430 1908 τά
2452 1854 2617 1924 ἕτερα
2641 1854 2741 1923 τὴν
2782 1848 3093 1923 μιαιφονίαν
3123 1848 3306 1911 αὐτοῖς
3326 1844 3583 1915 έγκαλεϊ;
3612 1845 3830 1912 Κατην-

582 1950 731 2000 nem,
763 1952 884 1990 cum
918 1935 1093 2011 Pilato
1136 1939 1423 1995 dicerent:
1472 1959 1492 1993 ι
1553 1940 1783 2012 Sanguis
1832 1944 1952 2014 ejus
1993 1961 2155 2016 super

2261 1948 2489 2020 τλήκασι
2534 1947 2644 2017 γάρ
2688 1945 2789 2014 τῆς
2839 1941 3047 1997 ἑαυτῶν
3081 1939 3323 2010 κεφαλῆς
3362 1938 3422 1991 τὸ
3464 1937 3643 2007 τίμιον
3692 1928 3830 2005 αἷμα

579 2045 679 2083 nos
739 2040 789 2083 et
832 2046 994 2099 super
1030 2030 1173 2087 ﬁlios
1208 2043 1425 2088 nostros
1475 2035 1540 2090 “.
1588 2055 1607 2088 ι
1648 2036 1786 2104 Quin
1834 2048 1889 2093 et
1935 2049 2153 2096 sanctos

2261 2038 2529 2112 Χριστοῦ,
2582 2036 2799 2107 Πιλάτῳ
2852 2035 3132 2103 λέγοντες·
3171 2050 3190 2082 ι
3223 2031 3297 2083 Τὸ
3344 2024 3487 2099 αἷμα
3534 2024 3699 2082 αὑτοῦ
3746 2026 3828 2092 ἐφ’

577 2126 870 2194 prophetas
889 2123 1259 2193 sustulerunt;
1295 2126 1345 2181 id
1370 2128 1511 2197 quod
1553 2128 1662 2184 illis
1699 2130 1886 2187 beatus
1927 2131 2156 2201 Stepha-

2261 2133 2407 2203 ἡμᾶς
2450 2130 2546 2184 καὶ
2587 2128 2679 2183 ἐπὶ
2703 2126 2773 2181 τά
2811 2126 2978 2180 τέκνα
3003 2123 3184 2195 ἡμῶν.
3223 2140 3241 2174 ι
3285 2120 3624 2191 Ἀνῃρήκασι
3649 2117 3706 2171 δὲ
3738 2116 3833 2168 καὶ

579 2228 682 2267 nus
715 2212 911 2281 ohjecit
947 2233 961 2269 :
1003 2233 1020 2265 ι
1067 2215 1204 2270 Dura
1240 2218 1455 2273 cervice
1483 2228 1536 2273 et
1561 2220 1824 2275 increduli
1856 2224 2037 2287 corde,
2059 2239 2154 2280 vos

2261 2223 2543 2295 προφήτας
2573 2220 2759 2288 ἁγίους
2779 2233 2793 2248 ⁸
2826 2218 2921 2270 καὶ
2944 2214 3103 2267 τοῦτο
3127 2213 3313 2275 αὐτοῖς
3344 2213 3372 2264 ὁ
3400 2209 3671 2282 μακάριος
3704 2206 3833 2260 Στέ-

577 2320 791 2374 semper
821 2305 1047 2376 Spiritui
1084 2318 1274 2363 sancto
1305 2310 1576 2366 resistitis.
1607 2312 1777 2377 Quem
1811 2330 1841 2369 e
1877 2318 2155 2386 prophetis

2261 2332 2425 2385 φανος
2463 2312 2731 2375 ὠνείδισε,
2758 2309 2933 2377 λέγων
2954 2324 2968 2339 ·
2999 2325 3018 2357 ι
3043 2302 3521 2375 Σκληροτράχηλοι
3549 2300 3645 2353 καὶ
3674 2299 3832 2353 ἀπει-

578 2410 685 2450 non
716 2395 1106 2454 interfecerunt
1127 2410 1306 2470 patres
1335 2404 1535 2459 vestri?
1561 2402 1627 2459 Ut
1651 2414 1830 2476 patres
1862 2408 2049 2474 vestri,
2081 2411 2152 2465 ita

577 2493 634 2541 et
660 2500 756 2544 vos
783 2486 852 2545 ⁸³.
896 2506 918 2543 ι

648 2662 819 2720 Vens.
840 2666 937 2732 22,
968 2666 1059 2722 23.
1097 2668 1382 2738 Argentum
1409 2681 1630 2726 vestrum
1660 2675 1959 2741 reprobmn.
2009 2675 2154 2732 Ceu-

576 2772 737 2823 pones
762 2757 840 2810 tui
873 2759 1087 2812 miscent
1117 2761 1293 2814 vinum
1327 2778 1490 2831 aqua,
1535 2764 1800 2833 principes
1852 2766 1930 2820 tui
1979 2767 2156 2822 inobe-

582 2848 783 2902 dientes
807 2857 949 2916 sunt,
983 2852 1114 2905 socii
1147 2852 1348 2922 furum,
1378 2853 1485 2924 25
1515 2854 1787 2926 diligentes
1809 2874 2049 2926 munera,
2069 2876 2154 2915 se-

577 2945 789 3005 quentes
842 2940 1269 3006 retributionem,
1321 2944 1537 3013 pupillis
1583 2962 1687 3001 non
1732 2947 2058 3016 judicantes,
2106 2962 2155 3006 et

572 3028 778 3097 judicio
812 3029 984 3084 uidisse
1012 3047 1114 3085 non
1145 3034 1490 3090 attendentes.

2257 2408 2371 2467 θεὶς
2403 2408 2469 2477 τῇ
2517 2403 2749 2475 καρδίᾳ,
2800 2401 2958 2470 ὑμεῖς
2992 2398 3079 2451 ἀεὶ
3135 2396 3215 2466 τῷ
3260 2392 3543 2463 Πνεύματι
3579 2388 3657 2459 τῷ
3688 2386 3833 2455 ἀγίῳ

2256 2497 2634 2553 ἀντιπίπτετε.
2666 2491 2800 2546 Τίνα
2830 2489 2936 2543 τῶν
2964 2486 3256 2560 προφητῶν
3280 2484 3381 2537 ούκ
3418 2481 3745 2536 ἀπέκτειναν
3778 2477 3828 2529 οἰ

2256 2589 2495 2657 πατέρες
2514 2584 2712 2657 ’ὑμῶνς
2752 2583 2842 2646 Ὣς
2875 2581 2926 2635 οἰ
2954 2580 3191 2652 πατέρες
3219 2576 3371 2648 ὑμῶν
3398 2575 3492 2630 καὶ
3522 2575 3701 2645 ὑμεῖς.
3740 2590 3759 2623 ι

2334 2678 2406 2735 Τὸ
2441 2678 2726 2748 ἀργύριον
2750 2671 2917 2743 ὑμῶν
2962 2670 3269 2739 ἀδόκιμον.
3316 2669 3381 2719 οι
3414 2662 3678 2732 κάπηλοι
3714 2676 3829 2715 σου

2252 2775 2548 2845 planum
2614 2768 2723 2822 τὸν
2770 2761 2940 2820 οἶνον
2980 2762 3153 2817 ὕδατι
3177 2800 3192 2826 ,
3253 2761 3308 2813 οἰ
3360 2754 3661 2845 ἄρχοντές,
3697 2769 3826 2845 γσου

2257 2844 2595 2925 ἀπειθοῦσι,
2635 2856 2909 2914 κοινωνοὶ
2940 2850 3236 2916 κλεπτῶν,
3260 2848 3606 2920 ἀγαπῶντες
3642 2844 3831 2912 δῶρα,

2258 2955 2574 3019 διώκοντες
2601 2947 2989 3016 ἀνταπόδομα
3013 2984 3028 3010 ,
3061 2942 3345 3013 ὀρφανοῖς
3388 2942 3460 2995 οὐ
3501 2938 3832 3009 κρίνοντες,

2260 3046 2358 3102 καὶ
2386 3046 2582 3113 κρίσει
2617 3040 2810 3112 χήρας
2835 3041 2907 3093 οὐ
2936 3036 3368 3106 προσέχοντες.

650 3120 859 3177 Causas
883 3122 1197 3179 mutationis
1223 3125 1274 3179 in
1299 3126 1537 3182 deterius
1571 3127 1730 3197 plane
1772 3141 2056 3187 enumerat
2087 3148 2151 3188 ac

2330 3139 2446 3210 Τῆς
2478 3136 2571 3191 ἐπὶ
2615 3136 2685 3189 τὰ
2728 3133 2898 3207 χείρω
2938 3129 3242 3202 μεταϐολῆς
3276 3128 3375 3191 τὰς
3422 3126 3601 3189 αἰτίας
3644 3125 3838 3230 ἀπαρι-

528 3196 541 3208 ’
582 3211 863 3281 perspicue
896 3229 911 3267 :
953 3220 1008 3267 et
1045 3216 1496 3283 quemadmodum
1557 3196 1871 3289 potissimus
1914 3224 2155 3283 medicus

586 3304 852 3374 quispiam
904 3307 1124 3375 aegrotis
1162 3307 1336 3361 morbi
1377 3309 1693 3366 occasiones
1738 3314 1935 3383 aperit,
1987 3316 2064 3371 sic
2107 3327 2162 3371 et

585 3396 674 3453 ille
697 3397 921 3467 cupiens
956 3416 974 3451 ι
1012 3413 1202 3454 omnes
1242 3399 1490 3456 homines
1519 3402 1698 3458 salvos
1729 3403 1869 3471 ﬁeri,
1897 3415 2061 3475 atque
2091 3407 2160 3461 ad

584 3488 916 3560 agnitionem
947 3489 1195 3546 veritatis
1224 3492 1510 3561 pervenire
1534 3493 1599 3558 ⁸³,
1637 3512 1656 3547 ι
1691 3494 1776 3550 his
1808 3496 1901 3567 qui
1940 3511 2008 3552 ex
2054 3497 2161 3553 im-

584 3580 779 3650 peritia
828 3581 898 3636 ab
933 3581 1162 3638 honesm
1208 3584 1514 3655 decoroque
1560 3584 1918 3657 deﬂexerunt,
1966 3605 2163 3646 causas

584 3671 934 3727 aliiictionum
979 3681 1035 3729 et
1070 3672 1387 3729 delictorum
1426 3677 1672 3747 exponit.
1732 3696 1752 3731 ι
1789 3678 2099 3750 Reprobum
2136 3699 2156 3734 ι

585 3765 756 3830 enim,
800 3765 993 3836 inquit,
1031 3774 1115 3822 est
1151 3785 1171 3819 ι
1205 3780 1487 3838 argentum
1520 3779 1786 3825 vestrum.
1816 3791 1835 3825 ι
1863 3772 2162 3844 Argentum

583 3865 744 3914 vocat
770 3860 1081 3928 reprobum,
1114 3869 1407 3930 prmeepta,
1437 3876 1557 3932 quae
1589 3864 1730 3933 apud
1762 3864 1907 3934 ipsos
1934 3864 2165 3921 inoleve-

586 3962 733 4015 runt,
759 3966 865 4007 non
896 3951 1129 4022 ingenua
1176 3961 1268 4009 aut
1315 3954 1579 4023 liberalia,
1635 3956 1729 4011 sed
1781 3957 1928 4013 omni
1982 3958 2165 4028 potius

585 4040 947 4098 detestatione
989 4042 1213 4109 referta,
1252 4059 1319 4100 ac
1362 4059 1481 4114 qua:
1504 4049 1715 4114 obesse,
1750 4062 1855 4102 non
1906 4050 2164 4119 prodesse

583 4131 924 4189 auditoribus
967 4143 1238 4203 poterant.
1283 4134 1434 4191 Solet
1474 4135 1729 4191 nimirum
1770 4136 2048 4207 Scriptura
2081 4138 2165 4194 di-

585 4224 790 4279 vinitus
827 4225 1089 4295 aspirata,
1137 4226 1488 4282 eatecbeseos
1529 4241 1831 4291 sermones,
1875 4228 1968 4298 qui
2021 4231 2160 4299 apud

585 4317 840 4387 populum
889 4318 1162 4372 subditum
1192 4318 1486 4382 habentur,
1531 4329 1812 4389 argentum
1862 4320 2158 4391 appellare.

589 4406 656 4464 Et
678 4425 807 4465 sane
839 4411 1099 4466 Dominus
1130 4420 1314 4467 noster
1343 4409 1499 4467 Jesus
1528 4411 1780 4467 Christus
1830 4412 2009 4468 simile
2041 4428 2161 4470 esse

2262 3233 2482 3305 θμεῖται
2513 3225 2723 3296 σαφῶς.
2756 3223 2867 3278 Kal.
2904 3222 3093 3292 ὥσπερ
3137 3236 3220 3282 τις
3259 3218 3371 3293 τῶν
3402 3214 3838 3286 εὐτεχνεστάτων

2264 3322 2465 3395 ἰατρῶν
2516 3321 2634 3381 τοῖς
2690 3313 3077 3387 ὴρῤωστηκόσι
3137 3311 3285 3379 λέγει
3342 3309 3443 3372 τάς
3510 3305 3607 3359 τοῦ
3662 3306 3839 3359 νοσεῖν

2262 3414 2539 3487 ἀφορμὰς,
2588 3410 2731 3465 οὓτω
2765 3409 2862 3463 καὶ
2890 3407 3053 3471 αὐτὸς
3076 3407 3124 3458 ’ὁ
3166 3405 3374 3464 πάντας
3400 3398 3718 3487 ἀνθρώπους
3750 3396 3839 3447 θέ-

2260 3486 2385 3561 λων
2418 3504 2692 3574 σωθῆναι,
2741 3499 2835 3553 καὶ
2863 3499 2943 3562 εἰς
2990 3496 3286 3563 ἐπίγνωσιν
3333 3489 3589 3560 ἀληθείας
3636 3486 3837 3548 ἐλθεῖν,

2260 3601 2374 3662 τοῖς
2410 3596 2470 3664 ἐξ
2512 3593 2754 3665 ἀμαθίας
2798 3587 3181 3662 ὴρῥωστηκόσι
3227 3583 3321 3638 τοῦ
3373 3580 3677 3654 πρέποντος
3724 3577 3839 3628 δια-

2260 3691 2448 3763 τρανοῖ
2478 3687 2577 3750 τὰς
2628 3684 2805 3748 αἰτίας
2837 3682 2946 3735 τῶν
2979 3682 3037 3735 ὲν
3068 3679 3251 3741 αὐτοῖς
3301 3674 3490 3729 παθῶν
3521 3672 3615 3763 και
3655 3669 3838 3763 πλημ-

2266 3761 2613 3854 μελημάτων.
2656 3795 2674 3828 ι
2726 3774 3009 3844 ’Δδόκιμον
3050 3770 3159 3841 γὰρ
3201 3768 3262 3822 τὸ
3291 3764 3553 3839 ἀργύριον
3598 3761 3832 3854 ύμῶνὶι

2265 3851 2418 3944 φησί.
2475 3869 2588 3923 Καὶ
2642 3864 2906 3939 ἀργύριον
2959 3863 3057 3935 μὲν
3102 3861 3361 3931 ἀδόκιμον
3417 3851 3677 3926 ὀνομάζει
3729 3851 3839 3944 τῶν

2266 3940 2395 4035 παρ’
2437 3962 2619 4023 αὐτοῖς
2652 3955 2993 4013 διδασκάλων
3028 3955 3120 4007 τὸν
3147 3952 3249 4005 οὐκ
3285 3951 3484 4018 εὐφυᾶ,
3536 3943 3735 4017 μᾶλλον
3781 3940 3839 4035 δὲ

2264 4032 2359 4109 καί
2385 4052 2666 4125 βδελυρίας
2709 4049 2929 4119 ἀπάσης
2970 4045 3265 4117 ὲπίμεστον
3296 4041 3486 4110 λόγον·
3519 4037 3614 4091 καὶ
3657 4032 3841 4100 ἀδικῆ-

2268 4165 2357 4202 σαι
2402 4144 2601 4217 μᾶλλον
2642 4144 2788 4215 ῆπερ
2826 4139 3018 4210 ὀνῆσαι
3066 4135 3359 4205 δυνάμενον
3399 4133 3526 4195 τοὺς
3560 4125 3840 4199 ἀκροωμὲ-

2265 4236 2769 4302 νους.Κατείθισται
2798 4231 2855 4285 δέ
2885 4247 3003 4293 πως
3030 4229 3064 4300 ή
3095 4225 3456 4286 θεόπνευστος
3485 4218 3679 4292 Γραφὴ
3710 4221 3838 4279 τοὺς

2263 4332 2365 4403 τῆς
2390 4329 2742 4400 κατηχήσεως
2774 4324 2987 4392 λόγους,
3030 4321 3123 4386 οὒς
3166 4320 3233 4375 ἂν
3275 4313 3512 4370 ποιοῖντό
3554 4328 3698 4375 τινες
3716 4312 3839 4403 τοῖς

2263 4401 2369 4478 ὑπὸ
2402 4424 2561 4493 χεῖρά
2607 4419 2757 4479 λαοῖς
2803 4413 3068 4483 ἀργύριον
3117 4407 3435 4465 ἀποκαλεῖν.
3486 4404 3598 4459 Καὶ
3640 4401 3841 4493 γοῦν-ὁ

586 4502 719 4556 dicit
741 4502 789 4534 “
823 4517 1051 4573 regnum
1097 4504 1358 4559 caelorum
1405 4504 1606 4558 homini
1639 4505 2035 4573 patrifamilias,
2068 4506 2157 4578 qui

2268 4490 2471 4583 Κύριος
2492 4490 2659 4578 ήὴμῶν
2695 4502 2902 4573 Ἰησοῦς
2928 4503 2956 4554 ὁ
2986 4499 3215 4571 Χριστὸς
3248 4493 3566 4567 ὁμοιοῦσθαί
3588 4508 3722 4562 φησι
3740 4490 3840 4583 την

583 4593 927 4663 profecturus
970 4610 1196 4667 peregre
1244 4597 1459 4652 vocavit
1502 4612 1693 4652 servos
1734 4613 1859 4653 suos
1909 4609 2005 4654 :et
2042 4600 2166 4655 huic

585 4684 803 4754 quidem
834 4686 1241 4758 deditquinque
1280 4687 1503 4752 talenta,
1538 4688 1614 4743 illi
1654 4703 1782 4743 vero
1827 4690 1951 4750 duo,
2000 4704 2163 4744 unum

584 4774 764 4842 alteri,
816 4777 1014 4845 quibus
1058 4778 1241 4833 labore
1277 4791 1375 4832 suo
1416 4778 1703 4841 defunctis,
1753 4779 1943 4849 dignas
1980 4779 2166 4835 laudes

588 4868 867 4923 reddens:
904 4888 923 4920 s
965 4869 1132 4938 Euge,
1177 4870 1371 4940 inquit,
1419 4884 1577 4924 serve
1624 4869 1766 4925 bone
1796 4882 1851 4924 et
1902 4870 2094 4925 fidelis.
2139 4888 2159 4922 ι

588 4957 651 5012 Ei
677 4968 861 5014 autem
900 4961 989 5030 qui
1018 4960 1303 5015 abscondit
1334 4961 1617 5025 talentum,
1654 4958 1896 5028 nihilque
1938 4959 2160 5014 omnino

586 5051 773 5106 labore
798 5052 1119 5123 acquisivit:
1150 5071 1170 5105 ι
1207 5051 1393 5115 Serve,
1430 5070 1451 5105 ι
1490 5051 1584 5115 ait,
1615 5069 1634 5102 ι
1665 5066 1894 5121 nequam
1915 5060 1969 5106 et
1988 5050 2160 5123 piger,

584 5143 869 5211 oportebat
901 5152 951 5197 te
978 5143 1193 5197 mittere
1227 5151 1521 5210 argentum.
1543 5156 1720 5196 meum
1760 5142 2158 5210 nummulariis,

586 5244 643 5288 et
675 5249 775 5303 ego
810 5249 1060 5290 reversus
1117 5248 1296 5288 meum
1346 5248 1466 5288 cum
1507 5232 1698 5289 fcttore
1749 5233 2094 5303 recepissem.
2133 5252 2154 5285 ι

585 5324 744 5380 Canit
772 5325 936 5380 etiam
980 5324 1170 5381 beatus
1207 5323 1376 5378 David
1408 5344 1423 5379 :
1467 5342 1486 5376 ι
1524 5323 1748 5392 Eloquia
1787 5324 2017 5389 Domini,
2050 5323 2161 5379 elo-

585 5416 709 5485 quia
754 5434 913 5489 pura,
960 5426 1243 5488 argentum
1279 5416 1401 5487 igne
1445 5416 1835 5483 examinatum,
1875 5417 2159 5487 probatum

586 5519 743 5562 terra:
772 5509 842 5565 ⁶⁸.
885 5528 902 5559 ι
938 5508 1315 5564 Adulterinum
1363 5512 1543 5581 itaque
1599 5518 1655 5563 et
1711 5525 1815 5564 non
1877 5511 2158 5577 probatum

586 5612 867 5669 argentum
895 5599 1016 5664 luit,
1047 5600 1190 5671 quod
1234 5603 1373 5671 apud
1410 5601 1621 5661 Judaaos
1652 5615 1789 5670 erat,
1824 5604 1874 5659 id
1900 5613 2005 5672 est,
2040 5620 2161 5677 qum

2268 4580 2543 4673 βασιλείαν
2595 4595 2705 4649 τῶν
2753 4592 2994 4663 οὐρανῶν
3036 4589 3307 4661 ἀνθρώπῳ
3345 4585 3733 4654 οἰκοδεσπότῃ,
3781 4580 3841 4644 ὃς

2270 4690 2482 4762 μέλλων
2509 4686 2813 4756 ἀποδημεῖν
2842 4683 3067 4737 ἐκάλεσε
3093 4685 3216 4746 τοὺς
3249 4678 3446 4734 ἑαυτοῦ
3481 4676 3723 4739 δούλους-
3748 4675 3842 4728 καὶ

2262 4783 2308 4854 ᾧ
2339 4784 2436 4855 μὲν
2481 4781 2647 4834 ἔδωκε
2680 4780 2842 4832 πέντε
2870 4777 3131 4840 τάλαντα,
3163 4770 3207 4843 ᾧ
3232 4775 3288 4828 δὲ
3319 4772 3399 4839 ἓν,
3433 4770 3527 4825 καὶ
3555 4768 3844 4838 ἀπεδήμη-

2264 4892 2384 4929 σεν⁶
2421 4869 2752 4942 πεπονηκόσι
2780 4869 2835 4922 δὲ
2871 4868 3055 4931 αὐτοῖς
3083 4883 3205 4937 περ.
3250 4902 3265 4917 .
3310 4903 3324 4916 .
3369 4903 3383 4918 .
3424 4862 3551 4924 τοὺς
3585 4859 3842 4921 ἐπαίνους

2267 4961 2578 5023 ἀποδιδοὺς,
2614 4978 2632 5011 ι
2665 4953 2762 5023 Εὖ,
2791 4956 2940 5010 δοῦλε
2964 4954 3156 5025 ἀγαθὲ,
3194 4953 3288 5007 καὶ
3321 4951 3535 5015 ntere,»
3567 4948 3721 5019 φησί.
3752 4948 3844 5018 Τῷ

2266 5072 2331 5125 γε
2376 5052 2480 5126 μὴν
2528 5049 2907 5123 ἀποκρύψαντι
2931 5048 2994 5101 τὸ
3023 5048 3304 5109 τάλαντον,
3352 5040 3846 5115 προσειργασμένῳ

2266 5147 2324 5202 δὲ
2364 5143 2647 5207 παντελῶς
2674 5142 2848 5206 οὐδὲν,
2884 5159 2902 5192 ι
2945 5139 3193 5209 Πονηρὸς
3222 5136 3400 5199 δοῦλε,
3437 5155 3456 5187 s
3489 5134 3647 5205 φησί,
3690 5150 3708 5183 ι
3750 5131 3845 5184 καὶ

2267 5238 2488 5311 όκνηρὲ,
2518 5235 2624 5290 ἔδει
2668 5252 2727 5288 σε
2772 5233 2954 5303 βαλεῖν
2987 5231 3048 5285 τὸ
3078 5228 3341 5301 ἀργύριόν
3372 5244 3472 5299 μου
3498 5228 3610 5287 τοῖς
3636 5239 3840 5295 τραπε-

2269 5330 2480 5395 ζίταις,
2530 5326 2687 5395 κάγὼ
2735 5323 2906 5378 ἐλθὼν
2943 5320 3287 5391 ἐκομισάμην
3336 5318 3402 5372 ἂν
3455 5318 3516 5370 τὸ
3565 5316 3696 5387 ἐμὸν
3744 5315 3842 5367 σὺν

2267 5422 2431 5492 τόκῳ.
2469 5440 2489 5473 ι
2531 5417 2739 5472 Ψάλλει
2775 5416 2832 5469 δέ
2867 5432 2967 5468 που
2999 5414 3095 5467 καί.
3117 5416 3147 5465 ὁ
3171 5410 3458 5473 θεσπέσιος
3483 5407 3678 5462 Δαϐίδο
3709 5425 3728 5458 ι
3756 5405 3843 5459 Τὰ

2266 5514 2421 5583 λόγια
2463 5510 2690 5582 Κυρίου,
2736 5508 2895 5576 λόγια
2937 5503 3099 5575 ἀγνά,
3146 5503 3409 5574 ἀργύριον
3448 5498 3841 5570 πεπυρωμένον

2266 5606 2487 5676 δόκιμον
2517 5604 2584 5674 τῇ
2609 5603 2701 5673 γῇ.
2725 5598 2995 5669 Κίόδηλον
3024 5591 3117 5651 οὖν
3144 5595 3252 5666 ἄρα
3283 5594 3377 5648 καὶ
3407 5592 3668 5661 ἀδόκιμον
3700 5605 3842 5641 παν-

662 5782 704 5815 ⁶¹
742 5783 928 5840 Matth.
978 5799 1147 5849 nm,
1183 5782 1271 5839 ‘35.
1345 5786 1390 5817 “
1415 5788 1533 5845 Act.
1579 5806 1672 5857 vn,
1716 5789 1808 5856 51,
1837 5787 1927 5843 52.
2006 5788 2095 5842 “l
2130 5787 2157 5844 ’1

2261 5786 2366 5843 oth.
2410 5801 2469 5850 ιι,
2505 5784 2563 5840 4.
2637 5782 2680 5815 ⁸⁸
2708 5780 2897 5839 Matth.
2924 5796 3055 5847 xxv,
3090 5778 3274 5836 “~29.
3348 5778 3394 5811 “
3422 5777 3563 5833 Psal.
3606 5790 3680 5840 st,
3713 5771 3766 5827 7.
