4178 6516
281 469 350 521 55
1428 446 1491 528 in
1529 472 1771 530 ISAIA‘M
1808 473 1936 527 LIB.
1979 473 2020 527 ι.
2063 472 2272 528 οιιΑτ.
2312 472 2352 527 ι.
3463 467 3527 522 at

278 578 446 645 τελῶς
476 581 735 655 ἀργύριον
763 583 823 637 τὸ
849 585 998 656 παρᾶ
1027 590 1140 652 τοῖς
1181 589 1476 654 Ἰουδαίοις,
1505 590 1648 646 τοῦτ’
1674 592 1834 655 ἔστιν,

1950 603 1980 642 a
2007 586 2213 644 Scribis
2253 603 2317 643 ac
2357 586 2648 643 Pharisteis
2689 588 3132 658 proficiscebatur
3177 589 3382 653 oratio;
3434 584 3530 654 qui'

277 673 306 723 ὁ
337 673 485 744 παρά
512 673 616 726 τῶν
656 675 1030 749 Γραμματέων
1064 682 1158 734 καὶ
1185 683 1496 753 Φαρισαίων
1534 685 1692 754 λόγος
1713 725 1727 746 ,
1758 679 1846 738 οἷα

277 763 340 833 δὴ
371 764 463 815 καὶ
491 766 755 834 καπήλοις
778 771 1160 842 προσεοικότες
1185 771 1336 826 ὑδατι
1353 773 1442 829 τὸν
1462 769 1604 828 οἶνον
1635 775 1848 845 μίσγειν

277 853 497 923 ῆθελον·
547 857 691 911 τοῦτ’
737 861 874 924 ἐστι,
921 862 1336 937 νενοθευμένην,
1373 869 1465 920 καὶ
1493 869 1592 921 οὑκ
1629 870 1848 940 ἀκαπή-

276 942 462 998 λευτον
512 947 794 1002 ἐποιοῦντο
839 952 936 1006 τοῦ
982 953 1152 1024 νόμου
1183 957 1280 1027 τὴν
1325 958 1622 1029 ἐξήγησιν·
1675 977 1851 1031 παρα-

275 1033 565 1100 πλέκοντές
612 1056 665 1091 τι
689 1043 785 1094 καὶ
822 1043 968 1097 ἰδίων
1020 1046 1205 1110 αὑτοῖς
1234 1047 1574 1121 θελημάτων,
1622 1052 1716 1104 καὶ
1745 1052 1849 1122 ψυ-

275 1123 422 1194 χρῶν
448 1129 543 1180 καὶ
572 1127 947 1204 ὑδαρεστέρων
988 1136 1206 1190 ἐννοιῶν
1249 1143 1725 1213 παρεισκρίνοντες
1750 1145 1849 1197 οὑκ

273 1216 466 1284 ἀμιγεῖ
492 1218 586 1272 τοῦ
622 1222 896 1292 χείρονος,
928 1226 1045 1280 οὑδὲ
1076 1229 1153 1291 ὼς
1183 1228 1249 1283 ἂν
1297 1231 1437 1285 εἴποι
1485 1250 1570 1296 τις
1611 1235 1848 1303 ἄκρατον

275 1309 559 1364 ἐποιοῦντο
602 1315 702 1384 τῆς
747 1314 840 1368 τοῦ
873 1318 1161 1387 νομοθέτου
1197 1320 1391 1392 βουλῆς
1433 1322 1530 1394 τὴν
1570 1323 1843 1377 ἀπόδοσιν.

273 1399 384 1452 Καὶ
441 1402 572 1469 γοῦν
604 1406 900 1476 προσίεσαν
935 1408 1031 1478 μὲν
1059 1412 1108 1461 οἱ
1137 1410 1492 1482 Γραμματεῖς
1535 1415 1628 1467 καὶ
1655 1417 1701 1467 οἱ
1739 1416 1848 1468 Φα-

275 1492 474 1556 ρισαῖοι
517 1492 595 1564 τῷ
624 1495 840 1566 Σωτῆρι
888 1496 1137 1566 λέγοντές
1172 1518 1304 1554 ποτε
1330 1521 1344 1534 ο
1385 1523 1404 1554 ι
1446 1505 1543 1557 Διὰ
1569 1506 1620 1558 τί
1658 1507 1704 1558 οί
1743 1523 1848 1573 μα-

274 1579 433 1650 θηταί
472 1600 565 1636 σου
598 1587 994 1656 παραϐαίνουσι
1021 1592 1120 1659 τὴν
1143 1593 1441 1663 παράδοσιν
1472 1595 1579 1648 τῶν
1609 1597 1851 1667 πρεσϐυ-

273 1673 483 1742 τέρων;
520 1677 580 1729 οὑ
617 1678 726 1748 γὰρ
771 1679 1050 1735 νίπτονται
1101 1685 1203 1747 τὰς
1245 1689 1434 1758 χεῖρας
1483 1688 1681 1753 αὑτῶν,
1723 1691 1851 1742 ὅταν

272 1763 365 1815 τὸν
395 1763 560 1831 ἄρτον
592 1768 881 1823 ἐσθίουσιν.
924 1772 980 1824 '0
1022 1773 1078 1825 δὲ
1108 1775 1246 1845 πρὸς
1283 1778 1482 1842 αὐτούς
1509 1797 1520 1809 ·
1550 1781 1647 1833 Διά
1675 1781 1727 1833 τί
1756 1783 1850 1834 καὶ

275 1855 434 1924 ὑμεῖς
482 1858 841 1929 παραὸαίνετε
881 1861 980 1932 τὴν
1022 1865 1242 1937 ἐντολὴν
1277 1868 1371 1920 τοῦ
1414 1869 1549 1923 Θεοῦ
1573 1911 1585 1930 ,
1621 1870 1707 1923 διὰ
1751 1871 1848 1942 τὴν

276 1948 571 2018 παράδοσιν
593 1952 776 2021 ὑμῶν;
804 1955 860 2006 ’0
880 1955 988 2027 γὰρ
1009 1957 1141 2021 Θεὸς
1160 1955 1330 2020 εἶπεν,
1352 1961 1499 2033 Τίμα
1521 1963 1609 2016 τὸν
1631 1965 1844 2035 πατέρα

272 2036 366 2087 καὶ
399 2037 500 2107 τὴν
535 2040 767 2110 μητέρα,
817 2044 928 2107 καὶ,
979 2047 1007 2098 ὁ
1056 2048 1370 2116 κακολογῶν
1408 2051 1619 2122 πατέρα
1657 2052 1689 2123 ἢ
1744 2071 1845 2125 μη-

269 2126 421 2197 τέρα,
459 2127 671 2201 θανάτῳ
727 2132 1030 2188 τελευτάτω
1053 2151 1067 2167 ο
1098 2136 1256 2207 ὑμεῖς
1301 2139 1358 2192 δὲ
1401 2139 1608 2208 λέγετε.
1643 2144 1739 2205 Ὃς
1778 2143 1844 2198 ἂν

269 2218 395 2289 εἴπῃ
419 2217 496 2290 τῷ
519 2221 711 2293 πατέρι
739 2223 770 2294 ἢ
801 2226 1017 2296 μητέρι,
1033 2227 1234 2298 Δῶρον,
1251 2229 1278 2282 ὃ
1302 2230 1367 2284 ἂν
1389 2231 1448 2296 ἐξ
1477 2233 1610 2297 ἐμοῦ
1635 2233 1844 2306 ὠφελη-

269 2307 385 2378 θῇς,
410 2311 468 2363 οὺ
499 2311 571 2383 μὴ
604 2315 821 2385 τιμήσει
850 2316 940 2368 τὸν
967 2320 1176 2391 πατέρα
1207 2321 1372 2375 αὑτοῦ
1399 2323 1430 2394 ἢ
1468 2324 1566 2396 τὴν
1593 2327 1805 2399 μητέρα
1827 2344 1839 2360 ·

267 2399 361 2451 καὶ
386 2401 707 2470 ἡκυρώσατε
738 2405 836 2474 τὴν
869 2407 1087 2480 ἐντολὴν
1113 2410 1207 2463 τοῦ
1247 2412 1380 2466 Θεοῦ
1423 2414 1512 2468 διὰ
1539 2417 1638 2486 τὴν
1665 2419 1842 2489 παρά-

265 2489 422 2542 δασιν
475 2493 646 2562 ὑμῶν.
681 2515 699 2546 ι
766 2497 932 2568 Ὁρᾷς
991 2501 1050 2552 ἐν
1112 2503 1326 2566 τούτοις
1384 2508 1482 2577 τῆς
1545 2508 1840 2582 Ἰουδαϊκῆς

265 2583 568 2652 καπηλείας
604 2586 748 2655 σαφῆ
799 2590 866 2642 τὰ
913 2591 1270 2662 ἐγκλήματα;
1321 2599 1441 2661 ταῖς
1471 2598 1580 2669 γὰρ
1613 2601 1838 2666 οἰκείαις

262 2672 623 2740 παραδόσεσιν
654 2676 883 2730 ἕπεσθαι
932 2679 1040 2732 δεῖν
1086 2682 1380 2749 ἐθέλοντες,
1421 2687 1659 2758 ἀκύρους
1704 2692 1838 2744 ἀπέ-

263 2781 453 2831 φαινον
478 2767 600 2829 τοὺς
633 2765 724 2819 τοῦ
774 2769 911 2822 Θεοῦ
945 2771 1166 2842 νόμους.
1212 2776 1706 2849 ’Υποπλαττόμενοι
1740 2783 1837 2853 μὲν

261 2851 577 2922 ἐξηγεῖσθαι
609 2856 702 2908 καὶ
729 2858 962 2924 αὑτοὺς,
1010 2867 1457 2937 συνεισφέροντες
1494 2869 1552 2922 δὲ
1604 2851 1837 2942 παραδό-

261 2961 374 3007 σεις
404 2944 602 3009 ἑώλους
627 2949 721 3000 καὶ
753 2948 984 3022 ψυχρὰς.
1028 2955 1277 3010 Αίτιᾶται
1306 2959 1362 3012 δὲ
1398 2962 1524 3024 τοὺς
1547 2961 1833 3033 ἄρχοντας,

259 3035 334 3098 ὡς
371 3037 502 3090 πολὺ
552 3039 842 3105 νοσοῦντας
890 3043 951 3096 τὸ
997 3045 1228 3117 ἐξήνιον,
1280 3051 1374 3102 καὶ
1409 3052 1613 3124 γαῦρον
1645 3054 1835 3127 ὥσπερ

258 3126 632 3190 ἀνατείνοντας
672 3128 762 3182 τὸν
793 3131 1015 3201 αὐχένα,
1057 3137 1150 3188 καὶ
1199 3138 1446 3194 ἀπειθεῖν
1499 3126 1828 3214 ᾑρημένους.

1951 680 2284 747 cauponibus
2321 678 2605 744 assimiles,
2663 694 2801 748 aqua
2843 680 3026 734 vinum
3073 680 3523 748 permiscuerunt,

1952 772 2002 824 id
2031 781 2139 834 est,
2172 771 2306 841 legis
2351 771 2859 838 interpretationem
2904 773 3141 841 spuriam
3179 779 3232 824 et
3273 769 3526 825 adulteri-

1951 877 2072 915 nam
2104 862 2422 917 alliuxerunt
2454 879 2468 915 :
2513 869 2566 915 et
2585 861 2886 916 inlexentes
2917 877 3011 915 sua
3039 863 3279 931 qumdam
3311 862 3522 932 placita,

1951 967 2015 1009 ac
2076 954 2298 1026 frigidos
2341 953 2644 1022 dilutosque
2704 967 2895 1008 sensus
2943 953 3364 1021 interponentes,
3419 971 3522 1008 non

1951 1059 2178 1108 meram,
2217 1055 2274 1097 ιιι
2313 1044 2384 1097 ita
2435 1045 2686 1108 dixerim,
2732 1043 3029 1111 simplicem
3081 1059 3142 1097 ac
3173 1059 3386 1112 puram,
3433 1045 3524 1097 sed

1951 1150 2069 1190 cum
2095 1136 2366 1190 deteriore
2397 1135 2608 1190 mistam
2636 1135 2958 1206 legislatoris
2979 1135 3268 1189 voluntatis
3287 1134 3527 1204 explica-

1950 1226 2150 1280 tionem
2177 1225 2548 1280 reddiderunt.
2582 1224 2844 1279 Adierunt
2871 1226 3124 1278 nimirum
3177 1225 3524 1280 Servatorem

1951 1317 2155 1371 Scriba:
2211 1332 2274 1372 ac
2358 1317 2617 1372 Pharismi
2690 1316 3029 1386 aliquando,
3089 1331 3152 1371 ac
3211 1317 3463 1370 dixerunt
3511 1332 3523 1368 :

1955 1425 1974 1459 ι
2016 1409 2195 1474 Quare
2235 1407 2485 1477 discipuli
2531 1408 2603 1460 tui
2659 1406 3130 1474 transgrediuntur
3182 1405 3524 1460 traditionem

1951 1500 2261 1554 seniorum?
2289 1497 2401 1552 Non
2428 1499 2570 1553 enim
2602 1497 2783 1551 lavant
2810 1512 2998 1550 manus
3021 1511 3174 1562 suas,
3197 1511 3314 1549 cmn
3336 1512 3524 1566 panem

1951 1591 2151 1644 edunt?
2183 1609 2201 1641 ι
2232 1589 2436 1656 Quibus
2460 1589 2548 1642 ille
2578 1606 2591 1642 :
2624 1605 2642 1638 ι
2683 1588 2860 1654 Quare
2885 1597 2938 1640 et
2972 1603 3088 1650 vos,
3123 1587 3313 1656 inquit,
3351 1597 3524 1642 trans-

1953 1681 2235 1749 gredimini
2273 1687 2594 1748 praeceptum
2633 1679 2722 1732 Dei
2767 1687 2985 1746 propter
3036 1679 3376 1732 traditionem
3433 1694 3526 1731 ve-

1955 1767 2320 1821 stram?Nam
2373 1767 2516 1822 Deus
2578 1767 2711 1822 dixit
2751 1789 2762 1822 :
2799 1766 3012 1822 Honora
3064 1779 3268 1837 patrem
3321 1780 3374 1823 et
3417 1786 3524 1822 ma-

1955 1873 2122 1926 trem;
2156 1863 2266 1933 26
2294 1874 2341 1916 et
2371 1879 2384 1915 :
2411 1861 2509 1928 Qui
2549 1862 2820 1915 maledicit
2851 1864 2986 1928 patri
3019 1871 3110 1915 aut
3144 1862 3324 1926 matri,
3353 1876 3526 1916 morte

1881 1931 1921 1984 Β
1952 1931 2247 2006 moriatur:
2274 1953 2343 2004 Λι
2375 1968 2466 2006 vos
2497 1951 2678 2005 dicitis
2711 1967 2723 2003 :
2763 1950 2820 2004 Si
2851 1952 2972 2018 quis
3017 1952 3215 2006 dixerit
3259 1954 3395 2020 patri
3442 1956 3522 2009 vel

1947 2045 2126 2110 matri,
2146 2043 2360 2108 Munus,
2385 2048 2746 2113 quodcunque
2782 2053 2863 2097 est
2893 2057 2959 2097 ex
2995 2059 3100 2108 me,
3133 2047 3228 2100 tibi
3258 2046 3519 2114 proderit,

1946 2151 2050 2190 non
2084 2135 2462 2189 honorificabit
2489 2143 2696 2204 patrem
2729 2147 2885 2186 suum
2925 2133 3008 2187 vel
3059 2145 3284 2189 matrem
3335 2152 3519 2202 suam;

1943 2237 1997 2280 et
2024 2227 2232 2280 irritmn
2269 2225 2472 2280 fecistis
2514 2235 2842 2296 praeceptum
2891 2225 2983 2281 Dei
3019 2235 3236 2295 propter
3277 2230 3520 2282 traditio-

1942 2331 2064 2372 nem
2092 2326 2323 2372 vestram
2353 2317 2419 2371 “.
2458 2334 2477 2368 ι
2509 2315 2743 2372 Videsne
2773 2318 2824 2371 in
2857 2317 2940 2373 his
2964 2319 3140 2372 verbis
3175 2320 3517 2374 manifestum

1942 2409 2146 2464 crimen
2192 2407 2426 2464 Iudaica:
2466 2407 2726 2464 fallaciae?
2767 2409 2902 2462 Dum
2942 2409 3084 2463 enim
3126 2425 3250 2464 suas
3293 2426 3356 2466 ac
3396 2428 3519 2481 pro-

1938 2501 2087 2568 prias
2116 2500 2436 2555 traditiones
2467 2501 2764 2555 consectari
2795 2500 3001 2567 volunt,
3031 2502 3212 2557 irritas
3235 2500 3329 2556 Dei
3365 2503 3508 2574 leges

1947 2591 2192 2645 fecerunt
2225 2609 2240 2644 :
2279 2591 2544 2661 ﬁngentes
2578 2592 2791 2659 quidem
2827 2608 2921 2647 eas
2954 2608 3013 2649 se
3055 2595 3367 2662 exposuisse
3397 2613 3410 2649 :
3439 2595 3520 2649 in-

1941 2682 2179 2737 ferentes
2209 2692 2385 2737 tamen
2434 2682 2753 2738 traditiones
2792 2683 2978 2739 futiles
3013 2700 3075 2740 ac
3115 2685 3352 2755 frigidas.
3383 2684 3516 2740 Insi-

1939 2773 2289 2836 tnulatporro
2319 2772 2590 2842 principes
2625 2780 2682 2826 ut
2720 2775 2808 2842 qui
2851 2775 3039 2829 effreni
3093 2776 3322 2844 quodam
3379 2776 3516 2833 fastu

1939 2863 2268 2927 laborarent,
2295 2874 2347 2917 et
2378 2864 2587 2918 sublata
2614 2865 2766 2934 quasi
2813 2867 3020 2919 cervice
3054 2867 3271 2920 obedire
3299 2867 3514 2922 nollent.

1937 2952 2053 3007 Non
2080 2955 2222 3008 enim
2259 2955 2414 3009 fidem
2451 2956 2648 3010 Christi
2681 2956 2969 3011 admittere
2996 2957 3301 3025 voluerunt,
3342 2975 3518 3027 quan-

1939 3046 2136 3098 tumvis
2172 3045 2253 3100 lex
2311 3047 2510 3114 passim
2550 3062 2709 3116 supra
2746 3056 2798 3101 et
2831 3046 2992 3110 infra,
3039 3047 3157 3116 ejus
3202 3051 3514 3120 mysterium

1942 3137 2266 3202 clamitaret,
2309 3137 2471 3207 idque
2505 3138 2804 3194 innumeris
2840 3140 3013 3194 modis
3063 3141 3391 3197 ostenderet.
3432 3141 3516 3197 Si-

258 3219 340 3318 06‘
360 3219 464 3290 γάρ
494 3219 684 3290 ἤθελον
717 3223 1042 3293 προσίεσθαι
1095 3226 1194 3298 τὴν
1246 3231 1429 3286 πίστιν
1461 3233 1559 3304 τὴν
1600 3239 1679 3300 είς
1708 3239 1834 3309 Χρι-

1945 3229 2158 3296 quidem
2188 3239 2242 3284 et
2267 3228 2528 3285 Dominus
2557 3240 2738 3285 noster
2759 3224 2915 3285 Iesus
2939 3229 3184 3287 Christus
3215 3233 3320 3290 illis
3344 3235 3512 3291 dixit:

259 3309 385 3362 στὸν
434 3311 701 3380 δηλονότι,
735 3315 912 3369 καίτοι
942 3316 1043 3371 τοῦ
1075 3318 1240 3389 νόμου
1263 3321 1691 3396 διακεκραγότος
1737 3331 1832 3383 αὑ-

256 3403 368 3463 τοῖς
399 3402 510 3455 ἀνω
535 3420 595 3456 τε
627 3404 720 3457 καὶ
746 3406 916 3469 κάτω,
963 3407 1026 3461 τὸ
1065 3410 1152 3462 ἐπ’
1195 3412 1343 3484 αὑτῷ
1391 3419 1710 3488 μυστήριον,
1741 3424 1834 3474 καί

257 3495 400 3547 κατὰ
433 3496 659 3566 μυρίους
701 3499 857 3562 ὅσους
889 3501 1021 3555 αὑτὸ
1061 3503 1397 3571 δεικνύοντος
1429 3510 1684 3579 τρόπους.
1727 3515 1833 3567 Καὶ

256 3581 388 3674 γοῦν
414 3583 516 3655 ἔφη
551 3586 686 3656 πρὸς
719 3589 920 3653 αὑτοὺς
950 3592 977 3643 ὁ
1007 3592 1210 3660 Κύριος
1262 3597 1418 3668 ἡμῶν
1461 3600 1667 3669 Ἰησοῦς
1701 3603 1834 3674 Χρι-

258 3673 412 3737 στός*
447 3693 464 3725 ι
504 3675 574 3728 Ἢ
605 3677 811 3732 δοκεῖτε
862 3681 943 3734 ὅτι
975 3682 1084 3750 ἐγὼ
1119 3689 1484 3758 κατηγορήσω
1516 3689 1670 3760 ὑμῶν
1696 3673 1832 3762 πρὸς

253 3765 349 3818 τὸν
376 3767 629 3836 Πατέρα;
661 3769 850 3823 Ἔστιν
878 3771 907 3822 ό
933 3775 1255 3844 κατηγορῶν
1283 3777 1456 3848 ὑμῶν,
1487 3781 1713 3852 Μωσῆς,
1749 3786 1832 3847 είς

253 3857 316 3910 ὃν
350 3858 504 3926 ὑμεῖς
532 3858 818 3928 ἠλπίσατε.
856 3861 917 3914 Ei
946 3862 1053 3934 γὰρ
1086 3866 1399 3921 ἐπιστεύετε
1446 3870 1618 3941 Μωσῇ
1644 3911 1660 3934 ,
1709 3873 1830 3925 ἐπι-

256 3949 476 4003 στεύετε
511 3950 577 4006 ἂν
612 3954 754 4022 ἐμοὶ,
789 3954 1050 4028 περὶγὰρ
1089 3957 1225 4027 ἐμοῦ
1275 3961 1478 4025 ἐκεῖνος
1505 3961 1762 4034 ἔγραψεν.
1805 3984 1820 4015 ι

266 4043 536 4107 Ἀπειθεῖς
583 4041 676 4098 οὖν
713 4045 845 4116 ἄρα,
896 4049 1034 4118 μήτε
1073 4049 1171 4120 τὴν
1217 4050 1309 4103 τοῦ
1356 4052 1520 4123 νόμου
1576 4055 1828 4126 βούλησιν

252 4137 495 4208 ἄκρατον
529 4137 716 4209 ῶσπερ
755 4139 848 4191 καὶ
883 4139 1172 4194 ἀνόθευτον
1223 4141 1596 4214 διερμηνεύειν
1625 4147 1827 4200 ἐθέλον-

248 4245 344 4291 τες
389 4230 500 4291 τοῖς
542 4227 738 4291 ἄλλοις,
794 4231 930 4299 μήτε
983 4231 1089 4302 μὴν
1141 4231 1240 4300 τὴν
1283 4231 1372 4286 διὰ
1424 4235 1669 4298 Μωσέως
1732 4237 1826 4289 καὶ

248 4319 547 4392 προφητῶν
572 4323 666 4374 καὶ
696 4311 878 4388 ἁγίων
910 4323 1444 4394 προκεκηρυγμένην
1488 4327 1823 4396 τιμήσαντες

247 4410 454 4465 πίστιν.
487 4412 560 4463 Οὑ
605 4411 714 4480 γὰρ
747 4411 937 4481 ἤθελον
985 4414 1291 4468 ὑπακοῦσαι
1326 4417 1536 4486 λέγοντι
1584 4418 1662 4489 τῷ
1691 4421 1824 4490 Χρι-

247 4502 364 4573 στῷ
386 4519 400 4536 ο
435 4523 452 4555 ι
473 4503 635 4556 Δεῦτε
671 4503 802 4575 πρός
831 4522 918 4575 με,
967 4506 1168 4568 πάντες
1188 4509 1236 4561 οί
1267 4510 1563 4573 κοπιῶντες
1598 4513 1691 4565 καὶ
1722 4529 1821 4564 πε-

1945 3336 1962 3368 ι
2029 3317 2306 3374 Putatisne
2357 3335 2441 3374 me
2491 3331 2866 3374 accusaturum
2917 3336 3010 3376 vos
3056 3323 3194 3391 apud
3253 3323 3510 3380 Patrem?

1939 3411 2031 3465 Est
2064 3413 2154 3481 qui
2187 3420 2404 3466 accuset
2432 3427 2553 3478 vos,
2606 3411 2799 3475 Moses,
2843 3414 2895 3467 in
2955 3429 3060 3482 quo
3109 3429 3208 3469 vos
3260 3415 3511 3471 fiduciam

1936 3503 2267 3559 collocastis.
2301 3504 2357 3558 Si
2390 3505 2534 3558 enim
2570 3504 2940 3559 credidissetis
2967 3504 3512 3569 Most,credidissetis

1938 3605 1986 3648 el
2014 3595 2143 3649 mihi
2188 3593 2300 3648 :de
2347 3609 2432 3650 me
2475 3595 2618 3650 enim
2663 3595 2752 3650 ille
2803 3595 3020 3664 scripsit
3069 3597 3135 3650 ⁸⁷.
3179 3613 3198 3647 ι
3237 3595 3510 3651 Praefracti

1935 3687 2116 3754 itaque
2143 3695 2320 3750 erant,
2369 3700 2544 3755 neque
2575 3685 2707 3754 legis
2751 3686 3080 3740 voluntatem
3133 3701 3345 3755 puram,
3381 3686 3511 3740 sim-

1933 3774 2123 3843 plicem
2181 3775 2576 3844 genuinamque
2615 3776 2960 3846 interpretari
3001 3775 3254 3830 volebant
3289 3777 3506 3846 populo,

1932 3884 2108 3938 neque
2141 3868 2298 3922 [idem
2345 3883 2438 3938 per
2473 3867 2670 3922 Mosem
2716 3878 2768 3922 et
2797 3868 3085 3936 praphetas
3110 3879 3324 3922 sanctos
3359 3885 3496 3938 prm-

1930 3961 2157 4013 dicatam
2180 3960 2376 4024 colere,
2404 3975 2577 4028 neque
2604 3960 2977 4027 obtemperare
2998 3957 3221 4012 Christo
3247 3959 3444 4013 dicenti
3481 3979 3494 4013 :

1936 4070 1954 4102 (
1981 4049 2175 4105 Venite
2204 4052 2268 4103 ad
2293 4066 2397 4116 me,
2430 4066 2620 4104 omnes
2648 4051 2737 4117 qui
2763 4049 3020 4104 laboratis
3043 4050 3314 4104 etonerati
3337 4051 3490 4115 estis,

1926 4150 1981 4194 et
2039 4154 2148 4208 ego
2196 4139 2433 4193 reficiam
2482 4154 2597 4193 vos.
2645 4138 2906 4206 lmponite
2953 4137 3141 4208 jngum
3187 4154 3362 4192 meum
3411 4155 3506 4194 vo-

1927 4231 2008 4284 bis
2040 4231 2105 4285 ⁶⁸.
2143 4249 2162 4282 ι
2198 4229 2409 4284 Etenim
2452 4231 2704 4299 quoniam
2749 4230 2867 4283 duri
2904 4240 2956 4283 et
2985 4231 3352 4285 inohedientes
3382 4230 3500 4284 fue-

1930 4333 2076 4386 runt,
2106 4334 2388 4378 consortes
2421 4323 2600 4378 furum
2635 4325 2955 4379 exstiterunt
2993 4343 3006 4376 :
3039 4326 3232 4393 partim
3275 4324 3506 4394 largien-

1927 4415 2068 4469 tibus
2117 4430 2340 4470 munera
2389 4414 2798 4479 consentiendo,
2856 4417 3051 4485 partim
3104 4432 3223 4471 cum
3281 4417 3502 4470 nefariis

1925 4506 2166 4561 consiliis
2226 4507 2423 4574 perditi
2464 4507 2620 4560 simul
2656 4516 2710 4560 et
2739 4506 3064 4560 furacissimi
3095 4507 3362 4576 discipuli,
3400 4507 3502 4560 Do-

246 4595 600 4666 φορτισμένοι
619 4635 636 4662 ,
665 4595 820 4663 κάγὼ
845 4598 1142 4651 ἀναπαύσω
1190 4601 1354 4670 ὑμᾶς.
1389 4603 1592 4672 ’Ἄρατε
1623 4603 1714 4656 τὸν
1740 4604 1826 4668 ζυ-

1937 4600 2136 4652 minum
2175 4606 2420 4652 nostrum
2447 4594 2627 4652 Jesum
2657 4595 2933 4650 Christum
2967 4596 3259 4664 prodentia,
3290 4598 3500 4665 conspi-

245 4691 348 4761 γρν
376 4705 475 4757 μου
501 4687 584 4755 ἐφ’
629 4689 791 4758 ὑμᾶς.
833 4709 850 4740 ι
898 4691 1008 4743 Καὶ
1053 4691 1189 4760 πρός
1220 4708 1282 4760 γε
1310 4693 1387 4764 τῷ
1419 4689 1558 4748 εἶναι
1591 4695 1823 4766 σκληροί

243 4797 301 4832 τε
340 4779 431 4832 καὶ
467 4778 732 4844 ἀπειθεῖς,
765 4782 1011 4834 κοινωνοὶ
1046 4783 1301 4850 γεγόνασι
1331 4786 1578 4838 κλεπτῶν
1602 4804 1615 4817 ο
1659 4789 1819 4840 τοῦτο

245 4872 351 4943 μὲν
378 4874 490 4936 τοῖς
518 4871 876 4944 δωροδοκοῦσι
904 4875 1335 4944 συνκαστάμενοι
1382 4877 1536 4946 (Sic).
1577 4878 1734 4932 τοῦτο
1766 4879 1822 4932 δὲ

245 4980 346 5016 συν
357 4963 756 5035 δεδραμηκότες
783 4966 902 5026 ταῖς
936 4964 1170 5028 ἀνοσίοις
1192 4965 1406 5036 βουλαῖς
1425 4966 1518 5020 τοῦ
1541 4968 1826 5038 προδόντος

243 5055 431 5116 αὑτοῖς
463 5052 551 5105 τὸν
581 5053 785 5124 Κύριον
813 5053 969 5125 ἡμῶν
1011 5054 1217 5126 Ἰησοῦν
1253 5055 1343 5109 τὸν
1373 5058 1631 5126 Χριστὸν,
1665 5057 1721 5121 ὃς
1751 5054 1819 5130 ἦν

241 5145 480 5214 πονηρός
511 5162 569 5198 τε
597 5143 712 5214 ἅμα
739 5146 832 5199 καὶ
869 5146 1256 5210 κλεπτίστατος
1295 5145 1561 5218 μαθητής.
1603 5148 1820 5218 Ἐρασι-

241 5238 344 5307 χρή
359 5253 515 5305 ματοι
546 5237 604 5290 δὲ
635 5238 728 5290 καὶ
757 5237 957 5310 ἑτέρως
987 5237 1036 5290 οἱ
1066 5237 1171 5291 τῶν
1188 5238 1454 5291 Ἰουδαίων
1483 5237 1814 5308 καθηγηταί,

239 5327 300 5380 τὸ
329 5327 561 5398 κύμινόν
596 5347 654 5382 τε
683 5330 778 5382 καὶ
807 5329 866 5382 τὸ
891 5329 1090 5400 ἄνηθον
1112 5372 1126 5395 ,
1160 5332 1254 5384 καὶ
1284 5332 1391 5384 πᾶν
1421 5329 1654 5400 λάχανον
1688 5333 1816 5384 ἀπο.

240 5421 616 5486 δεκατοῦντες.
652 5424 746 5477 καὶ
783 5423 1036 5492 ἀφιέντες
1077 5423 1145 5476 τὰ
1193 5423 1467 5495 βαρύτερα
1498 5423 1592 5475 τοῦ
1626 5423 1815 5494 νόμου,

245 5511 338 5582 τὴν
379 5511 585 5584 κρίσιν,
632 5513 727 5566 καὶ
772 5513 833 5565 τὸ
881 5512 1048 5575 ἔλεος,
1094 5512 1190 5566 καὶ
1217 5513 1314 5584 τὴν
1349 5513 1550 5566 πίστιν.
1601 5513 1674 5564 Οὐ
1709 5512 1816 5582 γάρ

243 5601 457 5673 ἔκρινον
497 5602 752 5672 ὀρφανοῖς
785 5603 877 5655 καὶ
910 5605 1125 5673 χήραις.
1169 5602 1469 5673 Ζητοῦντες
1511 5602 1568 5657 δὲ
1616 5603 1816 5672 μᾶλλον

247 5694 393 5764 παρὰ
428 5693 536 5746 τῶν
569 5694 950 5764 προσαγόντων
994 5695 1176 5758 αὑτοῖς
1209 5694 1578 5765 ἀνταπόδομα,
1601 5696 1816 5750 κατεδί-

1931 4690 2120 4744 rando.
2161 4688 2298 4756 Quin
2336 4698 2390 4743 et
2423 4688 2622 4758 alioqui
2654 4687 2847 4741 attenti
2893 4687 3111 4741 fuerunt
3143 4687 3208 4740 ad
3255 4702 3365 4741 retu
3402 4687 3513 4744 Iu--

1928 4783 2164 4836 dmorum
2227 4780 2491 4851 praefecti,
2549 4780 2859 4846 cuminum,
2905 4780 3182 4845 anethum,
3234 4789 3288 4834 et
3341 4794 3502 4836 omne

1927 4872 2048 4926 olus
2075 4873 2453 4937 decumantes;
2491 4872 2741 4941 graviora
2771 4880 2948 4926 autem
2995 4870 3129 4939 legis
3167 4872 3366 4940 capita,
3409 4872 3498 4941 ju.

1928 4964 2148 5029 dicium,
2187 4965 2638 5028 misericordiam,
2667 4963 2823 5018 fidem
2853 4963 3348 5032 praetermittentes.
3387 4962 3498 5020 Nec

1924 5055 2066 5108 enim
2097 5055 2355 5124 orphanis
2372 5055 2710 5124 judicabant,
2741 5069 2916 5123 neque
2944 5052 3146 5118 viduis,
3180 5053 3270 5107 sed
3313 5066 3496 5122 peten-

1925 5157 2007 5201 tes
2039 5145 2214 5215 potius
2243 5145 2312 5200 ab
2352 5147 2435 5200 his
2477 5145 2568 5214 qui
2611 5145 2886 5210 oll‘errent,
2947 5145 3272 5210 mercedem,
3329 5146 3494 5216 impie

1921 5239 2242 5307 quandoque
2295 5236 2726 5290 condemnabam
2778 5237 2976 5306 injuste
3035 5251 3342 5306 oppressos,
3392 5239 3493 5292 ini-

1921 5331 2241 5398 quissimum
2276 5328 2326 5382 in
2353 5343 2446 5383 eos
2481 5327 2746 5382 calculum
2783 5342 2844 5381 ac
2867 5329 3189 5382 sententiam
3235 5329 3490 5383 ferentes.

1922 5419 1998 5474 Ex
2026 5436 2089 5473 eo
2130 5429 2307 5473 autem
2348 5420 2489 5488 quod
2539 5419 2737 5488 injuste
2777 5417 3105 5486 iudicarent,
3158 5427 3214 5472 et
3262 5423 3493 5487 turpiter

1922 5513 2236 5565 muneribus
2257 5511 2546 5575 servirent,
2577 5511 2736 5564 etiam
2769 5511 2822 5564 in
2857 5511 3027 5580 ipsum
3063 5511 3334 5564 Christum
3366 5519 3491 5564 sunt

1922 5603 2121 5657 furiose
2152 5602 2488 5659 debacchati.
2524 5599 2596 5656 Ut
2625 5602 2768 5656 enim
2806 5618 2834 5654 ιι
2880 5601 3087 5672 populis
3127 5615 3351 5653 munera
3392 5600 3489 5651 ha-

1921 5695 2133 5761 berent,
2165 5696 2330 5750 viuere
2370 5693 2648 5750 dominum
2702 5709 2805 5747 non
2869 5701 3204 5762 receperunt,
3254 5705 3373 5743 eam
3433 5689 3487 5742 in

314 5867 358 5899 “
387 5866 575 5922 Matth.
613 5884 702 5932 xv,
741 5869 848 5924 I-G.
927 5871 968 5902 ⁸⁷
1005 5869 1156 5924 Juan.
1190 5885 1239 5934 ν,
1273 5870 1362 5933 45,
1386 5870 1470 5925 46.
1551 5872 1593 5901 ⁸³
1625 5871 1807 5927 Matth.
1843 5887 1915 5935 tu,
1940 5871 2030 5935 ‘38,
2063 5872 2152 5928 9.9.
