4178 6498
652 374 723 428 55
1674 379 1729 434 s.
1770 378 2047 435 cvntLLI
2088 379 2556 438 ALEXANDRIXI
2592 379 2908 436 AttCiitEP.
3833 363 3903 417 56

653 507 807 549 suam
848 495 1065 565 proprie
1099 496 1209 567 27
1243 507 1444 554 sortem
1472 510 1808 568 sevocantes,
1855 515 1977 571 quae
2031 500 2131 571 ipsi
2175 510 2233 556 et

2333 499 2499 564 καζον
2532 501 2765 564 ἀνοσίως
2799 498 2908 553 τῶν
2938 493 3307 564 ἀδικουμένων
3335 490 3445 544 ἐσθ’
3471 490 3581 552 ὅτε,
3607 486 3789 607 ιξῆιιέρν
3812 488 3900 544 ἐπ’

2373 593 2386 607 1
2461 595 2483 607 .-
2598 591 2609 607 0
2701 593 2713 607 ι
2922 588 3047 607 κιᾼ--
3080 604 3087 607 .
3138 582 3455 607 ι----ι--....--
3526 580 3627 607 Ἀ-
3804 578 3896 607 ..λδ

650 588 865 656 quidem
898 590 997 644 soli
1027 590 1342 648 debebatur.
1375 593 1636 658 Quamvis
1669 593 1812 648 enim
1842 593 1924 649 lex
1966 596 2170 650 diceret
2203 613 2216 650 :

654 696 673 728 ι
711 677 1047 734 innocentem
1078 696 1137 735 ac
1164 681 1367 751 justum
1396 698 1501 737 non
1531 684 1745 740 occides
1775 684 1843 748 ",
1894 703 1913 735 ι
1964 700 2087 741 eum
2138 694 2220 739 ta-

649 781 770 820 men
808 767 1073 824 insontem
1098 770 1411 842 justumque
1438 772 1852 830 interfecerunt.

2328 593 2512 655 αύτοῖς
2559 591 2657 662 τὴν
2698 588 3087 659 ἐκνομωτάτην
3135 582 3475 654 ἐκφέροντες.
3526 577 3657 633 Ἀπὸ
3702 578 3767 648 δὴ
3804 578 3898 631 τοῦ

2328 683 2534 754 κρίνειν
2579 682 2780 745 ἀδίκως
2829 681 2925 735 καί
2970 675 3211 748 αἰσχρῶς
3254 671 3517 745 ἡττᾶσθαι
3573 667 3901 738 λημμάτων,

2325 776 2419 828 καὶ
2444 777 2524 838 είς
2553 773 2727 828 αὐτὸν
2773 770 3208 843 πεπαρῳνήκασι
3237 767 3327 819 τὸν
3355 763 3607 834 Χριστόν.
3637 762 3753 813 Ἵνα
3791 758 3905 828 γάρ

646 857 818 928 ἔχοιεν
864 860 963 924 τὰς
1031 862 1183 932 παρὰ
1242 865 1349 917 τῶν
1409 864 1553 918 λαῶν
1618 866 1987 939 δωροφορίας,
2032 867 2093 921 οὐ
2157 868 2503 940 προσήκαντο
2550 867 2641 925 τὸν
2683 867 2777 921 τοῦ
2835 863 3155 937 ἀμπελῶνος
3214 859 3497 927 δεσπότην,
3545 856 3675 908 ῐδιον
3714 852 3904 905 ποιού-

648 971 800 1024 μενοι
840 955 1039 1027 κλῆρον
1070 958 1161 1011 τὸν
1205 958 1353 1030 αύτῷ
1420 961 1513 1014 καὶ
1565 961 1711 1034 μόνῳ
1766 962 2050 1034 πρέποντά
2095 980 2155 1016 τε
2195 962 2287 1016 καὶ
2324 962 2690 1033 ὀφειλόμενον.
2736 958 3095 1014 Ἀπεκτόνασι
3139 955 3249 1025 γὰρ
3287 951 3462 1006 ἀθῶον
3514 949 3642 1002 ὅντα
3685 945 3780 1000 καὶ
3825 944 3903 995 δίο

645 1065 819 1110 καιον,
870 1048 1049 1103 καίτοι
1100 1049 1194 1103 τοῦ
1239 1050 1403 1122 νόμου
1458 1052 1741 1122 λέγοντος⁶
1797 1073 1816 1107 ι
1869 1054 2070 1109 ’Δθῶον
2123 1055 2218 1108 καὶ
2248 1053 2458 1108 δίκαιον
2483 1055 2583 1108 οὐκ
2610 1055 2945 1115 ἀποκτενεῖς.
2986 1070 3004 1102 ι

723 1140 889 1195 Vens.
917 1142 1009 1195 24.
1051 1141 1260 1198 Idcirco
1313 1147 1424 1200 haec
1452 1147 1579 1201 dicit
1610 1149 1915 1203 dominator
1955 1149 2211 1204 Dominus

649 1230 921 1286 Sabaoth:
955 1231 1042 1287 Vae
1072 1234 1232 1300 forte:
1255 1234 1467 1292 Israel:
1502 1255 1605 1292 non
1638 1240 1858 1293 cenabit
1894 1241 2033 1295 enim
2065 1242 2216 1309 {uror

651 1338 794 1376 meus
867 1334 1048 1378 contra
1093 1328 1446 1396 adversarios,
1478 1339 1527 1384 et
1556 1330 1824 1400 judicium
1864 1333 1932 1387 de
1987 1333 2216 1387 inimicis

649 1414 776 1465 meis
813 1411 1029 1478 faciam.

718 1503 924 1561 Causas
958 1522 1056 1562 cur
1095 1509 1317 1577 perierit
1346 1510 1651 1566 Jerusalem
1678 1512 1844 1567 refert
1890 1513 1943 1568 in
1987 1527 2079 1568 eos
2125 1512 2217 1581 qui

651 1594 1009 1667 principatum
1048 1599 1382 1667 obtinebant,
1440 1611 1495 1656 et
1522 1618 1654 1658 sane
1708 1604 1925 1659 merito.
1963 1602 2217 1672 Sequitur

650 1688 794 1742 enim
839 1686 959 1743 illos
1001 1701 1058 1744 ut
1098 1692 1389 1759 plurimum
1422 1694 1611 1765 vulgus
1641 1697 1782 1766 quod
1828 1696 1960 1765 ipsis
1994 1698 2213 1751 Subest;

2391 1148 2496 1203 Διὰ
2540 1149 2715 1204 τοῦτο
2749 1147 2889 1202 τάδε
2926 1144 3086 1214 λέγει
3140 1145 3173 1197 ό
3216 1139 3518 1204 δεσπότης
3550 1134 3763 1201 Κύριος
3797 1133 3907 1183 Σα-

2323 1242 2475 1296 ϐαὼθ
2496 1257 2509 1271 ·
2550 1240 2691 1294 Οὐαί
2735 1242 2789 1293 οἱ
2818 1239 3134 1306 ἰσχύοντες
3183 1230 3429 1301 Ἰσραήλ
3453 1244 3465 1256 ⁶
3506 1228 3577 1281 οὐ
3606 1225 3902 1278 παύσεται

2322 1333 2435 1405 γάρ
2467 1351 2581 1399 μου
2617 1336 2650 1387 ό
2681 1330 2864 1400 θυμός
2889 1331 2959 1384 ἐν
2988 1329 3113 1395 τοῖς
3140 1323 3538 1386 ὑπεναντίοις,
3563 1317 3662 1372 καὶ
3699 1315 3905 1383 κρίσιν

2323 1426 2391 1480 ἐκ
2421 1425 2541 1479 τῶν
2564 1424 2792 1493 ἐχθρῶν
2812 1440 2931 1492 μου
2959 1420 3207 1485 ποιήσω.

2396 1519 2503 1571 Τοῦ
2538 1516 2910 1587 κατεφθάρθαι
2944 1515 3043 1585 τὴν
3092 1506 3444 1580 Ἰερουσαλὴμ
3481 1500 3764 1571 ἀνατίθησι
3802 1498 3904 1561 τὰς

2324 1610 2503 1673 αἰτίας
2534 1611 2645 1672 τοῖς
2672 1605 3026 1677 καθηγεῖσθαι
3051 1601 3294 1672 λαχοῦσι,
3346 1598 3438 1651 καὶ
3479 1594 3622 1665 μάλα
3657 1593 3903 1652 εἰκότως.

2327 1699 2558 1752 Ἔπεται
2607 1696 2715 1766 γὰρ
2755 1694 2849 1747 ἐπὶ
2889 1695 2995 1746 πᾶν
3028 1691 3209 1751 αὐτοῖς
3251 1687 3311 1740 τὸ
3350 1686 3609 1754 ὑπήκοον⁸
3653 1678 3908 1747 καθάπερ

649 1778 1100 1847 quemadmodum
1131 1793 1279 1840 certe
1316 1794 1371 1840 et
1409 1796 1679 1855 pastores,
1710 1787 1912 1857 quibus
1950 1786 2225 1857 subjectus

2333 1789 2521 1860 ἀμέλει
2551 1788 2779 1849 καὶτοῖς
2809 1782 3030 1855 ποιμέσι
3065 1780 3133 1834 τά
3167 1778 3271 1832 ὑπὸ
3304 1780 3459 1849 χεῖρα
3494 1774 3807 1843 θρέμματα.
3842 1768 3909 1820 Εἰ

651 1877 757 1932 est,
787 1884 942 1943 grex.
964 1869 1019 1925 Si
1042 1872 1185 1926 enim
1213 1873 1279 1929 ad
1310 1874 1527 1944 pinguia
1552 1874 1672 1930 illos
1694 1885 1744 1930 et
1781 1877 1995 1946 cupiosa
2027 1875 2223 1946 prsidia

653 1962 940 2026 deducant,
969 1962 1263 2020 babitiores
1309 1967 1543 2029 evadent
1586 1967 1661 2021 illi
1688 1976 1744 2023 et
1784 1968 1922 2024 bene
1962 1967 2225 2036 saginati;

654 2052 738 2107 sin
786 2052 841 2107 in
891 2063 1089 2110 terram
1144 2055 1343 2112 salsam
1395 2066 1451 2111 et
1506 2057 1785 2126 spinarum
1839 2057 2107 2121 altricem,
2145 2057 2228 2110 in-

654 2142 773 2196 edia
813 2144 933 2199 illos
971 2146 1200 2216 perdent
1243 2161 1308 2201 ac
1351 2147 1640 2217 periment.
1686 2147 1830 2203 Idem
1863 2157 1919 2202 et
1956 2147 2007 2200 in
2070 2146 2226 2200 nobis

656 2235 788 2304 ipsis
817 2250 1009 2292 verum
1029 2250 1149 2293 esse
1180 2237 1534 2293 inveniemus.
1573 2237 1709 2294 Nam
1760 2235 2224 2307 interpretationi-

656 2329 756 2382 bus
788 2327 913 2396 illis,
951 2343 1073 2398 quae
1115 2329 1181 2383 ad
1230 2330 1634 2395 rectitudinem,
1683 2329 1965 2391 virtutem,
2023 2328 2226 2395 Deique

657 2418 905 2474 notitiam
940 2419 1270 2489 inculpatam
1326 2420 1620 2484 adducunt,
1682 2435 1833 2475 mens
1887 2434 2075 2475 eorum
2131 2417 2221 2485 qui

658 2507 942 2563 initiantur
972 2516 1027 2563 et
1054 2507 1441 2574 informantur,
1467 2508 1793 2564 fecundatur
1821 2508 1977 2577 quasi
2014 2517 2068 2562 et
2102 2507 2222 2575 pin-

658 2598 909 2665 guescit:
943 2599 1184 2654 consiliis
1216 2613 1344 2654 vero
1374 2599 1439 2655 ad
1482 2600 1812 2667 impietatem
1858 2598 2222 2667 vergentibus,

659 2687 726 2741 ad
779 2702 969 2743 rerum.
1028 2688 1330 2757 turpiorum
1406 2689 1731 2744 desiderium
1807 2689 2225 2757 aviditatemque

657 2794 819 2846 quam
847 2778 1101 2835 facillime
1122 2780 1411 2837 delabitur.
1438 2779 1569 2835 Tale
1591 2782 1845 2850 quiddam
1874 2780 2017 2850 passi
2052 2779 2223 2835 Israe-

659 2872 764 2928 lita:
819 2868 1132 2928 Scribarum
1166 2886 1230 2927 ac
1286 2870 1680 2926 Pharisaeorum
1724 2870 2101 2926 traditionibus
2139 2878 2223 2924 at-

658 2977 765 3032 que
792 2961 1079 3025 doctrinis.
1118 2962 1302 3018 miseri
1331 2962 1718 3031 disperierunt.
1748 2960 1863 3015 Non
1897 2961 2042 3015 enim
2079 2960 2223 3016 sine-

654 3053 787 3108 bant
810 3067 903 3109 eos
930 3066 1115 3109 veram
1135 3061 1191 3106 et
1217 3053 1565 3107 servatrieem
1588 3052 1727 3106 viam
1752 3051 2021 3115 insistere,
2047 3051 2213 3117 viam,

2326 1883 2433 1952 γάρ
2471 1879 2857 1950 ἀποκομίζοιεν
2901 1879 2981 1939 εἰς
3026 1873 3187 1927 πίονά
3226 1889 3284 1925 τε
3318 1869 3460 1924 αὑτά
3488 1867 3587 1952 και
3616 1861 3908 1952 ἀμφιλαξῇ

2326 1944 2516 2042 νομὴν,
2545 1944 2793 2039 εὕρωστά
2827 1984 2887 2018 τε
2922 1960 3031 2018 εἶεν
3074 1961 3139 2015 ἂν
3167 1960 3259 2014 καὶ
3296 1954 3541 2025 εὐτραφῆ
3578 1950 3720 2048 λίαν-ο
3763 1944 3909 2048 εἰ-δὲ

2327 2065 2406 2126 εἰς
2431 2040 2537 2130 γῆν
2576 2059 2790 2130 ἁλμάδα
2818 2057 2912 2111 καὶ
2938 2052 3189 2110 ἀκανθῶν
3230 2048 3461 2121 μητέρα,
3502 2040 3910 2130 καταφθεροῦσι

2328 2127 2546 2215 πάντως
2596 2127 2739 2204 αύτά
2795 2149 2912 2209 ταῖς
2966 2140 3408 2213 κακοσιτ[ε]ίαις.
3458 2132 3710 2188 Τοιοῦτόν
3741 2147 3793 2182 τι
3821 2127 3910 2196 ἐφ’

2326 2241 2482 2313 ἡμῶν
2513 2239 2691 2295 αὐτῶν
2724 2237 2920 2308 ἀληθὲς
2959 2236 3019 2288 ὃν
3066 2234 3389 2303 εὑρήσομεν.
3433 2225 3766 2295 Είσηγήσεσι
3808 2221 3912 2313 μὲν

2326 2312 2433 2405 γάρ
2455 2335 2574 2396 ταῖς
2609 2332 2689 2394 είς
2715 2327 2982 2400 ὀρθότητά
3004 2343 3064 2378 τε
3095 2324 3191 2378 καὶ
3223 2319 3424 2393 ἀρετὴν
3453 2318 3547 2372 καὶ
3575 2312 3911 2383 θεογνωσίαν

2326 2425 2623 2497 ἀμώμητον
2682 2422 2712 2474 ό
2751 2420 2859 2474 τῶν
2917 2411 3448 2484 παιδαγωγουμένων
3488 2405 3911 2497 καταπιαίνεται

2324 2515 2468 2579 νοῦς.
2498 2515 2629 2574 Ταῖς
2654 2529 2715 2580 γε
2739 2510 2844 2580 μὴν
2870 2509 2949 2571 εἰς
2975 2505 3297 2575 ἀνοσιότητα
3317 2499 3669 2571 συμϐουλίαις
3697 2496 3912 2565 ἐτοιμόο

2323 2625 2461 2661 τατα
2485 2605 2754 2675 καταρρεῖ
2785 2601 2921 2671 πρὸς
2944 2600 3042 2671 τὴν
3064 2596 3172 2650 τῶν
3203 2592 3489 2663 αἰσχιόνων
3520 2588 3705 2659 ἕερεσίν
3734 2603 3793 2639 τε
3816 2585 3913 2639 καὶ

2326 2695 2653 2767 προθυμίαν.
2706 2690 2958 2745 Τοιοῦτόν
3011 2707 3065 2742 τι
3109 2684 3438 2746 πεπονθότες
3486 2683 3534 2735 οἱ
3588 2679 3649 2743 ἐξ
3692 2677 3914 2748 Ἰσραὴλ

2324 2792 2444 2852 ταῖς
2486 2787 2592 2841 τῶν
2645 2783 3024 2856 Γραμματέων
3076 2782 3170 2836 κα)⁸
3222 2776 3529 2850 Φαρισαίων
3574 2772 3914 2845 παραδόσεσι

2325 2881 2417 2932 καὶ
2440 2877 2809 2939 διδασκαλίαις
2839 2877 2889 2928 οἱ
2922 2874 3148 2936 τάλανες
3171 2870 3505 2924 διολώλασιν.
3541 2867 3616 2920 Οὐ
3646 2864 3756 2935 γὰρ
3784 2864 3915 2916 εῖων

2325 2972 2521 3032 αὐτοὺς
2569 2968 2665 3038 τὴν
2712 2966 2887 3036 ἀληθῆ
2936 2964 3030 3018 καὶ
3079 2963 3340 3032 σωτήριον
3385 2960 3520 3013 ἱέναι
3566 2957 3773 3027 τρίϐον,
3810 2955 3916 3023 τὴν

2325 3056 2412 3110 διὰ
2445 3056 2679 3116 πίστεως
2703 3053 2867 3121 λέγω,
2889 3052 2991 3120 τῆς
3029 3052 3109 3113 εἰς
3145 3050 3234 3103 τὸν
3268 3048 3471 3119 Κύριον
3506 3046 3663 3117 ἡμῶν
3704 3042 3916 3113 Ἰησοῦν

663 3146 912 3215 inquam,
943 3158 1040 3214 per
1074 3142 1256 3204 ﬁdem.
1301 3159 1421 3213 qua?
1452 3152 1537 3200 est
1572 3144 1625 3198 in
1669 3143 1952 3198 Dominum
1981 3115 2223 3198 nostrum

2333 3145 2583 3217 Χριστόν.
2603 3115 2713 3198 καὶ
2742 3115 2871 3211 γοῦν
2906 3115 3273 3211 τεθεράπευκε
3311 3115 3408 3209 μέν
3430 3115 3615 3191 τὸν-ἐκ
3648 3136 3916 3204 γεννητῆς

659 3233 841 3289 Iesum
871 3233 1172 3290 Christum.
1205 3233 1481 3303 Siquidem
1509 3244 1702 3290 curato
1727 3249 1815 3299 eo,
1846 3235 1938 3304 qui
1980 3234 2050 3288 ab
2102 3242 2225 3288 ortu

660 3340 836 3381 caecus
860 3335 1003 3394 erat,
1019 3341 1144 3383 cum
1167 3341 1262 3396 per
1282 3334 1447 3381 totam
1468 3325 1770 3382 Jerusalem
1791 3327 1959 3382 divini
1983 3327 2226 3382 miraculi

668 3416 1095 3487 magnitudinem
1114 3418 1533 3485 admirarentur,
1548 3434 1779 3489 cumque
1805 3419 1849 3475 is
1870 3421 1961 3489 qui
1989 3434 2019 3473 a
2042 3421 2230 3475 morbo

663 3508 925 3565 liberatus
953 3516 1060 3572 est,
1089 3509 1358 3565 medicum
1387 3510 1726 3579 praedicaret,
1776 3510 1981 3566 diserte
2025 3510 2228 3564 clama-

666 3599 1132 3669 runt,bi.quorum
1161 3616 1363 3656 munus
1385 3611 1504 3657 erat
1530 3602 1597 3656 ad
1626 3602 1904 3657 veritatem
1924 3602 2225 3657 instruere:

669 3709 691 3742 ι
722 3692 795 3746 Da
822 3690 1046 3761 gloriam
1074 3692 1204 3755 Deo,
1238 3706 1335 3748 nos
1389 3691 1591 3747 scimus
1622 3692 1764 3748 hunc
1801 3693 2072 3750 hominem
2108 3707 2233 3761 pec-

664 3788 905 3834 catorem
933 3780 1136 3836 esse".
1173 3797 1194 3831 ι
1232 3779 1487 3835 Testatur
1516 3790 1778 3851 praeterea
1809 3783 2024 3851 quidam
2052 3798 2083 3837 e
2109 3798 2232 3837 san-

662 3870 774 3925 rtis
799 3869 1148 3941 evangelistis
1188 3869 1299 3937 jam
1341 3874 1661 3927 convenisse
1706 3871 1925 3927 Scribas
1959 3882 2013 3928 et
2045 3873 2232 3927 Phari-

660 3973 822 4025 ποθ.
874 3968 936 4015 ιιι
986 3961 1077 4030 qui
1117 3960 1266 4015 illum
1317 3961 1668 4018 conﬁteretur
1712 3977 1834 4019 esse
1890 3964 2163 4019 Christum
2200 3981 2229 4019 a

663 4053 1044 4107 communione
1070 4052 1330 4109 Ecclesiae
1371 4062 1768 4125 segregaretur.
1821 4055 2054 4121 idcirco,
2102 4057 2230 4111 dum

667 4145 927 4212 pudorem
959 4158 1024 4199 ac
1044 4146 1429 4211 reverentiam,
1452 4161 1614 4213 quam
1648 4162 1774 4218 erga
1806 4163 1864 4204 se
1894 4147 1995 4216 ipsi
2026 4149 2229 4204 balineo

668 4244 835 4300 runt,
886 4235 1049 4291 saluti
1112 4250 1224 4292 sua
1284 4237 1783 4306 imprudentissime
1852 4241 2230 4308 anteferrent;

661 4328 891 4382 omnino
918 4326 1102 4397 gloriae
1147 4340 1268 4397 qua:
1298 4343 1329 4383 a
1361 4327 1471 4383 Deo
1518 4336 1604 4385 est
1650 4328 1839 4385 inanes
1878 4342 2235 4401 expertesqne

666 4422 1015 4477 exstiterunt.
1042 4418 1196 4486 Quod
1223 4418 1332 4476 illis
1352 4420 1690 4476 denuntiavit
1717 4421 2007 4479 Servatur:
2044 4442 2062 4475 ι
2089 4422 2234 4492 Quo~

2333 3237 2552 3306 τυφλὸν,
2601 3235 2696 3289 καὶ
2733 3232 3112 3304 τεθαυμάκασι
3162 3231 3261 3299 μὲν
3309 3232 3358 3283 οί
3393 3228 3535 3283 κατά
3584 3229 3762 3280 πᾶσαν
3813 3224 3917 3294 τὴν

2346 3328 2702 3399 Ἰερουσαλὴμ
2724 3327 2823 3397 τῆς
2858 3324 3181 3394 θεοσημείας
3218 3322 3279 3374 τὸ
3306 3321 3555 3392 μέγεθος,
3586 3317 3916 3387 κηρύττοντι

2332 3421 2389 3474 δὲ
2411 3420 2502 3473 τὸν
2535 3418 2714 3488 ίατρδν
2739 3417 2819 3487 τῷ
2842 3415 2935 3470 τοῦ
2964 3414 3169 3477 πάθους
3193 3411 3599 3481 ἀπηλλαγμένῳ
3618 3409 3916 3479 διαρρήδην

2335 3510 2573 3579 ἔφασκον
2626 3510 2677 3562 οί
2737 3508 3105 3577 παιδαγωγεῖν
3164 3504 3468 3574 ὀφείλοντες
3518 3502 3593 3564 εἰς
3633 3500 3914 3569 ἀλήθειαν·

2342 3621 2360 3653 ι
2392 3601 2490 3664 Δὸς
2517 3599 2674 3664 δόξαν
2711 3598 2787 3667 τῷ
2817 3598 2957 3669 Θεῷ,
2988 3598 3147 3668 ἡμεῖς
3185 3596 3405 3667 οἴδαμεν
3454 3595 3536 3647 ὃτι
3566 3588 3719 3654 οὗτος
3759 3593 3787 3643 ό
3818 3590 3917 3642 ἄν.

2336 3691 2552 3763 θρωπος
2568 3689 2893 3762 ἁμαρτωλός
2918 3691 3115 3741 ἐστιν.»
3136 3686 3600 3757 Ἐπιμαρτύρεται
3620 3684 3677 3736 δέ
3698 3700 3781 3743 τις
3804 3679 3920 3732 τῶν

2336 3781 2508 3851 ἁγίων
2545 3780 2978 3850 εὐαγγελιστῶν,
3010 3780 3093 3832 ὄτι
3126 3778 3227 3849 ἤδη
3262 3776 3625 3831 συνετέθειντο
3651 3776 3701 3827 οἱ
3736 3776 3922 3845 Γραμ-

2340 3878 2527 3945 ματεῖς
2554 3873 2647 3927 καί¹
2672 3876 2721 3926 0i
2741 3874 3044 3942 Φαρισαῖοι,
3076 3871 3164 3922 ἴνα
3184 3870 3279 3923 ἐάν
3307 3885 3389 3931 τις
3417 3867 3577 3920 αὑτὸν
3604 3866 3920 3937 ὁμολογήσῃ

2336 3967 2591 4038 Χριστὸν,
2624 3963 3048 4031 ἀποσυνάγωγος
3082 3961 3327 4031 γένηται.
3360 3958 3544 4029 Ταύτῃ
3578 3975 3657 4009 τοι
3693 3957 3787 4008 καὶ
3816 3956 3917 4026 τὴν

2338 4059 2415 4122 είς
2444 4057 2703 4128 ἀλλήλους
2730 4054 2861 4109 αἰδῶ
2895 4054 2996 4124 τῆς
3037 4053 3245 4106 ἑαυτῶν
3278 4050 3549 4121 σωτηρίας
3581 4047 3919 4101 ἀϐουλότατα

2338 4148 2823 4222 προτετιμηκότες,
2863 4147 3117 4219 ἀμέτοχοι
3154 4144 3433 4206 παντελῶς
3463 4142 3560 4212 τῆς
3595 4140 3745 4210 παρά
3776 4139 3915 4191 Θεοῦ

2342 4244 2679 4315 μεμενήκασι
2706 4240 2883 4310 δόξης.
2918 4241 3028 4294 Καὶ
3058 4237 3214 4291 τοῦτο
3240 4237 3423 4298 αὐτοῖς
3452 4233 3689 4302 ἔφασκεν
3735 4233 3762 4283 ὁ
3802 4231 3919 4282 Σω-

2337 4338 2460 4408 τήρ·
2502 4353 2521 4386 ι
2564 4335 2687 4398 Πῶς
2715 4332 2943 4387 δύνασθε
2980 4329 3253 4384 πιστεύειν
3294 4327 3452 4391 δόξαν
3499 4324 3631 4394 παρ’
3670 4322 3920 4391 ἀλλήλων

2339 4424 2726 4495 λαμϐάνοντες,
2754 4422 2849 4475 καί⁹
2874 4421 2973 4490 τὴν
2994 4419 3150 4485 δόξαν
3176 4418 3274 4488 τὴν
3301 4416 3448 4487 παρὰ
3470 4414 3564 4467 τοῦ
3594 4414 3752 4484 μόνου
3779 4408 3917 4462 Θεοῦ

669 4514 832 4568 modo
875 4513 1105 4582 potestis
1142 4514 1387 4576 credere,
1435 4513 1665 4585 gloriam
1716 4531 1746 4570 a
1788 4517 1940 4572 vobis
2000 4517 2232 4574 invicem

2339 4520 2398 4572 οὐ
2431 4519 2678 4587 ζητεῖτε;
2716 4533 2735 4565 ι
2778 4514 2892 4567 Καὶ
2948 4512 3053 4583 μὴν
3108 4509 3202 4564 καὶ
3247 4506 3472 4582 ἑτέρωθι
3497 4523 3509 4535 ’
3549 4523 3569 4557 ι
3600 4503 3735 4557 Οὐαὶ
3788 4503 3918 4571 ύμῖν

666 4602 1054 4673 peneipientes.
1085 4603 1426 4672 etgloriam,
1462 4620 1582 4673 quia:
1610 4620 1638 4658 a
1667 4605 1782 4661 solo
1812 4605 1923 4662 Deo
1967 4617 2071 4672 est,
2128 4624 2234 4663 non

666 4694 1029 4766 quaerentes"
1052 4694 1077 4747 2
1100 4714 1120 4746 ι
1152 4694 1216 4753 Et
1246 4696 1408 4751 ctiam
1439 4697 1635 4751 alicubi
1661 4715 1677 4749 :
1713 4716 1732 4748 ι
1756 4698 1849 4753 Vae
1878 4700 2053 4761 vobis,
2082 4701 2234 4755 Scri-

670 4789 836 4841 ha‘et
862 4784 1117 4843 Pharisaei
1165 4787 1498 4857 hypocritre,
1534 4788 1788 4855 quoniam
1842 4790 2090 4845 cianditis
2152 4806 2235 4845 re-

669 4893 832 4946 gnum
875 4878 1223 4937 ctelornm".
1260 4898 1280 4930 ι
1332 4877 1658 4933 Scandalum
1709 4879 1873 4950 igitur
1930 4880 2059 4934 facti
2109 4892 2236 4935 sunt

668 4964 883 5033 populo,
920 4975 974 5020 et
1019 4977 1219 5021 contra
1251 4966 1589 5036 maiestatem
1615 4966 1818 5023 Christi
1849 4970 2111 5025 continue
2140 4986 2237 5039 pu-

666 5063 853 5123 gnant.
880 5055 1159 5128 28mm:
1193 5060 1374 5128 itaque
1404 5060 1537 5114 dicit
1566 5058 1633 5113 de
1664 5058 1771 5113 illis
1799 5078 1815 5112 :
1863 5079 1883 5112 ι
1922 5060 2012 5116 νω
2053 5071 2241 5132 poten-

668 5147 835 5201 tibus.
851 5144 969 5202 Non
1003 5148 1238 5204 cessabit
1267 5150 1414 5209 enim
1442 5149 1597 5205 furor
1627 5164 1781 5205 meus
1815 5162 2002 5206 contra
2036 5155 2237 5218 hostes,

666 5248 719 5290 et
757 5236 1023 5304 judicium
1062 5239 1129 5295 de
1171 5239 1405 5295 inimicis
1443 5240 1578 5295 meis
1605 5242 1894 5297 exercebo.
1949 5261 1968 5295 ι
2004 5241 2239 5299 Videsne

666 5342 775 5394 quo
805 5338 963 5397 pacto
988 5330 1333 5385 adversarios
1368 5330 1513 5396 illos,
1541 5339 1597 5385 et
1635 5332 1854 5400 quidem
1904 5333 2089 5388 hostes
2137 5350 2233 5402 ap-

552 5464 556 5469 .
668 5419 873 5484 pellet?
898 5418 963 5477 Et
996 5420 1050 5475 in
1085 5420 1207 5475 illos
1249 5422 1489 5478 maxime
1521 5422 1760 5477 divinam
1809 5423 1945 5477 iram
1986 5426 2233 5480 incursu-

668 5523 784 5562 ram
824 5524 890 5564 ac
920 5510 1233 5565 saevituram
1256 5512 1355 5567 ait.
1390 5513 1497 5567 Par
1522 5513 1668 5569 enim
1703 5513 1823 5579 fuit,
1860 5530 1959 5583 par
1998 5515 2099 5569 fuit
2130 5517 2237 5584 ple-

668 5599 739 5653 cti
790 5599 1009 5677 gravius
1038 5614 1152 5661 eos,
1196 5611 1249 5656 et
1289 5600 1556 5671 iudicanti
1608 5605 1849 5659 rationes
1899 5605 2125 5660 reddere
2169 5606 2235 5661 de

741 5751 783 5784 ’δ’
816 5751 984 5806 Exod.
1010 5767 1165 5819 χλιιι,
1202 5753 1254 5807 7.
1327 5754 1375 5793 τ’
1410 5754 1563 5815 Joan.
1595 5776 1671 5828 tv,
1705 5760 1790 5816 ii.
1871 5760 1911 5791 “
1939 5758 2095 5815 Joan.
2125 5776 2176 5824 v,
2232 5761 2318 5815 ii.

2340 4611 2693 4680 Γραμματεῖς
2714 4607 2808 4661 καὶ
2835 4608 3112 4677 Φαρισαῖοι
3137 4600 3449 4672 ὑποκριταὶ,
3470 4600 3551 4652 ὅτι
3584 4596 3791 4651 κλείετε
3816 4596 3919 4665 τὴν

2344 4700 2621 4770 βασιλείαν
2656 4698 2763 4752 τῶν
2792 4696 3086 4769 οὐρανῶν.)
3124 4692 3422 4748 Σκάνδαλον
3451 4690 3629 4744 τοίνυν
3658 4688 3918 4756 γεγόνασι

2340 4793 2452 4853 τοῖς
2484 4788 2652 4852 λαοῖς,
2677 4790 2772 4842 καὶ
2804 4790 2867 4858 τῇ
2898 4788 3022 4859 δόξῃ
3050 4783 3285 4855 Χριστοῦ
3322 4781 3683 4853 πολεμοῦντες
3710 4780 3772 4831 οὐ
3803 4778 3919 4829 διαο

2341 4879 2722 4950 λιμπάνουσιν.
2752 4878 2934 4949 Ταύτῃ
2963 4893 3044 4929 τοι
3076 4876 3202 4946 περὶ
3223 4872 3401 4928 αὐτῶν
3430 4886 3623 4941 φησιν’
3661 4889 3679 4920 ι
3705 4870 3841 4921 Οὐαὶ
3866 4871 3918 4921 οἱ

2340 4968 2632 5039 ἰσχύοντες.
2658 4968 2734 5020 Ού
2757 4967 3024 5021 παύσεται
3052 4966 3159 5034 γάρ
3198 4980 3297 5034 μου
3328 4964 3356 5014 ὁ
3382 4961 3551 5032 θυμὸς
3585 4962 3649 5013 ἐκ
3674 4958 3783 5011 τῶν
3815 4959 3915 5011 ὐπ-

2335 5059 2614 5121 εναντίων,
2652 5060 2745 5111 καὶ
2781 5057 2957 5127 κρίσιν
2994 5058 3058 5108 ἐκ
3086 5053 3192 5107 τῶν
3226 5051 3436 5123 ἐχθρῶν
3483 5067 3584 5120 μου
3619 5050 3853 5117 ποιήσω,
3895 5066 3915 5100 ι

2348 5154 2508 5225 Ὁρᾷς
2532 5153 2678 5213 ὅπως
2703 5150 2978 5211 ἐναντίους
3002 5164 3061 5200 τε
3089 5146 3285 5208 αὐτοὺς
3313 5144 3406 5197 mi.
3433 5141 3537 5213 μὴν
3561 5142 3655 5194 καὶ⁸
3688 5140 3918 5210 ἐχθροὺς

2334 5244 2627 5314 όνομὰξει;
2678 5241 2788 5296 Καὶ
2823 5241 2909 5292 ἐπ’
2952 5238 3147 5301 αὐτοὺς
3201 5235 3264 5306 δὴ
3321 5234 3555 5305 μάλιστα
3606 5232 3675 5285 τὰ
3716 5234 3781 5284 ἐκ
3818 5232 3920 5298 τῆς

2344 5333 2492 5396 θείας
2517 5332 2686 5404 ὀργῆς
2710 5327 3032 5399 δραμεῖσθαί
3062 5323 3403 5395 φησιν.Ἔδει
3436 5322 3563 5393 γὰρ,
3599 5320 3704 5373 ἔδει
3734 5318 3920 5390 μειζόο

2343 5443 2449 5487 vni;
2482 5421 2837 5488 κολάζεσθαι,
2880 5420 2973 5473 καὶ
3007 5420 3133 5481 τοὺς
3160 5416 3299 5486 ὑπὲρ
3336 5415 3436 5484 τῆς
3462 5414 3569 5466 τῶν
3598 5412 3772 5466 ἄλλων
3808 5412 3915 5464 ἀπ-

2343 5515 2535 5577 ωλείας
2576 5515 2829 5583 ὑποσχεῖν
2873 5511 2950 5581 τῷ
2982 5510 3219 5580 κρίνοντι
3263 5507 3472 5575 λόγους.
3511 5505 3615 5569 Οὓς
3661 5501 3729 5575 ἦν
3770 5504 3920 5566 εἰκὸς

2343 5607 2596 5661 δύνασθαι
2621 5607 2713 5660 καὶ
2739 5602 3020 5667 διασώζειν
3054 5603 3269 5667 αὐτοὺς,
3302 5602 3459 5671 εἴπερ
3492 5599 3680 5671 ἤθελον
3701 5598 3839 5670 όρθά
3857 5615 3917 5651 τε

2399 5764 2435 5792 ἐ
2468 5760 2661 5813 Matth.
2690 5775 2844 5824 χχιιι,
2885 5758 2964 5811 l3.
