5176 6496
758 436 829 490 57
1928 432 1992 486 IN
2035 431 2262 488 ISAIA.“
2307 430 2436 486 ιω.
2479 432 2519 487 l.
2563 431 2772 488 onsr.
2813 429 2854 486 ι.
3947 415 4015 468 58

757 558 979 628 φρονεῖν
1028 556 1202 621 αὐτοὶ,
1241 558 1337 610 καὶ
1367 557 1478 618 τοῖς
1508 554 1690 620 ἀλλοις
1720 555 1925 609 ἅπασιν
1957 556 2056 627 τὴν
2090 557 2168 619 εἰς
2191 555 2350 608 τοῦτο
2376 555 2422 612 Δ
2452 553 2680 607 aliorum
2710 553 2801 606 intt

1974 556 2056 627 τὴν
2090 557 2168 619 εἰς
2191 555 2350 608 τοῦτο
2376 555 2422 612 Δ
2452 553 2680 607 aliorum
2710 549 2954 612 interitu,
2984 559 3147 616 quam
3171 542 3456 614 prohibere
3483 551 3549 593 ac
3575 534 3892 608 propulsare
3920 549 4018 603 po-

759 649 1181 719 διακομίζουσαν
1223 645 1537 713 καταδεῖξαι
1575 647 1782 718 τρίϐον.
1828 645 2128 716 Ἐπεφὼνει
2177 647 2271 700 καὶ
2317 648 2348 699 ὁ

760 739 1051 801 Θεσπέσιος
1085 736 1344 808 Ἰωάννης
1367 737 1552 801 αὐτοῖς
1581 738 1676 791 ἐπὶ
1694 735 1754 790 τὸ
1775 736 1876 807 τῆς
1899 735 2185 807 μετανοίας
2209 734 2348 788 ἰοῦσι

761 832 1068 904 βάπτισμαο
1103 850 1124 884 ι
1158 831 1479 902 Γεννήματα
1503 830 1750 901 ἐχιδνῶν,
1785 828 1867 894 τίς
1895 829 2173 894 ὑπέδειξεν
2198 829 2346 898 ὑμῖν,

763 926 959 993 φυγεῖν
1004 923 1118 978 άπὸ
1159 925 1258 996 τῆς
1309 924 1578 995 μενούσης
1624 923 1834 994 ὀργῆς;
1869 943 1889 976 i
1933 923 2126 989 Γέγονε
2167 922 2350 976 τοίνυν

765 1014 1046 1084 ἐκδίκησις
1075 1014 1225 1085 παρά
1254 1013 1390 1068 Θεοῦ
1424 1014 1568 1068 κατά
1601 1015 1709 1068 τῶν
1747 1013 2058 1084 ίσχυόντωνο
2093 1013 2346 1083 μάλιστα,

766 1104 912 1158 τοῦτ’
949 1104 1065 1158 ἔστι
1088 1145 1103 1168 ,
1128 1104 1236 1157 τῶν
1266 1107 1396 1177 παρ’
1421 1106 1604 1169 αὐτοῖς
1631 1104 1893 1170 δυνατῶν,
1924 1106 2090 1176 ἤγουν
2112 1103 2349 1176 ἡγουμέ-

768 1215 891 1257 νων.
928 1197 1376 1271 καταδῃωθείσης
1411 1197 1592 1251 αὐτῶν
1625 1198 1722 1268 τῆς
1773 1196 1958 1267 χώρας
1987 1197 2084 1251 καὶ
2108 1195 2350 1267 παραδο-

767 1290 954 1360 θείσης
1006 1293 1121 1355 τοῖς
1164 1291 1452 1360 Ῥωμαίων
1503 1290 1906 1359 γενναιοτάτοις
1955 1287 2344 1360 στρατεύμασι.

763 1382 876 1434 Καὶ
913 1380 1075 1434 τοῦτο
1118 1382 1301 1445 αὐτοῖς
1345 1383 1770 1453 προμεμήνυκεν
1815 1382 1844 1433 ὁ
1879 1381 2093 1452 Σωτήρο
2126 1399 2144 1432 ι
2183 1380 2348 1434 Ὅταν

766 1472 909 1525 ίδετε
957 1472 1333 1543 κυκλουμένην
1380 1473 1485 1526 ὑπὸ
1529 1472 1907 1542 στρατοπέδων
1943 1470 2042 1540 τὴν
2082 1472 2352 1543 Ἰερουσα-

762 1563 895 1633 λὴμ.
913 1563 1038 1616 τότε
1068 1564 1246 1634 ἐρεῖτε
1271 1567 1382 1626 τοῖς
1410 1563 1582 1635 ὄρεσι,
1604 1563 1892 1632 Καλύψατε
1918 1565 2066 1634 ἡμᾶς
2083 1579 2097 1594 ο
2121 1563 2350 1625 καὶτοῖς

765 1655 998 1724 βουνοῖς,
1029 1656 1236 1708 Πέσατε
1261 1656 1346 1723 ἐφ’
1385 1657 1550 1726 ἡμᾶς.
1580 1675 1599 1708 ι
1636 1656 1869 1726 Φοὸερὸν
1899 1652 1993 1710 οὖν
2022 1655 2132 1726 ἄρα
2156 1654 2218 1708 τὸ
2247 1656 2349 1724 ἐμ-

764 1749 956 1800 πεσεῖν
983 1748 1064 1811 είς
1096 1749 1284 1819 χεῖρας
1319 1747 1452 1802 Θεοῦ
1499 1748 1720 1813 ζῶντος·
1748 1749 1844 1818 οὐχ
1879 1749 1960 1801 ὅτι
1995 1748 2230 1820 σκληρὸς
2258 1749 2351 1803 καὶ

762 1838 1080 1909 ἀμείλικτος
1101 1857 1113 1870 ·
1153 1840 1391 1909 χρηστὸς
1422 1841 1533 1912 γὰρ
1577 1841 1777 1912 μᾶλλον
1822 1840 1915 1894 καὶ
1941 1840 2141 1908 ἀγαθός
2177 1842 2345 1893 ἐστιν’

763 1927 884 1980 ἀλλ’
916 1929 1000 1981 ὅτι
1058 1928 1310 1984 λυπεῖται
1358 1911 1891 2002 καταφρονούμενος,
1946 1930 2074 1984 ὅταν
2123 1931 2350 1993 ἑαυτοὺς
2384 1911 2427 1967 Β

767 2019 1006 2087 μάλιστα
1048 2022 1156 2075 τῶν
1192 2023 1324 2092 παρ’
1344 2023 1509 2077 αὐτοῦ
1545 2024 1900 2095 χαρισμάτων
1937 2021 2358 2094 ἀποστεροῦμεν

764 2111 952 2180 ἡμεῖς,
983 2113 1159 2165 καίτοι
1186 2112 1362 2183 παρὸν
1388 2114 1527 2168 ἑλεῖν
1554 2132 1613 2167 τε
1640 2115 1930 2178 πλουσίως
1959 2114 2054 2168 καὶ
2079 2115 2352 2184 ἐντρυφᾷν

765 2203 950 2268 αὐτοῖς
972 2205 1245 2275 ἑλομένοις
1272 2207 1440 2260 εἴκειν
1464 2209 1578 2270 τοῖς
1605 2209 1738 2278 παρ’
1755 2206 1920 2262 αὑτοῦ
1945 2207 2148 2278 νόμοις.
2193 2208 2356 2260 Ἀπο-

765 2294 1068 2362 σειομένοις
1097 2313 1156 2349 τε
1184 2299 1312 2361 τοὺς
1340 2299 1609 2369 πονηροὺς
1639 2301 1731 2354 καὶ
1755 2300 2002 2364 ἀνοσίους
2025 2299 2134 2353 τῶν
2160 2301 2218 2352 ἐν
2246 2299 2352 2369 τῷ-

762 2383 816 2436 δε
849 2385 931 2456 τῷ
962 2385 1063 2457 βίῳ
1089 2387 1464 2454 διδασκάλους·
1499 2391 1548 2444 οἶ
1573 2392 1666 2445 καὶ
1693 2392 1792 2462 τῆς
1816 2391 2054 2455 πίστεως
2073 2390 2172 2462 τὴν
2199 2391 2353 2462 ὀρθό-

765 2495 908 2548 τητα
936 2482 1050 2543 τοῖς
1083 2481 1292 2534 ἑαυτῶν
1323 2483 1533 2553 ῥήμασι
1572 2485 1872 2556 παραλύειν
1894 2485 2224 2552 ἐπείγονται,
2256 2484 2352 2537 καὶ

762 2574 888 2634 ταῖς
924 2572 1035 2625 τῶν
1063 2573 1466 2646 άκεραιοτέρων
1505 2576 1708 2647 ψυχαῖς
1749 2576 1852 2648 τῆς
1881 2577 2092 2632 ἑαυτῶν
2125 2577 2351 2648 δυστρο-

767 2661 900 2726 πίας
939 2665 1030 2717 τὸν
1064 2665 1141 2717 ἰὸν
1173 2666 1474 2735 ἐκχέοντες,
1509 2668 1954 2740 παρατρέπουσιν
1983 2670 2154 2734 αὐτάς
2181 2672 2260 2734 εἰς
2290 2671 2352 2723 τὸ

667 2771 675 2777 ·
762 2751 876 2806 δεῖν
900 2754 1123 2810 ἑλέσθαι
1145 2756 1213 2810 τὰ
1237 2759 1465 2830 πονηρά.

829 2929 946 2983 Καὶ
976 2930 1181 2996 ἐπάξω
1214 2931 1330 3000 τὴν
1356 2933 1525 3003 χεῖρά
1551 2953 1672 3004 μου
1697 2935 1796 2990 ἐπὶ
1831 2935 1928 3002 σὲ,
1959 2937 2058 2991 καὶ
2095 2939 2352 3006 πυρώσω

765 3037 836 3076 σε
873 3024 967 3088 εις
996 3023 1279 3091 καθαρὸν,
1315 3023 1457 3089 τοὺς
1503 3023 1571 3077 δὲ
1608 3025 2007 3092 ἀπειθοῦντας
2045 3027 2349 3094 ἀπολέσω,

765 3114 862 3168 καὶ
907 3114 1145 3181 πάντας
1197 3117 1626 3184 ὑπερηφάνους
1672 3117 2036 3172 ταπεινώσω·
2078 3119 2178 3173 καί
2227 3120 2352 3174 ἐπι-

765 3205 981 3302 στήσω
1032 3205 1176 3272 τοὺς
1229 3207 1434 3276 κριτάς
1481 3222 1617 3274 σου,
1659 3210 1740 3274 ὼς
1776 3211 1843 3263 τὸ
1892 3211 2201 3278 πρότερον,
2250 3211 2349 3264 καὶ
2378 3244 2421 3302 C

767 3299 908 3366 τοὺς
945 3301 1334 3368 συμϐούλους
1361 3316 1480 3354 σου
1517 3302 1599 3365 ὡς
1637 3301 1701 3354 τὸ
1729 3301 2030 3371 ἀπαρχῆς.
2065 3303 2175 3357 Καὶ
2203 3302 2360 3372 μετὰ·

768 3391 961 3446 ταῦτα
1000 3392 1284 3462 κληθήσῃ
1325 3395 1503 3460 πόλις
1544 3394 1954 3462 δικαιοσύνης,
1985 3397 2356 3464 μητρόπολις

770 3483 958 3548 πιστὴ
997 3481 1168 3538 Σιών.
1221 3483 1383 3538 Μετὰ
1432 3484 1542 3554 γὰρ
1591 3485 1876 3553 κρίματος
1923 3486 2264 3551 σωθήσεται
2315 3488 2354 3556 ἡ

771 3574 1153 3641 (riualem-la
1196 3572 1410 3642 αὐτῆς,
1443 3574 1542 3628 καὶ
1574 3576 1724 3644 μετὰ
1767 3576 2205 3645 ἐλεημοσύνης.
2243 3577 2354 3633 Καὶ

773 3664 1282 3731 συντριϐήσονται
1306 3668 1360 3718 οι
1398 3665 1609 3732 ἄνομοι
1649 3667 1745 3720 καὶ
1774 3669 1826 3720 oi
1848 3667 2182 3737 ἁμαρτωλοὶ
2212 3667 2353 3738 ἅμα,

777 3753 871 3806 καὶ
915 3757 972 3807 oi
1006 3755 1541 3823 ἐγκαταλείποντες
1570 3757 1679 3811 τὸν
1705 3760 1925 3827 Κύριον
1947 3759 2358 3827 συν-τελεσθή-

778 3860 1012 3899 vortat.

856 3935 1088 4004 Ἐπάγει
1130 3936 1228 4005 τὴν
1274 3937 1436 4007 χεῖρα
1479 3936 1644 3990 αὑτοῦ
1683 3936 1833 4002 Θεὸς,
1882 3937 1960 4001 ὡς
1995 3936 2356 4008 πλήττουσαν’

777 4023 1018 4078 τοιοῦτον
1047 4023 1155 4093 γάρ
1181 4042 1300 4088 πως
1328 4025 1416 4078 ἀεὶ
1443 4025 1554 4078 τῶν
1572 4028 1882 4081 τυπτόντων
1913 4027 1974 4081 τὸ
1999 4027 2206 4098 σχῆμα.
2236 4028 2360 4081 Ὅτι

777 4117 876 4172 οὐκ
894 4117 1154 4188 ἀνόνητος
1176 4117 1330 4170 ἔσται
1353 4117 1630 4182 παντελῶς
1657 4120 1840 4184 αὐτοῖς
1864 4121 1897 4189 ἡ
1923 4121 2021 4191 τῆς
2053 4120 2232 4191 χειρὸς
2257 4121 2360 4172 ἐπ-

777 4209 992 4279 αγωγὴ,
1019 4209 1160 4263 τοῦτ’
1194 4210 1362 4275 ἐστιν,
1399 4213 1432 4282 ὴ
1461 4211 1568 4265 τῶν
1596 4211 1785 4266 δεινῶν
1811 4212 2000 4281 ἔφοδος
2033 4229 2090 4265 τε
2120 4214 2214 4268 καὶ
2239 4216 2359 4267 πεῖ-

781 4320 869 4373 ρα,
896 4301 1020 4356 οὔτε
1052 4301 1156 4372 μὴν
1178 4303 1508 4376 ἁδιακρίτως
1537 4304 1708 4359 ἅπασι
1746 4306 1814 4359 τὰ
1851 4305 1910 4371 ἐξ
1942 4306 2111 4375 ὀργῆς
2153 4306 2363 4377 συμϐή-

783 4413 952 4458 σεται,
1010 4399 1289 4469 φροντίδος
1329 4398 1386 4451 δὲ
1438 4399 1532 4452 καὶ
1577 4399 1791 4467 φειδοῦς
1841 4399 2062 4463 ἀξιώσει
2109 4400 2235 4462 τοὺς
2273 4417 2364 4452 πε-

784 4489 1161 4555 πιστευκότας,
1192 4491 1286 4542 καλ⁵
1311 4491 1424 4552 τοῖς
1451 4489 1692 4558 γνησίοις
1716 4490 2010 4561 άπονεμεῖν
2041 4489 2141 4561 τὴν
2165 4490 2258 4543 ἐπὶ
2286 4489 2376 4560 τῷ·

2449 645 2615 698 tuisse
2647 642 2813 711 ipsos,
2848 633 3141 692 verisimile
3174 641 3256 687 est
3277 671 3294 696 ,
3323 629 3370 685 si
3400 638 3456 686 et
3488 627 3588 695 ipsi
3625 633 3773 680 recte
3805 638 4018 692 sapere,

2445 743 2500 788 et
2539 733 2751 788 caeteris
2796 728 3048 786 omnibus
3106 723 3295 780 callem
3326 737 3394 776 eo
3432 719 3817 788 perducenlem
3863 729 4020 769 mon-

2446 834 2624 880 strare
2650 821 2970 876 voluissent.
2999 811 3335 873 Occlamavit
3364 820 3420 864 et
3445 809 3663 864 divinus
3692 805 3929 860 Joannes
3955 804 4021 856 ad

2447 914 2781 986 paenitentia:
2850 910 3116 980 baptisma
3179 902 3616 960 accedentibus:
3672 916 3690 949 ι
3732 895 4025 965 Progenies

2446 1010 2782 1076 viperarum,
2825 1004 2946 1072 quis
2995 996 3319 1056 monstravit
3375 993 3530 1048 vobis
3593 999 3652 1044 ut
3701 987 4020 1058 iugeretisa

2448 1098 2624 1154 futura
2658 1099 2736 1152 ira
2759 1095 2846 1149 7'?
2875 1114 2892 1148 ι
2925 1093 3149 1160 Sumpta
3184 1098 3267 1144 est
3295 1102 3424 1157 ergo
3459 1083 3592 1138 ullio
3622 1099 3649 1136 a
3685 1081 3795 1135 Deo
3829 1081 3896 1134 de
3929 1093 4026 1147 po-

2450 1191 2684 1246 tentibus
2715 1187 2950 1242 maxime
2987 1180 3330 1253 praesidibus,
3361 1178 3412 1232 id
3449 1183 3555 1240 est,
3590 1172 3683 1243 qui
3730 1169 3869 1241 apud
3903 1168 4026 1223 illos

2447 1292 2604 1338 erant
2653 1287 3032 1351 prmpolentes,
3090 1271 3342 1327 videlicet
3372 1266 3692 1339 principes;
3734 1261 3914 1318 deleta
3946 1259 4025 1324 ip—

2448 1391 2630 1430 sorum
2657 1373 2896 1440 regione,
2921 1380 2972 1422 et
3001 1361 3437 1437 generosissimis
3457 1358 3828 1412 Romanorum
3857 1351 4028 1420 copiis

2447 1466 2716 1535 exposita.
2759 1459 3203 1528 Praesignillcavit
3242 1456 3373 1510 item
3425 1452 3534 1506 illis
3583 1451 3686 1503 hoc
3721 1447 4026 1501 Servatur:

2453 1580 2473 1614 t
2501 1562 2635 1616 Cum
2656 1555 2900 1612 videritis
2917 1550 3215 1608 Jerusalem
3243 1547 3308 1601 ab
3325 1543 3568 1600 exercitu
3589 1539 4026 1597 circumsessam,

2449 1664 2578 1711 tunc
2629 1650 2824 1707 dicetis
2858 1645 3130 1702 montibus
3163 1657 3179 1696 :
3214 1639 3436 1710 Operite
3465 1651 3598 1699 nos;
3651 1643 3708 1688 et
3743 1629 3975 1687 collibus
4010 1642 4026 1680 :

2449 1749 2697 1807 Cornrite
2721 1749 2772 1800 in
2805 1759 2903 1799 nos
2921 1745 3021 1797 τ’.»
3055 1738 3390 1795 llorrendum
3419 1742 3502 1789 est
3531 1732 3695 1802 igitur
3715 1729 3953 1785 incidere
3976 1728 4028 1782 in

2453 1857 2668 1898 manum
2703 1838 2800 1893 Dei
2844 1834 3072 1890 viventis
3098 1832 3206 1898 7“;
3237 1844 3343 1884 non
3373 1827 3498 1897 quia
3525 1825 3692 1878 durus
3725 1831 3810 1876 est
3836 1831 3893 1876 et
3929 1820 4033 1874 im-

2454 1930 2734 2002 placabilis
2765 1942 2780 1983 :
2818 1927 3084 1996 benignus
3107 1931 3192 1978 est
3216 1921 3360 1975 enim
3393 1918 3573 1988 potius
3601 1925 3656 1970 et
3687 1915 3863 1969 bonus
3890 1930 3904 1967 :
3935 1911 4030 1966 sed

2453 2023 2579 2092 quia
2625 2016 2928 2087 despicatui
2989 2029 3054 2068 ac
3099 2008 3435 2078 contemptui
3495 2005 3742 2068 habitus,
3807 2002 4033 2056 moleste

2453 2114 2579 2179 fert,
2615 2113 2853 2166 maxime
2914 2105 3133 2176 quando
3166 2102 3266 2171 ipsi
3302 2116 3400 2155 nos
3423 2098 3675 2169 gratuitis
3711 2097 3830 2167 eius
3875 2094 4033 2148 donis

2453 2207 2728 2276 privantus
2762 2217 2777 2254 :
2809 2199 2976 2254 etiam
3035 2211 3157 2252 cum
3187 2194 3350 2248 liceat
3413 2190 3519 2246 illis
3570 2188 3774 2244 aﬂ‘atim
3827 2186 3956 2251 frui,
3980 2193 4036 2239 et

2453 2291 2861 2357 circumﬂuere,
2926 2287 3086 2342 modo
3121 2285 3330 2354 legibus
3380 2283 3448 2336 ab
3481 2280 3600 2350 ipso
3655 2278 3781 2333 latis
3821 2291 4031 2344 parere,

2455 2385 2732 2455 improbos
2779 2398 2845 2436 ac
2876 2379 3071 2448 impios
3105 2390 3286 2431 rerum
3332 2373 3399 2428 ad
3449 2372 3616 2426 vitam
3647 2367 4032 2438 pertinentium

2456 2488 2814 2548 praeceptores
2893 2486 3080 2528 arcere
3147 2470 3203 2524 in
3277 2467 3519 2522 animum
3597 2463 4032 2524 induceremus;

2453 2567 2546 2638 qui
2583 2578 2692 2620 tum
2743 2565 2863 2619 ﬁdei
2917 2561 3286 2617 sinceritatem
3350 2558 3464 2611 suis
3525 2554 3706 2608 verbis
3749 2563 4034 2610 enervare,

2453 2655 2719 2724 quasique
2750 2654 2939 2706 luxare
3000 2651 3286 2705 nituntur:
3329 2657 3440 2702 tum
3499 2642 3893 2714 simpliciorum
3919 2638 4038 2692 ani-

2455 2745 2557 2801 mis
2583 2761 2696 2799 suae
2750 2743 3126 2813 perversitatis
3157 2743 3309 2795 virus
3368 2740 3720 2796 infundentes
3756 2737 3810 2791 itt
3847 2733 4034 2804 gravia

2456 2837 2595 2890 mala
2631 2837 2958 2904 detorquent
2988 2844 3043 2887 et
3069 2839 3343 2886 avertunt.

2523 2930 2688 2985 Vens.
2749 2925 2936 2980 25-28.
2978 2922 3048 2976 Et
3093 2922 3346 2976 inducam
3392 2934 3607 2974 manum
3661 2931 3832 2971 meam
3880 2929 4039 2983 super

2452 3032 2519 3086 te,
2555 3031 2601 3074 et
2643 3033 2931 3087 excoquam
2964 3025 3012 3068 te
3044 3015 3115 3066 ad
3155 3027 3346 3082 purum
3391 3026 3412 3065 :
3463 3009 3816 3064 inobcdientes
3863 3017 4036 3060 autem

2452 3110 2693 3180 perdam,
2739 3119 2787 3163 et
2812 3121 2990 3160 omnes
3043 3103 3289 3172 superbos
3331 3101 3645 3167 deprimant.
3675 3099 3744 3150 Et
3775 3096 4038 3164 imponant

2446 3205 2654 3275 judices
2685 3210 2803 3254 tuos
2827 3207 2882 3251 ut
2903 3197 3074 3265 prius,
3097 3205 3144 3249 et
3171 3193 3505 3248 consiliarios
3523 3201 3638 3244 tuos
3673 3197 3728 3242 ut
3758 3187 3821 3240 ab
3849 3185 4026 3240 initia.

2457 3294 2526 3348 Et
2571 3301 2682 3362 post
2737 3293 2848 3344 lucc
2875 3285 3138 3340 vocaberis
3196 3283 3378 3337 civitas
3415 3279 3675 3350 justitiaz,
3725 3273 4030 3342 metrOpolis

2455 3387 2628 3459 ﬁdelis
2658 3382 2813 3440 Sion.
2866 3379 3000 3434 Cum
3025 3375 3233 3446 judicio
3277 3376 3416 3427 enim
3441 3371 3738 3426 servabitur
3763 3367 4038 3437 captivitas

2457 3483 2642 3552 ipsius,
2666 3485 2716 3533 et
2742 3491 2860 3530 cum
2878 3469 3262 3525 misericordia.
3290 3465 3355 3520 Et
3379 3474 3744 3519 convertentur
3773 3462 3943 3529 iniqui
3975 3477 4038 3513 ac

2457 3551 2750 3639 peccatores
2816 3561 2974 3618 simul
2999 3599 3015 3625 ,
3065 3569 3112 3614 et
3152 3557 3242 3628 qui
3304 3557 3691 3626 dereliquerunt
3751 3551 4034 3607 Domitium

2457 3669 2856 3717 εοησιιηιειιιιιν.

2530 3941 2740 3998 lnducit
2770 3952 2988 3993 manum
3045 3948 3196 3990 suam
3231 3933 3393 3998 Deus,
3425 3938 3615 4000 utpote
3658 3927 3964 3983 ferientem.
3993 3925 4040 3980 ls

2459 4037 2606 4092 enim
2630 4048 2848 4102 semper
2893 4039 2977 4085 est
3025 4036 3208 4100 gestus
3248 4024 3359 4094 29
3407 4021 3852 4094 percutientium.
3887 4018 4041 4085 Quod

2461 4139 2643 4184 autem
2677 4138 2900 4195 prorsus
2929 4135 3034 4176 non
3071 4120 3177 4174 erit
3211 4118 3330 4172 sine
3362 4116 3542 4169 l'ructtt
3583 4114 3699 4168 baac
3752 4124 3945 4166 manus
3986 4109 4039 4162 in

2463 4236 2556 4277 eos
2587 4218 2847 4280 inductio,
2881 4217 2984 4270 hoc
3015 4223 3099 4268 est
3120 4251 3135 4278 ,
3200 4226 3382 4265 rerum
3415 4209 3768 4263 adversarum
3802 4206 4044 4260 incursio

2474 4319 2528 4365 et
2581 4308 2828 4369 tentatio,
2864 4319 2962 4359 nec
3013 4302 3325 4373 promiscue
3350 4298 3603 4354 omnibus
3636 4297 3753 4351 hmc
3779 4293 4042 4364 supplicia

2466 4400 2732 4462 accident,
2765 4397 2860 4452 sed
2904 4395 3048 4464 quod
3084 4391 3368 4449 credentes
3393 4403 3526 4444 cura
3573 4397 3630 4444 et
3668 4385 4042 4442 misericordia

2466 4492 2739 4562 dignetur,
2781 4497 2836 4543 et
2863 4486 3112 4556 genuinis
3165 4483 3293 4538 [iliis
3325 4479 3677 4536 servatricem
3713 4476 3941 4548 gratiam
3973 4475 4046 4528 sit

783 4598 845 4648 γε
897 4581 1005 4634 δεῖν
1053 4580 1414 4644 διασώζεσθαι
1453 4582 1612 4652 χάριν
1659 4581 1897 4636 διδάσκει
1947 4582 2152 4651 σαφῶς.
2189 4582 2365 4637 Πάλαι
2396 4579 2442 4638 ο
2470 4583 2781 4652 largiturus,
2819 4597 2827 4629 ι

1997 4582 2152 4651 [φῶς.
2189 4582 2365 4637 Πάλαι
2396 4579 2442 4638 ο
2470 4583 2781 4652 largiturus,
2819 4579 2966 4632 clare
2997 4578 3172 4630 docet.
3207 4575 3418 4628 Etenim
3438 4571 3743 4626 Jerusalem
3766 4569 3892 4623 olim
3931 4568 4041 4620 Deo

785 4671 882 4739 μὲν
904 4671 1012 4744 γὰρ
1032 4674 1066 4741 ἡ
1097 4673 1362 4742 Θεομάχος
1395 4672 1748 4744 Ἰερουσαλὴμ
1775 4674 2177 4745 ἐκπεπόρνευκε
2201 4674 2363 4727 πολυ-

781 4765 996 4833 τρόπως
1018 4765 1107 4819 διὰ
1125 4766 1220 4818 τοῦ
1249 4765 1540 4837 λατρεῦσαι
1569 4766 1709 4830 θεοῖς
1735 4766 1967 4836 ἑτέροις,
1995 4769 2277 4839 ἐπήγαγεν
2305 4767 2363 4820 δὲ

783 4855 920 4924 αὐτῇ
956 4853 1053 4925 τὴν
1085 4856 1247 4925 χεῖρα
1280 4856 1432 4919 Θεὸς,
1464 4857 1558 4909 καὶ
1591 4855 1780 4926 ὥσπερ
1814 4857 1921 4910 τινὶ
1965 4858 2098 4928 πυρὶ
2139 4860 2260 4920 ταῖς
2298 4859 2363 4911 ἐκ

784 4945 876 4998 τοῦ
924 4946 1164 5016 πολέμου
1202 4948 1490 5017 παρεδίδου
1532 4950 1854 5019 συμφοραῖς.
1911 4949 2127 5020 Ἐπειδὴ
2169 4949 2226 5003 δὲ
2266 4949 2364 5002 πέ-

760 5057 1001 5109 ¹πομιφεν
1050 5039 1112 5105 ἐξ
1157 5039 1386 5111 οὐρανοῦ
1427 5040 1518 5092 τὸν
1565 5041 1692 5094 Υἱὸν
1729 5041 1757 5093 ὁ
1791 5041 1978 5111 Πατὴρ
2010 5040 2240 5111 Σωτῆρα
2271 5039 2366 5094 καὶ

787 5133 1102 5206 Δυτρωτὴν,
1151 5128 1270 5185 εἶτα
1307 5135 1706 5205 πεπαρῴνηκεν
1743 5135 1824 5196 εἰς
1857 5134 2038 5200 αὐτὸν,
2078 5134 2173 5188 καὶ
2212 5132 2280 5186 τά
2305 5130 2366 5197 ἐξ

787 5224 1022 5294 ἀκράτου
1067 5225 1352 5296 πέπρακεν
1386 5226 1665 5290 ἀπονοίας.
1702 5227 1778 5279 Οὐ
1822 5226 2122 5280 διαλέλοιπέ
2154 5243 2214 5280 τε
2246 5229 2366 5289 ταῖς

790 5316 1088 5381 ἀπειθείαις
1124 5318 1335 5387 ἀγρίως
1377 5319 1820 5390 περιυὸρίζουσα,
1854 5317 2028 5372 καίτοι
2055 5318 2366 5373 δικαιοῦντα

790 5407 879 5459 τὸν
913 5407 1104 5480 ἀσεϐῆ,
1139 5410 1233 5462 καὶ
1271 5409 1377 5462 τῶν
1410 5411 1653 5481 ἀρχαίων
1679 5410 2164 5481 πλημμελημάτων
2192 5411 2364 5465 ἀπαλ-

791 5499 1050 5554 λάττοντα
1096 5501 1186 5555 διὰ
1237 5506 1336 5570 τῆς
1382 5504 1633 5566 πίστεως.
1675 5503 1951 5574 Ἐπήγαγε
1991 5502 2047 5556 δὲ
2085 5503 2220 5574 αὐτῇ
2266 5502 2366 5572 τὴν

792 5594 949 5661 χεῖρα
975 5593 1150 5658 πάλιν,
1189 5596 1284 5648 καὶ
1309 5590 1419 5648 οἷόν
1443 5613 1525 5660 τις
1549 5596 1796 5667 τεχνίτης
1825 5595 2092 5666 διέκρινεν
2117 5596 2174 5647 ἐν
2212 5596 2376 5664 πυρὶ,

794 5684 886 5734 καὶ
919 5682 1061 5738 ἀπαν
1102 5687 1202 5757 μὲν
1245 5688 1368 5741 ὅσον
1413 5684 1477 5760 ἦν
1525 5689 1582 5741 ἐν
1610 5689 1743 5759 αὐτῇ
1781 5687 2149 5758 δοκιμώτατον
2187 5705 2246 5741 τε
2277 5689 2370 5740 καὶ

865 5865 913 5896 ’³
944 5862 1129 5922 Matth.
1173 5881 1256 5934 ιιι,
1285 5866 1334 5919 7.
1414 5866 1457 5898 ⁷⁸
1504 5864 1635 5920 Lur.
1670 5882 1782 5932 xxi,
1831 5867 2098 5932 ‘20;xxt:t,
2131 5866 2216 5920 50.

2469 4685 2800 4742 repugnans,
2837 4685 2958 4723 cum
2989 4666 3196 4720 alienos
3221 4665 3351 4720 deos
3408 4662 3634 4717 colendo
3673 4659 4049 4728 multipliciter

2469 4773 2704 4823 scortata
2743 4763 2954 4826 luisset,
2987 4774 3206 4814 manum
3245 4757 3295 4812 ei
3328 4758 3466 4812 Deus
3499 4755 3730 4820 induxit,
3759 4764 3815 4808 et
3849 4751 4046 4806 inbelli

2470 4859 2810 4915 calamitates
2850 4864 3105 4922 tanquam
3159 4850 3213 4905 in
3252 4849 3431 4919 iguern
3465 4847 3750 4918 quemdam
3791 4844 4042 4914 coujecit.

2469 4951 2714 5018 Cumque
2737 4945 2932 5001 deinde
2969 4943 3128 4996 Pater
3156 4940 3350 4996 Filium
3374 4954 3405 4994 e
3429 4938 3568 4993 caelo
3599 4936 3758 4991 nobis
3787 4935 4045 4999 misisset,

2471 5042 2818 5096 Servatorem
2887 5051 2950 5090 ac
3037 5033 3479 5102 liedemptorem,
3527 5037 3748 5098 tumque
3805 5027 3860 5081 iu
3919 5040 4049 5080 eum

2470 5131 2730 5189 bacchata
2764 5137 2908 5184 esset
2950 5126 3180 5191 furiose,
3219 5138 3392 5193 eaque
3431 5135 3498 5177 ex
3531 5121 3814 5192 impotenti
3859 5128 4044 5190 patra-

2471 5234 2554 5279 ret
2586 5221 2846 5286 amentia,
2899 5235 2997 5274 nec
3051 5217 3328 5272 desineret
3357 5228 3454 5284 per
3485 5213 3907 5268 inobedientiam
3961 5212 4050 5265 iu-

2467 5317 2605 5386 sigui
2629 5311 2953 5369 contumelia
2981 5310 3202 5366 afllcere
3225 5325 3370 5375 eum,
3395 5309 3487 5379 qui
3519 5307 3737 5376 impium
3756 5304 4042 5376 juslillcat,

2470 5417 2526 5461 et
2557 5421 2588 5459 a
2622 5403 2900 5458 veteribus
2949 5400 3169 5471 ﬂagitiis
3227 5415 3325 5470 per
3358 5401 3516 5455 iidem
3549 5399 3776 5462 liberat;
3832 5396 4049 5450 induxit

2472 5497 2520 5550 ei
2559 5510 2777 5550 manum
2835 5494 2902 5548 de
2951 5495 3179 5562 integro,
3232 5501 3288 5546 et
3344 5493 3494 5546 velut
3537 5488 3731 5544 artifex
3776 5485 4051 5556 quispiam

2476 5593 2600 5663 igne
2651 5591 2909 5646 discrevit
2971 5607 2985 5642 :
3046 5599 3101 5644 et
3158 5586 3600 5656 probatissimum
3658 5596 3723 5638 ac
3787 5579 4047 5634 selectum

2477 5698 2645 5754 genus
2693 5683 3029 5739 credentium
3080 5681 3183 5738 sibi
3236 5678 3535 5737 reservavit
3598 5691 3612 5729 :
3680 5666 4048 5728 adulterinum

2297 5867 2363 5897 ⁷⁸⁸
2391 5863 2555 5920 llcbr.
2587 5880 2641 5931 κ,
2676 5862 2766 5918 5|.
