4178 6554
221 418 283 475 (‘l
1389 419 1455 475 IN
1498 421 1732 478 [SAIAM
1770 421 1871 478 ιιι]

1818 422 1898 480 lB.
1941 423 1984 479 1.
2025 425 2231 483 ΟΒᾹΤ.
2267 425 2306 480 1.
3401 419 3467 474 62

221 539 500 610 Πνεύματι
545 541 684 610 ἁγίῳ
729 539 865 608 πρὸς
910 537 1077 609 αὐτὴν
1127 537 1229 610 ἔφη
1285 539 1384 610 τὴν
1425 539 1799 612 Ἰερουσαλὴμ.
1833 544 1871 599 Α

1833 544 1874 599 Α
1905 559 2026 612 quze
2083 552 2194 598 tum
2259 543 2381 609 fuit,
2433 543 2753 614 Syuagogte,
2797 541 2964 598 divini
2999 537 3266 609 discipuli.
3313 536 3466 603 Quod

230 652 247 683 ι
273 635 418 686 ’Λντὶ
446 633 551 685 τῶν
591 631 843 701 πατέρων
873 647 965 682 σου
1017 630 1354 702 ἐγενήθησαν
1387 634 1434 685 oi
1480 632 1583 686 υἱοί
1626 650 1739 698 σου,
1774 653 1792 685 ι

1901 644 2081 690 autem
2151 636 2349 690 fuerint
2400 646 2584 706 patres
2644 636 2904 698 ﬁdelium,
2955 632 3177 688 Paulum
3229 628 3352 682 audi
3398 627 3472 680 lo-

223 724 366 778 τοῦτ’
385 724 548 786 ἔστιν,
566 722 653 774 Ἐν
678 721 826 784 τάξει
851 722 1102 793 πατέρων
1125 722 1379 791 γεγόνασί
1407 741 1489 778 σοι
1515 724 1584 778 τὰ
1602 725 1797 780 τέκναο

1900 739 2151 796 quentem
2173 749 2186 784 :
2210 748 2228 781 ‹
2253 730 2307 784 In
2337 729 2550 784 Christo
2575 727 2716 782 enim
2737 726 2862 780 Jesu
2885 740 2980 794 per
3003 721 3342 791 Evangelium
3369 732 3471 788 ego

221 817 314 869 καὶ
340 815 450 886 γὰρ
475 811 614 885 ἦσαν
643 815 902 878 Ἰουδαῖοι,
933 816 1026 868 καὶ
1048 815 1156 868 υἱοὶ
1180 815 1278 886 τῆς
1303 816 1362 869 τδ
1388 817 1643 888 τηνικάδε
1666 819 1800 872 Συν-

1900 837 1994 877 vos
2026 822 2183 891 genui
2202 820 2301 874 ".3
2327 819 2393 874 Et
2425 821 2654 875 iterum:
2683 835 2700 868 ι
2727 815 2920 880 Filioli,
2946 830 3080 882 quos
3122 815 3315 868 iterum
3351 824 3469 878 par-

219 909 442 977 αγωγῆς
465 910 513 961 οί
545 907 820 962 θεσπέσιοι
847 907 1107 979 μαθηταί.
1145 909 1264 964 Ὀτι
1292 909 1348 963 δὲ
1373 911 1607 982 πατέρες
1640 913 1801 981 γεγό⁴

1902 912 2040 966 turio
2069 911 2237 964 donec
2259 909 2520 963 formetur
2541 907 2786 962 Christus
2819 905 2870 959 in
2908 902 3172 956 vobis°°'.
3202 919 3221 952 ι
3259 899 3388 954 Dein
3415 905 3471 953 et

217 1017 340 1054 νασι
384 999 495 1053 τῶν
541 1001 1004 1065 πεπιστευκότων,
1054 1001 1216 1056 ἄκουε
1271 1000 1485 1055 Παύλου
1524 1003 1796 1072 λέγοντος,

1900 1003 2039 1056 alius
2071 1017 2102 1056 e
2125 1001 2326 1055 sanctis
2352 999 2648 1069 prophetis,
2681 998 2745 1052 de
2766 996 3056 1051 Servatore
3083 991 3322 1046 omnimn
3372 1005 3468 1043 ιω·-

223 1111 239 1144 ι
265 1094 353 1147 Ἑν
368 1093 476 1166 γὰρ
499 1093 718 1163 Χριστῷ
746 1092 920 1163 Ἰησοῦ
944 1093 1034 1146 διὰ
1056 1094 1148 1146 τοῦ
1167 1095 1498 1164 Εὑαγγελίου
1519 1095 1628 1164 ἐγὼ
1653 1097 1798 1166 ὑμᾶς

1899 1104 2070 1149 Strum
2119 1091 2361 1154 Christo,
2409 1100 2462 1144 et
2496 1099 2809 1144 sanctorum
2861 1085 3031 1154 ipsius
3079 1080 3463 1149 discipulormn

217 1184 538 1253 ἐγέννησα.»
569 1185 677 1238 Καὶ
711 1185 894 1238 πάλινο
933 1204 951 1236 ι
982 1185 1181 1239 Τεκνία
1211 1203 1334 1256 μου,
1365 1187 1460 1251 οὒς
1488 1187 1649 1241 πάλιν
1676 1188 1803 1242 ὠδί-

1901 1184 2355 1244 manifestatioue.
2388 1181 2542 1236 nobis
2595 1181 2668 1233 ita
2701 1183 3112 1236 commemorat,
3159 1179 3214 1227 et
3245 1170 3420 1239 inquit
3450 1187 3463 1222 :

216 1293 311 1354 νω,
343 1276 508 1346 ἄχρις
530 1271 590 1331 οὗ
623 1276 886 1348 μορφωθῇ
915 1277 1151 1349 Χριστὸς
1168 1279 1226 1331 ὲν
1248 1279 1396 1350 ὑμῖν.
1429 1299 1448 1331 ›
1483 1281 1796 1352 Διαμέμνη-

1905 1296 1922 1328 ι
1957 1276 2095 1332 Ecce
2127 1292 2221 1330 rex
2243 1275 2422 1342 justus
2450 1270 2716 1342 regnabit,
2748 1279 2800 1322 et
2829 1267 3102 1338 principes
3120 1279 3241 1319 cum
3263 1260 3468 1330 judicio

214 1383 305 1420 ται
341 1366 400 1420 δὲ
437 1368 532 1420 καὶ
559 1369 744 1438 ἕτερος
773 1369 907 1438 ἡμῖν
931 1367 1038 1421 τῶν
1073 1369 1243 1437 ἁγίων
1277 1371 1571 1440 προφητῶν
1608 1371 1794 1436 αὑτοῦ,
1899 1377 2168 1441 prauerunt
2205 1367 2276 1422 ⁸³.
2313 1381 2336 1416 ι
2390 1365 2526 1420 Nam
2609 1362 2847 1417 Judaicaa
2920 1359 3223 1430 δγιιεεοεω
3280 1365 3467 1422 Ρτοθθ·

215 1459 347 1527 περὶ
387 1458 481 1512 τοῦ
526 1459 745 1512 πάντων
790 1458 952 1530 ⁴ἡμῶν
989 1459 1240 1530 Σωτῆρος
1281 1459 1536 1530 Χριστοῦ,
1568 1461 1661 1514 καὶ
1699 1461 1800 1532 τῆς

1901 1475 2008 1523 res,
2037 1471 2090 1513 et
2117 1460 2278 1512 vitam
2304 1457 2591 1512 coluerunt
2619 1469 2649 1508 a
2682 1454 2797 1522 lege
2836 1452 2939 1522 31
2973 1449 3380 1506 alienissimam,
3415 1453 3471 1497 et

213 1548 536 1614 ἀναδείξεως
567 1549 676 1603 τῶν
707 1549 880 1618 ἁγίων
925 1547 1088 1602 αὐτοῦ
1150 1549 1427 1620 μαθητῶν,
1479 1551 1572 1604 καί
1613 1569 1796 1622 φησιν·

1899 1568 2020 1606 cum
2065 1551 2288 1620 judicio.
2335 1549 2387 1604 id
2417 1557 2496 1603 est
2535 1545 2766 1615 justitia,
2791 1556 2977 1613 regere
3011 1539 3148 1595 haud
3181 1543 3465 1592 noverunt.

221 1657 240 1691 ι
277 1640 408 1694 Ἰδοὺ
436 1639 501 1710 δὴ
531 1638 783 1711 βασιλεὺς
815 1639 1020 1700 δίκαιος
1053 1637 1381 1708 βασιλεύσει,
1422 1641 1515 1693 καὶ
1542 1641 1800 1710 ἄρχοντες

1900 1645 2164 1698 (Σίνιδι-πω
2203 1649 2462 1708 regnante
2513 1638 2568 1692 iu
2630 1636 2788 1690 terris
2830 1634 3070 1696 Christo,
3127 1639 3183 1685 et
3230 1625 3361 1698 justi
3414 1635 3470 1678 et

219 1731 358 1800 μετά
401 1731 633 1802 κρίσεως
663 1728 972 1800 ἄρξουσιν.»
1006 1726 1069 1781 Ol
1108 1727 1209 1796 μὲν
1246 1727 1358 1797 γὰρ
1393 1729 1492 1798 τῆς
1533 1729 1799 1784 Ἰουδαίων

1899 1735 2024 1789 boni
2054 1735 2273 1788 fuerunt
2303 1731 2469 1784 divini
2515 1727 2781 1798 discipuli,
2837 1739 3067 1795 cumque
3104 1721 3307 1794 judicio
3333 1732 3469 1788 pra:—

215 1823 549 1892 Συναγωγῆς
574 1819 883 1891 ἡγούμενοι,
912 1819 1004 1872 καὶ
1029 1817 1172 1888 ζωῆς
1199 1819 1409 1888 εἴχοντο
1431 1819 1530 1890 τῆς
1555 1819 1799 1891 ὲκνομω-
1830 1880 1865 1892 ἢ

1830 1880 1869 1892 _
1899 1829 2188 1880 sederunt:
2223 1823 2415 1892 quibus
2474 1820 2829 1890 inauguratis,
2861 1832 3047 1872 rursus
3087 1815 3278 1869 civitas
3308 1813 3473 1883 justi-

213 1913 402 1982 τάτης,
438 1915 532 1966 καὶ
559 1912 620 1964 τὸ
651 1911 790 1980 μετά
826 1910 1082 1981 κρίσεως,
1109 1909 1251 1962 τοῦτ’
1281 1910 1417 1973 ἔστι,
1446 1880 1794 1982 δικαιοσύνης
1829 1880 1863 1936 Β

1829 1880 1870 1936 Β
1897 1919 2003 1981 uae,
2029 1924 2084 1969 et
2113 1880 2428 1982 metropolis
2463 1880 2653 1974 ﬁdelis,
2684 1880 2839 1972 Sion,
2869 1910 2922 1962 id
2979 1915 3064 1962 est
3096 1880 3357 1967 Ecclesia,
3386 1911 3470 1957 est

211 2005 402 2076 ἄρχειν
450 2006 550 2058 οὐκ
591 2005 808 2074 ⁴ᾔδεσαν.
857 2001 1284 2067 Βασιλεύσαντος
1328 2005 1384 2058 δὲ
1416 2006 1654 2076 Χριστοῦ
1693 2011 1794 2079 τῆς

1897 2006 2184 2076 appellata.
2223 2003 2489 2070 Quoniam
2544 2013 2722 2055 autem
2759 2015 2866 2054 non
2911 2000 3046 2054 citra
3081 1996 3370 2060 delectum,
3412 2004 3469 2046 ut

209 2097 303 2150 ὑπ’
324 2096 572 2168 οὐρανὸν,
597 2095 796 2149 δίκαιοί
819 2113 880 2148 τε
909 2096 1004 2149 καὶ
1032 2096 1246 2164 ἀγαθοὶ,
1279 2098 1372 2150 καὶ
1395 2099 1534 2168 μετά
1559 2100 1796 2172 κρίσεως

1895 2100 2029 2166 dixi,
2067 2099 2160 2153 sed
2220 2112 2341 2151 cum
2377 2093 2764 2155 sollicitudine,
2802 2101 2856 2148 et
2891 2091 3122 2152 ratione,
3163 2085 3463 2157 etjustitia,

193 2188 489 2258 ἄρχοντες,
524 2187 573 2240 oi
607 2185 882 2239 θεσπέσιοι
911 2185 1166 2254 γεγόνασι
1198 2185 1460 2258 μαθηταί·
1497 2180 1572 2242 ὧν
1600 2189 1792 2244 ἀναδε-

1894 2191 1987 2246 Dei
2035 2190 2281 2245 excocdo
2329 2188 2444 2242 sive
2492 2185 2790 2256 exploratio
2847 2183 3098 2244 habetur,
3145 2195 3264 2250 qtiac
3298 2193 3467 2250 genus

196 2275 527 2345 δειγμένων,
572 2273 832 2345 κέκληται
889 2273 1050 2326 πάλιν
1088 2273 1243 2337 πόλις
1277 2273 1645 2347 δικαιοσύνης,
1698 2279 1793 2332 καὶ

1892 2296 1990 2350 per
2023 2280 2181 2335 [idem
2217 2277 2570 2349 approbatum
2623 2274 2884 2329 discernit
2933 2272 3196 2341 planeque
3235 2267 3460 2336 detegit,

210 2364 540 2436 μητρόπολις
585 2362 751 2435 πιστὴ
801 2362 960 2428 Σιὼν,
1005 2363 1152 2418 τοῦτ’
1193 2364 1360 2429 ἐστιν,
1406 2367 1789 2442 ήῈκκλησία.

1893 2387 2056 2443 porro
2099 2370 2267 2435 addit,
2303 2378 2357 2423 et
2395 2368 2527 2423 dicit
2560 2385 2574 2422 :
2622 2385 2640 2417 ι
2667 2365 2803 2431 Ouia
2840 2380 2961 2419 cum
2987 2361 3191 2430 judicio
3231 2358 3467 2413 servahi-

207 2459 331 2512 Ὅτι
362 2456 421 2510 δὲ
456 2457 556 2510 οὐκ
589 2455 940 2526 ἀδιακρίτως,
973 2456 1049 2522 ὡς
1082 2457 1238 2529 ἔφην,
1283 2458 1398 2512 ἀλλ’
1446 2461 1504 2514 ὲν
1551 2463 1792 2533 φροντίδι

1894 2472 1981 2518 tur
2006 2461 2291 2530 captivitas
2315 2459 2451 2527 ejus,
2487 2470 2542 2513 et
2571 2471 2694 2510 cum
2723 2452 3116 2516 misericordia,
3147 2461 3202 2505 et
3232 2459 3467 2502 atteren-

205 2549 301 2604 καὶ
325 2547 468 2618 λόγῳ
499 2548 576 2620 τῷ
609 2549 747 2618 μετά
775 2546 1120 2619 δικαιοσύνης
1168 2550 1201 2619 ἡ
1240 2549 1392 2619 παρά
1429 2550 1564 2604 Θεοῦ
1599 2552 1791 2620 γέγονε

1892 2565 1979 2609 tur
2008 2554 2173 2623 iniqui
2221 2562 2276 2606 et
2334 2559 2645 2620 peccatores
2693 2546 2876 2613 simul,
2925 2561 2988 2600 ac
3028 2543 3465 2609 derelinquentes

201 2638 470 2710 πύρωσις,
501 2638 619 2709 ἢτοι
648 2637 964 2708 δοκιμασία,
995 2638 1226 2709 φανερὸν
1267 2639 1558 2710 καθίστησι
1593 2641 1656 2695 τὸ
1697 2645 1791 2696 εύ-

1893 2646 2175 2701 Dominum
2203 2643 2571 2698 delebuntur.»
2613 2637 2868 2694 Discretis
2895 2637 3038 2692 enim
3067 2633 3379 2705 generibus,
3409 2642 3463 2684 ut

197 2726 506 2799 δοκιμῆσαν
533 2726 690 2795 γένος
713 2726 800 2780 διά
825 2727 924 2797 τῆς
951 2725 1208 2790 πίστεωςο
1239 2729 1575 2798 προσεπάγει
1597 2730 1790 2801 λέγων,

1892 2736 2164 2798 dicebam,
2216 2744 2273 2786 et
2319 2747 2384 2787 eo
2417 2731 2506 2801 qui
2559 2730 2788 2785 credidit
2830 2727 3146 2797 approbato,
3172 2725 3343 2779 altero
3366 2739 3466 2775 au-

203 2819 364 2872 ι”Οτι
395 2818 533 2889 μετά
561 2818 829 2889 κρίματος
862 2817 1165 2890 σωθήσεται
1190 2822 1224 2891 ἠ
1253 2821 1597 2892 αίχμαλωσία
1621 2825 1792 2896 αὐτῆς

1892 2837 1999 2882 tem
2025 2826 2264 2897 graviter
2285 2825 2616 2894 impingente
2643 2838 2658 2876 :
2683 2822 2913 2876 electum
2947 2819 3164 2888 quidem
3193 2824 3464 2871 servatum

197 2910 296 2964 καὶ
337 2909 476 2981 μετά
497 2909 888 2980 ὲλεημοσύνης,
917 2910 1012 2963 καὶ
1046 2911 1492 2983 συντριϐήσονται
1517 2915 1565 2967 οί
1599 2915 1790 2987 ἄνομοι

1889 2930 2003 2985 est;
2063 2919 2157 2974 sed
2205 2918 2364 2988 periit
2423 2914 2681 2986 quidquid
2742 2912 3034 2967 nefandum
3107 2924 3172 2964 ac
3219 2908 3463 2962 odiosum

196 3003 296 3058 καὶ
349 3005 398 3057 oi
429 3002 746 3073 ἁμαρτωλοὶ
793 3003 929 3073 ἅμα,
980 3003 1076 3057 καὶ
1105 3004 1154 3057 οἱ
1192 3004 1651 3073 ἐγκαταλιπόντες
1699 3009 1790 3063 τὸν

1891 3009 2016 3074 fuit,
2069 3018 2123 3064 et
2181 3009 2304 3062 vitae
2371 3004 2704 3061 dissolutiori
2789 3003 3149 3064 innutritum,
3203 2996 3465 3068 quidquid

195 3093 407 3166 Κύριον
439 3091 1006 3164 συντελεσθήσονται.»
1042 3095 1485 3165 Διακεκριμένων
1540 3096 1649 3168 γὰρ
1687 3099 1786 3171 ἤδη

1891 3103 2052 3172 impie
2085 3101 2244 3163 vixit,
2279 3108 2335 3154 et
2363 3097 2636 3153 Christum
2687 3095 2840 3150 nihili
2899 3094 3044 3157 fecit,
3103 3090 3197 3160 qui
3256 3089 3463 3144 salvum

194 3189 306 3243 τῶν
348 3187 554 3258 γενῶν,
597 3187 811 3242 καὶτοῦ
844 3188 944 3258 μὲν
987 3189 1414 3254 πεπιστευκότος
1446 3191 1794 3262 εύδοκιμοῦν-
1822 3216 1844 3271 ί

1822 3215 1864 3274 C
1899 3193 2076 3248 facere
2113 3190 2296 3255 novit,
2345 3197 2399 3244 et
2437 3196 2656 3258 peccata
2691 3183 2936 3247 remittit,
2968 3197 3031 3236 ac
3053 3180 3226 3251 gratia
3260 3176 3465 3246 jusmm

193 3296 310 3347 τος,
348 3281 426 3345 ὡς
465 3281 622 3352 ἔφην,
685 3281 911 3352 θατέρου
945 3297 1010 3349 γε
1059 3281 1167 3352 μὴν
1215 3283 1276 3334 οὐ
1326 3283 1565 3354 μετρίως
1625 3303 1792 3357 προσ·
1897 3285 2080 3339 edicit.

193 3371 586 3442 κεκρουκότος,
622 3370 890 3424 σέσωσται
937 3370 1037 3441 μὲν
1073 3370 1134 3424 τὸ
1169 3372 1490 3437 ἀπόλεκτον,
1522 3374 1825 3448 ὠλὸορευτο
1878 3378 1934 3430 δὲ
1995 3377 2104 3429 πᾶν
2157 3373 2279 3425 ὅσον
2337 3366 2407 3442 ἦν
2458 3370 2516 3422 ὲν
2559 3369 2740 3430 αὐτοῖς
2788 3363 3038 3437 βδελυρδν
3088 3365 3182 3414 καὶ
3221 3357 3469 3428 ἀπηχθη-

197 3462 385 3535 μένον,
437 3465 532 3516 καὶ
572 3462 830 3526 ἀπονοίας
881 3461 1200 3534 σύντροφον,
1244 3465 1339 3516 καὶ
1416 3447 1678 3534 βεϐιωκὸς
1720 3469 1972 3532 ἀνοσίως,
2038 3464 2132 3519 καὶ
2163 3460 2400 3536 Χριστοῦ
2439 3460 2515 3532 μὴ
2572 3457 2932 3530 πεφροντικὸς
2981 3454 3076 3508 τοῦ
3110 3451 3300 3516 σώζειν
3331 3447 3468 3502 εἰδό-

193 3573 308 3620 τος,
365 3555 459 3608 καὶ
520 3553 761 3614 ἀνιέντος
812 3554 1134 3624 ἐγκλήματα
1180 3556 1274 3608 καὶ
1321 3555 1656 3621 δικαιοῦντος
1718 3562 1784 3632 τῇ
1820 3563 2024 3633 χάριτι.

267 3649 429 3701 Διότι
499 3646 1136 3716 καταισχυνθήσονται
1188 3648 1288 3702 ἐπὶ
1346 3649 1472 3715 τοῖς
1517 3630 1784 3715 εἰδώλοις
1820 3630 1849 3632 Η
1895 3630 1905 3633 ⁷

1820 3630 1849 3632 Ἢ
1895 3630 1905 3633 ⁷
1967 3655 2127 3708 Vens.
2158 3651 2251 3713 29,
2284 3649 2372 3704 50.
2409 3647 2743 3716 Quapropter
2772 3639 3162 3709 confundantur
3204 3637 3256 3688 in
3311 3630 3468 3686 idolis

195 3738 427 3803 αὐτῶν,
455 3737 494 3793 ἄ
525 3739 696 3793 αὐτοὶ
749 3739 1103 3805 ἠϐούλοντο,
1150 3741 1248 3793 καί
1299 3741 1786 3809 ἐπῃσχύνθησαν

1890 3747 2022 3809 suis,
2052 3761 2167 3813 qua:
2202 3742 2300 3810 ipsi
2341 3738 2619 3794 nolebant:
2654 3745 2703 3790 et
2739 3731 3084 3800 confusisunt
3109 3741 3264 3793 super
3297 3724 3467 3776 hortis

194 3833 295 3886 ἐπὶ
326 3831 454 3898 τοῖς
481 3831 702 3899 κήποις
724 3829 940 3896 αὐτῶν,
965 3830 1005 3885 d
1047 3833 1456 3902 ἐπεθύμησαν.
1499 3835 1786 3892 Ἔσονται

1890 3841 2021 3903 suis,
2058 3855 2187 3909 quos
2226 3835 2649 3903 concupiverunt.
2699 3828 2866 3882 Erunt
2907 3823 3095 3876 etenim
3129 3818 3282 3872 veluti
3335 3827 3468 3869 tere-

195 3926 309 3995 γὰρ
338 3926 423 3992 ὡς
445 3924 798 3992 τερέϐινθος,
827 3923 1272 3991 ἀποϐεϐληκυῖα
1308 3924 1382 3978 τὰ
1427 3926 1654 3995 φύλλα,
1686 3928 1786 3982 καί.

1893 3933 2099 3985 ὺὶηιΙιιιε
2143 3944 2260 4000 qua,
2320 3925 2508 3995 abjecit
2534 3923 2684 3992 folia,
2723 3928 2772 3973 et
2811 3927 2866 3971 ut
2909 3915 3091 3968 hortus
3127 3925 3319 3980 aquam
3365 3923 3467 3960 non

192 4017 278 4081 ὠς
297 4015 664 4083 παράδεισος
692 4014 848 4084 ὕδωρ
871 4014 956 4083 μὴ
983 4013 1160 4082 ἔχων.

459 4015 664 4081 ὃεισος
692 4014 848 4084 ὕδωρ
871 4014 956 4083 μὴ
983 4013 1160 4082 ἔχων.
1894 4023 2109 4076 habens.

270 4108 455 4177 Ἐφην
487 4107 569 4160 ὅτι
598 4106 782 4178 διττὴν
808 4108 864 4159 ὲν
880 4107 1093 4170 τούτοις
1119 4109 1148 4160 ὁ
1176 4105 1270 4158 τοῦ
1313 4110 1590 4180 προφήτου
1628 4109 1786 4178 λόγος

1968 4113 2086 4166 Dixi
2141 4107 2518 4180 propheticum
2569 4114 2875 4158 sermonem
2937 4095 3224 4168 genuinam
3273 4090 3325 4145 in
3381 4087 3465 4142 his

191 4201 440 4252 ποιεῖται
500 4198 600 4268 τὴν
646 4199 918 4270 πρόφασιν
978 4199 1078 4268 τῆς
1151 4198 1419 4251 Ἰουδαίων
1484 4200 1780 4270 ἀποϐολῆς.

1891 4204 2074 4257 verbis
2100 4217 2320 4256 causam
2379 4196 2574 4252 afferre
2606 4193 2913 4248 .Iudazorum
2954 4187 3326 4243 incusationis.
3366 4181 3467 4236 Ge-

192 4289 360 4343 Διττά
379 4289 492 4360 γὰρ
520 4289 700 4342 αὐτῶν
725 4289 795 4342 τά
815 4290 982 4360 ὲγκλή
993 4307 1158 4359 ματα.
1179 4290 1352 4343 Πάλαι
1387 4291 1484 4360 μὲν
1513 4291 1622 4364 γάρ
1647 4292 1782 4346 Θεὸν

1895 4298 2118 4350 nuinum
2190 4293 2334 4348 enim
2404 4289 2506 4343 fuit
2565 4302 2751 4342 eorum
2825 4283 3054 4338 crimen.
3129 4279 3260 4333 Nam
3338 4276 3465 4330 olim

191 4381 450 4450 ἀφέντες,
484 4381 576 4435 τὸν
631 4381 727 4434 ἕνα
781 4380 876 4434 καὶ
919 4380 1100 4450 φύσει,
1153 4382 1246 4434 καὶ
1272 4380 1572 4454 λυτρωτὴν,
1627 4381 1784 4436 λελα-

1888 4389 2082 4443 relicto
2135 4401 2243 4440 uno
2297 4393 2349 4437 et
2387 4381 2621 4435 naturali
2661 4379 2771 4432 Deo
2819 4392 2882 4430 ac
2919 4373 3304 4440 Redemptore,
3327 4368 3464 4421 idola

189 4472 494 4544 tfﬁ-ZDXGO’W
525 4470 784 4536 εἰδώλοις,
817 4473 912 4528 καὶ
936 4471 1198 4526 τεθύκασι
1227 4471 1416 4536 θυσίας
1442 4477 1510 4544 τῇ
1555 4477 1785 4546 στρατιᾷ
1815 4489 1839 4544 ι

1815 4481 2190 4544 Dcoluerunt,
2247 4473 2517 4530 sacriﬁcia
2573 4471 2778 4525 militiae
2835 4467 2956 4523 cmli
2994 4464 3463 4521 sacriﬁcaverunt,

191 4565 286 4618 τοῦ
315 4563 576 4636 ούρανοῦ,
608 4565 705 4618 καὶ
747 4567 863 4628 τοῖς
905 4563 1087 4633 ἔργοις
1138 4564 1246 4617 τῶν
1288 4565 1435 4619 ἰδίων
1491 4565 1688 4638 χειρῶν
1729 4567 1788 4621 τὸ

1883 4583 1937 4627 et
1961 4571 2217 4640 operibus
2244 4567 2747 4622 manuum'suarum
2770 4560 2974 4614 cultum
3007 4556 3334 4616 deterentes,
3361 4567 3463 4604 non

194 4656 362 4719 σέϐας
429 4656 804 4721 ἀνάπτοντες,
876 4656 1335 4727 δεδυσσεϐήκασιν
1406 4657 1466 4710 ού
1526 4659 1783 4728 μετρίως.

1885 4662 2146 4722 mediocri
2191 4659 2470 4728 impietate
2515 4669 2574 4709 se
2594 4653 3027 4707 obstrinxerunt.
3075 4647 3246 4701 Porro
3277 4647 3463 4707 etiam,

205 4747 430 4818 Ἐπειδὴ
465 4745 525 4799 δὲ
553 4745 686 4809 Θεὸς
733 4745 938 4817 Κύριος
978 4745 1248 4814 ὲπέφανεν
1307 4747 1460 4816 ἡμῖν,
1516 4745 1659 4800 κατά
1686 4746 1786 4810 τὰς

1883 4769 2004 4809 cum
2084 4752 2226 4805 Deus
2305 4748 2565 4803 Dominus
2632 4742 2974 4812 apparuisset.
3039 4737 3216 4796 nobis,
3278 4745 3334 4786 ut
3384 4743 3468 4786 est

192 4839 441 4910 Γραφάς,
473 4838 784 4909 ἠρνήσαντο
822 4838 918 4891 καὶ
970 4837 1153 4904 αὐτὸν,
1182 4839 1278 4890 καὶ
1315 4840 1786 4911 πεπαρῳνὴκασιν

1886 4843 1940 4897 in
2020 4839 2342 4910 Scripturis,
2405 4841 2670 4905 negarunt
2721 4839 2774 4885 et
2803 4832 3086 4899 ipsum,ac
3131 4826 3335 4880 nefarie
3411 4824 3461 4876 in

190 4929 251 4981 οὐ
273 4928 519 5000 μετρίως
544 4929 624 4992 εἰς
645 4928 735 4983 τὸν
761 4929 861 5000 τῆς
883 4929 1029 5000 ζωῆς
1055 4929 1317 5000 ἀρχηγόν.
1343 4930 1552 4983 Οὐκοῦν
1575 4931 1781 5000 ἀδελφά

1887 4931 2187 5002 principem
2243 4929 2367 4982 vitae
2419 4923 2741 4982 dehacchati
2790 4929 2935 4975 sunt.
2993 4917 3182 4985 Itaque
3235 4924 3465 4984 cognata

188 5021 258 5074 τά
315 5021 676 5092 ἐγκλήματα,
727 5022 822 5074 καὶ
879 5021 977 5090 τῆς
1030 5021 1290 5084 ἀπονοίας
1351 5023 1380 5073 ὁ
1429 5021 1631 5092 τρόπος
1681 5023 1781 5076 οὐκ

1885 5032 1940 5079 et
1967 5022 2120 5091 quasi
2160 5033 2416 5090 germana
2466 5015 2686 5070 filerunt
2709 5011 2934 5066 crimina
2957 5027 2972 5075 ;
2995 5020 3050 5064 et
3082 5008 3241 5078 hujus
3277 5021 3466 5060 amen-

187 5111 465 5177 ἀπεοικὼς
491 5112 572 5184 τῷ
596 5111 816 5184 πρώτῳ,
839 5113 1038 5184 μᾶλλον
1056 5113 1112 5166 δὲ
1134 5115 1229 5165 καὶ
1251 5115 1310 5165 ὲν
1342 5113 1492 5184 αἰτίᾳ
1523 5113 1780 5177 ἀπονοίας

1888 5117 1974 5171 tia:
2019 5115 2212 5168 modus
2268 5111 2434 5182 priori
2483 5109 2584 5164 fuit
2623 5125 2728 5163 non
2768 5104 3083 5161 absimilis:
3124 5103 3233 5156 imo
3287 5099 3465 5168 potius

192 5203 424 5271 μείζονι.
460 5203 575 5258 Καὶ
621 5202 942 5268 ἐκολάζοντο
974 5203 1076 5274 μὲν
1107 5204 1248 5258 κατὰ
1285 5219 1347 5270 γε
1395 5204 1522 5267 τοὺς
1549 5204 1654 5276 πρὸ
1675 5204 1778 5274 τῆς

1886 5207 2058 5274 major
2083 5220 2147 5259 ac
2181 5205 2401 5275 gravior
2427 5211 2509 5256 est
2545 5199 2836 5254 dementia.
2881 5197 2944 5252 Et
2967 5196 3182 5266 quidem
3209 5190 3465 5263 tempori-

188 5295 490 5366 ἐπιδημίας
512 5299 738 5367 καιροὺς
757 5299 877 5361 ταῖς
900 5297 1008 5350 τῶν
1028 5296 1302 5367 πολεμίων
1319 5295 1551 5365 ἐφόδοις,
1569 5295 1778 5350 πόλεων

1885 5302 1985 5355 bus
2026 5313 2148 5368 quae
2213 5298 2502 5351 adventum
2574 5298 2998 5362 praecesserunt,
3047 5286 3282 5340 hostium
3322 5285 3463 5337 irru.

155 5387 571 5458 ,tpnpqspoic,
599 5389 764 5442 οἴκων
787 5389 1121 5460 ἀνατροπαίς
1197 5425 1205 5432 ρ
1291 5431 1306 5444 .
1387 5429 1401 5442 .
1481 5428 1495 5442 .
1573 5428 1586 5441 .
1663 5428 1677 5442 .
1759 5427 1773 5440 .

1884 5389 2182 5458 ptiouihus,
2245 5385 2524 5440 civitatum
2582 5378 3118 5448 conﬂagrationihus,
3177 5376 3461 5427 domormn

155 5461 376 5552 ξΤαῦτα
413 5479 527 5550 γὰρ
584 5480 755 5552 ἔδρων
807 5481 1052 5549 ἐφιέντος
1094 5480 1262 5544 Θεοῦ,
1315 5482 1522 5552 Πέρσαι
1577 5497 1637 5533 τε
1681 5480 1777 5534 καὶ

1881 5477 2276 5542 eversionibus,
2303 5473 2621 5530 crudelitate
2649 5471 2833 5542 gladii,
2863 5481 3150 5538 puerorum
3173 5461 3462 5519 occisioni-

202 5523 376 5533 πη...
426 5523 488 5548 ρ.
584 5523 640 5533 ,ν
678 5523 750 5534 ..η
807 5523 832 5534 -
882 5523 1050 5544 .-.ης
1098 5523 1262 5544 πη,
1319 5523 1390 5534 ..-
1432 5523 1522 5534 -.η
1588 5523 1637 5533 .-
1683 5523 1777 5534 ...η

148 5523 164 5646 ί
191 5570 383 5640 Μῆδοι,
411 5523 724 5636 Μωαϐῖτῐάι,
750 5523 1166 5642 καὶῖῐδουμαίοι,
1190 5571 1283 5626 καὶ
1303 5571 1374 5626 τὰ
1393 5523 1647 5642 ξπερίοικα
1665 5570 1774 5624 τῶν

1882 5572 2005 5636 hus,
2050 5577 2105 5625 et
2156 5568 2480 5623 feminarum
2519 5563 2924 5634 captivitatibus
2968 5557 3177 5612 multati
3225 5561 3352 5610 sunt
3405 5560 3461 5605 et

195 5658 382 5716 ἐθνῶν.
421 5662 643 5734 Ἐπειδὴ
661 5663 738 5728 δὲ,
759 5663 834 5728 ὡς
865 5663 1029 5735 ἔφην,
1063 5666 1158 5717 καὶ
1185 5665 1266 5726 είς
1303 5661 1464 5716 αὐτὸν
1500 5662 1776 5734 ἠσέϐησαν

1882 5662 2074 5734 puniti.
2136 5663 2245 5716 Deo
2306 5674 2538 5730 namque
2607 5655 2948 5717 immittente,
3014 5649 3214 5710 Persm,
3296 5643 3457 5706 Medi,

195 5755 284 5809 τὸν
305 5757 550 5826 Χριστὸν
577 5798 589 5820 ,
611 5756 710 5808 οὐκ
744 5756 804 5808 ὲν
850 5756 1028 5826 μείοσι
1053 5755 1161 5809 τῶν
1201 5755 1574 5826 ἀρχαιοτέρων
1601 5755 1762 5824 γεγό-

1875 5754 2142 5822 Moabitae,
2168 5753 2384 5810 ldumtei
2416 5761 2469 5808 et
2497 5749 2696 5807 accolae
2745 5756 2932 5818 gentes
2970 5743 3069 5799 ista
3116 5737 3455 5794 factitarunt.

266 5868 310 5911 θ’
347 5867 525 5924 lCor.
562 5883 632 5932 tv,
668 5867 752 5924 l5.
830 5869 897 5900 ⁸⁰⁶
930 5867 1104 5924 Galat.
1144 5883 1218 5934 tv,
1264 5867 1344 5921 l9.
1421 5868 1462 5899 ⁸¹
1500 5866 1601 5922 lsa.
1634 5867 1724 5934 32,
1769 5867 1814 5922 ί.
