4178 6532
690 395 761 450 63
1720 400 1776 454 S.
1818 399 2093 455 CYRILLI
2135 400 2603 457 ALEXANDRINI
2644 404 2964 459 ARCIIIEP.

3882 408 3968 462 64

697 514 961 569 Caeterum
1008 516 1119 583 ubi,
1179 518 1629 585 quemadmodum
1672 518 1806 585 dixi,
1854 519 2017 574 etiam
2044 519 2151 590 32
2215 520 2266 573 in

2375 536 2496 573 νασι
2554 522 2761 576 κακῶν.
2819 520 3284 595 Περιπεπτώκασι
3328 520 3439 593 γὰρ
3486 523 3607 585 ταῖς
3667 522 3968 594 Ῥωμαίων

699 610 872 676 ipsum
898 605 1170 661 Christum
1195 609 1342 677 impii
1369 606 1613 672 fuerunt,
1667 610 1721 662 in
1777 609 1935 665 malis
1970 611 2264 665 versaban-

660 756 666 769 η
700 707 804 762 tur,
857 712 960 752 non
1004 699 1302 753 minoribus
1326 708 1423 752 aut
1474 700 1762 755 levioribus
1803 700 1930 764 illis,
1970 717 2089 771 qua:
2131 717 2272 772 pra:-

662 771 1004 843 ‘cesserunt.
1057 790 1364 845 luciderunt
1401 791 1545 845 enim
1578 792 1630 845 in
1671 791 1943 848 Romanos
1974 771 2264 859 exercitus,

644 948 649 953 '
697 880 787 947 qui
838 882 1145 935 universam
1192 879 1429 935 Judaeum
1485 881 1725 936 funditus
1756 882 2092 949 deleverunt,
2143 900 2269 938 cttm

700 987 880 1037 nemo,
917 973 1009 1043 qui
1059 972 1272 1040 quidem
1322 984 1505 1041 posset
1551 974 1780 1039 eripere,
1814 975 1967 1028 etab
2017 974 2106 1028 illa
2159 984 2269 1029 tam

696 1062 893 1117 acerba
949 1062 1257 1117 calamitate
1340 1064 1605 1130 liberare,
1677 1064 2006 1120 subveniret.
2062 1062 2268 1118 Idcirco

694 1153 868 1207 dicit:
922 1172 941 1205 ‹
984 1152 1203 1209 Robore
1254 1153 1625 1208 sulI‘undentur
1680 1156 1732 1208 in
1776 1154 1933 1209 idolis
1973 1156 2105 1220 suis,
2148 1170 2268 1225 quze

699 1242 798 1308 ipsi
827 1242 1147 1300 noluerunt:
1176 1254 1229 1299 et
1256 1246 1587 1299 erubucrunt
1630 1245 1681 1300 in
1717 1247 1886 1300 hortis
1934 1248 2067 1312 suis,
2130 1261 2267 1315 quos

696 1335 1107 1404 concupierunt.
1148 1354 1170 1387 ι
1231 1333 1460 1389 Nemora
1516 1336 1778 1405 siquidem
1839 1348 2165 1407 occupantes
2213 1348 2269 1394 et

699 1423 906 1489 colles,
957 1425 1152 1479 deinde
1214 1426 1350 1481 idola
1403 1427 1555 1496 juxta
1622 1429 1961 1498 proccriores
2030 1429 2267 1485 arbores

698 1524 1020 1581 statuentes,
1042 1526 1204 1586 atque
1233 1532 1356 1571 aras
1385 1520 1675 1588 erigentes,
1710 1519 1843 1574 falso
1860 1522 2267 1590 cognominatos

699 1606 857 1671 deos,
909 1616 1212 1661 servatores
1241 1608 1600 1676 appellabant,
1632 1618 1688 1663 et
1747 1610 1801 1663 iu
1846 1610 1979 1679 ipsis
2007 1626 2269 1668 manuum

697 1711 914 1750 suarum
964 1698 1215 1766 operibus
1265 1713 1412 1766 spem
1460 1713 1673 1753 munem
1730 1699 2029 1767 locabant;
2080 1716 2263 1771 posse,

698 1789 889 1857 inquit,
925 1805 984 1844 se
1018 1790 1249 1845 inimicis
1292 1791 1603 1860 superiores
1629 1807 1751 1846 esse
1782 1802 1838 1846 et
1896 1794 2256 1848 adversantes

694 1880 851 1936 facile
892 1897 1224 1951 expugnare.
1265 1881 1395 1936 Cum
1441 1892 1619 1935 autem
1659 1883 2007 1940 advenissent
2055 1887 2267 1952 hostes,
2294 1858 2337 1912 Β

693 1985 748 2026 et
778 1974 987 2029 hostilia
1020 1973 1295 2038 fecissent,
1323 1982 1376 2029 et
1401 1976 1689 2031 destitutus
1709 1992 1739 2030 ιι
1760 1977 1865 2031 diis
1896 1979 2011 2031 suis
2028 1978 2267 2033 exstitis-

695 2076 778 2120 sct
806 2065 989 2129 Israel,
1020 2066 1074 2119 in
1115 2066 1275 2122 idolis
1310 2068 1422 2121 suis
1454 2068 1725 2137 pudefacti
1776 2078 1927 2123 sunt.
1961 2069 2082 2124 Illos
2119 2086 2267 2124 nam-

693 2173 802 2227 que
849 2168 975 2212 ante
1022 2158 1158 2213 alios
1205 2175 1307 2212 una
1372 2174 1495 2213 cum
1570 2160 1742 2216 hortis
1794 2162 2032 2232 lucisque
2073 2175 2269 2220 exutos

694 2260 1113 2321 conspexerunt,
1148 2260 1351 2305 etcum
1408 2251 1649 2309 delubris
1708 2253 1840 2323 ipsis
1872 2262 1927 2308 et
1981 2254 2261 2312 altaribus.

696 2344 1022 2397 Exciderunt
1063 2343 1225 2413 igitur
1264 2358 1377 2412 spe,
1421 2346 1635 2413 quando
1662 2345 1789 2401 deos
1826 2362 1956 2401 suos
2000 2349 2106 2417 pati
2136 2365 2264 2405 con-

692 2436 1054 2503 spicarentur,
1114 2444 1224 2487 tum
1281 2435 1513 2505 denique
1567 2436 1656 2490 vix
1717 2437 2077 2508 inteiligentes
2136 2442 2273 2496 illud

694 2541 827 2580 voce
854 2526 1123 2595 prophetae
1144 2526 1344 2580 dictum
1370 2541 1399 2580 a
1439 2526 1549 2583 Deo
1579 2546 1592 2582 :
1632 2546 1650 2580 ι
1682 2530 1743 2583 Et
1778 2530 1866 2583 uhi
1897 2542 2024 2586 sunt
2055 2533 2124 2585 dil
2164 2538 2261 2602 tui,

690 2634 831 2690 quos
856 2622 968 2688 ipse
999 2620 1090 2674 tibi
1109 2619 1313 2675 iecisti?
1341 2636 1466 2674 num
1490 2633 1709 2692 surgent
1735 2634 1788 2678 et
1818 2626 2108 2681 servabunt
2130 2637 2183 2683 te
2211 2629 2263 2684 iu

695 2722 935 2780 tempore
963 2708 1261 2766 aﬂIictionis
1294 2722 1395 2765 tute
1412 2712 1516 2765 9"?
1543 2733 1563 2765 ι
1584 2710 1770 2769 Alfccti
1795 2730 1923 2786 ergo
1948 2716 2262 2787 ignominia,

695 2806 747 2856 in
772 2802 878 2856 diis
913 2803 1027 2857 suis
1063 2818 1199 2871 quos
1228 2804 1623 2873 expetiverunt,
1657 2815 1712 2860 et
1768 2807 1821 2861 in
1855 2809 2050 2875 hortis,
2102 2823 2266 2867 erunt

691 2902 947 2962 tauquam
988 2893 1321 2948 terebinthus
1379 2895 1606 2964 abjectis
1665 2896 1828 2962 foliis,
1867 2909 2017 2954 etut
2078 2902 2275 2960 hortus-

691 3001 886 3052 aquam
942 3000 1047 3037 non
1077 2984 1285 3039 habens
1321 3001 1337 3039 :
1376 2985 1429 3039 id
1465 2996 1547 3041 est
1581 2989 1706 3041 nudi
1749 2998 1803 3043 et
1848 2991 2263 3060 despectissimi,

689 3085 745 3128 et
772 3077 998 3129 multum
1031 3074 1338 3130 laborantes
1383 3076 1690 3143 sterilitate,
1734 3079 1964 3148 spiritali
2012 3082 2266 3139 videlicet

2373 616 2672 685 στρατιαῖς,
2697 614 2745 666 οἳ
2769 616 2861 667 καὶ
2883 618 3062 668 πᾶσαν
3091 614 3260 685 ἄρδην
3285 614 3633 687 ὠλόθρευσαν
3665 617 3960 683 Ἰουδαίαν,

2369 704 2739 774 ἐπαμύνοντος
2774 706 3021 771 οὐδενὸς,
3064 707 3233 777 ήγουν
3289 706 3567 771 ἐξελέσθαι
3624 708 3957 779 δυναμένου,

2368 796 2463 849 καὶ
2486 798 2586 867 τῆς
2615 797 2755 851 οὕτω
2787 799 2988 870 πικρᾶς
3009 798 3285 862 ἐξελέσθαι
3315 802 3617 869 συμφορᾶς.
3645 801 3827 873 ταύτῃ
3868 803 3962 861 τοι

2369 904 2555 959 φησιν,
2590 889 2672 942 ὃτι
2697 909 2716 939 ι
2745 891 3320 962 Καταισχυνθήσονται
3359 894 3418 944 ἐν
3444 894 3555 954 τοῖς
3580 892 3816 957 εἰδώλοις
3854 896 3963 946 αὺ-

2367 980 2496 1045 τῶν,
2533 981 2566 1033 ἃ
2594 981 2748 1034 αὐτοί
2795 982 3107 1051 ἠϐούλοντο,
3156 983 3252 1036 καὶ
3281 983 3705 1054 ἐπῃσχύνθησαν
3748 986 3805 1037 ἐν
3836 990 3959 1047 τοῖς

2367 1073 2565 1143 κήποις
2590 1072 2790 1135 αὐτῶν,
2825 1072 2860 1127 ἃ
2898 1073 3267 1146 ἐπεθύμησαν.
3301 1094 3320 1127 ι
3362 1076 3534 1145 Ἀλση
3575 1075 3673 1145 μὲν
3717 1075 3826 1145 γὰρ
3854 1077 3957 1128 καὶ

2369 1163 2609 1235 δρυμοὺς
2651 1165 3182 1236 καταλαμϐάνοντες,
3226 1162 3344 1219 εἶτα
3385 1168 3498 1229 τοῖς
3526 1166 3958 1237 εὐμηκεστὲροις

2365 1255 2473 1309 τῶν
2526 1257 2708 1325 φυτῶν
2759 1257 2953 1312 εἴδωλα
3011 1258 3489 1329 περιιδρύσαντες,
3545 1258 3850 1328 ἐγείροντές
3890 1277 3953 1312 τε

2369 1348 2617 1419 βωμοὺς,
2675 1350 2927 1421 σωτῆρας
3005 1350 3337 1413 ἐπεκάλουν,
3389 1351 3516 1412 τοὺς
3566 1348 3956 1418 ψευδωνύμως

2372 1439 2549 1502 θεοὺς,
2590 1439 2686 1493 καὶ
2714 1441 2800 1492 ἐπ’
2838 1441 3023 1503 αὐτοῖς
3074 1441 3184 1503 τοῖς
3224 1440 3404 1513 ἔργοις
3433 1439 3545 1493 τῶν
3576 1439 3722 1493 ἰδίων
3754 1440 3955 1513 χειρῶν

2369 1533 2549 1585 πᾶσαν
2583 1530 2766 1584 ἔθεντο
2788 1532 2887 1601 τὴν
2918 1532 3127 1597 ἐλπίδα,
3152 1531 3249 1602 τὴν
3269 1530 3363 1584 τοῦ
3383 1514 3643 1585 δύνασθαι
3678 1549 3956 1601 κατευμε-

2368 1624 2548 1692 γεθεῖν
2596 1620 2845 1694 ἐχθρῶν,
2895 1624 2990 1676 καὶ
3052 1622 3519 1692 καταγωνίζεσθαι
3572 1624 3775 1696 ῥᾳδίως.
3826 1624 3954 1686 τοὺς

2368 1716 2795 1787 ἀνθεστηκότας.
2833 1716 3049 1786 Ἐπειδὴ
3085 1715 3143 1768 δὲ
3174 1717 3221 1769 οί
3260 1715 3359 1784 μὲν
3398 1715 3646 1785 πολέμιοι
3676 1713 3952 1784 παρῆσαν,

2367 1806 2461 1859 καὶ
2488 1805 2780 1877 δεδράκασι
2805 1805 2874 1859 τά
2904 1805 3136 1876 ἐχθρῶν,
3174 1805 3561 1875 ἀπομεμένηκε
3583 1804 3639 1856 δὲ
3664 1804 3812 1873 παρά
3842 1804 3955 1856 τῶν

2373 1895 2518 1949 ἰδίων
2556 1895 2693 1947 θεῶν
2732 1896 3157 1968 ἀνεπικούρητος
3206 1894 3440 1965 Ἰσραὴλ,
3500 1894 3959 1967 κατῃσχύνθησαν

2369 1986 2463 2041 ἐπὶ
2495 1989 2609 2051 τοῖς
2633 1986 2876 2050 εἰδώλοις
2907 1987 3106 2041 αὐτῶν.
3158 1987 3452 2040 Τεθέανται
3500 1986 3610 2057 γὰρ
3632 1987 3828 2049 αὐτοὺς
3857 1988 3957 2043 καὶ

2368 2082 2476 2152 πρό
2502 2097 2566 2148 γε
2598 2080 2707 2133 τῶν
2737 2080 2912 2135 ἄλλων
2938 2080 3386 2150 ἐμπιπραμένους
3409 2079 3544 2149 ὁμοῦ
3575 2082 3684 2142 τοῖς
3718 2080 3917 2148 κήποις
3936 2117 3953 2141 ,

2367 2174 2537 2244 ήγουν
2566 2160 2681 2235 τοῖς
2718 2172 2923 2237 ἄλσεσι,
2983 2173 3079 2225 καὶ
3104 2174 3283 2234 αὐτοῖς
3311 2171 3563 2241 τεμένεσι
3595 2172 3692 2223 καὶ
3723 2170 3952 2240 βωμοῖς.

2369 2264 2578 2320 Οὐκοῦν
2628 2264 3039 2337 διημαρτήκασι
3109 2266 3206 2330 τῆς
3254 2263 3500 2328 ἐλπίδος,
3542 2263 3631 2315 ὅτε
3678 2261 3958 2325 παθόντας

2367 2354 2651 2408 τεθέανται.
2691 2355 2817 2417 τοὺς
2854 2352 3062 2407 ἑαυτῶν
3116 2352 3293 2417 θεοὺς,
3325 2353 3447 2405 τότε
3504 2351 3752 2414 συνέντες
3797 2351 3956 2421 μόλις

2365 2446 2427 2499 τδ
2447 2446 2537 2499 διὰ
2563 2446 2662 2516 τῆς
2681 2444 2775 2499 τοῦ
2808 2446 3087 2517 προφήτου
3110 2446 3291 2514 φωνῆς
3320 2443 3606 2514 εἰρημένον
3624 2443 3773 2514 παρὰ
3788 2440 3951 2495 Θεοῦ·

2374 2552 2393 2587 ι
2420 2537 2528 2589 Καὶ
2553 2535 2657 2589 ποῦ
2691 2537 2827 2589 εἰσιν
2854 2538 2901 2589 οἰ
2931 2535 3041 2588 θεοί
3072 2550 3185 2599 σου,
3215 2534 3307 2598 οὒς
3337 2534 3596 2603 ἐποίησας
3629 2532 3870 2603 παυτῷς
3899 2534 3954 2585 εἰ

2367 2627 2759 2699 ἀναστήσονται
2791 2628 2884 2680 καὶ
2916 2626 3148 2680 σώσουσί
3178 2643 3236 2679 σε
3254 2627 3311 2679 ἐν
3331 2625 3507 2697 καιρῷ
3524 2625 3625 2693 τῆς
3654 2624 3955 2688 κακώσεως

2368 2739 2461 2775 σου
2485 2738 2500 2787 ;
2531 2740 2550 2773 ι
2576 2720 2842 2785 Παθόντες
2871 2720 3051 2773 τοίνυν
3078 2719 3175 2789 τὴν
3204 2719 3469 2789 ἐντροπὴν
3497 2718 3596 2788 τὴν
3622 2717 3713 2769 ἐπί
3745 2733 3807 2783 γε
3836 2718 3955 2778 τοῖς

2370 2814 2517 2877 ἰδίοις
2554 2812 2715 2875 θεοῖς,
2749 2811 2841 2875 οὓς
2871 2811 3220 2882 ἐπεθύμησαν
3249 2811 3422 2873 αὐτοὶ,
3467 2812 3561 2864 καὶ
3622 2810 3804 2880 μέντοι
3834 2811 3951 2869 τοῖς

2366 2906 2593 2975 κήποις,
2626 2904 2839 2958 ἔσονται
2875 2903 2951 2966 ὡς
2988 2902 3295 2973 τερέϐινθος
3333 2901 3741 2971 ἀποϐεϐληκυῖα
3778 2900 3953 2969 αὐτῆς

2365 2998 2433 3051 τὰ
2460 2997 2656 3066 φύλλα,
2688 2995 2783 3049 καὶ
2814 2994 2891 3057 ὼς
2923 2995 3249 3065 παράδεισος
3303 2993 3446 3064 ὕδωρ
3485 2993 3557 3064 μὴ
3604 2994 3765 3062 ἔχων⁹
3799 2990 3950 3044 τοῦτ’

2366 3087 2503 3151 ἐστι,
2533 3086 2728 3158 γυμνοί
2783 3102 2841 3138 τε
2875 3086 2968 3139 καὶ
2991 3086 3324 3155 ἀτιμότατοι,
3365 3086 3459 3137 καὶ
3492 3084 3625 3137 πολὺ
3666 3082 3947 3144 νοσοῦντες

689 3168 952 3221 bonarum
1025 3168 1316 3222 actionum.
1394 3167 1757 3223 Terebinthus
1827 3172 1969 3225 enim
2042 3182 2097 3226 et
2160 3175 2266 3230 alia

2368 3178 2468 3248 τὴν
2494 3174 2795 3247 ἀκαρπίαν,
2822 3173 2983 3244 δῆλον
3014 3173 3073 3227 δέ
3097 3174 3179 3226 ὃτι
3198 3173 3295 3243 τὴν
3321 3172 3516 3242 νοητὴν
3545 3171 3644 3241 τὴν
3670 3172 3727 3223 ἐν
3756 3169 3952 3241 πράξει

687 3260 898 3323 species
923 3273 1256 3328 qutecunque
1301 3257 1577 3323 arborum,
1612 3262 1847 3329 quandiu
1886 3263 2000 3319 suis
2040 3264 2264 3322 ﬂoribus

689 3349 855 3401 densa
891 3354 974 3401 est
1007 3358 1059 3402 et
1077 3358 1289 3412 ornata,
1322 3348 1423 3403 sibi
1459 3349 1712 3404 decoram
1755 3352 1982 3420 gloriam
2020 3354 2217 3409 retinet
2246 3370 2261 3407 :

690 3439 903 3493 amissis
936 3449 1113 3493 autem
1145 3438 1309 3506 foliis,
1344 3439 1446 3494 erit
1482 3440 1631 3495 arida
1674 3458 1737 3498 ac
1776 3460 1964 3513 parum
2003 3445 2263 3513 formosa,

686 3548 752 3585 ac
784 3532 933 3585 velut
1000 3532 1336 3585 inhonorata.
1384 3532 1582 3587 Hortus
1604 3533 1752 3597 item,
1773 3535 1815 3588 si
1848 3534 2023 3591 fontes
2046 3538 2264 3605 habeat,

684 3626 886 3678 densus
916 3624 1019 3677 erit
1056 3623 1338 3678 arboribus
1369 3622 1747 3694 fructuumque
1791 3627 2036 3683 ubertate
2084 3629 2266 3686 multi-

689 3715 879 3768 furiam
933 3714 1208 3768 luxuriat:
1260 3715 1438 3769 siccus
1487 3731 1619 3771 vero
1666 3727 1721 3771 et
1765 3719 1989 3774 humore
2050 3735 2264 3787 carens,

682 3808 908 3862 οιιιιιίιιο
938 3808 1237 3861 sterilescet
1273 3807 1542 3862 fructuum
1578 3810 1779 3878 inopia,
1805 3811 1910 3865 imo
1939 3821 1994 3865 et
2029 3812 2265 3882 ipsarum

685 3913 900 3968 quoque
937 3901 1212 3953 arborum.
1268 3900 1625 3955 lnbonoratus
1665 3901 1829 3970 igitur
1862 3911 1915 3955 et
1954 3902 2262 3960 infructuo-

686 4006 780 4044 sus
807 3990 1001 4043 mansit
1032 3989 1215 4044 Israel.
1248 3991 1379 4057 Quis
1405 3991 1547 4043 enim
1588 4000 1670 4044 est
1706 3992 1923 4046 virtutis
1959 3993 2167 4049 fructus
2208 3996 2265 4050 in

687 4081 952 4133 idolorum
1009 4080 1346 4135 cultoribus?
1394 4085 1501 4134 Aut
1546 4081 1731 4150 quidni
1763 4083 1834 4135 sit
1874 4084 2064 4152 plenus
2114 4087 2262 4141 omni

687 4172 950 4226 dedecore
978 4182 1032 4226 et
1055 4173 1472 4242 contemptione,
1496 4174 1587 4241 qui
1616 4174 1824 4227 deserit
1847 4192 2009 4229 unum
2032 4188 2085 4231 et
2106 4188 2264 4232 natu-

685 4279 747 4316 ra
778 4263 978 4318 Deum?
1028 4283 1047 4315 ι
1090 4265 1181 4333 qui
1218 4264 1349 4317 dicit
1403 4264 1544 4332 ligno
1576 4283 1591 4318 :
1646 4265 1806 4318 Pater
1837 4282 1987 4321 rneus
2016 4282 2074 4323 es
2107 4276 2187 4334 tu,
2208 4280 2265 4325 et

682 4354 845 4423 lapidi
873 4376 883 4409 :
917 4355 998 4409 Tu
1039 4372 1124 4410 me
1161 4357 1391 4427 genuisti
1413 4357 1497 4410 "?
1530 4374 1550 4407 ι
1588 4357 1700 4411 Erit
1730 4369 1906 4412 autem
1935 4359 2040 4429 33
2075 4373 2129 4415 ct
2157 4364 2263 4417 alio

684 4444 848 4497 modo
915 4443 1076 4498 Israel
1168 4445 1318 4499 velut
1386 4446 1722 4501 terebinthus
1795 4446 2019 4513 abiectis
2099 4452 2257 4507 foliis.

2373 3288 2456 3323 σιν
2484 3269 2735 3337 ἀγαθαῖς.
2779 3268 2846 3320 Ἦ
2888 3267 2986 3337 μὲν
3035 3269 3144 3336 γάρ
3188 3263 3524 3336 τερέϐινθος,
3560 3264 3727 3332 ήγουν
3765 3261 3951 3331 ἕτερόν

2368 3376 2423 3414 τι
2450 3359 2560 3413 τῶν
2594 3357 2798 3428 φυτῶν,
2843 3358 2948 3421 ἕως
2997 3356 3095 3425 μὲν
3141 3358 3260 3418 ταῖς
3309 3354 3469 3417 ἰδίαις
3514 3352 3702 3415 ἄνθαις
3755 3353 3951 3421 ὁρᾶται

2370 3451 2706 3520 κατάκομον,
2761 3448 2860 3518 τὴν
2912 3447 3063 3518 αὐτῷ
3110 3448 3425 3518 πρέπουσαν
3463 3443 3735 3507 ἀποσώζει
3766 3441 3945 3507 δόξαν·

2371 3541 2743 3613 ἀποϐεϐληκδς
2766 3541 2825 3594 δὲ
2850 3540 2917 3593 τὰ
2939 3538 3132 3608 φύλλα,
3171 3537 3335 3608 ξηρὸν
3363 3536 3518 3589 ἔσται
3541 3537 3635 3589 καὶ
3678 3535 3948 3600 ἀκαλλὲς,

2370 3635 2464 3690 καὶ
2489 3631 2598 3688 οἷον
2643 3632 3035 3704 ἡτιμασμένον.
3078 3629 3409 3700 Παράδεισος
3435 3628 3489 3680 δέ
3526 3627 3707 3689 πάλιν,
3752 3628 3801 3679 εἰ
3851 3628 3950 3696 μὲν

2370 3722 2483 3794 ἔχοι
2518 3724 2723 3794 πηγάς,
2758 3721 3166 3792 εὐδενδρότατος
3221 3718 3372 3770 ἔσται
3420 3734 3524 3781 τις,
3569 3718 3662 3770 καὶ
3695 3718 3814 3780 ταῖς
3840 3717 3954 3771 τῶν

2371 3815 2598 3885 καρπῶν
2629 3814 2909 3884 ἀφθονίαις
2947 3810 3243 3875 πολυειδῶς
3274 3809 3649 3880 ἐναϐρύνεται.
3686 3809 3861 3880 Ξηρδς
3888 3808 3947 3862 δὲ

2371 3910 2466 3963 καὶ
2482 3907 2707 3977 ἄνυδρος
2722 3906 2819 3971 ὢν,
2844 3905 2995 3958 ἔσται
3024 3920 3126 3956 που
3144 3902 3360 3965 πάντως
3382 3902 3439 3955 ἐν
3459 3901 3726 3972 ἀκαρπία,
3749 3900 3949 3971 μᾶλλον

2369 3998 2425 4051 δὲ
2473 3998 2566 4050 καὶ
2610 3996 2793 4049 αὐτῶν
2824 3996 3039 4067 νοσήσει
3068 3993 3169 4064 τὴν
3211 3992 3463 4064 ἐρημίαν.
3508 3992 3732 4061 Ἀτιμος
3765 3990 3950 4044 τοίνυν

2370 4088 2465 4142 καὶ
2500 4088 2746 4162 ἄκαρπος
2789 4085 3208 4158 ἀπομεμένηκεν
3266 4086 3296 4139 ὁ
3340 4084 3570 4156 Ἰσραήλ.
3624 4084 3783 4147 Ποῖος
3835 4084 3948 4154 γάρ

2369 4180 2484 4233 ἐστι
2507 4179 2716 4251 καρπὸς
2738 4180 2938 4250 ἀρετῆς
2953 4180 3010 4231 ἐν
3030 4180 3141 4241 τοῖς
3162 4176 3270 4230 τῶν
3295 4175 3526 4229 εἰδώλων
3550 4174 3912 4245 θεραπευταῖς
3932 4190 3951 4241 ;

2373 4274 2443 4326 Ἢ
2473 4272 2591 4336 πῶς
2619 4274 2717 4342 οὐχ
2747 4273 2967 4340 ἁπάσης
3000 4270 3221 4340 ἀτιμίας
3252 4268 3524 4338 ἔμπλεως,
3560 4269 3589 4320 ό
3627 4266 3761 4319 Θεὸν
3791 4265 3954 4333 ἀφεὶς

2367 4365 2458 4418 τὸν
2486 4364 2581 4417 ἕνα
2606 4365 2702 4417 καὶ
2724 4362 2902 4431 φύσει,
2939 4379 2958 4412 ι
2996 4362 3088 4415 καὶ
3118 4361 3289 4428 λέγων
3318 4359 3394 4431 τῷ
3422 4358 3583 4429 ξύλῳ,
3613 4358 3805 4427 Πατήρ
3843 4374 3947 4426 μου

2370 4452 2420 4509 εἷ
2461 4457 2522 4508 σύ
2550 4475 2564 4489 ·
2598 4456 2693 4509 καὶ
2729 4453 2807 4523 τῷ
2834 4453 2984 4522 λίθῳ,
3022 4454 3092 4506 Σὺ
3144 4451 3437 4521 ἐγέννησας
3477 4466 3581 4520 με;
3616 4468 3635 4500 ι
3665 4449 3861 4502 Ἔσται
3889 4447 3953 4501 δέ

684 4532 821 4585 Nam
858 4543 982 4587 ante
1005 4534 1311 4588 Servatoris
1338 4535 1648 4597 adventum,
1680 4537 1805 4591 dum
1853 4538 1985 4608 legis
2006 4543 2252 4596 umbram

2368 4549 2455 4601 καὶ
2490 4548 2691 4618 ἑτέρως
2722 4546 2936 4616 Ἰσραὴλ
2972 4545 3048 4608 ὡς
3074 4545 3404 4616 τερέϐινθος,
3438 4542 3846 4612 ἀποϐεϐληκυῖα
3879 4541 3954 4596 τὰ

681 4628 1003 4693 retinerent,
1057 4628 1231 4681 instar
1271 4630 1523 4683 arborum
1590 4643 1767 4693 erant,
1832 4646 1952 4699 qum
2022 4634 2256 4687 fructmn

685 4734 794 4772 non
840 4720 1058 4781 habent,
1106 4718 1250 4774 l‘oliis
1308 4731 1484 4774 tamen
1540 4721 1793 4790 proiectis
1847 4733 1904 4776 et
1952 4727 2262 4792 propagatis

685 4808 902 4877 egregie
982 4807 1337 4863 cinerescunt.
1400 4811 1567 4863 .Cum'
1637 4811 1833 4866 deinde
1908 4811 2262 4868 olfeiidissent

684 4898 985 4965 Christum,
1070 4901 1239 4969 ipsam
1318 4900 1481 4954 etiam
1565 4902 1768 4956 umbrae
1826 4902 2263 4959 observationem

685 4991 1058 5059 perdiderunt.
1094 4992 1203 5048 Nec
1230 4994 1374 5048 enim
1410 4994 1547 5046 ultra
1571 4993 1863 5047 observant
1910 4995 2047 5066 legis
2095 4999 2267 5052 sacri-

690 5082 836 5147 ﬁcia,
878 5099 977 5139 nec
1007 5100 1139 5140 sane
1178 5085 1443 5155 legalibus
1489 5087 1825 5140 ornamentis
1860 5088 2262 5158 insigniuntur:

686 5174 783 5228 sed
812 5190 982 5243 pauca
1042 5177 1331 5231 admodum
1371 5176 1565 5246 prisca:
1629 5177 1805 5246 gentis
1856 5178 2102 5233 instituta
2146 5183 2269 5236 reti-

692 5276 882 5321 nentes
942 5267 994 5322 in
1057 5267 1300 5332 urbibus,
1365 5264 1666 5336 iul‘rugil‘eri
1723 5278 1869 5335 sunt,
1933 5272 2263 5341 Spoliatique

690 5356 1009 5422 honoribus,
1037 5367 1091 5413 et
1114 5357 1237 5427 jure
1280 5358 1496 5426 quidem
1550 5357 1774 5424 optimo.
1815 5377 1834 5412 ι
1878 5360 2269 5418 [interfecerunt

688 5447 834 5500 enim
866 5449 1162 5516 principem
1216 5447 1359 5512 vitas,
1397 5462 1552 5517 quem
1582 5446 1741 5513 Deus,
1766 5449 2268 5511 solutistldoloribus

692 5539 888 5591 mortis
945 5538 1295 5606 gravissimis,
1363 5539 1621 5593 excitavit
1692 5557 1723 5595 e
1789 5544 2037 5608 mortuis,
2102 5562 2266 5615 quan-

692 5629 992 5698 doquidem
1043 5629 1297 5698 possibile
1371 5647 1472 5686 non
1544 5642 1661 5688 erat
1722 5634 1869 5689 illum
1934 5638 1999 5689 ab
2055 5654 2117 5693 ea
2187 5649 2264 5693 tc-

614 5730 619 5763 ἒ
694 5724 812 5777 ueri
842 5724 931 5776 ⁸¹’.
965 5740 984 5773 ι

764 5838 833 5870 ³¹⁶
857 5835 964 5891 Jer.
995 5851 1054 5902 ιι,
1086 5834 1175 5892 28.
1253 5842 1294 5873 θ’
1321 5843 1445 5903 ibid.
1479 5846 1567 5903 27,
1646 5846 1715 5880 ⁸⁸⁵
1751 5844 1871 5899 Act.
1902 5859 1983 5910 Ill,
2014 5842 2093 5898 15.

2369 4639 2561 4707 φύλλα.
2598 4638 2710 4709 Πρὸ
2752 4638 2849 4706 μὲν
2902 4635 3011 4707 γὰρ
3038 4637 3134 4707 τῆς
3161 4637 3256 4690 τοῦ
3294 4636 3543 4704 Σωτῆρος
3574 4634 3733 4704 ήμῶν
3763 4634 3954 4701 ἐπιδη-

2372 4730 2521 4799 μίας,
2560 4728 2657 4798 τὴν
2689 4729 2784 4782 τοῦ
2815 4728 2981 4799 νόμου
3008 4726 3303 4799 τηροῦντες
3340 4726 3519 4789 σκιάν,
3545 4725 3946 4796 προσεοίκεσαν

2369 4822 2591 4888 φυτοῖς,
2639 4819 2853 4889 καρπὸν
2915 4819 3013 4888 μὲν
3071 4817 3171 4870 οὐκ
3229 4817 3431 4886 έχουσι,
3489 4813 3631 4885 πλὴν
3692 4809 3752 4866 εὖ
3802 4812 3954 4882 μάλα

2368 4911 2843 4982 περιηνθισμένοις
2875 4913 2995 4973 ταῖς
3026 4909 3134 4962 τῶν
3182 4909 3394 4978 φύλλων
3428 4907 3698 4969 ἐκϐολαῖς.
3723 4904 3952 4975 Ἐπειδὴ

2366 5003 2425 5056 δὲ
2459 5002 2935 5074 προσκεκρούκασι
2965 5000 3044 5071 τῷ
3072 4999 3311 5072 Χριστῷ,
3339 5000 3433 5052 καὶ
3460 4998 3628 5069 αὐτὴν
3648 4995 3956 5065 ἀποϐεϐλή-

2366 5111 2495 5149 κασι
2519 5093 2616 5165 τὴν
2646 5094 2743 5164 τῆς
2770 5095 2925 5156 σκιᾶς
2946 5093 3197 5163 τήρησιν.
3237 5089 3315 5146 Οὐ
3343 5090 3449 5161 γὰρ
3483 5090 3562 5142 ἔτι
3591 5087 3821 5159 τηροῦσι
3851 5087 3953 5149 τὰς

2366 5185 2506 5238 κατά
2530 5184 2695 5255 νόμον
2721 5184 2931 5247 θυσίας,
2958 5182 3082 5236 οὔτε
3116 5182 3223 5252 μὴν
3258 5185 3372 5245 τοῖς
3404 5182 3648 5251 νομικοῖς
3686 5179 3952 5249 αὐχήμα-

2369 5294 2453 5331 σιν
2478 5276 2929 5345 ἐπισεμνύνονταί
2970 5273 3151 5327 ποθεψ
3189 5272 3433 5341 ὀλίγιστα
3488 5272 3546 5323 δὲ
3583 5269 3727 5323 κατὰ
3767 5268 3954 5330 πόλεις

2366 5370 2476 5422 τῶν
2505 5368 2749 5439 ἀρχαίων
2799 5366 3091 5437 τηροῦντες
3139 5364 3329 5426 ἐθνῶν,
3372 5361 3614 5433 ἄκαρποί
3668 5362 3807 5414 εἰσιν
3858 5360 3955 5414 καὶ

2364 5459 2723 5529 ἠτιμωμένοι·
2750 5460 2843 5512 καὶ
2870 5457 3013 5527 μάλα
3051 5458 3292 5518 εἰκότως.
3328 5454 3687 5508 Ἀπεκτόνασι
3714 5452 3826 5520 γὰρ
3860 5452 3955 5505 τὸν

2365 5550 2606 5619 ἀρχηγὸν
2643 5552 2743 5618 τῆς
2789 5548 2968 5619 ζωῆς,
3011 5547 3072 5600 δν
3113 5548 3142 5599 ὁ
3182 5547 3314 5609 Θεὸς
3356 5547 3575 5616 ήγειρεν
3621 5546 3685 5596 ἐκ
3738 5541 3954 5615 νεκῡῶν

2365 5642 2534 5704 λύσας
2570 5641 2670 5703 τὰς
2707 5640 2901 5703 ὠδῖνας
2941 5639 3033 5693 τοῦ
3058 5639 3309 5700 θανάτου,
3344 5637 3467 5690 καθ’
3506 5638 3588 5692 ὅτι
3632 5635 3732 5689 οὐκ
3762 5629 3832 5704 ἦν
3858 5633 3955 5687 δυ-

2372 5733 2532 5785 νατὸν
2555 5731 2872 5803 κρατεῖσθαι
2900 5731 3063 5785 αὑτὸν
3094 5730 3184 5783 ὑπ’
3217 5729 3401 5783 αὑτοῦ.
