4178 6522
207 397 274 451 65
1370 402 1436 456 IN
1479 403 1712 460 ISAIAM
1753 405 1880 462 LIB.
1924 409 1966 459 l.
2007 409 2214 465 ORAT.
2259 411 2320 464 ll.
2679 464 2681 466 .
3400 425 3470 480 66

277 513 379 568 Καὶ
413 512 581 568 ἔσται
600 512 638 579 ἡ
667 515 845 583 ίσχὺς
869 515 1068 570 αὐτῶν
1085 517 1166 584 ὡς
1186 517 1423 588 καλάμη
1458 522 1768 576 στιππύου

1968 524 2129 580 Vens.
2159 527 2252 580 ⁸51.
2313 527 2374 579 Et
2421 529 2520 581 erit
2549 529 2807 598 fortitudo
2855 550 3031 590 eorum
3082 539 3218 592 velint
3273 543 3470 610 stipula

207 603 303 658 καὶ
339 604 376 673 ἠ
411 604 658 674 ἐργασιά
686 604 888 660 αὐτῶν
917 608 998 672 ὡς
1045 607 1379 678 σπινθῆρες
1421 612 1637 680 πυρὸς,
1690 613 1791 668 καὶ

207 696 764 762 κατακαυθήσονται
809 700 863 752 oi
936 697 1146 770 ἄνομοι
1214 700 1314 754 καὶ
1357 704 1411 756 οι
1457 702 1792 773 ἁμαρτωλοί

206 787 344 858 ἅμα,
375 788 475 846 καί
501 791 611 843 οὐκ
631 791 805 843 ἔσται
833 791 868 844 ό
902 791 1163 847 σϐέσων.

287 883 346 937 ὐ
406 884 572 954 σοφὸς
655 885 880 956 εἴρηκεν
939 886 1210 958 Σολομὼν,
1276 887 1358 941 δτι
1418 889 1633 961 Σειραϊς
1681 889 1792 943 τῶν

203 976 395 1031 ἐαυτοῦ
428 977 709 1051 ἁμαρτιῶν
753 978 984 1041 ἕκαστος
1039 979 1354 1048 σφίγγεται*
1383 982 1478 1035 καὶ
1518 982 1725 1054 ἀληθὴς
1762 984 1790 1036 ὀ

202 1069 377 1139 λόγος.
416 1069 665 1140 Ἐκάστῳ
703 1069 813 1142 γὰρ
869 1071 1025 1141 ἡμῶν
1053 1071 1123 1125 τά
1179 1073 1286 1125 ίδια
1341 1073 1790 1145 πλημμελήματα

202 1163 452 1234 προξενεῖ
479 1163 568 1216 τὸν
594 1162 835 1234 δλεθρον,
853 1165 948 1218 καὶ
970 1163 1069 1224 τὰς
1096 1164 1160 1217 ἐκ
1179 1164 1327 1230 θείας
1348 1168 1519 1238 ὀργῆς
1538 1167 1788 1238 ἐπιφέρει

201 1254 372 1320 δίκας.
419 1255 630 1310 Ὀποῖόν
655 1274 707 1312 τι
736 1255 1070 1311 πεπόνθασιν
1101 1258 1149 1310 οἱ
1197 1258 1258 1323 ἐξ
1316 1261 1551 1332 Ἰσραήλ.
1587 1260 1789 1333 Εἰργά-

204 1363 364 1400 σαντο
401 1347 498 1418 μὲν
531 1347 639 1419 γὰρ
670 1349 879 1410 ἑαυτοῖς
901 1349 1027 1411 τοὺς
1067 1348 1450 1418 ψευδωνύμως
1486 1351 1658 1415 θεοὺς,
1691 1356 1787 1408 καὶ

201 1437 287 1490 ἐπ’
318 1437 501 1500 αὐτοῖς
527 1437 794 1508 ἐσχήκασι
823 1435 921 1510 τὴν
954 1439 1166 1500 ἐλπίδα,
1199 1439 1292 1493 τοῦ
1331 1441 1587 1495 δύνασθαι
1617 1460 1786 1496 κατα-

199 1531 422 1598 κρατεῖν
454 1527 685 1599 ἐχθρῶν.
730 1528 868 1582 Ἀλλ’
905 1529 1039 1582 αὐτὸ
1061 1528 1124 1601 δὴ
1153 1530 1310 1584 τοῦτο
1337 1534 1562 1602 γέγονεν
1607 1537 1787 1598 αὐτοῖς

202 1623 486 1691 μονονουχὶ
520 1620 633 1692 πῦρ
671 1638 734 1673 τε
790 1621 883 1674 καὶ
929 1621 1080 1686 ξύλα.
1139 1622 1240 1676 Διά
1283 1624 1392 1695 γὰρ
1439 1626 1645 1697 ταύτην
1690 1627 1787 1698 τὴν

193 1711 588 1782 πλημμέλειαν
637 1711 876 1765 δέδονται
935 1712 1097 1782 πυρὶ,
1150 1715 1242 1766 καὶ
1294 1714 1452 1768 τοῦτο
1494 1716 1783 1786 ἀσϐέστῳ,

195 1803 344 1858 τοῦτ’
375 1802 510 1868 ἔστι,
539 1802 737 1864 δειναῖς
763 1819 820 1856 τε
879 1801 971 1855 καὶ
1011 1802 1406 1875 ἀκαταλήκτοις
1453 1809 1778 1878 συμφοραῖς,

203 1893 573 1964 ἐπαμύνοντος
625 1893 855 1956 οὐδενός.
899 1894 1008 1948 Καὶ
1059 1894 1218 1948 τοῦτο
1255 1897 1386 1966 ἡμῖν
1432 1897 1600 1966 σαφὲς
1649 1899 1780 1954 καθα

206 1989 403 2066 ἱστησι,
430 1987 625 2056 λέγων’
653 1988 763 2044 Καὶ
789 1987 941 2042 ἔσται
985 1990 1018 2060 ἡ
1053 1989 1204 2060 ίσχὺς
1243 1991 1422 2045 αὐτῶν
1454 1993 1530 2056 ὡς
1560 1994 1779 2066 καλάμη

201 2061 492 2140 στιππύου,
529 2077 623 2137 καὶ
654 2079 686 2148 ἠ
708 2079 940 2149 ἐργασία
965 2080 1145 2134 αὐτῶν
1169 2083 1244 2146 ὡς
1268 2084 1563 2156 σπινθῆρες
1588 2061 1778 2154 πυρόςξ

211 2167 276 2220 Ἦ
305 2166 758 2236 προσδοκηθεῖσα,
805 2169 992 2238 φησιν,
1039 2167 1258 2225 ἔσεσθαι
1298 2171 1528 2244 δύναμις
1557 2174 1741 2238 αὐτοῖς
1763 2214 1779 2239 ,

198 2259 350 2314 ἔσται
387 2257 462 2321 ὡς
490 2257 710 2329 καλάμη
739 2259 1031 2326 στιππύου,
1073 2260 1221 2315 τοῦτ’
1247 2262 1385 2327 ἔστι,
1412 2265 1586 2336 τροφὴ
1611 2266 1781 2335 πυρὸς

199 2352 296 2405 καὶ
333 2350 687 2422 ὑπέκκαυμα,
718 2353 813 2406 καὶ
846 2353 915 2408 τά
946 2353 1085 2424 ἔργα
1109 2355 1217 2408 τῶν
1251 2355 1447 2427 χειρῶν
1470 2357 1672 2421 αὐτῶν,
1706 2357 1782 2422 ὡς

201 2443 372 2514 πυρδς
397 2443 690 2518 σπινθῆρες
717 2444 1119 2517 ἀκοντιζόμενοι
1170 2450 1288 2502 κατ’
1329 2447 1528 2502 αὐτῶν.
1559 2448 1779 2519 Καυθήο

201 2551 386 2588 σονται
435 2529 528 2588 οὖν
579 2535 629 2586 οἱ
674 2535 865 2605 ἄνομοι
916 2537 1012 2590 καὶ
1059 2539 1108 2590 oi
1159 2537 1470 2608 ἁμαρτωλοὶ
1502 2537 1636 2607 ἅμα.
1671 2541 1780 2592 Πα-

202 2627 494 2698 ραιτητέον
526 2627 705 2682 τοίνυν
740 2628 800 2682 τὸ
849 2629 1213 2701 προσκρούειν
1252 2629 1389 2700 Θεῷ,
1428 2631 1521 2683 καὶ
1543 2630 1604 2682 τὸ
1651 2629 1783 2702 δρᾷν

196 2717 1778 2774 ἐκεῖνα...............

198 2846 216 2862 .
299 2845 315 2863 .
400 2847 415 2862 .
493 2847 510 2863 .
590 2847 605 2862 .
686 2846 702 2863 .
782 2848 796 2863 .
877 2846 891 2862 .
967 2808 1107 2864 αύτά
1164 2810 1272 2881 γὰρ
1314 2809 1784 2882 ήμῶντάἔργα,

193 2897 289 2950 καὶ⁵
343 2896 460 2968 πῦρ
507 2897 639 2968 ἡμῖν
687 2896 840 2952 ἔσται
895 2899 989 2951 καὶ
1052 2899 1226 2971 τροφὴ
1277 2900 1483 2972 πυρὸς,
1533 2902 1783 2973 καθάπερ

191 2987 390 3059 ἀμέλει
432 2987 526 3041 καὶ
569 2987 638 3041 τά
680 2989 745 3042 ἐκ
791 2988 1044 3059 πράξεων
1067 2991 1287 3059 ἀγαθῶν
1322 2991 1633 3063 αὐχήματα,
1688 2993 1782 3046 καὶ

190 3080 340 3149 ζωῆς
392 3081 485 3134 καὶ
532 3080 692 3153 δόξης
751 3080 1082 3156 ἐμποιητικά
1129 3086 1240 3148 τοῖς
1295 3083 1652 3156 κατορθοῦσιν
1693 3085 1782 3138 εύ-

189 3190 468 3245 ρισκεται.

827 3289 1046 3345 ΛΟΓΟΣ
1076 3290 1153 3344 B'.

267 3417 323 3469 '0
364 3420 554 3490 λόγος
631 3423 669 3476 ὁ
733 3425 1058 3494 γενόμενος
1123 3425 1284 3494 παρά
1334 3426 1557 3496 Κυρίου
1620 3429 1771 3496 πρὸς

195 3509 476 3576 Ἡσαΐαν,
510 3512 647 3566 υἱὸν
687 3514 896 3586 Ἀμὼς,
913 3517 1044 3586 περὶ
1065 3518 1177 3587 τῆς
1207 3519 1491 3589 Ἰουδαίας
1513 3523 1610 3577 καὶ
1635 3522 1770 3592 περὶ

192 3603 504 3672 Ἱερουσαλ
512 3604 613 3676 ήμ.

252 3712 503 3784 Συγγενῆ
537 3715 647 3777 τοῖς
679 3715 917 3784 φθάσασι
940 3718 1008 3772 τά
1036 3720 1395 3793 προκείμενα,
1427 3723 1521 3778 καὶ
1541 3725 1629 3781 διὰ
1653 3727 1765 3782 τῶν

182 3801 314 3855 ἴσων
345 3804 570 3859 ἐννοιῶν
599 3807 871 3878 ἐρχόμενα
905 3809 1111 3864 κατίδοι
1143 3829 1229 3872 τις
1255 3814 1321 3867 ἂν
1365 3815 1527 3882 αὐτὰ,
1567 3815 1764 3873 λεπτὸν

175 3895 480 3966 ἐπιστήσας
532 3899 645 3960 τοίς
693 3897 1010 3972 θεωρήμασι
1063 3901 1164 3974 τῆς
1210 3903 1449 3970 διανοίας
1494 3907 1586 3961 τὸν
1616 3909 1759 3964 νοῦν.

173 3983 440 4053 Γεγόνασι
487 3986 595 4056 γὰρ
645 3989 694 4040 oi
744 3989 909 4044 πάλαι
942 3993 1095 4064 παρὰ
1131 3994 1264 4048 Θεοῦ
1314 3996 1460 4066 λόγοι
1486 3999 1623 4072 πρὸς
1670 4001 1761 4055 τὸν

171 4075 471 4130 Θεσπέσιον
505 4080 792 4152 προφήτην
817 4083 944 4153 περὶ
977 4087 1075 4156 τῆς
1110 4085 1366 4151 Ἰουδαίας
1393 4090 1486 4143 καὶ
1513 4092 1758 4162 περὶτῆς

182 4163 570 4240 Ἰερουσαλήμ.
599 4169 757 4221 Δοκεῖ
769 4168 826 4223 δέ
846 4188 982 4236 πως,
1008 4173 1181 4245 μέσην
1203 4175 1326 4229 τινὰ
1354 4179 1448 4230 καὶ
1469 4179 1531 4232 ού
1555 4181 1758 4250 σφόδρα

167 4258 319 4328 σαφῆ
371 4259 476 4330 τῆς
528 4259 775 4330 ὁράσεως
827 4263 925 4336 τὴν
959 4264 1214 4321 ἀπόδοσιν
1265 4266 1408 4338 ἔχειν
1456 4270 1550 4324 τοῦ
1592 4268 1757 4340 φάναι

167 4350 296 4420 περὶ
323 4349 430 4421 τῆς
479 4351 742 4418 Ἰουδαίας
777 4356 870 4408 καὶ
917 4357 1048 4429 περὶ
1082 4358 1461 4432 Ἰερουσαλήμ.
1491 4363 1636 4435 Πλὴν
1680 4365 1756 4428 ὡς

163 4437 242 4491 ἔνι
298 4440 683 4513 σαφηνιοῦμεν
721 4443 890 4516 αὐτὴν
945 4446 1042 4518 τὴν
1072 4449 1169 4519 τῆς
1219 4450 1460 4522 ὁράσεως
1504 4453 1752 4526 δύναμιν,

1895 625 2120 685 stuppa’,
2147 629 2192 671 et
2223 635 2350 688 opus
2392 635 2571 672 eorum
2599 621 2735 675 velut
2763 626 3008 682 scintilla:
3047 631 3182 699 ignis
3238 643 3286 686 et
3329 649 3471 687 com-

1895 710 2150 762 burantur
2202 711 2388 780 iniqui,
2424 720 2472 765 et
2519 722 2820 777 peccatores
2863 718 3042 784 simul,
3085 737 3180 774 nec
3227 724 3328 777 erit
3379 725 3470 793 qui

1891 802 2204 869 exstinguat.

1963 887 2247 956 Sapienter
2288 889 2429 944 dixit
2467 891 2719 946 Salomon
2767 911 2782 946 :
2822 894 3064 964 Quisque
3121 912 3469 968 peccatorum

1892 994 2113 1032 suorum
2173 983 2524 1050 compedibus
2582 986 2912 1055 stringitur;
2961 1001 3010 1042 et
3050 992 3268 1058 quidem
3337 1009 3464 1048 vera

1891 1078 1975 1123 est
2001 1071 2112 1126 hare
2152 1073 2350 1129 oratio.
2399 1072 2507 1128 Sua
2542 1076 2682 1128 enim
2731 1077 2927 1145 cuique
2984 1091 3226 1135 nostrum
3271 1085 3467 1140 delicta

1892 1162 2182 1230 perniciem
2208 1172 2418 1229 creant,
2443 1175 2497 1220 et
2521 1181 2584 1220 ex
2613 1169 2690 1220 ira
2705 1155 2886 1224 divina
2912 1185 3102 1240 pinnas
3135 1173 3465 1232 conﬂahunt.

1889 1253 2040 1320 Quod
2075 1257 2292 1324 quidem
2353 1260 2497 1326 passi
2541 1267 2668 1314 sunt
2726 1258 3004 1316 lsraelitae.
3049 1264 3467 1322 Commentitios

1888 1349 2110 1404 enimet
2145 1351 2280 1405 falso
2311 1365 2650 1423 nuncupatos
2705 1356 2834 1410 deos
2884 1356 2986 1410 sibi
3034 1357 3464 1427 fabricaverunt,

1889 1451 2052 1507 atque
2109 1444 2160 1496 in
2214 1446 2316 1498 “IIS
2380 1457 2669 1514 sperarunt
2739 1464 2799 1502 se
2857 1449 3040 1503 hostes
3089 1461 3464 1519 superaturos.

1887 1530 2151 1585 Caeterum
2173 1535 2273 1588 hoc
2296 1537 2467 1602 ipsmn
2498 1539 2698 1592 factum
2721 1547 2802 1593 est
2829 1539 2941 1594 illis
2965 1549 3172 1594 tantum
3205 1558 3308 1597 non
3327 1544 3468 1612 ignis

1888 1633 1941 1676 et
1973 1624 2135 1693 ligna.
2164 1625 2389 1696 l’ropler
2420 1630 2557 1682 hanc
2586 1631 2730 1683 enim
2768 1634 3112 1699 pravitatem,
3155 1634 3262 1704 igni
3285 1635 3465 1690 traditi

1887 1727 2034 1781 sunt,
2067 1725 2119 1769 et
2147 1717 2359 1784 quidem
2398 1720 2506 1789 igni
2551 1721 3002 1792 inexstinguibil’i,
3041 1726 3294 1794 gravibus
3325 1729 3471 1782 scili-

1888 1816 1975 1859 cet
2014 1818 2068 1861 et
2090 1809 2364 1862 continuis
2390 1809 2820 1877 calamitatibus,
2854 1815 3001 1869 nullo
3035 1814 3242 1872 ferente
3274 1833 3465 1888 suppe-

1890 1895 2009 1950 tias.
2061 1896 2116 1951 ld
2172 1901 2315 1968 quod
2368 1899 2523 1954 nobis
2569 1903 2912 1972 perspicuum
2964 1905 3124 1972 facit,
3165 1908 3466 1977 inquiens:

1886 1985 1950 2039 Et
1975 1988 2080 2042 erit
2127 1989 2385 2046 fortitudo
2428 2007 2636 2059 eorum,
2673 2003 2933 2064 tanquam
2975 1997 3186 2053 culmus
3236 2009 3462 2070 stuppa',

1885 2089 1942 2136 et
1969 2096 2153 2135 eorum
2173 2095 2333 2150 opera
2355 2082 2762 2139 velutscintiltae
2793 2085 2962 2154 ignis.
2988 2087 3142 2155 Quod
3173 2097 3465 2159 sperabant

1884 2173 1985 2229 sibi
2013 2173 2131 2228 fore
2183 2174 2492 2242 praesidium
2523 2185 2577 2230 et
2633 2176 3060 2244 ﬁrmamentum,
3117 2183 3310 2251 inquit.
3359 2185 3466 2238 erit

1885 2274 2139 2334 tanquam
2189 2264 2440 2319 cumulus
2481 2273 2714 2336 stuppm,
2757 2268 2807 2322 id
2836 2277 2940 2336 est,
2974 2271 3292 2326 alimentum
3323 2274 3464 2343 ignis

1882 2364 1936 2409 et
1959 2355 2129 2410 fomes
2187 2353 2456 2409 incendii:
2495 2367 2660 2427 atque
2681 2374 2846 2429 opera
2893 2375 3149 2415 manuum
3213 2378 3463 2428 suarum.

1882 2447 2034 2516 quasi
2065 2446 2210 2515 ignis
2233 2446 2483 2500 scintillae
2530 2434 2587 2502 in
2618 2449 2762 2517 ipsos
2783 2450 3064 2519 conjectis.
3119 2454 3464 2524 Quapropter

1885 2539 2052 2608 iniqui
2088 2538 2501 2604 comburentur,
2535 2550 2589 2594 et
2618 2552 2932 2609 peccatores
2970 2546 3194 2611 pariter.
3233 2544 3466 2618 Ideoque

1883 2630 2330 2684 committendum
2363 2646 2468 2684 non
2500 2641 2604 2695 est,
2647 2642 2706 2687 ut
2727 2632 2890 2689 Deum
2931 2637 3157 2706 posthac
3217 2637 3462 2694 oli'enda-

1885 2735 2027 2784 nius,
2048 2733 2183 2775 eave
2217 2721 2564 2792 designemus
2592 2722 2984 2792 imprudenter,
3015 2743 3133 2797 qua:
3183 2746 3468 2802 pr0pemo-

1884 2813 2011 2866 dum
2068 2812 2298 2866 invitum
2351 2814 2649 2868 accendent
2691 2817 2744 2870 in
2781 2830 2879 2870 nos
2939 2833 3082 2882 eum,
3140 2823 3229 2890 qui
3284 2833 3464 2894 potest

1883 2905 2086 2960 Omnia.
2145 2903 2271 2960 llaec
2293 2907 2495 2961 etenim
2552 2922 2714 2978 opera
2775 2921 2982 2978 nostra,
3035 2922 3085 2968 et
3125 2914 3263 2983 ignis
3300 2927 3463 2970 erunt

1884 2996 2060 3062 nobis,
2090 3008 2143 3052 et
2173 2995 2467 3051 fomentum
2493 2999 2633 3070 ignis
2660 3018 2672 3054 :
2708 3004 3161 3072 quemadmodum
3216 3006 3468 3074 profecto

1884 3096 2031 3143 recte
2059 3102 2122 3141 ac
2143 3087 2399 3157 praeclare
2439 3087 2602 3155 facta,
2635 3089 2876 3159 laudem,
2914 3094 3078 3150 vitam
3115 3105 3170 3152 et
3205 3097 3458 3169 gloriam,

1806 3193 1849 3253 ε
1883 3187 2028 3238 recte
2051 3178 2355 3236 viventibus
2384 3181 2675 3240 conciliare
2699 3184 2962 3242 videmus.

2427 3293 2542 3368 3a,
2571 3296 2833 3355 ORATIO
2855 3298 2918 3355 tt.

1947 3423 2080 3478 Car.
2116 3425 2175 3480 ll.
2215 3425 2378 3485 Vens.
2430 3428 2483 3482 1.
2545 3427 2766 3484 Verbum
2811 3449 2842 3486 a
2880 3432 3101 3491 Domino
3147 3437 3344 3508 factum
3386 3441 3461 3494 ad

1877 3512 2103 3582 Isaiam,
2127 3516 2297 3584 ﬁlium
2336 3519 2518 3586 Amos,
2560 3521 2623 3575 de
2645 3519 2838 3578 Judca
2868 3535 2914 3578 et
2940 3526 3005 3580 de
3024 3525 3341 3586 Jerusalem.

1947 3718 2161 3774 Similia
2203 3722 2578 3789 superioribus
2605 3734 2732 3779 sunt
2762 3726 2877 3783 hinc
2904 3744 3023 3796 quise
3057 3746 3457 3802 pl‘OPOIIllltllli‘,

1871 3817 1925 3865 et
1952 3810 2067 3880 pari
2102 3812 2502 3880 quodammodo
2525 3817 2917 3870 sententiarum
2946 3829 3132 3873 tenore
3150 3825 3447 3890 procedete

1870 3903 2102 3970 videbit,
2164 3906 2409 3975 quisquis
2479 3907 2546 3962 ad
2600 3907 2737 3964 hanc
2793 3926 2903 3965 rem
2959 3912 3356 3983 intelligendam
3396 3929 3454 3972 et

1867 3995 2317 4050 considerandam
2366 3998 2639 4064 paululum
2699 4002 2860 4055 modo
2885 4003 3128 4057 animum
3185 4018 3455 4062 tuentem-

1866 4100 1973 4155 que
2033 4085 2308 4142 adhibeat.
2337 4086 2504 4143 Facta
2536 4091 2832 4145 suntenim
2895 4092 3021 4146 olim
3061 4109 3093 4148 a
3139 4095 3246 4149 Deo
3280 4099 3448 4154 verba

1865 4179 1930 4230 ad
1962 4178 2202 4233 divinum
2261 4179 2573 4249 prophetam
2607 4181 2674 4236 de
2711 4180 2891 4236 ludant
2926 4194 2980 4238 et
3007 4185 3074 4240 de
3121 4184 3446 4245 Jerusalem.

1868 4270 2089 4326 Videtur
2151 4283 2332 4329 autem
2377 4277 2608 4330 mediam
2669 4279 2958 4346 quamdam
2994 4296 3094 4335 nec
3155 4284 3448 4340 admodum

1865 4359 2154 4418 dilucidam
2231 4366 2456 4420 visionis
2547 4367 2964 4436 explicationem
3023 4373 3223 4427 habere
3300 4377 3447 4443 quod

1865 4455 2075 4508 dii-amr
2127 4458 2192 4510 de
2239 4456 2422 4512 .ludzea
2503 4470 2557 4514 et
2601 4462 2668 4515 de
2732 4461 3060 4519 Jerusalem.
3110 4465 3220 4521 Nos
3289 4485 3444 4536 vero,

163 4528 327 4582 οίονεί
363 4547 488 4593 πως
508 4531 568 4586 ἐν
595 4531 788 4604 βραχεί
815 4539 1231 4606 συνενεγκόντες
1257 4542 1338 4605 είς
1363 4541 1507 4598 νοῦν.
1541 4544 1758 4618 Ἐπειδὴ

1873 4547 2038 4615 quoad
2068 4548 2182 4614 ejus
2211 4551 2320 4602 tieri
2363 4560 2556 4618 potest,
2601 4553 2770 4622 ipsam
2807 4556 3028 4609 visionis
3058 4559 3163 4611 vim
3197 4561 3436 4614 breviter

161 4621 270 4690 γὰρ
292 4621 395 4691 τῆς
430 4622 540 4693 μὲν
570 4624 834 4696 αἰσθητῆς
864 4627 1121 4693 Ἰουδαίας
1153 4632 1247 4685 καὶ
1278 4635 1376 4704 τῆς
1405 4635 1758 4712 Ἰερουσαλὴμ

159 4711 257 4780 τὴν
281 4709 487 4782 δῇωσιν
520 4717 776 4786 πειρᾶται
825 4715 1026 4786 λέγειν,
1062 4721 1161 4792 τῆς
1189 4739 1252 4791 γε
1291 4724 1396 4796 μὴν
1425 4727 1484 4781 ἐν
1534 4709 1756 4803 Χριστῷ

160 4803 252 4854 καὶ
286 4803 492 4874 νοητῆς
519 4804 625 4876 τὴν
649 4807 1050 4874 ἀνάδειξιν,καὶ
1080 4813 1182 4884 τὴν
1204 4816 1262 4868 ἐν
1286 4816 1420 4887 τῷδε
1446 4819 1525 4890 τῷ
1563 4824 1754 4895 κόσμῳ

158 4894 466 4964 φανέρωσιν
489 4911 504 4924 ·
553 4895 758 4969 ταύτης
809 4899 973 4955 ἕνεκα
1000 4904 1098 4974 τῆς
1134 4905 1315 4970 αίτίας
1334 4946 1348 4971 ,
1380 4909 1478 4980 οὐχ
1507 4911 1649 4983 ὑπέρ
1675 4894 1750 4980 γε

162 4981 254 5050 τῆς
297 4983 592 5051 Ἰουδαίας,
622 4986 747 5042 οὔτε
783 4992 890 5064 μὴν
936 4993 1077 5048 κατά
1104 4996 1200 5066 τῆς
1245 4981 1626 5074 Ἰερουσαλὴμ,
1654 5004 1753 5058 ἀλ-

163 5070 225 5164 λὰ
245 5075 376 5144 περὶ
397 5078 502 5149 τῆς
538 5077 817 5144 Ἰουδαίας,
847 5084 942 5137 καὶ
978 5086 1106 5156 περὶ
1139 5085 1238 5153 τῆς
1275 5070 1629 5164 Ἰερουσαλήμ
1663 5113 1752 5148 τε-

167 5159 387 5220 ὶεᾶσθαί
435 5185 575 5240 φησι
624 5171 723 5242 τὴν
769 5174 979 5245 ὅρασιν.
1021 5177 1295 5250 Αἰσθητὴν
1334 5159 1391 5236 δέ
1437 5159 1617 5256 φαμεν
1649 5189 1748 5259 τὴν

169 5254 448 5325 Ἰουδαίαν,
478 5261 578 5314 καὶ
625 5264 818 5349 *μέντοι
869 5268 961 5321 καὶ
1020 5269 1394 5346 Ἰερουσαλὴμ,
1439 5254 1607 5348 αὐτὴν
1651 5254 1750 5349 μέν

165 5347 252 5437 rip;
278 5348 468 5422 χώραν
520 5355 582 5406 ἐν
694 5358 1016 5430 κατῴκηκεν
1046 5363 1074 5413 ὁ
1113 5363 1356 5437 Ἰσραὴλ,
1401 5369 1496 5422 καὶ
1529 5347 1663 5424 αύτδ
1689 5370 1750 5424 τὸ

158 5436 414 5530 σύστημα
444 5443 550 5513 τῆς
589 5445 862 5501 Ἰουδαίων
894 5455 1238 5526 συναγωγῆς.
1265 5436 1482 5530 Νοητὴν
1501 5461 1558 5514 δὲ
1582 5462 1746 5518 πάλιν

167 5527 548 5606 Ἰερουσαλὴμ,
571 5537 744 5606 ἤγουν
775 5540 1056 5608 Ἰουδαίαν,
1113 5547 1211 5617 τὴν
1253 5527 1582 5622 Ἐκκλησίαν
1605 5550 1744 5610 εἶναι

157 5623 472 5696 νομιοῦμεν,
507 5627 632 5698 {not
663 5628 764 5700 τὴν
792 5631 851 5685 ἐν
890 5635 1162 5707 πνεύματι
1219 5645 1553 5715 περιτομὴν,
1596 5646 1744 5700 τοῦτ’

160 5711 288 5783 ἐστι,
326 5719 453 5782 τοὺς
477 5721 538 5779 ἐν
570 5721 796 5792 Χριστῷ
836 5724 935 5795 τὴν
983 5711 1394 5802 ἀχειροποίητον
1417 5711 1749 5809 περιτομὴν

161 5806 236 5870 είς
266 5809 390 5864 νοῦν
411 5811 643 5882 ἔχοντας
693 5817 787 5870 καὶ
817 5818 1066 5888 καρδίαν.
1125 5823 1234 5876 Καὶ
1274 5824 1404 5894 γοῦν
1468 5806 1744 5895 Ἰουδαίοις

1857 4638 2040 4694 animo
2126 4643 2575 4709 comprehensam
2658 4645 3070 4714 explicabimus.
3167 4651 3442 4716 Quoniam

1854 4730 2316 4798 eiiimfsettsibilis
2371 4732 2574 4791 Iudaea:
2629 4745 2683 4791 ct
2723 4737 3026 4795 Jerusalem
3075 4745 3438 4800 vastationem

1855 4820 2036 4876 dicere
2058 4833 2305 4890 conatur,
2336 4826 2454 4897 ejus
2485 4844 2604 4898 qua:
2627 4830 2678 4884 in
2710 4829 2930 4887 Christo
2985 4845 3069 4888 est
3095 4845 3149 4890 et
3178 4835 3435 4906 intelligi-

1851 4914 1979 4970 bilis
2031 4918 2548 4975 demonstrationem
2613 4933 2666 4978 et
2736 4925 3154 4992 patefactiouem
3211 4929 3264 4983 in
3330 4932 3439 4987 hoc

1854 5008 2087 5063 mundo:
2124 5010 2224 5064 hac
2241 5012 2306 5066 dc
2331 5027 2516 5078 causa,
2552 5029 2655 5068 non
2680 5030 2845 5085 super
2868 5016 3071 5083 luiltea,
3111 5035 3210 5075 nec
3243 5034 3438 5078 contra

1849 5097 2172 5163 Jerusalem,
2195 5104 2288 5154 sed
2309 5103 2372 5156 de
2408 5102 2613 5170 iudica,
2649 5115 2702 5160 et
2727 5108 2790 5160 de
2811 5105 3112 5166 Jorusnlem
3139 5127 3200 5166 se
3228 5115 3430 5172 vidisse

1851 5191 1982 5246 dicit
2018 5192 2300 5248 visionem.
2326 5194 2654 5252 Sensibilem
2712 5214 2840 5255 vero
2863 5200 3104 5259 Judmam
3133 5214 3186 5260 et
3207 5191 3428 5264 Jerusa—

1852 5281 1954 5336 lem
2009 5284 2262 5351 dicinms,
2321 5289 2594 5357 regionem
2645 5292 2814 5360 ipsum
2868 5295 2921 5349 in
2993 5313 3098 5366 qua
3165 5300 3429 5358 habitavit

1851 5375 2037 5440 Israel,
2100 5388 2152 5432 et
2202 5379 2387 5448 ipsum.
2443 5383 2679 5438 lodaieu:
2743 5385 3038 5458 Synagnga:
3085 5407 3422 5453 consessum.

1849 5467 2243 5539 lntelligibilem
2291 5487 2478 5528 rursus
2524 5471 2824 5532 Jerusalem
2867 5479 2982 5535 sive
3027 5480 3426 5548 Judzeam,sta-

1850 5569 2062 5617 luemus
2089 5578 2210 5621 esse
2246 5565 2570 5633 Ecclesium,
2594 5584 2688 5625 seu
2724 5585 2844 5627 eam
2871 5588 2991 5643 qum
3038 5575 3088 5628 in
3118 5577 3309 5646 spiritu
3334 5587 3419 5631 est

1847 5654 2336 5724 circumcisionem,
2385 5660 2436 5714 id
2474 5671 2578 5727 est,
2611 5677 2708 5718 cos
2749 5665 2838 5735 qui
2905 5668 2959 5722 in
3025 5666 3242 5724 Christo
3307 5684 3417 5723 non

1847 5748 2097 5803 manibus
2126 5748 2349 5816 factam,
2376 5754 2658 5809 sedanimi
2711 5771 2774 5811 ac
2820 5759 3001 5814 cordis
3049 5759 3419 5815 circumcisio-

1847 5851 1968 5892 uem
2023 5839 2242 5898 habent.
2290 5841 2500 5915 Quippe
2553 5845 2772 5926 .Judteis
2821 5849 3076 5905 clamavit
3123 5865 3154 5907 e
3212 5851 3425 5910 sanctis
