4178 6512
728 361 797 419 G7
1754 357 1812 412 S.
1853 356 2129 411 CYIULLI
2172 352 2637 410 ALEXANDHINI
2682 358 2992 413 AllCltlEP.

3938 360 4026 412 68

738 482 1017 552 prophetis
1046 495 1217 536 unus:
1251 478 1728 536 Circumcidamini
1761 478 1886 540 Deo,
1915 486 1969 530 et
2021 476 2294 530 circumci‘

2410 477 2727 549 ἐπεφώνησέ
2776 497 2858 541 τις
2896 479 3001 530 τῶν
3043 479 3210 546 ἁγίων
3248 479 3570 550 προφητῶν·
3605 479 4020 551 Περιτμήθητε

733 573 872 628 detis
898 572 1075 627 cordis
1091 572 1255 626 vestri
1280 571 1724 632 obstinationem,
1746 568 1843 622 viri
1868 566 2035 621 Judaei
2065 575 2119 621 et
2151 566 2304 620 babi-

731 673 905 717 tautes
957 660 1275 717 Jerusalem.
1300 661 1530 730 Agnovit
1557 660 1715 715 etiam
1759 660 1820 712 D.
1840 658 2037 712 Paulus
2062 656 2303 711 Judaeum

735 757 984 817 alterum,
1069 768 1174 807 non
1241 768 1305 806 ex
1356 767 1542 816 carne,
1594 751 1687 805 sed
1760 754 1936 820 potius
1986 750 2038 804 in
2088 749 2300 819 spiritu.

731 845 822 897 Sic
870 846 1012 899 enim
1061 845 1253 899 scribit
1289 862 1302 898 :
1337 863 1355 896 ι
1396 842 1512 897 Non
1574 842 1716 897 enim
1767 842 1859 912 qui
1915 842 1968 895 in
2021 841 2303 895 manifesto

730 934 948 990 Judzeus
1010 946 1113 999 est,
1148 952 1323 1005 neque
1373 951 1493 1003 quae
1557 935 1608 988 in
1663 933 1968 1000 manifesto,
2002 938 2053 988 in
2115 949 2301 998 carne,

728 1028 1073 1081 circumcisio
1115 1036 1231 1080 cst:
1276 1028 1367 1081 sed
1408 1026 1495 1094 qui
1530 1027 1580 1081 in
1610 1026 1821 1080 occulto
1851 1024 2067 1079 Judarus
2101 1034 2201 1089 est,
2248 1034 2303 1079 et

729 1116 1074 1169 circumcisio
1139 1116 1317 1169 cordis
1392 1116 1445 1168 in
1502 1116 1729 1185 spiritu,
1794 1130 1897 1169 non
1953 1116 2004 1170 in
2069 1115 2299 1171 littera:

733 1206 883 1271 cujus
919 1206 1036 1259 laus
1069 1222 1171 1260 non
1224 1221 1289 1259 ex
1326 1206 1650 1269 hominibus,
1691 1207 1785 1261 sed
1822 1222 1887 1260 ex
1935 1207 2042 1260 Deo
2068 1206 2238 1260 est”.
2276 1224 2295 1257 ι

732 1298 1023 1366 Diligenter
1080 1298 1259 1365 itaque
1301 1298 1692 1350 observandum
1755 1307 1856 1362 est,
1902 1300 2118 1366 quando
2174 1312 2299 1366 pro-

731 1389 886 1455 pheta
951 1396 1138 1441 contra
1206 1386 1512 1440 sensibilem
1556 1384 1876 1448 Jerusalem,
1927 1387 2008 1441 vel
2062 1386 2299 1441 Judream

731 1480 891 1531 verba
945 1476 1107 1543 facit;
1157 1478 1367 1544 quando
1421 1476 1547 1529 item
1598 1480 1663 1529 de
1713 1491 1777 1530 ea
1827 1492 1948 1543 quae
1995 1477 2045 1529 itt
2086 1476 2301 1531 Christo

729 1576 812 1619 est
877 1575 930 1619 et
989 1565 1329 1633 intelligibili,
1395 1580 1511 1631 qua:
1544 1564 1704 1618 etiam
1742 1562 1847 1633 35
1885 1579 2009 1618 vere
2059 1567 2298 1632 perfecta

727 1666 807 1710 est
838 1666 891 1708 et
955 1656 1288 1708 inluminata.
1320 1654 1436 1708 Jatn
1496 1669 1625 1707 Vero
1690 1655 1819 1723 quid
1854 1655 2023 1707 dicit?

798 1748 959 1801 Vens.
993 1747 1048 1810 2,
1102 1748 1153 1801 5.
1222 1746 1358 1811 Quia
1382 1747 1475 1799 erit
1512 1748 1563 1797 in
1604 1748 1893 1799 novissimis
1923 1745 2105 1799 diebus
2128 1745 2298 1797 mani-

2413 569 2490 639 τῷ
2522 568 2661 639 Θεῷ,
2692 573 2783 623 καὶ
2808 571 3186 640 περιτεμεῖσθε
3218 570 3315 641 τὴν
3349 571 3785 643 σκληροκαρδίαν
3810 570 4017 641 ἡμῶν,

2412 660 2603 731 ἄνδρες
2631 662 2895 725 Ἰουδαῖοι,
2945 662 3037 713 καὶ
3095 662 3143 713 οἱ
3194 662 3576 726 κατοικοῦντες
3611 662 4015 734 Ἰερουσαλήμ.

2412 748 2567 804 Οἶδεν
2606 752 2661 803 δὲ
2688 754 2716 805 ὁ
2741 751 3025 814 Θεσπέσιος
3060 751 3270 815 Παῦλος
3292 753 3545 805 Ἰουδαῖον
3573 754 3777 823 ἕτερον,
3813 753 3874 804 οὐ
3906 754 4015 804 τὶν

2412 842 2552 894 κατὰ
2578 842 2758 913 σάρκα
2790 842 3012 912 μᾶλλον,
3068 842 3205 895 ἀλλὰ
3238 842 3328 895 τὸν
3362 846 3417 896 ἐν
3452 845 3742 915 πνεύματι.
3782 845 4013 914 Γράφει

2408 934 2516 1003 γὰρ
2544 933 2746 996 οὕτως’
2782 953 2800 984 ι
2827 936 2898 987 Οὐ
2931 934 3038 1005 γὰρ
3064 936 3091 987 ὁ
3116 936 3171 986 ὲν
3196 934 3274 1005 τῷ
3301 936 3519 1007 φανερῷ
3544 934 3791 997 Ἰουδαῖός
3818 938 4007 992 ἐστιν,

2408 1025 2529 1076 οὐδὲ
2564 1026 2596 1094 ἡ
2628 1027 2687 1077 ἐν
2716 1025 2793 1095 τῷ
2841 1026 3062 1096 φανερῷ
3116 1026 3173 1077 ἐν
3216 1028 3377 1097 σαρκὶ
3413 1027 3703 1097 περιτομὴ,
3738 1026 3853 1079 ἀλλ’
3881 1028 3911 1078 ὁ
3940 1027 4011 1076 ἐν

2406 1115 2486 1186 τῷ
2508 1116 2737 1188 κρυπτῷ
2800 1116 3070 1180 Ἰουδαῖος,
3128 1118 3222 1171 καὶ
3284 1119 3556 1190 περιτομὴ
3622 1118 3867 1187 καρδίας,
3934 1119 4007 1169 ἐν

2409 1206 2698 1277 πνεύματι,
2722 1207 2781 1260 οὐ
2812 1207 3119 1278 γράμματι,
3152 1201 3213 1261 οὗ
3256 1210 3282 1262 ό
3325 1209 3541 1273 ἔπαινος
3564 1210 3663 1262 οὐκ
3693 1210 3749 1275 ἐξ
3772 1208 4001 1278 ἀνθρὼ-

2409 1317 2546 1361 πων,
2569 1297 2682 1351 ἀλλ’
2702 1300 2765 1350 ἐκ
2792 1298 2884 1350 τοῦ
2911 1298 3065 1352 θεοῦ.
3082 1319 3099 1348 ι
3122 1299 3243 1369 Χρὴ
3262 1298 3551 1370 τοιγαροῦν
3573 1299 3845 1368 νηφαλίως
3869 1302 4003 1351 ἐτει-

2407 1393 2614 1460 τηρείν,
2639 1389 2844 1459 πηνίκα
2880 1389 3025 1459 μὲνὸ
3057 1392 3339 1461 προφήτης
3380 1394 3521 1443 κατὰ
3574 1392 3670 1460 τῆς
3717 1390 3999 1459 Ἰερουσα-

2407 1482 2538 1552 λὴμ,
2578 1483 2745 1552 ἥγουν
2807 1481 3102 1546 Ἰουδαίας,
3155 1485 3387 1534 ποιεῖται
3434 1481 3646 1549 λόγους,
3694 1481 3897 1548 πηνίκα
3930 1480 4000 1532 δὲ

2406 1576 2534 1645 περὶ
2562 1575 2662 1645 τῆς
2692 1577 2750 1628 ἐν
2782 1575 3001 1645 Χριστῷ
3027 1577 3119 1628 καὶ
3154 1576 3369 1646 νοητῆς,
3408 1576 3442 1646 ἢ
3474 1575 3567 1627 καὶ
3616 1574 3830 1645 ἀληθῶς
3868 1576 3995 1626 ἐστι

2404 1664 2585 1717 τελεία
2620 1668 2712 1717 καὶ
2740 1664 2987 1735 ἄμωμος.
3028 1666 3091 1716 Τί
3120 1666 3297 1718 τοίνυν
3329 1665 3522 1735 φησίνς

2479 1752 2607 1803 ’Ὁτι
2655 1753 2823 1806 ἔσται
2854 1752 2923 1804 ἐν
2953 1753 3073 1817 ταῖς
3109 1753 3393 1820 ἐσχάταις
3423 1752 3671 1820 ἡμέραις
3717 1753 3993 1820 ἐμφανὲς

722 1839 885 1908 {estus
934 1856 1079 1891 mons
1126 1837 1359 1899 Domini,
1420 1846 1467 1889 et
1522 1836 1706 1889 domus
1756 1836 1848 1889 Dei
1894 1838 1948 1889 in
2021 1835 2292 1890 verticibus

2398 1840 2459 1895 τὸ
2494 1842 2629 1910 ὅρος
2666 1844 2908 1908 Κυρίου,
2941 1844 3036 1895 καὶ
3068 1847 3100 1896 ὁ
3127 1840 3289 1909 οἶκος
3324 1844 3428 1896 τοῦ
3472 1843 3621 1896 Θεοῦ
3650 1842 3743 1896 ἐπ’
3774 1842 3992 1908 ἄκρων

724 1932 999 1993 montium,
1027 1940 1073 1981 et
1100 1929 1377 1982 extolletur
1425 1945 1583 1994 supra
1648 1929 1826 1991 colles,
1882 1935 1930 1980 et
1983 1928 2179 1980 venient
2225 1928 2293 1979 ad

723 2020 873 2073 illum
909 2035 1083 2071 omnes
1111 2028 1304 2087 gentes.
1346 2015 1411 2068 Et
1442 2018 1583 2069 ibunt
1620 2029 1792 2085 gentes
1818 2017 1999 2067 multat
2026 2023 2073 2067 et
2101 2017 2293 2067 dicent:

732 2111 935 2174 Venite,
961 2110 1305 2163 ascendamus
1327 2113 1377 2162 in
1407 2122 1625 2162 montem
1659 2107 1892 2168 Domini,
1922 2116 1971 2158 et
1998 2108 2050 2159 in
2083 2108 2293 2158 domum

723 2203 820 2257 Dei
885 2203 1068 2267 Jacob,
1118 2214 1165 2253 et
1224 2201 1554 2253 annuutiabit
1618 2201 1761 2251 nobis
1831 2199 1965 2251 riam
2014 2214 2182 2259 suam,
2243 2210 2291 2251 et

722 2293 1100 2347 nmbulabimus
1140 2295 1190 2345 in
1219 2308 1301 2345 ea.
1356 2289 1439 2343 Ex
1475 2290 1601 2345 Sion
1630 2290 1765 2343 enim
1833 2290 2128 2359 egredietur
2186 2292 2288 2351 (ex,

720 2397 769 2440 et
813 2387 1020 2441 verbum
1062 2384 1273 2437 Domini
1313 2384 1375 2436 de
1403 2380 1718 2438 Jerusalem.

789 2538 1101 2593 Terminata
1123 2547 1204 2591 est
1223 2536 1481 2605 siquidem
1509 2546 1562 2591 et
1582 2536 1822 2591 absoluta
1840 2538 1973 2590 visio
2000 2537 2289 2606 prophetae.

722 2630 788 2686 Et
817 2629 1172 2701 prwcedenlis
1220 2628 1582 2698 praedictionis
1626 2628 1813 2681 ultima
1845 2629 2082 2682 clausula
2151 2639 2289 2682 erat.

720 2724 1064 2793 Quapropter
1101 2724 1305 2791 pudore
1356 2718 1665 2775 afﬁcientur
1714 2736 1875 2790 super
1935 2722 2111 2787 idolis,
2172 2735 2293 2789 quae

719 2815 819 2883 ipsi
874 2813 1201 2866 voluerunt:
1241 2823 1296 2865 et
1327 2813 1657 2867 erubuerunt
1694 2828 1855 2881 super
1908 2813 2080 2867 hortis
2152 2813 2288 2875 suis,

717 2920 850 2973 quos
864 2905 1262 2973 appetiverunt.
1282 2902 1739 2968 Quemadmodum
1757 2918 1883 2956 vero
1899 2906 2101 2972 pudore
2115 2901 2291 2957 allecti

717 2995 919 3051 fuerint
991 2994 1243 3049 Israelita:
1293 2996 1343 3048 in
1393 2994 1547 3048 idolis
1588 2995 1722 3057 suis,
1774 2995 1980 3049 abunde
2034 2996 2289 3053 diximus.

717 3083 851 3139 Cum
907 3093 1084 3139 autem
1127 3086 1421 3154 prepbetiaz
1450 3086 1513 3138 de
1556 3084 1657 3136 illis
1705 3086 1906 3136 tnentio
1975 3083 2119 3139 facta
2189 3087 2277 3151 sit,

718 3173 984 3243 incipiens
1034 3175 1293 3243 prepbeta
1348 3174 1580 3227 vicinam
1630 3174 1819 3227 ordine
1857 3185 1909 3227 et
1977 3175 2275 3229 secundam
2315 3162 2357 3220 C

718 3264 1004 3331 visionem,
1056 3274 1265 3334 tempus
1319 3265 1587 3333 designat,
1644 3279 1769 3334 quo,
1825 3280 1927 3318 non
1985 3266 2035 3319 in
2111 3266 2290 3335 aliqua

717 3366 872 3427 parte
912 3358 1062 3413 orbis
1086 3368 1372 3421 terrarum,
1428 3374 1532 3412 non
1584 3359 1635 3411 in
1670 3374 1772 3411 una
1829 3360 2049 3428 regione
2115 3370 2169 3412 et
2216 3359 2296 3412 ci-

718 3450 907 3513 vitate,
991 3449 1186 3504 diaboli
1294 3450 1576 3517 imperium
1654 3450 1919 3514 concidet,
1980 3452 2032 3503 in
2113 3458 2282 3504 totum

718 3542 916 3595 evulso
961 3540 1105 3593 cultu
1165 3551 1218 3594 et
1260 3542 1487 3609 profano
1532 3550 1790 3609 apparatu
1840 3542 2102 3595 idolorum
2151 3560 2162 3595 :
2199 3540 2292 3595 sed

717 3648 784 3688 ex
823 3634 974 3686 omni
1021 3631 1138 3687 loco
1191 3635 1288 3687 sub
1315 3633 1451 3686 cmlo
1475 3633 1563 3687 ille
1618 3634 1835 3687 morbus
1879 3643 1933 3686 et
1988 3634 2292 3687 immundo-

719 3741 838 3779 rum
881 3727 1181 3779 daemonum
1250 3726 1498 3795 tyrannis
1551 3725 1936 3781 eliminabitur.
1980 3725 2287 3780 Perfectum

720 3814 859 3867 istud
913 3828 1041 3866 vero
1094 3822 1176 3866 est
1221 3813 1536 3867 mortalibus
1630 3815 1680 3867 in
1734 3814 1993 3868 extremis
2061 3816 2290 3876 diebus,

717 3904 769 3958 id
813 3913 897 3958 est
946 3904 1150 3958 ultimis
1212 3905 1369 3973 hujus
1436 3905 1615 3959 szeculi
1673 3907 2025 3973 temporibus,
2096 3908 2293 3975 quibus

716 3994 1050 4059 unigenitum
1106 3994 1196 4047 Dei
1240 3991 1476 4047 Verbum
1521 3994 1720 4047 factum
1771 4010 1923 4061 caro,
1981 4005 2163 4049 natum
2224 4011 2291 4049 ex

717 4085 965 4149 muliere,
999 4087 1280 4154 apparuit:
1323 4100 1443 4138 cum
1479 4085 1867 4155 intelligibilem
1912 4085 2154 4140 Judmam
2206 4088 2291 4141 vel

714 4177 1040 4242 Jerusalem,
1101 4178 1201 4232 boc
1257 4186 1339 4232 est
1360 4177 1716 4244 .Ecclesiam,
1771 4178 1870 4231 sibi
1922 4180 2033 4247 ipse
2091 4195 2292 4249 reprae-

718 4275 955 4322 sentaret
982 4281 1045 4320 ac
1095 4266 1332 4328 sisteret,
1377 4266 1639 4336 virginem
1689 4274 1913 4333 castam,
1947 4283 2052 4322 non
2097 4285 2282 4340 rugam

718 4368 811 4411 aut
877 4357 1142 4427 ejusmodi
1213 4356 1488 4426 quidpiam
1577 4358 1889 4422 habentem,
1949 4361 2045 4413 sed
2114 4362 2292 4430 potius

2396 1927 2515 1981 τῶν
2560 1928 2762 1995 ὀρέων.
2799 1930 2905 1983 Καὶ
2938 1930 3321 1999 ὑψωθήσεται
3354 1932 3627 1998 ὑπεράνω
3671 1929 3789 1983 τῶν
3825 1932 3989 1995 βου‹

2396 2018 2537 2080 νῶν,
2573 2017 2669 2070 καί
2708 2018 2969 2085 ἥξουσιν
3010 2020 3103 2073 ἐπ’
3141 2022 3285 2074 αὐτὸ
3319 2019 3519 2073 πάντα
3553 2020 3623 2073 τὰ
3654 2020 3817 2087 ἔθνη.
3872 2021 3986 2073 Kal

2396 2110 2794 2175 πορεύσονται
2818 2110 2961 2177 ἔθνη
2986 2112 3205 2175 πολλὰ,
3225 2110 3318 2164 καί
3346 2110 3591 2179 ἐροῦσιν
3608 2128 3621 2140 ·
3646 2110 3821 2163 Δεῦτε
3834 2111 3987 2165 ἀνα-

2397 2197 2587 2266 δῶμεν
2607 2201 2690 2264 είς
2710 2200 2773 2252 τὸ
2797 2200 2933 2266 ὄρος
2954 2200 3058 2253 τοῦ
3077 2201 3314 2267 Κυρίου,
3336 2202 3535 2266 παίεις
3554 2201 3658 2253 τὸν
3682 2197 3847 2255 οἶκον
3870 2202 3983 2256 τοῦ

2398 2289 2543 2341 Θεοῦ
2575 2290 2797 2350 Ἰακὼϐ,
2823 2290 2918 2342 καὶ
2964 2291 3283 2360 ἀναγγελεῖ
3302 2292 3443 2361 ἡμῖν
3463 2293 3576 2360 τὴν
3596 2294 3741 2346 ὀδὼν
3764 2295 3982 2360 αὐτοῦ,

2395 2381 2492 2434 καί
2535 2383 2946 2450 πορευσόμεθα
2980 2382 3047 2434 ἐν
3074 2381 3249 2450 αὐτῇ.
3290 2385 3389 2436 Ἐκ
3414 2384 3523 2452 γὰρ
3555 2385 3707 2437 Σιὼν
3734 2385 3987 2449 ἐξελεύ-

2395 2486 2564 2523 σεται
2607 2470 2810 2537 νόμος,
2847 2471 2946 2522 καί
2978 2471 3155 2540 λόγος
3195 2474 3413 2540 Κυρίου
3443 2472 3511 2536 ἐξ
3556 2473 3980 2543 Ἰερουσαλήμ.

2465 2561 2745 2627 Κατέληξε
2800 2561 2897 2629 μὲν
2943 2561 3111 2631 γὰρὴ
3152 2564 3341 2633 ὅρασις
3372 2562 3541 2631 αὐτῷ.
3589 2565 3699 2617 Καὶ
3743 2565 3841 2635 τῆς
3871 2566 3984 2635 ἤδη

2396 2651 2683 2722 φθασάσης
2718 2653 3169 2722 προαγορεῦσεως
3195 2654 3258 2705 τὸ
3298 2655 3448 2718 τέλος
3475 2650 3584 2725 ἦν.·
3610 2656 3753 2708 Διότι
3784 2673 3984 2709 καται-

2398 2742 2786 2813 σχυνθησονται
2855 2744 2947 2795 ἐπὶ
3009 2746 3121 2806 τοῖς
3182 2743 3422 2808 εἰδώλοις
3477 2747 3656 2799 αὐτῶν
3716 2748 3761 2801 ε’
3820 2749 3986 2803 αὐτοὶ

2396 2834 2712 2901 ὴῦούλοντο,
2755 2836 2847 2887 καὶ
2892 2834 3308 2905 ἐπῃσχύνθησαν
3339 2836 3428 2889 ἐπὶ
3474 2840 3588 2901 τοῖς
3633 2840 3832 2909 κήποις
3863 2841 3987 2893 αὐ-

2395 2923 2523 2989 τῶν,
2576 2917 2651 2977 ὧν
2698 2924 2850 2976 αὐτοὶ
2894 2923 3265 2993 ἐπεθύμησαν.
3320 2926 3431 2979 Καὶ
3466 2926 3589 2978 τίνα
3638 2928 3736 2996 μὲν
3777 2928 3984 2997 τρόπον

2395 3014 2849 3085 κατῃσχύνθησαν
2893 3015 2942 3067 οί
2991 3014 3051 3079 ἐξ
3094 3015 3309 3086 Ἰσραὴλ
3342 3016 3434 3068 ἐπὶ
3464 3018 3576 3079 τοῖς
3608 3017 3842 3079 εἰδώλοις
3874 3018 3983 3070 αὑ-

2394 3108 2524 3169 τῶν,
2558 3107 2795 3178 διαρκῶς
2840 3108 3160 3177 εἰρήκαμεν.
3192 3107 3407 3178 Ἐπειδὴ
3451 3107 3507 3161 δὲ
3544 3110 3732 3179 μνήμη
3782 3109 3982 3177 γέγονε

2394 3200 2493 3270 τῆς
2527 3198 2614 3251 ἐπ’
2646 3198 2829 3261 αὐτοῖς
2878 3199 3244 3269 προφητείας,
3281 3199 3581 3270 ἀρχόμενος
3608 3203 3636 3253 ὁ
3688 3202 3983 3272 προφήτης

2396 3291 2638 3359 γείτονος
2694 3290 2891 3360 ἐφεξῆς
2951 3290 3041 3342 καὶ
3098 3290 3357 3360 δευτέρας
3401 3291 3676 3361 ὁράσεως,
3734 3308 3979 3361 καταση·

2397 3382 2574 3452 μαίνει
2622 3381 2712 3434 τὸν
2759 3381 2969 3451 χρόνον,
3022 3379 3141 3431 καθ’
3182 3380 3241 3431 ὃν
3286 3380 3386 3433 οὐκ
3435 3381 3514 3442 εἰς
3557 3380 3720 3451 μέρος
3772 3398 3823 3433 τι
3873 3380 3980 3451 τῆς

2392 3476 2529 3545 γῆς.
2575 3475 2694 3527 οὗδὲ
2739 3476 2796 3528 ἐν
2848 3476 2946 3544 μιᾷ
2993 3474 3145 3544 χώρᾳ
3176 3490 3232 3526 τε
3286 3474 3379 3525 καὶ
3436 3474 3588 3525 πόλει
3615 3474 3677 3524 τὸ
3714 3472 3806 3525 τοῦ
3853 3474 3976 3526 δια-

2394 3565 2551 3617 ϐόλου
2627 3567 2871 3616 πεσεῖται
2941 3567 3177 3633 κράτος,
3242 3563 3629 3633 καθῃρημένης
3692 3566 3769 3626 εἰς
3826 3563 3978 3617 ἅπαν

2392 3652 2491 3721 τῆς
2520 3651 2627 3703 τῶν
2658 3650 2890 3702 εἰδώλων
2916 3650 3169 3720 λατρείας
3218 3652 3312 3703 καὶ
3343 3651 3569 3720 βεϐήλου
3603 3652 3973 3721 κατασκευῆς,

2393 3742 2506 3794 ἀλλ’
2556 3742 2613 3807 ἐξ
2663 3742 2875 3809 ἁπάσης
2932 3740 3267 3811 ληφθήσεται
3322 3746 3422 3811 τῆς
3488 3742 3578 3795 ὑπ’
3637 3744 3866 3812 οὐρανὸν
3937 3746 3975 3815 ὴ

2393 3833 2567 3885 τοιάδε
2616 3832 2791 3893 νόσος,
2840 3832 2933 3883 καὶ
2970 3832 3079 3883 τῶν
3110 3833 3431 3903 ἀκαθάρτων
3464 3832 3753 3902 δαιμονίων
3800 3836 3832 3904 ἡ
3879 3852 3977 3886 τυ-

2396 3924 2598 3989 ραννίς.
2630 3922 3003 3993 Κατώρθωται
3037 3924 3093 3976 δὲ
3126 3925 3218 3976 καὶ
3259 3925 3417 3977 τοῦτο
3450 3927 3562 3988 τοῖς
3607 3926 3701 3977 ἐπὶ
3741 3925 3839 3995 τῆς
3868 3926 3978 3995 γῆς

2394 4016 2451 4066 ὲν
2477 4014 2731 4084 ἐσχάταις
2770 4014 3024 4083 ἡμέραις,
3056 4013 3198 4067 τοῦτ’
3229 4013 3397 4075 ἐστιν,
3424 4014 3482 4065 ἐν
3516 4013 3845 4077 τελευταίοις
3876 4014 3973 4067 τοῦ

2394 4107 2657 4178 παρόντος
2706 4105 2895 4167 αἰῶνος
2926 4107 3156 4174 καιροῖς,
3192 4103 3313 4157 καθ’
3348 4103 3441 4166 οὒς
3466 4103 3777 4173 ἐπέλαμψεν
3812 4104 3842 4155 δ
3876 4119 3976 4172 μο·

2394 4199 2617 4267 νογενὴς
2652 4196 2745 4250 τοῦ
2789 4196 2924 4249 Θεοῦ
2970 4197 3173 4264 Λόγος,
3229 4196 3517 4265 γενόμενος
3583 4198 3649 4249 ὲκ
3692 4197 3971 4264 γυναικός.

2396 4291 2524 4344 Ὀτε
2559 4288 2650 4342 καὶ
2676 4287 2837 4350 αὐτὸς
2890 4285 3067 4356 ἐαυτῴ
3102 4286 3410 4357 παρέστησε
3454 4286 3555 4356 τὴν
3595 4285 3792 4355 νοητὴν
3834 4283 3965 4337 ἰουι

2392 4380 2569 4442 δαίαν,
2605 4380 2772 4449 ἤγουν
2816 4376 3189 4446 Ἰερουσαλὴμ,
3220 4375 3361 4428 τοῦτ’
3404 4374 3568 4440 ἐστιν,
3599 4377 3697 4445 τὴν
3740 4373 3974 4443 Ἐκκληη

716 4458 958 4503 sanctam
1000 4458 1055 4502 et
1086 4449 1507 4515 immaculatam,
1547 4450 1623 4503 uti
1678 4451 1937 4519 scriptum
1960 4460 2065 4506 est.
2109 4454 2182 4508 De
2224 4470 2284 4508 ea

2398 4471 2515 4523 σίαν
2562 4468 2827 4551 παρθένον
2860 4466 3049 4537 ἁγνὴν,
3091 4467 3163 4536 μὴ
3199 4466 3425 4536 ἔχουσαν
3457 4466 3662 4528 σπίλον,
3693 4464 3725 4536 ἢ
3758 4464 3969 4534 ῥυτίδα,

718 4556 848 4595 vero
878 4541 1029 4607 dicit,
1065 4557 1085 4593 ι
1120 4541 1251 4606 Quia
1284 4545 1449 4601 eritin
1477 4545 1939 4601 extremisdiebus
1971 4548 2288 4616 spectabilis

716 4648 872 4687 mons
936 4634 1167 4702 Domini,
1204 4644 1257 4687 et
1293 4634 1483 4690 domus
1528 4637 1617 4690 Dei
1656 4635 1825 4692 Jacob
1903 4653 2066 4707 super
2126 4640 2288 4693 editis

719 4724 1019 4780 montibus.
1061 4743 1080 4777 ι
1124 4724 1343 4795 Legitur
1368 4727 1583 4795 quidem
1648 4728 1776 4781 Sion
1848 4730 1935 4782 illa
1981 4729 2287 4783 Judaaorunn

721 4815 773 4866 in
800 4825 980 4868 monte
1002 4816 1104 4870 sita
1130 4826 1182 4869 et
1211 4815 1503 4881 aediﬁcata;
1534 4817 1758 4885 intelligi
1794 4828 1971 4871 tamen
2003 4828 2179 4886 potest
2202 4819 2288 4872 hic

723 4918 827 4958 non
861 4919 1044 4959 crasse
1072 4914 1166 4958 aut
1187 4905 1608 4969 sensibiliter,at
1643 4907 1996 4974 spiritualitcr
2026 4908 2286 4972 Ecclesia,

719 5012 840 5065 quae
878 4998 1038 5051 etiam
1090 4997 1258 5050 monti
1302 5006 1665 5065 comparatur.
1721 4997 1932 5052 Etenim
1950 5014 2077 5052 vere
2098 5010 2287 5053 estex-

719 5090 864 5142 celsa
887 5098 942 5142 et
964 5089 1209 5151 illustris,
1236 5098 1289 5142 et
1306 5088 1556 5143 omnibus
1574 5089 1771 5159 ubique
1800 5092 2101 5145 notissima.
2121 5090 2291 5144 Aliter

718 5179 883 5231 etiam
924 5179 1135 5233 excelsa
1164 5187 1268 5244 est,
1298 5180 1557 5247 quoniam
1608 5182 1808 5235 terreni
1865 5182 1995 5234 nihil
2026 5181 2187 5249 sapit,
2237 5190 2292 5233 at

718 5276 880 5337 supra
920 5285 1010 5326 res
1039 5282 1281 5324 terrenas
1325 5281 1427 5333 est,
1464 5280 1517 5325 et
1560 5271 1786 5341 gloriam
1846 5272 1959 5337 Dei,
2025 5283 2290 5341 quatenus

719 5360 864 5424 licet,
912 5363 1076 5415 animi
1128 5362 1299 5417 oculis
1349 5364 1603 5425 intuetur,
1638 5373 1689 5415 et
1736 5364 2056 5417 sublimibus
2112 5366 2293 5419 admo-

719 5453 844 5507 dum
882 5453 947 5507 de
980 5454 1090 5507 Deo
1118 5455 1461 5523 opinionibus
1487 5455 1764 5523 gloriatur.
1816 5455 2124 5515 Gﬁcornm
2144 5458 2287 5511 enim

719 5544 937 5607 eruditi,
968 5543 1078 5613 36
1116 5545 1323 5599 etiamsi
1352 5546 1631 5614 sapientia:
1668 5548 1884 5601 nomine
1921 5548 2074 5601 valde
2094 5563 2287 5618 super-

718 5636 903 5688 cilium
960 5636 1213 5690 tollerent
1269 5655 1284 5692 :
1352 5650 1613 5692 creatura:
1692 5647 1866 5695 tamen
1952 5639 2286 5696 divinitatem

724 5725 1010 5794 aitingunt,
1035 5728 1336 5796 mundique
1377 5730 1657 5788 elementis
1690 5732 2095 5788 venerationem
2121 5734 2283 5788 attri-

797 5834 846 5869 ⁸³
875 5837 1036 5897 Rom.
1069 5854 1140 5907 tt,
1176 5839 1265 5907 28,
1298 5841 1386 5897 ες).

2394 4561 2428 4630 ἡ
2462 4577 2514 4612 τι
2545 4559 2652 4610 τῶν
2678 4556 2955 4620 τοιούτων,
3004 4555 3143 4609 κατὰ
3173 4557 3233 4608 τὸ
3270 4556 3683 4627 γεγραμμένον·
3718 4554 3880 4623 ἁγίαν
3912 4554 3971 4607 δὲ

2394 4650 2594 4721 μᾶλλον
2644 4648 2735 4702 καλ⁵
2780 4647 3029 4719 ἄμωμον.
3081 4648 3193 4703 Καὶ
3247 4648 3374 4717 περὶ
3424 4646 3595 4715 αὐτῆς
3638 4662 3840 4715 φησιν,
3887 4646 3971 4699 ὅτι

2392 4743 2544 4795 ἔσται
2573 4744 2630 4794 ἐν
2658 4743 2778 4802 ταῖς
2809 4740 3062 4810 ἐσχάταις
3084 4740 3318 4811 ἡμέραις
3343 4739 3585 4809 ἐμφανὲς
3606 4738 3667 4790 τὸ
3692 4737 3819 4809 ὅρος
3851 4739 3973 4792 Κυ-

2395 4834 2532 4905 ρίου,
2576 4834 2669 4887 καὶ
2703 4834 2731 4882 ό
2772 4826 2918 4895 οἶκος
2954 4831 3048 4884 τοῦ
3099 4831 3235 4885 Θεοῦ
3283 4828 3477 4884 Ἰακὼϐ
3511 4829 3597 4881 ἐπ’
3632 4828 3815 4897 ἄκρων
3859 4828 3973 4881 τῶν

2392 4926 2581 4996 ὀρέων.
2616 4923 2726 4977 Καὶ
2759 4925 2888 4993 ἡμῖν
2920 4922 3017 4992 μὲν
3060 4922 3195 4975 Σιὼν
3230 4924 3263 4991 ἡ
3292 4922 3434 4975 κατὰ
3464 4937 3528 4989 γε
3557 4920 3655 4989 τὴν
3690 4919 3969 4981 Ἰουδαίαν,

2394 5016 2452 5066 ἐν
2482 5014 2598 5086 ὄρει
2630 5016 2838 5066 κεῖσθαί
2868 5031 2923 5066 τε
2966 5014 3059 5066 καὶ
3102 5014 3500 5082 οἰκοδομεῖσθαι
3548 5010 3790 5076 λέγεται.
3828 5009 3987 5087 Νόη-⁷

2394 5106 2511 5175 θείη
2539 5104 2581 5156 δ’
2620 5105 2685 5157 ἂν
2719 5106 2817 5157 οὐκ
2846 5103 3115 5174 αἰσθητῶς
3145 5103 3365 5172 μᾶλλον,
3408 5101 3544 5154 ἀλλὰ
3584 5100 3971 5170 πνευματικῶς

2396 5198 2454 5251 ἐν
2486 5197 2693 5259 τούτοις
2740 5199 2773 5266 ἡ
2822 5195 3133 5265 Ἐκκλησία,
3181 5196 3216 5264 ἡ
3269 5195 3363 5247 καὶ
3403 5195 3519 5265 ὄρει
3552 5191 3968 5264 παρεικάςεται.

2395 5287 2505 5340 Καὶ
2546 5286 2655 5356 γὰρ
2703 5286 2848 5338 ἔστιν
2877 5284 3091 5354 ἀληθῶς
3139 5284 3314 5355 ὑψηλὴ
3370 5285 3465 5337 καὶ
3511 5282 3825 5352 περίοπτος,
3873 5282 3993 5367 καῖ’

2394 5377 2790 5449 γνωριμωτάτη
2836 5380 2946 5440 τοῖς
2993 5375 3325 5444 ἁπανταχοῦ.
3372 5374 3580 5443 ’Υψηλὴ
3631 5371 3691 5424 δὲ
3733 5371 3829 5424 καὶ⁸
3858 5371 3969 5425 ἐτέο

2398 5484 2543 5540 ρως·
2582 5469 2795 5537 φρονεῖν
2842 5468 2950 5538 γὰρ
2998 5466 3104 5518 τῶν
3151 5463 3409 5531 ἐπιγείων
3457 5462 3609 5515 οὐδὲν
3644 5460 3783 5525 ἀλλ’,
3829 5459 3998 5544 ὑψοῦ,

2393 5559 2500 5612 τῶν
2533 5558 2790 5625 ἐπιγείων
2826 5560 2993 5620 ἐστιν,
3029 5555 3122 5607 καὶ
3159 5553 3254 5624 τὴν
3276 5552 3369 5605 τοῦ
3393 5550 3527 5605 Θεοῦ
3557 5550 3733 5616 δόξαν,
3766 5549 3842 5612 ὡς
3863 5549 3966 5612 ἔνι,

2396 5648 2681 5720 περιαθρεῖ
2728 5649 2839 5710 τοῖς
2886 5645 2983 5715 τῆς
3026 5643 3263 5705 διανοίας
3302 5641 3552 5711 ὄμμασι,
3596 5639 3691 5692 καὶ
3740 5636 3967 5708 ὑψηλοῖς

2396 5742 2534 5807 ἄγαν
2581 5741 2689 5801 τοῖς
2736 5736 2861 5804 περὶ
2902 5734 3065 5789 αὐτοῦ
3096 5734 3362 5805 δόγμασιν
3401 5731 3649 5800 ἐπαυχεῖ.
3696 5727 3965 5797 Ἐλλήνων
