5176 6520
759 406 814 457 ω
1905 401 1974 455 ΙΝ
2014 400 2246 456 ΙΒΑΙΑΜ
2285 401 2412 456 Llil.
2455 400 2492 454 Ι.
2535 401 2743 455 υιιςιΤ.
2787 401 2803 452 Ι

1946 401 1974 454 ἵ
2014 400 2246 456 ΙΞΑΙΑΜ
2285 401 2412 456 Llil.
2455 400 2492 454 Ι.
2535 401 2743 455 υιιςιΤ.
2787 399 2852 454 ΙΙ.
3023 459 3028 462 _
3927 403 3990 458 70

757 528 844 596 μὲν
868 523 974 594 γάρ
1003 524 1054 576 οί
1087 523 1332 592 λογάδες,
1377 525 1554 579 καίτοι
1601 526 1844 595 μεγάλην
1883 523 1977 576 ἐπὶ
2013 524 2172 595 σοφίᾳ
2215 524 2314 596 τὴν
2351 538 2390 592 Α
2423 522 2610 577 buunt.
2675 523 2801 576 Terr

1951 524 1977 576 ri
2013 524 2172 595 σοφίᾳ
2215 524 2314 596 τὴν
2351 538 2390 592 Α
2423 522 2610 577 buunt.
2675 523 2971 576 Terrenam
3024 523 3288 592 siquidem
3355 523 3555 579 habent
3613 539 3872 589 mentem,
3939 533 3995 578 et

725 614 910 684 ,ὀφρὺν
941 613 1313 677 ἀνασπῶντες.
1349 615 1654 668 θεοποιοῦσι
1691 615 1788 686 τὴν
1814 617 2008 680 κτίσιν,
2059 617 2154 669 xui
2202 619 2314 680 τοῖς

723 697 729 706 ’
751 704 835 757 τοῦ
860 704 1060 774 κόσμου
1086 707 1369 776 στοιχείοις
1398 708 1460 760 τὸ
1491 707 1653 771 σέϐας
1678 709 1996 763 ἀνάπτουσι.
2022 709 2316 780 Χθαμαλδν

751 796 850 866 γὰρ
874 795 1057 865 έχουσι
1085 796 1176 850 τὸν
1205 797 1351 864 νοῦν,
1381 799 1476 851 xui
1504 801 1817 871 χαμαιριφῆ
1863 801 1930 854 τὰ
1961 800 2313 871 θεωρήματα.

752 885 837 939 καὶ
893 887 992 956 τὴν
1058 887 1286 957 καρδίαν
1339 890 1764 960 ἐσκοτισμένηνο
1824 891 2121 958 φάσκοντες
2177 887 2316 943 εἶναι

754 977 892 1044 σοφοὶ
917 979 1334 1048 ἐμωράνθησαν,
1363 979 1505 1032 κατά
1545 980 1606 1032 τὸ
1632 981 2036 1050 γεγραμμένον.
2077 981 2140 1033 Ἠ
2167 980 2224 1034 δέ
2252 997 2316 1048 γε

753 1068 902 1136 νοητὴ
957 1067 1115 1131 Σιὼν,
1169 1069 1316 1122 τοῦτ’
1351 1070 1520 1134 ἐστιν,
1556 1073 1589 1141 ὴ
1651 1071 1966 1142 Ἐκκλησία,
1999 1075 2178 1126 πᾶσαν
2220 1073 2317 1142 μὲν

753 1159 1108 1230 ὑπερίπταται
1125 1163 1303 1216 κτίσιν
1328 1164 1530 1234 ὁρατήν
1553 1180 1613 1216 τε
1636 1165 1728 1216 xui
1745 1164 1994 1234 ἀόρατον,
2011 1166 2317 1234 ἀφικνεῖται

750 1247 802 1298 δὲ
843 1253 978 1322 πρὸς
1016 1251 1183 1320 αὐτὴν
1217 1250 1318 1322 τὴν
1343 1253 1448 1304 τῶν
1473 1251 1610 1305 ὅλων
1638 1253 1895 1306 ἐπέκεινα
1929 1253 2109 1322 φύσιν.
2137 1253 2318 1317 Φωτδς

755 1347 855 1417 γὰρ
876 1345 974 1397 τοῦ
1000 1343 1142 1395 θείου
1167 1343 1538 1414 μεμέστωται,
1572 1345 1666 1398 xui
1691 1345 1858 1416 αὐτὴν
1885 1344 2318 1413 ἐπιγινώσκουσα

753 1440 838 1492 καὶ
888 1436 1218 1506 δημιουργὸν
1268 1436 1364 1488 xui
1407 1435 1660 1507 τεχνίτην
1718 1437 1829 1490 τῶν
1885 1438 2022 1491 ὅλων
2068 1439 2205 1508 αὐτῇ
2257 1455 2316 1490 τε

751 1530 837 1582 xui
867 1528 1002 1597 μόνῃ
1035 1527 1096 1579 τὸ
1127 1527 1268 1580 κατά
1301 1527 1518 1580 πάντων
1547 1529 1808 1599 ἀπονέμει
1833 1530 2050 1600 κράτος.
2097 1531 2205 1582 Καὶ
2249 1531 2315 1600 τῇ

750 1619 917 1689 τοιᾷδε
949 1615 1076 1686 δόξῃ
1115 1619 1370 1685 στεφανοῖ
1394 1617 1486 1670 τὸν
1515 1618 1623 1672 τῶν
1652 1619 1789 1673 ὅλων
1832 1619 2182 1690 παμϐασιλέα
2225 1620 2320 1673 xui

749 1713 872 1765 Θεὸν
918 1711 1015 1764 καὶ
1058 1709 1280 1780 Κύριον.
1337 1711 1500 1781 Ὄρος
1551 1709 1842 1781 τοιγαροῦν
1889 1712 2080 1782 νοητὸν
2116 1712 2144 1763 ὁ
2173 1707 2320 1774 οἶκος

746 1805 833 1858 τοῦ
858 1803 998 1858 Θεοῦ
1022 1803 1244 1866 δικαίως
1273 1802 1340 1855 ἂν
1365 1801 1594 1870 λέγοιτο.
1627 1803 1736 1856 Καὶ
1770 1803 1884 1857 ἐστι
1923 1803 2209 1875 διαφανὴς,
2243 1804 2319 1867 ὡς

2421 615 2651 668 humiles
2677 617 3054 683 cogitationes,
3101 623 3279 688 etcor
3336 617 3752 671 obtenebratum
3804 634 3817 670 :
3867 631 3990 670 cum

2417 718 2475 757 se
2526 704 2770 757 dicerent
2800 720 2922 760 esse
2962 705 3260 774 sapientes,
3323 707 3568 761 infamati
3637 717 3781 771 sunt,
3837 708 3995 762 sicuti

2418 793 2680 861 Scriptum
2739 804 2823 848 est
2872 795 2938 850 ⁸³.
2994 797 3064 848 At
3123 794 3256 849 Sion
3310 796 3698 865 intelligibilis,
3755 798 3997 853 Ecclesia
4101 787 4106 792 ’

2417 884 2647 947 scilicet,
2681 898 2844 954 supra
2892 901 3107 940 onmem
3155 898 3460 941 creaturam
3505 898 3559 942 et
3611 891 3994 957 aspectabilem

2416 985 2472 1027 et
2563 975 3005 1044 inaspectabilem
3057 978 3256 1042 evolat,
3311 990 3366 1033 et
3427 980 3563 1033 ultra
3613 980 3784 1049 ipsam
3861 984 3997 1036 adeo

2417 1065 2790 1120 universitatis
2862 1079 3114 1121 naturam
3145 1070 3418 1138 pertingit,
3489 1069 3769 1125 luceenim
3817 1074 3996 1127 divina

2419 1157 2572 1226 plena
2601 1166 2704 1224 est,
2751 1157 3002 1229 illamque
3048 1162 3290 1229 agnoscit
3343 1160 3589 1230 opiﬁcem
3624 1163 3997 1231 artiﬁcemque

2420 1249 2820 1314 universorum,
2849 1249 2922 1304 illi
2987 1261 3150 1320 atque
3225 1255 3359 1306 adeo
3404 1253 3502 1305 soli
3573 1255 3867 1322 potentiam
3941 1255 3994 1307 in

2418 1341 2598 1394 omnia
2655 1340 2876 1406 tribuit,
2965 1353 3018 1396 et
3073 1342 3338 1410 ejusmodi
3395 1344 3564 1412 gloria
3621 1344 3994 1398 universorum

2420 1431 2620 1502 llegem
2648 1443 3038 1502 prchotcnlem
3073 1449 3136 1488 ac
3193 1433 3480 1488 Dominum
3529 1443 3777 1488 coronat.
3856 1436 3997 1489 Hinc

2421 1524 2582 1594 igitur
2613 1539 2766 1578 mons
2809 1525 3164 1595 intelligibilis
3210 1526 3402 1580 domus
3434 1525 3523 1578 Dei
3556 1523 3679 1591 jure
3709 1524 3813 1579 dici
3874 1540 3999 1594 pos-

2420 1615 2511 1668 sit.
2553 1612 2619 1666 Et
2657 1623 2738 1667 est
2772 1613 3014 1678 illustris,
3047 1623 3232 1682 utpote
3267 1629 3429 1682 supra
3461 1613 3625 1668 colles
3660 1613 3891 1668 elevata.
3924 1616 3997 1668 De

2421 1706 2506 1758 illa
2552 1719 2680 1758 vero
2715 1704 2856 1758 istud
2911 1707 3100 1759 merito
3143 1707 3263 1774 quis
3326 1706 3545 1769 dixerit,
3580 1707 3721 1774 quod
3773 1706 3998 1760 illustris

2420 1796 2650 1864 exeinpli
2686 1795 2802 1849 loco
2860 1793 3166 1852 Servatoris
3219 1811 3351 1850 voce
3399 1797 3598 1850 dictum
3669 1808 3798 1852 est:
3842 1797 3994 1852 «Non

747 1897 832 1950 ἐπὶ
876 1896 1084 1966 βουνῶν
1124 1895 1384 1966 ἠρμένος.
1423 1894 1559 1964 Φαίη
1595 1894 1640 1947 δ’
1672 1895 1738 1948 ἄν
1781 1913 1865 1958 τις
1897 1895 1983 1948 ἐπ’
2008 1895 2172 1949 αὐτοῦ
2222 1897 2316 1950 καὶ
2351 1875 2391 1932 Β
2421 1893 2597 1954 ροιεει
2621 1886 2791 1939 Clima:

1943 1897 1983 1948 πο
2008 1895 2172 1949 αὐτοῦ
2222 1897 2316 1950 καὶ
2351 1875 2391 1932 Β
2421 1893 2597 1954 potest
2621 1886 2812 1939 civitas
2853 1888 3107 1940 abscondi
3135 1903 3298 1956 supra
3364 1898 3600 1942 montem
3649 1889 3822 1957 posita
3856 1890 3923 1944 ⁸⁸.
3969 1909 3987 1941 ι

750 1988 886 2058 μάλα
913 1987 1141 2050 εἰκότως
1168 1986 1228 2038 τὸ
1254 1987 1342 2039 διά
1380 1986 1479 2055 τῆς
1509 1984 1603 2037 τοῦ
1637 1985 1893 2056 Σωτῆρος
1923 1986 2126 2056 φωνῆς,
2152 1985 2227 2050 ὡς
2253 1987 2318 2039 ἐκ

749 2080 1182 2149 παραδείγματος
1210 2075 1476 2146 ἐναργοῦς
1531 2076 1854 2146 εἰρημένον·
1913 2094 1932 2128 ι
1982 2077 2057 2129 οὐ
2099 2077 2319 2130 δύναται

747 2170 893 2232 πόλις
917 2169 1189 2240 κρυϐῆναι
1215 2168 1400 2221 ἐπάνω
1429 2166 1590 2238 ὅρους
1611 2166 1859 2238 κειμένη.
1900 2185 1920 2218 δ
1955 2167 2067 2220 Καὶ
2093 2165 2320 2220 πλεῖστα

749 2261 841 2328 μὲν
880 2260 948 2312 ἄν
995 2275 1080 2320 τις
1121 2255 1454 2323 συλλέξαιτο,
1487 2257 1583 2309 καὶ
1615 2255 1758 2326 μάλα
1799 2255 1994 2326 ῥᾳδίως
2043 2256 2110 2309 τὰ
2149 2255 2215 2309 δι’
2244 2249 2319 2310 ὧν

747 2351 885 2403 ἔστιν
918 2350 1049 2401 ίδεῖν
1080 2348 1228 2411 παρά
1248 2348 1370 2410 ταίς
1401 2346 1780 2410 θεοπνεύστοις
1822 2346 2089 2416 Γραφαῖς,
2112 2348 2194 2400 ὅτι
2225 2348 2320 2401 xui

748 2440 972 2508 βουνοῖς,
1009 2439 1103 2490 xui
1144 2438 1296 2508 δρεσι
1327 2437 1722 2508 παρεικάζεται
1749 2436 1852 2508 τῆς
1884 2438 2080 2509 νοητῆς
2124 2438 2321 2510 Ίερου·

747 2533 920 2603 σαλὴμ
980 2533 1042 2586 τὸ
1098 2533 1412 2602 ἀνάστημα,
1462 2530 1608 2583 τοῦτ’
1661 2529 1798 2594 ἔστι,
1832 2531 1933 2600 τῆς
1995 2530 2321 2602 Ἐκκλησίας

743 2624 798 2674 τὸ
839 2623 997 2691 ὕψος.
1032 2620 1370 2691 Βαδιούμεθα
1408 2619 1465 2674 δέ
1501 2621 1636 2690 πρὸς
1665 2620 1733 2674 τὰ
1779 2619 1864 2690 ἐφ’
1897 2619 2048 2691 ἑξῆς,
2079 2623 2190 2681 τοῖς
2228 2637 2320 2689 φι-

746 2715 1033 2784 λομαθέσιν
1056 2715 1283 2783 ἀφέντες
1313 2713 1383 2766 τά
1409 2713 1584 2766 τοιάδε
1615 2712 1911 2782 συλλέγειν,
1938 2715 2095 2785 εἴπερ
2120 2713 2322 2767 ἕλοιντο

743 2806 894 2858 τοῦτο
927 2805 1082 2875 δρᾷν.
1125 2804 1350 2874 ’Ὶδωμεν
1383 2803 1440 2856 δὲ
1477 2803 1530 2856 τί
1563 2804 1623 2856 τὸ
1655 2803 1842 2858 τελοῦν
1872 2807 1951 2866 εις
1981 2804 2165 2874 ὄνησιν
2211 2807 2322 2866 τοῖς

743 2897 828 2948 ἐπὶ
855 2897 961 2966 τῆς
993 2897 1114 2967 γῆς.
1162 2895 1297 2948 Ἀπό
1327 2911 1392 2964 γε
1426 2894 1522 2948 τοῦ
1557 2895 1650 2948 τὸν
1672 2891 1819 2950 οἷκον
1846 2895 1942 2948 τοῦ
1976 2896 2110 2948 Θεοῦ
2139 2894 2322 2966 περίο-

745 3003 873 3039 πτον
914 2985 1060 3039 οὕτω
1085 2984 1340 3053 γενέσθαι
1369 2987 1482 3049 τοῖς
1526 2985 1864 3055 ἁπανταχοῦ,
1905 2986 1980 3048 ὼς
2012 2986 2188 3038 δοκεῖν
2221 2986 2320 3056 ἤδη

745 3094 855 3139 πως
893 3075 1163 3145 ὑψοῦσθαί
1191 3093 1252 3129 τε
1297 3076 1388 3128 ἐπὶ
1438 3075 1680 3144 βουνοὺς,
1722 3075 1816 3128 xui
1857 3077 1943 3128 ἐπ’
1983 3076 2167 3147 ἄκρων
2211 3080 2322 3129 κεῖ-

745 3169 862 3222 σθαι
890 3168 1007 3220 τῶν
1051 3167 1240 3239 ὀρέων.
1283 3166 1491 3220 υῦκοῦν
1525 3167 1928 3239 πληροφορήσει
1965 3167 2136 3236 λέγων
2161 3167 2322 3232 εὐθὺς

743 3257 769 3307 ὁ
798 3258 1105 3328 προφήτης.
1149 3276 1166 3310 ι
1205 3258 1315 3309 Καὶ
1345 3255 1564 3327 ἥξουσιν
1587 3257 1674 3310 ἐπ’
1698 3241 1834 3309 αὐτὸ
1861 3257 2040 3310 πάντα
2071 3257 2138 3310 τὰ
2157 3257 2284 3329 ἔθνη
2306 3274 2318 3288 ·

743 3350 832 3402 καὶ
885 3349 1246 3418 πορεύσονται
1304 3349 1430 3422 ἔθνη
1475 3349 1644 3403 πολλὰ
1685 3351 1780 3403 xui
1831 3349 2079 3420 ἐροῦσιν·
2135 3349 2321 3413 Δεῦτε,

745 3438 1037 3508 ἁναεῶμεν
1065 3440 1142 3501 εις
1166 3439 1228 3491 τὸ
1257 3439 1382 3510 ὅρος
1413 3438 1508 3492 τοῦ
1542 3439 1769 3510 Κυρίου,
1801 3440 1896 3492 καὶ
1926 3442 2002 3502 είς
2046 3439 2136 3492 τὸν
2175 3435 2322 3492 οἶκον

743 3530 830 3583 τοῦ
864 3529 1008 3582 Θεοῦ
1053 3530 1266 3585 Ἰακώϐ.
1305 3532 1414 3584 Καὶ
1451 3532 1744 3599 ἀναγγελεῖ
1771 3534 1902 3602 ἡμῖν
1933 3532 2030 3602 τὴν
2075 3531 2192 3584 ὁδὸν
2225 3531 2322 3585 αὺ-

743 3625 854 3688 τοῦ,
886 3624 985 3678 xui
1020 3624 1402 3696 πορευσόμεθα
1447 3627 1504 3678 ἐν
1530 3625 1688 3695 αὐτῇ.
1723 3643 1741 3676 ›
1770 3625 1892 3678 ’Ὀτι
1945 3625 2042 3696 μὲν
2066 3622 2158 3678 οῦν
2201 3641 2324 3677 συν-

743 3716 1008 3787 ηθροίσθη
1037 3718 1214 3770 πάντα
1229 3715 1297 3769 τά
1322 3715 1469 3786 ἔθνη,
1488 3717 1580 3769 καὶ
1613 3717 2079 3788 συνδεδραμήκασι
2106 3717 2194 3770 διὰ
2225 3716 2324 3786 τῆς

745 3809 978 3872 πίστεως
1009 3810 1090 3872 είς
1121 3810 1218 3879 τὴν
1269 3809 1618 3878 Ἐκκλησίαν,
1650 3809 1710 3860 οὐ
1736 3808 1963 3880 μακρῶν
1984 3811 2116 3879 ἡμῖν
2141 3808 2323 3878 δεήσει

745 3901 876 3971 πρὸς
906 3899 1185 3964 ἀπόδειξιν
1217 3900 1412 3968 λόγων.
1463 3899 1609 3970 Αὐτὴ
1660 3900 1716 3952 δὲ
1762 3899 1870 3952 τῶν
1917 3899 2322 3971 πραγμάτωνή

740 3988 966 4052 ἔκϐασις
1001 3990 1350 4060 αὑτάμαρτυς
1399 3989 1551 4042 ἔσται
1586 3991 1680 4042 xui
1711 3989 1936 4061 ἀληθής.
1971 3989 2117 4061 Πλὴν
2149 3991 2325 4044 ἐκεῖνο

743 4077 1193 4146 λαταθαυμάζειν
1242 4077 1410 4144 ἀξιον.
1463 4076 1742 4147 Κέκληται
1790 4077 1896 4148 γάρ
1925 4077 2032 4130 τῶν
2075 4077 2244 4131 ἐθνῶν
2289 4080 2322 4149 ἡ

742 4167 976 4237 πληθὺς,
1007 4167 1070 4220 οὐ
1108 4166 1196 4220 διὰ
1223 4167 1326 4237 τῆς
1369 4167 1462 4220 τοῦ
1493 4168 1658 4237 νόμου
1694 4167 2099 4236 παιδαγωγίας,
2131 4169 2192 4221 οὑ
2236 4168 2325 4222 διὰ

744 4259 1041 4330 προφητῶν
1095 4258 1301 4327 ἀγίωνο
1333 4258 1544 4328 ἀγείρει
1576 4258 1632 4312 δέ
1664 4259 1865 4329 μᾶλλον
1906 4257 2045 4314 αὑτά
2076 4257 2194 4311 θεία
2239 4276 2325 4322 τις

741 4353 829 4403 καὶ
859 4353 1181 4422 ἀπόρρητος
1229 4351 1390 4422 χάρις
1433 4350 1638 4420 νοητῶς
1679 4350 2047 4422 ἐλλάμπουσα,
2096 4351 2190 4404 xui
2226 4351 2324 4419 τῆς

739 4441 826 4494 διὰ
877 4441 1124 4512 Χριστοῦ
1172 4443 1448 4514 σωτηρίας
1491 4442 1762 4496 ἐντιθεῖσα
1806 4442 1906 4513 τὴν
1962 4442 2167 4512 ἔφεσιν.
2216 4442 2324 4496 Θέα

2421 1976 2559 2030 Sunt
2606 1992 2732 2031 vero
2758 1978 2908 2046 plura
2943 1979 3045 2032 alia
3073 1994 3194 2048 qua:
3235 1978 3499 2034 facillime
3524 1981 3702 2048 colligi
3747 1993 3987 2051 possent,

2421 2071 2562 2124 unde
2606 2069 2793 2125 videre
2823 2071 2988 2124 estin
3035 2070 3332 2139 Scripturis
3392 2072 3648 2126 divinitus
3694 2073 3994 2142 inspiratis,

2419 2157 2714 2212 Jerusalem
2768 2158 3122 2228 intelligibilis
3203 2159 3437 2228 apicem,
3492 2162 3541 2214 id
3591 2171 3694 2224 est,
3746 2162 3998 2218 Ecclesiae

2421 2250 2817 2318 ctalsitudiuem,
2842 2251 3066 2306 collibus
3104 2261 3157 2306 et
3183 2253 3455 2308 montibus
3483 2255 3808 2322 comparari.
3873 2257 3994 2311 (2a:-

2423 2351 2594 2396 tcrum
2623 2343 2688 2396 ad
2715 2343 2995 2412 sequentia
3029 2344 3328 2408 veniemus,
3361 2344 3474 2398 haec
3503 2345 3756 2400 studiosis
3777 2361 4000 2401 cozicer-

2422 2434 2596 2487 vanda
2633 2433 3018 2502 relinquentes,
3055 2435 3100 2488 si
3136 2436 3349 2502 quidem
3387 2436 3438 2488 id
3473 2434 3650 2489 facere
3683 2437 3952 2491 voluerint
3982 2458 3994 2492 :

2425 2525 2701 2576 videamus
2731 2537 2860 2576 vero
2925 2524 3054 2592 quid
3110 2524 3357 2579 utilitatis
3407 2527 3722 2582 mortalibus
3785 2529 3996 2595 aﬂerat,

2424 2615 2640 2668 domum
2673 2615 2762 2668 Dei
2796 2616 2933 2669 hanc
2963 2617 3317 2685 conspicuam
3361 2633 3484 2671 esse
3520 2633 3585 2671 ac
3647 2621 3998 2687 spectabilem

2425 2705 2645 2758 ubilibet
2670 2705 2941 2771 omnibus,
3008 2706 3080 2758 ita
3111 2717 3166 2758 ut
3192 2706 3303 2773 jam
3357 2709 3752 2776 quodammodo
3815 2723 3999 2765 evecta

2425 2805 2586 2860 supra
2627 2791 2840 2855 collem,
2887 2801 2939 2845 et
2969 2792 3020 2845 in
3071 2793 3234 2846 editis
3284 2797 3559 2851 montibus
3618 2798 3881 2852 collocata
3931 2804 4002 2852 vi-

2425 2883 2636 2936 deatur.
2688 2882 2742 2936 Id
2783 2897 2909 2937 vero
2933 2898 3056 2938 mox
3101 2885 3361 2953 propheta
3407 2887 3620 2942 abunde
3681 2890 3998 2954 declarabit,

2425 2975 2650 3028 ditens:
2687 2991 2705 3024 t
2743 2974 2807 3027 Et
2831 2975 3046 3028 venient
3071 2975 3136 3028 ad
3167 2990 3289 3029 cum
3332 2991 3521 3032 omnes
3551 2989 3758 3046 gentes,
3785 2991 3840 3035 et
3883 2997 3999 3034 am-

2429 3064 2683 3118 bulabunt
2709 3074 2896 3134 gentes
2929 3065 3128 3130 multae,
3179 3081 3242 3120 ac
3267 3067 3448 3122 dicent
3479 3087 3492 3123 :
3521 3070 3740 3134 Adeste,
3803 3089 3996 3126 ascen-

2429 3159 2617 3210 damus
2649 3157 2700 3210 in
2732 3165 2965 3210 montem
3022 3156 3230 3211 Domini
3265 3167 3316 3212 et
3344 3157 3394 3211 in
3424 3159 3638 3212 domum
3682 3161 3773 3214 Dei
3805 3160 3994 3217 Jacob.

2431 3245 2491 3296 Et
2525 3245 2868 3298 annuntiabit
2903 3244 3061 3298 nobis
3094 3243 3232 3296 viam
3263 3259 3437 3309 suam,
3492 3255 3547 3300 et
3609 3247 4003 3301 ambulabimus

2428 3337 2478 3388 in
2517 3351 2602 3390 ea.
2637 3354 2656 3388 ι
2702 3335 2865 3404 Atqui
2894 3349 3082 3388 omnes
3113 3343 3302 3403 gentes
3349 3344 3567 3392 coactas
3600 3336 3792 3401 fuisse,
3821 3347 3870 3391 et
3905 3354 4003 3406 per

2427 3428 2581 3481 Iidem
2626 3427 2681 3481 in
2717 3427 3014 3482 Eeclesiam
3061 3426 3409 3493 conﬂuxisse,
3449 3427 3680 3497 longiori
3715 3430 4000 3482 Verborum

2426 3520 2652 3574 circuitu
2701 3519 2751 3572 id
2778 3520 3153 3573 demonstrare
3183 3535 3286 3572 non
3343 3531 3446 3574 erit
3483 3535 3618 3586 Oles
3653 3539 3666 3574 :
3711 3520 3839 3589 quin
3892 3522 4004 3588 ipse

2427 3627 2604 3666 rerum
2636 3620 2860 3666 eventus
2891 3611 3194 3679 ipsissimus
3221 3612 3324 3664 erit
3371 3627 3432 3666 ac
3478 3629 3638 3667 verus
3668 3615 3840 3667 testis.
3869 3613 4001 3667 Illud

2426 3712 2606 3756 autent
2639 3701 2896 3755 admirari
2947 3715 3126 3770 Opera:
3166 3703 3396 3770 pretium
3451 3701 3633 3756 fuerit.
3686 3700 3888 3759 Vocata
3923 3714 4006 3758 est

2424 3795 2567 3847 enim
2623 3793 2862 3863 gentium
2907 3792 3228 3853 multitudo,
3261 3808 3365 3845 non
3419 3809 3512 3862 per
3562 3794 3691 3864 legis
3751 3797 4002 3866 padago.

2426 3885 2591 3953 giam,
2623 3897 2727 3936 non
2755 3896 2850 3952 per
2875 3891 3094 3936 sanctos
3123 3882 3449 3951 prophetas;
3481 3883 3574 3936 sed
3613 3884 3792 3937 divina
3825 3886 4002 3953 potius

2425 3985 2478 4030 et
2510 3988 2704 4027 arcana
2741 3973 2984 4042 qua‘dam
3033 3974 3230 4040 gratia,
3288 3975 3651 4037 intelligentcr
3707 3978 3999 4044 irradians,

2425 4074 2476 4116 et
2508 4061 2696 4116 salutis
2727 4076 2824 4130 per
2869 4061 3143 4116 Christum
3182 4063 3504 4116 desiderium
3564 4065 3849 4129 instillatis,
3905 4084 4000 4120 eas

2425 4153 2796 4222 congregavit.
2825 4150 3016 4222 Specta
3040 4153 3180 4207 enim
3205 4157 3474 4221 quomodo
3505 4155 3652 4210 nttllo
3678 4161 4004 4224 praedicante

2425 4248 2526 4301 sibi
2557 4247 2787 4300 invicem
2838 4245 3134 4298 actlamant
3168 4263 3181 4300 :
3213 4265 3230 4296 ι
3266 4247 3465 4300 Adeste
3489 4256 3543 4301 et
3568 4252 3925 4305 ascendamus
3949 4255 4001 4306 in

2425 4339 2530 4409 37
2575 4347 2808 4390 montem
2854 4336 3084 4402 Domini,
3120 4347 3173 4390 et
3227 4339 3277 4390 in
3320 4340 3536 4391 domum
3573 4339 3663 4392 Dei
3713 4339 3900 4396 Iacob.
3938 4342 4005 4396 Et

2427 4429 2771 4484 aununtiahit
2829 4428 2985 4482 nobis
3019 4429 3157 4481 viam
3209 4445 3388 4493 suam,
3423 4440 3476 4484 et
3525 4431 3918 4488 ambulabimus
3949 4437 4000 4489 in

740 4531 846 4600 γάρ
900 4531 1055 4593 ὅπως
1109 4530 1537 4602 διακηρύξαντος
1582 4532 1766 4595 αὐτοῖς
1810 4531 2022 4595 οὐδενὸς
2077 4531 2323 4600 ἀλλήλοις
2357 4545 2398 4602 ο
2425 4537 2509 4578 ea.
2536 4540 2554 4573 ι
2593 4522 2784 4575 Primtu

1956 4531 2022 4595 ιδς
2077 4531 2323 4600 ἀλλήλοις
2357 4545 2398 4602 ο
2425 4537 2509 4578 ea.
2536 4540 2554 4573 ι
2593 4522 2828 4575 Primum
2875 4523 3192 4586 ascendunt,
3225 4521 3344 4574 dein
3393 4523 3470 4576 sic
3499 4534 3764 4592 quaerunt,
3797 4534 3850 4578 υι
3887 4542 4000 4580 νοτ.

741 4622 1052 4690 ἐπιφωνεῖο
1106 4641 1124 4672 ι
1163 4621 1325 4674 Δεῦτε
1369 4623 1466 4675 xui
1510 4623 1801 4694 ἀναδῶμεν
1847 4625 1927 4688 είς
1969 4623 2030 4676 τὸ
2063 4624 2188 4694 ὅρος
2231 4623 2324 4676 τοῦ

740 4713 979 4783 Κυρίου,
1035 4712 1131 4766 xui
1176 4714 1255 4775 είς
1302 4713 1394 4765 τὸν
1445 4708 1592 4765 οἶκον
1646 4711 1741 4766 τοῦ
1789 4711 1924 4765 Θεοῦ
1987 4712 2200 4776 Ἰακὼϐ,
2233 4714 2327 4766 xui

743 4803 1046 4872 ἀναγγελεῖ
1068 4805 1200 4872 ἡμῖν
1237 4802 1337 4873 τὴν
1364 4803 1482 4856 ὁδὸν
1507 4801 1695 4867 αὑτοῦ,
1726 4803 1820 4856 xui
1850 4803 2228 4874 πορευσόμεθα
2271 4805 2327 4856 ἐν

743 4893 903 4964 αὐτῇ.
965 4911 987 4945 ›
1048 4892 1270 4960 Πρῶτον
1319 4891 1721 4957 ἀναῦαίνουσιν,
1753 4886 1852 4944 εἷθ’
1884 4891 2026 4944 οὕτω
2075 4889 2329 4961 ζητοῦσιν

746 4979 1178 5050 ὲτιαγγέλλεσθαί
1221 4997 1280 5034 τε
1314 4982 1404 5034 τὸν
1431 4979 1527 5033 τοῦ
1567 4980 1702 5034 Θεοῦ
1747 4981 1904 5048 λόγον
1940 4979 2141 5042 αὐτοῖς.
2197 4979 2330 5032 Ὑπ-

746 5072 1063 5143 ισχνοῦνται
1099 5072 1157 5126 δέ
1186 5073 1280 5125 xui
1315 5071 1550 5142 βαδίζειν
1585 5071 1684 5142 τὴν
1711 5071 1827 5124 ὁδὸν
1865 5069 1960 5124 τοῦ
1989 5071 2212 5142 Κυρίου,
2239 5069 2330 5141 δῆ-

742 5166 834 5218 λον
885 5166 945 5219 δέ
989 5167 1073 5218 ὅτι
1111 5165 1210 5236 τὴν
1262 5165 1646 5236 εὐαγγελικὴν,
1699 5163 2056 5236 πῳεισὸολὴν
2103 5164 2330 5235 ἔχουσαν

743 5255 843 5328 τὴν
895 5256 987 5310 διά
1049 5257 1285 5319 πίστεως
1332 5255 1618 5325 κάθαρσιν.
1693 5254 1930 5307 Ἐοίκασι
1972 5253 2028 5307 δὲ
2067 5255 2166 5325 τὴν
2213 5255 2330 5308 ὁδὸν

727 5337 959 5419 ’Κυρίου
994 5347 1282 5417 ζητοῦντες
1331 5346 1538 5416 μαθεῖν,
1569 5347 1668 5416 τῆς
1700 5346 1933 5417 ἀρχαίας
1974 5345 2190 5416 ἐκείνης
2237 5348 2332 5399 xui

744 5436 984 5509 βεδήλου
1041 5439 1246 5508 πλάνης
1308 5436 1756 5508 προεισδέξασθαι
1811 5437 1910 5507 τὴν
1965 5439 2326 5506 κατάγνωσιν.

723 5529 952 5616 {Betui
990 5529 1097 5598 γάρ
1127 5528 1249 5598 οὐχὶ
1289 5529 1494 5599 ἑτέρως
1545 5530 1604 5580 ἐν
1648 5529 1780 5598 ἡμῖν
1807 5528 1914 5580 τῶν
1961 5527 2242 5598 βελτιόνων
2295 5531 2327 5600 ή

730 5615 963 5685 Ἔφεσις,
1000 5617 1076 5689 μὴ
1113 5619 1234 5689 οὐχι
1274 5619 1340 5690 δὴ
1392 5617 1608 5690 πρῶτον
1655 5621 2190 5690 προκατεγνωκότων
2224 5621 2330 5675 τῶν

819 5793 868 5824 ⁸³
914 5791 1073 5849 Rom.
1112 5809 1153 5858 ι,
1182 5793 1272 5848 22.
1348 5796 1396 5826 ”
1432 5794 1622 5850 Matth.
1655 5813 1707 5863 χ,
1740 5796 1825 5850 Μ.

2428 4612 2555 4666 bum
2598 4611 2806 4666 Domini
2847 4609 2948 4663 sibi
2989 4613 3360 4673 annuntietur,
3409 4622 3458 4665 et
3508 4615 3773 4682 recipiunt
3811 4631 3868 4670 se
3903 4619 4005 4670 itu-

2428 4719 2515 4756 ros
2550 4703 2686 4755 viam
2720 4700 2958 4766 Domini,
3012 4701 3263 4754 nimirum
3297 4702 3687 4772 evangelicum,
3732 4707 3883 4774 cujus
3911 4709 4007 4761 atl-

2429 4795 2534 4846 itus
2559 4803 2642 4846 est
2670 4791 2917 4860 purgatio
2948 4807 3043 4860 per
3070 4792 3248 4844 iidem.
3279 4792 3379 4859 Qui
3411 4803 3590 4849 autem
3625 4796 3762 4850 viam
3797 4797 4006 4853 Domini

2429 4887 2648 4956 cupiunt
2686 4885 2916 4948 discere,
2955 4883 3238 4938 inveterati
3277 4884 3419 4940 illius
3457 4894 3510 4939 et
3552 4887 3763 4957 profani
3804 4893 4010 4944 erroris

2435 4977 2938 5032 condemnationem
2983 4976 3233 5029 videntur
3276 4987 3399 5029 ante
3442 4981 3739 5048 suscipere.
3799 4983 4008 5052 Alioqui

2439 5083 2542 5121 non
2591 5067 2697 5121 erit
2757 5066 2809 5120 in
2870 5066 3026 5120 nobis
3080 5066 3166 5118 illa
3228 5069 3510 5121 meliorqu
3565 5073 3843 5140 expolitio,
3903 5077 4008 5128 nisi

2439 5161 2586 5229 prius
2611 5170 2790 5213 vetera
2819 5159 2988 5227 prima
3025 5160 3426 5212 damnantihus.
3453 5161 3584 5226 Quis
3608 5176 3737 5232 ergo
3764 5165 3867 5220 illis
3896 5178 4011 5221 erat

2439 5249 2824 5322 ntystagogus?
2863 5250 2994 5316 Quis
3031 5251 3250 5304 deduxit
3282 5253 3344 5304 ad
3373 5254 3704 5320 agnitionem
3741 5258 4008 5321 veritatis,

2439 5353 2494 5398 ct
2539 5341 2803 5412 persuasit
2850 5343 2950 5406 eis,
3005 5351 3060 5392 ut
3110 5341 3280 5408 prima
3331 5346 3711 5400 existimarent
3761 5349 4007 5413 ridicula,

2438 5448 2492 5491 et
2513 5437 2578 5490 ad
2596 5434 2898 5514 posteriora
2927 5445 3271 5486 accurrerent
3291 5434 3526 5490 ?Annon
3569 5441 3810 5495 videlicet
3841 5441 4012 5494 Deus?

2439 5529 2554 5597 qui,
2584 5537 2641 5580 ut
2676 5512 3049 5593 diii,’illorum
3079 5527 3346 5583 mentibus
3380 5540 3436 5584 et
3484 5536 3632 5586 cordi
3686 5535 3878 5600 illuxit,
3911 5535 4007 5588 ad-

2439 5620 2698 5690 duxitque
2726 5631 2783 5675 ut
2814 5621 3056 5676 dicerent
3088 5622 3246 5676 simul
3277 5634 3325 5678 et
3356 5627 3622 5682 sentirent
3654 5645 3665 5680 :
3708 5645 3726 5677 ι
3769 5628 3842 5680 Ea
3881 5625 4008 5680 Sion
