4178 6506
642 387 704 445 7i
908 400 911 403 ‘
1666 370 1723 422 5.
1764 361 2039 419 CYRILLI
2078 355 2544 414 ALEXANDIUNI
2587 350 2907 407 ABCIIIEP.

644 503 953 576 egredietur
986 499 1093 561 lex,
1126 504 1180 551 et
1224 493 1445 547 verbum
1480 485 1694 542 Domini
1726 484 1792 537 de
1839 478 2164 536 Jerusalem.
2202 494 2220 528 ι
2261 484 2304 540 Α

642 569 795 663 Quod
843 592 1110 662 geminum
1150 597 1368 641 sensum
1415 578 1598 634 habet.
1641 576 1749 630 Aut
1791 574 1935 628 enim
1970 570 2099 625 illud
2136 569 2225 623 di-

643 705 796 754 cunt,
823 688 931 742 Nos
958 685 1176 739 verbum
1226 695 1256 733 a
1285 678 1448 734 domo
1483 673 1581 729 Dei
1622 670 1981 740 accipiemus;
2014 677 2069 723 et
2102 681 2226 722 eum

641 786 712 839 ibi
760 781 1020 835 fuerimus
1060 775 1280 829 verbum
1326 769 1420 825 Dei
1471 778 1879 836 cognoscemus.
1930 762 2039 815 Aut
2082 758 2226 829 quod

642 876 729 928 lex
772 871 990 939 reliquit
1016 869 1183 929 Sion,
1226 874 1283 918 et
1329 877 1394 917 ex
1427 875 1491 915 ea
1547 856 1707 911 veluti
1761 854 2039 921 migravit,
2072 852 2229 907 etab

639 965 943 1020 Jerusalem
976 960 1068 1013 Dei
1104 957 1340 1011 Verbum
1371 950 1624 1007 excessit.
1668 946 1967 1014 Postquam
1992 944 2136 997 enim
2175 943 2227 997 in

643 1057 919 1111 Christum
941 1049 1257 1105 debacchati
1286 1055 1433 1111 sunt,
1461 1054 1517 1098 et
1545 1054 1770 1110 regnum
1799 1038 1916 1107 ejus
1946 1042 2228 1107 negarunt,

644 1165 741 1204 eos
769 1148 989 1215 reliquit
1034 1144 1305 1214 orphauos
1333 1150 1387 1193 et
1414 1140 1610 1203 orbos;
1643 1133 1885 1200 illudque
1919 1130 2118 1186 dictum
2148 1137 2233 1185 est

647 1258 743 1313 per
776 1239 1090 1310 prophetam
1127 1256 1141 1291 :
1179 1254 1198 1287 ‹
1234 1234 1301 1287 Ει
1336 1231 1448 1287 dixi
1481 1249 1496 1285 :
1526 1228 1643 1284 Non
1694 1240 1909 1296 pascam
1951 1238 2070 1287 vos,
2117 1238 2235 1277 mo-

650 1335 796 1387 riens
826 1335 1106 1392 moriatur,
1136 1336 1191 1382 et
1223 1326 1483 1380 deﬁciens
1507 1319 1825 1385 deliciat,§et
1855 1318 2083 1388 posthac
2108 1313 2237 1369 edat

649 1425 876 1494 quisque
907 1420 1140 1492 proximi
1194 1420 1274 1473 sui
1308 1432 1503 1472 carnes
1532 1416 1599 1470 ⁸⁸.
1640 1434 1658 1466 ι
1682 1415 1870 1483 Itaque
1892 1412 1977 1463 lex
2020 1420 2235 1477 egressa

649 1526 731 1571 est
760 1532 824 1570 ex
876 1516 1029 1579 Sion,
1062 1522 1116 1567 et
1145 1512 1366 1565 verbum
1406 1508 1616 1563 Domini
1651 1508 1720 1561 de
1752 1502 2077 1559 Jerusalem.
2108 1498 2238 1553 Post

651 1608 959 1663 Servatoris
996 1605 1139 1658 enim
1174 1616 1389 1657 crucem
1433 1600 1715 1668 obsignata
1745 1604 1829 1650 est
1858 1594 1998 1648 visio
2026 1601 2081 1647 et
2113 1603 2237 1660 pro-

652 1703 871 1771 phetia:
911 1715 1011 1754 uec
1036 1696 1265 1766 amplius
1293 1694 1430 1764 apud
1465 1693 1613 1761 ipsos
1655 1688 1746 1742 Dei
1787 1687 1872 1741 lex
1918 1696 1973 1739 et
2012 1684 2238 1737 verbum

652 1792 774 1846 fuit.
807 1790 1039 1858 Ideoque
1068 1787 1285 1852 divinus
1313 1782 1513 1837 Paulus
1545 1790 1752 1834 tantum
1778 1794 1885 1831 non
1916 1776 2236 1844 deSperans,

653 1892 705 1937 et
744 1878 1193 1936 inemendabilem
1243 1874 1549 1929 Judaaorum
1584 1872 1794 1925 turbam
1841 1866 2233 1936 conspicatus:

660 1995 678 2027 ι
738 1975 927 2037 Vobis,
982 1990 1001 2024 ι
1059 1970 1252 2038 inquit,
1305 1986 1324 2018 ι
1381 1979 1603 2020 necesse
1656 1972 1773 2017 erat
1826 1959 1969 2029 loqui
2011 1958 2235 2011 verbum

658 2067 871 2121 Domini
905 2082 917 2117 :
948 2071 1233 2131 postquam
1270 2067 1444 2112 autem
1495 2054 1766 2123 repulistis
1813 2050 1968 2112 illud,
2007 2058 2061 2103 et
2096 2048 2237 2101 indi-

656 2176 790 2229 gnos
823 2172 917 2211 vos
963 2155 1139 2209 facitis
1177 2162 1378 2205 :eterua
1415 2149 1554 2213 vita,
1601 2159 1727 2201 ecce
1764 2140 2131 2197 convertimur
2172 2136 2239 2191 ad

659 2262 867 2320 gentes.
928 2248 1021 2301 Sic
1078 2246 1223 2301 enim
1281 2241 1536 2313 praecepit
1592 2238 1749 2291 nobis
1806 2232 2063 2288 Dominus
2100 2230 2169 2282 ".
2214 2245 2234 2280 ι

662 2344 817 2396 Disce
847 2342 1007 2410 igitur
1062 2353 1170 2408 quo
1203 2347 1360 2406 pacto
1392 2336 1442 2389 in
1478 2334 1648 2402 gratia
1686 2330 1777 2383 Dei
1807 2325 2077 2382 exsultent
2112 2337 2241 2392 gen-

664 2446 764 2487 tes.
798 2432 929 2485 Nam
964 2445 1029 2485 ex
1067 2429 1196 2483 Siou
1249 2439 1303 2481 et
1348 2424 1650 2480 Jerusalem
1687 2422 1853 2490 legem
1908 2427 1964 2471 et
2018 2414 2239 2468 verbum

662 2524 876 2581 Domini
923 2523 1212 2578 recessisse
1238 2520 1444 2581 dicunt,
1496 2515 1824 2582 omninoque
1874 2512 1939 2561 all
1972 2522 2031 2561 se
2069 2504 2241 2559 demi-

662 2633 872 2687 grasse.
943 2614 1181 2669 Transiit
1233 2612 1377 2664 enim
1432 2606 1603 2676 gratia
1650 2606 1729 2667 ab.
1766 2603 1878 2666 his,
1932 2599 2021 2668 qui
2086 2596 2242 2650 Iidem

668 2712 950 2764 \olueruut
1004 2708 1264 2775 rejicere,
1315 2700 1381 2755 ad
1435 2714 1533 2754 eos
1577 2698 1667 2768 qui
1719 2710 1816 2765 per
1864 2692 2020 2747 ﬁdem
2069 2685 2246 2743 vocati

663 2811 811 2855 Sunt.

664 2893 961 2962 ἀναγκαῖον
1009 2887 1305 2957 λαληθῆναι
1332 2886 1421 2938 τὸν
1469 2884 1630 2952 λόγον
1676 2880 1772 2933 τοῦ
1802 2878 2010 2949 Κυρίου
2032 2893 2044 2906 ·
2075 2872 2264 2943 ἐπειδὴ

664 2990 765 3058 τῆς
805 2984 1024 3040 αίωνίου
1078 2983 1243 3052 ζωῆς,
1294 2980 1403 3034 ίδοὺ
1449 2976 1797 3048 στρεφόμεθα
1837 2976 1915 3035 είς
1964 2972 2035 3025 τὰ
2085 2969 2247 3039 έθνηο

3831 331 3911 385 7‘2

2331 474 2519 528 πάλαι.
2559 472 2653 533 Τίς
2686 468 2777 523 οὖν
2821 467 2928 536 ἄρα
2969 463 3187 531 γέγονεν
3222 458 3403 518 αὐτοῖς
3438 456 3466 508 ὁ
3507 448 3912 523 μυσταγωγός;

2329 565 2424 627 Τίς
2455 566 2483 616 ό
2532 559 2820 629 ἀναφέρων
2858 557 2937 616 είς
2982 550 3274 616 ἐπίγνωσιν
3322 539 3601 611 ἀληθείας,
3636 536 3732 590 καὶ
3772 538 3913 587 ἀνω-

2328 626 2530 708 πείθων
2550 626 2747 711 αὑτοῦ-ς
2778 644 3159 712 καταγέλαστα
3190 638 3291 708 μὲν
3318 633 3569 707 ἡγεῖσθαι
3593 630 3663 683 τὰ
3687 626 3910 697 πρῶτα,

2329 745 2684 817 προστρέχειν
2710 741 2765 795 δὲ
2810 740 2923 800 τοῖς
2952 734 3261 804 δευτέροις;
3296 728 3329 799 ἢ
3371 723 3615 796 δηλονότι
3664 721 3830 783 Θεός;
3876 720 3914 771 ὁ

2330 812 2424 893 καὶ
2444 812 2722 905 έλλάῖμψας
2750 832 2953 892 αὐτοῖς,
2977 826 3051 890 ὡς
3085 824 3238 894 ἔφην,
3266 822 3348 883 είς
3378 818 3503 871 νοῦν
3537 816 3629 869 καὶ
3654 812 3911 884 καρδίαν,

2331 931 2424 983 καὶ
2460 903 2761 987 ἀναπείσας
2800 922 2974 974 εἰπεῖν
2999 934 3059 969 τε
3088 916 3206 985 ἅμα.
3239 913 3333 967 καὶ
3363 910 3602 981 φρονεῖν,
3628 907 3709 960 ὅτι
3749 924 3767 956 ι
3804 903 3908 955 Ἐκ

2332 1022 2472 1076 Σιὼν
2500 1018 2838 1086 ἐξελεύσεται
2869 1012 3052 1082 νόμος,
3077 1008 3175 1062 καὶ
3199 1005 3355 1073 λόγος
3382 1001 3586 1071 Κυρίου
3611 1000 3670 1064 ἐξ
3706 998 3914 1067 Ἰερου-

2334 1114 2535 1185 σαλήμ.
2574 1129 2594 1162 ι
2642 1108 2833 1162 Ὧδίνει
2860 1105 2917 1158 δὲ
2944 1102 3102 1157 τοῦτο
3138 1096 3331 1169 διπλῆν
3357 1094 3441 1163 ἐφ’
3485 1090 3662 1160 ἑαυτῷ
3688 1090 3789 1157 τὴν
3818 1087 3912 1141 ἐν·

2332 1180 2503 1265 νοιαν.
2540 1205 2611 1257 Ἢ
2653 1201 2762 1271 γὰρ
2793 1197 2967 1251 ἐκεῖνό
2996 1210 3180 1264 φασιν,
3208 1191 3291 1243 ὅτι
3331 1182 3630 1255 Ληψόμεθα
3658 1181 3814 1248 λόγον
3846 1180 3915 1232 ὲκ

2333 1302 2429 1357 τοῦ
2459 1298 2607 1354 οἴκου
2635 1295 2727 1348 τοῦ
2759 1290 2917 1355 Θεοῦ,
2950 1289 3045 1342 καὶ
3072 1285 3161 1338 τὸν
3184 1282 3276 1336 τοῦ
3307 1278 3441 1332 Θεοῦ
3485 1276 3641 1343 λόγον
3669 1273 3786 1324 ἐκεῖ
3821 1287 3913 1338 γε-

2338 1394 2555 1462 γονότες
2581 1384 2871 1456 είσόμεοα’
2905 1383 2938 1452 ἢ
2970 1381 3053 1433 ὃτι
3106 1372 3460 1430 καταλέλοιπε
3487 1369 3586 1437 τὴν
3629 1363 3790 1427 Σιὼν,
3819 1363 3918 1416 καὶ

2336 1450 2449 1540 οἷον
2480 1450 2781 1549 ὲκϐέὸηκεν
2814 1475 2908 1527 ἀπ’
2929 1450 3107 1539 αὐτῆς
3134 1469 3163 1520 ό
3190 1464 3373 1535 νόμος,
3407 1458 3499 1513 καὶ
3530 1456 3638 1510 ἀπὸ
3675 1453 3777 1523 τῆς
3817 1450 3915 1503 Ἱε-

2340 1576 2624 1653 ρουσαλὴμ
2652 1544 3091 1639 ἀποπεφοίτηκεν
3117 1563 3145 1614 ὁ
3166 1556 3260 1612 τοῦ
3282 1554 3418 1609 Θεοῦ
3455 1552 3647 1619 Λόγος.
3696 1544 3917 1614 Ἐπειδὴ

2338 1638 2446 1742 γὰρ
2474 1638 2937 1736 πεπαρῳνήκασιν
2981 1658 3059 1718 εἰς
3101 1648 3356 1723 Χριστὸν,
3388 1640 3698 1717 ὴρνήσαντό
3728 1656 3788 1691 τε
3816 1638 3919 1705 τὴν

2344 1728 2854 1830 βασιλείανρὺτοῦ,
2893 1744 3283 1802 καταλέλοιπεν
3325 1736 3539 1799 αὐτοὺς,
3570 1732 3665 1786 καὶ
3703 1728 3920 1798 ἀφῆκεν

2268 1854 2311 1909 B
2340 1816 2632 1923 όρφανούς.
2679 1845 2789 1898 Καὶ
2830 1842 2988 1895 τοῦτο
3013 1834 3080 1908 ἦν
3108 1837 3168 1889 τὸ
3196 1833 3285 1888 διὰ
3317 1829 3413 1883 τοῦ
3448 1826 3728 1898 προφήτου
3762 1816 3923 1886 λεγό-

2346 1912 2508 2017 μενον
2530 1961 2544 1975 ο
2579 1960 2599 1992 ι
2633 1938 2745 1992 Καὶ
2774 1932 2923 1999 εἶπα,
2950 1932 3009 1985 οὐ
3055 1928 3130 2001 μὴ
3175 1920 3424 1993 ποιμανῶ
3454 1919 3633 1990 ὑμᾶς’
3677 1913 3739 1966 τδ
3781 1912 3923 1965 ἀπο-

2342 2003 2577 2107 θνῆσκον
2616 2026 3028 2098 ἀποθνησκέτω,
3067 2020 3165 2074 καὶ
3205 2018 3266 2070 τδ
3295 2015 3547 2068 ἐκλεῖπον
3595 2003 3921 2065 ὲκλειπέτω,

2343 2096 2444 2184 καί
2474 2126 2543 2180 τά
2591 2096 2895 2178 κατάλοιπα
2950 2114 3178 2170 ἐσθιέτω
3211 2109 3496 2180 ἄνθρωπος
3544 2103 3773 2162 ἕκαστος
3815 2096 3923 2158 τὰς

2348 2225 2555 2295 σάρκας
2582 2217 2677 2272 τοῦ
2707 2214 2932 2285 πλησίον
2959 2206 3145 2264 αὐτοῦ.
3188 2225 3205 2257 ι
3252 2199 3505 2269 Ἐξῆλθεν
3547 2194 3726 2249 τοίνυν
3759 2190 3928 2259 νόμος

2348 2281 2431 2367 ὲκ.
2472 2281 2570 2382 τῆς
2614 2307 2773 2369 Σιὼν,
2804 2281 2923 2355 ’καὶ
2967 2300 3124 2367 λόγος
3182 2292 3388 2365 Κυρίου
3443 2287 3502 2352 ἐξ
3542 2281 3922 2355 Ἰερουσαλήμ.

2362 2371 2733 2475 Ἐσςρραγίσθη
2772 2396 2881 2466 γὰρ
2922 2394 3111 2463 ὅρασις
3158 2386 3253 2440 καὶ
3300 2378 3605 2455 προφητεία
3640 2372 3774 2445 μετά
3822 2371 3927 2471 τὴν

2349 2497 2441 2552 τοῦ
2478 2494 2727 2563 Σωτῆρος
2761 2486 3013 2557 σταυρόν.
3042 2483 3153 2536 Καὶ
3189 2476 3371 2531 οὐκέτι
3398 2471 3527 2543 παρ’
3556 2468 3739 2529 αὑτοῖς
3776 2465 3804 2516 ό
3827 2460 3928 2514 τοῦ

2352 2588 2486 2645 Θεοῦ
2513 2556 2674 2658 νόμος
2700 2601 2759 2636 τε
2792 2582 2882 2635 καὶ
2911 2578 3086 2645 λόγος.
3124 2573 3232 2628 Καὶ
3253 2569 3380 2639 γοῦν
3407 2570 3435 2621 ό
3462 2562 3750 2621 θεσπέσιος
3777 2556 3933 2610 [ἰαῦ⁹

2352 2682 2443 2744 λος
2472 2646 2755 2750 μονονουχὶ
2781 2673 2876 2725 καὶ
2904 2663 3239 2737 ἀπειρηκὼς,
3288 2660 3380 2714 καὶ
3408 2654 3764 2723 ἀνουθέτητον
3809 2646 3933 2750 ﬁtf-

2346 2734 2586 2841 rrurv|rhv
2612 2734 2733 2820 τῶηῖ
2762 2734 3280 2826 Ἰουδαίων-πληθὺν,
3317 2770 3335 2803 ι
3357 2751 3539 2820 Ὑμῖν,
3565 2768 3582 2798 ι
3610 2744 3827 2814 (molam
3858 2734 3932 2808 ἦν

2301 2868 2357 2922 δὲ
2394 2835 2699 2920 ἀπωθεῖσθε
2740 2855 2923 2917 αὑτὸν,
2985 2850 3079 2904 καί⁵
3105 2850 3205 2901 οὐκ
3243 2844 3426 2909 ἀξίους
3455 2840 3671 2910 κρίνετε
3705 2835 3933 2897 ἑαυτοὺς

2325 2964 2466 3018 οῦτω
2538 2958 2647 3028 γὰρ
2694 2950 3010 3007 ὲντέταλκεν
3061 2945 3192 3014 ἡμῖν
3234 2942 3262 2994 ὁ
3305 2938 3529 3008 Κύριος.
3583 2952 3603 2986 ι
3645 2931 3807 2993 Σύνες
3835 2924 3933 2982 οὖν

666 3034 812 3144 ὅπως
866 3078 959 3132 ἐπὶ
1000 3034 1741 3148 τῇδτοῦΗΧριστοῦιχάριιτι
1784 3034 2248 3138 μεγαλαυχοῦνται
2322 3060 2388 3110 τὰ
2435 3054 2583 3123 ἔθνη.
2641 3047 2774 3142 Ἀπὸ
2807 3043 2917 3112 γὰρ
2972 3039 3068 3109 τῆς
3135 3034 3272 3088 Σιὼν
3312 3034 3405 3086 καὶ
3440 3034 3539 3102 τῆς

3580 3028 3647 3080 Ἱε
3657 3043 3746 3097 ρου
3754 3023 3936 3093 σαλὴμ

668 3123 1207 3246 ὲκὸεὶηκέναιήφασὶ
1246 3123 1407 3240 νόμον
1440 3185 1503 3221 τε
1547 3123 1646 3221 Qui:
1672 3123 1827 3234 λόγόν
1857 3123 1949 3217 τοῦ
1996 3123 2202 3232 Ιέυρίου
2227 3200 2243 3226 ,
2299 3150 2694 3227 μεταφοιτῆσαι
2730 3130 2788 3199 δὲ
2853 3141 3071 3202 πάντως
3105 3137 3183 3189 είς
3238 3132 3395 3187 αὑτά.
3426 3125 3786 3194 Μεταὸέὸηκε
3825 3123 3937 3191 γὰρ

669 3276 702 3344 ὴ
728 3273 887 3343 χάρις
910 3272 975 3322 ὲκ
997 3266 1106 3320 τῶν
1144 3264 1389 3320 ἀπειθεῖν
1416 3262 1685 3333 ἑλομένων
1723 3263 1801 3323 είς
1847 3259 1972 3321 τοὺς
2000 3257 2088 3309 διὰ

2130 3255 2228 3324 τῆς
2258 3252 2493 3310 πίστεως
2526 3242 2921 3311 κεκλημένους.

742 3309 885 3342 vix":
910 3309 975 3322 υ-
1008 3309 1103 3320 w"
1144 3309 1383 3320 νην-ηπ-
1417 3309 1677 3333 v-wr-v-wv
1725 3309 1799 3323 υτ
1861 3309 1970 3321 με.
2185 3309 2225 3324 ,-

742 3369 854 3440 38
893 3365 1059 3420 Vens.
1092 3364 1146 3418 4.
1190 3362 1256 3415 Ει
1288 3361 1549 3430 judicabit
1580 3360 1717 3412 inter
1755 3366 1948 3427 gentes,
1978 3363 2025 3407 et
2066 3360 2248 3421 arguet

2425 3309 2535 3398 Kal
2582 3309 2775 3408 κρινεῖ
2814 3332 3126 3400 ἀναμέσων
3164 3324 3283 3379 τῶν
3315 3318 3525 3383 ἐθνῶν,
3576 3314 3675 3369 καὶ
3702 3309 3937 3381 ἐλέγξει

672 3463 917 3531 populum
946 3458 1191 3523 multum,
1226 3463 1274 3508 et
1312 3454 1628 3507 conlaudent
1659 3451 1864 3520 gladios
1886 3465 2006 3502 suos
2033 3448 2086 3500 in
2128 3461 2257 3497 ara-

673 3565 777 3619 tra,
819 3564 866 3606 et
904 3552 1113 3603 lanceas
1150 3564 1271 3601 suas
1313 3548 1367 3599 in
1407 3545 1590 3615 falces,
1622 3554 1667 3597 et
1701 3559 1803 3595 non
1832 3550 1998 3594 sumet
2042 3555 2164 3609 gens
2204 3539 2259 3589 in

675 3654 876 3716 gentem
908 3641 1177 3712 gladium,
1235 3653 1396 3708 neque
1441 3637 1639 3689 discent
1674 3632 1898 3701 amplius
1945 3628 2136 3683 bellum
2171 3643 2258 3697 ge-

679 3754 811 3791 rere.

747 3827 879 3881 Cum
912 3822 1223 3896 praedixerit
1255 3819 1553 3890 potentiam
1602 3814 1798 3870 diaboli
1831 3825 2078 3868 casuram
2121 3816 2177 3863 et
2208 3808 2262 3861 in

680 3920 903 3975 nihilqu
955 3917 1261 3979 abituram,
1312 3912 1687 3980 idolorumque
1739 3908 2006 3962 lictionem
2055 3902 2263 3957 irritam

681 4024 1006 4077 enssamque
1044 4008 1304 4068 futuram,
1337 4003 1720 4058 exhortatione
1747 4008 1929 4053 mutua
1959 3995 2063 4049 sibi
2092 3993 2268 4047 accla-

682 4102 957 4157 mantibus
1010 4098 1261 4168 gentibus
1302 4115 1315 4150 :
1358 4113 1376 4146 ι
1429 4096 1630 4148 Adeste
1686 4101 1741 4146 et
1793 4088 2153 4145 aseendamus
2215 4084 2267 4137 in

685 4206 925 4249 tuoutetu
969 4190 1218 4252 Domini,
1253 4198 1306 4240 et
1352 4188 1405 4241 iu
1457 4187 1675 4240 domum
1730 4183 1821 4235 Dei
1855 4179 2043 4240 Jacob,
2089 4186 2143 4231 et
2174 4191 2271 4230 an-

686 4287 957 4341 uuutiabit
986 4284 1141 4339 nobis
1170 4284 1309 4335 viam
1338 4296 1513 4343 suam,
1532 4288 1587 4333 et
1624 4275 2021 4331 ambulabimus
2047 4272 2100 4325 in
2134 4286 2218 4335 ea,
2247 4287 2265 4321 ι

686 4384 900 4444 tempus
926 4376 994 4427 ob
1023 4373 1211 4428 oculos
1241 4373 1543 4426 auditorum
1576 4366 1852 4422 constituit
1879 4384 1891 4419 :
1925 4378 2032 4433 quo
2058 4378 2119 4417 ea
2152 4376 2274 4431 quae

686 4475 1111 4521 commemorata
1168 4470 1292 4516 aute
1356 4470 1485 4515 sunt
1526 4460 1591 4513 ad
1630 4460 1787 4510 liuent
1832 4452 2179 4525 pervenient,
2221 4457 2275 4503 et

684 4575 754 4612 ex
786 4560 900 4627 ipsa
935 4572 1113 4617 rerum
1138 4554 1450 4608 conditione
1491 4552 1621 4606 l'acit
1651 4550 2035 4605 clarissimum.
2063 4545 2273 4599 Etenim

2357 3435 2511 3491 λαὸν
2543 3406 2743 3485 πολύν
2767 3447 2779 3458 ·
2815 3426 2913 3480 καὶ
2950 3422 3337 3491 συγκόψουσι
3376 3414 3480 3478 τὰς
3503 3408 3801 3480 μαχαίρας
3827 3406 3935 3457 αὑ-

2358 3528 2478 3583 τῶν
2520 3528 2606 3591 εἰς
2656 3523 2895 3591 ἄροτρα,
2938 3515 3036 3570 καί
3076 3513 3183 3577 τὰς
3230 3509 3464 3571 ζιόὐνας
3500 3501 3697 3557 αὐτῶν
3733 3498 3819 3562 είς
3868 3495 3937 3547 τὰ

2361 3622 2645 3689 δρέπανα.
2688 3590 2795 3670 Καὶ
2837 3614 2907 3665 οὺ
2951 3608 3208 3676 λήψεται
3257 3604 3432 3667 ἔθνος
3476 3597 3572 3651 ἐπὶ
3626 3596 3800 3657 ἔθνος
3834 3590 3942 3659 yd-

2364 3686 2599 3783 ρξαιραν,
2636 3707 2734 3761 καὶ
2765 3707 2837 3760 οὐ
2868 3704 2952 3774 μὴ
2984 3699 3256 3770 μάθωσιν
3299 3696 3385 3750 ἐτι
3417 3686 3723 3759 πολεμεῖν.

2437 3774 2786 3875 ῐίροειρηκὼς
2811 3799 2891 3851 ὅτι
2925 3792 3174 3849 πεσεῖταί
3201 3807 3259 3843 τε
3286 3789 3381 3842 καὶ
3409 3786 3688 3856 οἰχήσεται
3718 3776 3849 3850 πρὸς
3881 3774 3943 3827 τδ

2370 3868 2537 3969 μηδεν
2565 3868 2626 3947 τό
2652 3868 2745 3946 τοῦ
2768 3889 3014 3943 διαϐόλου
3046 3887 3246 3956 κράτος
3264 3899 3277 3912 ³
3308 3880 3538 3952 ἀργήσει
3566 3875 3624 3928 δὲ
3650 3872 3743 3926 καὶ
3768 3873 3801 3941 ἡ
3834 3868 3945 3923 τῶν

2369 3960 2602 4039 εἰδώλων
2621 3984 2836 4051 ποίησις
2860 3975 3242 4049 προτροπάδην
3262 3970 3507 4041 ἀλλήλων
3527 3960 3947 4032 ὲπιφωνούντων

2371 4079 2559 4133 ἐθνῶν·
2589 4094 2606 4126 ι
2631 4048 2813 4131 Δεῦτε.
2840 4048 3126 4138 ἀναδῶμεν
3149 4066 3226 4126 είς
3254 4061 3314 4115 τὸ
3344 4060 3467 4130 ιΒροις
3483 4055 3576 4109 τοῦ
3601 4052 3827 4122 Κυρίου,
3849 4048 3947 4103 καὶ

2372 4173 2450 4232 είς
2473 4169 2563 4221 τὸν
2584 4162 2732 4219 οἷκον
2759 4161 2853 4215 τοῦ
2883 4157 3015 4212 Θεοῦ
3045 4152 3257 4216 Ἰακὼϐ,
3275 4152 3370 4204 καὶ
3391 4144 3677 4215 ἀναγγελεῖ
3698 4144 3827 4211 ἡμῖν
3846 4138 3948 4209 τὴν

2371 4264 2489 4317 όδδν
2506 4257 2691 4321 αὐτοῦ,
2712 4256 2806 4310 καὶ
2822 4247 3200 4323 πορευσόμεθα
3221 4247 3277 4298 ὲν
3302 4244 3459 4313 αὐτῇ·
3490 4259 3508 4291 ι
3529 4236 3819 4306 καθίστησι
3835 4236 3949 4295 τοῖς

2373 4351 2743 4425 ἀκροωμένοις
2771 4343 2974 4416 ἐναργῆ
2991 4341 3079 4394 τὸν
3097 4337 3307 4407 καιρὸν,
3335 4333 3453 4388 καθ’
3468 4332 3528 4385 ὃν
3544 4332 3622 4394 είς
3641 4330 3811 4399 πέρας
3827 4323 3951 4395 ἥξει

2374 4420 2463 4501 τά-
2486 4420 2863 4516 προειρημένα
2882 4478 2897 4501 ,
2936 4436 3028 4490 καὶ
3055 4432 3113 4499 ἐξ
3139 4432 3305 4499 αὐτῆς
3334 4429 3433 4499 τῆς
3470 4424 3579 4478 τῶν
3607 4420 3952 4495 πραγμάτων

2378 4509 2762 4592 καταστάσεως
2786 4533 3014 4581 ποιεῖται
3039 4520 3479 4595 γνωριμώτατον.
3502 4515 3676 4569 Πάλαι
3700 4512 3798 4583 μὲν
3817 4509 3951 4579 γάρ,

685 4599 754 4612 υ..
787 4599 900 4627 .r-..
937 4599 1113 4617 .ν......
1141 4599 1449 4608 --.....-.-..-
1491 4599 1620 4606 ---η
1656 4599 1992 4605 --κηπηη

685 4653 813 4705 olim
847 4666 973 4704 eum
1009 4660 1151 4703 terra
1180 4662 1286 4701 non
1319 4654 1465 4701 esset
1499 4647 1589 4699 uni
1616 4645 1747 4715 jugo
1777 4643 2013 4705 subdita,
2046 4640 2139 4694 sed
2180 4653 2252 4707 pe:

2378 4630 2477 4682 οὐκ
2504 4626 2672 4696 οῦσης
2700 4625 2797 4694 τῆς
2830 4622 2934 4690 γῆς
2978 4617 3082 4672 ὑπὸ
3126 4613 3287 4683 ζυγὸν
3320 4612 3437 4673 ἕνα,
3486 4602 3855 4678 διωρισμένων
3896 4599 3956 4653 δὲ

689 4744 937 4799 eiVitates
997 4750 1053 4795 et
1113 4740 1359 4810 regiones
1421 4738 1881 4806 distinguerentur
1928 4743 2154 4805 gentes,
2216 4738 2274 4784 et

689 4849 921 4903 quaeque
953 4832 1229 4902 sigillatim
1261 4846 1419 4885 suum
1452 4829 1680 4883 haberet
1708 4829 1897 4882 ducem
1925 4865 1940 4890 ,
1989 4821 2271 4878 dissidium

689 4933 830 4985 erat,
866 4931 921 4978 et
958 4922 1102 4975 nulla
1138 4921 1415 4975 hominum
1463 4917 1743 4987 permistio
1787 4922 1882 4969 aut
1915 4911 2272 4975 consociatio,

692 5017 787 5070 sed
821 5031 1009 5085 pugna!
1037 5025 1091 5069 et
1118 5013 1255 5067 bella
1282 5012 1457 5066 ubivis
1488 5008 1728 5078 gentium
1765 5005 2118 5078 perdentibus
2152 5018 2276 5059 sese

694 5115 882 5161 mutuo
921 5116 1077 5158 terra!
1130 5100 1553 5164 habitatoribus,
1593 5107 1646 5152 et
1695 5110 1911 5168 semper
1948 5086 2153 5148 alienas
2190 5106 2278 5146 res

695 5197 1090 5265 tliripientibus,
1116 5205 1164 5248 et
1208 5193 1458 5262 rapinam
1491 5206 1556 5245 ac
1584 5188 1874 5253 feritatem,
1907 5196 2096 5242 contra
2131 5198 2268 5254 quos

696 5290 929 5360 quisque
965 5297 1197 5356 poterat,
1231 5285 1457 5355 gloriam
1496 5297 1761 5338 summam
1806 5293 1927 5334 esse
1950 5277 2271 5331 existimana

697 5384 863 5439 tibus.
924 5380 1034 5435 Nec
1092 5380 1253 5450 igitur
1290 5387 1460 5433 tutam
1505 5375 1890 5431 habitationem
1948 5371 2271 5434 habuerunt,

697 5490 914 5543 semper
956 5480 1251 5543 migrantes
1282 5470 1348 5524 ad
1380 5470 1631 5529 alteram,
1663 5474 1715 5517 et
1744 5463 1809 5517 ab
1836 5478 1896 5516 ea
1927 5476 2088 5530 quam
2115 5473 2275 5513 occu-

699 5576 894 5639 parant
947 5564 1215 5621 deturbati
1269 5578 1298 5616 a
1356 5556 1774 5630 potentioribus.
1834 5554 2099 5610 therum
2153 5564 2274 5603 cum

702 5658 1080 5713 universorum
1160 5655 1298 5707 Deus
1363 5653 1730 5705 llomauorum
1797 5647 2025 5714 sceptris
2090 5641 2274 5697 orbem

774 5846 819 5878 ⁸³
848 5841 1010 5895 Zach.
1051 5856 1124 5905 xl,
1159 5838 1209 5893 9.
1285 5838 1329 5867 ⁸⁸
1361 5837 1479 5892 Art.
1519 5853 1634 5903 stu,
1673 5833 1759 5888 46.

2306 4700 2350 4754 D
2380 4722 2522 4776 κατά
2560 4694 2635 4773 τε⁷
2661 4717 2843 4789 χώρας
2877 4715 2970 4767 καὶ
3011 4711 3195 4772 πόλεις
3237 4706 3346 4760 τῶν
3390 4702 3577 4765 ἐθνῶν,
3635 4699 3730 4753 καὶ
3770 4694 3957 4756 ίδικῶς

2380 4814 2620 4886 ἑκάστης
2663 4783 2900 4883 έχούσης
2943 4806 3034 4860 τὸν
3078 4801 3397 4875 ἡγούμενον,
3429 4793 3624 4866 ἀμιξία
3662 4807 3723 4843 τε
3752 4783 3820 4859 ἦν
3861 4785 3957 4840 καὶ

2385 4908 2554 4980 μάχαι
2575 4880 2676 4961 ’καὶ
2699 4880 2837 4957 *πόλε
2848 4918 2957 4972 μοι,
2992 4896 3243 4965 πανταχῆ
3273 4887 3682 4959 καταδῃούντων
3713 4880 3958 4950 ἀλλήλων

2518 4999 2613 5053 ἐπὶ
2650 4998 2751 5066 τῆς
2778 4996 2905 5064 γῆς,
2927 4993 3021 5045 καὶ
3065 4986 3470 5060 διαρπαζόντων
3503 4980 3589 5035 diei
3627 4976 3694 5030 τὰ
3731 4973 3956 5043 ἐτέρων,

2384 5091 2477 5146 καὶ
2509 5092 2606 5160 τὴν
2653 5086 2774 5141 καθ’
2823 5080 2897 5137 ὧν
2940 5083 3006 5135 ἂν
3049 5078 3295 5160 δύναιντο
3365 5074 3585 5126 ἕκαστοι
3644 5061 3959 5127 πλεονεξίαν

2378 5183 2473 5236 καὶ
2540 5178 2877 5251 ἀγριότητα,
2930 5172 3085 5236 δόξαν
3146 5166 3439 5239 ἡγούμενοι
3518 5160 3615 5229 τὴν
3674 5152 3959 5209 ἀνωτάτω.

2376 5243 2731 5326 Οὐκοῦν-οὐδὲ
2757 5243 2974 5335 ἀσφαλῆ
3008 5264 3105 5333 τὴν
3138 5260 3351 5329 οἴκησιν
3388 5250 3553 5324 εἶχον,
3581 5250 3666 5302 ἀεὶ
3703 5243 3961 5335 μεθιστά⁴

2377 5380 2529 5434 μενοι
2573 5360 2707 5431 πρὸς
2744 5334 2958 5427 ἑτέραν,
2996 5355 3090 5409 καὶ
3129 5351 3233 5406 ὑπὸ
3281 5349 3387 5403 τῶν
3436 5339 3822 5409 δυνατωτέρων
3862 5334 3965 5404 τῆς

2380 5426 2716 5525 εἰλημμένης
2758 5426 3136 5517 ἐξωθούμενοι.
3199 5438 3421 5508 Ἐπειδὴ
3466 5434 3525 5488 δὲ
3581 5433 3608 5483 ὁ
3662 5430 3769 5482 τῶν
3827 5426 3965 5477 ὅλων

2741 5540 3030 5612 Ῥωμαίων
3073 5536 3374 5605 σκήπτροις
3417 5526 3670 5596 ὑπήγαγε
3719 5519 3819 5589 τὴν
3873 5516 3966 5568 ὑπ’

3678 5608 3971 5663 ἐκτέταται

2382 5546 2514 5609 Θεὸς
2560 5547 2672 5608 τοῖς

2383 5636 2634 5706 οὐρανὸν.
2669 5634 2765 5703 μία
2806 5649 2865 5685 τε
2906 5626 3089 5682 λοιπὸν
3129 5628 3162 5695 ἡ
3208 5620 3349 5676 κατὰ
3398 5617 3638 5679 πάντων,
