  <div class='ocr_page' id='page_1' title='image "/cluster/home/n/w/nwhite01/storage/ocr_20150623/70/hvd.32044019207901/044.png"; bbox 0 0 4178 6540; ppageno 0'>
   <div class='ocr_carea' id='block_1_1' title="bbox 305 336 1873 403">
    <p class='ocr_par' dir='ltr' id='par_1_1' title="bbox 305 341 1873 403">
     <span class='ocr_line' id='line_1_1' title="bbox 305 341 1873 403; baseline -0.006 0"><span class='ocrx_word' id='word_1_1' title='bbox 305 349 375 403; x_wconf 76' lang='lat'><strong>73</strong></span> <span class='ocrx_word' id='word_1_2' title='bbox 944 400 947 403; x_wconf 35' lang='grc' dir='ltr'><strong>λ</strong></span> <span class='ocrx_word' id='word_1_3' title='bbox 1476 341 1540 395; x_wconf 82' lang='grc' dir='ltr'><strong>ΙΝ</strong></span> <span class='ocrx_word' id='word_1_4' title='bbox 1581 342 1812 397; x_wconf 77' lang='lat' dir='ltr'><strong>lSAIAM</strong></span> <span class='ocrx_word' id='word_1_5' title='bbox 1855 342 1873 394; x_wconf 89' lang='grc' dir='ltr'><strong>ι</strong></span> 
     </span>
    </p>
   </div>
   <div class='ocr_carea' id='block_1_2' title="bbox 1977 336 3570 403">
    <p class='ocr_par' dir='ltr' id='par_1_2' title="bbox 1977 336 3570 397">
     <span class='ocr_line' id='line_1_2' title="bbox 1977 336 3570 397; baseline -0.003 -3"><span class='ocrx_word' id='word_1_6' title='bbox 1977 386 1980 394; x_wconf 76' lang='lat'><strong>.</strong></span> <span class='ocrx_word' id='word_1_7' title='bbox 2022 342 2063 396; x_wconf 87' lang='grc' dir='ltr'>Ι.</span> <span class='ocrx_word' id='word_1_8' title='bbox 2104 340 2309 397; x_wconf 78' lang='lat' dir='ltr'><strong>ORAT.</strong></span> <span class='ocrx_word' id='word_1_9' title='bbox 2355 341 2419 395; x_wconf 92' lang='grc'><strong>11.</strong></span> <span class='ocrx_word' id='word_1_10' title='bbox 3503 336 3570 390; x_wconf 67' lang='grc'><strong>74</strong></span> 
     </span>
    </p>
   </div>
   <div class='ocr_carea' id='block_1_3' title="bbox 304 453 1873 535">
    <p class='ocr_par' dir='ltr' id='par_1_3' title="bbox 304 460 1873 535">
     <span class='ocr_line' id='line_1_3' title="bbox 304 460 1873 535; baseline -0.003 -18"><span class='ocrx_word' id='word_1_11' title='bbox 304 463 577 535; x_wconf 74' lang='grc' dir='ltr'>βασιλεία,</span> <span class='ocrx_word' id='word_1_12' title='bbox 623 460 923 531; x_wconf 71' lang='grc' dir='ltr'><strong>κατέληξαν</strong></span> <span class='ocrx_word' id='word_1_13' title='bbox 978 462 1076 530; x_wconf 77' lang='grc' dir='ltr'>μὲν</span> <span class='ocrx_word' id='word_1_14' title='bbox 1123 461 1171 513; x_wconf 86' lang='grc' dir='ltr'>οἱ</span> <span class='ocrx_word' id='word_1_15' title='bbox 1216 460 1462 530; x_wconf 78' lang='grc' dir='ltr'>πόλεμοι,</span> <span class='ocrx_word' id='word_1_16' title='bbox 1504 461 1776 514; x_wconf 74' lang='grc' dir='ltr'><strong>πέπαυται</strong></span> <span class='ocrx_word' id='word_1_17' title='bbox 1824 460 1873 513; x_wconf 69' lang='grc' dir='ltr'>δὲ</span> 
     </span>
    </p>
   </div>
   <div class='ocr_carea' id='block_1_4' title="bbox 1977 453 3573 535">
    <p class='ocr_par' dir='ltr' id='par_1_4' title="bbox 1986 453 3573 526">
     <span class='ocr_line' id='line_1_4' title="bbox 1986 453 3573 526; baseline -0.004 -10"><span class='ocrx_word' id='word_1_18' title='bbox 1986 472 2251 518; x_wconf 81' lang='lat' dir='ltr'><strong>terrarum</strong></span> <span class='ocrx_word' id='word_1_19' title='bbox 2286 460 2656 526; x_wconf 84' lang='lat' dir='ltr'><strong>snbmistsset,</strong></span> <span class='ocrx_word' id='word_1_20' title='bbox 2692 469 2745 515; x_wconf 86' lang='lat' dir='ltr'><strong>et</strong></span> <span class='ocrx_word' id='word_1_21' title='bbox 2779 474 2948 514; x_wconf 91' lang='lat' dir='ltr'><strong>unum</strong></span> <span class='ocrx_word' id='word_1_22' title='bbox 2984 457 3238 526; x_wconf 83' lang='lat' dir='ltr'><strong>deinceps</strong></span> <span class='ocrx_word' id='word_1_23' title='bbox 3271 453 3470 524; x_wconf 87' lang='lat' dir='ltr'><strong>ubique</strong></span> <span class='ocrx_word' id='word_1_24' title='bbox 3496 470 3573 509; x_wconf 55' lang='lat' dir='ltr'><strong>re.</strong></span> 
     </span>
    </p>
   </div>
   <div class='ocr_carea' id='block_1_5' title="bbox 309 550 1879 625">
    <p class='ocr_par' dir='ltr' id='par_1_5' title="bbox 309 550 1879 625">
     <span class='ocr_line' id='line_1_5' title="bbox 309 550 1879 625; baseline -0.004 -16"><span class='ocrx_word' id='word_1_25' title='bbox 309 558 456 625; x_wconf 82' lang='grc' dir='ltr'><strong>μάχη</strong></span> <span class='ocrx_word' id='word_1_26' title='bbox 505 556 598 607; x_wconf 78' lang='grc' dir='ltr'><strong>καὶ</strong></span> <span class='ocrx_word' id='word_1_27' title='bbox 644 553 909 622; x_wconf 81' lang='grc' dir='ltr'><strong>διχόνοια,</strong></span> <span class='ocrx_word' id='word_1_28' title='bbox 964 552 1060 604; x_wconf 76' lang='grc' dir='ltr'><strong>καὶ</strong></span> <span class='ocrx_word' id='word_1_29' title='bbox 1108 552 1449 621; x_wconf 81' lang='grc' dir='ltr'><strong>κεκράτηκεν</strong></span> <span class='ocrx_word' id='word_1_30' title='bbox 1477 553 1510 622; x_wconf 90' lang='grc' dir='ltr'><strong>ή</strong></span> <span class='ocrx_word' id='word_1_31' title='bbox 1543 550 1879 621; x_wconf 75' lang='grc' dir='ltr'>δικαιοσύνη,</span> 
     </span>
    </p>
   </div>
   <div class='ocr_carea' id='block_1_6' title="bbox 303 642 1879 715">
    <p class='ocr_par' dir='ltr' id='par_1_6' title="bbox 303 642 1879 715">
     <span class='ocr_line' id='line_1_6' title="bbox 303 642 1879 715; baseline -0.002 -16"><span class='ocrx_word' id='word_1_32' title='bbox 303 647 401 699; x_wconf 71' lang='grc' dir='ltr'>καὶ</span> <span class='ocrx_word' id='word_1_33' title='bbox 430 646 530 714; x_wconf 84' lang='grc' dir='ltr'>τῆς</span> <span class='ocrx_word' id='word_1_34' title='bbox 575 644 833 715; x_wconf 72' lang='grc' dir='ltr'><strong>εὐνομίας</strong></span> <span class='ocrx_word' id='word_1_35' title='bbox 861 643 922 696; x_wconf 85' lang='grc' dir='ltr'><strong>τὸ</strong></span> <span class='ocrx_word' id='word_1_36' title='bbox 955 642 1219 713; x_wconf 78' lang='grc' dir='ltr'>ἀσφαλὲς,</span> <span class='ocrx_word' id='word_1_37' title='bbox 1261 644 1474 707; x_wconf 72' lang='grc' dir='ltr'>οὐδενὸς</span> <span class='ocrx_word' id='word_1_38' title='bbox 1510 644 1843 714; x_wconf 71' lang='grc' dir='ltr'><strong>ἁρπάζοντος</strong></span> <span class='ocrx_word' id='word_1_39' title='bbox 1866 661 1879 672; x_wconf 89' lang='grc'><strong>·</strong></span> 
     </span>
    </p>
   </div>
   <div class='ocr_carea' id='block_1_7' title="bbox 301 737 1883 810">
    <p class='ocr_par' dir='ltr' id='par_1_7' title="bbox 301 737 1883 810">
     <span class='ocr_line' id='line_1_7' title="bbox 301 737 1883 810; baseline -0.002 -17"><span class='ocrx_word' id='word_1_40' title='bbox 301 741 364 793; x_wconf 73' lang='grc' dir='ltr'><strong>οὐ</strong></span> <span class='ocrx_word' id='word_1_41' title='bbox 405 737 802 809; x_wconf 81' lang='grc' dir='ltr'>καταδῃοῦντος</span> <span class='ocrx_word' id='word_1_42' title='bbox 844 737 964 801; x_wconf 79' lang='grc' dir='ltr'>ἔτι,</span> <span class='ocrx_word' id='word_1_43' title='bbox 1006 739 1099 791; x_wconf 75' lang='grc' dir='ltr'>καὶ</span> <span class='ocrx_word' id='word_1_44' title='bbox 1156 738 1362 792; x_wconf 83' lang='grc' dir='ltr'>πόλεων</span> <span class='ocrx_word' id='word_1_45' title='bbox 1409 740 1441 810; x_wconf 81' lang='grc' dir='ltr'><strong>ἢ</strong></span> <span class='ocrx_word' id='word_1_46' title='bbox 1481 740 1673 809; x_wconf 85' lang='grc' dir='ltr'>χωρῶν</span> <span class='ocrx_word' id='word_1_47' title='bbox 1722 756 1883 791; x_wconf 88' lang='grc' dir='ltr'>κατα-</span> 
     </span>
    </p>
   </div>
   <div class='ocr_carea' id='block_1_8' title="bbox 300 828 1878 901">
    <p class='ocr_par' dir='ltr' id='par_1_8' title="bbox 300 828 1878 901">
     <span class='ocr_line' id='line_1_8' title="bbox 300 828 1878 901; baseline 0.001 -19"><span class='ocrx_word' id='word_1_48' title='bbox 300 830 610 901; x_wconf 60' lang='grc' dir='ltr'>τρέχοντος</span> <span class='ocrx_word' id='word_1_49' title='bbox 639 828 739 882; x_wconf 81' lang='grc' dir='ltr'><strong>οὐκ</strong></span> <span class='ocrx_word' id='word_1_50' title='bbox 770 828 1172 900; x_wconf 82' lang='grc' dir='ltr'><strong>ἀνεπίπληκτον</strong></span> <span class='ocrx_word' id='word_1_51' title='bbox 1197 829 1410 898; x_wconf 80' lang='grc' dir='ltr'>ἔχοντος</span> <span class='ocrx_word' id='word_1_52' title='bbox 1430 830 1490 883; x_wconf 83' lang='grc' dir='ltr'><strong>τὸ</strong></span> <span class='ocrx_word' id='word_1_53' title='bbox 1516 830 1878 884; x_wconf 76' lang='grc' dir='ltr'>πλεονεκτεῖν.</span> 
     </span>
    </p>
   </div>
   <div class='ocr_carea' id='block_1_9' title="bbox 301 918 1881 991">
    <p class='ocr_par' dir='ltr' id='par_1_9' title="bbox 301 918 1881 991">
     <span class='ocr_line' id='line_1_9' title="bbox 301 918 1881 991; baseline 0 -20"><span class='ocrx_word' id='word_1_54' title='bbox 301 920 411 971; x_wconf 72' lang='grc' dir='ltr'><strong>Καὶ</strong></span> <span class='ocrx_word' id='word_1_55' title='bbox 443 918 564 988; x_wconf 78' lang='grc' dir='ltr'>οὐχὶ</span> <span class='ocrx_word' id='word_1_56' title='bbox 608 918 766 972; x_wconf 78' lang='grc' dir='ltr'>τοῦτο</span> <span class='ocrx_word' id='word_1_57' title='bbox 810 918 995 988; x_wconf 87' lang='grc' dir='ltr'>μόνον,</span> <span class='ocrx_word' id='word_1_58' title='bbox 1038 919 1173 972; x_wconf 91' lang='grc' dir='ltr'><strong>ἀλλά</strong></span> <span class='ocrx_word' id='word_1_59' title='bbox 1219 920 1274 972; x_wconf 85' lang='grc' dir='ltr'>δὲ</span> <span class='ocrx_word' id='word_1_60' title='bbox 1310 920 1511 974; x_wconf 83' lang='grc' dir='ltr'><strong>δίδοται</strong></span> <span class='ocrx_word' id='word_1_61' title='bbox 1564 919 1663 990; x_wconf 81' lang='grc' dir='ltr'><strong>μὲν</strong></span> <span class='ocrx_word' id='word_1_62' title='bbox 1707 922 1739 991; x_wconf 77' lang='grc' dir='ltr'>ἡ</span> <span class='ocrx_word' id='word_1_63' title='bbox 1776 920 1881 971; x_wconf 88' lang='grc' dir='ltr'><strong>τῶν</strong></span> 
     </span>
    </p>
   </div>
   <div class='ocr_carea' id='block_1_10' title="bbox 295 1006 1880 1081">
    <p class='ocr_par' dir='ltr' id='par_1_10' title="bbox 295 1006 1880 1081">
     <span class='ocr_line' id='line_1_10' title="bbox 295 1006 1880 1081; baseline 0.001 -22"><span class='ocrx_word' id='word_1_64' title='bbox 295 1006 478 1059; x_wconf 84' lang='grc' dir='ltr'>ὅπλων</span> <span class='ocrx_word' id='word_1_65' title='bbox 528 1008 686 1077; x_wconf 89' lang='grc' dir='ltr'>χρεία</span> <span class='ocrx_word' id='word_1_66' title='bbox 744 1008 928 1077; x_wconf 86' lang='grc' dir='ltr'>μόνοις</span> <span class='ocrx_word' id='word_1_67' title='bbox 989 1011 1102 1072; x_wconf 88' lang='grc' dir='ltr'>τοῖς</span> <span class='ocrx_word' id='word_1_68' title='bbox 1148 1012 1577 1080; x_wconf 80' lang='grc' dir='ltr'>μαχιμωτάτοις,</span> <span class='ocrx_word' id='word_1_69' title='bbox 1632 1010 1725 1063; x_wconf 72' lang='grc' dir='ltr'><strong>καὶ</strong></span> <span class='ocrx_word' id='word_1_70' title='bbox 1781 1012 1880 1081; x_wconf 75' lang='grc' dir='ltr'><strong>τὴν</strong></span> 
     </span>
    </p>
   </div>
   <div class='ocr_carea' id='block_1_11' title="bbox 298 1097 1880 1172">
    <p class='ocr_par' dir='ltr' id='par_1_11' title="bbox 298 1097 1880 1172">
     <span class='ocr_line' id='line_1_11' title="bbox 298 1097 1880 1172; baseline 0.004 -24"><span class='ocrx_word' id='word_1_71' title='bbox 298 1097 696 1168; x_wconf 83' lang='grc' dir='ltr'>στρατεύσιμον</span> <span class='ocrx_word' id='word_1_72' title='bbox 747 1098 929 1169; x_wconf 76' lang='grc' dir='ltr'>ἔχουσι</span> <span class='ocrx_word' id='word_1_73' title='bbox 983 1100 1158 1165; x_wconf 80' lang='grc' dir='ltr'>τάξιν,</span> <span class='ocrx_word' id='word_1_74' title='bbox 1196 1100 1300 1153; x_wconf 83' lang='grc' dir='ltr'><strong>ὑπὸ</strong></span> <span class='ocrx_word' id='word_1_75' title='bbox 1334 1102 1491 1170; x_wconf 86' lang='grc' dir='ltr'>χεῖρά</span> <span class='ocrx_word' id='word_1_76' title='bbox 1521 1118 1580 1152; x_wconf 86' lang='grc' dir='ltr'><strong>τε</strong></span> <span class='ocrx_word' id='word_1_77' title='bbox 1622 1097 1741 1154; x_wconf 78' lang='grc' dir='ltr'>οὖσι</span> <span class='ocrx_word' id='word_1_78' title='bbox 1780 1102 1880 1172; x_wconf 78' lang='grc' dir='ltr'><strong>τήν</strong></span> 
     </span>
    </p>
   </div>
   <div class='ocr_carea' id='block_1_12' title="bbox 298 1186 1879 1261">
    <p class='ocr_par' dir='ltr' id='par_1_12' title="bbox 298 1186 1879 1261">
     <span class='ocr_line' id='line_1_12' title="bbox 298 1186 1879 1261; baseline 0.004 -22"><span class='ocrx_word' id='word_1_79' title='bbox 298 1186 588 1257; x_wconf 81' lang='grc' dir='ltr'>βασιλέως.</span> <span class='ocrx_word' id='word_1_80' title='bbox 637 1189 1009 1259; x_wconf 86' lang='grc' dir='ltr'>Ἡλέγχθησαν</span> <span class='ocrx_word' id='word_1_81' title='bbox 1042 1189 1099 1242; x_wconf 80' lang='grc' dir='ltr'>δὲ</span> <span class='ocrx_word' id='word_1_82' title='bbox 1126 1190 1221 1243; x_wconf 74' lang='grc' dir='ltr'><strong>καὶ</strong></span> <span class='ocrx_word' id='word_1_83' title='bbox 1249 1190 1446 1261; x_wconf 84' lang='grc' dir='ltr'><strong>ἀσθενῆ</strong></span> <span class='ocrx_word' id='word_1_84' title='bbox 1479 1192 1546 1245; x_wconf 77' lang='grc' dir='ltr'><strong>τά</strong></span> <span class='ocrx_word' id='word_1_85' title='bbox 1570 1191 1740 1246; x_wconf 86' lang='grc' dir='ltr'>πολλὰ</span> <span class='ocrx_word' id='word_1_86' title='bbox 1772 1192 1879 1245; x_wconf 85' lang='grc' dir='ltr'><strong>τῶν</strong></span> 
     </span>
    </p>
   </div>
   <div class='ocr_carea' id='block_1_13' title="bbox 299 1278 1877 1355">
    <p class='ocr_par' dir='ltr' id='par_1_13' title="bbox 299 1278 1877 1355">
     <span class='ocr_line' id='line_1_13' title="bbox 299 1278 1877 1355; baseline 0.004 -24"><span class='ocrx_word' id='word_1_87' title='bbox 299 1278 487 1343; x_wconf 86' lang='grc' dir='ltr'>ἐθνῶν,</span> <span class='ocrx_word' id='word_1_88' title='bbox 526 1282 626 1334; x_wconf 77' lang='grc' dir='ltr'>ὅσα</span> <span class='ocrx_word' id='word_1_89' title='bbox 665 1282 766 1351; x_wconf 74' lang='grc' dir='ltr'>τῆς</span> <span class='ocrx_word' id='word_1_90' title='bbox 807 1282 1095 1352; x_wconf 84' lang='grc' dir='ltr'>Ῥωμαίων</span> <span class='ocrx_word' id='word_1_91' title='bbox 1129 1283 1305 1354; x_wconf 76' lang='grc' dir='ltr'>ἀρχῆς</span> <span class='ocrx_word' id='word_1_92' title='bbox 1346 1284 1757 1355; x_wconf 84' lang='grc' dir='ltr'>ἀποσεισάμενα</span> <span class='ocrx_word' id='word_1_93' title='bbox 1786 1285 1877 1338; x_wconf 79' lang='grc' dir='ltr'><strong>τὸν</strong></span> 
     </span>
    </p>
   </div>
   <div class='ocr_carea' id='block_1_14' title="bbox 294 1366 1875 1447">
    <p class='ocr_par' dir='ltr' id='par_1_14' title="bbox 294 1366 1875 1447">
     <span class='ocr_line' id='line_1_14' title="bbox 294 1366 1875 1447; baseline 0.005 -25"><span class='ocrx_word' id='word_1_94' title='bbox 294 1366 483 1438; x_wconf 77' lang='grc' dir='ltr'>ζυγὸν,</span> <span class='ocrx_word' id='word_1_95' title='bbox 515 1374 704 1426; x_wconf 79' lang='grc' dir='ltr'>πόλεσι</span> <span class='ocrx_word' id='word_1_96' title='bbox 740 1390 801 1425; x_wconf 85' lang='grc' dir='ltr'><strong>τε</strong></span> <span class='ocrx_word' id='word_1_97' title='bbox 829 1374 924 1427; x_wconf 76' lang='grc' dir='ltr'><strong>καὶ</strong></span> <span class='ocrx_word' id='word_1_98' title='bbox 970 1372 1175 1444; x_wconf 79' lang='grc' dir='ltr'>χώραις</span> <span class='ocrx_word' id='word_1_99' title='bbox 1222 1374 1427 1444; x_wconf 90' lang='grc' dir='ltr'>ἀγρίως</span> <span class='ocrx_word' id='word_1_100' title='bbox 1475 1378 1750 1447; x_wconf 81' lang='grc' dir='ltr'>ἐπιφοιτᾷ.</span> <span class='ocrx_word' id='word_1_101' title='bbox 1798 1376 1875 1430; x_wconf 72' lang='grc' dir='ltr'><strong>Οὐ</strong></span> 
     </span>
    </p>
   </div>
   <div class='ocr_carea' id='block_1_15' title="bbox 292 1461 1879 1538">
    <p class='ocr_par' dir='ltr' id='par_1_15' title="bbox 292 1461 1879 1538">
     <span class='ocr_line' id='line_1_15' title="bbox 292 1461 1879 1538; baseline 0.005 -24"><span class='ocrx_word' id='word_1_102' title='bbox 292 1462 405 1533; x_wconf 73' lang='grc' dir='ltr'><strong>γάρ</strong></span> <span class='ocrx_word' id='word_1_103' title='bbox 442 1461 591 1515; x_wconf 83' lang='grc' dir='ltr'>ἐστιν</span> <span class='ocrx_word' id='word_1_104' title='bbox 643 1465 827 1527; x_wconf 80' lang='grc' dir='ltr'>αὐτοῖς</span> <span class='ocrx_word' id='word_1_105' title='bbox 871 1464 1190 1535; x_wconf 71' lang='grc' dir='ltr'><strong>ἐλευθέρως,</strong></span> <span class='ocrx_word' id='word_1_106' title='bbox 1230 1466 1306 1530; x_wconf 77' lang='grc' dir='ltr'>ὡς</span> <span class='ocrx_word' id='word_1_107' title='bbox 1337 1467 1404 1519; x_wconf 80' lang='grc' dir='ltr'><strong>ἂν</strong></span> <span class='ocrx_word' id='word_1_108' title='bbox 1446 1468 1736 1538; x_wconf 83' lang='grc' dir='ltr'>βούλοιντο,</span> <span class='ocrx_word' id='word_1_109' title='bbox 1780 1486 1879 1522; x_wconf 84' lang='grc' dir='ltr'>κα-</span> 
     </span>
    </p>
   </div>
   <div class='ocr_carea' id='block_1_16' title="bbox 293 1553 1874 1628">
    <p class='ocr_par' dir='ltr' id='par_1_16' title="bbox 293 1553 1874 1628">
     <span class='ocr_line' id='line_1_16' title="bbox 293 1553 1874 1628; baseline 0.005 -23"><span class='ocrx_word' id='word_1_110' title='bbox 293 1553 601 1624; x_wconf 83' lang='grc' dir='ltr'>τατρέχειν.</span> <span class='ocrx_word' id='word_1_111' title='bbox 648 1554 1089 1609; x_wconf 81' lang='grc' dir='ltr'>’Δντανίστανται</span> <span class='ocrx_word' id='word_1_112' title='bbox 1133 1556 1240 1627; x_wconf 86' lang='grc' dir='ltr'>γὰρ</span> <span class='ocrx_word' id='word_1_113' title='bbox 1284 1556 1352 1608; x_wconf 76' lang='grc' dir='ltr'>τὰ</span> <span class='ocrx_word' id='word_1_114' title='bbox 1388 1558 1671 1628; x_wconf 82' lang='grc' dir='ltr'>Ῥωμαίων</span> <span class='ocrx_word' id='word_1_115' title='bbox 1713 1558 1874 1623; x_wconf 81' lang='grc' dir='ltr'>ὅπλα,</span> 
     </span>
    </p>
   </div>
   <div class='ocr_carea' id='block_1_17' title="bbox 295 1644 1879 1719">
    <p class='ocr_par' dir='ltr' id='par_1_17' title="bbox 295 1644 1879 1719">
     <span class='ocr_line' id='line_1_17' title="bbox 295 1644 1879 1719; baseline 0.004 -24"><span class='ocrx_word' id='word_1_116' title='bbox 295 1644 392 1696; x_wconf 75' lang='grc' dir='ltr'>καὶ</span> <span class='ocrx_word' id='word_1_117' title='bbox 422 1646 651 1714; x_wconf 72' lang='grc' dir='ltr'>ἠρεμεῖν</span> <span class='ocrx_word' id='word_1_118' title='bbox 684 1644 1075 1712; x_wconf 76' lang='grc' dir='ltr'>ἀναγκάζουσι,</span> <span class='ocrx_word' id='word_1_119' title='bbox 1110 1646 1205 1699; x_wconf 73' lang='grc' dir='ltr'><strong>καὶ</strong></span> <span class='ocrx_word' id='word_1_120' title='bbox 1234 1647 1634 1701; x_wconf 83' lang='grc' dir='ltr'>καταπτοοῦσιν</span> <span class='ocrx_word' id='word_1_121' title='bbox 1674 1647 1750 1711; x_wconf 85' lang='grc' dir='ltr'><strong>ὡς</strong></span> <span class='ocrx_word' id='word_1_122' title='bbox 1791 1647 1879 1719; x_wconf 82' lang='grc' dir='ltr'><strong>θῆ-</strong></span> 
     </span>
    </p>
   </div>
   <div class='ocr_carea' id='block_1_18' title="bbox 298 1736 1879 1809">
    <p class='ocr_par' dir='ltr' id='par_1_18' title="bbox 298 1736 1879 1809">
     <span class='ocr_line' id='line_1_18' title="bbox 298 1736 1879 1809; baseline 0.004 -23"><span class='ocrx_word' id='word_1_123' title='bbox 298 1752 433 1804; x_wconf 82' lang='grc' dir='ltr'>ρας,</span> <span class='ocrx_word' id='word_1_124' title='bbox 482 1736 576 1788; x_wconf 78' lang='grc' dir='ltr'>καὶ</span> <span class='ocrx_word' id='word_1_125' title='bbox 632 1739 752 1797; x_wconf 83' lang='grc' dir='ltr'>ταῖς</span> <span class='ocrx_word' id='word_1_126' title='bbox 808 1737 957 1807; x_wconf 85' lang='grc' dir='ltr'><strong>παρά</strong></span> <span class='ocrx_word' id='word_1_127' title='bbox 997 1737 1146 1805; x_wconf 87' lang='grc' dir='ltr'>σφῶν</span> <span class='ocrx_word' id='word_1_128' title='bbox 1195 1738 1535 1803; x_wconf 82' lang='grc' dir='ltr'>εὐσθενείαις</span> <span class='ocrx_word' id='word_1_129' title='bbox 1583 1740 1879 1809; x_wconf 82' lang='grc' dir='ltr'>ἀνάνδρους</span> 
     </span>
    </p>
   </div>
   <div class='ocr_carea' id='block_1_19' title="bbox 1987 548 3571 622">
    <p class='ocr_par' dir='ltr' id='par_1_19' title="bbox 1987 548 3571 622">
     <span class='ocr_line' id='line_1_19' title="bbox 1987 548 3571 622; baseline -0.006 -17"><span class='ocrx_word' id='word_1_130' title='bbox 1987 568 2153 622; x_wconf 90' lang='lat' dir='ltr'><strong>gnum</strong></span> <span class='ocrx_word' id='word_1_131' title='bbox 2202 551 2553 605; x_wconf 91' lang='lat' dir='ltr'><strong>constitutum</strong></span> <span class='ocrx_word' id='word_1_132' title='bbox 2586 558 2762 615; x_wconf 89' lang='lat' dir='ltr'><strong>esset,</strong></span> <span class='ocrx_word' id='word_1_133' title='bbox 2800 548 2936 603; x_wconf 91' lang='lat' dir='ltr'><strong>bella</strong></span> <span class='ocrx_word' id='word_1_134' title='bbox 2970 554 3278 609; x_wconf 73' lang='lat' dir='ltr'><strong>cessarunt,</strong></span> <span class='ocrx_word' id='word_1_135' title='bbox 3308 558 3486 614; x_wconf 88' lang='lat' dir='ltr'><strong>pugna</strong></span> <span class='ocrx_word' id='word_1_136' title='bbox 3518 550 3571 596; x_wconf 84' lang='lat' dir='ltr'><strong>et</strong></span> 
     </span>
    </p>
   </div>
   <div class='ocr_carea' id='block_1_20' title="bbox 1985 633 3573 710">
    <p class='ocr_par' dir='ltr' id='par_1_20' title="bbox 1985 633 3573 710">
     <span class='ocr_line' id='line_1_20' title="bbox 1985 633 3573 710; baseline -0.008 -13"><span class='ocrx_word' id='word_1_137' title='bbox 1985 642 2251 697; x_wconf 86' lang='lat' dir='ltr'><strong>dissensio</strong></span> <span class='ocrx_word' id='word_1_138' title='bbox 2267 640 2715 710; x_wconf 90' lang='lat' dir='ltr'><strong>conquieverunt,</strong></span> <span class='ocrx_word' id='word_1_139' title='bbox 2730 639 2943 709; x_wconf 88' lang='lat' dir='ltr'><strong>justitia</strong></span> <span class='ocrx_word' id='word_1_140' title='bbox 2958 638 3207 701; x_wconf 90' lang='lat' dir='ltr'><strong>obtinuit,</strong></span> <span class='ocrx_word' id='word_1_141' title='bbox 3226 646 3386 705; x_wconf 85' lang='lat' dir='ltr'><strong>atque</strong></span> <span class='ocrx_word' id='word_1_142' title='bbox 3406 633 3573 703; x_wconf 66' lang='lat' dir='ltr'><strong>aequi-</strong></span> 
     </span>
    </p>
   </div>
   <div class='ocr_carea' id='block_1_21' title="bbox 1988 724 3573 798">
    <p class='ocr_par' dir='ltr' id='par_1_21' title="bbox 1988 724 3573 798">
     <span class='ocr_line' id='line_1_21' title="bbox 1988 724 3573 798; baseline -0.007 -12"><span class='ocrx_word' id='word_1_143' title='bbox 1988 733 2113 787; x_wconf 87' lang='lat' dir='ltr'><strong>tatis</strong></span> <span class='ocrx_word' id='word_1_144' title='bbox 2141 731 2439 787; x_wconf 86' lang='lat' dir='ltr'><strong>securitas:</strong></span> <span class='ocrx_word' id='word_1_145' title='bbox 2464 746 2586 785; x_wconf 92' lang='lat' dir='ltr'><strong>cum</strong></span> <span class='ocrx_word' id='word_1_146' title='bbox 2614 743 2770 784; x_wconf 85' lang='lat' dir='ltr'><strong>nemo</strong></span> <span class='ocrx_word' id='word_1_147' title='bbox 2791 740 3024 798; x_wconf 85' lang='lat' dir='ltr'><strong>raperet,</strong></span> <span class='ocrx_word' id='word_1_148' title='bbox 3045 743 3200 783; x_wconf 88' lang='lat' dir='ltr'><strong>nemo</strong></span> <span class='ocrx_word' id='word_1_149' title='bbox 3212 725 3322 795; x_wconf 82' lang='lat' dir='ltr'><strong>jam</strong></span> <span class='ocrx_word' id='word_1_150' title='bbox 3349 724 3573 795; x_wconf 86' lang='lat' dir='ltr'><strong>popula-</strong></span> 
     </span>
    </p>
   </div>
   <div class='ocr_carea' id='block_1_22' title="bbox 1985 817 3571 890">
    <p class='ocr_par' dir='ltr' id='par_1_22' title="bbox 1985 817 3571 890">
     <span class='ocr_line' id='line_1_22' title="bbox 1985 817 3571 890; baseline -0.006 -11"><span class='ocrx_word' id='word_1_151' title='bbox 1985 836 2155 890; x_wconf 80' lang='lat' dir='ltr'><strong>retur;</strong></span> <span class='ocrx_word' id='word_1_152' title='bbox 2179 839 2299 879; x_wconf 91' lang='lat' dir='ltr'><strong>cum</strong></span> <span class='ocrx_word' id='word_1_153' title='bbox 2331 838 2435 878; x_wconf 89' lang='lat' dir='ltr'><strong>non</strong></span> <span class='ocrx_word' id='word_1_154' title='bbox 2468 823 2521 877; x_wconf 92' lang='lat' dir='ltr'><strong>in</strong></span> <span class='ocrx_word' id='word_1_155' title='bbox 2554 823 2800 877; x_wconf 86' lang='lat' dir='ltr'><strong>civitates</strong></span> <span class='ocrx_word' id='word_1_156' title='bbox 2825 830 2917 874; x_wconf 91' lang='lat' dir='ltr'><strong>aut</strong></span> <span class='ocrx_word' id='word_1_157' title='bbox 2946 821 3197 890; x_wconf 87' lang='lat' dir='ltr'><strong>regiones</strong></span> <span class='ocrx_word' id='word_1_158' title='bbox 3236 817 3571 873; x_wconf 84' lang='lat' dir='ltr'><strong>incursiones</strong></span> 
     </span>
    </p>
   </div>
   <div class='ocr_carea' id='block_1_23' title="bbox 1984 909 3571 980">
    <p class='ocr_par' dir='ltr' id='par_1_23' title="bbox 1984 909 3571 980">
     <span class='ocr_line' id='line_1_23' title="bbox 1984 909 3571 980; baseline -0.003 -15"><span class='ocrx_word' id='word_1_159' title='bbox 1984 911 2244 977; x_wconf 76' lang='lat' dir='ltr'><strong>facerent,</strong></span> <span class='ocrx_word' id='word_1_160' title='bbox 2279 927 2379 967; x_wconf 91' lang='lat' dir='ltr'><strong>nec</strong></span> <span class='ocrx_word' id='word_1_161' title='bbox 2412 911 2735 966; x_wconf 85' lang='lat' dir='ltr'><strong>inﬂammari</strong></span> <span class='ocrx_word' id='word_1_162' title='bbox 2773 910 3068 980; x_wconf 80' lang='lat' dir='ltr'><strong>cupiditate</strong></span> <span class='ocrx_word' id='word_1_163' title='bbox 3092 909 3397 963; x_wconf 82' lang='lat' dir='ltr'><strong>divitiarum</strong></span> <span class='ocrx_word' id='word_1_164' title='bbox 3431 920 3571 977; x_wconf 70' lang='lat' dir='ltr'><strong>pra:-</strong></span> 
     </span>
    </p>
   </div>
   <div class='ocr_carea' id='block_1_24' title="bbox 1982 998 3570 1068">
    <p class='ocr_par' dir='ltr' id='par_1_24' title="bbox 1982 998 3570 1068">
     <span class='ocr_line' id='line_1_24' title="bbox 1982 998 3570 1068; baseline -0.005 -10"><span class='ocrx_word' id='word_1_165' title='bbox 1982 1004 2186 1058; x_wconf 86' lang='lat' dir='ltr'><strong>clarum</strong></span> <span class='ocrx_word' id='word_1_166' title='bbox 2218 1003 2500 1058; x_wconf 90' lang='lat' dir='ltr'><strong>ducerent.</strong></span> <span class='ocrx_word' id='word_1_167' title='bbox 2535 1000 2646 1055; x_wconf 85' lang='lat' dir='ltr'><strong>Nec</strong></span> <span class='ocrx_word' id='word_1_168' title='bbox 2688 1002 2738 1054; x_wconf 92' lang='lat' dir='ltr'><strong>id</strong></span> <span class='ocrx_word' id='word_1_169' title='bbox 2792 1002 2973 1068; x_wconf 86' lang='lat' dir='ltr'><strong>modo,</strong></span> <span class='ocrx_word' id='word_1_170' title='bbox 3014 998 3112 1054; x_wconf 91' lang='lat' dir='ltr'><strong>sed</strong></span> <span class='ocrx_word' id='word_1_171' title='bbox 3161 1009 3216 1053; x_wconf 91' lang='lat' dir='ltr'><strong>et</strong></span> <span class='ocrx_word' id='word_1_172' title='bbox 3271 1013 3401 1052; x_wconf 88' lang='lat' dir='ltr'><strong>usus</strong></span> <span class='ocrx_word' id='word_1_173' title='bbox 3433 999 3570 1052; x_wconf 85' lang='lat' dir='ltr'><strong>adeo</strong></span> 
     </span>
    </p>
   </div>
   <div class='ocr_carea' id='block_1_25' title="bbox 1983 1088 3571 1149">
    <p class='ocr_par' dir='ltr' id='par_1_25' title="bbox 1983 1088 3571 1149">
     <span class='ocr_line' id='line_1_25' title="bbox 1983 1088 3571 1149; baseline -0.004 -2"><span class='ocrx_word' id='word_1_174' title='bbox 1983 1110 2258 1149; x_wconf 90' lang='lat' dir='ltr'><strong>armorum</strong></span> <span class='ocrx_word' id='word_1_175' title='bbox 2285 1095 2513 1148; x_wconf 86' lang='lat' dir='ltr'><strong>traditus</strong></span> <span class='ocrx_word' id='word_1_176' title='bbox 2546 1101 2628 1148; x_wconf 90' lang='lat' dir='ltr'><strong>est</strong></span> <span class='ocrx_word' id='word_1_177' title='bbox 2666 1092 2798 1146; x_wconf 86' lang='lat' dir='ltr'><strong>solis</strong></span> <span class='ocrx_word' id='word_1_178' title='bbox 2828 1090 3177 1146; x_wconf 84' lang='lat' dir='ltr'><strong>bellatoribus</strong></span> <span class='ocrx_word' id='word_1_179' title='bbox 3216 1088 3484 1149; x_wconf 82' lang='lat' dir='ltr'><strong>maximis,</strong></span> <span class='ocrx_word' id='word_1_180' title='bbox 3515 1097 3571 1141; x_wconf 89' lang='lat' dir='ltr'><strong>et</strong></span> 
     </span>
    </p>
   </div>
   <div class='ocr_carea' id='block_1_26' title="bbox 1983 1178 3567 1251">
    <p class='ocr_par' dir='ltr' id='par_1_26' title="bbox 1983 1178 3567 1251">
     <span class='ocr_line' id='line_1_26' title="bbox 1983 1178 3567 1251; baseline -0.004 -12"><span class='ocrx_word' id='word_1_181' title='bbox 1983 1186 2275 1239; x_wconf 79' lang='lat' dir='ltr'><strong>militarem</strong></span> <span class='ocrx_word' id='word_1_182' title='bbox 2302 1185 2548 1239; x_wconf 89' lang='lat' dir='ltr'><strong>ordinem</strong></span> <span class='ocrx_word' id='word_1_183' title='bbox 2582 1184 2914 1248; x_wconf 89' lang='lat' dir='ltr'><strong>tenentibus,</strong></span> <span class='ocrx_word' id='word_1_184' title='bbox 2952 1196 3015 1236; x_wconf 91' lang='lat' dir='ltr'><strong>ac</strong></span> <span class='ocrx_word' id='word_1_185' title='bbox 3038 1180 3180 1251; x_wconf 89' lang='lat' dir='ltr'><strong>regis</strong></span> <span class='ocrx_word' id='word_1_186' title='bbox 3203 1178 3353 1249; x_wconf 89' lang='lat' dir='ltr'><strong>quasi</strong></span> <span class='ocrx_word' id='word_1_187' title='bbox 3384 1178 3567 1232; x_wconf 84' lang='lat' dir='ltr'><strong>manui</strong></span> 
     </span>
    </p>
   </div>
   <div class='ocr_carea' id='block_1_27' title="bbox 1980 1269 3568 1347">
    <p class='ocr_par' dir='ltr' id='par_1_27' title="bbox 1980 1269 3568 1347">
     <span class='ocr_line' id='line_1_27' title="bbox 1980 1269 3568 1347; baseline -0.006 -18"><span class='ocrx_word' id='word_1_188' title='bbox 1980 1286 2144 1347; x_wconf 88' lang='lat' dir='ltr'><strong>atque</strong></span> <span class='ocrx_word' id='word_1_189' title='bbox 2190 1277 2443 1346; x_wconf 79' lang='lat' dir='ltr'><strong>poteSIati</strong></span> <span class='ocrx_word' id='word_1_190' title='bbox 2493 1275 2770 1345; x_wconf 81' lang='lat' dir='ltr'><strong>subjectis.</strong></span> <span class='ocrx_word' id='word_1_191' title='bbox 2829 1273 3234 1343; x_wconf 85' lang='lat' dir='ltr'><strong>Deprehensum</strong></span> <span class='ocrx_word' id='word_1_192' title='bbox 3273 1278 3359 1324; x_wconf 83' lang='lat' dir='ltr'><strong>est</strong></span> <span class='ocrx_word' id='word_1_193' title='bbox 3402 1269 3568 1322; x_wconf 88' lang='lat' dir='ltr'><strong>etiam</strong></span> 
     </span>
    </p>
   </div>
   <div class='ocr_carea' id='block_1_28' title="bbox 1980 1359 3567 1439">
    <p class='ocr_par' dir='ltr' id='par_1_28' title="bbox 1980 1359 3567 1439">
     <span class='ocr_line' id='line_1_28' title="bbox 1980 1359 3567 1439; baseline -0.008 -15"><span class='ocrx_word' id='word_1_194' title='bbox 1980 1369 2178 1424; x_wconf 88' lang='lat' dir='ltr'><strong>multas</strong></span> <span class='ocrx_word' id='word_1_195' title='bbox 2219 1378 2407 1439; x_wconf 89' lang='lat' dir='ltr'><strong>gentes</strong></span> <span class='ocrx_word' id='word_1_196' title='bbox 2453 1367 2698 1422; x_wconf 80' lang='lat' dir='ltr'><strong>inﬁrmas</strong></span> <span class='ocrx_word' id='word_1_197' title='bbox 2741 1381 2892 1431; x_wconf 89' lang='lat' dir='ltr'><strong>esse,</strong></span> <span class='ocrx_word' id='word_1_198' title='bbox 2956 1377 3290 1435; x_wconf 64' lang='lat' dir='ltr'><strong>quaecunque</strong></span> <span class='ocrx_word' id='word_1_199' title='bbox 3339 1359 3567 1414; x_wconf 80' lang='lat' dir='ltr'><strong>Romani</strong></span> 
     </span>
    </p>
   </div>
   <div class='ocr_carea' id='block_1_29' title="bbox 1982 1452 3570 1530">
    <p class='ocr_par' dir='ltr' id='par_1_29' title="bbox 1982 1452 3570 1530">
     <span class='ocr_line' id='line_1_29' title="bbox 1982 1452 3570 1530; baseline -0.008 -15"><span class='ocrx_word' id='word_1_200' title='bbox 1982 1461 2188 1530; x_wconf 85' lang='lat' dir='ltr'><strong>imperii</strong></span> <span class='ocrx_word' id='word_1_201' title='bbox 2207 1460 2339 1530; x_wconf 87' lang='lat' dir='ltr'><strong>jngo</strong></span> <span class='ocrx_word' id='word_1_202' title='bbox 2361 1474 2610 1526; x_wconf 80' lang='lat' dir='ltr'><strong>excusso,</strong></span> <span class='ocrx_word' id='word_1_203' title='bbox 2630 1458 2881 1514; x_wconf 83' lang='lat' dir='ltr'><strong>civitates</strong></span> <span class='ocrx_word' id='word_1_204' title='bbox 2915 1468 2969 1512; x_wconf 91' lang='lat' dir='ltr'><strong>et</strong></span> <span class='ocrx_word' id='word_1_205' title='bbox 3000 1455 3248 1528; x_wconf 83' lang='lat' dir='ltr'><strong>regiones</strong></span> <span class='ocrx_word' id='word_1_206' title='bbox 3276 1452 3570 1508; x_wconf 83' lang='lat' dir='ltr'><strong>crudeliter</strong></span> 
     </span>
    </p>
   </div>
   <div class='ocr_carea' id='block_1_30' title="bbox 1981 1543 3567 1617">
    <p class='ocr_par' dir='ltr' id='par_1_30' title="bbox 1981 1543 3567 1617">
     <span class='ocr_line' id='line_1_30' title="bbox 1981 1543 3567 1617; baseline -0.008 -10"><span class='ocrx_word' id='word_1_207' title='bbox 1981 1553 2263 1607; x_wconf 81' lang='lat' dir='ltr'><strong>invadunt.</strong></span> <span class='ocrx_word' id='word_1_208' title='bbox 2344 1550 2460 1605; x_wconf 85' lang='lat' dir='ltr'><strong>Non</strong></span> <span class='ocrx_word' id='word_1_209' title='bbox 2530 1550 2675 1607; x_wconf 89' lang='lat' dir='ltr'><strong>enim</strong></span> <span class='ocrx_word' id='word_1_210' title='bbox 2751 1550 2877 1604; x_wconf 90' lang='lat' dir='ltr'><strong>licet</strong></span> <span class='ocrx_word' id='word_1_211' title='bbox 2957 1548 3062 1603; x_wconf 91' lang='lat' dir='ltr'><strong>illis</strong></span> <span class='ocrx_word' id='word_1_212' title='bbox 3139 1562 3237 1617; x_wconf 91' lang='lat' dir='ltr'><strong>pro</strong></span> <span class='ocrx_word' id='word_1_213' title='bbox 3302 1543 3567 1600; x_wconf 90' lang='lat' dir='ltr'><strong>arbitratu</strong></span> 
     </span>
    </p>
   </div>
   <div class='ocr_carea' id='block_1_31' title="bbox 1981 1635 3565 1711">
    <p class='ocr_par' dir='ltr' id='par_1_31' title="bbox 1981 1635 3565 1711">
     <span class='ocr_line' id='line_1_31' title="bbox 1981 1635 3565 1711; baseline -0.008 -14"><span class='ocrx_word' id='word_1_214' title='bbox 1981 1645 2151 1698; x_wconf 80' lang='lat' dir='ltr'><strong>libere</strong></span> <span class='ocrx_word' id='word_1_215' title='bbox 2225 1641 2468 1711; x_wconf 87' lang='lat' dir='ltr'><strong>grassari</strong></span> <span class='ocrx_word' id='word_1_216' title='bbox 2539 1660 2554 1696; x_wconf 86' lang='lat'><strong>:</strong></span> <span class='ocrx_word' id='word_1_217' title='bbox 2627 1640 2901 1696; x_wconf 89' lang='lat' dir='ltr'><strong>obsistunt</strong></span> <span class='ocrx_word' id='word_1_218' title='bbox 2972 1638 3115 1693; x_wconf 91' lang='lat' dir='ltr'><strong>enim</strong></span> <span class='ocrx_word' id='word_1_219' title='bbox 3194 1635 3565 1691; x_wconf 81' lang='lat' dir='ltr'><strong>Romanorum</strong></span> 
     </span>
    </p>
   </div>
   <div class='ocr_carea' id='block_1_32' title="bbox 1980 1728 3568 1801">
    <p class='ocr_par' dir='ltr' id='par_1_32' title="bbox 1980 1728 3568 1801">
     <span class='ocr_line' id='line_1_32' title="bbox 1980 1728 3568 1801; baseline -0.004 -16"><span class='ocrx_word' id='word_1_220' title='bbox 1980 1748 2155 1798; x_wconf 89' lang='lat' dir='ltr'><strong>arma,</strong></span> <span class='ocrx_word' id='word_1_221' title='bbox 2194 1741 2249 1785; x_wconf 90' lang='lat' dir='ltr'><strong>ct</strong></span> <span class='ocrx_word' id='word_1_222' title='bbox 2287 1734 2567 1801; x_wconf 86' lang='lat' dir='ltr'><strong>quiescere</strong></span> <span class='ocrx_word' id='word_1_223' title='bbox 2607 1739 2806 1801; x_wconf 88' lang='lat' dir='ltr'><strong>cogunt</strong></span> <span class='ocrx_word' id='word_1_224' title='bbox 2832 1745 2897 1784; x_wconf 91' lang='lat' dir='ltr'><strong>ac</strong></span> <span class='ocrx_word' id='word_1_225' title='bbox 2931 1730 3099 1784; x_wconf 91' lang='lat' dir='ltr'><strong>instar</strong></span> <span class='ocrx_word' id='word_1_226' title='bbox 3126 1728 3363 1783; x_wconf 80' lang='lat' dir='ltr'><strong>ferarum</strong></span> <span class='ocrx_word' id='word_1_227' title='bbox 3399 1736 3568 1780; x_wconf 84' lang='lat' dir='ltr'><strong>terre-</strong></span> 
     </span>
    </p>
   </div>
   <div class='ocr_carea' id='block_1_33' title="bbox 295 1819 1873 1899">
    <p class='ocr_par' dir='ltr' id='par_1_33' title="bbox 295 1827 1873 1899">
     <span class='ocr_line' id='line_1_33' title="bbox 295 1827 1873 1899; baseline 0.002 -19"><span class='ocrx_word' id='word_1_228' title='bbox 295 1828 458 1891; x_wconf 72' lang='grc' dir='ltr'>ὂντας</span> <span class='ocrx_word' id='word_1_229' title='bbox 503 1827 837 1897; x_wconf 84' lang='grc' dir='ltr'>ἐλέγχουσιν.</span> <span class='ocrx_word' id='word_1_230' title='bbox 887 1829 1154 1899; x_wconf 75' lang='grc' dir='ltr'>Ὀρίζεται</span> <span class='ocrx_word' id='word_1_231' title='bbox 1200 1830 1384 1883; x_wconf 82' lang='grc' dir='ltr'>τοίνυν</span> <span class='ocrx_word' id='word_1_232' title='bbox 1418 1831 1509 1883; x_wconf 84' lang='grc' dir='ltr'><strong>τὸν</strong></span> <span class='ocrx_word' id='word_1_233' title='bbox 1548 1836 1761 1899; x_wconf 84' lang='grc' dir='ltr'>καιρὸν,</span> <span class='ocrx_word' id='word_1_234' title='bbox 1803 1832 1873 1894; x_wconf 86' lang='grc' dir='ltr'>ὡς</span> 
     </span>
    </p>
   </div>
   <div class='ocr_carea' id='block_1_34' title="bbox 1977 1819 3567 1899">
    <p class='ocr_par' dir='ltr' id='par_1_34' title="bbox 1984 1819 3567 1886">
     <span class='ocr_line' id='line_1_34' title="bbox 1984 1819 3567 1886; baseline -0.005 -10"><span class='ocrx_word' id='word_1_235' title='bbox 1984 1823 2220 1886; x_wconf 82' lang='lat' dir='ltr'><strong>faciunt,</strong></span> <span class='ocrx_word' id='word_1_236' title='bbox 2261 1834 2313 1875; x_wconf 90' lang='lat' dir='ltr'><strong>et</strong></span> <span class='ocrx_word' id='word_1_237' title='bbox 2352 1823 2468 1877; x_wconf 86' lang='lat' dir='ltr'><strong>suis</strong></span> <span class='ocrx_word' id='word_1_238' title='bbox 2507 1822 2710 1877; x_wconf 90' lang='lat' dir='ltr'><strong>viribus</strong></span> <span class='ocrx_word' id='word_1_239' title='bbox 2774 1822 2989 1877; x_wconf 89' lang='lat' dir='ltr'><strong>illorum</strong></span> <span class='ocrx_word' id='word_1_240' title='bbox 3051 1819 3417 1874; x_wconf 78' lang='lat' dir='ltr'><strong>inﬁrmitatem</strong></span> <span class='ocrx_word' id='word_1_241' title='bbox 3473 1830 3567 1869; x_wconf 85' lang='lat' dir='ltr'><strong>ar-</strong></span> 
     </span>
    </p>
   </div>
   <div class='ocr_carea' id='block_1_35' title="bbox 297 1916 1880 1993">
    <p class='ocr_par' dir='ltr' id='par_1_35' title="bbox 297 1916 1880 1993">
     <span class='ocr_line' id='line_1_35' title="bbox 297 1916 1880 1993; baseline 0.003 -23"><span class='ocrx_word' id='word_1_242' title='bbox 297 1916 456 1987; x_wconf 74' lang='grc' dir='ltr'>ἔφην,</span> <span class='ocrx_word' id='word_1_243' title='bbox 500 1920 529 1970; x_wconf 97' lang='lat'><strong>6</strong></span> <span class='ocrx_word' id='word_1_244' title='bbox 570 1919 839 1987; x_wconf 87' lang='grc' dir='ltr'>μακάριος</span> <span class='ocrx_word' id='word_1_245' title='bbox 886 1920 1173 1989; x_wconf 73' lang='grc' dir='ltr'>προφήτης</span> <span class='ocrx_word' id='word_1_246' title='bbox 1220 1920 1321 1989; x_wconf 78' lang='grc' dir='ltr'>τῆς</span> <span class='ocrx_word' id='word_1_247' title='bbox 1359 1920 1467 1973; x_wconf 89' lang='grc' dir='ltr'><strong>τῶν</strong></span> <span class='ocrx_word' id='word_1_248' title='bbox 1522 1920 1692 1975; x_wconf 83' lang='grc' dir='ltr'>ἐθνῶν</span> <span class='ocrx_word' id='word_1_249' title='bbox 1748 1926 1880 1993; x_wconf 79' lang='grc' dir='ltr'>κλή-</span> 
     </span>
    </p>
   </div>
   <div class='ocr_carea' id='block_1_36' title="bbox 296 2004 1881 2081">
    <p class='ocr_par' dir='ltr' id='par_1_36' title="bbox 296 2004 1881 2081">
     <span class='ocr_line' id='line_1_36' title="bbox 296 2004 1881 2081; baseline 0.005 -22"><span class='ocrx_word' id='word_1_250' title='bbox 296 2025 431 2071; x_wconf 89' lang='grc' dir='ltr'>σεως</span> <span class='ocrx_word' id='word_1_251' title='bbox 469 2010 562 2061; x_wconf 71' lang='grc' dir='ltr'><strong>καὶ</strong></span> <span class='ocrx_word' id='word_1_252' title='bbox 591 2010 946 2081; x_wconf 81' lang='grc' dir='ltr'>ἐπιστροφῆς.</span> <span class='ocrx_word' id='word_1_253' title='bbox 991 2012 1100 2064; x_wconf 83' lang='grc' dir='ltr'><strong>Καὶ</strong></span> <span class='ocrx_word' id='word_1_254' title='bbox 1132 2011 1281 2075; x_wconf 90' lang='grc' dir='ltr'>ποῖός</span> <span class='ocrx_word' id='word_1_255' title='bbox 1322 2014 1467 2067; x_wconf 84' lang='grc' dir='ltr'>ἐστιν</span> <span class='ocrx_word' id='word_1_256' title='bbox 1497 2004 1686 2079; x_wconf 75' lang='grc' dir='ltr'>οὗτοςς</span> <span class='ocrx_word' id='word_1_257' title='bbox 1728 2014 1881 2079; x_wconf 83' lang='grc' dir='ltr'>Ὅτε,</span> 
     </span>
    </p>
   </div>
   <div class='ocr_carea' id='block_1_37' title="bbox 292 2100 1881 2175">
    <p class='ocr_par' dir='ltr' id='par_1_37' title="bbox 292 2100 1881 2175">
     <span class='ocr_line' id='line_1_37' title="bbox 292 2100 1881 2175; baseline 0.006 -25"><span class='ocrx_word' id='word_1_258' title='bbox 292 2100 477 2167; x_wconf 79' lang='grc' dir='ltr'>φησὶν,</span> <span class='ocrx_word' id='word_1_259' title='bbox 528 2101 556 2152; x_wconf 94' lang='lat'><strong>6</strong></span> <span class='ocrx_word' id='word_1_260' title='bbox 609 2101 719 2153; x_wconf 88' lang='grc' dir='ltr'><strong>τῶν</strong></span> <span class='ocrx_word' id='word_1_261' title='bbox 764 2101 902 2155; x_wconf 79' lang='grc' dir='ltr'>ὅλων</span> <span class='ocrx_word' id='word_1_262' title='bbox 952 2101 1105 2168; x_wconf 84' lang='grc' dir='ltr'>Θεὸς,</span> <span class='ocrx_word' id='word_1_263' title='bbox 1167 2102 1261 2156; x_wconf 82' lang='grc' dir='ltr'>καὶ</span> <span class='ocrx_word' id='word_1_264' title='bbox 1315 2104 1721 2175; x_wconf 77' lang='grc' dir='ltr'>παμϐασιλεὺς,</span> <span class='ocrx_word' id='word_1_265' title='bbox 1786 2108 1881 2159; x_wconf 77' lang='grc' dir='ltr'><strong>καὶ</strong></span> 
     </span>
    </p>
   </div>
   <div class='ocr_carea' id='block_1_38' title="bbox 290 2188 1881 2263">
    <p class='ocr_par' dir='ltr' id='par_1_38' title="bbox 290 2188 1881 2263">
     <span class='ocr_line' id='line_1_38' title="bbox 290 2188 1881 2263; baseline 0.005 -22"><span class='ocrx_word' id='word_1_266' title='bbox 290 2188 496 2259; x_wconf 81' lang='grc' dir='ltr'>Κύριος</span> <span class='ocrx_word' id='word_1_267' title='bbox 528 2194 706 2261; x_wconf 86' lang='grc' dir='ltr'>κρινεῖ</span> <span class='ocrx_word' id='word_1_268' title='bbox 744 2192 846 2245; x_wconf 87' lang='grc' dir='ltr'><strong>ἀνά</strong></span> <span class='ocrx_word' id='word_1_269' title='bbox 884 2192 1051 2263; x_wconf 83' lang='grc' dir='ltr'>μέσον</span> <span class='ocrx_word' id='word_1_270' title='bbox 1075 2193 1185 2246; x_wconf 87' lang='grc' dir='ltr'><strong>τῶν</strong></span> <span class='ocrx_word' id='word_1_271' title='bbox 1224 2192 1417 2260; x_wconf 84' lang='grc' dir='ltr'>ἐθνῶν,</span> <span class='ocrx_word' id='word_1_272' title='bbox 1461 2195 1605 2248; x_wconf 80' lang='grc' dir='ltr'>τοῦτ’</span> <span class='ocrx_word' id='word_1_273' title='bbox 1631 2195 1769 2259; x_wconf 77' lang='grc' dir='ltr'>ἔστι,</span> <span class='ocrx_word' id='word_1_274' title='bbox 1808 2196 1881 2249; x_wconf 87' lang='grc' dir='ltr'>δι-</span> 
     </span>
    </p>
   </div>
   <div class='ocr_carea' id='block_1_39' title="bbox 290 2280 1876 2361">
    <p class='ocr_par' dir='ltr' id='par_1_39' title="bbox 290 2280 1876 2361">
     <span class='ocr_line' id='line_1_39' title="bbox 290 2280 1876 2361; baseline 0.008 -29"><span class='ocrx_word' id='word_1_275' title='bbox 290 2280 586 2353; x_wconf 84' lang='grc' dir='ltr'>καιοσύνην</span> <span class='ocrx_word' id='word_1_276' title='bbox 630 2284 725 2336; x_wconf 79' lang='grc' dir='ltr'><strong>καὶ</strong></span> <span class='ocrx_word' id='word_1_277' title='bbox 760 2284 942 2354; x_wconf 80' lang='grc' dir='ltr'>κρίσιν</span> <span class='ocrx_word' id='word_1_278' title='bbox 991 2287 1071 2349; x_wconf 87' lang='grc' dir='ltr'><strong>εἰς</strong></span> <span class='ocrx_word' id='word_1_279' title='bbox 1115 2285 1291 2339; x_wconf 88' lang='grc' dir='ltr'>πάντα</span> <span class='ocrx_word' id='word_1_280' title='bbox 1327 2289 1560 2342; x_wconf 85' lang='grc' dir='ltr'>ποιεῖται</span> <span class='ocrx_word' id='word_1_281' title='bbox 1606 2289 1676 2344; x_wconf 87' lang='grc' dir='ltr'><strong>τά</strong></span> <span class='ocrx_word' id='word_1_282' title='bbox 1724 2289 1876 2361; x_wconf 75' lang='grc' dir='ltr'>ἔθνη.</span> 
     </span>
    </p>
   </div>
   <div class='ocr_carea' id='block_1_40' title="bbox 303 2373 1876 2452">
    <p class='ocr_par' dir='ltr' id='par_1_40' title="bbox 303 2373 1876 2452">
     <span class='ocr_line' id='line_1_40' title="bbox 303 2373 1876 2452; baseline 0.007 -28"><span class='ocrx_word' id='word_1_283' title='bbox 303 2373 628 2443; x_wconf 81' lang='grc' dir='ltr'>Κεκράτηκε</span> <span class='ocrx_word' id='word_1_284' title='bbox 665 2375 764 2444; x_wconf 88' lang='grc' dir='ltr'>μὲν</span> <span class='ocrx_word' id='word_1_285' title='bbox 788 2376 896 2445; x_wconf 85' lang='grc' dir='ltr'>γὰρ</span> <span class='ocrx_word' id='word_1_286' title='bbox 918 2377 951 2443; x_wconf 84' lang='grc' dir='ltr'><strong>ή</strong></span> <span class='ocrx_word' id='word_1_287' title='bbox 978 2376 1179 2439; x_wconf 80' lang='grc' dir='ltr'>ἀδικία,</span> <span class='ocrx_word' id='word_1_288' title='bbox 1215 2376 1465 2448; x_wconf 87' lang='grc' dir='ltr'>καθάπερ</span> <span class='ocrx_word' id='word_1_289' title='bbox 1493 2379 1631 2449; x_wconf 78' lang='grc' dir='ltr'>ἔφην</span> <span class='ocrx_word' id='word_1_290' title='bbox 1651 2380 1876 2452; x_wconf 89' lang='grc' dir='ltr'>ἀρτίως,</span> 
     </span>
    </p>
   </div>
   <div class='ocr_carea' id='block_1_41' title="bbox 286 2463 1880 2544">
    <p class='ocr_par' dir='ltr' id='par_1_41' title="bbox 286 2463 1880 2544">
     <span class='ocr_line' id='line_1_41' title="bbox 286 2463 1880 2544; baseline 0.007 -28"><span class='ocrx_word' id='word_1_291' title='bbox 286 2463 703 2535; x_wconf 78' lang='grc' dir='ltr'>διαρπαζόντων</span> <span class='ocrx_word' id='word_1_292' title='bbox 736 2467 943 2537; x_wconf 73' lang='grc' dir='ltr'>ἄλληλα</span> <span class='ocrx_word' id='word_1_293' title='bbox 969 2468 1078 2521; x_wconf 89' lang='grc' dir='ltr'><strong>τῶν</strong></span> <span class='ocrx_word' id='word_1_294' title='bbox 1120 2468 1311 2533; x_wconf 83' lang='grc' dir='ltr'>ἐθνῶν,</span> <span class='ocrx_word' id='word_1_295' title='bbox 1340 2472 1435 2523; x_wconf 76' lang='grc' dir='ltr'>καὶ</span> <span class='ocrx_word' id='word_1_296' title='bbox 1474 2472 1651 2525; x_wconf 86' lang='grc' dir='ltr'>πάντα</span> <span class='ocrx_word' id='word_1_297' title='bbox 1678 2474 1880 2544; x_wconf 86' lang='grc' dir='ltr'>τρόπον</span> 
     </span>
    </p>
   </div>
   <div class='ocr_carea' id='block_1_42' title="bbox 288 2553 1879 2634">
    <p class='ocr_par' dir='ltr' id='par_1_42' title="bbox 288 2553 1879 2634">
     <span class='ocr_line' id='line_1_42' title="bbox 288 2553 1879 2634; baseline 0.009 -31"><span class='ocrx_word' id='word_1_298' title='bbox 288 2553 663 2624; x_wconf 87' lang='grc' dir='ltr'>ἐπιφερόντων</span> <span class='ocrx_word' id='word_1_299' title='bbox 704 2558 1030 2628; x_wconf 87' lang='grc' dir='ltr'>ἀγριότητος</span> <span class='ocrx_word' id='word_1_300' title='bbox 1061 2559 1158 2612; x_wconf 71' lang='grc' dir='ltr'><strong>καὶ</strong></span> <span class='ocrx_word' id='word_1_301' title='bbox 1199 2559 1529 2627; x_wconf 83' lang='grc' dir='ltr'>πλεονεξίας.</span> <span class='ocrx_word' id='word_1_302' title='bbox 1575 2563 1792 2634; x_wconf 81' lang='grc' dir='ltr'>Ἐπειδὴ</span> <span class='ocrx_word' id='word_1_303' title='bbox 1821 2563 1879 2617; x_wconf 78' lang='grc' dir='ltr'><strong>δὲ</strong></span> 
     </span>
    </p>
   </div>
   <div class='ocr_carea' id='block_1_43' title="bbox 287 2642 1878 2723">
    <p class='ocr_par' dir='ltr' id='par_1_43' title="bbox 287 2642 1878 2723">
     <span class='ocr_line' id='line_1_43' title="bbox 287 2642 1878 2723; baseline 0.006 -29"><span class='ocrx_word' id='word_1_304' title='bbox 287 2642 461 2696; x_wconf 83' lang='grc' dir='ltr'>ταῦτα</span> <span class='ocrx_word' id='word_1_305' title='bbox 522 2645 745 2713; x_wconf 82' lang='grc' dir='ltr'>γέγονεν</span> <span class='ocrx_word' id='word_1_306' title='bbox 797 2648 861 2699; x_wconf 84' lang='grc' dir='ltr'><strong>ἐκ</strong></span> <span class='ocrx_word' id='word_1_307' title='bbox 930 2647 1122 2717; x_wconf 84' lang='grc' dir='ltr'>μέσου,</span> <span class='ocrx_word' id='word_1_308' title='bbox 1185 2647 1498 2719; x_wconf 80' lang='grc' dir='ltr'>δικαιοσύνη</span> <span class='ocrx_word' id='word_1_309' title='bbox 1547 2650 1642 2704; x_wconf 76' lang='grc' dir='ltr'><strong>καὶ</strong></span> <span class='ocrx_word' id='word_1_310' title='bbox 1697 2653 1878 2723; x_wconf 86' lang='grc' dir='ltr'>κρίσις</span> 
     </span>
    </p>
   </div>
   <div class='ocr_carea' id='block_1_44' title="bbox 289 2730 1877 2813">
    <p class='ocr_par' dir='ltr' id='par_1_44' title="bbox 289 2730 1877 2813">
     <span class='ocr_line' id='line_1_44' title="bbox 289 2730 1877 2813; baseline 0.006 -28"><span class='ocrx_word' id='word_1_311' title='bbox 289 2730 497 2787; x_wconf 74' lang='grc' dir='ltr'>δέδοται</span> <span class='ocrx_word' id='word_1_312' title='bbox 537 2735 690 2807; x_wconf 83' lang='grc' dir='ltr'>παρὰ</span> <span class='ocrx_word' id='word_1_313' title='bbox 734 2736 894 2802; x_wconf 79' lang='grc' dir='ltr'>θεοῦ,</span> <span class='ocrx_word' id='word_1_314' title='bbox 924 2739 1019 2790; x_wconf 73' lang='grc' dir='ltr'>καὶ</span> <span class='ocrx_word' id='word_1_315' title='bbox 1054 2737 1421 2808; x_wconf 69' lang='grc' dir='ltr'>ἠλέγχθησάν,</span> <span class='ocrx_word' id='word_1_316' title='bbox 1451 2740 1526 2803; x_wconf 84' lang='grc' dir='ltr'>ὡς</span> <span class='ocrx_word' id='word_1_317' title='bbox 1551 2740 1708 2812; x_wconf 79' lang='grc' dir='ltr'>ἔφην,</span> <span class='ocrx_word' id='word_1_318' title='bbox 1750 2743 1877 2813; x_wconf 74' lang='grc' dir='ltr'>ἔθνη</span> 
     </span>
    </p>
   </div>
   <div class='ocr_carea' id='block_1_45' title="bbox 292 2825 1877 2901">
    <p class='ocr_par' dir='ltr' id='par_1_45' title="bbox 292 2825 1877 2901">
     <span class='ocr_line' id='line_1_45' title="bbox 292 2825 1877 2901; baseline 0.005 -24"><span class='ocrx_word' id='word_1_319' title='bbox 292 2825 464 2877; x_wconf 83' lang='grc' dir='ltr'>πολλά</span> <span class='ocrx_word' id='word_1_320' title='bbox 531 2829 644 2889; x_wconf 90' lang='grc' dir='ltr'>τοῖς</span> <span class='ocrx_word' id='word_1_321' title='bbox 693 2828 981 2897; x_wconf 77' lang='grc' dir='ltr'>Ῥωμαίων</span> <span class='ocrx_word' id='word_1_322' title='bbox 1050 2828 1235 2891; x_wconf 82' lang='grc' dir='ltr'>ὅπλοις</span> <span class='ocrx_word' id='word_1_323' title='bbox 1303 2832 1655 2901; x_wconf 82' lang='grc' dir='ltr'>νενικημένα.</span> <span class='ocrx_word' id='word_1_324' title='bbox 1716 2834 1877 2885; x_wconf 81' lang='grc' dir='ltr'>Ὥστε</span> 
     </span>
    </p>
   </div>
   <div class='ocr_carea' id='block_1_46' title="bbox 288 2914 1878 2989">
    <p class='ocr_par' dir='ltr' id='par_1_46' title="bbox 288 2914 1878 2989">
     <span class='ocr_line' id='line_1_46' title="bbox 288 2914 1878 2989; baseline 0.006 -25"><span class='ocrx_word' id='word_1_325' title='bbox 288 2914 414 2976; x_wconf 77' lang='grc' dir='ltr'>τοὺς</span> <span class='ocrx_word' id='word_1_326' title='bbox 462 2914 567 2968; x_wconf 78' lang='grc' dir='ltr'>ὑπὸ</span> <span class='ocrx_word' id='word_1_327' title='bbox 615 2918 775 2985; x_wconf 86' lang='grc' dir='ltr'>χεῖρα</span> <span class='ocrx_word' id='word_1_328' title='bbox 816 2916 916 2986; x_wconf 79' lang='grc' dir='ltr'>τὴν</span> <span class='ocrx_word' id='word_1_329' title='bbox 966 2915 1235 2986; x_wconf 85' lang='grc' dir='ltr'>βασιλέως</span> <span class='ocrx_word' id='word_1_330' title='bbox 1287 2918 1518 2972; x_wconf 82' lang='grc' dir='ltr'>δεδιέναι</span> <span class='ocrx_word' id='word_1_331' title='bbox 1558 2921 1658 2989; x_wconf 83' lang='grc' dir='ltr'><strong>μὲν</strong></span> <span class='ocrx_word' id='word_1_332' title='bbox 1691 2922 1878 2975; x_wconf 80' lang='grc' dir='ltr'>οὐκέτι</span> 
     </span>
    </p>
   </div>
   <div class='ocr_carea' id='block_1_47' title="bbox 288 3006 1877 3081">
    <p class='ocr_par' dir='ltr' id='par_1_47' title="bbox 288 3006 1877 3081">
     <span class='ocr_line' id='line_1_47' title="bbox 288 3006 1877 3081; baseline 0.007 -25"><span class='ocrx_word' id='word_1_333' title='bbox 288 3006 387 3067; x_wconf 85' lang='grc' dir='ltr'><strong>τάς</strong></span> <span class='ocrx_word' id='word_1_334' title='bbox 428 3022 591 3058; x_wconf 86' lang='grc' dir='ltr'>τινων</span> <span class='ocrx_word' id='word_1_335' title='bbox 639 3007 881 3075; x_wconf 87' lang='grc' dir='ltr'>ἐφόδους,</span> <span class='ocrx_word' id='word_1_336' title='bbox 916 3008 997 3071; x_wconf 87' lang='grc' dir='ltr'><strong>εἰς</strong></span> <span class='ocrx_word' id='word_1_337' title='bbox 1041 3007 1198 3061; x_wconf 85' lang='grc' dir='ltr'>τοῦτο</span> <span class='ocrx_word' id='word_1_338' title='bbox 1234 3008 1293 3062; x_wconf 84' lang='grc' dir='ltr'>δὲ</span> <span class='ocrx_word' id='word_1_339' title='bbox 1329 3010 1428 3081; x_wconf 78' lang='grc' dir='ltr'><strong>ήδη</strong></span> <span class='ocrx_word' id='word_1_340' title='bbox 1484 3012 1765 3079; x_wconf 80' lang='grc' dir='ltr'>προελθεῖν</span> <span class='ocrx_word' id='word_1_341' title='bbox 1809 3015 1877 3067; x_wconf 87' lang='grc' dir='ltr'><strong>τά</strong></span> 
     </span>
    </p>
   </div>
   <div class='ocr_carea' id='block_1_48' title="bbox 288 3098 1871 3177">
    <p class='ocr_par' dir='ltr' id='par_1_48' title="bbox 288 3098 1871 3177">
     <span class='ocr_line' id='line_1_48' title="bbox 288 3098 1871 3177; baseline 0.008 -29"><span class='ocrx_word' id='word_1_342' title='bbox 288 3098 591 3168; x_wconf 69' lang='grc' dir='ltr'>πράγματα</span> <span class='ocrx_word' id='word_1_343' title='bbox 639 3100 821 3163; x_wconf 68' lang='grc' dir='ltr'>αὐτοῖς</span> <span class='ocrx_word' id='word_1_344' title='bbox 868 3101 1093 3171; x_wconf 88' lang='grc' dir='ltr'>εἰρήνης</span> <span class='ocrx_word' id='word_1_345' title='bbox 1129 3118 1189 3153; x_wconf 88' lang='grc' dir='ltr'><strong>τε</strong></span> <span class='ocrx_word' id='word_1_346' title='bbox 1237 3102 1371 3173; x_wconf 84' lang='grc' dir='ltr'>ὁμοῦ</span> <span class='ocrx_word' id='word_1_347' title='bbox 1414 3105 1506 3157; x_wconf 74' lang='grc' dir='ltr'>καὶ</span> <span class='ocrx_word' id='word_1_348' title='bbox 1548 3106 1871 3177; x_wconf 85' lang='grc' dir='ltr'>εὐημερίας,</span> 
     </span>
    </p>
   </div>
   <div class='ocr_carea' id='block_1_49' title="bbox 290 3180 1942 3269">
    <p class='ocr_par' dir='ltr' id='par_1_49' title="bbox 290 3180 1942 3269">
     <span class='ocr_line' id='line_1_49' title="bbox 290 3180 1942 3269; baseline 0.008 -30"><span class='ocrx_word' id='word_1_349' title='bbox 290 3188 366 3250; x_wconf 85' lang='grc' dir='ltr'>ὼς</span> <span class='ocrx_word' id='word_1_350' title='bbox 405 3189 602 3258; x_wconf 85' lang='grc' dir='ltr'>μηκέτι</span> <span class='ocrx_word' id='word_1_351' title='bbox 651 3190 859 3245; x_wconf 86' lang='grc' dir='ltr'>δεῖσθαι</span> <span class='ocrx_word' id='word_1_352' title='bbox 900 3192 1000 3262; x_wconf 81' lang='grc' dir='ltr'>τῆς</span> <span class='ocrx_word' id='word_1_353' title='bbox 1049 3194 1106 3245; x_wconf 90' lang='grc' dir='ltr'><strong>ἐν</strong></span> <span class='ocrx_word' id='word_1_354' title='bbox 1146 3190 1224 3262; x_wconf 82' lang='grc' dir='ltr'>τῷ</span> <span class='ocrx_word' id='word_1_355' title='bbox 1255 3193 1509 3264; x_wconf 83' lang='grc' dir='ltr'>πολεμεῖν</span> <span class='ocrx_word' id='word_1_356' title='bbox 1555 3197 1868 3269; x_wconf 85' lang='grc' dir='ltr'>ἐμπειρίας,</span> <span class='ocrx_word' id='word_1_357' title='bbox 1901 3180 1942 3234; x_wconf 74' lang='lat' dir='ltr'><strong>C</strong></span> 
     </span>
    </p>
   </div>
   <div class='ocr_carea' id='block_1_50' title="bbox 288 3280 1869 3365">
    <p class='ocr_par' dir='ltr' id='par_1_50' title="bbox 288 3280 1869 3365">
     <span class='ocr_line' id='line_1_50' title="bbox 288 3280 1869 3365; baseline 0.007 -32"><span class='ocrx_word' id='word_1_358' title='bbox 288 3280 607 3335; x_wconf 81' lang='grc' dir='ltr'>ἀνθελέσθαι</span> <span class='ocrx_word' id='word_1_359' title='bbox 654 3283 711 3337; x_wconf 81' lang='grc' dir='ltr'>δὲ</span> <span class='ocrx_word' id='word_1_360' title='bbox 749 3284 946 3354; x_wconf 82' lang='grc' dir='ltr'>μᾶλλον</span> <span class='ocrx_word' id='word_1_361' title='bbox 977 3287 1071 3365; x_wconf 59' lang='grc' dir='ltr'>καὶ</span> <span class='ocrx_word' id='word_1_362' title='bbox 1115 3287 1234 3342; x_wconf 86' lang='grc' dir='ltr'>λίαν</span> <span class='ocrx_word' id='word_1_363' title='bbox 1277 3289 1529 3359; x_wconf 78' lang='grc' dir='ltr'>ἀσμένως</span> <span class='ocrx_word' id='word_1_364' title='bbox 1555 3292 1668 3352; x_wconf 87' lang='grc' dir='ltr'>τοῖς</span> <span class='ocrx_word' id='word_1_365' title='bbox 1716 3289 1869 3360; x_wconf 80' lang='grc' dir='ltr'>εἰρή-</span> 
     </span>
    </p>
   </div>
   <div class='ocr_carea' id='block_1_51' title="bbox 294 3374 1872 3452">
    <p class='ocr_par' dir='ltr' id='par_1_51' title="bbox 294 3374 1872 3452">
     <span class='ocr_line' id='line_1_51' title="bbox 294 3374 1872 3452; baseline 0.007 -28"><span class='ocrx_word' id='word_1_366' title='bbox 294 3390 388 3442; x_wconf 86' lang='grc' dir='ltr'><strong>νης</strong></span> <span class='ocrx_word' id='word_1_367' title='bbox 436 3374 617 3443; x_wconf 78' lang='grc' dir='ltr'>ἔργοις</span> <span class='ocrx_word' id='word_1_368' title='bbox 658 3375 888 3446; x_wconf 87' lang='grc' dir='ltr'>όμιλεῖν,</span> <span class='ocrx_word' id='word_1_369' title='bbox 937 3380 1033 3431; x_wconf 75' lang='grc' dir='ltr'>καὶ</span> <span class='ocrx_word' id='word_1_370' title='bbox 1068 3378 1176 3432; x_wconf 89' lang='grc' dir='ltr'><strong>τῶν</strong></span> <span class='ocrx_word' id='word_1_371' title='bbox 1212 3381 1311 3451; x_wconf 82' lang='grc' dir='ltr'>τῆς</span> <span class='ocrx_word' id='word_1_372' title='bbox 1350 3382 1655 3450; x_wconf 87' lang='grc' dir='ltr'>γεωπονίας</span> <span class='ocrx_word' id='word_1_373' title='bbox 1707 3399 1872 3452; x_wconf 80' lang='grc' dir='ltr'>μετα-</span> 
     </span>
    </p>
   </div>
   <div class='ocr_carea' id='block_1_52' title="bbox 293 3465 1866 3545">
    <p class='ocr_par' dir='ltr' id='par_1_52' title="bbox 293 3465 1866 3545">
     <span class='ocr_line' id='line_1_52' title="bbox 293 3465 1866 3545; baseline 0.009 -30"><span class='ocrx_word' id='word_1_374' title='bbox 293 3465 563 3519; x_wconf 85' lang='grc' dir='ltr'>ποιεῖσθαι</span> <span class='ocrx_word' id='word_1_375' title='bbox 592 3468 788 3533; x_wconf 89' lang='grc' dir='ltr'>πόνων,</span> <span class='ocrx_word' id='word_1_376' title='bbox 809 3469 904 3522; x_wconf 78' lang='grc' dir='ltr'>καὶ</span> <span class='ocrx_word' id='word_1_377' title='bbox 932 3472 1189 3541; x_wconf 87' lang='grc' dir='ltr'>φροντίδα</span> <span class='ocrx_word' id='word_1_378' title='bbox 1209 3472 1455 3526; x_wconf 89' lang='grc' dir='ltr'>τίθεσθαι</span> <span class='ocrx_word' id='word_1_379' title='bbox 1482 3475 1550 3527; x_wconf 85' lang='grc' dir='ltr'>τὰ</span> <span class='ocrx_word' id='word_1_380' title='bbox 1572 3478 1629 3528; x_wconf 93' lang='grc' dir='ltr'><strong>ἐν</strong></span> <span class='ocrx_word' id='word_1_381' title='bbox 1660 3476 1866 3545; x_wconf 84' lang='grc' dir='ltr'><strong>ἀγροῖς⁸</strong></span> 
     </span>
    </p>
   </div>
   <div class='ocr_carea' id='block_1_53' title="bbox 293 3557 1867 3638">
    <p class='ocr_par' dir='ltr' id='par_1_53' title="bbox 293 3557 1867 3638">
     <span class='ocr_line' id='line_1_53' title="bbox 293 3557 1867 3638; baseline 0.009 -31"><span class='ocrx_word' id='word_1_382' title='bbox 293 3557 727 3625; x_wconf 79' lang='grc' dir='ltr'>μεταπλάττουσι</span> <span class='ocrx_word' id='word_1_383' title='bbox 758 3559 866 3631; x_wconf 81' lang='grc' dir='ltr'><strong>γάρ</strong></span> <span class='ocrx_word' id='word_1_384' title='bbox 900 3562 981 3624; x_wconf 84' lang='grc' dir='ltr'><strong>εἰς</strong></span> <span class='ocrx_word' id='word_1_385' title='bbox 1009 3561 1167 3615; x_wconf 81' lang='grc' dir='ltr'>τοῦτο</span> <span class='ocrx_word' id='word_1_386' title='bbox 1189 3562 1283 3616; x_wconf 80' lang='grc' dir='ltr'>τοῦ</span> <span class='ocrx_word' id='word_1_387' title='bbox 1316 3564 1553 3632; x_wconf 88' lang='grc' dir='ltr'>πολέμου</span> <span class='ocrx_word' id='word_1_388' title='bbox 1579 3565 1648 3619; x_wconf 86' lang='grc' dir='ltr'>τὰ</span> <span class='ocrx_word' id='word_1_389' title='bbox 1675 3566 1867 3638; x_wconf 85' lang='grc' dir='ltr'>σκεύη,</span> 
     </span>
    </p>
   </div>
   <div class='ocr_carea' id='block_1_54' title="bbox 288 3648 1865 3729">
    <p class='ocr_par' dir='ltr' id='par_1_54' title="bbox 288 3648 1865 3729">
     <span class='ocr_line' id='line_1_54' title="bbox 288 3648 1865 3729; baseline 0.007 -27"><span class='ocrx_word' id='word_1_390' title='bbox 288 3648 429 3702; x_wconf 87' lang='grc' dir='ltr'>ὥστε</span> <span class='ocrx_word' id='word_1_391' title='bbox 474 3652 567 3704; x_wconf 74' lang='grc' dir='ltr'><strong>καὶ</strong></span> <span class='ocrx_word' id='word_1_392' title='bbox 599 3652 875 3722; x_wconf 68' lang='grc' dir='ltr'>ῥομφαίαν</span> <span class='ocrx_word' id='word_1_393' title='bbox 904 3655 984 3717; x_wconf 89' lang='grc' dir='ltr'><strong>εἰς</strong></span> <span class='ocrx_word' id='word_1_394' title='bbox 1013 3654 1244 3726; x_wconf 87' lang='grc' dir='ltr'>ἀρότρου</span> <span class='ocrx_word' id='word_1_395' title='bbox 1273 3656 1461 3727; x_wconf 87' lang='grc' dir='ltr'>χρείαν</span> <span class='ocrx_word' id='word_1_396' title='bbox 1499 3657 1865 3729; x_wconf 79' lang='grc' dir='ltr'>ἐπιλαμϐάνε-</span> 
     </span>
    </p>
   </div>
   <div class='ocr_carea' id='block_1_55' title="bbox 292 3730 1863 3821">
    <p class='ocr_par' dir='ltr' id='par_1_55' title="bbox 292 3730 1863 3821">
     <span class='ocr_line' id='line_1_55' title="bbox 292 3730 1863 3821; baseline 0.006 -27"><span class='ocrx_word' id='word_1_397' title='bbox 292 3741 436 3795; x_wconf 80' lang='grc' dir='ltr'>σθαι’</span> <span class='ocrx_word' id='word_1_398' title='bbox 478 3742 571 3795; x_wconf 75' lang='grc' dir='ltr'>καὶ</span> <span class='ocrx_word' id='word_1_399' title='bbox 606 3744 718 3814; x_wconf 82' lang='grc' dir='ltr'><strong>μὴν</strong></span> <span class='ocrx_word' id='word_1_400' title='bbox 753 3744 849 3797; x_wconf 79' lang='grc' dir='ltr'>καὶ</span> <span class='ocrx_word' id='word_1_401' title='bbox 893 3744 1118 3815; x_wconf 80' lang='grc' dir='ltr'>ζιὸύνην</span> <span class='ocrx_word' id='word_1_402' title='bbox 1157 3730 1535 3804; x_wconf 84' lang='grc' dir='ltr'>ἀποτελεῖσθαι</span> <span class='ocrx_word' id='word_1_403' title='bbox 1564 3750 1863 3821; x_wconf 90' lang='grc' dir='ltr'>δρεπάνην,</span> 
     </span>
    </p>
   </div>
   <div class='ocr_carea' id='block_1_56' title="bbox 289 3833 1868 3913">
    <p class='ocr_par' dir='ltr' id='par_1_56' title="bbox 289 3833 1868 3913">
     <span class='ocr_line' id='line_1_56' title="bbox 289 3833 1868 3913; baseline 0.006 -29"><span class='ocrx_word' id='word_1_404' title='bbox 289 3833 593 3902; x_wconf 76' lang='grc' dir='ltr'>ἀπομαθεῖν</span> <span class='ocrx_word' id='word_1_405' title='bbox 619 3834 676 3888; x_wconf 83' lang='grc' dir='ltr'><strong>δὲ</strong></span> <span class='ocrx_word' id='word_1_406' title='bbox 720 3834 996 3899; x_wconf 85' lang='grc' dir='ltr'>παντελῶς</span> <span class='ocrx_word' id='word_1_407' title='bbox 1026 3835 1119 3891; x_wconf 80' lang='grc' dir='ltr'>τὸν</span> <span class='ocrx_word' id='word_1_408' title='bbox 1162 3837 1419 3909; x_wconf 87' lang='grc' dir='ltr'>πόλεμον,</span> <span class='ocrx_word' id='word_1_409' title='bbox 1465 3842 1560 3895; x_wconf 78' lang='grc' dir='ltr'><strong>καὶ</strong></span> <span class='ocrx_word' id='word_1_410' title='bbox 1592 3840 1690 3913; x_wconf 83' lang='grc' dir='ltr'><strong>τὴν</strong></span> <span class='ocrx_word' id='word_1_411' title='bbox 1730 3841 1868 3913; x_wconf 85' lang='grc' dir='ltr'>πρὸς</span> 
     </span>
    </p>
   </div>
   <div class='ocr_carea' id='block_1_57' title="bbox 290 3924 1863 4005">
    <p class='ocr_par' dir='ltr' id='par_1_57' title="bbox 290 3924 1863 4005">
     <span class='ocr_line' id='line_1_57' title="bbox 290 3924 1863 4005; baseline 0.006 -29"><span class='ocrx_word' id='word_1_412' title='bbox 290 3924 492 3995; x_wconf 79' lang='grc' dir='ltr'>ἄλληλα</span> <span class='ocrx_word' id='word_1_413' title='bbox 536 3926 914 3997; x_wconf 84' lang='grc' dir='ltr'>παραιτεῖσθαι</span> <span class='ocrx_word' id='word_1_414' title='bbox 967 3927 1169 3999; x_wconf 85' lang='grc' dir='ltr'>μάχην.</span> <span class='ocrx_word' id='word_1_415' title='bbox 1231 3930 1446 4003; x_wconf 81' lang='grc' dir='ltr'>Ἐπειδὴ</span> <span class='ocrx_word' id='word_1_416' title='bbox 1479 3934 1589 4005; x_wconf 87' lang='grc' dir='ltr'><strong>γάρ</strong></span> <span class='ocrx_word' id='word_1_417' title='bbox 1637 3933 1863 4004; x_wconf 76' lang='grc' dir='ltr'>βεϐασί-</span> 
     </span>
    </p>
   </div>
   <div class='ocr_carea' id='block_1_58' title="bbox 289 4016 1866 4096">
    <p class='ocr_par' dir='ltr' id='par_1_58' title="bbox 289 4016 1866 4096">
     <span class='ocr_line' id='line_1_58' title="bbox 289 4016 1866 4096; baseline 0.006 -29"><span class='ocrx_word' id='word_1_418' title='bbox 289 4016 449 4068; x_wconf 81' lang='grc' dir='ltr'>λευκε</span> <span class='ocrx_word' id='word_1_419' title='bbox 475 4016 582 4069; x_wconf 88' lang='grc' dir='ltr'><strong>τῶν</strong></span> <span class='ocrx_word' id='word_1_420' title='bbox 607 4018 775 4072; x_wconf 88' lang='grc' dir='ltr'>ἐθνῶν</span> <span class='ocrx_word' id='word_1_421' title='bbox 807 4022 835 4073; x_wconf 89' lang='lat'><strong>6</strong></span> <span class='ocrx_word' id='word_1_422' title='bbox 856 4021 1111 4091; x_wconf 84' lang='grc' dir='ltr'>Χριστὸς,</span> <span class='ocrx_word' id='word_1_423' title='bbox 1138 4023 1196 4085; x_wconf 84' lang='grc' dir='ltr'>ὃς</span> <span class='ocrx_word' id='word_1_424' title='bbox 1229 4023 1377 4075; x_wconf 83' lang='grc' dir='ltr'>ἐστιν</span> <span class='ocrx_word' id='word_1_425' title='bbox 1398 4026 1609 4096; x_wconf 82' lang='grc' dir='ltr'>εἰρήνη,</span> <span class='ocrx_word' id='word_1_426' title='bbox 1643 4027 1866 4093; x_wconf 90' lang='grc' dir='ltr'>γέγονεν</span> 
     </span>
    </p>
   </div>
   <div class='ocr_carea' id='block_1_59' title="bbox 289 4108 1865 4187">
    <p class='ocr_par' dir='ltr' id='par_1_59' title="bbox 289 4108 1865 4187">
     <span class='ocr_line' id='line_1_59' title="bbox 289 4108 1865 4187; baseline 0.006 -29"><span class='ocrx_word' id='word_1_427' title='bbox 289 4108 354 4158; x_wconf 88' lang='grc' dir='ltr'><strong>ἐκ</strong></span> <span class='ocrx_word' id='word_1_428' title='bbox 390 4108 553 4178; x_wconf 88' lang='grc' dir='ltr'>μέσου</span> <span class='ocrx_word' id='word_1_429' title='bbox 585 4110 733 4165; x_wconf 77' lang='grc' dir='ltr'>πᾶσά</span> <span class='ocrx_word' id='word_1_430' title='bbox 757 4127 816 4164; x_wconf 89' lang='grc' dir='ltr'><strong>τε</strong></span> <span class='ocrx_word' id='word_1_431' title='bbox 854 4113 1091 4183; x_wconf 88' lang='grc' dir='ltr'>διχόνοια</span> <span class='ocrx_word' id='word_1_432' title='bbox 1118 4113 1213 4166; x_wconf 71' lang='grc' dir='ltr'>καὶ</span> <span class='ocrx_word' id='word_1_433' title='bbox 1244 4113 1382 4184; x_wconf 78' lang='grc' dir='ltr'>ἔρις,</span> <span class='ocrx_word' id='word_1_434' title='bbox 1416 4117 1511 4169; x_wconf 79' lang='grc' dir='ltr'>καὶ</span> <span class='ocrx_word' id='word_1_435' title='bbox 1550 4116 1742 4187; x_wconf 86' lang='grc' dir='ltr'>μάχαι,</span> <span class='ocrx_word' id='word_1_436' title='bbox 1771 4118 1865 4170; x_wconf 76' lang='grc' dir='ltr'><strong>καὶ</strong></span> 
     </span>
    </p>
   </div>
   <div class='ocr_carea' id='block_1_60' title="bbox 288 4194 1861 4275">
    <p class='ocr_par' dir='ltr' id='par_1_60' title="bbox 288 4194 1861 4275">
     <span class='ocr_line' id='line_1_60' title="bbox 288 4194 1861 4275; baseline 0.006 -26"><span class='ocrx_word' id='word_1_437' title='bbox 288 4199 397 4250; x_wconf 79' lang='grc' dir='ltr'><strong>πᾶν</strong></span> <span class='ocrx_word' id='word_1_438' title='bbox 447 4194 587 4263; x_wconf 83' lang='grc' dir='ltr'>εἶδος</span> <span class='ocrx_word' id='word_1_439' title='bbox 629 4201 961 4266; x_wconf 81' lang='grc' dir='ltr'>πλεονεξίαςο</span> <span class='ocrx_word' id='word_1_440' title='bbox 1010 4203 1275 4275; x_wconf 78' lang='grc' dir='ltr'>ἐξῄρηται</span> <span class='ocrx_word' id='word_1_441' title='bbox 1321 4204 1378 4257; x_wconf 82' lang='grc' dir='ltr'>δὲ</span> <span class='ocrx_word' id='word_1_442' title='bbox 1420 4206 1514 4259; x_wconf 78' lang='grc' dir='ltr'>καὶ</span> <span class='ocrx_word' id='word_1_443' title='bbox 1562 4206 1631 4260; x_wconf 88' lang='grc' dir='ltr'><strong>τά</strong></span> <span class='ocrx_word' id='word_1_444' title='bbox 1668 4208 1733 4259; x_wconf 80' lang='grc' dir='ltr'><strong>ἐκ</strong></span> <span class='ocrx_word' id='word_1_445' title='bbox 1768 4206 1861 4260; x_wconf 85' lang='grc' dir='ltr'>τοῦ</span> 
     </span>
    </p>
   </div>
   <div class='ocr_carea' id='block_1_61' title="bbox 1983 1910 3567 1983">
    <p class='ocr_par' dir='ltr' id='par_1_61' title="bbox 1983 1910 3567 1983">
     <span class='ocr_line' id='line_1_61' title="bbox 1983 1910 3567 1983; baseline -0.004 -15"><span class='ocrx_word' id='word_1_446' title='bbox 1983 1924 2170 1982; x_wconf 86' lang='lat' dir='ltr'><strong>guunt.</strong></span> <span class='ocrx_word' id='word_1_447' title='bbox 2232 1912 2476 1969; x_wconf 82' lang='lat' dir='ltr'><strong>Praetlnit</strong></span> <span class='ocrx_word' id='word_1_448' title='bbox 2536 1914 2721 1983; x_wconf 89' lang='lat' dir='ltr'><strong>itaque</strong></span> <span class='ocrx_word' id='word_1_449' title='bbox 2796 1925 3036 1982; x_wconf 83' lang='lat' dir='ltr'><strong>tempus,</strong></span> <span class='ocrx_word' id='word_1_450' title='bbox 3093 1913 3168 1965; x_wconf 83' lang='grc' dir='ltr'>ιιιί</span> <span class='ocrx_word' id='word_1_451' title='bbox 3193 1911 3335 1975; x_wconf 78' lang='lat' dir='ltr'><strong>dixi,</strong></span> <span class='ocrx_word' id='word_1_452' title='bbox 3375 1910 3567 1964; x_wconf 89' lang='lat' dir='ltr'><strong>beatus</strong></span> 
     </span>
    </p>
   </div>
   <div class='ocr_carea' id='block_1_62' title="bbox 1985 2000 3563 2075">
    <p class='ocr_par' dir='ltr' id='par_1_62' title="bbox 1985 2000 3563 2075">
     <span class='ocr_line' id='line_1_62' title="bbox 1985 2000 3563 2075; baseline -0.003 -18"><span class='ocrx_word' id='word_1_453' title='bbox 1985 2006 2282 2075; x_wconf 83' lang='lat' dir='ltr'><strong>propheta,</strong></span> <span class='ocrx_word' id='word_1_454' title='bbox 2345 2011 2585 2073; x_wconf 81' lang='lat' dir='ltr'><strong>gentium</strong></span> <span class='ocrx_word' id='word_1_455' title='bbox 2667 2003 2967 2057; x_wconf 87' lang='lat' dir='ltr'><strong>vocationis</strong></span> <span class='ocrx_word' id='word_1_456' title='bbox 3041 2012 3095 2057; x_wconf 90' lang='lat' dir='ltr'><strong>et</strong></span> <span class='ocrx_word' id='word_1_457' title='bbox 3172 2000 3563 2055; x_wconf 88' lang='lat' dir='ltr'><strong>conversionis.</strong></span> 
     </span>
    </p>
   </div>
   <div class='ocr_carea' id='block_1_63' title="bbox 1981 2095 3564 2166">
    <p class='ocr_par' dir='ltr' id='par_1_63' title="bbox 1981 2095 3564 2166">
     <span class='ocr_line' id='line_1_63' title="bbox 1981 2095 3564 2166; baseline -0.004 -16"><span class='ocrx_word' id='word_1_458' title='bbox 1981 2097 2231 2163; x_wconf 83' lang='lat' dir='ltr'><strong>Quando,</strong></span> <span class='ocrx_word' id='word_1_459' title='bbox 2274 2096 2473 2166; x_wconf 91' lang='lat' dir='ltr'><strong>inquit,</strong></span> <span class='ocrx_word' id='word_1_460' title='bbox 2510 2095 2884 2151; x_wconf 82' lang='lat' dir='ltr'><strong>universitatis</strong></span> <span class='ocrx_word' id='word_1_461' title='bbox 2928 2096 3067 2149; x_wconf 88' lang='lat' dir='ltr'><strong>Deus</strong></span> <span class='ocrx_word' id='word_1_462' title='bbox 3108 2099 3163 2148; x_wconf 91' lang='lat' dir='ltr'><strong>et</strong></span> <span class='ocrx_word' id='word_1_463' title='bbox 3216 2097 3472 2162; x_wconf 78' lang='lat' dir='ltr'><strong>regnator</strong></span> <span class='ocrx_word' id='word_1_464' title='bbox 3501 2105 3564 2143; x_wconf 89' lang='lat' dir='ltr'><strong>ac</strong></span> 
     </span>
    </p>
   </div>
   <div class='ocr_carea' id='block_1_64' title="bbox 1983 2181 3562 2259">
    <p class='ocr_par' dir='ltr' id='par_1_64' title="bbox 1983 2181 3562 2259">
     <span class='ocr_line' id='line_1_64' title="bbox 1983 2181 3562 2259; baseline -0.006 -16"><span class='ocrx_word' id='word_1_465' title='bbox 1983 2189 2241 2244; x_wconf 86' lang='lat' dir='ltr'><strong>Dominus</strong></span> <span class='ocrx_word' id='word_1_466' title='bbox 2282 2190 2422 2243; x_wconf 88' lang='lat' dir='ltr'><strong>inter</strong></span> <span class='ocrx_word' id='word_1_467' title='bbox 2471 2197 2657 2259; x_wconf 79' lang='lat' dir='ltr'><strong>gentes</strong></span> <span class='ocrx_word' id='word_1_468' title='bbox 2685 2187 2983 2256; x_wconf 74' lang='lat' dir='ltr'><strong>iudicabit,</strong></span> <span class='ocrx_word' id='word_1_469' title='bbox 3026 2186 3130 2241; x_wconf 90' lang='lat' dir='ltr'><strong>hoc</strong></span> <span class='ocrx_word' id='word_1_470' title='bbox 3178 2194 3262 2239; x_wconf 90' lang='lat' dir='ltr'><strong>est</strong></span> <span class='ocrx_word' id='word_1_471' title='bbox 3290 2181 3562 2255; x_wconf 86' lang='lat' dir='ltr'><strong>justitiam</strong></span> 
     </span>
    </p>
   </div>
   <div class='ocr_carea' id='block_1_65' title="bbox 1979 2273 3563 2354">
    <p class='ocr_par' dir='ltr' id='par_1_65' title="bbox 1979 2273 3563 2354">
     <span class='ocr_line' id='line_1_65' title="bbox 1979 2273 3563 2354; baseline -0.006 -16"><span class='ocrx_word' id='word_1_472' title='bbox 1979 2283 2090 2354; x_wconf 80' lang='lat'><strong>39</strong></span> <span class='ocrx_word' id='word_1_473' title='bbox 2113 2297 2176 2338; x_wconf 89' lang='lat' dir='ltr'><strong>ac</strong></span> <span class='ocrx_word' id='word_1_474' title='bbox 2189 2281 2451 2351; x_wconf 84' lang='lat' dir='ltr'><strong>judicium</strong></span> <span class='ocrx_word' id='word_1_475' title='bbox 2465 2296 2591 2351; x_wconf 90' lang='lat' dir='ltr'><strong>erga</strong></span> <span class='ocrx_word' id='word_1_476' title='bbox 2612 2295 2802 2335; x_wconf 90' lang='lat' dir='ltr'><strong>omnes</strong></span> <span class='ocrx_word' id='word_1_477' title='bbox 2815 2288 3004 2350; x_wconf 82' lang='lat' dir='ltr'><strong>gentes</strong></span> <span class='ocrx_word' id='word_1_478' title='bbox 3021 2276 3314 2331; x_wconf 83' lang='lat' dir='ltr'><strong>exercebit.</strong></span> <span class='ocrx_word' id='word_1_479' title='bbox 3346 2273 3563 2328; x_wconf 67' lang='lat' dir='ltr'><strong>Praeva-</strong></span> 
     </span>
    </p>
   </div>
   <div class='ocr_carea' id='block_1_66' title="bbox 1979 2368 3562 2443">
    <p class='ocr_par' dir='ltr' id='par_1_66' title="bbox 1979 2368 3562 2443">
     <span class='ocr_line' id='line_1_66' title="bbox 1979 2368 3562 2443; baseline -0.006 -15"><span class='ocrx_word' id='word_1_480' title='bbox 1979 2374 2079 2428; x_wconf 92' lang='lat' dir='ltr'><strong>luit</strong></span> <span class='ocrx_word' id='word_1_481' title='bbox 2103 2373 2269 2441; x_wconf 88' lang='lat' dir='ltr'><strong>enitn,</strong></span> <span class='ocrx_word' id='word_1_482' title='bbox 2327 2382 2385 2427; x_wconf 92' lang='lat' dir='ltr'><strong>ut</strong></span> <span class='ocrx_word' id='word_1_483' title='bbox 2406 2372 2519 2443; x_wconf 85' lang='lat' dir='ltr'><strong>jam</strong></span> <span class='ocrx_word' id='word_1_484' title='bbox 2543 2372 2675 2438; x_wconf 82' lang='lat' dir='ltr'><strong>dixi,</strong></span> <span class='ocrx_word' id='word_1_485' title='bbox 2709 2370 2992 2441; x_wconf 85' lang='lat' dir='ltr'><strong>injustitia,</strong></span> <span class='ocrx_word' id='word_1_486' title='bbox 3021 2368 3269 2440; x_wconf 81' lang='lat' dir='ltr'><strong>gentibus</strong></span> <span class='ocrx_word' id='word_1_487' title='bbox 3296 2382 3354 2422; x_wconf 83' lang='lat' dir='ltr'><strong>se</strong></span> <span class='ocrx_word' id='word_1_488' title='bbox 3378 2374 3562 2420; x_wconf 92' lang='lat' dir='ltr'><strong>mutuo</strong></span> 
     </span>
    </p>
   </div>
   <div class='ocr_carea' id='block_1_67' title="bbox 1980 2456 3559 2534">
    <p class='ocr_par' dir='ltr' id='par_1_67' title="bbox 1980 2456 3559 2534">
     <span class='ocr_line' id='line_1_67' title="bbox 1980 2456 3559 2534; baseline -0.006 -15"><span class='ocrx_word' id='word_1_489' title='bbox 1980 2464 2378 2534; x_wconf 85' lang='lat' dir='ltr'><strong>diripientibus,</strong></span> <span class='ocrx_word' id='word_1_490' title='bbox 2431 2473 2485 2518; x_wconf 88' lang='lat' dir='ltr'><strong>et</strong></span> <span class='ocrx_word' id='word_1_491' title='bbox 2527 2476 2688 2517; x_wconf 89' lang='lat' dir='ltr'><strong>omne</strong></span> <span class='ocrx_word' id='word_1_492' title='bbox 2722 2476 2894 2532; x_wconf 87' lang='lat' dir='ltr'><strong>genus</strong></span> <span class='ocrx_word' id='word_1_493' title='bbox 2954 2459 3304 2515; x_wconf 88' lang='lat' dir='ltr'><strong>immanitatis</strong></span> <span class='ocrx_word' id='word_1_494' title='bbox 3353 2468 3407 2512; x_wconf 92' lang='lat' dir='ltr'><strong>et</strong></span> <span class='ocrx_word' id='word_1_495' title='bbox 3437 2456 3559 2511; x_wconf 89' lang='lat' dir='ltr'><strong>libi-</strong></span> 
     </span>
    </p>
   </div>
   <div class='ocr_carea' id='block_1_68' title="bbox 1979 2547 3562 2617">
    <p class='ocr_par' dir='ltr' id='par_1_68' title="bbox 1979 2547 3562 2617">
     <span class='ocr_line' id='line_1_68' title="bbox 1979 2547 3562 2617; baseline -0.003 -10"><span class='ocrx_word' id='word_1_496' title='bbox 1979 2556 2122 2610; x_wconf 86' lang='lat' dir='ltr'><strong>dinis</strong></span> <span class='ocrx_word' id='word_1_497' title='bbox 2148 2554 2543 2609; x_wconf 86' lang='lat' dir='ltr'><strong>invehentibus.</strong></span> <span class='ocrx_word' id='word_1_498' title='bbox 2580 2553 2675 2608; x_wconf 91' lang='lat' dir='ltr'><strong>llis</strong></span> <span class='ocrx_word' id='word_1_499' title='bbox 2712 2568 2841 2607; x_wconf 89' lang='lat' dir='ltr'><strong>vero</strong></span> <span class='ocrx_word' id='word_1_500' title='bbox 2893 2568 2924 2607; x_wconf 88' lang='lat' dir='ltr'><strong>e</strong></span> <span class='ocrx_word' id='word_1_501' title='bbox 2969 2551 3143 2605; x_wconf 90' lang='lat' dir='ltr'><strong>medio</strong></span> <span class='ocrx_word' id='word_1_502' title='bbox 3173 2550 3420 2612; x_wconf 89' lang='lat' dir='ltr'><strong>sublatis,</strong></span> <span class='ocrx_word' id='word_1_503' title='bbox 3442 2547 3562 2617; x_wconf 84' lang='lat' dir='ltr'><strong>jus-</strong></span> 
     </span>
    </p>
   </div>
   <div class='ocr_carea' id='block_1_69' title="bbox 1983 2642 3551 2714">
    <p class='ocr_par' dir='ltr' id='par_1_69' title="bbox 1983 2642 3551 2714">
     <span class='ocr_line' id='line_1_69' title="bbox 1983 2642 3551 2714; baseline -0.004 -14"><span class='ocrx_word' id='word_1_504' title='bbox 1983 2648 2097 2700; x_wconf 91' lang='lat' dir='ltr'><strong>titia</strong></span> <span class='ocrx_word' id='word_1_505' title='bbox 2149 2656 2203 2701; x_wconf 89' lang='lat' dir='ltr'><strong>et</strong></span> <span class='ocrx_word' id='word_1_506' title='bbox 2226 2645 2490 2714; x_wconf 89' lang='lat' dir='ltr'><strong>judicium</strong></span> <span class='ocrx_word' id='word_1_507' title='bbox 2514 2661 2544 2699; x_wconf 90' lang='lat' dir='ltr'><strong>a</strong></span> <span class='ocrx_word' id='word_1_508' title='bbox 2577 2645 2684 2699; x_wconf 88' lang='lat' dir='ltr'><strong>Deo</strong></span> <span class='ocrx_word' id='word_1_509' title='bbox 2710 2654 2835 2699; x_wconf 92' lang='lat' dir='ltr'><strong>sunt</strong></span> <span class='ocrx_word' id='word_1_510' title='bbox 2869 2644 2994 2699; x_wconf 86' lang='lat' dir='ltr'><strong>data</strong></span> <span class='ocrx_word' id='word_1_511' title='bbox 3029 2661 3041 2697; x_wconf 91' lang='lat'><strong>:</strong></span> <span class='ocrx_word' id='word_1_512' title='bbox 3076 2653 3131 2697; x_wconf 91' lang='lat' dir='ltr'><strong>et</strong></span> <span class='ocrx_word' id='word_1_513' title='bbox 3160 2642 3551 2712; x_wconf 88' lang='lat' dir='ltr'><strong>arguebantur,</strong></span> 
     </span>
    </p>
   </div>
   <div class='ocr_carea' id='block_1_70' title="bbox 1981 2734 3560 2808">
    <p class='ocr_par' dir='ltr' id='par_1_70' title="bbox 1981 2734 3560 2808">
     <span class='ocr_line' id='line_1_70' title="bbox 1981 2734 3560 2808; baseline -0.004 -15"><span class='ocrx_word' id='word_1_514' title='bbox 1981 2748 2038 2793; x_wconf 89' lang='lat' dir='ltr'><strong>ut</strong></span> <span class='ocrx_word' id='word_1_515' title='bbox 2065 2738 2201 2803; x_wconf 77' lang='lat' dir='ltr'><strong>dixi,</strong></span> <span class='ocrx_word' id='word_1_516' title='bbox 2225 2750 2413 2808; x_wconf 84' lang='lat' dir='ltr'><strong>gentes</strong></span> <span class='ocrx_word' id='word_1_517' title='bbox 2435 2736 2617 2791; x_wconf 79' lang='lat' dir='ltr'><strong>multa:</strong></span> <span class='ocrx_word' id='word_1_518' title='bbox 2654 2735 2913 2790; x_wconf 76' lang='lat' dir='ltr'><strong>Romanis</strong></span> <span class='ocrx_word' id='word_1_519' title='bbox 2939 2735 3105 2788; x_wconf 86' lang='lat' dir='ltr'><strong>armis</strong></span> <span class='ocrx_word' id='word_1_520' title='bbox 3130 2734 3352 2788; x_wconf 66' lang='lat' dir='ltr'><strong>devictas</strong></span> <span class='ocrx_word' id='word_1_521' title='bbox 3384 2750 3397 2787; x_wconf 89' lang='lat'><strong>:</strong></span> <span class='ocrx_word' id='word_1_522' title='bbox 3425 2736 3560 2787; x_wconf 86' lang='lat' dir='ltr'><strong>adeo</strong></span> 
     </span>
    </p>
   </div>
   <div class='ocr_carea' id='block_1_71' title="bbox 1983 2822 3562 2897">
    <p class='ocr_par' dir='ltr' id='par_1_71' title="bbox 1983 2822 3562 2897">
     <span class='ocr_line' id='line_1_71' title="bbox 1983 2822 3562 2897; baseline -0.005 -14"><span class='ocrx_word' id='word_1_523' title='bbox 1983 2840 2040 2883; x_wconf 93' lang='lat' dir='ltr'><strong>nt</strong></span> <span class='ocrx_word' id='word_1_524' title='bbox 2076 2827 2388 2897; x_wconf 80' lang='lat' dir='ltr'><strong>imperatori</strong></span> <span class='ocrx_word' id='word_1_525' title='bbox 2417 2826 2648 2880; x_wconf 82' lang='lat' dir='ltr'><strong>subditae</strong></span> <span class='ocrx_word' id='word_1_526' title='bbox 2667 2825 2844 2880; x_wconf 89' lang='lat' dir='ltr'><strong>nullos</strong></span> <span class='ocrx_word' id='word_1_527' title='bbox 2867 2824 3099 2892; x_wconf 87' lang='lat' dir='ltr'><strong>amplius</strong></span> <span class='ocrx_word' id='word_1_528' title='bbox 3128 2825 3359 2890; x_wconf 86' lang='lat' dir='ltr'><strong>impetus</strong></span> <span class='ocrx_word' id='word_1_529' title='bbox 3386 2822 3562 2876; x_wconf 80' lang='lat' dir='ltr'><strong>refor-</strong></span> 
     </span>
    </p>
   </div>
   <div class='ocr_carea' id='block_1_72' title="bbox 1980 2912 3562 2987">
    <p class='ocr_par' dir='ltr' id='par_1_72' title="bbox 1980 2912 3562 2987">
     <span class='ocr_line' id='line_1_72' title="bbox 1980 2912 3562 2987; baseline -0.004 -13"><span class='ocrx_word' id='word_1_530' title='bbox 1980 2920 2268 2977; x_wconf 86' lang='lat' dir='ltr'><strong>tnidarent.</strong></span> <span class='ocrx_word' id='word_1_531' title='bbox 2333 2920 2410 2972; x_wconf 82' lang='lat' dir='ltr'><strong>Eo</strong></span> <span class='ocrx_word' id='word_1_532' title='bbox 2451 2918 2684 2987; x_wconf 89' lang='lat' dir='ltr'><strong>denique</strong></span> <span class='ocrx_word' id='word_1_533' title='bbox 2724 2915 3131 2985; x_wconf 88' lang='lat' dir='ltr'><strong>tranquillitatis</strong></span> <span class='ocrx_word' id='word_1_534' title='bbox 3174 2922 3227 2967; x_wconf 94' lang='lat' dir='ltr'><strong>et</strong></span> <span class='ocrx_word' id='word_1_535' title='bbox 3256 2913 3417 2968; x_wconf 90' lang='lat' dir='ltr'><strong>simul</strong></span> <span class='ocrx_word' id='word_1_536' title='bbox 3442 2912 3562 2968; x_wconf 78' lang='lat' dir='ltr'><strong>feli-</strong></span> 
     </span>
    </p>
   </div>
   <div class='ocr_carea' id='block_1_73' title="bbox 1977 3006 3561 3077">
    <p class='ocr_par' dir='ltr' id='par_1_73' title="bbox 1977 3006 3561 3077">
     <span class='ocr_line' id='line_1_73' title="bbox 1977 3006 3561 3077; baseline -0.005 -8"><span class='ocrx_word' id='word_1_537' title='bbox 1977 3014 2157 3070; x_wconf 84' lang='lat' dir='ltr'><strong>citatis</strong></span> <span class='ocrx_word' id='word_1_538' title='bbox 2209 3028 2299 3068; x_wconf 83' lang='lat' dir='ltr'><strong>res</strong></span> <span class='ocrx_word' id='word_1_539' title='bbox 2349 3027 2537 3066; x_wconf 90' lang='lat' dir='ltr'><strong>eorum</strong></span> <span class='ocrx_word' id='word_1_540' title='bbox 2593 3020 2882 3075; x_wconf 88' lang='lat' dir='ltr'><strong>venerunt,</strong></span> <span class='ocrx_word' id='word_1_541' title='bbox 2924 3020 3114 3062; x_wconf 87' lang='lat' dir='ltr'><strong>utnon</strong></span> <span class='ocrx_word' id='word_1_542' title='bbox 3171 3006 3284 3077; x_wconf 85' lang='lat' dir='ltr'><strong>jam</strong></span> <span class='ocrx_word' id='word_1_543' title='bbox 3330 3008 3561 3076; x_wconf 75' lang='lat' dir='ltr'><strong>amplius</strong></span> 
     </span>
    </p>
   </div>
   <div class='ocr_carea' id='block_1_74' title="bbox 1981 3099 3557 3169">
    <p class='ocr_par' dir='ltr' id='par_1_74' title="bbox 1981 3099 3557 3169">
     <span class='ocr_line' id='line_1_74' title="bbox 1981 3099 3557 3169; baseline -0.003 -13"><span class='ocrx_word' id='word_1_544' title='bbox 1981 3106 2189 3161; x_wconf 71' lang='lat' dir='ltr'><strong>bellica:</strong></span> <span class='ocrx_word' id='word_1_545' title='bbox 2240 3104 2316 3158; x_wconf 90' lang='lat' dir='ltr'><strong>rei</strong></span> <span class='ocrx_word' id='word_1_546' title='bbox 2364 3104 2628 3158; x_wconf 82' lang='lat' dir='ltr'><strong>facultate</strong></span> <span class='ocrx_word' id='word_1_547' title='bbox 2682 3114 2737 3157; x_wconf 90' lang='lat' dir='ltr'><strong>et</strong></span> <span class='ocrx_word' id='word_1_548' title='bbox 2796 3101 3188 3157; x_wconf 84' lang='lat' dir='ltr'><strong>exercitatione</strong></span> <span class='ocrx_word' id='word_1_549' title='bbox 3230 3099 3557 3169; x_wconf 84' lang='lat' dir='ltr'><strong>indigerent,</strong></span> 
     </span>
    </p>
   </div>
   <div class='ocr_carea' id='block_1_75' title="bbox 1976 3193 3556 3265">
    <p class='ocr_par' dir='ltr' id='par_1_75' title="bbox 1976 3193 3556 3265">
     <span class='ocr_line' id='line_1_75' title="bbox 1976 3193 3556 3265; baseline -0.004 -12"><span class='ocrx_word' id='word_1_550' title='bbox 1976 3197 2071 3253; x_wconf 89' lang='lat' dir='ltr'><strong>sed</strong></span> <span class='ocrx_word' id='word_1_551' title='bbox 2113 3198 2293 3251; x_wconf 85' lang='lat' dir='ltr'><strong>munia</strong></span> <span class='ocrx_word' id='word_1_552' title='bbox 2351 3196 2503 3265; x_wconf 82' lang='lat' dir='ltr'><strong>pacis</strong></span> <span class='ocrx_word' id='word_1_553' title='bbox 2559 3196 2715 3265; x_wconf 91' lang='lat' dir='ltr'><strong>longe</strong></span> <span class='ocrx_word' id='word_1_554' title='bbox 2771 3195 3044 3249; x_wconf 89' lang='lat' dir='ltr'><strong>lubentius</strong></span> <span class='ocrx_word' id='word_1_555' title='bbox 3075 3193 3556 3264; x_wconf 87' lang='lat' dir='ltr'><strong>amplecterentur,</strong></span> 
     </span>
    </p>
   </div>
   <div class='ocr_carea' id='block_1_76' title="bbox 1976 3286 3556 3357">
    <p class='ocr_par' dir='ltr' id='par_1_76' title="bbox 1976 3286 3556 3357">
     <span class='ocr_line' id='line_1_76' title="bbox 1976 3286 3556 3357; baseline -0.001 -14"><span class='ocrx_word' id='word_1_556' title='bbox 1976 3299 2032 3343; x_wconf 92' lang='lat' dir='ltr'><strong>et</strong></span> <span class='ocrx_word' id='word_1_557' title='bbox 2072 3287 2283 3343; x_wconf 88' lang='lat' dir='ltr'><strong>labores</strong></span> <span class='ocrx_word' id='word_1_558' title='bbox 2303 3286 2536 3342; x_wconf 88' lang='lat' dir='ltr'><strong>rusticos</strong></span> <span class='ocrx_word' id='word_1_559' title='bbox 2567 3286 2829 3350; x_wconf 88' lang='lat' dir='ltr'><strong>colerent,</strong></span> <span class='ocrx_word' id='word_1_560' title='bbox 2871 3286 3059 3355; x_wconf 89' lang='lat' dir='ltr'><strong>reique</strong></span> <span class='ocrx_word' id='word_1_561' title='bbox 3102 3286 3331 3357; x_wconf 68' lang='lat' dir='ltr'><strong>agraria:</strong></span> <span class='ocrx_word' id='word_1_562' title='bbox 3367 3302 3556 3342; x_wconf 81' lang='lat' dir='ltr'><strong>curam</strong></span> 
     </span>
    </p>
   </div>
   <div class='ocr_carea' id='block_1_77' title="bbox 1975 3377 3554 3465">
    <p class='ocr_par' dir='ltr' id='par_1_77' title="bbox 1975 3377 3554 3465">
     <span class='ocr_line' id='line_1_77' title="bbox 1975 3377 3554 3465; baseline -0.003 -29"><span class='ocrx_word' id='word_1_563' title='bbox 1975 3380 2334 3446; x_wconf 87' lang='lat' dir='ltr'><strong>susciperent.</strong></span> <span class='ocrx_word' id='word_1_564' title='bbox 2367 3377 2420 3431; x_wconf 93' lang='lat' dir='ltr'><strong>In</strong></span> <span class='ocrx_word' id='word_1_565' title='bbox 2452 3378 2736 3465; x_wconf 56' lang='lat' dir='ltr'><strong>hoe’enint</strong></span> <span class='ocrx_word' id='word_1_566' title='bbox 2761 3377 2885 3432; x_wconf 87' lang='lat' dir='ltr'><strong>belli</strong></span> <span class='ocrx_word' id='word_1_567' title='bbox 2920 3387 3134 3432; x_wconf 86' lang='lat' dir='ltr'><strong>mutant</strong></span> <span class='ocrx_word' id='word_1_568' title='bbox 3173 3377 3554 3443; x_wconf 88' lang='lat' dir='ltr'><strong>instrumenta,</strong></span> 
     </span>
    </p>
   </div>
   <div class='ocr_carea' id='block_1_78' title="bbox 1976 3467 3558 3542">
    <p class='ocr_par' dir='ltr' id='par_1_78' title="bbox 1976 3467 3558 3542">
     <span class='ocr_line' id='line_1_78' title="bbox 1976 3467 3558 3542; baseline -0.004 -16"><span class='ocrx_word' id='word_1_569' title='bbox 1976 3482 2032 3526; x_wconf 93' lang='lat' dir='ltr'><strong>ut</strong></span> <span class='ocrx_word' id='word_1_570' title='bbox 2067 3470 2277 3542; x_wconf 87' lang='lat' dir='ltr'><strong>gladius</strong></span> <span class='ocrx_word' id='word_1_571' title='bbox 2306 3472 2374 3523; x_wconf 89' lang='lat' dir='ltr'><strong>ad</strong></span> <span class='ocrx_word' id='word_1_572' title='bbox 2400 3468 2570 3524; x_wconf 89' lang='lat' dir='ltr'><strong>aratri</strong></span> <span class='ocrx_word' id='word_1_573' title='bbox 2596 3484 2751 3523; x_wconf 85' lang='lat' dir='ltr'><strong>usum</strong></span> <span class='ocrx_word' id='word_1_574' title='bbox 2786 3478 3118 3533; x_wconf 87' lang='lat' dir='ltr'><strong>assumatur,</strong></span> <span class='ocrx_word' id='word_1_575' title='bbox 3150 3467 3333 3523; x_wconf 86' lang='lat' dir='ltr'><strong>lancea</strong></span> <span class='ocrx_word' id='word_1_576' title='bbox 3365 3468 3558 3524; x_wconf 76' lang='lat' dir='ltr'><strong>ellicia-</strong></span> 
     </span>
    </p>
   </div>
   <div class='ocr_carea' id='block_1_79' title="bbox 1977 3558 3553 3627">
    <p class='ocr_par' dir='ltr' id='par_1_79' title="bbox 1977 3558 3553 3627">
     <span class='ocr_line' id='line_1_79' title="bbox 1977 3558 3553 3627; baseline -0.002 -11"><span class='ocrx_word' id='word_1_577' title='bbox 1977 3573 2064 3617; x_wconf 88' lang='lat' dir='ltr'><strong>tur</strong></span> <span class='ocrx_word' id='word_1_578' title='bbox 2112 3561 2246 3625; x_wconf 79' lang='lat' dir='ltr'><strong>falx,</strong></span> <span class='ocrx_word' id='word_1_579' title='bbox 2278 3562 2608 3626; x_wconf 88' lang='lat' dir='ltr'><strong>omninoque</strong></span> <span class='ocrx_word' id='word_1_580' title='bbox 2638 3558 2833 3614; x_wconf 88' lang='lat' dir='ltr'><strong>bellum</strong></span> <span class='ocrx_word' id='word_1_581' title='bbox 2868 3559 3169 3624; x_wconf 88' lang='lat' dir='ltr'><strong>dediscant,</strong></span> <span class='ocrx_word' id='word_1_582' title='bbox 3210 3569 3265 3614; x_wconf 90' lang='lat' dir='ltr'><strong>et</strong></span> <span class='ocrx_word' id='word_1_583' title='bbox 3308 3559 3553 3627; x_wconf 76' lang='lat' dir='ltr'><strong>prmliari</strong></span> 
     </span>
    </p>
   </div>
   <div class='ocr_carea' id='block_1_80' title="bbox 1971 3649 3555 3723">
    <p class='ocr_par' dir='ltr' id='par_1_80' title="bbox 1971 3649 3555 3723">
     <span class='ocr_line' id='line_1_80' title="bbox 1971 3649 3555 3723; baseline -0.003 -14"><span class='ocrx_word' id='word_1_584' title='bbox 1971 3655 2112 3709; x_wconf 89' lang='lat' dir='ltr'><strong>inter</strong></span> <span class='ocrx_word' id='word_1_585' title='bbox 2158 3669 2217 3709; x_wconf 90' lang='lat' dir='ltr'><strong>se</strong></span> <span class='ocrx_word' id='word_1_586' title='bbox 2272 3654 2684 3723; x_wconf 85' lang='lat' dir='ltr'><strong>supersedeant.</strong></span> <span class='ocrx_word' id='word_1_587' title='bbox 2752 3649 3021 3706; x_wconf 80' lang='lat' dir='ltr'><strong>Gentibus</strong></span> <span class='ocrx_word' id='word_1_588' title='bbox 3060 3651 3203 3706; x_wconf 90' lang='lat' dir='ltr'><strong>enim</strong></span> <span class='ocrx_word' id='word_1_589' title='bbox 3254 3654 3555 3722; x_wconf 84' lang='lat' dir='ltr'><strong>imperante</strong></span> 
     </span>
    </p>
   </div>
   <div class='ocr_carea' id='block_1_81' title="bbox 1972 3745 3554 3815">
    <p class='ocr_par' dir='ltr' id='par_1_81' title="bbox 1972 3745 3554 3815">
     <span class='ocr_line' id='line_1_81' title="bbox 1972 3745 3554 3815; baseline 0.001 -14"><span class='ocrx_word' id='word_1_590' title='bbox 1972 3746 2208 3812; x_wconf 90' lang='lat' dir='ltr'><strong>Christo,</strong></span> <span class='ocrx_word' id='word_1_591' title='bbox 2267 3745 2360 3815; x_wconf 89' lang='lat' dir='ltr'><strong>qui</strong></span> <span class='ocrx_word' id='word_1_592' title='bbox 2403 3755 2487 3801; x_wconf 90' lang='lat' dir='ltr'><strong>est</strong></span> <span class='ocrx_word' id='word_1_593' title='bbox 2520 3759 2645 3813; x_wconf 79' lang='lat' dir='ltr'><strong>pax,</strong></span> <span class='ocrx_word' id='word_1_594' title='bbox 2678 3760 2709 3799; x_wconf 91' lang='lat' dir='ltr'><strong>e</strong></span> <span class='ocrx_word' id='word_1_595' title='bbox 2737 3745 2917 3801; x_wconf 91' lang='lat' dir='ltr'><strong>medio</strong></span> <span class='ocrx_word' id='word_1_596' title='bbox 2974 3746 3222 3800; x_wconf 87' lang='lat' dir='ltr'><strong>submota</strong></span> <span class='ocrx_word' id='word_1_597' title='bbox 3254 3754 3338 3801; x_wconf 88' lang='lat' dir='ltr'><strong>est</strong></span> <span class='ocrx_word' id='word_1_598' title='bbox 3374 3746 3554 3803; x_wconf 88' lang='lat' dir='ltr'><strong>omnis</strong></span> 
     </span>
    </p>
   </div>
   <div class='ocr_carea' id='block_1_82' title="bbox 1971 3838 3553 3911">
    <p class='ocr_par' dir='ltr' id='par_1_82' title="bbox 1971 3838 3553 3911">
     <span class='ocr_line' id='line_1_82' title="bbox 1971 3838 3553 3911; baseline -0.002 -16"><span class='ocrx_word' id='word_1_599' title='bbox 1971 3838 2263 3901; x_wconf 90' lang='lat' dir='ltr'><strong>dissensio,</strong></span> <span class='ocrx_word' id='word_1_600' title='bbox 2284 3848 2339 3893; x_wconf 89' lang='lat' dir='ltr'><strong>et</strong></span> <span class='ocrx_word' id='word_1_601' title='bbox 2361 3839 2661 3902; x_wconf 86' lang='lat' dir='ltr'><strong>contentio,</strong></span> <span class='ocrx_word' id='word_1_602' title='bbox 2690 3848 2745 3890; x_wconf 90' lang='lat' dir='ltr'><strong>et</strong></span> <span class='ocrx_word' id='word_1_603' title='bbox 2776 3852 2986 3906; x_wconf 68' lang='lat' dir='ltr'><strong>pugnae,</strong></span> <span class='ocrx_word' id='word_1_604' title='bbox 3010 3847 3064 3892; x_wconf 90' lang='lat' dir='ltr'><strong>et</strong></span> <span class='ocrx_word' id='word_1_605' title='bbox 3083 3853 3243 3894; x_wconf 92' lang='lat' dir='ltr'><strong>omne</strong></span> <span class='ocrx_word' id='word_1_606' title='bbox 3267 3854 3438 3911; x_wconf 89' lang='lat' dir='ltr'><strong>genus</strong></span> <span class='ocrx_word' id='word_1_607' title='bbox 3458 3854 3553 3894; x_wconf 90' lang='lat' dir='ltr'><strong>cu-</strong></span> 
     </span>
    </p>
   </div>
   <div class='ocr_carea' id='block_1_83' title="bbox 1970 3929 3552 4000">
    <p class='ocr_par' dir='ltr' id='par_1_83' title="bbox 1970 3929 3552 4000">
     <span class='ocr_line' id='line_1_83' title="bbox 1970 3929 3552 4000; baseline -0.001 -15"><span class='ocrx_word' id='word_1_608' title='bbox 1970 3930 2254 4000; x_wconf 87' lang='lat' dir='ltr'><strong>piditatis:</strong></span> <span class='ocrx_word' id='word_1_609' title='bbox 2308 3940 2366 3984; x_wconf 91' lang='lat' dir='ltr'><strong>et</strong></span> <span class='ocrx_word' id='word_1_610' title='bbox 2413 3930 2628 3984; x_wconf 85' lang='lat' dir='ltr'><strong>sublata</strong></span> <span class='ocrx_word' id='word_1_611' title='bbox 2672 3938 2800 3982; x_wconf 88' lang='lat' dir='ltr'><strong>sunt</strong></span> <span class='ocrx_word' id='word_1_612' title='bbox 2859 3943 2983 3997; x_wconf 81' lang='lat' dir='ltr'><strong>quae</strong></span> <span class='ocrx_word' id='word_1_613' title='bbox 3026 3944 3094 3983; x_wconf 79' lang='lat' dir='ltr'><strong>ex</strong></span> <span class='ocrx_word' id='word_1_614' title='bbox 3124 3929 3265 3984; x_wconf 90' lang='lat' dir='ltr'><strong>bello</strong></span> <span class='ocrx_word' id='word_1_615' title='bbox 3301 3930 3552 3984; x_wconf 89' lang='lat' dir='ltr'><strong>oriuntur</strong></span> 
     </span>
    </p>
   </div>
   <div class='ocr_carea' id='block_1_84' title="bbox 1972 4020 3553 4089">
    <p class='ocr_par' dir='ltr' id='par_1_84' title="bbox 1972 4020 3553 4089">
     <span class='ocr_line' id='line_1_84' title="bbox 1972 4020 3553 4089; baseline 0 -12"><span class='ocrx_word' id='word_1_616' title='bbox 1972 4020 2338 4086; x_wconf 87' lang='lat' dir='ltr'><strong>incommoda,</strong></span> <span class='ocrx_word' id='word_1_617' title='bbox 2381 4031 2434 4075; x_wconf 90' lang='lat' dir='ltr'><strong>et</strong></span> <span class='ocrx_word' id='word_1_618' title='bbox 2456 4031 2655 4083; x_wconf 89' lang='lat' dir='ltr'><strong>metus,</strong></span> <span class='ocrx_word' id='word_1_619' title='bbox 2704 4021 2793 4089; x_wconf 86' lang='lat' dir='ltr'><strong>qui</strong></span> <span class='ocrx_word' id='word_1_620' title='bbox 2838 4021 2962 4076; x_wconf 87' lang='lat' dir='ltr'><strong>inde</strong></span> <span class='ocrx_word' id='word_1_621' title='bbox 3008 4021 3283 4087; x_wconf 88' lang='lat' dir='ltr'><strong>nascitur;</strong></span> <span class='ocrx_word' id='word_1_622' title='bbox 3314 4022 3553 4077; x_wconf 91' lang='lat' dir='ltr'><strong>obtinuit</strong></span> 
     </span>
    </p>
   </div>
   <div class='ocr_carea' id='block_1_85' title="bbox 1972 4112 3547 4183">
    <p class='ocr_par' dir='ltr' id='par_1_85' title="bbox 1972 4112 3547 4183">
     <span class='ocr_line' id='line_1_85' title="bbox 1972 4112 3547 4183; baseline -0.001 -15"><span class='ocrx_word' id='word_1_623' title='bbox 1972 4125 2152 4168; x_wconf 87' lang='lat' dir='ltr'><strong>autem</strong></span> <span class='ocrx_word' id='word_1_624' title='bbox 2207 4114 2325 4183; x_wconf 84' lang='lat' dir='ltr'><strong>ejus</strong></span> <span class='ocrx_word' id='word_1_625' title='bbox 2378 4112 2648 4175; x_wconf 87' lang='lat' dir='ltr'><strong>voluntas,</strong></span> <span class='ocrx_word' id='word_1_626' title='bbox 2716 4112 2807 4180; x_wconf 89' lang='lat' dir='ltr'><strong>qui</strong></span> <span class='ocrx_word' id='word_1_627' title='bbox 2875 4112 3029 4167; x_wconf 86' lang='lat' dir='ltr'><strong>nobis</strong></span> <span class='ocrx_word' id='word_1_628' title='bbox 3079 4113 3215 4167; x_wconf 89' lang='lat' dir='ltr'><strong>dicit</strong></span> <span class='ocrx_word' id='word_1_629' title='bbox 3249 4130 3263 4167; x_wconf 92' lang='lat'>:</span> <span class='ocrx_word' id='word_1_630' title='bbox 3296 4130 3315 4165; x_wconf 82' lang='grc' dir='ltr'><strong>ι</strong></span> <span class='ocrx_word' id='word_1_631' title='bbox 3351 4112 3547 4168; x_wconf 88' lang='lat' dir='ltr'><strong>Pacem</strong></span> 
     </span>
    </p>
   </div>
   <div class='ocr_carea' id='block_1_86' title="bbox 1971 4203 3542 4274">
    <p class='ocr_par' dir='ltr' id='par_1_86' title="bbox 1971 4203 3542 4274">
     <span class='ocr_line' id='line_1_86' title="bbox 1971 4203 3542 4274; baseline -0.002 -14"><span class='ocrx_word' id='word_1_632' title='bbox 1971 4220 2147 4260; x_wconf 83' lang='lat' dir='ltr'><strong>meam</strong></span> <span class='ocrx_word' id='word_1_633' title='bbox 2178 4205 2250 4260; x_wconf 92' lang='lat' dir='ltr'><strong>do</strong></span> <span class='ocrx_word' id='word_1_634' title='bbox 2304 4204 2480 4269; x_wconf 86' lang='lat' dir='ltr'><strong>vobis,</strong></span> <span class='ocrx_word' id='word_1_635' title='bbox 2538 4218 2722 4274; x_wconf 86' lang='lat' dir='ltr'><strong>pacem</strong></span> <span class='ocrx_word' id='word_1_636' title='bbox 2753 4218 2928 4258; x_wconf 87' lang='lat' dir='ltr'><strong>meam</strong></span> <span class='ocrx_word' id='word_1_637' title='bbox 2961 4203 3206 4274; x_wconf 85' lang='lat' dir='ltr'><strong>relinquo</strong></span> <span class='ocrx_word' id='word_1_638' title='bbox 3237 4205 3386 4260; x_wconf 87' lang='lat' dir='ltr'><strong>vobis</strong></span> <span class='ocrx_word' id='word_1_639' title='bbox 3414 4205 3480 4257; x_wconf 78' lang='grc'><strong>⁸⁷.</strong></span> <span class='ocrx_word' id='word_1_640' title='bbox 3523 4223 3542 4257; x_wconf 75' lang='grc' dir='ltr'><strong>ι</strong></span> 
     </span>
    </p>
   </div>
   <div class='ocr_carea' id='block_1_87' title="bbox 288 4291 3544 4368">
    <p class='ocr_par' dir='ltr' id='par_1_87' title="bbox 288 4291 3544 4368">
     <span class='ocr_line' id='line_1_87' title="bbox 288 4291 3544 4368; baseline 0.002 -25"><span class='ocrx_word' id='word_1_641' title='bbox 288 4291 524 4361; x_wconf 75' lang='grc' dir='ltr'>πολέμου</span> <span class='ocrx_word' id='word_1_642' title='bbox 612 4294 807 4365; x_wconf 74' lang='grc' dir='ltr'>βλάϐη,</span> <span class='ocrx_word' id='word_1_643' title='bbox 857 4296 954 4348; x_wconf 80' lang='grc' dir='ltr'><strong>καὶ</strong></span> <span class='ocrx_word' id='word_1_644' title='bbox 1025 4296 1096 4349; x_wconf 85' lang='grc' dir='ltr'>τὰ</span> <span class='ocrx_word' id='word_1_645' title='bbox 1142 4296 1392 4350; x_wconf 80' lang='grc' dir='ltr'>ἐντεῦθεν</span> <span class='ocrx_word' id='word_1_646' title='bbox 1462 4296 1731 4368; x_wconf 85' lang='grc' dir='ltr'>δείματα·</span> <span class='ocrx_word' id='word_1_647' title='bbox 1775 4298 2087 4367; x_wconf 82' lang='grc' dir='ltr'>κεκράτηκε</span> <span class='ocrx_word' id='word_1_648' title='bbox 2137 4295 2195 4348; x_wconf 86' lang='grc' dir='ltr'>δὲ</span> <span class='ocrx_word' id='word_1_649' title='bbox 2236 4294 2297 4348; x_wconf 87' lang='grc' dir='ltr'>τὺ</span> <span class='ocrx_word' id='word_1_650' title='bbox 2342 4293 2507 4347; x_wconf 80' lang='grc' dir='ltr'>αὑτοῦ</span> <span class='ocrx_word' id='word_1_651' title='bbox 2582 4292 2790 4365; x_wconf 84' lang='grc' dir='ltr'>θέλημα</span> <span class='ocrx_word' id='word_1_652' title='bbox 2834 4292 3083 4362; x_wconf 86' lang='grc' dir='ltr'>λέγοντος</span> <span class='ocrx_word' id='word_1_653' title='bbox 3135 4293 3271 4365; x_wconf 85' lang='grc' dir='ltr'>πρὸς</span> <span class='ocrx_word' id='word_1_654' title='bbox 3316 4293 3544 4359; x_wconf 77' lang='grc' dir='ltr'>αὐτούς’</span> 
     </span>
    </p>
   </div>
   <div class='ocr_carea' id='block_1_88' title="bbox 293 4368 2345 4462">
    <p class='ocr_par' dir='ltr' id='par_1_88' title="bbox 293 4368 2345 4462">
     <span class='ocr_line' id='line_1_88' title="bbox 293 4368 2345 4462; baseline 0.001 -26"><span class='ocrx_word' id='word_1_655' title='bbox 293 4404 311 4435; x_wconf 81' lang='grc' dir='ltr'><strong>ι</strong></span> <span class='ocrx_word' id='word_1_656' title='bbox 356 4386 594 4456; x_wconf 86' lang='grc' dir='ltr'>Εἰρήνην</span> <span class='ocrx_word' id='word_1_657' title='bbox 624 4368 725 4458; x_wconf 75' lang='grc' dir='ltr'>τὴν</span> <span class='ocrx_word' id='word_1_658' title='bbox 751 4389 908 4459; x_wconf 66' lang='grc' dir='ltr'>ἐμὴν,</span> <span class='ocrx_word' id='word_1_659' title='bbox 929 4389 1120 4460; x_wconf 85' lang='grc' dir='ltr'>δίδωμι</span> <span class='ocrx_word' id='word_1_660' title='bbox 1164 4391 1313 4461; x_wconf 82' lang='grc' dir='ltr'>ὑμῖν,</span> <span class='ocrx_word' id='word_1_661' title='bbox 1337 4390 1561 4462; x_wconf 82' lang='grc' dir='ltr'>εἰρήνην</span> <span class='ocrx_word' id='word_1_662' title='bbox 1588 4390 1685 4461; x_wconf 79' lang='grc' dir='ltr'><strong>τὴν</strong></span> <span class='ocrx_word' id='word_1_663' title='bbox 1724 4391 1862 4462; x_wconf 76' lang='grc' dir='ltr'>ἐμὴν</span> <span class='ocrx_word' id='word_1_664' title='bbox 1900 4391 2105 4459; x_wconf 86' lang='grc' dir='ltr'>ἀφίημι</span> <span class='ocrx_word' id='word_1_665' title='bbox 2142 4390 2290 4458; x_wconf 85' lang='grc' dir='ltr'>ὑμῖν.</span> <span class='ocrx_word' id='word_1_666' title='bbox 2327 4407 2345 4439; x_wconf 81' lang='grc' dir='ltr'><strong>ι</strong></span> 
     </span>
    </p>
   </div>
   <div class='ocr_carea' id='block_1_89' title="bbox 356 4474 1873 4554">
    <p class='ocr_par' dir='ltr' id='par_1_89' title="bbox 356 4474 1849 4554">
     <span class='ocr_line' id='line_1_89' title="bbox 356 4474 1849 4554; baseline 0.002 -17"><span class='ocrx_word' id='word_1_667' title='bbox 356 4474 465 4538; x_wconf 72' lang='lat' dir='ltr'><strong>Kal</strong></span> <span class='ocrx_word' id='word_1_668' title='bbox 499 4483 635 4547; x_wconf 83' lang='grc' dir='ltr'><strong>νῦν,</strong></span> <span class='ocrx_word' id='word_1_669' title='bbox 670 4486 703 4537; x_wconf 82' lang='grc' dir='ltr'><em>ὁ</em></span> <span class='ocrx_word' id='word_1_670' title='bbox 727 4481 894 4551; x_wconf 78' lang='grc' dir='ltr'>οἶκος</span> <span class='ocrx_word' id='word_1_671' title='bbox 914 4485 1020 4539; x_wconf 85' lang='grc' dir='ltr'>τοῦ</span> <span class='ocrx_word' id='word_1_672' title='bbox 1062 4486 1285 4552; x_wconf 78' lang='grc' dir='ltr'>Ἰακὼϐ,</span> <span class='ocrx_word' id='word_1_673' title='bbox 1317 4486 1511 4547; x_wconf 80' lang='grc' dir='ltr'>δεῦτε,</span> <span class='ocrx_word' id='word_1_674' title='bbox 1545 4486 1642 4540; x_wconf 82' lang='grc' dir='ltr'><strong>καί</strong></span> <span class='ocrx_word' id='word_1_675' title='bbox 1666 4502 1849 4554; x_wconf 82' lang='grc' dir='ltr'>πορευ</span> 
     </span>
    </p>
   </div>
   <div class='ocr_carea' id='block_1_90' title="bbox 1977 4474 3547 4554">
    <p class='ocr_par' dir='ltr' id='par_1_90' title="bbox 2046 4480 3547 4548">
     <span class='ocr_line' id='line_1_90' title="bbox 2046 4480 3547 4548; baseline -0.002 -13"><span class='ocrx_word' id='word_1_676' title='bbox 2046 4482 2211 4538; x_wconf 72' lang='lat' dir='ltr'><strong>Vsus.</strong></span> <span class='ocrx_word' id='word_1_677' title='bbox 2248 4483 2303 4547; x_wconf 81' lang='lat'><strong>5,</strong></span> <span class='ocrx_word' id='word_1_678' title='bbox 2334 4482 2388 4537; x_wconf 88' lang='lat'><strong>6.</strong></span> <span class='ocrx_word' id='word_1_679' title='bbox 2416 4482 2480 4536; x_wconf 84' lang='lat' dir='ltr'><strong>Et</strong></span> <span class='ocrx_word' id='word_1_680' title='bbox 2511 4499 2667 4548; x_wconf 82' lang='lat' dir='ltr'><strong>nunc,</strong></span> <span class='ocrx_word' id='word_1_681' title='bbox 2690 4482 2876 4535; x_wconf 83' lang='lat' dir='ltr'><strong>domus</strong></span> <span class='ocrx_word' id='word_1_682' title='bbox 2904 4480 3093 4544; x_wconf 73' lang='lat' dir='ltr'><strong>Iacob,</strong></span> <span class='ocrx_word' id='word_1_683' title='bbox 3119 4480 3305 4544; x_wconf 81' lang='lat' dir='ltr'><strong>venite,</strong></span> <span class='ocrx_word' id='word_1_684' title='bbox 3340 4492 3387 4535; x_wconf 80' lang='lat' dir='ltr'><strong>et</strong></span> <span class='ocrx_word' id='word_1_685' title='bbox 3422 4497 3547 4535; x_wconf 87' lang='lat' dir='ltr'><strong>am-</strong></span> 
     </span>
    </p>
   </div>
   <div class='ocr_carea' id='block_1_91' title="bbox 286 4571 1868 4647">
    <p class='ocr_par' dir='ltr' id='par_1_91' title="bbox 286 4571 1868 4647">
     <span class='ocr_line' id='line_1_91' title="bbox 286 4571 1868 4647; baseline 0.003 -21"><span class='ocrx_word' id='word_1_686' title='bbox 286 4571 478 4641; x_wconf 78' lang='grc' dir='ltr'>θῶμεν</span> <span class='ocrx_word' id='word_1_687' title='bbox 517 4571 597 4638; x_wconf 84' lang='grc' dir='ltr'>τῷ</span> <span class='ocrx_word' id='word_1_688' title='bbox 625 4574 770 4641; x_wconf 68' lang='grc' dir='ltr'><strong>φωτί</strong></span> <span class='ocrx_word' id='word_1_689' title='bbox 812 4576 1055 4644; x_wconf 82' lang='grc' dir='ltr'>Κυρίου.</span> <span class='ocrx_word' id='word_1_690' title='bbox 1107 4577 1358 4645; x_wconf 72' lang='grc' dir='ltr'>Ἀνῆκεν</span> <span class='ocrx_word' id='word_1_691' title='bbox 1401 4578 1512 4647; x_wconf 77' lang='grc' dir='ltr'>γὰρ</span> <span class='ocrx_word' id='word_1_692' title='bbox 1560 4577 1668 4630; x_wconf 78' lang='grc' dir='ltr'><strong>τὸν</strong></span> <span class='ocrx_word' id='word_1_693' title='bbox 1714 4577 1868 4630; x_wconf 74' lang='grc' dir='ltr'>λαὸν</span> 
     </span>
    </p>
   </div>
   <div class='ocr_carea' id='block_1_92' title="bbox 284 4661 1249 4735">
    <p class='ocr_par' dir='ltr' id='par_1_92' title="bbox 284 4661 1249 4735">
     <span class='ocr_line' id='line_1_92' title="bbox 284 4661 1249 4735; baseline 0.007 -20"><span class='ocrx_word' id='word_1_694' title='bbox 284 4662 472 4716; x_wconf 72' lang='grc' dir='ltr'>αὐτοῦ</span> <span class='ocrx_word' id='word_1_695' title='bbox 515 4664 621 4716; x_wconf 81' lang='grc' dir='ltr'><strong>τὸν</strong></span> <span class='ocrx_word' id='word_1_696' title='bbox 648 4661 816 4718; x_wconf 79' lang='grc' dir='ltr'>οἷκον</span> <span class='ocrx_word' id='word_1_697' title='bbox 834 4666 942 4720; x_wconf 83' lang='grc' dir='ltr'>τοῦ</span> <span class='ocrx_word' id='word_1_698' title='bbox 983 4666 1249 4735; x_wconf 79' lang='grc' dir='ltr'>Ἰσραήλ.</span> 
     </span>
    </p>
   </div>
   <div class='ocr_carea' id='block_1_93' title="bbox 356 4757 1866 4832">
    <p class='ocr_par' dir='ltr' id='par_1_93' title="bbox 356 4757 1866 4832">
     <span class='ocr_line' id='line_1_93' title="bbox 356 4757 1866 4832; baseline 0.005 -25"><span class='ocrx_word' id='word_1_699' title='bbox 356 4757 763 4827; x_wconf 82' lang='grc' dir='ltr'>Καταπτοήσας</span> <span class='ocrx_word' id='word_1_700' title='bbox 788 4757 1103 4829; x_wconf 86' lang='grc' dir='ltr'>ἀρκούντως</span> <span class='ocrx_word' id='word_1_701' title='bbox 1127 4760 1247 4822; x_wconf 86' lang='grc' dir='ltr'>ταῖς</span> <span class='ocrx_word' id='word_1_702' title='bbox 1280 4763 1723 4832; x_wconf 62' lang='grc' dir='ltr'>πωαναρῤήσεσι</span> <span class='ocrx_word' id='word_1_703' title='bbox 1756 4761 1866 4815; x_wconf 86' lang='grc' dir='ltr'><strong>τῶν</strong></span> 
     </span>
    </p>
   </div>
   <div class='ocr_carea' id='block_1_94' title="bbox 283 4847 1865 4920">
    <p class='ocr_par' dir='ltr' id='par_1_94' title="bbox 283 4847 1865 4920">
     <span class='ocr_line' id='line_1_94' title="bbox 283 4847 1865 4920; baseline 0.003 -19"><span class='ocrx_word' id='word_1_704' title='bbox 283 4847 495 4912; x_wconf 88' lang='grc' dir='ltr'>δεινῶν,</span> <span class='ocrx_word' id='word_1_705' title='bbox 555 4849 656 4900; x_wconf 82' lang='grc' dir='ltr'><strong>οὐκ</strong></span> <span class='ocrx_word' id='word_1_706' title='bbox 707 4850 775 4920; x_wconf 78' lang='grc' dir='ltr'>ἐᾷ</span> <span class='ocrx_word' id='word_1_707' title='bbox 822 4852 941 4913; x_wconf 91' lang='grc' dir='ltr'>ταῖς</span> <span class='ocrx_word' id='word_1_708' title='bbox 979 4849 1353 4918; x_wconf 86' lang='grc' dir='ltr'>ἀπογνώσεσιν</span> <span class='ocrx_word' id='word_1_709' title='bbox 1395 4852 1691 4906; x_wconf 88' lang='grc' dir='ltr'>ἀπολέσθαι</span> <span class='ocrx_word' id='word_1_710' title='bbox 1737 4853 1865 4916; x_wconf 79' lang='grc' dir='ltr'>τοὺς</span> 
     </span>
    </p>
   </div>
   <div class='ocr_carea' id='block_1_95' title="bbox 287 4940 1865 5013">
    <p class='ocr_par' dir='ltr' id='par_1_95' title="bbox 287 4940 1865 5013">
     <span class='ocr_line' id='line_1_95' title="bbox 287 4940 1865 5013; baseline 0.004 -22"><span class='ocrx_word' id='word_1_711' title='bbox 287 4940 841 5011; x_wconf 84' lang='grc' dir='ltr'>προσκεκρουκότας·</span> <span class='ocrx_word' id='word_1_712' title='bbox 905 4941 1237 5012; x_wconf 82' lang='grc' dir='ltr'>ὑπεμφαίνει</span> <span class='ocrx_word' id='word_1_713' title='bbox 1314 4942 1371 4996; x_wconf 88' lang='grc' dir='ltr'><strong>δέ</strong></span> <span class='ocrx_word' id='word_1_714' title='bbox 1444 4944 1528 4996; x_wconf 82' lang='grc' dir='ltr'><strong>ὅτι</strong></span> <span class='ocrx_word' id='word_1_715' title='bbox 1583 4945 1865 5013; x_wconf 88' lang='grc' dir='ltr'>μετανοεῖν</span> 
     </span>
    </p>
   </div>
   <div class='ocr_carea' id='block_1_96' title="bbox 289 5028 1865 5102">
    <p class='ocr_par' dir='ltr' id='par_1_96' title="bbox 289 5028 1865 5102">
     <span class='ocr_line' id='line_1_96' title="bbox 289 5028 1865 5102; baseline 0.003 -22"><span class='ocrx_word' id='word_1_716' title='bbox 289 5028 566 5097; x_wconf 72' lang='grc' dir='ltr'>ἑλομένοις</span> <span class='ocrx_word' id='word_1_717' title='bbox 597 5030 757 5093; x_wconf 78' lang='grc' dir='ltr'>ἵλεως</span> <span class='ocrx_word' id='word_1_718' title='bbox 799 5030 953 5084; x_wconf 82' lang='grc' dir='ltr'>ἔσται</span> <span class='ocrx_word' id='word_1_719' title='bbox 1014 5031 1166 5094; x_wconf 80' lang='grc' dir='ltr'>Θεόςο</span> <span class='ocrx_word' id='word_1_720' title='bbox 1212 5032 1306 5085; x_wconf 73' lang='grc' dir='ltr'>καὶ</span> <span class='ocrx_word' id='word_1_721' title='bbox 1356 5033 1689 5102; x_wconf 87' lang='grc' dir='ltr'>μεταμαθεῖν</span> <span class='ocrx_word' id='word_1_722' title='bbox 1749 5033 1865 5087; x_wconf 82' lang='grc' dir='ltr'>ἐθέ-</span> 
     </span>
    </p>
   </div>
   <div class='ocr_carea' id='block_1_97' title="bbox 286 5119 1859 5193">
    <p class='ocr_par' dir='ltr' id='par_1_97' title="bbox 286 5119 1859 5193">
     <span class='ocr_line' id='line_1_97' title="bbox 286 5119 1859 5193; baseline 0.004 -23"><span class='ocrx_word' id='word_1_723' title='bbox 286 5119 437 5171; x_wconf 81' lang='grc' dir='ltr'>λουσι</span> <span class='ocrx_word' id='word_1_724' title='bbox 491 5119 562 5173; x_wconf 88' lang='grc' dir='ltr'><strong>τά</strong></span> <span class='ocrx_word' id='word_1_725' title='bbox 621 5122 837 5192; x_wconf 83' lang='grc' dir='ltr'>αἰσχίω,</span> <span class='ocrx_word' id='word_1_726' title='bbox 906 5123 1001 5175; x_wconf 75' lang='grc' dir='ltr'>καὶ</span> <span class='ocrx_word' id='word_1_727' title='bbox 1044 5123 1155 5175; x_wconf 84' lang='grc' dir='ltr'><strong>τῶν</strong></span> <span class='ocrx_word' id='word_1_728' title='bbox 1227 5124 1528 5192; x_wconf 86' lang='grc' dir='ltr'>ἀμεινόνων</span> <span class='ocrx_word' id='word_1_729' title='bbox 1589 5124 1859 5193; x_wconf 86' lang='grc' dir='ltr'>ἐφίεσθαι,</span> 
     </span>
    </p>
   </div>
   <div class='ocr_carea' id='block_1_98' title="bbox 288 5214 1863 5289">
    <p class='ocr_par' dir='ltr' id='par_1_98' title="bbox 288 5214 1863 5289">
     <span class='ocr_line' id='line_1_98' title="bbox 288 5214 1863 5289; baseline 0.004 -25"><span class='ocrx_word' id='word_1_730' title='bbox 288 5216 611 5283; x_wconf 83' lang='grc' dir='ltr'>κατευρυνεῖ</span> <span class='ocrx_word' id='word_1_731' title='bbox 683 5214 847 5268; x_wconf 87' lang='grc' dir='ltr'>πάλιν</span> <span class='ocrx_word' id='word_1_732' title='bbox 897 5215 998 5285; x_wconf 83' lang='grc' dir='ltr'>τῆς</span> <span class='ocrx_word' id='word_1_733' title='bbox 1068 5216 1340 5287; x_wconf 85' lang='grc' dir='ltr'>σωτηρίας</span> <span class='ocrx_word' id='word_1_734' title='bbox 1391 5216 1491 5289; x_wconf 81' lang='grc' dir='ltr'>τὴν</span> <span class='ocrx_word' id='word_1_735' title='bbox 1537 5216 1689 5280; x_wconf 80' lang='grc' dir='ltr'>ὁδὸν,</span> <span class='ocrx_word' id='word_1_736' title='bbox 1766 5216 1863 5271; x_wconf 73' lang='grc' dir='ltr'>καὶ</span> 
     </span>
    </p>
   </div>
   <div class='ocr_carea' id='block_1_99' title="bbox 282 5305 1867 5377">
    <p class='ocr_par' dir='ltr' id='par_1_99' title="bbox 282 5305 1867 5377">
     <span class='ocr_line' id='line_1_99' title="bbox 282 5305 1867 5377; baseline 0.004 -21"><span class='ocrx_word' id='word_1_737' title='bbox 282 5305 680 5375; x_wconf 79' lang='grc' dir='ltr'>ἀμνησικάκως</span> <span class='ocrx_word' id='word_1_738' title='bbox 727 5305 1096 5377; x_wconf 81' lang='grc' dir='ltr'>προσδέξεται,</span> <span class='ocrx_word' id='word_1_739' title='bbox 1159 5309 1352 5377; x_wconf 75' lang='grc' dir='ltr'>καίτοιι</span> <span class='ocrx_word' id='word_1_740' title='bbox 1384 5308 1614 5362; x_wconf 88' lang='grc' dir='ltr'>πλεῖστά</span> <span class='ocrx_word' id='word_1_741' title='bbox 1659 5325 1720 5361; x_wconf 87' lang='grc' dir='ltr'><strong>τε</strong></span> <span class='ocrx_word' id='word_1_742' title='bbox 1764 5308 1867 5362; x_wconf 83' lang='grc' dir='ltr'>ὃσα</span> 
     </span>
    </p>
   </div>
   <div class='ocr_carea' id='block_1_100' title="bbox 286 5395 1863 5472">
    <p class='ocr_par' dir='ltr' id='par_1_100' title="bbox 286 5395 1863 5472">
     <span class='ocr_line' id='line_1_100' title="bbox 286 5395 1863 5472; baseline 0.003 -26"><span class='ocrx_word' id='word_1_743' title='bbox 286 5396 383 5447; x_wconf 82' lang='grc' dir='ltr'><strong>καὶ</strong></span> <span class='ocrx_word' id='word_1_744' title='bbox 411 5395 511 5448; x_wconf 83' lang='grc' dir='ltr'><strong>οὐκ</strong></span> <span class='ocrx_word' id='word_1_745' title='bbox 550 5397 705 5451; x_wconf 87' lang='grc' dir='ltr'>οἰστά</span> <span class='ocrx_word' id='word_1_746' title='bbox 728 5397 1282 5469; x_wconf 86' lang='grc' dir='ltr'>πεπλημμεληκότας.</span> <span class='ocrx_word' id='word_1_747' title='bbox 1331 5399 1517 5472; x_wconf 78' lang='grc' dir='ltr'>Ταύτῃ</span> <span class='ocrx_word' id='word_1_748' title='bbox 1539 5416 1642 5462; x_wconf 89' lang='grc' dir='ltr'>τοι,</span> <span class='ocrx_word' id='word_1_749' title='bbox 1674 5400 1863 5471; x_wconf 77' lang='grc' dir='ltr'>φησὶν,</span> 
     </span>
    </p>
   </div>
   <div class='ocr_carea' id='block_1_101' title="bbox 285 5485 1863 5560">
    <p class='ocr_par' dir='ltr' id='par_1_101' title="bbox 285 5485 1863 5560">
     <span class='ocr_line' id='line_1_101' title="bbox 285 5485 1863 5560; baseline 0.003 -24"><span class='ocrx_word' id='word_1_750' title='bbox 285 5485 606 5539; x_wconf 82' lang='grc' dir='ltr'>ἀναπλέκων</span> <span class='ocrx_word' id='word_1_751' title='bbox 625 5488 892 5557; x_wconf 82' lang='grc' dir='ltr'>εὐτέχνως</span> <span class='ocrx_word' id='word_1_752' title='bbox 930 5490 1040 5552; x_wconf 86' lang='grc' dir='ltr'>τοῖς</span> <span class='ocrx_word' id='word_1_753' title='bbox 1061 5488 1304 5559; x_wconf 82' lang='grc' dir='ltr'>ἐλέγχοις</span> <span class='ocrx_word' id='word_1_754' title='bbox 1329 5490 1418 5543; x_wconf 79' lang='grc' dir='ltr'><strong>τὸν</strong></span> <span class='ocrx_word' id='word_1_755' title='bbox 1441 5489 1863 5560; x_wconf 75' lang='grc' dir='ltr'>παρακαλοῦντα</span> 
     </span>
    </p>
   </div>
   <div class='ocr_carea' id='block_1_102' title="bbox 284 5574 1858 5647">
    <p class='ocr_par' dir='ltr' id='par_1_102' title="bbox 284 5574 1858 5647">
     <span class='ocr_line' id='line_1_102' title="bbox 284 5574 1858 5647; baseline 0.003 -20"><span class='ocrx_word' id='word_1_756' title='bbox 284 5575 465 5644; x_wconf 74' lang='grc' dir='ltr'>λόγον’</span> <span class='ocrx_word' id='word_1_757' title='bbox 523 5595 541 5627; x_wconf 78' lang='grc' dir='ltr'><strong>ι</strong></span> <span class='ocrx_word' id='word_1_758' title='bbox 601 5577 713 5629; x_wconf 64' lang='grc' dir='ltr'><strong>Καὶ¹</strong></span> <span class='ocrx_word' id='word_1_759' title='bbox 768 5578 888 5644; x_wconf 82' lang='grc' dir='ltr'>νῦν,</span> <span class='ocrx_word' id='word_1_760' title='bbox 925 5579 953 5631; x_wconf 87' lang='lat'><strong>6</strong></span> <span class='ocrx_word' id='word_1_761' title='bbox 983 5574 1129 5643; x_wconf 75' lang='grc' dir='ltr'>οἰκος</span> <span class='ocrx_word' id='word_1_762' title='bbox 1153 5579 1247 5633; x_wconf 82' lang='grc' dir='ltr'>τοῦ</span> <span class='ocrx_word' id='word_1_763' title='bbox 1300 5579 1511 5647; x_wconf 71' lang='grc' dir='ltr'>Ἰακὼϐ,</span> <span class='ocrx_word' id='word_1_764' title='bbox 1548 5580 1724 5644; x_wconf 75' lang='grc' dir='ltr'>δεῦτε,</span> <span class='ocrx_word' id='word_1_765' title='bbox 1765 5580 1858 5633; x_wconf 80' lang='grc' dir='ltr'>καὶ</span> 
     </span>
    </p>
   </div>
   <div class='ocr_carea' id='block_1_103' title="bbox 365 5731 845 5799">
    <p class='ocr_par' dir='ltr' id='par_1_103' title="bbox 365 5731 845 5799">
     <span class='ocr_line' id='line_1_103' title="bbox 365 5731 845 5799; baseline 0 -11"><span class='ocrx_word' id='word_1_766' title='bbox 365 5731 405 5761; x_wconf 66' lang='grc' dir='ltr'><strong>’τ</strong></span> <span class='ocrx_word' id='word_1_767' title='bbox 428 5733 583 5788; x_wconf 79' lang='lat' dir='ltr'><strong>Joan.</strong></span> <span class='ocrx_word' id='word_1_768' title='bbox 614 5750 726 5799; x_wconf 74' lang='lat' dir='ltr'><strong>xw,</strong></span> <span class='ocrx_word' id='word_1_769' title='bbox 756 5735 845 5788; x_wconf 72' lang='lat'><strong>27.</strong></span> 
     </span>
    </p>
   </div>
   <div class='ocr_carea' id='block_1_104' title="bbox 568 5847 1239 5909">
    <p class='ocr_par' dir='ltr' id='par_1_104' title="bbox 568 5847 1239 5909">
     <span class='ocr_line' id='line_1_104' title="bbox 568 5847 1239 5909; baseline 0.006 -4"><span class='ocrx_word' id='word_1_770' title='bbox 568 5848 842 5908; x_wconf 65' lang='lat' dir='ltr'><strong>Pn‘non.</strong></span> <span class='ocrx_word' id='word_1_771' title='bbox 882 5848 997 5906; x_wconf 76' lang='lat' dir='ltr'><strong>(in.</strong></span> <span class='ocrx_word' id='word_1_772' title='bbox 1048 5847 1239 5909; x_wconf 79' lang='lat' dir='ltr'><strong>LXX.</strong></span> 
     </span>
    </p>
   </div>
   <div class='ocr_carea' id='block_1_105' title="bbox 1974 4573 3545 4643">
    <p class='ocr_par' dir='ltr' id='par_1_105' title="bbox 1974 4573 3545 4643">
     <span class='ocr_line' id='line_1_105' title="bbox 1974 4573 3545 4643; baseline -0.001 -15"><span class='ocrx_word' id='word_1_773' title='bbox 1974 4576 2211 4629; x_wconf 75' lang='lat' dir='ltr'><strong>bulemus</strong></span> <span class='ocrx_word' id='word_1_774' title='bbox 2256 4576 2314 4628; x_wconf 82' lang='lat' dir='ltr'><strong>in</strong></span> <span class='ocrx_word' id='word_1_775' title='bbox 2360 4573 2475 4627; x_wconf 80' lang='lat' dir='ltr'><strong>luce</strong></span> <span class='ocrx_word' id='word_1_776' title='bbox 2534 4573 2770 4627; x_wconf 83' lang='lat' dir='ltr'><strong>Domini.</strong></span> <span class='ocrx_word' id='word_1_777' title='bbox 2831 4573 3047 4627; x_wconf 77' lang='lat' dir='ltr'><strong>Dimisit</strong></span> <span class='ocrx_word' id='word_1_778' title='bbox 3108 4573 3245 4627; x_wconf 81' lang='lat' dir='ltr'><strong>enim</strong></span> <span class='ocrx_word' id='word_1_779' title='bbox 3293 4573 3545 4643; x_wconf 78' lang='lat' dir='ltr'><strong>populum</strong></span> 
     </span>
    </p>
   </div>
   <div class='ocr_carea' id='block_1_106' title="bbox 1971 4645 3536 4719">
    <p class='ocr_par' dir='ltr' id='par_1_106' title="bbox 1971 4645 3536 4719">
     <span class='ocr_line' id='line_1_106' title="bbox 1971 4645 3536 4719; baseline -0.003 0"><span class='ocrx_word' id='word_1_780' title='bbox 1971 4681 2125 4719; x_wconf 79' lang='lat' dir='ltr'><strong>suum</strong></span> <span class='ocrx_word' id='word_1_781' title='bbox 2147 4665 2361 4718; x_wconf 82' lang='lat' dir='ltr'><strong>domum</strong></span> <span class='ocrx_word' id='word_1_782' title='bbox 2399 4662 2590 4717; x_wconf 75' lang='lat' dir='ltr'><strong>Israel.</strong></span> <span class='ocrx_word' id='word_1_783' title='bbox 3528 4645 3536 4655; x_wconf 67' lang='grc'><em>’</em></span> 
     </span>
    </p>
   </div>
   <div class='ocr_carea' id='block_1_107' title="bbox 2042 4751 3545 4824">
    <p class='ocr_par' dir='ltr' id='par_1_107' title="bbox 2042 4751 3545 4824">
     <span class='ocr_line' id='line_1_107' title="bbox 2042 4751 3545 4824; baseline -0.001 -14"><span class='ocrx_word' id='word_1_784' title='bbox 2042 4756 2363 4810; x_wconf 77' lang='lat' dir='ltr'><strong>Graviorum</strong></span> <span class='ocrx_word' id='word_1_785' title='bbox 2418 4753 2681 4808; x_wconf 85' lang='lat' dir='ltr'><strong>malorum</strong></span> <span class='ocrx_word' id='word_1_786' title='bbox 2753 4751 3020 4807; x_wconf 87' lang='lat' dir='ltr'><strong>vaticiniis</strong></span> <span class='ocrx_word' id='word_1_787' title='bbox 3071 4752 3285 4808; x_wconf 85' lang='lat' dir='ltr'><strong>abunde</strong></span> <span class='ocrx_word' id='word_1_788' title='bbox 3340 4766 3545 4824; x_wconf 87' lang='lat' dir='ltr'><strong>perter-</strong></span> 
     </span>
    </p>
   </div>
   <div class='ocr_carea' id='block_1_108' title="bbox 1973 4843 3541 4915">
    <p class='ocr_par' dir='ltr' id='par_1_108' title="bbox 1973 4843 3541 4915">
     <span class='ocr_line' id='line_1_108' title="bbox 1973 4843 3541 4915; baseline 0.001 -15"><span class='ocrx_word' id='word_1_789' title='bbox 1973 4848 2229 4914; x_wconf 82' lang='lat' dir='ltr'><strong>refactos,</strong></span> <span class='ocrx_word' id='word_1_790' title='bbox 2256 4861 2363 4901; x_wconf 88' lang='lat' dir='ltr'><strong>non</strong></span> <span class='ocrx_word' id='word_1_791' title='bbox 2391 4846 2519 4902; x_wconf 88' lang='lat' dir='ltr'><strong>sinit</strong></span> <span class='ocrx_word' id='word_1_792' title='bbox 2550 4844 2927 4915; x_wconf 86' lang='lat' dir='ltr'><strong>desperatione</strong></span> <span class='ocrx_word' id='word_1_793' title='bbox 2952 4858 3049 4899; x_wconf 91' lang='lat' dir='ltr'><strong>eos</strong></span> <span class='ocrx_word' id='word_1_794' title='bbox 3077 4844 3169 4914; x_wconf 88' lang='lat' dir='ltr'><strong>qui</strong></span> <span class='ocrx_word' id='word_1_795' title='bbox 3200 4843 3541 4901; x_wconf 71' lang='lat' dir='ltr'><strong>oﬂenderunt</strong></span> 
     </span>
    </p>
   </div>
   <div class='ocr_carea' id='block_1_109' title="bbox 1975 4937 3543 5007">
    <p class='ocr_par' dir='ltr' id='par_1_109' title="bbox 1975 4937 3543 5007">
     <span class='ocr_line' id='line_1_109' title="bbox 1975 4937 3543 5007; baseline -0.002 -13"><span class='ocrx_word' id='word_1_796' title='bbox 1975 4940 2272 5007; x_wconf 87' lang='lat' dir='ltr'><strong>perire;at</strong></span> <span class='ocrx_word' id='word_1_797' title='bbox 2300 4938 2608 4993; x_wconf 90' lang='lat' dir='ltr'><strong>volentibus</strong></span> <span class='ocrx_word' id='word_1_798' title='bbox 2660 4937 2990 5007; x_wconf 87' lang='lat' dir='ltr'><strong>resipiscere</strong></span> <span class='ocrx_word' id='word_1_799' title='bbox 3043 4938 3319 4993; x_wconf 91' lang='lat' dir='ltr'><strong>subinnuit</strong></span> <span class='ocrx_word' id='word_1_800' title='bbox 3373 4938 3543 4994; x_wconf 84' lang='lat' dir='ltr'><strong>Deum</strong></span> 
     </span>
    </p>
   </div>
   <div class='ocr_carea' id='block_1_110' title="bbox 1968 5030 3541 5100">
    <p class='ocr_par' dir='ltr' id='par_1_110' title="bbox 1968 5030 3541 5100">
     <span class='ocr_line' id='line_1_110' title="bbox 1968 5030 3541 5100; baseline 0 -15"><span class='ocrx_word' id='word_1_801' title='bbox 1968 5032 2085 5086; x_wconf 76' lang='lat' dir='ltr'><strong>fore</strong></span> <span class='ocrx_word' id='word_1_802' title='bbox 2135 5032 2464 5100; x_wconf 83' lang='lat' dir='ltr'><strong>prOpitinm;</strong></span> <span class='ocrx_word' id='word_1_803' title='bbox 2516 5044 2572 5085; x_wconf 90' lang='lat' dir='ltr'><strong>et</strong></span> <span class='ocrx_word' id='word_1_804' title='bbox 2610 5030 2701 5099; x_wconf 89' lang='lat' dir='ltr'><strong>qui</strong></span> <span class='ocrx_word' id='word_1_805' title='bbox 2723 5030 2849 5085; x_wconf 86' lang='lat' dir='ltr'><strong>vitia</strong></span> <span class='ocrx_word' id='word_1_806' title='bbox 2883 5031 3149 5100; x_wconf 88' lang='lat' dir='ltr'><strong>deponere</strong></span> <span class='ocrx_word' id='word_1_807' title='bbox 3173 5040 3229 5086; x_wconf 90' lang='lat' dir='ltr'><strong>et</strong></span> <span class='ocrx_word' id='word_1_808' title='bbox 3254 5032 3318 5087; x_wconf 90' lang='lat' dir='ltr'><strong>ad</strong></span> <span class='ocrx_word' id='word_1_809' title='bbox 3352 5032 3541 5087; x_wconf 61' lang='lat' dir='ltr'><strong>melino</strong></span> 
     </span>
    </p>
   </div>
   <div class='ocr_carea' id='block_1_111' title="bbox 1969 5121 3542 5192">
    <p class='ocr_par' dir='ltr' id='par_1_111' title="bbox 1969 5121 3542 5192">
     <span class='ocr_line' id='line_1_111' title="bbox 1969 5121 3542 5192; baseline 0 -16"><span class='ocrx_word' id='word_1_810' title='bbox 1969 5138 2080 5176; x_wconf 90' lang='lat' dir='ltr'><strong>rem</strong></span> <span class='ocrx_word' id='word_1_811' title='bbox 2123 5121 2331 5192; x_wconf 81' lang='lat' dir='ltr'><strong>frugem</strong></span> <span class='ocrx_word' id='word_1_812' title='bbox 2388 5123 2564 5177; x_wconf 84' lang='lat' dir='ltr'><strong>redire</strong></span> <span class='ocrx_word' id='word_1_813' title='bbox 2604 5122 2873 5177; x_wconf 84' lang='lat' dir='ltr'><strong>voluerint</strong></span> <span class='ocrx_word' id='word_1_814' title='bbox 2898 5160 2913 5186; x_wconf 86' lang='lat'><strong>,</strong></span> <span class='ocrx_word' id='word_1_815' title='bbox 2956 5137 3147 5178; x_wconf 86' lang='lat' dir='ltr'><strong>rursus</strong></span> <span class='ocrx_word' id='word_1_816' title='bbox 3181 5123 3370 5179; x_wconf 87' lang='lat' dir='ltr'><strong>salutis</strong></span> <span class='ocrx_word' id='word_1_817' title='bbox 3403 5124 3542 5177; x_wconf 90' lang='lat' dir='ltr'><strong>viam</strong></span> 
     </span>
    </p>
   </div>
   <div class='ocr_carea' id='block_1_112' title="bbox 1968 5212 3543 5282">
    <p class='ocr_par' dir='ltr' id='par_1_112' title="bbox 1968 5212 3543 5282">
     <span class='ocr_line' id='line_1_112' title="bbox 1968 5212 3543 5282; baseline 0.002 -18"><span class='ocrx_word' id='word_1_818' title='bbox 1968 5212 2361 5281; x_wconf 82' lang='lat' dir='ltr'><strong>patefacturum</strong></span> <span class='ocrx_word' id='word_1_819' title='bbox 2386 5229 2402 5279; x_wconf 89' lang='lat'><strong>;</strong></span> <span class='ocrx_word' id='word_1_820' title='bbox 2456 5227 2554 5266; x_wconf 90' lang='lat' dir='ltr'><strong>nec</strong></span> <span class='ocrx_word' id='word_1_821' title='bbox 2581 5212 2721 5267; x_wconf 88' lang='lat' dir='ltr'><strong>mala</strong></span> <span class='ocrx_word' id='word_1_822' title='bbox 2752 5226 2810 5266; x_wconf 91' lang='lat' dir='ltr'><strong>se</strong></span> <span class='ocrx_word' id='word_1_823' title='bbox 2846 5212 3248 5280; x_wconf 79' lang='lat' dir='ltr'><strong>refricaturum,</strong></span> <span class='ocrx_word' id='word_1_824' title='bbox 3278 5214 3370 5268; x_wconf 88' lang='lat' dir='ltr'><strong>sed</strong></span> <span class='ocrx_word' id='word_1_825' title='bbox 3399 5214 3543 5282; x_wconf 85' lang='lat' dir='ltr'><strong>ipsos</strong></span> 
     </span>
    </p>
   </div>
   <div class='ocr_carea' id='block_1_113' title="bbox 1972 5302 3540 5374">
    <p class='ocr_par' dir='ltr' id='par_1_113' title="bbox 1972 5302 3540 5374">
     <span class='ocr_line' id='line_1_113' title="bbox 1972 5302 3540 5374; baseline 0.003 -19"><span class='ocrx_word' id='word_1_826' title='bbox 1972 5314 2313 5373; x_wconf 82' lang='lat' dir='ltr'><strong>recepturum</strong></span> <span class='ocrx_word' id='word_1_827' title='bbox 2343 5303 2411 5357; x_wconf 88' lang='lat' dir='ltr'><strong>ad</strong></span> <span class='ocrx_word' id='word_1_828' title='bbox 2442 5317 2523 5367; x_wconf 89' lang='lat' dir='ltr'><strong>se,</strong></span> <span class='ocrx_word' id='word_1_829' title='bbox 2567 5302 2782 5358; x_wconf 86' lang='lat' dir='ltr'><strong>etiamsi</strong></span> <span class='ocrx_word' id='word_1_830' title='bbox 2816 5303 3048 5374; x_wconf 88' lang='lat' dir='ltr'><strong>plurima</strong></span> <span class='ocrx_word' id='word_1_831' title='bbox 3092 5314 3147 5359; x_wconf 90' lang='lat' dir='ltr'><strong>et</strong></span> <span class='ocrx_word' id='word_1_832' title='bbox 3182 5320 3287 5359; x_wconf 89' lang='lat' dir='ltr'><strong>non</strong></span> <span class='ocrx_word' id='word_1_833' title='bbox 3320 5304 3540 5359; x_wconf 78' lang='lat' dir='ltr'><strong>ferenda</strong></span> 
     </span>
    </p>
   </div>
   <div class='ocr_carea' id='block_1_114' title="bbox 1970 5391 3544 5462">
    <p class='ocr_par' dir='ltr' id='par_1_114' title="bbox 1970 5391 3544 5462">
     <span class='ocr_line' id='line_1_114' title="bbox 1970 5391 3544 5462; baseline -0.003 -14"><span class='ocrx_word' id='word_1_834' title='bbox 1970 5392 2360 5449; x_wconf 87' lang='lat' dir='ltr'><strong>commiserint.</strong></span> <span class='ocrx_word' id='word_1_835' title='bbox 2400 5391 2617 5448; x_wconf 72' lang='lat' dir='ltr'><strong>Alfabre</strong></span> <span class='ocrx_word' id='word_1_836' title='bbox 2662 5392 2805 5446; x_wconf 91' lang='lat' dir='ltr'><strong>enim</strong></span> <span class='ocrx_word' id='word_1_837' title='bbox 2843 5393 3355 5462; x_wconf 86' lang='lat' dir='ltr'><strong>reprehensionibus</strong></span> <span class='ocrx_word' id='word_1_838' title='bbox 3391 5392 3544 5446; x_wconf 88' lang='lat' dir='ltr'><strong>inne-</strong></span> 
     </span>
    </p>
   </div>
   <div class='ocr_carea' id='block_1_115' title="bbox 1968 5480 3536 5553">
    <p class='ocr_par' dir='ltr' id='par_1_115' title="bbox 1968 5480 3536 5553">
     <span class='ocr_line' id='line_1_115' title="bbox 1968 5480 3536 5553; baseline -0.004 -14"><span class='ocrx_word' id='word_1_839' title='bbox 1968 5497 2121 5540; x_wconf 84' lang='lat' dir='ltr'><strong>ctens</strong></span> <span class='ocrx_word' id='word_1_840' title='bbox 2140 5483 2585 5548; x_wconf 87' lang='lat' dir='ltr'><strong>consolationem,</strong></span> <span class='ocrx_word' id='word_1_841' title='bbox 2607 5483 2816 5553; x_wconf 44' lang='lat' dir='ltr'><strong>dicity</strong></span> <span class='ocrx_word' id='word_1_842' title='bbox 2853 5483 2915 5539; x_wconf 83' lang='lat' dir='ltr'><strong>Et</strong></span> <span class='ocrx_word' id='word_1_843' title='bbox 2949 5500 3112 5547; x_wconf 89' lang='lat' dir='ltr'><strong>nunc,</strong></span> <span class='ocrx_word' id='word_1_844' title='bbox 3143 5484 3332 5539; x_wconf 90' lang='lat' dir='ltr'><strong>domus</strong></span> <span class='ocrx_word' id='word_1_845' title='bbox 3350 5480 3536 5545; x_wconf 80' lang='lat' dir='ltr'><strong>Jacnb,</strong></span> 
     </span>
    </p>
   </div>
   <div class='ocr_carea' id='block_1_116' title="bbox 1970 5573 3541 5641">
    <p class='ocr_par' dir='ltr' id='par_1_116' title="bbox 1970 5573 3541 5641">
     <span class='ocr_line' id='line_1_116' title="bbox 1970 5573 3541 5641; baseline -0.004 -11"><span class='ocrx_word' id='word_1_846' title='bbox 1970 5578 2167 5641; x_wconf 83' lang='lat' dir='ltr'><strong>venite,</strong></span> <span class='ocrx_word' id='word_1_847' title='bbox 2200 5586 2255 5632; x_wconf 92' lang='lat' dir='ltr'><strong>et</strong></span> <span class='ocrx_word' id='word_1_848' title='bbox 2280 5575 2621 5633; x_wconf 85' lang='lat' dir='ltr'><strong>ambulemus</strong></span> <span class='ocrx_word' id='word_1_849' title='bbox 2651 5577 2704 5634; x_wconf 87' lang='lat' dir='ltr'><strong>in</strong></span> <span class='ocrx_word' id='word_1_850' title='bbox 2732 5575 2934 5632; x_wconf 89' lang='lat' dir='ltr'><strong>lumine</strong></span> <span class='ocrx_word' id='word_1_851' title='bbox 2966 5576 3198 5633; x_wconf 87' lang='lat' dir='ltr'><strong>Domini.</strong></span> <span class='ocrx_word' id='word_1_852' title='bbox 3232 5596 3251 5629; x_wconf 74' lang='grc' dir='ltr'><strong>ι</strong></span> <span class='ocrx_word' id='word_1_853' title='bbox 3293 5573 3541 5629; x_wconf 79' lang='lat' dir='ltr'><strong>Arbitror</strong></span> 
     </span>
    </p>
   </div>
   <div class='ocr_carea' id='block_1_117' title="bbox 3232 5839 3268 5901">
    <p class='ocr_par' dir='ltr' id='par_1_117' title="bbox 3232 5839 3268 5901">
     <span class='ocr_line' id='line_1_117' title="bbox 3232 5839 3268 5901; baseline 0 0"><span class='ocrx_word' id='word_1_854' title='bbox 3232 5839 3268 5901; x_wconf 85' lang='lat'><strong>3</strong></span> 
     </span>
    </p>
   </div>
  </div>
