4178 6554
650 367 722 424 75
1675 362 1731 418 S.
1774 350 2051 416 CYIIILLI
2090 357 2558 415 ALEXANDRINI
2600 351 2911 417 ARC‘IIIEP.
3830 354 3898 410 76

650 499 780 539 vero
811 483 1126 554 prophetam
1173 481 1223 535 in
1256 480 1354 535 hac
1378 476 1747 536 exhortatoria
1772 481 2019 535 oratione
2053 495 2213 549 quatn

2321 479 2676 550 πορευθῶμεν
2703 478 2779 549 τῷ
2803 478 2943 548 φωτὶ
2973 476 3198 549 Κυρίου.
3236 496 3254 526 ι
3291 474 3532 547 Πρέπειν
3556 473 3613 528 δὲ
3646 466 3798 543 οἶμαι
3818 473 3898 541 τῷ

652 575 895 639 adhibet,
936 572 1140 628 hortari
1180 572 1474 637 Israelitas,
1511 583 1568 625 ut
1612 571 1811 626 dicenti
1870 571 2088 626 Christo
2123 585 2217 623 au-

654 666 930 721 scultem:
968 682 987 715 ι
1019 662 1267 730 Quandiu
1324 658 1495 715 lucem
1549 663 1778 726 habetis,
1838 662 2111 716 ambulate
2165 661 2218 714 itt

652 757 791 820 luce,
829 770 896 810 ne
938 759 1172 809 tenebra:
1219 769 1312 807 vos
1354 754 1815 821 comprehendant
1851 753 1916 805 ".
1946 772 1963 803 ι
1997 752 2115 822 Ipse
2147 754 2218 805 si-

652 847 866 914 quidem
910 855 992 900 est
1025 845 1135 897 lux.
1159 842 1319 912 quue
1344 845 1477 897 dixit
1515 854 1739 912 aperte:
1786 862 1803 895 ι
1829 843 1937 914 Ego
1971 859 2089 896 sum
2129 844 2218 898 lux

652 938 855 991 mundi.
904 935 1017 1001 Qui
1050 936 1294 1003 sequitur
1320 951 1426 999 me,
1447 950 1551 988 non
1569 936 1934 990 atnbulabitiu
1961 936 2218 1001 tenebris,

650 1028 743 1080 sed
767 1023 1105 1095 habebit“
1128 1025 1295 1077 lucem
1318 1026 1437 1077 vita:
1465 1024 1529 1077 ⁸³.
1556 1043 1574 1075 ι
1592 1023 1898 1080 Luxautem
1924 1027 2220 1089 Domini,et

646 1120 765 1185 iure
794 1120 1109 1187 eptimodici
1136 1129 1306 1186 potest
1330 1119 1495 1188 ipsius
1529 1120 1921 1186 prmdicatio,id
1937 1130 2218 1186 est,ev:tn-

648 1210 842 1278 gelica.
870 1207 1100 1263 Perinde
1121 1217 1202 1261 est
1235 1223 1298 1261 ac
1326 1208 1367 1260 si
1395 1206 1558 1269 dit-at,
1581 1205 1835 1261 Vivamus
1864 1212 1968 1277 pie,
1992 1222 2220 1278 evange-

650 1297 770 1351 licae
784 1296 906 1351 vita:
919 1294 1252 1366 splendorem
1267 1293 1527 1355 colamus,
1544 1294 1704 1347 linem
1731 1294 1923 1363 lypicis
1943 1295 2102 1347 rebus
2128 1294 2222 1346 itn-

650 1401 938 1457 ponamus,
961 1387 1207 1440 umbram
1234 1384 1624 1454 relinquamus,
1647 1384 1907 1439 Mosaicas
1929 1384 2136 1437 litteras
2153 1385 2220 1439 ad

650 1479 932 1533 veritatem
954 1475 1363 1539 transferamus,
1381 1475 1670 1529 salutarem
1687 1476 1855 1528 lucem
1872 1474 2217 1543 recipiamus.

648 1573 720 1624 At
745 1584 865 1624 cum
880 1566 1048 1623 Judzei
1064 1567 1309 1635 patribus
1325 1564 1633 1620 carnalibus
1651 1564 1964 1633 gloriantes,
1984 1563 2221 1631 superci-

650 1658 782 1713 lium
802 1658 1095 1729 erigerent,
1116 1664 1367 1725 tanquam
1385 1662 1601 1723 propter
1617 1653 1763 1723 ipsos
1778 1652 1981 1718 dilecti,
1997 1663 2052 1705 et
2071 1666 2217 1721 pars,

649 1763 705 1807 et
732 1767 850 1807 sors
872 1751 962 1804 Dei
983 1748 1134 1813 dicti,
1160 1758 1214 1803 et
1237 1746 1463 1817 populus
1485 1755 1702 1801 sanctus
1724 1754 1774 1800 et
1799 1744 2069 1809 selectos;
2095 1744 2217 1797 dein

649 1849 977 1913 nugarentur
994 1854 1057 1893 ac
1082 1853 1304 1908 prorsus
1320 1836 1642 1907 penitusque
1661 1849 1719 1890 se
1748 1834 1928 1890 curari
1948 1849 2012 1888 ac
2027 1834 2172 1905 diligi
2193 1849 2221 1886 a
2254 1834 2301 1893 Β

649 1933 759 1988 Deo
791 1932 1096 1994 crederent,
1132 1928 1478 1998 quantumvis
1504 1926 1762 1981 multailli
1800 1926 1972 1979 invisa
2019 1924 2231 1979 factita-

649 2033 793 2089 rent,
836 2018 1181 2092 quantumvis
1204 2018 1357 2073 nihili
1393 2028 1647 2087 putarent
1669 2017 1861 2087 legem,
1884 2015 2230 2085 quantumvis

649 2116 811 2170 etiam
835 2129 951 2169 eam
980 2111 1228 2167 dedecori
1259 2110 1701 2178 eontemptuique
1726 2108 2004 2173 haberent,
2028 2117 2081 2162 et
2106 2107 2231 2161 Ser-

648 2207 854 2263 vatoris
870 2206 1181 2267 adventum,
1200 2202 1429 2271 gratiam
1451 2199 1660 2254 scilicet
1679 2199 1942 2253 adventus
1960 2199 2013 2252 in
2038 2213 2227 2261 carne,

655 2314 762 2353 non
795 2298 1100 2367 reciperent
1139 2311 1153 2347 :
1209 2292 1515 2347 necessario
1534 2290 1791 2361 propheta
1815 2290 2036 2345 minime
2050 2290 2128 2345 sic
2153 2289 2230 2343 aL

652 2388 848 2444 fectum
866 2401 986 2442 esse
1006 2385 1378 2439 universorum
1398 2383 1565 2436 Deum
1587 2382 1938 2446 demonstrat,
1954 2382 2227 2450 inquiens:

655 2504 673 2533 ι
701 2481 913 2535 Dimisit
947 2478 1090 2532 enim
1124 2475 1374 2546 pOpulum
1398 2489 1579 2538 suum,
1601 2476 1817 2529 domum
1842 2473 2025 2528 Israel.
2048 2492 2065 2525 ι
2101 2472 2230 2529 Tale

650 2574 775 2640 quid
806 2586 899 2641 per
930 2571 1159 2624 alterum
1189 2582 1404 2637 quoque
1426 2567 1744 2636 praphetatn
1781 2564 1913 2619 dicit
1941 2565 2225 2620 universo-

652 2680 767 2717 rum
792 2665 947 2728 Deus,
964 2659 1266 2715 Jutlzrorum
1285 2657 1627 2727 supercilium
1649 2656 1973 2725 deprimens,
1990 2666 2043 2710 et
2062 2656 2230 2711 insul-

650 2753 882 2808 sosillos
924 2766 1041 2807 esse
1082 2765 1398 2818 coarguens.
1441 2750 1676 2814 Etenim,
1716 2751 1911 2819 inquit,
1940 2752 2227 2818 concupie-

651 2855 775 2898 runt
804 2858 985 2912 agros,
1018 2852 1072 2895 et
1103 2850 1392 2910 rapuerunt
1425 2840 1676 2910 pupillos,
1705 2848 1756 2895 et
1780 2842 1965 2894 domos
1994 2840 2043 2894 vi
2073 2855 2229 2893 occu-

649 2948 861 3005 parum,
908 2945 962 2987 et
1000 2936 1051 2987 in
1090 2931 1372 2986 Dominum
1418 2945 1477 2984 se
1550 2930 1881 2995 extulerunt,
1945 2931 2221 2986 dicentes:

652 3045 673 3080 ι
715 3027 902 3080 Nonne
931 3023 1193 3077 Dominus
1221 3024 1272 3077 in
1313 3022 1469 3075 nobis
1513 3020 1637 3075 est?
1689 3034 1795 3075 non
1828 3022 2079 3075 invadent
2125 3035 2224 3075 nos

649 3115 812 3168 mala.
866 3113 1095 3177 Idcirco,
1122 3121 1342 3181 propter
1376 3126 1495 3177 nos,
1544 3109 1674 3165 Sion
1716 3118 1773 3163 ut
1804 3125 1933 3180 ager
1955 3111 2214 3175 arabitur,

648 3215 703 3258 et
750 3202 1052 3257 Jerusalem
1082 3208 1141 3255 ut
1174 3215 1456 3271 pomorum
1508 3200 1753 3254 custodia
1788 3202 1911 3264 erit,
1955 3210 2011 3254 et
2062 3216 2217 3257 mons

648 3294 858 3348 Domini
882 3300 1135 3361 tanquam
1173 3290 1340 3345 saltus
1365 3290 1512 3345 silva:
1540 3288 1607 3343 η.
1636 3307 1655 3341 ι
1694 3288 1749 3344 Si
1785 3304 1890 3344 non
1927 3290 2109 3360 igitur,
2140 3292 2219 3346 in-

646 3387 807 3455 quit,
873 3400 979 3437 una
1037 3382 1316 3437 nobiscum
1369 3380 1688 3453 desideratis
1742 3381 1793 3435 in
1843 3381 1963 3435 luce
2010 3382 2216 3437 Domini

648 3475 951 3539 ambulare,
1008 3474 1060 3529 id
1123 3484 1228 3539 est,
1268 3473 1312 3528 si
1350 3488 1444 3542 per
1468 3471 1739 3528 Christum
1776 3473 2214 3541 praedicationem

650 3567 894 3637 rejicitis,
934 3573 992 3621 et
1027 3562 1439 3619 illustrationem
1468 3563 1638 3632 ipsius
1670 3563 2034 3619 aversamini:
2064 3579 2216 3632 pror-

646 3673 742 3712 sus
771 3656 1091 3726 penitusque
1132 3662 1188 3709 et
1213 3654 1327 3723 ipse
1362 3668 1520 3708 suum
1570 3653 1826 3723 populum
1866 3653 2118 3708 dimittet.
2150 3653 2219 3708 Et

646 3748 752 3802 hoc
800 3755 886 3801 est
927 3746 1128 3801 diserte
1186 3744 1329 3813 quod
1387 3744 1521 3798 dixit
1584 3743 1687 3798 illis
1718 3743 1976 3798 Dominus
2034 3755 2217 3800 noster

646 3840 805 3894 Jesus
825 3838 1075 3893 Christus
1111 3853 1126 3891 :
1164 3854 1184 3889 ι
1220 3834 1541 3901 Jerusalem,
1586 3834 1906 3901 Jerusalem,
1955 3852 2074 3906 qua:
2124 3852 2219 3893 oc-

646 3935 782 3989 cidis
813 3930 1126 4003 prophetas,
1175 3938 1229 3984 et
1277 3928 1483 3997 lepidas
1533 3928 1727 3982 missos
1765 3926 1833 3980 ad
1874 3935 1964 3994 te;
2005 3929 2217 3997 quoties

648 4024 791 4079 volui
820 4034 1152 4091 congregare
1182 4018 1324 4075 ﬁlios
1357 4030 1498 4081 tuos,
1545 4018 1995 4086 quemadmodum
2026 4021 2223 4088 gallina

648 4125 941 4185 congregat
1000 4113 1173 4183 pullos
1221 4126 1347 4165 suos
1418 4111 1518 4164 sub
1557 4108 1656 4164 alis
1682 4111 1814 4175 suis,
1841 4119 1895 4164 et
1932 4111 2219 4169 noluistis!

646 4209 785 4263 Ecce
818 4206 1147 4275 relinquitur
1200 4202 1351 4257 vobis
1393 4201 1585 4256 domus
1612 4208 1793 4255 vestra
1842 4202 2053 4257 deserta
2100 4205 2168 4260 “.
2196 4224 2217 4258 ι

644 4300 787 4367 Quin
829 4309 884 4354 et
936 4296 1184 4352 Jeremia:
1217 4307 1350 4348 voce
1394 4292 1589 4361 inquit,
1637 4309 1656 4343 ι
1696 4291 1965 4362 Dereliqui
2001 4295 2219 4350 domum

645 4404 843 4455 meam,
884 4386 1064 4442 dimisi
1094 4384 1462 4440 hereditatem
1492 4396 1666 4436 meam
1698 4382 1764 4436 ".
1790 4400 1811 4435 ι

2326 574 2579 644 προφήτῃ
2640 572 2875 642 μάλιστα
2920 572 3011 624 τὸν
3054 571 3147 623 ἐπὶ
3188 570 3322 641 τῷδε
3367 569 3525 637 λόγον
3570 565 3897 638 προτρέπειν

2325 667 2449 728 τοὺς
2504 664 2562 730 ἐξ
2630 662 2847 734 Ἰσραὴλ
2890 660 3183 715 ὑπακούειν
3245 660 3458 729 λέγοντι
3513 657 3591 727 τῷ
3635 654 3894 726 Χριστῷ·

2331 775 2349 805 ι
2391 755 2533 817 Ἕως
2562 754 2620 806 τὸ
2647 755 2760 821 φῶς
2783 753 2955 822 ἔχετε,
2989 755 3343 822 περιπατεῖτε
3397 753 3455 804 ἐν
3497 749 3576 820 τῷ
3618 748 3777 818 φωτὶ,
3812 748 3900 801 ἴνα

2329 848 2402 916 μὴ
2430 847 2463 915 ἡ
2511 845 2696 897 σκοτία
2746 846 2889 913 ύμᾶς
2939 844 3241 914 καταλάϐῃ.
3279 862 3297 894 ι
3346 841 3518 903 Αὐτὸς
3560 840 3645 894 δέ’
3675 840 3791 891 ἐστι
3840 840 3902 891 τὸ

2325 936 2459 1004 φῶς.
2493 936 2603 988 Καὶ
2633 935 2768 1003 γοῦν
2804 936 3040 1004 ἔφασκεν
3094 934 3371 1005 ἐναργῶς·
3418 952 3435 985 ι
3482 930 3623 1000 Ἑγώ
3676 931 3794 1000 εἰμι
3837 932 3900 981 τὸ

2326 1026 2440 1095 φῶς
2463 1026 2557 1078 τοῦ
2594 1027 2822 1097 κόσμου.
2872 1027 2932 1076 '(l
2984 1025 3293 1079 ἀκολουθῶν
3336 1024 3481 1095 ἐμοὶ,
3519 1023 3581 1076 ού
3629 1022 3705 1092 μὴ
3742 1022 3902 1091 μείνῃ

2325 1119 2381 1170 ἐν
2410 1120 2474 1188 τῇ
2515 1118 2724 1189 σκοτίᾳ,
2776 1116 2888 1170 ἁλλ’
2941 1117 3051 1181 ’ἑξει
3091 1116 3150 1169 τὸ
3198 1115 3311 1184 φῶς
3357 1114 3459 1183 τῆς
3502 1114 3671 1183 ζωῆς.
3718 1131 3738 1164 ι
3782 1114 3901 1173 Φῶς

2324 1210 2369 1263 δ’
2412 1209 2479 1262 ἂν
2511 1209 2719 1278 λέγοιτο
2776 1209 3001 1280 Κυρίου,
3036 1208 3131 1262 καὶ
3167 1207 3311 1276 μάλα
3358 1206 3583 1268 εἰκότως
3619 1204 3681 1257 τὸ
3734 1202 3900 1255 αὐτοῦ

2325 1304 2605 1373 κήρυγμα,
2649 1299 2795 1354 τοῦτ’
2838 1301 2977 1365 ἐστι,
3016 1301 3076 1353 τὸ
3116 1298 3489 1368 εύαγγελικόν.
3529 1297 3757 1366 Ὅμοιον
3807 1290 3899 1347 οὖν

2325 1394 2458 1446 ὡσεὶ
2504 1393 2674 1461 λέγοι,
2724 1392 3079 1463 Διαξήσωμεν
3127 1389 3386 1453 εύσεὸὦς,
3436 1388 3758 1459 τιμήσωμεν
3798 1385 3899 1455 τῆς

2326 1485 2688 1555 εύαγγελικῆς
2729 1485 3006 1548 πολιτείας
3064 1484 3127 1537 τὸ
3192 1480 3513 1554 περιφανὲς,
3558 1476 3899 1547 παυσώμεθα

2325 1576 2435 1629 τῶν
2465 1578 2523 1630 ἐν
2553 1576 2762 1639 τύποις,
2792 1574 3182 1644 καταλήξωμεν
3226 1573 3326 1642 τῆς
3363 1572 3544 1633 σκιᾶς.
3575 1567 3901 1623 Μεταπλάτ-

2324 1684 2507 1737 τωμεν
2536 1666 2605 1719 τὰ
2633 1666 2876 1729 Μωσέως
2896 1665 3200 1735 γράμματα
3237 1661 3373 1731 πρὸς
3417 1658 3699 1730 ἀλήθειαν,
3730 1656 3899 1708 είσδε-

2329 1760 2546 1830 ξώμεθα
2596 1759 2658 1812 τδ
2712 1759 2980 1830 σωτήριον
3037 1755 3172 1825 φῶς.
3217 1752 3434 1822 Ἐπειδὴ
3491 1750 3551 1804 δέ
3591 1751 3706 1812 τοῖς
3760 1747 3901 1801 κατὰ

2332 1851 2511 1921 σάρκα
2531 1849 2801 1920 πατράσιν
2843 1845 3205 1917 ἐπαυχοῦντες
3242 1843 3505 1907 Ἰουδαῖοι,
3543 1839 3785 1911 μεγάλην
3814 1837 3901 1890 ἀεὶ

2330 1942 2428 2013 τὴν
2474 1942 2646 2012 ὀφρὺν
2689 1940 2939 2009 άνασπᾷν
2978 1936 3270 2008 ἐμελέτων,
3309 1934 3386 1997 ὡς
3440 1932 3506 1984 δι’
3528 1930 3726 1992 αὐτοὺς
3765 1929 3901 1997 ἁγα-

2330 2032 2594 2102 πώμενοι,
2643 2029 2802 2101 μερίς
2828 2045 2890 2082 τε
2929 2028 3023 2081 καὶ
3076 2025 3277 2095 κλῆρος
3324 2017 3753 2093 χρηματίζοντες
3804 2014 3896 2066 τοῦ

2330 2123 2486 2192 Θεοῦ,
2517 2124 2614 2176 καὶ
2652 2121 2782 2184 λαὸς
2824 2121 2979 2189 ἅγιος
3032 2117 3127 2171 καὶ
3159 2114 3476 2175 ἁπόλεκτος·
3510 2105 3630 2164 εἷτα
3670 2104 3898 2178 ληροῦν-

2328 2232 2419 2279 τες
2468 2214 2635 2284 ᾤοντο
2689 2211 2865 2281 πάντη
2907 2225 2968 2261 τε
3026 2208 3120 2261 καὶ
3166 2206 3383 2267 πάντως
3425 2204 3482 2255 ἐν
3526 2197 3770 2269 φροντίδι
3806 2194 3900 2248 καὶ

2328 2308 2519 2379 ἀγάπῃ
2548 2303 2760 2358 κεῖσθαι
2805 2304 2871 2372 τῇ
2912 2299 3063 2370 παρὰ
3096 2298 3244 2369 Θεῷ’
3281 2297 3385 2351 κᾶν
3424 2295 3473 2347 εί
3513 2290 3684 2347 πολλὰ
3726 2286 3898 2379 δρῷεν

2329 2397 2399 2450 τὰ
2449 2378 2814 2465 ἀπηχθημένα
2855 2390 3040 2461 αὐτῷ’
3095 2391 3199 2443 κᾶν
3250 2390 3299 2441 εί
3340 2386 3506 2459 μηδὲν
3549 2383 3764 2454 ἡγοῖντο
3808 2378 3897 2431 τὸν

2328 2483 2523 2552 νόμονο
2561 2481 2665 2534 κᾶν
2706 2482 2755 2532 εί
2793 2478 2963 2547 αὐτὴν
2997 2476 3314 2547 άτιμάζοειν
3376 2474 3471 2529 καὶ
3520 2470 3897 2543 ἀπαράδεκτον

2329 2576 2565 2627 ποιοῖντο
2608 2571 2705 2641 τὴν
2744 2570 2839 2623 τοῦ
2899 2570 3149 2640 Σωτῆρος
3210 2567 3528 2637 ἐπιδημίαν,
3576 2565 3744 2635 ἤγουν
3796 2560 3894 2629 τῆς

2331 2665 2469 2737 μετὰ
2519 2663 2720 2735 σαρκὸς
2774 2662 3085 2733 οἰκονομίας
3143 2659 3241 2731 τὴν
3289 2659 3467 2729 χάριν·
3519 2652 3837 2723 ἀναγκαίως
3868 2653 3897 2704 ὁ

2326 2758 2612 2826 προφήτης
2648 2755 2746 2824 οὐχ
2789 2748 2891 2807 ὧδε
2923 2753 3115 2822 ἔχοντα
3144 2750 3234 2804 τὸν
3263 2750 3367 2803 τῶν
3399 2749 3534 2801 ὅλων
3568 2744 3698 2799 Θεὸν
3726 2760 3897 2797 καταθ-

2324 2846 2576 2911 δεικνύει,
2607 2846 2816 2913 λέγων’
2854 2863 2873 2896 ι
2922 2842 3119 2912 Ἀνῆκε
3159 2841 3269 2911 γὰρ
3300 2840 3389 2893 τὸν
3421 2838 3547 2891 λαὸν
3588 2835 3776 2899 αὐτοῦ,
3808 2834 3894 2888 τὸν

2324 2933 2471 2990 οἷκον
2501 2935 2596 2989 τοῦ
2639 2935 2877 3007 Ἰσραήλ.
2922 2952 2943 2985 ι
2991 2932 3244 2985 Τοιοῦτόν
3264 2949 3316 2984 τι
3339 2931 3433 2983 καὶ
3451 2931 3517 2983 δι’
3556 2929 3744 2998 ἐτέρου
3770 2943 3897 2997 προ-

2325 3027 2496 3095 φήτου
2554 3024 2718 3093 φησιν
2747 3024 2775 3074 ὁ
2821 3020 2927 3073 τῶν
2972 3021 3107 3073 ὅλων
3140 3018 3291 3084 Θεὸς,
3324 3017 3421 3087 τὴν
3472 3016 3580 3069 τῶν
3625 3016 3895 3069 Ἰουδαίων

2323 3117 2494 3188 ὀφρῦν
2542 3115 2950 3182 καταστρέφων,
2982 3112 3074 3164 καὶ
3128 3111 3416 3173 ἀσυνέτους
3455 3108 3613 3170 ὄντας
3656 3106 3895 3176 ἐλέγχων

2319 3209 2532 3272 αὐτούς.
2590 3209 2701 3261 Καὶ
2758 3206 3065 3276 ἐπεθύμουν
3103 3205 3233 3275 γάρ,
3283 3203 3467 3275 φησὶν,
3517 3202 3745 3273 ἀγροὺς,
3801 3204 3894 3255 καὶ

2312 3298 2604 3371 διήρπαζον
2632 3298 2929 3367 ὀρφανοὺς,
2956 3298 3049 3350 καὶ
3070 3297 3249 3363 οἴκους
3287 3294 3781 3352 κατεδυνάστευον,
3800 3294 3896 3345 καὶ

2312 3391 2405 3443 ἐπὶ
2437 3390 2527 3443 τὸν
2564 3389 2765 3460 Κύριον
2799 3386 3215 3458 ἐμεγαλύνοντο,
3247 3385 3499 3453 λέγοντες
3524 3400 3538 3415 ο
3573 3402 3591 3434 ι
3620 3383 3756 3453 Οὐχὶ
3779 3382 3896 3435 Κύ-

2315 3496 2425 3551 ριος
2460 3482 2518 3533 ἐν
2572 3482 2703 3550 ἡμῖν
2735 3483 2919 3543 ἐστιν;
2960 3479 3021 3531 οὐ
3062 3477 3138 3548 μὴ
3190 3476 3389 3546 ἐπέλθῃ
3414 3476 3501 3543 ἐφ’
3534 3476 3680 3545 ἡμᾶς
3720 3475 3889 3529 κακά.

2319 3572 2418 3624 Διὰ
2440 3570 2615 3632 τοῦτο,
2642 3570 2709 3621 δι’
2726 3571 2895 3641 ἡμᾶς,
2919 3569 3057 3621 Σιὼν
3090 3568 3166 3631 ὼς
3206 3568 3372 3639 ἀγρὸς
3401 3566 3891 3636 άροτριωθήσεται,

2320 3662 2414 3715 καὶ
2446 3659 2797 3732 Ἰερουσαλὴμ
2824 3659 2899 3722 ὼς
2935 3658 3378 3729 ὀπωροφυλάκιον
3405 3657 3586 3722 ἐσται,
3623 3657 3719 3710 καὶ
3766 3656 3890 3728 ὅρος

2317 3752 2413 3804 τοῦ
2446 3751 2618 3814 οῐκου,
2644 3750 2719 3813 ὡς
2756 3750 2915 3813 ἄλσος
2934 3735 3162 3820 δρυμοῦ.
3195 3768 3214 3803 ι
3250 3749 3313 3802 EI
3339 3749 3414 3819 μὴ
3450 3749 3627 3802 τοίνυν
3657 3749 3889 3813 ἕλοισθε,

2321 3844 2474 3914 φησὶ,
2510 3840 2836 3912 πορεύεσθαι
2883 3841 3000 3911 μεθ’
3020 3840 3179 3911 ἡμῶν
3202 3839 3280 3911 τῷ
3302 3840 3441 3908 φωτὶ
3470 3840 3697 3911 Κυρίου,
3743 3840 3889 3893 τοῦτ’

2320 3934 2486 3997 ἐστιν,
2517 3936 2563 3986 εί
2601 3933 2972 4004 ἀπαράδεκτον
3023 3933 3261 3985 ποιεῖσθε
3305 3934 3366 3986 τὸ
3404 3934 3662 4003 κήρυγμα
3700 3933 3762 3986 τὸ
3806 3932 3893 3987 διὰ

2320 4024 2576 4096 Χριστοῦ,
2623 4026 2717 4077 καὶ
2757 4025 2846 4077 τὸν
2880 4026 3010 4095 παρ’
3038 4024 3202 4077 αὑτοῦ
3235 4024 3512 4095 φωτισμὸν
3558 4025 3892 4097 ἀποστρέφε-

2321 4117 2434 4179 σθε,
2462 4116 2640 4187 πάντη
2662 4132 2723 4168 τε
2746 4116 2841 4169 καὶ
2860 4116 3078 4179 πάντως
3106 4117 3295 4187 ἀνήσει
3327 4116 3422 4169 καὶ
3453 4116 3615 4180 αὐτὸς
3642 4117 3731 4171 τὸν
3768 4118 3894 4170 ἐαυ-

2317 4205 2410 4259 τοῦ
2438 4206 2591 4261 λαόν.
2624 4207 2731 4260 Καὶ
2768 4206 2927 4260 τοῦτό
2954 4209 3102 4260 ἐστιν
3128 4207 3377 4279 ἐναργῶς
3403 4208 3543 4278 ὅπερ
3587 4207 3693 4278 ἔφη
3750 4208 3891 4280 πρὸς

2316 4298 2513 4361 αὐτοὺς
2536 4300 2564 4351 ὁ
2610 4298 2811 4368 Κύριος
2836 4297 2991 4368 ήμῶν
3033 4299 3236 4369 Ἰησοῦς
3264 4301 3293 4352 ὀ
3314 4298 3572 4369 Χριστός·
3612 4316 3631 4350 ι
3689 4297 3890 4370 Ἰερου-

2317 4386 2514 4459 σαλὴμ,
2554 4388 2935 4457 Ἰερουσαλὴμ,
2963 4389 2997 4458 ἡ
3027 4387 3405 4441 ἀποκτενοῦσα
3429 4390 3556 4451 τοὺς
3580 4391 3888 4458 προφήτας,

643 4485 741 4538 καὶ
774 4481 1123 4535 λιθοϐολοῦσα
1156 4480 1283 4543 τοὺς
1319 4475 1760 4546 ἀπεσταλμένους
1784 4477 1920 4550 πρὸς
1950 4480 2139 4552 αὐτὴν,
2180 4483 2411 4546 ποσάκις
2435 4482 2676 4551 ἠθέλησα
2720 4484 3139 4550 ἐπισυναγαγεῖν
3184 4481 3254 4535 τά
3275 4482 3441 4536 τέκνα
3468 4481 3657 4544 σου,δν
3688 4482 3890 4552 τρόπον
3966 4544 3969 4547 _

644 4580 791 4651 ὅρνις
814 4572 1132 4641 ἐπισυνάγει
1161 4570 1229 4624 τὰ
1258 4568 1447 4625 νοσσία
1468 4569 1635 4638 αὐτῆς
1656 4567 1759 4621 ὑπὸ
1774 4569 1872 4632 τὰς
1906 4569 2203 4641 πτέρυγας,
2234 4572 2329 4625 καί
2349 4572 2448 4624 ούκ
2482 4570 2814 4640 ὴθελήσατεί
2862 4570 2990 4623 Ἰδοὺ
3016 4571 3231 4639 ἀφίεται
3261 4572 3387 4640 ὑμῖν
3412 4573 3440 4624 ὁ
3468 4565 3614 4634 οἶκος
3644 4572 3823 4645 ὑμῶν.
3864 4594 3885 4627 ι

646 4674 764 4728 Καὶ
792 4670 894 4740 μὴν
922 4667 1015 4720 καὶ
1034 4663 1239 4734 διά’τῆς
1275 4660 1536 4733 Ἰερεμίου
1561 4659 1763 4730 φωνῆς,
1799 4679 1817 4711 ι
1858 4659 2321 4728 Ἐγκαταλέλοιπα
2349 4663 2440 4713 τὸν
2464 4657 2612 4713 οἶκόν
2632 4677 2755 4729 μου,
2779 4660 2967 4731 ἀφῆκα
2986 4661 3083 4731 τὴν
3111 4661 3473 4733 κληρονομίαν
3499 4680 3621 4733 μου,
3644 4686 3662 4719 ι
3697 4674 3887 4741 φησίν.

721 4763 850 4820 Ibid.
886 4760 1147 4827 Quoniam
1182 4757 1377 4825 repleta
1413 4765 1484 4809 est
1514 4764 1566 4806 ut
1618 4753 1682 4805 ab
1740 4754 1888 4805 inm'o
1924 4755 2062 4822 regio
2092 4754 2211 4805 illo-
2243 4758 2286 4813 ι)

646 4876 766 4915 rum
812 4854 1070 4924 auguriis,
1103 4863 1158 4904 ut
1195 4861 1333 4903 terra
1362 4847 1799 4917 alienigenarum,
1835 4854 1882 4897 et
1904 4844 2003 4912 ﬁlii
2032 4844 2213 4899 alieni-

642 4964 788 5020 yemr
801 4948 827 5014 Ῑ
827 4945 929 4998 acti
947 4954 1066 4997 sunt
1092 4943 1221 4996 inter
1260 4941 1420 5007 ipsos.

715 5037 815 5108 41
854 5034 1164 5103 Apologiam
1208 5029 1610 5100 quodammodo
1653 5038 1708 5081 et
1760 5043 1901 5082 nunc
1952 5027 2211 5097 propheta

2387 4752 2516 4804 "Ou
2555 4752 2903 4820 ἐνεπλήσθη
2930 4753 3009 4817 ὡς
3034 4754 3099 4805 τὸ
3125 4752 3404 4823 ἀπαρχῆς
3432 4757 3470 4824 ἡ
3494 4756 3656 4827 χώρα
3686 4762 3892 4819 αὐτῶν

2311 4840 2756 4910 κληδσνισμῶν,
2780 4842 2861 4906 ὡς
2882 4843 2919 4910 ἠ
2963 4840 3082 4895 τῶν
3117 4842 3507 4913 ἀλλοφύλων,
3555 4851 3653 4904 καί
3703 4851 3891 4908 τέκνα

2306 4932 2628 5000 ἀλλόφυλα
2656 4933 3123 5002 ἑτενήθησανέν
3146 4935 3370 5001 αὐτοῖς.

2388 5022 2755 5091 Ἀπολογεῖται
2772 5025 2969 5096 τρόπον
2993 5024 3116 5079 τινά
3146 5025 3241 5079 καὶ
3262 5026 3357 5081 νῦν
3382 5029 3410 5081 ὀ
3437 5031 3719 5104 προφήτης
3742 5034 3889 5108 ὑπὲρ

644 5131 710 5183 de
742 5128 832 5181 Dei
865 5126 1082 5195 iudiciis
1136 5123 1391 5185 instituit,
1453 5133 1753 5187 causaSQue
1812 5120 1983 5173 reddit
2051 5134 2147 5172 cur
2178 5133 2209 5172 a

2321 5113 2411 5168 τῶν
2450 5113 2547 5167 τοῦ
2578 5115 2713 5169 Θεοῦ
2744 5117 3052 5187 κριμάτων,
3083 5117 3179 5172 καὶ
3221 5119 3512 5175 ἀποδίδωσι
3556 5124 3656 5187 τὰς
3702 5128 3887 5192 αἰτίας

644 5220 754 5274 Deo
799 5217 989 5273 domus
1031 5214 1226 5279 Israel,
1286 5215 1401 5267 sive
1430 5209 1652 5281 populus
1706 5210 1876 5278 Ipsius
1904 5210 2037 5264 adeo
2062 5209 2206 5277 juste

642 5308 952 5361 deseratur:
978 5313 1033 5361 et
1055 5303 1368 5359 delictorum
1396 5299 1609 5354 Israelis
1637 5308 1745 5351 tam
1771 5310 2012 5352 veterum
2041 5312 2202 5366 quam

643 5399 964 5462 recentium,
995 5403 1054 5449 ut
1080 5394 1210 5457 dixi,
1258 5392 1521 5455 meminit,
1570 5404 1768 5458 eosque
1810 5389 2059 5442 inimicos
2107 5387 2201 5443 Dei

642 5503 760 5542 esse
788 5488 1046 5550 ostendit,
1085 5493 1141 5537 et
1173 5483 1329 5536 valde
1354 5482 1595 5536 crudeles
1620 5492 1673 5535 et
1697 5480 1932 5534 immites
1976 5494 2115 5544 esse,
2150 5490 2207 5535 et

640 5577 904 5632 effrenato
944 5576 1145 5641 impetu
1176 5572 1391 5626 tendere
1431 5572 1495 5624 ad
1542 5572 1720 5625 omnia
1770 5585 2103 5639 quaecunque
2150 5571 2200 5623 in

2309 5204 2403 5259 τοῦ
2430 5205 2523 5258 καὶ
2548 5207 2752 5278 σφόδρα
2772 5208 2994 5272 δικαίως
3012 5210 3251 5263 ἀνεῖσθαι
3284 5213 3435 5283 παρὰ
3461 5214 3595 5268 θεοῦ
3615 5216 3707 5271 τὸν
3737 5214 3887 5275 οἰκον

2309 5296 2401 5350 τοῦ
2442 5298 2675 5370 Ἰσραὴλ,
2706 5301 2824 5370 ἦτοι
2872 5301 2962 5356 τὸν
3004 5302 3131 5356 λαὸν
3186 5302 3369 5359 αὐτοῦ.
3406 5306 3884 5379 Διαμέμνηταιδὲ,

2310 5390 2385 5453 ὡς
2417 5390 2571 5463 ἔφην,
2601 5390 2842 5446 παλαιῶν
2879 5409 2935 5446 τε
2962 5394 3055 5447 καὶ
3092 5394 3227 5449 νέων
3262 5396 3751 5470 πλημμελημάτων
3787 5406 3886 5459 τοῦ

2324 5479 2554 5551 Ἰσραὴλ,
2587 5481 2902 5550 ἀφιλοθέους
2952 5484 3112 5548 ὄντας
3156 5486 3413 5558 ἐλέγχων,
3465 5493 3558 5545 καὶ
3590 5492 3725 5545 πολὺ
3768 5495 3888 5564 βλέο

2310 5587 2507 5637 ποντας
2554 5575 2633 5637 είς
2673 5573 2732 5627 τὸ
2758 5576 2992 5645 ἀπηνὲς,
3039 5578 3135 5631 καὶ
3178 5579 3444 5649 ἀχαλίνως
3497 5582 3694 5649 ίόντας,
3745 5586 3889 5657 πρὸς

715 5728 760 5760 ⁸⁸
824 5726 975 5781 Joau.
1012 5739 1108 5787 xu,
1146 5722 1234 5775 55.
1309 5723 1667 5795 "Joan.vut,
1710 5724 1793 5779 I2.
1869 5725 1914 5756 ὀ
1938 5724 2097 5781 Mich.
2123 5740 2205 5791 ut,

2344 5727 2428 5781 I2.
2502 5729 2547 5762 9‘
2582 5728 2768 5787 Matth.
2802 5746 2956 5797 χχιιι,
2984 5732 3075 5800 37,
3102 5732 3188 5789 58.
3267 5734 3311 5766 "
3342 5735 3547 5795 Jcrem.
3579 5754 3682 5806 ιιι,
3714 5740 3766 5793 7.
