4178 6568
574 546 638 599 79
816 613 820 617 ε
1590 536 1650 589 S.
1690 532 1967 589 CYRILLI
2008 530 2476 586 ALEXANDRINI
2516 529 2819 587 ARCHIEP
3752 524 3821 584 80

576 674 665 725 ac,
702 667 761 710 ut
785 668 940 711 sacra
972 654 1248 722 Scriptura
1275 652 1474 721 inquit,
1514 649 1710 723 Legem
1743 653 1809 706 ad
1838 650 2138 706 subsidium

2265 654 2355 715 τοῖς
2414 650 2701 720 διαθήκην,
2756 648 2882 703 οὔτε
2939 650 3015 719 μὴ
3054 646 3294 717 ἐλεήσεις
3347 646 3562 709 αὐτοὺς.
3611 645 3718 699 οὐδ’
3760 644 3820 699 οὒ

572 749 740 803 dedit.
791 746 870 801 llli
909 759 1037 800 vero
1066 745 1488 815 praeceptionnm
1536 745 1673 797 adeo
1702 742 2132 796 venerandarum

2265 744 2317 815 ιὴ
2348 742 2765 813 γαμὸρεύσηται
2798 738 2939 812 πρὸς
2987 738 3214 802 αύτούς·
3266 737 3364 808 τὴν
3405 736 3676 807 θυγατέρα
3729 753 3825 791 σου

574 855 703 893 cura
736 835 964 903 abiecta,
998 835 1405 891 inconsiderate
1434 832 1682 888 conversi
1707 842 1831 887 sunt
1861 833 1925 886 ad
1955 830 2135 885 omnia

2265 835 2298 887 ιύ
2324 832 2516 895 δώσεις
2546 831 2622 901 τῷ
2655 830 2756 901 υίῴ
2789 828 2978 894 αὐτοῦ,
3015 828 3107 882 καὶ⁵
3134 827 3234 898 τὴν
3259 826 3539 896 θυγατέρα
3565 822 3729 877 αὑτοῦ
3761 823 3825 879 οὐ

574 928 857 999 praeceptis
879 927 1187 983 contraria.
1223 925 1585 996 Applicabant
1632 924 1774 978 enim
1827 938 1883 977 se
1927 923 2138 977 divina-

578 1017 813 1074 tionibus
836 1026 889 1072 et
921 1015 1070 1071 lalsis
1099 1015 1393 1078 vaticiniis,
1424 1021 1479 1068 et
1507 1013 1573 1067 ab
1608 1012 1692 1067 Iris
1723 1011 1814 1081 qui
1846 1010 2003 1064 idolis
2043 1009 2139 1062 ad-

576 1109 701 1163 dicti
727 1118 884 1163 erant
918 1122 984 1162 ac
1024 1106 1237 1171 demti,
1286 1103 1588 1159 futurorum
1644 1104 1887 1157 notitiam
1927 1115 2138 1169 qurere-

578 1203 714 1257 bant
748 1218 763 1255 :
796 1208 852 1251 et
902 1211 1032 1253 sane
1066 1195 1360 1264 prophetas
1408 1201 1629 1248 sanctos
1680 1190 2055 1259 increpabant,
2084 1204 2145 1244 ac

577 1288 832 1343 dicebant
878 1304 890 1339 :
943 1304 961 1337 ι
1006 1285 1127 1339 Alia
1187 1284 1344 1338 nobis
1402 1281 1682 1352 loquimini
1729 1290 1785 1334 et
1831 1280 2147 1334 annuntiate

578 1378 736 1433 nobis
796 1376 956 1431 alium
1005 1387 1244 1431 errorem
1271 1374 1339 1429 “.
1372 1393 1391 1427 ι
1438 1372 1563 1427 Fuit
1602 1387 1815 1443 quoque
1862 1372 1965 1425 illis
2023 1387 2145 1426 cum

582 1469 795 1521 ﬁliabus
832 1466 1135 1520 vicinarum
1181 1464 1421 1533 gentium
1472 1463 1881 1526 commercium,
1929 1461 2144 1515 etiamsi

582 1562 669 1613 lex
699 1562 798 1614 hoc
837 1556 1230 1617 interdixisset,
1257 1564 1313 1610 et
1337 1569 1458 1608 cum
1489 1552 1805 1607 mulieribus
1837 1552 1993 1605 malis
2014 1565 2151 1619 quas

588 1653 728 1705 Deus
759 1649 883 1703 odio
911 1647 1118 1709 habuit,
1149 1655 1204 1700 et
1230 1660 1351 1714 qua:
1380 1643 1729 1699 idololatricis
1772 1642 1964 1695 ritibus
1995 1642 2151 1695 innu-

602 1743 744 1795 trita:
772 1748 947 1802 erant,
978 1746 1174 1808 praeter
1203 1737 1375 1807 legem
1420 1733 1824 1797 cohabitarunt,
1860 1733 2150 1787 liberorum

589 1834 888 1885 alienorum
931 1829 1260 1883 exstiterunt
1293 1835 1495 1897 patres,
1519 1824 1611 1894 qui
1657 1834 1891 1879 matrum
1939 1837 2155 1892 quoque

589 1938 739 1979 more
767 1922 1122 1991 institutoque
1143 1918 1383 1984 educati,
1414 1917 1584 1989 legem
1609 1915 1904 1973 Mosaicani
1924 1954 1939 1982 ,
1970 1926 2029 1969 ut
2078 1917 2153 1969 ita

2240 925 2382 996 λήψῃ
2416 923 2494 994 τῷ
2535 922 2636 993 υἱῷ
2678 939 2769 975 σου
2791 938 2806 953 ο
2862 920 3164 989 ἀποστήσει
3209 918 3316 990 γὰρ
3349 916 3441 970 τὸν
3470 916 3585 970 υἱόν
3605 931 3698 968 σου
3729 912 3827 968 ἀπ’

2244 1016 2402 1087 ἐμοῦ,
2428 1016 2523 1068 καὶ
2549 1015 2835 1084 λατρεύσει
2856 1011 2999 1074 θεοῖς
3032 1010 3239 1080 ἑτέροις
3258 1024 3272 1039 ο
3308 1008 3402 1061 καὶ
3438 1004 3825 1077 όργισθήσεται

2244 1107 2399 1179 θυμῷ
2433 1105 2635 1176 Κύριος
2668 1106 2748 1167 εἰς
2785 1103 2953 1173 ὑμᾶς,
2997 1101 3091 1154 καὶ
3127 1098 3495 1169 ἐξολοθρεύσει
3533 1113 3592 1150 σε
3631 1094 3692 1148 τὸ
3727 1095 3825 1149 τά-

2245 1214 2359 1268 χος.
2398 1218 2416 1250 ι
2455 1198 2640 1250 Πάντα
2662 1194 2771 1264 γὰρ
2810 1192 3011 1263 τρόπον
3045 1189 3345 1259 ἀσφαλείας
3387 1189 3573 1251 αὐτοῖς
3614 1186 3827 1240 ἐπενόει

2247 1290 2399 1352 Θεὸς,
2427 1288 2521 1341 καὶ
2553 1285 2697 1341 καθά
2725 1301 2859 1356 φησι
2898 1283 2961 1336 τὸ
2987 1274 3231 1353 Γράμμα
3260 1280 3319 1333 τὸ
3353 1279 3516 1349 ἱερὸν,
3538 1276 3716 1348 Νόμον
3746 1278 3830 1341 είς

2250 1380 2504 1452 βοήθειαν
2545 1378 2764 1431 ἔδωκεν.
2794 1376 2857 1428 Οἱ
2886 1375 2944 1428 δὲ
2964 1374 3073 1426 τῶν
3100 1372 3242 1425 οὕτω
3298 1369 3510 1423 σεπτῶν
3556 1368 3827 1437 ἐνταλμάο

2250 1489 2357 1525 των
2388 1469 2763 1541 ήφειδηκότες,
2792 1466 3089 1538 ἐτράποντο
3117 1461 3437 1532 παραλόγως
3465 1460 3544 1523 είς
3587 1461 3695 1512 πᾶν
3720 1457 3831 1514 τῶν

2251 1562 2652 1634 ἐντεταλμένων
2682 1561 2743 1614 τὸ
2775 1558 3035 1614 ἐναντίον.
3066 1556 3426 1629 Προσέκειντο
3450 1552 3559 1623 γὰρ
3584 1552 3829 1622 κληδονι-

2255 1660 2432 1727 σμοῖς,
2465 1656 2561 1709 καὶ
2583 1650 3031 1724 ψευδομαντείαις
3065 1647 3160 1701 καὶ
3193 1645 3345 1717 παρὰ
3387 1648 3502 1707 τοῖς
3530 1644 3637 1696 τῶν
3676 1642 3830 1695 εἰδώ-

2251 1749 2361 1801 λων
2395 1744 2808 1820 προσιζηκότων
2848 1742 3032 1813 ζητεῖν
3059 1735 3387 1800 ἐσπούδαζον
3408 1735 3517 1787 τῶν
3560 1733 3834 1820 ἐσομένωδ

2253 1837 2356 1907 τὴν
2397 1818 2619 1903 γνῶσιν,
2669 1832 2847 1885 καίτοι
2894 1828 3204 1899 προφήταις
3253 1822 3428 1892 ἀγίοις
3477 1818 3834 1889 ἐπιτιμῶντές

2255 1943 2318 1978 τε
2351 1925 2448 1977 καὶ
2467 1923 2715 1991 λέγοντες
2740 1936 2753 1949 °
2793 1938 2811 1970 ι
2854 1916 3016 1972 Ἀλλά
3037 1918 3168 1986 ἡμῖν
3193 1913 3425 1975 λαλεῖτε,
3449 1910 3542 1964 καὶ
3573 1908 3837 1977 ἀναγγέλ-

587 2018 780 2076 dicam,
830 2011 1046 2066 nescire
1098 2010 1315 2081 quidem
1357 2008 1533 2063 videri
1596 2008 1901 2063 voluerunt.
1972 2004 2157 2073 Itaque

2265 2017 2380 2069 λετε
2414 2016 2546 2085 ἡμῖν
2579 2014 2773 2081 ἐτέραν
2809 2009 3094 2077 πλάνησιν.
3153 2024 3171 2055 ι
3224 2004 3468 2074 Συνῆσαν
3500 2002 3559 2055 δὲ
3599 2001 3693 2055 καὶ
3719 2001 3836 2063 ταῖς

589 2103 804 2171 impleta
831 2109 937 2164 est,
968 2100 1165 2169 inquit,
1200 2109 1259 2153 ut
1294 2098 1361 2152 ab
1394 2097 1575 2159 initio,
1603 2098 1755 2166 regio
1796 2110 1983 2150 eorum
2017 2092 2153 2149 divi-

590 2192 903 2247 nationibus
930 2199 990 2245 ut
1029 2202 1171 2245 terra
1209 2188 1658 2258 alienigenarum,
1691 2197 1746 2242 et
1779 2186 1872 2241 ﬁlii
1900 2186 2155 2254 alienige-

2256 2109 2363 2162 τῶν
2389 2107 2604 2178 ὁμόρων
2627 2102 2795 2157 ἐθνῶν
2821 2098 3180 2171 Θυγατράσιν,
3218 2094 3580 2166 ἀπειρηκότος
3616 2091 3709 2145 τοῦ
3745 2090 3833 2146 νό-

2259 2217 2362 2269 μου
2392 2198 2453 2250 τὸ
2496 2196 2702 2267 χρῆμα.
2731 2191 2937 2245 Γύναιά
2968 2207 3027 2243 τε
3071 2186 3285 2257 πονηρά
3323 2187 3419 2239 καὶ
3464 2184 3711 2255 θεομισῆ,
3744 2180 3839 2236 καὶ

589 2298 672 2335 na:
704 2279 817 2333 nati
868 2287 993 2332 sunt
1033 2277 1159 2332 illis.
1204 2277 1333 2331 Erat
1370 2283 1547 2329 autem
1602 2274 2047 2330 absurdissimum
2104 2280 2161 2327 et

2265 2294 2369 2351 τοῖς
2397 2290 2495 2359 τῆς
2518 2283 2964 2354 εἰδωλολατρείας
2999 2280 3177 2333 έθεσιν
3226 2276 3635 2348 ἐντεθραμμένα
3658 2291 3829 2344 παραυ

592 2372 984 2440 turpissimum,
1002 2367 1108 2440 43
1130 2383 1195 2424 ex
1218 2367 1533 2438 alienigenis
1550 2369 1807 2422 uxoribus
1825 2376 1975 2421 natos
1997 2364 2156 2431 ﬁlios,

598 2464 691 2532 qui
741 2472 981 2516 sanctam
1035 2461 1307 2516 civitatem
1365 2460 1757 2521 inbabilarant,
1807 2460 1860 2514 in
1918 2458 2158 2529 gentium

592 2553 832 2608 moribus
881 2552 1086 2607 versari
1123 2566 1186 2607 ac
1240 2555 1421 2606 vivere
1471 2560 1627 2606 extra
1674 2550 1867 2619 legem.
1915 2550 1982 2604 Et
2035 2564 2157 2603 cum

594 2639 969 2710 Deusjuberet
1019 2655 1234 2695 onmem
1276 2641 1574 2697 masculum
1628 2650 1751 2694 octo
1786 2640 1995 2693 dierum
2045 2639 2157 2692 cir-

593 2725 1024 2794 cumcidendum,
1043 2736 1293 2797 etaperto
1310 2728 1547 2782 diceret:
1570 2727 1795 2781 tTribns
1812 2726 1888 2797 [et
1904 2722 2157 2795 quatuor]

600 2820 931 2889 temporibus
960 2819 1088 2874 anni
1121 2819 1405 2888 apparebit
1438 2833 1599 2874 omne
1638 2819 1938 2872 masculum
1977 2832 2160 2871 coram

594 2926 679 2965 me
701 2910 793 2975 ⁹⁶⁶;
837 2929 855 2961 ι
894 2910 965 2963 illi
996 2921 1173 2963 tamen
1201 2910 1337 2964 istuc
1357 2924 1465 2965 non
1494 2910 1785 2972 faciebant,
1818 2910 1910 2962 sed
1946 2923 2039 2963 eos
2068 2909 2157 2977 qni

598 3004 710 3057 nati
740 3013 866 3057 sunt
897 3000 1198 3056 offerebant
1228 3002 1582 3066 daemonibus,
1630 3013 1683 3056 et
1716 3004 1769 3055 in
1811 3002 1951 3056 fariis
2000 3002 2163 3057 idolo-

599 3110 717 3147 rn-m
750 3095 964 3148 illorum
992 3111 1156 3151 causa
1187 3094 1588 3149 sacriﬁcabant.
1616 3095 1776 3149 Vides
1814 3110 1907 3150 eos
1940 3096 2160 3150 omnino

2257 2380 2439 2449 νόμως
2483 2375 2935 2445 εἰσοικισάμενοι,
2982 2370 3189 2425 παίδων
3242 2368 3536 2438 ἀλλοτρίων
3570 2366 3840 2433 γεγόνασι

2262 2470 2519 2541 πατέρες,
2581 2468 2631 2520 οἳ
2694 2468 2787 2519 καὶ
2835 2463 3195 2535 ἀνετρέφοντο
3253 2461 3365 2522 τοῖς
3424 2456 3534 2511 τῶν
3588 2457 3843 2529 μητέρων

2259 2562 2428 2627 ἔθεσι,
2458 2559 2549 2613 τὸν
2575 2557 2664 2612 διὰ
2695 2557 2940 2617 Μωσέως
2981 2555 3166 2624 νόμον,
3198 2551 3306 2606 οὐδ’
3336 2551 3459 2604 ὅσον
3486 2550 3681 2614 εἰπεῖν,
3705 2546 3843 2601 είδέ-

2260 2669 2349 2706 ναι
2373 2647 2851 2722 προσποιούμενοι.
2878 2644 3063 2715 Ταύτῃ
3089 2642 3172 2695 τοί
3198 2658 3387 2713 φησιν,
3419 2641 3502 2694 ὅτι
3534 2636 3842 2709 ἐνεπλήσθη

2258 2739 2336 2803 ὡς
2359 2739 2419 2791 τὸ
2441 2737 2696 2809 ἀπαρχῆς
2720 2738 2753 2805 ή
2789 2735 2942 2805 χώρα
2975 2731 3155 2787 αὐτῶν
3182 2729 3556 2801 κληδονισμῶν
3577 2727 3705 2781 ὡσεὶ
3733 2726 3844 2779 τῶν

2260 2827 2597 2896 ἀλλοφύλων,
2620 2826 2712 2879 καὶ
2738 2826 2901 2878 τέκνα
2928 2822 3202 2892 ἀλλόφυλα
3223 2819 3607 2892 ἐγείν]ήθησαν
3636 2819 3843 2882 αὐτοῖς.

2261 2913 2370 2970 Ἦν
2400 2918 2455 2969 δὲ
2488 2917 2691 2987 σφόδρα
2715 2914 2823 2967 τῶν
2848 2914 3084 2979 ἀτόπων,
3111 2912 3206 2966 καὶ
3236 2912 3572 2982 πάναισχρον
3602 2908 3844 2979 ἀληθῶς,

2261 3008 2361 3079 τήν
2392 3008 2552 3077 ἁγίαν
2602 3007 2755 3059 πόλιν
2805 3007 3217 3075 κατῳκηκότας,
3263 3005 3389 3065 τοὺς
3433 3002 3495 3067 ἐξ
3526 3000 3847 3070 ἀλλοφύλων

2262 3099 2538 3170 γυναικῶν
2562 3097 2852 3166 γεγονότας
2886 3096 3069 3159 αὐτοῖς
3112 3098 3268 3161 υἱεῖς,
3298 3095 3475 3148 ἔθεσιν
3512 3092 3850 3164 Ἑλληνικοῖς

598 3184 767 3254 legem
801 3187 1169 3248 conculcasm.
1202 3194 1272 3244 At
1296 3190 1385 3259 qui
1414 3197 1830 3244 consentaneum
1863 3197 1999 3257 erat,
2042 3202 2160 3250 eos,

2265 3189 2640 3243 πολιτεύεσθαι
2695 3188 2790 3242 καὶ
2850 3188 2951 3257 ζῇν
3004 3187 3109 3253 ἔξω
3163 3186 3351 3256 νόμου.
3406 3184 3518 3239 Καὶ
3565 3183 3661 3238 τοῦ
3707 3180 3846 3237 Θεοῦ

596 3277 688 3353 qui
718 3291 783 3338 eo
811 3284 1104 3353 impietatis
1131 3293 1515 3355 pervenerant,
1547 3292 1603 3333 ut
1638 3297 1704 3334 ne
1748 3279 2161 3349 Redemptorent

2267 3282 2694 3353 προστάττοντος
2728 3281 2834 3334 πᾶν
2872 3280 3084 3334 παιδίον
3108 3280 3273 3351 ἄρσεν
3302 3279 3643 3349 ὁκταήμερον
3684 3292 3850 3347 περι·
3946 3266 3957 3275 ’

599 3375 815 3442 quidem
862 3388 1194 3445 cognoscere
1234 3375 1456 3439 vellent,
1509 3374 1674 3442 ipsius
1708 3372 1886 3441 populi
1944 3373 2162 3426 nomine

2266 3373 2578 3442 τέμνεσθαι,
2618 3372 2870 3441 λέγοντός
2912 3389 2971 3424 τε
3010 3372 3217 3439 σαφῶς.
3252 3388 3273 3422 ι
3305 3371 3466 3438 Τρεῖς
3494 3369 3717 3441 καιροὺς
3750 3367 3852 3421 τοῦ

599 3466 1139 3522 censeri?Sanctum
1174 3476 1260 3522 est
1308 3468 1472 3537 igitur
1510 3466 1560 3519 in
1601 3480 1692 3519 cos
1726 3466 1829 3519 lioc
1874 3464 2159 3533 judicium,

2266 3464 2515 3519 ἐνιαυτοῦ
2537 3462 2836 3535 ὀφθήσεται
2858 3464 2964 3518 πᾶν
2988 3462 3273 3537 ἀρσενικόν
3302 3477 3393 3516 σου
3417 3459 3645 3516 ἐνώπιόν
3673 3476 3794 3533 μουο
3823 3478 3845 3513 ι

600 3567 653 3612 et
682 3559 981 3614 aversionis
1004 3574 1106 3614 non
1129 3558 1342 3613 inﬁrma
1367 3559 1519 3612 ratio.
1554 3576 1570 3607 ι
1600 3555 1714 3610 Non
1738 3558 1880 3610 enim
1909 3572 2163 3627 persona-

2269 3558 2318 3610 οἰ
2350 3556 2408 3609 δὲ
2435 3555 2593 3609 τοῦτο
2623 3557 2722 3626 μὲν
2754 3557 2854 3610 οὐκ
2884 3556 3072 3627 ἔδρων,
3104 3554 3502 3623 ἀπεκομίζοντο
3527 3554 3710 3615 δὲτοῖς
3730 3552 3852 3606 δαί-

602 3666 717 3702 rnm
751 3659 1058 3720 acceptator
1086 3659 1168 3705 est
1194 3650 1567 3704 universorum
1592 3648 1757 3718 jnch
1778 3648 1843 3700 θ’.
1886 3668 1901 3699 ι

2276 3665 2403 3717 μοσι
2431 3648 2497 3700 τὰ
2531 3647 2865 3716 γεννώμενα,
2898 3648 2993 3701 κα)⁸
3025 3650 3083 3700 ἐν
3106 3650 3220 3709 τοῖς
3262 3648 3370 3700 τῶν
3404 3647 3636 3701 είδώλων
3684 3647 3852 3718 τεμέ-

600 3756 713 3792 νεσι
739 3738 834 3801 τὰς
859 3739 943 3791 ἐπ’
980 3739 1162 3801 αὐτοῖς
1191 3737 1403 3791 ἐτέλουν
1441 3738 1652 3800 θυσίας.
1700 3738 1858 3807 Ὁρᾷς
1920 3739 2165 3806 πανταχῆ
2213 3739 2599 3808 πεπατηκότας
2630 3740 2723 3791 τὸν
2779 3739 2962 3807 νόμον.
2998 3735 3135 3793 Εἶτα
3162 3738 3279 3802 πῶς
3314 3732 3383 3810 ἦν
3412 3738 3699 3793 ἀκόλουθον
3722 3738 3855 3802 τοὺς

600 3839 680 3897 εἰς
708 3834 863 3888 τοῦτο
888 3834 1069 3888 λοιπὸν
1096 3835 1329 3904 ἥκοντας
1366 3833 1639 3897 ἀσεϐείας,
1679 3834 1755 3896 ὡς
1804 3836 1940 3905 μήτε
1974 3834 2171 3889 είδὲναι
2207 3835 2493 3905 βούλεσθαι
2560 3838 2650 3888 τὸν
2718 3837 3022 3905 λυτρωτὴν,
3068 3834 3231 3889 αὑτοῦ
3274 3836 3401 3888 λαὸν
3448 3834 3853 3906 όνομάζεσθαις

602 3925 809 3977 Οὐκοῦν
862 3924 981 3979 ὁσία
1030 3923 1207 3994 ψῆφος
1247 3926 1279 3994 ἡ
1327 3925 1413 3977 ἐπ’
1453 3926 1656 3991 αὐτοῖς,
1707 3925 1801 3978 καὶ
1864 3925 1963 3994 τῆς
2011 3927 2360 3998 ἀποστροφῆς
2404 3928 2504 3980 οὐκ
2549 3928 2780 3997 ἀγεννὴς
2834 3929 2868 3996 ή
2914 3928 3203 3997 πρόφασις.
3252 3947 3272 3979 ι
3323 3928 3855 4000 Ἀπροσωπόληπτος

603 4021 708 4095 γὰρ
728 4020 756 4069 ό
780 4018 885 4070 τῶν
911 4019 1047 4071 ὅλων
1076 4019 1287 4089 κριτής.
1336 4037 1355 4069 ι

681 4110 842 4163 Vens.
870 4109 922 4173 7,
952 4109 1005 4162 8.
1033 4108 1259 4177 Ιηιρίεια
1285 4120 1359 4163 est
1392 4112 1527 4164 enim
1566 4112 1706 4180 regio
1746 4125 1923 4163 eorum
1952 4120 2169 4179 argenta

606 4212 651 4253 et
680 4215 833 4263 auro,
872 4216 962 4253 nec
992 4209 1101 4253 erat
1135 4216 1380 4253 numerus
1413 4204 1778 4254 thesaurorum
1815 4201 2080 4271 ipsorum:
2122 4212 2171 4256 et

607 4286 801 4356 repleta
831 4296 906 4341 est
934 4298 1073 4340 terra
1096 4288 1264 4358 equis,
1296 4298 1343 4341 et
1385 4305 1487 4343 non
1506 4300 1616 4343 erat
1663 4304 1907 4344 numerus
1950 4290 2172 4358 quadri-

609 4394 798 4446 garum
824 4394 1076 4445 ipsorum.

690 4464 804 4520 Duo
834 4468 1030 4521 iterum
1057 4468 1186 4523 vitia
1213 4467 1509 4526 foedissima
1539 4471 1646 4527 illis
1676 4471 1852 4527 inesse
1872 4473 1966 4540 ait,
1996 4476 2173 4529 avari-

607 4558 735 4611 tiam
753 4566 805 4612 et
825 4559 1153 4628 superbiam.
1175 4560 1475 4615 Avaritiam
1492 4564 1731 4618 omnium
1750 4564 2011 4619 malorum
2032 4565 2176 4621 radi-

610 4663 726 4703 cem
744 4662 861 4703 esse
883 4648 1308 4719 sapientissimus
1334 4650 1532 4707 Paulus
1550 4662 1780 4709 testatur
1808 4656 2169 4726 perspicue”.

610 4739 984 4808 Arrogantiam
1000 4750 1175 4797 autem
1195 4756 1303 4797 rem
1322 4741 1429 4797 Deo
1444 4742 1686 4798 odiosam
1702 4756 1755 4800 et
1785 4746 2036 4801 infestam
2060 4760 2179 4802 esse

611 4835 822 4881 constat
844 4830 1109 4901 onmiltus.
1152 4830 1419 4899 Scriptum
1446 4842 1526 4887 est
1546 4833 1689 4887 enim
1720 4852 1735 4889 :
1765 4852 1783 4886 ι
1812 4836 2069 4890 Dominus
2090 4852 2181 4890 su-

614 4921 792 4989 perbis
814 4920 1035 4984 resistit,
1056 4921 1344 4976 humilibus
1366 4938 1491 4977 vero
1514 4925 1606 4977 dat
1626 4927 1852 4993 gratiam
1870 4926 1937 4978 θ’.
1966 4944 1983 4976 ι
2017 4925 2126 4980 Ιηιο
2149 4943 2177 4978 a

614 5025 720 5078 quo
764 5013 977 5065 tandem
1013 5015 1266 5081 ncqnitim
1314 5029 1513 5081 genere
1558 5028 1675 5080 eos,
1722 5017 1810 5082 qui
1865 5016 2169 5069 divitiarum

613 5099 787 5153 studio
834 5108 1102 5165 tenentur,
1158 5104 1347 5157 abesse
1399 5104 1620 5158 videas?
1672 5104 1976 5160 Corradunt
2030 5106 2173 5160 enim

614 5178 918 5260 lmjnsmOdi
950 5192 1197 5247 homines
1245 5204 1539 5261 quaestum,
1573 5207 1965 5266 corroganlque
2015 5213 2180 5267 pecu-

615 5280 750 5347 nias,
794 5296 857 5335 ex
906 5283 1093 5350 usuris
1144 5279 1445 5346 fenoribus,
1497 5298 1563 5336 ex
1613 5286 1902 5352 cupiditate
1948 5296 2000 5342 et
2046 5287 2181 5357 inju-

616 5373 780 5435 Stitia,
811 5388 877 5427 ex
906 5374 1091 5441 rapina
1123 5383 1173 5427 et
1212 5373 1509 5428 'calumnia.
1548 5373 1713 5430 Adest
1755 5388 1809 5431 et
1853 5379 2052 5433 divitiis
2099 5381 2182 5434 in-

618 5461 866 5527 solentia,
906 5470 961 5516 et
1008 5463 1073 5517 ad
1105 5473 1400 5531 proventus
1456 5463 1784 5520 nefariarum
1834 5478 1891 5522 et
1939 5484 2185 5525 exsecra-

614 5553 951 5605 tissimarum
977 5552 1311 5623 voluptatum
1342 5570 1539 5627 magna
1572 5557 1904 5626 proclivitas.
1932 5557 2065 5614 Nam
2092 5561 2179 5615 ubi

616 5643 841 5706 deliciae,
876 5642 989 5697 illic
1032 5645 1254 5701 omnino
1286 5648 1706 5705 comessationes
1735 5659 1900 5718 sunt,
1947 5652 2181 5707 ebrieta-

618 5742 723 5795 tes,
757 5732 959 5800 lustra,
996 5734 1266 5804 libidines,
1320 5754 1587 5810 omneque
1613 5757 1783 5813 genus
1812 5743 2175 5813 intemperan-

2356 4110 2729 4178 Ἐνεπλήσθη
2766 4108 2876 4179 γὰρ
2920 4108 2958 4177 ἠ
3002 4108 3162 4177 χώρα
3200 4107 3394 4162 αὐτῶν
3425 4110 3707 4180 ἀργυρίου
3753 4111 3855 4165 καὶ

2273 4200 2530 4271 χρυσοῦ,
2573 4202 2670 4255 καὶ
2698 4203 2809 4255 οὐκ
2842 4196 2922 4270 ἦν
2961 4199 3206 4269 ἀριθμὸς
3243 4198 3361 4253 τῶν
3387 4201 3707 4270 θησαυρῶν
3742 4206 3849 4257 αὑ·

2274 4292 2392 4345 τῶν
2414 4309 2427 4323 ’
2464 4292 2560 4345 καί
2615 4290 2963 4357 ἐνεπλήσθη
3006 4290 3045 4356 ἢ
3099 4287 3174 4358 γῆ
3227 4290 3443 4355 ἳππων,
3497 4291 3595 4343 καί
3624 4293 3734 4346 οὐκ
3775 4288 3859 4364 ἦν

2273 4383 2520 4454 ἀριθμὸς
2547 4383 2665 4438 τῶν
2699 4383 2975 4452 ἁρμάτων
2997 4379 3215 4435 αὐτῶν.

2346 4477 2451 4530 Δύο
2506 4478 2569 4547 δὴ
2625 4477 2789 4529 πάλιν
2838 4478 3023 4541 αὐτοῖς
3074 4478 3140 4531 τὰ
3199 4479 3416 4533 πάντων
3459 4481 3692 4551 μάλιστα
3744 4481 3856 4534 τῶν

2278 4567 2462 4625 κακῶν
2490 4566 2737 4636 αἰσχίονα
2770 4569 3049 4639 προσεῖναί
3077 4585 3230 4639 φησι,
3256 4570 3613 4642 φιλαργυρίαν
3640 4588 3699 4624 τε
3717 4572 3856 4642 ὁμοῦ

2279 4660 2373 4712 καὶ
2401 4659 2721 4729 ὑπεροψίαν.
2756 4661 2869 4714 Καὶ
2905 4662 3029 4732 ῥίζα
3078 4663 3175 4732 μὲν
3210 4663 3293 4715 ὅτι
3339 4665 3556 4718 πάντων
3589 4666 3704 4717 ἐστὶ
3746 4664 3857 4717 τῶν
3888 4686 3892 4691 ν

2280 4746 2463 4800 κακῶν
2494 4748 2527 4815 ἡ
2578 4746 2932 4819 φιλαργυρία,
2984 4750 3403 4821 μεμαρτύρηκεν
3432 4752 3677 4824 ἐναργῶς
3705 4755 3733 4806 ό
3763 4770 3857 4806 σο-

2282 4836 2524 4906 φώτατος
2540 4838 2769 4903 Παῦλος.
2788 4840 3030 4910 ’Δτι-ηχθη
3038 4842 3198 4911 μένον
3211 4842 3360 4903 suam
3375 4843 3470 4912 τῆς
3488 4841 3859 4914 ἀλαζον[ε]ίας

2281 4934 2341 4981 τὸ
2370 4929 2557 4999 χρῆμα
2594 4930 2744 5000 παρά
2791 4930 2931 5001 Θεῷ,
2974 4933 3136 4986 παντί
3181 4951 3265 5002 τῳ
3312 4934 3499 5002 σαφές.
3538 4934 3860 5004 Γέγραπται

2279 5019 2409 5090 γάρ,
2437 5020 2517 5072 ὅτι
2546 5039 2563 5071 ι
2598 5021 2799 5091 Κύριος
2837 5023 3203 5093 ὑπερηφάνοις
3236 5026 3634 5089 ἀντιτάσσεται,
3662 5042 3857 5077 ταπει-

2282 5113 2392 5173 νοῖς
2420 5111 2474 5163 δὲ
2504 5112 2683 5165 δίδωσι
2706 5113 2883 5183 χάριν.
2912 5134 2930 5166 ι
2958 5115 3290 5186 Φαυλότητος
3307 5116 3429 5171 τίνα
3454 5117 3652 5186 τρόπον
3667 5117 3764 5169 οὐκ
3790 5118 3861 5171 ἀν

2284 5216 2367 5261 τις
2390 5200 2575 5253 ἐνόντα
2626 5202 2813 5271 βλέποι
2847 5204 2999 5275 παρά
3026 5222 3090 5273 γε
3132 5208 3245 5267 τοῖς
3272 5205 3517 5260 ἐθέλουσι
3563 5207 3815 5259 πλουτεῖν
3842 5224 3860 5272 ;

2290 5292 2525 5342 ποιοῖντο
2558 5292 2665 5362 γὰρ
2710 5294 2759 5344 οί
2808 5294 2998 5346 τοιοίδε
3026 5295 3126 5364 τὴν
3174 5293 3283 5347 τῶν
3328 5294 3625 5365 χρημάτων
3659 5310 3862 5363 συγκοο
3947 5327 3951 5330 -

2291 5380 2447 5451 μιδὴν
2489 5381 2553 5434 ἐκ
2599 5399 2659 5435 τε
2703 5384 2878 5437 τόκων
2909 5385 3002 5437 καὶ
3040 5385 3417 5456 πλεονασμῶν,
3443 5387 3507 5438 ἐκ
3550 5385 3863 5450 πλεονεξίας

2288 5473 2379 5525 καὶ⁸
2410 5473 2643 5539 ἀδικίας,
2672 5473 2731 5537 ἐξ
2773 5475 3026 5545 ἁρπαγῆς
3063 5476 3155 5529 καὶ
3181 5478 3562 5546 συκοφαντίας.
3588 5478 3866 5547 Πρόσεστι

2283 5564 2339 5617 δὲ
2364 5563 2441 5635 τῷ
2469 5565 2685 5636 πλούτῳ
2715 5568 2808 5620 καὶ
2836 5567 2898 5619 τὺ
2938 5568 3237 5637 ἀγέρωχον,
3273 5569 3368 5621 καὶ
3392 5570 3455 5622 τὸ
3493 5569 3613 5622 λίαν
3638 5560 3863 5638 ἕτοιμον

2283 5657 2362 5719 είς
2394 5659 2674 5728 ἀποφορὰν
2709 5660 2818 5714 τῶν
2847 5661 3093 5714 ἐκτόπων
3123 5661 3217 5713 καὶ
3265 5659 3677 5732 βδελυρωτάτων
3718 5660 3851 5730 ἠδο-

2282 5747 2408 5801 νῶν.
2437 5750 2609 5803 Ὅπου
2640 5750 2746 5821 γὰρ
2773 5751 2833 5805 τὸ
2859 5756 3090 5825 τρυφᾷν,
3120 5756 3236 5808 ἐκεῖ
3288 5770 3389 5806 που
3419 5753 3633 5814 πάντως
3670 5751 3853 5818 κῶμοι

684 5850 730 5933 ’1⁸
764 5849 1028 5933 Ismarii;
1069 5849 1148 5901 l0.
1214 5825 1291 5882 5“
1332 5852 1500 5912 Exod.
1538 5872 1693 5924 mu,
1734 5854 1820 5923 17,
1862 5870 2049 5919 xxnv,
2093 5855 2201 5919 2'5;
2257 5857 2415 5912 Dcut.
2446 5877 2554 5919 ενι.
2596 5862 2675 5915 16.
2756 5864 2798 5893 ’⁷
2826 5863 2984 5920 Rom.
3019 5881 3079 5933 ιι,
3120 5867 3207 5924 Η.
3285 5866 3330 5905 ⁸⁸
3358 5866 3628 5922 lTimotlt.
3671 5881 3743 5926 v:.
3773 5866 3865 5921 l0.

620 5917 665 5949 "
692 5914 805 5971 Jac.
831 5931 900 5980 tv,
926 5915 976 5969 6.
