4178 6516
432 382 496 446 Si
1338 475 1344 485 ἱ
1597 393 1660 448 IN
1699 393 1932 449 lSAlAM
1959 392 2022 448 LI

2130 394 2170 453 1.
2208 395 2415 457 ΟΙὶΑΤ.
2455 400 2522 452 Η.
3609 400 3676 459 8‘2

437 511 530 568 καὶ
563 513 738 583 μέθαι,
767 515 958 580 κοῖται,
987 515 1081 568 καὶ
1109 515 1409 584 άσέλγειαι,
1432 513 1546 584 ξκαῖ
1568 516 1675 568 πᾶν
1704 509 1842 577 εἶδος
1877 515 2006 568 ἀκο-

2117 517 2212 570 Liae.
2239 516 2369 583 Quis
2401 528 2482 572 est
2513 534 2674 588 porro
2706 535 2913 584 eorum,
2946 519 3037 589 qui
3063 532 3194 573 sane
3227 531 3418 586 sapere
3471 515 3670 580 solent,

440 605 650 666 λασίας.
685 604 780 668 Τίς
805 603 860 659 δὲ
892 605 954 674 δὴ
985 605 1092 658 τῶν
1140 601 1198 660 εὖ
1232 608 1446 677 φρονεῖν
1485 603 1773 672 εἰωθότων,
1809 606 1909 659 οὒκ
1942 606 2008 659 ἂν

441 693 704 763 στυγητὸν
757 695 1041 765 ποιήσαιτο
1070 695 1160 749 τὸν
1191 696 1491 768 ὑπέροπτον
1522 695 1849 750 διαπτύοντα
1878 697 2006 759 τοὺς

438 780 877 854 ἀσθενεστέρους,
911 785 1084 854 ὀφρὺν
1106 785 1434 852 ἀνασπῶντα
1467 787 1566 858 τὴν
1598 787 1824 857 ὑψηλὴν,
1854 804 2010 855 περι-

437 885 648 938 ορωντα
672 874 798 936 τοὺς
827 875 884 926 ἐν
929 876 1193 948 πτωχείᾳ,
1240 878 1335 930 καὶ
1382 881 1494 942 τοῖς
1526 881 1584 931 ἐν
1615 877 2011 948 ταλαιπωρίαις

441 959 720 1028 συναλγεῖν
761 963 859 1016 οὐκ
902 964 1246 1035 ἀνεχόμενον,
1274 967 1445 1021 ἐλεεῖν
1471 969 1572 1022 οὐκ
1601 969 1855 1033 ἀξιοῦντα
1883 968 2008 1031 τοὺς

438 1051 498 1104 ἐν
539 1051 804 1120 ἀνάγκαις
851 1055 944 1106 καί¹
993 1056 1195 1122 πόνοις,
1242 1058 1547 1128 ἡγνοηκότα
1582 1060 1637 1112 δὲ
1685 1059 1887 1122 λοιπὸν,
1927 1061 2009 1113 ὅτι

440 1143 533 1194 καὶ
567 1142 696 1212 χοῦς
728 1144 844 1196 ἐστι
882 1146 974 1198 καὶ
1003 1147 1195 1212 σποδός
1221 1165 1234 1214 ;
1263 1150 1511 1203 Δίτιᾶται
1539 1150 1717 1204 τοίνυν
1747 1150 1836 1204 καὶ
1869 1150 2010 1222 μάλα

438 1231 663 1296 εἰκότως
689 1233 718 1285 ό
747 1233 1028 1306 φιλάρετος
1061 1239 1216 1309 ἡμῶν
1245 1240 1397 1305 Θεὸς,
1431 1241 1505 1305 ὼς
1541 1242 1834 1314 ἀκόρεστον
1863 1243 2011 1312 ἔχον-

439 1338 540 1381 τας
590 1324 671 1386 εἰς
708 1324 1047 1395 φιλοκερδίαν
1095 1329 1187 1382 τὸν
1230 1330 1374 1398 νοῦν,
1429 1331 1504 1395 ὡς
1557 1332 1744 1396 ἵπποις
1784 1335 2010 1403 ἐποχου-

445 1415 669 1484 μένους,
698 1416 794 1470 καὶ
830 1420 942 1481 τοῖς
982 1420 1078 1489 τῆς
1111 1421 1412 1489 φιλοδοξίας
1454 1425 1739 1488 ὲναλόντας
1773 1424 2010 1496 βρόχοις.

456 1505 867 1578 Ἐμπεπλῆσθαι
915 1509 971 1562 δὲ
1019 1510 1199 1564 ἵππων
1227 1513 1324 1583 τὴν
1366 1512 1546 1586 χώραν
1595 1516 1772 1569 αὐτῶν
1822 1533 2010 1584 φησιν,

442 1593 518 1660 ὡς
541 1596 638 1668 οὐχ
669 1597 788 1662 ἐνὸς
817 1599 852 1670 ἢ
884 1599 1138 1672 δευτέρου
1163 1605 1509 1673 νενοσηκότος
1561 1607 1658 1676 τὴν
1689 1606 2011 1677 ὑπεροψίαν,

447 1685 559 1739 ἀλλ’
588 1682 697 1740 οἷον
725 1687 852 1758 ὅλης
893 1688 1070 1742 αὐτῶν
1106 1691 1544 1767 κατειλημμένης
1583 1696 1685 1763 ¹τῆς
1713 1694 1896 1767 χώρας
1937 1696 2015 1766 τῷ

447 1777 630 1842 πάθει,
665 1777 758 1831 καὶ
785 1778 924 1844 κατᾲ
949 1780 1162 1836 πάντων
1191 1783 1359 1846 ἰόντος
1375 1784 1468 1838 τοῦ
1499 1785 1837 1858 κακοῦ.ΠἍὴν
1861 1788 2013 1858 ἐλέγο

448 1883 531 1935 χει
566 1867 658 1923 καὶ
706 1867 792 1922 διὰ
814 1868 1002 1922 τούτου
1043 1871 1121 1942 τῷ
1164 1872 1311 1943 νόμῳ
1355 1879 1881 1947 προσκεκρουκότας,
1921 1880 2013 1932 καὶ

447 1957 689 2010 ἀπειθεῖν
720 1959 1028 2029 ᾑρημένους
1050 1960 1186 2032 Θεῷ,
1224 1963 1520 2034 διειρηκότι
1565 1968 1752 2034 σαφῶς
1775 1985 1786 1996 ·
1833 1986 1852 2019 ι
1891 1968 2015 2022 Ἐὰν

443 2049 499 2102 δὲ
528 2048 772 2120 εἰσέλθῃς
801 2051 881 2114 εἰς
911 2051 1012 2119 τὴν
1045 2053 1150 2124 γῆν
1187 2053 1256 2125 ἢν
1279 2054 1481 2126 Κύριος
1503 2057 1532 2109 ό
1556 2056 1685 2121 Θεός
1720 2075 1810 2111 σου
1833 2058 2015 2112 δίδωσὶ

446 2156 527 2192 σοι
578 2141 636 2194 ἐν
679 2140 883 2212 κλήρῳ,
940 2144 1036 2196 καὶ
1083 2146 1639 2220 κατακληρονομήσῃς
1693 2149 1881 2221 αὐτὴν,
1923 2153 2017 2205 καὶ

442 2232 768 2303 κατοικήσῃς
799 2231 888 2284 ἐπ’
913 2233 1100 2304 αὐτῆς,
1129 2234 1224 2288 καί⁵
1249 2235 1426 2308 εἴπῃς·
1457 2238 1833 2309 Καταστήσωλ
1853 2241 2017 2309 ἐμαυ-

423 2319 520 2390 τῷ
551 2318 806 2391 ἄρχοντα,
832 2320 972 2375 καθὰ
1004 2322 1099 2376 καὶ
1126 2324 1196 2378 τὰ
1218 2324 1378 2379 λοιπά
1405 2325 1533 2397 ἔθνη
1557 2327 1627 2380 τὰ
1653 2327 1838 2400 κύκλῳ
1876 2347 1977 2401 μου
1997 2347 2012 2360 ο

441 2409 714 2464 καθιστῶν
773 2415 1253 2484 καταστήσειςέπί
1293 2417 1486 2471 σαυτὸν
1537 2419 1794 2490 ἄρχοντα,
1848 2421 1906 2474 ὃν
1952 2422 2017 2475 ἂν

444 2500 726 2570 ἐκλέξηται
754 2501 956 2575 Κύριος
978 2507 1006 2558 ὁ
1033 2504 1164 2570 Θεός
1194 2524 1286 2560 σου
1313 2507 1497 2562 αὐτόν.
1523 2527 1541 2561 ι
1572 2506 1706 2564 Εῐτά
1731 2528 1866 2582 φησι
1892 2513 2019 2582 περὶ

442 2591 534 2644 τοῦ
566 2591 961 2664 καθισταμένου
985 2611 1001 2628 ο
1041 2616 1059 2648 ι
1083 2598 1226 2650 Διὸτι
1250 2599 1309 2652 ού
1335 2600 1596 2672 πληθυνεῖ
1621 2603 1797 2672 ἐαυτῷ
1826 2604 2016 2666 ἵππον,

447 2683 566 2736 οὐδὲ
596 2685 672 2755 μὴ
697 2686 1028 2757 ἀποστρέψει
1056 2687 1147 2741 τὸν
1180 2689 1303 2743 λαὸν
1330 2691 1410 2754 εἰς
1437 2690 1732 2760 Αἴγυπτον,
1769 2694 1916 2756 ὅπως
1953 2692 2022 2746 ἂν

451 2774 526 2846 μὴ
550 2775 794 2849 πληθύνῃ
816 2777 993 2848 ἐαυτῷ
1026 2779 1212 2833 ἵππον.
1236 2800 1254 2834 ι
1285 2783 1396 2834 Καὶ
1446 2784 1582 2853 πρὸς
1637 2783 1848 2847 τούτοις
1900 2785 1979 2837 ἔτι
2002 2801 2017 2815 ο

455 2867 592 2920 «Καὶ
631 2867 893 2939 ἀργύριον
925 2870 1019 2922 καὶ
1049 2871 1268 2942 χρυσίον
1311 2873 1371 2925 οὐ
1402 2873 1661 2945 πληθυνεῖ
1683 2874 1862 2945 ἐαυτῷ
1895 2875 2024 2944 σφό-

449 2955 570 3028 δρα.
600 2978 619 3010 p
655 2961 906 3014 Αἰτιᾶται
932 2961 1113 3015 τοίνυν
1142 2962 1218 3026 ὡς
1239 2963 1593 3036 ποιουμένους
1615 2965 1712 3036 μὲν
1745 2965 1852 3019 τῶν
1881 2983 2022 3038 χρη·

452 3048 639 3118 μάτων
667 3050 766 3121 τὴν
795 3051 1058 3123 ἄθροισιν,
1084 3053 1176 3106 καὶ
1200 3052 1356 3106 τοῦτο
1384 3055 1694 3126 ἀπλήστως,
1732 3057 2024 3128 πληθύνον⁸

2111 609 2201 678 qui
2227 625 2331 664 non
2358 609 2529 664 oderit
2558 612 2883 680 superbum,
2920 610 3248 665 intirmiores
3293 609 3672 675 despueutem,

2110 701 2276 755 altum
2309 700 2662 771 supercilium
2710 702 3007 768 tollentem,
3063 700 3411 756 mendicitate
3464 714 3677 768 pressos
3778 735 3785 740 -

2109 791 2518 861 despicientem,
2561 793 2768 846 versari
2806 806 2930 846 cum
2964 792 3301 847 calamitosis
3352 805 3458 845 non
3519 788 3680 844 susti-

2112 890 2349 947 nentem,
2383 897 2481 938 nec
2509 883 2574 936 ad
2623 897 2716 938 eos
2751 883 2912 936 etiam
2944 880 3036 950 qui
3087 881 3140 935 in
3174 883 3419 951 angustia
3464 889 3589 936 sunt
3622 888 3677 933 et

2113 973 2410 1036 laboribus,
2441 977 2807 1040 accedentem,
2853 988 3020 1044 seque
3044 974 3314 1043 pulverem
3345 987 3464 1029 esse
3496 986 3560 1026 ac
3593 971 3676 1026 ci-

2111 1079 2295 1120 nerem
2364 1064 2745 1134 ignorantem?
2805 1065 2946 1122 Deus
3007 1063 3192 1132 itaque
3247 1071 3434 1117 noster
3460 1060 3678 1115 virtutis

2111 1171 2317 1219 amans,
2359 1155 2598 1222 Judams,
2635 1165 2688 1212 et
2723 1173 2827 1211 non
2861 1155 3078 1226 injuria,
3123 1163 3365 1219 accusat,
3399 1165 3457 1206 ut
3518 1154 3677 1206 inex-

2112 1247 2293 1316 plebili
2317 1249 2498 1302 animo
2526 1247 2591 1304 ad
2619 1263 2736 1304 rem
2763 1247 3096 1312 faciendam,
3138 1253 3196 1300 ut
3227 1245 3384 1314 equis
3435 1243 3677 1298 insiden-

2115 1349 2214 1407 tes,
2240 1349 2294 1393 et
2323 1338 2507 1410 gloriae
2529 1338 2737 1408 laqueis
2761 1338 3021 1395 irretitos.
3052 1337 3220 1404 Equis
3250 1344 3429 1390 autem
3458 1333 3672 1403 plenam

2113 1445 2232 1485 esse
2263 1429 2536 1499 regionem
2565 1445 2756 1486 eorum
2792 1428 3052 1492 aﬂirmat,
3081 1426 3192 1499 44
3216 1442 3322 1482 non
3351 1423 3511 1496 quasi
3541 1437 3678 1476 unus

2113 1531 2207 1575 aut
2255 1521 2390 1575 alter
2437 1521 2708 1577 laboraret
2744 1519 2911 1583 fastu,
2940 1520 3034 1574 sed
3081 1518 3225 1572 velut
3267 1525 3380 1570 tota
3439 1513 3678 1582 ipsorum

2116 1611 2263 1680 regio
2301 1614 2402 1666 hoc
2431 1609 2626 1665 aﬂectu
2659 1612 2954 1680 morboque
3010 1617 3306 1671 teneretur,
3343 1615 3399 1660 et
3443 1618 3540 1674 per
3569 1617 3682 1656 om-

2118 1717 2212 1756 nes
2238 1701 2340 1756 hoc
2366 1702 2568 1756 malum
2599 1711 2921 1770 permearet.
2951 1699 3274 1768 Quanquam
3314 1703 3466 1752 taxat
3493 1695 3679 1756 etiam,

2117 1792 2259 1861 quod
2291 1792 2344 1845 in
2380 1791 2550 1862 legem
2571 1791 2918 1858 oll‘enderint,
2949 1804 3123 1860 neque
3168 1788 3278 1844 Deo
3326 1786 3546 1843 obedire
3587 1799 3682 1838 vo.

2117 1883 2334 1946 luerint,
2365 1883 2456 1951 qui
2487 1882 2631 1937 clare
2658 1883 2917 1937 dixerat:
2956 1899 2975 1933 ι
3031 1881 3090 1935 Si
3141 1880 3194 1934 in
3245 1889 3468 1942 terram,
3519 1889 3679 1944 quam

2113 1973 2207 2027 dat
2239 1973 2329 2027 tibi
2357 1972 2618 2028 Dominus
2646 1973 2786 2028 Deus
2813 1982 2955 2035 tuus,
3001 1978 3152 2026 sorte
3179 1968 3413 2032 veneris,
3461 1975 3516 2020 et
3565 1965 3680 2019 haz-

2117 2064 2347 2120 reditate
2373 2065 2652 2133 acceperis
2689 2079 2832 2128 eam,
2874 2072 2927 2118 et
2960 2060 3279 2124 incolueris,
3330 2068 3386 2113 et
3439 2057 3678 2111 dixeris:

2117 2152 2419 2210 Praaiiciam
2452 2154 2584 2209 mihi
2610 2155 2929 2223 principem,
2962 2154 3102 2208 sicut
3123 2160 3180 2207 et
3211 2159 3400 2220 gentes
3423 2161 3544 2216 quae
3572 2145 3682 2200 cir-

2123 2261 2246 2300 cum
2271 2261 2357 2302 me
2388 2256 2515 2302 sunt
2542 2263 2555 2300 :
2587 2246 2810 2300 omnino
2841 2244 3141 2300 constitues
3162 2254 3327 2308 super
3374 2247 3427 2292 te
3478 2235 3681 2305 princi-

2118 2351 2241 2407 pem
2269 2352 2430 2407 quem
2461 2338 2685 2405 elegerit
2713 2336 2968 2392 Dominus
2999 2335 3138 2390 Deus
3169 2343 3293 2387 tuus
3316 2333 3358 2384 ³.
3396 2349 3415 2384 ι
3453 2329 3583 2385 Dein
3618 2329 3684 2382 de

2116 2443 2183 2482 eo
2205 2430 2294 2494 qui
2319 2427 2644 2484 constitutus
2665 2437 2751 2482 est
2776 2427 2944 2482 dicit:
2977 2445 2996 2477 ι
3027 2425 3319 2495 Propterea
3349 2437 3455 2476 non
3494 2417 3681 2473 multi-

2116 2515 2339 2587 plicabit
2371 2517 2472 2572 sibi
2510 2531 2700 2588 equos,
2733 2533 2831 2574 nec
2867 2526 3074 2572 avertet
3109 2514 3362 2584 populum
3413 2511 3466 2565 in
3509 2509 3683 2580 ,Ευ-

2118 2621 2290 2680 ptum,
2333 2625 2401 2666 ne
2449 2610 2764 2680 multiplicet
2791 2610 2894 2666 sibi
2935 2624 3127 2679 equos.
3157 2627 3176 2660 ι
3205 2608 3284 2663 Ad
3327 2608 3440 2660 haec
3479 2619 3682 2674 porro:

2125 2699 2470 2768 rArgeutum
2525 2709 2579 2753 et
2638 2714 2827 2754 aurum
2865 2715 2971 2754 non
3029 2695 3372 2758 coacervabit
3433 2693 3534 2747 sibi
3585 2692 3683 2760 ipsi

2120 2788 2347 2844 multum
2371 2789 2413 2841 ’.
2448 2807 2467 2841 ι
2510 2789 2698 2856 Itaque
2729 2803 2823 2844 eos
2877 2788 3216 2858 perstringit,
3252 2795 3310 2839 ut
3341 2784 3432 2855 qui
3469 2782 3687 2838 divitias

2119 2877 2550 2943 accumularent,
2588 2879 2747 2946 idque
2818 2877 3223 2941 insatiabiliter,
3281 2883 3336 2932 et
3389 2875 3686 2942 equitatum

2121 2983 2338 3039 quoque
2361 2969 2465 3026 sibi
2494 2979 2776 3040 augerent.
2820 2969 3052 3038 Attingit
3101 2969 3287 3031 etiam,
3337 2975 3395 3020 ut
3452 2963 3685 3026 videtur,

2122 3061 2237 3117 haec
2275 3063 2647 3131 reprehensio,
2693 3062 2938 3119 maxime
2982 3074 3078 3116 eos
3126 3057 3217 3128 qui
3255 3057 3458 3127 primas
3501 3064 3689 3107 tenue-

449 3157 544 3204 τας
567 3141 622 3194 δὲ
641 3143 852 3205 ἑαυτοῖς
882 3145 974 3197 καὶ
996 3145 1179 3198 ἵππον.
1206 3146 1467 3200 Ἀπτεται
1491 3146 1567 3210 δὲ,
1614 3147 1754 3202 κατὰ
1772 3148 1834 3201 τὸ
1855 3149 2019 3215 εἰκὸς,

2126 3162 2275 3218 runt,
2302 3156 2473 3225 utqui
2514 3163 2840 3224 praeceptum
2866 3152 3160 3216 violarent,
3201 3165 3336 3218 quos
3363 3148 3526 3203 etiam
3579 3158 3689 3214 prtia

448 3233 478 3285 ὁ
505 3233 596 3286 ἐπὶ
641 3232 776 3304 τῷδε
823 3235 1013 3306 μῶμος
1049 3237 1282 3306 μάλιστα
1308 3237 1431 3308 τῶνξ
1453 3238 1809 3310 καθηγεῖσθαι
1838 3239 2026 3312 λαχόν-

450 3342 575 3390 των,
603 3325 679 3389 ὼς
709 3326 1157 3396 παραϐαινόντων
1182 3329 1278 3399 τὴν
1310 3328 1548 3400 ἐντολὴν,
1583 3329 1677 3394 οὓς
1707 3327 1774 3402 ἦν
1799 3331 2024 3386 ἀκόλου-

450 3415 541 3468 θον
582 3417 676 3470 καὶ
717 3417 823 3488 πρό
851 3434 914 3486 γε
960 3419 1068 3472 τῶν
1095 3419 1267 3474 ἄλλων
1292 3421 1519 3492 ὁρᾶσθαι
1549 3423 1911 3493 τετιμηκότας
1955 3424 2025 3478 τὰ

449 3506 871 3578 τεθεσπισμένα,
897 3510 1123 3574 καὶτοῖς
1155 3511 1575 3581 παραϐαίνουσιν
1601 3515 1879 3586 ἐπιτιμᾷν.

521 3595 631 3649 Καὶ
667 3596 1015 3666 ἐνεπλήσθη
1055 3599 1093 3667 ἡ
1127 3597 1204 3668 γῆ
1231 3597 1665 3670 βδελυγμάτων
1699 3601 1816 3656 τῶν
1839 3604 2026 3673 ἔργων

453 3686 572 3740 τῶν
591 3686 810 3756 χειρῶν
827 3686 1044 3755 αὐτῶν,
1083 3689 1180 3742 καί
1210 3690 1696 3758 προσεκύνησαν,
1719 3685 1809 3756 οἷς
1828 3691 2026 3760 ἐποίη-

452 3793 576 3833 σαν
618 3781 672 3833 οί
703 3778 988 3834 δάκτυλοι
1027 3779 1244 3834 αὐτῶν.
1282 3780 1393 3835 Καὶ
1421 3781 1653 3850 ἔκυψεν
1695 3781 2020 3850 ἅνθρωπος,

456 3867 554 3922 καὶ
576 3868 937 3936 ἐταπεινώθη
965 3870 1140 3938 ἀνὴρ,
1170 3871 1267 3924 καὶ
1289 3872 1358 3925 οὐ
1379 3871 1468 3941 μὴ
1489 3870 1697 3938 ἀνήσω
1715 3873 1954 3937 αὐτούς.

538 3961 788 4030 Ἐγκαλεί
809 3961 970 4015 πάλιν
999 3961 1181 4024 αὐτοῖς
1205 3961 1304 4033 τὴν
1329 3961 1523 4033 νοητὴν
1546 3961 1822 4032 πορνείαν,
1848 3963 1942 4016 καὶ
1968 3961 2029 4015 τὸ

460 4050 675 4114 πολλοῖς
718 4050 929 4104 ἑλέσθαι
973 4055 1298 4124 προσκυνεῖν
1336 4052 1442 4105 τῶν
1467 4053 1833 4126 ψευδωνύμων
1867 4053 2025 4110 θεῶν.

473 4142 783 4210 ἈποφαΞνει
830 4142 886 4196 δὲ
927 4143 1007 4196 ὅτι
1049 4141 1367 4206 δυσσεὸείας
1402 4143 1481 4205 εἰς
1522 4142 1679 4196 τοῦτο
1725 4144 2028 4214 προήκουσι

461 4233 680 4305 μέτρον,
727 4235 803 4298 ὡς
833 4237 1031 4298 παντὸς
1075 4236 1156 4298 εἰς
1193 4232 1346 4300 λῆξιν
1378 4234 1566 4288 ἐλάσαι
1609 4233 1800 4299 κακοῦ,
1843 4237 1935 4290 καὶ
1969 4237 2029 4291 τὸ

459 4324 803 4396 τελειοτάτην
839 4324 1140 4378 ἀπόστασιν
1172 4323 1466 4394 μελετῆσαι
1502 4321 1599 4394 τὴν
1622 4323 1729 4376 ἀπὸ
1752 4322 1886 4376 Θεοῦ
1933 4326 2028 4379 τοῦ

463 4417 641 4472 πάντα
672 4416 892 4483 εἰδότος,
921 4415 1182 4487 νεύμασιν
1215 4414 1596 4486 ὑποφέροντος,
1633 4415 1727 4468 καὶ
1763 4430 2030 4486 παρενεγ-

465 4507 650 4570 κόντος
693 4507 773 4568 εἰς
799 4504 1048 4577 ὕπαρξιν.
1074 4505 1260 4572 ’,Εοικε
1290 4504 1347 4557 δὲ
1372 4503 1569 4574 τρόπον
1597 4504 1719 4558 τινὰ
1751 4506 1844 4557 καὶ
1876 4505 2036 4576 ὑπερο

463 4597 650 4667 αλγεῖν
683 4599 782 4668 τῆς
823 4596 1108 4667 ἀνθρώπου
1146 4596 1360 4666 φύσεως
1389 4595 1724 4667 ὑϐρισμένης
1767 4597 2033 4667 ἐσχάτως.

465 4691 738 4760 Τετίμηκε
785 4689 884 4759 μὲν
920 4688 1029 4758 γὰρ
1068 4690 1096 4741 ό
1128 4689 1236 4742 τῶν
1280 4687 1415 4740 ὃλων
1441 4687 1572 4750 Θεὸς
1602 4687 1902 4759 αὐτουργίᾳ
1943 4687 2037 4741 τὸν

466 4785 774 4856 ἄνθρωπον.
811 4785 894 4838 υύΔ
912 4783 1021 4856 γὰρ
1053 4783 1196 4854 λόγῳ
1224 4781 1362 4854 μετὰ
1392 4781 1499 4834 τῶν
1522 4781 1695 4836 ἄλλων
1722 4782 2037 4852 κτισμάτων

468 4873 890 4948 ἀπεσχεδιάζετο
919 4875 1013 4928 καὶ
1033 4873 1212 4938 αὐτὸς,
1244 4871 1493 4943 καθάπερ
1516 4871 1708 4943 ἀμέλει
1735 4869 1817 4937 τὺ,
1849 4871 2036 4943 ιΓενη·

471 4967 620 5039 θήτω
675 4961 980 5036 στερέωμα,
1033 4965 1126 5018 καὶ
1172 4963 1386 5033 ἐγένετο
1429 4961 1635 5026 οὕτως·
1680 4981 1698 5014 ι
1727 4961 1839 5016 ἀλλ’
1884 4962 2042 5016 ἔλαϐε

471 5059 602 5131 χοῦν
628 5057 737 5116 ἀπὸ
760 5057 860 5126 τῆς
887 5057 993 5126 γῆς
1029 5057 1124 5110 καὶ
1164 5055 1387 5127 ἐποίησε
1416 5055 1507 5109 τὸν
1553 5054 1855 5126 ἄνθρωπον,
1904 5054 2045 5108 κατά

471 5168 534 5220 γε
580 5149 682 5213 τὰς
735 5149 830 5203 τοῦ
884 5149 1158 5218 πανσόφου
1210 5147 1455 5212 Μωσέως
1499 5147 1703 5217 φωνάς.
1737 5146 1931 5214 Γέγονε
1986 5145 2044 5199 δὲ

474 5242 595 5297 κατ’
648 5242 831 5296 εἰκόνα
883 5241 979 5295 καὶ
1006 5241 1128 5295 καθ’
1158 5241 1416 5311 ὁμοίωσιν
1460 5239 1617 5303 Θεοῦ.
1666 5238 1761 5293 καὶ
1802 5233 1913 5293 οἷόν
1961 5254 2047 5302 τις

474 5331 656 5402 ἄρχων
687 5329 1123 5404 κεχειροτόνηται
1150 5331 1258 5386 τῶν
1285 5331 1376 5385 ἐπὶ
1401 5331 1498 5401 τῆς
1521 5331 1644 5402 γῆς.
1668 5330 1964 5402 Τετίμηται
1984 5327 2042 5382 δὲ

478 5423 614 5493 πρὸς
654 5424 827 5496 τούτῳ
880 5424 974 5478 καὶ
1029 5422 1298 5495 πνεύματι
1350 5422 1514 5494 ζωῆς.
1559 5423 1886 5492 Ἑνεφύσησε
1933 5419 2042 5491 γὰρ

475 5516 554 5581 εἰς
576 5516 863 5588 πρόσωπον
883 5515 1046 5570 αὐτοῦ
1081 5516 1249 5588 πνοὴν
1273 5516 1437 5588 ζωῆς.
1472 5514 1679 5570 Οὐκοῦν
1709 5533 1727 5567 ι
1757 5514 2043 5586 ἅνθρωπος

477 5608 536 5662 ἐν
576 5612 708 5681 τιμῇ
764 5609 859 5678 ὢν,
908 5611 968 5665 οὐ
1023 5611 1254 5683 συνῆκε,
1291 5629 1310 5664 ι
1349 5609 1492 5665 κατὰ
1536 5609 1598 5662 τὸ
1624 5619 2042 5680 γεγραμμενονο

2126 3242 2246 3300 aliis
2273 3255 2694 3303 consentaneum
2719 3255 2836 3300 erat
2864 3243 3057 3310 videri,
3086 3251 3141 3297 et
3173 3240 3353 3302 divina
3399 3238 3570 3301 edicta
3599 3250 3690 3289 co-

2125 3333 2257 3400 lere,
2278 3344 2332 3391 et
2355 3337 2812 3406 transgredientes
2839 3333 3262 3406 reprehendere.

2200 3605 2358 3660 Vens.
2397 3599 2516 3656 8-9.
2544 3599 2612 3654 Et
2642 3597 2856 3666 impleta
2901 3604 2977 3652 est
3026 3604 3169 3650 terra
3216 3589 3692 3648 abominatiouibus

2131 3711 2345 3768 operum
2388 3704 2642 3746 manuum
2691 3703 2941 3754 suarum,
2980 3696 3030 3740 et
3072 3686 3423 3739 adoraveruut
3471 3697 3534 3734 ea
3577 3694 3693 3750 qua:

2127 3791 2428 3860 efﬁnxerant
2460 3782 2609 3853 digiti
2647 3782 2901 3850 ipsorum.
2951 3774 3021 3830 Et
3067 3782 3367 3846 prostratus
3405 3784 3479 3828 est
3516 3773 3692 3835 homo,

2126 3892 2172 3936 rt
2204 3879 2432 3950 dejectus
2451 3885 2525 3930 est
2561 3875 2658 3939 vir,
2681 3882 2726 3926 et
2748 3888 2850 3926 non
2881 3869 3147 3924 dimittam
3178 3865 3316 3932 illos.

2185 3971 2356 4027 Vocat
2377 3980 2591 4022 rursum
2607 3979 2701 4020 eos
2716 3964 2768 4017 in
2791 3961 2996 4016 crimen
3017 3955 3392 4014 fornicationis
3412 3952 3692 4024 spiritalis,

2128 4060 2272 4132 quod
2292 4055 2489 4112 multos
2517 4051 2752 4116 ﬁctitios,
2782 4049 3022 4118 falsoque
3059 4055 3398 4111 nuncupatos
3439 4043 3568 4100 deos
3601 4041 3696 4098 ad-

2128 4159 2351 4210 orarent
2391 4143 2774 4212 :ostenditque
2803 4139 2869 4196 ad
2898 4153 3016 4194 eam
3051 4135 3342 4207 impietatis
3391 4146 3696 4190 mensuram

2133 4241 2485 4316 processisse,
2522 4245 2580 4291 ut
2619 4235 2688 4290 ad
2719 4233 2958 4290 omnium
2993 4229 3254 4316 malorum
3289 4227 3441 4296 quasi
3474 4224 3690 4316 culmen

2137 4309 2477 4402 pertigerint,
2517 4333 2572 4381 et
2602 4322 2844 4379 ultimam
2875 4316 3044 4374 moliti
3093 4314 3442 4382 meditatique
3499 4309 3702 4365 fuerint

2136 4421 2491 4477 defectionem
2521 4432 2552 4470 a
2584 4416 2716 4482 Deo,
2751 4412 2842 4482 qui
2887 4409 3067 4466 omnia
3097 4406 3267 4472 novit,
3325 4414 3458 4458 nutu
3485 4408 3697 4456 susten-

2140 4521 2238 4575 tat,
2263 4519 2315 4564 et
2358 4509 2411 4561 in
2436 4515 2616 4560 ortum
2661 4503 2866 4558 educit.
2926 4499 3259 4565 Videturque
3299 4488 3702 4562 quodammodo

2139 4601 2303 4659 etiam
2329 4595 2570 4654 indolere
2598 4594 2946 4648 vehementer
2970 4589 3202 4644 hominis
3244 4595 3468 4648 naturae,
3523 4589 3704 4635 extre-

2141 4707 2230 4748 ma
2258 4685 2579 4746 contumelia
2609 4682 2838 4738 aﬂ'ectaa.
2867 4677 3182 4734 llonestavit
3225 4674 3369 4728 enim
3422 4670 3706 4726 universo-

2142 4799 2261 4840 rum
2295 4781 2435 4836 Deus
2459 4775 2582 4845 sum]
2601 4787 2790 4829 manus
2839 4769 3071 4826 artiﬁcio
3099 4766 3392 4828 hominem,
3425 4775 3523 4816 nec
3541 4759 3707 4814 verbo

2142 4888 2269 4931 cum
2300 4872 2420 4928 aliis
2443 4865 2710 4926 creaturis
2739 4863 2932 4932 [statim
2965 4859 3053 4914 ille
3081 4857 3332 4913 conditus
3359 4864 3462 4918 est,
3495 4861 3552 4908 ut
3578 4851 3706 4906 illud

2145 4964 2392 5022 videlicet
2418 4979 2435 5020 :
2475 4979 2492 5012 ι
2522 4959 2642 5014 Fiat
2694 4955 3113 5014 ﬁrmamentum,
3138 4959 3187 5004 et
3222 4948 3416 5003 factum
3445 4943 3662 5011 estsic;
3685 4961 3702 4993 ι

2146 5069 2200 5115 at
2233 5065 2455 5124 accepto
2495 5055 2560 5109 de
2610 5060 2750 5105 terra
2781 5046 3002 5117 pulvere
3049 5041 3321 5098 hominem
3353 5038 3552 5104 ell'ecit,
3588 5050 3646 5092 ut
3679 5055 3705 5088 ιι

2145 5145 2545 5218 sapientissimo
2568 5141 2752 5213 Moyse
2771 5138 2971 5194 dictum
2995 5145 3100 5200 est,
3122 5142 3176 5190 et
3193 5133 3366 5187 lactus
3387 5130 3552 5187 estad
3576 5128 3710 5184 ima-

2150 5241 2327 5313 ginem
2374 5246 2429 5294 et
2457 5233 2864 5292 similitudinem
2915 5227 3032 5290 Dei,
3069 5241 3134 5282 ac
3167 5235 3422 5294 tauquam
3461 5221 3710 5313 princeps

2153 5311 2416 5404 quispiam
2473 5337 2633 5382 terra:
2689 5321 2974 5392 praefectus
3024 5328 3127 5381 est,
3187 5327 3243 5370 et
3276 5329 3465 5404 porro,
3515 5311 3708 5404 spiritu

2152 5399 2287 5478 vitae,
2324 5429 2569 5477 ornatus.
2638 5412 2842 5470 lnﬂavit
2887 5410 3030 5466 enim
3071 5408 3124 5463 in
3192 5409 3380 5463 faciem
3423 5403 3538 5473 ejus
3591 5399 3709 5469 spi-

2150 5513 2388 5570 raculum
2409 5513 2530 5566 vita:
2547 5510 2588 5562 ⁸.
2604 5507 2767 5578 Igitur
2791 5507 2980 5561 «homo
2998 5504 3049 5558 in
3069 5503 3269 5556 honore
3285 5514 3404 5554 cum
3419 5501 3580 5551 esset.
3601 5505 3706 5544 non

2149 5603 2256 5678 45
2275 5601 2555 5665 intellexit,
2579 5618 2595 5651 ι
2621 5606 2678 5652 ιιι
2698 5596 2954 5666 scriptum
2970 5604 3052 5650 est
3072 5594 3141 5647 ":
3167 5588 3387 5650 servivit
3404 5583 3545 5642 enim
3564 5579 3706 5638 scul-

557 5769 751 5824 ‘Deut.
781 5786 910 5835 xvr',
956 5770 1040 5835 Η,
1075 5771 1160 5824 15.
1237 5772 1258 5803 ⁸
1289 5769 1418 5825 ibid.
1457 5769 1544 5824 16.
1623 5769 1644 5799 ⁸
1671 5768 1805 5824 Gen.
1846 5783 1883 5832 ι,
1920 5782 2023 5835 ιι,ι

2117 5767 2222 5818 sim.
2309 5765 2350 5794 ³⁵
2389 5760 2533 5816 Psal.
2571 5773 2760 5820 \Lvtii,
2787 5755 2867 5810 i3.
