4178 6504
524 368 598 426 85
1546 372 1604 429 S.
1647 370 1922 431 CYltlLLI
1961 373 2425 432 ALEXANDRINI
2468 378 2790 438 ARCHIEP.
3707 384 3776 441 84

525 494 745 563 ptilibus
767 493 807 558 ⁸,
841 507 925 558 ac,
952 492 1331 562 utprOphetica
1368 492 1530 549 habet
1572 496 1765 563 oratio,
1797 497 2081 551 radorave-

2190 497 2514 570 λελάτρευκε
2562 502 2812 573 γὰρ,τοὶ’ς
2852 501 3129 570 γλυπτοῖς
3173 502 3295 565 καί,
3335 501 3411 566 ώς
3442 506 3775 575 προφητικδς

526 592 652 637 runt
691 597 752 638 ea
776 597 895 651 quae
928 581 1168 636 fecerunt
1190 582 1340 650 digiti
1368 583 1662 653 ipsorum.»
1692 584 1758 640 Et
1778 587 2090 644 incurvatus

523 684 608 726 est
640 673 818 737 homo,
850 681 905 726 et
940 672 1257 726 humiliatus
1294 681 1378 726 est
1414 672 1517 727 vir.
1553 673 1683 739 Quae
1728 674 1922 743 injuria
1950 687 2003 730 et
2037 678 2090 731 in

523 761 689 815 Deum
712 760 885 829 ipsum
910 761 1196 828 redundat,
1229 771 1284 815 et
1314 762 1365 816 in
1392 762 1627 818 hominis
1652 774 1920 821 naturam.
1954 766 2089 821 Cum

523 851 667 906 enim
691 866 754 905 ex
781 852 1186 921 pulchritudine
1209 863 1581 907 creaturarum
1607 869 1794 909 earum
1827 856 2088 911 artiﬁcem

520 941 865 1011 proportione
882 940 1111 1010 quadam
1127 942 1433 1010 perspicere
1450 944 1784 1013 potuissent:
1812 963 1829 997 ι
1851 945 2092 1001 Invisibi—

522 1033 590 1085 lia
609 1033 751 1087 enim
776 1032 892 1101 ejus
908 1047 938 1086 a
960 1032 1233 1087 creatione
1250 1034 1459 1099 mundi,
1475 1049 1569 1105 per
1586 1049 1648 1091 ea
1672 1051 1792 1105 qua:
1808 1036 1948 1090 facta
1965 1045 2089 1090 sunt

522 1123 792 1177 intellecta
861 1123 1278 1192 perspiciuntur,
1323 1132 1521 1178 aeterna
1566 1143 1588 1176 ›
1651 1126 1858 1181 scilicet
1912 1144 1932 1176 ‹
1973 1125 2090 1193 ejus

520 1211 755 1279 potentia
779 1220 834 1267 et
853 1211 1103 1266 divinitas
1125 1213 1168 1277 ⁸;
1192 1231 1209 1263 ι
1235 1213 1373 1267 istnc
1391 1212 1531 1268 haud
1554 1214 1817 1278 fecerunt,
1840 1214 2088 1282 sedlapi-

527 1301 687 1355 dibus
704 1300 906 1356 cultum
922 1301 1249 1368 deferentes,
1275 1314 1328 1357 et
1347 1304 1549 1374 lignum
1569 1306 1857 1359 adorantes
1876 1306 2082 1371 miseri,

527 1394 812 1448 Dominum
863 1409 928 1450 ac
985 1396 1153 1449 Deum
1201 1404 1415 1460 natura,
1475 1412 1658 1451 rerum
1709 1398 2084 1452 universarum

521 1484 877 1540 architectum
910 1484 1268 1553 oll‘euderunt,
1301 1501 1400 1541 nec
1433 1486 1815 1542 intellexerunt
1844 1504 1904 1543 se
1933 1504 2083 1543 suam

518 1589 734 1643 quoque
774 1585 1046 1642 naturam,
1093 1587 1150 1631 ut
1192 1578 1425 1641 videtur,
1467 1578 1661 1648 injuria
1706 1579 1969 1635 afﬁcere:
2009 1581 2084 1634 si-

517 1665 734 1731 quidem
766 1666 929 1720 horno
962 1680 1045 1721 est
1086 1666 1244 1737 lignis
1295 1684 1359 1723 ac
1404 1670 1674 1737 lapidibus
1712 1673 2079 1740 praestantior.

518 1751 652 1805 Hinc
684 1753 876 1808 merito
908 1754 1215 1825 indignatus
1234 1759 1475 1813 omnium
1504 1757 1694 1828 Opilex
1720 1760 1829 1814 ait:
1853 1779 1871 1812 ι
1900 1761 2084 1815 lncur-

519 1854 670 1899 vatus
702 1855 784 1901 est
830 1845 1014 1909 homo.
1050 1857 1105 1901 et
1142 1847 1482 1905 humilitatus
1515 1827 1598 1906 est
1619 1854 1724 1915 vir,
1772 1861 1826 1907 et
1879 1866 2085 1923 nequa-
2113 1827 2160 1884 Β

513 1951 673 2004 quam
706 1938 824 1994 illos
856 1940 1145 1995 dimittam.
1173 1960 1193 1994 ι
1236 1941 1385 1997 Unde
1435 1945 1931 1999 immutabilitatem
1991 1947 2084 1999 ira!

511 2030 770 2093 ostendit,
814 2039 868 2085 et
893 2030 1097 2100 duplici
1136 2033 1239 2088 hoc
1270 2035 1517 2102 nomine,
1565 2039 1639 2091 ita
1694 2038 1770 2091 uti
1824 2054 1921 2105 par
1983 2038 2084 2092 fuit

512 2125 704 2170 contra
726 2118 847 2173 illos
879 2119 959 2174 ira
985 2132 1288 2178 commotus
1332 2132 1459 2179 est:
1499 2138 1609 2180 tum
1652 2127 1795 2195 quod
1845 2128 2080 2183 divinam

512 2206 854 2276 maiestatem
901 2209 1252 2279 oﬂ'enderint,
1302 2225 1414 2268 tum
1465 2217 1607 2285 quod
1659 2232 1814 2271 suam
1867 2233 2082 2287 quoque

511 2309 761 2354 naturam
801 2301 1118 2358 vilissimam
1155 2306 1509 2360 reddiderint.
1540 2306 1757 2378 lmpleri
1782 2309 1915 2363 dicit
1945 2309 2080 2363 abo-

512 2392 900 2449 minationibus
950 2403 1153 2449 terram
1205 2396 1443 2466 ipsorum
1507 2414 1521 2449 :
1571 2400 1909 2454 subinnueus
1974 2416 2077 2454 non

511 2494 713 2548 paucos
746 2496 890 2549 esse,
911 2483 1005 2538 sed
1026 2483 1468 2551 innumerabiles,
1522 2488 1613 2556 qui
1644 2488 1770 2542 huic
1796 2490 2078 2557 apostasiae

508 2571 641 2625 vitio
668 2571 883 2627 fuerant
905 2573 1124 2629 obnoxii
1158 2591 1172 2628 :
1203 2590 1307 2630 nec
1331 2576 1531 2631 cultum
1551 2593 1733 2632 eorum
1767 2579 2075 2634 uniusmodi

509 2662 701 2729 fuisse,
740 2673 795 2718 at
827 2679 858 2718 α
890 2665 1122 2737 singulis
1144 2682 1243 2738 pro
1269 2684 1369 2724 suo
1401 2668 1662 2740 cujusque
1699 2670 1899 2741 placito
1938 2674 2074 2727 ado-

508 2753 643 2818 rari,
676 2762 730 2808 et
760 2755 925 2809 multa
956 2756 1220 2813 idolorum
1254 2760 1508 2815 examina
1533 2770 1703 2816 totam
1737 2778 1924 2819 eorum
1963 2776 2067 2820 ter-

510 2858 624 2896 ram
652 2844 1023 2915 complevisse.
1057 2847 1273 2903 Dictum
1301 2858 1384 2905 est
1411 2852 1577 2922 igitur
1605 2868 1736 2909 voce
1779 2854 2027 2911 Ieremia:
2054 2876 2068 2911 :

512 2952 533 2984 ο
575 2932 882 2991 Secundum
904 2953 1193 2994 numerum
1229 2941 1507 2997 civitatum
1548 2951 1763 3000 tuarum
1795 2956 1950 3002 erant
2001 2948 2075 3003 dii

507 3024 607 3087 tui.
636 3035 691 3080 et
719 3029 1016 3082 secundum
1063 3045 1350 3086 numerum
1405 3035 1726 3089 transituum
1771 3035 2073 3093 Jerusalem

2194 587 2294 661 ἔφη
2331 587 2508 659 λόγος.
2542 612 2559 645 ι
2588 593 3005 665 Προσεκύνησαν
3042 589 3123 658 οἷς
3160 595 3421 665 ἐποίησαν
3444 597 3491 649 οἰ
3523 596 3774 652 δάκτυλοι

2191 679 2537 735 αὑτῶν.›Καὶ
2568 680 2765 752 ἔκυψεν
2786 683 3091 755 ἄνθρωπος.
3123 686 3216 738 καὶ
3243 685 3581 757 ἐταπεινώθη
3609 688 3768 759 ἀνήρ.

2194 769 2391 842 ’Υὸρις
2415 770 2471 823 δὲ
2499 772 2656 825 τοῦτο
2700 773 2793 825 καὶ
2828 774 2909 836 εἰς
2940 774 3072 827 Θεὸν
3099 773 3277 838 αὑτὸν,
3314 775 3408 827 καὶ
3439 776 3519 836 εἰς
3546 775 3642 847 τὴν
3678 778 3773 829 ἀν-

2192 863 2409 933 θρώπου
2443 864 2622 934 φύσιν.
2654 865 2846 918 Καίτοι
2880 867 2988 937 γάρ
3022 865 3140 918 ἐνὸν
3174 866 3281 919 ἀπὸ
3343 867 3605 937 καλλονῆς
3648 885 3769 921 κτι-

2193 957 2414 1025 σμάτων
2437 957 2713 1025 ἀναλόγως
2743 957 2868 1011 ἰδεῖν
2892 958 2982 1010 τὸν
3008 956 3210 1010 τούτων
3239 959 3631 1030 τεχνίτην·ιΤά
3661 959 3773 1031 γάρ

2190 1045 2397 1116 ἀόρατα
2435 1046 2600 1099 αὐτοῦ
2650 1047 2758 1100 ἀπὸ
2800 1046 3028 1109 κτίσεως
3072 1048 3279 1117 κόσμου
3332 1051 3445 1110 τοῖς
3500 1049 3770 1118 ποιήμασι

2190 1136 2452 1207 νοούμενα
2492 1138 2823 1209 καθορᾶται,
2852 1160 2870 1190 ι
2913 1140 3035 1212 ἣτε
3076 1158 3095 1191 t
3135 1142 3302 1203 ἀΐδιος
3338 1140 3501 1193 αὑτοῦ
3539 1140 3766 1211 δύναμις

2189 1229 2283 1281 καὶ
2320 1226 2550 1297 θειότης·
2580 1248 2599 1281 ›
2638 1228 2796 1282 τοῦτο
2829 1230 2929 1300 μὲν
2972 1226 3068 1283 οὖν
3106 1231 3164 1283 οὐ
3204 1231 3548 1301 πεπράκασιν
3581 1246 3593 1258 ·
3629 1230 3764 1283 ἀπο·

2188 1319 2441 1390 νέμοντες
2484 1320 2539 1373 δὲ
2570 1323 2684 1383 τοῖς
2725 1320 2893 1385 λίθοις
2920 1321 2979 1374 τὸ
3009 1321 3193 1385 σέϐας,
3220 1322 3315 1374 καί⁴
3342 1320 3418 1391 τῷ
3442 1320 3573 1390 λίθῳ
3597 1337 3762 1390 προσ-

2187 1413 2476 1477 κυνοῦντες
2514 1414 2563 1466 οἰ
2598 1412 2839 1478 δείλαιοι,
2883 1412 3358 1484 προσκεκρούκασι
3382 1412 3480 1483 μὲν
3508 1410 3762 1481 τῷφΰσει

2187 1505 2434 1578 Δεσπότῃ
2459 1506 2553 1558 καί
2572 1504 2690 1576 Θεῷ
2717 1507 2811 1559 καὶ
2837 1506 2944 1558 τῶν
2968 1505 3102 1559 ὅλων
3130 1505 3192 1574 δη
3202 1504 3467 1575 μιουργῷ.
3493 1501 3763 1571 Λελήθασι

2186 1596 2264 1658 δὲ,
2286 1597 2425 1651 κατά
2451 1598 2511 1650 τὸ
2539 1597 2705 1660 εἰκός,
2734 1597 2827 1650 καὶ
2852 1598 2951 1669 τὴν
2979 1597 3116 1651 ἰδίαν
3143 1596 3297 1649 αὐτοὶ
3321 1593 3760 1667 περιυϐρίζοντες

2187 1689 2366 1759 φύσιν,
2403 1689 2561 1758 εἴπερ
2588 1689 2703 1741 ἐστί
2739 1688 2911 1755 ξύλων
2936 1706 2995 1742 τε
3024 1689 3117 1741 καὶ
3150 1687 3312 1742 λίθων
3345 1688 3585 1758 ἀμείνων
3614 1688 3644 1739 6
3671 1686 3756 1739 ἄνα

2187 1782 2421 1852 θρωπος.
2448 1780 2634 1852 Ταύτῃ
2650 1798 2730 1833 τοι
2756 1780 2979 1843 δικαίως
3004 1778 3326 1847 ἀγανακτῶν
3353 1780 3381 1831 6
3412 1779 3628 1832 πάντων
3665 1779 3759 1850 δη-

2191 1870 2443 1941 μιουργός
2480 1887 2661 1940 φησιν·
2693 1888 2710 1921 ι
2727 1870 2962 1940 Ἔκυψεν
2988 1869 3293 1939 ἄνθρωπος,
3314 1869 3409 1921 καὶ
3425 1868 3755 1940 ἐταπεινώθη

2186 1958 2345 2029 ἀνὴρ,
2398 1961 2492 2012 καὶ
2520 1961 2581 2011 οὐ
2616 1959 2690 2028 μὴ
2736 1959 2921 2029 ἀνήσω
2963 1957 3176 2021 αὐτούς.
3215 1978 3232 2010 ι
3280 1958 3566 2032 Ἐμφαίνει
3591 1958 3646 2010 δὲ
3672 1956 3758 2010 διὰ

2184 2048 2369 2100 τούτου
2399 2048 2457 2101 τὸ
2484 2048 2904 2119 ἀπαράτρεπτον
2935 2047 3036 2117 τῆς
3060 2046 3252 2117 ὀργῆς,
3278 2048 3326 2098 εἰ
3354 2047 3447 2101 καί
3475 2046 3540 2098 δι’
3568 2046 3754 2116 ἄμφω,

2183 2137 2323 2193 κατά
2349 2138 2409 2190 τὸ
2440 2137 2604 2203 εἰκὸς,
2648 2137 2966 2191 σεσάλευται
2998 2137 3116 2189 κατ’
3149 2136 3347 2190 αὐτῶν.
3378 2137 3498 2188 Ὀτι
3530 2135 3624 2187 καὶ
3654 2136 3756 2206 τὴν

2184 2230 2334 2283 θείαν
2380 2230 2719 2300 λελυπὴκασι
2767 2230 2944 2293 δόξαν,
2990 2228 3324 2299 ἀτιμοτάτην
3363 2226 3417 2280 δὲ
3462 2228 3555 2280 καὶ
3587 2227 3755 2297 αὐτὴν

2181 2320 2279 2388 τὴν
2313 2319 2449 2373 ἰδίαν
2477 2320 2759 2388 ἀπέφηναν
2792 2318 2971 2387 φύσιν.
3018 2315 3431 2387 Ἐμπεπλῆσθαι
3459 2315 3514 2368 δὲ
3544 2316 3755 2386 βδελυγ-

2184 2412 2367 2480 μάτων
2396 2410 2494 2480 τὴν
2523 2410 2625 2481 γῆν
2654 2410 2850 2476 αὐτῶν,
2895 2411 2996 2463 οὐκ
3026 2410 3237 2478 ὀλίγους
3279 2410 3457 2473 ὄντας,
3489 2408 3610 2463 οὔτε
3649 2408 3753 2478 μὴν

2179 2504 2581 2575 εὐαριθμήτους
2623 2506 2938 2573 ἀποφαίνων
2974 2505 3101 2566 τοὺς
3141 2506 3254 2566 τοῖς
3293 2504 3391 2573 τῆς
3419 2501 3751 2564 ἀποστασίας

2179 2596 2465 2661 ἐναλόντας
2485 2597 2811 2669 ἐγκλήμασι,
2840 2598 2932 2650 καί
2956 2598 3035 2650 ὅτι
3059 2597 3120 2649 τὸ
3145 2596 3309 2660 σέϐας
3334 2596 3515 2657 αὐτοῖς
3538 2594 3636 2664 οὐχ
3665 2593 3752 2659 ἓν,

2179 2690 2620 2758 προσκεκύνηται
2651 2689 2708 2742 δὲ
2731 2688 2861 2759 παρ’
2897 2688 3128 2742 ἑκάστου
3161 2687 3221 2740 τὸ
3246 2686 3392 2757 αὑτῷ
3415 2686 3623 2749 δοκοῦν,
3658 2686 3751 2739 καίι

2186 2777 2468 2849 πολυειδὴς
2502 2778 2732 2833 εἰδώλων
2772 2779 2939 2849 ἐσμὸς
2973 2779 3101 2850 ὃλην
3131 2777 3310 2831 αὐτῶν
3346 2778 3607 2847 ἐνέπλησε
3652 2776 3749 2848 τὴν

2176 2872 2296 2942 γῆν.
2363 2871 2470 2924 Καὶ
2523 2872 2655 2939 γοῦν
2710 2872 2923 2945 εἴρηται
2965 2870 3053 2924 διὰ
3112 2870 3295 2939 φωνῆς
3331 2869 3612 2940 Ἱερεμίου,
3666 2868 3748 2921 ὅτι

2180 2983 2198 3016 s
2220 2964 2376 3016 Κατά
2402 2963 2627 3035 ἀριθμὸν
2663 2962 2863 3016 πόλεών
2879 2980 2971 3015 σου
2986 2959 3125 3033 ἦσαν
3152 2962 3264 3014 θεοί
3292 2978 3406 3025 σου,
3424 2960 3609 3014 Ἰούδα.
3639 2961 3748 3015 Καὶ

2176 3055 2315 3108 κατά
2344 3055 2575 3126 ἀριθμὸν
2605 3054 2791 3107 διόδων
2833 3054 2930 3123 τῆς
2972 3052 3323 3124 Ἰερουσαλὴμ
3364 3053 3587 3115 ἐτάξατε
3640 3052 3746 3121 βω-

507 3117 870 3174 eonstituistis
896 3119 1087 3175 altaria
1125 3122 1191 3177 ad
1218 3123 1634 3179 sacrificandum
1671 3127 1802 3181 Baal
1833 3129 1875 3181 ⁸.
1925 3147 1945 3182 ι
1976 3130 2072 3184 Est

2179 3146 2331 3215 μους,
2355 3117 2448 3197 τοῦ
2477 3117 2696 3215 ’θυμιᾷν
2736 3145 2814 3215 τῷ
2846 3117 3012 3199 Βαάλ.
3096 3117 3335 3214 Πονηρδν
3379 3140 3469 3198 οῦν
3500 3145 3608 3213 ἄρα
3640 3117 3748 3196 ’καὶ

508 3203 671 3273 ῑείιυτ
712 3203 1037 3275 αδείιίθευηι
1095 3217 1151 3264 εί
1195 3211 1306 3266 Deo
1355 3212 1754 3269 inm'erandum
1804 3216 2071 3273 ῘάοῙοΥυηι
2101 3203 2143 3222 υ
2176 3203 2450 3290 δύσοιστον
2473 3236 2551 3307 τῷ
2568 3203 2702 3306 ’Θεῷ
2733 3203 2838 3290 τῶν
2872 3235 3103 3290 εἰδώλων
3132 3238 3166 3307 ἡ
3195 3203 3435 3306 ποίησις,
3476 3203 3746 3304 αἰσθητῶν

506 3296 843 3365 ﬁgmentum,
870 3305 1081 3369 eorum,
1134 3302 1377 3373 inquam,
1434 3322 1554 3375 qua:
1588 3310 1837 3364 sensibus
1865 3320 2075 3379 patent,

508 3393 562 3439 et
586 3384 800 3441 illorum
832 3388 997 3444 etiam
1031 3405 1150 3460 qua:
1183 3393 1237 3447 in
1286 3404 1522 3450 mentem
1548 3412 1612 3452 ac
1664 3399 2072 3470 intelligentiam

507 3476 729 3533 cadunt.
772 3479 1123 3549 Depraedatur
1152 3485 1349 3539 etenim
1393 3486 1622 3543 Satanas
1646 3489 1924 3546 hominum
1956 3493 2075 3548 ani-

507 3582 646 3633 mas,
670 3571 910 3637 graviter
933 3587 997 3627 ac
1026 3573 1417 3645 multipliciter,
1451 3578 1796 3650 imaginibus,
1838 3600 1975 3654 quas
2011 3586 2064 3640 in

506 3657 751 3713 animum
788 3671 844 3716 et
866 3677 963 3719 cor
1000 3664 1270 3733 immittit,
1292 3667 1579 3737 aliquando
1604 3672 1768 3727 etiam
1806 3675 2070 3732 idolorum

503 3747 776 3817 ﬁgmentis
808 3752 860 3806 in
900 3763 1122 3819 peccata
1156 3755 1464 3825 impellens,
1506 3768 1669 3830 atque
1715 3763 1769 3819 in
1800 3764 1975 3823 lmdas
2005 3783 2071 3823 ac

503 3841 836 3910 prodigiosae
869 3844 1170 3915 voluptates
1200 3849 1481 3908 inducens.

572 3930 736 3989 Vens.
774 3934 862 4004 10,
899 3938 987 3993 Η.
1020 3938 1089 3993 Et
1120 3957 1258 3997 nunc
1295 3945 1489 4000 intrate
1517 3946 1569 3999 in
1595 3957 1788 4017 petras,
1842 3960 1888 4003 et
1919 3951 2070 4006 abdi-

2176 3329 2234 3379 τέ
2274 3345 2415 3398 φημι
2461 3329 2555 3381 καὶ
2600 3327 2709 3380 τῶν
2740 3327 2881 3380 κατά
2927 3328 3072 3382 νοῦν.
3125 3326 3529 3396 Καταληῖζεται
3574 3325 3682 3399 γὰρ
3716 3328 3748 3378 6

2177 3419 2419 3480 Σατανᾶς
2465 3419 2563 3480 τὰς
2598 3417 2707 3470 τῶν
2755 3418 3056 3489 ἀνθρώπων
3093 3418 3289 3489 ψυχὰς,
3336 3418 3525 3477 δεινῶς
3555 3435 3612 3470 τε
3654 3418 3746 3471 καὶ

2175 3509 2548 3580 πολυτρόπως,
2593 3513 2711 3573 ταῖς
2748 3512 2828 3574 εἰς
2860 3510 2982 3565 νοῦν
3020 3511 3115 3564 καί⁵
3144 3511 3370 3582 καρδίαν
3398 3509 3743 3578 φαντασίαις,

2174 3597 2284 3651 ἐσθ’
2313 3599 2400 3651 ὅτε
2431 3600 2523 3650 καὶ
2551 3597 2783 3652 εἰδώλων
2823 3600 3203 3670 άναπλασμοῖς
3237 3600 3619 3670 κατακομίζων
3663 3600 3744 3662 είς

2174 3689 2469 3760 ἁμαρτίας,
2503 3691 2597 3744 καί
2627 3692 2707 3756 εἰς
2756 3692 2986 3762 αἰσχρὰς
3030 3694 3123 3749 καὶ
3164 3693 3423 3755 ἐκτύπους
3453 3692 3743 3765 ἀποφέρων

2173 3782 2385 3853 ἡδονάς.

2244 3960 2351 4011 Kal
2404 3961 2520 4014 νῦν
2547 3960 2845 4016 εἰσέλθετε
2875 3964 2963 4029 εἰς
3005 3963 3110 4029 τὰς
3146 3963 3384 4031 πέτρας,
3443 3963 3541 4016 καὶ
3598 3962 3739 4029 κρύ-

499 4025 639 4079 mini
666 4025 722 4080 in
743 4037 936 4082 terram
968 4046 1003 4084 a
1054 4031 1192 4100 ﬁnis
1218 4034 1420 4090 timoris
1451 4036 1689 4105 Domini,
1734 4050 1785 4093 et
1825 4060 1855 4094 a
1897 4043 2067 4112 gloria

2178 4052 2388 4103 πτεσθε
2436 4052 2523 4115 εἰς
2573 4049 2688 4117 τὴν
2716 4052 2833 4120 γῆν
2876 4025 2995 4106 ἀπὸ
3046 4025 3372 4120 προσώπου
3403 4052 3508 4105 τοῦ
3552 4025 3740 4119 φόίἷου

500 4116 826 4184 fortitudinis
850 4120 989 4190 ejus,
1016 4126 1228 4192 quando
1266 4135 1553 4183 surrexerit
1583 4132 1653 4185 ad
1705 4135 2063 4199 quassandam

2178 4140 2390 4207 Κυρίου
2418 4158 2431 4170 ·
2466 4142 2563 4195 καί
2594 4116 2734 4197 ἀπὸ-
2762 4116 2873 4210 τῆς
2908 4116 3101 4210 δόξηᾷ
3139 4141 3252 4211 τῆς
3288 4143 3502 4211 ἰσχύος
3529 4116 3737 4203 αὐτοῦ,

498 4218 713 4265 terram.
748 4211 903 4267 Oculi
941 4216 1080 4269 enim
1132 4216 1344 4274 Domini
1380 4222 1652 4288 sublimes,
1696 4226 1850 4280 homo
1889 4238 2064 4280 autem

2178 4229 2311 4282 ὅταν
2331 4230 2568 4301 ἀναστῇ
2600 4233 2856 4300 θραῦσαι
2890 4232 3005 4300 τὴν
3032 4232 3168 4303 γῆν.
3198 4235 3264 4287 Ol
3288 4233 3400 4302 γὰρ
3444 4233 3739 4302 ὀφθαλμοί

496 4301 730 4357 humilis.
764 4303 833 4357 Et
886 4307 1252 4365 humiliabitur
1302 4312 1526 4369 altitudo
1549 4315 1814 4371 hominum
1838 4358 1854 4386 ,
2014 4330 2063 4374 et

2178 4322 2384 4389 Κυρίου
2418 4323 2662 4392 ὑψηλοί,
2694 4326 2726 4377 ό
2754 4324 2823 4378 δὲ
2845 4301 3156 4391 ἅνθρωπος
3184 4301 3490 4391 ταπεινὸς,
3520 4326 3618 4379 καὶ
3640 4342 3741 4380 τα-

495 4392 776 4447 extolletur
804 4395 1059 4454 Dominus
1097 4402 1240 4461 solus
1271 4405 1355 4458 die
1381 4405 1499 4461 illa.
1970 4392 1973 4393 ν

2178 4414 2596 4481 τεινωθήσεται
2620 4416 2687 4469 τὸ
2716 4417 2875 4485 ὕψος
2902 4417 3021 4471 τῶν
3053 4419 3401 4486 ἀνθρώπων,
3452 4420 3548 4474 καὶ
3576 4422 3738 4489 ὑψω·

2095 4493 2141 4552 D
2167 4505 2413 4573 θήσεται
2442 4508 2655 4574 Κύριος
2677 4509 2865 4576 μόνος
2890 4510 2960 4562 ἐν
2987 4509 3063 4579 τῇ
3092 4511 3282 4581 ἡμέρᾳ
3310 4514 3537 4582 ἐκείνῃ.

554 4571 879 4628 Idololatrix
894 4575 1071 4630 dedita
1091 4576 1387 4635 Jerusalem
1400 4622 1414 4646 ,
1432 4585 1539 4638 imo
1555 4593 1663 4640 tota
1677 4586 1859 4642 Iudaea
1872 4606 2060 4645 errore

494 4660 739 4727 seducta,
772 4673 826 4719 et
858 4665 910 4720 in
945 4679 1006 4721 ea
1035 4670 1215 4723 omnia
1257 4686 1374 4740 quae
1412 4672 1543 4738 Deo.
1575 4676 1793 4733 virtutis
1823 4681 2052 4748 amanti,

495 4753 668 4809 invisa
733 4765 902 4822 sunt,
949 4757 1210 4816 eﬂ'renate
1265 4764 1597 4830 prolabente,
1646 4767 2061 4840 Babyloniorum

493 4845 689 4899 bellum
720 4847 1028 4903 universam
1058 4854 1456 4921 quodammodo
1480 4855 1721 4912 Iudaeam
1745 4864 2057 4930 occupavit;

494 4938 583 5005 qui
618 4952 738 4992 cum
780 4951 898 4993 eam
924 4948 1090 4995 totam
1126 4945 1416 5012 deprtedati
1450 4958 1673 5015 essent,
1712 4962 1898 5021 captos
1944 4965 2062 5011 tru-

492 5028 747 5083 cidarunt
780 5030 1124 5088 mulierculas
1166 5042 1219 5088 et
1249 5036 1445 5092 liberos
1486 5038 1540 5092 in
1572 5054 1725 5093 suam
1783 5047 2057 5113 regionem

492 5118 854 5190 abduxerunt,
918 5122 1036 5179 loco
1073 5127 1407 5195 captivorum
1460 5130 1619 5200 longo
1673 5141 1912 5201 tempore
1959 5140 2059 5193 ha-

491 5210 746 5268 buerunt.
775 5213 1126 5285 Expeditione
1152 5227 1330 5271 autem
1368 5221 1470 5274 hac
1505 5224 1840 5294 denuntiata,
1897 5245 2058 5285 cmu-

492 5315 600 5370 que
618 5301 732 5371 jam
768 5304 1097 5377 immineret,
1140 5318 1323 5364 tantus
1352 5310 1568 5367 Judmos
1607 5315 1807 5371 invasit
1856 5331 2059 5386 metus.

491 5403 545 5446 et
582 5408 647 5447 eo
690 5399 1144 5453 consternationis
1179 5413 1463 5469 venerunt,
1500 5414 1556 5458 ut
1597 5405 1649 5459 in
1689 5409 1960 5477 speluncis
2000 5425 2054 5469 et

491 5485 981 5543 montiumllssuris
1018 5490 1496 5561 absconderentur,
1533 5496 1785 5568 locosque
1817 5502 2057 5563 inacces-

490 5588 582 5631 sos
631 5588 1003 5647 capesserent;
1060 5580 1256 5652 quippe
1282 5598 1403 5639 cum
1439 5590 1617 5646 omnis
1646 5605 1831 5651 eorum
1867 5614 2056 5660 manus

561 5738 755 5798 iPsal.
782 5756 864 5805 (ιν,
890 5739 979 5798 56.
1053 5743 1076 5777 ⁸
1104 5744 1259 5801 Rom.
1280 5762 1318 5814 I,
1340 5747 1426 5804 ΞΟ.
1499 5750 1739 5811 ‘Jercxn.
1766 5771 1841 5824 λι,
1870 5758 1948 5813 l3.

2237 4598 2740 4671 Εἰδωλολατρούσης
2791 4600 2890 4671 τῆς
2956 4601 3328 4677 Ἰερουσαλὴμ,
3407 4610 3609 4679 μᾶλλον
3680 4611 3737 4664 δὲ

2166 4691 2384 4763 ἀπάσης
2415 4691 2831 4765 πεπλανημένης
2851 4699 2950 4767 τῆς
2989 4697 3282 4764 Ἰουδαίας,
3316 4701 3412 4753 καί
3442 4703 3737 4760 ἀπονευού-

2166 4798 2265 4852 σης
2299 4780 2569 4852 ἀχαλίνως
2607 4782 2743 4853 πρὸς
2788 4787 2897 4839 πᾶν
2945 4786 3123 4840 ὁτιοῦν
3178 4788 3288 4842 τῶν
3332 4792 3736 4866 ἀπηχθημένων

2162 4872 2240 4945 τῷ
2264 4873 2535 4945 φιλαρέτῳ
2562 4874 2701 4945 Θεῷ*
2755 4879 3033 4946 κατεχεῖτο
3055 4879 3256 4949 τρόπον
3297 4882 3418 4935 τι.νά
3464 4885 3562 4955 τῆς
3603 4886 3735 4940 Ἰου-

2160 4964 2314 5028 δαίας
2335 4965 2549 5037 ἀπάσης
2581 4967 2608 5020 6
2635 4965 2988 5020 Βαϐυλωνίων
3029 4968 3286 5039 πόλεμος,
3325 4972 3376 5025 οἶ
3408 4976 3584 5029 πᾶσαν
3632 4995 3734 5031 κα-

2160 5054 2553 5126 ταδῃώσαντες,
2587 5056 2915 5110 ἀπεκτόνασι
2949 5060 3047 5130 μὲν
3070 5061 3197 5123 τοὺς
3240 5063 3732 5134 κατειλημμένους,

2161 5146 2354 5214 γύναια
2377 5147 2432 5199 δὲ
2457 5149 2550 5201 καί
2583 5148 2775 5211 παῖδας
2798 5150 3139 5220 ἀπεκόμισαν
3162 5154 3239 5215 εἰς
3256 5152 3353 5225 τὴν
3381 5155 3605 5208 ἐαυτῶνο
3638 5158 3733 5211 καὶ

2162 5237 2219 5288 ἐν
2264 5240 2329 5307 τῇ
2373 5236 2481 5291 τῶν
2514 5238 2855 5309 δορυκτήτων
2889 5242 3036 5305 ὅντες
3070 5243 3244 5310 τάξει,
3289 5246 3530 5316 μακροὺς
3559 5248 3732 5306 διατε-

2163 5326 2415 5380 τελέκασι
2439 5330 2681 5400 χρόνους.
2716 5330 2863 5400 Πλὴν
2896 5332 2993 5402 τῆς
3038 5334 3226 5401 ἐφόδου
3274 5338 3732 5409 προαπηγγελμέ-

2159 5436 2275 5489 νης,
2310 5420 2401 5473 καὶ
2430 5421 2725 5493 μελλούσης
2755 5422 2992 5490 ἔσεσθαι,
3024 5426 3275 5480 τοσοῦτον
3298 5431 3410 5490 τοῖς
3462 5430 3731 5492 Ἰουδαίοις
3833 5466 3836 5470 λ

2161 5507 2349 5576 γέγονε
2384 5509 2563 5579 δεῖμα,
2597 5510 2687 5563 καὶ
2710 5513 2945 5580 ἀγωνίας
2978 5514 3055 5577 είς
3084 5514 3237 5568 τοῦτο
3260 5516 3628 5580 πεπτώκασιν,
3654 5517 3728 5579 ὡς

2166 5608 2223 5663 ἔν
2253 5626 2311 5662 τε
2358 5609 2640 5681 σπηλαίοις
2687 5612 2775 5664 καὶ
2808 5615 2917 5675 τοῖς
2944 5613 3053 5668 τῶν
3095 5614 3236 5686 ὀρῶν
3288 5618 3526 5688 ρωγμοϊς
3557 5615 3725 5671 κατα-
