4178 6560
303 502 378 560 85
1447 488 1530 545 ἸΝ
1566 488 1802 545 ISAIAM
1842 487 1882 542 L

2007 486 2046 540 Ι.
2086 486 2292 541 ()RAT.
2329 484 2391 541 ll.
3477 482 3544 536 86

309 613 671 684 κρύπτεσθαι,
746 611 807 664 τὸ
856 610 1055 673 τόπους
1121 607 1354 670 ἀϐάτους
1424 603 1879 674 καταλαμδάνειν,

1989 601 2363 669 propulsandis
2383 598 2467 654 his
2489 597 2580 667 qui
2599 598 2947 668 irruptionem
2970 597 3207 653 fecerant
3228 609 3323 666 par
3346 611 3448 648 non
3470 610 3548 649 es-

312 705 530 774 ἀπάσης
560 701 738 756 αὐτῶν
764 700 1054 771 ἁτονούσης
1085 699 1266 770 χειρὸς
1297 697 1432 768 πρὸς
1457 699 1554 766 τὴν
1573 695 1681 750 τῶν
1705 695 1882 748 ἐπιόν-

309 811 416 845 των
442 791 772 846 ἀντίστασιν.
809 790 1020 844 Οὐκοῦν
1051 789 1126 852 ὡς
1168 789 1290 840 ὅσον
1334 787 1545 840 οὐδέπω
1573 784 1882 856 παρεσομέ-

309 900 416 936 νων
445 880 656 944 δεινῶν,
709 879 906 950 μᾶλλον
950 879 1005 931 δὲ
1040 877 1142 948 ἤδη
1173 875 1352 947 θυρῶν
1387 892 1445 927 τε
1490 875 1620 926 εἴσω
1657 889 1884 942 γεγενη-

311 971 510 1041 μένων,
542 971 637 1024 κα)⁸
661 970 747 1022 ἐπ’
771 968 938 1039 αὐτῆς
975 967 1144 1020 δντων
1183 965 1282 1035 τῆς
1313 962 1515 1034 χώρας,
1547 960 1882 1032 κρύπτεσθαι

309 1059 544 1120 κελεύει,
574 1059 670 1114 καὶ⁵
699 1057 980 1130 μονονουχὶ
1026 1053 1450 1126 κατορύττεσθαι
1479 1055 1545 1122 τῇ
1574 1053 1644 1122 γῇ
1677 1050 1884 1115 ζῶντας

307 1148 412 1214 ἔτι,
440 1148 549 1205 ens
578 1147 670 1202 τοῦ
700 1147 866 1221 φόθου
886 1143 1109 1216 Κυρίου,
1132 1143 1224 1198 καὶ
1248 1143 1356 1197 ἀπὸ
1379 1141 1664 1212 τῆςζδὸξης
1701 1141 1884 1211 ίσχύος

309 1241 498 1304 αὑτοῦ,
547 1240 676 1294 ὅταν
729 1239 935 1309 ἀναστῇ
987 1235 1218 1308 θραῦσαι
1268 1234 1367 1305 τὴν
1398 1234 1524 1306 γῆν,
1572 1233 1715 1287 τοῦτ’
1745 1232 1880 1299 ἐστι,

313 1327 600 1399 συντρίψαι
622 1326 725 1398 τὴν
753 1326 878 1395 γῆν.
922 1325 1040 1378 ’Ὀτι
1067 1323 1124 1378 δὲ
1149 1323 1350 1395 ὑψηλαὶ
1393 1324 1486 1376 καὶ
1513 1321 1653 1392 ὑπὲρ
1678 1322 1885 1386 πάντας

310 1418 630 1494 ἀνθρώπους
653 1419 709 1471 al
740 1417 880 1470 θεῖαι
899 1415 1083 1486 βουλαί
1106 1433 1167 1469 τε
1192 1417 1285 1469 καὶ
1315 1415 1553 1486 σκέψεις,
1579 1414 1680 1470 οὐκ
1706 1416 1770 1470 ἄν
1799 1431 1886 1477 τις

310 1512 504 1573 αὐταῖς
548 1509 976 1579 ἀντιμαχήσεται
1003 1506 1109 1561 τῶν
1139 1507 1232 1559 ἐπὶ
1259 1509 1359 1577 τῆς
1401 1507 1525 1578 γῆς,
1555 1506 1726 1574 σαφὲς
1747 1505 1884 1559 καθ-

314 1604 496 1673 ίστησι
543 1601 739 1670 λέγων*
779 1617 798 1652 ι
837 1598 900 1652 Ol
941 1597 1047 1669 γάρ
1078 1596 1344 1668 ὀφθαλμοὶ
1376 1597 1578 1668 Κυρίου
1612 1597 1828 1668 ὑψηλοί.
1861 1615 1880 1649 ι

325 1691 668 1762 Ὀφθαλμοὺς
699 1691 806 1761 γὰρ
836 1689 1041 1760 Κυρίου
1069 1689 1128 1741 ἐν
1156 1687 1364 1751 τούτοις
1396 1690 1579 1757 φησὶν,
1607 1689 1705 1752 τάς
1729 1688 1889 1741 οἱονεὶ

315 1781 748 1854 προαναϐλέψεις
797 1797 857 1832 τε
905 1779 997 1834 καὶ
1055 1779 1251 1849 βουλὰς
1292 1778 1475 1848 αὑτοῦ,
1528 1780 1620 1833 καὶ
1665 1780 1764 1842 τάς
1795 1781 1882 1848 ἐφ’

316 1873 535 1944 ἑκάστῳ
583 1871 865 1942 πράγματι
905 1868 1131 1941 κρίσεις.
1172 1869 1481 1941 ’Ἄνθρωποι
1513 1871 1611 1941 μὲν
1639 1869 1747 1941 γὰρ
1794 1887 1883 1939 μι-

316 1963 442 2034 κροὶ
475 1932 750 2033 uera-chio.
776 1932 1115 2030 φύσιν-ὅντες
1141 1961 1234 2014 καὶ
1260 1932 1353 2014 τδν
1392 1932 1536 2028 νοῦν,
1577 1932 1750 2036 μικρά
1787 1932 1883 2015 καὶ
1914 1932 1956 1998 Β

314 2051 681 2122 βουλεύονται,
722 2051 818 2105 καὶ
873 2048 1176 2119 λογίζονται
1227 2052 1476 2108 ταπεινά.
1525 2051 1759 2124 ’Υψηλὺς
1827 2053 1884 2107 δὲ

312 2143 577 2216 ὑπάρχων
602 2146 632 2197 ὁ
662 2141 769 2198 τῶν
801 2141 937 2196 ὅλων
966 2142 1117 2207 Θεὸς,
1145 2143 1240 2196 καὶ¹
1278 2145 1335 2196 ἐν
1359 2143 1690 2218 ἀπορρήτοις
1718 2143 1883 2214 ὑπερ-

311 2238 466 2305 οχαῖς
489 2237 610 2299 ταῖς
641 2235 782 2289 κατά
814 2235 1032 2289 πάντων
1058 2235 1366 2303 νοούμενος,
1401 2235 1610 2304 ἄμαχον
1639 2233 1751 2310 ἔχει
1785 2234 1884 2307 τήν

315 2326 528 2397 σκέψιν.
558 2327 633 2380 Οὐ
658 2326 766 2398 γὰρ
797 2325 862 2380 ἂν
892 2325 1108 2381 δύναιτό
1133 2342 1216 2388 τις
1237 2325 1674 2391 ἀνθυπενεγκεϊν,
1699 2325 1731 2394 ἢ
1763 2323 1884 2394 βου-

313 2415 433 2486 λὴν,
461 2414 494 2486 ἢ
525 2414 847 2486 ἐπικουρίαν
897 2413 1375 2469 ἀποσκευάσασθαι
1428 2411 1730 2481 δυναμένην
1783 2411 1883 2475 τὰς

314 2505 381 2556 ἐκ
407 2504 514 2557 τῶν
541 2504 699 2558 θείων
733 2503 1065 2574 σκεμμάτων
1097 2502 1412 2570 ἐπαγωγὰς.
1440 2499 1796 2571 Μαθήσεσθαι
1827 2501 1884 2554 δὲ

311 2593 470 2648 τοῦτό
489 2611 642 2666 φησι,
674 2595 850 2648 καίτοι
879 2594 1046 2648 πάλαι
1069 2591 1144 2664 μὴ
1173 2592 1380 2654 nam;
1407 2577 1533 2654 τους
1575 2591 1880 2655 Ἰουδαίους,

312 2689 442 2741 ὅταν
470 2686 648 2740 αὐτῶν
689 2688 718 2739 ὁ
753 2686 924 2748 δεινὸς
965 2682 1290 2758 κατασκήψῃ
1318 2681 1574 2752 πόλεμος,
1620 2682 1714 2734 καὶ
1740 2683 1886 2734 πᾶσα

319 2777 420 2848 μὲν
446 2777 480 2848 ή
513 2774 868 2846 ἐπαμύνουσα
897 2774 1016 2846 χεὶρ
1047 2775 1303 2847 ἀτονήσῃ,
1336 2773 1663 2844 ἀπρακτήσῃ
1692 2773 1748 2825 δὲ
1794 2773 1888 2825 καὶ

317 2866 530 2936 σκέψις,
575 2865 668 2919 καὶ
714 2865 1061 2936 ἀνθρωπίνης
1111 2864 1309 2934 βουλῆς
1353 2863 1661 2934 εὑρήματα,
1723 2862 1788 2916 δι’
1812 2855 1887 2916 ὧν

315 2957 574 3027 ἐνόμισαν
609 2958 749 3027 τάχα
793 2973 897 3010 που
935 2955 1031 3010 καὶ
1055 2955 1366 3025 διαφεύγειν
1405 2954 1664 3008 δύνασθαι
1698 2954 1794 3018 τὰς
1821 2954 1889 3010 ἐκ

313 3047 410 3102 τοῦ
462 3047 698 3119 πολέμου
754 3047 1056 3118 συμφοράς.
1123 3045 1331 3100 Οὐκοῦν
1383 3047 1416 3116 ή
1469 3048 1632 3118 πεῖρα
1682 3044 1881 3112 δείξει,

317 3139 501 3208 φησὶν,
528 3139 610 3192 ὅτι
633 3138 887 3202 ταπεινὸς
913 3139 942 3190 ὁ
967 3137 1271 3210 ἅνθρωπος,
1301 3137 1394 3191 καὶ
1417 3137 1885 3208 ταπεινωθήσεται

1984 701 2085 747 set.
2108 691 2360 756 Proinde,
2393 704 2500 745 non
2529 689 2683 760 quasi
2708 687 3053 753 instantibus,
3080 687 3172 741 sed
3203 684 3380 758 potius
3407 684 3548 739 velut

1983 785 2336 855 prmsenlihus
2369 783 2548 848 malis,
2584 791 2638 838 et
2665 782 2772 850 iam
2814 780 2955 834 intra
2993 789 3175 848 portas
3221 785 3276 832 et
3325 778 3378 832 in
3430 777 3546 847 ipsa

1985 877 2203 946 regione
2250 874 2631 939 versantibus,
2673 871 2932 927 abscondi
2977 869 3150 940 jubet,
3205 883 3407 940 eosque
3454 868 3545 937 qui

1982 969 2158 1022 adhuc
2179 969 2422 1023 viverent
2451 973 2657 1021 tantum
2681 979 2785 1019 non
2813 960 2934 1017 abdi
2969 961 3022 1015 in
3061 968 3286 1028 terram,
3308 961 3547 1015 atimore

1983 1060 2195 1116 Domini
2251 1070 2357 1116 eta
2397 1058 2566 1129 gloria
2617 1055 2950 1111 fortitudinis
3000 1053 3116 1123 ejus
3167 1053 3431 1121 :qnando
3480 1053 3546 1105 ad

1985 1163 2182 1206 terram
2223 1150 2632 1220 percutiendum
2670 1189 2687 1215 ,
2743 1148 2794 1202 id
2821 1156 2905 1200 est
2942 1184 2957 1210 ,
3012 1141 3392 1197 conterendam
3421 1157 3544 1195 sur-

1982 1244 2201 1300 rexerit.
2227 1243 2387 1311 Atqui
2418 1240 2630 1295 excelsa
2665 1254 2807 1304 esse,
2842 1249 2898 1294 et
2926 1252 3087 1306 supra
3119 1248 3309 1289 omnes
3371 1232 3546 1286 homi-

1982 1351 2080 1391 nes
2111 1335 2353 1390 eminere
2376 1333 2556 1388 divina
2585 1333 2809 1386 consilia
2846 1339 2900 1384 et
2932 1327 3195 1398 cogitata,
3254 1321 3549 1379 neminem.

1983 1439 2089 1494 que
2113 1425 2418 1479 mortalium
2449 1422 2556 1478 illis
2595 1423 2852 1480 resistere
2880 1435 3060 1490 posse,
3097 1418 3316 1489 planum
3374 1423 3541 1484 atque

1982 1515 2322 1586 perSpicuum
2350 1514 2496 1578 l‘acit,
2531 1528 2657 1568 cttm
2678 1513 2752 1567 ait
2785 1530 2799 1566 :
2835 1530 2854 1564 ι
2892 1510 3033 1566 oculi
3065 1510 3206 1563 enim
3251 1505 3346 1561 Dei
3374 1504 3546 1561 subli-

1987 1620 2128 1661 mes:
2166 1624 2185 1658 ι
2229 1604 2412 1659 oculos
2458 1603 2600 1658 enim
2633 1602 2842 1657 Domini
2869 1602 3020 1657 hisce
3047 1598 3222 1652 verbis
3245 1605 3400 1652 vocat
3430 1595 3551 1665 ejus

1984 1695 2130 1751 velut
2149 1693 2553 1765 prospicientias
2578 1702 2632 1746 et
2659 1693 2906 1754 consilia.
2935 1699 2990 1746 et
3017 1690 3070 1747 in
3097 1704 3306 1759 quaque
3327 1703 3386 1743 re
3405 1685 3549 1756 judi-

1985 1786 2087 1843 cia.
2111 1783 2366 1839 Homines
2383 1783 2586 1839 scilicet
2605 1781 2779 1852 pusilli
2803 1791 2992 1835 natura
3014 1787 3066 1835 et
3081 1791 3259 1834 mente
3276 1792 3396 1832 cum
3416 1778 3545 1844 sint,

1985 1877 2175 1946 pusilla
2206 1876 2553 1940 consultant,
2594 1885 2648 1930 et
2696 1874 2914 1929 humilia
2942 1872 3204 1942 cogitant.
3260 1870 3366 1926 Sed
3407 1869 3549 1924 altus

1988 1977 2179 2023 natura
2230 1967 2373 2022 Deus
2413 1970 2807 2030 universorum,
2859 1971 2913 2019 et
2945 1963 2997 2017 in
3035 1963 3180 2018 omni
3233 1977 3290 2017 re
3345 1977 3546 2016 arcana

1984 2057 2214 2130 quadam
2240 2056 2550 2126 praestantia
2595 2056 2816 2110 elucens
2848 2063 2903 2110 et
2926 2067 3214 2123 apparens,
3252 2052 3545 2107 consilium

1985 2146 2148 2201 habet
2184 2146 2617 2217 inexpugnabile.
2680 2144 2795 2199 Non
2835 2146 2983 2199 enim
3034 2143 3319 2214 quisquam
3368 2141 3550 2196 consi-

1983 2237 2112 2292 lium
2139 2237 2333 2293 ali'erre
2361 2247 2540 2308 posset
2568 2236 2650 2292 vel
2677 2236 2984 2292 subsidium
3024 2235 3159 2290 satis
3191 2236 3432 2298 lirmum,
3482 2233 3550 2287 ad

1985 2330 2287 2386 divinorum
2311 2329 2654 2384 consiliortnn
2680 2327 2958 2383 machinas
2980 2325 3393 2383 sulwertendas.
3430 2321 3543 2377 Hoc

1985 2421 2297 2492 cognituros
2341 2421 2414 2474 ait
2442 2417 2676 2483 Iudaeos,
2730 2419 2832 2473 etsi
2864 2417 2992 2471 olim
3039 2431 3144 2472 non
3200 2416 3546 2484 agnoverint,

1984 2509 2198 2582 quando
2222 2522 2384 2580 grave
2436 2506 2850 2578 Babyloniorum
2913 2505 3114 2559 belltun
3149 2519 3242 2559 eos
3299 2503 3548 2576 impelet,

1985 2603 2202 2671 quando
2227 2598 2408 2657 omnis
2431 2613 2622 2655 manus
2659 2597 2984 2652 subsidiaria
3034 2595 3321 2652 imbecillis
3361 2598 3466 2650 erit
3497 2607 3553 2650 et

1985 2689 2240 2754 imbellis,
2279 2703 2400 2744 cum
2447 2687 2770 2744 consultatio
2815 2687 3148 2757 humanique
3197 2685 3411 2742 consilii
3469 2685 3550 2739 in-

1985 2793 2146 2839 venta
2183 2780 2317 2840 nihil
2366 2779 2652 2852 proﬁcient
2693 2780 2935 2849 :quibus
2985 2778 3060 2833 illi
3089 2777 3228 2833 forte
3277 2778 3377 2832 rati
3423 2787 3550 2832 sunt

1987 2873 2326 2932 calamitates
2357 2874 2582 2932 bellicas
2609 2886 2769 2942 posse
2794 2870 3052 2940 effugere.
3089 2871 3275 2941 itaque
3313 2870 3552 2935 docebit,

1985 2964 2181 3035 inquit,
2207 2964 2563 3035 experientia,
2588 2962 2843 3018 humilem
2869 2976 2988 3018 esse
3018 2963 3291 3017 hominem
3345 2972 3401 3017 et
3458 2961 3554 3018 de-

1979 3056 2184 3127 iectum
2235 3077 2247 3112 :
2295 3063 2353 3110 et
2408 3056 2720 3126 depressum
2762 3054 2826 3110 iri
2886 3054 3189 3110 celsitatem
3250 3051 3552 3118 hominum,

1984 3145 2349 3202 extollendum
2380 3159 2513 3202 vero
2542 3145 2826 3200 Dominum
2854 3143 3022 3201 solum
3057 3145 3110 3200 in
3145 3143 3231 3200 die
3260 3143 3370 3199 illa.
3397 3144 3553 3211 Nam,

315 3231 378 3284 τὸ
401 3230 532 3301 ὕψος
554 3230 665 3286 τῶν
693 3229 1010 3301 ἀνθρώπων,
1042 3228 1385 3300 ὑψωθήσεται
1417 3230 1474 3284 δὲ
1493 3229 1696 3303 Κύριος
1729 3230 1886 3300 μόνος

1989 3245 2048 3291 ut
2082 3235 2241 3291 modo
2286 3236 2418 3302 dixi,
2463 3251 2588 3292 cum
2627 3251 2812 3290 eorum
2844 3234 3008 3290 robur
3060 3249 3220 3290 omne
3263 3235 3407 3290 velut
3454 3233 3558 3288 im-

317 3321 378 3372 ἐν
409 3322 475 3391 τῇ
497 3320 684 3391 ἡμέρᾳ.
711 3319 910 3391 ἐκείνῃ.
938 3319 1152 3391 ’Ὠσπερ
1180 3320 1316 3390 ἔφην
1339 3319 1560 3388 ἀρτίως,
1595 3318 1888 3391 ἐλεγχομέ-

317 3427 417 3480 νης
461 3410 640 3464 αὐτῶν
693 3410 873 3481 ἰσχύος
903 3410 1120 3480 ἀπάσης
1166 3411 1242 3474 ὡς
1273 3409 1558 3483 ἀδρανοῦς,
1591 3409 1692 3479 τῆς
1739 3410 1890 3475 θείας

317 3501 602 3573 δυνάμεως
637 3503 672 3572 ή
707 3501 949 3574 ὑπεροχὴ
997 3503 1392 3574 γνωριμωτάτη
1446 3504 1559 3565 τοῖς
1607 3501 1889 3556 πεποιθόσι

319 3593 629 3664 γενήσεται.
674 3593 960 3649 Πάνδεινον
997 3590 1089 3648 οὖν
1134 3594 1240 3663 ἄρα
1268 3593 1329 3646 τὸ
1355 3591 1714 3666 προσκρούειν
1745 3590 1885 3662 Θεῷ,

325 3686 420 3739 καὶ
466 3685 684 3756 ἀπάσης
733 3686 868 3756 ἡμῖν
933 3684 1218 3756 παραίτιον
1271 3684 1556 3754 συμφορᾶς
1603 3681 1664 3735 τὸ
1700 3682 1890 3753 χρῆμα

322 3778 553 3844 γίνεται.
579 3779 672 3830 Δεῖ
692 3777 749 3831 δὲ
771 3778 920 3848 ἡμᾶς
951 3775 1025 3847 μὴ
1047 3775 1337 3846 δυνάμεσιν
1364 3774 1519 3839 ἰδίαις
1549 3772 1888 3845 ἐπιθαρσεῖν,

329 3867 622 3939 ἀπονέμειν
676 3867 733 3922 δὲ
785 3867 986 3938 μᾶλλον
1011 3867 1073 3921 τὸ
1098 3867 1274 3921 πάντα
1301 3865 1558 3920 δύνασθαι
1609 3864 1750 3934 Θεῷ,
1797 3865 1892 3918 καὶ

322 3959 484 4013 αὐτὸν
524 3958 810 4031 ἐπίκουρον
851 3956 1120 4013 ποιεῖσθαι
1163 3957 1356 4027 φιλεῖν,
1391 3957 1518 4013 ὅταν
1553 3973 1606 4009 τι
1647 3954 1754 4010 τῶν
1779 3954 1891 4008 δει-

322 4051 430 4104 νῶν
452 4050 780 4122 ἐπιφέρηται
807 4048 1274 4120 προσκεκρουκόσι
1295 4049 1361 4101 δι’
1386 4047 1678 4120 ἁμαρτίας.

407 4139 614 4208 Ἡμέρα
633 4139 744 4208 γὰρ
761 4139 981 4208 Κυρίου
999 4138 1240 4192 Σαϐαὼθ
1250 4137 1350 4192 ἐπὶ
1380 4138 1588 4210 «circa;
1600 4137 1892 4208 ὑϐριστὴν

321 4231 423 4285 καὶ
475 4229 901 4299 ὑπερήφανον,
946 4229 1046 4282 καὶ
1101 4228 1201 4283 ἐπὶ
1253 4227 1449 4282 πάντα
1489 4229 1734 4297 ὑψηλὸν
1790 4229 1890 4282 καὶ

315 4320 633 4392 μετέωρον·
671 4321 771 4374 καί
816 4319 1378 4388 ταπεινωθήσονται.
1411 4317 1522 4373 Kal
1557 4317 1656 4372 ἐπὶ
1683 4318 1892 4374 πᾶσαν

323 4414 540 4484 κέδρον
572 4413 679 4469 τοῦ
699 4413 976 4476 Λιϐάνου,
1007 4411 1125 4466 τῶν
1157 4411 1415 4482 ὑψηλῶν
1442 4411 1539 4466 καὶ
1558 4412 1888 4484 participans,

1987 3327 2242 3384 becillum
2273 3327 2606 3398 apparuerit,
2631 3327 2822 3382 divina:
2845 3325 2954 3400 4⁸1
2976 3327 3228 3396 potentiae
3277 3326 3554 3382 excellen-

1989 3419 2063 3474 tia
2103 3429 2160 3475 et
2187 3418 2441 3491 splendor
2484 3419 2536 3474 in
2585 3419 2692 3474 illis
2723 3419 2812 3488 qui
2873 3419 3014 3488 passi
3063 3426 3190 3475 sunt
3247 3427 3303 3476 et
3345 3417 3552 3484 alliicti,

1993 3511 2228 3567 maxime
2261 3511 2605 3568 inclarescet.
2635 3510 3026 3566 Gravissimum
3060 3511 3241 3580 itaque
3273 3521 3358 3566 est
3386 3510 3562 3566 Deum.

1987 3602 2279 3670 offendere,
2305 3613 2360 3659 et
2385 3617 2552 3659 causa
2572 3603 2811 3659 omnium
2851 3603 3218 3658 calamitatum
3249 3616 3371 3672 quae
3397 3602 3555 3658 nobis
3660 3591 3663 3593 ’

1990 3696 2242 3751 accidunt
2275 3695 2414 3752 istud
2459 3703 2564 3750 est.
2589 3692 2703 3748 Nec
2745 3707 2873 3749 vero
2916 3692 3117 3749 nostris
3150 3693 3357 3748 viribus
3379 3693 3559 3748 niteo-

1991 3788 2116 3843 dum
2143 3797 2244 3855 est,
2273 3787 2375 3843 sed
2404 3786 2794 3853 omnipotentia
2823 3778 2936 3841 Deo
2963 3785 3246 3841 tribuenda
3279 3800 3294 3838 :
3330 3792 3386 3840 et
3413 3783 3555 3840 illius

1990 3879 2145 3935 nobis
2171 3879 2429 3934 auxilium
2453 3877 2747 3934 conciliare
2770 3876 3047 3944 debemus,
3086 3876 3303 3945 quando
3338 3875 3556 3945 aliquod

1991 3984 2154 4042 grave
2181 3969 2380 4024 malum
2408 3967 2564 4025 nobis
2603 3983 2700 4038 per
2734 3975 3016 4037 peccatum
3044 3964 3438 4022 oll‘endentibus
3469 3966 3556 4022 in-

1992 4060 2184 4116 fertur.

2072 4152 2237 4206 Vens.
2262 4149 2445 4205 {2-17.
2482 4148 2605 4205 Dies
2653 4147 2792 4202 enim
2856 4146 3068 4202 Domini
3125 4145 3362 4203 Sabaoth
3403 4160 3561 4216 super

1992 4255 2192 4294 omnem
2220 4238 2668 4303 contumeliosum,
2733 4244 2782 4292 et
2810 4234 3108 4305 superbum,
3135 4243 3184 4288 et
3244 4249 3399 4304 super
3447 4250 3561 4289 om-

1993 4345 2108 4385 nem
2144 4330 2359 4396 elatum,
2382 4338 2432 4384 et
2470 4330 2768 4392 tumidum;
2796 4325 3297 4382 ethumilt‘abuntur.
3323 4328 3392 4380 Et
3405 4340 3560 4394 super

1993 4437 2194 4476 omnem
2220 4423 2430 4475 cedrum
2455 4418 2638 4474 Libani
2663 4417 2938 4487 prtealtam
2965 4427 3012 4471 et
3038 4428 3284 4480 erectam,
3318 4426 3369 4472 et
3406 4433 3562 4486 super

321 4507 422 4560 καὶ
451 4506 550 4560 ἐπὶ
601 4503 727 4560 πεῖν
767 4503 1018 4572 δένδρον
1049 4502 1330 4567 βαλάνου
1370 4501 1580 4556 Βασὰν
1601 4518 1617 4534 ο
1659 4503 1756 4557 καί
1793 4503 1887 4557 ἐπὶ

1995 4526 2198 4566 onmem
2241 4509 2478 4565 arborem
2533 4509 2740 4579 glandis
2793 4507 2977 4562 Busan
3009 4516 3100 4561 :et
3154 4522 3315 4575 super.
3355 4521 3560 4560 omnem

321 4597 446 4653 πᾶν
478 4597 617 4666 ὄρος
633 4595 898 4665 ὑψηλὸν,
924 4594 1024 4650 καί
1052 4594 1149 4648 ἐπὶ
1167 4592 1363 4648 πάντα
1375 4593 1611 4659 ,ϐουνὸν
1627 4596 1887 4664 ὑψηλὸν,

1995 4610 2224 4658 montem
2252 4601 2471 4665 editum,
2511 4577 2559 4654 et
2585 4615 2741 4669 super
2778 4614 2980 4652 omnem
3015 4597 3201 4652 callent
3259 4595 3478 4663 celsum,
3510 4605 3561 4651 et

323 4691 424 4744 καὶ
464 4689 563 4744 ἐπὶ
615 4687 812 4742 πάντα
858 4687 1089 4756 πύργον
1129 4688 1397 4755 ὑψηλὸν,
1450 4685 1550 4741 καὶ
1609 4686 1708 4741 ἐπὶ
1767 4686 1891 4742 πᾶν

321 4783 521 4853 τεῖχος
563 4779 831 4850 ὑψηλὸν,
863 4780 964 4834 καὶ
1005 4779 1103 4833 ἐπὶ
1138 4776 1262 4834 πᾶν
1300 4777 1517 4832 πλοῖον
1547 4777 1888 4847 θαλάσσης,

322 4874 422 4926 καὶ
462 4873 562 4926 ἐπὶ
609 4870 815 4927 πᾶσαν
855 4871 998 4928 θέαν
1028 4870 1257 4925 πλοίων
1307 4867 1611 4936 κάλλους·
1652 4871 1751 4924 καὶ
1795 4887 1888 4924 τα-

323 4965 775 5033 πεινωθήσεται,
793 4964 891 5018 καί
930 4962 1198 5018 πεσεῖται
1229 4961 1298 5014 τὸ
1325 4962 1482 5035 ὕψος
1518 4961 1636 5016 τῶν
1662 4961 1884 5030 ἀνθρώ-

323 5072 474 5120 πων,
501 5053 600 5108 καὶ
629 5053 1012 5122 ὑψωθήσεται
1041 5053 1252 5122 Κύριος
1272 5053 1460 5123 μόνος
1497 5053 1566 5107 ἐν
1594 5051 1669 5121 τῇ
1697 5053 1888 5126 ἡμέρᾳ

322 5147 546 5216 ἐκείνῃ.

394 5238 498 5291 Τὺν
527 5236 622 5291 τοῦ
648 5235 882 5308 πολέμου
909 5233 1124 5306 καιρὸν,
1149 5235 1244 5288 καὶ
1269 5234 1368 5306 τῆς
1393 5234 1479 5287 ἐπ’
1508 5233 1688 5297 αὐτοῖς
1716 5233 1882 5305 ὀργῆς

321 5329 423 5401 τὴν
458 5329 805 5399 ἐκπλήρωσιν
828 5328 1038 5400 ἡμέραν
1057 5326 1310 5396 ὀνομάζει
1336 5327 1566 5397 Κυρίου.
1583 5324 1754 5378 Τοῦτο
1777 5325 1886 5394 γὰρ

323 5420 447 5482 ἐθος
478 5421 544 5489 τῇ
573 5417 915 5488 θεοπνεύστῳ
947 5420 1159 5490 Γραφῇ.
1193 5417 1303 5470 Καὶ
1327 5416 1456 5486 γοῦν
1488 5417 1582 5469 καὶ
1611 5414 1770 5469 αὑτὸν
1791 5415 1890 5485 τῆς

321 5509 420 5563 τοῦ
459 5510 712 5581 Σωτῆρος
752 5509 912 5582 ἡμῶν
960 5509 1252 5581 ἐπιδημίας
1295 5509 1386 5563 τὸν
1444 5508 1633 5579 καιρὸν
1672 5507 1750 5578 τῷ
1792 5506 1892 5578 τῆς

299 5600 542 5672 ἡμέρας
567 5599 790 5670 ὀνόματι
840 5601 1235 5672 κατεσήμαινεν
1262 5599 1291 5652 ὁ
1321 5598 1483 5652 Δασὶδ
1513 5599 1654 5652 οὕτω
1682 5598 1856 5666 λέγων
1873 5614 1889 5630 ο

332 5712 352 5746 ι
382 5691 530 5764 Αὕτη
552 5694 587 5764 ή
610 5692 794 5765 ἡμέρα
819 5692 886 5764 ἢν
920 5693 1140 5764 ἐποίησε
1171 5691 1370 5766 Κύριος
1391 5733 1406 5760 ,
1434 5689 1889 5765 ἀγαλλιασὼμεθα

401 5851 424 5888 ί
455 5849 595 5906 Psal.
627 5864 793 5915 ωιτη,
829 5851 920 5913 τι.

1995 4711 2152 4764 super
2194 4708 2397 4748 omnem
2449 4691 2638 4744 turrim
2705 4689 2983 4753 excelsam,
3037 4696 3086 4742 et
3127 4702 3283 4756 super
3359 4702 3563 4741 omnem

1995 4799 2206 4852 murum
2242 4782 2568 4853 prlecelsnm,
2607 4787 2654 4833 et
2680 4793 2836 4848 super
2883 4791 3086 4832 onmem
3142 4777 3314 4830 navim
3375 4775 3560 4840 maris,

1996 4884 2046 4930 et
2086 4887 2240 4944 super
2267 4887 2470 4925 omnem
2529 4869 2802 4939 pulchrum
2870 4867 3200 4936 navigiorum
3261 4875 3560 4936 aspectum;

1992 4975 2042 5019 et
2077 4961 2464 5024 Itumiliabitur,
2509 4969 2557 5014 et
2585 4961 2733 5013 cadet
2775 4957 3003 5011 altitudo
3029 4959 3323 5021 hominum,
3371 4967 3419 5012 et
3440 4972 3558 5012 eve-

1994 5055 2146 5110 Itetur
2175 5051 2426 5106 Dominus
2465 5051 2606 5106 solus
2653 5052 2708 5104 in
2738 5049 2821 5102 die
2861 5047 2977 5106 illa,

2073 5227 2204 5283 Belli
2248 5226 2420 5296 ipsum
2454 5234 2681 5292 tempus,
2712 5231 2766 5276 et
2804 5222 2900 5276 ine
2925 5219 3282 5290 expletionem
3313 5221 3366 5275 in
3421 5219 3562 5286 illos,

2008 5325 2151 5383 diem
2200 5314 2431 5387 appellat
2455 5312 2698 5378 Domini;
2730 5320 2814 5366 est
2843 5310 2988 5366 enim
3015 5310 3120 5365 hoc
3145 5309 3387 5366 solemne
3425 5308 3568 5364 divi-

1998 5416 2144 5472 nitns
2165 5408 2438 5480 inspirata:
2475 5403 2786 5474 Scriptum.
2835 5401 3042 5474 Quippe
3089 5409 3147 5458 et
3205 5403 3378 5471 ipsum
3437 5399 3569 5455 Ser—

1997 5505 2203 5562 vatoris
2260 5502 2428 5556 nostri
2469 5497 2732 5554 adventus
2781 5503 3026 5562 tempus,
3079 5491 3182 5548 diei
3215 5489 3568 5561 appellatione

1999 5599 2247 5670 designat
2275 5591 2466 5659 David,
2491 5591 2677 5647 dicens
2709 5604 2724 5642 :
2767 5604 2786 5638 ι
2822 5583 2948 5640 iitec
2973 5586 3090 5640 dies
3111 5597 3269 5653 quam
3293 5575 3572 5670 iecit_Do-

1995 5664 2195 5757 minus,
2240 5683 2572 5745 exsultemus
2619 5688 2675 5738 et
2737 5677 2982 5771 latemus
3056 5674 3110 5730 in
3169 5686 3231 5729 ea
3265 5671 3308 5724 ⁷.
3348 5685 3371 5722 ι
3428 5664 3574 5724 Fore
