4178 6520
183 5813 226 5841 ο

271 464 341 520 89
995 481 1000 486 '
1429 467 1497 522 ΠΝ
1537 468 1769 524 ISAIAM
1805 469 1931 525 LIB.
1977 471 2016 528 l.
2060 471 2267 527 ORAT.
2310 471 2370 525 ll.
3460 459 3531 515 90

276 580 508 650 οὐρανοῦ
561 580 776 646 κατάξω
834 583 1048 648 αὐτούς.
1099 585 1381 639 Παιδεύσω
1427 587 1626 651 αὐτοὺς
1678 591 1735 641 ὲν
1784 592 1850 660 τῇ

1981 609 2010 643 u
2049 591 2214 645 Deum
2242 591 2412 646 fracta
2433 604 2496 643 ac
2526 587 2828 648 debilitata,
2857 585 3010 642 vanis
3030 595 3085 640 et
3117 579 3536 637 iucousideratis

277 670 414 741 ἀκοῇ
445 674 542 742 τῆς
566 670 794 741 θλίψεως
832 673 1028 728 αὐτῶν.
1063 694 1080 725 ι
1115 676 1522 746 Δυσδιάφυκτον
1551 673 1642 731 οῦν
1673 679 1731 731 τὸ
1757 677 1854 730 τοῦ

279 761 414 814 Θεοῦ
461 764 653 832 κρῖμα,
702 763 823 816 καθ’
857 757 933 818 ὧν
980 767 1045 819 ἂν
1085 767 1324 833 γένοιτο’
1363 768 1456 820 καὶ
1499 769 1707 838 ἀμαθὲς
1758 770 1852 821 καὶ

279 853 490 905 ἀνόσιον
531 854 604 924 μὴ
630 855 751 924 οὐχὶ
800 855 863 926 δὴ
898 857 1098 926 μᾶλλον
1128 859 1400 930 ἠρτῆσθαι
1434 860 1606 928 φιλεῖν
1639 861 1740 929 τῆς
1774 861 1852 922 είς

279 945 442 996 αὑτὸν
472 943 705 1011 ἐλπίδος,
734 951 910 1011 κενοῖς
935 948 990 1002 δὲ
1021 950 1116 1004 καὶ
1156 953 1434 1014 ἀσυνέτως
1467 950 1850 1016 διαπαίζεσθαι

279 1036 559 1107 λογισμοῖς
588 1039 870 1109 οἰομένους
895 1081 911 1106 ,
945 1040 1028 1093 ὅτι
1073 1042 1177 1094 κᾶν
1218 1042 1266 1094 εί
1303 1041 1542 1111 βούλοιτο
1567 1043 1628 1095 τὸ
1659 1041 1852 1104 σώζειν

249 1156 257 1162 υ
281 1129 500 1196 αὐτοὺς,
525 1130 786 1195 ὲξελεῖται
814 1132 870 1184 δέ
899 1149 982 1195 τις
1011 1133 1196 1206 ἕτερος
1218 1137 1313 1189 καὶ
1335 1137 1434 1208 τῆς
1462 1135 1520 1202 ἐξ
1548 1133 1853 1205 ἀνθρώπων

284 1219 602 1290 ἐπικουρίας
648 1225 682 1294 ὴ
733 1223 1025 1296 συνδρομὴ,
1070 1226 1163 1279 καὶ
1231 1228 1515 1298 περιέσται
1566 1226 1696 1278 ποτὲ
1745 1225 1852 1277 τῶν

1963 679 2281 735 ratiunculis
2309 678 2595 744 ludilicari,
2617 686 2671 733 et
2699 677 3031 743 existimare,
3047 673 3260 730 etiamsi
3306 685 3530 725 servare

1969 772 2103 826 nolit
2153 773 2288 839 ipse,
2313 770 2477 824 alium
2515 773 2821 839 quempiam
2852 777 3183 836 erepturum,
3217 771 3272 818 et
3305 759 3528 816 humani

1957 862 2141 919 auxilii
2168 863 2530 918 accessionem
2580 861 2695 932 ejus
2718 869 2878 915 nutus
2912 871 2975 911 ac
3027 857 3332 911 voluntates
3371 865 3534 919 supe-

1959 954 2250 1010 raturam?
2302 954 2382 1014 Si.
2431 952 2650 1022 inqui“!
2680 949 2937 1006 clauserit
2987 954 3175 1001 contra
3236 944 3529 1004 hominem,

1958 1043 2080 1114 quis
2117 1043 2367 1112 aperiet?
2394 1041 2580 1097 Melius
2606 1041 2767 1110 igitur
2791 1046 2874 1091 est
2906 1046 3132 1100 sperare
3177 1032 3228 1085 in
3287 1029 3532 1089 Domino,

1959 1148 2119 1202 quam
2161 1135 2450 1204 sperarein
2486 1130 2725 1193 homine,
2757 1127 2910 1196 juxta
2935 1122 3047 1195 49
3083 1133 3266 1175 vocem
3300 1117 3528 1187 psallen-

1965 1227 2057 1278 tis.

286 1314 415 1383 παρ’
448 1314 612 1367 αὑτοῦ
647 1315 953 1386 νευμάτων.
996 1295 1128 1371 νἘὰν
1187 1295 1531 1392 γὰρ-κλείσῃ
1582 1318 1724 1371 κατὰ
1775 1316 2087 1388 ἀνθρώπου,
2158 1316 2312 1388 φησὶ,
2363 1315 2449 1379 τίς
2489 1313 2718 1378 ἀνοίξεις
2768 1307 2998 1379 Ἀγαθὸν
3054 1303 3234 1356 τοίνυν
3267 1299 3340 1369 ,τὺ
3387 1295 3536 1349 ὲλπί·

287 1401 398 1465 ζειν
423 1403 514 1454 ἐπὶ
549 1402 769 1473 Κύριον,
801 1404 834 1474 ἢ
867 1405 1104 1468 ἐλπίζειν
1131 1407 1215 1460 ἐπ’
1243 1407 1549 1479 ἄνθρωπον,
1583 1408 1722 1460 κατὰ
1745 1407 1842 1477 τὴν
1882 1407 1974 1460 τοῦ
2004 1407 2300 1478 ψάλλοντος
2339 1405 2550 1475 φωνήν.

357 1490 468 1544 Kal
519 1491 593 1545 τὰ
648 1493 1030 1561 χειροποίητα
1088 1495 1283 1547 πάντα
1338 1497 1855 1563 κατακρύψουσιν,

287 1582 735 1650 εισενεγκόντες
763 1584 848 1647 εἷς
882 1582 952 1634 τὰ
983 1584 1278 1650 σπήλαια,
1317 1584 1416 1638 καὶ
1459 1588 1542 1650 εἰς
1586 1587 1690 1651 τὰς
1724 1603 1859 1655 σχι-

288 1673 448 1739 σμὰς
478 1670 596 1724 τῶν
623 1669 876 1738 πετρῶν,
916 1673 1014 1724 καὶ
1057 1675 1140 1738 εις
1173 1673 1279 1740 τὰς
1321 1675 1586 1744 τρώγλας
1615 1674 1727 1743 τῆς
1749 1674 1864 1744 γῆς

291 1763 408 1815 ἀπὸ
443 1749 768 1831 προσώπου
812 1762 917 1816 τοῦ
945 1765 1133 1831 φόϐου
1170 1765 1414 1833 Κυρίου,
1455 1765 1552 1820 καὶ
1597 1767 1717 1820 ἀπὸ
1755 1765 1862 1834 τῆς

291 1851 478 1919 δόξης
510 1850 619 1921 τῆς
649 1853 861 1922 ισχύος
893 1851 1102 1919 αὐτοῦ,
1149 1852 1294 1907 ὅταν
1335 1853 1574 1924 ἀναστῇ
1605 1855 1862 1922 θραῦσαι

296 1942 411 2009 τὴν
444 1942 579 2012 γῆν.

363 2035 603 2096 Γέλωτος
630 2033 784 2099 ἀξίαν
813 2036 912 2104 τὴν
952 2035 1060 2088 τῶν
1101 2037 1369 2090 Ἰουδαίων
1407 2040 1699 2110 ἀποφαίνει
1731 2040 1860 2092 σκέο

289 2125 402 2192 ψιν,
465 2126 514 2177 εί
571 2124 1016 2196 κατακρύπτουσι
1075 2128 1202 2192 τοὺς
1261 2128 1454 2195 θεοὺς,
1523 2134 1616 2187 καὶ
1669 2133 1862 2196 σώζειν

292 2216 603 2282 ἐπείγονται
629 2219 755 2281 τοὺς
786 2219 1310 2289 προσκυνουμένους.
1364 2221 1558 2275 Καίτοι
1600 2223 1716 2286 πῶς
1760 2226 1859 2278 οὐκ

291 2307 398 2360 ἔδει
453 2307 706 2380 σωτῆρας
771 2310 968 2373 αὐτοὺς
1028 2311 1247 2364 ἔσεσθαι
1306 2311 1643 2384 προσδοκᾷν,
1703 2314 1862 2386 εἴπερ

291 2399 460 2453 ὅντως
488 2399 684 2470 ᾔδεσαν
717 2398 908 2464 θεούς;
950 2400 1092 2453 Ἀλλ’
1139 2402 1293 2454 αὐτοὶ
1336 2403 1444 2455 τῶν
1494 2404 1637 2458 ἰδίων
1690 2423 1862 2459 κατα-

290 2488 599 2552 δικάζοντες
647 2488 1047 2561 βουλευμάτων,
1083 2492 1178 2545 καὶ
1230 2493 1634 2564 μαρτυροῦντες
1680 2495 1862 2559 αὐτοῖς

291 2579 350 2631 τ’)
382 2579 518 2650 πρὸς
546 2580 656 2633 πᾶν
696 2579 876 2634 ὁτιοῦν
907 2581 1160 2650 ἀδρανὲς,
1191 2583 1528 2652 ἐπαμύνουσι
1557 2587 1668 2648 τοῖς
1699 2584 1860 2648 θεοῖς.

295 2669 756 2741 Κατακρύπτουσι
803 2672 912 2742 γὰρ
944 2674 1025 2735 είς
1065 2671 1136 2725 τὰ
1183 2673 1446 2744 σπήλαια,
1499 2676 1594 2727 καὶ
1638 2675 1718 2739 εἰς
1763 2675 1861 2739 τὰς

295 2761 534 2832 σχισμὰς
571 2762 679 2815 τῶν
712 2763 946 2834 πετρῶν,
976 2764 1070 2816 καὶ
1102 2765 1181 2828 είς
1211 2764 1308 2828 τὰς
1333 2764 1583 2836 τρώγλας
1612 2767 1713 2836 τῆς
1739 2769 1863 2837 γῆς,

294 2851 384 2904 ἵνα
440 2852 516 2922 μὴ
567 2854 819 2924 εὑρόντες
861 2855 912 2906 oi
972 2855 1220 2924 πολέμιοι
1281 2855 1696 2926 συναποφέρωσι
1753 2861 1866 2922 τοῖς

293 2942 670 3013 νενικημένοις
713 2938 824 2997 οἷον
851 2943 1229 3015 αἰχμαλώτους
1277 2945 1452 3008 θεούς.
1489 2947 1612 3009 Πῶς
1657 2943 1750 2998 οὖν
1785 2946 1865 2999 ἔτι

296 3033 410 3088 θεοὶ
455 3033 604 3106 παρὰ
648 3034 758 3088 τῶν
812 3036 1260 3106 προσκυνούντων
1309 3038 1496 3100 αὐτοῖς
1545 3040 1866 3110 ἐπικουρίας

2038 1497 2198 1553 Vens.
2236 1497 2322 1552 l9.
2364 1495 2431 1549 Et
2469 1494 2769 1560 ma‘nufacta
2823 1487 2996 1541 omnia
3030 1484 3367 1546 abscondent,
3397 1479 3533 1547 infe-

1967 1601 2132 1644 rentes
2164 1590 2220 1642 in
2255 1604 2434 1653 specus
2450 1597 2493 1639 et
2523 1585 2578 1637 in
2611 1585 2863 1636 scissuras
2897 1586 3182 1647 petrarum,
3209 1584 3254 1627 et
3287 1576 3338 1623 in
3375 1571 3537 1621 rimas

1967 1695 2118 1737 terra:
2150 1701 2179 1736 a
2207 1682 2341 1751 facie
2371 1679 2572 1733 timoris
2617 1674 2848 1734 Domini,
2873 1679 2920 1724 et
2956 1687 2987 1722 a
3013 1669 3179 1738 gloria
3210 1659 3540 1736 fortitudinis

1965 1769 2099 1838 ejus,
2129 1767 2340 1838 quando
2367 1766 2650 1821 surrexerit
2673 1763 2740 1817 ad
2784 1761 3131 1832 frangendum
3166 1768 3384 1809 terram.

1962 2053 1976 2096 ί
2037 2049 2340 2104 Ridiculum
2397 2045 2634 2102 ostendit
2667 2042 2972 2098 Judarorum
2999 2036 3279 2094 consilium
3318 2049 3332 2087 :
3371 2029 3539 2098 siqui-

1963 2148 2085 2201 dem
2116 2147 2244 2200 deos
2277 2140 2571 2203 occultant,
2598 2146 2654 2192 et
2679 2151 2815 2207 quos
2844 2133 3161 2193 adorarunt,
3197 2141 3293 2182 eos
3322 2136 3542 2179 servare

1963 2246 2234 2306 satagunt.
2281 2233 2413 2287 Nam
2466 2231 2650 2302 quidni
2689 2229 2867 2299 potius
2903 2233 3213 2282 servatores
3255 2217 3377 2272 illos
3427 2213 3543 2306 fore

1962 2304 2356 2398 exspectarent,
2397 2325 2665 2393 siquidem
2720 2334 2907 2376 revera
2949 2318 3079 2371 deos
3117 2328 3240 2368 esse
3289 2304 3542 2364 norant?

1961 2417 2124 2488 Atqui
2159 2431 2253 2471 sua
2287 2416 2384 2485 ipsi
2427 2415 2643 2469 decreta
2687 2412 3024 2473 damnantes,
3072 2416 3300 2470 cumque
3338 2398 3437 2488 ipsi
3466 2406 3542 2448 tc-

1963 2487 2074 2564 stes
2105 2506 2213 2560 sint
2235 2519 2425 2559 eorum
2452 2500 2853 2562 imbecillitatis,
2881 2497 2985 2550 diis
3013 2497 3358 2551 succurrunt.
3403 2487 3543 2539 Abs—

1964 2600 2201 2657 condunt
2237 2597 2381 2652 enim
2409 2597 2463 2651 in
2491 2594 2762 2665 speluncis
2813 2602 2867 2646 et
2891 2592 2946 2645 in
2989 2583 3240 2643 scissuris
3268 2592 3545 2639 saxorum.

1970 2704 2025 2747 et
2064 2693 2118 2745 in
2182 2698 2341 2744 terra:
2392 2685 2770 2750 foraminibus,
2802 2697 2870 2736 ne
2921 2682 3107 2735 hostes
3163 2671 3465 2733 inveniant,
3491 2675 3548 2720 et

1968 2792 2071 2833 una
2119 2792 2240 2831 cum
2283 2774 2450 2831 victis
2497 2772 2740 2841 captivos
2787 2783 3002 2840 quoque
3061 2767 3190 2818 deos
3241 2766 3540 2830 asportent.

1967 2864 2066 2931 Qui
2087 2877 2218 2929 ergo
2252 2863 2365 2932 jam
2397 2861 2472 2914 dii
2511 2861 2644 2925 sint,
2669 2859 2760 2928 qui
2795 2872 3014 2912 suorum
3040 2854 3308 2908 cultorum
3333 2862 3435 2918 ope
3459 2846 3549 2902 iu-

1967 2955 2185 3026 digeut?
2237 2952 2344 3007 Sed
2385 2952 2606 3007 materia
2652 2966 2714 3004 ex
2734 2947 2934 3006 animis
2970 2944 3056 3003 illa
3103 2955 3249 3009 sunt,
3289 2950 3366 3009 et,
3394 2949 3450 2994 ut
3472 2939 3552 2993 iu-

1967 3048 2082 3116 quit
2115 3047 2302 3100 beatus
2334 3043 2538 3100 David:
2573 3063 2591 3095 ι
2616 3041 2759 3098 ldola
2783 3043 3020 3112 gentium
3055 3045 3336 3108 argentum
3368 3043 3424 3086 et
3451 3047 3546 3084 au-

295 3127 624 3197 δεδεημένοι,
662 3128 776 3181 ἀλλ’
813 3127 912 3200 ὕλη
969 3129 1068 3199 μὲν
1108 3129 1314 3201 ἄψυχος
1360 3132 1566 3185 ἐκεῖνα.
1619 3132 1725 3184 Καὶ
1787 3129 1863 3196 ὥς

1971 3155 2106 3194 rum.
2143 3151 2313 3209 opera
2343 3153 2597 3192 manuum
2636 3133 3025 3190 hominum“.r
3060 3129 3127 3184 Et
3170 3140 3300 3182 sane
3349 3123 3438 3193 qui
3459 3136 3551 3176 co-

295 3234 461 3288 φησιν
497 3219 526 3270 ὀ
558 3220 822 3291 μακάριος
852 3220 1033 3283 Δαϐὶδ,
1061 3240 1078 3271 ι
1106 3221 1184 3274 Τὰ
1211 3221 1401 3274 statuta
1435 3221 1543 3274 τῶν
1578 3220 1742 3275 ἐθνῶν
1774 3223 1869 3295 ἀρα

294 3308 490 3378 ’γύριον
516 3309 610 3362 καὶ
636 3311 882 3380 χρυσίον,
911 3311 1047 3383 ἔργα
1071 3313 1267 3384 χειρῶν
1296 3313 1618 3384 ἀνθρώπων.
1653 3335 1671 3366 ›
1698 3317 1870 3385 Νοσή·

301 3399 456 3453 σουσί
487 3417 550 3469 γε
578 3399 683 3472 μὴν
722 3401 774 3454 οῖ
823 3401 1216 3472 θεραπεύοντες
1248 3404 1386 3457 αὐτὰ
1414 3405 1512 3476 τὴν
1546 3404 1664 3476 ἴσην
1691 3407 1876 3470 αὐτοῖς

299 3489 681 3569 ἀναισθησίαν.
736 3491 901 3545 Αὐτοὶ
955 3492 1062 3563 γὰρ
1105 3496 1342 3563 τεχνῖται
1397 3495 1493 3547 καὶ
1546 3495 1872 3565 δημιουργοὶ

294 3580 587 3648 »γεγονότες
614 3580 814 3645 αὐτῶν,
847 3581 1093 3653 αίρουσιν
1136 3582 1228 3635 ἐπὶ
1262 3583 1371 3636 τῶν
1425 3583 1612 3654 ὤμων,
1648 3587 1743 3637 καὶ
1777 3603 1869 3638 πο-

306 3672 573 3744 ρεύονται,
599 3674 696 3726 καὶ
739 3673 1136 3742 προσκυνοῦσιν
1161 3675 1326 3746 αὐτῷ,
1361 3675 1456 3730 καὶ
1483 3677 1874 3749 προσεύχονται

305 3763 580 3833 λέγοντες·
621 3785 640 3817 ι
687 3764 900 3830 Ἐξελοῦ
925 3782 991 3837 με
1021 3765 1103 3818 ὅτι
1131 3766 1264 3829 Sed;
1296 3784 1397 3838 μου
1424 3763 1476 3820 εῐ
1501 3767 1585 3821 σύ.
1616 3786 1634 3818 ι
1669 3768 1872 3834 Σποδὸς

304 3857 593 3929 τοιγαροῦν
619 3860 653 3929 ἡ
682 3858 878 3929 καρδία
912 3858 1122 3920 αὐτῶν,
1154 3861 1249 3912 καὶ
1282 3859 1634 3914 πλανῶνται.·
1663 3860 1871 3931 Πρέποι

306 3947 354 3998 δ’
395 3947 462 4001 ἂν
495 3952 607 4012 τοῖς
638 3949 880 4003 εὐσεὸεἴν
915 3949 1151 4012 εἰωθόσι,
1196 3953 1315 4013 ταῖς
1353 3951 1460 4005 τῶν
1502 3949 1874 4023 πλανωμένων

309 4038 660 4110 ἁϐελτηρίαις
688 4040 962 4112 ἐρρῶσθαι
990 4040 1190 4109 λέγειν,
1213 4043 1308 4095 καὶ
1338 4043 1444 4112 μὴν
1478 4044 1700 4096 κάκεῖνο
1723 4042 1872 4115 βοᾷνο

314 4169 332 4201 ι
372 4132 497 4184 Θεοὶ
526 4131 576 4184 οἳ
616 4131 710 4184 τὸν
741 4131 966 4202 οὐρανὸν
1021 4133 1116 4186 καὶ
1161 4133 1262 4204 τὴν
1295 4136 1400 4204 γῆν
1440 4134 1542 4187 οὐκ
1589 4134 1875 4203 ἐποίησαν,

1976 3231 2095 3286 lunt
2144 3245 2230 3293 es,
2286 3228 2450 3284 simili
2485 3242 2608 3282 cum
2656 3225 2761 3280 illis
2809 3221 3120 3292 stupiditate
3150 3216 3416 3270 laborant.
3449 3210 3551 3280 Ipsi

1974 3321 2115 3376 enim
2158 3318 2293 3372 fabri
2327 3325 2384 3372 et
2409 3315 2631 3386 opiﬁces
2660 3328 2848 3370 eorum
2887 3325 3011 3367 cum
3044 3309 3174 3372 sint,
3221 3304 3460 3361 humeris
3483 3316 3548 3356 ea

1965 3414 2273 3480 imponunt,
2322 3419 2470 3473 euut,
2514 3409 2764 3471 adorant,
2815 3411 3198 3474 apprecantur,
3248 3398 3534 3452 dicentes:

1982 3521 2001 3554 ι
2027 3502 2188 3572 Eripe
2218 3516 2321 3562 me.
2342 3500 2470 3569 quia
2493 3500 2635 3554 Deus
2665 3509 2816 3552 meus
2842 3509 2902 3550 es
2932 3502 2985 3547 tu
3007 3493 3107 3545 ⁸³.»
3139 3489 3363 3545 Stercus
3386 3483 3550 3553 igitur

1974 3610 2071 3650 cor
2105 3608 2320 3660 eorum,
2351 3602 2406 3648 et
2437 3597 2641 3646 errant.
2690 3587 2856 3642 Decet
2911 3592 3089 3639 autem
3117 3593 3214 3636 eos
3247 3577 3338 3647 qui
3371 3575 3545 3645 pieta-

1976 3693 2080 3738 tem
2130 3681 2311 3737 colere
2354 3679 2555 3745 solent,
2593 3674 2894 3734 errantium
2944 3669 3186 3727 stultitiae
3226 3663 3552 3724 valedicere.

1968 3772 2207 3843 illudque
2236 3772 2474 3827 clamare
2502 3788 2516 3824 :
2555 3768 2667 3822 «Dii
2692 3767 2780 3837 qui
2817 3763 3015 3820 caelum
3043 3770 3326 3830 et.terram
3355 3769 3460 3808 non
3483 3751 3556 3843 fe-

1969 3840 2187 3926 cerunt,
2229 3860 2524 3930 perdantur
2547 3859 2612 3912 de
2644 3867 2784 3910 terra
2825 3853 2893 3918 ",
2928 3872 2947 3905 ι
2979 3861 3036 3906 et
3064 3851 3131 3905 de
3181 3848 3264 3902 his
3303 3859 3424 3915 quae
3457 3840 3559 3896 sub

1980 3955 2122 4010 ctelo
2154 3962 2316 4008 sunt:
2359 3971 2378 4004 ι
2416 3951 2582 4008 Nobis
2607 3951 2750 4006 enim
2787 3963 2926 4003 unus
2960 3947 3105 4001 Deus
3135 3943 3317 4007 Pater,
3354 3954 3429 4030 es
3454 3951 3559 4030 quo

1979 4046 2184 4112 omnia,
2223 4057 2279 4100 et
2310 4059 2410 4099 nos
2453 4045 2508 4098 in
2562 4045 2761 4113 ipsum,
2819 4048 2874 4095 et
2899 4052 3039 4092 unus
3092 4034 3352 4090 Dominus
3403 4028 3558 4084 Iesus

1981 4136 2231 4192 Christus
2272 4151 2368 4206 per
2393 4151 2554 4206 quem
2589 4134 2792 4195 omnia,
2821 4139 2876 4186 ct
2910 4143 3010 4184 nos
3036 4141 3130 4197 per
3158 4126 3330 4196 ipsum
3353 4121 3452 4175 ιδ.»

307 4220 697 4284 ἀπολέσθωσαν
727 4224 836 4276 ἀπὸ
865 4223 966 4293 τῆς
1010 4226 1133 4294 γῆς.
1173 4242 1194 4277 s
1241 4224 1352 4277 Καὶ
1399 4225 1750 4279 ὑποκάτωθεν
1781 4227 1876 4281 τοῦ
1913 4229 2144 4300 οὐρανοῦ
2178 4229 2370 4284 τούτου
2394 4246 2408 4261 ⁶
2443 4247 2465 4284 s
2508 4228 2673 4298 Ἡμῖν
2735 4225 2846 4298 γὰρ
2894 4217 2975 4286 εἷς
3015 4220 3147 4283 Θεὸς
3210 4220 3239 4272 δ
3271 4215 3480 4284 Πατῆρο
3507 4209 3561 4266 Et

307 4307 369 4366 οὗ
397 4313 466 4366 τὰ
498 4315 694 4382 πάντα,
740 4316 835 4369 καὶ
881 4317 1043 4387 ἡμεῖς
1081 4319 1160 4380 είς
1197 4317 1382 4371 αύτόν.
1415 4317 1526 4370 Καὶ
1557 4311 1637 4380 εἷς
1675 4316 1881 4387 Κύριος
1925 4319 2132 4390 Ἰησοῦς
2161 4322 2429 4393 Χριστὸς,
2494 4319 2564 4374 δι’
2597 4312 2658 4373 οὗ
2693 4317 2763 4372 τὰ
2796 4319 3013 4382 πάντα,
3047 4313 3142 4366 καὶ
3173 4310 3335 4382 ἡμεῖς
3362 4305 3427 4358 δι’
3467 4303 3550 4356 αὑι

309 4403 427 4459 τοῦ.
469 4421 489 4456 s

387 4493 466 4563 Τῇ
497 4493 684 4564 ἡμέρᾳ
707 4489 912 4564 ἐκείνῃ
947 4495 1186 4550 ἐκϐαλεῖ
1215 4496 1526 4565 ἄνθρωπος
1555 4498 1629 4550 τὰ
1663 4495 1871 4560 13681:}-

2053 4494 2218 4548 Vsus.
2251 4493 2343 4558 20,
2377 4494 2465 4548 2|.
2497 4493 2591 4545 Die
2617 4491 2710 4546 illa
2746 4492 2914 4557 ejiciet
2959 4490 3112 4543 homo
3141 4485 3555 4542 abominationes

311 4602 504 4656 γματα
537 4585 726 4641 αὑτοῦ
751 4588 826 4640 τὰ
865 4585 1092 4656 ἀργυρᾶ
1140 4587 1242 4641 καί
1281 4586 1504 4656 χρυσᾶ,
1547 4586 1586 4641 ἁ
1628 4588 1882 4655 ἐποίησε

313 4675 681 4745 προσκυνεῖν
729 4677 854 4744 τοῖς
898 4679 1172 4748 ματαίοις
1224 4680 1323 4733 καὶ
1375 4679 1504 4745 ταῖς
1549 4681 1880 4748 νυκτερίσι,

311 4765 421 4820 τοῦ
448 4765 746 4820 εισελθεῖν
773 4769 862 4832 εὶς
892 4769 997 4833 τὰς
1026 4765 1294 4838 τρώγλας
1324 4767 1435 4837 τῆς
1458 4768 1591 4838 γῆς,
1630 4770 1878 4836 στερεάς

313 4857 564 4926 πέτρας,
597 4857 698 4911 καὶ
723 4859 811 4922 είς
839 4859 946 4925 τὰς
998 4859 1265 4928 σχισμὰς
1308 4859 1428 4913 τῶν
1469 4858 1718 4927 πετρῶν,
1762 4860 1880 4914 ἀπὸ

314 4951 639 5018 προσώπου
665 4952 772 5005 τοῦ
796 4951 984 5019 φόϐου
1010 4953 1251 5019 Κυρίου,
1276 4953 1375 5005 καί
1411 4951 1530 5005 ἀπὸ
1561 4950 1668 5018 τῆς
1695 4951 1883 5018 δόξης

313 5041 426 5108 τῆς
473 5042 686 5110 ἰσχύος
739 5040 960 5109 αὑτοῦ,
999 5041 1146 5096 ὅταν
1185 5042 1418 5111 ἀναστῇ
1464 5042 1718 5110 θραῦσαι
1774 5043 1890 5112 τὴν

317 5149 460 5202 rur-

388 5222 528 5288 Τοὺς
589 5222 722 5294 παρ’
773 5222 955 5277 αὐτῶν
1007 5223 1297 5292 γεγονότας
1352 5223 1447 5278 καὶ
1502 5222 1889 5294 ψευδωνύμους

316 5310 475 5376 θεοὺς
518 5313 601 5366 ὅτι
629 5311 1038 5384 κατακρύπτειν
1073 5311 1318 5382 ἔμελλον,
1361 5313 1460 5366 οὐκ
1489 5312 1630 5366 αίδοῖ
1659 5315 1726 5384 τῇ
1760 5313 1888 5386 περὶ

313 5405 514 5470 αὐτοὺς
542 5403 622 5458 ἔτι
656 5404 968 5475 νικώμενοι,
1009 5405 1410 5472 κατεγνωκότες
1457 5403 1513 5456 δὲ
1563 5404 1762 5475 μᾶλλον
1810 5404 1887 5468 ὡς

318 5493 456 5564 ὕλης
505 5495 778 5567 ἀχρήστου
825 5497 922 5548 καὶ
979 5492 1243 5566 ἀδρανοῦς
1290 5493 1611 5564 καθίστησιν
1657 5492 1889 5562 ἐναργὲς

318 5585 779 5657 προσεπενεγκὼν
807 5580 887 5648 οἷς
914 5584 1017 5655 ἔφη
1037 5601 1052 5616 ο
1092 5603 1110 5636 ι
1139 5585 1217 5655 Τῇ
1248 5583 1429 5655 ἡμέρᾳ
1466 5585 1646 5656 ἐκείνῃ
1672 5583 1893 5638 ἐκϐαλεῖ

318 5675 609 5748 ἄνθρωπος
650 5675 720 5729 τὰ
769 5675 1115 5747 βδελύγματα
1154 5675 1348 5739 αὑτοῦ,
1385 5674 1422 5729 ἃ
1461 5676 1684 5746 ἐποίησε
1720 5691 1891 5746 προσ-

396 5851 436 5885 ¹¹
474 5849 618 5906 Psal.
648 5865 801 5917 csttt,
834 5851 886 5906 4.
966 5853 1008 5885 ⁸⁸
1039 5849 1178 5904 Psal.
1203 5865 1354 5918 unt,
1381 5849 1435 5903 ‘2.
1513 5851 1554 5882 ”
1587 5849 1786 5906 Jerem.
1813 5864 1867 5916 ι,
1909 5849 1993 5903 ll.

1983 4600 2104 4638 suas
2131 4595 2402 4653 argenteas
2455 4591 2505 4634 et
2526 4597 2736 4645 aureas,
2785 4597 2916 4650 quas
2946 4581 3089 4648 fecit,
3118 4578 3187 4632 ad
3223 4577 3559 4629 adorandum
3640 4585 3642 4588 ’

1983 4691 2081 4729 oan
2103 4671 2637 4742 a,et;vespertiliones,
2663 4680 2717 4722 ut
2745 4670 3108 4739 ingrediantur
3133 4668 3188 4721 in
3213 4679 3459 4719 cavernas
3481 4681 3560 4718 so—

1983 4767 2108 4820 lidee
2139 4774 2322 4834 parte,
2366 4773 2414 4819 et
2449 4764 2502 4817 in
2540 4764 2797 4817 seissuras
2821 4769 3086 4830 petrarum
3133 4775 3164 4812 a
3193 4757 3330 4828 facie
3363 4757 3565 4812 timoris

1985 4857 2218 4923 Domini,
2245 4865 2293 4911 et
2315 4873 2346 4910 a
2376 4855 2543 4926 gloria
2569 4853 2896 4923 fortitudinis
2937 4852 3049 4921 ejus
3076 4852 3288 4923 quando
3317 4865 3566 4906 surrexe-

1991 4950 2058 5002 rit
2088 4951 2156 5003 ad
2187 4947 2528 5019 frangendam
2554 4955 2774 5002 terram.

2062 5233 2212 5300 Quod
2236 5233 2370 5288 falso
2395 5240 2732 5302 nuncupatos
2757 5229 2886 5286 deos
2910 5238 2964 5284 et
2988 5230 3057 5283 ab
3089 5225 3219 5298 Ipsis
3245 5225 3418 5281 laetos
3439 5225 3565 5279 abs-

1988 5328 2224 5382 condere
2261 5325 2552 5391 debebant,
2587 5339 2694 5379 non
2726 5323 2852 5393 quia
2895 5321 3146 5390 puduerit
3194 5319 3429 5383 illorum,
3470 5317 3564 5370 sed

1991 5417 2170 5486 potius
2224 5413 2367 5484 quod
2397 5428 2491 5469 eos
2516 5424 2769 5483 tanquam
2803 5412 3081 5466 materiam
3106 5411 3344 5464 inutilem
3381 5418 3436 5461 et
3458 5407 3562 5460 im-

1993 5507 2185 5565 bellem
2209 5510 2574 5573 damnassent,
2601 5503 2944 5560 manifestum
2982 5503 3156 5558 reddit
3187 5516 3308 5556 cum
3340 5497 3565 5567 subjun-

1997 5601 2074 5672 εει
2102 5600 2184 5655 his
2208 5614 2329 5668 quae
2353 5601 2563 5655 dixerat
2592 5616 2606 5652 :
2639 5597 2766 5653 «Die
2797 5595 2905 5667 50
2931 5596 3018 5650 illa
3040 5593 3218 5664 eiiciat
3247 5592 3408 5646 homo
3435 5587 3563 5640 abo-

1998 5695 2319 5750 tninationes
2348 5708 2475 5750 suas
2502 5707 2638 5763 quas
2674 5691 2803 5748 fecit
2836 5701 2890 5746 ut
2921 5691 3174 5745 adoraret
3195 5722 3210 5750 ,
3243 5691 3300 5737 et
3351 5690 3565 5749 vesper-

2073 5848 2115 5881 ”
2143 5846 2162 5901 Ι
2188 5849 2314 5904 Cor.
2337 5863 2456 5914 vm,
2477 5847 2527 5901 6.
