4178 6544
132 414 201 468 93
1308 410 1376 465 ΙΝ
1420 411 1655 467 lSAlAM
1696 412 1736 466 L

1866 412 1907 468 Ι.
1948 412 2155 470 ORAT.
2198 411 2260 467 ll.
3343 414 3416 469 οι

141 528 200 581 δὲ
222 529 326 599 χρή
359 545 411 581 τι
443 529 535 581 καί.
564 528 930 598 πνευματικὸν
961 532 1071 594 τοῖς
1100 534 1487 601 πνευματικοῖς
1517 534 1716 596 εἰπεῖν,

1845 533 2022 587 atibus
2050 540 2255 586 tractus
2282 539 2337 585 et
2364 530 2661 595 inescatus.
2690 534 2812 587 dein
2837 532 3105 602 cupiditas
3128 541 3414 602 postquam

142 619 263 671 ὅσοι
283 617 393 671 τῶν
424 618 505 682 εἰς
528 616 653 671 νοῦν
683 618 915 671 εἰδώλων
940 620 1245 690 ἀνέχονται,
1274 623 1368 674 καὶ
1392 622 1490 685 τὰς
1522 625 1587 676 ἐκ
1610 625 1721 678 τῶν

146 710 395 763 ἐκτόπων
424 707 733 778 φαντασιῶν
763 710 967 773 ἐννοίας
993 711 1345 782 εἰσδέχονται,
1374 716 1609 768 ίστωσαν
1636 718 1715 770 ὅτι

148 800 471 870 νυκτερίδων
504 799 715 853 ἔσονται
746 800 951 864 καλιαὶ,
980 801 1126 854 τοῦτ’
1161 802 1304 866 ἐστι,
1336 801 1445 856 τῶν
1473 804 1717 875 ἀκαθάρ-

144 890 254 942 τῶν
308 890 651 959 πνευμάτων.
720 908 739 942 ι
782 890 1051 954 Ἕκαστος
1101 891 1208 964 γὰρ
1278 894 1633 964 πειράζεται,
1689 915 1708 949 ι

148 983 333 1051 φησὶν,
369 999 387 1032 ι
426 980 531 1034 ὑπὸ
565 982 673 1034 τῶν
707 982 852 1035 ἰδίων
887 982 1193 1054 ἐπιθυμιῶν
1223 984 1596 1056 ἐξελκόμενος,
1624 989 1715 1042 καὶ

145 1069 548 1140 δελεαζόμενος.
600 1066 733 1124 Εἶτα
769 1072 803 1141 ή
852 1071 1116 1143 ἐπιθυμία
1156 1075 1494 1130 συλλαϐοῦσα
1542 1078 1715 1133 τίκτει

148 1161 443 1232 ἁμαρτίαν,
473 1162 507 1233 ή
542 1161 619 1215 δὲ.
637 1160 883 1233 ἁμαρτία
911 1164 1332 1220 ἀποτελεσθεῑσα
1360 1167 1590 1221 ἀποκύει
1622 1169 1719 1222 6&—

1825 626 2091 693 concepit,
2129 623 2288 691 parit'
2318 631 2623 691 peccatum,
2655 632 2938 693 peccatum
2978 634 3410 680 consummatum

1823 714 2094 784 progignit
2121 721 2348 766 mortem
2371 712 2466 765 ".i
2501 710 2824 781 liepellenda
2852 720 2973 768 sunt
3000 714 3188 782 itaque
3210 712 3384 784 priuri
3410 750 3415 753 ι

1825 806 1910 875 pia
1951 804 2237 868 malorum;
2267 811 2322 857 et
2350 802 2546 856 mentis
2577 801 2743 867 idola,
2797 817 2918 873 quae
2964 818 3060 872 per
3100 806 3243 859 solas
3267 804 3409 875 cogi-

1827 895 2056 950 tationes
2111 895 2378 964 irrepunt,
2431 891 2824 962 propulsemus,
2872 893 3110 949 scientes
3151 896 3413 962 scriptum

1823 1000 1987 1040 esse:
2032 986 2117 1040 «Si
2152 986 2376 1056 spiritus
2402 984 2734 1039 dominantis
2784 986 3088 1039 ascenderit
3140 1001 3302 1054 super
3336 995 3412 1050 te,

1824 1078 1997 1132 locum
2037 1088 2186 1132 tuum
2219 1094 2283 1133 nc
2324 1079 2580 1132 deseras:
2612 1078 2739 1147 quia
2790 1075 2997 1131 medela
3046 1075 3256 1131 sedabit
3287 1090 3414 1144 pec-

1822 1180 1941 1225 cata
1970 1186 2163 1239 magna
2189 1171 2291 1225 ²⁰.›

150 1272 332 1307 νατον.
374 1274 392 1307 ι
424 1257 797 1329 Παραιτητέον
840 1255 933 1313 οῦν
972 1257 1079 1329 ἄρα
1116 1259 1215 1323 τὰς
1278 1262 1453 1333 ἀρχὰς
1499 1264 1608 1317 τῶν
1653 1264 1860 1331 παθῶν,
1906 1269 2001 1321 καὶ
2063 1268 2132 1321 τὰ
2202 1270 2283 1332 εἰς
2314 1267 2439 1323 νοῦν
2473 1268 2687 1330 εἴδωλα,
2746 1268 2817 1322 τὰ
2844 1266 2931 1321 διὰ
2991 1265 3168 1337 μόνων
3194 1261 3416 1317 ἐννοιῶν

147 1349 496 1419 εἰστρέχοντα
552 1351 1044 1421 παρωσώμεθα,τδ
1106 1356 1492 1425 γεγραμμένον
1555 1357 1787 1420 εἰδότες*
1830 1378 1848 1411 ι
1904 1359 2031 1412 Ἐὰν
2085 1360 2305 1432 πνεῦμα
2350 1358 2446 1412 τοῦ
2508 1357 2912 1424 ἐξουσιάζοντος
2953 1356 3130 1426 ἀναϐῇ
3179 1354 3270 1408 ἐπὶ
3331 1353 3391 1407 at

147 1438 316 1491 τόπον
358 1457 451 1493 σου
482 1441 558 1512 μὴ
586 1443 731 1514 ἀφῇς
760 1462 772 1474 ο
798 1447 878 1498 ὅτι
901 1442 1038 1512 ῑαμα
1068 1445 1411 1498 καταπαύσει
1448 1447 1725 1518 ἁμαρτίας
1766 1450 2026 1519 μεγάλας.
2071 1468 2091 1501 ι

232 1532 384 1586 Ἰδοὺ
417 1532 494 1600 δὴ
546 1536 579 1587 ὀ
629 1535 929 1602 δεσπότης
968 1537 1182 1603 Κύριος
1228 1538 1469 1592 Σαϐαὼθ
1524 1539 1740 1606 ἀφελεῖ

148 1624 264 1677 ἀπὸ
279 1628 389 1690 τῆς
414 1623 730 1690 Ἰουδαίας,
750 1626 844 1678 καί
864 1626 981 1680 ἀπὸ
1006 1626 1402 1697 Ἰερουσαλὴμ
1420 1630 1731 1696 ἰσχύοντα,

148 1714 249 1767 καί
284 1714 646 1784 ἰσχύουσαν,
685 1716 866 1785 ἰσχὺν
898 1717 1098 1784 ἄρτου,
1132 1717 1231 1771 καί
1280 1717 1465 1786 ἰσχὺν
1490 1718 1731 1786 ὕδατος,

1906 1540 2037 1595 CAP.
2082 1541 2167 1604 Ill,
2204 1556 2353 1594 vsus.
2396 1540 2448 1603 l,
2484 1539 2538 1593 Ξ.
2582 1539 2714 1591 Erce
2765 1541 2940 1605 itaque
2978 1537 3277 1590 dominator
3314 1536 3418 1590 8:-

1843 1629 1998 1684 ιουιή
2053 1631 2255 1698 auferet
2296 1647 2327 1682 a
2371 1630 2563 1682 Judwa
2604 1640 2650 1681 et
2696 1629 2759 1681 ab
2804 1627 3096 1680 Jerusalem
3145 1629 3414 1680 robustum

1840 1730 1889 1774 et
1941 1724 2240 1787 robustam,
2281 1722 2441 1773 robur
2480 1722 2630 1786 panis
2664 1730 2713 1771 et
2748 1719 2907 1771 robur
2944 1734 3123 1784 aqum,
3155 1719 3416 1784 gigantem

149 1806 404 1873 γίγαντα
429 1805 527 1858 καί
558 1807 867 1875 ἰσχύοντα,
897 1806 996 1862 καί
1029 1807 1312 1876 ἄρχοντα,
1355 1808 1734 1878 πολεμιστὴν

1841 1821 1887 1865 et
1915 1816 2206 1877 robustum,
2236 1824 2282 1866 et
2315 1812 2601 1880 prinripem
2620 1847 2636 1874 ,
2666 1810 2965 1863 bellatorem
2992 1822 3037 1863 et
3053 1810 3311 1877 judicem.

152 1894 254 1949 καί
281 1892 597 1959 δικαστήν.

239 1984 588 2054 Ἀποχρῶσαν
617 1987 747 2056 ἡμῖν
781 1988 1143 2058 ποιησάμενος
1180 1988 1278 2059 τὴν
1306 1990 1603 2061 ἀφήγησιν,
1633 1991 1735 2063 τὴν

149 2077 245 2128 ἐπί
294 2092 357 2143 γε
401 2078 515 2139 τοῖς
560 2077 935 2149 ἀρχαιοτέροις
965 2079 1143 2132 αὐτῶν
1193 2080 1553 2151 ἐγκλήμασιν,
1601 2083 1733 2152 μεθ-

153 2163 330 2233 ίστησι
355 2164 515 2217 πάλιν
539 2166 632 2218 ἐπὶ
662 2167 854 2237 καιροῦ
882 2168 973 2221 τὸν
1006 2169 1163 2237 λόγον
1184 2170 1270 2223 ἐπ”
1295 2171 1392 2234 τὰς
1419 2170 1736 2235 τελευταίας

150 2255 332 2307 αὐτῶν
365 2255 668 2326 συμφορὰς,
699 2257 925 2321 δικαίως
959 2259 1433 2331 ύπομεμενηκόσιν
1462 2263 1735 2333 ἐμπαροι-

150 2346 416 2415 νήσαντες
442 2346 672 2409 ἀνοσίως
697 2350 777 2411 εἰς
819 2348 909 2402 τὸν
958 2349 1161 2419 Κύριον
1204 2352 1358 2421 ήμῶν
1398 2352 1604 2423 Ἰησοῦν
1645 2354 1736 2406 τὸν

151 2434 408 2505 Χριστόν.
447 2436 705 2502 Ἐπέταξε
742 2437 852 2510 γὰρ
899 2439 1082 2504 αὐτοῖς
1113 2442 1141 2492 6
1175 2440 1345 2513 θυμὸς
1383 2444 1606 2515 Κυρίου,
1641 2444 1738 2498 καὶ

154 2524 301 2593 μάλα
332 2524 557 2588 εἰκότως
576 2543 590 2556 ο
630 2527 967 2600 ἀνῃρηκότες
998 2529 1106 2599 γὰρ
1133 2531 1259 2592 τοὺς
1302 2533 1607 2601 προφήτας,
1645 2533 1739 2585 καὶ

149 2614 598 2685 λιθοϐολήσαντες
641 2619 766 2680 τοὺς
804 2620 1265 2690 ἀπεσταλμένους,
1298 2621 1418 2673 οὐδὲ
1450 2622 1610 2675 αὐτὸν
1655 2622 1740 2675 δε-

148 2705 505 2776 δυσώπηνται
543 2708 637 2761 τὸν
675 2708 825 2772 Υἱὸν,
865 2710 1217 2782 ἐπεπήδησαν
1251 2712 1308 2764 δὲ
1332 2713 1737 2782 θηριοπρεπῶς,

150 2799 246 2850 καὶ
276 2797 370 2850 τὸν
402 2799 645 2869 ἀρχηγὸν
686 2801 787 2870 τῆς
837 2800 1005 2872 ζωῆς,
1042 2801 1104 2855 τό
1146 2819 1209 2870 γε
1236 2798 1370 2874 ἧκον
1404 2804 1484 2867 είς
1523 2804 1739 2871 αὐτοὺς,

1905 1990 2044 2044 Cum
2090 1990 2208 2045 fuse
2258 1989 2391 2044 satis
2431 1997 2614 2043 vetera
2667 2000 2856 2042 eorum
2899 1988 3029 2041 vitia
3070 1986 3411 2054 exposuerit,

1835 2091 2134 2151 opportune
2188 2096 2376 2135 l'lll‘SllS
2439 2094 2743 2134 sermonem
2792 2079 2859 2132 ad
2903 2087 3179 2133 extremas
3223 2090 3414 2130 θοι-ιιιιι

1839 2170 2092 2226 miserias
2130 2168 2366 2224 traducit
2401 2187 2416 2223 :
2450 2183 2587 2237 quas
2622 2166 2675 2220 iu
2717 2165 2958 2220 omnium
3000 2173 3250 2219 nostrum
3288 2162 3419 2217 Ser-

1836 2272 2080 2317 valorem
2116 2262 2393 2316 Christum
2441 2259 2606 2329 impie
2640 2256 2993 2320 debaccliati,
3038 2256 3236 2310 merito
3283 2254 3414 2307 sub-

1838 2354 2079 2408 iverunt.
2125 2351 2338 2405 Effusus
2377 2358 2461 2404 est
2506 2349 2650 2402 enim
2705 2349 2757 2401 in
2808 2347 2927 2401 illos
2976 2346 3127 2399 furor
3177 2343 3414 2407 Domini,

1840 2445 2001 2513 idque
2039 2443 2358 2513 juStissime.
2406 2436 2646 2495 Sublatis
2677 2438 2883 2493 etenim
2917 2436 3216 2505 prophetis,
3249 2444 3304 2490 et
3333 2434 3414 2488 la-

1840 2537 2036 2607 pidatis
2086 2536 2304 2605 legatis,
2357 2550 2425 2589 ne
2479 2534 2651 2602 ipsum
2706 2530 2925 2601 quidem
2959 2529 3152 2585 Filium
3199 2527 3415 2583 reveriti

1841 2638 1996 2693 sunt,
2054 2628 2152 2683 sed
2191 2630 2364 2683 instar
2415 2626 2653 2680 ferarum
2704 2623 3076 2684 insultarunt,
3124 2629 3178 2675 et
3224 2623 3415 2674 ducem

1842 2723 1986 2787 vitat,
2018 2728 2277 2790 quantum
2321 2718 2375 2773 in
2429 2718 2561 2786 ipsis
2607 2724 2756 2780 erat,
2812 2712 2972 2767 morti
3024 2711 3416 2765 tradiderunt:

1849 2831 1868 2864 ι
1908 2811 2245 2876 Vinciamus,
2298 2809 2570 2878 inquiunt,
2602 2806 2833 2874 justum,
2873 2804 2998 2872 quia
3043 2803 3420 2857 incommodus

151 2888 371 2960 θανάτῳ
427 2891 884 2963 περιϐεϐλήκασι,
942 2894 1218 2963 λέγοντες
1274 2913 1292 2945 ι
1348 2895 1609 2966 Δήσωμεν
1653 2896 1736 2949 τὸν

1846 2902 2001 2958 nobis
2029 2911 2112 2955 est
2137 2901 2204 2955 ¹¹.
2243 2917 2263 2951 ι
2295 2897 2628 2954 Gravissima
2672 2896 2839 2966 igitur
2878 2895 2984 2949 illis
3012 2909 3077 2947 ex
3119 2892 3260 2945 bello
3293 2905 3421 2945 eve.

150 2981 381 3047 δῗκαιον,
426 2982 510 3035 ὅτι
564 2982 899 3055 δύσχρηστος
935 2987 1069 3055 ήμῖν
1108 2986 1243 3039 ἐστι.
1283 3006 1301 3038 ι
1334 2986 1599 3041 Πάνδεινα
1644 2986 1736 3057 μὲν

1846 2999 2061 3053 nerunt,
2099 2997 2152 3042 et
2180 2987 2363 3041 multis
2395 2985 2568 3040 modis
2598 2980 2903 3052 consumpti
2927 2990 3074 3045 sunt,
3094 2979 3200 3049 52
3224 2976 3419 3046 partim

151 3070 244 3126 οὖν
273 3076 422 3126 ἐστιν
453 3074 636 3138 αὐτοῖς
688 3075 757 3129 τὰ
808 3076 902 3129 τοῦ
935 3077 1176 3148 πολέμου
1230 3076 1614 3148 συμϐεϐηκότα
1650 3076 1743 3131 καὶ

1847 3082 1987 3136 fame
2034 3088 2197 3148 atque
2264 3077 2582 3141 obsidione,
2633 3083 2689 3130 et
2739 3074 2957 3128 flamma
3014 3083 3177 3140 atque
3232 3070 3417 3125 ferro:

154 3165 551 3235 δεδαπάνηνται
611 3164 986 3239 πολυτρόπως·
1055 3169 1213 3222 τοῦτο
1274 3169 1370 3239 μὲν
1451 3168 1597 3240 λιμῷ
1651 3170 1736 3223 καὶ

1848 3172 2043 3244 partim
2070 3169 2393 3225 feminarum
2420 3176 2474 3221 et
2501 3180 2791 3235 puerorum
2815 3162 3241 3233 captivitatibus.
3266 3160 3419 3227 Quod

155 3256 532 3327 πολιορκίαις,
593 3257 724 3326 πυρὶ
780 3258 873 3310 καὶ
908 3257 1138 3329 σιδήρῳ,
1202 3258 1359 3311 τοῦτο
1396 3259 1453 3312 δὲ
1502 3260 1740 3328 γυναίων

155 3362 212 3396 τε
241 3349 335 3400 καὶ
363 3346 571 3399 παίδων
601 3347 1076 3418 ἀνδραποδισμοῖς.
1106 3350 1226 3401 Ὅτι
1259 3349 1314 3402 δὲ
1345 3351 1437 3403 καὶ
1462 3350 1569 3404 τῶν
1596 3349 1739 3403 ἄνω-

159 3436 249 3488 θεν
280 3436 378 3488 καὶ
412 3436 562 3507 παρὰ
592 3437 726 3491 Θεοῦ
754 3439 1109 3508 χαρισμάτων
1134 3441 1456 3510 νενοσήκασι
1478 3443 1577 3512 τὴν
1606 3442 1741 3493 ἀπο-

158 3528 341 3599 ϐολὴν,
378 3529 473 3581 καὶ
496 3528 604 3582 τῶν
636 3530 713 3592 εἰς
749 3528 871 3581 νοῦν
903 3530 996 3581 καὶ
1030 3529 1208 3601 ψυχὴν
1238 3531 1456 3599 ἀγαθῶν
1483 3530 1739 3602 ἐστέρηνο

159 3640 269 3685 ται,
300 3623 539 3676 διδάσκει
565 3622 737 3691 λέγων
760 3638 775 3653 ο
809 3640 827 3674 ι
871 3623 1002 3676 ’ἰδοὺ
1033 3623 1095 3694 δὴ
1127 3624 1154 3674 6
1183 3623 1464 3693 Δεσπότης
1490 3622 1737 3687 Σαϐαὼθ,

160 3712 349 3781 ἀφελεῖ
372 3714 483 3767 ἀπὸ
525 3713 625 3784 τῆς
661 3712 916 3776 Ἰουδαίας
957 3712 1050 3765 καὶ
1087 3713 1441 3784 Ἰερουσαλὴμ
1490 3713 1743 3783 ἰσχύοντα

161 3805 255 3856 καὶ
288 3804 595 3873 ἰσχύουσαν.
635 3823 653 3853 ι
687 3804 795 3856 Καὶ
816 3804 844 3854 6
864 3803 1017 3871 λόγος
1037 3802 1112 3873 τῷ
1144 3804 1393 3874 προφήτῃ
1416 3802 1510 3856 νῦν
1530 3804 1591 3856 ού
1613 3805 1741 3873 περὶ

161 3895 482 3964 σωματικῆς
543 3894 752 3963 ἰσχύος·
790 3892 984 3965 εὔηθες
1034 3893 1142 3966 γὰρ
1166 3895 1222 3947 τί·
1251 3888 1355 3947 ὧδε
1412 3896 1573 3947 νοεῖν·
1616 3895 1743 3963 περὶ

158 3986 361 4055 νοητῆς
396 3985 452 4037 δὲ
490 3985 707 4054 μᾶλλον,
748 3986 843 4039 καὶ
876 3985 976 4055 τῆς
1008 3986 1087 4048 εἰς
1113 3985 1235 4039 νοῦν
1268 3986 1361 4039 καὶ
1398 3985 1643 4056 καρδίαν,
1673 3985 1739 4038 δι’

157 4071 229 4142 ἧς
273 4075 563 4145 εἰθίσμεθα
609 4077 904 4147 κατορθοῦν
949 4078 1170 4146 ἀρετήν.
1214 4076 1577 4148 Στρατεύεται
1640 4077 1742 4148 μὲν

159 4168 269 4237 γὰρ
296 4171 330 4237 ή
366 4166 505 4237 σὰρξ
535 4168 675 4221 κατὰ
701 4167 796 4221 τοῦ
828 4167 1157 4237 πνεύματος,
1189 4168 1249 4220 τὸ
1280 4167 1334 4220 δὲ
1363 4168 1578 4238 πνεῦμα
1601 4168 1742 4221 κατά

160 4258 257 4328 τῆς
285 4259 512 4329 σαρκός.
545 4257 730 4312 Ταῦτα
754 4259 862 4332 γὰρ
916 4260 1216 4312 ἀντίκειται
1263 4259 1545 4328 ἀλλήλοις
1594 4259 1743 4312 πλεῖ-

164 4363 285 4400 σται
316 4343 375 4402 δὲ
412 4348 537 4402 ὅσαι
571 4350 833 4419 κοσμικαὶ
860 4349 953 4401 καὶ
975 4346 1288 4417 ιάκάθαρτοι
1334 4348 1424 4400 τὸν
1462 4346 1739 4418 ἀνθρώπι-

162 4456 249 4491 νον
298 4439 425 4494 νοῦν
487 4439 817 4493 διακυκῶσιν
861 4440 1076 4510 ἡδοναὶ,
1140 4439 1547 4510 καταφέρουσαι
1605 4438 1740 4507 πρὸς

1847 3265 2011 3319 etiam
2040 3274 2397 3329 supernorum
2423 3268 2478 3314 ct
2500 3258 2806 3313 divinorum
2834 3258 3099 3311 donorum
3128 3253 3422 3309 amissione

1846 3355 2051 3417 amicti,
2082 3362 2138 3409 et
2177 3352 2376 3407 mentis
2425 3352 2697 3420 animique
2750 3350 2906 3404 bonis
2967 3348 3139 3403 orbati
3196 3346 3419 3408 fuerint,

1848 3448 2007 3501 docet
2042 3445 2122 3500 liis
2155 3442 2339 3498 verbis
2373 3459 2387 3498 :
2422 3460 2441 3494 ι
2486 3442 2623 3496 Ecce
2667 3443 2973 3496 dominator
3018 3437 3274 3493 Dominus
3316 3437 3418 3489 Sa-

1847 3536 2009 3591 baoth
2061 3534 2275 3590 auferet
2319 3548 2349 3587 a
2385 3532 2569 3588 Iudaea
2600 3540 2657 3586 et
2689 3529 2991 3586 Jerusalem
3039 3530 3317 3583 robustum
3365 3536 3420 3580 et

1847 3629 2143 3684 robustam.
2176 3644 2197 3679 ι
2227 3624 2494 3695 Loquitur
2520 3633 2700 3680 autem
2729 3637 2872 3677 nunc
2903 3621 3188 3692 propheta,
3220 3634 3325 3673 non
3354 3620 3421 3672 de

1848 3731 2101 3786 corporea
2148 3716 2467 3771 fortitudine
2512 3715 2634 3784 (est
2687 3714 2833 3768 enim
2883 3712 3123 3780 ineptum
3195 3712 3296 3764 hoc
3341 3710 3420 3764 sic

1850 3808 2195 3878 intelligere),
2227 3807 2320 3863 sed
2347 3807 2416 3862 de
2447 3821 2510 3861 ea
2534 3807 2715 3874 potius
2737 3819 2857 3873 quae
2883 3804 2981 3858 sub
3004 3800 3416 3871 intelligentiam

1852 3898 2032 3962 venit,
2069 3912 2186 3965 qua
2224 3897 2291 3967 ad
2329 3905 2565 3950 mentem
2603 3904 2656 3948 et
2685 3909 2781 3948 cor
2825 3892 3098 3962 pertinet:
3124 3906 3227 3960 qua
3274 3899 3421 3943 recte

1847 3990 2100 4044 virtutem
2135 4002 2389 4043 exercere
2414 3985 2831 4049 consuevimus;
2868 3991 3073 4052 pugnat
3106 3980 3250 4034 enim
3292 3993 3423 4033 caro

1848 4088 2035 4133 contra
2081 4079 2363 4147 spiritum,
2400 4086 2455 4132 et
2501 4076 2725 4146 spiritus
2764 4084 2955 4129 contra
3005 4084 3221 4126 carnem
3255 4088 3268 4125 :
3306 4070 3421 4125 haac

1849 4185 2081 4238 namque
2127 4171 2388 4225 dissident
2444 4170 2587 4223 inter
2622 4182 2712 4234 se,
2758 4176 2813 4221 et
2856 4165 3100 4235 plurimze
3136 4161 3422 4217 mundana:

1849 4275 1911 4316 ac
1940 4259 2229 4315 immunda:
2262 4261 2567 4330 voluptates
2604 4260 2900 4314 humanam
2944 4266 3179 4312 mentem
3209 4256 3423 4311 demer-

1849 4360 1999 4420 gunt,
2031 4361 2085 4405 et
2114 4352 2179 4404 ad
2210 4361 2429 4420 peccata
2474 4350 2772 4420 abripiunt.
2805 4348 2953 4418 Opus
2993 4349 3156 4417 igitur
3186 4356 3271 4403 est
3311 4346 3422 4401 for-

1851 4442 2082 4496 titudine
2105 4459 2223 4511 «tua:
2245 4459 2276 4498 e
2304 4443 2554 4512 supernis
2584 4443 2730 4497 venit
2760 4449 2813 4495 et
2844 4456 2873 4493 a
2903 4441 3033 4495 Deo.
3059 4440 3151 4495 Sic
3172 4438 3421 4493 videlicet

163 4530 459 4599 ἁμαρτίας.
493 4530 666 4600 Χρεία
692 4530 868 4583 τοίνυν
904 4531 1084 4601 ἰσχύος
1111 4531 1208 4600 τῆς
1243 4530 1449 4583 ἄνωθεν
1475 4529 1566 4582 καὶ
1591 4528 1736 4599 παρὰ

1847 4534 2036 4586 evadet
2061 4534 2327 4600 quispiam
2351 4533 2616 4601 superior,
2650 4533 2813 4600 idque
2833 4533 2944 4597 vix,
2969 4548 3031 4586 ac
3056 4546 3175 4585 cunt
3199 4530 3418 4592 vicerit,

162 4619 313 4673 Θεοῦ.
351 4618 647 4690 Περιέσται
677 4619 784 4690 γάρ
827 4618 1000 4681 οὕτως
1034 4637 1117 4682 τις
1145 4620 1236 4671 καὶ
1271 4619 1442 4689 μόλις,
1493 4620 1587 4671 καὶ
1620 4636 1744 4671 στε-

164 4710 420 4778 φανοῦται
472 4711 728 4782 κρατῶνο
762 4710 1074 4781 ἀφηρῇσθαι
1120 4710 1177 4762 δὲ
1231 4711 1386 4763 τοῦτό
1425 4727 1588 4779 φησιν
1635 4712 1743 4764 ἀπὸ

164 4800 267 4853 τῶν
301 4801 576 4854 Ἰουδαίων
594 4840 609 4864 ,
638 4802 731 4853 καὶ
760 4800 898 4853 αὐτὰ
931 4800 1113 4871 βοήσει
1142 4799 1211 4853 τὰ
1245 4802 1559 4872 πράγματα.
1586 4804 1743 4865 Ποῖος

164 4893 267 4962 γὰρ
301 4892 378 4946 ἐτι
424 4891 587 4960 λόγος
618 4892 735 4945 ἐστὶ
782 4892 909 4963 παρ’
937 4893 1120 4955 αὐτοῖς
1151 4891 1243 4945 τοῦ
1280 4892 1580 4964 κατορθοῦν
1617 4894 1744 4963 ἀρε-

163 4984 359 5055 τήνςή
402 4985 493 5047 τίς
524 4986 552 5037 6
584 4983 865 5052 εὐδόκιμος
908 4984 1003 5036 καὶ
1044 4984 1461 5038 ἀντανίστασθαι
1508 4985 1739 5055 μεμελε-

162 5072 339 5144 τηκὼς
363 5078 480 5139 τοῖς
516 5073 711 5127 πάθεσι
760 5075 861 5144 τῆς
898 5075 1118 5146 σαρκὸς,
1162 5076 1327 5145 ἤγουν
1358 5078 1476 5137 ταῖς
1534 5075 1744 5144 ἐφόδοις

162 5164 266 5215 τῶν
285 5165 537 5219 ἐκτόπων
562 5165 797 5235 ήδονῶν;
822 5167 1111 5237 Πρόκειται
1139 5166 1245 5235 γὰρ
1274 5165 1461 5236 ὥσπερ
1490 5167 1746 5220 ἁπάντων

163 5256 190 5306 6
218 5256 341 5322 νοῦς
363 5258 438 5321 ὡς
471 5257 714 5311 σευτλίον
744 5258 1028 5328 ήμίεφθον,
1051 5258 1195 5311 κατά
1219 5258 1319 5325 τὴν
1343 5257 1435 5310 τοῦ
1465 5260 1744 5328 προφήτου

166 5346 364 5416 φωνήν.
410 5347 485 5399 Οὐ
513 5345 619 5415 γὰρ
666 5345 887 5399 δύναται
915 5346 1130 5412 λέγειν’
1169 5364 1187 5397 ι
1234 5346 1417 5399 Πάντα
1472 5348 1639 5416 ἰσχύω
1688 5348 1746 5398 ἐν

165 5432 238 5500 τῷ
284 5434 675 5507 ἐνδυναμοῦντί
730 5452 797 5505 με
844 5435 1081 5506 Χριστῷ.
1126 5455 1145 5487 ι
1188 5434 1486 5507 Ἀφῄρηται
1539 5436 1595 5488 δὲ
1643 5437 1739 5489 ἀπ’

168 5524 339 5578 αὐτῶν
384 5528 541 5598 ἰσχὺς
578 5527 743 5597 ἄρτου
781 5529 876 5581 καί.
913 5528 1065 5597 ἰσχὺς
1094 5525 1304 5589 ὕδατος*
1350 5525 1516 5598 ἄρτου
1545 5527 1602 5580 δὲ
1634 5528 1739 5583 πά-

170 5610 249 5666 λιν
291 5616 390 5670 ούκ
436 5616 722 5689 αἰσθητοῦ,
760 5618 873 5671 ἀλλ’
914 5619 1035 5671 οὐδὲ
1065 5617 1271 5673 ὑδάτων
1309 5619 1419 5673 τῶν
1462 5619 1521 5672 ἐν
1570 5637 1737 5675 κατα-

1845 4634 2158 4679 coronatur.
2207 4622 2358 4678 Hunc
2403 4633 2581 4677 autem
2623 4622 2913 4675 tollendam
2954 4637 2983 4674 a
3026 4621 3226 4676 Judaais
3264 4619 3418 4682 dicit,

1846 4713 1988 4781 quod
2010 4712 2172 4766 etiam
2202 4728 2289 4766 res
2320 4713 2447 4781 ipsa:
2473 4712 2847 4766 clamitabunt.
2868 4710 2999 4777 Quae
3026 4719 3107 4765 est
3137 4710 3278 4764 enim
3304 4708 3418 4777 jam

1844 4805 2020 4859 oratio
2056 4804 2193 4873 apud
2225 4819 2319 4857 eos
2353 4804 2421 4859 de
2458 4805 2760 4859 exercenda
2795 4803 3031 4857 virtute?
3069 4800 3149 4855 vel
3180 4801 3305 4872 quis
3334 4811 3420 4856 est

1844 4911 2005 4965 quem
2052 4895 2299 4952 laudibus
2327 4911 2527 4951 ornare
2554 4896 2768 4965 possis?
2801 4895 2934 4963 Quis
2974 4895 3197 4949 affectus
3239 4893 3420 4948 carnis

1849 4988 2143 5056 reprimere
2194 4990 2416 5054 studet,
2460 4997 2554 5042 aut
2600 4998 3026 5043 monstrosarum
3086 4987 3417 5056 voluptatum

1842 5078 2116 5132 assultus?
2142 5080 2397 5149 Exposita
2424 5081 2622 5134 etenim
2650 5092 2729 5135 est
2757 5089 2813 5134 et
2838 5080 3127 5149 prostituta
3156 5080 3420 5149 quodam-

1843 5169 2002 5221 modo
2030 5169 2271 5222 omnium
2304 5184 2457 5224 mens
2486 5178 2744 5238 tanquam
2777 5171 2897 5225 beta
2935 5171 3417 5239 semicocta,juxta

1843 5258 2121 5327 prophetae
2149 5274 2357 5315 vocem.
2384 5259 2499 5313 Non
2522 5260 2665 5314 enim
2701 5271 2876 5330 potest
2908 5261 3088 5315 dicere
3115 5279 3129 5315 :
3164 5280 3183 5312 ι
3222 5259 3414 5316 Omnia

1844 5364 2062 5420 possum
2089 5352 2139 5405 in
2164 5366 2228 5406 eo
2251 5351 2340 5420 qui
2371 5366 2456 5405 me
2476 5350 2749 5406 confortat
2766 5352 2983 5409 Christo
3007 5355 3074 5406 ".
3109 5371 3129 5405 ι
3157 5352 3416 5407 Aufertur

1846 5444 2007 5497 etiam
2052 5445 2120 5500 ab
2161 5444 2270 5500 illis
2308 5445 2565 5500 fortitudo
2612 5446 2765 5515 panis
2809 5454 2864 5500 et
2911 5444 3172 5500 fortitudo
3216 5459 3412 5513 aquae:

1846 5534 1999 5602 panis
2048 5550 2235 5590 rursus
2287 5552 2391 5593 non
2440 5538 2741 5602 sensibilis,
2778 5552 2876 5592 nec
2912 5552 3171 5607 aquarum
3215 5537 3266 5590 in
3312 5549 3414 5588 usu

1844 5623 2115 5678 communi
2150 5625 2450 5694 positarum
2484 5645 2496 5683 :
2527 5628 2619 5684 sed
2651 5626 2767 5698 ejus
2801 5627 2981 5683 verius
3007 5627 3073 5682 de
3103 5639 3211 5696 quo
3247 5619 3413 5676 David

248 5767 287 5802 "
306 5769 419 5827 Jac.
445 5788 486 5838 ι,
519 5772 716 5843 14,ξ15.
794 5770 838 5805 ⁸ο
861 5771 1037 5831 Ecclc.
1066 5788 1117 5840 χ,
1139 5772 1187 5827 4.
1262 5773 1307 5807 ³⁸
1336 5773 1461 5845 Sap.
1506 5787 1568 5841 ιι,
1604 5774 1689 5829 12.

1841 5775 2071 5848 Philipp.
2102 5792 2179 5848 tv,
2208 5779 2290 5837 l3.
