4178 6548
751 385 824 441 95
1772 383 1829 436 S.
1872 379 2145 436 CYlilLLl
2184 380 2657 436 ALEXANDRINI
2694 382 3012 437 ARCHIEP.
3960 377 4031 431 96

758 501 833 554 ait
868 518 881 553 :
922 516 941 549 ι
984 498 1180 550 Panem
1238 496 1361 549 cmli
1412 496 1560 550 dedit
1600 495 1737 561 illis,
1774 511 1966 565 panem
2014 495 2326 565 angelorum

2439 499 2626 565 χρήσει
2669 498 2855 566 κοινῇ·
2900 495 3109 548 ἐκείνου
3147 492 3206 546 δὲ
3255 491 3456 562 μᾶλλον
3503 494 3631 561 περὶ
3671 486 3732 545 οὗ
3767 507 3953 561 φησιν
4004 494 4030 543 ὁ

758 588 1097 643 manducavit
1132 586 1294 640 homo
1319 584 1386 639 ”.
1420 604 1438 636 »
1475 586 1657 653 Aquas
1698 587 1824 641 item
1861 602 2169 642 memorare
2197 604 2322 643 eum

2424 587 2591 640 Aa6l5
2609 603 2623 617 ·
2665 606 2683 637 ι
2712 588 2908 656 Ἀρτον
2936 585 3165 657 ούρανοῦ
3199 585 3396 638 ἔδωκεν
3419 583 3621 646 αὐτοῖς·
3649 584 3814 653 ἄρτον
3844 583 4028 651 ἀγγέ-

754 676 1008 741 dirimus,
1036 689 1156 744 quae
1187 675 1381 728 mentis
1410 682 1536 728 sunt
1579 688 1629 731 et
1669 675 2061 745 intelligentiae,
2092 694 2323 747 quarmn

2439 681 2533 730 λων
2572 676 2773 745 ἔφαγεν
2802 675 3107 747 ἄνθρωπος.
3142 695 3161 728 ι
3200 674 3437 728 Ὑδάτων
3478 673 3534 726 δὲ
3566 671 3875 743 μεμνῆσθαί
3912 690 4024 740 φα-

758 769 984 837 ipsemet
1015 768 1272 836 pr0pheta
1329 767 1495 822 Isaias
1542 769 1785 823 meminit
1854 787 1917 823 τι
1965 770 2029 824 Et
2061 772 2326 827 haurietis

754 871 951 926 aquam
984 872 1109 911 cum
1146 857 1339 925 gaudio
1373 857 1438 912 de
1483 857 1723 914 fontibus
1761 859 2062 916 Salvatoris
2094 863 2159 914 “.
2195 882 2213 914 I
2261 864 2328 918 Et

757 963 920 1017 porro
968 948 1083 1013 ipse
1128 945 1389 1001 Servator
1422 964 1437 1002 :
1473 965 1490 997 ι
1524 947 1713 1004 Omnis
1752 952 1841 1017 qui
1892 951 2026 1005 bibit
2069 966 2136 1005 ex
2190 968 2326 1022 aqua

759 1037 885 1104 hac,
914 1038 1060 1092 sitiet
1093 1037 1285 1091 iterum
1312 1054 1328 1092 :
1360 1039 1450 1107 qui
1483 1049 1660 1095 autem
1693 1041 1887 1095 biberit
1910 1057 1975 1097 ex
2000 1058 2139 1111 aqua
2165 1059 2325 1112 quam

760 1142 860 1195 ego
899 1127 1038 1180 dabo
1084 1126 1190 1191 illi,
1231 1128 1337 1180 erit
1386 1128 1437 1181 in
1486 1128 1578 1182 illo
1623 1128 1741 1183 fons
1790 1147 1940 1200 aqn:c
1982 1134 2227 1189 salientis
2276 1136 2328 1189 in

761 1216 929 1269 vitam
981 1226 1237 1271 :eternam
1269 1218 1336 1272 “.
1388 1237 1406 1270 ι
1456 1219 1721 1275 Cmterum
1769 1222 2057 1291 diligenter
2100 1226 2329 1280 observa

763 1307 926 1362 verba
965 1310 1256 1378 prophetae.
1302 1309 1419 1364 Non
1452 1311 1595 1365 enim
1623 1312 1762 1365 dixit
1793 1314 2114 1384 simpliciter
2146 1317 2328 1370 subla-

765 1408 880 1452 tnnt
913 1400 975 1453 iri
1006 1416 1034 1452 a
1065 1398 1267 1454 Iudaeis
1310 1415 1501 1471 panem
1527 1412 1580 1457 et
1605 1418 1825 1472 aquam,
1861 1407 1953 1459 sed
1987 1408 2149 1461 robur
2178 1409 2333 1477 panis

762 1501 819 1545 et
850 1492 1012 1546 robur
1036 1508 1211 1561 aquae.
1237 1492 1514 1563 Siquidem
1548 1509 1647 1548 nos
1682 1496 1785 1549 hoc
1813 1497 2008 1552 docere
2039 1500 2171 1552 vult.
2196 1498 2329 1554 Nam

763 1583 855 1649 qui
889 1598 1072 1638 sacros
1099 1598 1376 1638 sermones
1406 1595 1460 1638 et
1494 1584 1702 1640 divinas
1733 1586 2046 1656 Scripturas
2081 1590 2332 1660 legimus,

764 1687 964 1741 easque
1002 1670 1371 1745 intelligimus,
1405 1677 1569 1731 robur
1607 1678 1784 1746 panis,
1832 1680 2096 1748 spiritalis
2126 1683 2333 1751 accipi-

767 1777 907 1816 mus.
948 1781 967 1813 ι
1020 1762 1134 1817 Non
1185 1766 1351 1829 cnim,
1387 1785 1406 1817 ι
1457 1767 1653 1836 inquit,
1691 1787 1709 1819 ι
1751 1769 1803 1822 in
1842 1769 1957 1824 solo
2000 1785 2138 1839 pane
2190 1772 2335 1828 vivet

2427 781 2529 835 μεν
2555 766 2715 819 αὑτὸν
2763 765 2870 818 τῶν
2904 763 3132 834 νοητῶν,
3162 764 3292 835 περί
3322 757 3396 816 ὧν
3430 762 3593 824 αὐτός
3640 760 3740 814 πού
3776 777 3957 830 φησιν
3999 764 4023 813 ό

2425 858 2713 927 προφήτης
2744 856 3007 919 Ἡσαΐας·
3046 875 3064 906 ι
3102 856 3212 909 Καὶ
3253 855 3543 925 ἀντλήσετε
3587 853 3730 924 ὕδωρ
3764 854 3884 924 μετ’
3924 854 4024 905 εύ-

2427 947 2701 1019 φροσύνης
2727 948 2790 998 ὲκ
2820 945 2926 999 τῶν
2956 945 3146 1017 πηγῶν
3174 945 3267 998 τοῦ
3297 946 3565 1015 Σωτῆρος.
3599 963 3619 996 ι
3652 943 3760 996 Καὶ
3786 942 3895 1014 μὴν
3923 944 4024 995 καὶ

2427 1038 2590 1101 αὐτὸς
2614 1038 2642 1089 6
2670 1039 2860 1107 Σωτήρ
2881 1053 2894 1067 ·
2932 1055 2951 1087 ι
2993 1038 3104 1100 Πᾶς
3135 1037 3163 1088 ὀ
3190 1037 3357 1091 πίνων
3392 1038 3458 1089 ὲκ
3478 1034 3573 1089 τοῦ
3596 1035 3783 1097 ὓδατος
3814 1033 4023 1085 τούτου

2427 1127 2642 1201 διψήσει
2693 1128 2871 1181 πάλιν*
2913 1128 2941 1181 ὃ
2971 1131 3014 1183 δ’
3048 1129 3114 1183 ἂν
3164 1128 3261 1201 πίῃ
3298 1129 3362 1180 ὲκ
3402 1127 3495 1180 τοῦ
3543 1127 3751 1191 ὕδατος,
3784 1121 3849 1179 οὗ
3902 1126 4023 1193 ἐγὼ

2429 1220 2584 1275 δώσω
2616 1220 2787 1292 αύτῷ,
2838 1222 3126 1291 γενήσεται
3162 1221 3218 1273 ὲν
3251 1218 3400 1289 αὐτῷ
3443 1218 3596 1289 πηγὴ
3626 1217 3813 1279 ὓδατος
3854 1216 4021 1269 ἄλλοι

2436 1314 2596 1385 μένου
2617 1315 2696 1376 εἰς
2724 1314 2867 1384 ζωὴν
2893 1312 3125 1366 αἰώνιον.
3162 1330 3181 1363 ›
3207 1311 3371 1374 Σύνες
3403 1311 3461 1365 δὲ
3497 1309 3737 1381 ἀκριϐῶς
3766 1310 3871 1371 τάς
3918 1307 4017 1360 τοῦ

2434 1406 2710 1476 προφήτου
2746 1404 2945 1472 φωνάς.
3003 1405 3076 1458 Οὐ
3105 1403 3214 1473 γὰρ
3248 1403 3467 1475 εἴρηκεν
3508 1401 3691 1463 ἁπλῶς
3727 1400 3837 1452 τῶν
3882 1400 4021 1471 ζιου-

2432 1498 2596 1551 δαίων
2628 1495 3084 1567 ἀφαιρεθήσεσθαι
3110 1497 3271 1568 ἄρτον
3297 1512 3356 1548 τε
3403 1494 3498 1548 καὶ
3524 1494 3685 1563 ὕδωρ,
3710 1491 3823 1545 ἀλλ’
3862 1493 4019 1559 ἰσχὺν

2434 1591 2598 1660 ἄρτου
2624 1589 2716 1641 καί
2742 1590 2891 1657 ἰσχὺν
2918 1586 3127 1651 ὓδατος.
3159 1590 3266 1642 Καὶ
3285 1588 3363 1640 δεῖ
3387 1588 3535 1657 ἡμᾶς
3553 1584 3793 1638 τοιοῦτόν
3819 1602 3873 1637 τι
3904 1584 4019 1653 βού·

2434 1677 2622 1731 λεσθαι
2658 1678 2931 1731 διδάσκειν
2978 1677 3160 1733 αὐτόν.
3197 1678 3386 1749 Ἡμεῖς
3419 1676 3517 1747 μὲν
3546 1674 3652 1746 γὰρ
3701 1678 3814 1736 τοῖς
3850 1675 4019 1743 ἱεροῖς

2438 1765 2925 1836 περιτυγχάνοντες
2951 1765 3148 1834 λόγοις,
3180 1767 3274 1820 καὶ
3300 1766 3397 1830 τὰς
3428 1765 3579 1829 θείας
3617 1762 4020 1833 ἀναγινώσκον-

765 1852 945 1916 homo,
972 1855 1065 1909 sed
1096 1857 1147 1908 in
1172 1858 1314 1909 omni
1341 1860 1503 1913 verbo
1526 1860 1669 1927 quod
1693 1861 1868 1928 prodit
1895 1877 1960 1916 ex
1982 1879 2079 1919 ore
2103 1863 2195 1923 Dei
2218 1866 2283 1919 ".
2310 1886 2329 1918 ι

2439 1873 2525 1920 τες
2564 1856 2822 1928 Γραφάς,
2876 1854 2993 1911 εἶτα
3057 1859 3328 1921 συνιέντες
3385 1858 3573 1921 αύτάς,
3638 1858 3789 1927 ἰσχὺν
3848 1858 4018 1926 ἄρτον

765 1942 1075 2016 Eodemque
1104 1947 1210 2018 53
1251 1949 1408 2003 modo
1453 1952 1716 2023 intelliges
1765 1956 1830 2008 de
1867 1956 2023 2024 aquis
2052 1973 2172 2026 qua:
2210 1960 2337 2014 sub-

762 2035 921 2103 jecta:
976 2048 1099 2092 sunt
1150 2039 1470 2094 intellectui.
1528 2039 1697 2096 Judaei
1762 2044 1979 2112 quidem
2036 2060 2230 2115 panem
2284 2058 2339 2103 et

766 2142 964 2196 aquam
1003 2129 1294 2183 etiamnum
1329 2130 1546 2187 habent.
1574 2132 1796 2187 Multum
1828 2136 1971 2189 enim
2001 2149 2340 2206 occupantur

767 2218 821 2271 in
876 2218 1067 2273 litteris
1093 2220 1359 2287 Mosaicis,
1403 2232 1457 2276 et
1501 2223 1684 2293 legunt
1734 2226 1923 2295 legem.
1974 2228 2109 2283 Cum
2158 2240 2336 2286 autem

766 2308 904 2362 nihil
946 2310 1151 2373 sciant,
1189 2327 1528 2381 nequaquam
1568 2315 1768 2371 habent
1812 2316 1980 2371 robur
2011 2319 2198 2387 panis,
2240 2337 2339 2377 nec

762 2400 929 2455 etiam
977 2402 1141 2456 mbur
1178 2418 1348 2472 aqua).
1397 2403 1549 2459 Nuda
1583 2407 1725 2460 enim
1758 2418 1808 2460 et
1855 2408 1965 2462 sola
2011 2409 2190 2465 littera
2234 2412 2339 2467 illis

764 2492 891 2546 data
916 2502 1021 2560 est,
1054 2509 1174 2563 qua:
1200 2497 1352 2564 panis
1379 2498 1594 2565 quidem
1626 2507 1679 2553 et
1712 2514 1867 2567 aqnze
1893 2503 2125 2569 speciem
2152 2503 2335 2570 habet,

762 2584 990 2638 minime
1018 2594 1195 2641 tamen
1217 2602 1311 2641 eos
1332 2588 1443 2641 ullo
1471 2589 1628 2642 modo
1648 2592 1851 2643 enutrit
1878 2593 1942 2643 ad
1970 2591 2336 2647 habitudinem

766 2690 833 2731 ac
892 2680 1279 2747 vegetationem
1331 2681 1681 2748 spiritualem.
1749 2681 2149 2750 Astipulabitur
2214 2684 2339 2739 huic

766 2768 998 2834 Paulus,
1051 2770 1345 2825 scribens:
1389 2789 1408 2821 ι
1450 2770 1633 2840 Usque
1684 2772 1752 2826 ad
1802 2772 2125 2828 hodiernum
2173 2774 2335 2839 diem,

758 2861 979 2931 quando
1010 2861 1205 2931 legitur
1234 2860 1465 2933 Moyses,
1502 2864 1676 2919 velum
1705 2864 1850 2919 cordi
1883 2880 2069 2919 eorum
2102 2867 2337 2936 imponi-

764 2964 878 3017 tur,
924 2968 1034 3007 non
1082 2961 1383 3018 retectum,
1425 2955 1551 3023 quia
1599 2954 1650 3008 in
1697 2955 1913 3012 Christo
1962 2956 2167 3010 tollitur
2209 2957 2275 3011 ’⁷.
2313 2976 2333 3010 ι

764 3043 939 3098 Aliter
980 3044 1105 3097 item
1162 3044 1472 3097 submoveri
1519 3044 1745 3099 dicimus
1794 3061 1865 3101 ex
1914 3046 2196 3116 Synagoga
2241 3046 2337 3102 Ju-

764 3133 1008 3187 datorum
1044 3134 1209 3188 robur
1234 3134 1388 3202 panis
1417 3146 1465 3189 et
1509 3139 1671 3187 robur
1705 3151 1878 3203 aquai.
1927 3136 1992 3191 Et
2034 3152 2218 3191 sermo
2258 3148 2341 3193 est

2439 1946 2630 2018 νοητοῦ
2664 1946 2947 2017 δεχόμεθα.
2991 1967 3008 2000 ι
3044 1949 3116 2001 Οὐ
3151 1948 3259 2019 γὰρ
3289 1948 3373 2003 ἐπ’
3407 1948 3559 2019 ἄρτῳ
3603 1947 3771 2018 μόνῳ,
3807 1965 3825 1998 ι
3861 1948 4017 2015 φησὶ,

2445 2055 2463 2087 ε
2505 2036 2728 2107 ζήσεται
2771 2036 3075 2107 ἄνθρωπος,
3110 2038 3223 2091 ἀλλ’
3266 2039 3359 2092 ἐπὶ
3392 2039 3557 2093 παντὶ
3604 2039 3807 2109 ῥήματι
3852 2038 4022 2088 ἐκπο-

2442 2129 2718 2200 ρευομένῳ
2739 2130 2824 2184 διὰ
2864 2130 3129 2202 στόματος
3156 2130 3250 2184 τοῦ
3284 2130 3441 2185 Θεοῦ.
3474 2150 3493 2183 ι
3538 2130 3768 2201 Ὁμοίως
3802 2130 4020 2199 νοήσεις

2439 2222 2533 2274 καὶ
2558 2222 2642 2291 ἐφ’
2683 2221 2888 2275 ὑδάτων
2915 2222 3139 2291 νοητῶν.
3182 2223 3425 2276 Ἰουδαῖοί
3467 2239 3531 2291 γε
3571 2223 3677 2293 μὴν
3709 2222 3897 2291 ἔχουσι
3925 2222 4019 2290 μὲν

2438 2312 2529 2364 τδν
2551 2313 2713 2382 ἄρτον
2746 2312 2841 2365 καὶ
2868 2312 2928 2365 τὸ
2962 2312 3107 2385 ὔδωρ
3140 2312 3242 2368 ἔτι.
3278 2311 3799 2384 Πολυπραγμονοῦσι
3825 2312 3938 2383 γὰρ
3959 2312 4023 2363 τὰ
4100 2326 4103 2379 ι

2439 2404 2682 2467 Μωσέως
2723 2406 3048 2475 γράμματα,
3098 2406 3191 2459 καὶ
3232 2404 3661 2474 ἀναγινώσκουσι
3704 2404 3795 2456 τὸν
3834 2404 4018 2472 νόμον.
4100 2394 4109 2463 ζξ

2453 2488 2668 2560 Ἐπειδὴ
2703 2489 2760 2543 δὲ
2796 2491 3156 2559 γινώσκουσιν
3181 2493 3354 2559 οὐδὲν,
3386 2493 3485 2547 οὐκ
3514 2492 3696 2564 ἔχουσι
3722 2492 3821 2561 τὴν
3867 2492 4019 2561 ἰσχυν

2438 2577 2531 2629 τοῦ
2562 2579 2746 2646 ἄρτου,
2773 2579 2897 2633 οὔτε
2923 2581 3027 2651 μὴν
3050 2583 3148 2653 τὴν
3176 2584 3327 2653 ἰσχὺν
3358 2581 3452 2635 τοῦ
3482 2581 3689 2645 ὓδατος.
3719 2580 3890 2633 Ψιλὸν
3914 2581 4019 2648 γὰρ

2439 2670 2624 2733 αὐτοῖς
2654 2672 2746 2724 καὶ
2779 2673 2938 2741 μόνον
2970 2674 3030 2727 τὸ
3070 2676 3303 2746 γράμμα
3331 2674 3557 2737 δέδοται,
3583 2675 3746 2744 ἄρτου
3778 2674 3879 2742 μὲν
3930 2674 4020 2725 καὶ

2441 2757 2629 2824 ὓδατος
2667 2762 2933 2833 ὑπόληψιν
2959 2764 3101 2834 ἔχον,
3130 2765 3328 2838 τρέφον
3355 2765 3410 2818 δὲ
3449 2765 3643 2828 αὐτοὺς
3673 2765 3789 2817 κατ’
3825 2762 4021 2815 οὐδένα

2440 2850 2638 2920 τρόπον
2672 2853 2750 2915 εἰς
2781 2853 2992 2919 εὐεξίαν
3018 2853 3115 2924 τὴν
3141 2856 3359 2925 νοητήν.
3388 2855 3494 2906 Καὶ
3524 2852 3864 2924 μαρτυρήσει
3888 2851 4020 2919 γρά-

2441 2958 2556 3009 φων
2589 2944 2617 2995 ὁ
2642 2944 2879 3008 nat-’10?
2922 2964 2940 2996 ι
2975 2947 3136 3017 ’Ἄχρι
3168 2947 3276 3018 γὰρ
3308 2948 3564 3016 σήμερον,
3595 2945 3755 3015 ἡνίκα
3794 2941 3864 2995 ἂν
3890 2945 4017 2995 ἁνα-

2440 3031 2770 3099 γινώσκεται
2807 3036 3012 3105 Μωσῆς
3038 3037 3301 3106 κάλυμμα
3340 3037 3433 3090 ἐπὶ
3462 3035 3560 3106 τὴν
3588 3034 3815 3104 καρδίαν
3842 3032 4019 3085 αὐτῶν

2442 3127 2639 3188 κεῖται,
2671 3125 2745 3197 μὴ
2773 3127 3307 3197 ἀνακαλυπτόμενον,
3348 3129 3430 3181 ὅτι
3464 3130 3522 3181 ὲν
3546 3124 3767 3198 Χριστῷ
3813 3141 4021 3192 καταρο

767 3223 1053 3295 mysticus.
1095 3223 1311 3278 Etenim
1350 3238 1446 3278 nos
1468 3225 1556 3293 qui
1591 3240 1685 3293 per
1716 3228 1872 3279 tidem
1917 3228 1984 3280 ad
2027 3228 2336 3283 sanctiﬁca-

2440 3220 2637 3285 γεῖται.
2687 3237 2706 3269 ι
2743 3220 2853 3271 Καὶ
2908 3219 3033 3272 καθ’
3088 3220 3272 3293 ἕτερον
3316 3220 3375 3273 δὲ
3429 3218 3646 3291 τρόπον,
3703 3215 4019 3285 ἀφῃρῆσθαξ

768 3319 970 3371 tionem
1012 3316 1181 3369 vocati
1213 3330 1420 3382 sumus,
1454 3332 1644 3385 panem
1680 3316 1964 3381 habemus,
1991 3333 2211 3388 panem,
2254 3320 2341 3375 in-

769 3420 956 3475 quam,
993 3406 1059 3460 de
1083 3405 1243 3472 rtelo,
1283 3406 1385 3460 hoc
1413 3415 1512 3470 est,
1548 3407 1820 3462 Christum
1848 3421 1943 3462 seu
1979 3422 2177 3479 corpus
2202 3411 2337 3481 ejus.

766 3498 827 3553 Si
874 3512 1003 3552 vero
1041 3498 1164 3567 quis
1211 3499 1530 3567 interroget,
1576 3498 1874 3567 cujusmodi
1931 3500 2147 3556 tandem
2199 3503 2341 3558 illius

770 3587 939 3643 robur
964 3602 1028 3643 ac
1054 3589 1134 3643 vis
1174 3588 1264 3654 sit,
1298 3588 1567 3643 vivilicum
1605 3603 1725 3644 esse
1761 3590 1993 3647 dicimus
2025 3607 2039 3646 :
2075 3591 2166 3648 dat
2194 3594 2340 3647 enim

770 3680 972 3736 mundo
1001 3680 1184 3734 vitam.
1220 3678 1483 3735 Similiter
1515 3679 1678 3735 etiam
1711 3681 2006 3749 recipimus
2037 3697 2134 3751 per
2164 3683 2339 3753 Spiri-

769 3781 883 3826 tum
915 3783 1161 3826 sanctmn
1198 3771 1442 3840 baptismi
1474 3771 1724 3841 gratiam,
1749 3772 1839 3841 qui
1869 3774 2177 3829 sanctiﬁcat
2207 3790 2337 3830 nos:

766 3867 986 3935 vimque
1021 3878 1175 3932 aqua:
1208 3863 1438 3918 dicimus
1457 3878 1577 3918 esse
1604 3873 1946 3933 peccatorum
1970 3864 2339 3931 abolitionem,

768 3956 1236 4026 regenerationem
1266 3954 1625 4024 spiritualem,
1652 3964 1710 4010 ut
1740 3956 1840 4025 ipsi
1871 3956 2093 4014 Christo
2122 3958 2340 4014 confor-

767 4064 883 4104 mes
913 4049 1105 4115 simus;
1142 4054 1407 4118 praeterea
1445 4046 1639 4114 etiam,
1670 4046 1896 4102 liberum
1940 4046 2244 4117 ingressum
2286 4050 2339 4103 in

764 4143 932 4207 viam,
962 4155 1083 4212 quae
1112 4140 1181 4195 ad
1213 4153 1433 4209 regnum
1471 4138 1731 4194 caelorum
1764 4139 1931 4193 ducit.
1982 4156 2000 4191 ι
2047 4137 2162 4195 Nisi
2196 4141 2339 4195 enim

763 4235 913 4307 quis,
946 4252 965 4286 υ
1002 4231 1196 4301 inquit,
1233 4249 1251 4282 ι
1290 4238 1450 4284 natus
1492 4230 1564 4283 sit
1593 4244 1657 4283 ex
1704 4243 1842 4297 aqua
1874 4238 1930 4283 et
1960 4231 2186 4299 spiritu,
2234 4248 2338 4287 non

768 4337 945 4401 potest
983 4325 1186 4395 ingredi
1234 4338 1457 4394 regnum
1483 4321 1576 4377 Dei
1608 4324 1704 4376 ".D
1744 4322 1952 4378 Privati
1991 4332 2119 4379 sunt
2160 4325 2341 4393 itaque

767 4421 933 4477 Judaei
965 4415 1227 4489 ejusmodi
1264 4416 1419 4468 bouis
1452 4432 1465 4467 :
1498 4414 1751 4481 quoniam
1790 4416 1931 4483 apud
1967 4430 2061 4471 eos
2102 4431 2208 4471 non
2256 4425 2340 4472 est

767 4506 923 4577 panis
958 4504 1141 4569 γυιων,
1173 4501 1356 4568 idest,
1392 4500 1505 4566 illa,
1535 4516 1655 4571 qua:
1686 4511 1770 4557 est
1805 4503 1863 4557 in
1891 4500 2128 4569 Christo,
2162 4504 2339 4559 viviti-

766 4598 933 4653 catio.
969 4595 1151 4664 Neque
1179 4608 1332 4664 aqua:
1364 4592 1471 4647 vim
1504 4592 1721 4659 habent,
1755 4594 1878 4663 quia
1907 4606 2086 4651 manet
2116 4596 2168 4650 in
2206 4595 2338 4664 ipsis

769 4687 1025 4756 iniquitas
1052 4686 1198 4742 illota
1235 4706 1246 4741 :
1276 4700 1450 4755 neque
1479 4700 1698 4755 regnum
1728 4686 1989 4741 caelorum
2033 4687 2335 4753 intrabunt,

770 4782 896 4851 quia
913 4779 1185 4834 Christum
1209 4778 1298 4844 qui
1323 4777 1633 4842 introducit,
1656 4778 1844 4831 honori
1873 4793 1978 4832 non
2006 4779 2330 4845 habuerunt;

771 4889 877 4928 non
905 4872 1047 4927 enim
1078 4870 1422 4925 crediderunt
1446 4867 1643 4922 dicenti
1679 4885 1693 4921 :
1725 4885 1745 4919 ι
1772 4867 1896 4934 Ego
1916 4882 2034 4921 sum
2058 4870 2173 4935 via;
2206 4887 2227 4922 ι
2261 4878 2337 4935 et,

774 4985 796 5019 ι
826 4965 936 5035 Ego
965 4980 1081 5020 sum
1098 4963 1294 5020 ostium
1311 4963 1375 5017 ”.
1412 4980 1431 5014 ι
1462 4958 1683 5015 Auferet
1712 4959 1959 5014 similiter
1985 4970 2035 5014 et
2067 4960 2339 5031 gigantem

771 5068 825 5115 et
865 5064 1271 5130 praepotentem.
1313 5054 1574 5122 Quisnam
1619 5052 1835 5106 demum
1878 5063 1962 5108 est
2020 5052 2108 5107 ille
2155 5052 2341 5122 gigas?

774 5153 894 5221 quis
939 5149 1031 5205 ille.
1081 5144 1425 5220 prapotens?
1473 5142 1735 5211 Equidem
1779 5142 2033 5197 existimo
2069 5142 2338 5212 gigantem

773 5246 954 5300 dicere
984 5257 1135 5303 cum,
1168 5238 1260 5309 qui
1289 5240 1355 5293 ad
1388 5234 1675 5291 terminum
1715 5243 2020 5304 metamque
2045 5234 2341 5304 spiritualis

776 5332 1107 5390 fortitudinis
1134 5327 1402 5400 pervenit,
1437 5332 1823 5396 praepotentem
1853 5334 2033 5380 autem
2075 5325 2339 5380 minorem

776 5424 934 5495 paulo
959 5437 1023 5477 ac
1053 5419 1418 5492 dejectiorem,
1443 5427 1499 5474 et
1532 5418 1634 5472 hac
1662 5432 1781 5487 quae
1809 5416 1861 5471 in
1897 5415 1988 5472 illo
2032 5416 2344 5486 intelligitur

776 5516 1087 5588 praestantia
1142 5512 1473 5570 interiorem.
1536 5508 1838 5580 Unicuique
1892 5508 2035 5563 enim
2100 5517 2340 5565 nostrum

2443 3325 2621 3378 φαμεν
2652 3311 2717 3363 ὲκ
2739 3310 2837 3381 τῆς
2876 3310 3144 3381 Ἰουδαίων
3180 3310 3521 3381 συναγωγῆς,
3557 3311 3708 3381 ἰσχὺν
3735 3307 3910 3378 ἄρτου
3931 3308 4021 3361 καὶ

2446 3376 2598 3467 taxa.
2628 3376 2837 3463 ὓδατος.
2870 3401 2979 3455 Καὶ
3003 3402 3032 3453 ὁ
3056 3376 3211 3469 λόγος
3235 3376 3350 3455 ἐστί
3383 3376 3663 3472 μυστικάς.
3699 3376 3897 3469 Ἡμεῖς
3928 3400 4021 3468 μὲν

2442 3489 2548 3559 γὰρ
2586 3491 2634 3542 οἰ
2666 3489 2754 3543 διὰ
2796 3491 3032 3555 πίστεως
3064 3492 3388 3563 κεκλημένοι
3430 3491 3566 3565 πρὸς
3593 3490 3890 3561 ἀγιασμδν,
3936 3491 4022 3543 τὸν

2442 3579 2606 3649 ἄρτον
2653 3580 2846 3652 ἔχομεν
2880 3581 2970 3635 τὸν
2997 3580 3055 3646 ἐξ
3096 3582 3349 3653 ούρανοῦ,
3385 3582 3531 3636 τοῦτ’
3580 3580 3716 3644 ἔστι,
3758 3582 4021 3651 Χριστὸν,

2442 3672 2560 3742 ἦτοι
2598 3673 2659 3727 τὸ
2710 3674 2866 3743 σῶμα
2896 3674 3081 3727 αὐτοῦ.
3122 3674 3186 3727 Εἰ
3219 3675 3276 3728 δὲ
3321 3675 3382 3745 δή
3407 3692 3492 3739 τις
3539 3674 3732 3746 ἔροιτο,
3774 3674 3913 3729 ποία
3948 3675 4024 3736 τίς

2443 3768 2594 3820 ἐστιν
2632 3769 2665 3836 ἡ
2708 3767 2862 3837 ἰσχὺς
2906 3766 3093 3831 αὐτοῦ,
3144 3768 3323 3838 φαμὲν
3361 3768 3442 3821 ὅτι
3491 3765 3783 3830 ζωοποιός.
3829 3766 4023 3819 Δίδωσι

2443 3859 2550 3930 γὰρ
2584 3858 2661 3930 τῷ
2689 3860 2879 3930 κόσμῳ
2910 3858 3075 3931 ζωήν.
3112 3861 3385 3931 Πρόσιμεν
3415 3858 3471 3911 δὲ
3499 3857 3697 3928 ὁμοίως
3716 3856 3812 3909 καὶ
3834 3860 3908 3928 τῇ
3941 3856 4025 3910 διὰ

2441 3948 2534 4003 τοῦ
2569 3951 2727 4019 ἁγίου
2752 3951 3127 4024 βαπτίσματος
3155 3952 3358 4022 χάριτι,
3384 3951 3477 4004 τοῦ
3505 3948 3823 4019 ἁγιάζοντος
3849 3953 4022 4022 ἡμεῖς,

2444 4041 2633 4106 ὓδατος
2659 4041 2758 4114 τὴν
2789 4043 2942 4114 ἰσχὺν
2970 4040 3110 4100 εἶναι
3136 4046 3386 4116 λέγοντες
3412 4043 3697 4121 ἁμαρτιῶν
3732 4043 4019 4105 ἀπόθεσιν,

2441 4136 2795 4207 ἀναγέννησιν
2828 4136 2926 4209 τὴν
2974 4140 3369 4213 πνευματικὴν,
3404 4144 3485 4206 είς
3526 4143 3881 4213 συμμορφίαν
3929 4138 4023 4215 τὴν

2443 4227 2579 4297 πρὸς
2604 4227 2766 4280 αὐτὸν
2799 4227 2890 4282 τὸν
2918 4229 3170 4301 Χριστόν.
3207 4232 3315 4285 Καὶ
3352 4232 3572 4303 προσέτι
3608 4234 3838 4297 τούτοις,
3872 4238 4023 4305 παῤ-

2445 4319 2634 4389 ρησίας
2660 4319 2860 4373 εἴσοδον
2885 4321 2964 4382 εἰς
2984 4320 3083 4391 τὴν
3104 4322 3211 4376 τῶν
3232 4324 3476 4394 οὐρανῶν
3504 4324 3777 4395 βασιλείαν
3793 4342 3806 4357 -
3836 4343 3856 4376 ι
3894 4326 4024 4379 Ἐὰν

2441 4413 2550 4484 γὰρ
2581 4414 2654 4483 μή
2693 4430 2796 4476 τις,
2833 4430 2852 4464 ι
2891 4414 3043 4483 φησὶ,
3078 4434 3096 4465 ι
3131 4417 3362 4486 γεννηθῇ
3404 4415 3465 4481 ἐξ
3498 4417 3687 4479 ὕδατος
3731 4417 3823 4470 καὶ
3857 4418 4025 4470 πνεύ-

2446 4521 2632 4574 ματος,
2663 4505 2722 4556 οὐ
2771 4504 2993 4558 δύναται
3032 4506 3293 4559 εἰσελθεῖν
3350 4510 3429 4571 εἰς
3461 4509 3562 4578 τὴν
3606 4506 3880 4578 βασιλείαν
3928 4511 4023 4564 τοῦ

2442 4590 2599 4645 Θεοῦ.
2637 4611 2655 4643 ι
2712 4592 3064 4663 Ἐστέρηνται
3092 4594 3274 4648 τοίνυν
3308 4597 3354 4646 οἰ
3402 4596 3644 4648 Ἰουδαῖοι
3683 4595 3793 4648 τῶν
3841 4601 4027 4651 roseti-

2437 4700 2547 4737 των
2576 4683 2816 4752 ἀγαθῶν.
2845 4686 2919 4738 υύ
2948 4686 3057 4757 γὰρ
3085 4685 3199 4739 ἐστι
3237 4687 3367 4755 παρ’
3410 4688 3594 4749 αὐτοῖς
3623 4688 3776 4756 ἰσχὺς
3824 4687 4023 4758 ἄρτου.

2438 4776 2582 4828 τοῦτ’
2609 4775 2779 4839 ἔστιν,
2810 4778 2843 4847 ἡ
2868 4779 2925 4831 ὲν
2958 4776 3179 4848 Χριστῷ
3205 4777 3547 4849 ζωοποίησις.
3574 4778 3686 4831 Ούκ
3710 4776 3894 4847 ἔχουσι
3923 4782 4027 4850 τὴν

2442 4866 2633 4930 ὕδατος
2693 4868 2863 4937 ἰσχύνο
2916 4869 3306 4940 ἀπομεμένηκε
3345 4868 3453 4939 γὰρ
3491 4869 3618 4938 παρ’
3664 4868 3849 4932 αὐτοῖς
3888 4870 4028 4923 ἀνα-

2442 4959 2698 5020 πόνιπτος
2723 4960 2987 5031 ἁμαρτία.
3009 4961 3123 5014 Ούκ
3151 4959 3519 5013 εἰσελάσουσιν
3539 4960 3621 5021 είς
3640 4958 3738 5030 τὴν
3772 4960 4028 5029 οὐρανῶν

2450 5052 2739 5122 βασιλείαν,
2787 5052 2877 5105 τὸν
2922 5052 3301 5120 εἰσκομίζοντα
3335 5052 3567 5123 Χριστὸν
3617 5052 4023 5120 ἀτιμάσαντες·

2446 5142 2507 5196 ού
2540 5140 2648 5212 γὰρ
2696 5140 2974 5194 ἐπίστευον
3000 5140 3233 5209 λέγοντιο
3265 5159 3283 5192 ι
3334 5139 3476 5208 Ἐγὼ
3523 5141 3638 5210 εἰμι
3682 5140 3715 5208 ἡ
3756 5139 3896 5203 ὁδὸς,
3925 5142 4031 5194 καὶ

2448 5233 2558 5303 ἐγώ
2583 5235 2698 5303 εἰμι
2738 5233 2771 5299 ἠ
2807 5231 2964 5306 θύρα.
3000 5251 3019 5284 ι
3066 5232 3280 5303 Ἀφελεῖ
3321 5230 3378 5283 δὲ
3417 5231 3620 5301 ὁμοίως
3658 5230 3893 5298 γίγαντα
3928 5232 4035 5284 καὶ

2452 5326 2722 5396 ἰσχύοντα.
2753 5320 2884 5377 Εἶτα
2908 5325 2991 5387 τίς
3027 5325 3056 5377 ὁ
3084 5324 3275 5393 γίγας;
3300 5321 3381 5385 τίς
3412 5322 3470 5375 δὲ
3503 5322 3599 5375 καὶ
3620 5323 3650 5375 ὁ
3678 5322 3898 5390 ἓτερος;
3928 5319 4033 5375 Οἷ-

2452 5435 2550 5486 μαι
2573 5416 2636 5488 δὴ
2675 5412 2767 5471 οὖν
2789 5416 2963 5484 ἔγωγε
3003 5415 3235 5485 γίγαντα
3285 5414 3384 5485 μὲν
3403 5414 3685 5484 ὀνομάζειν
3704 5414 3795 5466 τὸν
3817 5414 3901 5475 εἰς
3930 5413 4037 5482 λῆ-

2451 5507 2531 5572 ξιν
2562 5506 2743 5577 ἰσχύος
2771 5507 2973 5577 ἥκοντα
3007 5506 3106 5576 τῆς
3132 5504 3528 5575 πνευματικῆς,
3558 5496 3807 5574 ἰσχύοντα
3842 5502 3904 5556 δὲ
3935 5505 4036 5556 τὸν

848 5694 895 5726 ’³
923 5687 1403 5752 Ρςτ1.ωχγ;ι,ἓί,
1426 5692 1516 5747 95.
1593 5690 1639 5722 “
1672 5687 1773 5744 lsa.
1809 5704 1904 5755 xu,
1940 5688 1992 5743 ’5.
2070 5688 2114 5719 ’⁵
2149 5684 2305 5741 Joan.

2448 5684 2532 5746 l3,
2562 5683 2645 5738 14.
2722 5683 2765 5715 ³⁸
2790 5680 2977 5735 Matth.
3010 5696 3082 5747 tv,
3115 5681 3170 5736 4.
3246 5668 3288 5713 ’⁷
3314 5674 3357 5732 ll
3382 5678 3507 5733 Cor.
3535 5691 3614 5743 ιιι,
3640 5676 3724 5730 Η.
3804 5676 3851 5708 ’⁸
3868 5674 4035 5731 Joan.

782 5778 865 5825 ιιι,
900 5763 952 5816 5.
1028 5764 1071 5795 "
1100 5760 1255 5827 Joan,
1286 5775 1339 5823 ι,
1383 5764 1435 5829 9;
1472 5779 1579 5829 χεν,
1612 5761 1666 5816 6.
