4178 6540
260 433 330 487 97
1425 429 1490 485 ΙΝ
1529 426 1762 485 ISAIAM
1801 426 1835 482 Ι

1933 470 1934 475 η
1978 429 2022 482 1.
2062 427 2271 484 ORAT.
2315 429 2380 484 Il.
3438 438 3506 494 98

260 551 644 623 ὑποϐεϐηκότα
691 550 882 621 βραχὺ,
918 550 1011 604 καὶ
1049 551 1146 620 τῆς
1193 550 1250 602 ἐν
1297 549 1492 616 ἐκείνῳ
1543 547 1835 618 νοουμένης

1945 562 2196 602 mensura
2232 548 2417 616 gratiae
2448 563 2479 601 a
2515 547 2622 604 Deo
2647 550 2769 604 data
2803 559 2903 606 est.
2934 551 3110 621 Atque
3151 554 3252 608 hoc
3293 556 3505 626 perspi-

263 643 543 716 ὑπεροχῆς
604 640 931 712 ἡττώμενον.
987 640 1236 709 Ἐκάστῳ
1278 639 1387 710 γάρ
1433 638 1590 710 ήμῶν
1631 637 1835 691 δέδιται

1941 653 2103 692 cuum
2155 640 2311 694 nobis
2346 641 2522 696 reddit
2549 642 2979 710 sapientissimus
3021 644 3237 712 Paulus,
3273 648 3502 704 dicens:

263 735 417 806 παρὰ
453 731 585 786 Θεοῦ
637 733 857 802 χάριτος
895 731 1113 802 μέτρον.
1151 728 1324 784 Τοῦτο
1369 732 1500 800 ἡμῖν
1541 729 1773 801 ἐναργὲς
1813 730 1835 782 6

1948 746 1966 779 ι
2000 727 2136 783 Volo
2156 739 2334 784 autem
2360 744 2550 784 omnes
2575 730 2823 786 homines
2848 747 2969 788 esse
2997 735 3138 790 sicut
3155 746 3211 791 et
3234 753 3333 809 ego
3351 753 3505 804 sum;

264 827 571 896 σοφώτατος
584 824 792 887 Παῦλος
808 824 1114 895 καθίστησι,
1133 825 1323 890 λέγων·
1349 843 1367 874 ι
1390 822 1542 876 Θέλω
1555 822 1612 874 δὲ
1633 822 1835 887 πάντας

1944 834 2133 873 verum
2167 821 2540 889 unusquisque
2565 831 2804 876 nostrum
2832 823 3103 892 peculiare
3125 827 3288 884 habet
3309 831 3506 884 donum

259 917 580 989 ἀνθρώπους
599 912 740 970 εἶναι
764 915 840 980 ὡς
865 917 959 969 καὶ
992 915 1227 986 ἐμαυτόν
1244 932 1260 947 ο
1292 914 1647 976 meum;
1679 913 1835 984 ἡμῶν

1939 921 1970 960 a
2003 906 2137 974 Deo,
2169 909 2256 964 hic
2274 911 2489 978 quidem
2523 911 2621 979 sic,
2647 912 2783 967 alius
2803 927 2930 969 vero
2959 914 3040 970 sic
3063 918 3151 976 "'.
3176 937 3196 970 ι
3222 920 3315 974 Est
3340 922 3508 976 etiam

262 1009 395 1062 ἴδιον
414 1009 526 1079 ἔχει
549 1009 793 1080 χάρισμα
812 1007 920 1062 ἀπὸ
933 1007 1088 1070 Θεοῦ,
1108 1009 1137 1060 6
1157 1008 1256 1078 μὲν
1271 1005 1462 1070 οὕτως,
1480 1007 1510 1058 ὀ
1526 1005 1582 1058 δὲ
1597 1003 1789 1066 οὕτως.
1814 1023 1832 1055 ι

264 1099 428 1162 Ἐθος
455 1099 513 1153 δὲ
560 1098 654 1151 καὶ
701 1096 902 1166 ἑτέρως
946 1100 1014 1168 τῇ
1070 1097 1412 1167 θεοπνεύστῳ
1463 1097 1680 1168 Γραφῇ,
1713 1096 1837 1158 τοὺς

245 1189 402 1256 ,ἄγαν
442 1186 894 1249 εὐσθενεστάτους
923 1187 1186 1255 γίγαντας
1221 1186 1535 1240 ἀποκαλεῖν.
1566 1185 1678 1238 Καὶ
1704 1183 1837 1252 γοῦν

259 1279 365 1351 ἔφη
394 1295 494 1333 που
531 1279 661 1340 Θεὸς
689 1279 816 1349 περὶ
842 1277 950 1330 τῶν
985 1280 1048 1330 ὲκ
1077 1277 1394 1341 Βαϐυλῶνος
1434 1292 1839 1346 καταστρατευο

260 1371 470 1424 σάντων
481 1369 578 1439 τῆς
601 1368 866 1422 Ἰουδαίων
890 1366 1092 1440 χώραςο
1114 1386 1132 1417 ι
1149 1366 1408 1434 Γίγαντες
1423 1364 1673 1436 ἔρχονται
1701 1363 1837 1433 πλη-

243 1461 436 1532 -ρῶσαι
457 1461 548 1514 τὸν
563 1459 730 1529 θυμόν
753 1477 875 1530 μου,
896 1457 1178 1528 χαίροντες
1207 1457 1325 1526 ἅμα
1351 1455 1442 1508 καὶ
1459 1453 1793 1527 ὑϐρίζοντες.
1809 1473 1828 1506 ι

261 1552 374 1605 Καὶ
410 1551 515 1622 μὴν
548 1553 642 1606 καὶ
677 1555 705 1606 6
729 1549 1047 1620 ψαλμῳδός·
1073 1567 1091 1598 ι
1134 1546 1546 1614 Ἀγαλλιάσεται
1566 1547 1638 1609 ὡς
1673 1547 1836 1615 γίγας

256 1643 487 1714 δραμεῖν
514 1642 632 1696 ὁδὸν
674 1627 860 1694 αὑτοῦ.
895 1659 913 1691 ι
946 1638 1059 1692 Οὐκ
1099 1638 1250 1690 ἔσται
1279 1636 1335 1690 δὲ
1370 1635 1522 1707 παρόι
1549 1639 1662 1698 τοῖς
1703 1638 1834 1688 Ἰουο

255 1735 431 1797 δαίοις
461 1734 522 1788 οὐ
557 1731 907 1802 πολεμιστὴς,
938 1731 1000 1784 οὐ
1032 1730 1312 1798 δικαστής.
1358 1728 1550 1798 Ἡμεῖς
1597 1727 1698 1798 μὲν
1726 1727 1835 1799 γὰρ

257 1826 312 1876 οἱ
338 1826 405 1894 τῇ
435 1817 612 1877 πίστει
641 1821 993 1893 τετιμηκότες
1027 1819 1117 1874 τὸν
1144 1818 1253 1872 τῶν
1280 1817 1564 1887 δυνάμεων
1605 1819 1829 1890 Κύριον,

260 1914 598 1988 νευρούμεθα
645 1915 774 1984 παρ’
803 1909 989 1974 ἀύτοῦ,
1020 1910 1114 1963 καὶ
1155 1909 1326 1963 ἱκανοὶ
1355 1909 1495 1978 πρὸς
1520 1910 1830 1962 ἀντίστασιν

257 2001 690 2073 ἀποτελούμεοα,
715 2002 814 2071 τὴν
840 1999 976 2070 πρός
996 2015 1060 2068 γε
1089 1998 1185 2062 τὰς
1209 1997 1454 2068 πονηρὰς
1475 1997 1566 2050 καὶ
1588 1998 1830 2069 ἀκαθάρ-

255 2109 385 2156 τους
431 2092 706 2162 δυνάμεις.
743 2110 761 2141 ι
803 2089 878 2142 Οὐ
920 2088 1029 2160 γάρ
1079 2088 1228 2141 ἐστιν
1269 2089 1402 2158 ἡμῖν
1428 2089 1463 2157 ὴ
1497 2086 1644 2156 πάλη
1693 2086 1830 2158 πρὸς

253 2177 396 2253 αἷμα
447 2183 541 2236 καὶ
591 2181 790 2253 σάρκα,
825 2179 961 2232 ἀλλά
1003 2179 1140 2251 πρὸς
1186 2178 1285 2242 τὰς
1325 2179 1518 2249 ἀργὰς,
1551 2179 1684 2249 πρὸς
1729 2181 1829 2242 τὰς

1940 997 2210 1055 familiare
2272 1001 2567 1072 Scriptura:
2610 1004 2868 1060 divinitus
2912 1007 3216 1077 inspirata,
3259 1013 3507 1082 gigantes

1942 1091 2142 1160 alioqui
2187 1092 2458 1162 appellare
2489 1108 2582 1150 eos
2613 1095 2704 1165 qui
2733 1106 2859 1150 sunt
2896 1098 3280 1154 robustissimi.
3319 1103 3505 1170 Siqui—

1937 1183 2057 1236 dem
2084 1183 2220 1238 dixit
2242 1185 2308 1237 de
2335 1185 2418 1239 bis
2444 1183 2752 1256 Babyloniis
2771 1187 2878 1260 54
2893 1189 2981 1258 qui
3002 1188 3308 1245 ,Ιιιάιεοι-ιιιη
3331 1193 3507 1262 regio-

1937 1287 2057 1326 nem
2088 1285 2481 1345 expugnarant,
2517 1295 2536 1327 ι
2561 1276 2818 1348 Gigantes
2849 1281 3149 1336 veninntad
3179 1283 3503 1351 explendum

1936 1360 2176 1417 furorem
2195 1380 2394 1430 meum,
2415 1369 2710 1435 gaudentes
2739 1370 2898 1425 simul
2926 1381 2981 1426 et
3019 1373 3358 1429 insultantes.
3389 1394 3406 1425 ι
3440 1376 3505 1431 Et

1937 1449 2414 1522 Psalmigraphus:
2446 1472 2464 1504 ι
2491 1455 2793 1512 Exsultabit
2816 1467 2871 1512 ιιι
2897 1461 3048 1529 gigas
3079 1461 3144 1514 ad
3175 1464 3505 1517 currendum

1938 1541 2079 1593 viam
2103 1557 2254 1595 suam
2275 1542 2342 1596 ³⁸.
2365 1562 2384 1594 ι
2407 1542 2522 1599 Nec
2543 1555 2664 1600 erat
2689 1548 2824 1615 apud
2845 1547 3058 1604 Judacos
3077 1550 3397 1606 bellatorvel
3419 1552 3504 1619 ju-

1937 1628 2061 1682 dex.
2080 1626 2188 1683 Nos
2210 1629 2349 1684 enim
2377 1631 2468 1700 qui
2495 1633 2598 1686 lide
2621 1631 2901 1687 Dominum
2933 1635 3190 1690 virtutum
3219 1637 3506 1706 coluimus,

1936 1721 2004 1775 ab
2029 1735 2094 1775 co
2119 1722 2332 1777 nervosi
2358 1724 2631 1778 reddimur
2655 1741 2669 1778 :
2691 1733 2744 1778 et
2767 1724 2943 1779 idonei
2961 1723 3222 1782 eﬂicimnr
3247 1729 3312 1782 ad
3334 1743 3504 1798 oppu-

1935 1813 2208 1880 gnandum
2245 1828 2440 1883 pravas
2479 1815 2826 1884 impurasque
2868 1825 3181 1884 potestates.
3225 1837 3243 1871 ι
3276 1816 3388 1874 Nec
3420 1828 3505 1875 est

1933 1899 2075 1954 enim
2113 1900 2270 1954 nobis
2307 1902 2447 1956 lucta
2492 1905 2752 1958 adversus
2802 1907 3117 1974 sanguinem
3165 1917 3220 1962 et
3260 1925 3502 1974 carnem,

1931 1990 2023 2043 sed
2055 1992 2314 2046 adversus
2347 1993 2702 2062 principatus,
2739 2005 2791 2050 et
2821 1997 3085 2052 adversus
3125 2001 3504 2065 auctoritates,

1931 2081 2188 2138 adversus
2223 2083 2408 2138 mundi
2444 2085 2710 2153 dominos,
2739 2095 2976 2142 rectores
3004 2089 3370 2154 tenebrarum,
3404 2093 3505 2144 ad-

1931 2189 2118 2228 versus
2140 2175 2443 2242 spiritualia
2469 2176 2724 2246 nequitias
2745 2177 2798 2230 in
2823 2177 3138 2234 cmlestibus
3157 2179 3224 2234 ³¹.
3253 2199 3272 2232 ι
3293 2179 3502 2246 Quibus

254 2272 522 2340 ἐξουσίας,
546 2270 679 2342 πρὸς
698 2270 824 2333 τοὺς
841 2268 1288 2341 κοσμοκράτορας
1301 2267 1393 2321 τοῦ
1417 2269 1638 2332 σκότους
1654 2285 1668 2298 ·
1693 2269 1830 2339 πρὸς

1933 2263 2146 2334 iustitia:
2176 2265 2344 2320 armis
2377 2266 2647 2332 instructi,
2679 2276 2734 2322 et
2757 2277 3035 2324 armatura
3066 2268 3330 2338 spirituali
3363 2287 3497 2340 pra:-

251 2364 324 2418 τὰ
352 2361 699 2432 πνευματικά
732 2361 832 2432 τῆς
873 2360 1138 2431 πονηρίας
1163 2362 1220 2413 ὲν
1254 2362 1368 2422 τοῖς
1406 2358 1767 2430 ἐπουρανίοις.
1803 2377 1822 2410 ι

256 2449 354 2518 Οἷς
379 2449 751 2522 ἀνθιστάμεθα
773 2447 979 2520 νοητῶς
1006 2451 1120 2512 τοῖς
1151 2449 1251 2519 τῆς
1273 2447 1617 2511 δικαιοσύνης
1644 2446 1830 2510 ὅπλοις

253 2545 676 2618 δνηρμοσμένοι,
711 2542 805 2597 καὶ
844 2540 1172 2612 παντευχίαν
1208 2540 1422 2611 ἔχοντες
1459 2540 1558 2610 τὴν
1583 2556 1828 2609 πνευμα-

255 2637 437 2710 τικήν.
463 2633 564 2690 ’Ὧν
621 2635 720 2690 καὶ
761 2636 790 2688 6
813 2633 1099 2696 θεσπέσιος
1145 2632 1357 2696 Παῦλος
1408 2629 1829 2702 διαμνημονεύει

253 2727 460 2796 λέγων·
489 2745 508 2778 ι
530 2725 702 2796 Στῆτε
729 2719 822 2778 οὖν
838 2723 1267 2795 περιεζωσμένοι
1288 2724 1383 2792 τὴν
1401 2723 1568 2790 ὀσφὺν
1595 2723 1746 2792 ὑμῶν
1774 2725 1831 2778 ὲν

252 2817 504 2888 ἀληθείᾳ.
543 2835 562 2868 ι
593 2816 706 2869 Καὶ
731 2815 800 2869 τὰ
823 2814 950 2884 ἑξῆς
967 2833 980 2846 ·
1007 2834 1026 2865 ι
1045 2814 1129 2868 Td.
1147 2814 1256 2884 γὰρ
1275 2814 1411 2868 ὅπλα
1435 2814 1590 2884 ήμῶν
1614 2815 1676 2868 οὐ
1708 2832 1834 2886 σαρ-

253 2908 411 2970 uiua,
451 2907 587 2961 ἀλλά
614 2905 817 2959 δυνατά
862 2905 940 2976 τῷ
971 2904 1120 2974 Θεῷ·
1175 2907 1268 2959 καὶ
1297 2909 1354 2958 ἐν
1387 2907 1550 2976 σαρκὶ
1598 2923 1834 2975 περιπα-

254 2999 496 3062 τοῦντες,
523 2997 583 3049 οὐ
607 2995 749 3050 κατὰ
779 2996 957 3066 σάρκα
983 2995 1411 3066 στρατευόμεθα.
1445 3015 1463 3047 ι
1489 2996 1646 3068 Παρὰ
1683 2997 1740 3050 δέ
1769 3014 1833 3065 γε

253 3091 370 3152 τοῖς
417 3085 711 3151 Ἰουδαίοις,
761 3086 937 3148 οὐδεὶς
983 3085 1222 3146 τοιοῦτός
1282 3086 1474 3140 ποθεν·
1522 3087 1723 3158 ἀμαχεὶ
1775 3087 1832 3140 δὲ

1930 2353 2051 2418 diti,
2087 2352 2496 2424 inte‘lligibiliter
2526 2356 2847 2412 resistimus.
2883 2357 3124 2424 Quorum
3157 2361 3321 2415 etiam
3357 2362 3503 2416 divi-

1930 2460 2031 2499 nus
2065 2444 2264 2500 Paulus
2293 2446 2626 2501 mentionem
2655 2447 2808 2512 fecit,
2840 2449 3024 2506 dicens
3056 2468 3070 2506 :
3107 2468 3125 2502 ι
3158 2449 3309 2506 State
3337 2454 3499 2523 igitur

1930 2533 2092 2590 cincti
2138 2535 2337 2592 lumbis
2374 2537 2572 2592 vestris
2609 2538 2663 2591 in
2702 2538 2928 2592 veritate
2951 2539 3017 2592 ³².
3058 2557 3078 2592 ι
3117 2540 3183 2594 Et
3216 2558 3334 2610 qua:
3373 2553 3500 2597 sunt

1929 2625 2231 2697 deinceps:
2261 2644 2280 2678 ι
2320 2635 2484 2681 Arma
2524 2628 2668 2684 enim
2718 2638 2899 2685 nostra
2945 2645 3053 2685 non
3089 2633 3361 2698 carnalia,
3403 2636 3496 2689 sed

1933 2719 2172 2788 potentia
2225 2719 2356 2784 Dei;
2390 2729 2443 2774 et
2478 2720 2530 2774 in
2572 2735 2736 2776 carne
2784 2721 3151 2788 ambulantes,
3200 2739 3302 2778 non
3344 2725 3501 2792 juxta

1933 2824 2149 2864 carnem
2201 2810 2586 2864 militamus”.
2633 2829 2654 2862 ι
2691 2811 2840 2879 Apud
2889 2810 3102 2868 Iudaeos
3145 2829 3296 2882 vero,
3341 2832 3508 2871 uerno

1934 2899 2200 2968 ejusmodi
2245 2917 2478 2970 unquam
2525 2900 2660 2965 fuit,
2707 2902 2800 2956 sed
2845 2903 2980 2956 citra
3027 2919 3259 2975 pugnam
3301 2909 3502 2962 cedunt

1934 2991 2212 3044 victoriam
2243 2993 2386 3046 omni
2422 2991 2729 3061 ingruenti,
2776 2993 2997 3060 suisque
3043 2995 3178 3049 adeo
3221 2995 3504 3052 indomitis

1937 3082 2317 3151 voluptatibus.
2338 3081 2448 3138 Nec
2469 3099 2792 3155 quemquam
2822 3099 3038 3154 norunt,
3061 3090 3150 3156 qui
3180 3099 3326 3146 recte
3351 3092 3502 3146 novit

255 3180 448 3250 ῶσπερ
491 3176 913 3250 παραχωροῦσιν
945 3176 1033 3230 ἀεὶ
1075 3177 1137 3230 τὸ
1175 3179 1330 3248 νικᾷν
1359 3179 1520 3231 παντὶ
1555 3177 1632 3248 τῷ
1667 3196 1832 3252 προσ-

1933 3173 2202 3242 judicare,
2246 3175 2326 3230 vel
2376 3176 2428 3229 in
2463 3178 2623 3231 rebus
2660 3177 2711 3230 in
2755 3179 2936 3232 animo
2963 3181 3180 3249 positis,
3209 3181 3292 3236 vel
3332 3182 3500 3238 etiam

256 3271 526 3332 ϐάλλοντι,
559 3270 654 3323 καλ⁵
682 3269 802 3334 ταῖς
847 3268 999 3340 σφῶν
1046 3269 1222 3322 αὐτῶν
1259 3269 1571 3332 ἀτιθάσσοις
1598 3269 1829 3340 ἡδοναῖς.

256 3360 382 3414 Οὐδ’
419 3359 485 3413 ἂν
521 3358 672 3429 εὖροι
716 3373 807 3423 τις
857 3359 989 3429 παρ’
1021 3358 1202 3422 αὐτοῖς
1239 3358 1328 3411 τὸν
1377 3357 1554 3412 εἰδότα
1591 3357 1832 3422 δικάζειν

254 3451 452 3523 ὀρθῶς,
483 3450 515 3521 ἦ
546 3452 658 3514 τοῖς
690 3448 771 3513 είς
796 3448 922 3504 νοῦν
957 3450 1250 3520 κειμένοις,
1285 3450 1452 3521 ἤγουν
1481 3453 1594 3514 τοῖς
1639 3449 1833 3515 ἔξωθεν

257 3543 354 3595 καὶ
383 3540 655 3612 βιωτικοῖς
684 3540 1026 3610 πράγμασιν.
1077 3539 1425 3611 Είστρέχουσι
1476 3539 1574 3610 μὲν
1606 3539 1713 3610 γὰρ
1742 3539 1832 3592 τὸν

256 3631 593 3704 ἀνθρώπινον
645 3631 770 3686 νοῦν
807 3630 1027 3685 ἔκτοποὶ
1068 3648 1128 3684 τε
1178 3632 1272 3686 καὶ
1325 3634 1550 3703 πονηροὶ
1603 3631 1834 3699 διαλογι-

260 3724 411 3793 σμοὶ,
444 3725 537 3776 καὶ
577 3723 750 3786 δεινὸς
781 3721 1109 3794 ἀκαθάρτων
1158 3723 1440 3793 ἐπιθυμῶν
1482 3723 1714 3794 διακυκᾷ
1747 3722 1833 3776 θό-

263 3814 443 3886 ρυϐος·
475 3814 608 3868 ἀλλά
641 3813 740 3867 τοῦ
771 3815 871 3884 μὲν
929 3814 1092 3883 σοφοῦ
1145 3817 1239 3870 καλ⁸
1281 3815 1556 3880 ἐπιεικοῦς
1605 3815 1833 3887 ἕστηκεν

257 3907 288 3960 6
318 3906 463 3968 νοῦς,
495 3904 583 3958 οἷά
613 3923 694 3969 τις
735 3906 927 3976 κριτὴς
955 3906 1261 3977 δοκιμάζων
1299 3907 1527 3972 ἕκαστα,
1563 3908 1657 3960 καὶ
1690 3924 1832 3978 παρ-

261 3997 577 4064 αιτούμενος
633 3998 730 4067 μὲν
771 3996 832 4050 τὶ
887 3997 1086 4066 φαῦλον
1114 4037 1129 4061 ,
1185 3999 1411 4069 ἀρρήτῳ
1455 3997 1510 4051 δὲ
1547 3999 1714 4070 ψήφῳ
1773 3999 1833 4052 τὸ

261 4090 530 4160 χρήσιμον
572 4088 872 4158 στεφανῶν.
923 4089 1364 4157 Ἀνεπιτήδευτον
1409 4090 1686 4152 παντελῶς
1739 4093 1833 4145 καὶ

257 4179 420 4233 τοῦτό
441 4181 556 4231 ἐστι
609 4179 758 4250 παρά
796 4195 860 4247 γε
899 4181 1011 4242 τοῖς
1050 4179 1315 4232 Ἰουδαίων
1358 4179 1568 4249 δήμοις.
1601 4180 1675 4231 Οὐ
1723 4180 1832 4251 γάρ

259 4273 376 4324 ἐστι
412 4270 530 4342 μετ’
562 4270 740 4323 αὐτῶν
765 4273 793 4324 6
830 4272 926 4324 καὶ
965 4271 1098 4341 πρὸς
1129 4269 1288 4323 τοῦτο
1313 4272 1463 4340 ἡμᾶς
1505 4271 1827 4326 ἀπευθύνων

259 4363 412 4425 Θεὸς,
444 4362 558 4416 ἀλλ’
601 4362 712 4414 οὐδ’
755 4361 821 4415 ἂν
851 4362 904 4415 εί
937 4360 1030 4415 καί
1074 4361 1255 4414 τιτῶν
1303 4361 1501 4426 ἔξωθεν
1535 4363 1833 4433 διαγυμνὰοι

260 4454 406 4520 ζοιτὸ
433 4470 567 4515 πως,
603 4451 922 4523 δοκιμάζειν
953 4452 1098 4507 ίσασι
1125 4452 1186 4506 τὸ
1228 4453 1545 4526 ἀμωμήτως
1577 4454 1698 4527 ἔχον
1737 4456 1833 4510 καὶ

1935 3267 2196 3330 extentis,
2225 3276 2277 3318 et
2304 3266 2370 3318 ad
2405 3267 2566 3319 vitam
2596 3267 3010 3336 pertinentibus.
3041 3267 3325 3326 Incursant
3354 3275 3504 3327 enim

1935 3357 2228 3411 ltmnanam
2272 3365 2506 3412 mentem
2552 3357 2758 3412 vitiosa:
2791 3369 2845 3414 et
2879 3360 3180 3430 depravata:
3219 3362 3502 3430 cogitatio-

1934 3465 2056 3515 nes,
2087 3461 2139 3503 et
2176 3449 2355 3519 gravis
2390 3447 2786 3502 immundarum
2819 3451 3172 3520 cupiditatum
3204 3453 3499 3508 tumultua-

1937 3541 2012 3595 tio
2047 3539 2358 3606 confundit,
2402 3539 2514 3596 imo
2558 3555 2587 3592 a
2638 3540 2919 3608 prudentia
2957 3551 3011 3598 et
3049 3543 3307 3599 modestia
3348 3559 3502 3599 mens

1933 3637 2153 3700 excidit,
2187 3650 2306 3706 quae
2330 3637 2476 3690 velut
2503 3633 2670 3704 iudex
2698 3635 2964 3704 quaepiam
2991 3636 3240 3705 explorat
3265 3637 3498 3706 singula.

1934 3728 2135 3783 malum
2175 3727 2498 3796 repudians,
2535 3727 2742 3797 optimo
2782 3725 2988 3782 calculo
3035 3727 3166 3783 utile
3214 3742 3501 3784 coronans.

1936 3817 2050 3872 Hoc
2081 3827 2259 3870 tamen
2291 3832 2319 3870 a
2351 3816 2576 3872 Iudaico
2600 3816 2793 3886 populo
2819 3817 3041 3872 omnino
3069 3817 3367 3888 neglectum
3389 3831 3498 3876 est.

1931 3907 2050 3962 Non
2094 3909 2238 3962 enim
2288 3919 2370 3962 est
2422 3925 2542 3962 cum
2593 3908 2732 3971 illis,
2763 3908 2853 3976 qui
2901 3910 2966 3962 ad
3006 3909 3107 3963 hoc
3146 3925 3243 3964 nos
3288 3911 3501 3981 dirigit,

1935 3998 2100 4053 Deus.
2132 3997 2236 4051 Sed
2263 4014 2360 4053 nec
2393 3999 2437 4054 si
2462 3999 2588 4068 quid
2620 4014 2795 4053 rerum
2817 4009 3161 4054 externarum
3189 4011 3498 4064 exercetur,

1933 4090 2161 4160 probare
2185 4091 2364 4144 sciunt
2399 4089 2527 4159 quid
2557 4089 3030 4159 irreprehensibile
3052 4131 3067 4155 ,
3101 4091 3230 4161 quid
3261 4091 3372 4147 Deo
3406 4107 3499 4146 ae-

1932 4189 2149 4249 eeptum
2190 4179 2281 4233 sit.
2308 4178 2406 4245 Qui
2435 4178 2580 4233 enim
2627 4178 2828 4232 scirent
2861 4193 3047 4234 verum
3095 4178 3230 4247 legis
3274 4191 3500 4248 scopum

1935 4272 2015 4336 Ιιί,
2039 4272 2128 4340 qui
2178 4271 2536 4340 lvgislatoreni
2576 4269 3213 4339 oﬂenderunt?Eamque
3251 4271 3320 4324 ob
3362 4286 3502 4337 rem,

1932 4362 2079 4417 eumi
2138 4360 2522 4429 intelligentia,
2564 4374 2841 4414 sacrarum
2886 4360 3100 4430 inquam
3147 4359 3501 4427 Litterarum,

1935 4453 2129 4524 privati
2159 4461 2284 4508 sunt
2316 4451 2458 4505 baud
2489 4451 2780 4505 immerito.

258 4550 492 4621 ἀρέσκον
536 4549 655 4619 Θεῷ
677 4564 693 4580 ο
742 4549 864 4613 πῶς
895 4548 1000 4620 γὰρ
1031 4547 1218 4601 εἰδεῖεν
1265 4548 1355 4601 τὸν
1385 4549 1583 4621 ἀκριϐῆ
1617 4550 1708 4604 τοῦ
1737 4551 1900 4622 νόμου
1940 4548 2167 4611 σκοπὸν,
2192 4547 2242 4599 oi
2289 4545 2366 4614 τῷ
2418 4543 2680 4614 νομοθέτῃ
2725 4546 3262 4617 προσκεκρουκότες,
3299 4545 3505 4618 ταύτης

257 4662 315 4699 τε
351 4645 512 4698 ἕνεκα
562 4644 660 4714 τῆς
693 4644 876 4710 αίτίας
927 4643 1190 4707 συνέσεως
1231 4643 1468 4716 ἀπάσης,
1514 4648 1612 4716 τῆς
1667 4646 1760 4700 ἐπί
1794 4646 1858 4715 γε
1893 4663 2037 4716 φημι
2073 4643 2188 4704 τοῖς
2221 4641 2384 4707 ἱεροῖς
2413 4636 2732 4708 Γράμμασι,
2766 4637 2986 4701 δικαίως
3014 4638 3406 4709 ὲστερημένοι;

341 4825 580 4896 ’Δφελεῖ
603 4825 673 4880 δὲ
699 4825 835 4894 ὁμοί
842 4840 937 4890 ως,
987 4826 1144 4896 φησι,
1197 4827 1345 4893 πρὸς
1385 4830 1572 4890 τούτῳ
1608 4825 1835 4896 προφή-

2010 4823 2176 4878 Vens.
2215 4819 2335 4875 2-4.
2385 4817 2599 4887 Auferet
2643 4815 2802 4870 etiam
2843 4823 3112 4884 preterea,
3156 4814 3350 4882 inquit,
3381 4831 3500 4884 pro.

262 4931 392 4982 την,
431 4915 531 4968 καί
559 4911 938 4982 στοχαστὴν,
969 4913 1068 4966 καί
1106 4914 1530 4983 πρεσϐύτερον,
1561 4914 1660 4969 καὶ
1705 4927 1840 4968 πεν-

261 5007 700 5076 τηκόνταρχον,
763 5002 869 5058 και
916 5004 1260 5073 θαυμαστὸν
1302 5004 1682 5073 σύμϐουλον,
1739 5005 1840 5058 καί

258 5094 457 5162 σοφὸν
499 5092 912 5164 ἀρχιτέκτονα,
961 5093 1057 5146 καὶ
1091 5095 1353 5148 συνετὸν
1386 5094 1706 5161 ἀκροατήν·
1738 5095 1838 5149 καὶ

256 5180 565 5248 ἐπιστήσω
600 5183 967 5248 νεανίσκους
1011 5181 1306 5249 ἄρχοντας
1335 5179 1552 5245 αὐτῶν,
1599 5181 1696 5236 καὶ
1736 5182 1837 5251 ἑμ-

258 5272 497 5329 attineat
523 5275 958 5343 avptstiaovo'cr
980 5273 1199 5330 αὐτῶν.

327 5366 452 5426 Ὅτι
492 5367 587 5436 μὲν
625 5361 716 5419 οὖν
756 5365 1019 5437 ἐξῄρηται
1062 5364 1365 5436 προφητεία
1415 5363 1514 5436 τῆς
1564 5364 1831 5420 Ἰουδαίων

257 5455 606 5527 Συναγωγῆς,
640 5456 741 5509 οὐκ
770 5456 836 5509 ἂν
865 5454 1160 5511 ὲνδοιάσειέ
1197 5471 1300 5519 τις,
1334 5454 1495 5507 αὑτοῦ
1537 5453 1832 5525 διακεκρα-

257 5543 415 5611 γότος
437 5543 532 5597 τοῦ
560 5546 900 5616 πράγματος.
922 5547 990 5602 Ol
1014 5545 1114 5617 μὲν
1138 5544 1247 5618 γὰρ
1270 5545 1527 5614 μακάριοι
1558 5548 1833 5616 προφῆται

259 5635 401 5687 κατά
435 5636 656 5704 καιροὺς
689 5637 978 5704 γεγονότες
1024 5637 1425 5706 προεκήρυττον
1467 5635 1558 5687 τὸν
1598 5635 1832 5704 Χριστὸν

328 5797 394 5826 ’θ’
424 5797 439 5849 l
471 5796 597 5852 Cor.
629 5812 726 5856 νη.
761 5795 810 5847 7.
887 5795 932 5826 ³⁰
959 5793 1106 5853 Psal.
1136 5809 1288 5858 ιιι-ιιι,
1317 5796 1368 5848 6.
1446 5793 1486 5823 ³¹
1533 5792 1732 5862 Epltcs.
1770 5808 1845 5859 vi,
1887 5794 1968 5847 12.

1935 4915 2143 4983 phetam
2183 4921 2235 4966 et
2277 4911 2644 4978 eonjectorem,
2687 4919 2736 4961 et
2783 4907 3058 4971 seniorem,
3101 4915 3150 4960 et
3195 4907 3504 4976 praefectum

1936 5004 2475 5076 quinquagenarium,
2522 5012 2570 5056 et
2624 5001 2985 5056 admirabilem
3027 5001 3412 5068 consiliarium,
3455 5015 3505 5058 et

1937 5094 2232 5162 sapientem
2279 5092 2649 5155 architectum,
2689 5101 2738 5145 et
2785 5105 3008 5160 gnarum
3054 5091 3348 5146 auditorem
3393 5106 3412 5144 :
3455 5104 3502 5146 et

1936 5185 2250 5238 constituam
2275 5181 2686 5236 adolescentulos
2716 5181 2974 5250 principes
3001 5197 3203 5250 eorum,
3236 5192 3284 5236 et
3317 5183 3506 5236 illnso-

1938 5292 2018 5331 res
2051 5273 2464 5329 dominabuntur
2491 5273 2619 5327 illis.

2009 5362 2320 5434 551taque
2339 5361 2671 5432 prophetiam
2697 5375 2763 5416 ex
2795 5359 3016 5417 Judaica
3051 5361 3330 5434 Synagoga
3367 5363 3501 5418 sub-

1937 5454 2101 5508 latam
2125 5468 2268 5520 esse,
2296 5469 2405 5509 non
2443 5462 2528 5509 est
2559 5467 2655 5508 cur
2683 5455 2889 5511 dubi-tet
2915 5455 3064 5526 quis,
3113 5470 3236 5510 cum
3270 5469 3357 5508 res
3386 5455 3501 5522 ipsa

1937 5547 2198 5602 clamitet.
2235 5545 2383 5600 Beati
2424 5561 2658 5613 namque
2701 5547 2973 5616 prophetae
2999 5546 3130 5602 olim
3155 5544 3338 5601 Jesum
3366 5557 3503 5611 pra-

1939 5636 2278 5690 dicaverunt.
2307 5636 2599 5705 Postquam
2630 5647 2808 5692 autem
2837 5637 3160 5706 completum
3189 5643 3332 5690 esset
3359 5629 3501 5700 quod

2073 5795 2120 5826 "
2153 5793 2283 5848 ibid.
2320 5793 2408 5848 Μ.
2488 5793 2533 5825 ³³
2563 5793 2602 5848 Il
2631 5794 2755 5850 Cur.
2788 5811 2842 5857 ι,
2880 5794 2928 5856 l,
2958 5794 2993 5846 2
3049 5793 3089 5850 ὗ
