5176 6482
756 340 859 395 101

1930 338 1999 395 IN
2038 337 2271 394 lSAIAM
2314 338 2443 397 LIB.
2488 343 2527 399 Ι.
2566 341 2772 398 ΟΒΑΤ.
2813 342 2876 399 ll.

3911 348 4011 406 £09

754 455 901 511 εἷναί
922 474 1102 528 φαμεν
1131 454 1507 526 ἀρχιτέκτονα,
1537 454 1628 509 τὸν
1654 455 1835 511 εἰδότα
1862 458 2066 529 νοητιῖκ
2109 456 2339 527 Ἐκκλη-
2365 470 2417 527 Δ
2445 458 2673 528 culpatis
2727 475 2798 530 m3

1966 458 2066 520 τῶς
2109 456 2339 527 Ἐκκλη-
2365 470 2417 527 Α
2445 458 2673 528 culpatis
2727 459 3092 530 mystagogiis,
3141 468 3196 515 et
3232 460 3369 515 falso
3430 462 3721 519 nominata
3772 465 4010 523 scientiae

757 551 884 604 σίαν
911 549 1235 619 οἰκοδομεῖν,
1266 548 1451 618 ὀρθαῖς
1480 565 1537 601 τε
1568 549 1662 601 καὶ
1687 549 2009 620 ἀμωμήτοις
2044 565 2334 618 μυσταγω-

752 643 910 710 γξαις
933 682 949 707 ,
992 641 1089 718 καὶ
1135 638 1505 710 καθαιροῦντα
1545 639 1644 710 μὲν
1675 640 1775 710 τῆς
1813 639 2164 711 ψευδωνύμου
2197 640 2337 709 γνὼ-

756 750 901 795 σεως
943 733 1069 794 τοὺς
1107 733 1475 801 φενακισμοὺς
1501 772 1513 795 ,
1554 731 1959 801 ἀνατειχίζοντα
1992 730 2047 783 δὲ
2095 733 2207 793 τοῖς
2236 731 2336 801 τῆς

753 822 1017 893 ἀληθείας
1043 821 1274 891 δόγμασι
1301 822 1410 873 τῶν
1444 822 1807 874 πιστευόντων
1831 820 1923 873 τὸν
1952 819 2098 874 νοῦν.
2121 821 2335 884 Ὀποῖός

753 933 840 978 τις
882 911 951 985 ἦν
989 918 1017 968 6
1050 913 1332 976 θεσπέσιος
1378 912 1589 975 Παῦλος
1630 913 1957 967 ἐπιστέλλων
1995 912 2089 966 καὶ
2137 912 2330 981 λέγων·

760 1027 778 1057 ε
810 1007 971 1060 Κατά
992 1007 1090 1077 τὴν
1119 1006 1278 1075 χάριν
1300 1004 1399 1076 τὴν
1432 1005 1676 1058 δοθεῖσαν
1704 1006 1847 1075 ἐμοὶ,
1871 1006 1945 1069 ὡς
1990 1005 2150 1075 σοφὸς
2178 1006 2333 1075 ἀρχι-

752 1100 965 1151 τέκτων
1017 1097 1264 1166 θεμέλιον
1327 1096 1581 1149 τέθεικα*
1641 1096 1798 1159 ἄλλος
1855 1096 1911 1148 δὲ
1970 1095 2329 1165 ἐποικοδομεῖ.

754 1191 1030 1251 Ἕκαστος
1076 1187 1131 1240 δὲ
1177 1186 1423 1256 βλεπέτω
1464 1187 1577 1250 πῶς
1609 1187 1899 1257 οἰκοδομεῖ.
1932 1186 2192 1257 Θεμέλιον
2224 1187 2331 1258 γάρ

751 1284 915 1338 ἀλλον
961 1282 1133 1343 οὐδεὶς
1173 1282 1398 1343 δύναται
1438 1281 1607 1334 θεῖναι
1655 1281 1808 1351 παρά
1840 1281 1930 1334 τὸν
1968 1282 2239 1351 κείμενον,
2272 1282 2329 1344 ὃς

750 1376 876 1426 ἐστι
896 1373 1145 1443 Χριστός.
1172 1390 1189 1422 ι
1222 1371 1409 1435 Οὐδεὶς
1435 1369 1527 1425 οὖν
1549 1371 1655 1441 ἄρα
1682 1371 1830 1441 παρὰ
1860 1374 1973 1435 τοῖς
2013 1372 2281 1435 Ἰουδαίοις
2302 1373 2330 1426 6

751 1463 918 1532 σοφὸς
942 1462 1298 1534 ἀρχιτέκτων,
1328 1462 1442 1515 ἀλλ’
1467 1462 1587 1515 οὐδὲ
1616 1462 1833 1525 συνετὸς
1862 1461 2155 1533 ἀκροατὴς,
2181 1462 2328 1531 λογι-

748 1544 959 1624 ζόμεθα
997 1553 1052 1605 δὲ
1085 1547 1221 1606 εἶναι
1249 1551 1456 1617 τοῦτον,
1484 1552 1575 1605 τὸν
1607 1551 1799 1621 ἔχοντα
1829 1552 2129 1623 διακρίσεις
2169 1571 2328 1606 πνευ-

750 1645 963 1715 μάτων,
1006 1644 1101 1697 καὶ
1130 1642 1369 1696 συνιέναι
1408 1642 1720 1713 δυνάμενος,
1760 1642 1844 1706 τίς
1891 1643 1991 1713 μὲν
2032 1643 2177 1695 ἔστιν
2205 1646 2233 1697 6
2268 1645 2326 1696 ἐν

744 1736 1025 1805 πνεύματι
1056 1734 1187 1788 Θεοῦ
1213 1733 1422 1801 λαλῶν,
1454 1734 1537 1799 τίς
1580 1735 1637 1788 δὲ
1683 1734 1845 1788 πάλιν
1892 1737 1949 1789 ἑν
1994 1736 2069 1806 τῷ
2100 1735 2323 1800 Βεελζε-

2444 549 2597 603 fucos
2638 549 2843 614 tollere,
2885 558 3049 619 atque
3079 558 3290 605 mentes
3320 552 3559 608 ﬁdelium
3603 555 3851 611 veritatis
3894 560 4009 628 Opi-

2441 638 2695 695 nionibus
2728 640 3088 696 communire.
3134 641 3447 710 annsmodi
3480 654 3599 701 erat
3621 646 3834 702 divinus
3870 647 4009 702 Pan-

2444 728 2526 782 lus
2580 731 2904 801 przecipiens
2955 741 3009 785 et
3055 732 3241 787 dicens
3290 751 3303 788 :
3351 753 3369 785 ι
3425 735 3729 790 Secundum
3779 740 4007 807 gratiam

2442 819 2621 873 datam
2662 822 2791 874 mihi
2822 836 2851 873 a
2883 821 3013 885 Deo,
3039 822 3419 893 velutsapicns
3448 828 3781 885 architectus
3816 831 4008 885 funda-

2443 921 2685 965 mentum
2751 912 2939 979 posui,
2997 912 3135 967 alius
3189 924 3366 968 autem
3431 922 3773 984 snperstruit.
3831 922 4008 977 Unus-

2439 1002 2667 1069 quisque
2717 1016 2846 1055 vero
2897 1002 3074 1056 videat
3102 1006 3370 1072 quomodo
3395 1017 3755 1074 superstruat.
3786 1011 4005 1065 Funda-

2438 1101 2679 1144 mentum
2718 1092 2861 1145 enim
2892 1092 3036 1145 aliud
3067 1109 3224 1147 nemo
3266 1104 3440 1162 potest
3476 1111 3693 1164 ponere,
3725 1109 3916 1167 praeter
3949 1102 4002 1155 id

2437 1182 2578 1251 quod
2609 1182 2841 1250 positum
2865 1192 2965 1249 est,
2999 1184 3087 1253 qui
3114 1194 3199 1238 est
3218 1183 3373 1240 Jcsus
3399 1186 3646 1243 Christus
3674 1189 3739 1243 ³⁵.
3770 1209 3789 1243 ι
3816 1190 4004 1247 Nullus

2437 1287 2567 1342 ergo
2598 1273 2735 1341 apud
2764 1272 2978 1328 Judzeos
3020 1276 3235 1344 sapiens
3270 1277 3600 1333 architectus
3636 1296 3651 1333 :
3694 1281 3789 1335 sed
3830 1296 4002 1351 neque

2437 1378 2638 1433 gnarus
2669 1364 2902 1418 auditor.
2941 1363 3097 1418 Hunc
3131 1380 3252 1421 esse
3300 1368 3632 1424 arbitramur
3664 1374 3755 1441 qui
3800 1374 4001 1444 dijudi-

2435 1452 2648 1505 catione
2682 1452 2903 1521 spiritus
2943 1455 3199 1523 prmditus
3243 1466 3348 1522 est,
3396 1459 3599 1529 quique
3627 1473 3802 1529 potest
3835 1463 4001 1518 inter-

2434 1558 2658 1597 noscere
2690 1545 2811 1612 quis
2836 1546 2885 1598 in
2929 1544 3021 1600 Dei
3048 1549 3240 1616 spiritu
3274 1550 3533 1618 loquitur,
3559 1562 3614 1607 et
3640 1554 3761 1623 Quis
3786 1572 3997 1611 rursum

2432 1634 2485 1687 in
2507 1633 2813 1690 Beelzebul.
2851 1636 3002 1691 Multi
3045 1641 3189 1693 enim
3223 1657 3250 1694 a
3284 1643 3467 1698 multis
3500 1659 3781 1702 sermones
3825 1649 3995 1702 habiti

2431 1733 2576 1789 sunt,
2633 1725 2724 1795 qui
2768 1728 3272 1799 enodantdogmata
3313 1737 3805 1802 accontroversias,
3829 1749 3883 1793 et
3904 1740 3995 1808 qui

745 1826 900 1881 ϐούλ.
930 1825 1120 1879 Πολλοὶ
1155 1825 1252 1896 μὲν
1292 1826 1401 1896 γάρ
1435 1826 1484 1880 οἰ
1526 1826 1677 1897 παρὰ
1709 1826 1915 1880 πολλῶν
1947 1826 2201 1895 γεγόνασι
2236 1827 2322 1880 λό-
2357 1824 2398 1878 Β
2429 1830 2640 1870 morum
2676 1819 2789 1884 pPOI

1948 1826 2201 1895 γεγόνασι
2236 1827 2322 1880 λά-
2357 1824 2398 1878 Β
2429 1830 2640 1870 morum
2676 1819 2997 1884 probitatem
3022 1822 3311 1876 inculcant.
3338 1824 3407 1877 At
3444 1826 3681 1895 imperiti
3715 1840 3767 1882 et
3797 1829 3992 1884 indoczi

742 1936 855 1986 γοι,
882 1918 975 1971 καὶ
994 1916 1324 1988 δογματικὴν
1348 1916 1603 1988 ἐξήγησιν
1628 1917 1861 1987 ἔχοντες,
1892 1918 1985 1969 καὶ
2007 1918 2104 1988 τῆς
2129 1920 2185 1970 ὲν
2210 1917 2324 1989 τρό-

740 2027 873 2072 ποις
898 2009 1197 2071 ἐπιεικείας
1222 2010 1320 2078 τὴν
1349 2008 1568 2079 μνήμην
1593 2009 1956 2079 εἰσφέροντες.
1993 2008 2129 2061 Ἀλλ’
2147 2010 2195 2061 οἰ
2226 2009 2324 2079 μὲν

741 2100 1001 2154 ἁσύνετοι
1042 2101 1134 2153 καὶ
1174 2100 1405 2170 ἀμαθεῖς
1440 2100 1768 2171 ἀδιακρίτως
1817 2099 2177 2171 ἁρπάζουσιν,
2230 2101 2325 2154 καὶ

739 2190 1142 2252 ἀϐασανίστους
1194 2189 1521 2260 εἰσδέχονται
1571 2192 1698 2253 τοὺς
1756 2189 1967 2258 λόγους,
2030 2191 2208 2243 καίτοι
2263 2191 2324 2244 τὸ

738 2281 989 2351 ὠφελοῦν
1028 2281 1247 2351 ἔχοντας
1288 2278 1459 2347 οὐδὲν,
1497 2281 1631 2335 πολὺ
1675 2281 1732 2334 δὲ
1774 2281 1973 2351 μᾶλλον
2018 2283 2078 2335 τὸ
2126 2282 2323 2353 βλάϐος

739 2372 993 2443 ἐμποιεῖν
1017 2371 1293 2435 εἰωθότας.
1337 2371 1396 2425 Ὀ
1415 2371 1471 2424 δὲ
1500 2372 1716 2435 συνετὸς
1744 2373 2041 2444 ἀκροατὴς,
2072 2372 2321 2445 καθάπερ

736 2461 965 2532 δόκιμος
993 2462 1322 2532 τραπεζίτης
1356 2461 1653 2532 εἰσδέχεται
1687 2462 1783 2533 μὲν
1815 2463 1876 2516 τὸ
1903 2464 2144 2533 πεφυκὸς
2177 2464 2320 2533 ὠφε-

736 2552 876 2615 λεῖν,
909 2552 1358 2623 κατακιϐδηλεύει
1384 2552 1441 2605 δὲ
1470 2552 1719 2624 καθάπερ
1741 2571 1791 2606 τι
1822 2556 2147 2626 παράσημον
2170 2555 2321 2625 νόμι-

740 2660 856 2711 σμα
903 2642 969 2696 τὸ
1012 2642 1087 2713 μὴ
1128 2641 1300 2705 οὕτως
1336 2641 1477 2713 ἕχον.
1508 2643 1758 2697 Τοιοῦτόν
1784 2662 1837 2697 τι
1872 2647 1965 2699 καὶ
1991 2648 2019 2698 6
2051 2646 2319 2717 μακάριος

736 2731 956 2795 Παῦλός
986 2749 1138 2803 φησι·
1181 2752 1199 2784 ι
1234 2732 1453 2786 Γίνεσθε
1481 2733 1731 2805 φρόνιμοι
1764 2737 2106 2806 τραπεζῖται,
2140 2738 2317 2791 πάντα

733 2822 1085 2893 δοκιμάζετε,
1116 2823 1176 2875 τὸ
1204 2822 1368 2876 καλὸν
1407 2824 1686 2894 κατέχετε,
1730 2826 1837 2879 ἀπὸ
1890 2828 2091 2891 παντὸς
2145 2829 2317 2893 εἴδους

734 2914 981 2987 πονηροῦ
1009 2915 1297 2984 ἀπέχεσθε.
1334 2934 1353 2968 ι
1379 2916 1489 2969 Καὶ
1520 2917 1626 2988 μὴν
1654 2917 1750 2971 κα)⁸
1796 2918 1981 2989 ἕτερος
2008 2919 2114 2973 τῶν
2144 2922 2316 2990 ἁγίων

736 3005 1006 3079 μαθητῶν
1025 3004 1233 3078 συνφδά
1256 3004 1464 3071 τούτοις
1486 3008 1760 3063 ἐπιτάττει
1784 3008 1977 3079 λέγων·
2007 3030 2024 3062 ι
2050 3009 2312 3082 Ἀδελφοῖ,

728 3097 1061 3168 δοκιμάζετε
1120 3097 1189 3151 τά
1232 3098 1538 3170 πνεύματα,
1579 3102 1625 3153 εἰ
1660 3100 1724 3155 ὲκ
1770 3101 1864 3155 τοῦ
1905 3101 2040 3156 Θεοῦ
2080 3104 2249 3157 ἐστιν.
2289 3123 2308 3155 ο

728 3192 958 3246 Τούτων
1005 3193 1069 3263 δὴ
1120 3186 1211 3245 οῦν
1259 3190 1512 3244 ἀπάντων
1564 3190 1955 3264 ἀφῃρημένων,
2014 3194 2311 3264 ἐπιστήσω,

728 3284 894 3355 φησὶ,
941 3282 1257 3344 νεανίσκους
1298 3281 1565 3353 ἄρχοντας
1615 3282 1813 3346 αὐτῶν,
1865 3284 1960 3336 καὶ
2014 3284 2315 3353 ἐμπαῖκται

723 3371 1119 3443 κυριεύσουσιν
1141 3370 1338 3424 αὐτῶν.
1372 3369 1703 3435 Νεανίσκους
1730 3371 1786 3424 δὲ
1813 3370 1973 3426 πάλιν
1994 3372 2054 3424 οὐ
2082 3372 2224 3425 κατά
2251 3389 2312 3441 γε

725 3463 822 3516 τὸν
852 3463 956 3533 τῆς
978 3462 1193 3533 ἡλικίας
1214 3462 1403 3535 χρόνον
1429 3464 1615 3517 ἐνθάδε
1644 3464 1828 3535 φησὶν,
1859 3463 1995 3518 ἀλλά
2015 3465 2140 3527 τοὺς
2162 3464 2315 3517 οὔπω

725 3553 999 3624 λαχόντας
1025 3554 1088 3606 τὸ
1118 3554 1174 3606 ἐν
1208 3552 1418 3607 συνέσει
1444 3553 1665 3608 τέλειον.
1714 3556 1963 3624 Ἀφρονεῖ
1983 3555 2039 3607 δὲ
2064 3557 2096 3624 ἡ
2127 3555 2315 3624 νεότης

731 3647 842 3707 ἀεὶ,
875 3645 971 3697 καὶ
1004 3645 1319 3699 σεσάλευται
1342 3644 1479 3716 πρὸς
1505 3644 1564 3698 τὸ
1590 3645 1816 3709 ἀπαθὲς,
1844 3646 1936 3699 καί⁵
1960 3646 2055 3716 τῆς
2083 3646 2313 3717 ἀρίστης

730 3737 965 3807 ἡττᾶται
996 3736 1207 3807 βουλῆς.
1236 3736 1547 3790 Διατελοῦσι
1581 3737 1637 3790 δὲ
1665 3736 1760 3790 καὶ
1791 3739 1869 3799 εἰς
1900 3736 2057 3808 δεῦρο
2089 3737 2228 3791 κατὰ
2252 3738 2313 3791 τὸ

731 3829 935 3894 ἀληθὲς
972 3829 1244 3893 τοιούτους
1277 3830 1490 3901 ἔχοντες
1522 3831 1764 3884 Ἰουδαῖοι
1796 3832 1923 3895 τοὺς
1952 3832 2309 3902 ἡγουμένους,

731 3922 827 3971 καὶ
860 3919 1159 3990 νεωτέρους
1189 3920 1289 3990 τὴν
1324 3920 1580 3990 ἐρημίαν.
1622 3921 1950 3991 Ἐμπαῖκται
1984 3922 2039 3974 δὲ
2073 3923 2163 3975 καὶ
2196 3923 2312 3976 ἑτέ-

733 4024 865 4079 ρως,
903 4008 1205 4080 ὠνούμενοι
1250 4012 1493 4082 χρήμασι
1536 4012 1597 4064 τὸ
1651 4011 1931 4067 καλεῖσθαι
1967 4013 2177 4077 Ῥαϐϐὶ,
2218 4014 2311 4067 καὶ

730 4099 1078 4170 φιλοκερδίας
1111 4098 1288 4170 ἕνεκα⁸
1319 4100 1413 4153 καὶ
1453 4100 1754 4171 λημμάτων
1789 4102 2051 4172 συλλογῆς
2086 4104 2145 4155 τὺ
2177 4103 2311 4155 καθ-

729 4190 989 4260 ηγεῖσθαι
1023 4190 1301 4261 λαχόντες.
1334 4191 1471 4244 Ἀλλ’
1497 4192 1613 4260 οἵγε
1644 4191 1737 4245 τοῦ
1772 4194 1988 4247 πάντων
2017 4194 2173 4264 ἡμῶν
2198 4196 2309 4248 Σω-

728 4281 897 4351 τῆρος
928 4280 1192 4351 Χριστοῦ,
1220 4281 1320 4354 τὴν
1348 4282 1445 4351 τῆς
1478 4282 1816 4354 ὑποκρίσεως
1835 4284 2185 4356 διωθούμενοι
2218 4287 2306 4339 νό-

732 4387 844 4433 σον,
878 4371 1103 4442 ἀληθεῖς
1138 4374 1246 4427 εἰσι
1293 4375 1685 4445 προσκυνηταὶ,
1731 4374 1825 4427 καὶ
1865 4376 1926 4428 οὐ
1965 4378 2077 4439 τοῖς
2111 4375 2308 4443 ἔξωθεν

2427 1911 2562 1961 citra
2594 1908 2883 1963 discrimen
2932 1914 3169 1980 rapiunt,
3199 1924 3252 1967 et
3301 1918 3436 1968 citra
3470 1932 3697 1973 examen
3731 1922 3997 1990 recipiunt

2426 2012 2725 2063 sermones,
2772 2001 2871 2054 etsi
2928 2002 3061 2055 nihil
3117 2004 3463 2061 emolumenti
3508 2009 3761 2076 habeant,
3807 2012 3915 2065 imo
3949 2015 3993 2067 si

2425 2101 2801 2144 nocumentum
2832 2093 3010 2161 potius
3044 2093 3290 2150 aderant.
3335 2097 3494 2167 Atqui
3530 2104 3991 2169 gnarusauditor,

2428 2182 2587 2237 veluti
2619 2194 2871 2254 expertus
2898 2187 3310 2253 nummularius,
3341 2190 3482 2260 quod
3536 2192 3792 2261 prodesse
3834 2196 3991 2259 Solet,

2424 2272 2699 2338 admittit;
2763 2277 2906 2342 quod
2936 2289 3093 2328 secus
3127 2274 3309 2341 habet,
3371 2278 3514 2331 velut
3544 2278 3679 2333 male
3726 2281 3990 2349 signatum

2422 2364 2716 2428 nomisma,
2765 2364 3127 2419 adulterinum
3176 2365 3406 2436 judicat.
3452 2367 3566 2422 Non
3601 2371 3860 2424 dissimile
3908 2382 3993 2425 est

2420 2455 2562 2525 quod
2591 2453 2651 2507 Β.
2685 2455 2881 2511 Paulus
2908 2458 3119 2526 inquit:
3150 2477 3167 2509 ι
3202 2458 3386 2514 Estote
3416 2462 3707 2531 prudentes
3736 2479 3989 2517 nunttnu-

2420 2544 2564 2612 larii,
2604 2548 2783 2601 omnia
2821 2549 3132 2617 probantes,
3172 2552 3315 2620 quod
3346 2552 3544 2606 bonum
3578 2562 3661 2608 est
3691 2562 3887 2623 tenete,
3922 2558 3991 2611 ab

2418 2638 2567 2691 omni
2599 2640 2779 2708 specie
2806 2641 2943 2694 mala
2990 2642 3255 2696 abstinete
3279 2642 3346 2698 ³⁸.
3383 2662 3401 2695 ι
3442 2644 3593 2699 Alius
3628 2661 3788 2711 porro
3814 2662 3844 2702 e
3864 2665 3991 2703 san-

2419 2734 2523 2788 ctis
2562 2734 2838 2803 discipulis
2903 2735 3162 2804 praecepit
3217 2735 3366 2790 hisce
3427 2751 3701 2803 consona,
3755 2741 3986 2796 dicens:

2424 2842 2442 2875 ι
2481 2824 2723 2889 Fratres,
2741 2823 2844 2895 57
2866 2826 3090 2893 probate
3116 2825 3339 2893 spiritus
3365 2866 3380 2891 ,
3422 2842 3489 2881 an
3520 2843 3586 2882 ex
3616 2829 3723 2884 Deo
3738 2829 3935 2885 sint".
3962 2851 3981 2884 ο

2418 2914 2512 2970 His
2570 2932 2699 2989 ergo
2750 2917 3000 2971 omnibus
3049 2917 3335 2984 submotis,
3375 2920 3719 2987 substituam,
3770 2921 3984 2992 inquit,

2417 3008 2849 3063 adolescentulos
2886 3008 3157 3078 principes
3201 3024 3411 3073 eorum,
3463 3022 3517 3065 et
3564 3009 3835 3068 derisores
3891 3015 3987 3067 do-

2424 3100 2774 3154 minabuntur
2827 3099 2952 3153 illis.
3014 3098 3457 3156 Atlolescentulos
3504 3117 3717 3157 rursum
3764 3120 3869 3158 non
3918 3110 3986 3160 ab

2420 3199 2579 3246 aetate
2601 3191 2688 3245 hic
2719 3200 2898 3257 vocat,
2927 3190 3021 3246 sed
3061 3193 3151 3260 qui
3185 3193 3420 3247 nomium
3449 3193 3746 3264 perfectum
3781 3196 3985 3253 intelli-

2418 3280 2612 3351 gentiae
2627 3280 2838 3335 culmen
2871 3292 2990 3335 sunt
3019 3284 3318 3338 consecuti.
3348 3285 3554 3355 Desipit
3588 3289 3731 3342 enim
3773 3304 3986 3361 semper

2413 3371 2685 3438 juventus,
2736 3381 2790 3427 et
2827 3372 3161 3442 ignoratione
3186 3373 3425 3443 jactalur
3458 3387 3512 3431 et
3537 3377 3797 3447 ﬂuctuat,
3845 3385 3986 3453 Opti-

2417 3476 2671 3530 mumque
2723 3463 3006 3517 consilium
3062 3465 3166 3520 illis
3214 3467 3412 3523 deﬁcit.
3472 3469 3683 3526 llabent
3715 3483 3892 3528 autem
3928 3487 3984 3530 et

2417 3551 2579 3607 hodie
2622 3551 2792 3608 Judzei
2843 3555 3005 3611 duces
3040 3572 3167 3612 vere
3206 3558 3359 3624 tales,
3416 3574 3595 3617 mente
3642 3565 3868 3633 juvenes
3929 3576 3984 3621 et

2416 3642 2683 3699 illusores.
2728 3644 3074 3701 Suﬁurantur
3125 3650 3267 3704 enim
3314 3651 3591 3708 hominum
3622 3656 3983 3713 existimatio-

2415 3750 2571 3801 nem,
2605 3737 2851 3789 omnium
2904 3737 3027 3792 licet
3068 3740 3365 3806 bonorum,
3425 3745 3710 3814 onmisque
3767 3747 3982 3806 virtutis

2414 3839 2605 3894 magna
2665 3826 2911 3881 laborent
2971 3830 3170 3897 inopia.
3229 3833 3365 3885 Sunt
3406 3845 3460 3888 et
3516 3834 3672 3889 aliter
3711 3837 3979 3908 illusores,

2413 3917 2537 3971 dum
2591 3929 2777 3973 emunt
2825 3922 3066 3990 pecuniis
3111 3932 3168 3976 nt
3217 3922 3731 3991 Rabbivocitc-ntnr,
3768 3940 3821 3984 et
3853 3947 3982 4000 pro-

2412 4016 2532 4076 pter
2568 4018 2811 4077 quaestus
2861 4011 3136 4077 studium,
3192 4022 3248 4066 ut
3292 4017 3501 4082 przedas
3554 4029 3889 4087 aucupentur
3917 4036 3983 4076 ac

2410 4099 2707 4169 colligant,
2742 4104 2966 4157 docendi
3005 4121 3197 4161 tnnntts
3232 4107 3625 4175 adipiscuntur.
3656 4112 3856 4169 Verum
3887 4116 3980 4186 qui

2409 4191 2724 4261 propulsato
2778 4193 3130 4265 hypocriseos
3183 4198 3392 4265 morbo,
3426 4201 3538 4256 veri
3569 4212 3696 4259 sunt
3733 4209 3975 4263 omnium

2410 4287 2651 4338 nostrum
2705 4281 3011 4341 Servatoris
3039 4286 3240 4343 Christi
3269 4292 3587 4348 adoratores
3611 4333 3625 4358 ,
3662 4310 3766 4350 non
3796 4308 3980 4353 exter-

2410 4369 2492 4424 nis
2513 4372 2799 4427 decoribns
2826 4374 3058 4429 fucatam
3085 4377 3281 4433 habent
3313 4381 3530 4437 virtutis
3558 4387 3793 4453 speciem
3819 4427 3835 4451 ,
3875 4390 3972 4443 sed

728 4459 1034 4530 ὡραῖσμοῖς
1084 4461 1508 4533 πεπλανημένην
1567 4462 1632 4533 [Ῑ.
1675 4463 2082 4537 πεπλασμένην]
2122 4464 2303 4535 ἔχουσι
2338 4477 2380 4532 D
2409 4459 2625 4527 pietatis
2656 4476 2772 4514 orm

1930 4463 2082 4537 ένην]
2122 4464 2303 4535 ἔχουσι
2338 4477 2380 4532 υ
2409 4459 2625 4527 pietatis
2656 4474 2995 4528 ornamenta,
3030 4466 3164 4519 intra
3199 4480 3429 4523 mentem
3457 4481 3512 4524 et
3537 4487 3632 4527 cor
3659 4476 3974 4542 admittunt,

727 4551 827 4620 τῆς
860 4552 1064 4623 ἀρετῆς
1092 4552 1190 4623 τὴν
1223 4553 1467 4625 δόκησιν,
1498 4554 1612 4608 ἀλλ’
1641 4556 1721 4619 εἰς
1750 4555 1874 4610 νοῦν
1902 4556 2009 4609 ἔσω
2040 4558 2133 4611 καὶ
2172 4575 2306 4630 καρ-

726 4640 846 4695 δίαν
871 4644 942 4696 τά
975 4643 1078 4713 τῆς
1108 4646 1187 4711 εἰς
1213 4644 1347 4699 Θεὸν
1377 4646 1658 4710 εὐσεϐείας
1687 4648 2099 4715 συνενεγκόντες
2131 4650 2305 4722 αὐχή-

733 4748 895 4801 ματα,
923 4734 1293 4805 περιπατοῦσι
1326 4735 1423 4805 μὲν
1450 4737 1542 4788 ἐπὶ
1562 4738 1683 4806 γῆς,
1710 4737 1767 4789 ὲν
1791 4737 1848 4790 δὲ
1874 4737 2126 4809 οὐρανοῖς
2154 4740 2301 4793 πολιο

727 4823 999 4887 τεύονται,
1026 4824 1341 4898 καθηγητὴν
1367 4827 1577 4896 ἔχοντες
1603 4826 1766 4880 αὑτὸν
1795 4827 1884 4881 τὸν
1913 4828 2116 4901 Κύριον
2147 4830 2303 4901 ήμῶν

741 4914 945 4984 Ἰησοῦν
977 4916 1071 4970 τὸν
1105 4918 1358 4989 Χριστόν.

800 5010 905 5063 Καὶ
926 5010 1323 5079 συμπεσεῖται
1348 5013 1380 5063 ὀ
1400 5011 1566 5074 λαὸς,
1582 5010 1889 5078 ἄνθρωπος
1914 5012 2062 5080 πρὸς
2085 5012 2304 5081 ἅνθρω-

728 5114 877 5165 xor,
926 5101 1028 5154 καί
1072 5102 1381 5171 ἅνθρωπος
1428 5104 1578 5170 πρὸς
1604 5103 1733 5181 ,τὸν
1779 5105 2048 5172 πλησίον
2092 5105 2299 5159 αὐτοῦ.

725 5193 1069 5261 Προσκόψει
1095 5194 1163 5246 τὸ
1187 5192 1427 5247 παιδίον
1451 5192 1601 5262 πρὸς
1625 5194 1733 5249 τὸν
1752 5196 2117 5265 πρεσϐύτην,
2149 5196 2247 5251 καὶ
2269 5200 2302 5251 ό

725 5282 933 5350 ἄτιμος
962 5286 1113 5353 πρὸς
1135 5284 1245 5339 τὸν
1266 5285 1527 5355 ἔντιμον.

800 5372 1371 5446 Προκαταμεμήνυκεν
1405 5376 1539 5447 ἡμῖν
1565 5377 1595 5429 6
1613 5375 1790 5445 λόγος,
1820 5377 1897 5441 ὡς
1933 5378 2302 5451 ἀφαιρεθήσε-

724 5474 822 5515 ται
860 5464 953 5533 τῆς
991 5466 1250 5530 Ἰουδαίας
1292 5467 1445 5537 ἰσχῦς
1476 5468 1639 5539 ἄρτου
1667 5468 1759 5521 καὶ
1788 5470 1943 5539 ἰσχὺς
1968 5469 2179 5536 ὓδατος,
2211 5471 2299 5539 γί-

726 5568 837 5617 γας
875 5569 929 5606 τε
977 5556 1069 5608 καὶ
1107 5556 1324 5627 ἰσχύων,
1368 5555 1719 5629 πολεμιστὴς,
1755 5559 1849 5612 καὶ
1890 5558 2168 5631 δικαστὴς,
2205 5561 2298 5613 καὶ

2412 4564 2475 4603 ac
2504 4549 2555 4602 in
2591 4558 2732 4605 terra
2764 4552 2981 4621 quidem
3008 4556 3386 4623 obambulant,
3428 4561 3520 4615 sed
3562 4562 3614 4614 in
3660 4563 3812 4617 omlis
3856 4581 3977 4620 ver-

2412 4648 2639 4709 santur,
2705 4654 3092 4713 prteceptorem
3149 4647 3408 4703 habentes
3469 4648 3643 4719 ipsum
3692 4652 3975 4710 Dominum
4000 4705 4019 4741 ,ν

2412 4743 2652 4787 nostrum
2687 4732 2868 4789 Jesum
2906 4736 3200 4793 Christum.

2488 5018 2651 5075 Vsus.
2677 5019 2730 5074 5.
2777 5020 2841 5075 Et
2874 5025 3106 5078 concidet
3140 5028 3384 5095 populus,
3413 5029 3563 5082 homo
3586 5034 3653 5083 ad
3691 5034 3972 5102 hominem,

2409 5120 2457 5164 et
2486 5110 2639 5163 homo
2672 5113 2740 5165 ad
2761 5116 3060 5182 proximum
3091 5133 3263 5171 suum.
3290 5116 3543 5188 Impinget
3575 5124 3825 5189 puerulus
3849 5144 3975 5182 cou-

2410 5210 2493 5255 tra
2530 5218 2724 5269 senem,
2765 5214 2813 5257 et
2851 5205 3095 5274 ignobilis
3127 5218 3309 5261 contra
3346 5211 3591 5265 nobilem.

2478 5380 2737 5449 Exposuit
2783 5389 2962 5436 autem
3002 5383 3156 5437 nobis
3198 5384 3286 5439 hic
3321 5401 3498 5440 sermo
3538 5387 3885 5445 auferendum
3943 5406 3973 5446 α

2402 5467 2584 5523 Iudaea
2620 5471 2781 5525 robur
2810 5472 2981 5541 panis,
3015 5482 3069 5527 et
3100 5476 3263 5527 rolmr
3304 5492 3477 5545 aquae,
3510 5480 3777 5549 gigantem
3808 5481 3971 5533 etiam

2400 5569 2453 5615 et
2488 5572 2892 5631 pra-potentem,
2930 5564 3241 5621 bellatorem
3268 5578 3318 5622 et
3339 5568 3598 5638 judicent,
3623 5570 3750 5640 quin
3772 5581 3824 5626 et
3847 5585 3969 5640 pro-

801 5707 891 5759 ’δι
924 5708 1142 5773 Comm,
1167 5711 1253 5777 10,
1283 5711 1368 5764 ll.
1443 5712 1525 5765 ³⁸1
1553 5712 1743 5768 Thess.
1788 5730 1842 5780 ν,
1871 5713 1961 5781 21,
1987 5714 2080 5773 εε.
2156 5714 2202 5747 ³⁸
2233 5713 2274 5769 ll
2308 5713 2466 5771 Joan.
2503 5731 2578 5783 tv,
2600 5716 2650 5771 l.
