  <div class='ocr_page' id='page_1' title='image "/cluster/home/n/w/nwhite01/storage/ocr_20150623/70/hvd.32044019207901/059.png"; bbox 0 0 4178 6492; ppageno 0'>
   <div class='ocr_carea' id='block_1_1' title="bbox 706 329 810 383">
    <p class='ocr_par' dir='ltr' id='par_1_1' title="bbox 706 329 810 383">
     <span class='ocr_line' id='line_1_1' title="bbox 706 329 810 383; baseline -0.01 0"><span class='ocrx_word' id='word_1_1' title='bbox 706 330 731 383; x_wconf 75' lang='grc'><strong>1</strong></span> <span class='ocrx_word' id='word_1_2' title='bbox 742 329 810 382; x_wconf 80' lang='lat'><strong>05</strong></span> 
     </span>
    </p>
   </div>
   <div class='ocr_carea' id='block_1_2' title="bbox 1714 296 2959 364">
    <p class='ocr_par' dir='ltr' id='par_1_2' title="bbox 1714 296 2959 364">
     <span class='ocr_line' id='line_1_2' title="bbox 1714 296 2959 364; baseline -0.01 0"><span class='ocrx_word' id='word_1_3' title='bbox 1714 309 1771 364; x_wconf 87' lang='lat' dir='ltr'><strong>S.</strong></span> <span class='ocrx_word' id='word_1_4' title='bbox 1815 303 2092 362; x_wconf 73' lang='lat' dir='ltr'><strong>CYRILU</strong></span> <span class='ocrx_word' id='word_1_5' title='bbox 2131 296 2597 357; x_wconf 73' lang='lat' dir='ltr'><strong>ALEXANDRINI</strong></span> <span class='ocrx_word' id='word_1_6' title='bbox 2644 296 2959 352; x_wconf 74' lang='lat' dir='ltr'><strong>ARCIIIEP.</strong></span> 
     </span>
    </p>
   </div>
   <div class='ocr_carea' id='block_1_3' title="bbox 3845 297 3948 352">
    <p class='ocr_par' dir='ltr' id='par_1_3' title="bbox 3845 297 3948 352">
     <span class='ocr_line' id='line_1_3' title="bbox 3845 297 3948 352; baseline 0 -1"><span class='ocrx_word' id='word_1_7' title='bbox 3845 297 3948 352; x_wconf 65' lang='grc'><strong>104</strong></span> 
     </span>
    </p>
   </div>
   <div class='ocr_carea' id='block_1_4' title="bbox 707 414 2318 513">
    <p class='ocr_par' dir='ltr' id='par_1_4' title="bbox 707 424 2318 513">
     <span class='ocr_line' id='line_1_4' title="bbox 707 424 2318 513; baseline -0.014 -18"><span class='ocrx_word' id='word_1_8' title='bbox 707 444 926 513; x_wconf 75' lang='lat' dir='ltr'><strong>phetam</strong></span> <span class='ocrx_word' id='word_1_9' title='bbox 972 444 1028 494; x_wconf 88' lang='lat' dir='ltr'><strong>et</strong></span> <span class='ocrx_word' id='word_1_10' title='bbox 1075 435 1456 496; x_wconf 87' lang='lat' dir='ltr'><strong>divinatorem,</strong></span> <span class='ocrx_word' id='word_1_11' title='bbox 1505 441 1711 493; x_wconf 87' lang='lat' dir='ltr'><strong>senem,</strong></span> <span class='ocrx_word' id='word_1_12' title='bbox 1762 434 1819 479; x_wconf 91' lang='lat' dir='ltr'><strong>et</strong></span> <span class='ocrx_word' id='word_1_13' title='bbox 1863 424 2318 493; x_wconf 56' lang='lat' dir='ltr'><strong>quinquagena-1</strong></span> 
     </span>
    </p>
   </div>
   <div class='ocr_carea' id='block_1_5' title="bbox 2386 414 3949 513">
    <p class='ocr_par' dir='ltr' id='par_1_5' title="bbox 2386 414 3949 488">
     <span class='ocr_line' id='line_1_5' title="bbox 2386 414 3949 488; baseline -0.003 -17"><span class='ocrx_word' id='word_1_14' title='bbox 2386 419 2485 488; x_wconf 79' lang='grc' dir='ltr'>μὴν</span> <span class='ocrx_word' id='word_1_15' title='bbox 2515 418 2608 470; x_wconf 75' lang='grc' dir='ltr'><strong>καὶ</strong></span> <span class='ocrx_word' id='word_1_16' title='bbox 2639 418 2922 488; x_wconf 73' lang='grc' dir='ltr'><strong>προφήτης</strong></span> <span class='ocrx_word' id='word_1_17' title='bbox 2957 419 3051 470; x_wconf 82' lang='grc' dir='ltr'>καὶ</span> <span class='ocrx_word' id='word_1_18' title='bbox 3081 414 3405 486; x_wconf 82' lang='grc' dir='ltr'>στοχαστὴς,</span> <span class='ocrx_word' id='word_1_19' title='bbox 3430 415 3523 468; x_wconf 76' lang='grc' dir='ltr'>καὶ</span> <span class='ocrx_word' id='word_1_20' title='bbox 3555 414 3949 486; x_wconf 85' lang='grc' dir='ltr'>πρεσϐύτερος,</span> 
     </span>
    </p>
   </div>
   <div class='ocr_carea' id='block_1_6' title="bbox 710 514 2274 591">
    <p class='ocr_par' dir='ltr' id='par_1_6' title="bbox 710 514 2274 591">
     <span class='ocr_line' id='line_1_6' title="bbox 710 514 2274 591; baseline -0.013 -5"><span class='ocrx_word' id='word_1_21' title='bbox 710 534 849 587; x_wconf 90' lang='lat' dir='ltr'><strong>rium</strong></span> <span class='ocrx_word' id='word_1_22' title='bbox 916 528 1140 590; x_wconf 89' lang='lat' dir='ltr'><strong>ducem,</strong></span> <span class='ocrx_word' id='word_1_23' title='bbox 1189 532 1246 579; x_wconf 91' lang='lat' dir='ltr'><strong>et</strong></span> <span class='ocrx_word' id='word_1_24' title='bbox 1305 518 1707 591; x_wconf 88' lang='lat' dir='ltr'><strong>suspiciendum</strong></span> <span class='ocrx_word' id='word_1_25' title='bbox 1767 514 2161 580; x_wconf 81' lang='lat' dir='ltr'><strong>consiliarium,</strong></span> <span class='ocrx_word' id='word_1_26' title='bbox 2218 519 2274 566; x_wconf 89' lang='lat' dir='ltr'><strong>et</strong></span> 
     </span>
    </p>
   </div>
   <div class='ocr_carea' id='block_1_7' title="bbox 710 605 2273 687">
    <p class='ocr_par' dir='ltr' id='par_1_7' title="bbox 710 605 2273 687">
     <span class='ocr_line' id='line_1_7' title="bbox 710 605 2273 687; baseline -0.013 -10"><span class='ocrx_word' id='word_1_27' title='bbox 710 624 870 677; x_wconf 86' lang='lat' dir='ltr'><strong>etiam</strong></span> <span class='ocrx_word' id='word_1_28' title='bbox 903 618 1202 687; x_wconf 82' lang='lat' dir='ltr'><strong>sapientem</strong></span> <span class='ocrx_word' id='word_1_29' title='bbox 1248 613 1629 671; x_wconf 81' lang='lat' dir='ltr'><strong>architectum,</strong></span> <span class='ocrx_word' id='word_1_30' title='bbox 1668 615 1722 662; x_wconf 90' lang='lat' dir='ltr'><strong>et</strong></span> <span class='ocrx_word' id='word_1_31' title='bbox 1757 605 2142 673; x_wconf 87' lang='lat' dir='ltr'><strong>intelligentem</strong></span> <span class='ocrx_word' id='word_1_32' title='bbox 2174 618 2273 657; x_wconf 76' lang='lat' dir='ltr'><strong>au—</strong></span> 
     </span>
    </p>
   </div>
   <div class='ocr_carea' id='block_1_8' title="bbox 717 694 2273 775">
    <p class='ocr_par' dir='ltr' id='par_1_8' title="bbox 717 694 2273 775">
     <span class='ocr_line' id='line_1_8' title="bbox 717 694 2273 775; baseline -0.012 -9"><span class='ocrx_word' id='word_1_33' title='bbox 717 714 966 766; x_wconf 90' lang='lat' dir='ltr'><strong>ditorem.</strong></span> <span class='ocrx_word' id='word_1_34' title='bbox 1018 707 1282 775; x_wconf 82' lang='lat' dir='ltr'><strong>Deinceps</strong></span> <span class='ocrx_word' id='word_1_35' title='bbox 1326 717 1432 773; x_wconf 80' lang='lat' dir='ltr'><strong>quo</strong></span> <span class='ocrx_word' id='word_1_36' title='bbox 1482 699 1697 754; x_wconf 91' lang='lat' dir='ltr'><strong>tandem</strong></span> <span class='ocrx_word' id='word_1_37' title='bbox 1754 710 1842 751; x_wconf 89' lang='lat' dir='ltr'><strong>res</strong></span> <span class='ocrx_word' id='word_1_38' title='bbox 1881 695 2092 758; x_wconf 88' lang='lat' dir='ltr'><strong>evadet,</strong></span> <span class='ocrx_word' id='word_1_39' title='bbox 2129 702 2184 749; x_wconf 91' lang='lat' dir='ltr'><strong>et</strong></span> <span class='ocrx_word' id='word_1_40' title='bbox 2221 694 2273 747; x_wconf 92' lang='lat' dir='ltr'><strong>in</strong></span> 
     </span>
    </p>
   </div>
   <div class='ocr_carea' id='block_1_9' title="bbox 711 783 2276 871">
    <p class='ocr_par' dir='ltr' id='par_1_9' title="bbox 711 783 2276 871">
     <span class='ocr_line' id='line_1_9' title="bbox 711 783 2276 871; baseline -0.01 -16"><span class='ocrx_word' id='word_1_41' title='bbox 711 811 971 871; x_wconf 89' lang='lat' dir='ltr'><strong>quantum</strong></span> <span class='ocrx_word' id='word_1_42' title='bbox 1030 796 1413 853; x_wconf 89' lang='lat' dir='ltr'><strong>detrimentum</strong></span> <span class='ocrx_word' id='word_1_43' title='bbox 1470 790 1602 861; x_wconf 83' lang='lat' dir='ltr'><strong>ipsis</strong></span> <span class='ocrx_word' id='word_1_44' title='bbox 1652 795 1921 858; x_wconf 80' lang='lat' dir='ltr'><strong>erumpet,</strong></span> <span class='ocrx_word' id='word_1_45' title='bbox 1990 783 2276 840; x_wconf 90' lang='lat' dir='ltr'><strong>manifeste</strong></span> 
     </span>
    </p>
   </div>
   <div class='ocr_carea' id='block_1_10' title="bbox 709 876 2276 962">
    <p class='ocr_par' dir='ltr' id='par_1_10' title="bbox 709 876 2276 962">
     <span class='ocr_line' id='line_1_10' title="bbox 709 876 2276 962; baseline -0.009 -17"><span class='ocrx_word' id='word_1_46' title='bbox 709 892 899 962; x_wconf 88' lang='lat' dir='ltr'><strong>aperit,</strong></span> <span class='ocrx_word' id='word_1_47' title='bbox 924 904 1046 943; x_wconf 91' lang='lat' dir='ltr'><strong>cum</strong></span> <span class='ocrx_word' id='word_1_48' title='bbox 1076 902 1201 941; x_wconf 82' lang='lat' dir='ltr'><strong>mox</strong></span> <span class='ocrx_word' id='word_1_49' title='bbox 1232 884 1413 939; x_wconf 87' lang='lat' dir='ltr'><strong>subdit</strong></span> <span class='ocrx_word' id='word_1_50' title='bbox 1438 900 1452 937; x_wconf 89' lang='lat'><strong>:</strong></span> <span class='ocrx_word' id='word_1_51' title='bbox 1491 898 1511 932; x_wconf 76' lang='grc' dir='ltr'><strong>ι</strong></span> <span class='ocrx_word' id='word_1_52' title='bbox 1541 880 1805 936; x_wconf 86' lang='lat' dir='ltr'><strong>Concidet</strong></span> <span class='ocrx_word' id='word_1_53' title='bbox 1836 878 2083 949; x_wconf 89' lang='lat' dir='ltr'><strong>populus,</strong></span> <span class='ocrx_word' id='word_1_54' title='bbox 2113 876 2276 931; x_wconf 86' lang='lat' dir='ltr'><strong>homo</strong></span> 
     </span>
    </p>
   </div>
   <div class='ocr_carea' id='block_1_11' title="bbox 710 969 2276 1044">
    <p class='ocr_par' dir='ltr' id='par_1_11' title="bbox 710 969 2276 1044">
     <span class='ocr_line' id='line_1_11' title="bbox 710 969 2276 1044; baseline -0.01 -8"><span class='ocrx_word' id='word_1_55' title='bbox 710 987 776 1038; x_wconf 89' lang='lat' dir='ltr'><strong>ad</strong></span> <span class='ocrx_word' id='word_1_56' title='bbox 804 980 1100 1044; x_wconf 83' lang='lat' dir='ltr'><strong>hominem,</strong></span> <span class='ocrx_word' id='word_1_57' title='bbox 1125 995 1145 1030; x_wconf 73' lang='grc' dir='ltr'><strong>ι</strong></span> <span class='ocrx_word' id='word_1_58' title='bbox 1185 975 1239 1030; x_wconf 90' lang='lat' dir='ltr'><strong>id</strong></span> <span class='ocrx_word' id='word_1_59' title='bbox 1262 983 1365 1037; x_wconf 86' lang='lat' dir='ltr'><strong>est,</strong></span> <span class='ocrx_word' id='word_1_60' title='bbox 1397 973 1451 1028; x_wconf 92' lang='lat' dir='ltr'><strong>in</strong></span> <span class='ocrx_word' id='word_1_61' title='bbox 1481 972 1745 1028; x_wconf 86' lang='lat' dir='ltr'><strong>seditione</strong></span> <span class='ocrx_word' id='word_1_62' title='bbox 1775 979 1954 1035; x_wconf 90' lang='lat' dir='ltr'><strong>erunt,</strong></span> <span class='ocrx_word' id='word_1_63' title='bbox 1988 979 2044 1024; x_wconf 89' lang='lat' dir='ltr'><strong>et</strong></span> <span class='ocrx_word' id='word_1_64' title='bbox 2074 969 2128 1022; x_wconf 90' lang='lat' dir='ltr'><strong>in</strong></span> <span class='ocrx_word' id='word_1_65' title='bbox 2162 981 2276 1021; x_wconf 90' lang='lat' dir='ltr'><strong>me-</strong></span> 
     </span>
    </p>
   </div>
   <div class='ocr_carea' id='block_1_12' title="bbox 711 1061 2277 1130">
    <p class='ocr_par' dir='ltr' id='par_1_12' title="bbox 711 1061 2277 1130">
     <span class='ocr_line' id='line_1_12' title="bbox 711 1061 2277 1130; baseline -0.01 -4"><span class='ocrx_word' id='word_1_66' title='bbox 711 1073 817 1129; x_wconf 85' lang='lat' dir='ltr'><strong>diis</strong></span> <span class='ocrx_word' id='word_1_67' title='bbox 853 1068 1173 1128; x_wconf 86' lang='lat' dir='ltr'><strong>tumultibus</strong></span> <span class='ocrx_word' id='word_1_68' title='bbox 1208 1066 1390 1121; x_wconf 80' lang='lat' dir='ltr'><strong>vivent</strong></span> <span class='ocrx_word' id='word_1_69' title='bbox 1438 1064 1624 1127; x_wconf 89' lang='lat' dir='ltr'><strong>vitam,</strong></span> <span class='ocrx_word' id='word_1_70' title='bbox 1673 1061 1963 1130; x_wconf 79' lang='lat' dir='ltr'><strong>juvenibus</strong></span> <span class='ocrx_word' id='word_1_71' title='bbox 2013 1072 2277 1114; x_wconf 83' lang='lat' dir='ltr'><strong>veneran-</strong></span> 
     </span>
    </p>
   </div>
   <div class='ocr_carea' id='block_1_13' title="bbox 715 1147 2278 1217">
    <p class='ocr_par' dir='ltr' id='par_1_13' title="bbox 715 1147 2278 1217">
     <span class='ocr_line' id='line_1_13' title="bbox 715 1147 2278 1217; baseline -0.011 0"><span class='ocrx_word' id='word_1_72' title='bbox 715 1164 837 1217; x_wconf 90' lang='lat' dir='ltr'><strong>dam</strong></span> <span class='ocrx_word' id='word_1_73' title='bbox 868 1161 1127 1215; x_wconf 84' lang='lat' dir='ltr'><strong>canitiem</strong></span> <span class='ocrx_word' id='word_1_74' title='bbox 1151 1158 1299 1214; x_wconf 80' lang='lat' dir='ltr'><strong>senis</strong></span> <span class='ocrx_word' id='word_1_75' title='bbox 1322 1170 1428 1210; x_wconf 91' lang='lat' dir='ltr'><strong>non</strong></span> <span class='ocrx_word' id='word_1_76' title='bbox 1454 1151 1825 1209; x_wconf 86' lang='lat' dir='ltr'><strong>reverentibus</strong></span> <span class='ocrx_word' id='word_1_77' title='bbox 1847 1190 1862 1212; x_wconf 88' lang='lat'><strong>,</strong></span> <span class='ocrx_word' id='word_1_78' title='bbox 1894 1147 2149 1203; x_wconf 87' lang='lat' dir='ltr'><strong>inferiore</strong></span> <span class='ocrx_word' id='word_1_79' title='bbox 2177 1147 2278 1201; x_wconf 79' lang='lat' dir='ltr'><strong>lio-</strong></span> 
     </span>
    </p>
   </div>
   <div class='ocr_carea' id='block_1_14' title="bbox 718 1240 2278 1320">
    <p class='ocr_par' dir='ltr' id='par_1_14' title="bbox 718 1240 2278 1320">
     <span class='ocr_line' id='line_1_14' title="bbox 718 1240 2278 1320; baseline -0.011 -12"><span class='ocrx_word' id='word_1_80' title='bbox 718 1268 903 1308; x_wconf 86' lang='lat' dir='ltr'><strong>norem</strong></span> <span class='ocrx_word' id='word_1_81' title='bbox 947 1249 1205 1320; x_wconf 87' lang='lat' dir='ltr'><strong>superiori</strong></span> <span class='ocrx_word' id='word_1_82' title='bbox 1261 1256 1493 1315; x_wconf 77' lang='lat' dir='ltr'><strong>negante</strong></span> <span class='ocrx_word' id='word_1_83' title='bbox 1531 1262 1545 1297; x_wconf 90' lang='lat'>:</span> <span class='ocrx_word' id='word_1_84' title='bbox 1590 1242 1684 1297; x_wconf 90' lang='lat' dir='ltr'><strong>sed</strong></span> <span class='ocrx_word' id='word_1_85' title='bbox 1742 1257 1864 1296; x_wconf 86' lang='lat' dir='ltr'><strong>cum</strong></span> <span class='ocrx_word' id='word_1_86' title='bbox 1913 1240 2278 1309; x_wconf 74' lang='lat' dir='ltr'><strong>reprehendat</strong></span> 
     </span>
    </p>
   </div>
   <div class='ocr_carea' id='block_1_15' title="bbox 717 1330 2278 1409">
    <p class='ocr_par' dir='ltr' id='par_1_15' title="bbox 717 1330 2278 1409">
     <span class='ocr_line' id='line_1_15' title="bbox 717 1330 2278 1409; baseline -0.011 -10"><span class='ocrx_word' id='word_1_87' title='bbox 717 1360 893 1407; x_wconf 85' lang='lat' dir='ltr'><strong>nemo.</strong></span> <span class='ocrx_word' id='word_1_88' title='bbox 915 1356 1015 1398; x_wconf 85' lang='lat' dir='ltr'><strong>nec</strong></span> <span class='ocrx_word' id='word_1_89' title='bbox 1044 1341 1109 1394; x_wconf 89' lang='lat' dir='ltr'><strong>ad</strong></span> <span class='ocrx_word' id='word_1_90' title='bbox 1147 1340 1197 1393; x_wconf 87' lang='lat' dir='ltr'><strong>id</strong></span> <span class='ocrx_word' id='word_1_91' title='bbox 1226 1339 1368 1409; x_wconf 89' lang='lat' dir='ltr'><strong>quod</strong></span> <span class='ocrx_word' id='word_1_92' title='bbox 1393 1348 1664 1405; x_wconf 87' lang='lat' dir='ltr'><strong>quemque</strong></span> <span class='ocrx_word' id='word_1_93' title='bbox 1693 1336 1871 1397; x_wconf 86' lang='lat' dir='ltr'><strong>decet,</strong></span> <span class='ocrx_word' id='word_1_94' title='bbox 1895 1332 2113 1398; x_wconf 76' lang='lat' dir='ltr'><strong>dirigat,</strong></span> <span class='ocrx_word' id='word_1_95' title='bbox 2149 1330 2278 1383; x_wconf 87' lang='lat' dir='ltr'><strong>sub-</strong></span> 
     </span>
    </p>
   </div>
   <div class='ocr_carea' id='block_1_16' title="bbox 717 1424 2281 1490">
    <p class='ocr_par' dir='ltr' id='par_1_16' title="bbox 717 1424 2281 1490">
     <span class='ocr_line' id='line_1_16' title="bbox 717 1424 2281 1490; baseline -0.01 -1"><span class='ocrx_word' id='word_1_96' title='bbox 717 1437 825 1489; x_wconf 82' lang='lat' dir='ltr'><strong>lato</strong></span> <span class='ocrx_word' id='word_1_97' title='bbox 884 1434 1030 1488; x_wconf 92' lang='lat' dir='ltr'><strong>omni</strong></span> <span class='ocrx_word' id='word_1_98' title='bbox 1060 1431 1250 1486; x_wconf 86' lang='lat' dir='ltr'><strong>ordine</strong></span> <span class='ocrx_word' id='word_1_99' title='bbox 1275 1438 1328 1483; x_wconf 87' lang='lat' dir='ltr'><strong>et</strong></span> <span class='ocrx_word' id='word_1_100' title='bbox 1355 1428 1601 1490; x_wconf 88' lang='lat' dir='ltr'><strong>scientia,</strong></span> <span class='ocrx_word' id='word_1_101' title='bbox 1644 1425 1876 1477; x_wconf 71' lang='lat' dir='ltr'><strong>maxima</strong></span> <span class='ocrx_word' id='word_1_102' title='bbox 1917 1424 2158 1478; x_wconf 90' lang='lat' dir='ltr'><strong>omnium</strong></span> <span class='ocrx_word' id='word_1_103' title='bbox 2196 1437 2281 1475; x_wconf 88' lang='lat' dir='ltr'><strong>re-</strong></span> 
     </span>
    </p>
   </div>
   <div class='ocr_carea' id='block_1_17' title="bbox 718 1499 2279 1592">
    <p class='ocr_par' dir='ltr' id='par_1_17' title="bbox 718 1499 2279 1592">
     <span class='ocr_line' id='line_1_17' title="bbox 718 1499 2279 1592; baseline -0.008 -13"><span class='ocrx_word' id='word_1_104' title='bbox 718 1541 835 1579; x_wconf 87' lang='lat' dir='ltr'><strong>rum</strong></span> <span class='ocrx_word' id='word_1_105' title='bbox 862 1524 1000 1592; x_wconf 89' lang='lat' dir='ltr'><strong>apud</strong></span> <span class='ocrx_word' id='word_1_106' title='bbox 1047 1536 1143 1577; x_wconf 87' lang='lat' dir='ltr'><strong>eos</strong></span> <span class='ocrx_word' id='word_1_107' title='bbox 1174 1517 1508 1591; x_wconf 85' lang='lat' dir='ltr'><strong>perturbatio</strong></span> <span class='ocrx_word' id='word_1_108' title='bbox 1543 1499 1769 1570; x_wconf 70' lang='lat' dir='ltr'><strong>exsistet</strong></span> <span class='ocrx_word' id='word_1_109' title='bbox 1796 1522 1849 1568; x_wconf 91' lang='lat' dir='ltr'><strong>et</strong></span> <span class='ocrx_word' id='word_1_110' title='bbox 1879 1512 2145 1567; x_wconf 79' lang='lat' dir='ltr'><strong>confusio.</strong></span> <span class='ocrx_word' id='word_1_111' title='bbox 2180 1511 2279 1566; x_wconf 86' lang='lat' dir='ltr'><strong>Ubi</strong></span> 
     </span>
    </p>
   </div>
   <div class='ocr_carea' id='block_1_18' title="bbox 717 1601 2283 1676">
    <p class='ocr_par' dir='ltr' id='par_1_18' title="bbox 717 1601 2283 1676">
     <span class='ocr_line' id='line_1_18' title="bbox 717 1601 2283 1676; baseline -0.006 -12"><span class='ocrx_word' id='word_1_112' title='bbox 717 1612 863 1664; x_wconf 89' lang='lat' dir='ltr'><strong>enim</strong></span> <span class='ocrx_word' id='word_1_113' title='bbox 889 1610 1068 1663; x_wconf 88' lang='lat' dir='ltr'><strong>divina</strong></span> <span class='ocrx_word' id='word_1_114' title='bbox 1093 1623 1196 1661; x_wconf 88' lang='lat' dir='ltr'><strong>non</strong></span> <span class='ocrx_word' id='word_1_115' title='bbox 1229 1615 1424 1676; x_wconf 65' lang='lat' dir='ltr'><strong>praeest</strong></span> <span class='ocrx_word' id='word_1_116' title='bbox 1454 1605 1539 1658; x_wconf 86' lang='lat' dir='ltr'><strong>lex</strong></span> <span class='ocrx_word' id='word_1_117' title='bbox 1570 1618 1749 1658; x_wconf 90' lang='lat' dir='ltr'><strong>rerum</strong></span> <span class='ocrx_word' id='word_1_118' title='bbox 1778 1602 2108 1671; x_wconf 85' lang='lat' dir='ltr'><strong>agendarum</strong></span> <span class='ocrx_word' id='word_1_119' title='bbox 2134 1601 2283 1656; x_wconf 86' lang='lat' dir='ltr'><strong>arbi-</strong></span> 
     </span>
    </p>
   </div>
   <div class='ocr_carea' id='block_1_19' title="bbox 2374 504 3952 580">
    <p class='ocr_par' dir='ltr' id='par_1_19' title="bbox 2374 504 3952 580">
     <span class='ocr_line' id='line_1_19' title="bbox 2374 504 3952 580; baseline 0 -19"><span class='ocrx_word' id='word_1_120' title='bbox 2374 510 2468 562; x_wconf 80' lang='grc' dir='ltr'>καὶ</span> <span class='ocrx_word' id='word_1_121' title='bbox 2499 510 2989 580; x_wconf 76' lang='grc' dir='ltr'><strong>πεντηκόνταρχος,</strong></span> <span class='ocrx_word' id='word_1_122' title='bbox 3027 509 3121 561; x_wconf 76' lang='grc' dir='ltr'>καὶ</span> <span class='ocrx_word' id='word_1_123' title='bbox 3150 507 3462 578; x_wconf 83' lang='grc' dir='ltr'>θαυμαστὸς</span> <span class='ocrx_word' id='word_1_124' title='bbox 3497 504 3815 576; x_wconf 62' lang='grc' dir='ltr'>σύμϐουλος</span> <span class='ocrx_word' id='word_1_125' title='bbox 3854 508 3952 561; x_wconf 75' lang='grc' dir='ltr'><strong>καὶ</strong></span> 
     </span>
    </p>
   </div>
   <div class='ocr_carea' id='block_1_20' title="bbox 2376 594 3948 667">
    <p class='ocr_par' dir='ltr' id='par_1_20' title="bbox 2376 594 3948 667">
     <span class='ocr_line' id='line_1_20' title="bbox 2376 594 3948 667; baseline -0.001 -18"><span class='ocrx_word' id='word_1_126' title='bbox 2376 597 2483 667; x_wconf 85' lang='grc' dir='ltr'>μὴν</span> <span class='ocrx_word' id='word_1_127' title='bbox 2526 598 2621 650; x_wconf 74' lang='grc' dir='ltr'>καὶ</span> <span class='ocrx_word' id='word_1_128' title='bbox 2660 596 2823 665; x_wconf 81' lang='grc' dir='ltr'>σοφὸς</span> <span class='ocrx_word' id='word_1_129' title='bbox 2866 597 3224 667; x_wconf 85' lang='grc' dir='ltr'>ἀρχιτέκτων,</span> <span class='ocrx_word' id='word_1_130' title='bbox 3269 595 3363 649; x_wconf 74' lang='grc' dir='ltr'>καὶ</span> <span class='ocrx_word' id='word_1_131' title='bbox 3407 594 3622 656; x_wconf 86' lang='grc' dir='ltr'>συνετὸς</span> <span class='ocrx_word' id='word_1_132' title='bbox 3656 595 3948 665; x_wconf 79' lang='grc' dir='ltr'>ἀκροατής.</span> 
     </span>
    </p>
   </div>
   <div class='ocr_carea' id='block_1_21' title="bbox 2374 685 3951 758">
    <p class='ocr_par' dir='ltr' id='par_1_21' title="bbox 2374 685 3951 758">
     <span class='ocr_line' id='line_1_21' title="bbox 2374 685 3951 758; baseline -0.001 -19"><span class='ocrx_word' id='word_1_133' title='bbox 2374 685 2507 740; x_wconf 80' lang='grc' dir='ltr'>Εἶτα</span> <span class='ocrx_word' id='word_1_134' title='bbox 2539 687 2660 740; x_wconf 84' lang='grc' dir='ltr'>ὅποι</span> <span class='ocrx_word' id='word_1_135' title='bbox 2684 687 2813 739; x_wconf 83' lang='grc' dir='ltr'>ποτὲ</span> <span class='ocrx_word' id='word_1_136' title='bbox 2836 686 2897 738; x_wconf 82' lang='grc' dir='ltr'>τὸ</span> <span class='ocrx_word' id='word_1_137' title='bbox 2931 687 3123 758; x_wconf 85' lang='grc' dir='ltr'>χρῆμα</span> <span class='ocrx_word' id='word_1_138' title='bbox 3157 687 3339 749; x_wconf 81' lang='grc' dir='ltr'>αὐτοῖς</span> <span class='ocrx_word' id='word_1_139' title='bbox 3382 685 3695 755; x_wconf 87' lang='grc' dir='ltr'>ἐκϐήσεται,</span> <span class='ocrx_word' id='word_1_140' title='bbox 3730 685 3823 738; x_wconf 77' lang='grc' dir='ltr'>καὶ</span> <span class='ocrx_word' id='word_1_141' title='bbox 3868 686 3951 748; x_wconf 86' lang='grc' dir='ltr'><strong>είς</strong></span> 
     </span>
    </p>
   </div>
   <div class='ocr_carea' id='block_1_22' title="bbox 2373 771 3951 846">
    <p class='ocr_par' dir='ltr' id='par_1_22' title="bbox 2373 771 3951 846">
     <span class='ocr_line' id='line_1_22' title="bbox 2373 771 3951 846; baseline -0.004 -15"><span class='ocrx_word' id='word_1_142' title='bbox 2373 771 2485 831; x_wconf 73' lang='grc' dir='ltr'>οἷον</span> <span class='ocrx_word' id='word_1_143' title='bbox 2508 777 2692 841; x_wconf 83' lang='grc' dir='ltr'>αὐτοῖς</span> <span class='ocrx_word' id='word_1_144' title='bbox 2724 777 3098 845; x_wconf 81' lang='grc' dir='ltr'><strong>ἐκτελευτήσει</strong></span> <span class='ocrx_word' id='word_1_145' title='bbox 3125 776 3340 846; x_wconf 79' lang='grc' dir='ltr'>βλάϐος,</span> <span class='ocrx_word' id='word_1_146' title='bbox 3375 775 3695 844; x_wconf 80' lang='grc' dir='ltr'><strong>καθίστησιν</strong></span> <span class='ocrx_word' id='word_1_147' title='bbox 3724 774 3951 845; x_wconf 75' lang='grc' dir='ltr'>ἐναργὲς</span> 
     </span>
    </p>
   </div>
   <div class='ocr_carea' id='block_1_23' title="bbox 2375 864 3952 939">
    <p class='ocr_par' dir='ltr' id='par_1_23' title="bbox 2375 864 3952 939">
     <span class='ocr_line' id='line_1_23' title="bbox 2375 864 3952 939; baseline -0.003 -19"><span class='ocrx_word' id='word_1_148' title='bbox 2375 868 2738 939; x_wconf 85' lang='grc' dir='ltr'>προσεπάγων</span> <span class='ocrx_word' id='word_1_149' title='bbox 2758 866 2953 932; x_wconf 68' lang='grc' dir='ltr'>ὶεύθὺς,</span> <span class='ocrx_word' id='word_1_150' title='bbox 2978 867 3059 920; x_wconf 85' lang='grc' dir='ltr'>ὃτι</span> <span class='ocrx_word' id='word_1_151' title='bbox 3080 885 3099 918; x_wconf 86' lang='grc'><strong><em>‹</em></strong></span> <span class='ocrx_word' id='word_1_152' title='bbox 3128 868 3498 936; x_wconf 88' lang='grc' dir='ltr'>Συμπεσεῖται</span> <span class='ocrx_word' id='word_1_153' title='bbox 3518 867 3546 919; x_wconf 98' lang='lat'><strong>6</strong></span> <span class='ocrx_word' id='word_1_154' title='bbox 3566 865 3714 929; x_wconf 78' lang='grc' dir='ltr'>λαὸς,</span> <span class='ocrx_word' id='word_1_155' title='bbox 3740 864 3952 934; x_wconf 82' lang='grc' dir='ltr'>ἀνθρω-</span> 
     </span>
    </p>
   </div>
   <div class='ocr_carea' id='block_1_24' title="bbox 2375 953 3943 1026">
    <p class='ocr_par' dir='ltr' id='par_1_24' title="bbox 2375 953 3943 1026">
     <span class='ocr_line' id='line_1_24' title="bbox 2375 953 3943 1026; baseline -0.002 -17"><span class='ocrx_word' id='word_1_156' title='bbox 2375 973 2476 1019; x_wconf 90' lang='grc' dir='ltr'><strong>πος</strong></span> <span class='ocrx_word' id='word_1_157' title='bbox 2508 955 2644 1026; x_wconf 85' lang='grc' dir='ltr'>πρὸς</span> <span class='ocrx_word' id='word_1_158' title='bbox 2662 954 2966 1025; x_wconf 80' lang='grc' dir='ltr'>ἄνθρωπον·</span> <span class='ocrx_word' id='word_1_159' title='bbox 2994 973 3014 1006; x_wconf 74' lang='grc' dir='ltr'><strong>ι</strong></span> <span class='ocrx_word' id='word_1_160' title='bbox 3047 953 3190 1007; x_wconf 73' lang='grc' dir='ltr'>τοῦτ’</span> <span class='ocrx_word' id='word_1_161' title='bbox 3210 955 3459 1021; x_wconf 78' lang='grc' dir='ltr'>ἐστιν,ζέν</span> <span class='ocrx_word' id='word_1_162' title='bbox 3485 954 3680 1025; x_wconf 70' lang='grc' dir='ltr'>ἀταξίᾳ</span> <span class='ocrx_word' id='word_1_163' title='bbox 3706 971 3766 1007; x_wconf 86' lang='grc' dir='ltr'><strong>τε</strong></span> <span class='ocrx_word' id='word_1_164' title='bbox 3794 955 3943 1008; x_wconf 66' lang='lat' dir='ltr'><strong>{aov-</strong></span> 
     </span>
    </p>
   </div>
   <div class='ocr_carea' id='block_1_25' title="bbox 2378 1043 3951 1116">
    <p class='ocr_par' dir='ltr' id='par_1_25' title="bbox 2378 1043 3951 1116">
     <span class='ocr_line' id='line_1_25' title="bbox 2378 1043 3951 1116; baseline 0 -19"><span class='ocrx_word' id='word_1_165' title='bbox 2378 1061 2485 1109; x_wconf 87' lang='grc' dir='ltr'>ται,</span> <span class='ocrx_word' id='word_1_166' title='bbox 2512 1045 2606 1099; x_wconf 78' lang='grc' dir='ltr'>καὶ</span> <span class='ocrx_word' id='word_1_167' title='bbox 2628 1043 2856 1114; x_wconf 87' lang='grc' dir='ltr'>θορύϐου</span> <span class='ocrx_word' id='word_1_168' title='bbox 2887 1043 3082 1114; x_wconf 85' lang='grc' dir='ltr'>μεστὸν</span> <span class='ocrx_word' id='word_1_169' title='bbox 3111 1044 3455 1116; x_wconf 77' lang='grc' dir='ltr'>διαζήσονται</span> <span class='ocrx_word' id='word_1_170' title='bbox 3478 1043 3611 1113; x_wconf 90' lang='grc' dir='ltr'>βίον.</span> <span class='ocrx_word' id='word_1_171' title='bbox 3645 1044 3717 1096; x_wconf 80' lang='grc' dir='ltr'><strong>Οὐ</strong></span> <span class='ocrx_word' id='word_1_172' title='bbox 3740 1043 3836 1114; x_wconf 78' lang='grc' dir='ltr'>τὴν</span> <span class='ocrx_word' id='word_1_173' title='bbox 3861 1061 3951 1097; x_wconf 85' lang='grc' dir='ltr'>σε-</span> 
     </span>
    </p>
   </div>
   <div class='ocr_carea' id='block_1_26' title="bbox 2378 1119 3951 1217">
    <p class='ocr_par' dir='ltr' id='par_1_26' title="bbox 2378 1119 3951 1217">
     <span class='ocr_line' id='line_1_26' title="bbox 2378 1119 3951 1217; baseline 0 -30"><span class='ocrx_word' id='word_1_174' title='bbox 2378 1134 2516 1204; x_wconf 83' lang='grc' dir='ltr'>πτὴν</span> <span class='ocrx_word' id='word_1_175' title='bbox 2544 1133 2637 1187; x_wconf 82' lang='grc' dir='ltr'><strong>τοῦ</strong></span> <span class='ocrx_word' id='word_1_176' title='bbox 2671 1134 2975 1217; x_wconf 75' lang='grc' dir='ltr'>πρεσϐύτου</span> <span class='ocrx_word' id='word_1_177' title='bbox 3018 1134 3209 1187; x_wconf 86' lang='grc' dir='ltr'>πολιάν</span> <span class='ocrx_word' id='word_1_178' title='bbox 3265 1119 3674 1205; x_wconf 80' lang='grc' dir='ltr'><strong>αἰσχυνομένων</strong></span> <span class='ocrx_word' id='word_1_179' title='bbox 3699 1134 3855 1185; x_wconf 78' lang='grc' dir='ltr'>νέωνο</span> <span class='ocrx_word' id='word_1_180' title='bbox 3888 1133 3951 1187; x_wconf 80' lang='grc' dir='ltr'><strong>ού</strong></span> 
     </span>
    </p>
   </div>
   <div class='ocr_carea' id='block_1_27' title="bbox 2376 1222 3952 1296">
    <p class='ocr_par' dir='ltr' id='par_1_27' title="bbox 2376 1222 3952 1296">
     <span class='ocr_line' id='line_1_27' title="bbox 2376 1222 3952 1296; baseline -0.001 -19"><span class='ocrx_word' id='word_1_181' title='bbox 2376 1226 2468 1279; x_wconf 74' lang='grc' dir='ltr'>τὸν</span> <span class='ocrx_word' id='word_1_182' title='bbox 2499 1224 2805 1296; x_wconf 81' lang='grc' dir='ltr'>προύχοντα</span> <span class='ocrx_word' id='word_1_183' title='bbox 2843 1226 3006 1294; x_wconf 82' lang='grc' dir='ltr'>τιμᾷν</span> <span class='ocrx_word' id='word_1_184' title='bbox 3043 1225 3320 1289; x_wconf 78' lang='grc' dir='ltr'><strong>ἀξιοῦντος</strong></span> <span class='ocrx_word' id='word_1_185' title='bbox 3361 1223 3441 1277; x_wconf 75' lang='grc' dir='ltr'>ἔτι</span> <span class='ocrx_word' id='word_1_186' title='bbox 3486 1222 3580 1276; x_wconf 80' lang='grc' dir='ltr'><strong>τοῦ</strong></span> <span class='ocrx_word' id='word_1_187' title='bbox 3618 1224 3715 1295; x_wconf 82' lang='grc' dir='ltr'>τὴν</span> <span class='ocrx_word' id='word_1_188' title='bbox 3746 1223 3952 1277; x_wconf 81' lang='grc' dir='ltr'>ἐλάττω</span> 
     </span>
    </p>
   </div>
   <div class='ocr_carea' id='block_1_28' title="bbox 2377 1314 3950 1386">
    <p class='ocr_par' dir='ltr' id='par_1_28' title="bbox 2377 1314 3950 1386">
     <span class='ocr_line' id='line_1_28' title="bbox 2377 1314 3950 1386; baseline -0.001 -18"><span class='ocrx_word' id='word_1_189' title='bbox 2377 1315 2631 1386; x_wconf 80' lang='grc' dir='ltr'>λαχόντος</span> <span class='ocrx_word' id='word_1_190' title='bbox 2663 1315 2837 1381; x_wconf 79' lang='grc' dir='ltr'>τάξιν·</span> <span class='ocrx_word' id='word_1_191' title='bbox 2865 1315 2977 1368; x_wconf 82' lang='grc' dir='ltr'>ἀλλ’</span> <span class='ocrx_word' id='word_1_192' title='bbox 2999 1315 3355 1385; x_wconf 83' lang='grc' dir='ltr'>ἐπιτιμῶντος</span> <span class='ocrx_word' id='word_1_193' title='bbox 3382 1314 3617 1378; x_wconf 85' lang='grc' dir='ltr'>ούδενδς,</span> <span class='ocrx_word' id='word_1_194' title='bbox 3646 1315 3811 1385; x_wconf 76' lang='grc' dir='ltr'>ἡγουν</span> <span class='ocrx_word' id='word_1_195' title='bbox 3843 1317 3950 1368; x_wconf 82' lang='grc' dir='ltr'>ἀπ-</span> 
     </span>
    </p>
   </div>
   <div class='ocr_carea' id='block_1_29' title="bbox 2380 1404 3951 1476">
    <p class='ocr_par' dir='ltr' id='par_1_29' title="bbox 2380 1404 3951 1476">
     <span class='ocr_line' id='line_1_29' title="bbox 2380 1404 3951 1476; baseline 0.001 -19"><span class='ocrx_word' id='word_1_196' title='bbox 2380 1405 2692 1467; x_wconf 87' lang='grc' dir='ltr'>ευθύνοντος</span> <span class='ocrx_word' id='word_1_197' title='bbox 2712 1405 2790 1467; x_wconf 85' lang='grc' dir='ltr'><strong>εἰς</strong></span> <span class='ocrx_word' id='word_1_198' title='bbox 2810 1404 2870 1457; x_wconf 75' lang='grc' dir='ltr'>τὸ</span> <span class='ocrx_word' id='word_1_199' title='bbox 2894 1404 3107 1475; x_wconf 77' lang='grc' dir='ltr'><strong>ἑκάστῳ</strong></span> <span class='ocrx_word' id='word_1_200' title='bbox 3131 1404 3360 1476; x_wconf 81' lang='grc' dir='ltr'><strong>πρέπον,</strong></span> <span class='ocrx_word' id='word_1_201' title='bbox 3385 1405 3561 1458; x_wconf 85' lang='grc' dir='ltr'>πάντα</span> <span class='ocrx_word' id='word_1_202' title='bbox 3579 1404 3784 1475; x_wconf 77' lang='grc' dir='ltr'>φύρδην</span> <span class='ocrx_word' id='word_1_203' title='bbox 3802 1405 3951 1458; x_wconf 82' lang='grc' dir='ltr'>ἐσται</span> 
     </span>
    </p>
   </div>
   <div class='ocr_carea' id='block_1_30' title="bbox 2380 1492 3953 1568">
    <p class='ocr_par' dir='ltr' id='par_1_30' title="bbox 2380 1492 3953 1568">
     <span class='ocr_line' id='line_1_30' title="bbox 2380 1492 3953 1568; baseline -0.001 -20"><span class='ocrx_word' id='word_1_204' title='bbox 2380 1496 2508 1566; x_wconf 79' lang='grc' dir='ltr'>παρ’</span> <span class='ocrx_word' id='word_1_205' title='bbox 2539 1495 2719 1558; x_wconf 83' lang='grc' dir='ltr'>αὐτοῖς</span> <span class='ocrx_word' id='word_1_206' title='bbox 2752 1492 3005 1558; x_wconf 80' lang='grc' dir='ltr'><strong>εὐταξίας</strong></span> <span class='ocrx_word' id='word_1_207' title='bbox 3043 1495 3258 1566; x_wconf 82' lang='grc' dir='ltr'>ἀπάσης</span> <span class='ocrx_word' id='word_1_208' title='bbox 3292 1495 3385 1548; x_wconf 77' lang='grc' dir='ltr'><strong>καὶ</strong></span> <span class='ocrx_word' id='word_1_209' title='bbox 3416 1496 3726 1566; x_wconf 72' lang='grc' dir='ltr'><strong>ἐπιστήμης</strong></span> <span class='ocrx_word' id='word_1_210' title='bbox 3757 1494 3953 1568; x_wconf 79' lang='grc' dir='ltr'>ἐξῃρη-</span> 
     </span>
    </p>
   </div>
   <div class='ocr_carea' id='block_1_31' title="bbox 2382 1582 3951 1657">
    <p class='ocr_par' dir='ltr' id='par_1_31' title="bbox 2382 1582 3951 1657">
     <span class='ocr_line' id='line_1_31' title="bbox 2382 1582 3951 1657; baseline -0.001 -19"><span class='ocrx_word' id='word_1_211' title='bbox 2382 1584 2572 1657; x_wconf 80' lang='grc' dir='ltr'><strong>μένης.</strong></span> <span class='ocrx_word' id='word_1_212' title='bbox 2614 1585 2788 1638; x_wconf 84' lang='grc' dir='ltr'>Ὅπου</span> <span class='ocrx_word' id='word_1_213' title='bbox 2828 1584 2937 1654; x_wconf 89' lang='grc' dir='ltr'><strong>γάρ</strong></span> <span class='ocrx_word' id='word_1_214' title='bbox 2984 1582 3125 1648; x_wconf 88' lang='grc' dir='ltr'>θεῖος</span> <span class='ocrx_word' id='word_1_215' title='bbox 3171 1586 3272 1638; x_wconf 82' lang='grc' dir='ltr'>οὐκ</span> <span class='ocrx_word' id='word_1_216' title='bbox 3308 1584 3576 1656; x_wconf 81' lang='grc' dir='ltr'>ἐφέστηκε</span> <span class='ocrx_word' id='word_1_217' title='bbox 3621 1584 3806 1654; x_wconf 86' lang='grc' dir='ltr'>νόμος,</span> <span class='ocrx_word' id='word_1_218' title='bbox 3844 1585 3951 1637; x_wconf 88' lang='grc' dir='ltr'><strong>τῶν</strong></span> 
     </span>
    </p>
   </div>
   <div class='ocr_carea' id='block_1_32' title="bbox 719 1674 2318 1770">
    <p class='ocr_par' dir='ltr' id='par_1_32' title="bbox 719 1674 2318 1770">
     <span class='ocr_line' id='line_1_32' title="bbox 719 1674 2318 1770; baseline -0.006 -15"><span class='ocrx_word' id='word_1_219' title='bbox 719 1712 825 1765; x_wconf 87' lang='lat' dir='ltr'><strong>ter,</strong></span> <span class='ocrx_word' id='word_1_220' title='bbox 882 1698 1150 1770; x_wconf 87' lang='lat' dir='ltr'><strong>quomodo</strong></span> <span class='ocrx_word' id='word_1_221' title='bbox 1188 1674 1279 1749; x_wconf 83' lang='lat' dir='ltr'><strong>aut</strong></span> <span class='ocrx_word' id='word_1_222' title='bbox 1326 1695 1465 1748; x_wconf 83' lang='lat' dir='ltr'><strong>unde</strong></span> <span class='ocrx_word' id='word_1_223' title='bbox 1507 1692 1705 1763; x_wconf 75' lang='lat' dir='ltr'><strong>poterit</strong></span> <span class='ocrx_word' id='word_1_224' title='bbox 1738 1692 2024 1761; x_wconf 84' lang='lat' dir='ltr'><strong>quisquam</strong></span> <span class='ocrx_word' id='word_1_225' title='bbox 2059 1692 2284 1746; x_wconf 83' lang='lat' dir='ltr'><strong>honeste</strong></span> <span class='ocrx_word' id='word_1_226' title='bbox 2315 1764 2318 1770; x_wconf 13' lang='grc' dir='ltr'>ἢ</span> 
     </span>
    </p>
   </div>
   <div class='ocr_carea' id='block_1_33' title="bbox 2386 1674 3950 1770">
    <p class='ocr_par' dir='ltr' id='par_1_33' title="bbox 2386 1674 3950 1748">
     <span class='ocr_line' id='line_1_33' title="bbox 2386 1674 3950 1748; baseline -0.001 -19"><span class='ocrx_word' id='word_1_227' title='bbox 2386 1675 2671 1746; x_wconf 83' lang='grc' dir='ltr'>πρακτέων</span> <span class='ocrx_word' id='word_1_228' title='bbox 2699 1674 2727 1727; x_wconf 86' lang='lat'><strong>6</strong></span> <span class='ocrx_word' id='word_1_229' title='bbox 2760 1674 3082 1748; x_wconf 84' lang='grc' dir='ltr'>βραϐευτὴς,</span> <span class='ocrx_word' id='word_1_230' title='bbox 3114 1676 3229 1739; x_wconf 85' lang='grc' dir='ltr'><strong>πῶς</strong></span> <span class='ocrx_word' id='word_1_231' title='bbox 3260 1676 3293 1745; x_wconf 76' lang='grc' dir='ltr'>ἢ</span> <span class='ocrx_word' id='word_1_232' title='bbox 3325 1675 3487 1729; x_wconf 85' lang='grc' dir='ltr'>πόθεν</span> <span class='ocrx_word' id='word_1_233' title='bbox 3515 1675 3581 1729; x_wconf 83' lang='grc' dir='ltr'>ἂν</span> <span class='ocrx_word' id='word_1_234' title='bbox 3608 1675 3818 1744; x_wconf 84' lang='grc' dir='ltr'>γένοιτό</span> <span class='ocrx_word' id='word_1_235' title='bbox 3845 1693 3950 1728; x_wconf 85' lang='grc' dir='ltr'>τισι</span> 
     </span>
    </p>
   </div>
   <div class='ocr_carea' id='block_1_34' title="bbox 717 1763 2318 1848">
    <p class='ocr_par' dir='ltr' id='par_1_34' title="bbox 717 1764 2318 1848">
     <span class='ocr_line' id='line_1_34' title="bbox 717 1764 2318 1848; baseline -0.007 -4"><span class='ocrx_word' id='word_1_236' title='bbox 717 1800 812 1845; x_wconf 89' lang='lat' dir='ltr'><strong>ant</strong></span> <span class='ocrx_word' id='word_1_237' title='bbox 834 1790 1026 1843; x_wconf 79' lang='lat' dir='ltr'><strong>decore</strong></span> <span class='ocrx_word' id='word_1_238' title='bbox 1062 1783 1288 1840; x_wconf 80' lang='lat' dir='ltr'><strong>vivere?</strong></span> <span class='ocrx_word' id='word_1_239' title='bbox 1315 1782 1505 1837; x_wconf 84' lang='lat' dir='ltr'><strong>Simile</strong></span> <span class='ocrx_word' id='word_1_240' title='bbox 1539 1782 1684 1835; x_wconf 85' lang='lat' dir='ltr'><strong>enim</strong></span> <span class='ocrx_word' id='word_1_241' title='bbox 1710 1789 1816 1848; x_wconf 89' lang='lat' dir='ltr'><strong>est,</strong></span> <span class='ocrx_word' id='word_1_242' title='bbox 1846 1795 1910 1835; x_wconf 90' lang='lat' dir='ltr'><strong>ac</strong></span> <span class='ocrx_word' id='word_1_243' title='bbox 1939 1780 1983 1833; x_wconf 81' lang='lat' dir='ltr'><strong>si</strong></span> <span class='ocrx_word' id='word_1_244' title='bbox 2014 1780 2134 1848; x_wconf 91' lang='lat' dir='ltr'><strong>quis</strong></span> <span class='ocrx_word' id='word_1_245' title='bbox 2158 1778 2285 1833; x_wconf 85' lang='lat' dir='ltr'><strong>velit</strong></span> <span class='ocrx_word' id='word_1_246' title='bbox 2315 1764 2318 1777; x_wconf 40' lang='grc'>¹</span> 
     </span>
    </p>
   </div>
   <div class='ocr_carea' id='block_1_35' title="bbox 2386 1763 3950 1848">
    <p class='ocr_par' dir='ltr' id='par_1_35' title="bbox 2386 1766 3950 1838">
     <span class='ocr_line' id='line_1_35' title="bbox 2386 1766 3950 1838; baseline -0.003 -17"><span class='ocrx_word' id='word_1_247' title='bbox 2386 1769 2443 1821; x_wconf 75' lang='grc' dir='ltr'>τὸ</span> <span class='ocrx_word' id='word_1_248' title='bbox 2476 1770 2533 1820; x_wconf 89' lang='grc' dir='ltr'><strong>ἐν</strong></span> <span class='ocrx_word' id='word_1_249' title='bbox 2560 1768 2750 1838; x_wconf 77' lang='grc' dir='ltr'>κόσμῳ</span> <span class='ocrx_word' id='word_1_250' title='bbox 2789 1767 3049 1822; x_wconf 88' lang='grc' dir='ltr'>δύνασθαι</span> <span class='ocrx_word' id='word_1_251' title='bbox 3083 1767 3352 1832; x_wconf 82' lang='grc' dir='ltr'>διαϐιοῢν;</span> <span class='ocrx_word' id='word_1_252' title='bbox 3379 1768 3601 1837; x_wconf 85' lang='grc' dir='ltr'>Ὅμοιον</span> <span class='ocrx_word' id='word_1_253' title='bbox 3642 1766 3750 1835; x_wconf 83' lang='grc' dir='ltr'>γὰρ</span> <span class='ocrx_word' id='word_1_254' title='bbox 3798 1766 3871 1828; x_wconf 77' lang='grc' dir='ltr'>ὡς</span> <span class='ocrx_word' id='word_1_255' title='bbox 3906 1767 3950 1818; x_wconf 85' lang='grc' dir='ltr'>εἰ</span> 
     </span>
    </p>
   </div>
   <div class='ocr_carea' id='block_1_36' title="bbox 720 1878 2286 1945">
    <p class='ocr_par' dir='ltr' id='par_1_36' title="bbox 720 1878 2286 1945">
     <span class='ocr_line' id='line_1_36' title="bbox 720 1878 2286 1945; baseline -0.006 -8"><span class='ocrx_word' id='word_1_256' title='bbox 720 1883 897 1937; x_wconf 91' lang='lat' dir='ltr'><strong>navim</strong></span> <span class='ocrx_word' id='word_1_257' title='bbox 951 1878 1119 1934; x_wconf 82' lang='lat' dir='ltr'><strong>clavis</strong></span> <span class='ocrx_word' id='word_1_258' title='bbox 1182 1888 1236 1931; x_wconf 90' lang='lat' dir='ltr'><strong>et</strong></span> <span class='ocrx_word' id='word_1_259' title='bbox 1293 1878 1656 1945; x_wconf 76' lang='lat' dir='ltr'><strong>gubernatore</strong></span> <span class='ocrx_word' id='word_1_260' title='bbox 1718 1883 1991 1929; x_wconf 85' lang='lat' dir='ltr'><strong>carentem</strong></span> <span class='ocrx_word' id='word_1_261' title='bbox 2045 1880 2190 1927; x_wconf 90' lang='lat' dir='ltr'><strong>recto</strong></span> <span class='ocrx_word' id='word_1_262' title='bbox 2231 1879 2286 1927; x_wconf 86' lang='lat' dir='ltr'><strong>et</strong></span> 
     </span>
    </p>
   </div>
   <div class='ocr_carea' id='block_1_37' title="bbox 718 1967 1354 2027">
    <p class='ocr_par' dir='ltr' id='par_1_37' title="bbox 718 1967 1354 2027">
     <span class='ocr_line' id='line_1_37' title="bbox 718 1967 1354 2027; baseline -0.009 0"><span class='ocrx_word' id='word_1_263' title='bbox 718 1971 983 2027; x_wconf 76' lang='lat' dir='ltr'><strong>inoffenso</strong></span> <span class='ocrx_word' id='word_1_264' title='bbox 1018 1983 1175 2022; x_wconf 84' lang='lat' dir='ltr'><strong>cursu</strong></span> <span class='ocrx_word' id='word_1_265' title='bbox 1204 1967 1354 2022; x_wconf 80' lang='lat' dir='ltr'><strong>ferri.</strong></span> 
     </span>
    </p>
   </div>
   <div class='ocr_carea' id='block_1_38' title="bbox 789 2136 2280 2217">
    <p class='ocr_par' dir='ltr' id='par_1_38' title="bbox 789 2136 2280 2217">
     <span class='ocr_line' id='line_1_38' title="bbox 789 2136 2280 2217; baseline -0.008 -21"><span class='ocrx_word' id='word_1_266' title='bbox 789 2147 899 2217; x_wconf 74' lang='lat'><strong>58</strong></span> <span class='ocrx_word' id='word_1_267' title='bbox 921 2144 1082 2198; x_wconf 75' lang='lat' dir='ltr'><strong>Vens.</strong></span> <span class='ocrx_word' id='word_1_268' title='bbox 1102 2144 1156 2209; x_wconf 85' lang='lat'><em>6,</em></span> <span class='ocrx_word' id='word_1_269' title='bbox 1180 2143 1232 2198; x_wconf 91' lang='lat'><strong>7.</strong></span> <span class='ocrx_word' id='word_1_270' title='bbox 1259 2140 1398 2206; x_wconf 84' lang='lat' dir='ltr'><strong>Quia</strong></span> <span class='ocrx_word' id='word_1_271' title='bbox 1418 2138 1763 2209; x_wconf 75' lang='lat' dir='ltr'><strong>apprehendat</strong></span> <span class='ocrx_word' id='word_1_272' title='bbox 1781 2137 1858 2191; x_wconf 82' lang='lat' dir='ltr'><strong>vir</strong></span> <span class='ocrx_word' id='word_1_273' title='bbox 1870 2136 2088 2202; x_wconf 80' lang='lat' dir='ltr'><strong>fratrem</strong></span> <span class='ocrx_word' id='word_1_274' title='bbox 2106 2151 2280 2197; x_wconf 80' lang='lat' dir='ltr'><strong>suum,</strong></span> 
     </span>
    </p>
   </div>
   <div class='ocr_carea' id='block_1_39' title="bbox 717 2224 2280 2299">
    <p class='ocr_par' dir='ltr' id='par_1_39' title="bbox 717 2224 2280 2299">
     <span class='ocr_line' id='line_1_39' title="bbox 717 2224 2280 2299; baseline -0.01 -10"><span class='ocrx_word' id='word_1_275' title='bbox 717 2238 796 2289; x_wconf 69' lang='lat' dir='ltr'><strong>uel</strong></span> <span class='ocrx_word' id='word_1_276' title='bbox 840 2234 1181 2288; x_wconf 77' lang='lat' dir='ltr'><strong>domesticum</strong></span> <span class='ocrx_word' id='word_1_277' title='bbox 1223 2230 1392 2299; x_wconf 81' lang='lat' dir='ltr'><strong>patris</strong></span> <span class='ocrx_word' id='word_1_278' title='bbox 1429 2230 1533 2293; x_wconf 86' lang='lat' dir='ltr'><strong>sui,</strong></span> <span class='ocrx_word' id='word_1_279' title='bbox 1576 2228 1755 2281; x_wconf 74' lang='lat' dir='ltr'><strong>dicens</strong></span> <span class='ocrx_word' id='word_1_280' title='bbox 1792 2241 1813 2278; x_wconf 90' lang='lat'><strong><em>:</em></strong></span> <span class='ocrx_word' id='word_1_281' title='bbox 1856 2224 2059 2278; x_wconf 82' lang='lat' dir='ltr'><strong>Vestem</strong></span> <span class='ocrx_word' id='word_1_282' title='bbox 2104 2225 2280 2285; x_wconf 86' lang='lat' dir='ltr'><strong>habes,</strong></span> 
     </span>
    </p>
   </div>
   <div class='ocr_carea' id='block_1_40' title="bbox 718 2312 2284 2396">
    <p class='ocr_par' dir='ltr' id='par_1_40' title="bbox 718 2312 2284 2396">
     <span class='ocr_line' id='line_1_40' title="bbox 718 2312 2284 2396; baseline -0.007 -20"><span class='ocrx_word' id='word_1_283' title='bbox 718 2328 955 2396; x_wconf 75' lang='lat' dir='ltr'><strong>princeps</strong></span> <span class='ocrx_word' id='word_1_284' title='bbox 999 2330 1172 2374; x_wconf 86' lang='lat' dir='ltr'><strong>noster</strong></span> <span class='ocrx_word' id='word_1_285' title='bbox 1196 2329 1327 2383; x_wconf 81' lang='lat' dir='ltr'><strong>esto,</strong></span> <span class='ocrx_word' id='word_1_286' title='bbox 1361 2326 1412 2373; x_wconf 86' lang='lat' dir='ltr'><strong>et</strong></span> <span class='ocrx_word' id='word_1_287' title='bbox 1451 2320 1595 2371; x_wconf 85' lang='lat' dir='ltr'><strong>cibus</strong></span> <span class='ocrx_word' id='word_1_288' title='bbox 1630 2332 1772 2369; x_wconf 88' lang='lat' dir='ltr'><strong>meus</strong></span> <span class='ocrx_word' id='word_1_289' title='bbox 1794 2331 1947 2383; x_wconf 85' lang='lat' dir='ltr'><strong>penes</strong></span> <span class='ocrx_word' id='word_1_290' title='bbox 1978 2324 2026 2369; x_wconf 82' lang='lat' dir='ltr'><strong>te</strong></span> <span class='ocrx_word' id='word_1_291' title='bbox 2066 2314 2156 2367; x_wconf 84' lang='lat' dir='ltr'><strong>sit.</strong></span> <span class='ocrx_word' id='word_1_292' title='bbox 2185 2312 2284 2366; x_wconf 85' lang='lat' dir='ltr'><strong>Re-</strong></span> 
     </span>
    </p>
   </div>
   <div class='ocr_carea' id='block_1_41' title="bbox 720 2404 2283 2484">
    <p class='ocr_par' dir='ltr' id='par_1_41' title="bbox 720 2404 2283 2484">
     <span class='ocr_line' id='line_1_41' title="bbox 720 2404 2283 2484; baseline -0.012 -13"><span class='ocrx_word' id='word_1_293' title='bbox 720 2417 979 2484; x_wconf 79' lang='lat' dir='ltr'><strong>spondeas</strong></span> <span class='ocrx_word' id='word_1_294' title='bbox 1015 2422 1186 2466; x_wconf 83' lang='lat' dir='ltr'><strong>autem</strong></span> <span class='ocrx_word' id='word_1_295' title='bbox 1224 2410 1358 2462; x_wconf 83' lang='lat' dir='ltr'><strong>dicet</strong></span> <span class='ocrx_word' id='word_1_296' title='bbox 1408 2410 1464 2462; x_wconf 85' lang='lat' dir='ltr'><strong>in</strong></span> <span class='ocrx_word' id='word_1_297' title='bbox 1492 2408 1577 2461; x_wconf 82' lang='lat' dir='ltr'><strong>die</strong></span> <span class='ocrx_word' id='word_1_298' title='bbox 1620 2406 1748 2459; x_wconf 84' lang='lat' dir='ltr'><strong>illa:</strong></span> <span class='ocrx_word' id='word_1_299' title='bbox 1780 2405 1902 2457; x_wconf 84' lang='lat' dir='ltr'><strong>Non</strong></span> <span class='ocrx_word' id='word_1_300' title='bbox 1934 2421 2022 2457; x_wconf 89' lang='lat' dir='ltr'><strong>ero</strong></span> <span class='ocrx_word' id='word_1_301' title='bbox 2046 2404 2283 2471; x_wconf 80' lang='lat' dir='ltr'><strong>princeps</strong></span> 
     </span>
    </p>
   </div>
   <div class='ocr_carea' id='block_1_42' title="bbox 723 2489 2282 2567">
    <p class='ocr_par' dir='ltr' id='par_1_42' title="bbox 723 2489 2282 2567">
     <span class='ocr_line' id='line_1_42' title="bbox 723 2489 2282 2567; baseline -0.01 -11"><span class='ocrx_word' id='word_1_302' title='bbox 723 2515 865 2567; x_wconf 80' lang='lat' dir='ltr'><strong>tuus,</strong></span> <span class='ocrx_word' id='word_1_303' title='bbox 898 2518 999 2553; x_wconf 85' lang='lat' dir='ltr'><strong>non</strong></span> <span class='ocrx_word' id='word_1_304' title='bbox 1028 2500 1165 2552; x_wconf 84' lang='lat' dir='ltr'><strong>enim</strong></span> <span class='ocrx_word' id='word_1_305' title='bbox 1195 2506 1270 2550; x_wconf 90' lang='lat' dir='ltr'><strong>est</strong></span> <span class='ocrx_word' id='word_1_306' title='bbox 1312 2496 1368 2548; x_wconf 86' lang='lat' dir='ltr'><strong>in</strong></span> <span class='ocrx_word' id='word_1_307' title='bbox 1398 2494 1551 2546; x_wconf 87' lang='lat' dir='ltr'><strong>domo</strong></span> <span class='ocrx_word' id='word_1_308' title='bbox 1584 2508 1699 2545; x_wconf 85' lang='lat' dir='ltr'><strong>mea</strong></span> <span class='ocrx_word' id='word_1_309' title='bbox 1730 2491 1904 2554; x_wconf 80' lang='lat' dir='ltr'><strong>uanis,</strong></span> <span class='ocrx_word' id='word_1_310' title='bbox 1924 2506 2084 2560; x_wconf 83' lang='lat' dir='ltr'><strong>neque</strong></span> <span class='ocrx_word' id='word_1_311' title='bbox 2110 2489 2282 2554; x_wconf 79' lang='lat' dir='ltr'><strong>vestis,</strong></span> 
     </span>
    </p>
   </div>
   <div class='ocr_carea' id='block_1_43' title="bbox 722 2584 1617 2660">
    <p class='ocr_par' dir='ltr' id='par_1_43' title="bbox 722 2584 1617 2660">
     <span class='ocr_line' id='line_1_43' title="bbox 722 2584 1617 2660; baseline -0.01 -14"><span class='ocrx_word' id='word_1_312' title='bbox 722 2610 824 2646; x_wconf 84' lang='lat' dir='ltr'><strong>non</strong></span> <span class='ocrx_word' id='word_1_313' title='bbox 847 2609 934 2647; x_wconf 85' lang='lat' dir='ltr'><strong>cro</strong></span> <span class='ocrx_word' id='word_1_314' title='bbox 962 2591 1201 2660; x_wconf 82' lang='lat' dir='ltr'><strong>princeps</strong></span> <span class='ocrx_word' id='word_1_315' title='bbox 1231 2585 1409 2657; x_wconf 82' lang='lat' dir='ltr'><strong>populi</strong></span> <span class='ocrx_word' id='word_1_316' title='bbox 1436 2584 1617 2654; x_wconf 79' lang='lat' dir='ltr'><strong>hujus.</strong></span> 
     </span>
    </p>
   </div>
   <div class='ocr_carea' id='block_1_44' title="bbox 790 2760 2284 2830">
    <p class='ocr_par' dir='ltr' id='par_1_44' title="bbox 790 2760 2284 2830">
     <span class='ocr_line' id='line_1_44' title="bbox 790 2760 2284 2830; baseline -0.008 -4"><span class='ocrx_word' id='word_1_317' title='bbox 790 2770 1092 2826; x_wconf 65' lang='lat' dir='ltr'><strong>Iudaeorum</strong></span> <span class='ocrx_word' id='word_1_318' title='bbox 1125 2778 1352 2819; x_wconf 79' lang='lat' dir='ltr'><strong>miserta:</strong></span> <span class='ocrx_word' id='word_1_319' title='bbox 1381 2771 1435 2817; x_wconf 87' lang='lat' dir='ltr'><strong>et</strong></span> <span class='ocrx_word' id='word_1_320' title='bbox 1459 2776 1684 2817; x_wconf 81' lang='lat' dir='ltr'><strong>summae</strong></span> <span class='ocrx_word' id='word_1_321' title='bbox 1716 2760 2043 2816; x_wconf 87' lang='lat' dir='ltr'><strong>calamitatis</strong></span> <span class='ocrx_word' id='word_1_322' title='bbox 2076 2760 2284 2830; x_wconf 86' lang='lat' dir='ltr'><strong>magni-</strong></span> 
     </span>
    </p>
   </div>
   <div class='ocr_carea' id='block_1_45' title="bbox 725 2850 2286 2927">
    <p class='ocr_par' dir='ltr' id='par_1_45' title="bbox 725 2850 2286 2927">
     <span class='ocr_line' id='line_1_45' title="bbox 725 2850 2286 2927; baseline -0.008 -11"><span class='ocrx_word' id='word_1_323' title='bbox 725 2861 964 2916; x_wconf 91' lang='lat' dir='ltr'><strong>tudinem</strong></span> <span class='ocrx_word' id='word_1_324' title='bbox 994 2854 1307 2927; x_wconf 85' lang='lat' dir='ltr'><strong>prophetica</strong></span> <span class='ocrx_word' id='word_1_325' title='bbox 1336 2852 1492 2908; x_wconf 91' lang='lat' dir='ltr'><strong>nobis</strong></span> <span class='ocrx_word' id='word_1_326' title='bbox 1527 2851 1799 2922; x_wconf 84' lang='lat' dir='ltr'><strong>significat</strong></span> <span class='ocrx_word' id='word_1_327' title='bbox 1837 2851 2036 2905; x_wconf 89' lang='lat' dir='ltr'><strong>oratio.</strong></span> <span class='ocrx_word' id='word_1_328' title='bbox 2078 2850 2286 2919; x_wconf 78' lang='lat' dir='ltr'><strong>Regna-</strong></span> 
     </span>
    </p>
   </div>
   <div class='ocr_carea' id='block_1_46' title="bbox 726 2928 2289 3009">
    <p class='ocr_par' dir='ltr' id='par_1_46' title="bbox 726 2928 2289 3009">
     <span class='ocr_line' id='line_1_46' title="bbox 726 2928 2289 3009; baseline -0.011 -5"><span class='ocrx_word' id='word_1_329' title='bbox 726 2959 853 3004; x_wconf 92' lang='lat' dir='ltr'><strong>rnnt</strong></span> <span class='ocrx_word' id='word_1_330' title='bbox 881 2950 1026 3003; x_wconf 84' lang='lat' dir='ltr'><strong>enim</strong></span> <span class='ocrx_word' id='word_1_331' title='bbox 1069 2945 1226 3000; x_wconf 81' lang='lat' dir='ltr'><strong>statis</strong></span> <span class='ocrx_word' id='word_1_332' title='bbox 1266 2928 1597 3009; x_wconf 84' lang='lat' dir='ltr'><strong>temporibus</strong></span> <span class='ocrx_word' id='word_1_333' title='bbox 1640 2939 1695 2992; x_wconf 90' lang='lat' dir='ltr'><strong>in</strong></span> <span class='ocrx_word' id='word_1_334' title='bbox 1736 2936 2058 2999; x_wconf 83' lang='lat' dir='ltr'><strong>Jerusalem,</strong></span> <span class='ocrx_word' id='word_1_335' title='bbox 2100 2938 2189 3004; x_wconf 89' lang='lat' dir='ltr'><strong>qui</strong></span> <span class='ocrx_word' id='word_1_336' title='bbox 2220 2949 2289 2988; x_wconf 80' lang='lat' dir='ltr'><strong>ex</strong></span> 
     </span>
    </p>
   </div>
   <div class='ocr_carea' id='block_1_47' title="bbox 724 3026 2288 3101">
    <p class='ocr_par' dir='ltr' id='par_1_47' title="bbox 724 3026 2288 3101">
     <span class='ocr_line' id='line_1_47' title="bbox 724 3026 2288 3101; baseline -0.01 -5"><span class='ocrx_word' id='word_1_337' title='bbox 724 3042 864 3097; x_wconf 89' lang='lat' dir='ltr'><strong>tribu</strong></span> <span class='ocrx_word' id='word_1_338' title='bbox 887 3039 1035 3093; x_wconf 63' lang='lat' dir='ltr'><strong>Julia:</strong></span> <span class='ocrx_word' id='word_1_339' title='bbox 1068 3047 1222 3091; x_wconf 86' lang='lat' dir='ltr'><strong>erant</strong></span> <span class='ocrx_word' id='word_1_340' title='bbox 1255 3053 1267 3087; x_wconf 90' lang='lat'><strong>:</strong></span> <span class='ocrx_word' id='word_1_341' title='bbox 1306 3043 1361 3087; x_wconf 92' lang='lat' dir='ltr'><strong>et</strong></span> <span class='ocrx_word' id='word_1_342' title='bbox 1399 3030 1666 3101; x_wconf 88' lang='lat' dir='ltr'><strong>splendidi</strong></span> <span class='ocrx_word' id='word_1_343' title='bbox 1698 3030 1934 3093; x_wconf 90' lang='lat' dir='ltr'><strong>fuerunt,</strong></span> <span class='ocrx_word' id='word_1_344' title='bbox 1957 3026 2201 3081; x_wconf 88' lang='lat' dir='ltr'><strong>celebres</strong></span> <span class='ocrx_word' id='word_1_345' title='bbox 2234 3035 2288 3080; x_wconf 88' lang='lat' dir='ltr'><strong>et</strong></span> 
     </span>
    </p>
   </div>
   <div class='ocr_carea' id='block_1_48' title="bbox 727 3122 2283 3190">
    <p class='ocr_par' dir='ltr' id='par_1_48' title="bbox 727 3122 2283 3190">
     <span class='ocr_line' id='line_1_48' title="bbox 727 3122 2283 3190; baseline -0.01 -4"><span class='ocrx_word' id='word_1_346' title='bbox 727 3132 932 3186; x_wconf 90' lang='lat' dir='ltr'><strong>divitiis</strong></span> <span class='ocrx_word' id='word_1_347' title='bbox 966 3126 1170 3190; x_wconf 86' lang='lat' dir='ltr'><strong>ornati,</strong></span> <span class='ocrx_word' id='word_1_348' title='bbox 1204 3134 1258 3179; x_wconf 90' lang='lat' dir='ltr'><strong>et</strong></span> <span class='ocrx_word' id='word_1_349' title='bbox 1284 3122 1579 3178; x_wconf 86' lang='lat' dir='ltr'><strong>nobilitatis</strong></span> <span class='ocrx_word' id='word_1_350' title='bbox 1608 3131 1755 3176; x_wconf 88' lang='lat' dir='ltr'><strong>sorte</strong></span> <span class='ocrx_word' id='word_1_351' title='bbox 1776 3134 1908 3174; x_wconf 88' lang='lat' dir='ltr'><strong>sane</strong></span> <span class='ocrx_word' id='word_1_352' title='bbox 1932 3133 2095 3188; x_wconf 79' lang='lat' dir='ltr'><strong>quam</strong></span> <span class='ocrx_word' id='word_1_353' title='bbox 2128 3131 2283 3187; x_wconf 82' lang='lat' dir='ltr'><strong>egre-</strong></span> 
     </span>
    </p>
   </div>
   <div class='ocr_carea' id='block_1_49' title="bbox 729 3210 2290 3294">
    <p class='ocr_par' dir='ltr' id='par_1_49' title="bbox 729 3210 2290 3294">
     <span class='ocr_line' id='line_1_49' title="bbox 729 3210 2290 3294; baseline -0.009 -18"><span class='ocrx_word' id='word_1_354' title='bbox 729 3226 815 3294; x_wconf 89' lang='lat' dir='ltr'><strong>gie</strong></span> <span class='ocrx_word' id='word_1_355' title='bbox 866 3219 1142 3275; x_wconf 87' lang='lat' dir='ltr'><strong>coronati.</strong></span> <span class='ocrx_word' id='word_1_356' title='bbox 1187 3214 1566 3270; x_wconf 70' lang='lat' dir='ltr'><strong>Prmsederunt</strong></span> <span class='ocrx_word' id='word_1_357' title='bbox 1594 3214 1718 3266; x_wconf 88' lang='lat' dir='ltr'><strong>item</strong></span> <span class='ocrx_word' id='word_1_358' title='bbox 1758 3212 1864 3266; x_wconf 90' lang='lat' dir='ltr'><strong>alio</strong></span> <span class='ocrx_word' id='word_1_359' title='bbox 1904 3211 2082 3274; x_wconf 87' lang='lat' dir='ltr'><strong>modo,</strong></span> <span class='ocrx_word' id='word_1_360' title='bbox 2124 3210 2214 3279; x_wconf 89' lang='lat' dir='ltr'><strong>qui</strong></span> <span class='ocrx_word' id='word_1_361' title='bbox 2259 3226 2290 3263; x_wconf 90' lang='lat' dir='ltr'><strong>e</strong></span> 
     </span>
    </p>
   </div>
   <div class='ocr_carea' id='block_1_50' title="bbox 732 3301 2287 3370">
    <p class='ocr_par' dir='ltr' id='par_1_50' title="bbox 732 3301 2287 3370">
     <span class='ocr_line' id='line_1_50' title="bbox 732 3301 2287 3370; baseline -0.008 -3"><span class='ocrx_word' id='word_1_362' title='bbox 732 3317 873 3369; x_wconf 89' lang='lat' dir='ltr'><strong>tribu</strong></span> <span class='ocrx_word' id='word_1_363' title='bbox 916 3312 1132 3366; x_wconf 90' lang='lat' dir='ltr'><strong>fuerunt</strong></span> <span class='ocrx_word' id='word_1_364' title='bbox 1176 3307 1327 3370; x_wconf 88' lang='lat' dir='ltr'><strong>Levi,</strong></span> <span class='ocrx_word' id='word_1_365' title='bbox 1374 3321 1438 3360; x_wconf 80' lang='lat' dir='ltr'><strong>ex</strong></span> <span class='ocrx_word' id='word_1_366' title='bbox 1490 3305 1720 3360; x_wconf 84' lang='lat' dir='ltr'><strong>Aaronis</strong></span> <span class='ocrx_word' id='word_1_367' title='bbox 1762 3305 1973 3359; x_wconf 90' lang='lat' dir='ltr'><strong>ordine.</strong></span> <span class='ocrx_word' id='word_1_368' title='bbox 2022 3304 2159 3358; x_wconf 85' lang='lat' dir='ltr'><strong>Cum</strong></span> <span class='ocrx_word' id='word_1_369' title='bbox 2214 3301 2287 3355; x_wconf 91' lang='lat' dir='ltr'><strong>ita</strong></span> 
     </span>
    </p>
   </div>
   <div class='ocr_carea' id='block_1_51' title="bbox 730 3394 2289 3469">
    <p class='ocr_par' dir='ltr' id='par_1_51' title="bbox 730 3394 2289 3469">
     <span class='ocr_line' id='line_1_51' title="bbox 730 3394 2289 3469; baseline -0.009 -7"><span class='ocrx_word' id='word_1_370' title='bbox 730 3419 972 3463; x_wconf 87' lang='lat' dir='ltr'><strong>summus</strong></span> <span class='ocrx_word' id='word_1_371' title='bbox 1001 3403 1253 3456; x_wconf 88' lang='lat' dir='ltr'><strong>sacerdos</strong></span> <span class='ocrx_word' id='word_1_372' title='bbox 1284 3408 1560 3469; x_wconf 70' lang='lat' dir='ltr'><strong>praeesset,</strong></span> <span class='ocrx_word' id='word_1_373' title='bbox 1598 3396 1839 3452; x_wconf 87' lang='lat' dir='ltr'><strong>seniores</strong></span> <span class='ocrx_word' id='word_1_374' title='bbox 1870 3405 1926 3451; x_wconf 91' lang='lat' dir='ltr'><strong>et</strong></span> <span class='ocrx_word' id='word_1_375' title='bbox 1955 3394 2155 3449; x_wconf 68' lang='lat' dir='ltr'><strong>Levita:</strong></span> <span class='ocrx_word' id='word_1_376' title='bbox 2174 3395 2289 3449; x_wconf 85' lang='lat' dir='ltr'><strong>obi-</strong></span> 
     </span>
    </p>
   </div>
   <div class='ocr_carea' id='block_1_52' title="bbox 733 3485 2287 3559">
    <p class='ocr_par' dir='ltr' id='par_1_52' title="bbox 733 3485 2287 3559">
     <span class='ocr_line' id='line_1_52' title="bbox 733 3485 2287 3559; baseline -0.01 -5"><span class='ocrx_word' id='word_1_377' title='bbox 733 3506 859 3553; x_wconf 89' lang='lat' dir='ltr'><strong>rent</strong></span> <span class='ocrx_word' id='word_1_378' title='bbox 887 3492 1214 3554; x_wconf 86' lang='lat' dir='ltr'><strong>ministeria,</strong></span> <span class='ocrx_word' id='word_1_379' title='bbox 1244 3489 1567 3559; x_wconf 87' lang='lat' dir='ltr'><strong>suscipiendi</strong></span> <span class='ocrx_word' id='word_1_380' title='bbox 1591 3496 1747 3543; x_wconf 86' lang='lat' dir='ltr'><strong>erant</strong></span> <span class='ocrx_word' id='word_1_381' title='bbox 1774 3488 1828 3542; x_wconf 89' lang='lat' dir='ltr'><strong>hi</strong></span> <span class='ocrx_word' id='word_1_382' title='bbox 1858 3502 1953 3556; x_wconf 87' lang='lat' dir='ltr'><strong>per</strong></span> <span class='ocrx_word' id='word_1_383' title='bbox 1982 3485 2287 3540; x_wconf 89' lang='lat' dir='ltr'><strong>universam</strong></span> 
     </span>
    </p>
   </div>
   <div class='ocr_carea' id='block_1_53' title="bbox 733 3569 2288 3658">
    <p class='ocr_par' dir='ltr' id='par_1_53' title="bbox 733 3569 2288 3658">
     <span class='ocr_line' id='line_1_53' title="bbox 733 3569 2288 3658; baseline -0.012 -15"><span class='ocrx_word' id='word_1_384' title='bbox 733 3591 1003 3658; x_wconf 82' lang='lat' dir='ltr'><strong>regionem</strong></span> <span class='ocrx_word' id='word_1_385' title='bbox 1059 3569 1383 3637; x_wconf 67' lang='lat' dir='ltr'><strong>Judaaorum.</strong></span> <span class='ocrx_word' id='word_1_386' title='bbox 1429 3581 1498 3632; x_wconf 84' lang='lat' dir='ltr'><strong>At</strong></span> <span class='ocrx_word' id='word_1_387' title='bbox 1566 3578 1655 3632; x_wconf 91' lang='lat' dir='ltr'><strong>ubi</strong></span> <span class='ocrx_word' id='word_1_388' title='bbox 1702 3592 1823 3646; x_wconf 73' lang='lat' dir='ltr'><strong>qua:</strong></span> <span class='ocrx_word' id='word_1_389' title='bbox 1880 3578 1958 3630; x_wconf 85' lang='lat' dir='ltr'><strong>fas</strong></span> <span class='ocrx_word' id='word_1_390' title='bbox 2002 3590 2107 3630; x_wconf 91' lang='lat' dir='ltr'><strong>non</strong></span> <span class='ocrx_word' id='word_1_391' title='bbox 2175 3583 2288 3629; x_wconf 90' lang='lat' dir='ltr'><strong>erat</strong></span> 
     </span>
    </p>
   </div>
   <div class='ocr_carea' id='block_1_54' title="bbox 734 3666 2288 3742">
    <p class='ocr_par' dir='ltr' id='par_1_54' title="bbox 734 3666 2288 3742">
     <span class='ocr_line' id='line_1_54' title="bbox 734 3666 2288 3742; baseline -0.01 -8"><span class='ocrx_word' id='word_1_392' title='bbox 734 3678 1176 3740; x_wconf 82' lang='lat' dir='ltr'><strong>commisissent,</strong></span> <span class='ocrx_word' id='word_1_393' title='bbox 1224 3673 1532 3742; x_wconf 89' lang='lat' dir='ltr'><strong>nullumque</strong></span> <span class='ocrx_word' id='word_1_394' title='bbox 1577 3685 1681 3725; x_wconf 91' lang='lat' dir='ltr'><strong>non</strong></span> <span class='ocrx_word' id='word_1_395' title='bbox 1705 3669 1996 3738; x_wconf 86' lang='lat' dir='ltr'><strong>impietatis</strong></span> <span class='ocrx_word' id='word_1_396' title='bbox 2030 3681 2197 3737; x_wconf 89' lang='lat' dir='ltr'><strong>genus</strong></span> <span class='ocrx_word' id='word_1_397' title='bbox 2234 3666 2288 3719; x_wconf 93' lang='lat' dir='ltr'><strong>in</strong></span> 
     </span>
    </p>
   </div>
   <div class='ocr_carea' id='block_1_55' title="bbox 733 3759 2293 3830">
    <p class='ocr_par' dir='ltr' id='par_1_55' title="bbox 733 3759 2293 3830">
     <span class='ocr_line' id='line_1_55' title="bbox 733 3759 2293 3830; baseline -0.011 -4"><span class='ocrx_word' id='word_1_398' title='bbox 733 3771 1007 3827; x_wconf 88' lang='lat' dir='ltr'><strong>Christum</strong></span> <span class='ocrx_word' id='word_1_399' title='bbox 1042 3767 1448 3828; x_wconf 78' lang='lat' dir='ltr'><strong>exercuissent,</strong></span> <span class='ocrx_word' id='word_1_400' title='bbox 1493 3762 1558 3817; x_wconf 89' lang='lat' dir='ltr'><strong>de</strong></span> <span class='ocrx_word' id='word_1_401' title='bbox 1610 3761 1840 3830; x_wconf 86' lang='lat' dir='ltr'><strong>pristina</strong></span> <span class='ocrx_word' id='word_1_402' title='bbox 1889 3759 2177 3829; x_wconf 88' lang='lat' dir='ltr'><strong>dignitate,</strong></span> <span class='ocrx_word' id='word_1_403' title='bbox 2228 3770 2293 3810; x_wconf 89' lang='lat' dir='ltr'><strong>ac</strong></span> 
     </span>
    </p>
   </div>
   <div class='ocr_carea' id='block_1_56' title="bbox 733 3848 2291 3918">
    <p class='ocr_par' dir='ltr' id='par_1_56' title="bbox 733 3848 2291 3918">
     <span class='ocr_line' id='line_1_56' title="bbox 733 3848 2291 3918; baseline -0.012 0"><span class='ocrx_word' id='word_1_404' title='bbox 733 3861 1049 3918; x_wconf 83' lang='lat' dir='ltr'><strong>celebritate</strong></span> <span class='ocrx_word' id='word_1_405' title='bbox 1090 3856 1403 3912; x_wconf 83' lang='lat' dir='ltr'><strong>divitiarum</strong></span> <span class='ocrx_word' id='word_1_406' title='bbox 1437 3861 1493 3907; x_wconf 91' lang='lat' dir='ltr'><strong>et</strong></span> <span class='ocrx_word' id='word_1_407' title='bbox 1525 3852 1776 3907; x_wconf 89' lang='lat' dir='ltr'><strong>claritate</strong></span> <span class='ocrx_word' id='word_1_408' title='bbox 1807 3849 2007 3918; x_wconf 88' lang='lat' dir='ltr'><strong>delapsi</strong></span> <span class='ocrx_word' id='word_1_409' title='bbox 2042 3857 2206 3910; x_wconf 86' lang='lat' dir='ltr'><strong>sunt;</strong></span> <span class='ocrx_word' id='word_1_410' title='bbox 2240 3848 2291 3903; x_wconf 92' lang='lat' dir='ltr'><strong>in</strong></span> 
     </span>
    </p>
   </div>
   <div class='ocr_carea' id='block_1_57' title="bbox 732 3940 2293 4023">
    <p class='ocr_par' dir='ltr' id='par_1_57' title="bbox 732 3940 2293 4023">
     <span class='ocr_line' id='line_1_57' title="bbox 732 3940 2293 4023; baseline -0.012 -13"><span class='ocrx_word' id='word_1_411' title='bbox 732 3944 958 4023; x_wconf 70' lang='lat' dir='ltr'><strong>Eamque</strong></span> <span class='ocrx_word' id='word_1_412' title='bbox 985 3950 1362 4006; x_wconf 79' lang='lat' dir='ltr'><strong>confusionem</strong></span> <span class='ocrx_word' id='word_1_413' title='bbox 1413 3954 1466 3999; x_wconf 90' lang='lat' dir='ltr'><strong>et</strong></span> <span class='ocrx_word' id='word_1_414' title='bbox 1491 3944 1751 3999; x_wconf 85' lang='lat' dir='ltr'><strong>vilitatem</strong></span> <span class='ocrx_word' id='word_1_415' title='bbox 1794 3956 1880 3996; x_wconf 90' lang='lat' dir='ltr'><strong>res</strong></span> <span class='ocrx_word' id='word_1_416' title='bbox 1909 3955 2093 3995; x_wconf 88' lang='lat' dir='ltr'><strong>eorum</strong></span> <span class='ocrx_word' id='word_1_417' title='bbox 2130 3940 2293 3993; x_wconf 89' lang='lat' dir='ltr'><strong>deve-</strong></span> 
     </span>
    </p>
   </div>
   <div class='ocr_carea' id='block_1_58' title="bbox 735 4028 2291 4107">
    <p class='ocr_par' dir='ltr' id='par_1_58' title="bbox 735 4028 2291 4107">
     <span class='ocr_line' id='line_1_58' title="bbox 735 4028 2291 4107; baseline -0.014 -8"><span class='ocrx_word' id='word_1_418' title='bbox 735 4049 953 4107; x_wconf 76' lang='lat' dir='ltr'><strong>nerunt,</strong></span> <span class='ocrx_word' id='word_1_419' title='bbox 985 4054 1045 4095; x_wconf 88' lang='lat' dir='ltr'><strong>nt</strong></span> <span class='ocrx_word' id='word_1_420' title='bbox 1073 4039 1277 4094; x_wconf 90' lang='lat' dir='ltr'><strong>nullum</strong></span> <span class='ocrx_word' id='word_1_421' title='bbox 1320 4034 1542 4091; x_wconf 89' lang='lat' dir='ltr'><strong>omnino</strong></span> <span class='ocrx_word' id='word_1_422' title='bbox 1573 4038 1795 4102; x_wconf 90' lang='lat' dir='ltr'><strong>possent</strong></span> <span class='ocrx_word' id='word_1_423' title='bbox 1843 4030 1983 4083; x_wconf 89' lang='lat' dir='ltr'><strong>inter</strong></span> <span class='ocrx_word' id='word_1_424' title='bbox 2011 4043 2071 4082; x_wconf 90' lang='lat' dir='ltr'><strong>se</strong></span> <span class='ocrx_word' id='word_1_425' title='bbox 2104 4028 2291 4079; x_wconf 89' lang='lat' dir='ltr'><strong>ducem</strong></span> 
     </span>
    </p>
   </div>
   <div class='ocr_carea' id='block_1_59' title="bbox 736 4118 2297 4201">
    <p class='ocr_par' dir='ltr' id='par_1_59' title="bbox 736 4118 2297 4201">
     <span class='ocr_line' id='line_1_59' title="bbox 736 4118 2297 4201; baseline -0.013 -12"><span class='ocrx_word' id='word_1_426' title='bbox 736 4136 935 4189; x_wconf 82' lang='lat' dir='ltr'><strong>habere</strong></span> <span class='ocrx_word' id='word_1_427' title='bbox 966 4132 1188 4201; x_wconf 86' lang='lat' dir='ltr'><strong>antiqua</strong></span> <span class='ocrx_word' id='word_1_428' title='bbox 1226 4126 1548 4183; x_wconf 77' lang='lat' dir='ltr'><strong>excellentia</strong></span> <span class='ocrx_word' id='word_1_429' title='bbox 1576 4123 1801 4183; x_wconf 90' lang='lat' dir='ltr'><strong>clarum,</strong></span> <span class='ocrx_word' id='word_1_430' title='bbox 1832 4134 1930 4173; x_wconf 85' lang='lat' dir='ltr'><strong>nec</strong></span> <span class='ocrx_word' id='word_1_431' title='bbox 1953 4118 2163 4186; x_wconf 89' lang='lat' dir='ltr'><strong>opibus,</strong></span> <span class='ocrx_word' id='word_1_432' title='bbox 2198 4131 2297 4169; x_wconf 88' lang='lat' dir='ltr'><strong>nec</strong></span> 
     </span>
    </p>
   </div>
   <div class='ocr_carea' id='block_1_60' title="bbox 738 4208 2293 4296">
    <p class='ocr_par' dir='ltr' id='par_1_60' title="bbox 738 4208 2293 4296">
     <span class='ocr_line' id='line_1_60' title="bbox 738 4208 2293 4296; baseline -0.013 -16"><span class='ocrx_word' id='word_1_433' title='bbox 738 4231 1022 4296; x_wconf 85' lang='lat' dir='ltr'><strong>potestate,</strong></span> <span class='ocrx_word' id='word_1_434' title='bbox 1066 4236 1166 4276; x_wconf 89' lang='lat' dir='ltr'><strong>nec</strong></span> <span class='ocrx_word' id='word_1_435' title='bbox 1210 4219 1345 4290; x_wconf 83' lang='lat' dir='ltr'><strong>legis</strong></span> <span class='ocrx_word' id='word_1_436' title='bbox 1393 4216 1582 4271; x_wconf 84' lang='lat' dir='ltr'><strong>notitia</strong></span> <span class='ocrx_word' id='word_1_437' title='bbox 1642 4212 1947 4281; x_wconf 70' lang='lat' dir='ltr'><strong>prmditum.</strong></span> <span class='ocrx_word' id='word_1_438' title='bbox 1978 4208 2090 4263; x_wconf 87' lang='lat' dir='ltr'><strong>lIoc</strong></span> <span class='ocrx_word' id='word_1_439' title='bbox 2122 4209 2293 4278; x_wconf 89' lang='lat' dir='ltr'><strong>ipsum</strong></span> 
     </span>
    </p>
   </div>
   <div class='ocr_carea' id='block_1_61' title="bbox 741 4302 2294 4378">
    <p class='ocr_par' dir='ltr' id='par_1_61' title="bbox 741 4302 2294 4378">
     <span class='ocr_line' id='line_1_61' title="bbox 741 4302 2294 4378; baseline -0.012 -8"><span class='ocrx_word' id='word_1_440' title='bbox 741 4320 918 4378; x_wconf 89' lang='lat' dir='ltr'><strong>docet,</strong></span> <span class='ocrx_word' id='word_1_441' title='bbox 948 4329 1070 4369; x_wconf 87' lang='lat' dir='ltr'><strong>cum</strong></span> <span class='ocrx_word' id='word_1_442' title='bbox 1108 4312 1181 4365; x_wconf 89' lang='lat' dir='ltr'><strong>ait</strong></span> <span class='ocrx_word' id='word_1_443' title='bbox 1215 4330 1229 4366; x_wconf 92' lang='lat'><strong>:</strong></span> <span class='ocrx_word' id='word_1_444' title='bbox 1268 4329 1287 4362; x_wconf 76' lang='grc' dir='ltr'><strong>ι</strong></span> <span class='ocrx_word' id='word_1_445' title='bbox 1331 4306 1711 4378; x_wconf 82' lang='lat' dir='ltr'><strong>Apprehendet</strong></span> <span class='ocrx_word' id='word_1_446' title='bbox 1736 4303 1816 4356; x_wconf 91' lang='lat' dir='ltr'><strong>vir</strong></span> <span class='ocrx_word' id='word_1_447' title='bbox 1846 4302 2070 4355; x_wconf 86' lang='lat' dir='ltr'><strong>fratrem</strong></span> <span class='ocrx_word' id='word_1_448' title='bbox 2116 4316 2294 4365; x_wconf 89' lang='lat' dir='ltr'><strong>suum,</strong></span> 
     </span>
    </p>
   </div>
   <div class='ocr_carea' id='block_1_62' title="bbox 737 4392 2376 4483">
    <p class='ocr_par' dir='ltr' id='par_1_62' title="bbox 737 4392 2376 4483">
     <span class='ocr_line' id='line_1_62' title="bbox 737 4392 2376 4483; baseline -0.008 -24"><span class='ocrx_word' id='word_1_449' title='bbox 737 4407 820 4461; x_wconf 91' lang='lat' dir='ltr'><strong>vel</strong></span> <span class='ocrx_word' id='word_1_450' title='bbox 859 4404 1173 4460; x_wconf 80' lang='lat' dir='ltr'><strong>familiarem</strong></span> <span class='ocrx_word' id='word_1_451' title='bbox 1211 4401 1377 4471; x_wconf 88' lang='lat' dir='ltr'><strong>patris</strong></span> <span class='ocrx_word' id='word_1_452' title='bbox 1415 4400 1528 4463; x_wconf 86' lang='lat' dir='ltr'><strong>sui,</strong></span> <span class='ocrx_word' id='word_1_453' title='bbox 1559 4395 1745 4451; x_wconf 88' lang='lat' dir='ltr'><strong>dicens</strong></span> <span class='ocrx_word' id='word_1_454' title='bbox 1786 4411 1800 4448; x_wconf 88' lang='lat'><strong>:</strong></span> <span class='ocrx_word' id='word_1_455' title='bbox 1844 4392 2057 4449; x_wconf 85' lang='lat' dir='ltr'><strong>Vestem</strong></span> <span class='ocrx_word' id='word_1_456' title='bbox 2101 4394 2295 4457; x_wconf 89' lang='lat' dir='ltr'><strong>habes,</strong></span> <span class='ocrx_word' id='word_1_457' title='bbox 2335 4429 2376 4483; x_wconf 69' lang='grc' dir='ltr'>υ</span> 
     </span>
    </p>
   </div>
   <div class='ocr_carea' id='block_1_63' title="bbox 741 4484 2301 4569">
    <p class='ocr_par' dir='ltr' id='par_1_63' title="bbox 741 4484 2301 4569">
     <span class='ocr_line' id='line_1_63' title="bbox 741 4484 2301 4569; baseline -0.006 -20"><span class='ocrx_word' id='word_1_458' title='bbox 741 4500 988 4569; x_wconf 71' lang='lat' dir='ltr'><strong>princeps</strong></span> <span class='ocrx_word' id='word_1_459' title='bbox 1002 4495 1153 4549; x_wconf 90' lang='lat' dir='ltr'><strong>nobis</strong></span> <span class='ocrx_word' id='word_1_460' title='bbox 1168 4503 1304 4551; x_wconf 87' lang='lat' dir='ltr'><strong>esto.</strong></span> <span class='ocrx_word' id='word_1_461' title='bbox 1320 4500 1371 4545; x_wconf 90' lang='lat' dir='ltr'><strong>et</strong></span> <span class='ocrx_word' id='word_1_462' title='bbox 1392 4492 1544 4546; x_wconf 76' lang='lat' dir='ltr'><strong>cibus</strong></span> <span class='ocrx_word' id='word_1_463' title='bbox 1562 4503 1711 4543; x_wconf 90' lang='lat' dir='ltr'><strong>meus</strong></span> <span class='ocrx_word' id='word_1_464' title='bbox 1726 4487 1824 4541; x_wconf 88' lang='lat' dir='ltr'><strong>sub</strong></span> <span class='ocrx_word' id='word_1_465' title='bbox 1844 4496 1893 4539; x_wconf 90' lang='lat' dir='ltr'><strong>te</strong></span> <span class='ocrx_word' id='word_1_466' title='bbox 1908 4487 1996 4540; x_wconf 93' lang='lat' dir='ltr'><strong>sit.</strong></span> <span class='ocrx_word' id='word_1_467' title='bbox 2010 4503 2029 4538; x_wconf 75' lang='grc' dir='ltr'><strong>ι</strong></span> <span class='ocrx_word' id='word_1_468' title='bbox 2052 4484 2301 4540; x_wconf 87' lang='lat' dir='ltr'><strong>Confusis</strong></span> 
     </span>
    </p>
   </div>
   <div class='ocr_carea' id='block_1_64' title="bbox 737 4577 2304 4651">
    <p class='ocr_par' dir='ltr' id='par_1_64' title="bbox 737 4577 2304 4651">
     <span class='ocr_line' id='line_1_64' title="bbox 737 4577 2304 4651; baseline -0.007 -10"><span class='ocrx_word' id='word_1_469' title='bbox 737 4590 937 4643; x_wconf 64' lang='lat' dir='ltr'><strong>ctenim</strong></span> <span class='ocrx_word' id='word_1_470' title='bbox 974 4589 1138 4648; x_wconf 78' lang='lat' dir='ltr'><strong>rebus</strong></span> <span class='ocrx_word' id='word_1_471' title='bbox 1153 4595 1205 4642; x_wconf 82' lang='lat' dir='ltr'><strong>et</strong></span> <span class='ocrx_word' id='word_1_472' title='bbox 1230 4582 1452 4640; x_wconf 81' lang='lat' dir='ltr'><strong>multum</strong></span> <span class='ocrx_word' id='word_1_473' title='bbox 1486 4579 1832 4651; x_wconf 84' lang='lat' dir='ltr'><strong>perturbatis,</strong></span> <span class='ocrx_word' id='word_1_474' title='bbox 1862 4577 1933 4631; x_wconf 90' lang='lat' dir='ltr'><strong>ita</strong></span> <span class='ocrx_word' id='word_1_475' title='bbox 1961 4587 2019 4631; x_wconf 91' lang='lat' dir='ltr'><strong>ut</strong></span> <span class='ocrx_word' id='word_1_476' title='bbox 2045 4587 2304 4632; x_wconf 90' lang='lat' dir='ltr'><strong>corruant</strong></span> 
     </span>
    </p>
   </div>
   <div class='ocr_carea' id='block_1_65' title="bbox 739 4671 2304 4759">
    <p class='ocr_par' dir='ltr' id='par_1_65' title="bbox 739 4671 2304 4759">
     <span class='ocr_line' id='line_1_65' title="bbox 739 4671 2304 4759; baseline -0.013 -16"><span class='ocrx_word' id='word_1_477' title='bbox 739 4683 870 4759; x_wconf 70' lang='lat' dir='ltr'><strong>ipsi,</strong></span> <span class='ocrx_word' id='word_1_478' title='bbox 904 4685 1039 4741; x_wconf 88' lang='lat' dir='ltr'><strong>alius</strong></span> <span class='ocrx_word' id='word_1_479' title='bbox 1075 4684 1125 4735; x_wconf 90' lang='lat' dir='ltr'><strong>in</strong></span> <span class='ocrx_word' id='word_1_480' title='bbox 1162 4680 1356 4742; x_wconf 88' lang='lat' dir='ltr'><strong>alium,</strong></span> <span class='ocrx_word' id='word_1_481' title='bbox 1392 4675 1673 4742; x_wconf 89' lang='lat' dir='ltr'><strong>nullusque</strong></span> <span class='ocrx_word' id='word_1_482' title='bbox 1708 4673 1778 4726; x_wconf 87' lang='lat' dir='ltr'><strong>sit</strong></span> <span class='ocrx_word' id='word_1_483' title='bbox 1810 4673 1980 4725; x_wconf 87' lang='lat' dir='ltr'><strong>honor</strong></span> <span class='ocrx_word' id='word_1_484' title='bbox 2011 4678 2103 4724; x_wconf 92' lang='lat' dir='ltr'><strong>aut</strong></span> <span class='ocrx_word' id='word_1_485' title='bbox 2134 4671 2304 4739; x_wconf 90' lang='lat' dir='ltr'><strong>pudor</strong></span> 
     </span>
    </p>
   </div>
   <div class='ocr_carea' id='block_1_66' title="bbox 742 4766 2297 4849">
    <p class='ocr_par' dir='ltr' id='par_1_66' title="bbox 742 4766 2297 4849">
     <span class='ocr_line' id='line_1_66' title="bbox 742 4766 2297 4849; baseline -0.009 -16"><span class='ocrx_word' id='word_1_486' title='bbox 742 4782 822 4835; x_wconf 86' lang='lat' dir='ltr'><strong>vel</strong></span> <span class='ocrx_word' id='word_1_487' title='bbox 848 4776 1131 4849; x_wconf 83' lang='lat' dir='ltr'><strong>juvenibus</strong></span> <span class='ocrx_word' id='word_1_488' title='bbox 1160 4772 1330 4831; x_wconf 89' lang='lat' dir='ltr'><strong>senis.</strong></span> <span class='ocrx_word' id='word_1_489' title='bbox 1359 4768 1443 4823; x_wconf 88' lang='lat' dir='ltr'><strong>vel</strong></span> <span class='ocrx_word' id='word_1_490' title='bbox 1476 4767 1717 4837; x_wconf 89' lang='lat' dir='ltr'><strong>ingloriis</strong></span> <span class='ocrx_word' id='word_1_491' title='bbox 1746 4766 1963 4838; x_wconf 87' lang='lat' dir='ltr'><strong>gloriosi</strong></span> <span class='ocrx_word' id='word_1_492' title='bbox 1996 4782 2008 4819; x_wconf 94' lang='lat'><strong>:</strong></span> <span class='ocrx_word' id='word_1_493' title='bbox 2037 4766 2297 4834; x_wconf 88' lang='lat' dir='ltr'><strong>quisque,</strong></span> 
     </span>
    </p>
   </div>
   <div class='ocr_carea' id='block_1_67' title="bbox 744 4856 2301 4937">
    <p class='ocr_par' dir='ltr' id='par_1_67' title="bbox 744 4856 2301 4937">
     <span class='ocr_line' id='line_1_67' title="bbox 744 4856 2301 4937; baseline -0.012 -10"><span class='ocrx_word' id='word_1_494' title='bbox 744 4870 940 4937; x_wconf 84' lang='lat' dir='ltr'><strong>inquit,</strong></span> <span class='ocrx_word' id='word_1_495' title='bbox 971 4866 1068 4923; x_wconf 81' lang='lat' dir='ltr'><strong>sibi</strong></span> <span class='ocrx_word' id='word_1_496' title='bbox 1096 4871 1299 4931; x_wconf 66' lang='lat' dir='ltr'><strong>quwret</strong></span> <span class='ocrx_word' id='word_1_497' title='bbox 1330 4860 1542 4922; x_wconf 89' lang='lat' dir='ltr'><strong>ducem,</strong></span> <span class='ocrx_word' id='word_1_498' title='bbox 1571 4872 1800 4926; x_wconf 89' lang='lat' dir='ltr'><strong>eumque</strong></span> <span class='ocrx_word' id='word_1_499' title='bbox 1822 4856 2003 4926; x_wconf 88' lang='lat' dir='ltr'><strong>eliget,</strong></span> <span class='ocrx_word' id='word_1_500' title='bbox 2033 4857 2121 4909; x_wconf 78' lang='lat' dir='ltr'><strong>vix</strong></span> <span class='ocrx_word' id='word_1_501' title='bbox 2144 4856 2301 4910; x_wconf 87' lang='lat' dir='ltr'><strong>etiam</strong></span> 
     </span>
    </p>
   </div>
   <div class='ocr_carea' id='block_1_68' title="bbox 748 4947 2304 5032">
    <p class='ocr_par' dir='ltr' id='par_1_68' title="bbox 748 4947 2304 5032">
     <span class='ocr_line' id='line_1_68' title="bbox 748 4947 2304 5032; baseline -0.012 -15"><span class='ocrx_word' id='word_1_502' title='bbox 748 4959 1147 5032; x_wconf 83' lang='lat' dir='ltr'><strong>propinquitate</strong></span> <span class='ocrx_word' id='word_1_503' title='bbox 1193 4951 1408 5024; x_wconf 86' lang='lat' dir='ltr'><strong>generis</strong></span> <span class='ocrx_word' id='word_1_504' title='bbox 1454 4964 1831 5011; x_wconf 84' lang='lat' dir='ltr'><strong>commovens,</strong></span> <span class='ocrx_word' id='word_1_505' title='bbox 1872 4958 1927 5001; x_wconf 90' lang='lat' dir='ltr'><strong>et</strong></span> <span class='ocrx_word' id='word_1_506' title='bbox 1973 4948 2191 4999; x_wconf 89' lang='lat' dir='ltr'><strong>trahens</strong></span> <span class='ocrx_word' id='word_1_507' title='bbox 2239 4947 2304 4999; x_wconf 88' lang='lat' dir='ltr'><strong>ad</strong></span> 
     </span>
    </p>
   </div>
   <div class='ocr_carea' id='block_1_69' title="bbox 746 5036 2307 5114">
    <p class='ocr_par' dir='ltr' id='par_1_69' title="bbox 746 5036 2307 5114">
     <span class='ocr_line' id='line_1_69' title="bbox 746 5036 2307 5114; baseline -0.011 -6"><span class='ocrx_word' id='word_1_508' title='bbox 746 5049 1197 5109; x_wconf 89' lang='lat' dir='ltr'><strong>misericordiam,</strong></span> <span class='ocrx_word' id='word_1_509' title='bbox 1232 5054 1286 5100; x_wconf 92' lang='lat' dir='ltr'><strong>et</strong></span> <span class='ocrx_word' id='word_1_510' title='bbox 1317 5044 1507 5114; x_wconf 87' lang='lat' dir='ltr'><strong>eliget,</strong></span> <span class='ocrx_word' id='word_1_511' title='bbox 1538 5040 1741 5109; x_wconf 88' lang='lat' dir='ltr'><strong>inquit,</strong></span> <span class='ocrx_word' id='word_1_512' title='bbox 1776 5053 1876 5092; x_wconf 92' lang='lat' dir='ltr'><strong>non</strong></span> <span class='ocrx_word' id='word_1_513' title='bbox 1909 5038 2073 5092; x_wconf 89' lang='lat' dir='ltr'><strong>veluti</strong></span> <span class='ocrx_word' id='word_1_514' title='bbox 2107 5036 2307 5091; x_wconf 86' lang='lat' dir='ltr'><strong>divitiis</strong></span> 
     </span>
    </p>
   </div>
   <div class='ocr_carea' id='block_1_70' title="bbox 743 5127 2303 5206">
    <p class='ocr_par' dir='ltr' id='par_1_70' title="bbox 743 5127 2303 5206">
     <span class='ocr_line' id='line_1_70' title="bbox 743 5127 2303 5206; baseline -0.011 -7"><span class='ocrx_word' id='word_1_515' title='bbox 743 5145 1016 5199; x_wconf 87' lang='lat' dir='ltr'><strong>florentem</strong></span> <span class='ocrx_word' id='word_1_516' title='bbox 1035 5179 1052 5205; x_wconf 91' lang='lat'><strong>,</strong></span> <span class='ocrx_word' id='word_1_517' title='bbox 1081 5138 1175 5194; x_wconf 89' lang='lat' dir='ltr'><strong>sed</strong></span> <span class='ocrx_word' id='word_1_518' title='bbox 1202 5132 1598 5206; x_wconf 88' lang='lat' dir='ltr'><strong>quodammodo</strong></span> <span class='ocrx_word' id='word_1_519' title='bbox 1627 5131 1846 5194; x_wconf 89' lang='lat' dir='ltr'><strong>nudum,</strong></span> <span class='ocrx_word' id='word_1_520' title='bbox 1876 5129 2181 5197; x_wconf 89' lang='lat' dir='ltr'><strong>amabitque</strong></span> <span class='ocrx_word' id='word_1_521' title='bbox 2204 5127 2303 5182; x_wconf 90' lang='lat' dir='ltr'><strong>sub</strong></span> 
     </span>
    </p>
   </div>
   <div class='ocr_carea' id='block_1_71' title="bbox 744 5216 2301 5295">
    <p class='ocr_par' dir='ltr' id='par_1_71' title="bbox 744 5216 2301 5295">
     <span class='ocr_line' id='line_1_71' title="bbox 744 5216 2301 5295; baseline -0.011 -10"><span class='ocrx_word' id='word_1_522' title='bbox 744 5248 809 5286; x_wconf 89' lang='lat' dir='ltr'><strong>eo</strong></span> <span class='ocrx_word' id='word_1_523' title='bbox 835 5230 928 5295; x_wconf 87' lang='lat' dir='ltr'><strong>ali,</strong></span> <span class='ocrx_word' id='word_1_524' title='bbox 948 5237 1003 5285; x_wconf 88' lang='lat' dir='ltr'><strong>et</strong></span> <span class='ocrx_word' id='word_1_525' title='bbox 1032 5225 1278 5281; x_wconf 87' lang='lat' dir='ltr'><strong>mendico</strong></span> <span class='ocrx_word' id='word_1_526' title='bbox 1304 5221 1526 5282; x_wconf 89' lang='lat' dir='ltr'><strong>servire,</strong></span> <span class='ocrx_word' id='word_1_527' title='bbox 1546 5227 1600 5272; x_wconf 89' lang='lat' dir='ltr'><strong>et</strong></span> <span class='ocrx_word' id='word_1_528' title='bbox 1626 5218 1716 5286; x_wconf 87' lang='lat' dir='ltr'><strong>qui</strong></span> <span class='ocrx_word' id='word_1_529' title='bbox 1744 5218 1831 5270; x_wconf 82' lang='lat' dir='ltr'><strong>vix</strong></span> <span class='ocrx_word' id='word_1_530' title='bbox 1858 5226 2056 5271; x_wconf 90' lang='lat' dir='ltr'><strong>vestem</strong></span> <span class='ocrx_word' id='word_1_531' title='bbox 2089 5216 2301 5270; x_wconf 89' lang='lat' dir='ltr'><strong>habeat.</strong></span> 
     </span>
    </p>
   </div>
   <div class='ocr_carea' id='block_1_72' title="bbox 746 5305 2309 5380">
    <p class='ocr_par' dir='ltr' id='par_1_72' title="bbox 746 5305 2309 5380">
     <span class='ocr_line' id='line_1_72' title="bbox 746 5305 2309 5380; baseline -0.011 -4"><span class='ocrx_word' id='word_1_532' title='bbox 746 5318 1219 5376; x_wconf 80' lang='lat' dir='ltr'><strong>Vcrumenimvero</strong></span> <span class='ocrx_word' id='word_1_533' title='bbox 1278 5309 1529 5380; x_wconf 83' lang='lat' dir='ltr'><strong>quamvis</strong></span> <span class='ocrx_word' id='word_1_534' title='bbox 1590 5308 1710 5362; x_wconf 89' lang='lat' dir='ltr'><strong>talis</strong></span> <span class='ocrx_word' id='word_1_535' title='bbox 1766 5308 1863 5370; x_wconf 89' lang='lat' dir='ltr'><strong>sit,</strong></span> <span class='ocrx_word' id='word_1_536' title='bbox 1914 5322 2018 5360; x_wconf 90' lang='lat' dir='ltr'><strong>non</strong></span> <span class='ocrx_word' id='word_1_537' title='bbox 2083 5305 2309 5374; x_wconf 90' lang='lat' dir='ltr'><strong>accipiet</strong></span> 
     </span>
    </p>
   </div>
   <div class='ocr_carea' id='block_1_73' title="bbox 744 5396 2299 5480">
    <p class='ocr_par' dir='ltr' id='par_1_73' title="bbox 744 5396 2299 5480">
     <span class='ocr_line' id='line_1_73' title="bbox 744 5396 2299 5480; baseline -0.013 -11"><span class='ocrx_word' id='word_1_538' title='bbox 744 5422 927 5469; x_wconf 84' lang='lat' dir='ltr'><strong>tamen</strong></span> <span class='ocrx_word' id='word_1_539' title='bbox 956 5408 1270 5480; x_wconf 90' lang='lat' dir='ltr'><strong>imperium,</strong></span> <span class='ocrx_word' id='word_1_540' title='bbox 1298 5401 1509 5456; x_wconf 90' lang='lat' dir='ltr'><strong>etiamsi</strong></span> <span class='ocrx_word' id='word_1_541' title='bbox 1555 5400 1622 5454; x_wconf 88' lang='lat' dir='ltr'><strong>ab</strong></span> <span class='ocrx_word' id='word_1_542' title='bbox 1666 5400 1747 5452; x_wconf 85' lang='lat' dir='ltr'><strong>his</strong></span> <span class='ocrx_word' id='word_1_543' title='bbox 1781 5398 1869 5467; x_wconf 89' lang='lat' dir='ltr'><strong>qui</strong></span> <span class='ocrx_word' id='word_1_544' title='bbox 1903 5397 2059 5453; x_wconf 89' lang='lat' dir='ltr'><strong>subdi</strong></span> <span class='ocrx_word' id='word_1_545' title='bbox 2090 5396 2299 5463; x_wconf 92' lang='lat' dir='ltr'><strong>volunt,</strong></span> 
     </span>
    </p>
   </div>
   <div class='ocr_carea' id='block_1_74' title="bbox 748 5488 2299 5573">
    <p class='ocr_par' dir='ltr' id='par_1_74' title="bbox 748 5488 2299 5573">
     <span class='ocr_line' id='line_1_74' title="bbox 748 5488 2299 5573; baseline -0.013 -14"><span class='ocrx_word' id='word_1_546' title='bbox 748 5504 879 5559; x_wconf 91' lang='lat' dir='ltr'><strong>nihil</strong></span> <span class='ocrx_word' id='word_1_547' title='bbox 911 5510 1140 5573; x_wconf 90' lang='lat' dir='ltr'><strong>petatur.</strong></span> <span class='ocrx_word' id='word_1_548' title='bbox 1171 5496 1426 5561; x_wconf 69' lang='lat' dir='ltr'><strong>anrrunt</strong></span> <span class='ocrx_word' id='word_1_549' title='bbox 1456 5491 1596 5545; x_wconf 88' lang='lat' dir='ltr'><strong>enim</strong></span> <span class='ocrx_word' id='word_1_550' title='bbox 1629 5504 1818 5559; x_wconf 89' lang='lat' dir='ltr'><strong>panem</strong></span> <span class='ocrx_word' id='word_1_551' title='bbox 1849 5498 1905 5542; x_wconf 93' lang='lat' dir='ltr'><strong>ut</strong></span> <span class='ocrx_word' id='word_1_552' title='bbox 1929 5488 2299 5554; x_wconf 73' lang='lat' dir='ltr'><strong>subiiciantur,</strong></span> 
     </span>
    </p>
   </div>
   <div class='ocr_carea' id='block_1_75' title="bbox 748 5575 2300 5661">
    <p class='ocr_par' dir='ltr' id='par_1_75' title="bbox 748 5575 2300 5661">
     <span class='ocr_line' id='line_1_75' title="bbox 748 5575 2300 5661; baseline -0.015 -13"><span class='ocrx_word' id='word_1_553' title='bbox 748 5608 803 5648; x_wconf 82' lang='lat' dir='ltr'><strong>et</strong></span> <span class='ocrx_word' id='word_1_554' title='bbox 845 5607 941 5661; x_wconf 91' lang='lat' dir='ltr'><strong>pro</strong></span> <span class='ocrx_word' id='word_1_555' title='bbox 989 5589 1245 5643; x_wconf 91' lang='lat' dir='ltr'><strong>alimento</strong></span> <span class='ocrx_word' id='word_1_556' title='bbox 1292 5581 1602 5638; x_wconf 90' lang='lat' dir='ltr'><strong>tenuissimo</strong></span> <span class='ocrx_word' id='word_1_557' title='bbox 1657 5593 1715 5632; x_wconf 90' lang='lat' dir='ltr'><strong>se</strong></span> <span class='ocrx_word' id='word_1_558' title='bbox 1769 5576 1841 5629; x_wconf 91' lang='lat' dir='ltr'><strong>illi</strong></span> <span class='ocrx_word' id='word_1_559' title='bbox 1888 5576 1941 5629; x_wconf 91' lang='lat' dir='ltr'><strong>in</strong></span> <span class='ocrx_word' id='word_1_560' title='bbox 1991 5575 2300 5630; x_wconf 80' lang='lat' dir='ltr'><strong>servitutem</strong></span> 
     </span>
    </p>
   </div>
   <div class='ocr_carea' id='block_1_76' title="bbox 751 5664 2304 5745">
    <p class='ocr_par' dir='ltr' id='par_1_76' title="bbox 751 5664 2304 5745">
     <span class='ocr_line' id='line_1_76' title="bbox 751 5664 2304 5745; baseline -0.016 -4"><span class='ocrx_word' id='word_1_561' title='bbox 751 5684 1019 5741; x_wconf 88' lang='lat' dir='ltr'><strong>addicunt.</strong></span> <span class='ocrx_word' id='word_1_562' title='bbox 1073 5680 1138 5736; x_wconf 85' lang='lat' dir='ltr'><strong>Et</strong></span> <span class='ocrx_word' id='word_1_563' title='bbox 1168 5692 1286 5745; x_wconf 66' lang='lat' dir='ltr'><strong>quae</strong></span> <span class='ocrx_word' id='word_1_564' title='bbox 1322 5674 1433 5729; x_wconf 64' lang='lat' dir='ltr'><strong>haec</strong></span> <span class='ocrx_word' id='word_1_565' title='bbox 1471 5669 1843 5742; x_wconf 78' lang='lat' dir='ltr'><strong>tergiversatio</strong></span> <span class='ocrx_word' id='word_1_566' title='bbox 1882 5681 1944 5723; x_wconf 87' lang='lat' dir='ltr'><strong>ac</strong></span> <span class='ocrx_word' id='word_1_567' title='bbox 1977 5664 2304 5734; x_wconf 86' lang='lat' dir='ltr'><strong>repudiatio?</strong></span> 
     </span>
    </p>
   </div>
   <div class='ocr_carea' id='block_1_77' title="bbox 2384 1855 3949 1934">
    <p class='ocr_par' dir='ltr' id='par_1_77' title="bbox 2384 1855 3949 1934">
     <span class='ocr_line' id='line_1_77' title="bbox 2384 1855 3949 1934; baseline -0.001 -25"><span class='ocrx_word' id='word_1_568' title='bbox 2384 1856 2476 1910; x_wconf 86' lang='grc' dir='ltr'><strong>καί</strong></span> <span class='ocrx_word' id='word_1_569' title='bbox 2504 1874 2593 1934; x_wconf 90' lang='grc' dir='ltr'><strong>τις</strong></span> <span class='ocrx_word' id='word_1_570' title='bbox 2617 1855 2856 1926; x_wconf 82' lang='grc' dir='ltr'>βούλοιτο</span> <span class='ocrx_word' id='word_1_571' title='bbox 2880 1856 3010 1910; x_wconf 78' lang='grc' dir='ltr'>ναῦν</span> <span class='ocrx_word' id='word_1_572' title='bbox 3040 1856 3312 1926; x_wconf 79' lang='grc' dir='ltr'>πηδαλίων</span> <span class='ocrx_word' id='word_1_573' title='bbox 3348 1873 3407 1908; x_wconf 91' lang='grc' dir='ltr'><strong>τε</strong></span> <span class='ocrx_word' id='word_1_574' title='bbox 3435 1858 3568 1925; x_wconf 82' lang='grc' dir='ltr'>ὅμου</span> <span class='ocrx_word' id='word_1_575' title='bbox 3607 1856 3702 1908; x_wconf 81' lang='grc' dir='ltr'>καὶ</span> <span class='ocrx_word' id='word_1_576' title='bbox 3731 1855 3826 1908; x_wconf 81' lang='grc' dir='ltr'>τοῦ</span> <span class='ocrx_word' id='word_1_577' title='bbox 3856 1873 3949 1908; x_wconf 80' lang='grc' dir='ltr'><strong>κυ-</strong></span> 
     </span>
    </p>
   </div>
   <div class='ocr_carea' id='block_1_78' title="bbox 2383 1946 3950 2020">
    <p class='ocr_par' dir='ltr' id='par_1_78' title="bbox 2383 1946 3950 2020">
     <span class='ocr_line' id='line_1_78' title="bbox 2383 1946 3950 2020; baseline 0 -21"><span class='ocrx_word' id='word_1_578' title='bbox 2383 1946 2681 2018; x_wconf 84' lang='grc' dir='ltr'>ϐερνῶντος</span> <span class='ocrx_word' id='word_1_579' title='bbox 2717 1948 2949 2020; x_wconf 82' lang='grc' dir='ltr'>ἐρήμην,</span> <span class='ocrx_word' id='word_1_580' title='bbox 2989 1948 3136 2002; x_wconf 85' lang='grc' dir='ltr'><strong>εύθεί</strong></span> <span class='ocrx_word' id='word_1_581' title='bbox 3176 1948 3269 2001; x_wconf 74' lang='grc' dir='ltr'>καὶ</span> <span class='ocrx_word' id='word_1_582' title='bbox 3314 1946 3656 2017; x_wconf 72' lang='grc' dir='ltr'>ἀδιαστρόςρῳ</span> <span class='ocrx_word' id='word_1_583' title='bbox 3693 1946 3950 2019; x_wconf 83' lang='grc' dir='ltr'>φέρεσθαι</span> 
     </span>
    </p>
   </div>
   <div class='ocr_carea' id='block_1_79' title="bbox 2380 2037 2587 2110">
    <p class='ocr_par' dir='ltr' id='par_1_79' title="bbox 2380 2037 2587 2110">
     <span class='ocr_line' id='line_1_79' title="bbox 2380 2037 2587 2110; baseline 0 -19"><span class='ocrx_word' id='word_1_584' title='bbox 2380 2037 2587 2110; x_wconf 84' lang='grc' dir='ltr'><strong>δρόμῳ.</strong></span> 
     </span>
    </p>
   </div>
   <div class='ocr_carea' id='block_1_80' title="bbox 2453 2126 3950 2197">
    <p class='ocr_par' dir='ltr' id='par_1_80' title="bbox 2453 2126 3950 2197">
     <span class='ocr_line' id='line_1_80' title="bbox 2453 2126 3950 2197; baseline 0.001 -18"><span class='ocrx_word' id='word_1_585' title='bbox 2453 2127 2573 2181; x_wconf 85' lang='grc' dir='ltr'>Ὅτι</span> <span class='ocrx_word' id='word_1_586' title='bbox 2602 2127 2963 2197; x_wconf 70' lang='grc' dir='ltr'>ἐπιλήψεται</span> <span class='ocrx_word' id='word_1_587' title='bbox 2987 2127 3295 2197; x_wconf 77' lang='grc' dir='ltr'>ἅνθρωπος</span> <span class='ocrx_word' id='word_1_588' title='bbox 3323 2127 3430 2182; x_wconf 85' lang='grc' dir='ltr'>τοῦ</span> <span class='ocrx_word' id='word_1_589' title='bbox 3458 2126 3723 2195; x_wconf 69' lang='grc' dir='ltr'>ἀδελφοῦ</span> <span class='ocrx_word' id='word_1_590' title='bbox 3745 2126 3950 2191; x_wconf 76' lang='grc' dir='ltr'>αὐτοῦ,</span> 
     </span>
    </p>
   </div>
   <div class='ocr_carea' id='block_1_81' title="bbox 2383 2217 3954 2289">
    <p class='ocr_par' dir='ltr' id='par_1_81' title="bbox 2383 2217 3954 2289">
     <span class='ocr_line' id='line_1_81' title="bbox 2383 2217 3954 2289; baseline -0.003 -16"><span class='ocrx_word' id='word_1_591' title='bbox 2383 2219 2421 2288; x_wconf 78' lang='grc' dir='ltr'><strong>ἢ</strong></span> <span class='ocrx_word' id='word_1_592' title='bbox 2443 2220 2548 2274; x_wconf 88' lang='grc' dir='ltr'>τοῦ</span> <span class='ocrx_word' id='word_1_593' title='bbox 2570 2221 2792 2274; x_wconf 80' lang='grc' dir='ltr'>οἰκείου</span> <span class='ocrx_word' id='word_1_594' title='bbox 2812 2221 2917 2274; x_wconf 88' lang='grc' dir='ltr'>τοῦ</span> <span class='ocrx_word' id='word_1_595' title='bbox 2945 2219 3168 2288; x_wconf 83' lang='grc' dir='ltr'>πατρὸς</span> <span class='ocrx_word' id='word_1_596' title='bbox 3197 2219 3406 2283; x_wconf 85' lang='grc' dir='ltr'>αὑτοῦ,</span> <span class='ocrx_word' id='word_1_597' title='bbox 3445 2218 3657 2289; x_wconf 76' lang='grc' dir='ltr'>λέγων’</span> <span class='ocrx_word' id='word_1_598' title='bbox 3701 2217 3954 2286; x_wconf 71' lang='grc' dir='ltr'>Ἶμάτιεγ</span> 
     </span>
    </p>
   </div>
   <div class='ocr_carea' id='block_1_82' title="bbox 2384 2306 3954 2382">
    <p class='ocr_par' dir='ltr' id='par_1_82' title="bbox 2384 2306 3954 2382">
     <span class='ocr_line' id='line_1_82' title="bbox 2384 2306 3954 2382; baseline -0.004 -17"><span class='ocrx_word' id='word_1_599' title='bbox 2384 2312 2564 2379; x_wconf 72' lang='grc' dir='ltr'>ἔχεις,</span> <span class='ocrx_word' id='word_1_600' title='bbox 2610 2311 2872 2382; x_wconf 73' lang='grc' dir='ltr'>ἀρχηγὸς</span> <span class='ocrx_word' id='word_1_601' title='bbox 2917 2310 3085 2381; x_wconf 74' lang='grc' dir='ltr'>ἡμῶν</span> <span class='ocrx_word' id='word_1_602' title='bbox 3125 2311 3324 2381; x_wconf 78' lang='grc' dir='ltr'>γενοῦ,</span> <span class='ocrx_word' id='word_1_603' title='bbox 3369 2310 3469 2365; x_wconf 78' lang='grc' dir='ltr'><strong>καὶ</strong></span> <span class='ocrx_word' id='word_1_604' title='bbox 3516 2310 3581 2364; x_wconf 86' lang='grc' dir='ltr'>τὸ</span> <span class='ocrx_word' id='word_1_605' title='bbox 3626 2306 3837 2378; x_wconf 79' lang='grc' dir='ltr'>,βρῶμα</span> <span class='ocrx_word' id='word_1_606' title='bbox 3891 2306 3954 2359; x_wconf 86' lang='grc' dir='ltr'>τὸ</span> 
     </span>
    </p>
   </div>
   <div class='ocr_carea' id='block_1_83' title="bbox 2383 2396 3957 2471">
    <p class='ocr_par' dir='ltr' id='par_1_83' title="bbox 2383 2396 3957 2471">
     <span class='ocr_line' id='line_1_83' title="bbox 2383 2396 3957 2471; baseline -0.001 -16"><span class='ocrx_word' id='word_1_607' title='bbox 2383 2403 2530 2471; x_wconf 79' lang='grc' dir='ltr'><strong>ἐμὸν</strong></span> <span class='ocrx_word' id='word_1_608' title='bbox 2580 2404 2698 2457; x_wconf 78' lang='grc' dir='ltr'><strong>ὑπὸ</strong></span> <span class='ocrx_word' id='word_1_609' title='bbox 2750 2403 2824 2456; x_wconf 86' lang='grc' dir='ltr'><strong>σὲ</strong></span> <span class='ocrx_word' id='word_1_610' title='bbox 2868 2403 3043 2456; x_wconf 78' lang='grc' dir='ltr'>ἔστω.</span> <span class='ocrx_word' id='word_1_611' title='bbox 3093 2403 3197 2456; x_wconf 76' lang='grc' dir='ltr'><strong>Καὶ</strong></span> <span class='ocrx_word' id='word_1_612' title='bbox 3243 2403 3586 2471; x_wconf 74' lang='grc' dir='ltr'><strong>ἀποκριθεὶς</strong></span> <span class='ocrx_word' id='word_1_613' title='bbox 3624 2401 3745 2470; x_wconf 82' lang='grc' dir='ltr'>ἐρεῖ</span> <span class='ocrx_word' id='word_1_614' title='bbox 3784 2400 3855 2453; x_wconf 81' lang='grc' dir='ltr'>ἐν</span> <span class='ocrx_word' id='word_1_615' title='bbox 3884 2396 3957 2467; x_wconf 72' lang='grc' dir='ltr'><strong>τῇ</strong></span> 
     </span>
    </p>
   </div>
   <div class='ocr_carea' id='block_1_84' title="bbox 2386 2492 3956 2563">
    <p class='ocr_par' dir='ltr' id='par_1_84' title="bbox 2386 2492 3956 2563">
     <span class='ocr_line' id='line_1_84' title="bbox 2386 2492 3956 2563; baseline 0 -18"><span class='ocrx_word' id='word_1_616' title='bbox 2386 2493 2574 2563; x_wconf 75' lang='grc' dir='ltr'>ἡμέρᾳ</span> <span class='ocrx_word' id='word_1_617' title='bbox 2615 2494 2839 2562; x_wconf 78' lang='grc' dir='ltr'>ἐκείνῃ·</span> <span class='ocrx_word' id='word_1_618' title='bbox 2870 2495 2991 2547; x_wconf 83' lang='grc' dir='ltr'><strong>Οὐκ</strong></span> <span class='ocrx_word' id='word_1_619' title='bbox 3032 2494 3249 2563; x_wconf 79' lang='grc' dir='ltr'>ἔσομαί</span> <span class='ocrx_word' id='word_1_620' title='bbox 3289 2510 3405 2547; x_wconf 88' lang='grc' dir='ltr'><strong>σου</strong></span> <span class='ocrx_word' id='word_1_621' title='bbox 3430 2493 3710 2563; x_wconf 75' lang='grc' dir='ltr'>ἀρχηγὸς,</span> <span class='ocrx_word' id='word_1_622' title='bbox 3745 2494 3817 2546; x_wconf 84' lang='grc' dir='ltr'>οὐ</span> <span class='ocrx_word' id='word_1_623' title='bbox 3852 2492 3956 2561; x_wconf 77' lang='grc' dir='ltr'><strong>τὰρ</strong></span> 
     </span>
    </p>
   </div>
   <div class='ocr_carea' id='block_1_85' title="bbox 2385 2582 3955 2653">
    <p class='ocr_par' dir='ltr' id='par_1_85' title="bbox 2385 2582 3955 2653">
     <span class='ocr_line' id='line_1_85' title="bbox 2385 2582 3955 2653; baseline -0.001 -17"><span class='ocrx_word' id='word_1_624' title='bbox 2385 2584 2557 2637; x_wconf 81' lang='grc' dir='ltr'>ἔστιν</span> <span class='ocrx_word' id='word_1_625' title='bbox 2597 2584 2666 2636; x_wconf 83' lang='grc' dir='ltr'>ἐν</span> <span class='ocrx_word' id='word_1_626' title='bbox 2703 2582 2782 2649; x_wconf 86' lang='grc' dir='ltr'>τῷ</span> <span class='ocrx_word' id='word_1_627' title='bbox 2823 2584 2966 2651; x_wconf 73' lang='lat' dir='ltr'><strong>abem</strong></span> <span class='ocrx_word' id='word_1_628' title='bbox 2994 2602 3113 2652; x_wconf 80' lang='grc' dir='ltr'><strong>μου</strong></span> <span class='ocrx_word' id='word_1_629' title='bbox 3150 2582 3349 2652; x_wconf 74' lang='grc' dir='ltr'>ἄρτος,</span> <span class='ocrx_word' id='word_1_630' title='bbox 3388 2583 3530 2637; x_wconf 77' lang='grc' dir='ltr'>οὐδὲ</span> <span class='ocrx_word' id='word_1_631' title='bbox 3570 2582 3820 2653; x_wconf 76' lang='grc' dir='ltr'>ἱμάτιον,</span> <span class='ocrx_word' id='word_1_632' title='bbox 3848 2583 3955 2635; x_wconf 80' lang='grc' dir='ltr'><strong>οὐκ</strong></span> 
     </span>
    </p>
   </div>
   <div class='ocr_carea' id='block_1_86' title="bbox 2392 2673 3465 2744">
    <p class='ocr_par' dir='ltr' id='par_1_86' title="bbox 2392 2673 3465 2744">
     <span class='ocr_line' id='line_1_86' title="bbox 2392 2673 3465 2744; baseline 0.004 -18"><span class='ocrx_word' id='word_1_633' title='bbox 2392 2673 2605 2743; x_wconf 73' lang='grc' dir='ltr'>ἔσομαι</span> <span class='ocrx_word' id='word_1_634' title='bbox 2634 2675 2899 2744; x_wconf 75' lang='grc' dir='ltr'>ἀρχηγὸς</span> <span class='ocrx_word' id='word_1_635' title='bbox 2926 2674 3032 2727; x_wconf 86' lang='grc' dir='ltr'>τοῦ</span> <span class='ocrx_word' id='word_1_636' title='bbox 3051 2673 3202 2728; x_wconf 81' lang='grc' dir='ltr'>λαοῦ</span> <span class='ocrx_word' id='word_1_637' title='bbox 3232 2675 3465 2730; x_wconf 80' lang='grc' dir='ltr'>τούτου.</span> 
     </span>
    </p>
   </div>
   <div class='ocr_carea' id='block_1_87' title="bbox 2458 2762 3959 2836">
    <p class='ocr_par' dir='ltr' id='par_1_87' title="bbox 2458 2762 3959 2836">
     <span class='ocr_line' id='line_1_87' title="bbox 2458 2762 3959 2836; baseline -0.003 -19"><span class='ocrx_word' id='word_1_638' title='bbox 2458 2766 2569 2833; x_wconf 87' lang='grc' dir='ltr'>Τῆς</span> <span class='ocrx_word' id='word_1_639' title='bbox 2634 2765 2899 2817; x_wconf 83' lang='grc' dir='ltr'>Ἰουδαίων</span> <span class='ocrx_word' id='word_1_640' title='bbox 2952 2765 3264 2836; x_wconf 82' lang='grc' dir='ltr'>ἀθλιότητος</span> <span class='ocrx_word' id='word_1_641' title='bbox 3341 2766 3435 2818; x_wconf 70' lang='grc' dir='ltr'>καὶ</span> <span class='ocrx_word' id='word_1_642' title='bbox 3502 2764 3602 2833; x_wconf 89' lang='grc' dir='ltr'><strong>τῆς</strong></span> <span class='ocrx_word' id='word_1_643' title='bbox 3661 2765 3740 2825; x_wconf 87' lang='grc' dir='ltr'><strong>είς</strong></span> <span class='ocrx_word' id='word_1_644' title='bbox 3795 2762 3959 2835; x_wconf 77' lang='grc' dir='ltr'>ἀκρον</span> 
     </span>
    </p>
   </div>
   <div class='ocr_carea' id='block_1_88' title="bbox 2386 2854 3959 2926">
    <p class='ocr_par' dir='ltr' id='par_1_88' title="bbox 2386 2854 3959 2926">
     <span class='ocr_line' id='line_1_88' title="bbox 2386 2854 3959 2926; baseline -0.003 -18"><span class='ocrx_word' id='word_1_645' title='bbox 2386 2854 2761 2924; x_wconf 84' lang='grc' dir='ltr'>ταλαιπωρίας</span> <span class='ocrx_word' id='word_1_646' title='bbox 2790 2854 2851 2907; x_wconf 86' lang='grc' dir='ltr'><strong>τὺ</strong></span> <span class='ocrx_word' id='word_1_647' title='bbox 2879 2855 3104 2925; x_wconf 84' lang='grc' dir='ltr'>μέγεθος</span> <span class='ocrx_word' id='word_1_648' title='bbox 3135 2859 3162 2909; x_wconf 92' lang='lat'><strong>6</strong></span> <span class='ocrx_word' id='word_1_649' title='bbox 3194 2854 3528 2926; x_wconf 80' lang='grc' dir='ltr'>προφητικδς</span> <span class='ocrx_word' id='word_1_650' title='bbox 3570 2856 3699 2924; x_wconf 76' lang='grc' dir='ltr'>ἡμῖν</span> <span class='ocrx_word' id='word_1_651' title='bbox 3723 2869 3959 2922; x_wconf 86' lang='grc' dir='ltr'>καταση-</span> 
     </span>
    </p>
   </div>
   <div class='ocr_carea' id='block_1_89' title="bbox 2393 2944 3959 3017">
    <p class='ocr_par' dir='ltr' id='par_1_89' title="bbox 2393 2944 3959 3017">
     <span class='ocr_line' id='line_1_89' title="bbox 2393 2944 3959 3017; baseline -0.002 -20"><span class='ocrx_word' id='word_1_652' title='bbox 2393 2945 2571 3016; x_wconf 88' lang='grc' dir='ltr'>μαίνει</span> <span class='ocrx_word' id='word_1_653' title='bbox 2604 2946 2779 3014; x_wconf 82' lang='grc' dir='ltr'>λόγος.</span> <span class='ocrx_word' id='word_1_654' title='bbox 2823 2946 3164 2999; x_wconf 84' lang='grc' dir='ltr'>Ἐϐασίλευον</span> <span class='ocrx_word' id='word_1_655' title='bbox 3199 2949 3297 3017; x_wconf 84' lang='grc' dir='ltr'>μὲν</span> <span class='ocrx_word' id='word_1_656' title='bbox 3327 2946 3434 3016; x_wconf 80' lang='grc' dir='ltr'>γὰρ</span> <span class='ocrx_word' id='word_1_657' title='bbox 3470 2945 3610 2999; x_wconf 87' lang='grc' dir='ltr'><strong>κατά</strong></span> <span class='ocrx_word' id='word_1_658' title='bbox 3650 2944 3875 3013; x_wconf 76' lang='grc' dir='ltr'>καιροὺς</span> <span class='ocrx_word' id='word_1_659' title='bbox 3907 2945 3959 2994; x_wconf 87' lang='grc' dir='ltr'><strong>ἐν</strong></span> 
     </span>
    </p>
   </div>
   <div class='ocr_carea' id='block_1_90' title="bbox 2390 3032 3959 3107">
    <p class='ocr_par' dir='ltr' id='par_1_90' title="bbox 2390 3032 3959 3107">
     <span class='ocr_line' id='line_1_90' title="bbox 2390 3032 3959 3107; baseline -0.004 -19"><span class='ocrx_word' id='word_1_660' title='bbox 2390 3038 2500 3100; x_wconf 80' lang='grc' dir='ltr'>τοῖς</span> <span class='ocrx_word' id='word_1_661' title='bbox 2536 3036 2931 3107; x_wconf 85' lang='grc' dir='ltr'>Ἱεροσολύμοις</span> <span class='ocrx_word' id='word_1_662' title='bbox 2974 3037 3006 3107; x_wconf 81' lang='grc' dir='ltr'>ἡ</span> <span class='ocrx_word' id='word_1_663' title='bbox 3054 3038 3116 3088; x_wconf 83' lang='grc' dir='ltr'>ἐκ</span> <span class='ocrx_word' id='word_1_664' title='bbox 3168 3035 3340 3105; x_wconf 84' lang='grc' dir='ltr'>φυλῆς</span> <span class='ocrx_word' id='word_1_665' title='bbox 3384 3034 3574 3098; x_wconf 84' lang='grc' dir='ltr'>Ἰούδα,</span> <span class='ocrx_word' id='word_1_666' title='bbox 3620 3032 3865 3103; x_wconf 85' lang='grc' dir='ltr'>λαμπροί</span> <span class='ocrx_word' id='word_1_667' title='bbox 3904 3047 3959 3083; x_wconf 82' lang='grc' dir='ltr'><strong>τε</strong></span> 
     </span>
    </p>
   </div>
   <div class='ocr_carea' id='block_1_91' title="bbox 2394 3121 3962 3196">
    <p class='ocr_par' dir='ltr' id='par_1_91' title="bbox 2394 3121 3962 3196">
     <span class='ocr_line' id='line_1_91' title="bbox 2394 3121 3962 3196; baseline -0.005 -17"><span class='ocrx_word' id='word_1_668' title='bbox 2394 3121 2531 3196; x_wconf 82' lang='grc' dir='ltr'>ῆσαν</span> <span class='ocrx_word' id='word_1_669' title='bbox 2562 3127 2654 3179; x_wconf 79' lang='grc' dir='ltr'>καὶ</span> <span class='ocrx_word' id='word_1_670' title='bbox 2691 3126 2989 3196; x_wconf 76' lang='grc' dir='ltr'>διαφανεῖς,</span> <span class='ocrx_word' id='word_1_671' title='bbox 3025 3127 3117 3179; x_wconf 75' lang='grc' dir='ltr'>καὶ</span> <span class='ocrx_word' id='word_1_672' title='bbox 3145 3126 3357 3196; x_wconf 83' lang='grc' dir='ltr'>πλούτῳ</span> <span class='ocrx_word' id='word_1_673' title='bbox 3384 3124 3680 3194; x_wconf 82' lang='grc' dir='ltr'>κομῶντες,</span> <span class='ocrx_word' id='word_1_674' title='bbox 3717 3122 3813 3174; x_wconf 66' lang='grc' dir='ltr'><strong>καλ⁵</strong></span> <span class='ocrx_word' id='word_1_675' title='bbox 3849 3123 3962 3183; x_wconf 83' lang='grc' dir='ltr'>ταῖς</span> 
     </span>
    </p>
   </div>
   <div class='ocr_carea' id='block_1_92' title="bbox 2396 3212 3961 3287">
    <p class='ocr_par' dir='ltr' id='par_1_92' title="bbox 2396 3212 3961 3287">
     <span class='ocr_line' id='line_1_92' title="bbox 2396 3212 3961 3287; baseline -0.002 -19"><span class='ocrx_word' id='word_1_676' title='bbox 2396 3218 2474 3281; x_wconf 75' lang='grc' dir='ltr'>εἰς</span> <span class='ocrx_word' id='word_1_677' title='bbox 2520 3217 2672 3287; x_wconf 80' lang='grc' dir='ltr'>λῆξιν</span> <span class='ocrx_word' id='word_1_678' title='bbox 2716 3219 2983 3281; x_wconf 80' lang='grc' dir='ltr'>εὐκλείαις</span> <span class='ocrx_word' id='word_1_679' title='bbox 3030 3212 3088 3271; x_wconf 82' lang='grc' dir='ltr'>εὖ</span> <span class='ocrx_word' id='word_1_680' title='bbox 3134 3217 3276 3285; x_wconf 83' lang='grc' dir='ltr'>μάλα</span> <span class='ocrx_word' id='word_1_681' title='bbox 3332 3214 3780 3285; x_wconf 84' lang='grc' dir='ltr'>κατεστεμμένοι.</span> <span class='ocrx_word' id='word_1_682' title='bbox 3816 3212 3961 3267; x_wconf 78' lang='grc' dir='ltr'>Καθ-</span> 
     </span>
    </p>
   </div>
   <div class='ocr_carea' id='block_1_93' title="bbox 2395 3304 3962 3380">
    <p class='ocr_par' dir='ltr' id='par_1_93' title="bbox 2395 3304 3962 3380">
     <span class='ocr_line' id='line_1_93' title="bbox 2395 3304 3962 3380; baseline -0.004 -20"><span class='ocrx_word' id='word_1_683' title='bbox 2395 3307 2624 3376; x_wconf 78' lang='grc' dir='ltr'>ηγοῦντο</span> <span class='ocrx_word' id='word_1_684' title='bbox 2659 3308 2715 3361; x_wconf 84' lang='grc' dir='ltr'>δὲ</span> <span class='ocrx_word' id='word_1_685' title='bbox 2754 3310 2847 3362; x_wconf 74' lang='grc' dir='ltr'>καὶ</span> <span class='ocrx_word' id='word_1_686' title='bbox 2875 3310 3095 3380; x_wconf 80' lang='grc' dir='ltr'>ἑτέρως,</span> <span class='ocrx_word' id='word_1_687' title='bbox 3131 3309 3179 3359; x_wconf 81' lang='grc' dir='ltr'>οἱ</span> <span class='ocrx_word' id='word_1_688' title='bbox 3220 3308 3283 3360; x_wconf 90' lang='grc' dir='ltr'><strong>ἐκ</strong></span> <span class='ocrx_word' id='word_1_689' title='bbox 3313 3306 3484 3377; x_wconf 74' lang='grc' dir='ltr'>φυλῆς</span> <span class='ocrx_word' id='word_1_690' title='bbox 3523 3305 3651 3358; x_wconf 78' lang='grc' dir='ltr'><strong>Λευῖ</strong></span> <span class='ocrx_word' id='word_1_691' title='bbox 3696 3304 3841 3359; x_wconf 81' lang='grc' dir='ltr'><strong>κατά</strong></span> <span class='ocrx_word' id='word_1_692' title='bbox 3872 3304 3962 3374; x_wconf 85' lang='grc' dir='ltr'>τὴν</span> 
     </span>
    </p>
   </div>
   <div class='ocr_carea' id='block_1_94' title="bbox 2396 3395 3961 3468">
    <p class='ocr_par' dir='ltr' id='par_1_94' title="bbox 2396 3395 3961 3468">
     <span class='ocr_line' id='line_1_94' title="bbox 2396 3395 3961 3468; baseline -0.001 -19"><span class='ocrx_word' id='word_1_693' title='bbox 2396 3398 2547 3461; x_wconf 81' lang='grc' dir='ltr'>τάξιν</span> <span class='ocrx_word' id='word_1_694' title='bbox 2576 3397 2672 3467; x_wconf 79' lang='grc' dir='ltr'>τὴν</span> <span class='ocrx_word' id='word_1_695' title='bbox 2709 3396 2939 3468; x_wconf 83' lang='grc' dir='ltr'>Ἀαρών.</span> <span class='ocrx_word' id='word_1_696' title='bbox 2987 3395 3321 3467; x_wconf 82' lang='grc' dir='ltr'>Ιῐρούχοντος</span> <span class='ocrx_word' id='word_1_697' title='bbox 3374 3397 3472 3467; x_wconf 70' lang='grc' dir='ltr'>μὲν</span> <span class='ocrx_word' id='word_1_698' title='bbox 3513 3396 3603 3449; x_wconf 82' lang='grc' dir='ltr'>τοῦ</span> <span class='ocrx_word' id='word_1_699' title='bbox 3646 3395 3961 3467; x_wconf 81' lang='grc' dir='ltr'>ἀρχιερέως,</span> 
     </span>
    </p>
   </div>
   <div class='ocr_carea' id='block_1_95' title="bbox 2397 3483 3964 3559">
    <p class='ocr_par' dir='ltr' id='par_1_95' title="bbox 2397 3483 3964 3559">
     <span class='ocr_line' id='line_1_95' title="bbox 2397 3483 3964 3559; baseline -0.003 -20"><span class='ocrx_word' id='word_1_700' title='bbox 2397 3486 2849 3557; x_wconf 83' lang='grc' dir='ltr'>λειτουργούντων</span> <span class='ocrx_word' id='word_1_701' title='bbox 2875 3486 2931 3538; x_wconf 80' lang='grc' dir='ltr'>δὲ</span> <span class='ocrx_word' id='word_1_702' title='bbox 2966 3486 3347 3559; x_wconf 82' lang='grc' dir='ltr'>πρεσϐυτέρων</span> <span class='ocrx_word' id='word_1_703' title='bbox 3378 3488 3471 3539; x_wconf 77' lang='grc' dir='ltr'><strong>καὶ</strong></span> <span class='ocrx_word' id='word_1_704' title='bbox 3494 3484 3752 3549; x_wconf 87' lang='grc' dir='ltr'>Λευῖτῶν,</span> <span class='ocrx_word' id='word_1_705' title='bbox 3784 3483 3964 3536; x_wconf 81' lang='grc' dir='ltr'>σεπτοὶ</span> 
     </span>
    </p>
   </div>
   <div class='ocr_carea' id='block_1_96' title="bbox 2396 3571 3964 3647">
    <p class='ocr_par' dir='ltr' id='par_1_96' title="bbox 2396 3571 3964 3647">
     <span class='ocr_line' id='line_1_96' title="bbox 2396 3571 3964 3647; baseline -0.003 -19"><span class='ocrx_word' id='word_1_706' title='bbox 2396 3576 2451 3628; x_wconf 80' lang='grc' dir='ltr'>δὲ</span> <span class='ocrx_word' id='word_1_707' title='bbox 2474 3571 2609 3647; x_wconf 75' lang='grc' dir='ltr'>ἦσαν</span> <span class='ocrx_word' id='word_1_708' title='bbox 2640 3575 2733 3628; x_wconf 73' lang='grc' dir='ltr'>καὶ</span> <span class='ocrx_word' id='word_1_709' title='bbox 2766 3575 2815 3627; x_wconf 88' lang='grc' dir='ltr'>οἱ</span> <span class='ocrx_word' id='word_1_710' title='bbox 2843 3574 3055 3631; x_wconf 85' lang='grc' dir='ltr'>τοιοίδε.</span> <span class='ocrx_word' id='word_1_711' title='bbox 3078 3577 3188 3636; x_wconf 85' lang='grc' dir='ltr'>τοῖς</span> <span class='ocrx_word' id='word_1_712' title='bbox 3217 3574 3319 3627; x_wconf 84' lang='grc' dir='ltr'><strong>ἀνά</strong></span> <span class='ocrx_word' id='word_1_713' title='bbox 3347 3576 3525 3627; x_wconf 78' lang='grc' dir='ltr'>πᾶσαν</span> <span class='ocrx_word' id='word_1_714' title='bbox 3548 3573 3657 3626; x_wconf 89' lang='grc' dir='ltr'><strong>τῶν</strong></span> <span class='ocrx_word' id='word_1_715' title='bbox 3699 3571 3964 3626; x_wconf 81' lang='grc' dir='ltr'>Ἰουδαίων</span> 
     </span>
    </p>
   </div>
   <div class='ocr_carea' id='block_1_97' title="bbox 2396 3662 3965 3736">
    <p class='ocr_par' dir='ltr' id='par_1_97' title="bbox 2396 3662 3965 3736">
     <span class='ocr_line' id='line_1_97' title="bbox 2396 3662 3965 3736; baseline -0.004 -17"><span class='ocrx_word' id='word_1_716' title='bbox 2396 3667 2494 3735; x_wconf 79' lang='grc' dir='ltr'>τὴν</span> <span class='ocrx_word' id='word_1_717' title='bbox 2521 3666 2723 3736; x_wconf 85' lang='grc' dir='ltr'>χώραν.</span> <span class='ocrx_word' id='word_1_718' title='bbox 2780 3664 2995 3735; x_wconf 82' lang='grc' dir='ltr'>Ἐπειδὴ</span> <span class='ocrx_word' id='word_1_719' title='bbox 3030 3664 3085 3717; x_wconf 83' lang='grc' dir='ltr'>δὲ</span> <span class='ocrx_word' id='word_1_720' title='bbox 3117 3666 3461 3736; x_wconf 77' lang='grc' dir='ltr'>πεπράκασιν</span> <span class='ocrx_word' id='word_1_721' title='bbox 3494 3664 3529 3719; x_wconf 78' lang='grc' dir='ltr'><strong>ἀ</strong></span> <span class='ocrx_word' id='word_1_722' title='bbox 3567 3663 3641 3734; x_wconf 83' lang='grc' dir='ltr'>μὴ</span> <span class='ocrx_word' id='word_1_723' title='bbox 3666 3663 3849 3733; x_wconf 81' lang='grc' dir='ltr'>θέμις,</span> <span class='ocrx_word' id='word_1_724' title='bbox 3879 3662 3965 3714; x_wconf 76' lang='grc' dir='ltr'>καὶ</span> 
     </span>
    </p>
   </div>
   <div class='ocr_carea' id='block_1_98' title="bbox 2397 3750 3965 3826">
    <p class='ocr_par' dir='ltr' id='par_1_98' title="bbox 2397 3750 3965 3826">
     <span class='ocr_line' id='line_1_98' title="bbox 2397 3750 3965 3826; baseline -0.001 -19"><span class='ocrx_word' id='word_1_725' title='bbox 2397 3756 2495 3824; x_wconf 89' lang='grc' dir='ltr'><strong>τῆς</strong></span> <span class='ocrx_word' id='word_1_726' title='bbox 2524 3758 2600 3818; x_wconf 84' lang='grc' dir='ltr'><strong>είς</strong></span> <span class='ocrx_word' id='word_1_727' title='bbox 2625 3755 2857 3825; x_wconf 78' lang='grc' dir='ltr'>Χριστὸν</span> <span class='ocrx_word' id='word_1_728' title='bbox 2882 3754 3191 3819; x_wconf 89' lang='grc' dir='ltr'>δυσσεϐείας</span> <span class='ocrx_word' id='word_1_729' title='bbox 3219 3750 3481 3826; x_wconf 63' lang='grc' dir='ltr'>οὐδείς’ῆν</span> <span class='ocrx_word' id='word_1_730' title='bbox 3503 3756 3686 3817; x_wconf 83' lang='grc' dir='ltr'>αὐτοῖς</span> <span class='ocrx_word' id='word_1_731' title='bbox 3716 3753 3965 3821; x_wconf 82' lang='grc' dir='ltr'>ἀνεπιτή-</span> 
     </span>
    </p>
   </div>
   <div class='ocr_carea' id='block_1_99' title="bbox 2398 3842 3965 3914">
    <p class='ocr_par' dir='ltr' id='par_1_99' title="bbox 2398 3842 3965 3914">
     <span class='ocr_line' id='line_1_99' title="bbox 2398 3842 3965 3914; baseline 0.015 -26"><span class='ocrx_word' id='word_1_732' title='bbox 2398 3845 2582 3907; x_wconf 82' lang='grc' dir='ltr'>δευτος</span> <span class='ocrx_word' id='word_1_733' title='bbox 2619 3844 2838 3912; x_wconf 87' lang='grc' dir='ltr'>τρόπος,</span> <span class='ocrx_word' id='word_1_734' title='bbox 2878 3842 3182 3896; x_wconf 82' lang='grc' dir='ltr'>ἀπώλισθον</span> <span class='ocrx_word' id='word_1_735' title='bbox 3215 3845 3312 3912; x_wconf 86' lang='grc' dir='ltr'>μὲν</span> <span class='ocrx_word' id='word_1_736' title='bbox 3347 3843 3444 3912; x_wconf 77' lang='grc' dir='ltr'><strong>τῆς</strong></span> <span class='ocrx_word' id='word_1_737' title='bbox 3490 3842 3719 3914; x_wconf 81' lang='grc' dir='ltr'>ἀρχαίας</span> <span class='ocrx_word' id='word_1_738' title='bbox 3755 3843 3965 3912; x_wconf 72' lang='grc' dir='ltr'>ἐκείνης</span> 
     </span>
    </p>
   </div>
   <div class='ocr_carea' id='block_1_100' title="bbox 2400 3936 3966 4007">
    <p class='ocr_par' dir='ltr' id='par_1_100' title="bbox 2400 3936 3966 4007">
     <span class='ocr_line' id='line_1_100' title="bbox 2400 3936 3966 4007; baseline -0.001 -19"><span class='ocrx_word' id='word_1_739' title='bbox 2400 3937 2781 4007; x_wconf 80' lang='grc' dir='ltr'>λαμπρότητος</span> <span class='ocrx_word' id='word_1_740' title='bbox 2826 3936 2919 3988; x_wconf 81' lang='grc' dir='ltr'><strong>καὶ</strong></span> <span class='ocrx_word' id='word_1_741' title='bbox 2974 3936 3325 4005; x_wconf 79' lang='grc' dir='ltr'>περιφανείας</span> <span class='ocrx_word' id='word_1_742' title='bbox 3378 3938 3477 4005; x_wconf 86' lang='grc' dir='ltr'><strong>τῆς</strong></span> <span class='ocrx_word' id='word_1_743' title='bbox 3526 3938 3583 3988; x_wconf 87' lang='grc' dir='ltr'><strong>ἐν</strong></span> <span class='ocrx_word' id='word_1_744' title='bbox 3623 3936 3838 4005; x_wconf 85' lang='grc' dir='ltr'>πλούτῳ</span> <span class='ocrx_word' id='word_1_745' title='bbox 3880 3936 3966 3987; x_wconf 76' lang='grc' dir='ltr'>καὶ</span> 
     </span>
    </p>
   </div>
   <div class='ocr_carea' id='block_1_101' title="bbox 2400 4025 3967 4099">
    <p class='ocr_par' dir='ltr' id='par_1_101' title="bbox 2400 4025 3967 4099">
     <span class='ocr_line' id='line_1_101' title="bbox 2400 4025 3967 4099; baseline -0.002 -19"><span class='ocrx_word' id='word_1_746' title='bbox 2400 4028 2548 4099; x_wconf 74' lang='grc' dir='ltr'>δόξῃ,</span> <span class='ocrx_word' id='word_1_747' title='bbox 2581 4026 2865 4080; x_wconf 85' lang='grc' dir='ltr'>καθίκοντο</span> <span class='ocrx_word' id='word_1_748' title='bbox 2901 4026 2959 4078; x_wconf 81' lang='grc' dir='ltr'>δὲ</span> <span class='ocrx_word' id='word_1_749' title='bbox 2998 4025 3344 4095; x_wconf 82' lang='grc' dir='ltr'>χυδαιότητός</span> <span class='ocrx_word' id='word_1_750' title='bbox 3380 4043 3439 4078; x_wconf 90' lang='grc' dir='ltr'><strong>τε</strong></span> <span class='ocrx_word' id='word_1_751' title='bbox 3469 4026 3562 4079; x_wconf 72' lang='grc' dir='ltr'>καὶ</span> <span class='ocrx_word' id='word_1_752' title='bbox 3590 4025 3866 4089; x_wconf 84' lang='grc' dir='ltr'>εὐτελείας</span> <span class='ocrx_word' id='word_1_753' title='bbox 3896 4028 3967 4085; x_wconf 83' lang='grc' dir='ltr'>εἰς</span> 
     </span>
    </p>
   </div>
   <div class='ocr_carea' id='block_1_102' title="bbox 2401 4113 3967 4186">
    <p class='ocr_par' dir='ltr' id='par_1_102' title="bbox 2401 4113 3967 4186">
     <span class='ocr_line' id='line_1_102' title="bbox 2401 4113 3967 4186; baseline -0.003 -17"><span class='ocrx_word' id='word_1_754' title='bbox 2401 4118 2559 4172; x_wconf 80' lang='grc' dir='ltr'>τοῦτο</span> <span class='ocrx_word' id='word_1_755' title='bbox 2589 4117 2657 4169; x_wconf 75' lang='grc' dir='ltr'>τὰ</span> <span class='ocrx_word' id='word_1_756' title='bbox 2690 4115 2988 4186; x_wconf 82' lang='grc' dir='ltr'>πράγματα</span> <span class='ocrx_word' id='word_1_757' title='bbox 3021 4115 3219 4177; x_wconf 78' lang='grc' dir='ltr'>αὐτοῖς,</span> <span class='ocrx_word' id='word_1_758' title='bbox 3248 4114 3321 4176; x_wconf 85' lang='grc' dir='ltr'>ὡς</span> <span class='ocrx_word' id='word_1_759' title='bbox 3351 4114 3553 4184; x_wconf 82' lang='grc' dir='ltr'>μηδένα</span> <span class='ocrx_word' id='word_1_760' title='bbox 3580 4113 3861 4176; x_wconf 83' lang='grc' dir='ltr'>παντελῶς</span> <span class='ocrx_word' id='word_1_761' title='bbox 3886 4113 3967 4165; x_wconf 78' lang='grc' dir='ltr'>τὸν</span> 
     </span>
    </p>
   </div>
   <div class='ocr_carea' id='block_1_103' title="bbox 2401 4204 3966 4279">
    <p class='ocr_par' dir='ltr' id='par_1_103' title="bbox 2401 4204 3966 4279">
     <span class='ocr_line' id='line_1_103' title="bbox 2401 4204 3966 4279; baseline -0.006 -16"><span class='ocrx_word' id='word_1_762' title='bbox 2401 4208 2702 4279; x_wconf 85' lang='grc' dir='ltr'>ἡγούμενον</span> <span class='ocrx_word' id='word_1_763' title='bbox 2753 4206 2895 4276; x_wconf 77' lang='grc' dir='ltr'>ἔχειν</span> <span class='ocrx_word' id='word_1_764' title='bbox 2943 4206 3029 4275; x_wconf 80' lang='grc' dir='ltr'>ἐφ’</span> <span class='ocrx_word' id='word_1_765' title='bbox 3071 4206 3281 4267; x_wconf 74' lang='grc' dir='ltr'>ἑαυτοῖς</span> <span class='ocrx_word' id='word_1_766' title='bbox 3317 4204 3575 4257; x_wconf 78' lang='grc' dir='ltr'>δύνασθαι</span> <span class='ocrx_word' id='word_1_767' title='bbox 3610 4204 3865 4274; x_wconf 79' lang='grc' dir='ltr'>λαμπρὸν</span> <span class='ocrx_word' id='word_1_768' title='bbox 3914 4204 3966 4254; x_wconf 82' lang='grc' dir='ltr'><strong>ἐν</strong></span> 
     </span>
    </p>
   </div>
   <div class='ocr_carea' id='block_1_104' title="bbox 2405 4294 3968 4371">
    <p class='ocr_par' dir='ltr' id='par_1_104' title="bbox 2405 4294 3968 4371">
     <span class='ocr_line' id='line_1_104' title="bbox 2405 4294 3968 4371; baseline -0.006 -18"><span class='ocrx_word' id='word_1_769' title='bbox 2405 4302 2643 4371; x_wconf 82' lang='grc' dir='ltr'>ὑπεροχῇ</span> <span class='ocrx_word' id='word_1_770' title='bbox 2695 4301 2761 4369; x_wconf 84' lang='grc' dir='ltr'><strong>τῇ</strong></span> <span class='ocrx_word' id='word_1_771' title='bbox 2804 4298 2990 4359; x_wconf 81' lang='grc' dir='ltr'>πάλαι,</span> <span class='ocrx_word' id='word_1_772' title='bbox 3047 4296 3185 4367; x_wconf 82' lang='grc' dir='ltr'>μήτε</span> <span class='ocrx_word' id='word_1_773' title='bbox 3230 4294 3335 4365; x_wconf 84' lang='grc' dir='ltr'>μὴν</span> <span class='ocrx_word' id='word_1_774' title='bbox 3374 4294 3599 4348; x_wconf 80' lang='grc' dir='ltr'>πλοῦτον</span> <span class='ocrx_word' id='word_1_775' title='bbox 3639 4296 3836 4363; x_wconf 77' lang='grc' dir='ltr'>ἔχοντα</span> <span class='ocrx_word' id='word_1_776' title='bbox 3884 4295 3968 4346; x_wconf 80' lang='grc' dir='ltr'>καὶ</span> 
     </span>
    </p>
   </div>
   <div class='ocr_carea' id='block_1_105' title="bbox 2403 4384 3968 4459">
    <p class='ocr_par' dir='ltr' id='par_1_105' title="bbox 2403 4384 3968 4459">
     <span class='ocr_line' id='line_1_105' title="bbox 2403 4384 3968 4459; baseline -0.006 -13"><span class='ocrx_word' id='word_1_777' title='bbox 2403 4390 2737 4453; x_wconf 86' lang='grc' dir='ltr'>δυναστείαν,</span> <span class='ocrx_word' id='word_1_778' title='bbox 2779 4390 2812 4459; x_wconf 79' lang='grc' dir='ltr'><strong>ἢ</strong></span> <span class='ocrx_word' id='word_1_779' title='bbox 2844 4388 3042 4457; x_wconf 83' lang='grc' dir='ltr'>γνῶσιν</span> <span class='ocrx_word' id='word_1_780' title='bbox 3069 4386 3162 4440; x_wconf 82' lang='grc' dir='ltr'>τοῦ</span> <span class='ocrx_word' id='word_1_781' title='bbox 3189 4386 3375 4457; x_wconf 89' lang='grc' dir='ltr'>νόμου.</span> <span class='ocrx_word' id='word_1_782' title='bbox 3410 4385 3520 4437; x_wconf 69' lang='grc' dir='ltr'><strong>Καὶ</strong></span> <span class='ocrx_word' id='word_1_783' title='bbox 3551 4384 3704 4437; x_wconf 82' lang='grc' dir='ltr'>τοῦτο</span> <span class='ocrx_word' id='word_1_784' title='bbox 3733 4385 3870 4438; x_wconf 79' lang='grc' dir='ltr'>αὐτὸ</span> <span class='ocrx_word' id='word_1_785' title='bbox 3896 4385 3968 4438; x_wconf 82' lang='grc' dir='ltr'>δι-</span> 
     </span>
    </p>
   </div>
   <div class='ocr_carea' id='block_1_106' title="bbox 2405 4476 3970 4548">
    <p class='ocr_par' dir='ltr' id='par_1_106' title="bbox 2405 4476 3970 4548">
     <span class='ocr_line' id='line_1_106' title="bbox 2405 4476 3970 4548; baseline -0.006 -12"><span class='ocrx_word' id='word_1_786' title='bbox 2405 4484 2631 4545; x_wconf 82' lang='grc' dir='ltr'>δάσκει,</span> <span class='ocrx_word' id='word_1_787' title='bbox 2684 4481 2877 4548; x_wconf 86' lang='grc' dir='ltr'>λέγων,</span> <span class='ocrx_word' id='word_1_788' title='bbox 2941 4480 3021 4532; x_wconf 79' lang='grc' dir='ltr'>ὅτι</span> <span class='ocrx_word' id='word_1_789' title='bbox 3078 4497 3096 4529; x_wconf 80' lang='lat' dir='ltr'><strong>r</strong></span> <span class='ocrx_word' id='word_1_790' title='bbox 3134 4477 3482 4548; x_wconf 70' lang='grc' dir='ltr'>Ἑπιλήῲεται</span> <span class='ocrx_word' id='word_1_791' title='bbox 3534 4477 3820 4547; x_wconf 85' lang='grc' dir='ltr'>ἄνθρωπος</span> <span class='ocrx_word' id='word_1_792' title='bbox 3883 4476 3970 4528; x_wconf 82' lang='grc' dir='ltr'>τοῦ</span> 
     </span>
    </p>
   </div>
   <div class='ocr_carea' id='block_1_107' title="bbox 2407 4565 3966 4640">
    <p class='ocr_par' dir='ltr' id='par_1_107' title="bbox 2407 4565 3966 4640">
     <span class='ocr_line' id='line_1_107' title="bbox 2407 4565 3966 4640; baseline -0.004 -15"><span class='ocrx_word' id='word_1_793' title='bbox 2407 4570 2634 4640; x_wconf 80' lang='grc' dir='ltr'>ἀδελφοῦ</span> <span class='ocrx_word' id='word_1_794' title='bbox 2662 4568 2850 4632; x_wconf 79' lang='grc' dir='ltr'>αὐτοῦ,</span> <span class='ocrx_word' id='word_1_795' title='bbox 2887 4569 2920 4638; x_wconf 82' lang='grc' dir='ltr'>ἢ</span> <span class='ocrx_word' id='word_1_796' title='bbox 2970 4567 3061 4621; x_wconf 82' lang='grc' dir='ltr'>τοῦ</span> <span class='ocrx_word' id='word_1_797' title='bbox 3099 4567 3299 4620; x_wconf 75' lang='grc' dir='ltr'>οἰκείου</span> <span class='ocrx_word' id='word_1_798' title='bbox 3344 4566 3546 4637; x_wconf 81' lang='grc' dir='ltr'>πατρὸς</span> <span class='ocrx_word' id='word_1_799' title='bbox 3582 4565 3743 4619; x_wconf 80' lang='grc' dir='ltr'>αὑτοῦ</span> <span class='ocrx_word' id='word_1_800' title='bbox 3778 4565 3966 4635; x_wconf 84' lang='grc' dir='ltr'>λέγων’</span> 
     </span>
    </p>
   </div>
   <div class='ocr_carea' id='block_1_108' title="bbox 2418 4655 3972 4732">
    <p class='ocr_par' dir='ltr' id='par_1_108' title="bbox 2418 4655 3972 4732">
     <span class='ocr_line' id='line_1_108' title="bbox 2418 4655 3972 4732; baseline -0.006 -17"><span class='ocrx_word' id='word_1_801' title='bbox 2418 4663 2654 4732; x_wconf 88' lang='grc' dir='ltr'>Ίμάτιον</span> <span class='ocrx_word' id='word_1_802' title='bbox 2683 4662 2848 4730; x_wconf 74' lang='grc' dir='ltr'>ἔχεις,</span> <span class='ocrx_word' id='word_1_803' title='bbox 2888 4659 3127 4729; x_wconf 83' lang='grc' dir='ltr'>ἀρχηγὸς</span> <span class='ocrx_word' id='word_1_804' title='bbox 3164 4659 3318 4729; x_wconf 82' lang='grc' dir='ltr'>ἡμῶν</span> <span class='ocrx_word' id='word_1_805' title='bbox 3351 4658 3528 4726; x_wconf 73' lang='grc' dir='ltr'>γενοῦ,</span> <span class='ocrx_word' id='word_1_806' title='bbox 3562 4657 3656 4708; x_wconf 73' lang='grc' dir='ltr'>καὶ</span> <span class='ocrx_word' id='word_1_807' title='bbox 3687 4655 3889 4727; x_wconf 83' lang='grc' dir='ltr'>βρῶμα</span> <span class='ocrx_word' id='word_1_808' title='bbox 3918 4657 3972 4707; x_wconf 80' lang='grc' dir='ltr'>τὸ</span> 
     </span>
    </p>
   </div>
   <div class='ocr_carea' id='block_1_109' title="bbox 2409 4745 3974 4817">
    <p class='ocr_par' dir='ltr' id='par_1_109' title="bbox 2409 4745 3974 4817">
     <span class='ocr_line' id='line_1_109' title="bbox 2409 4745 3974 4817; baseline -0.003 -14"><span class='ocrx_word' id='word_1_809' title='bbox 2409 4752 2540 4815; x_wconf 82' lang='grc' dir='ltr'>ἐμὸν</span> <span class='ocrx_word' id='word_1_810' title='bbox 2571 4751 2674 4804; x_wconf 80' lang='grc' dir='ltr'><strong>ὑπὸ</strong></span> <span class='ocrx_word' id='word_1_811' title='bbox 2710 4750 2769 4802; x_wconf 83' lang='grc' dir='ltr'><strong>σέ</strong></span> <span class='ocrx_word' id='word_1_812' title='bbox 2808 4749 2965 4802; x_wconf 78' lang='grc' dir='ltr'>ἔστω.</span> <span class='ocrx_word' id='word_1_813' title='bbox 3006 4768 3023 4799; x_wconf 72' lang='grc' dir='ltr'><strong>ι</strong></span> <span class='ocrx_word' id='word_1_814' title='bbox 3063 4747 3484 4817; x_wconf 82' lang='grc' dir='ltr'>Συγκεχυμένων</span> <span class='ocrx_word' id='word_1_815' title='bbox 3525 4745 3633 4816; x_wconf 82' lang='grc' dir='ltr'>γὰρ</span> <span class='ocrx_word' id='word_1_816' title='bbox 3665 4746 3777 4797; x_wconf 87' lang='grc' dir='ltr'><strong>τῶν</strong></span> <span class='ocrx_word' id='word_1_817' title='bbox 3804 4761 3974 4817; x_wconf 82' lang='grc' dir='ltr'><strong>πραγ⁴</strong></span> 
     </span>
    </p>
   </div>
   <div class='ocr_carea' id='block_1_110' title="bbox 2410 4836 3974 4912">
    <p class='ocr_par' dir='ltr' id='par_1_110' title="bbox 2410 4836 3974 4912">
     <span class='ocr_line' id='line_1_110' title="bbox 2410 4836 3974 4912; baseline -0.006 -16"><span class='ocrx_word' id='word_1_818' title='bbox 2410 4843 2616 4912; x_wconf 80' lang='grc' dir='ltr'>μάτων,</span> <span class='ocrx_word' id='word_1_819' title='bbox 2664 4843 2757 4895; x_wconf 76' lang='grc' dir='ltr'><strong>καὶ</strong></span> <span class='ocrx_word' id='word_1_820' title='bbox 2792 4841 2924 4893; x_wconf 84' lang='grc' dir='ltr'>πολὺ</span> <span class='ocrx_word' id='word_1_821' title='bbox 2956 4839 3234 4893; x_wconf 86' lang='grc' dir='ltr'>παθόντων</span> <span class='ocrx_word' id='word_1_822' title='bbox 3267 4838 3326 4891; x_wconf 81' lang='grc' dir='ltr'>τὸ</span> <span class='ocrx_word' id='word_1_823' title='bbox 3379 4838 3628 4898; x_wconf 81' lang='grc' dir='ltr'>ἄτακτον,</span> <span class='ocrx_word' id='word_1_824' title='bbox 3659 4836 3734 4899; x_wconf 86' lang='grc' dir='ltr'><strong>ὡς</strong></span> <span class='ocrx_word' id='word_1_825' title='bbox 3775 4836 3974 4906; x_wconf 86' lang='grc' dir='ltr'>συμπί-</span> 
     </span>
    </p>
   </div>
   <div class='ocr_carea' id='block_1_111' title="bbox 2410 4923 3971 5002">
    <p class='ocr_par' dir='ltr' id='par_1_111' title="bbox 2410 4923 3971 5002">
     <span class='ocr_line' id='line_1_111' title="bbox 2410 4923 3971 5002; baseline -0.004 -16"><span class='ocrx_word' id='word_1_826' title='bbox 2410 4950 2563 4986; x_wconf 85' lang='grc' dir='ltr'>πτειν</span> <span class='ocrx_word' id='word_1_827' title='bbox 2597 4934 2791 4994; x_wconf 80' lang='grc' dir='ltr'>αύτοὺς</span> <span class='ocrx_word' id='word_1_828' title='bbox 2826 4932 3096 5002; x_wconf 80' lang='grc' dir='ltr'>ἀλλήλοις,</span> <span class='ocrx_word' id='word_1_829' title='bbox 3139 4932 3233 4983; x_wconf 71' lang='grc' dir='ltr'>καὶ</span> <span class='ocrx_word' id='word_1_830' title='bbox 3276 4929 3542 5002; x_wconf 82' lang='grc' dir='ltr'>μηδεμίαν</span> <span class='ocrx_word' id='word_1_831' title='bbox 3573 4923 3709 4980; x_wconf 79' lang='grc' dir='ltr'>εἶναι</span> <span class='ocrx_word' id='word_1_832' title='bbox 3734 4928 3903 4998; x_wconf 72' lang='grc' dir='ltr'>τιμὴν</span> <span class='ocrx_word' id='word_1_833' title='bbox 3943 4927 3971 4996; x_wconf 75' lang='grc' dir='ltr'><strong>ἦ</strong></span> 
     </span>
    </p>
   </div>
   <div class='ocr_carea' id='block_1_112' title="bbox 2413 5020 3971 5096">
    <p class='ocr_par' dir='ltr' id='par_1_112' title="bbox 2413 5020 3971 5096">
     <span class='ocr_line' id='line_1_112' title="bbox 2413 5020 3971 5096; baseline -0.005 -17"><span class='ocrx_word' id='word_1_834' title='bbox 2413 5026 2564 5092; x_wconf 88' lang='grc' dir='ltr'>αίδῶ,</span> <span class='ocrx_word' id='word_1_835' title='bbox 2597 5023 2957 5096; x_wconf 86' lang='grc' dir='ltr'>πρεσϐύτουῆ</span> <span class='ocrx_word' id='word_1_836' title='bbox 3002 5022 3165 5086; x_wconf 85' lang='grc' dir='ltr'>νέοις,</span> <span class='ocrx_word' id='word_1_837' title='bbox 3214 5022 3378 5091; x_wconf 77' lang='grc' dir='ltr'>ῆγουν</span> <span class='ocrx_word' id='word_1_838' title='bbox 3412 5021 3628 5090; x_wconf 79' lang='grc' dir='ltr'>ἀτίμοις</span> <span class='ocrx_word' id='word_1_839' title='bbox 3665 5020 3696 5089; x_wconf 82' lang='grc' dir='ltr'><strong>ἢ</strong></span> <span class='ocrx_word' id='word_1_840' title='bbox 3728 5021 3971 5083; x_wconf 77' lang='grc' dir='ltr'>ἐνδόξων·</span> 
     </span>
    </p>
   </div>
   <div class='ocr_carea' id='block_1_113' title="bbox 2412 5110 3977 5184">
    <p class='ocr_par' dir='ltr' id='par_1_113' title="bbox 2412 5110 3977 5184">
     <span class='ocr_line' id='line_1_113' title="bbox 2412 5110 3977 5184; baseline -0.004 -14"><span class='ocrx_word' id='word_1_841' title='bbox 2412 5118 2639 5179; x_wconf 73' lang='grc' dir='ltr'>ἕκαστος</span> <span class='ocrx_word' id='word_1_842' title='bbox 2661 5117 2745 5184; x_wconf 84' lang='grc' dir='ltr'>ἐφ’</span> <span class='ocrx_word' id='word_1_843' title='bbox 2768 5113 2965 5184; x_wconf 86' lang='grc' dir='ltr'>ἐαυτῷ,</span> <span class='ocrx_word' id='word_1_844' title='bbox 2985 5114 3136 5183; x_wconf 71' lang='grc' dir='ltr'>φησὶ,</span> <span class='ocrx_word' id='word_1_845' title='bbox 3168 5112 3388 5183; x_wconf 83' lang='grc' dir='ltr'>ζητήσει</span> <span class='ocrx_word' id='word_1_846' title='bbox 3410 5111 3725 5182; x_wconf 78' lang='grc' dir='ltr'>ἡγούμενον,</span> <span class='ocrx_word' id='word_1_847' title='bbox 3750 5114 3847 5164; x_wconf 86' lang='grc' dir='ltr'><strong>καὶ</strong></span> <span class='ocrx_word' id='word_1_848' title='bbox 3863 5110 3977 5163; x_wconf 78' lang='grc' dir='ltr'><strong>τοῦ-</strong></span> 
     </span>
    </p>
   </div>
   <div class='ocr_carea' id='block_1_114' title="bbox 2408 5201 3977 5276">
    <p class='ocr_par' dir='ltr' id='par_1_114' title="bbox 2408 5201 3977 5276">
     <span class='ocr_line' id='line_1_114' title="bbox 2408 5201 3977 5276; baseline -0.006 -16"><span class='ocrx_word' id='word_1_849' title='bbox 2408 5224 2498 5260; x_wconf 91' lang='grc' dir='ltr'><strong>τον</strong></span> <span class='ocrx_word' id='word_1_850' title='bbox 2527 5207 2799 5273; x_wconf 81' lang='grc' dir='ltr'>ἑκλέξεται</span> <span class='ocrx_word' id='word_1_851' title='bbox 2841 5208 2906 5276; x_wconf 80' lang='grc' dir='ltr'>τῇ</span> <span class='ocrx_word' id='word_1_852' title='bbox 2942 5203 3081 5258; x_wconf 86' lang='grc' dir='ltr'>κατὰ</span> <span class='ocrx_word' id='word_1_853' title='bbox 3112 5205 3265 5272; x_wconf 79' lang='grc' dir='ltr'>γένος</span> <span class='ocrx_word' id='word_1_854' title='bbox 3303 5203 3584 5273; x_wconf 74' lang='grc' dir='ltr'>ἀγχιστεία</span> <span class='ocrx_word' id='word_1_855' title='bbox 3615 5201 3767 5272; x_wconf 88' lang='grc' dir='ltr'>μόλις</span> <span class='ocrx_word' id='word_1_856' title='bbox 3790 5202 3977 5254; x_wconf 83' lang='grc' dir='ltr'>ἐκδυσ-</span> 
     </span>
    </p>
   </div>
   <div class='ocr_carea' id='block_1_115' title="bbox 2407 5291 3976 5361">
    <p class='ocr_par' dir='ltr' id='par_1_115' title="bbox 2407 5291 3976 5361">
     <span class='ocr_line' id='line_1_115' title="bbox 2407 5291 3976 5361; baseline -0.007 -9"><span class='ocrx_word' id='word_1_857' title='bbox 2407 5297 2572 5352; x_wconf 88' lang='grc' dir='ltr'>ωπῶν</span> <span class='ocrx_word' id='word_1_858' title='bbox 2598 5299 2689 5351; x_wconf 74' lang='grc' dir='ltr'>καὶ</span> <span class='ocrx_word' id='word_1_859' title='bbox 2707 5296 2889 5350; x_wconf 85' lang='grc' dir='ltr'>καλῶν</span> <span class='ocrx_word' id='word_1_860' title='bbox 2915 5297 2995 5359; x_wconf 85' lang='grc' dir='ltr'><strong>εἰς</strong></span> <span class='ocrx_word' id='word_1_861' title='bbox 3020 5294 3186 5348; x_wconf 75' lang='grc' dir='ltr'>ἔλεον.</span> <span class='ocrx_word' id='word_1_862' title='bbox 3227 5293 3530 5357; x_wconf 81' lang='grc' dir='ltr'>Ἐκλέξεται</span> <span class='ocrx_word' id='word_1_863' title='bbox 3557 5293 3634 5360; x_wconf 83' lang='grc' dir='ltr'>δὲ,</span> <span class='ocrx_word' id='word_1_864' title='bbox 3665 5293 3851 5361; x_wconf 71' lang='grc' dir='ltr'>φησὶν,</span> <span class='ocrx_word' id='word_1_865' title='bbox 3885 5291 3976 5357; x_wconf 68' lang='grc' dir='ltr'>οὐχ</span> 
     </span>
    </p>
   </div>
   <div class='ocr_carea' id='block_1_116' title="bbox 2408 5381 3977 5460">
    <p class='ocr_par' dir='ltr' id='par_1_116' title="bbox 2408 5381 3977 5460">
     <span class='ocr_line' id='line_1_116' title="bbox 2408 5381 3977 5460; baseline -0.005 -19"><span class='ocrx_word' id='word_1_866' title='bbox 2408 5390 2483 5453; x_wconf 87' lang='grc' dir='ltr'>ὠς</span> <span class='ocrx_word' id='word_1_867' title='bbox 2513 5390 2702 5460; x_wconf 80' lang='grc' dir='ltr'>ἔχοντα</span> <span class='ocrx_word' id='word_1_868' title='bbox 2731 5386 2978 5448; x_wconf 77' lang='grc' dir='ltr'>πλοῦτον,</span> <span class='ocrx_word' id='word_1_869' title='bbox 3004 5386 3116 5440; x_wconf 78' lang='grc' dir='ltr'>ἀλλ’</span> <span class='ocrx_word' id='word_1_870' title='bbox 3136 5387 3211 5447; x_wconf 83' lang='grc' dir='ltr'>ὡς</span> <span class='ocrx_word' id='word_1_871' title='bbox 3232 5386 3329 5438; x_wconf 79' lang='grc' dir='ltr'>οὐκ</span> <span class='ocrx_word' id='word_1_872' title='bbox 3360 5385 3485 5437; x_wconf 81' lang='grc' dir='ltr'>ὅντα</span> <span class='ocrx_word' id='word_1_873' title='bbox 3516 5383 3733 5453; x_wconf 83' lang='grc' dir='ltr'>λυμνδν,</span> <span class='ocrx_word' id='word_1_874' title='bbox 3762 5381 3977 5450; x_wconf 79' lang='grc' dir='ltr'>ἀγαπή-</span> 
     </span>
    </p>
   </div>
   <div class='ocr_carea' id='block_1_117' title="bbox 2411 5469 3974 5548">
    <p class='ocr_par' dir='ltr' id='par_1_117' title="bbox 2411 5469 3974 5548">
     <span class='ocr_line' id='line_1_117' title="bbox 2411 5469 3974 5548; baseline -0.006 -17"><span class='ocrx_word' id='word_1_875' title='bbox 2411 5498 2492 5533; x_wconf 88' lang='grc' dir='ltr'><strong>σει</strong></span> <span class='ocrx_word' id='word_1_876' title='bbox 2535 5497 2593 5533; x_wconf 90' lang='grc' dir='ltr'><strong>τε</strong></span> <span class='ocrx_word' id='word_1_877' title='bbox 2640 5480 2731 5533; x_wconf 80' lang='grc' dir='ltr'><strong>ὑπ’</strong></span> <span class='ocrx_word' id='word_1_878' title='bbox 2771 5478 2933 5531; x_wconf 79' lang='grc' dir='ltr'>αὐτοῦ</span> <span class='ocrx_word' id='word_1_879' title='bbox 2981 5477 3273 5548; x_wconf 81' lang='grc' dir='ltr'>τρέφεσθαι</span> <span class='ocrx_word' id='word_1_880' title='bbox 3313 5476 3405 5528; x_wconf 80' lang='grc' dir='ltr'>καὶ</span> <span class='ocrx_word' id='word_1_881' title='bbox 3440 5473 3710 5527; x_wconf 88' lang='grc' dir='ltr'>δουλεύειν</span> <span class='ocrx_word' id='word_1_882' title='bbox 3758 5469 3974 5541; x_wconf 82' lang='grc' dir='ltr'>πτωχῷ.</span> 
     </span>
    </p>
   </div>
   <div class='ocr_carea' id='block_1_118' title="bbox 2410 5564 3973 5641">
    <p class='ocr_par' dir='ltr' id='par_1_118' title="bbox 2410 5564 3973 5641">
     <span class='ocr_line' id='line_1_118' title="bbox 2410 5564 3973 5641; baseline 0.002 -19"><span class='ocrx_word' id='word_1_883' title='bbox 2410 5572 2555 5641; x_wconf 77' lang='grc' dir='ltr'>Πλὴν</span> <span class='ocrx_word' id='word_1_884' title='bbox 2592 5573 2639 5623; x_wconf 84' lang='grc' dir='ltr'><strong>εί</strong></span> <span class='ocrx_word' id='word_1_885' title='bbox 2672 5572 2764 5624; x_wconf 74' lang='grc' dir='ltr'>καὶ</span> <span class='ocrx_word' id='word_1_886' title='bbox 2793 5573 2820 5624; x_wconf 86' lang='grc' dir='ltr'>ὁ</span> <span class='ocrx_word' id='word_1_887' title='bbox 2846 5569 3081 5632; x_wconf 78' lang='grc' dir='ltr'>τοιοῦτος</span> <span class='ocrx_word' id='word_1_888' title='bbox 3119 5570 3217 5639; x_wconf 84' lang='grc' dir='ltr'>οὐχ</span> <span class='ocrx_word' id='word_1_889' title='bbox 3251 5568 3485 5637; x_wconf 76' lang='grc' dir='ltr'>ἁρπάσει</span> <span class='ocrx_word' id='word_1_890' title='bbox 3521 5566 3617 5637; x_wconf 81' lang='grc' dir='ltr'>τὴν</span> <span class='ocrx_word' id='word_1_891' title='bbox 3658 5564 3973 5635; x_wconf 64' lang='grc' dir='ltr'>ἠγεμονίαν.</span> 
     </span>
    </p>
   </div>
   <div class='ocr_carea' id='block_1_119' title="bbox 2414 5654 3977 5731">
    <p class='ocr_par' dir='ltr' id='par_1_119' title="bbox 2414 5654 3977 5731">
     <span class='ocr_line' id='line_1_119' title="bbox 2414 5654 3977 5731; baseline -0.006 -18"><span class='ocrx_word' id='word_1_892' title='bbox 2414 5662 2583 5714; x_wconf 84' lang='grc' dir='ltr'>καίτοι</span> <span class='ocrx_word' id='word_1_893' title='bbox 2611 5661 2774 5731; x_wconf 81' lang='grc' dir='ltr'>μηδὲν</span> <span class='ocrx_word' id='word_1_894' title='bbox 2797 5661 3113 5729; x_wconf 85' lang='grc' dir='ltr'>αἰτούμενος</span> <span class='ocrx_word' id='word_1_895' title='bbox 3141 5660 3287 5729; x_wconf 65' lang='grc' dir='ltr'>παρὰ</span> <span class='ocrx_word' id='word_1_896' title='bbox 3310 5658 3417 5712; x_wconf 84' lang='grc' dir='ltr'><strong>τῶν</strong></span> <span class='ocrx_word' id='word_1_897' title='bbox 3443 5656 3759 5711; x_wconf 82' lang='grc' dir='ltr'>ὑποκεῖσθαι</span> <span class='ocrx_word' id='word_1_898' title='bbox 3792 5654 3977 5725; x_wconf 83' lang='grc' dir='ltr'>βεϐου-</span> 
     </span>
    </p>
   </div>
  </div>
