4178 6512
721 375 826 429 107

1746 369 1804 425 S.
1847 366 2126 422 CYRILLI
2166 367 2637 438 ALEXANDRINI
2676 374 2996 434 ARCHIEP.

3862 379 3961 435 108

721 494 927 549 scelere
956 498 1009 545 et
1041 485 1431 558 iniquitate,.in
1454 485 1745 541 Christum
1777 487 1943 556 impia
1978 487 2105 552 fuit,
2134 502 2290 542 omne

2396 498 2426 565 ἠ
2485 497 2701 565 γλῶσσα
2754 494 2935 549 αὐτῶν
2988 490 3126 564 μετὰ
3176 489 3407 561 ἀνομίας
3449 488 3835 561 δώυσσέδηκεν
3888 494 3964 557 είς

722 598 834 640 tum
881 580 1199 637 calamitatis
1236 593 1405 648 genus
1443 577 1550 633 illis
1588 576 1757 633 fuisse
1792 578 2120 647 irrogatum,
2154 588 2207 632 et
2241 579 2293 631 in

720 679 859 734 hanc
886 673 1234 746 ignominiam
1267 687 1363 728 eos
1393 669 1674 726 incidisse.
1706 670 1867 739 Atqui
1901 669 2296 738 quomodolin-

717 786 817 842 gna
850 771 1087 838 ipsorum
1116 763 1511 821 contumaciter
1540 761 1702 830 impia
1738 761 1877 815 fuit?
1910 761 2132 816 Caeteris
2158 777 2296 831 pra:-

717 858 1007 923 termissis,
1041 858 1156 926 ipse
1188 854 1350 908 nobis
1382 852 1641 922 propheta
1672 852 1934 921 explicat,
1954 852 2137 905 solam
2174 852 2297 907 ulti-

713 967 856 1005 mam
905 964 1094 1005 eorum
1140 945 1533 1015 blasphemiam
1576 957 2025 999 commemorans.
2059 942 2295 998 Fuerunt

716 1045 861 1100 enim
895 1054 1109 1111 semper
1140 1039 1361 1095 Christo
1392 1036 1604 1091 adversi
1637 1044 1692 1090 et
1715 1034 1929 1099 infesti,
1958 1034 2293 1090 invidentia:-

696 1113 819 1207 'que
865 1134 983 1189 telis
1028 1133 1248 1202 perciti,
1287 1146 1351 1184 ac
1391 1129 1543 1198 quasi
1590 1127 1857 1193 sauciati,
1894 1127 2076 1180 multis
2125 1127 2296 1181 modis

714 1228 939 1284 insidias
956 1226 1307 1281 collocarunt.
1328 1223 1657 1288 Demumque
1676 1235 1829 1273 suum
1849 1219 2026 1273 scelus
2045 1218 2292 1281 maxime,

716 1331 973 1390 tauquam
1014 1316 1370 1372 Sodomorum
1408 1311 1832 1391 a‘nnuntiarunt,
1863 1320 1915 1363 et
1951 1307 2293 1365 manifestum

717 1424 1075 1482 testatnmque
1123 1407 1497 1483 reddiderunt,
1529 1418 1651 1456 cum
1699 1417 1821 1455 eum
1873 1400 2043 1454 Pilato
2084 1400 2295 1456 obtule—

715 1516 858 1560 runt.
894 1504 1026 1560 Nam
1070 1497 1520 1570 quemadmodum
1558 1493 1895 1549 habitatores
1921 1492 2292 1547 Sodomorum

715 1594 1125 1665 intemperantia
1161 1606 1225 1645 ac
1257 1584 2097 1655 immoderationecupiditatum
2132 1583 2293 1639 effre-

714 1694 838 1741 nate
882 1685 1226 1744 laborarunt,
1260 1676 1734 1745 voluptatibusque
1778 1690 1809 1728 a
1858 1683 2048 1727 natura
2098 1675 2294 1729 abhor-

715 1778 954 1832 rentibus
986 1773 1141 1838 victi,
1168 1771 1225 1823 in
1258 1770 1477 1823 beatum
1503 1766 1615 1821 Lot
1647 1767 1944 1831 irruernnt,
1981 1766 2106 1819 dum
2142 1765 2288 1820 omni

711 1865 1034 1922 verecundia
1069 1854 1414 1933 proculcata,
1451 1868 1503 1912 ct
1539 1867 1812 1928 praerupta
1848 1858 2077 1925 quadam
2115 1858 2289 1927 impu-

712 1960 890 2018 dentia
942 1963 1261 2023 superante,
1298 1953 1444 2006 viros
1497 1952 1563 2004 ad
1612 1951 1782 2018 ipsum
1831 1951 2186 2017 diuertentes,
2225 1950 2292 2003 ad

715 2051 936 2104 abusum
987 2052 1231 2114 peterent
1280 2059 1294 2097 :
1343 2041 1459 2112 pari
1512 2040 1689 2105 modo,
1718 2041 1984 2106 arbitror,
2026 2050 2081 2095 et
2121 2038 2294 2095 Judaei

714 2146 901 2196 contra
935 2152 993 2191 se
1027 2135 1365 2203 iniquitatem
1419 2146 1570 2186 suam
1606 2131 1957 2186 clamitaruut
1995 2140 2049 2185 et
2082 2146 2294 2185 annuu—

717 2233 937 2291 tiarnnt,
965 2242 1086 2283 cum
1114 2224 1285 2278 Pilato
1312 2223 1495 2277 dicunt
1525 2222 1591 2276 de
1618 2223 1833 2277 Christo
1860 2240 1873 2276 :
1904 2242 1921 2274 ι
1951 2222 2121 2289 Tolle,
2146 2222 2290 2285 tolle,

713 2320 858 2376 cruci
899 2315 1050 2385 alligo
1087 2314 1299 2370 eum”.
1340 2332 1357 2364 ι
1405 2312 1555 2367 ilanc
1600 2314 1835 2383 ipsorum
1865 2313 1983 2369 Deo
2021 2314 2292 2367 inimicam

713 2424 901 2465 vocem
941 2406 1214 2462 accusavit
1255 2405 1416 2460 etiam
1458 2418 1555 2473 per
1583 2404 1868 2474 quemdam
1909 2404 2291 2474 prophetarum

713 2502 900 2556 dicens
935 2518 948 2556 :
985 2498 1258 2567 Dereliqui
1294 2498 1512 2553 domum
1548 2511 1720 2551 meam
1744 2536 1760 2561 ,
1791 2496 1972 2552 dimisi
2004 2497 2293 2553 haeredita-

714 2605 821 2651 tem
847 2607 1042 2654 meam,
1070 2590 1265 2645 tradidi
1290 2588 1536 2643 dilectam
1561 2588 1800 2642 animam
1828 2603 2004 2645 meam
2027 2589 2080 2642 in
2106 2604 2294 2645 manus

713 2686 1051 2739 inimicorum
1084 2682 1220 2750 ejus.
1247 2679 1410 2735 Facta
1446 2690 1530 2733 est
1560 2678 1847 2735 luereditas
1885 2695 2003 2736 mea
2039 2680 2198 2744 mihi,
2237 2690 2297 2735 ut

714 2775 795 2828 leo
836 2773 887 2829 in
929 2772 1095 2836 silva,
1121 2770 1373 2836 deditque
1404 2778 1589 2824 contra
1622 2786 1712 2825 me
1743 2785 1928 2825 vocem
1962 2786 2145 2837 suam,
2173 2786 2296 2841 pro-

712 2874 893 2934 pterea
921 2861 1045 2915 odio
1072 2867 1390 2929 prosecutus
1421 2873 1540 2912 sum
1571 2874 1715 2917 eam.

785 2952 946 3007 Vens.
975 2950 1131 3006 9-H.
1170 2947 1262 3003 Vw
1300 2950 1496 3002 animm
1531 2964 1709 3002 eorum
1730 2988 1743 3013 ,
1768 2949 1891 3016 quia
1925 2947 2293 3003 consulturum

711 3042 986 3097 consilium
1016 3056 1263 3109 magnum
1294 3050 1476 3093 contra
1503 3040 1729 3108 seipsos,
1759 3040 1991 3092 dicerdes
2020 3053 2040 3091 :
2083 3037 2295 3092 Vincia-

2397 590 2651 659 Χριστὸν,
2708 587 2827 640 τότε
2878 586 2972 639 καὶ
3020 585 3129 638 πᾶν
3186 578 3325 647 εἶδος
3376 583 3565 647 αὐτοῖς
3617 584 3966 653 ὲπενήνεκται

2397 680 2789 751 ταλαιπωρίας,
2820 679 2913 732 κοι)⁸
2934 675 3286 730 πεπτώκασιν
3320 676 3401 739 είς
3433 675 3495 728 τὸ
3527 675 3797 739 δυσκλεές.
3836 677 3962 731 Τίνα

2395 773 2449 825 δὲ
2476 773 2674 844 τρόπον
2717 773 2749 840 ἡ
2779 770 2997 838 γλῶσσα
3036 767 3213 822 αὐτῶν
3245 766 3605 838 δεδυσσέὃηκε
3646 767 3782 837 μετά
3812 769 3964 821 ἀπει-

2397 863 2565 928 Θείας,
2585 862 2760 925 mea;
2790 863 2919 931 ἡμῖν
2944 863 2972 914 ό
3006 862 3288 931 προφήτης
3317 859 3613 928 δωτρανοί,
3643 860 3837 928 παρεὶς
3872 859 3965 928 μὲν

2394 957 2463 1011 τὰ
2496 953 3176 1028 ἓτερα,.διαμνημονεύσας
3202 953 3281 1005 δὲ
3325 953 3492 1022 μόνης
3529 953 3629 1019 τῆς
3658 952 3965 1015 τελευταίας

2396 1048 2574 1103 αὐτῶν
2602 1046 2951 1108 ¹δυσσεᾶείας.
2996 1041 3178 1099 Ἦσαν
3219 1044 3316 1114 μὲν
3349 1046 3458 1113 γάρ
3496 1043 3583 1098 ἀεὶ
3611 1042 3858 1112 διάφοροι
3894 1042 3966 1111 τῷ

2397 1140 2441 1191 Χ
2450 1138 2634 1207 ριστῷ,
2667 1136 2759 1189 καὶ
2788 1139 2899 1198 τοῖς
2921 1134 3013 1189 τοῦ
3030 1135 3234 1205 ,φθόνου
3255 1134 3433 1203 βέλεσι
3456 1126 3809 1203 τετρωμένοι,
3829 1133 3964 1186 κατὰ

2396 1229 2624 1290 πολλοὺς
2680 1228 3031 1281 ἐπεϐούλευον
3074 1226 3325 1297 τρόπους.
3386 1224 3600 1296 Ἐπειδὴ
3651 1225 3708 1278 δὲ
3754 1224 3965 1292 Πιλάτῳ

2397 1321 2765 1391 προσήγαγον,
2806 1318 2924 1371 τότε
2957 1319 3021 1388 δὴ
3059 1317 3293 1387 μάλιστα
3322 1316 3420 1385 τὴν
3451 1315 3657 1369 ἑαυτῶν
3696 1316 3965 1387 ἁμαρτίαν

2394 1413 2469 1476 ὡς
2491 1412 2738 1483 Σοδόμων
2771 1412 3101 1483 ἀνήγγειλαν
3126 1410 3221 1463 καὶ
3251 1409 3594 1479 ἐνεφάνισαν.
3628 1407 3838 1478 ’Ὠσπερ
3864 1409 3964 1478 γὰρ

2395 1508 2443 1559 οἱ
2470 1506 2577 1559 τῶν
2608 1504 2857 1576 Σοδόμων
2878 1506 3160 1575 οἰκήτορες
3188 1503 3249 1556 τὺ
3273 1501 3514 1571 ἀκρατὲς
3542 1502 3623 1562 είς
3646 1499 3858 1570 ὀρέξεις
3889 1516 3963 1552 νε-

2396 1602 2684 1672 νοσηκότες
2742 1599 2968 1671 ἀγρίως,
3022 1598 3117 1651 καὶ
3170 1598 3291 1659 ταῖς
3334 1593 3496 1664 παρὰ
3549 1592 3709 1660 φύσιν
3756 1592 3963 1663 ἡδοναῖς

2395 1689 3237 1765 ήττημὲνοιτκατεπεφύοντοτοῦ
3280 1687 3549 1759 μακαρίου
3581 1684 3725 1751 Λὼτ,
3752 1684 3961 1739 αίτοῦνο

2394 1803 2485 1850 τες
2524 1787 2649 1849 τοὺς
2688 1784 2883 1856 ἄνδρας
2918 1785 3042 1847 τοὺς
3079 1780 3608 1851 εἰσπεποριυμένους
3642 1777 3779 1848 πρὸς
3808 1776 3963 1829 αὐτὸν

2394 1880 2473 1940 είς
2506 1878 2861 1947 κατάχρησιν,
2887 1874 3070 1937 αἰδοῦς
3090 1890 3151 1927 τε
3183 1872 3400 1943 ἀπάσης
3434 1872 3620 1933 αὐτοῖς
3654 1869 3962 1938 πεπατημὺ

2393 1986 2488 2038 νης
2520 1969 2615 2021 καὶ
2647 1966 2953 2038 ἀθραύστου
2996 1964 3183 2019 λοιπὸν
3224 1963 3535 2034 κρατούσης
3567 1960 3960 2032 ἀναισχυντίας

2392 2057 2483 2109 τὸν
2513 2056 2673 2108 αὑτὸν
2702 2051 2854 2125 οἶμαι
2873 2055 3072 2126 τρόπον
3102 2054 3195 2107 καὶ
3233 2052 3472 2107 Ἰουδαῖοι
3497 2051 3597 2123 τὴν
3620 2051 3849 2121 ἀνομίαν
3876 2048 3961 2103 ab-

2393 2146 2501 2197 τῶν
2530 2145 2859 2216 ἀνήγγειλαν
2900 2144 3377 2215 κατακεκραγότες
3407 2158 3465 2196 τε
3495 2142 3588 2196 καὶ
3619 2141 3870 2211 λέγοντες
3893 2140 3962 2210 τῷ

2396 2236 2611 2307 Πιλάτῳ
2633 2236 2775 2306 ,περὶ
2810 2235 3066 2307 Χριστοῦ’
3098 2253 3117 2285 ι
3154 2230 3307 2304 Αἶρε,
3342 2228 3485 2304 αἶρε,
3525 2232 3840 2303 σταύρωσον
3870 2232 3961 2285 αὑ·

2394 2328 2505 2381 τόν.
2536 2346 2561 2378 s
2600 2327 2815 2397 Ταύτην
2855 2327 3035 2380 αὐτῶν
3070 2326 3366 2395 κατῃτιᾶτο
3397 2324 3581 2394 φωνὴν
3618 2324 3711 2377 καὶ
3748 2323 3819 2376 δι’
3855 2321 3962 2383 ἑνὸς

2394 2417 2503 2472 τῶν
2556 2418 2870 2489 προφητῶν,
2900 2417 3111 2483 ,λέγων’
3176 2415 3635 2485 Ἐγκαταλέλοιπα
3687 2414 3781 2468 τὸν
3827 2410 3963 2467 οἶκόν

2398 2526 2521 2579 μου,
2554 2508 2741 2578 ἀφῆκα.
2767 2508 2867 2578 τὴν
2882 2508 3256 2580 -κληρονομίαν
3299 2525 3400 2578 μου
3418 2548 3431 2571 ,
3461 2507 3668 2561 δέδωκα
3702 2507 3807 2579 τὴν
3837 2509 3961 2578 ὴγαο

2393 2599 2646 2669 πημὲνην
2669 2598 2850 2670 ψυχήν
2882 2616 2981 2669 μου
3019 2600 3098 2662 εἰς
3132 2602 3320 2670 χεῖρας
3350 2599 3558 2669 ἐχθρῶν
3591 2598 3779 2670 αὐτῆς.
3822 2599 3959 2667 Ὲγει

2396 2691 2530 2761 νήθη
2587 2691 2621 2761 ή
2660 2689 2992 2762 κληρονομία
3037 2708 3138 2760 μου
3191 2692 3317 2761 ἐμοὶ
3361 2692 3437 2753 ὡς
3484 2690 3622 2743 λέων
3663 2692 3723 2742 ὲν
3758 2689 3963 2762 δρυμῷ.

2395 2782 2592 2835 ἔδωκεν
2645 2783 2730 2835 ἐπ’
2776 2781 2876 2852 ἐμὲ
2931 2783 3112 2853 φωνὴν
3158 2783 3348 2852 αὐτῆς,
3407 2781 3493 2836 διὰ
3534 2780 3691 2835 τοῦτο
3733 2782 3961 2853 ἀμίσησα

2395 2874 2585 2943 αὐτήν.

2463 2965 2609 3019 Οὐαὶ
2635 2965 2710 3033 τῇ
2732 2963 2904 3033 ψυχῇ
2926 2964 3142 3030 αὐτῶν,
3172 2965 3260 3018 ὅτι
3277 2966 3711 3029 βεϐούλευνται
3726 2963 3960 3029 βουλὴν

2394 3058 2665 3127 πονηρὰν
2691 3058 2819 3111 καθ’
2850 3055 3098 3120 ἑαυτῶν,
3128 3058 3418 3124 εἰπόντες·
3447 3057 3732 3126 Δήσωμεν
3755 3056 3861 3110 τὸν
3883 3056 3961 3109 δί-

711 3151 825 3188 mus
857 3134 1098 3203 justum,
1124 3135 1247 3199 quia
1286 3132 1491 3184 inutilis
1535 3129 1681 3183 nobis
1728 3138 1826 3184 est.
1864 3128 2051 3199 Itaque
2078 3130 2290 3198 fructus

2392 3166 2583 3213 καιον,
2637 3150 2725 3203 ὅτι
2772 3149 3159 3218 δύσχρηστος
3208 3150 3354 3219 ⁴ἡμῖν
3386 3149 3577 3204 ἐστιν.
3634 3150 3850 3207 Τοίνυν
3892 3150 3957 3203 τὰ

710 3242 921 3295 operum
948 3239 1160 3278 suorum
1196 3224 1366 3278 edent.
1404 3221 1493 3276 Vw
1526 3222 1731 3290 iniquo,
1764 3221 1903 3274 mala
1932 3237 2026 3289 pro
2049 3221 2288 3291 operibus

710 3332 960 3370 manuum
986 3315 1150 3384 ipsius
1174 3315 1403 3369 evenient
1431 3314 1497 3369 ei.

790 3490 1061 3561 Propheta
1095 3489 1259 3543 etiam
1299 3504 1440 3544 nunc
1471 3487 1778 3545 Judmorum
1823 3492 2074 3562 populum
2114 3495 2285 3566 luget,

709 3594 764 3639 et
819 3583 1175 3654 quaerelarum
1241 3596 1437 3637 causas
1499 3582 1630 3652 ipsis
1690 3584 1912 3651 exponit
1960 3602 1974 3639 :
2028 3585 2289 3644 Dixerunt

711 3676 888 3740 enim,
949 3675 1158 3743 inquit,
1229 3673 1282 3726 in
1348 3673 1542 3742 seipsis
1591 3692 1611 3729 ι
1670 3673 1982 3733 Vinciamus
2045 3679 2284 3746 justum,

710 3767 836 3837 quia
901 3766 1107 3820 inutilis
1170 3764 1325 3819 nobis
1372 3775 1483 3819 .est.
1530 3764 1717 3834 Neque
1768 3767 1909 3822 enim
1968 3780 2289 3838 receperunt

710 3870 810 3925 per
878 3854 1079 3914 fidem,
1138 3852 1513 3911 universorum
1574 3854 1919 3909 Servatorem
1973 3856 2285 3924 Christum,

713 3946 811 4001 sed
868 3943 1195 4001 contumelia
1249 3952 1508 4015 perpetuo
1562 3944 1888 4012 alIecerunt,
1930 3949 2035 4019 61
2090 3959 2145 4004 et
2195 3966 2285 4006 re-

710 4050 839 4089 vera
897 4034 1277 4089 existimarunt
1348 4048 1471 4089 eum
1525 4034 1669 4090 nullo
1723 4038 1881 4093 modo
1922 4039 2047 4094 vita:
2101 4040 2284 4096 utilem

713 4124 862 4189 fore,
921 4126 1012 4194 qui
1073 4126 1126 4178 in
1183 4126 1287 4180 hoc
1337 4123 1491 4193 venit;
1530 4134 1589 4180 ut
1638 4128 1818 4184 omnia
1862 4130 1916 4184 in
1974 4130 2120 4201 ipso,
2166 4148 2283 4201 qua:

712 4218 932 4286 quidem
965 4216 1123 4271 nobis
1160 4217 1510 4283 conveniunt,
1532 4220 1834 4274 communia
1873 4222 2086 4287 flerent.
2118 4235 2285 4294 utque

712 4324 742 4362 a
785 4307 942 4377 legali
981 4307 1192 4362 vivendi
1226 4307 1433 4363 ratione
1499 4309 1550 4363 in
1601 4311 1937 4379 spiritualem
1991 4330 2284 4372 conversa-

716 4400 913 4453 tionem
949 4414 1043 4452 eos
1083 4399 1172 4468 qui
1202 4413 1265 4453 ex
1307 4399 1570 4469 sanguine
1602 4400 1819 4458 lsraelis
1854 4404 1961 4459 orti
2006 4413 2152 4473 sunt,
2189 4409 2286 4462 ad-

710 4489 950 4543 duceret.
986 4487 1117 4543 Cum
1147 4502 1275 4558 ergo
1302 4488 1435 4542 nihil
1494 4490 1788 4560 adjumenti
1847 4508 1967 4549 eum
2025 4506 2282 4566 putarent
2312 4482 2359 4542 Ῑ)

710 4576 1220 4642 allaturum,morte
1254 4579 1490 4648 ligarunt
1541 4596 1687 4649 eum,
1747 4596 2009 4655 quantum
2063 4590 2280 4657 quidem

709 4671 763 4725 in
792 4671 920 4739 ipsis
946 4679 1085 4736 erat,
1121 4674 1331 4727 tametsi
1362 4673 1557 4727 revixit
1613 4674 1677 4729 de
1713 4675 1940 4745 integro,
1999 4686 2059 4731 ut
2114 4678 2277 4743 Deus.

709 4761 913 4816 inferos
938 4762 1275 4826 exinaaiens,
1305 4772 1359 4816 et
1389 4765 2054 4836 corruptionisimperitun
2083 4768 2281 4824 infrin-

707 4846 986 4918 gens.Vita
1017 4858 1099 4903 est
1120 4850 1262 4904 enim
1290 4861 1345 4907 et
1374 4852 1494 4909 vitae
1519 4862 1729 4907 auctor.
1762 4852 1958 4910 Verum
1978 4867 2168 4913 contra
2189 4873 2282 4915 se-

711 4939 855 5007 ipsos
882 4940 1164 4994 consilium
1198 4942 1453 5007 inierunt,
1480 4944 1684 5013 justum
1713 4944 1882 5015 ligare
1909 4947 2176 5014 volentes,
2230 4961 2285 5007 et

709 5032 849 5087 fetus
887 5047 1103 5088 suorum
1134 5033 1375 5091 laborum
1408 5038 1711 5093 comedent.
1745 5037 1899 5113 Quod
1916 5040 2058 5095 enim
2086 5043 2287 5097 severit

708 5124 851 5192 quis,
887 5123 989 5179 hoc
1032 5133 1089 5180 et
1137 5135 1322 5181 metet.
1354 5126 1422 5183 Et
1481 5142 1612 5183 sane
1666 5130 1757 5197 qui
1814 5132 2057 5189 moribus
2104 5133 2288 5203 probis

708 5222 855 5277 sunt,
883 5224 938 5270 et
968 5225 1079 5271 toto
1126 5226 1344 5285 pectore
1415 5218 1509 5275 Dei
1569 5234 1755 5274 amore
1806 5219 2055 5292 ﬂagrant,
2115 5226 2286 5281 bonos

709 5303 836 5359 hinc
865 5304 1073 5362 fructus
1117 5307 1393 5363 invenient
1429 5327 1441 5363 :
1475 5318 1529 5362 at
1557 5312 1646 5380 qui
1673 5312 1938 5380 resiliunt,
1996 5323 2051 5371 et
2108 5316 2281 5386 perti-

713 5412 875 5453 naces
904 5410 1029 5453 sunt
1058 5414 1123 5454 ac
1166 5400 1464 5468 praefracti,
1507 5413 1562 5458 et
1605 5406 1798 5461 divinzn
1838 5406 2104 5477 majestati
2140 5412 2279 5467 relu-

709 5496 945 5553 ctantur,
971 5489 1131 5543 edent
1164 5500 1455 5558 proventus
1511 5494 1759 5552 laborum
1815 5514 2056 5567 suorum,
2105 5503 2279 5573 ignem

713 5579 996 5646 nimirum,
1044 5589 1097 5633 et
1127 5581 1471 5654 supplicium,
1504 5596 1560 5642 et
1592 5602 1829 5660 poenam,
1864 5601 1917 5648 et
1943 5609 2279 5667 quaecunque

789 5731 833 5761 "
858 5728 1013 5785 Joan.
1055 5746 1170 5793 x'tx,
1203 5733 1291 5789 15.

2392 3241 2729 3311 γεννήματα
2767 3240 2886 3294 τῶν
2917 3241 3107 3310 ἔργων
3128 3239 3327 3295 αὐτῶν
3359 3241 3670 3310 φάγονται.
3712 3242 3859 3295 οὐαὶ
3888 3240 3958 3304 τῷ

2390 3332 2609 3401 ἀνόμῳ,
2641 3333 2873 3399 πονηρὰ
2904 3334 3056 3386 κατὰ
3089 3331 3163 3385 τὰ
3196 3332 3340 3403 ἔργα
3378 3333 3497 3386 τῶν
3532 3332 3748 3402 χειρῶν
3785 3333 3959 3388 αὑτοῦ

2390 3425 2763 3493 συμϐήσεται
2799 3424 2978 3489 αὐτῷ.

2459 3512 2748 3577 Ταλανίζει
2780 3514 2874 3566 καὶ
2896 3512 2990 3566 νῦν
3016 3516 3044 3567 ὁ
3073 3514 3359 3584 προφήτης
3401 3514 3508 3568 τῶν
3546 3514 3813 3569 Ἰουδαίων
3842 3515 3956 3576 τοὺς

2387 3603 2613 3674 δήμους,
2651 3606 2745 3657 καὶ
2781 3605 2889 3657 τῶν
2928 3606 3015 3657 ἐπ’
3048 3606 3232 3668 αὐτοῖς
3264 3606 3514 3676 ὀδυρμῶν
3540 3606 3833 3660 ἀποδίδωσι
3867 3607 3955 3668 τὰς

2388 3695 2587 3757 αἰτίας.
2626 3690 2793 3747 Εἶπον
2832 3696 2959 3766 γὰρ,
2995 3696 3177 3766 φησιν,
3220 3698 3278 3749 ὲν
3310 3697 3544 3759 ἑαυτοῖς·
3582 3698 3846 3768 Δήσωμεν
3876 3696 3958 3750 τὸν

2388 3787 2620 3850 δίκαιον,
2648 3789 2732 3842 ὅτι
2762 3787 3097 3857 δύσχρηστος
3126 3790 3260 3859 ήμϊν
3288 3789 3454 3843 ἐστιν.
3495 3789 3567 3842 Οὐ
3597 3789 3706 3859 γὰρ
3739 3787 3958 3859 παρεδέ-

2388 3895 2544 3948 χοντο
2562 3878 2651 3932 διὰ
2672 3876 2773 3947 τῆς
2794 3879 3029 3941 πίστεως
3050 3878 3141 3931 τὸν
3161 3880 3269 3933 τῶν
3294 3880 3430 3933 ὅλων
3456 3880 3685 3953 Σωτῆρα
3709 3881 3956 3952 Χριστὸν,

2387 3966 2744 4038 ἀτιμάζοντες
2795 3968 2853 4021 δὲ
2898 3968 3349 4034 διατετελέκασιν,
3396 3971 3563 4040 ᾤοντό
3609 3989 3669 4024 τε
3711 3973 3854 4026 κατὰ
3906 3972 3959 4023 τὺ

2387 4058 2605 4130 ἀληθὲς,
2636 4059 2716 4112 ὅτι
2736 4060 2863 4116 κατ’
2889 4060 3079 4113 οὐδένα
3116 4064 3314 4132 τρόπον
3342 4063 3612 4134 χρήσιμον
3643 4062 3866 4118 ἔσεσθαι
3890 4064 3958 4133 τῷ

2389 4151 2487 4222 βίῳ
2511 4151 2602 4205 τὸν
2625 4152 2924 4222 ἀφιγμένον
2949 4153 3029 4217 είς
3050 4151 3226 4218 τοῦτο,
3251 4154 3336 4208 ἵνα
3362 4155 3539 4209 πάντα
3556 4158 3617 4208 ὲν
3639 4156 3790 4227 αὐτῷ
3809 4156 3957 4211 καινὰ

2386 4244 2453 4297 τὰ
2507 4243 2631 4297 καθ’
2658 4245 2805 4315 ἡμᾶς
2842 4244 3089 4317 γένηται,
3148 4246 3243 4298 καὶ
3298 4249 3362 4299 ὲκ
3408 4247 3645 4317 νομικῆς
3690 4248 3958 4311 πολιτείας

2389 4335 2718 4405 μεταστήσει
2738 4334 2819 4397 είς
2840 4335 3218 4407 πνευματικὴν
3236 4337 3362 4399 τοὺς
3382 4337 3441 4403 ἐξ
3465 4338 3696 4407 αἵματος
3725 4338 3954 4409 Ἰσραήλ.

2386 4420 2592 4475 Οὐκοῦν
2649 4422 2767 4475 κατ’
2811 4421 2965 4477 οὐδὲν
3016 4422 3235 4477 ἔσεσθαι
3290 4426 3559 4496 χρήσιμον
3606 4426 3959 4498 ὑπειληφότες

2386 4513 2549 4567 αὐτὸν
2578 4513 2773 4583 ἔδησαν
2805 4512 2882 4583 τῷ
2921 4513 3155 4583 Θανάτῳ,
3200 4516 3260 4571 τό
3288 4532 3351 4584 γε
3383 4511 3517 4589 ἦκον
3541 4518 3619 4580 είς
3659 4518 3881 4583 αὐτοὺς,
3915 4519 3957 4571 ei

2386 4606 2478 4659 καὶ
2507 4605 2707 4660 άνεὸίω
2735 4606 2896 4660 πάλιν
2924 4607 3001 4671 ὡς
3028 4608 3159 4672 Θεὸς
3189 4608 3432 4673 κενώσας
3470 4610 3565 4664 τὸν
3592 4612 3745 4683 ᾅδην,
3783 4613 3879 4666 καὶ
3902 4612 3956 4665 τὸ

2384 4693 2485 4764 τῆς
2535 4694 2740 4765 φθορᾶς
2792 4694 3101 4759 καταλύσας,
3149 4696 3368 4768 κράτος.
3400 4698 3524 4767 Ζωὴ
3563 4699 3672 4768 γάρ
3708 4700 3831 4750 ἐστι
3875 4696 3958 4749 καὶ

2386 4785 2664 4850 ζωοποιάῖ.
2699 4785 2843 4857 Πλὴν
2877 4789 2994 4839 κατ’
3019 4786 3198 4841 αὐτῶν
3226 4788 3571 4843 ἐϐουλεύοντο
3601 4789 3767 4857 δῆσαι
3794 4790 3959 4843 θέλον-

2386 4894 2476 4940 τες
2502 4877 2593 4930 τὸν
2627 4877 2853 4931 δίκαιον·
2893 4878 3159 4947 φάγονται
3194 4879 3252 4932 δὲ
3286 4880 3381 4933 καὶ⁸
3403 4880 3471 4934 τὰ
3505 4882 3828 4951 γεννήματα
3858 4880 3958 4933 τῶν

2384 4966 2560 5038 ἔργων
2604 4968 2803 5022 αὐτῶν.
2846 4967 2915 5023 ’0
2942 4971 3051 5043 γὰρ
3086 4970 3180 5023 ὲάν
3219 4973 3416 5043 σπείρῃ
3454 4972 3761 5040 ἄνθρωπος,
3809 4972 3958 5025 τοῦτο

2385 5053 2477 5107 καὶ
2510 5053 2733 5122 θερίσει.
2770 5056 2880 5108 Καὶ
2909 5057 2959 5109 οἱ
2992 5056 3091 5127 μὲν
3120 5059 3245 5121 τοὺς
3269 5059 3504 5130 τρόπους
3546 5063 3834 5125 ἐπιεικεῖς,
3870 5058 3957 5113 καὶ

2386 5141 2629 5211 φιλόθεον
2674 5143 2887 5215 ἔχοντες
2935 5145 3181 5217 γνώμην,
3235 5149 3475 5216 ἀγαθοὺς
3517 5150 3765 5204 ἐντεῦθεν
3801 5153 3958 5222 εὑρήο

2389 5249 2541 5286 σουσι
2570 5234 2696 5298 τοὺς
2726 5235 2988 5306 καρπούς·
3016 5238 3066 5290 oi
3101 5238 3158 5292 δὲ
3183 5238 3539 5304 ἀπονεύοντες
3564 5241 3656 5294 καὶ
3689 5241 3954 5304 ἀπειθεῖς,

2391 5324 2483 5377 καὶ
2504 5326 2568 5394 τῇ
2610 5323 2728 5395 θείᾳ
2753 5325 2877 5398 δόξῃ
2913 5328 3230 5398 μαχόμενοι,
3261 5330 3524 5399 φάγονται
3551 5332 3622 5385 τά
3647 5335 3955 5405 γεννήματα

2386 5414 2494 5470 τῶν
2525 5415 2700 5486 ἔργων
2723 5417 2921 5480 αὐτῶν,
2956 5418 3101 5472 τοῦτ’
3123 5419 3261 5485 ἔστι,
3290 5421 3420 5493 πῦρ,
3455 5424 3549 5477 καὶ
3570 5423 3727 5494 δίκην
3751 5427 3847 5483 καὶ
3873 5424 3958 5477 κό-

2386 5508 2541 5562 λασιν
2593 5509 2685 5562 καὶ
2736 5509 2805 5564 τὰ
2851 5508 2912 5574 ἐξ
2951 5511 3121 5584 ὀργῆς
3166 5514 3551 5583 συμϐαίνοντα.
3590 5517 3823 5587 "Ede-cat
3854 5517 3957 5586 γάρ

2386 5601 2602 5663 πάντως
2640 5601 2707 5657 τὰ
2733 5602 2908 5659 τοιάδε
2935 5602 3042 5657 τῶν
3080 5606 3265 5660 κακῶν
3291 5609 3403 5671 τοῖς
3432 5606 3719 5681 θεομαχεῖν
3744 5608 3957 5682 ᾑρημέ-
