4178 6520
224 388 330 447 ιοο
788 408 794 415 ·

1379 386 1447 443 IN
1486 384 1717 443 ISAIAM
1757 383 1884 439 LIB.
1928 381 1970 437 1.
2012 379 2219 437 ΟΒᾹΤ.
2261 380 2347 435 111.

3377 385 3481 445 HO

222 522 352 569 νοις.
392 503 612 576 ’Δληθὲς
638 499 729 559 οὖν
762 504 862 569 ὄτι,
895 505 1018 558 οὐαὶ
1051 504 1128 576 τῷ
1168 506 1375 576 ἀνόμῳ,
1407 506 1616 576 πονηρὰ
1648 502 1788 560 κατά

1898 498 1975 551 ira
1997 497 2136 551 solet
2189 495 2405 552 aﬂerre.
2437 495 2669 551 Omnino
2702 481 2846 554 enim
2902 496 3028 552 tatia
3086 498 3225 553 mala
3286 512 3480 555 conse-

219 598 290 651 τά
317 598 453 669 ἔργα
475 595 583 649 τῶν
608 595 806 668 χειρῶν
838 596 1002 650 αὐτοῦ
1030 598 1367 669 συμϐήσεται
1397 598 1564 673 αὐτῷ·
1607 598 1798 672 ὥσπερ

221 691 330 763 γὰρ
360 690 762 761 προσεκόμισαν
788 690 1011 762 -Πιλάτῳ
1040 690 1131 743 τὸν
1161 690 1386 761 Ἰησοῦν,
1412 692 1505 745 καὶ
1534 694 1654 756 ταῖς
1690 692 1799 746 τῶν

239 781 569 852 πρατιωτῶν
621 780 933 845 ἀτιθάσσοις
984 784 1213 852 ὀργαῖς,
1268 781 1413 836 οὕτω
1482 785 1578 837 καὶ
1642 783 1799 837 αὐτοὶ

228 872 706 944 παραδοθήσονται,
727 872 880 945 φησὶ,
901 875 1024 936 ταῖς
1053 874 1338 943 Ῥωμαίων
1368 876 1669 945 στρατιαῖς.
1686 868 1800 928 Καὶ

216 964 278 1035 δὴ
329 965 489 1019 τοῦτο
536 965 760 1033 λέγοντα
796 965 984 1036 σαφῶς
1031 967 1125 1020 καὶ
1165 966 1253 1019 διὰ
1298 967 1483 1036 φωνῆς
1537 966 1799 1037 Ἰεζεχιὴλ

215 1057 541 1129 εὑρήσομεν.
570 1059 798 1129 Εἴρηται
826 1058 936 1128 γὰρ
963 1057 1101 1128 πρὸς
1120 1057 1219 1129 τὴν
1237 1058 1457 1111 ἀνοσίαν
1488 1057 1582 1112 καὶ
1611 1074 1797 1124 κυριο-

216 1150 405 1202 κτόνον
457 1147 829 1221 Ἰερουσαλήμ·
865 1147 1064 1213 Καθὼς
1098 1150 1379 1221 ἐποίησας,
1432 1149 1603 1213 οὕτως
1636 1148 1797 1203 ἔσται

217 1253 321 1293 σοι.
352 1238 424 1292 Τὸ
443 1238 792 1310 ἀνταπόδομά
820 1255 915 1298 σου
939 1239 1431 1321 ἀνταποδοθήσεται
1453 1241 1534 1304 είς
1556 1239 1797 1311 κεφαλήν

218 1344 332 1383 σου.

845 1442 1065 1497 ΛΟΓΟΣ
1097 1442 1151 1499 Γ¹

284 1574 446 1641 Aude
494 1592 635 1645 μου,
682 1578 742 1629 vol
803 1576 1137 1644 πράκτορες
1190 1575 1359 1644 ὑμῶν
1414 1576 1799 1646 καλαμῶνται

212 1664 392 1735 ὑμᾶς,
424 1666 524 1720 καὶ
547 1670 603 1721 οἱ
633 1657 1034 1735 ἀπαιτοῦντες
1060 1669 1451 1736 κυριεύουσιν
1474 1666 1661 1738 ὑμῶν.

285 1772 414 1826 Ὀτι
444 1775 645 1839 παντὸς
691 1775 899 1845 ἀγαθοῦ
945 1777 1162 1848 νοσήσει
1206 1778 1307 1849 την
1357 1779 1593 1849 ἐρημίαν
1622 1782 1656 1850 ἠ
1688 1781 1798 1832 τῶν

1906 595 2140 656 quentur
2172 600 2266 642 eos
2298 586 2390 657 qui
2420 601 2542 641 cum
2589 586 2698 643 Deo
2738 597 2997 658 pugnant.
3042 588 3141 644 Est
3173 588 3338 659 igitur
3390 604 3482 643 ve-

1907 695 2047 743 rum,
2079 679 2264 748 iniquo
2297 678 2401 734 erit
2432 693 2532 743 vas,
2562 687 2616 733 et
2654 680 2794 733 mala
2826 696 2924 750 pro
2943 682 3200 751 operibus
3221 698 3481 739 manuum

1906 768 2082 839 ipsius
2121 769 2400 841 obtingent
2443 770 2515 825 ei.
2582 768 2715 823 Nam
2750 780 2807 824 ut
2856 770 3038 827 Jesum
3096 771 3270 829 Pilato
3302 784 3357 830 et
3403 775 3487 831 in-

1905 859 2125 914 domitis
2154 860 2386 915 militum
2444 861 2723 916 furoribus
2757 860 3079 929 objecerunt
3102 903 3118 927 ,
3156 866 3227 919 ita
3264 876 3319 922 et
3353 867 3481 935 ipsi,

1908 950 2099 1019 inquit,
2132 949 2391 1006 Romanis
2417 951 2586 1020 copiis
2618 954 2921 1008 tradentur.
3001 952 3154 1020 Quod
3203 968 3390 1025 aperte
3431 966 3487 1012 et

1906 1043 2051 1099 clare
2075 1043 2412 1101 Ezechielem
2444 1046 2781 1102 inveniemus
2824 1047 3025 1101 dicere.
3089 1046 3223 1101 Nam
3281 1050 3485 1105 dictum

1904 1144 1989 1189 est
2034 1137 2101 1190 ad
2132 1135 2355 1206 impiam
2383 1144 2437 1191 et
2459 1136 2671 1191 Domini
2698 1136 3121 1192 interfectricem
3154 1134 3480 1194 Jerusalem:

1904 1224 2369 1291 Quemadmodum
2394 1225 2593 1295 fecisti,
2649 1228 2730 1284 sic
2785 1229 2890 1283 erit
2948 1228 3077 1291 tibi;
3114 1244 3337 1289 merces
3394 1239 3484 1292 tua

1904 1319 2238 1395 rependetur
2272 1319 2324 1376 in
2355 1331 2519 1391 caput
2561 1331 2734 1380 tuum,

2493 1431 2756 1490 ORATIO
2794 1436 2887 1497 III.-

1975 1565 2115 1621 (Συ.
2146 1566 2237 1621 ill.
2268 1568 2433 1626 Vens.
2469 1571 2557 1627 12.
2599 1572 2794 1643 Popule
2819 1592 2984 1647 meus,
3007 1588 3275 1637 exactores
3330 1585 3486 1637 vestri

1907 1657 2134 1726 spoliant
2162 1677 2276 1729 vos,
2314 1671 2365 1717 et
2395 1665 2656 1734 exigentes
2686 1669 3037 1726 dominantur
3073 1674 3234 1730 vobis.

1976 1766 2241 1835 Quoniam
2274 1770 2579 1830 Iudaeorum
2616 1780 2888 1842 regionem
2920 1784 3164 1840 omnium
3218 1785 3487 1842 bonorum

223 1861 499 1918 Ἰουδαίων
556 1865 707 1937 χώρα
731 1908 745 1931 ,
798 1867 1203 1937 διαφανέστατα
1256 1870 1351 1923 καὶ
1398 1869 1545 1940 μάλα
1610 1871 1794 1941 σαφῶς

1904 1857 2527 1926 penurialaboraturam
2580 1868 2794 1923 abunde
2856 1872 2996 1928 satis
3058 1882 3117 1927 et
3178 1873 3488 1931 clarissime

208 1954 756 2027 προεξηγησάμενος,
811 1959 909 2011 καὶ
955 1959 1019 2011 τὸ
1071 1959 1125 2012 τί
1184 1960 1523 2032 συμϐήσεται
1573 1964 1686 2025 τοῖς
1717 1965 1799 2028 είς

204 2044 448 2113 Χριστὸν
476 2049 932 2120 πεπαρῳνηκόσιν
960 2048 1203 2117 διειπὼν,
1223 2050 1614 2122 προαναπείθει
1636 2052 1798 2106 πάλιν

202 2134 549 2206 ἀποσχέσθαι
590 2136 698 2190 τῶν
726 2138 1240 2212 πλημμελημάτων,
1293 2141 1390 2195 καὶ
1419 2144 1533 2206 τοῖς
1569 2143 1627 2211 ἐξ
1658 2146 1691 2221 η
1702 2161 1799 2215 με-

208 2226 444 2299 ρότητος
485 2228 666 2300 λόγοις
705 2232 987 2304 μονονουχὶ
1032 2233 1428 2307 καταγοητεύει
1472 2237 1761 2313 χρησίμως
1780 2278 1795 2303 ,

207 2318 472 2391 μεθιστὰς
497 2322 590 2375 ἐπὶ
618 2322 682 2376 τὸ
706 2322 952 2394 ἄμεινον,
1002 2325 1097 2379 καὶ¹
1150 2326 1279 2389 τοὺς
1326 2325 1583 2382 ἁπάντων
1614 2328 1799 2397 αὐτοῖς

204 2411 399 2467 κακῶν
420 2414 713 2481 γεγονότας
750 2415 959 2479 αἰτίους
998 2416 1381 2488 παραιτεῖσθαι
1406 2417 1692 2474 διδάσκων.
1721 2421 1795 2474 Οὐ

203 2502 318 2576 γὰρ
336 2499 492 2574 οἶμαι
519 2504 629 2560 δεῖν
650 2508 764 2570 τοῖς
786 2506 1147 2578 καθηγεῖσθαι
1182 2509 1438 2579 λαχοῦσιν
1473 2512 1797 2566 ὑποκεῖσθαι

206 2593 408 2664 φιλεῖν,
443 2595 550 2650 κᾶν
584 2598 635 2649 εἰ
672 2598 746 2668 μή
784 2614 839 2651 τι
864 2597 976 2652 τῶν
1000 2598 1102 2652 ὃσα
1154 2600 1277 2653 ’ἐστὶ
1331 2601 1632 2657 τελούντων
1661 2605 1798 2675 πρὸς

200 2686 396 2757 ὄνησιν
418 2686 736 2759 ἐπιχειρῶσι
763 2689 1068 2755 διδάσκειν,
1100 2692 1239 2765 μήτε
1262 2691 1378 2764 ,μὴν
1407 2730 1423 2749 .
1494 2731 1517 2751 ρ
1595 2732 1611 2748 .
1685 2710 1796 2752 οιεν

201 2777 465 2850 διαϐολῆς
506 2779 696 2847 ἀξιοῦν
734 2780 796 2835 τὸ
840 2783 900 2834 ὲν
958 2780 1123 2859 μοίρᾳ
1180 2784 1438 2855 τετάχθαι
1468 2788 1801 2859 φαυλότητος

198 2869 434 2934 δικαίως
490 2873 559 2926 ἂν
603 2867 742 2926 εἶναι
803 2874 1259 2945 πεπιστευμένον.
1308 2878 1501 2951 ’Δρετὴ
1553 2878 1665 2948 γὰρ
1716 2880 1798 2934 δι-

199 2960 478 3014 δασκάλου
508 2962 571 3015 τὸ
596 2963 958 3033 ἀποκομίζειν
1012 2965 1273 3025 δύνασθαι
1292 2968 1431 3041 πρὸς
1471 2970 1673 3045 ἀκριϐῆ
1702 2970 1797 3024 τοῦ

201 3052 584 3123 συμφέροντος
610 3052 814 3124 εἴδησιν
855 3055 983 3118 τοὺς
1032 3056 1604 3135 παιδαγωγουμένους,
1628 3078 1796 3116 κατα-

199 3141 546 3214 κιϐδηλεύειν
583 3142 641 3195 δὲ
690 3143 751 3196 τὸ
798 3144 1187 3201 κατασίνεσθαι
1220 3149 1486 3217 πεφυκὸς,
1530 3151 1625 3205 καὶ
1650 3168 1796 3225 παρ⁴
1820 3198 1864 3256 c

197 3234 477 3289 αιτεῖσθαι
505 3234 749 3289 κελεύειν
781 3235 842 3289 τὸ
869 3236 1074 3291 ἀδικεῖν
1098 3237 1308 3303 εἰωθός.
1361 3241 1614 3296 Ἐπαίνου
1647 3243 1691 3296 δ’
1724 3244 1790 3297 ἂν

196 3318 327 3379 dav”
347 3326 492 3392 ἄξιοι
523 3326 725 3390 παντὸς
753 3328 848 3381 καὶ
893 3330 943 3381 οἱ
992 3327 1272 3393 τελοῦντες
1305 3333 1363 3385 ἐν
1421 3332 1710 3403 μαθηταῖς,
1740 3335 1789 3388 εἰ

197 3416 276 3493 μὴ
325 3420 454 3481 ταῖς
485 3417 667 3483 δόξαις
721 3418 832 3472 τῶν
887 3418 1245 3476 διδασκόντων
1302 3423 1535 3494 ὲνορῷεν
1581 3425 1786 3491 ἁπλῶς,

193 3510 336 3566 ἀλλά
365 3513 439 3583 τῇ
468 3511 578 3567 τῶν
612 3513 956 3584 πραγμάτων
978 3514 1158 3583 φύσει,
1184 3516 1279 3570 καὶ⁸
1316 3515 1655 3595 θαυμάζουσι
1692 3521 1791 3590 μὲν

194 3603 323 3667 τοὺς
350 3603 732 3671 διδάσκοντας,
770 3606 929 3678 εῐπερ
988 3609 1130 3681 τινὲς
1179 3604 1290 3662 εἷεν
1318 3608 1468 3680 ὀρθοὶ
1534 3612 1631 3672 καὶ
1674 3612 1791 3664 ὲπι-

197 3697 490 3768 στήμθνες,
523 3698 618 3751 καὶ¹
644 3695 756 3757 τῶν
786 3698 1025 3772 ἀρίστων
1080 3690 1392 3779 εἰσηγηταὶ,
1442 3702 1791 3779 καταψέγωσι

192 3786 254 3843 δὲ
274 3790 403 3851 τοὺς
426 3782 626 3867 οἵσπερ
661 3788 730 3843 ἀν
782 3791 867 3860 εἴη
902 3790 983 3862 μὴ
1013 3792 1258 3856 τοιοῦτος
1300 3794 1330 3846 ό
1357 3794 1580 3858 σκοπός.
1609 3796 1791 3848 Καται-

194 3881 425 3951 νέμουσι
465 3881 564 3951 μὲν
588 3881 698 3957 γάρ
726 3899 868 3949 τινες
897 3885 956 3937 ὲν
987 3882 1139 3957 ὄρεσι
1185 3884 1282 3938 καὶ
1307 3882 1508 3948 νάπαις
1539 3884 1640 3948 τὰς
1664 3887 1791 3941 σίων

194 3971 424 4040 ἀγέλαςρ
461 3970 578 4023 ἀλλ’
627 3973 676 4025 εί
726 3971 1059 4043 παρακέοιτο
1109 3976 1222 4037 τοῖς
1251 3973 1530 4051 θρέμμασι
1562 3974 1786 4047 βόθρος,

193 4065 369 4136 ἧγουν
402 4062 553 4141 ὁρῶν
588 4066 618 4118 ό
656 4066 921 4142 κρημνὸς,
953 4069 1246 4139 περιφοιτᾷ
1288 4067 1359 4121 τὰ
1391 4068 1661 4147 πρόϐατα,
1697 4071 1792 4130 ita).

192 4157 256 4211 οὐ
287 4155 554 4228 καθίησιν
587 4157 755 4211 ἑαυτά
779 4157 916 4230 πρὸς
947 4157 1195 4212 θάνατον·
1228 4159 1652 4235 παιδαγωγεῖται
1682 4160 1792 4233 γὰρ

192 4247 389 4319 ῶσπερ
428 4247 502 4302 δι’
529 4246 776 4319 ἐμφύτου
806 4248 996 4319 νόμου,
1032 4248 1167 4319 πρὸς
1201 4250 1263 4309 τὸ
1311 4249 1511 4325 χρῆναι
1536 4251 1635 4321 τῆς
1667 4253 1793 4304 ἐαυ-

197 4338 312 4395 τῶν
343 4340 631 4412 φείδεσθαι
682 4339 849 4411 ζωῆς.
886 4335 1024 4394 Εἶτα
1069 4338 1188 4404 πῶς
1220 4341 1321 4394 οὐκ
1358 4340 1579 4406 ἄτοπον,
1608 4341 1657 4393 τί
1692 4340 1793 4412 μὲν

192 4424 311 4495 τοῖξ
330 4431 559 4500 ἀλόγοις
616 4429 775 4496 ζώοις
812 4430 972 4484 τοῦτο
1017 4431 1305 4507 φαίνεσθαι
1352 4431 1608 4505 κρατοῦν,
1639 4433 1699 4486 ὲν
1734 4431 1792 4485 δὲ

193 4529 328 4598 ἡμῖν
377 4527 593 4593 αὐτοῖς,
643 4527 822 4581 καίτοι
866 4526 1105 4596 λογικοῖς
1149 4528 1478 4608 ὑπάρχουσι,
1536 4530 1637 4603 τὴν
1696 4528 1792 4584 τοῦ

194 4617 472 4697 χρησίμου
505 4618 607 4673 καὶ
628 4617 927 4696 ἀναγκαίου
950 4618 1089 4691 πρὸς
1116 4619 1261 4692 ζωὴν
1282 4621 1381 4674 οὐκ
1407 4615 1545 4675 εἶναι
1567 4620 1789 4690 γνῶσιν.

195 4711 314 4784 Χρὴ
341 4708 643 4790 τοιγαροῦν
686 4708 790 4763 κᾶν
818 4711 871 4763 εἷ
915 4726 1060 4774 τινες
1092 4712 1238 4780 ἡμᾶς
1270 4711 1378 4765 τῶν
1417 4712 1497 4775 εἰς
1534 4711 1792 4769 διδασκά-

194 4806 337 4870 λους,
371 4805 469 4858 καὶ
491 4800 821 4874 καθηγητὰς
852 4802 1202 4872 τεταγμένων
1235 4803 1319 4872 ἐφ’
1345 4803 1382 4856 δι
1408 4805 1486 4874 μὴ
1518 4805 1792 4876 προσῆκεν

195 4897 563 4969 ἀποκομίζειν
629 4894 856 4961 ἕλοιντο,
907 4895 982 4967 μὴ
1024 4895 1213 4959 ἀπλῶς
1245 4895 1533 4971 ἀνέχεσθαι
1576 4897 1788 4969 φιλεῖν,

198 4989 331 5063 μηδὲ
385 4990 500 5060 μὴν
547 4987 988 5052 ἀκατασκέπτως
1020 4987 1250 5041 ἔπεσθαι
1304 4986 1442 5059 πρὸς
1488 4989 1550 5041 τὸ
1603 4990 1792 5061 αὐτοῖς

192 5080 405 5146 δοκοῦν,
464 5078 615 5134 ἀλλὰ
669 5078 987 5157 δοκιμάζειν
1044 5080 1250 5134 ἕκαστα
1310 5080 1420 5133 τῶν
1477 5081 1786 5152 πρακτέων.

193 5174 235 5225 0
311 5217 326 5233 .
419 5211 435 5227 .
531 5213 545 5228 .
630 5173 828 5241 χωρεῖν
848 5172 939 5224 ἐπὶ
970 5171 1031 5225 τὸ
1059 5172 1141 5225 ὃτι
1174 5171 1407 5240 μάλιστα
1427 5170 1537 5224 τῶν
1558 5170 1789 5248 ὠφελεῖν

193 5265 484 5322 εἰωθότων.
517 5261 708 5319 Ἦσαν
731 5265 909 5319 τοίνυν
930 5267 979 5318 οἱ
1010 5264 1119 5318 τῶν
1151 5264 1420 5318 Ἰουδαίων
1452 5264 1786 5345 καθηγηταὶ,

192 5357 336 5410 τοῦτ’
358 5358 534 5419 εστιν,
554 5358 608 5409 ot
638 5356 991 5428 Γραμματεῖς
1014 5372 1075 5408 τε
1106 5356 1200 5408 καὶ
1220 5356 1269 5409 ot
1296 5357 1601 5427 Φαρισαῖοι,
1624 5356 1789 5419 δεινοὶ

194 5446 333 5520 πρὸς
382 5448 447 5501 τὸ
498 5445 707 5519 χρῆναι
764 5447 892 5511 τοὺς
938 5445 1047 5509 τῶν
1100 5446 1397 5524 χρημάτων
1440 5446 1786 5519 ἐρανίζεσθαι

196 5538 523 5609 πορισμοὺς,
560 5536 661 5591 καὶ
690 5534 787 5599 τάς
810 5537 875 5589 ὲκ
895 5536 1002 5589 τῶν
1031 5534 1176 5589 λαῶν
1222 5537 1572 5613 συγκομίζειν
1616 5536 1785 5621 δωρο-

200 5630 416 5702 φορίας,
457 5626 745 5699 ἀπαρχὰς,
799 5628 1051 5692 δεκάτας,
1110 5628 1207 5682 καὶ
1256 5630 1358 5682 ὅσα
1380 5630 1495 5692 τοῖς
1536 5628 1786 5701 ἱερᾶσθαι

200 5722 455 5793 λαχοῦσιν
483 5724 514 5774 ό
555 5720 722 5789 νόμος
768 5720 848 5783 εἰς
880 5719 1082 5790 κλῆρον
1133 5720 1322 5773 ἐδίδου.
1378 5720 1586 5785 Σκοπὸς
1633 5720 1688 5774 δὲ
1717 5716 1785 5791 ἦν

201 5815 401 5879 αὐτοῖς,
435 5815 533 5875 καὶ
557 5811 648 5865 διὰ
685 5810 863 5882 πάσης
890 5810 1100 5870 τέθειτο
1122 5812 1356 5881 σπουδῆς
1384 5811 1445 5872 τὸ
1473 5811 1786 5875 ἀναπείθειν

1900 1949 2195 2018 exposuit,
2250 1958 2303 2006 et
2331 1968 2453 2023 quae
2487 1955 2593 2013 illis
2627 1958 2719 2028 qui
2753 1960 2805 2015 in
2856 1959 3136 2017 Christum
3166 1966 3487 2027 debacchati

1899 2050 2027 2094 sunt
2078 2050 2337 2098 eventura
2368 2055 2571 2112 essent,
2604 2054 2884 2105 enarravit
2920 2069 2936 2106 :
2971 2068 3158 2110 rursus
3184 2058 3479 2125 persuadet

1898 2131 2272 2189 declinandum
2300 2150 2333 2191 ι
2359 2137 2595 2204 delictis,
2625 2150 2679 2195 et
2715 2141 2924 2198 levibus
2954 2145 3317 2217 mollibusque
3355 2164 3484 2204 ver-

1897 2222 1983 2278 bis
2037 2232 2244 2280 tantum
2312 2244 2417 2283 non
2479 2230 2720 2286 incantat
2778 2234 3001 2299 utiliter,
3028 2244 3085 2291 et
3138 2240 3205 2293 ad
3256 2240 3485 2299 meliora

1898 2315 2193 2379 convertit,
2224 2317 2492 2389 docetque
2514 2320 2764 2378 vitandos
2790 2338 2883 2379 eos
2909 2327 3000 2395 qui
3064 2329 3307 2383 omnium
3369 2347 3485 2386 ma-

1899 2403 2071 2460 lorum
2120 2416 2373 2465 auctores
2401 2412 2536 2481 ipsis
2599 2423 2656 2468 et
2710 2428 2894 2472 causae
2966 2419 3314 2480 exstiterunt.
3365 2422 3483 2478 Non

1899 2495 2043 2549 enim
2072 2498 2326 2554 existimo
2349 2501 2547 2557 debere
2579 2518 2676 2560 nos
2702 2504 2793 2559 bis
2819 2506 2910 2575 qui
2939 2507 3048 2587 62
3085 2520 3482 2583 praceptorum

1900 2581 2079 2639 locum
2104 2596 2421 2660 sortemque
2444 2600 2628 2647 tenent
2678 2594 2895 2666 subjici,
2942 2581 3045 2654 nisi
3071 2581 3340 2677 quatenus
3372 2604 3483 2658 uti-

1900 2673 1971 2728 lia
2018 2676 2214 2733 docere
2245 2681 2659 2751 aggrediantur,
2693 2696 2747 2741 et
2777 2686 2880 2742 nisi
2909 2691 3050 2757 quod
3088 2673 3226 2748 Ivere
3260 2693 3311 2748 in
3355 2694 3486 2749 vitio

1899 2780 2025 2823 esse
2050 2769 2315 2832 creditur,
2370 2771 2539 2826 velint
2569 2777 2914 2847 redarguere.
2960 2780 3061 2835 ‘Est
3092 2783 3238 2837 enim
3309 2784 3485 2842 virtus

1900 2857 2164 2924 doctoris,
2212 2861 2279 2915 ad
2335 2861 2632 2931 perfectam
2707 2879 3128 2941 accuratamque
3176 2874 3296 2943 ejus
3340 2879 3485 2946 quod

1899 2958 1984 3004 est
2012 2950 2143 3006 utile
2176 2954 2423 3008 notitiam
2448 2969 2545 3011 eos
2597 2956 2688 3027 qui
2718 2960 3105 3031 informantur,
3158 2982 3319 3036 posse
3358 2985 3484 3047 perv

1899 3040 2144 3097 ducere:
2187 3053 2242 3097 et
2270 3046 2415 3114 quod
2461 3047 2771 3104 nociturum
2809 3062 2915 3119 est,
2959 3062 3212 3126 tanquam
3274 3040 3484 3120 addite-

1900 3132 2079 3188 riuum
2111 3144 2321 3199 notare,
2354 3146 2409 3191 et
2472 3137 2662 3205 jubere
2720 3152 2779 3196 ut
2828 3143 2881 3199 id
2949 3160 3270 3207 aversentur
3341 3156 3483 3222 quod

1898 3224 2040 3280 solet
2082 3241 2297 3283 nocere.
2344 3227 2503 3286 Omni
2533 3236 2696 3288 etiam
2727 3234 2891 3292 iaude
2933 3240 3078 3310 digni
3120 3253 3247 3297 sunt
3275 3249 3363 3314 qui
3423 3247 3479 3303 in

1899 3318 2178 3388 discipulis
2234 3334 2544 3390 censentur,
2595 3326 2641 3380 si
2669 3342 2773 3382 non
2809 3329 3128 3400 simpliciter
3171 3336 3483 3409 intueantur

1900 3408 2101 3478 placita
2130 3411 2438 3479 doctorum.
2465 3414 2561 3470 sed
2586 3430 2767 3472 rerum
2800 3430 3088 3480 naturam:
3121 3433 3176 3481 et
3197 3428 3245 3482 si
3277 3430 3483 3493 miren,

1898 3510 1987 3557 tur
2015 3518 2109 3560 eos
2137 3505 2228 3581 qui
2256 3506 2472 3575 docent,
2501 3508 2770 3579 siquidem
2798 3512 2910 3569 sint
2941 3514 3067 3570 boni
3111 3528 3166 3573 et
3220 3521 3479 3601 scientes,

1900 3612 2192 3668 rerumque
2219 3600 2550 3670 Optimarum
2595 3603 2974 3675 interpretes:
3031 3610 3231 3680 quibus
3296 3625 3480 3682 autem

1902 3690 2026 3745 talis
2048 3705 2246 3761 scopus
2286 3694 2731 3766 propositumque
2761 3713 2867 3753 non
2901 3710 3006 3767 est,
3057 3703 3480 3775 reprehendant,

1898 3779 2112 3837 Etenim
2164 3794 2390 3852 pascunt
2412 3785 2628 3855 quidem
2663 3789 2826 3844 etiam
2857 3791 2909 3845 in
2940 3793 3214 3851 montibus
3241 3807 3295 3851 et
3328 3797 3482 3865 silvis

1898 3874 2080 3929 ovium
2103 3889 2323 3945 greges;
2354 3878 2529 3948 atqui,
2561 3879 2608 3935 si
2636 3894 2757 3949 quae
2787 3880 2940 3937 l'ovea
2968 3883 3040 3937 sit
3067 3888 3352 3954 pecoribus
3388 3905 3483 3944 ex-

1900 3966 2099 4037 posita,
2129 3966 2175 4022 si
2203 3968 2561 4039 praecipitium
2595 3982 2882 4042 appareat,
2914 3976 3260 4042 circumeunt
3323 3994 3478 4053 oves,

1902 4075 2002 4115 nec
2034 4059 2255 4117 sibimet
2280 4072 2513 4117 mortem
2565 4074 2900 4122 accersunt:
2970 4082 3094 4133 nam
3157 4068 3275 4141 lege
3314 4073 3479 4138 veluti

1898 4153 2130 4221 quadam
2156 4167 2186 4208 a
2216 4162 2408 4209 natura
2439 4154 2600 4210 insita
2632 4155 2896 4221 docentur
2931 4158 3055 4224 vitae
3082 4176 3193 4217 sua:
3248 4178 3480 4233 parcen-

1899 4246 2025 4299 dum
2061 4260 2202 4301 esse.
2244 4247 2326 4301 An
2357 4262 2486 4302 vero
2523 4262 2553 4301 a
2591 4249 2801 4311 ratione
2828 4251 3066 4318 alienum
3096 4270 3205 4322 non
3261 4267 3365 4328 est,
3422 4267 3483 4321 ut

1900 4337 2003 4393 hoc
2039 4338 2092 4393 in
2122 4340 2449 4396 animalibus
2477 4342 2691 4403 ratione
2724 4346 3039 4409 carentibus
3069 4351 3250 4414 valere
3292 4351 3480 4409 videa—

1903 4437 2026 4496 tur;
2078 4430 2134 4484 in
2195 4432 2351 4489 nobis
2405 4442 2627 4513 autem,
2675 4436 2808 4506 ipsis
2864 4442 3216 4513 quantumvis
3271 4443 3482 4500 ratione

1824 4557 1872 4613 Β
1902 4522 2167 4593 prmditis,
2206 4539 2389 4590 rerum
2433 4528 2500 4589 ad
2531 4530 2974 4595 commoditatem
3006 4540 3061 4592 et
3092 4534 3480 4591 necessitatem
3552 4518 3553 4521 η

1896 4616 2211 4695 cultumque
2233 4617 2357 4679 vitae
2398 4619 2785 4697 pertinentium
2860 4637 2965 4683 non
3019 4623 3148 4679 insit
3200 4626 3480 4695 cognitio!

1894 4708 2184 4787 Parigitur
2211 4720 2295 4764 est
2320 4719 2377 4765 ut
2420 4725 2542 4775 nos,
2576 4711 2620 4766 si
2652 4711 2744 4782 qui
2767 4713 3016 4775 doctores
3060 4730 3124 4770 ac
3153 4717 3320 4772 duces
3350 4733 3476 4773 con-

1896 4802 2094 4869 stituti,
2123 4801 2191 4864 ad
2218 4818 2278 4858 ea
2306 4818 2428 4881 quae
2459 4804 2638 4867 minus
2669 4808 2893 4868 deceant
2925 4807 3245 4871 abstrahere
3287 4810 3477 4877 velint,

1898 4909 2006 4949 non
2059 4909 2354 4965 sequamur
2388 4896 2733 4968 simpliciter,
2773 4912 2871 4962 nec
2900 4907 3102 4962 temere
3156 4916 3224 4957 ac
3284 4901 3478 4961 incon-

1898 4985 2135 5044 siderate
2160 4986 2226 5040 ad
2254 5001 2317 5041 ea
2356 5001 2477 5057 qua:
2531 4988 2663 5057 ipsis
2706 4988 2925 5059 placent
2952 4990 3322 5057 convolemns,
3381 4994 3477 5048 sed

1897 5079 1964 5134 de
1994 5079 2223 5150 singulis
2253 5079 2415 5134 rebus
2448 5082 2673 5149 agendis
2703 5082 3078 5158 exquiramus,
3103 5094 3159 5141 et
3191 5087 3273 5145 sic
3310 5088 3380 5141 ad
3408 5100 3477 5143 ea

1895 5184 2016 5247 qua:
2059 5169 2352 5224 maximam
2402 5172 2687 5235 utilitatem
2726 5174 2994 5243 alferuut,
3027 5177 3474 5247 progrediamur,

1897 5245 2067 5315 Erant
2110 5261 2295 5331 itaque
2323 5261 2631 5324 Judaeorum
2665 5245 3048 5336 praeceptores,
3076 5268 3128 5323 id
3155 5280 3240 5325 est
3271 5267 3478 5326 Scriba:

1897 5369 1960 5409 ac
1993 5351 2276 5422 Pharisaei,
2314 5355 2365 5407 in
2398 5355 2710 5417 divitiarum
2761 5360 3111 5428 proventibus
3171 5377 3474 5432 congeren-

1896 5443 1999 5508 dis,
2037 5452 2092 5498 et
2122 5446 2174 5498 in
2215 5442 2531 5516 colligendis
2562 5444 2949 5521 oblationibus,
2972 5450 3220 5516 decimis,
3284 5450 3476 5527 primi-

1897 5534 2009 5597 tiis,
2046 5549 2202 5601 acres
2224 5544 2280 5597 et
2301 5535 2534 5615 impigri,
2566 5547 2621 5591 et
2646 5538 2701 5603 in
2731 5542 2983 5604 omnibus
3008 5543 3171 5601 etiam
3195 5557 3315 5613 quae
3338 5540 3473 5605 sorti

1894 5628 2239 5684 sacerdotum
2274 5630 2358 5686 lex
2392 5632 2712 5703 ,deputavit.
2767 5633 2975 5704 Scopus
3038 5643 3218 5689 autem
3283 5648 3473 5688 eorum

1894 5720 2287 5795 consiliumque
2314 5722 2434 5788 fuit,
2471 5725 2524 5779 in
2544 5739 2780 5794 eumque
2796 5740 2954 5781 omne
2974 5726 3209 5780 studium
3238 5723 3473 5793 positum

1897 5821 2033 5878 erat,
2084 5824 2141 5869 ut
2169 5814 2328 5869 ﬁdem
2354 5814 2597 5872 facerent
2626 5816 2769 5887 plebi
2803 5816 2976 5886 legem
3018 5816 3072 5871 in
3104 5815 3251 5872 hisce
3300 5815 3470 5883 petis-
