4178 6520
1697 340 1756 395 S.
1797 336 2074 394 CYRILIJ
2117 337 2583 403 ALEXANDRINI
2625 338 2943 401 ARCHIEP.

3826 335 3951 394 διε

672 467 867 522 simum
889 459 1310 518 conservandam
1349 472 1520 516 esse:
1564 456 1794 512 aliarum
1841 469 1973 512 vero
2041 470 2245 528 prrece-

2370 458 2474 537 ob;
2496 460 2557 512 τὸ
2589 460 2788 532 χρῆναι
2812 459 3099 530 φυλάττειν
3152 456 3209 512 εν
3237 474 3299 526 γε
3340 456 3404 528 δὴ
3445 454 3654 521 τούτοις
3694 455 3947 527 μάλιστα

670 557 915 627 ptionum
952 568 1056 608 non
1090 566 1278 622 magna
1310 550 1453 622 apud
1490 549 1612 604 illos
1662 549 1823 614 ratio,
1862 549 2089 619 ideoque
2137 548 2251 618 ipse

686 649 947 704 Servatur
977 644 1083 701 illis
1112 645 1359 701 dixerat:
1392 659 1410 693 ι
1444 640 1537 696 Vae
1570 640 1747 704 vobis,
1773 638 1990 695 Scriba:
2023 647 2079 693 et
2119 638 2253 694 Pha-

677 740 815 795 ristei
848 736 1165 809 hypocrita,
1204 735 1456 805 quoniam
1492 733 1777 787 decimatis
1798 731 2085 809 anethum,
2106 746 2254 787 men-

2353 550 2444 603 τὸν
2468 550 2632 623 νόμον
2661 569 2675 583 ο
2706 551 2815 605 τῶν
2839 568 2901 621 γε
2942 550 3048 622 μὴν
3083 549 3286 620 ἐτέρων
3322 547 3550 603 ἐντολῶν
3578 548 3638 601 ού
3664 548 3836 614 πολὺς
3868 543 3947 617 ἧν

2353 640 2492 710 ἄγαν
2511 642 2640 715 παρ’
2662 643 2847 707 αὐτοῖς
2879 644 2907 697 6
2930 642 3105 710 λόγος.
3135 640 3318 713 Ταύτῃ
3337 657 3420 695 τοι
3447 639 3584 712 πρὸς
3611 640 3814 702 αὐτοὺς
3839 641 3948 695 καὶ

2355 735 2519 800 αὐτὸς
2568 736 2805 807 ἔφασκεν
2835 739 2868 791 6
2906 738 3116 811 Σωτήρ*
3154 758 3175 789 ι
3210 736 3347 791 Οὐαὶ
3393 737 3544 807 ὑμῖν,
3583 738 3949 809 Γραμμτείς

670 830 819 886 ‘ltam
871 805 936 882 et
962 825 1280 892 cuminum,
1327 832 1382 878 et
1434 822 1705 879 omisistis
1764 805 2015 894 graviora
2095 821 2252 891 legis,

2370 829 2451 883 ιιαὶ
2481 805 2763 900 Φαρισαῖοι
2784 805 3095 901 ὑποκριταί,
3126 830 3208 883 ὅτι
3230 805 3639 891 ἀποδεκατοῦτε
3656 805 3716 884 τδ
3738 805 3948 899 ἄνηθον

668 917 954 988 judicium,
983 912 1413 970 misericordiam
1442 922 1497 968 et
1528 913 1692 969 ﬁdem
1715 912 1783 969 ⁸ο.
1816 932 1838 965 ι
1877 913 2050 979 Erant
2076 913 2256 983 itaque

674 1011 825 1064 lucro
856 1007 1023 1063 dediti
1058 1015 1112 1059 et
1142 1014 1387 1061 amantes
1424 1005 1501 1060 rei
1525 1004 1856 1076 pecuniaria:
1882 1023 1894 1060 :
1922 1015 1980 1059 et
2051 1006 2094 1069 si
2162 1006 2254 1075 qui

673 1102 815 1157 forte
852 1099 1210 1165 offenderent,
1270 1113 1428 1154 acres
1464 1099 1549 1153 his
1586 1097 1785 1153 multas
1823 1096 2159 1167 inﬂigehant,
2198 1106 2257 1153 ut

673 1208 789 1257 eos,
849 1191 957 1264 63
1014 1204 1333 1261 quocunque
1380 1187 1609 1244 crimine
1663 1189 1997 1257 postulatos,
2040 1190 2255 1244 territa-

676 1294 817 1348 rent,
859 1294 914 1337 et
953 1296 1335 1352 nonnunquam
1387 1280 1551 1355 etiam
1584 1280 1725 1334 ultra
1754 1279 2036 1339 facultates
2063 1279 2258 1339 oﬂ'erre

675 1375 1086 1446 persuaderent.
1117 1372 1255 1428 Hinc
1292 1372 1424 1429 dicit
1466 1372 1552 1429 bis
1591 1372 1682 1442 qui
1742 1370 1996 1440 injuriam
2042 1373 2111 1426 ab
2155 1372 2259 1428 illis

2356 918 2454 971 καὶ
2484 916 2547 971 τὸ
2584 918 2883 988 ἡδύοσμον,
2936 917 3115 975 καὶτὸ
3153 917 3402 989 κύμινον.
3437 920 3549 974 Καὶ
3580 919 3827 988 ἀφήκατε
3866 918 3947 972 τὰ

2356 1006 2634 1079 βαρύτερα
2687 1008 2780 1065 τοῦ
2820 1008 3010 1080 νόμου,
3047 1008 3147 1081 τὴν
3178 1009 3384 1081 κρίσιν,
3412 1010 3507 1063 καὶ
3531 1009 3594 1063 τὸ
3641 1009 3807 1073 ἕλεος,
3841 1008 3947 1061 καὶ

2355 1098 2454 1170 τὴν
2480 1101 2684 1155 πίστιν.
2720 1120 2739 1154 ι
2775 1098 2956 1156 τΗσαν
2995 1097 3087 1157 οῦν
3138 1102 3245 1173 ἄρα
3270 1101 3605 1172 φιλοκερδεῖς
3633 1102 3726 1155 καὶ
3750 1104 3949 1173 ἐρασι-

2357 1194 2649 1265 χρήματοι,
2674 1195 2768 1249 καὶ
2794 1195 2998 1266 πικρὰς
3025 1194 3138 1248 ἔσθ’
3164 1197 3254 1250 ὅτε
3283 1198 3395 1259 τοῖς
3427 1194 3710 1257 πταίουσιν
3732 1196 3948 1263 ἐπῆγον

2357 1282 2455 1345 τάς
2491 1281 2666 1349 δίκας,
2694 1284 2781 1337 ἵνα
2804 1282 3249 1355 ὲκδειματοῦντες
3278 1285 3402 1347 τοὺς
3428 1284 3515 1354 ἐφ’
3545 1283 3749 1354 ὁτῳοῦν
3778 1286 3950 1351 ἐγκι-

2356 1373 2651 1445 λουμένους
2698 1376 2997 1447 προσάγειν
3044 1377 3237 1441 αὐτοῖς
3286 1376 3659 1431 ἀναπείθωσιν
3712 1379 3805 1430 καὶ
3870 1377 3946 1430 τὰ

677 1465 824 1536 passi
879 1474 1007 1520 sunt
1044 1483 1057 1520 :
1107 1483 1126 1519 ι
1165 1464 1368 1534 Popule
1395 1462 1489 1529 mi,
1522 1463 1850 1531 expilatores
1879 1463 1952 1516 tui
1981 1472 2260 1518 racemant

2370 1466 2499 1537 ΰπὲρ
2524 1466 2750 1537 δύναμιν
2767 1466 2877 1520 ἔσθ’
2892 1468 3001 1525 ὅτε.
3022 1468 3209 1540 Ταύτῃ
3239 1468 3321 1521 τοί
3346 1486 3480 1540 φησι
3508 1469 3641 1535 πρὸς
3663 1470 3786 1531 τοὺς
3808 1469 3946 1540 παρ’

678 1571 776 1611 vos
802 1594 817 1621 ,
856 1565 910 1612 et
964 1565 1246 1615 exactores
1286 1555 1631 1611 dominantur
1681 1555 1858 1609 vobis.
1896 1572 1915 1605 ι
1974 1552 2107 1609 Cum
2162 1568 2255 1623 po-

2370 1554 2540 1609 αὐτῶν
2565 1555 2973 1626 ἀδικουμένους
3005 1577 3023 1609 ι
3045 1557 3189 1621 Ααός
3217 1575 3343 1627 μου,
3369 1561 3417 1611 oi
3447 1559 3758 1628 πράκτορες
3786 1560 3947 1628 ὑμῶν

679 1647 860 1718 pulum
926 1647 1076 1713 dicit,
1136 1648 1407 1717 significat
1445 1646 1607 1702 etiam
1635 1645 1814 1699 adhuc
1868 1644 2139 1712 lsraelem,
2172 1653 2261 1700 ut-

2370 1644 2715 1717 καλαμιῖινται
2744 1647 2910 1716 ὑμᾶς,
2969 1648 3063 1701 καί¹
3104 1648 3152 1704 oi
3206 1646 3565 1711 ἀπαιτοῦντες
3597 1648 3948 1720 κυριεύουσιν

680 1750 805 1810 pote
861 1738 1098 1793 lenitatis
1138 1746 1191 1793 et
1228 1737 1586 1792 humanitatis
1621 1735 1884 1793 beneﬁcio
1942 1736 2257 1803 fruiturum,

2370 1734 2540 1806 ὑμῶν.
2564 1755 2582 1790 t
2618 1737 2730 1790 Kal.
2753 1736 2843 1791 διὰ
2874 1736 2973 1808 μὲν
3004 1738 3100 1792 τοῦ
3119 1737 3245 1797 λαὸν
3265 1740 3466 1803 εἰπεῖν,
3497 1738 3578 1792 έτι
3603 1739 3697 1794 τὸν
3727 1739 3947 1811 Ἰσραὴλ

682 1844 779 1884 nec
824 1829 1038 1899 penitus
1070 1828 1165 1893 {ab
1208 1842 1271 1884 ea
1336 1827 1716 1901 conjunctione
1760 1827 2259 1898 consuetudineque

2370 1805 2540 1879 Βίδωσι
2582 1830 2744 1893 νοεῖν,
2801 1805 2886 1891 ὡς⁷
2923 1829 3082 1899 εἴπερ
3134 1828 3342 1885 ἕλοιντο
3384 1831 3719 1900 μεταφοιτᾷν
3752 1805 3846 1883 ἐπὶ

678 1935 801 1974 cum
838 1919 955 1989 ipso
978 1918 1358 1975 avellendum:
1397 1920 1442 1973 si
1480 1917 1695 1989 quidem
1726 1916 1858 1971 velit
1889 1918 1955 1973 ad
2010 1918 2062 1983 id
2116 1919 2258 1990 quod

2370 1918 2514 1990 αὐτῷ
2535 1918 2747 1987 δοκοῦν,
2782 1919 2891 1974 τῶν
2926 1921 2985 1987 ἐξ
3013 1921 3357 1991 ἡμερότητος
3383 1922 3666 1989 τεύξονται
3694 1924 3791 1978 καὶ
3822 1923 3952 1992 φιλ-

678 2012 781 2082 ipsi
811 2011 1108 2065 collibitum
1134 2019 1256 2077 est,
1302 2024 1423 2065 sese
1467 2008 1787 2063 transferre.
1824 2007 1960 2065 Cum
2004 2024 2132 2067 vero
2164 2025 2261 2067 el-

2370 2009 2715 2082 ανθρωπίας,
2781 2012 2877 2065 καὶ
2938 2013 3040 2066 οὐκ
3096 2012 3331 2073 είσάπαν
3381 2014 3787 2069 ἀποπεσοῦνται
3843 2017 3957 2086 τῆς

682 2112 894 2159 actores
926 2116 1202 2157 racemare
1237 2101 1333 2168 ait,
1374 2102 1649 2157 immensae.
1690 2102 2003 2173 cupiditatis
2042 2102 2259 2163 illorum

2370 2098 2501 2170 πρὸς
2548 2099 2714 2155 αὑτὸν
2767 2100 3099 2171 οἰκειότητος
3136 2103 3414 2174 σχετικῆς,
3472 2103 3841 2175 Καλαμᾶαθαι
3882 2106 3956 2159 δὲ

682 2205 736 2252 ει
767 2193 1008 2248 avaritiae
1034 2192 1459 2262 magnitudinem
1490 2193 1711 2249 indicat.
1746 2193 2025 2264 Siquidem
2053 2202 2259 2255 nteteno

2370 2190 2534 2245 εἰπὼν
2588 2192 2715 2255 τοὺς
2763 2191 3103 2264 πράκτορας,
3158 2193 3258 2269 τῆς
3302 2192 3528 2266 ἐνούσης
3552 2196 3744 2261 αὐτοῖς
3769 2196 3959 2268 adq-

684 2286 818 2343 tium
870 2283 959 2339 alii
1011 2284 1309 2340 resecantis
1363 2299 1525 2339 manu
1587 2285 1900 2347 decidentes
1958 2284 2261 2354 colligunt,

2370 2275 2517 2339 στίας
2550 2293 2611 2330 τε
2643 2275 2776 2345 ὁμοῦ
2813 2276 2906 2331 καὶ
2938 2277 3281 2349 φιλοκερδίας
3309 2278 3548 2333 δείκνυσι
3591 2279 3653 2333 τὸ
3689 2280 3950 2352 μέγεθος.

682 2379 928 2449 nihilque
961 2376 1166 2433 faciunt
1204 2378 1257 2431 in
1297 2377 1440 2448 agris
1485 2378 1781 2434 residuum.
1817 2376 2073 2448 Idemque
2104 2375 2262 2431 facti-

2379 2370 2468 2422 Ἐν
2509 2370 2741 2443 μὲνγὰρ
2774 2373 2884 2433 τοῖς
2913 2371 3085 2443 ληίοις
3111 2375 3159 2425 οἱ
3210 2372 3314 2443 μὲν
3355 2375 3706 2445 ἀποκείρουσι
3748 2377 3959 2447 σιδάρῳ

708 2479 825 2535 ant,
873 2466 963 2543 qui
1021 2467 1162 2521 vites
1209 2465 1567 2524 vindemiant.
1627 2484 1646 2518 ι
1686 2467 1986 2522 Racemant
2025 2466 2207 2537 igitur,
2242 2484 2260 2517 ι

2370 2460 2457 2511 τὸν
2489 2461 2709 2530 στάχυν,
2750 2462 2798 2515 oi
2828 2461 2887 2513 δὲ
2916 2464 3041 2525 τοὺς
3060 2464 3426 2529 ἐκπίπτοντας
3443 2465 3544 2535 τῆς
3563 2464 3657 2519 τοῦ
3676 2467 3959 2539 κείροντος

685 2562 878 2631 inquit,
914 2577 933 2612 ι
966 2573 1063 2614 vos
1093 2566 1375 2612 exactores
1403 2558 1592 2615 vestri.
1635 2576 1653 2611 ι
1685 2558 1913 2617 Perinde
1978 2571 2043 2613 ac
2090 2558 2143 2615 si
2195 2557 2267 2611 di-

2370 2549 2550 2621 χειρδς
2585 2550 2954 2619 συλλέγοντες,
2990 2552 3142 2606 οὐδὲν
3187 2552 3409 2623 ἀφιᾶσιν
3441 2553 3746 2625 ἐν’ἀγροίς.
3792 2556 3959 2621 Ἐθος

687 2662 834 2708 ceret
866 2670 879 2706 :
906 2648 1316 2706 Vindemiarum
1338 2659 1552 2711 vestras
1570 2651 1793 2720 copias:
1815 2664 1988 2720 neque
2016 2650 2087 2706 ibi
2111 2650 2267 2705 inex-

2370 2641 2426 2696 δὲ
2455 2644 2550 2696 καὶ
2577 2644 2690 2707 τοῖς
2720 2642 2817 2706 τὰς
2840 2643 3122 2714 ἀμπέλους
3157 2644 3403 2716 τρυγῶσι
3430 2643 3590 2697 τοῦτο
3608 2645 3764 2719 δρᾷνζ
3794 2666 3815 2707 ι
3836 2649 3962 2705 Κα-

685 2744 902 2814 plebilis
927 2757 1115 2798 eorum
1167 2741 1313 2796 sistit
1356 2742 1648 2812 cupiditas,
1699 2744 1791 2799 sed
1856 2740 1974 2810 jam
2024 2756 2267 2796 racemos

2372 2731 2653 2803 λοιμῶν-ται
2681 2734 2855 2791 τοίνυν
2890 2733 3057 2807 ὑμᾶς,
3084 2735 3271 2807 φησιν,
3301 2736 3349 2787 οἱ
3385 2735 3696 2807 πράκτορες
3724 2738 3897 2808 ὑμῶν.
3930 2758 3955 2793 ο

684 2835 997 2903 decerpunt,
1033 2833 1085 2887 id
1115 2841 1217 2896 est,
1255 2847 1445 2887 manus
1486 2834 1537 2887 iu
1576 2848 1639 2887 ea
1688 2846 1810 2901 quae
1858 2832 2035 2891 adhuc
2081 2833 2265 2891 relicta

2375 2827 2596 2898 Ὅμοιον
2638 2828 2713 2892 ὡς
2761 2830 2809 2882 εί
2864 2828 3042 2898 λέγον
3094 2830 3504 2901 Τετρυγήκασιν
3542 2830 3698 2900 ὑμῶν
3726 2830 3825 2894 τὰς
3859 2849 3962 2885 πε-

686 2935 831 2989 sunt,
871 2923 1144 2994 injiciunt.
1169 2922 1472 2978 Bellissiute
1510 2939 1641 2978 vero
1671 2932 1726 2979 et
1772 2932 1895 2993 apte
1932 2938 2039 2978 non
2073 2937 2267 2992 ριίεεεη

2374 2917 2640 2993 ριουσίας,
2675 2917 2769 2971 καὶ
2815 2916 2873 2969 οὐ
2924 2916 3085 2993 μέχρι
3142 2916 3337 2975 τούτου
3385 2918 3453 2970 τὰ
3500 2920 3600 2988 τῆς
3644 2918 3961 2989 ἀπληστίας

685 3026 907 3084 plores,
934 3030 1038 3070 non
1080 3014 1391 3081 magisuus,
1437 3030 1541 3069 non
1582 3014 1784 3085 aliquid
1827 3014 1969 3070 aliud
2004 3014 2267 3084 ejusmodi

2375 3008 2578 3068 αὐτοῖς.
2626 3004 2761 3057 Ἀλλ’
2802 3006 2901 3077 ἤδη
2938 3005 3031 3061 καὶ
3082 3005 3464 3079 ωλαμῶνται,
3500 3007 3646 3060 τοῦτ’
3680 3006 3821 3073 ἔστι,
3858 3009 3962 3071 τὰς

689 3121 809 3160 esse
841 3105 994 3173 dicit,
1025 3105 1120 3160 sed
1149 3111 1456 3170 exactores,
1487 3103 1580 3157 sed
1608 3111 1968 3158 azruscatores
2001 3104 2265 3167 nominat.

2376 3099 2562 3169 χεῖρας
2589 3096 2873 3163 ἐπάγουσι,
2895 3095 2991 3153 καὶ
3044 3098 3157 3159 τοῖς
3184 3096 3265 3148 ἔτι
3309 3096 3848 3168 καταλελειμμένοις.
3883 3092 3960 3153 Εὖ

691 3199 957 3267 docetque
985 3210 1080 3251 eos
1116 3194 1384 3250 dominari
1419 3193 1522 3248 illis
1568 3209 1673 3259 non
1703 3203 1758 3247 ut
1788 3194 2065 3258 doctores,
2102 3194 2261 3248 disci-

688 3290 846 3359 pulos
881 3288 1071 3343 leuiter
1119 3294 1428 3350 tractantes,
1457 3285 1552 3340 sed
1591 3294 1649 3339 ut
1701 3285 1854 3359 rigidi
1887 3300 1951 3340 ac
1981 3287 2107 3347 ειενί
2170 3288 2268 3339 do-

693 3378 848 3442 tnini,
882 3380 1022 3447 quod
1071 3378 1171 3447 ipsi
1204 3377 1370 3435 velint
1419 3376 1622 3439 sentire
1645 3385 1920 3455 cogentes,
1951 3384 2007 3431 et
2028 3377 2270 3446 adquid-

692 3472 775 3525 vis
820 3485 1205 3538 nonnunquam
1249 3468 1600 3540 impellentes.
1658 3467 1927 3529 Caeterum
1977 3467 2029 3521 hi
2066 3468 2155 3539 qui
2218 3468 2269 3529 iu

691 3558 909 3614 Christo
962 3566 1107 3620 sunt,
1141 3572 1261 3610 eum
1322 3571 1545 3625 scopum
1609 3570 1715 3635 non
1773 3554 1875 3611 sibi
1937 3566 2268 3627 proponunt.

694 3649 897 3705 Scribit
925 3648 1104 3716 itaque
1126 3647 1339 3701 divinus
1389 3645 1581 3699 Petrus
1639 3645 1845 3701 vocatis
1885 3646 1953 3702 ad
1996 3645 2274 3716 episcopa-

691 3748 829 3804 tum,
894 3738 1081 3794 ascitis
1108 3738 1173 3790 ad
1215 3736 1544 3792 {unctionem
1582 3735 1807 3798 docendi
1865 3750 1995 3793 oves
2066 3735 2275 3790 ratione

692 3830 969 3902 praeditas,
994 3845 1099 3882 non
1140 3841 1197 3881 ut
1223 3826 1568 3882 dominentur
1596 3826 1647 3879 in
1678 3825 1841 3891 clero,
1871 3826 1922 3880 id
1945 3833 2048 3889 est,
2079 3823 2274 3895 populo

690 3925 781 3993 qtti
847 3937 969 3977 sors
1014 3919 1223 3975 Domini
1272 3930 1375 3987 est,
1412 3920 1505 3974 sed
1542 3928 1600 3972 ut
1640 3918 1751 3971 sint
1794 3917 1974 3987 gregis
2004 3915 2272 3984 exempla-

691 4016 771 4069 ria
793 4014 931 4067 “"".
952 4011 1071 4069 lam
1090 4020 1145 4067 et
1168 4011 1303 4067 alios
1319 4019 1600 4068 exactores
1618 4009 1767 4071 novit
1786 4024 1965 4064 sermo
1989 4009 2270 4076 mysticus:

690 4119 828 4176 quos
852 4105 1049 4160 debent
1075 4102 1150 4170 hi,
1195 4103 1286 4173 qui
1317 4110 1460 4158 recte
1488 4103 1679 4163 victuri
1720 4110 1867 4168 sunt,
1897 4099 2099 4170 fugere.
2141 4098 2274 4155 Nam

691 4195 846 4250 malae
871 4206 924 4250 et
966 4193 1287 4249 adversaria:
1334 4201 1627 4265 potestates
1675 4190 1917 4245 omnium
1973 4189 2276 4244 mortalium

691 4290 926 4343 studium
954 4286 1247 4341 sollicitant
1279 4285 1345 4340 ad
1372 4284 1610 4355 malum,
1669 4289 1999 4354 extorquent
2041 4291 2097 4337 et
2155 4296 2279 4353 pro-

688 4382 976 4454 pemodum
1006 4379 1249 4457 exigunt,
1281 4386 1335 4433 et
1370 4376 1537 4432 animi
1589 4376 1655 4430 ad
1684 4364 2118 4446 perturbationes
2154 4391 2279 4447 pro-

2370 3189 2427 3241 δὲ
2461 3188 2524 3258 δὴ
2552 3187 2775 3257 σφόδρα,
2801 3187 2892 3244 καὶ
2932 3187 3251 3263 πρεπόντως
3274 3188 3479 3259 αὐτοῖς,
3509 3190 3569 3243 ού
3602 3191 3920 3261 καθηγητὰς
3939 3233 3960 3257 ,

2370 3282 2429 3333 οὐ
2477 3280 2848 3345 διδασκάλους,
2891 3280 2987 3351 οὐχ
3030 3280 3216 3351 ἕτερόν
3254 3299 3307 3335 τι
3353 3280 3463 3333 τῶν
3515 3282 3773 3337 τοιούτων
3814 3280 3962 3345 εἶναί

2371 3389 2557 3441 φησιν,
2582 3371 2901 3442 πράκτορας
2933 3371 2989 3425 δὲ
3023 3369 3308 3445 ὀνομάζει,
3358 3372 3452 3433 καὶ
3502 3373 3829 3444 ἀπαιτητάς.
3870 3377 3963 3428 Διι-

2372 3463 2560 3516 δάσκει
2609 3462 2664 3515 δὲ
2717 3462 2799 3515 ὅτι
2830 3461 3367 3529 ,κατεξουσιάζουσιν
3401 3463 3614 3531 αὐτῶν,
3644 3466 3743 3536 οὐχ
3774 3466 3851 3532 ὼς
3879 3467 3963 3521 διε-

2372 3554 2629 3607 δάσκαλοι
2659 3554 2927 3627 μαθηταῖς
2970 3555 3147 3624 ἠπίως
3202 3556 3659 3631 προσφερόμενοι,
3702 3554 3964 3615 ἁλλόἴον

2376 3646 2604 3717 σκληροὶ
2659 3646 2753 3699 καὶ
2812 3647 2995 3718 ἄγριοι
3062 3647 3359 3714 δεσπόται,
3417 3649 3477 3702 τὸ
3535 3649 3726 3707 δοκοῦν
3774 3654 3965 3719 αὐτοῖς

2375 3741 2591 3809 φρονεῖν
2618 3737 3037 3806 ἀναγκάζοντες,
3089 3737 3182 3794 καὶ
3214 3740 3350 3811 πρὸς
3393 3741 3501 3795 πᾶν
3544 3742 3720 3797 ὁτιοῦν
3752 3743 3967 3813 eum-

2380 3847 2585 3903 ροντες,
2630 3830 2723 3884 καὶ
2753 3828 2863 3884 τῶν
2894 3829 3043 3901 παρὰ
3091 3828 3315 3903 γνώμην
3349 3829 3461 3885 ἐσθ’
3512 3832 3622 3887 ὅτε.
3660 3834 3809 3887 Ἀλλ’
3834 3836 3861 3888 ὃ
3895 3853 3966 3904 γε

2375 3919 2485 3972 τῶν
2514 3921 2570 3973 ὲν
2604 3916 2823 3989 Χριστῷ
2846 3916 3048 3981 σκοπὸς
3099 3917 3159 3971 ού
3191 3917 3429 3983 τοιοῦτος
3463 3916 3550 3990 ἦν.
3595 3920 3803 3994 Γράφει
3829 3925 3969 3992 γοῦν

2376 4011 2404 4064 6
2442 4010 2727 4074 θεσπέσιος
2765 4009 2972 4081 Πέτρος
3002 4011 3116 4073 τοῖς
3147 4010 3506 4081 κεκλημένοις
3532 4014 3611 4076 είς
3630 4015 3967 4088 ἐπισκοπὴν,

2377 4102 2472 4157 καὶ
2500 4100 2854 4173 καθηγεῖσθαι
2891 4099 3113 4171 λαχοῦσι
3147 4100 3255 4154 τῶν
3290 4102 3517 4164 λογικῶν
3549 4104 3836 4176 ποιμνίων,
3882 4109 3968 4181 μὴ

2376 4193 2451 4262 ὡς
2475 4195 2962 4268 κατακυριεύοντες
2988 4193 3095 4247 τῶν
3122 4193 3362 4273 κλήρων.
3391 4196 3527 4253 ἀλλὰ
3549 4198 3709 4252 τύποι
3733 4201 3971 4271 γενόμεη

2378 4305 2460 4343 νοι
2488 4288 2582 4342 τοῦ
2610 4288 2883 4360 ποιμνίου.
2920 4283 3076 4345 Οἶδεν
3134 4286 3190 4342 δὲ
3228 4289 3257 4341 6
3299 4288 3456 4358 λόγος
3492 4292 3521 4344 6
3572 4294 3834 4363 μυστικὸς
3867 4300 3970 4350 καὶ

2380 4378 2698 4455 πράκτορας
2741 4378 2995 4449 ἑτέρους,
3029 4376 3124 4443 οὒς
3166 4378 3381 4451 ἀνάγκη
3425 4384 3812 4454 παραιτεῖσθαι
3850 4391 3969 4453 τοῖς

690 4464 983 4525 clivitatcm
1041 4480 1292 4539 tanquam
1350 4469 1613 4525 tributum
1667 4470 1938 4537 quoddam
1992 4467 2267 4539 colligunt.

2384 4470 2635 4524 ἐθέλουσι
2680 4469 2828 4541 βιοῦν
2864 4470 3063 4542 ὀρθῶς.
3111 4470 3181 4525 Αἰ
3219 4471 3327 4545 γὰρ
3367 4476 3601 4549 πονηραὶ
3662 4478 3760 4531 καὶ
3814 4479 3970 4533 ἀντι-

690 4564 1110 4617 Sacrosanctum
1142 4562 1287 4616 enim
1335 4560 1557 4615 verbum
1615 4560 1802 4617 beatos
1861 4560 2124 4631 praedicat
2175 4574 2269 4615 eos

689 4654 779 4725 qui
810 4667 994 4707 vocem
1026 4652 1297 4707 exactoris
1326 4666 1435 4707 non
1483 4651 1827 4708 audiverunt.
1877 4651 1982 4721 Qui
2026 4652 2170 4706 enim
2210 4666 2273 4706 se

686 4758 718 4799 a
754 4743 937 4798 carnis
968 4743 1350 4813 cupiditatibus
1379 4751 1672 4808 sevocant,
1711 4756 1778 4797 ac
1800 4740 2025 4810 juvenili
2062 4740 2269 4795 vivida-

689 4850 796 4905 que
830 4835 1135 4906 prudentia,
1171 4834 1311 4891 mala
1358 4844 1478 4891 orta
1528 4850 1593 4891 ex
1647 4843 1871 4905 peccato
1928 4832 2267 4905 prepulsant,

694 4927 1028 4997 principatus
1063 4916 1294 4995 calcant,
1367 4935 1421 4981 et
1450 4925 1754 4996 spiritualia
1843 4924 2097 4994 nequitia:
2148 4925 2266 4980 vitt-

692 5030 846 5085 cuut,
892 5018 1144 5075 fortiores
1180 5027 1305 5076 sunt
1337 5034 1498 5089 quam
1558 5026 1614 5071 ut
1645 5031 1774 5072 voce
1806 5018 2080 5073 exactoris
2118 5017 2264 5072 vinci

694 5121 754 5161 se
780 5105 1082 5175 patiantur.
1110 5106 1341 5161 Proinde
1371 5106 1422 5159 hi
1446 5115 1731 5160 exactores
1760 5103 1962 5161 vitandi
1984 5103 2096 5179 64
2117 5114 2264 5173 sunt,

695 5211 792 5252 nec
823 5199 1225 5253 concedendum
1261 5206 1319 5253 ut
1352 5198 1584 5252 fructum
1611 5197 1678 5251 ad
1710 5206 1990 5267 peccatum
2024 5199 2078 5252 in
2117 5196 2277 5257 nobis.

694 5299 918 5355 metant,
949 5291 1058 5345 imo
1081 5306 1181 5345 nec
1213 5298 1511 5344 racement.
1536 5288 1651 5344 Hoc
1681 5297 1859 5344 autem
1880 5290 2274 5361 praestabimus,

695 5383 898 5437 viribus
926 5390 981 5436 et
1006 5383 1160 5452 quasi
1221 5382 1404 5437 nervis
1432 5395 1530 5451 per
1585 5379 1864 5439 Christum
1918 5378 2275 5451 conﬁrmatis,

694 5485 746 5529 et
778 5474 1188 5544 pravisnostraa
1224 5474 1423 5529 mentis
1470 5473 1891 5545 cogitationibus
1954 5472 2167 5544 ejectis,
2221 5484 2277 5532 et

695 5565 836 5623 [reda
870 5564 1187 5635 cupiditate,
1222 5565 1482 5640 omnique
1505 5580 1702 5639 genere
1733 5565 2068 5629 vitiositatis.

796 5724 845 5758 “
872 5720 1061 5778 Ilatth.
1094 5734 1249 5791 nttt,
1282 5722 1371 5779 23.
1478 5724 1597 5761 δίδη
1630 5723 1648 5779 1
1682 5722 1827 5781 Petr.
1870 5737 1922 5791 v,
1950 5722 2003 5787 2,
2026 5724 2082 5779 5.

2376 4559 2624 4631 κείμεναι
2657 4559 2914 4631 δυνάμεις
2971 4559 3201 4614 ἕκαστον
3247 4561 3356 4617 τῶν
3403 4563 3497 4619 ἐπὶ
3543 4564 3646 4637 γῆς
3683 4570 3973 4639 μονονουχὶ

2374 4650 2469 4705 καὶ
2500 4650 2789 4705 ἀπαιτοῦσι
2810 4652 2909 4724 τὴν
2930 4653 3011 4717 εἰς
3028 4651 3091 4706 τδ
3112 4652 3313 4723 φαῦλον
3342 4656 3576 4727 σπουδὴν
3593 4698 3607 4723 ,
3652 4659 3747 4713 καὶ
3775 4658 3971 4732 ὥσπερ

2389 4744 2512 4797 τινὰ
2540 4742 2742 4814 δασμὸν
2773 4742 2903 4815 παρ’
2937 4743 3094 4815 ἡμῶν
3131 4743 3468 4815 συλλέγουσι,
3497 4745 3594 4819 τὴν
3614 4749 3790 4812 είςςτά
3816 4748 3971 4825 πάθη

2372 4834 2473 4904 τῆς
2501 4833 2736 4897 διανοίας
2752 4836 2947 4908 ῥοπήν.
2967 4835 3074 4888 Kai.
3095 4833 3226 4903 γοῦν
3254 4836 3282 4889 6
3316 4835 3461 4907 ἱερὸς
3491 4837 3785 4913 μακαρίζει
3810 4839 3972 4910 λόγος

2373 4926 2503 4995 τοὺς
2540 4925 2615 4997 μὴ
2670 4924 3015 4989 ἀκούσαντας
3056 4925 3241 4997 φωνὴν
3280 4925 3599 4998 φορολόγου·
3635 4929 3685 4981 οι
3719 4928 3829 5000 γὰρ
3858 4928 3972 4989 τῶν

2372 5017 2472 5087 τῆς
2502 5016 2702 5089 σαρκὸς
2733 5015 3039 5088 ἐπιθυμιῶν
3060 5017 3603 5091 κατεξανιστάμενοι,
3622 5021 3715 5074 καί
3732 5020 3972 5092 νεανικῷ

2377 5110 2682 5182 φρονήματι
2706 5109 2774 5163 τὰ
2802 5109 2866 5162 ὲκ
2898 5109 2995 5179 τῆς
3029 5110 3301 5181 ἁμαρτίας
3322 5110 3740 5183 παρωθούμενος.
3769 5111 3969 5185 βλάϐη,

2379 5200 2475 5254 καὶ
2513 5199 2810 5264 πατοῦντες
2848 5200 3061 5275 ἀρχὰς,
3115 5204 3210 5256 καὶ
3252 5204 3514 5269 νικῶντες
3556 5204 3627 5259 τὰ
3679 5205 3972 5275 πνεύματα

2377 5291 2479 5363 τῆς
2512 5290 2799 5363 πονηρίας,
2832 5291 3114 5364 κρείττους
3138 5295 3397 5364 γεγόνασι
3431 5297 3528 5367 τῆς
3550 5296 3642 5349 τοῦ
3673 5295 3969 5367 φορολόγου

2380 5385 2583 5456 φωνῆς.
2648 5388 2740 5439 Δεῖ
2804 5386 2981 5439 τοίνυν
3047 5388 3173 5451 τοὺς
3214 5388 3521 5454 τοιούτους
3585 5389 3971 5461 παραιτεῖσθαι

2380 5477 2717 5549 πράκτορας,
2752 5478 2846 5531 καὶ
2882 5480 3019 5551 μήτε
3077 5478 3311 5553 θερίζειν
3346 5483 3402 5535 ὲν
3434 5483 3563 5559 ἡμῖν
3594 5483 3655 5537 τὸ
3675 5483 3756 5549 είς
3789 5466 3969 5554 ἁμαρο

2376 5567 2496 5621 τίαν
2530 5567 2875 5638 ἀποτέλεσμα
2909 5574 3231 5641 συγχωρεῖν,
3260 5574 3397 5644 μήτε
3443 5573 3550 5645 μὴν
3596 5573 3968 5645 καλαμᾶσθαι.
