4178 6502
725 368 831 438 ω
1744 370 1802 430 s.
1842 368 2120 434 CYRILLI
2157 379 2629 435 ALEXANDRINI
2670 376 2987 436 ARClllEP.

3869 380 3986 444 H6

724 490 904 543 sinunt
928 486 1079 549 inire,
1111 495 1207 552 per
1232 500 1395 557 quam
1438 479 1686 543 facillime
1735 488 1857 558 quis
1900 489 1971 544 ad
2022 491 2071 545 id
2147 493 2286 562 quod

2392 508 2475 555 τις
2499 494 2566 544 ἴοι
2600 492 2693 545 καὶ
2716 492 2860 561 μάλα
2882 492 3075 563 ῥαδίως
3108 493 3199 545 ἐπὶ
3226 494 3288 546 τὸ
3311 494 3541 565 ἀρέσκον
3568 495 3703 564 Θεῷ.

723 570 836 633 Deo
863 574 1040 645 placet
1087 576 1438 647 pertingeret.

791 668 953 724 νεεδ.
980 668 1167 723 13-15.
1198 668 1303 722 Sed
1325 685 1462 721 nunc
1500 669 1658 722 stabit
1692 671 1747 725 in
1772 670 1971 734 iudicio
2002 670 2279 733 Dominus,

718 772 764 815 et
792 761 845 815 in
870 760 1074 829 judicio
1106 761 1250 813 sistet
1270 761 1518 828 populum
1564 778 1739 816 suum.
1790 762 1913 831 Ipse
1943 763 2199 820 Dominus
2227 767 2281 821 in

722 852 971 917 iudicium
1008 851 1172 905 veniet
1216 867 1333 903 eum
1368 852 1661 907 senioribus
1699 855 1876 921 populi
1916 858 2019 923 sui,
2062 867 2112 911 et
2164 875 2281 912 cum

717 944 1036 1011 principibus
1066 943 1200 1011 ejus.
1246 941 1344 997 Vos
1386 953 1562 999 autem
1589 947 1716 1015 quid
1747 948 2057 1004 iucendistis
2080 951 2281 1005 vineam

715 1028 929 1089 meum?
957 1033 1025 1086 Et
1056 1034 1241 1104 rapina
1266 1037 1512 1104 pauperis
1548 1038 1601 1091 in
1622 1040 1863 1095 domibus
1893 1044 2073 1097 vestris
2093 1043 2118 1096 .9
2142 1044 2281 1109 Quid

717 1122 919 1183 iniuria
946 1120 1160 1189 afﬁcitis
1187 1125 1436 1193 populum
1466 1141 1671 1193 meum,
1702 1139 1747 1181 et
1786 1130 1972 1197 faciem
1996 1148 2281 1199 pauperum

722 1210 1048 1280 confunditis
1069 1208 1095 1266 2

792 1382 909 1439 Non
946 1392 1047 1455 Ope
1079 1378 1394 1444 destitutum
1422 1391 1485 1446 iri
1523 1393 1659 1448 dicit
1681 1386 1942 1464 propheta
1987 1411 2277 1468 oppresso-

720 1489 838 1528 rum
872 1476 1295 1544 mullitudinem,
1332 1498 1436 1536 non
1460 1485 1603 1538 omni
1628 1498 1755 1539 cura
1774 1502 1997 1542 vacuam
2015 1502 2077 1542 ac
2094 1489 2276 1545 deser-

722 1576 851 1633 tam,
882 1567 990 1623 imo
1005 1583 1273 1626 summam
1298 1587 1483 1628 eorum
1516 1590 1700 1630 curam
1722 1579 1960 1633 omnium
1991 1573 2277 1636 Hominum

718 1666 1115 1726 suscepturum,
1139 1658 1444 1715 conllrmat.
1463 1659 1620 1729 Nam,
1641 1664 1837 1734 inquit,
1854 1681 2075 1722 causam
2091 1683 2278 1725 eorum

717 1751 841 1813 aget
868 1756 1056 1802 contra
1086 1762 1176 1804 eos
1193 1750 1284 1820 qui
1319 1760 1562 1817 metunt,
1598 1763 1653 1810 et
1685 1757 1840 1823 quasi
1874 1758 2059 1814 beatos
2096 1762 2277 1815 susci—

2473 670 2657 723 Ἀλλά
2707 660 2823 723 νῦν
2861 669 3297 736 καταστήσεται
3349 672 3437 734 εἰς
3467 687 3669 738 κρισιν
3720 672 3975 741 Κύριος,

2389 762 2490 818 καὶ
2533 761 2749 828 στήσει
2793 763 2879 827 εἰς
2922 762 3127 829 κρίσιν
3173 762 3283 815 τὸν
3330 763 3485 815 λαὸν
3529 762 3731 816 αὐτοῦ.
3764 759 4017 831 Afra}:~

2390 854 2604 920 Κύριος
2632 855 2719 919 εις
2772 854 2974 920 κρίσιν
3007 852 3140 919 ἥξει
3180 852 3329 922 μετά
3377 852 3496 906 τῶν
3542 854 3983 921 πρεσϐυτέρων

2390 945 2495 999 τοῦ
2521 944 2698 1010 λαοῦ,
2733 944 2831 999 καὶ
2851 944 3003 1014 μετὰ
3032 943 3151 998 τῶν
3182 945 3491 1013 ἀρχόντων
3510 946 3713 1000 αὑτοῦ.
3756 946 3977 1014 ’Υμεῖς

2389 1033 2457 1086 δὲ
2481 1034 2537 1086 τί
2567 1034 2959 1102 ἐνεπυρίσατε
2983 1034 3090 1087 τὸν
3113 1033 3440 1104 ἁμπελῶνά
3458 1052 3577 1103 μου
3592 1035 3745 1098 ;·Καί
3788 1039 3829 1103 ὴ
3854 1039 3975 1104 άρο

2388 1124 2549 1193 παπ-ὴ
2608 1124 2716 1178 τοῦ
2771 1125 3009 1193 πτωχοῦ
3061 1126 3132 1178 ἐν
3189 1125 3313 1191 τοῖς
3376 1126 3567 1192 οικοις
3625 1125 3826 1195 fautor;
3902 1131 3975 1180 Τί

2388 1214 2556 1282 ὑμεῖς
2588 1214 2843 1269 ἀδικεῖτε
2884 1214 2992 1267 τόν
3022 1217 3180 1269 λαόν
3225 1232 3366 1284 μου,
3411 1214 3510 1269 καὶ
3556 1214 3630 1269 τὰ
3665 1216 3972 1283 πρόσωπα

2388 1304 2507 1358 τῶν
2533 1305 2786 1375 πτωχῶν
2824 1308 3255 1373 καταισχύνετε
3272 1322 3291 1371 ;

2460 1395 2573 1448 Οὐκ
2602 1392 3031 1465 ἀνεπικοὺρητον
3061 1394 3279 1449 ἔσεσθαί
3302 1412 3466 1467 φησιν
3491 1396 3522 1449 ὁ
3552 1397 3837 1467 προφήτης
3854 1397 3968 1467 τὴν

2388 1485 2759 1557 ἀδικουμένων
2802 1486 3031 1557 πληθὺν,
3075 1485 3198 1540 οὔτε
3253 1488 3359 1557 μὴν
3406 1489 3624 1557 ἀπάσης
3677 1488 3969 1559 φροντίδος

2388 1576 2621 1646 ἐρήμην,
2681 1574 3079 1645 ὑπεραθλήσειν
3125 1574 3183 1628 δὲ
3233 1576 3431 1645 μᾶλλον
3480 1576 3661 1630 αὐτῶν
3704 1577 3795 1631 τὸν
3846 1576 3979 1629 τῶν

2388 1666 2524 1719 ὅλων
2571 1666 2702 1718 Θεὸν
2740 1662 2798 1719 εὖ
2851 1666 2994 1736 μάλα
3043 1666 3449 1739 διῖσχυρίζεται.
3511 1668 3798 1722 Δικάσεται
3845 1668 3967 1736 γὰρ

2390 1756 2529 1829 ὑπὲρ
2562 1757 2945 1828 αὐτῶν,ηφησὶ,
2981 1761 3091 1823 τοῖς
3126 1758 3539 1829 καλαμωμένοις
3578 1760 3674 1812 καί⁵
3718 1759 3962 1829 μακαρὶ-

718 1837 903 1905 piunt:
927 1843 979 1893 et
1001 1841 1247 1894 semitam
1270 1841 1463 1910 pedum
1487 1843 1723 1912 ipsorum
1744 1848 2285 1921 turbabit,etjudicio

2387 1849 2569 1915 ζουσιν
2606 1850 2821 1914 αὐτούς.
2855 1850 3093 1921 Ταράξει
3135 1849 3191 1903 δὲ
3243 1850 3337 1903 καὶ
3369 1848 3466 1919 τὴν
3499 1848 3683 1919 τρίϐον
3713 1847 3823 1901 τῶν
3852 1864 3960 1900 που

717 1941 1077 1998 prosequetur
1110 1930 1347 1986 seniores
1383 1933 1583 2004 populi,
1606 1944 1661 1991 et
1682 1937 1952 2008 principes
1973 1941 2056 1995 vel
2093 1943 2283 2012 pratic-

718 2028 856 2073 ctos.
885 2018 1131 2076 Bedemlt
1152 2023 1294 2076 enlm
1319 2039 1350 2078 e
1366 2024 1522 2079 domo
1538 2028 1817 2084 servitutis
1837 2032 2087 2101 populum
2104 2050 2282 2100 suum,

723 2118 821 2161 eta
844 2108 1239 2166 dominatorum
1261 2113 1668 2182 importunitate
1691 2117 2283 2187 liberavit,universam

721 2200 774 2252 in
810 2214 903 2255 eos
945 2203 1187 2257 excilans
1219 2214 1547 2261 creaturam.
1599 2203 1667 2263 Et
1697 2224 1829 2266 sane
1866 2227 2035 2281 aquas
2065 2216 2119 2270 in
2158 2230 2285 2272 san-

718 2291 933 2360 guinem
954 2295 1195 2360 mutavit,
1224 2295 1487 2365 grandine
1514 2292 1903 2372 profundisque
1930 2320 1995 2360 ac
2020 2307 2287 2364 triduanis

720 2382 957 2437 tenebris
977 2422 991 2448 ,
1028 2384 1254 2454 aliisque
1282 2388 1530 2445 omnibus
1550 2430 1565 2457 ,
1607 2401 1693 2447 est
1742 2394 1885 2448 enim
1914 2395 2131 2468 longum
2173 2400 2288 2455 sin-

719 2473 840 2542 gula
886 2489 1330 2543 commemorare,
1366 2484 1633 2549 percussit
1670 2501 1685 2538 :
1727 2485 1850 2541 dein
1898 2502 1996 2557 per
2049 2490 2284 2546 medium

719 2581 869 2621 mare
898 2568 1154 2635 traduxit,
1182 2568 1234 2623 in
1258 2570 1477 2628 deserto
1521 2575 1690 2644 pavit,
1733 2576 1786 2631 iu
1817 2586 2014 2635 terram
2053 2583 2287 2650 promis-

720 2659 893 2713 sionis
947 2659 1209 2729 induxit,
1264 2670 1454 2731 gentes
1504 2682 1726 2738 magnas
1759 2680 1815 2725 et
1863 2674 2286 2740 pugnacissimas

722 2754 985 2818 tanquam
1012 2748 1195 2820 spinas
1241 2752 1465 2820 expulit.
1508 2750 1735 2809 Divinus
1759 2770 1981 2828 quoque
2027 2757 2197 2813 David
2232 2760 2285 2815 id

721 2839 1052 2907 declaravit,
1087 2842 1329 2897 omnium
1386 2853 1717 2901 servatorem
1779 2855 1835 2901 et
1888 2848 2283 2919 redemptorem

720 2930 998 3000 alloquens
1025 2947 1040 2985 :
1075 2951 1094 2984 ι
1131 2930 1310 2989 Vitem
1331 2948 1396 2989 ex
1429 2926 1666 3005 Egypto
1692 2935 2053 3000 transtulisti,
2078 2937 2283 3007 ejecisti

720 3031 930 3090 gentes,
993 3029 1045 3077 et
1102 3038 1220 3078 eam
1261 3025 1537 3093 plantasti,
1585 3024 1729 3080 viam
1770 3026 2131 3096 praestruxisti
2162 3038 2286 3082 ante

718 3110 867 3166 illam
893 3126 908 3163 :
940 3111 1180 3166 esttendit
1203 3112 1454 3181 palmites
1485 3127 1613 3168 suos
1642 3113 1709 3167 ad
1732 3129 1881 3170 mare
1908 3128 2099 3184 usque,
2130 3126 2184 3171 e't
2219 3118 2286 3171 ad

2384 1941 2490 1994 δῶν
2522 1941 2721 1996 αὐτῶν.
2770 1940 3069 2005 Δικάσεταιν
3108 1940 3167 1994 δὲ
3210 1939 3347 2011 πρὸς
3386 1941 3515 2002 τοὺς
3552 1939 3959 2010 πρεσϐυτέρους

2384 2029 2479 2085 τοῦ
2512 2030 2663 2094 λαοῦ,
2696 2030 3179 2101 καὶ-προσέτι-,τσὺς
3201 2028 3489 2099 ἄρχοντας,
3516 2029 3783 2098 ἡτοιοτοὺς
3815 2028 3956 2081 καθ⁸

2384 2120 2741 2192 ηγουμᾶνους.
2805 2119 3177 2192 Ἐλυτρώσατο
3224 2119 3323 2188 μὲν
3368 2118 3485 2190 γὰρ
3529 2118 3603 2182 ἐξΔ
3634 2120 3782 2171 οίκου
3832 2118 3958 2171 δου-

2386 2209 2535 2271 λείας
2569 2210 2660 2263 τὺν
2686 2210 2813 2263 λαὸν
2848 2209 3035 2273 αὑτοῦ,
3068 2208 3302 2275 ἐξείλετο
3333 2207 3518 2278 δὲντῆς
3554 2207 3665 2261 τῶν
3690 2208 3959 2279 κρατούν-

2385 2317 2492 2353 των
2526 2298 2862 2368 σκαιότητος,
2895 2298 3033 2368 ὃλην
3060 2298 3239 2361 αὐτοῖς
3272 2297 3653 2367 ὲπαναστήσας
3698 2296 3797 2367 τὴν
3834 2298 3960 2349 κτί-

2388 2408 2492 2445 σιν.
2524 2390 2632 2444 Kal.
2665 2390 2871 2443 ὑδάτων
2906 2390 3005 2459 μὲν
3037 2390 3119 2452 εἰς
3144 2383 3283 2459 αἷμα
3318 2387 3619 2457 μεταϐολὰς
3644 2389 3964 2459 ἐργασάμε-

2387 2497 2495 2543 νος,
2518 2480 2777 2550 χαλάξαις
2805 2480 2861 2533 δὲ
2892 2478 3233 2545 καταπαίων,
3270 2478 3424 2548 βαθεῖ
3452 2496 3512 2531 τε
3544 2479 3639 2531 καὶ
3673 2477 3964 2549 τριημέρῳ

2391 2571 2589 2641 σκότῳ,
2628 2572 2722 2624 καὶ
2750 2573 2863 2633 τοῖς
2898 2569 3078 2633 ἄλλοις
3111 2570 3303 2625 ἅπασι.
3350 2570 3577 2640 Μακρὸν
3604 2569 3714 2640 γάέρ
3754 2569 3967 2623 ἕκαστα

2392 2662 2639 2715 διειπεῖν.
2677 2658 2808 2715 Εἶτα
2840 2661 3155 2725 διαϐιϐάσας
3176 2661 3264 2714 διὰ
3296 2661 3567 2732 θαλάσσης
3604 2662 3777 2732 μέσης
3806 2660 3967 2732 {Ope-

2385 2753 2487 2823 ψεν
2530 2754 2588 2806 ὲν
2631 2756 2697 2824 τῇ
2737 2754 2949 2824 ἐρήμῳ.
2998 2752 3393 2823 Εἰσκεκόμικεν
3447 2754 3530 2815 εις
3566 2752 3662 2823 τὴν
3701 2753 3806 2822 γῆν
3858 2752 3965 2819 τῆς

2385 2846 2748 2915 ἐπαγγελίας,
2802 2844 2928 2917 ἔθνη
2996 2845 3206 2913 μεγάλα
3258 2845 3352 2897 καὶ
3408 2843 3769 2914 μαχιμώτατα
3820 2844 3961 2897 καθα

2386 2938 2529 3007 άπερ
2574 2934 2817 2998 ἀκάνθας
2851 2933 3067 3001 ἐξελών.
3099 2935 3207 2987 Kal.
3234 2933 3392 2987 τοῦτο
3429 2934 3560 3003 ἡμῖν
3596 2936 3625 2987 ό
3672 2933 3963 2995 θεσπέσιος

2386 3027 2548 3080 Δαϐὶδ
2592 3025 2883 3097 ητεδήλου
2930 3025 3102 3091 λέγων
3140 3024 3276 3095 πρὸς
3309 3024 3400 3078 τὸν
3428 3024 3539 3077 τῶν
3571 3024 3707 3078 ὅλων
3737 3026 3969 3093 σωτῆρα

2386 3116 2479 3169 καὶ
2510 3116 2824 3185 λυτρωτὴν·
2863 3132 2880 3164 ι
2922 3111 3196 3183 Ἄμπελον
3244 3111 3303 3178 ἐξ
3350 3112 3623 3179 Αἰγύπτου
3691 3113 3965 3181 μετῆραςσ

720 3201 915 3257 ﬂuvios
946 3204 1270 3272 propagines
1297 3220 1423 3259 suas
1445 3200 1509 3258 “.
1554 3222 1574 3257 ι
1605 3205 1722 3277 θα
1743 3205 1871 3261 Erat
1905 3207 2069 3276 enim,
2113 3208 2285 3278 inquit

2388 3204 2639 3271 ἐξέϐαλες
2669 3204 2817 3273 ἔθνη,
2846 3204 2941 3258 καί.
2972 3202 3377 3271 κατεφύτευσας
3404 3203 3591 3272 αὐτὴν,
3622 3202 3968 3270 ὡδοποίησος-

719 3295 980 3364 propheta
1011 3293 1296 3362 Jeremias,
1344 3297 1472 3351 vitis
1507 3293 1739 3354 fecunda
1786 3300 2050 3370 pampinis
2097 3301 2286 3367 Israel,

723 3400 780 3442 et
814 3387 941 3443 felix
970 3388 1182 3444 fructus
1207 3390 1345 3460 ejus.
1380 3388 1485 3444 Sed
1514 3402 1640 3445 cum
1656 3387 1979 3447 demandata
2006 3402 2149 3449 esset
2172 3394 2288 3465 eius

724 3480 963 3534 colendae
1020 3495 1148 3535 cura
1204 3479 1539 3551 principibus
1605 3482 1827 3551 populi,
1891 3483 2028 3539 adeo
2072 3484 2289 3553 injustis

725 3571 901 3625 modis
923 3581 1310 3640 oppresserunt
1338 3571 1564 3627 herilem
1582 3573 1815 3638 vineam,
1846 3582 1903 3628 ut
1924 3571 2035 3643 jam
2060 3574 2283 3630 incensa

724 3662 938 3731 penitus
982 3676 1101 3717 esse
1126 3662 1387 3716 videatur.
1418 3655 1569 3718 Hanc
1600 3662 1760 3734 igitur
1782 3676 2000 3719 causam
2030 3665 2290 3736 impinget

725 3746 856 3817 illis,
915 3751 1064 3806 hisce
1118 3752 1300 3807 verbis
1354 3769 1371 3807 :
1423 3746 1526 3807 Vos
1566 3768 1662 3807 cur
1716 3750 2048 3809 incendiStis.
2076 3756 2286 3809 vineam

726 3840 946 3895 meam?
972 3839 1107 3894 Nam
1141 3854 1275 3909 quos
1315 3853 1528 3909 atquum
1566 3853 1680 3895 erat
1709 3842 1856 3896 illam
1884 3843 2047 3897 vitem
2086 3839 2287 3897 intelli-

726 3931 973 4003 gibilem,
1006 3930 1262 3984 nimirum
1289 3929 1563 3996 lsraelem,
1589 3928 1907 3988 fertiliorem
1938 3933 2185 3999 reddere,
2233 3934 2285 3988 hi

726 4026 795 4078 ad
828 4022 1137 4077 vastitatem
1185 4021 1407 4076 omnino
1446 4021 1820 4089 reduxerunt,
1870 4019 2197 4093 aridamque
2233 4033 2289 4079 et

726 4111 975 4170 inutilem
1003 4114 1136 4168 hero
1164 4109 1480 4167 ell'ecerunt.
1516 4111 1600 4167 Ab
1639 4114 1744 4169 illis
1793 4115 1975 4184 itaque
2021 4124 2283 4170 succensa

725 4214 831 4270 est,
852 4219 882 4258 a
910 4203 1107 4274 quibus
1141 4204 1347 4271 turgida
1379 4202 1552 4258 hotris
1580 4202 1696 4259 ﬁeri
1719 4243 1734 4270 ,
1770 4203 2145 4275 fructibusque
2171 4222 2291 4275 gra-

725 4292 871 4355 vida,
916 4300 973 4345 et
1006 4289 1075 4344 ab
1106 4290 1251 4344 omni
1288 4291 1614 4347 detrimento
1664 4293 1921 4348 immunis
1975 4295 2287 4351 conservari

725 4380 931 4436 debuit.
963 4378 1083 4435 Jam
1120 4380 1570 4449 quemadmodum
1605 4377 1743 4438 hanc
1768 4384 1983 4437 vineam
2036 4383 2289 4450 intelligi-

722 4468 886 4525 hilem
914 4470 1218 4526 incendisse
1247 4470 1516 4538 dicantur,
1551 4470 1735 4527 videre
1786 4482 1872 4528 est
1920 4482 2101 4543 opera:
2157 4489 2284 4544 pre-

2388 3294 2692 3368 ἔμπροσθεν
2719 3295 2887 3364 αὐτῆς
2912 3311 2925 3325 ·
2956 3290 3227 3356 ἐξέτεινας
3255 3293 3323 3346 τὰ
3347 3293 3601 3364 κλήματα
3646 3292 3819 3362 αὐτῆς
3858 3294 3965 3355 ἔρως

2390 3388 2687 3456 θαλάσσης,
2736 3385 2830 3438 καὶ
2861 3378 2965 3447 ἕως
3009 3384 3269 3454 ποταμῶν
3305 3384 3662 3456 παραφυάδας
3700 3384 3891 3452 αὐτῆς.
3938 3403 3963 3437 s

2389 3478 2582 3546 Γέγονε
2616 3476 2747 3547 γὰρ,
2780 3475 2855 3537 ὠς
2886 3477 3170 3545 προφήτης
3198 3475 3360 3545 φησὶν
3402 3476 3689 3546 Ἱερεμίας,
3717 3473 3967 3544 ἄμπελος

2389 3564 2804 3639 εὐκληματοῦσα
2856 3565 3093 3635 Ἰσραὴλ,
3134 3560 3230 3619 καὶ
3260 3567 3295 3618 ὁ
3336 3564 3547 3636 καρπὸς
3591 3566 3833 3636 εὐθηνῶν
3864 3564 3967 3617 αὒ-

2388 3654 2506 3730 τῆς.
2549 3652 2711 3712 Ἀλλά
2741 3658 2995 3727 τετάχασι
3046 3657 3143 3726 μὲν
3191 3657 3270 3720 εἰς
3298 3658 3577 3727 γεωργοὺς
3621 3658 3671 3709 οἰ
3703 3656 3966 3727 καθηγεῖ-

2391 3750 2513 3803 σθαι
2560 3749 2854 3819 λαχόντες·
2889 3747 3182 3818 ἠδικήκασι
3226 3746 3283 3799 δὲ
3330 3747 3502 3812 οὕτως
3530 3747 3827 3818 ἀμπελῶνα
3869 3749 3965 3802 τὸν

2388 3838 2725 3905 δεσποτικὸν,
2753 3840 2828 3903 ὡς
2844 3842 2921 3902 εἰς
2937 3840 3081 3893 ᾶπαν
3101 3838 3200 3909 ήδη
3225 3838 3319 3892 καὶ
3340 3832 3725 3908 ἐμπεπρῆσθαι
3760 3838 3962 3893 δοκεῖν.

2389 3928 2606 4002 Ταύτην
2634 3926 2726 3987 οὖν
2768 3932 2875 4000 ἄρα
2896 3929 2996 4001 τὴν
3030 3929 3209 3983 αἰτίαν
3236 3929 3396 3990 αὐτὸς
3421 3930 3707 3999 ποιήσεται
3745 3929 3926 3994 λέγων
3946 3948 3960 3960 ·

2401 4016 2588 4091 Ὑμεῖς
2643 4014 2701 4073 δὲ
2741 4018 2792 4072 τί
2839 4018 3193 4088 ένεπυρίσατε
3235 4016 3324 4069 τὸν
3352 4016 3647 4087 ἀμπελῶνά
3677 4034 3815 4087 μου;
3850 4018 3966 4083 Οὓς

2388 4114 2495 4184 γὰρ
2524 4108 2592 4182 ἦν
2620 4109 2766 4174 εἰκὸς
2805 4110 2900 4164 zeal.
2942 4107 3325 4179 εὐτελεστέραν
3361 4108 3678 4178 ἀποφαίνειν
3706 4112 3802 4180 τὴν
3830 4127 3964 4180 νοη-

2387 4204 2486 4276 τὴν
2512 4203 2725 4274 ἐκείνην
2754 4196 2847 4254 καὶ
2875 4195 3318 4270 εὐκληματοῦσαν
3346 4199 3607 4268 ἄμπελον,
3637 4199 3781 4252 τοῦτ’
3818 4199 3964 4266 ἐστι,

2387 4290 2477 4346 τὸν
2517 4292 2751 4364 Ἰσραὴλ,
2777 4283 2923 4344 οὗτοι
2970 4289 3332 4360 κατεκόμισαν
3372 4290 3452 4352 εἰς
3493 4291 3772 4361 ἐρήμωσιν
3822 4308 3965 4344 παν-

2387 4384 2536 4455 τελῆ,
2559 4380 2728 4454 ξηράν
2749 4399 2807 4434 τε
2836 4380 2929 4435 καὶ
2947 4380 3217 4451 ἄχρηστον
3237 4379 3571 4433 ἀπετέλεσαν
3597 4381 3674 4452 τῷ
3698 4381 3959 4453 δεσπότῃ.

2401 4473 2834 4548 Ἐμπεπύρισται
2864 4473 2920 4527 δὲ
2951 4465 3128 4528 τοίνυν
3156 4474 3285 4542 παρ’
3310 4464 3385 4526 ὧν
3425 4473 3571 4536 εἰκὸς
3599 4469 3667 4544 ἦν
3693 4473 3961 4545 εὖϐοτρυν

722 4563 880 4617 tium.
947 4548 1241 4632 Oportehai
1300 4564 1444 4618 enim
1499 4578 1592 4619 eos
1647 4564 1739 4635 qui
1784 4563 2014 4621 docendi
2069 4543 2279 4621 muneri

2391 4543 2611 4620 ἔσεσθαι
2633 4543 2727 4621 καὶ
2759 4567 2988 4637 καρποῖς
3008 4564 3292 4635 διαϐρυθῆ,
3332 4563 3426 4618 καὶ
3470 4543 3669 4627 παντὸς
3698 4543 3961 4618 ἐπέκεινα

720 4662 1010 4724 pratorum,
1044 4662 1099 4708 et
1128 4653 1220 4723 qui
1249 4654 1421 4725 legem
1468 4652 1543 4710 ad
1566 4658 1745 4711 omnia
1782 4670 1904 4725 qua:
1929 4654 2040 4710 Deo
2067 4655 2285 4726 placent

728 4752 1020 4803 ducentem
1061 4748 1333 4815 tenebant,
1364 4765 1474 4819 pra:
1516 4752 1723 4805 caeteris
1764 4750 1831 4804 ad
1870 4750 2003 4820 legis
2041 4750 2287 4819 praescri-

721 4846 877 4908 ptum
907 4836 1108 4903 vivere,
1139 4848 1193 4893 et
1216 4837 1445 4907 justitize
1480 4836 1647 4907 gloria
1671 4835 1879 4900 ornari,
1912 4835 1983 4888 ita
2011 4843 2069 4889 ut
2098 4846 2285 4889 eorum

720 4931 833 4988 vita
860 4968 876 4995 ,
933 4929 1223 4999 singularis
1262 4929 1542 4999 cujusdam
1588 4927 2108 4997 perfectissimteque
2163 4926 2287 4983 vita:

723 5019 1001 5089 exemplar
1032 5020 1300 5089 quoddam
1328 5029 1384 5074 et
1415 5020 1595 5088 imago
1620 5027 1765 5072 esset
1790 5016 1987 5087 populo
2017 5016 2119 5071 sibi
2160 5017 2287 5072 sub-

723 5109 857 5165 dito.
890 5111 1187 5179 Oportebat
1237 5118 1501 5180 praeterea
1534 5120 1629 5162 eos
1665 5106 1800 5176 legis
1845 5107 2185 5165 institutione
2220 5110 2287 5165 ad

719 5214 936 5256 omnem
968 5202 1294 5271 probitatem
1318 5199 1562 5255 subditos
1592 5198 1881 5267 adducere,
1910 5200 2285 5269 delinquentes

722 5307 1047 5365 coarguere,
1077 5294 1257 5363 lapsos
1279 5292 1490 5363 erigere
1513 5329 1529 5356 ,
1576 5290 1792 5361 pietatis
1824 5293 1930 5346 iter
1957 5302 2287 5356 monstrare,

721 5394 776 5439 et
804 5387 870 5441 ad
914 5384 1291 5455 praestantiora
1342 5382 1657 5448 informare,
1695 5391 1748 5438 et
1778 5386 2100 5453 persuadere
2142 5397 2199 5439 ut
2226 5388 2278 5439 in

723 5475 885 5531 ﬁnem
919 5476 1074 5545 legis,
1104 5474 1402 5539 Christum,
1438 5474 1681 5545 inquam,
1702 5475 2049 5544 respicerent.
2089 5494 2107 5527 ι
2130 5475 2280 5531 Finis

720 5567 864 5622 enim
892 5565 1025 5636 legis
1053 5574 1107 5620 et
1139 5565 1521 5634 prophetarum
1551 5565 1799 5624 Christus
1833 5562 1899 5623 δ’.
1931 5586 1949 5621 ι
1973 5567 2049 5625 De
2066 5579 2135 5625 eo
2152 5582 2278 5625 vero

794 5726 835 5758 ³⁵
866 5720 1005 5779 Psal.
1046 5735 1231 5786 Lxxlx,
1264 5720 1408 5778 9-12.
1487 5724 1529 5757 ³⁷
1562 5726 1719 5783 Rom.
1757 5738 1812 5789 Χ,
1845 5722 1897 5776 4ο

2390 4656 2637 4728 βλάϐους.
2692 4657 2825 4712 Τίνα
2876 4653 2936 4711 δὲ
2977 4657 3178 4729 τρόπον
3220 4656 3525 4727 ὲμπυρίσαι
3573 4655 3826 4724 λέγονται
3862 4656 3960 4710 τὸν

2385 4748 2575 4820 νοητὸν
2605 4747 2936 4819 ἀμπελῶνα,
2972 4745 3090 4810 πῶς
3122 4747 3223 4801 οὐκ
3251 4745 3400 4812 ἀξιον
3455 4744 3613 4808 ίδεῖν;
3672 4744 3817 4798 Ἔδει
3853 4744 3961 4815 μὲν

2387 4840 2496 4911 γὰρ
2522 4834 2583 4892 τὸ
2617 4834 2988 4892 διδασκαλικὸν
3017 4830 3239 4909 ἔχοντας
3280 4836 3635 4908 ἐπιτήδευμα,
3670 4836 3764 4889 καὶ
3790 4835 3960 4906 νόμον

2387 4931 2590 4994 εἰδότας
2642 4926 2733 4983 τὸν
2785 4928 2865 4993 εἰς
2906 4930 3012 4983 πᾶν
3067 4927 3246 4982 ὁτιοῦν
3280 4927 3621 4998 ἀποφέροντα
3672 4927 3780 4979 τῶν
3826 4928 3960 4998 ἀρε-

2388 5020 2624 5079 σκόντων
2655 5022 2794 5094 Θεῷ,
2824 5016 2920 5077 καὶ
2964 5021 3070 5093 πρό
3114 5038 3178 5091 γε
3229 5018 3336 5075 τῶν
3386 5020 3560 5075 mm»;
3604 5020 3961 5090 ὲννομὼτατά

2384 5128 2443 5169 τε
2476 5112 2665 5186 διαξῇν
2718 5114 2933 5177 αὐτοὺς,
2985 5107 3077 5167 zeal.
3119 5108 3232 5177 τοῖς
3270 5115 3353 5175 είς
3398 5106 3739 5181 δικαιοσύνην
3775 5113 3954 5182 αὐχή-

2387 5224 2552 5277 μασιν
2577 5201 2635 5259 εὗ
2673 5205 2818 5275 μάλα
2844 5200 3366 5268 κατακαλλύνεσθαι,
3389 5201 3529 5255 ὥστε
3549 5204 3646 5272 τῆς
3673 5202 3957 5273 ὲξαιρέτου

2387 5294 2532 5367 ζωῆς
2562 5294 2732 5348 τύπον
2762 5294 2949 5364 ὥσπερ
2988 5294 3109 5347 τινά
3158 5292 3251 5346 καὶ
3286 5290 3470 5345 εἰκόνα
3498 5292 3607 5344 τῶν
3650 5292 3753 5344 ὑπὸ
3796 5296 3959 5363 χεῖρα

2385 5388 2529 5440 λαῶν
2556 5387 2646 5440 τὸν
2676 5386 2853 5439 αὐτῶν
2876 5385 3126 5453 γενέσθαι
3164 5385 3297 5455 βίον.
3335 5380 3466 5436 Εἶτα
3488 5383 3623 5452 πρὸς
3652 5382 3827 5452 τούτῳ
3858 5384 3954 5436 καὶ

2384 5478 2504 5539 ταῖς
2532 5477 2595 5530 ὲκ
2617 5476 2781 5546 νόμου
2812 5475 3206 5543 παιδαγωγίαις
3232 5471 3586 5543 ἀποκομίζειν
3606 5459 3952 5542 ἧθελονέτοὺς

2387 5566 2821 5637 ὗπεζευγμένους
2862 5565 2995 5638 πρὸς
3045 5566 3169 5627 πᾶν,
3199 5565 3377 5619 ὁτιοῦν
3424 5562 3531 5616 τῶν
3576 5560 3817 5631 ἀγαθῶν,
3856 5560 3955 5615 καὶ
