4178 6512
278 426 381 481 ιη

1410 420 1485 481 ΙΝ
1518 426 1753 484 ISAIAM
1785 425 1915 484 LIB.
1952 424 1995 486 Ι.
2035 426 2251 488 οιιΑΤς
2286 425 2375 488 lll.

3414 430 3529 490 H31

280 534 730 607 πλημμελοῦντας
744 534 1026 607 mnam,
1060 541 1151 593 καὶ
1188 540 1446 607 παίοντας
1458 560 1469 563 ⁷·
1494 544 1829 617 ἐπανορθοῦν

1954 548 2131 605 Moses
2157 549 2367 605 locutus
2395 558 2480 603 est
2512 549 2565 605 in
2596 551 2803 605 umbris
2834 564 2898 605 ac
2936 550 3145 621 figuris,
3166 592 3169 597 .
3190 547 3385 619 priscis
3415 549 3515 604 ho-

278 627 372 680 καὶ
399 628 498 698 τῆς
526 627 806 692 εὐσεϐείας
835 630 1241 687 καταδεικνύειν
1264 634 1365 706 τὴν
1398 634 1536 701 ὁδὸν,
1588 637 1682 690 καὶ
1710 638 1848 709 πρὸς

276 719 344 772 τά
371 719 578 789 ἀμείνω
602 720 986 789 παιδαγωγεῖν,
1014 723 1109 777 καὶ
1154 724 1293 794 πρὸς
1335 724 1395 778 τὸ
1426 726 1520 779 τοῦ
1550 728 1714 799 νόμου
1755 729 1847 782 τὲ-

275 808 365 871 λος
392 808 704 863 ἀναπείθειν
730 812 884 881 δρᾷν,
922 814 1064 882 φημὶ
1086 812 1161 885 δὴν
1181 815 1418 884 Χριστόν
1436 833 1450 848 ·
1494 836 1523 870 ιι
1548 818 1845 891 Τέλοςγάρ

274 900 438 969 νόμου
464 901 573 953 xui
600 900 897 973 προφητῶν
930 904 959 956 ό
996 904 1251 975 Χριστός.
1289 926 1307 958 ι
1342 906 1455 961 Καὶ
1507 912 1636 982 περὶ
1680 911 1844 965 αὐτοῦ

271 988 564 1059 λελάληκεν
593 992 622 1043 ό
652 990 859 1060 Μωσῆς
886 990 974 1045 διά
1027 996 1183 1058 σκιᾶς
1231 995 1323 1049 καὶ
1352 996 1559 1064 τύπων,
1605 1015 1843 1069 προανα-
1877 1024 1884 1030 ·

271 1080 466 1150 φωνῶν
502 1085 619 1146 τοῖς
660 1082 826 1138 πάλαι
856 1082 918 1136 τὸ
944 1084 1145 1140 σεπτὸν
1187 1087 1282 1140 καὶ
1330 1087 1472 1158 μέγα
1521 1092 1838 1160 μυστήριον.

284 1171 446 1226 ’Λλλά
472 1172 676 1226 τούτων
704 1172 960 1227 ἁπάντων
1002 1176 1376 1246 ὴφειδηκότες,
1416 1178 1571 1233 αὐτοί
1604 1196 1662 1232 τε
1699 1176 1841 1252 ἦσαν

270 1266 496 1334 πονηροὶ
543 1266 681 1329 τοὺς
718 1265 984 1337 τρόπους,
1032 1267 1276 1338 ἀχάλινοι
1331 1270 1468 1341 πρὸς
1510 1271 1838 1341 πλεονεξίαν,

269 1354 527 1426 ἀκρατεῖς
558 1359 636 1421 είς
675 1357 1039 1428 φιλοκερδίας,
1056 1359 1235 1428 ὀλίγου
1255 1361 1533 1425 παντελῶς
1567 1362 1841 1428 ἀξιοῦντες

270 1445 428 1514 λόγου
469 1448 533 1501 τὸ
558 1449 766 1518 κρίνειν
807 1447 983 1520 ὀρθῶς
1003 1464 1018 1479 ·
1058 1450 1153 1505 καὶ
1187 1444 1268 1514 οἷς
1296 1446 1365 1521 ἦν
1390 1451 1609 1522 ἄμεινον
1646 1455 1842 1525 ἑπερυ-

271 1535 462 1606 Θριᾷν,
518 1538 605 1590 ἐπ’
658 1539 839 1601 αὐτοῖς
886 1537 951 1608 δὴ
1002 1537 1214 1602 τούτοις
1265 1541 1522 1610 ἐπαυχεῖν
1568 1541 1838 1606 εἰωθότες

282 1624 721 1696 Ἐμπεπύρισται
750 1627 925 1680 τοίνυν
953 1628 982 1680 ό
1008 1628 1289 1699 ἀμπελὼν,
1317 1629 1440 1684 οὕτε
1495 1631 1573 1703 τῷ
1605 1632 1703 1704 βίῳ
1732 1634 1841 1687 τῶν

269 1715 633 1785 καθηγεῖσθαι
679 1717 949 1787 λαχόντων
984 1718 1379 1789 ὠφελούμενος,
1424 1720 1546 1775 οὔτε
1585 1722 1691 1793 μὴν
1720 1726 1841 1787 ταῖς

271 1809 525 1875 νομικαῖς
555 1809 867 1879 εἰσηγήσεσι
897 1809 1407 1880 παιδαγιινγούμενος
1442 1814 1521 1875 είς
1547 1813 1713 1884 ὀρθὴν
1743 1814 1836 1866 καὶ

1949 640 2184 695 minibus
2242 640 2606 696 venerandum
2658 650 2714 694 et
2776 656 3031 712 magnum
3086 639 3518 711 prasignillcans

1946 733 2261 802 mysterium
2285 749 2301 799 ;
2339 730 2660 799 contemptis
2686 741 2941 787 ueterum
2974 732 3223 787 omnibus
3242 732 3331 787 his
3353 770 3387 796 ,.
3410 731 3513 802 ipsi

1943 834 2100 878 erant
2122 824 2362 878 moribus
2389 821 2642 892 improbi,
2672 823 2906 885 habendi
2931 824 3229 893 cupiditate
3256 820 3511 883 eﬂ‘renes.

1944 914 2263 983 impotentes
2295 913 2362 967 ad
2385 915 2688 977 avaritiam,
2720 912 2869 982 parvi
2905 912 3167 968 ducentes
3199 923 3347 970 recte
3371 914 3515 984 judi-

1942 1018 2111 1058 care:
2157 1003 2309 1058 etde
2345 1003 2540 1073 quibus
2594 1005 2763 1058 satius
2807 997 2997 1057 fuisset
3051 1002 3404 1064 erubescere.
3461 1002 3514 1055 iu

1943 1093 2026 1149 his
2059 1093 2191 1162 ipsis
2230 1092 2374 1148 soliti
2419 1103 2547 1147 sunt
2581 1092 2883 1163 superbire.
2943 1087 3169 1147 Incensa
3211 1098 3314 1145 est-
3350 1092 3514 1160 igitur

1940 1184 2117 1250 vinea,
2148 1199 2306 1253 quam
2333 1199 2432 1239 nec
2456 1185 2562 1238 vita
2591 1198 2778 1239 eorum
2815 1184 2905 1255 qui
2933 1182 3163 1239 docendi
3203 1182 3349 1236 vices
3384 1196 3513 1251 ges-

1941 1287 2157 1342 serunt,
2201 1275 2423 1344 adjuvit,
2472 1291 2572 1330 nec
2610 1276 2745 1346 legis
2806 1275 3106 1330 rudimenta
3151 1286 3214 1327 ac
3270 1270 3559 1337 iutrodu-i

1940 1364 2145 1419 ctiones
2169 1363 2527 1418 informarunt
2557 1364 2631 1417 ad
2642 1363 2854 1419 rectam
2884 1373 2939 1418 et
2970 1361 3295 1431 inculpatam
3318 1360 3508 1421 vitam,

1940 1456 2131 1509 vel'ad
2178 1454 2507 1525 agnitidnem
2543 1455 2788 1519 Christi,
2840 1453 3065 1519 Christi,
3121 1452 3363 1521 inquam,
3417 1449 3515 1516 qui

1936 1542 2049 1613 jam
2075 1544 2129 1598 in
2153 1554 2297 1599 terra
2334 1545 2686 1615 resplenduit,
2711 1554 2766 1599 et
2804 1544 3102 1600 luculenter
3120 1543 3251 1599 dicit
3284 1558 3300 1596 :
3338 1560 3357 1593 ι
3398 1538 3510 1610 Ego

1940 1649 2059 1689 sum
2103 1633 2192 1688 lt“
2231 1635 2449 1699 mundi,
2498 1649 2597 1705 ego
2640 1650 2756 1690 sum
2803 1635 2909 1699 via,
2958 1643 3013 1689 et
3060 1646 3157 1704 ego
3203 1646 3320 1689 sum
3366 1630 3509 1684 veri--

1942 1736 2023 1782 tas
2048 1725 2111 1781 ⁸⁸.
2145 1744 2164 1779 ›
2223 1722 2364 1794 Ergo
2423 1726 2697 1781 audiant;
2745 1725 2882 1791 Quid
2931 1723 3241 1778 incendistis
3296 1720 3509 1776 vincant

1941 1824 2207 1881 meam,et
2226 1814 2454 1884 direptio
2484 1812 2734 1884 pauperis
2760 1813 2811 1866 iu
2846 1812 3003 1866 domo
3021 1810 3231 1866 vestra?
3257 1808 3394 1875 Quid
3416 1823 3515 1863 vos

271 1895 636 1965 ἀνεπίληπτον
681 1896 859 1967 ζωὴν,
899 1900 1062 1969 ἢγουν
1106 1901 1185 1962 εἰς
1229 1901 1532 1968 ἐπίγνωσιν
1569 1902 1830 1974 Χριστοῦ,

1938 1905 2127 1973 injuria
2167 1904 2385 1959 aiﬁcitis
2413 1905 2662 1973 populum
2697 1919 2895 1966 meum,
2922 1912 2970 1957 et
3010 1901 3507 1970 facies-pauperum

270 1982 363 2035 καὶ
396 1984 569 2037 τοῦτο
607 1985 1008 2055 ἐπιλάμψαντος
1044 2004 1109 2040 τε
1135 1989 1235 2059 ἤδη
1272 1992 1384 2051 τοῖς
1420 1990 1513 2042 ἐπὶ
1565 1991 1666 2060 τῆς
1710 1991 1835 2061 γῆς,

266 2073 362 2126 καὶ
415 2073 663 2143 λέγοντος
722 2077 1003 2147 ἐναργῶς·
1044 2096 1071 2130 c
1112 2079 1254 2148 Ἐγὼ
1308 2081 1423 2149 είμι
1462 2080 1525 2133 τὸ
1573 2081 1689 2150 φῶς
1740 2080 1838 2133 τοῦ

264 2165 494 2233 κόσμου,
527 2167 638 2234 ἐγώ
666 2169 779 2238 είμι
806 2172 837 2241 ἡ
882 2171 1018 2237 ὁδὸς,
1054 2171 1148 2226 καὶ
1178 2170 1287 2241 ἐγώ
1318 2175 1431 2243 είμι
1462 2175 1495 2245 ἡ
1529 2174 1773 2247 ἀλήθεια.
1811 2194 1830 2229 ι

276 2255 646 2310 Ἀκουέτωσαν
686 2260 865 2313 τοίνυν
887 2278 902 2292 ·
949 2262 1138 2331 Ὑμεῖς
1170 2263 1227 2316 δὲ
1251 2263 1305 2316 τί
1341 2264 1698 2336 ἑνεπυρίσατε
1744 2267 1836 2321 τὸν

263 2345 562 2413 ἀμπελῶνά
612 2365 735 2417 μου,
770 2351 865 2405 καὶ
901 2352 935 2422 ὴ
986 2352 1209 2426 ἁρπαγὴ
1241 2352 1335 2406 τοῦ
1369 2355 1585 2425 πτωχοῦ
1619 2358 1677 2409 ὲν
1724 2356 1837 2419 τοῖς

262 2435 433 2501 οίκοις
459 2438 641 2508 ὑμῶν;
675 2440 739 2493 Τί
765 2443 925 2513 ὑμεῖς
954 2443 1187 2497 ἀδικεῖτε
1214 2442 1312 2497 τὸν
1334 2443 1461 2498 λαόν
1494 2463 1614 2515 μου,
1650 2448 1744 2500 καὶ
1767 2447 1837 2500 τὰ

264 2529 532 2599 πρόσωπα
579 2533 689 2587 τῶν
738 2535 973 2605 πτωχῶν
1012 2537 1433 2608 καταισχύνετες
1487 2539 1836 2609 Συνήρπαζον

261 2620 370 2692 γὰρ
401 2623 529 2686 τοὺς
563 2628 810 2697 πτωχοὺς
839 2630 919 2692 είς
953 2628 1165 2684 σύνεσιν
1191 2632 1284 2684 επὶ
1309 2632 1368 2685 τὸ
1402 2630 1586 2696 αὐτοῖς
1617 2632 1831 2699 δοκοῦν,

264 2711 361 2763 καὶ
392 2715 846 2786 καταισχύνεσθαι
894 2719 1306 2789 παρεσκεύαζον
1331 2720 1400 2775 τά
1425 2724 1706 2794 ’πρόσωπα
1740 2723 1838 2777 αύ-

261 2800 391 2853 τῶν.
452 2802 661 2875 Ὀνπερ
704 2808 813 2878 γὰρ
849 2808 1050 2878 τρόπον
1089 2811 1145 2862 οἰκ
1193 2810 1291 2882 τῆς
1323 2811 1666 2884 δικαιοσύνης
1713 2815 1834 2867 ὲπι-

265 2890 493 2964 μιληταὶ
546 2898 828 2968 μονονουχὶ
872 2899 1107 2971 λαμπρῷ
1155 2902 1447 2973 προσώπῳ,
1495 2905 1592 2957 καὶ
1631 2904 1833 2976 πολλῆς

261 2981 483 3052 γέμοντι
513 2988 824 3058 παρρησίας
855 2990 912 3044 ἐν
940 2976 1235 3059 ὀφθαλμοῖς
1263 2994 1525 3065 ἑστήκασι
1554 2995 1645 3048 τοῦ
1673 2995 1829 3060 Θεοῦ,

261 3072 402 3127 οὕτω
437 3076 615 3147 φαμὲν
647 3078 773 3143 τοὺς
818 3079 918 3150 τῆς
966 3081 1294 3153 φαυλότητος
1323 3084 1558 3154 ὲραστάς
1605 3086 1831 3154 στυγνόν

1938 1996 2301 2065 pudel‘acitis?
2352 1997 2709 2049 Attraxerunt
2769 1993 2912 2049 enim
2977 2006 3241 2063 pauperes
3287 1994 3353 2045 ad
3396 1986 3505 2061 61

1939 2086 2302 2156 cognitionem
2355 2095 2519 2155 prout
2574 2085 2703 2154 ipsis
2731 2084 2905 2139 visum
2947 2083 3067 2147 fuit,
3123 2091 3283 2153 atque
3324 2080 3504 2137 vultus

1937 2191 2122 2235 eorum
2145 2178 2320 2234 conati
2348 2186 2473 2233 sunt
2501 2174 2839 2247 pudefacere.
2871 2173 3330 2243 Quemadmodum
3357 2173 3503 2228 enim

1932 2270 2166 2342 iustitiae"
2186 2269 2442 2334 cultores,
2486 2276 2693 2323 tantum
2729 2282 2836 2322 non
2886 2266 3054 2321 nitido
3106 2264 3258 2320 vultu
3296 2263 3505 2318 multa-

1943 2375 2046 2431 que
2070 2362 2229 2432 pleno
2258 2361 2450 2416 fiducia
2482 2360 2535 2414 in
2562 2359 2736 2414 oculis
2764 2356 2855 2413 Dei
2888 2366 3151 2413 steterant
3199 2372 3212 2409 :
3262 2356 3336 2411 ita
3370 2354 3504 2410 dici-

1935 2466 2058 2505 mus
2087 2451 2233 2505 vitiis
2262 2450 2503 2504 addictos
2538 2447 2783 2504 tetricum
2832 2463 2893 2502 ac
2928 2448 3133 2501 tristem
3188 2443 3496 2513 ruboreque

1937 2557 2001 2597 ac
2030 2541 2235 2613 pudore
2272 2551 2535 2610 opertam,
2582 2542 2762 2596 cordis
2795 2539 2988 2596 faciem
3021 2552 3252 2609 gcsmre.
3298 2536 3403 2589 Sed
3441 2544 3498 2589 ut

1938 2634 1983 2688 is
2029 2634 2122 2703 qui
2177 2632 2244 2688 ad
2296 2630 2655 2701 cognitionem
2693 2632 3009 2701 paedagogus
3061 2639 3163 2692 est,
3204 2641 3497 2696 rerumque

1938 2722 2430 2791 pulcherrimarum
2459 2720 3094 2790 prmanonstratorJuvat
3128 2736 3141 2774 :
3178 2719 3256 2773 sic
3289 2734 3515 2782 omnes,

1936 2812 2118 2878 credo,
2142 2812 2230 2881 qui
2260 2812 2507 2866 doctores
2529 2811 2760 2864 ordinati
2786 2820 2930 2874 sunt,
2956 2810 3351 2863 incommodum
3374 2807 3502 2862 affe-

1938 2912 2079 2969 rent,
2099 2901 2200 2957 nisi
2220 2916 2398 2956 rerum
2419 2900 2704 2954 meliorum
2725 2909 2990 2953 amantem
3008 2899 3248 2953 efﬁciant
3267 2914 3386 2952 eum
3410 2899 3501 2967 qui

1936 2991 2257 3046 instituitur.
2287 2988 2504 3044 Rubore
2531 3003 2765 3057 namque
2793 2987 2985 3041 faciem
3012 2989 3131 3058 ejus
3160 2986 3498 3050 sullundunt,

1934 3090 1988 3138 et
2015 3083 2106 3153 qui
2136 3081 2359 3136 scientia
2390 3096 2594 3151 pauper
2624 3091 2705 3134 est
2730 3094 2793 3133 ac
2829 3081 3177 3141 tenuis,.eum
3210 3080 3509 3134 detrudunt

260 3179 318 3216 τε
354 3166 447 3219 καὶ
466 3166 704 3236 ἀμειδὲς,
733 3170 992 3243 αίσχύνης
1021 3190 1081 3225 τε
1105 3174 1200 3227 καὶ
1232 3175 1496 3246 ἐντροπῆς
1526 3177 1828 3247 ἀνάμεστον

1938 3189 2120 3243 prope,
2152 3181 2205 3226 et
2232 3172 2444 3240 rapiunt
2472 3172 2537 3224 ad
2574 3170 2831 3239 turpiOra.
2874 3166 3037 3223 Erant
3074 3171 3200 3223 item
3235 3169 3496 3240 alloquo-

258 3255 441 3343 τὸτῆς
470 3259 694 3329 καρδίας
716 3240 1002 3332 πρόσωπον
1022 3263 1185 3334 ἔχειν.
1215 3240 1353 3319 Ἀλλ’
1379 3240 1566 3338 ῶσπερ
1590 3240 1828 3340 ὀνίνησιν

1938 3278 2038 3332 que
2062 3261 2414 3328 modoinjusti
2435 3278 2494 3314 ac
2519 3276 2739 3325 rapaces
2786 3258 3093 3343 Judaeorum
3129 3260 3291 3314 duces
3324 3300 3338 3324 ,
3362 3274 3489 3315 cum

258 3341 306 3393 ό·
325 3342 686 3413 παιδαγωγῶν
721 3349 800 3411 είς
848 3350 1079 3418 σύνεσιν,
1121 3353 1213 3405 καὶ
1242 3354 1351 3407 τῶν
1382 3355 1683 3412 καλλίστων
1714 3358 1825 3410 είσ-

258 3433 487 3504 ηγητὴς,
532 3434 706 3500 οὕτως
756 3439 935 3494 ἀδικεῖ
972 3443 1268 3497 παστισοῦν
1319 3442 1470 3515 οἶμαι
1518 3447 1629 3501 τῶν
1668 3464 1824 3501 τετα-

256 3521 474 3591 γμένων
506 3526 587 3588 είς
629 3526 998 3597 διδασκάλους,
1027 3535 1075 3587 εί
1113 3534 1189 3605 μὴ
1214 3534 1322 3588 τῶν
1370 3536 1667 3607 ἀμεινόνων
1693 3540 1823 3607 ἐρα-

260 3612 391 3683 στὴν
418 3614 703 3688 ἀποτελοίη
742 3620 835 3672 τὸν
876 3622 1275 3694 παιδευόμενον.
1309 3626 1675 3697 Καταισχύνεί
1713 3627 1822 3699 γὰρ

1935 3352 2195 3407 dedecore
2248 3350 2632 3420 perfunderent
2680 3366 2974 3421 pauperum
3019 3350 3223 3416 facies,
3260 3359 3314 3404 et
3345 3349 3496 3403 locu»

1935 3442 2165 3513 pletibus
2198 3445 2651 3507 adhmrescerent,
2690 3442 2849 3495 etiam
2893 3440 3007 3510 lege
3030 3443 3242 3495 dicente
3277 3455 3291 3493 :
3329 3441 3498 3495 ,ιιιιιι-Δ

1930 3534 2294 3602 ciumjustum
2321 3534 2592 3605 judicate;
2622 3544 2676 3588 et
2717 3536 2917 3603 passim
2946 3532 3293 3604 praecipiente
3334 3533 3501 3586 :Non»

1929 3628 2161 3697 accipies
2191 3640 2481 3695 personam
2514 3627 2567 3680 in
2599 3626 2826 3696 judicio.

258 3705 445 3778 ῶσπερ
483 3709 562 3762 τὸ·
592 3711 878 3781 πρόσωπον
912 3715 1099 3782 αὐτοῦ,
1147 3719 1238 3772 καὶ
1270 3720 1482 3790 πτωχὸν
1508 3720 1648 3775 ὄντα·
1684 3722 1820 3791 πρὸς
1894 3719 2125 3786 σύνεσιν,
2171 3721 2451 3792 μονονουχὶ
2494 3720 2589 3773 καὶ
2653 3717 3060 3785 καταϐιάζεται,
3095 3719 3187 3771 καὶ
3222 3718 3499 3787 συναρπά-

258 3801 341 3866 ζει
373 3802 505 3873 πρὸς
547 3805 615 3859 τά
642 3807 855 3878 αίσχίω.
902 3804 1080 3866 Ἦσαν
1112 3812 1169 3867 δὲ
1194 3813 1288 3867 καὶ
1316 3814 1518 3884 ἑτέρως
1570 3815 1744 3869 ἄδικοί
1780 3831 1841 3869 τε
1878 3819 1982 3871 καῖ’
2007 3817 2253 3887 ἅρπαγες
2320 3814 2368 3867 οί
2408 3812 2516 3867 τῶν
2574 3811 2840 3868 Ἰουδαίων
2876 3814 3200 3886 neqvis-ai,
3235 3813 3326 3866 καὶ
3348 3828 3479 3866 κατ-

258 3894 601 3965 αισχύνοντες
667 3898 765 3968 μὲν
808 3900 878 3954 τά
928 3901 1035 3957 τῶν
1095 3904 1324 3975 πτωχῶν
1395 3908 1696 3978 πρόσωπα,
1750 3908 2134 3979 προσκείμενοι
2183 3907 2241 3960 δὲ
2284 3906 2594 3970 πλουσίοις,
2640 3906 2815 3961 καίτοι
2857 3907 2949 3961 τοῦ
3000 3908 3161 3977 νόμου
3213 3906 3493 3975 λέγοντος⁶

256 3984 447 4055 Κρίμα
477 3986 682 4041 δίκαιον
708 3989 948 4061 κρίνατε,
984 3993 1076 4047 καὶ
1120 3996 1538 4066 παρεγγυῶντος
1575 3999 1823 4071 πανταχῆ
1859 3999 1939 4065 τὸ,
1978 3998 2057 4051 Οὔ
2084 3996 2159 4068 μὴ
2188 3996 2333 4067 λήψῃ
2366 3996 2654 4065 πρόσωπον
2688 3997 2744 4047 ὲν
2772 3995 2971 4065 κρίσει.

336 4077 480 4133 Τάδε
532 4082 689 4151 ,λέγει
743 4085 958 4153 Κύριος
980 4100 993 4115 ⁸
1051 4087 1204 4141 Ἀνθ’
1236 4081 1324 4142 ὧν
1382 4088 1718 4158 ὺψώθησαν
1761 4095 1821 4147 al

253 4171 573 4242 θυγατέρες
613 4175 780 4240 Σιὼν,
814 4177 915 4231 καί
952 4178 1369 4247 ἐπορεύθησαν
1418 4181 1637 4251 ὑψηλῷ
1690 4198 1825 4251 τρα-

253 4262 444 4332 χήλῳ,
494 4265 592 4318 καὶ
636 4268 931 4337 νεύμασιν
978 4268 1315 4340 ὀφθαλμῶν,
1363 4271 1571 4342 καίτῇ
1617 4276 1827 4343 πορείᾳ

253 4354 373 4408 τῶν
425 4356 646 4423 ποδῶν,
699 4358 819 4428 ἅμα
867 4361 1169 4430 σύρουσαι
1211 4361 1351 4428 τοὺς
1398 4363 1669 4431 χιτῶνας,
1726 4365 1823 4417 καὶ

252 4444 377 4511 τοῖς
399 4446 584 4499 ποσὶν
614 4447 734 4516 ἅμα
755 4448 1090 4517 παίζουσαι,
1119 4451 1217 4507 καὶ
1240 4450 1591 4507 ταπεινώσει
1624 4457 1657 4507 ό
1678 4455 1821 4520 Θεὸς

250 4534 562 4604 ἀρχούσας
587 4538 912 4607 θυγατέρας
941 4540 1111 4604 Σιὼν,
1149 4541 1247 4594 καὶ
1276 4543 1487 4610 Κύριος
1518 4544 1823 4597 ἀποκαλύ-

248 4629 352 4693 ψει
378 4626 445 4680 τὸ
473 4628 681 4698 σκῆμα
720 4629 918 4685 αὐτῶν
947 4631 1017 4684 ἐν
1051 4630 1124 4698 τῇ
1159 4632 1349 4701 ἡμέρᾳ
1383 4634 1609 4700 ἐκείνῃ.

324 4716 720 4788 Προαπέφηνεν
746 4722 878 4791 ἡμῖν
910 4722 938 4773 ὁ
968 4719 1143 4787 λόγος,
1161 4721 1240 4774 ὅτι
1276 4724 1389 4785 τοῖς
1416 4721 1679 4777 Ἰουδαίων
1696 4722 1827 4776 καθ-τ

247 4810 482 4877 ηγηταῖς
524 4810 582 4862 ὲν
634 4812 835 4883 σπουδῇ
884 4811 1093 4865 τέθειτο
1137 4816 1203 4885 τῇ
1274 4815 1705 4886 προύργιαιτάτῃ
1762 4814 1826 4869 τὸ

249 4897 444 4967 χρῆναι
482 4898 749 4965 πλουτεῖν,
784 4903 877 4955 καὶ⁸
918 4902 1074 4969 δόξαν
1104 4904 1244 4974 ἔχειν
1291 4904 1391 4975 τὴν
1432 4905 1488 4960 ἐν
1534 4922 1598 4974 γε
1652 4906 1826 4979 τούτῳ

251 4986 505 5059 διαφανῆ.
531 4989 766 5059 Πλήρεις
794 4991 850 5044 δὲ
876 4988 1017 5064 ἦσαν
1048 4993 1271 5048 ἀδικιῶν
1302 4995 1397 5048 καὶ
1423 4995 1729 5062 πλεονεξίας
1750 4996 1826 5061 ὠς

249 5079 449 5141 αὐτοὺς
494 5079 595 5149 μὲν
620 5080 878 5152 λαμπράς
924 5101 984 5136 τε
1031 5086 1088 5138 ὲν
1114 5084 1288 5150 ἄστει,
1321 5085 1414 5139 καὶ
1454 5085 1560 5156 μὴν
1590 5087 1685 5140 καὶ
1724 5086 1823 5151 τὰς

248 5168 308 5219 ὲν
353 5169 545 5240 ἀγροῖς
590 5173 857 5227 ποιεῖσθαι
892 5175 1171 5246 προόδους,
1222 5177 1407 5241 ἵπποις
1434 5194 1493 5230 τε
1523 5177 1823 5248 ἐποχουμέ-

251 5273 396 5322 νους,
436 5260 529 5311 καὶ
575 5263 696 5325 ταῖς
744 5262 941 5326 ἔξωθεν
994 5266 1317 5334 φαντασίαις
1349 5267 1458 5320 τῶν
1502 5268 1823 5341 δορυφορεῖν

249 5344 523 5398 εἰωθότων
547 5348 607 5399 οὐ
636 5349 867 5419 μετρίως
885 5351 1366 5423 ὲπευρυνομένους.
1386 5357 1697 5428 Κατῃτιᾶτο
1712 5356 1821 5428 γὰρ

247 5435 447 5500 αὐτοὺς
473 5438 529 5489 έν
554 5441 666 5502 τοῖς
698 5440 952 5512 ἀνωτέρω
980 5442 1187 5511 λέγων’
1219 5446 1328 5500 Καὶ
1355 5447 1656 5519 ενεπλήσθη
1689 5450 1818 5521 ήγῆ

248 5529 458 5594 ἵππων,
507 5530 600 5583 καὶ
645 5531 744 5584 οὑκ
776 5527 844 5603 ἦν
880 5532 1116 5604 ἀριθμὸς
1162 5536 1269 5591 τῶν
1316 5539 1576 5609 ἁρμάτων
1604 5540 1781 5594 αὐτῶν
1804 5559 1817 5571 ·

249 5619 347 5673 καὶ
371 5619 671 5691 ἐνεπλήσθη
718 5623 752 5693 ὴ
784 5622 855 5693 γῆ
880 5625 1145 5697 ἀργυρίου
1190 5628 1283 5683 καὶ
1325 5616 1567 5703 χρυσίου,
1598 5632 1821 5689 καὶούκ

327 5773 373 5805 ⁵⁸
398 5770 555 5829 Joan.
596 5789 711 5842 vm,
748 5775 845 5845 i2;
877 5792 986 5845 xw,
1016 5778 1075 5832 6.

2003 4088 2169 4147 Vens.
2197 4092 2283 4156 16,
2309 4091 2393 4146 17.
2424 4088 2552 4143 Han:
2580 4089 2703 4142 dicit
2740 4087 2993 4141 Dominus
3020 4104 3038 4142 :
3088 4086 3195 4143 Pro
3239 4105 3298 4143 eo
3355 4094 3495 4159 quod

1928 4185 2080 4239 elata:
2113 4194 2230 4238 sunt
2267 4185 2393 4254 ﬁlia:
2437 4185 2607 4249 Sion,
2643 4195 2687 4237 et
2740 4181 3137 4235 ambulaverunt
3188 4179 3324 4235 elato
3361 4182 3495 4235 collo

1930 4290 1994 4334 et‘
2019 4278 2235 4334 nutibus
2264 4278 2554 4341 oculorum,
2589 4286 2639 4331 et
2673 4277 2909 4343 ingressu
2941 4278 3131 4345 pedum
3179 4274 3336 4329 simul
3386 4284 3496 4328 tra-

1931 4374 2057 4426 hunt
2084 4373 2308 4435 tunicas,
2336 4371 2592 4438 simulque
2621 4368 2837 4437 pedibus
2866 4369 3111 4433 lusitant,
3150 4376 3198 4421 et
3242 4367 3493 4434 deprimet

1930 4464 2072 4518 Deus
2089 4462 2346 4531 principes
2376 4463 2512 4529 ﬁlias
2538 4459 2691 4525 Sion,
2728 4470 2773 4512 et
2805 4459 3060 4513 Dominus
3095 4458 3295 4527 detege!
3347 4457 3496 4510 habi-

1930 4565 2038 4607 tant
2064 4569 2245 4606 earum
2275 4552 2361 4605 die
2398 4552 2509 4603 illo.

2009 4724 2309 4780 Declaravit
2335 4734 2460 4779 ante
2482 4724 2636 4778 nobis
2669 4738 2848 4778 sermo
2874 4722 3183 4778 Iudaeorum
3210 4723 3493 4793 praefectos

1932 4817 2033 4872 hoc
2079 4832 2219 4872 cura:
2258 4816 2544 4885 studioque
2590 4814 2841 4870 habuisse
2875 4815 3210 4883 potissimum
3255 4825 3311 4868 ut
3355 4816 3494 4870 dite-

1931 4915 2165 4972 seerent,
2198 4914 2253 4961 et
2272 4922 2337 4960 ex
2374 4920 2438 4960 eo
2469 4905 2689 4976 gloriam
2720 4904 2979 4960 illuSIrem
3013 4917 3490 4977 consequerentur,

1930 5000 2226 5068 plenosque
2250 4998 2693 5066 fuisseinjustitia
2709 5005 2761 5050 et
2779 4997 3004 5050 avaritia
3023 5013 3036 5049 :
3058 5012 3165 5066 quo
3188 4996 3286 5066 ipsi
3308 4999 3491 5066 splen-

1927 5089 2081 5144 didos
2117 5098 2227 5141 tum
2269 5089 2318 5142 in
2344 5089 2494 5151 urite,
2537 5096 2647 5141 tum
2677 5088 2728 5141 in
2755 5086 2899 5156 agris
2926 5097 3213 5156 proventus
3242 5091 3489 5158 percipe—

1938 5191 2094 5245 rent,
2155 5180 2309 5250 equis
2343 5180 2564 5242 invecti,
2597 5188 2944 5234 externorum
2982 5178 3188 5249 fulgore
3219 5194 3280 5233 ac
3312 5181 3492 5249 specie

1928 5271 2253 5339 stipatorum
2320 5285 2427 5324 non
2494 5269 2840 5325 mediocriter
2909 5268 3126 5339 turgidi.
3202 5270 3492 5325 Accusavit

1930 5363 2128 5433 quippe
2153 5361 2271 5416 illos
2295 5361 2347 5416 in
2368 5361 2819 5431 praecedentibus,
2838 5360 3020 5415 dicens
3050 5376 3064 5412 :
3094 5358 3161 5414 Et
3189 5360 3387 5430 repleta
3407 5370 3489 5415 est

1930 5461 2075 5506 terra
2112 5452 2289 5521 equis,
2327 5465 2426 5505 nec
2476 5458 2596 5504 erat
2624 5464 2881 5505 numerus
2899 5464 3157 5504 curruum
3197 5449 3433 5519 ipsorum
3468 5463 3484 5501 :
3516 5454 3517 5457 ‘

1922 5550 1975 5597 et
2003 5542 2220 5613 impleta
2250 5550 2334 5598 est
2376 5550 2520 5597 terra
2550 5556 2681 5597 auro
2710 5557 2772 5597 ac
2807 5550 3053 5612 argento,
3110 5554 3209 5595 nec
3238 5549 3356 5594 erat
3386 5550 3487 5591 nu-

1922 5646 2103 5690 merus
2126 5633 2525 5691 thesaurorum.
2544 5631 2755 5690 Accidit
2772 5632 2935 5687 etiam
2963 5644 3146 5686 eorum
3168 5639 3364 5683 uxores
3390 5622 3478 5679 di-
