4178 6502
622 346 723 419 ηρ

1641 348 1698 401 S.
1742 346 2022 405 CYRILLI
2054 346 2523 415 ALEXANDle
2558 350 2871 417 ARCHIEP.

3751 346 3891 404 i2.

624 456 766 511 vitiis
790 454 1153 527 luxuriantes,
1181 456 1296 510 auri
1327 466 1380 512 et
1406 456 1640 536 lapidum
1665 459 1953 535 splendore
1980 460 2181 514 insolc-
2210 519 2215 533 ε

2305 458 2352 534 ᾖν
2371 463 2600 535 ἀριθμὸς
2626 464 2735 518 τῶν
2761 461 3265 535 θησαυρῶναύτῶν.
3294 456 3430 515 Εῐτα
3456 459 3734 517 συνέϐαινε
3754 460 3883 523 τὰς

624 562 794 613 scere,
811 562 875 604 ac
906 558 1043 618 toga,
1072 547 1319 618 stolaque
1339 548 1641 621 variegata,
1669 550 1953 629 cultusque
1972 551 2181 623 magni-

624 639 838 695 licentia
860 640 1086 693 multum
1103 640 1400 697 exsultare.
1434 639 1530 696 Est
1551 642 1694 696 enim
1721 657 1892 712 genus
1920 641 2184 699 muliebre

624 734 783 786 rebus
818 731 1096 805 prosperis
1141 742 1195 786 et
1241 730 1559 799 ﬂorentibus
1607 733 2006 811 quodammodo
2062 733 2179 805 glo-

622 822 827 875 riosum
862 830 916 876 et
949 821 1435 889 ostentabundum,
1492 823 1870 896 imprimisque
1904 823 2186 895 splendide

622 911 807 969 vestiri
839 914 1012 982 cupit,
1053 927 1188 969 auro
1212 914 1418 980 ornari,
1454 913 1655 969 elatum
1686 915 2036 986 supercilium
2079 913 2183 968 tol-

620 1005 755 1069 iere,
787 1005 1039 1075 corporis
1070 1005 1413 1063 formositate
1445 1006 1692 1078 gloriari.
1721 1006 1876 1078 Saape
1921 1006 2085 1061 etiam
2116 1004 2187 1059 ob

622 1096 726 1151 hoc
752 1096 951 1166 ipsum,
983 1097 1411 1153 cohabitantium
1442 1099 1554 1170 68
1584 1099 1797 1154 animus
1834 1096 2183 1161 intumescit,

625 1201 692 1239 ac
744 1187 964 1256 quidam
1016 1188 1117 1242 sibi
1176 1188 1320 1244 laudi
1352 1190 1554 1245 ducunt
1600 1205 1828 1243 uxorum
1877 1187 2185 1243 mollitiem.

628 1276 743 1331 Hoc
794 1276 1045 1332 fortassis
1108 1280 1298 1335 morbo
1344 1278 1523 1336 allecti
1592 1281 1810 1336 fuerunt
1878 1277 2186 1335 Iudaeorum

627 1382 903 1436 proceres,
939 1369 1067 1423 dum
1091 1370 1343 1441 pietatem
1377 1386 1499 1442 qua!
1530 1371 1583 1426 in
1611 1370 1776 1426 Deum
1808 1378 1892 1426 est
1923 1370 2192 1425 haberent

630 1459 955 1529 despicntui.
1004 1461 1120 1525 Quo
1156 1462 1300 1515 enim
1358 1476 1571 1533 semper
1626 1476 1758 1531 Opes
1802 1461 2189 1517 subministra-

628 1561 863 1617 rentnr,
915 1551 1111 1622 populo
1156 1567 1224 1606 ex
1284 1552 1594 1622 praescripto
1653 1552 1917 1608 oll'erente
1949 1592 1964 1618 ,
2027 1553 2189 1608 [idem

629 1639 997 1696 Christianam
1057 1643 1289 1712 amplexi
1352 1657 1457 1697 non
1508 1650 1654 1711 sunt,
1699 1658 1801 1698 nec
1853 1642 2191 1713 persuadere

628 1730 753 1785 aliis
800 1731 1110 1797 voluerunt,
1163 1746 1385 1801 regnum
1439 1730 1534 1786 Dei
1590 1730 1956 1798 occludentes,
2007 1745 2195 1801 quem-

2282 553 2392 613 τῶν
2434 557 2493 611 ἐν
2529 555 2744 627 πλούτῳ
2768 557 3062 624 γυναῖκας,
3096 553 3192 615 ἆτε
3218 552 3285 612 δὲ,
3306 544 3595 624 τρυφώσας
3625 551 3881 621 ἐναϐρύ-

2285 647 2475 701 νεσθαι
2508 645 2712 718 ζητεῖν,
2748 648 2847 701 καὶ
2871 650 2984 710 τοῖς
3014 648 3078 709 ὲκ
3107 645 3333 718 χρυσίον
3372 644 3468 704 καὶ
3498 642 3661 697 λίθων
3684 641 3875 713 ὡραῖ-

2288 738 2465 808 σμοῖς,
2497 737 2885 807 ἐπιγάννυσθαι
2924 736 2983 803 δὲ
3016 735 3133 790 λίαν
3162 734 3258 790 καὶ
3292 732 3452 804 στολῇ
3485 730 3738 801 ποικίλῃ,
3765 730 3881 787 καὶ

2286 826 2610 905 ἐσθημάτων
2646 827 3035 895 πολυτελείαις.
3080 827 3195 881 ’Δεῖ
3224 824 3335 896 γάρ
3366 841 3484 887 πως
3510 823 3579 879 τὸ
3615 822 3750 892 θῆλυ
3773 822 3879 890 γέ-

2286 935 2375 985 νος
2403 921 2463 975 ὲν.
2507 922 2630 984 ταῖς
2666 920 2806 991 ἄγαν
2856 918 3177 991 εὐημερίαις
3211 916 3484 989 φιλόδοξόν
3511 914 3573 970 τά
3600 916 3719 969 ἐστι
3763 913 3875 969 καὶ

2289 1010 2766 1087 φιλεπιδεικτικόν.
2800 1011 3028 1076 Ἥδιστα
3056 1011 3114 1073 δὲ
3136 1009 3258 1069 λίαν
3286 1009 3588 1079 εύῖματεῖς,
3615 1006 3711 1061 καὶ
3741 1004 3873 1076 μιν-

2287 1119 2370 1156 τοι
2440 1103 2533 1156 καὶ
2597 1102 2971 1174 χρυσαῖζεται,
3030 1101 3124 1163 καὶ
3176 1097 3383 1170 ὑψηλὴν
3443 1096 3703 1153 ἀνασπῶν
3761 1096 3869 1164 τὴν

2289 1194 2483 1269 ὀφρὺν,
2521 1194 2750 1265 ὲπαυχεῖ
2781 1196 2848 1264 τῇ
2868 1192 2968 1257 τοῦ
2998 1190 3247 1261 σώματος
3276 1189 3418 1261 ῶρᾳη.
3443 1188 3555 1242 Καὶ
3594 1187 3681 1240 ἐπ’
3709 1184 3871 1253 αὐτῷ

2288 1284 2355 1358 δὴ
2401 1284 2573 1356 τούτῳ
2624 1284 2942 1349 πλειστάκις
2987 1286 3047 1336 τὸ
3084 1282 3192 1335 τῶν
3231 1279 3622 1337 συνοικούντων
3670 1276 3867 1338 αὐταῖς

2291 1376 2611 1445 ἐξογκοῦται
2633 1376 2890 1447 φρόνημα
2908 1391 2923 1407 ο
2949 1376 3045 1428 καὶ
3068 1374 3224 1440 δόξαν
3248 1373 3385 1427 ιδίαν
3414 1370 3692 1427 ποιοῦνταὶ
3711 1384 3864 1430 τινες

2290 1466 2390 1538 τὴν
2410 1468 2518 1521 τῶν
2546 1466 2820 1537 γυναικῶν
2842 1464 3137 1535 ὲξιτηλίαν.
3160 1462 3332 1517 Τοῦτο
3360 1462 3500 1532 τάχα
3532 1459 3868 1514 πεπόνθασιν

2293 1557 2344 1610 οἱ
2375 1557 2480 1619 τῶν
2525 1556 2791 1623 Ἰουδαίων
2838 1555 3109 1624 λαμπροὶ,
3138 1552 3236 1621 τῆς
3275 1554 3355 1614 είς
3406 1552 3537 1607 Θεὸν
3586 1548 3865 1610 εύσεὸείας

2293 1647 2672 1718 ὴφειδηκότες.
2710 1648 2830 1699 Ἵνα
2859 1647 2965 1717 γὰρ
3000 1645 3174 1715 ἐχοιεν
3222 1643 3311 1703 ἀεὶ
3370 1640 3635 1712 μενούσας
3680 1640 3867 1698 αὐτοῖς

2294 1739 2396 1803 τὰς
2442 1739 2535 1792 τοῦ
2593 1738 2842 1795 πλουτεῖν
2893 1737 3177 1809 χορηγίας,
3231 1732 3705 1805 προσκομιζόντων
3753 1727 3870 1782 τῶν

629 1822 918 1877 admodum
950 1822 1213 1890 scriptum
1255 1832 1361 1886 est,
1421 1838 1519 1878 nec
1579 1822 1680 1892 ipsi
1735 1824 2038 1886 intrantes,
2094 1836 2193 1876 nec

2305 1831 2441 1886 λαῶν
2470 1830 2540 1884 τὰ.
2585 1829 2730 1885 κατὰ
2776 1830 2866 1883 τὸν
2910 1808 3072 1899 νόμον
3106 1828 3170 1889 οὐ
3216 1824 3503 1902 προσίεντο
3536 1822 3637 1892 τὴν
3682 1821 3873 1875 πίστιν

631 1914 982 1973 admittentes
1015 1928 1109 1968 eos
1142 1913 1231 1984 qui
1283 1914 1474 1968 volunt
1506 1913 1735 1983 ingredi.
1774 1911 1915 1969 Hinc
1948 1911 2195 1968 Romano

632 2004 896 2059 exercitui
952 2005 1005 2058 in
1053 2005 1413 2062 vastationem
1459 2020 1523 2059 ac
1564 2006 1618 2059 in
1671 2004 2035 2075 direptionem
2083 2013 2197 2059 tra-

632 2095 730 2151 diti
761 2102 906 2164 sunt,
938 2104 994 2151 et
1025 2112 1147 2152 cum
1186 2097 1507 2154 mulieribus
1538 2096 1698 2152 simul
1736 2104 1792 2152 et
1834 2095 2194 2161 charissimis,

632 2185 839 2242 aedibus
870 2199 930 2240 ac
958 2186 1151 2256 opibus
1179 2187 1458 2255 perierunt
1484 2204 1499 2241 :
1531 2186 1870 2255 aliorumque
1889 2194 2039 2252 sunt,
2078 2201 2197 2255 qua:

636 2293 850 2335 summo
899 2293 1065 2349 opere
1100 2294 1164 2334 ac
1202 2279 1381 2335 studio
1411 2286 1822 2345 coacervarant,
1857 2278 2066 2348 ipsique
2096 2277 2197 2331 mi-

635 2368 853 2425 serandi
878 2378 1025 2437 sunt,
1058 2380 1108 2425 et
1135 2385 1381 2437 errones,
1408 2378 1463 2426 et
1492 2371 1545 2423 in
1570 2370 1760 2424 ultima
1784 2369 2000 2425 miseria
2021 2368 2197 2438 palam

634 2469 942 2515 versantur.
972 2458 1250 2514 lnvehitur
1275 2474 1404 2531 ergo
1442 2460 1556 2515 haec
1571 2458 1745 2515 oratio
1768 2458 1822 2514 in
1843 2457 2200 2514 eorumfemi-

634 2568 732 2605 nas
748 2552 862 2606 sive
886 2552 1044 2617 tilias,
1075 2551 1365 2622 primarias
1383 2551 1593 2606 scilicet
1618 2561 1673 2606 et
1691 2554 1924 2605 maxime
1942 2550 2199 2617 insignes,

634 2658 754 2711 quin
793 2643 957 2697 etiam
999 2651 1154 2696 erant
1186 2641 1596 2711 praepotentium
1625 2684 1642 2711 ,
1672 2656 1736 2695 ac
1763 2641 1935 2711 inquit
1966 2654 1981 2692 :
2014 2657 2032 2691 ι
2067 2638 2205 2693 Pro-

637 2744 822 2804 pterea
840 2735 983 2805 quod
1006 2734 1160 2789 elata:
1187 2733 1405 2789 fuerunt
1431 2733 1554 2787 lilia:
1583 2731 1735 2798 Sion,
1755 2732 1970 2802 altaque
1992 2732 2203 2805 cervice

637 2823 914 2889 incedunt,
945 2833 998 2877 et
1026 2824 1249 2877 nutibus
1279 2821 1583 2888 oculorum,
1614 2841 1634 2875 ι
1663 2830 1718 2876 et
1745 2836 1865 2892 qua:
1891 2830 2020 2876 sunt
2047 2818 2199 2873 dein-

637 2927 784 2983 ceps.
851 2913 1022 2968 Elatae
1072 2922 1252 2967 autem
1305 2922 1474 2977 sunt,
1540 2928 1646 2968 non
1706 2915 1772 2967 de
1841 2914 2060 2974 virtute.
2109 2910 2203 2965 sed

637 3016 862 3075 propter
918 3005 1191 3059 carnalem
1243 3005 1585 3074 maximeque
1639 3013 1909 3057 terrenam
1970 3002 2204 3071 pruden-

639 3096 791 3149 tiam.
828 3094 1011 3148 Altum
1041 3093 1185 3148 enim
1217 3093 1319 3148 sibi
1350 3107 1558 3161 sapere,
1604 3093 1775 3160 deque
1814 3107 1873 3146 se
1921 3091 2207 3161 magnitice

638 3186 846 3242 sentire
878 3183 1205 3241 videbantur
1236 3224 1251 3249 ,
1316 3194 1536 3254 prepter
1588 3183 1897 3253 opulentam
1951 3182 2204 3252 gloriam,

637 3287 1033 3346 externamque
1062 3274 1518 3345 pulchritudinem
1540 3315 1555 3342 ,
1610 3289 1771 3344 quam
1819 3288 1884 3328 ex
1918 3272 2207 3343 lapidibus,

643 3378 698 3424 et
728 3383 882 3434 auro,
935 3377 991 3421 et
1025 3375 1175 3421 veste
1209 3364 1357 3419 varia
1385 3365 1764 3420 conciliat-unt.
1816 3363 1873 3418 ln
1910 3364 1994 3420 his
2029 3376 2207 3419 autem

644 3460 907 3515 describit
930 3459 1085 3513 nobis
1113 3471 1296 3513 sermo
1328 3458 1680 3525 propheticus
1717 3456 1989 3527 ingenium
2026 3466 2081 3511 et
2112 3457 2209 3511 lia—

642 3553 815 3614 bitum
847 3549 1088 3605 mulieris
1113 3549 1487 3618 voluptuarize,
1520 3548 1675 3615 levis,
1700 3558 2001 3618 ornatuque
2032 3547 2210 3618 splen-

644 3644 773 3698 dido
810 3644 1077 3698 decorata:
1107 3659 1123 3694 :
1150 3652 1275 3712 puta
1309 3650 1368 3695 ut
1392 3657 1456 3695 ex
1485 3657 1589 3694 una
1612 3641 1854 3694 omnium
1890 3641 2034 3707 inter
2064 3642 2207 3709 ipsas

648 3736 973 3793 laminarum
1030 3733 1430 3789 demonstraret
1485 3732 1819 3799 superbiam.
1889 3730 2237 3786 incedebant

645 3826 818 3888 enim,
844 3824 1041 3899 inquit,
1078 3831 1300 3878 extento
1330 3821 1490 3885 collo,
1526 3830 1581 3876 et
1638 3821 1859 3877 nutibus
1910 3819 2211 3885 oculorum;

647 3934 772 3978 cum
816 3917 1033 3979 femina:
1054 3914 1434 3978 ornatissimae,
1476 3913 1757 3984 vitamque
1784 3928 1905 3967 cum
1949 3913 2215 3983 gravitate

649 4020 705 4069 et
727 4009 994 4080 probitate
1018 4006 1242 4075 colenti,
1280 4004 1601 4060 verecundia
1625 4005 1695 4059 sit
1748 4003 2079 4073 gratissima,
2115 4002 2207 4057 nii-

650 4104 907 4171 nimeque
944 4101 1135 4156 deceat
1174 4098 1415 4158 virorum
1450 4095 1623 4152 oculis
1677 4094 1941 4163 conspici.
1998 4092 2089 4146 ilze
2115 4108 2217 4145 an-

652 4210 760 4251 tem
811 4196 862 4249 in
927 4202 1129 4247 lautam
1192 4189 1547 4251 stoliditatem
1601 4196 1763 4256 atque
1820 4185 2214 4256 impudentiam

650 4291 1011 4357 iinpegei-unt,
1042 4294 1100 4338 ut
1143 4282 1197 4337 in
1248 4280 1595 4352 processibus
1644 4292 1709 4338 ac
1755 4276 2063 4335 incessibus
2102 4274 2217 4337 suis

651 4393 775 4433 sese
801 4376 1169 4443 venditarent,
1222 4371 1490 4427 cervicem
1527 4368 1802 4439 erigerent
1847 4376 1903 4423 et
1958 4364 2219 4424 extende-

2297 1919 2397 1991 τὴν
2427 1922 2506 1984 είς
2535 1920 2788 1991 Χριστὸν,
2810 1918 2933 1971 οὔτε
2966 1918 3071 1989 μὴν
3093 1918 3314 1988 ἑτέρους
3345 1912 3621 1971 πιστεύειν
3652 1910 3873 1980 ἤθελον,

2298 2013 2568 2081 κλείοντος
2597 2014 2693 2086 τὴν
2736 2012 3011 2084 βασιλείαν
3040 2011 3135 2067 τοῦ
3169 2008 3327 2073 Θεοῦ,
3360 2006 3504 2064 καθὰ
3533 2005 3871 2076 γέγραπται,

2298 2105 2396 2173 καὶ
2428 2104 2566 2176 μήτε
2595 2104 2988 2175 εἰσερχόμενοι,
3019 2103 3154 2172 μήτε
3182 2103 3295 2162 τοῖς
3323 2096 3593 2157 ἐθέλουσιν
3624 2092 3879 2161 ἐφιέντες

2299 2195 2579 2257 εἰσελθεῖν.
2636 2194 2818 2266 Ταύτῃ
2854 2210 2937 2257 τοι
2989 2192 3083 2255 καὶ
3139 2190 3379 2245 δέδονται
3424 2188 3542 2250 ταῖς
3579 2182 3872 2253 Ῥωμαίων

2303 2289 2582 2360 στρατιαῖς
2613 2287 2693 2350 είς
2746 2287 3046 2356 ἐρήμωσιν,
3095 2282 3176 2345 είς
3221 2278 3553 2351 διαρπαγὴν,
3606 2279 3699 2329 καὶ
3753 2274 3869 2329 ἀπ-

2299 2378 2583 2443 ολώλασιν,
2611 2376 2850 2445 γυναίοις
2892 2392 2954 2429 τε
2994 2371 3155 2445 ὁμοῦ,
3184 2372 3277 2426 καὶ
3306 2371 3419 2433 τοῖς
3444 2366 3721 2439 φιλτάτοις
3739 2401 3759 2427 ,
3784 2363 3869 2416 οἴ-

2302 2488 2421 2535 κοις
2476 2487 2535 2524 τε
2592 2471 2687 2535 καὶ
2749 2467 2985 2538 πλούτῳ.
3047 2465 3310 2533 Γεγόνασι
3370 2461 3483 2532 γὰρ
3529 2457 3737 2528 ἑτέρων
3797 2453 3875 2507 τὰ

2300 2561 2375 2624 ὡς
2413 2563 2470 2614 ὲν
2512 2560 2745 2631 πλείστῃ
2774 2559 2974 2629 σπουδῇ
3016 2552 3502 2627 συναγηγερμένα·
3561 2551 3770 2619 οἰκτροὶ
3810 2546 3872 2600 δὲ

2303 2650 2459 2704 αὐτοὶ
2508 2650 2604 2704 καὶ
2646 2649 2865 2719 ἀλῆται,
2907 2647 2999 2701 καὶ
3050 2644 3187 2716 πρὸς
3243 2642 3478 2713 ἐσχάτην
3508 2639 3747 2711 ὁρῶνται
3772 2651 3877 2693 τορ-

2303 2740 2629 2812 λαιπωρίαν.
2683 2738 3024 2810 Κατατρέχει
3067 2736 3246 2790 τοίνυν
3288 2736 3318 2787 ὀ
3364 2733 3521 2800 λόγος
3574 2729 3685 2782 τῶν
3738 2726 3875 2797 παρ’

2305 2833 2486 2897 αὐτοῖς
2537 2830 2830 2902 γυναικῶν,
2883 2830 3049 2900 ἤγουν
3092 2827 3201 2880 τῶν
3249 2822 3562 2894 θυγατέρων
3606 2815 3717 2877 οἷον
3763 2817 3876 2870 τῶν

2304 2922 2587 2994 ἀρχουσῶν
2647 2920 2912 2993 μάλιστα,
2970 2917 3067 2972 καὶ
3120 2912 3632 2985 περιφανεστέρων,
3678 2910 3737 2963 αἳ
3779 2906 3879 2965 καὶ

2304 3010 2447 3086 ἦσαν
2474 3015 2581 3067 τῶν
2616 3013 2924 3083 ἰσχυόντων,
2957 3008 3049 3063 καί
3082 3019 3275 3077 φησιν’
3316 3022 3336 3054 ι
3384 3002 3520 3057 ’Λνθ“
3550 2995 3622 3061 ὧν
3654 2997 3875 3069 ὑψώθη-

2233 3138 2276 3197 C
2312 3120 2410 3156 σαν
2464 3104 2521 3155 al
2566 3101 2860 3171 θυγατέρες
2912 3096 3069 3162 Σιὼν,
3122 3095 3221 3197 καῖ.
3263 3091 3637 3197 επορεύθησαν
3665 3086 3879 3197 ’ὑιῇηλῷ

2307 3193 2583 3264 τραχήλῳ,
2619 3192 2715 3246 καὶ
2758 3190 3024 3261 νεύμασιν
3052 3184 3364 3257 ὀφθαλμῶν,
3417 3201 3436 3234 ι
3484 3181 3579 3235 καὶ
3622 3179 3691 3233 τὰ
3724 3178 3874 3248 ἑξῆς.

2322 3283 2644 3356 ’Υψώθησαν
2689 3282 2748 3336 δὲ
2775 3282 2836 3335 ού
2882 3280 3025 3335 κατὰ
3067 3278 3288 3348 ἀρετὴν,
3321 3274 3435 3327 ἀλλ’
3461 3273 3537 3336 ὠς
3583 3272 3641 3324 ἐν
3675 3272 3878 3340 φρονήσ-

2313 3396 2445 3449 ματι
2490 3376 2737 3448 σαρκικῷ
2768 3376 2862 3430 καὶ
2906 3370 3278 3443 γεωδεστόιτῳ.
3317 3367 3476 3435 Μέγα
3524 3364 3633 3434 γὰρ
3674 3363 3884 3429 αὐτοῖς,

2310 3473 2384 3534 ὼς
2418 3470 2575 3541 ἔφην,
2606 3469 2823 3541 φρονεῖν
2851 3466 3046 3530 ἐδόκει,
3079 3464 3177 3527 ἐπὶ,
3200 3460 3433 3529 πλούτῳ,
3481 3456 3573 3511 καὶ
3602 3453 3755 3523 δόξῃ,
3783 3453 3881 3506 καὶ

2309 3559 2610 3632 ὠραϊσμοῖς
2654 3559 2767 3622 τοῖς
2814 3555 3032 3622 ἔξωθεν,
3080 3552 3173 3616 οὓς
3196 3553 3262 3608 ὲκ
3297 3550 3460 3605 λίθων
3490 3548 3586 3601 καὶ
3628 3544 3880 3616 χρυσίου,

2310 3651 2404 3703 καὶ
2443 3648 2636 3717 στολῆς
2669 3644 2919 3715 ποικίλης
2968 3642 3303 3711 συλλέγουσι.
3349 3637 3555 3710 Γράφει
3587 3636 3645 3695 δὲ
3675 3635 3811 3705 ἡμῖν
3853 3634 3893 3687 ὀ

2312 3736 2652 3809 προφητικὸς
2678 3738 2737 3790 ὲν
2771 3734 2980 3798 τούτοις
3013 3733 3175 3808 λόγος,
3206 3729 3464 3803 φρόνημά
3486 3744 3549 3795 τε
3577 3727 3674 3782 καὶ
3697 3724 3887 3795 σχῆμα

2315 3828 2596 3899 φιληδόνου
2645 3842 2706 3879 τε
2759 3824 2854 3880 καὶ
2912 3824 3147 3895 ασέμνου
3204 3821 3481 3893 γυναικὸς,
3540 3819 3633 3885 καὶ
3695 3815 3888 3885 κόσμῳ

2314 3922 2565 3991 διαφανεῖ
2608 3917 3118 3990 κατηγλαῖσμένης,
3160 3911 3271 3985 οἷον
3316 3916 3385 3972 ὲκ
3437 3913 3604 3983 μιᾶς,
3663 3908 3893 3978 ἁπάσης

2314 4012 2415 4085 τῆς
2436 4014 2563 4084 παρ’
2584 4012 2765 4075 αὐτοῖς
2788 4010 3047 4080 γυναικὸς
3062 4007 3413 4075 καταδειςκνὸς
3434 4005 3533 4075 τὴν
3553 4005 3650 4071 ἂγε
3659 3999 3887 4073 ρωχίαν.

2329 4103 2735 4176 Ἐπορεύθησαν
2785 4101 2917 4172 γὰρ,
2965 4100 3149 4170 φησὶν,
3208 4095 3396 4169 ὑψηλῷ
3449 4094 3734 4166 τραχήλῳ,
3789 4091 3893 4145 καὶ

2318 4196 2579 4267 νεύμασιν
2615 4192 2927 4264 ὀφθαλμῶν·
2961 4191 3137 4244 καίτοι
3166 4188 3386 4256 γυναικὶ
3410 4190 3477 4258 τῇ
3508 4182 3889 4257 κοσμιωτάτῃ,

2318 4289 2410 4345 καιῖ⁹
2454 4286 2545 4341 τὸν
2596 4288 2655 4339 ἐν
2701 4283 2989 4354 σεμνότητι
3035 4283 3129 4334 καὶ
3179 4282 3449 4351 ἐπιεικείᾳ
3486 4274 3703 4349 τιμὼσῃ
3746 4273 3889 4345 βίον,

2317 4380 2480 4445 αἰδώς
2507 4381 2567 4434 τι
2613 4381 2759 4431 ἐστιν
2788 4377 2870 4429 ὅτι
2904 4374 3144 4445 μάλιστα
3173 4372 3322 4442 φίλη.
3358 4373 3455 4426 καί
3486 4361 3687 4443 πρέποῖ
3717 4367 3783 4422 ἂν
3826 4365 3895 4427 τὸ

650 4480 801 4541 rent,
827 4467 1166 4527 intuentibus
1197 4471 1525 4525 annuerent,
1553 4461 1822 4516 interdum
1874 4458 2037 4513 etiam
2073 4457 2214 4510 arsi—

2322 4473 2458 4545 μηδὲ
2486 4470 2715 4545 ὁρᾶσθαι
2750 4471 2862 4531 τοῖς
2909 4466 3154 4537 ἀρρένων
3182 4464 3480 4535 ὀφθαλμοῖς
3506 4479 3518 4490 ·
3558 4463 3615 4515 αἱ
3645 4460 3705 4515 δὲ
3751 4458 3891 4529 πρὸς

653 4569 866 4625 tierent,
895 4567 950 4613 et
1006 4558 1117 4612 risu
1178 4556 1564 4631 propemodum
1620 4566 1679 4607 se
1728 4550 2063 4617 intuentibus
2089 4562 2217 4607 con-

652 4665 896 4722 gressum
940 4648 1344 4718 promitterent.
1381 4645 1479 4698 Est
1508 4642 1655 4698 enim
1713 4640 2059 4702 meretricius
2104 4638 2219 4692 anis

654 4757 773 4798 nius
804 4738 1073 4803 instabilis
1099 4750 1309 4805 semper
1351 4744 1407 4789 et
1439 4733 1683 4796 ﬂuctuat,
1725 4730 2063 4798 multumque
2093 4728 2207 4781 otio

654 4834 870 4896 diluuit.
893 4830 1035 4890 unde
1054 4826 1222 4894 major
1248 4826 1463 4881 exsistit
1488 4824 1556 4878 ad
1580 4822 1883 4891 voluptates
1909 4817 2217 4891 propensio.

654 4927 854 4996 Ubjicit
907 4933 1086 4977 autem
1129 4931 1178 4977 et
1214 4920 1323 4975 illis
1343 4919 1551 4977 crimen
1591 4914 1837 4980 desidiae,
1886 4922 1943 4967 et
1989 4910 2219 4965 scortari

656 5017 787 5076 dicit
812 5032 835 5081 :_
860 5013 1023 5074 simul
1073 5014 1291 5066 trahunt
1331 5009 1549 5071 tunicas
1605 5016 1659 5060 et
1712 5004 1937 5059 lusitant
1968 5000 2214 5071 pedibus.

657 5107 929 5165 Nimirum,
968 5100 1263 5160 verisimile
1292 5107 1378 5155 est
1408 5106 1463 5151 et
1490 5096 1593 5154 hoc
1621 5093 1689 5146 ab
1722 5092 1826 5147 illis
1884 5091 1952 5144 ad
2000 5089 2220 5158 elegan-

660 5200 787 5255 tiam
810 5193 1183 5266 coniplendain
1246 5190 1359 5243 ﬁeri
1410 5203 1424 5239 :
1467 5195 1657 5255 estque
1709 5183 2071 5239 meretricium
2120 5182 2221 5235 hoc

658 5288 993 5361 institutum,L
1017 5294 1074 5341 et
1101 5278 1519 5350 abominationis
1539 5286 1792 5343 extrema:
1820 5284 2217 5347 argumentum.

659 5381 772 5457 69
802 5380 936 5434 Nam
973 5376 1062 5434 ubi
1087 5373 1279 5443 pedum
1304 5370 1564 5439 strepitus
1595 5384 1716 5434 enm
1749 5366 2081 5426 carminibus
2118 5383 2219 5421 illl-

662 5470 894 5537 merosis
917 5466 1213 5532 consentit,
1261 5463 1339 5526 ibi
1366 5464 1619 5518 videlicet
1652 5465 1872 5522 omnino
1892 5468 1946 5515 et
1968 5475 2221 5516 manuum

662 5572 915 5638 ipsarum,
937 5567 1157 5635 plausus
1192 5568 1431 5623 resonat,
1480 5565 1535 5617 et
1562 5568 1720 5610 omne
1741 5567 1911 5624 genus
1938 5552 2217 5616 foeditatis,

664 5668 720 5714 et
756 5657 1059 5713 invitantur
1088 5657 1421 5722 spectatores
1451 5650 1517 5707 ad
1565 5646 1973 5722 turpitudinem.
2020 5642 2132 5698 Sub
2168 5643 2219 5697 id

666 5761 797 5807 vero
822 5758 1033 5823 tempus
1064 5740 1346 5817 deprimet,
1374 5743 1567 5819 inquit,
1615 5743 1753 5802 Deus
1781 5738 2048 5815 principes
2080 5734 2217 5792 tilias

2319 4562 2479 4615 τοῦτο
2503 4558 2792 4625 ἐξώκειλαν
2829 4556 3053 4627 βλαϐίας
3091 4572 3151 4607 τε
3185 4554 3319 4625 ὁμοῦ
3350 4554 3448 4607 καὶ
3479 4551 3887 4622 ἀναισχυντίας,

2320 4654 2397 4717 ὡς
2424 4651 2755 4721 ὲπιδεικτιᾷν
2785 4651 2843 4702 ὲν
2874 4648 3137 4719 προόδοις,
3164 4648 3261 4713 καὶ
3289 4646 3477 4717 αἴρειν..
3498 4644 3597 4715 μὲν
3630 4642 3766 4712 ὑψοῦ
3794 4642 3891 4697 τὸν

2321 4742 2557 4816 αὐχένα,
2580 4740 2844 4799 διανεύειν
2884 4739 2942 4793 δὲ
2989 4742 3099 4802 τοῖς
3139 4738 3336 4809 ὁρῶσιν
3379 4736 3570 4799 αὐτὰς,
3626 4749 3893 4803 προσμειε

2321 4833 2513 4896 διασας
2548 4830 2657 4884 ἑσθῗ
2687 4830 2800 4896 ὅτε,
2845 4827 2942 4883 καὶ
2986 4826 3268 4898 μονονουχὶ
3316 4822 3397 4894 τῷ
3440 4822 3637 4891 γέλωτι
3677 4819 3892 4873 καθυπ-

2328 4902 2687 4995 ισχνουμένας-
2711 4918 2823 4991 ἢδη
2863 4919 2976 4981 τοῖς
3030 4915 3194 4986 ὁρῶσι
3237 4914 3336 4983 τὴν
3377 4910 3614 4969 σύνοδον.
3674 4908 3895 4984 ’Υδαρεὶ

2324 4996 2433 5082 γὰρ
2458 5010 2545 5064 ἀεὶ
2567 5009 2628 5062 τὸ
2652 5007 2907 5080 πορνικὸν
2932 5005 3186 5078 φρόνημά
3214 5006 3351 5071 ἐστι,
3378 5002 3473 5056 καὶ
3498 5000 3633 5054 πολὺ
3661 4998 3896 5069 χαλᾶται

2327 5102 2462 5173 πρὸς
2487 5100 2809 5172 ἑτοιμότητα
2833 5098 2931 5169 τὴν
2959 5098 3038 5159 είς
3074 5093 3289 5166 ἡδονὰς,
3321 5092 3583 5146 ἐπιτείνει
3606 5091 3663 5143 δὲ
3700 5090 3898 5151 αὑταῖς

2326 5194 2395 5247 τὰ
2418 5193 2517 5263 τῆς
2545 5190 2817 5264 ῥᾳθυμίας
2856 5187 3191 5258 ἐγκλήματα,
3226 5185 3321 5241 καὶ
3360 5178 3758 5254 πεπορνεῦσθαί
3787 5195 3899 5248 φη-

2330 5302 2436 5349 σιν,
2471 5284 2589 5355 ἅμα
2642 5280 2912 5353 συρούσας
2965 5279 3095 5345 τοὺς
3144 5276 3399 5347 χιτῶνας,
3454 5274 3550 5327 καὶ
3598 5270 3898 5335 παιζούσας

2328 5380 2441 5443 τοῖς
2468 5377 2648 5431 ποσίν.
2673 5374 2833 5443 Εἰκὸς
2858 5373 2915 5426 δὲ
2940 5368 3261 5443 ἦνοεεσθαι,
3283 5368 3377 5431 καὶ
3396 5365 3554 5419 τούτο
3587 5365 3666 5426 εἰς
3690 5362 3898 5443 κόσμον

2331 5468 2602 5523 συντελεῖν
2633 5468 2857 5528 αὐταῖν
2898 5461 3155 5533 πορνικὸν
3203 5459 3263 5519 δὲ
3300 5458 3365 5517 τὸ
3393 5456 3754 5527 ἐπιτήδευμα,
3802 5452 3901 5506 καὶ

2331 5558 2611 5631 βδελυρίας
2640 5555 2911 5621 ἀπόδειξις
2939 5552 3038 5623 τῆς
3083 5550 3336 5621 ἐσχάτης.
3375 5549 3553 5600 Ὅπου
3589 5545 3699 5615 γὰρ
3734 5544 3764 5596 ὀ
3787 5542 3899 5597 τῶν

2330 5632 2513 5704 ποδῶν
2571 5646 2774 5709 κτύπος
2824 5642 3127 5715 εὐρύθμοις
3182 5641 3389 5712 ᾄσμασι
3454 5638 3712 5707 συνηχεῖ,
3782 5635 3899 5685 ὲκεῑ

2324 5756 2424 5793 που
2474 5736 2696 5798 πάντως
2754 5732 2844 5786 καὶ
2910 5730 3069 5793 αὐτὸς
3124 5731 3153 5783 ὀ
3199 5728 3286 5784 διὰ
3344 5724 3542 5799 χειρῶν
3591 5724 3900 5781 ἀνακτυπεῖ
