4178 6546
563 941 592 992 Ἰ

626 409 735 467 ηδ
1648 400 1711 457 S.
1754 398 2027 456 CYllILLl
2064 396 2239 453 ALEX

2338 395 2534 451 [DBINI
2575 395 2893 451 ARCHIEP.
3807 391 3945 447 lu

628 537 796 579 nares
821 530 961 586 tuas,
995 528 1053 575 et
1078 519 1319 589 globulos
1346 520 1414 574 ad
1454 532 1614 573 att-res
1649 525 1789 577 tuas.
1827 526 1884 571 et
1933 531 2190 571 coronam
2222 528 2239 578 Α

2338 513 2502 567 πλυνα
2530 512 2590 564 τὸ
2617 506 2754 582 αἷμα
2775 509 2881 565 ἀπὸ
2909 510 3022 573 σοῦ,
3052 511 3143 563 καὶ
3162 507 3355 580 ἔχρισά
3380 521 3440 561 σε
3475 507 3535 561 ὲν
3556 506 3728 577 ἐλαίῳ
3756 514 3780 537 ⁵
3821 502 3945 560 καὶ

630 614 963 686 gloriationis
1022 612 1075 667 in
1115 621 1279 683 caput
1333 620 1503 663 tuum.
1562 608 1832 663 Exornavi
1889 618 1940 662 te
1974 622 2110 661 auro
2149 615 2204 662 et

2338 603 2530 657 νέδυσά
2565 619 2623 655 σε
2666 601 2907 659 ποικίλα.
2961 602 3055 655 καὶ
3100 600 3341 654 ὑπέδυσά
3370 615 3429 652 σε
3457 596 3744 662 ὐάκινθον,
3823 598 3945 649 καὶ

629 713 891 775 argento:
922 711 977 759 et
1015 705 1247 758 amictus
1279 702 1355 756 tui
1389 699 1622 772 hyssini,
1667 708 1722 753 et
1770 699 1953 753 serica
1990 698 2201 753 tenuis-

2338 694 2490 759 ξιοσά
2510 710 2570 747 σε
2610 693 2793 764 βύσσῳ
2812 710 2827 724 ·
2865 694 2955 747 καὶ
2984 691 3305 762 περιέϐαλόν
3332 707 3391 743 σε
3425 690 3717 759 τριχάπτῳ
3738 706 3774 721 τ·
3820 689 3941 741 καὶ

625 795 764 849 sima
814 800 870 847 et
910 807 1007 849 acu
1038 792 1182 862 picta
1208 791 1276 844 ”.
1309 809 1329 843 ι
1353 789 1585 846 Proinde
1631 789 1796 845 vario-
1833 796 2026 844 ornatu
2060 787 2205 844 Deus

2338 784 2590 857 κόσμησά
2621 801 2680 838 σε
2716 784 2928 854 κόσμῳ,
2957 784 3052 837 καὶ
3077 782 3380 852 περιέθηκα
3407 780 3778 850 ψέλλιαιπερι
3813 777 3942 839 τὰς

628 882 858 953 perpolit
901 882 1140 938 animam
1188 896 1310 950 quae
1350 897 1472 936 cum
1527 881 1647 951 ipso
1692 881 1990 937 domestica
2048 880 2203 952 quasi

2338 879 2493 950 arpi;
2526 894 2641 941 σου,
2674 878 2767 931 καὶ
2800 876 3014 946 κάθεμα
3046 874 3175 946 περὶ
3199 874 3294 928 τὸν
3321 872 3599 944 τράχηλόν
3625 888 3756 925 σου.
3798 870 3939 922 Καὶ

626 974 1007 1043 conjunctione
1039 972 1292 1041 capulata
1320 981 1422 1036 est.
1464 981 1519 1027 et
1553 986 1733 1028 rerum
1764 972 2206 1044 praeclarissima-

2338 971 2483 1024 δωκα
2510 968 2729 1023 ἐνώτιον
2760 969 2888 1039 περὶ
2911 968 3007 1021 τὸν
3027 966 3281 1038 μυκτῆρά
3304 982 3421 1027 σου,
3442 963 3537 1018 καὶ
3559 961 3936 1034 τροχίσκους

629 1082 748 1122 rum
801 1064 1138 1121 ornamentis
1183 1073 1412 1119 coronat
1463 1062 1843 1117 multifariam.
1896 1062 1997 1130 Qui
2048 1076 2202 1118 suam

2338 1059 2435 1131 περὶ
2480 1058 2549 1114 τά
2585 1053 2703 1114 ὧτά
2754 1075 2887 1114 σου)
2927 1059 3020 1113 καὶ
3070 1057 3331 1127 στέφανον
3372 1056 3709 1125 καυχήσεως.
3768 1049 3933 1121 περὶ

628 1153 871 1223 ipsorum
913 1152 1079 1208 vitam
1139 1151 1407 1222 inculpate
1447 1151 1766 1218 instituunt,
1810 1160 1865 1207 et
1904 1159 2091 1207 sancte
2141 1166 2206 1206 ac

2340 1152 2405 1224 ὴν
2466 1151 2711 1222 κεφαλήν
2754 1168 2872 1206 σου.
2907 1151 3017 1204 Καὶ
3053 1148 3336 1219 ἐκόσμησά
3373 1163 3435 1200 σε
3469 1146 3656 1215 κόσμῳ
3694 1141 3934 1214 χρυσῷ

631 1247 841 1314 integre
880 1247 1184 1307 versantur,
1233 1242 1423 1298 horum
1460 1243 1809 1314 intelligibilis
1859 1241 2206 1314 pulchritudo

2338 1246 2401 1301 ιαὶ
2428 1244 2687 1318 ἀργυρῷ⁹
2737 1243 2831 1298 καὶ
2860 1243 2933 1297 τά
2976 1240 3298 1315 περιϐόλαιά
3344 1255 3455 1292 eoo-
3487 1235 3746 1307 βύσσινα,
3814 1232 3932 1287 καὶ

634 1334 807 1403 major
862 1333 922 1387 iit
981 1344 1035 1387 et
1076 1333 1423 1400 cumulatior,
1461 1343 1515 1389 et
1558 1333 1880 1389 inconcussa
1939 1333 2202 1404 persistit.

2342 1339 2597 1411 ρίχαπτα,
2643 1338 2736 1391 καί¹
2766 1328 3002 1390 ποικίλα.
3023 1352 3042 1386 ι
3082 1328 3293 1386 Οὐκοῦν
3314 1328 3540 1399 ποικίλῳ
3570 1327 3671 1398 μὲν
3693 1324 3932 1395 κόσμῳ

633 1424 737 1493 Qui
778 1435 956 1480 autem
989 1424 1145 1481 facile
1184 1433 1239 1480 et
1263 1424 1575 1495 procliviter
1606 1424 1673 1480 ad
1699 1440 1764 1480 ea
1795 1440 1915 1495 qua:
1950 1424 2204 1482 indecora

2338 1425 2896 1500 ,αταφαιδρύνειιθεδς
2926 1424 3025 1496 τὴν
3057 1420 3578 1497 προσοικειουμὲνην
3605 1416 3769 1488 αὐτῷ
3802 1415 3929 1486 ψδ-

632 1527 759 1574 sunt
794 1512 1182 1589 prolabuntur,
1218 1526 1272 1573 et
1311 1513 1501 1573 leviter
1544 1516 1610 1573 ad
1650 1513 1911 1589 ﬂagitiosa
1964 1518 2205 1573 facinora

2338 1518 2429 1591 ὴν,
2479 1521 2574 1574 καὶ
2627 1518 2736 1582 τοῖς
2793 1512 2862 1583 ἐξ
2899 1515 3106 1589 ἀρετῶν
3162 1514 3474 1586 αὐχήμασιν
3530 1506 3929 1579 πολυτρόπως

635 1608 945 1676 declinant,
988 1603 1073 1664 his
1118 1607 1324 1664 accidet
1378 1618 1434 1662 ut
1489 1608 1740 1665 omnibus
1781 1609 2003 1665 omnino
2049 1609 2209 1665 bonis

2338 1613 2593 1680 τεφανοῖ..
2642 1609 2804 1663 Ἀλλὰ
2840 1611 2952 1672 τοῖς
3016 1609 3115 1678 μὲν
3154 1604 3479 1669 διασώζουσι
3525 1601 3625 1671 τὴν
3677 1595 3929 1652 ἑαυτῶν

636 1708 926 1767 cxuantur,
957 1708 1012 1755 et
1062 1698 1147 1754 his
1186 1700 1348 1753 etiam
1374 1714 1494 1769 qua:
1533 1700 1657 1754 data
1705 1708 1832 1755 sunt
1879 1699 2209 1766 olim,careo

2338 1702 2583 1757 πολιτείαν
2632 1699 2953 1773 ἀμώμητον,
2986 1699 3080 1753 καὶ
3124 1695 3457 1751 διατελοῦσιν
3492 1693 3551 1747 ὲν
3605 1687 3925 1759 ἁγιασμῷ,

636 1790 789 1847 bunt.
829 1782 961 1843 Nam
1001 1791 1053 1843 in
1082 1788 1251 1845 malos
1283 1799 1337 1844 et
1362 1790 1604 1860 impuros
1639 1800 1917 1849 amatores
1944 1792 2203 1855 incident,

2338 1793 2379 1848 ’ἀ
2407 1794 2506 1864 τῆς
2537 1791 2833 1863 εὐκοσμίας
2887 1784 2988 1860 τῆς
3026 1788 3222 1859 νοητῆς
3272 1789 3330 1840 ὲν
3388 1784 3690 1839 ὲπιδόσεσιν
3739 1782 3926 1834 ἔσται

637 1883 690 1936 in
724 1882 990 1951 principes
1015 1882 1193 1937 saculi
1216 1881 1400 1951 hujus,
1420 1882 1471 1936 in
1499 1891 1741 1939 rectores
1763 1884 2127 1947 tenebrarum,
2152 1884 2205 1939 in
2236 1937 2239 1946 η

2338 1885 2541 1949 ιείζοσι,
2574 1884 2668 1938 καὶ
2690 1880 3002 1955 ἀκράδαντα
3032 1880 3297 1951 διαμενεῖ.
3328 1878 3453 1940 Τοῖς
3475 1893 3539 1945 γε
3565 1874 3672 1945 μὴν
3705 1870 3891 1926 διαπί

636 1964 935 2041 spiritualia
986 1972 1271 2041 nequitia},
1317 1972 1407 2041 qui
1458 1972 1668 2027 animas
1716 1972 1913 2028 virtute
1968 1972 2213 2029 excultas

2338 1994 2537 2030 ιτουσιν
2568 1977 2654 2046 ἐφ’
2682 1971 2718 2029 ἃ
2745 1975 2833 2046 μὴ,
2858 1966 3138 2045 προσῆκεν
3178 1970 3428 2039 ἑτοίμως,
3467 1967 3561 2021 καὶ
3592 1962 3927 2019 ἀπονεύου-

637 2062 872 2118 maxime
898 2072 1117 2131 captant
1152 2072 1206 2117 et
1237 2074 1519 2118 venantur.
1554 2059 1739 2120 Ludus
1789 2064 1931 2119 enim
1991 2076 2075 2119 est
2110 2065 2212 2121 illis

2338 2081 2396 2121 τιν
2432 2066 2683 2138 ἐλαφρῶς
2713 2068 2793 2130 είς
2816 2064 2886 2119 τὰ
2923 2063 3025 2133 τῆς
3052 2061 3384 2132 φαυλότητος
3416 2058 3574 2129 ἔργα,
3612 2054 3922 2125 συμϐήσε-

637 2162 691 2209 et
736 2154 939 2209 delicia:
998 2154 1348 2223 pessumdare
1393 2169 1524 2219 eas,
1576 2170 1683 2209 non
1726 2156 1903 2212 minus
1966 2158 2212 2223 profecto

2338 2177 2401 2212 at
2422 2158 2639 2221 πάντως
2667 2159 2725 2210 ὲν
2753 2155 2992 2226 ἀποϐολῇ
3018 2153 3269 2224 γενέσθαι
3301 2150 3501 2211 παντὸς
3533 2146 3772 2216 ἀγαθοῦ,
3817 2144 3927 2199 καὶ

637 2261 800 2316 quam
829 2259 1064 2313 aucupes
1093 2258 1204 2299 rem
1233 2246 1446 2315 diguatn
1468 2257 1524 2301 ct
1545 2249 1819 2319 egregiam
1850 2257 2061 2316 putant,
2088 2265 2208 2319 pas-

637 2352 787 2393 seres
829 2336 1056 2392 eximios
1103 2349 1317 2407 capere.
1375 2335 1757 2409 Scriptumque
1804 2348 1890 2395 est
1934 2339 2100 2396 etiam
2148 2342 2215 2397 de

639 2431 840 2487 Satana
870 2424 1054 2485 :Esca:
1084 2431 1201 2499 ejus
1229 2430 1557 2487 selectiores.
1581 2430 1760 2499 Quare
1788 2442 2211 2490 consentaneum

638 2528 724 2575 cst
760 2531 817 2573 ut
867 2534 966 2574 nos
1012 2519 1327 2587 vigilemus,
1365 2528 1421 2574 et
1468 2522 1709 2578 masculo
1751 2537 1815 2577 ac
1859 2519 1996 2578 virili
2037 2525 2218 2579 animo

640 2607 833 2677 simus,
888 2605 980 2665 Dei
1044 2608 1305 2665 bertciicio
1351 2615 1407 2666 et
1461 2623 1584 2681 ope,
1619 2627 1682 2667 ac
1729 2625 1997 2669 memores
2048 2615 2220 2671 simus

641 2696 780 2752 beati
831 2694 981 2751 Pauli
1021 2696 1252 2752 dicentis
1284 2711 1305 2753 ξ
1335 2716 1353 2749 ι
1385 2699 1564 2766 Quare
1598 2699 1690 2769 qui
1741 2715 1887 2757 stare
1918 2695 2020 2772 71
2067 2704 2216 2758 vide-

642 2799 752 2855 tur,
782 2788 959 2843 videat
991 2805 1058 2843 ne
1107 2790 1265 2844 cadat
1293 2784 1361 2844 ".
1424 2810 1442 2843 ι
1499 2792 1581 2848 Ad
1621 2793 1734 2848 haec
1783 2799 2104 2850 accedentes
2149 2797 2216 2850 ad

642 2876 835 2947 Deum,
866 2880 954 2948 qui
997 2875 1178 2935 omnia
1227 2888 1445 2951 potest,
1488 2884 1540 2937 in
1575 2886 1829 2954 prec-ibus
1879 2886 2161 2943 dicendum
2199 2906 2214 2942 :

648 2982 667 3018 ι
717 2968 960 3036 Domine,
999 2971 1051 3024 in
1090 2972 1364 3028 voluntate
1397 2977 1485 3028 tua
1522 2980 1716 3045 praesta
1749 2972 1932 3033 decori
1968 2992 2087 3033 meo
2109 2980 2221 3034 vir-

644 3065 809 3113 tutcnt
842 3060 908 3113 ".
942 3077 961 3111 ι

2310 2251 2418 2304 τῶν
2445 2251 2611 2305 πάλαι
2636 2248 3025 2321 δεδωρημένων
3057 2246 3280 2315 νοσῆσαι
3318 2244 3415 2314 τὴν
3452 2238 3706 2313 ἐρημίαν.
3732 2238 3923 2308 Περιο

2320 2344 2564 2395 πεσεῖται
2592 2340 2701 2411 γὰρ
2745 2336 3000 2410 πονηροῖς
3046 2354 3105 2389 τε
3135 2336 3230 2389 καὶ
3258 2332 3584 2402 ἀκαθάρτοις
3616 2328 3921 2400 ἐρασταῖς,

2318 2437 2431 2497 τοῖς
2460 2432 2685 2503 ἄρχουσι
2714 2423 2807 2484 τοῦ
2840 2431 3037 2492 αίώνος
3068 2426 3279 2486 τούτου,
3333 2424 3427 2478 καὶ
3454 2424 3566 2485 τοῖς
3595 2418 3923 2488 κοσμοκράο

2319 2540 2475 2594 τορσι
2522 2520 2617 2575 τοῦ
2676 2520 2901 2584 σκότους
2948 2519 3159 2578 τούτου,
3212 2515 3324 2578 τοῖς
3373 2512 3767 2582 πνευματικοῖς
3812 2504 3924 2575 τῆς

2322 2618 2607 2689 πονηρίας,
2647 2615 2697 2668 οἳ
2727 2614 2791 2685 δὴ
2821 2613 3055 2685 μάλιστα
3102 2610 3200 2673 τὰς
3233 2608 3518 2679 ἐναρέτους
3563 2601 3779 2672 Θηρώσι
3812 2599 3922 2689 ψυ-

2320 2686 2663 2779 χάςξτρυφὴ
2692 2704 2801 2777 γὰρ
2829 2705 3011 2767 αὐτοῖς
3036 2700 3097 2755 τὸ
3115 2698 3511 2770 καταστρέφειν
3539 2692 3727 2756 αὐτάς.
3756 2686 3925 2744 Κασ-

2323 2799 2467 2871 ἀπερ
2505 2798 2695 2868 ἀμέλει
2740 2799 2833 2851 καὶ
2862 2798 2977 2859 τοῖς
3025 2793 3133 2847 τῶν
3169 2791 3385 2863 πτηνῶν
3412 2786 3723 2860 θηρευταῖς.
3757 2780 3924 2847 ἀξιόι

2322 2886 2526 2961 ληπτον
2558 2887 2698 2944 εἶναί
2745 2907 2798 2943 τι
2830 2889 2893 2943 τὸ
2944 2890 3134 2959 χρῆμα
3174 2885 3322 2938 δοκεῖ
3362 2882 3433 2935 τὰ
3470 2881 3577 2933 τῶν
3607 2877 3926 2950 στρουθίων

2325 2983 2813 3055 περικαλλέστερα.
2852 2981 3169 3051 Γέγραπται
3220 2976 3280 3029 δέ
3332 2988 3441 3028 που·
3489 2972 3585 3027 καῖ
3634 2970 3775 3041 περὶ’
3810 2966 3923 3047 ,τοῦ

2326 3067 2563 3139 Σατανᾶ,
2621 3076 2702 3128 ὅτι
2745 3073 2810 3126 τὰ
2861 3072 3127 3143 βρώματα
3178 3063 3342 3121 αὐτοῦ
3391 3062 3643 3118 ὲκλεκτά.
3698 3057 3927 3114 Οὐκοῦν

644 3151 932 3204 ἀκόλουθον
987 3148 1132 3221 ἡμᾶς
1188 3147 1545 3236 ἐγρηγορᾶναι
1592 3170 1650 3206 τε
1704 3155 1798 3207 καὶ
1841 3150 2184 3229 ἀνδρίζεσθαι
2247 3164 2385 3234 μετά
2411 3165 2567 3233 Θεοῦ,
2596 3168 2691 3219 καὶ
2764 3163 3159 3235 διαμεμνῆσθαι
3185 3160 3435 3227 λέγοντος
3505 3155 3602 3208 τοῦ
3633 3153 3923 3225 μακαρίου

645 3242 881 3305 Παύλου,
939 3239 1099 3294 ὥστε·
1167 3259 1184 3292 ι
1213 3242 1273 3294 ὐ
1328 3241 1501 3295 δοκῶν
1550 3243 1787 3309 ἑστάναι,
1839 3246 2084 3317 βλεπέτω
2143 3251 2219 3322 μὴ
2258 3254 2420 3327 πέσῃ.
2444 3276 2462 3309 ι
2492 3259 2583 3312 Δεῖ
2610 3256 2665 3310 δὲ
2729 3256 2794 3327 δὴ
2830 3254 2964 3326 πρὸς
2986 3252 3160 3322 τούτῳ
3189 3249 3308 3321 Θεῷ
3333 3248 3411 3319 τῷ
3436 3248 3613 3301 πάντα
3676 3239 3926 3315 ίιςχτύοντι

646 3335 967 3407 προσιόντας
1029 3334 1207 3403 λέγειν
1246 3335 1303 3387 ὲν
1354 3337 1683 3404 προσευχαῖς
1706 3351 1719 3363 '
1775 3354 1793 3387 ι
1828 3337 2023 3410 Κύριε,
2081 3342 2141 3396 ὲν
2197 3346 2276 3418 τῷ
2317 3347 2580 3421 θελήματί
2616 3367 2710 3403 σου
2741 3347 3013 3419 παρέσχου
3036 3344 3115 3415 τῷ
3141 3342 3328 3396 κάλλει
3360 3338 3607 3409 δύναμιν.
3639 3356 3656 3389 t

720 3423 882 3480 Vens.
932 3424 1123 3480 24-26.
1163 3422 1231 3479 Et
1268 3425 1366 3479 erit
1416 3442 1510 3492 pro
1540 3427 1693 3480 suavi
1734 3430 1891 3485 odore
1927 3432 2130 3501 pulvis,
2174 3446 2224 3490 et

2399 3441 2506 3495 Kal
2538 3442 2707 3495 ἔσται
2744 3438 2875 3494 ἀντὶ
2921 3434 3122 3505 ὀσμῆς
3160 3432 3368 3503 ἡδείας
3414 3429 3724 3499 κονιορτός
3747 3446 3763 3461 ·
3824 3424 3926 3481 καί

649 3528 744 3586 pro
794 3518 1006 3586 cingulo
1062 3517 1286 3586 cingert's
1332 3516 1609 3584 funiculo,
1674 3524 1724 3573 et
1776 3537 1870 3589 pro
1922 3532 2228 3582 ornamento

649 3608 833 3675 capitis
864 3623 1054 3670 aureo,
1089 3605 1362 3659 calvitium
1394 3603 1609 3663 habebis
1652 3618 1864 3676 propter
1895 3626 2052 3679 opera
2083 3621 2175 3666 tua
2210 3624 2229 3667 :

649 3710 696 3751 et
724 3715 817 3767 pro
847 3700 1026 3751 tunica
1069 3697 1289 3751 claram:
1322 3712 1575 3767 purpurm
1616 3700 1854 3757 accincta
1897 3703 2002 3755 eris
2053 3719 2229 3757 sacco.

653 3785 723 3841 Et
756 3789 900 3856 [ilius
933 3801 1053 3843 tuus
1103 3782 1505 3857 pulcherrimus,
1540 3806 1690 3859 quem
1742 3802 1801 3846 tu
1848 3811 2019 3860 amas,
2055 3796 2232 3866 gladio

652 3882 905 3935 concidet.
944 3881 1011 3935 Et
1048 3891 1387 3951 praepotentes
1416 3884 1576 3937 vestri
1606 3883 1787 3954 gladio
1805 3886 2018 3952 cadent,
2055 3899 2102 3942 et
2131 3888 2233 3941 Itu-

653 3968 803 4024 miles
841 3968 1144 4021 reddentur.
1186 3963 1478 4021 Plorabttnt
1522 3984 1694 4037 capue
1743 3970 1925 4024 mundi
1970 3971 2148 4037 vestri,
2186 3981 2233 4025 et

655 4059 1031 4129 derelinqueris
1057 4059 1191 4127 sola,
1225 4070 1275 4114 ct
1308 4060 1377 4115 ad
1402 4071 1598 4115 terram
1632 4059 1893 4115 allideris.

728 4341 845 4400 Non
878 4343 975 4399 abs
1008 4360 1066 4400 re
1094 4345 1200 4413 hic,
1232 4354 1287 4400 ut
1317 4346 1487 4403 videri
1516 4354 1695 4417 potest
1736 4342 2031 4414 nonnullis,
2066 4347 2239 4405 subti-

658 4433 783 4492 liter
811 4436 992 4492 omnia
1050 4437 1115 4492 ad
1166 4438 1344 4491 vivum
1378 4446 1577 4493 tractat
1621 4452 1802 4491 sermo
1854 4438 2235 4510 prOpheticus;

660 4529 753 4584 sed
787 4526 914 4585 dum
958 4530 1166 4601 singula
1214 4531 1265 4583 in
1326 4529 1473 4585 hisce
1518 4531 1822 4588 deiicatulis
1858 4541 1914 4588 et
1968 4533 2241 4605 voluptate

660 4615 1028 4677 diiiluentibus
1055 4621 1269 4676 fetuinis
1300 4629 1489 4677 exacte
1526 4624 1890 4693 persequitur,
1933 4633 2043 4679 tum
2078 4640 2242 4680 orna-

664 4724 753 4767 tus
777 4714 1007 4784 species,
1042 4723 1153 4768 tum
1196 4713 1340 4784 ipsas
1369 4712 1630 4784 pristinas
1660 4714 1882 4770 delicias
1926 4726 1991 4770 ac
2031 4715 2239 4770 luxum.

2336 3525 2469 3587 ἀντὶ
2502 3529 2704 3598 ζώνης,
2736 3519 2985 3601 (fxo-trigo
3028 3522 3203 3595 ζώσῃ,
3236 3526 3332 3579 καὶ
3361 3522 3497 3578 ἀντὶ
3528 3521 3635 3576 τοῦ
3680 3522 3927 3590 κόσμου

2338 3623 2447 3693 τῆς
2478 3614 2751 3692 κεφαλῆς
2798 3621 2906 3675 τοῦ
2941 3619 3198 3690 χρυσίου
3236 3615 3606 3686 φαλάκρωμα
3634 3612 3799 3680 ἔξεις
3828 3608 3929 3664 διὰ

2338 3713 2409 3769 τὰ
2435 3714 2577 3783 ἔργα
2605 3723 2721 3767 σου
2747 3729 2760 3743 ο
2802 3711 2904 3765 καί
2930 3711 3064 3766 ἀντὶ
3090 3710 3197 3764 τοῦ
3227 3706 3475 3778 χιτῶνος
3497 3705 3603 3760 τοῦ
3627 3719 3927 3775 μεσοπορ·

2339 3806 2554 3875 μύρου,
2585 3797 2874 3872 περιζώσῃ
2903 3801 3155 3856 σάκκον.
3190 3800 3299 3855 Kal
3342 3802 3375 3853 ὁ
3407 3799 3536 3863 υἱός
3566 3812 3682 3850 σου
3713 3799 3746 3849 d
3779 3795 3927 3849 κάλ’·

2338 3898 2571 3961 λιστος,
2606 3893 2680 3947 δν
2704 3892 2785 3947 σὺ
2817 3891 3077 3963 ἀγαπᾷς,
3107 3891 3373 3961 gaza/pa
3397 3887 3684 3943 πεσεῖται.
3711 3886 3829 3940 Kal
3874 3884 3931 3937 οἱ

2342 3987 2656 4057 ίσχύοντες
2676 3983 3121 4055 ὐμῶνμαχαίρᾳ
3144 3977 3495 4043 πεσοῦνται,
3521 3978 3620 4032 καὶ
3643 3991 3931 4031 ταπεινω-

2343 4079 2652 4143 θήσονται,
2684 4077 2781 4131 καί
2808 4074 3225 4143 πενθήσουσιν
3250 4074 3310 4126 al
3338 4069 3513 4139 θῆκαι
3540 4069 3647 4124 τοῦ
3686 4070 3931 4137 κόσμου

2341 4166 2533 4239 ὑμῶν,
2576 4168 2670 4221 καὶ
2719 4159 3174 4235 καταλειφθήσῃ
3200 4165 3379 4232 μόνη,
3408 4161 3505 4213 καί
3552 4162 3636 4225 είς
3661 4158 3781 4225 τὴν
3814 4151 3932 4228 γῆν

2343 4254 2746 4328 ἐδαφισθήσῃ.

2416 4351 2492 4404 Οὐ
2529 4350 2705 4422 μάτην
2735 4349 2794 4401 ὲν
2822 4346 3033 4409 τούτοις
3067 4342 3230 4399 οίοιτό
3271 4361 3356 4407 τις
3406 4342 3706 4414 ίσχνολογεῖ
3742 4342 3870 4395 λίαν
3904 4337 3931 4389 6

2346 4441 2682 4515 προφητικδς
2710 4440 2841 4509 ἡμῖν
2867 4437 3044 4507 λόγος,
3074 4437 3280 4491 ἕκαστα
3300 4436 3447 4490 δὲτὰ
3473 4434 3591 4499 ταῖς
3613 4435 3932 4506 τρυφώσαις

2346 4532 2470 4587 καθ’
2504 4528 2696 4603 ἡδονὴν
2731 4529 2918 4605 δίεισιν
2943 4528 3187 4600 ἀκριϐῶς
3219 4528 3287 4582 τά
3315 4544 3373 4580 τε
3416 4527 3531 4596 εἴδη
3561 4525 3654 4580 τοῦ
3694 4526 3930 4596 κόσμου,

2348 4624 2443 4678 καὶ
2466 4622 2633 4686 αὐτὰς
2666 4621 2764 4686 τὰς
2812 4620 2980 4675 πάλαι
3023 4621 3255 4694 τρυφάς.
3291 4615 3427 4673 Εἶτα
3464 4622 3546 4673 ὅτι
3587 4616 3933 4690 συμϐήσεται

2349 4715 2526 4785 πάντη
2573 4731 2632 4768 τε
2679 4714 2774 4768 καὶ
2805 4714 3024 4778 πάντως
3064 4713 3254 4768 παθεῖν
3280 4713 3451 4777 αὐτὰς
3480 4713 3579 4784 τὴν
3617 4711 3724 4765 τῶν
3753 4710 3932 4768 οὕτως

662 4804 798 4860 Tum
822 4805 1079 4875 quoniam
1113 4804 1259 4874 ipsas
1297 4805 1576 4875 continget
1609 4804 1696 4861 his
1734 4806 1956 4860 omnino
1993 4806 2237 4874 destitui,

2342 4804 2574 4879 ⁴ἡδίστων
2624 4805 2916 4877 ἀποϐολὴν,
2975 4805 3279 4859 διακεῖσθαι
3342 4803 3595 4873 βούλεται
3647 4798 3931 4873 μονονουχὶ

664 4896 900 4952 morderi
932 4911 1025 4953 eas
1067 4907 1121 4952 et
1155 4896 1385 4952 cruciari
1418 4896 1531 4951 vult
1570 4908 1752 4953 rerum
1793 4899 1930 4953 adeo
1957 4897 2241 4969 iucundis-

666 4990 925 5045 sitnarum
959 4991 1319 5057 ademptione,
1355 4988 1683 5045 mmrorib‘us
1721 5002 1889 5061 prope
1924 4991 2241 5061 conﬁciens,

666 5091 721 5137 et
771 5081 923 5151 quasi
953 5081 1062 5151 jam
1112 5080 1339 5137 aliiictas
1394 5084 1447 5136 in
1499 5081 1818 5136 memoriam
1868 5083 2242 5155 prosperitatis

667 5175 943 5245 eleganter
990 5184 1239 5239 revocat,
1293 5182 1351 5228 ut
1402 5172 1703 5227 futurorum
1741 5175 2145 5248 exspectatione
2189 5187 2247 5231 et

670 5266 971 5322 terroribus
1019 5267 1142 5323 inde
1196 5262 1674 5337 provenientibus,
1736 5264 1845 5322 imo
1895 5267 2248 5324 intolerandis

669 5358 1070 5416 calamitatibus
1106 5357 1364 5430 percellat
1412 5355 1785 5424 vehementer,
1842 5376 1951 5431 quo
1998 5375 2093 5417 eas
2140 5371 2248 5416 tra-

670 5448 830 5505 ducat
849 5450 917 5505 ad
956 5450 1320 5512 honestatem,
1354 5444 1785 5518 persuadeatque
1819 5449 1885 5504 ad
1920 5450 2015 5504 Dei
2050 5449 2246 5519 placita

673 5555 977 5608 recurrere.
1028 5539 1314 5611 Continget
1366 5538 1548 5611 igitur,
1614 5556 1721 5597 non
1776 5540 1986 5611 solum,
2038 5540 2246 5607 inquit,

676 5644 871 5691 ornatu
913 5632 1118 5703 privari
1177 5647 1272 5689 eas
1318 5648 1438 5705 quas
1481 5638 1560 5693 sic
1603 5633 1969 5703 luxuriaruut,
2012 5638 2107 5691 sed
2148 5632 2252 5692 erit

2349 4898 2632 4969 συντήκων
2666 4898 2745 4961 είς
2774 4896 2972 4964 λύπας,
3019 4896 3114 4950 καὶ
3147 4896 3227 4960 είς
3255 4897 3561 4967 ἀνάμνησιν
3605 4892 3705 4965 τῆς
3730 4893 3932 4961 εὐημε-

2350 4991 2472 5062 ρίας
2504 4990 2579 5054 ὡς
2612 4990 2712 5063 ἤδη
2743 4989 3023 5054 παθούσας
3052 4981 3399 5059 ἀνακομίζων
3435 4985 3686 5048 ἀστείως,
3735 4984 3823 5036 ἵνα
3866 4980 3929 5047 τῇ

2348 5082 2456 5137 τῶν
2488 5082 2761 5153 ἐσομένων
2786 5081 3101 5154 προσδοκίᾳ,
3132 5080 3226 5133 καὶ
3251 5082 3361 5143 τοῖς
3405 5074 3654 5132 ἐντεῦθεν
3690 5074 3929 5145 δείμασι,

2354 5175 2554 5249 μᾶλλον
2604 5174 2661 5228 δὲ
2705 5177 2800 5228 καὶ
2848 5176 3142 5246 ἀφορήτοις
3192 5172 3498 5245 συμφοραῖς
3547 5168 3933 5237 καταπτοήσας

2352 5268 2564 5340 γοργῶς
2600 5267 2916 5339 μεταστήσῃ
2964 5265 3099 5336 πρὸς
3148 5262 3467 5334 εὐκοσμίαν,
3524 5259 3617 5312 καὶ
3656 5260 3738 5322 είς
3766 5257 3829 5309 τὸ
3857 5249 3933 5319 τῷ

2353 5360 2471 5431 Θεῷ
2498 5359 2689 5414 δοκοῦν
2717 5354 2988 5431 ἀναπείσῃ
3018 5355 3418 5427 παλινδρομεῖν.
3451 5350 3800 5422 Συμϐήσεται
3826 5340 3931 5398 τοί⁴

2353 5463 2468 5511 νυν,
2504 5446 2687 5517 φησὶν,
2739 5446 2839 5498 οὐκ
2868 5446 2925 5497 ὲν
2959 5444 3096 5518 μόνῃ
3129 5446 3380 5513 στερήσει
3408 5439 3500 5493 τοῦ
3531 5440 3739 5509 κόσμου
3780 5431 3931 5505 γενέ-

2357 5538 2479 5593 σθαι
2508 5536 2607 5601 τὰς
2647 5534 2790 5590 οῦτω
2821 5535 3133 5608 τρυφώσας,
3180 5532 3316 5588 ἀλλά
3355 5531 3466 5602 γὰρ
3499 5531 3593 5584 καὶ
3630 5529 3783 5583 ἔσται
3814 5518 3931 5578 ἀντὶ

2354 5631 2530 5702 ὀσμῆς
2562 5629 2764 5702 ἡδείας,
2820 5629 3113 5701 κονιορτὸς,
3153 5622 3299 5681 τοῦτ’
3324 5623 3494 5694 εστιν,
3549 5621 3670 5678 ἀντὶ
3721 5618 3828 5674 τῶν
3858 5610 3931 5666 στα

750 5793 795 5828 ⁸⁸
825 5791 1019 5849 Ezeclt.
1056 5808 1165 5862 xw,
1199 5794 1351 5852 8-15.
1428 5799 1469 5834 ⁸¹
1508 5797 1679 5858 lCor.
1720 5815 1773 5868 κ,
1818 5796 1895 5851 l2
1980 5796 2023 5827 δ’
2055 5790 2198 5849 Psul.
2241 5806 2389 5857 χλιχ,
2421 5788 2465 5847 θ.
