4178 6498
297 431 403 487 ηις

1420 419 1487 474 ΙΝ
1529 415 1765 480 ISAIAM
1804 417 1932 473 LIB.
1978 416 2018 471 Ι.
2054 412 2265 470 ORAT.
2303 411 2405 466 Ill.-

299 563 412 602 κων
441 545 550 599 τῶν
582 543 1015 614 τεθυμωμένων,
1051 539 1350 610 όδοιπορίαι
1399 539 1606 611 μακραὶ
1651 536 1745 591 καὶ
1774 552 1867 589 κο-

1970 533 2132 586 etiam
2173 530 2281 585 illis
2313 543 2415 597 pro
2451 526 2809 582 ndoramento
2842 521 2995 579 suavi
3039 518 3204 582 ciuis,
3237 517 3288 570 id
3316 523 3420 578 est.
3450 529 3552 586 pro

297 633 619 706 νιορτώδεις,
662 629 1088 701 ἀποφερομένων
1127 627 1308 682 αὐτῶν
1360 630 1441 691 είς
1493 625 1870 698 αἰχμαλωσίαν

295 726 584 797 τρυφεροῖς
622 723 702 776 ἔτι
745 721 894 777 ποσί.
921 720 1037 774 Kal
1067 719 1188 790 οὐχὶ
1230 719 1296 790 δὴ
1326 717 1488 772 τοῦτο
1523 720 1705 788 μόνον,
1734 715 1872 770 ἀλλά

294 817 412 888 γάρ
430 816 526 869 καϊ
551 815 765 869 ἔσονται
793 814 887 868 καὶ
907 815 967 867 ὲν
986 814 1247 884 σχήματι,
1276 812 1369 864 καὶ
1400 813 1458 863 ὲν
1487 811 1616 864 εῖδει
1644 809 1722 881 τῷ
1748 808 1870 863 λίαν

291 906 649 978 ἀτιμωτάτῳ,¹
678 906 755 969 ὼς
781 905 903 970 ἀντὶ
939 902 1117 973 ζώνης
1145 902 1355 974 χρυσῆς
1401 901 1618 972 σχοινίῳ
1649 901 1868 971 περιδε-

283 998 474 1052 δὲσθαι
503 998 670 1068 μόνῳ,
723 997 819 1050 καὶ
858 997 920 1050 ὲν
948 993 1248 1066 γυμνότητι
1293 991 1539 1063 κεφαλῆς
1571 993 1738 1062 ἦγουν
1767 1008 1872 1060 φα-

285 1086 633 1162 λακρὼματιι,
661 1089 840 1144 καίτοι
863 1088 1032 1142 πάλαι
1062 1089 1282 1159 χρυσοῖς
1303 1084 1598 1154 κοσύμόοις
1615 1085 1872 1152 ἀνεσφιγ-

292 1181 478 1252 μένης.
513 1183 756 1253 ’Ἄμφιον
793 1181 851 1234 δὲ
889 1181 1103 1234 δίδωσιν
1155 1180 1363 1244 αὐταῖς,
1389 1178 1419 1231 δ
1451 1179 1569 1240 ταῖς
1593 1174 1872 1246 αίχμαλὼδ-

289 1287 408 1336 ταις
435 1271 664 1344 πρέπον,
684 1270 829 1342 παχύ
851 1287 910 1324 τε
940 1270 1034 1324 καὶ
1055 1269 1292 1335 εὐτελὲς,
1311 1270 1340 1322 ὃ
1354 1269 1446 1323 καὶ
1461 1266 1718 1338 ὀνομάζει
1746 1266 1873 1320 σάκ-

287 1377 404 1424 κον,
451 1361 548 1414 καὶ
573 1361 733 1414 τοῦτο
761 1361 954 1423 αὑταῖς
994 1360 1115 1413 ἀντὶ
1141 1358 1236 1412 τοῦ
1264 1356 1678 1430 μεσοπορφύρου
1707 1355 1874 1428 χιτῶο

287 1471 376 1517 νος
397 1453 492 1506 καὶ
512 1452 801 1524 τρυφερῶν
829 1451 1172 1522 ἐσθημάτων.
1187 1450 1533 1522 Προσεπάγει
1555 1449 1614 1503 δὲ
1636 1448 1871 1511 τούτοις,

285 1542 370 1594 ὅτι
402 1542 511 1594 Καὶ
546 1542 575 1593 ὁ
603 1542 720 1604 υἱός
753 1558 846 1594 σου
873 1543 902 1594 ὁ
934 1539 1240 1602 κάλλιστος,
1268 1539 1328 1594 δν
1350 1539 1589 1609 ἀγαπᾷς,
1629 1538 1874 1610 μαχαίρᾳ

289 1635 558 1686 πεσεῖται.
594 1633 757 1693 Ἔθος
805 1631 915 1701 γάρ
951 1634 1062 1696 τοῖς
1103 1630 1284 1684 ἑλοῦσι
1324 1629 1480 1684 πόλιν
1513 1631 1547 1700 ἢ
1577 1629 1784 1702 χώραν,
1815 1628 1876 1694 ἐξ

290 1724 457 1793 αὐτῆς
487 1723 758 1793 ἁρπάζειν
796 1721 978 1794 θήλεις
1021 1722 1116 1775 καὶ
1161 1721 1376 1774 κόλπων
1416 1721 1643 1792 μητρὸς,
1681 1722 1749 1774 τὰ
1787 1736 1875 1792 μι-

292 1816 404 1885 κρά
450 1833 510 1868 τε
555 1817 646 1869 καὶ
689 1815 970 1868 ὑποτίτθια
1018 1815 1190 1886 βρέφη
1241 1813 1490 1884 φονεύειν
1537 1813 1740 1883 ὠμῶς,
1785 1812 1872 1864 ἵνα

1972 622 2224 680 domibus
2270 618 2513 685 sullitis,
2534 615 2899 688 profectiones
2944 611 3128 669 multae
3175 619 3232 664 et
3295 607 3554 679 pulveru-

1973 713 2170 779 lentae,
2229 727 2352 767 cum
2409 711 2464 766 in
2517 707 2887 774 captivitatem
2939 701 3296 766 abducentur,
3325 695 3554 768 pedibus

1971 806 2151 861 adhuc
2187 803 2388 860 teneris
2428 811 2484 857 et
2508 796 2829 856 delicatulis.
2859 794 2970 850 Nec
3003 793 3058 850 id
3096 792 3290 858 solum,
3319 789 3412 845 sed
3445 791 3557 843 for-

1969 913 2058 954 ma
2112 911 2176 952 ac
2229 894 2414 965 specie
2461 899 2622 947 erunt
2649 901 2811 959 quam
2857 884 3244 954 abiectissima,
3295 893 3356 938 ut
3405 875 3554 937 sons:

1969 1002 2146 1049 aurea:
2181 987 2321 1052 loco,
2351 984 2468 1042 solo
2493 982 2623 1038 fune
2658 977 3139 1046 circumligentur,
3169 975 3554 1045 patienturqne

1972 1080 2274 1136 nuditatem
2301 1075 2526 1148 capitis,
2553 1070 2833 1126 calvitium
2860 1065 3105 1130 scilicet,
3125 1063 3254 1118 licet
3279 1065 3552 1131 quondam

1969 1171 2152 1227 aureis
2175 1145 2498 1240 capillorum
2525 1163 2684 1220 nodis
2712 1160 3021 1218 redimitum
3055 1155 3240 1211 fuerit.
3267 1152 3554 1208 lndumen-
3670 1145 3675 1150 ’

1973 1273 2084 1320 tum
2123 1264 2290 1319 etiam
2343 1261 2438 1316 dat
2488 1257 2596 1313 illis
2647 1255 2868 1325 dignum
2916 1248 3168 1320 captivis,
3205 1259 3450 1300 crassum
3499 1250 3556 1296 et

1971 1354 2104 1421 vile,
2155 1352 2298 1424 quod
2350 1365 2569 1408 saccum
2618 1347 2881 1410 nominat,
2927 1341 3088 1412 idque
3121 1345 3428 1411 purpurata
3459 1347 3553 1387 ve-

1974 1447 2075 1501 stis
2106 1454 2162 1500 et
2183 1444 2316 1501 lauti
2345 1445 2578 1498 amictus
2601 1441 2741 1495 vice.
2778 1433 3069 1505 Subiungit
3097 1441 3293 1502 porro:
3313 1425 3382 1483 Et
3409 1424 3555 1482 Illius

1974 1547 2101 1592 tuus
2124 1535 2554 1605 pulcherrimus,
2582 1544 2744 1601 quem
2783 1536 2840 1582 tu
2875 1525 3077 1596 diligis,
3107 1521 3284 1591 gladio
3312 1524 3550 1605 corruet.

1976 1629 2072 1684 Est
2103 1603 2249 1682 enim
2290 1625 2342 1678 id
2391 1625 2445 1678 in
2491 1636 2641 1676 more
2670 1619 2756 1675 his
2786 1617 2876 1688 qui
2913 1615 3192 1686 regionem
3222 1609 3442 1679 capiunt
3470 1603 3554 1662 vel

1977 1722 2190 1784 urbem,
2227 1715 2484 1788 parvulos
2511 1713 2579 1768 ab
2608 1710 2743 1780 ipsis
2773 1707 3030 1762 uberibus
3055 1713 3110 1759 et
3136 1717 3168 1757 e
3198 1700 3404 1771 gremio
3435 1714 3553 1753 ms-

1975 1815 2105 1880 tris,
2142 1823 2200 1868 et
2252 1810 2354 1867 sub
2389 1805 2694 1864 nutricibus
2737 1803 2888 1857 altos-
2919 1795 3212 1854 iniautulos
3257 1805 3445 1862 rapere
3497 1797 3555 1840 ct

295 1880 558 1968 βαδίζοιεν
596 1900 651 1952 al
684 1899 887 1952 τούτων
920 1880 1156 1970 μητέρες
1179 1880 1738 1969 ού-πεφορτισμέναι,
1777 1896 1869 1949 καὶ

1972 1907 2226 1973 occidere
2262 1899 2575 1964 crudeliter,
2610 1911 2720 1967 quo
2748 1897 2828 1950 ire
2860 1891 3071 1964 possint
3117 1896 3320 1942 matres
3367 1897 3552 1938 eorum

294 1990 369 2062 μὴ
390 1992 454 2061 τῇ
483 1989 586 2042 τῶν
616 1989 824 2060 νηπίων
847 1989 1090 2060 φροντίδι
1118 1988 1569 2060 κατηχθισμέναι.
1600 1985 1808 2042 Οὐκοῦν
1835 1985 1870 2058 ἢ

289 2081 430 2134 κατὰ
460 2079 645 2134 τοῦτον
670 2081 760 2133 τὸν
783 2081 984 2151 τρόπον
1017 2081 1264 2152 μαχαίρᾳ
1295 2080 1579 2134 πεσεῖσθαί
1607 2096 1740 2150 φησι
1778 2077 1872 2132 τὸν

285 2171 568 2239 ἀγαπητὸν
600 2171 791 2234 αὑταῖς
819 2171 952 2237 υίὺν,
989 2171 1021 2242 ἢ
1054 2171 1150 2224 καὶ
1177 2171 1378 2242 ἑτέρως
1411 2171 1740 2241 μαχόμενον,
1775 2169 1870 2223 καὶ

284 2265 351 2334 τῇ
386 2262 495 2316 τῶν
525 2261 803 2334 πολεμίων
838 2263 1111 2318 τεθνεῶτα
1147 2265 1311 2335 χειρί.
1339 2264 1638 2333 Πενθήσειν
1675 2279 1739 2332 γε
1763 2261 1869 2334 μὴν

284 2352 384 2416 τὰς
407 2352 581 2424 θήκας
611 2353 716 2426 ἔφη
742 2354 837 2409 τοῦ
863 2355 1071 2426 κόσμου
1099 2355 1296 2422 αὐτῶν,
1322 2357 1421 2426 οὐχ
1440 2356 1517 2420 ὡς
1537 2354 1651 2410 τῶν
1677 2353 1869 2426 αἰσθη-

284 2443 395 2498 τῶν
429 2443 610 2514 θηκῶν
644 2447 864 2502 πενθεῖν
891 2447 1228 2518 δυναμένων,
1255 2448 1367 2501 ἀλλ’
1385 2447 1462 2512 ὡς
1493 2447 1560 2501 ἂν
1587 2447 1643 2500 εἴ
1665 2464 1750 2511 τις
1775 2446 1867 2499 λέ-

283 2551 374 2604 γοι
426 2535 520 2589 καὶ
568 2532 716 2591 οἷκον
763 2538 978 2593 πενθεῖν
1016 2539 1228 2605 οὐδενὸς
1276 2538 1552 2602 οἰκοῦντος
1599 2539 1656 2592 ὲν
1695 2536 1864 2609 αύτῷ.

285 2625 631 2696 Προσεπάγει
665 2627 724 2682 δὲ
752 2629 963 2692 τούτοις
999 2629 1081 2693 τὸ,
1117 2629 1227 2683 Καὶ
1259 2629 1668 2700 καταλειφθήσῃ
1707 2630 1865 2699 μόνη,

285 2715 381 2768 καὶ
406 2717 487 2779 είς
521 2717 625 2788 γῆν
657 2718 1016 2790 ἑδαφισθήσῃ,
1046 2718 1190 2772 τοῦτ’
1219 2718 1387 2782 ἐστιν,
1425 2718 1522 2790 ἔσῃ
1550 2736 1634 2781 τις
1663 2718 1869 2791 ἐλεεινὴ

284 2809 380 2862 καὶ
401 2809 843 2882 κατερῤιμμένη,
869 2812 964 2864 καὶ
980 2807 1092 2865 οἷον
1117 2813 1196 2874 είς
1217 2811 1322 2882 γῆν
1347 2812 1594 2883 κειμένη.
1621 2811 1869 2877 Τοιοῦτος

283 2901 396 2972 γάρ
440 2919 559 2965 πως
601 2903 630 2954 ό
671 2902 784 2972 βίος
821 2903 929 2958 τῶν
970 2906 1028 2956 ὲν
1059 2902 1408 2975 αίχμαλωσίᾳ
1441 2903 1536 2958 καὶ
1572 2904 1867 2975 ἀθλιότητι,

283 2991 380 3045 καὶ
407 2992 620 3065 σκληρᾷ
648 2995 742 3047 καὶ
770 2995 1030 3068 ἀφορήτῴ
1061 2994 1296 3066 δουλεία.
1329 2993 1620 3066 Πάνδεινον
1645 2990 1739 3048 οὖν
1759 2996 1868 3065 ἀρα

281 3084 347 3138 τὸ
370 3085 745 3156 προσκροῦσαι
773 3085 913 3157 Θεῷ,
947 3086 1042 3141 καὶ
1079 3085 1178 3140 τοῦ
1206 3087 1264 3139 ὲν
1290 3085 1490 3158 ψυχαῖς
1524 3088 1868 3158 καταφρονῆ-

286 3193 377 3232 σαι
404 3178 652 3242 κάλλους.
678 3179 817 3244 Τοὺς
842 3180 1035 3249 γάρτοι
1061 3179 1181 3234 λίαν
1215 3179 1644 3244 ἀπονενευκότας
1678 3179 1772 3233 ἐπὶ
1803 3179 1867 3232 τὸ

286 3268 551 3340 ῥᾴθυμον,
583 3271 782 3331 παντὸς
815 3269 1059 3341 ἐξίστησι
1092 3270 1300 3341 κόσμου
1334 3271 1485 3334 Θεὸς,
1517 3270 1674 3342 δῆλον
1700 3271 1758 3325 δὲ
1782 3272 1866 3325 ὅτι

282 3359 378 3413 τοῦ
419 3359 635 3430 νοητοῦ,
677 3362 772 3414 καὶ
813 3362 1054 3432 γυμνοὺς
1089 3363 1375 3433 ἀποφήνας
1411 3363 1634 3428 ἀπάσης
1661 3364 1865 3435 ἀρετῆς

284 3450 626 3522 παραδίδωσι
647 3453 762 3514 τοῖς
789 3451 1020 3523 ὲχθροτς.
1054 3451 1212 3506 Οὕτω
1237 3452 1416 3523 φαμὲν
1442 3453 1688 3507 δεδόσθαι
1714 3454 1867 3519 τινὰς

284 3543 366 3606 εἰς
399 3542 656 3614 ἀδόκιμον
681 3541 828 3608 νοῦν,
862 3544 960 3597 καὶ
987 3543 1068 3607 είς
1099 3542 1248 3614 πάθη
1273 3544 1516 3615 ἀτιμίας.
1546 3545 1867 3616 Συνέχοντος

287 3633 386 3704 μὲν
428 3634 538 3707 γὰρ
578 3637 726 3706 ἡμᾶς
773 3637 851 3698 είς
889 3635 1046 3704 ἰσχὺν
1085 3635 1184 3708 τὴν
1229 3637 1607 3708 πνευματικὴν
1638 3637 1734 3690 τοῦ
1773 3639 1868 3708 ἐπ).

287 3703 680 3792 πάνταςνθεοῦ,
701 3703 1040 3796 διασώζομεν
1067 3703 1383 3790 ἑννὲαυτοῖς-
1404 3727 1464 3781 τὸ
1489 3703 1744 3799 λαμπρὸν

288 3817 424 3881 ἰδίας
454 3817 667 3887 φύσεως
693 3817 911 3881 κάλλος..
948 3818 1301 3888 Ἀφιστάντος
1317 3819 1375 3874 δὲ
1403 3820 1500 3891 τὴν
1523 3819 1864 3890 ἐπικουρίαν,

284 3910 486 3980 γυμνοὶ
522 3902 587 3982 δὴ
626 3910 841 3975 πάντως
877 3910 1114 3981 ἐσόμεθα
1140 3911 1343 3975 παντὸς
1375 3911 1603 3980 ἀγαθοῦ,
1639 3913 1734 3966 καὶ
1758 3913 1868 3966 τῶν

290 3999 586 4072 ὶξιάρετῆς
622 4001 956 4072 αὐχημάτων
995 4001 1362 4065 ἀποϐαλόντες
1403 4002 1502 4074 τὴν
1534 4001 1870 4075 ὡραιότητα,

287 4095 404 4155 τοῖς
443 4093 544 4163 τῆς
572 4093 792 4163 ἀτιμίας
821 4092 1049 4148 πάθεσιν
1075 4093 1498 4164 ύποκεισόμεθα,
1531 4094 1628 4148 καὶ
1646 4095 1867 4149 δουλεύ-

289 4197 459 4254 σομεν
481 4183 715 4255 ἐχθροῖς.

361 4275 471 4329 Kal
541 4275 946 4345 ἐπιλήψονται
1003 4277 1155 4332 ἑπτὰ
1211 4276 1495 4346 γυναῖκες
1554 4275 1869 4344 ἀνθρώπου

285 4366 446 4433 ἐνὸς,
493 4366 804 4437 λέγουσαι·
839 4368 948 4421 Τὸν
979 4367 1162 4437 ἄρτον
1198 4364 1370 4436 ἡμῶν
1409 4367 1734 4438 φαγόμεθιι,
1769 4367 1869 4422 καί

287 4457 362 4514 τὰ
404 4457 602 4528 ἱμάτια
632 4458 801 4528 ἡμῶν
835 4459 1326 4529 περιϐαλώμεθα.
1374 4457 1544 4527 πλὴν
1577 4457 1646 4512 τὸ
1683 4458 1872 4528 ὄνομα

1970 1972 2078 2052 non
2121 2003 2359 2058 onustae,
2400 2004 2503 2047 nec
2535 1981 2884 2060 parvulorum
2929 1982 3167 2053 pondere
3198 1991 3424 2050 pressa.
3458 1972 3554 2028 Vel

1967 2100 2102 2156 ergo
2135 2085 2217 2140 sic
2254 2081 2430 2153 gladio
2465 2090 2784 2134 occasurum
2819 2072 2897 2128 ait
2933 2070 3192 2127 dilectum
3245 2067 3352 2137 72
3403 2066 3554 2132 ipsa-

1967 2193 2088 2233 rum
2143 2175 2332 2238 lilium,
2365 2171 2454 2226 vel
2485 2169 2651 2226 etiam
2690 2169 2744 2221 in
2786 2164 2972 2235 praelio
3005 2169 3062 2216 et
3111 2158 3350 2215 hostium
3387 2167 3551 2209 manu

1969 2267 2338 2326 interfectum.
2380 2262 2703 2318 Ploraturas
2726 2265 2904 2312 autem
2934 2252 3068 2310 dicit
3097 2249 3307 2306 arculas
3329 2254 3556 2301 ornatus

1967 2362 2236 2433 ipsarum,
2265 2371 2372 2412 non
2415 2354 2571 2424 quasi
2611 2365 2774 2406 sensu
2812 2345 3048 2418 praedita:
3091 2344 3204 2399 sint
3241 2339 3459 2402 arenlze,
3494 2347 3554 2390 nt

1968 2430 2182 2524 plorare
2223 2455 2465 2519 possent,
2500 2443 2596 2500 sed
2625 2441 2848 2512 perinde
2885 2453 2949 2493 ac
2983 2437 3028 2494 si
3055 2435 3253 2491 dixerit
3285 2430 3551 2501 quispiam

1968 2521 2153 2613 lugere
2193 2542 2436 2604 domum,
2472 2551 2594 2591 cum
2629 2547 2790 2589 nemo
2819 2532 2873 2587 in
2917 2545 2984 2586 ea
3013 2526 3243 2584 habitet.
3291 2521 3552 2579 Producit

1970 2641 2041 2698 ad
2077 2642 2191 2697 haec
2219 2647 2276 2696 et
2305 2637 2438 2693 illud
2466 2653 2483 2692 :
2512 2631 2856 2702 Relinqueris
2883 2628 3024 2691 sola,
3065 2634 3122 2678 ct
3170 2623 3224 2677 in
3254 2629 3457 2676 terram
3485 2617 3552 2672 ad

1969 2735 2333 2808 pavimentum
2379 2725 2764 2799 prosterneris,
2817 2721 2870 2775 id
2909 2727 3016 2782 est,
3076 2716 3273 2771 misera
3330 2711 3437 2767 eris
3498 2718 3554 2764 et

1971 2801 2244 2901 proiecta,
2279 2830 2335 2878 et
2363 2821 2511 2876 velut
2537 2816 2688 2874 humi
2727 2812 2940 2882 iacens.
2978 2808 3104 2864 llam
3135 2805 3402 2876 siquidem
3437 2801 3554 2856 fere

1969 2894 2206 2976 estvita
2251 2927 2439 2972 eorum
2483 2907 2576 2979 qui
2618 2903 2952 2974 captivitate,
2995 2901 3088 2970 qui
3139 2894 3418 2959 aerumnis,
3458 2896 3554 2962 qui

1969 3022 2159 3079 aspera
2190 3016 2250 3062 et
2288 2999 2612 3059 intolerabili
2647 2995 2906 3053 servitute
2935 2997 3273 3062 premuntur.
3307 2985 3403 3042 Est
3453 2983 3556 3054 igi-

1967 3075 2056 3156 tur
2092 3096 2505 3170 gravissimum,
2558 3090 2724 3145 Deum
2756 3084 3055 3146 oﬂ‘endere,
3109 3089 3165 3135 et
3213 3077 3378 3133 animi
3433 3075 3555 3146 pul-

1968 3168 2330 3247 chritudinem
2400 3181 2771 3251 parviducere.
2824 3175 2925 3243 Qui
2996 3172 3143 3228 enim
3205 3168 3436 3240 ignaviae
3493 3181 3554 3222 se

1969 3281 2173 3337 dedunt
2201 3286 2258 3333 et
2291 3272 2524 3344 torpori,
2555 3285 2650 3326 eos
2706 3270 2852 3324 Deus
2893 3264 3042 3320 omni
3081 3267 3274 3317 ornatu
3322 3257 3540 3328 spoliat,

1967 3369 2176 3427 scilicet
2201 3367 2398 3422 mentis
2426 3373 2481 3420 et
2506 3362 2838 3423 intellectus,
2872 3372 2936 3412 ac
2968 3355 3115 3412 omni
3141 3354 3342 3409 virtute
3379 3349 3554 3405 nuda-

1967 3472 2054 3519 tos
2096 3459 2264 3516 tradit
2301 3457 2574 3513 hostibus.
2623 3453 2701 3509 Ita
2745 3451 2975 3507 dicimus
3009 3448 3224 3517 aliquos
3268 3445 3322 3500 in
3368 3456 3556 3511 reproo

1973 3553 2100 3606 bam
2145 3563 2384 3603 mentem
2419 3555 2472 3601 et
2519 3543 2954 3615 perturbationes
3003 3536 3392 3609 ignominiosas
3444 3545 3557 3587 tra-

1967 3641 2112 3696 ditos
2183 3653 2324 3694 esse.
2394 3635 2530 3690 Dum
2591 3633 2736 3688 enim
2790 3630 2932 3685 Deus
2997 3627 3088 3697 qni
3149 3641 3313 3695 super
3366 3636 3555 3677 omnes

1967 3733 2109 3786 Deus
2132 3739 2236 3794 est,
2273 3742 2372 3783 nos
2406 3728 2602 3782 robore
2639 3720 3188 3794 spirituali.continet
3229 3726 3282 3772 et
3314 3725 3554 3781 coercet,

1969 3823 2265 3878 retinemus
2319 3819 2373 3872 in
2433 3815 2592 3872 nobis
2657 3811 2998 3884 splendidum
3055 3808 3294 3879 propriae
3350 3818 3555 3862 natura:

1969 3916 2242 3971 decorem.
2274 3909 2370 3965 Sin
2419 3922 2578 3978 opem
2611 3919 2766 3961 suam
2816 3903 3122 3964 subtrahat,
3155 3899 3412 3954 denu-tati
3445 3898 3542 3957 eri-

1970 4023 2092 4064 mus
2119 4006 2370 4062 omnibus
2411 4000 2568 4056 bonis
2615 3998 3016 4062 virtutibusque
3043 4034 3060 4062 ,
3091 4001 3146 4049 et
3183 3993 3390 4061 abjecta
3422 3990 3547 4060 pul-

1969 4097 2309 4160 chritudine,
2340 4093 2499 4150 [mdis
2539 4091 2826 4146 atl'ectibus
2856 4087 3293 4151 succumbemus,
3330 4100 3396 4138 ac
3440 4099 3556 4140 ser-

1969 4189 2184 4244 viemus
2210 4182 2478 4240 hostibus.

2045 4276 2176 4333 Cir.
2210 4275 2297 4330 IV.
2340 4274 2506 4328 Vsus.
2543 4271 2596 4325 ί.
2639 4269 2705 4324 Et
2751 4270 3136 4341 apprehendent
3183 4269 3428 4322 mulieres
3480 4283 3557 4320 se-

1970 4381 2110 4441 ptem
2143 4383 2304 4422 unum
2348 4366 2544 4428 virum,
2587 4363 2812 4418 dicentes
2841 4376 2860 4414 :
2897 4361 3099 4416 Panem
3146 4370 3384 4416 nostrum
3433 4357 3556 4410 ede-

1972 4477 2120 4525 mus,
2178 4467 2228 4512 et
2278 4454 2593 4512 uestimentis
2668 4456 2862 4508 nostris
2937 4454 3262 4522 aperientur;
3321 4460 3557 4504 tantum-

285 4550 357 4604 τὸ
389 4551 506 4605 σὸν
525 4549 842 4617 κεκλήσθω
860 4550 952 4620 ἐφ’
971 4550 1150 4620 ἡμᾶς,
1181 4550 1367 4620 ἄφελε
1391 4550 1496 4605 τὸν
1519 4551 1866 4620 ὀνειδισμὸν

1970 4553 2122 4608 modo
2153 4566 2336 4604 nomen
2373 4558 2522 4600 tuum
2562 4561 2719 4613 super
2751 4562 2843 4599 nos
2879 4556 3114 4609 vocelur,
3153 4543 3310 4611 aufer
3333 4542 3558 4597 dedecus

287 4635 482 4707 mter.

359 4729 703 4800 Διαπεράνας
734 4720 793 4783 εὖ
829 4729 975 4801 μάλα
1015 4721 1108 4784 τδν
1134 4724 1313 4800 λόγον,
1347 4731 1440 4785 ὲπί
1477 4748 1540 4800 γε
1572 4733 1692 4798 ταῖς
1733 4731 1867 4785 Ἴου-ο

287 4817 452 4873 δαίων
481 4819 692 4887 γυναιξὶ
719 4820 838 4882 ταῖς
869 4822 933 4873 ἐκ
960 4819 1172 4890 τρυφῆς
1202 4822 1300 4874 καὶ
1326 4820 1559 4875 πλούτου·
1590 4821 1868 4892 βαδιουμέ-

288 4927 410 4973 ναις
432 4912 512 4973 εἰς
542 4910 936 4982 αἰχμαλωσίαν,
968 4913 1223 4980 πειρᾶται
1245 4913 1528 4980 δεικνύειν,
1563 4915 1645 4967 ὅτι
1674 4913 1866 4967 κέναν-

289 5001 403 5071 δροι
437 5000 536 5070 μὲν
557 5002 614 5054 al
641 5000 744 5071 τῆς
776 5001 1034 5066 Ἰουδαίας
1055 5002 1390 5072 ἀπομενοῦσι
1414 5003 1615 5068 πόλεις,
1651 5002 1866 5056 ἔσονται

287 5092 348 5146 δὲ
401 5092 496 5146 καὶ
540 5094 599 5146 ὲν
651 5092 844 5146 σπάνει
884 5093 1050 5165 πολλῇ
1087 5093 1196 5148 τῶν
1232 5093 1398 5148 πάλαι
1443 5095 1868 5165 μαχιμωτάτων.

293 5183 441 5255 Ἔφη
457 5184 586 5256 γὰρ,
607 5186 690 5238 ὅτι
712 5205 730 5237 ι
754 5186 959 5249 Πάντες
981 5188 1028 5240 oi
1050 5186 1324 5257 ἰσχύοντες
1343 5186 1497 5256 ὑμῶν
1515 5188 1761 5259 μαχαίρᾳ⁴
1776 5203 1872 5240 πε-

285 5275 531 5333 δοῦνται.
547 5297 564 5329 ι
599 5275 733 5330 Ποία
753 5294 838 5340 τις
857 5272 949 5330 οὖν
969 5271 1044 5331 ὧν
1066 5277 1246 5348 ἔφηνή
1263 5277 1457 5344 δεῖξις;
1487 5278 1703 5347 εὐφυῶς
1730 5278 1870 5347 ἄγαν

287 5367 386 5424 καὶ
411 5367 641 5438 ἀστείως
663 5369 1063 5440 ἐσκευασμένη.
1090 5370 1274 5441 Νόμου
1294 5371 1404 5442 γὰρ
1419 5371 1484 5442 δὴ
1513 5371 1608 5425 τοῦ
1629 5371 1719 5426 διὰ
1737 5374 1868 5426 Μω-

293 5457 432 5521 σέως
461 5457 712 5527 λέγοντος
735 5462 849 5523 τοῖς
881 5461 1016 5525 υἱοῖς
1065 5461 1302 5532 Ἰσραὴλ,
1339 5479 1359 5514 ι
1390 5463 1503 5516 Ούκ
1527 5462 1680 5517 ἔσται
1706 5463 1762 5517 ἐν
1786 5481 1867 5518 σοι

291 5548 485 5618 ἄγονος
523 5551 644 5604 οὐδὲ
687 5552 895 5624 στείρα·
929 5572 948 5604 ι
989 5556 1046 5608 ὲν
1092 5554 1340 5625 ἐσχάτοις
1364 5555 1688 5626 ὀνειδισμοῖς
1717 5557 1866 5626 παρά

290 5642 406 5708 τοῖς
443 5641 718 5706 Ἰουδαίοις
740 5642 1016 5712 λελόγιστο
1039 5645 1098 5700 τὸ
1119 5649 1349 5715 γυναῖκα
1377 5647 1452 5720 μὴ
1476 5650 1678 5715 τεκεῖν,
1700 5648 1865 5718 ἤγουν

363 5795 409 5827 ⁸³
437 5795 590 5851 Deut.
620 5811 718 5862 vn,
749 5796 831 5850 H.

1971 4649 2228 4697 nostrum.

2043 4729 2272 4785 Pulchre
2329 4725 2444 4795 jam
2499 4721 2756 4779 conclusa
2816 4720 3066 4776 oratione
3133 4722 3200 4774 de
3247 4717 3557 4775 Judaeorum

1971 4821 2307 4884 mulieribus,
2344 4825 2566 4888 propter
2599 4813 2782 4867 luxum
2811 4821 2866 4866 et
2887 4808 3218 4880 opulentiam
3244 4809 3297 4864 in
3330 4810 3559 4880 captivi-

1971 4922 2140 4968 tatem
2175 4909 2452 4972 venturis,
2503 4904 2799 4961 ostendere
2843 4910 3074 4958 conatur
3151 4900 3352 4957 ludas:
3399 4904 3560 4959 urbes

1975 5005 2108 5060 viris
2139 5003 2304 5058 orbas
2332 5013 2636 5062 mansuras,
2677 4993 2793 5050 fore
2826 4993 2992 5048 etiam
3024 4994 3246 5048 multam
3281 4993 3558 5049 hominum

1975 5095 2246 5166 quondam
2291 5087 2774 5145 bellacissimorum
2826 5085 3083 5152 inopiam.
3134 5083 3270 5140 Nam
3302 5085 3558 5140 dixerat:

1981 5205 2002 5240 ι
2039 5185 2241 5242 Omnes
2289 5179 2644 5252 praevalentes
2691 5178 2833 5232 inter
2862 5191 2958 5232 vos
3003 5177 3182 5248 gladio
3215 5187 3492 5234 corruent.
3536 5194 3557 5228 ι

1973 5283 2044 5336 At
2073 5293 2194 5348 qua:
2238 5277 2454 5331 tandem
2487 5284 2571 5329 est
2604 5273 2798 5330 horum
2828 5285 2946 5340 quae
2973 5271 3086 5326 dixi
3127 5267 3558 5325 demonstratio?

1973 5371 2144 5428 Valde
2163 5379 2490 5440 opportuna,
2521 5377 2576 5425 et
2626 5368 2761 5423 scite
2805 5365 3072 5421 instituta.
3107 5363 3243 5418 Cum
3272 5362 3416 5417 enim
3469 5360 3555 5414 lex

1971 5479 2070 5535 per
2109 5463 2292 5520 Mosen
2322 5462 2469 5519 dicat
2501 5461 2628 5516 ﬁliis
2665 5459 2827 5516 Israel
2857 5476 2872 5514 ι
2901 5476 2923 5512 ι
2962 5455 3079 5512 Non
3112 5455 3219 5510 erit
3254 5453 3309 5508 in
3340 5461 3392 5506 te
3423 5448 3553 5506 orba

1971 5572 2152 5628 neque
2210 5555 2416 5613 sterilis
2455 5552 2524 5618 ",
2559 5571 2582 5606 ι
2617 5551 2856 5607 maximo
2891 5548 3090 5621 probro
3129 5546 3357 5602 dabatur
3411 5536 3550 5628 apud

1973 5627 2188 5706 Iudaeos
2229 5645 2508 5704 mulierem
2542 5658 2647 5699 non
2689 5653 2912 5714 parere,
2957 5638 3043 5695 vel
3097 5637 3150 5692 in
3183 5633 3317 5690 viris
3367 5627 3555 5686 haberi
